3828 6180
238 269 341 338 ηι
1331 267 1700 327 ‹;ΕΝΝΑι)ιι
1743 269 1840 328 cn

1949 267 2396 328 ATRIARCHz‘E
3374 263 3491 324 732

235 388 462 450 πάντες,
490 387 554 438 ἐκ
588 383 687 452 τῆς
715 381 923 436 ἐκείνου
956 381 1142 450 φωνῆς
1176 383 1270 434 καὶ
1301 382 1546 450 γλώττης
1580 384 1814 451 ἕκαστος
1846 392 1889 448 Α
1922 385 2208 454 ἠνώχληκε
2246 382 2514 451 φανερῶς,
2553 381 2630 433 ένί
2666 379 2722 431 δέ
2763 396 2869 431 τινι
2901 380 3008 432 τῶν
3041 381 3378 431 πιστοτάτων
3411 380 3498 442 ὲξο

240 481 422 533 πάντα
450 476 673 537 εἰδότες.
705 472 875 527 ’Λλλά
920 473 1050 542 περὶ
1081 471 1183 540 τῆς
1215 472 1390 543 ἀρχῆς
1436 473 1622 537 δεδιὼς
1654 474 1808 540 ἀδεές
1917 478 2089 537 εἶπεν,
2118 473 2194 536 ὡς
2225 473 2334 540 ἀρα
2374 469 2654 542 ᾝσθόμην
2683 464 2919 536 ἐμαυτοῦ
2957 463 3099 535 μέγα
3121 481 3173 516 τι
3198 467 3296 533 τῆς
3322 481 3503 518 συνεισ-

188 581 195 588 ·
239 586 292 622 τι
319 567 456 628 δέος,
486 566 577 619 καὶ
607 563 702 617 τοῦ
741 563 815 632 μὴ
845 562 999 629 δόξαι
1024 561 1278 625 Λατίνοις
1305 563 1475 633 ἀηδὴς
1502 564 1814 634 λελυμένων
1917 567 2125 636 δήσεως
2153 563 2559 636 ἀπορρίψαντος
2603 561 2792 630 ἄχθος.
2841 559 2988 612 Ἀντί
3018 559 3129 627 γὰρ
3166 557 3275 638 τῶν
3311 557 3506 610 κακῶν

242 660 352 711 τῶν
383 656 566 710 κακῶν
611 655 959 724 ὑποσχέσεων
989 654 1091 722 τὴν
1133 657 1234 722 τῆς
1283 654 1462 724 ψυχῆς
1513 656 1816 723 ἀσφάλειαν
1919 656 2146 710 ἐκείνων
2179 655 2516 724 ὑπογραφῶν
2545 649 2970 720 ἀνθυπογράψαι
2998 647 3076 716 τῷ
3109 647 3209 717 τῆς
3236 647 3502 714 ἀληθείας

241 746 377 811 φεῦί
408 744 758 814 προϊέμενος,
785 744 886 795 οὐκ
917 744 1163 813 ἠνείχετο
1189 743 1430 814 φανερὰν
1452 745 1550 815 τὴν
1575 745 1818 815 ἰατρείαν
1921 750 2154 819 ἐποίησα
2175 748 2409 817 δόγματι
2441 745 2570 808 τοὺς
2605 744 2785 814 ἱεροὺς
2809 741 3036 804 τούτους
3062 739 3286 810 ἀνδρας,
3318 739 3416 792 καὶ
3453 738 3507 790 εί

242 840 342 906 τῆς
370 837 551 906 ψυχῆς
585 835 1008 905 ἐξεργάσασθαι,
1054 836 1146 887 καὶ
1193 835 1363 889 σῶσαι
1408 835 1659 900 πολλοὺς,
1693 837 1820 900 τοὺς
1928 838 2116 909 μηδενὶ
2165 837 2394 908 βελτίονι
2449 837 2547 888 καὶ
2596 832 2932 904 ἰσχυροτέρῳ
2981 830 3169 901 τρόπῳ
3213 828 3508 898 δυνηθείην

247 930 349 984 ὑπὸ
382 933 447 1000 τῇ
483 930 847 1000 προσποιήσει
891 926 987 981 τοῦ
1034 927 1300 995 βασιλέως
1327 929 1469 991 τέως
1511 929 1820 998 ἀπολλυμέ-
1923 929 2024 999 τὴν
2074 928 2289 998 πληγὴν
2335 927 2554 997 ἐκείνην
2609 923 2910 979 ἀκέσασθαι
2955 923 3060 992 τῆς
3098 921 3300 992 ψυχῆς,
3349 919 3511 982 οὗτος

247 1020 596 1090 νονςέΧάρις
622 1019 715 1072 οὖν
741 1019 936 1086 ἐκείνῳ
961 1019 1054 1072 καὶ
1084 1019 1227 1072 οὕτω
1261 1019 1454 1089 πολλὴ,
1483 1020 1566 1073 ὅτι
1608 1020 1700 1073 τὸν
1724 1023 1822 1088 τῆς
1924 1021 2056 1092 γοῦν
2086 1023 2114 1074 ὁ
2143 1020 2342 1090 τρόπος
2380 1019 2457 1088 τῷ
2487 1016 2662 1088 καιρῷ
2716 1015 3028 1086 πρόσφορος
3059 1011 3155 1076 ὢν,
3183 1010 3392 1074 ἱκανὸς.
3419 1005 3502 1064 οῖ-

252 1114 612 1180 συνειδὴσεως
639 1111 859 1179 ἔλεγχον
895 1110 956 1164 οὐ
987 1112 1279 1181 περιεῖδεν,
1309 1113 1384 1174 ὡς
1411 1114 1460 1165 οἰ
1493 1113 1679 1166 πολλοὶ
1717 1113 1825 1167 τῶν
1931 1129 2051 1182 μαι,
2093 1110 2236 1173 δόξει
2268 1112 2334 1180 τῇ
2371 1109 2494 1178 θείᾳ
2534 1107 2941 1177 φιλανθρωπίᾳ.
2983 1102 3167 1156 Πάντα
3215 1103 3314 1170 μὲν
3349 1095 3509 1154 εἶπεν

246 1203 530 1274 ἀρχόντων
562 1203 912 1271 πράττουσιν,
943 1203 1078 1257 ἀλλά
1104 1203 1291 1256 τοῦτον
1320 1205 1426 1273 πρὸ
1450 1205 1632 1276 πάσης
1656 1205 1826 1274 ἀνάγ·
1927 1204 2157 1268 ἐκεῖνος,
2194 1201 2359 1270 μηδὲν
2391 1200 2449 1254 δὲ
2493 1200 2656 1252 πλέον
2711 1197 2992 1266 ὠφελῆσαι
3035 1195 3135 1264 τὴν
3172 1191 3512 1262 Ἐκκλησίαν

240 1309 348 1361 κης
382 1294 772 1362 πεποιημένος,
809 1295 857 1346 εξ
902 1294 996 1346 καὶ
1027 1293 1101 1364 μὴ
1135 1297 1385 1364 φανερῶς
1411 1296 1631 1362 οὑτωσὶ,
1660 1296 1829 1350 καθά·
1931 1294 2238 1365 βουληθεὶς,
2266 1294 2328 1346 ὲν
2385 1292 2524 1363 αὐτῇ
2587 1292 2654 1362 τῇ
2719 1291 3084 1357 προσποιήσει
3142 1285 3238 1338 τοῦ
3294 1286 3514 1338 Δατινι-

247 1403 355 1454 περ
387 1385 496 1454 ἄρα
535 1385 726 1454 ἐχρῆν,
754 1385 847 1437 καὶ
873 1384 948 1447 ῶς
980 1387 1030 1438 οἱ
1057 1385 1157 1454 τῆς
1188 1385 1519 1456 Ἐκκλησίας
1544 1388 1699 1456 νόμοι
1734 1403 1831 1438 κε·
1933 1384 2070 1453 σμοῦ
2105 1384 2205 1455 τὴν
2263 1383 2437 1452 ἀρχὴν
2486 1381 2626 1451 ὁμοῦ
2677 1381 2772 1433 καὶ
2804 1377 2915 1449 ’τὴν
2968 1377 3114 1446 ζωὴν
3149 1375 3513 1429 ἀπεϐάλλετο.

248 1475 520 1539 λεύουσιν,
556 1474 695 1529 ἀλλά
737 1473 962 1544 τρόποις
1005 1474 1186 1537 ἄλλοις
1224 1475 1432 1530 ἐδείκνυ
1460 1475 1571 1529 ’τὸν
1601 1477 1691 1528 ἐπὶ
1719 1478 1832 1538 τοῖς
1887 1505 1893 1510 -
1932 1478 2042 1530 Καὶ
2085 1477 2194 1528 τῶν
2241 1475 2342 1543 μὲν
2388 1475 2487 1542 τῆς
2529 1471 2856 1542 Ἐκκλησίας
2893 1471 3070 1538 τιμῶν
3114 1467 3384 1537 ἐστερήθη
3431 1467 3515 1520 δι-

251 1567 667 1636 πεπραγμένοις
723 1566 1046 1634 ἀχθόμενον,
1104 1572 1200 1620 καὶ
1260 1567 1428 1635 μηδὲν
1479 1567 1665 1627 αὐτοῖς
1713 1582 1835 1620 συν-
1933 1567 2126 1630 καίως,
2156 1560 2225 1637 ἧς
2251 1565 2311 1618 ού
2341 1563 2616 1635 προῦργου
2661 1563 3058 1632 πεφρόντικεν·
3105 1561 3155 1612 εἰ
3196 1558 3242 1611 δ’
3275 1559 3430 1611 ἔσται
3459 1575 3514 1610 τι

249 1658 532 1726 εγνωκότα
565 1657 826 1729 χρηστὸν,
855 1657 1131 1727 παρίεμεν
1183 1659 1276 1711 καὶ
1305 1658 1440 1712 ἄλλα
1471 1657 1572 1728 τῆς
1620 1658 1831 1711 ἐκείνου
1935 1659 2100 1713 πλέον
2128 1657 2276 1727 αὐτῷ
2327 1657 2479 1728 παρά
2511 1655 2612 1726 τῆς
2646 1654 2797 1716 θείας
2839 1652 3254 1723 φιλανθρωπίας
3283 1650 3372 1703 διὰ.
3412 1649 3517 1718 τὴν

257 1748 624 1818 μεταμελείας
648 1746 946 1817 τεκμήρια.
991 1747 1155 1802 Ἀλλὰ
1187 1746 1509 1816 βουλόμενος
1543 1748 1603 1802 τὸ
1629 1749 1830 1818 πτῶμα
1865 1731 1907 1791 Β
1936 1751 2074 1820 πρὸς
2106 1749 2256 1818 ἡμᾶς
2295 1747 2629 1816 ἡμερότητα,
2673 1745 2768 1797 καὶ
2795 1744 2895 1806 τὰς
2927 1743 3076 1796 ἔνδον
3123 1741 3515 1812 μεταμελείας,

249 1840 432 1892 έκεῖνο
469 1839 707 1906 μετρίως
742 1837 874 1906 γοῦν
899 1837 1221 1902 ἐξιάσασθαι
1266 1839 1362 1893 καί⁵
1396 1837 1564 1894 αὑτοῦ
1593 1840 1826 1894 καὶτῶν

247 1925 446 1988 ἄλλων,
476 1927 526 1980 οἳ
556 1929 668 1990 τοῖς
695 1929 752 1980 ἐν
780 1927 1089 1999 Φλωρεντίᾳ
1120 1930 1559 2001 συντεθειμένοις
1603 1934 1832 1998 ἑαυτοὺς

249 2020 598 2090 ὑπέγραψαν,
629 2021 866 2074 δέδωκεν
901 2023 1028 2092 ἡμῖν
1056 2023 1261 2090 ἄδειαν,
1295 2025 1355 2078 ὲν
1382 2025 1460 2095 τῷ
1491 2025 1586 2080 τοῦ
1613 2027 1832 2099 Ξυλαλᾷ

247 2112 533 2182 λεγομένῳ
573 2111 826 2182 παλατίῳ
875 2112 1137 2175 πολλάκις
1188 2115 1482 2182 συνελθεῖν,
1518 2117 1613 2170 καὶ
1647 2117 1830 2172 δοῦναι

247 2203 543 2269 ἀπόκρισιν
585 2203 716 2274 περὶ
747 2207 848 2274 τῆς
895 2204 1202 2269 ἐνστάσεως
1233 2209 1502 2276 παρόντος
1537 2207 1634 2262 τοῦ
1665 2207 1831 2277 λεγά-

248 2309 343 2345 του
375 2294 468 2346 καὶ
500 2293 745 2364 μεγάλην
777 2295 1026 2366 ἀνάγκην
1063 2297 1364 2366 ἐπάγοντος
1407 2298 1548 2369 ὑπὲρ
1573 2300 1674 2370 τῆς
1698 2301 1832 2353 ἑνώ-

253 2401 414 2445 σεως.
449 2385 560 2436 Καὶ
591 2385 749 2454 ἡμῶν
773 2386 1000 2455 ὠρίμως
1054 2389 1148 2441 καὶ
1178 2391 1539 2458 ἐσκεμμένως
1566 2392 1667 2453 τὴν
1696 2390 1832 2444 ἀπό⁴

251 2488 434 2541 κρισιν
479 2474 792 2529 δεδωκότων
832 2476 1006 2546 αὐτῷ,
1055 2481 1390 2548 προσέταξεν
1441 2481 1834 2550 ὕπογραφῆναι

251 2565 341 2616 τὸν
367 2565 536 2634 τόμον
585 2566 812 2632 ἐκεῖνον,
844 2567 878 2638 ἢ
917 2567 1009 2621 τὸν
1051 2570 1150 2639 τῆς
1203 2572 1440 2635 πίστεως
1485 2572 1744 2635 λίϐελλον,
1772 2572 1833 2626 δν

255 2656 349 2709 καὶ
375 2655 870 2727 ὑπογεγραμμένον
911 2658 1114 2727 λαϐὼν,
1154 2663 1374 2716 ἀντεῖπε
1402 2663 1500 2732 μὲν
1543 2661 1696 2717 οὐδὲν
1721 2663 1833 2717 οὐδ’
1883 2730 1889 2735 _

1938 1841 2078 1912 ὑπὲρ
2121 1841 2234 1893 τῶν
2283 1838 2474 1901 κακῶς
2524 1835 2676 1907 αὐτῷ
2716 1834 3241 1906 καινοτομηθέντων,
3281 1833 3416 1895 Θεὸς
3449 1833 3518 1885 ἂν

1937 1933 2128 2004 εἰδείη.
2163 1931 2350 1991 Οὕτως
2383 1925 2478 1984 οὖν
2504 1929 2600 1982 καὶ
2633 1929 2766 1997 ἡμῖν
2805 1927 2996 1980 έκτοτε
3041 1925 3204 1995 μέχρι
3237 1923 3332 1978 καί
3363 1922 3463 1977 νῦν
3490 1924 3519 1976 ό

1936 2025 2102 2094 τόμος
2131 2024 2340 2085 ἐκεῖνος
2361 2023 2442 2084 εἰς
2471 2019 2786 2090 ἀνατροπὴν
2814 2019 2922 2072 τῶν
2952 2017 3383 2088 ὼροτεθημένων
3414 2018 3520 2087 ἀρ·
3549 2007 3558 2016 ’

1936 2117 2050 2182 κεῖ,
2087 2114 2380 2185 σύμφωνος
2411 2112 2488 2165 ὣν
2524 2113 2592 2181 τῇ
2622 2110 2792 2179 ψήφῳ
2823 2109 2921 2178 τῆς
2969 2109 3121 2180 ἱερᾶς
3167 2108 3383 2176 ἐκείνης
3426 2106 3522 2161 καὶ

1936 2206 2230 2275 καθολικῆς
2290 2202 2534 2268 συνόδου,
2581 2202 2682 2270 τῆς
2737 2201 2877 2270 μετά
2937 2198 3033 2254 τοῦ
3091 2200 3298 2252 Βέκκου
3360 2215 3525 2267 συνη-

1938 2297 2272 2369 θροισμένης
2324 2295 2420 2348 καὶ
2466 2291 2804 2364 καθελούσης
2836 2289 3003 2346 αὐτὸν
3045 2289 3368 2353 κανονικῶς,
3413 2287 3521 2350 ἕως

1940 2391 2009 2445 ἀν
2062 2390 2157 2444 καὶ
2188 2389 2319 2444 ἀλλο
2367 2407 2422 2442 τι
2479 2389 2595 2458 δοίη
2651 2386 2786 2450 Θεὸς
2832 2385 2912 2449 εἰς
2951 2383 3231 2453 πάνδημόν
3268 2397 3390 2442 τινα
3423 2380 3523 2448 τῆς

1940 2483 2201 2554 ἀληθείας
2253 2480 2585 2552 φανέρωσιν.
2624 2477 2786 2550 Αὐτῷ
2821 2478 2853 2549 ὴ
2881 2476 3008 2542 δόξα
3037 2477 3118 2538 εἰς
3137 2474 3263 2538 τοὺς
3293 2472 3521 2537 αἰῶνας.

1955 2573 2156 2643 ’Δρ-ἠν.

552 3017 994 3190 ΤΟΥ
1111 3016 1859 3188 ΑΥΤΟΥ
1936 3014 3230 3192 ΓΕΝΝΑΔΙΟΥ

1188 3300 1539 3432 ΤΟΥ
1629 3298 2615 3436 ΣΧΟΛΑΡΙΟΥ

440 3541 738 3632 ΚΑΤΑ
838 3546 1055 3632 ΤΗΣ
1168 3540 1874 3634 ΣΙΜΩΝΙΑΚΗΣ
1985 3543 2511 3632 ΛΙΡΕΣΕΩΣ
2597 3548 2674 3630 Η
2796 3545 3337 3634 ΑΠΙΣΤΙΑΣ.

335 3878 447 3941 Τὰς
489 3877 550 3931 ἐκ
584 3877 692 3931 τῶν
734 3875 910 3932 ἀθέων
937 3877 1145 3932 τούτων
1175 3877 1466 3949 βαρϐάρων
1509 3879 1844 3942 έπελθούσας
1872 3879 1914 3938 C
1949 3882 2271 3952 περιπεσεῖν
2317 3881 2580 3952 νενόμικα
2625 3879 2958 3950 συμφοραῖς,
2989 3879 3052 3931 τὸ
3099 3878 3201 3948 τῆς
3249 3878 3530 3949 Σιμωνίας

263 3972 397 4038 ἡμῖν
429 3970 741 4040 συμφορὰς,
776 3970 870 4023 καὶ
902 3968 970 4034 ἃς
1004 3970 1134 4040 περὶ
1170 3969 1262 4022 τοῦ
1294 3971 1577 4039 μέλλοντος
1609 3972 1846 4038 δέδιμεν,

262 4063 601 4131 πανταχόθεν
641 4063 772 4132 ἡμῖν
798 4062 898 4133 τῆς
931 4062 1026 4115 τοῦ
1061 4063 1388 4133 δυνήσεσθαι
1417 4063 1604 4133 φέρειν
1637 4064 1849 4128 ἐλπίδος

265 4147 354 4206 ὲκ)
368 4154 848 4219 ελοιπυίας,-άλλοι
883 4154 969 4206 ἐπ’
995 4153 1166 4224 ἄλλην
1197 4155 1375 4206 αἰτίαν
1401 4155 1698 4225 ἀναφέρειν
1727 4169 1850 4206 πει-

265 4244 485 4312 ρῶνται.
527 4246 590 4297 Οἱ
622 4245 676 4299 δὲ
704 4245 800 4299 καὶ
830 4245 1009 4314 πάσης
1045 4246 1271 4316 ἐρεύνης
1294 4246 1549 4317 τοιαύτης
1576 4248 1849 4317 ίσχυροτέ-

266 4354 365 4404 ρας
395 4333 534 4390 εἶναι
566 4338 901 4408 νομίζοντες,
931 4338 989 4390 οὐ
1026 4338 1351 4391 σκοποῦνται
1387 4339 1484 4406 μὲν
1517 4339 1614 4400 τὰς
1647 4339 1847 4403 αἰτίας,

260 4427 384 4479 οὐδὲ
416 4429 521 4497 γὰρ
555 4429 814 4498 ἡγοῦνται
841 4429 1038 4499 ῥᾳδίως
1067 4428 1132 4482 ἂν
1166 4431 1348 4499 εὑρεῖν
1372 4429 1656 4495 δύνασθαι,
1683 4430 1752 4484 τὰ
1791 4430 1848 4482 δὲ

257 4520 370 4572 τῶν
398 4521 791 4587 ἀπεγνωκότων
815 4521 1090 4587 ἀλγοῦσιν,
1106 4522 1225 4573 οὐδὲ
1249 4521 1494 4591 ἀλεωρήν
1516 4539 1634 4574 τινα
1665 4523 1850 4576 λοιπὸν

263 4607 544 4667 ὲλπὶζουσι
575 4609 684 4660 τῶν
714 4608 925 4673 δεινῶν,
959 4610 1066 4660 οὐδ’
1108 4611 1171 4662 ἐκ
1205 4609 1299 4663 τοῦ
1331 4610 1492 4674 Θεοῦ,
1541 4611 1682 4680 πλὴν
1725 4612 1849 4664 ὅσον

261 4697 594 4751 ἐπιϐοῶνται
628 4698 804 4768 μάτην
835 4699 896 4752 τὸ
927 4699 1095 4764 θεῖον,
1130 4700 1238 4753 ἔδει
1267 4701 1375 4768 γάρ
1404 4719 1456 4754 τι
1487 4703 1586 4771 μὲν
1612 4702 1851 4776 ἐξαμαρ-

260 4789 513 4843 τάνουσιν
540 4788 876 4858 ὀργίζεσθαι,
897 4790 952 4842 τί
979 4791 1024 4844 δ’
1046 4791 1111 4845 αὖ
1134 4793 1378 4845 ποιοῦσιν
1408 4795 1636 4863 εὐμενὲς
1660 4795 1726 4848 ἂν
1749 4815 1851 4863 φα-

257 4881 401 4950 νείη,
434 4881 530 4934 καὶ
581 4882 649 4934 τὰ
675 4881 901 4935 τοιαῦτα
936 4883 1151 4954 πρῶτον
1186 4884 1469 4952 εὑρόντας,
1505 4880 1605 4938 εἶτ’
1639 4888 1848 4940 ἐκεῖθεν

257 4976 362 5043 τὴν
394 4972 718 5044 ἐπικουρίαν
751 4975 942 5030 αἰτεῖν.
987 4975 1148 5028 Ἀλλὰ
1184 4975 1278 5028 νῦν
1308 4977 1430 5030 οὐδὲ
1463 4978 1606 5046 σφᾶς
1650 4979 1849 5042 αὐτοὺς

256 5063 554 5133 ,λελήθασιν
607 5064 700 5116 ἐπὶ
746 5064 838 5116 τὸν
896 5064 1030 5118 θεὸν
1081 5066 1203 5136 εἰκῆ
1254 5067 1559 5136 τρέχοντες.
1604 5067 1746 5135 Ἐγὼ
1791 5069 1849 5122 δὲ

259 5155 402 5222 πρὸς
432 5156 670 5224 ἐμαυτὸν
696 5154 959 5218 πολλάκις
995 5155 1120 5222 περί
1146 5155 1354 5208 τούτων
1389 5155 1753 5226 σκεψάμενος,
1784 5158 1845 5210 οὐ

1953 3975 2069 4028 ἐστὶ
2102 3974 2441 4044 δυσσέϐημα.
2491 3973 2570 4025 Τά
2630 3973 2728 4041 μὲν
2777 3973 2884 4041 γὰρ
2927 3971 3061 4025 ἄλλα
3084 3971 3190 4024 τῶν
3243 3970 3531 4040 ἡμετέρων

1953 4067 2390 4138 ἁμαρτημάτων,
2446 4066 2515 4118 τὰ
2553 4066 2650 4133 μὲν
2702 4066 2782 4128 εἰς
2837 4064 2930 4117 τὸν
2975 4063 3202 4132 πλησίον
3234 4062 3296 4114 τὸ
3331 4061 3530 4131 βλάϐας

1952 4160 2282 4219 ἐκτείνοντα,
2337 4158 2404 4212 δι’
2457 4157 2492 4210 ἃ
2541 4159 2586 4210 δ’
2623 4157 2702 4220 εἰς
2749 4157 2845 4227 τὴν
2893 4155 3056 4224 φύσιν
3101 4152 3530 4224 παρανομοῦντα

1952 4249 2230 4318 ἑπομένως
2261 4247 2352 4301 τὸν
2378 4247 2510 4300 Θεὸν
2550 4246 2948 4315 ὲκπο).εμοῦσιν
2980 4247 3131 4315 ἡμῖν,
3153 4245 3265 4297 ’τὸν
3301 4244 3528 4306 δικαίως

1950 4337 2058 4389 τῶν
2090 4336 2331 4404 ἀδελφῶν
2364 4337 2497 4407 ἡμῖν
2527 4335 2959 4405 ἐπιτροπεύοντα
2988 4338 3082 4387 καὶ
3110 4334 3212 4404 τὴν
3239 4333 3420 4401 φύσιν,
3455 4333 3527 4394 ὡς

1951 4427 2116 4497 κοινῷ
2161 4429 2329 4497 πατρὶ
2383 4427 2477 4481 καὶ
2508 4427 2845 4496 καθηγεμόνι
2885 4428 3103 4478 πάντων
3136 4425 3429 4494 προσήκει.
3464 4425 3527 4474 Ὂ

1950 4519 2006 4573 δὲ
2039 4521 2142 4572 κάν
2169 4520 2378 4573 τούτοις
2410 4519 2574 4573 πλέον
2609 4521 2755 4572 ἐστίν
2799 4520 2878 4581 εἰς
2909 4517 3277 4588 παροξυσμὸν,
3321 4517 3402 4569 ὅτι
3437 4515 3527 4567 καὶ

1951 4611 2130 4679 νόμων
2164 4611 2296 4680 ἡμῖν
2345 4611 2404 4676 ἐξ
2459 4610 2624 4664 αὐτοῦ
2680 4609 3013 4678 τεθειμένων
3056 4611 3142 4678 ἐφ’
3183 4610 3390 4678 ἑκάστῃ
3422 4606 3530 4660 τῶν

1951 4701 2230 4772 χειρόνων,
2280 4701 2390 4754 τῶν
2443 4700 2730 4771 βελτιόνων
2781 4700 3095 4772 ἐνεργειῶν,
3131 4701 3241 4753 τῶν
3295 4701 3395 4769 μὲν
3437 4699 3530 4750 σὺν

1951 4792 2162 4855 πολλοῖς
2183 4794 2296 4853 τοῖς
2317 4794 2706 4861 προτρεπτικοῖ
2719 4812 2734 4853 ;
2757 4791 2852 4861 τὴν
2876 4792 3220 4861 εὐδαιμονίαν
3244 4792 3272 4844 ὑ
3287 4809 3529 4860 πισχνου-

1953 4885 2152 4954 μένων,
2181 4883 2216 4954 ἢ
2247 4883 2308 4935 τὸ
2337 4883 2486 4947 τέλος
2519 4882 2676 4954 ἡμῶν
2718 4886 2853 4946 ἐστι,
2897 4883 3006 4936 τῶν
3037 4885 3081 4936 δ’
3108 4884 3531 4952 άποτρεπτικῶν

1948 4992 2008 5028 τε
2039 4975 2136 5028 καὶ
2165 4975 2235 5028 τὰ
2267 4974 2474 5045 ἔσχατα
2503 4975 3011 5044 ὲπανατεινομένων
3045 4975 3159 5038 τοῖς
3193 4975 3295 5027 οὐκ
3324 4972 3530 5038 ἀξιοῦσι

1952 5068 2264 5137 προσέχειν,
2293 5068 2342 5120 εἰ
2383 5067 2492 5120 τῶν
2538 5067 2726 5120 ἀϊδίων
2766 5083 2826 5119 τε
2864 5067 2958 5120 καὶ
2989 5065 3219 5119 καθόλου
3257 5066 3440 5119 καλῶν
3467 5065 3529 5116 τά

1953 5159 2170 5229 φθαρτά
2194 5160 2287 5212 καὶ
2317 5160 2564 5228 πρόσυλα
2592 5160 2762 5212 ταῦτα
2794 5158 3216 5228 διαμειϐόμεθα.
3257 5159 3415 5212 Κατά
3441 5158 3530 5209 7.6-

262 5245 369 5314 γὰρ
398 5241 507 5308 οἷός
532 5263 612 5310 τε.
636 5247 717 5298 ὅτι
749 5241 816 5317 ἦν
851 5247 908 5298 ὲν
939 5246 1232 5308 τῡσαύταις
1252 5247 1361 5299 τῶν
1392 5246 1582 5300 δεινῶν
1609 5247 1848 5318 ὑπερϐο-
1882 5236 1925 5290 D
1957 5268 2052 5320 γον
2084 5253 2192 5321 ἄρα
2221 5251 2511 5319 συμϐαίνει
2562 5251 2656 5303 καὶ
2699 5248 2795 5302 τοῦ
2839 5249 3132 5318 νομοθέτου
3164 5249 3343 5301 δοκεῖν
3387 5248 3529 5316 ἡμᾶς

257 5335 405 5404 ’λαῖς,
431 5325 664 5407 ἠρεμεῖν
692 5337 854 5407 ἀκοῇ,
883 5338 975 5390 καὶ
1005 5337 1214 5408 μνήμῃ,
1244 5337 1336 5390 καὶ
1371 5336 1515 5406 ὕψει,
1552 5337 1647 5390 καὶ
1676 5354 1850 5407 προσ-

267 5431 478 5492 δοκίαις
517 5433 959 5503 συλλεγομέναις,
995 5432 1117 5486 οὔτε
1174 5433 1271 5502 τῆς
1319 5434 1487 5504 μόνης
1517 5433 1724 5487 τούτων
1765 5436 1851 5487 αἱ-

263 5521 385 5582 τίις
429 5518 584 5590 οἴμαι
609 5524 1022 5595 διαμαρτάνειν,
1057 5525 1170 5579 οὔτ’
1198 5526 1463 5581 ἀδύνατον
1488 5525 1587 5598 τὴν
1620 5526 1850 5598 ἐπανόρ-

267 5614 439 5664 θωσιν
461 5614 699 5682 ἥγημαι.

347 5702 423 5756 Δι’
465 5703 495 5756 ὃ
531 5703 629 5775 μὲν
680 5702 770 5762 οὖν
817 5708 991 5778 ἔγωγε
1025 5713 1142 5774 ταῖς
1181 5713 1433 5783 ἐσχάταις
1486 5713 1845 5785 Χριστιανοὺς

1959 5345 2370 5414 κατολιγωρεῖν,
2395 5340 2455 5398 οὗ
2485 5342 2563 5412 τῷ
2593 5343 2743 5413 πόθῳ
2775 5359 2834 5395 τε
2873 5345 2966 5396 καὶ
3001 5342 3078 5411 τῷ
3105 5343 3213 5395 δέει
3258 5355 3532 5412 σωφρονε·

1963 5436 2169 5508 στέρως
2198 5437 2366 5507 ἐχρῆν
2389 5436 2518 5507 περὶ
2537 5435 2635 5497 τὰς
2657 5435 2899 5504 αἱρέσεις
2927 5433 3207 5504 γίγνεσθαι
3229 5433 3337 5486 τῶν
3367 5432 3528 5485 ἰδίων.

1957 5531 2030 5584 Τὸ
2089 5530 2145 5583 δὲ
2195 5532 2291 5594 τῆς
2367 5529 2716 5597 Σιμωνιακῆς
2770 5529 2902 5594 ἀγος
2955 5527 3178 5595 ἀμέσως
3230 5526 3378 5595 ἡμᾶς
3438 5525 3527 5576 hc-

1961 5621 2191 5689 πολεμεῖ
2219 5619 2296 5688 τῷ
2319 5619 2462 5686 Θεῷ.
2504 5619 2595 5682 Εἰς
2621 5619 2648 5672 ὃ
2679 5619 2787 5688 γὰρ
2825 5617 3126 5686 ἐμέλλομεν
3155 5615 3527 5676 εὐσεϐοῦντες,

1958 5710 2075 5768 εἶτα
2105 5713 2230 5781 περὶ
2261 5713 2358 5780 τῆς
2393 5714 2481 5766 ἐπὶ
2519 5715 2629 5776 τοῖς
2663 5710 3130 5778 ἁμαρτανομένοις
3168 5709 3375 5763 δεῖσθαι
3409 5723 3530 5773 συγ-
