3828 6180
251 310 365 375 735

1368 303 1750 367 GENNADII
1790 302 1901 364 ΟΡ.
1943 297 2459 362 PATRIARCH/E

3432 292 3575 356 736

255 420 352 472 Διὸ
380 418 475 471 καὶ
507 409 663 470 εἵπεν
698 416 727 469 ὁ
774 414 1095 485 κορυφαῖος,
1146 415 1218 469 Τὸ
1246 415 1539 484 ἀργύριόν
1571 428 1690 469 σου
1731 414 1855 469 σὺν
1879 415 1929 477 Α
1950 409 2185 479 πρεπῶς
2208 405 2543 478 ἐξυϐρίζειν,
2576 403 2673 461 καὶ
2722 403 2822 469 τὴν
2851 402 2941 456 τοῦ
2978 402 3224 473 Σίμωνος
3265 400 3572 453 ἀπώλειαν

254 510 358 563 σοὶ
398 511 487 574 εἰς
539 507 870 563 ἀπώλειαν.
907 506 1033 560 Ὅτι
1077 506 1172 561 καὶ
1204 506 1425 577 πρῶτον
1472 507 1572 578 μὲν
1606 506 1839 562 ἐνταῦθα

257 599 353 652 τοῦ
393 600 635 667 Σίμωνος
676 599 778 668 τὴν
823 600 1088 669 πονηρίαν
1139 599 1198 651 ἐν
1240 598 1375 667 αὐτῇ
1413 599 1480 668 τῇ
1513 596 1642 667 ῥίζῃ
1680 597 1840 650 κατέ-

257 708 411 759 κρινε
445 690 506 743 τὸ
538 688 828 761 ἀργύριον,
862 689 1049 752 κακῶς
1090 688 1519 743 συναπόλλυνται
1555 691 1669 752 τοῖς
1698 689 1838 757 ὑπὲρ

257 786 367 838 τῶν
401 785 564 855 ἱερῶν
596 784 894 855 διδομένοις
924 783 1029 853 χρή
1042 799 1206 849 μασιν
1233 784 1289 834 αί
1321 781 1429 834 τῶν
1456 781 1710 834 διδόντων
1739 781 1843 851 ψυ-

258 880 391 948 χαί·
448 878 680 943 ἀντάξια
743 877 853 948 γὰρ
900 876 1011 929 τῶν
1042 875 1432 945 ἀπολλυμένων
1468 874 1840 944 λαμϐάνουσιν

261 970 635 1039 προσκαίρους
666 971 831 1037 τιμάς
862 984 921 1020 τε
954 968 1049 1021 καὶ
1077 967 1362 1035 ὡφελείας,
1398 967 1492 1021 καὶ
1519 967 1617 1020 ὅσα
1640 967 1718 1034 τῷ
1744 967 1844 1037 βίῳ

260 1063 396 1131 τῷδε
429 1060 932 1129 συγκαταλύονταιο
978 1062 1012 1130 ἡ
1056 1058 1113 1112 δέ
1148 1061 1249 1129 τῆς
1283 1062 1418 1129 πρδς
1447 1059 1581 1112 Θεδν
1610 1061 1841 1113 ἀνευ).α-

263 1154 416 1216 ϐείας
437 1152 761 1222 ὀφειλομένη
792 1152 946 1221 σφίσι
974 1150 1135 1220 ποινὴ
1158 1149 1234 1220 τῷ
1268 1151 1455 1220 κλήρῳ
1480 1149 1589 1202 τῶν
1612 1149 1848 1203 ἀπολλυ-

270 1243 448 1311 μένων
472 1242 647 1295 ταῦτα
674 1241 982 1297 συντάττει.
1013 1236 1173 1295 Οὗτοι
1197 1241 1245 1293 δ’
1272 1240 1409 1295 εἰσὶν
1438 1242 1487 1294 οί
1510 1242 1609 1304 τὰς
1634 1242 1690 1294 ἐν
1718 1242 1845 1313 ᾅδου

265 1333 419 1396 δίκας
448 1333 762 1402 ὑπέχοντες,
792 1332 855 1385 ού
881 1332 982 1402 τῆς
1010 1332 1199 1395 οὐσίας
1224 1331 1565 1400 ἀπαλλαγὴν,
1589 1333 1723 1387 ἀλλὰ
1752 1333 1848 1386 τοῦ

270 1420 331 1478 εὖ
367 1418 506 1477 εἰναι
536 1423 633 1477 καὶ
660 1422 761 1493 τῆς
786 1422 1049 1495 ἀληθινῆς
1076 1423 1433 1494 ὑφιστάμενοι
1460 1424 1607 1495 ζωῆς
1636 1422 1851 1477 ἔκπτω-

271 1533 373 1571 σιν.

347 1607 502 1662 Ἐπεὶ
539 1608 597 1662 δέ
645 1607 755 1662 ἀπὸ
804 1609 912 1663 τῶν
953 1608 1207 1662 διδόντων
1249 1609 1331 1672 εἰς
1372 1610 1501 1672 τοὺς
1542 1608 1853 1678 λαμϐάνον-

267 1720 363 1764 τας
431 1702 754 1769 μεθίσταται
804 1703 832 1753 δ
891 1701 1063 1771 ῥύπος
1102 1701 1203 1770 τῆς
1246 1702 1533 1773 πονηρίας,
1623 1702 1853 1763 εἰκότως

269 1795 365 1846 καὶ
390 1796 439 1847 οί
468 1794 845 1864 λαμϐάνοντες
877 1793 1331 1862 συναπόλλυνται,
1354 1795 1451 1848 καὶ
1479 1796 1594 1855 τοῖς
1618 1793 1859 1861 αἰωνίοις

269 1889 490 1957 δεσμοῖς
538 1886 862 1957 δεσμοῦνται
924 1887 1063 1956 μετὰ
1126 1887 1224 1957 τὴν
1281 1888 1465 1959 τιμὴν,
1495 1887 1523 1940 δ
1554 1887 1619 1958 δὴ
1666 1869 1860 1958 ιβυχὼν

271 1980 422 2033 ἐστιν
469 1977 711 2046 δλεθρος,
748 1977 1002 2048 καθάπερ
1030 1978 1224 2031 ἐκεῖνοι
1266 1978 1696 2032 συναπολλύουσι
1747 1983 1862 2038 τοῖς

272 2072 517 2141 χρήμασι
565 2070 661 2132 τὰς
682 2068 1022 2140 ψυχὰς,οὖτε
1050 2070 1151 2139 τὴν
1174 2070 1513 2141 ζητουμένην
1543 2071 1704 2141 χάριν
1732 2088 1866 2143 κερ-

272 2161 563 2228 δαίνοντες,
584 2160 662 2230 τῷ
683 2160 957 2224 δυσσεϐῶς
979 2161 1197 2215 ἐλπίσαι
1219 2160 1425 2230 ταύτην
1454 2159 1639 2213 λαϐεῖν
1661 2161 1748 2225 ἂν,
1768 2162 1864 2215 καὶ

275 2253 330 2305 εἴ
353 2270 438 2316 τις
458 2255 584 2323 ἐνῆν
613 2254 797 2318 αὐτοῖς
828 2253 1093 2325 πρότερον
1121 2253 1520 2316 ἀποϐάλλοντες
1556 2269 1571 2285 ⁸
1600 2272 1619 2306 ι
1667 2254 1730 2308 'H
1756 2255 1865 2327 γὰρ

280 2347 486 2417 ἀγάπη,
510 2346 695 2416 φησὶν,
713 2345 773 2398 οὑ
794 2345 973 2418 χαίρει
1002 2348 1067 2417 τῇ
1089 2346 1345 2417 ἀνομίᾳ,ι
1370 2348 1464 2400 καὶ
1488 2346 1623 2415 πρὸς
1652 2346 1864 2410 τούτοις

278 2439 387 2502 τοῖς
419 2437 571 2491 κάτω
604 2438 985 2508 κολαστηρίοις
1018 2438 1113 2491 καί
1145 2440 1210 2508 τῇ
1237 2438 1404 2507 βίϐλῳ
1426 2438 1533 2492 τῶν
1558 2438 1866 2507 ἀπολλυμέ-

277 2545 387 2580 νων
406 2528 638 2598 οἰκτρῶς
667 2529 1097 2600 ἐγγραφόμενοι.
1122 2531 1188 2581 Ὀ
1215 2530 1271 2583 δέ
1298 2529 1485 2598 μεῖζόν
1512 2531 1657 2583 ἐστιν
1678 2529 1761 2583 δτι
1791 2528 1866 2600 μὴ

258 2608 337 2671 ’τὸ
360 2620 543 2675 δοῦναί
559 2637 617 2672 τε
642 2622 734 2674 καὶ
753 2620 960 2688 λαϐεῖν,
979 2621 1116 2677 ἀλλὰ
1134 2623 1192 2674 τὸ
1217 2620 1543 2693 βουληθῆναι
1565 2622 1746 2689 μόνον,
1771 2622 1868 2676 καὶ

281 2712 418 2783 πρὸς
443 2713 543 2783 τὴν
567 2713 762 2784 ὠνὴνῆ
788 2713 887 2785 τὴν
905 2716 1108 2783 πρᾶσιν
1131 2714 1500 2785 ἐξορμηθῆναι
1519 2713 1867 2785 ἀπηρτισμέ-

280 2822 372 2858 νον
404 2804 496 2858 τὸν
524 2806 621 2874 τῆς
656 2806 928 2877 Σιμωνίας
958 2807 1172 2878 δέχεται
1197 2808 1374 2876 λόγον.
1399 2809 1465 2861 Ὃ
1494 2808 1559 2879 δὴ
1594 2811 1730 2862 πᾶσι
1755 2809 1867 2871 τοῖς

280 2895 379 2966 τῆς
407 2895 634 2967 καρδίας
656 2896 948 2968 πρόσεστιν
967 2900 1386 2971 ἁμαρτήμασιν,
1408 2899 1443 2953 ἃ
1460 2900 1538 2971 τῷ
1562 2900 1869 2972 συλληφθῆ-

282 3005 373 3041 ναι
416 2988 577 3058 μόνον
604 2988 704 3057 τὴν
729 2988 1027 3043 ὑπόστασιν
1051 2990 1184 3062 ἔχει,
1217 2992 1290 3055 ὡς
1319 2993 1413 3045 καὶ
1443 2994 1556 3056 τοῖς
1581 2994 1678 3047 τοῦ
1709 2993 1867 3062 λόγου

283 3079 515 3142 καὶτοῖς
551 3079 645 3133 τοῦ
690 3080 855 3149 ἔργου
892 3082 1201 3151 ὑπουργίαν
1254 3083 1548 3154 ἀπαρτίζει
1595 3084 1654 3135 τὸ
1702 3080 1862 3147 εἶδος.

296 3165 428 3217 Ἰδοὺ
457 3164 567 3235 γὰρ
592 3168 617 3218 ό
649 3167 832 3235 Σίμων
857 3171 921 3240 τῇ
952 3170 1053 3238 τῆς
1080 3170 1377 3234 δυσσεϐοῦς
1409 3172 1681 3242 ἐμπορίας
1716 3174 1865 3226 ἐλπί-

285 3256 453 3320 ζειτὺ
480 3259 589 3311 πᾶν
638 3257 740 3326 τῆς
789 3262 1053 3332 πονηρίας
1117 3262 1493 3332 ἐξειργάσθαι,
1522 3266 1612 3318 καὶ
1649 3267 1867 3320 θανασί-

289 3365 405 3414 μως
434 3348 682 3418 ἥμαρται
706 3364 720 3379 ⁶
756 3350 915 3404 τοῦτο
941 3353 1049 3421 γάρ
1074 3353 1191 3406 ἐστι
1221 3357 1278 3406 τὸ
1312 3357 1750 3409 συναπολωλέναι
1776 3359 1868 3411 τὸν

286 3439 537 3492 τοιοῦτον
570 3444 868 3510 χρήμασιν.
905 3445 965 3497 Εἰ
1012 3447 1111 3511 μὲν
1151 3446 1260 3515 γὰρ
1295 3443 1406 3499 οἶόν
1440 3465 1499 3500 τε
1539 3444 1606 3515 ἦν
1634 3449 1868 3502 κτᾶσθαι

288 3528 388 3598 τὴν
417 3529 578 3599 χάριν
620 3530 831 3585 διδόντα
878 3534 1122 3601 χρυσίον,
1153 3533 1215 3585 οὐ
1249 3533 1311 3585 τὸ
1347 3533 1673 3602 βουληθῆναι
1709 3536 1869 3603 μόνον

290 3622 605 3692 ἀπέχρησεν
656 3622 723 3675 ἂν
756 3624 836 3686 εἰς
867 3625 926 3676 τὸ
954 3625 1243 3693 μορφῶσαι
1276 3624 1374 3695 τὴν
1417 3626 1708 3703 πονηρίαν,
1752 3625 1867 3678 ἀλλ’

292 3713 401 3765 ἔδει
443 3715 535 3765 καὶ
577 3713 670 3766 τὸν
699 3713 935 3767 λαϐόντα
968 3714 1068 3783 μέν
1098 3713 1195 3783 τὴν
1220 3715 1389 3785 τιμὴν
1432 3716 1768 3770 ἀντιδιδόντα
1812 3717 1869 3771 δὲ

289 3801 390 3871 τὴν
418 3802 579 3873 χάριν
608 3807 928 3874 προσεῖναι·
963 3807 1154 3877 ἐπειδὴ
1184 3806 1443 3861 ἀδύνατον
1482 3808 1654 3880 αὐτὴν
1686 3825 1867 3880 παρα-

290 3894 534 3957 γίνεσθαί
565 3913 624 3949 τε
670 3896 758 3949 διὰ
792 3898 1114 3967 χρημάτων,
1143 3897 1267 3951 οὔτε
1289 3899 1381 3952 τὸν
1410 3899 1545 3953 Θεὸν
1586 3900 1783 3954 διδόναι
1816 3919 1867 3956 τι

287 3986 588 4057 δυναμένου
649 3988 725 4059 μὴ
771 3992 992 4059 προῖκα,
1029 3990 1118 4043 διὰ
1165 3989 1227 4043 τὸ
1272 3989 1478 4043 δεῖσθαι
1529 3991 1756 4060 μηδενὸς
1788 3992 1870 4055 εἰς

286 4079 439 4131 οὐδὲν
462 4080 599 4149 ὅπερ
630 4081 696 4134 ἂν
723 4080 918 4152 ἡσθείη
952 4080 1265 4150 λαμϐάνων,
1289 4082 1322 4151 ἢ
1346 4082 1424 4150 τῷ
1454 4082 1555 4152 τῆς
1589 4081 1868 4150 ἁμαρτίας

286 4170 385 4239 τὴν
424 4172 732 4241 ἁγνοτάτην
765 4175 928 4244 χάριν
962 4175 1335 4240 πιστεύοντος,
1369 4174 1497 4228 οὔτε
1557 4175 1627 4228 τὰ
1681 4174 1868 4227 θεόθεν

288 4261 552 4330 εἰληφότα
624 4263 832 4332 ταύτην
886 4265 1175 4334 ἀνθρώπου
1222 4266 1522 4336 δυναμένου
1570 4265 1776 4334 ταύτην
1823 4256 1869 4333 ᾦ

289 4352 551 4406 ἐνδιδόναι
582 4355 692 4406 τῶν
724 4354 983 4409 ὠνεῖσθαι
1030 4355 1373 4425 βουλομένων
1423 4356 1530 4409 τινί
1553 4368 1571 4387 ⁸
1604 4354 1728 4407 ούδέ
1760 4352 1867 4421 γὰρ

1963 500 2243 571 πρόφασιν
2280 499 2419 561 ἰδίας
2451 495 2749 566 εύκληρίας
2785 494 3056 547 ποιεῖσθαι
3078 494 3268 561 ῶσπερ
3298 494 3410 553 τοῖς
3436 491 3572 543 τῶν

1964 590 2208 663 πλησίων
2238 589 2484 658 ὀλέθροις
2519 587 2935 656 ἀσμενίζοντας,
2987 586 3020 655 ἣ
3061 582 3381 653 ἐμπαιγμόν
3422 599 3572 634 τινα

1956 690 2023 756 τῇ
2055 684 2391 756 καθαρότητι
2414 681 2507 735 τοῦ
2539 680 2896 751 κηρύγματος
2926 678 3318 749 ἀναμιγνύναι,
3344 680 3436 728 καὶ
3462 691 3574 727 σο-

1963 778 2216 848 φίζεσθαι
2261 777 2363 839 τὰς
2399 775 2459 839 ἐξ
2492 770 2799 841 ἀνθρώπων
2826 770 3094 838 ὠφελείας
3135 769 3229 822 καὶ
3266 767 3435 835 τιμάς
3474 768 3575 818 δι-

1960 872 2107 925 δόναι
2138 867 2661 939 προσποιουμένους,
2694 866 2838 935 άπερ
2867 864 3063 935 ᾔδεσαν
3113 860 3575 929 τοιουτοτρόπως

1960 963 2022 1016 οὑ
2054 960 2330 1029 δυνάμενα
2377 956 2725 1027 δεδόσθαι
2763 954 3005 1025 νομίζειν
3056 955 3117 1006 ἐκ
3146 952 3402 1006 τοιούτων
3451 950 3573 1003 καὶ

1967 1055 2110 1107 οὕτω
2143 1050 2423 1114 δυσσεϐῶς
2452 1048 2861 1118 συλλεγομένων
2889 1045 3211 1116 χρημάτων,
3241 1042 3467 1113 ἄμεινόν
3503 1059 3569 1093 τι

1970 1144 2198 1215 πράξειν
2229 1142 2707 1208 ἐξαναλίσκοντας,
2736 1139 2850 1192 ἀλλ’
2876 1138 2995 1206 οὐχὶ
3018 1135 3219 1205 μᾶλλον
3248 1136 3573 1203 ἀσεϐήσειν

1968 1237 2066 1306 μὲν
2098 1236 2176 1299 εἰς
2209 1234 2367 1298 Θεὸν,
2397 1234 2495 1303 ὀψὲ
2528 1232 2607 1298 δὲ,
2653 1231 2749 1287 καὶ
2774 1232 2857 1295 εἰς
2881 1230 3015 1284 Θεὸν
3049 1227 3572 1299 ἐγκαταλειφθήσε-

1968 1324 2113 1379 σθαι.
2144 1325 2245 1377 Διὰ
2277 1320 2430 1375 ταῦτ’
2460 1322 2569 1393 ἄρα
2598 1321 2693 1375 καὶ
2723 1308 2799 1384 ὥς
2825 1320 2933 1373 ἀπὸ
2953 1316 3202 1391 κρημνοῦ
3238 1335 3384 1381 τινος
3420 1318 3572 1371 ἀνε-

1964 1420 2245 1491 χώρησαν.

2042 1507 2179 1568 Εἶτα
2219 1513 2498 1568 δεικνύναι
2530 1514 2698 1570 θέλων
2733 1514 2762 1567 ό
2792 1512 3019 1583 Πέτρος,
3040 1512 3115 1575 ὡς
3151 1512 3253 1565 οὑκ
3294 1510 3459 1578 ἀρκεῖ
3492 1509 3573 1561 τὸ

1971 1605 2203 1675 ζητῆσαι
2238 1605 2418 1677 μόνον,
2456 1624 2475 1659 ι
2518 1607 2654 1661 ἀλλὰ
2688 1605 2827 1678 μετὰ
2882 1603 3189 1670 εὐσεϐείας,
3225 1604 3414 1672 φησὶν,
3452 1601 3569 1654 οὐκ

1966 1697 2081 1752 ἔστι
2137 1699 2319 1770 μερὶς,
2352 1700 2746 1771 »προφητικῶς
2793 1700 2868 1764 ὡς
2915 1699 3088 1752 εἰπεῖν
3138 1695 3569 1764 αἰσθανόμενος,

1892 1772 1934 1829 Β
1962 1790 2072 1843 τῶν
2096 1790 2427 1861 ἀπορρήτων
2458 1790 3021 1862 δυσσεϐημάτων.Διδ
3064 1789 3157 1843 καὶ
3183 1788 3282 1843 οὑκ
3312 1787 3571 1857 ἠμέλουν

1964 1880 2162 1935 ἐκεῖνοί
2196 1899 2256 1937 τε
2286 1881 2382 1936 καὶ
2410 1881 2459 1935 οἰ
2483 1882 2718 1953 διάδοχοι
2746 1883 2954 1937 τούτων
2977 1883 3119 1937 κατὰ
3150 1883 3250 1950 τῆς
3281 1879 3568 1950 αἱρέσεως

1963 1972 2168 2041 ταύτης
2197 1973 2605 2045 ἀνδρικώτερον
2632 1973 2907 2027 ἵστασθαι.
2938 1973 3177 2045 ’ῌδεσαν
3199 1972 3307 2041 γὰρ
3334 1969 3430 2022 τὸν
3452 1969 3567 2036 τῆς

1965 2063 2229 2134 ἀληθείας
2260 2064 2453 2135 ἔχθρον
2502 2064 2735 2127 πολλοὺς
2783 2063 3081 2134 ἐγεροῦντα
3124 2061 3202 2132 τῷ
3248 2060 3346 2131 βίῳ
3374 2059 3569 2127 Σίμωο

1967 2174 2085 2223 νας,
2109 2156 2161 2209 οῖ
2183 2157 2432 2228 ταραχῆς
2454 2155 2520 2210 τὰ
2551 2155 2898 2225 Χριστιανῶν
2929 2154 3269 2225 ὲμπλήσουσι
3292 2152 3567 2222 πράγμα-

1964 2265 2055 2303 τα.
2092 2246 2167 2302 EI
2197 2265 2310 2313 τις,
2355 2247 2541 2317 φησὶν,
2590 2246 2928 2311 ἐπίσκοπος
2955 2244 3050 2300 διὰ
3084 2244 3405 2315 χρημάτων
3444 2241 3564 2309 τῆς

1968 2340 2147 2406 ἀξίας
2176 2340 2402 2407 ταύτης
2448 2336 2746 2409 ἐγκρατὴς
2797 2337 3031 2409 γένοιτο
3069 2336 3107 2406 ἢ
3145 2336 3564 2405 πρεσϐύτερος

1967 2432 2006 2500 ἣ
2064 2433 2366 2499 διάκονος,
2429 2432 2867 2499 καθαιρείσθω,
2922 2430 3108 2497 αὐτὸς
3182 2429 3279 2485 καί
3342 2431 3374 2482 ό
3434 2446 3562 2495 χει-

1960 2525 2328 2594 ροτονήσας,
2368 2525 2895 2595 καὶέκκοπτὲσθω,
2927 2524 3026 2577 καί
3078 2523 3191 2591 τῆς
3236 2523 3557 2587 κοινωνίας

1969 2617 2385 2681 παντάπασιν,
2412 2618 2495 2684 ὡς
2524 2619 2559 2671 ό
2592 2618 2790 2686 Σίμων
2827 2619 2861 2670 ό
2891 2614 3095 2684 Μάγος
3125 2614 3228 2669 ὑπ’
3259 2613 3405 2683 ἐμοῦ
3440 2612 3553 2665 Πέο

1968 2725 2133 2779 τρου.
2168 2710 2277 2761 Καὶ
2310 2702 2575 2773 αὑθι;,ΕΖ
2600 2725 2690 2772 τις
2717 2708 3079 2774 ἐπίσκοπος,
3104 2705 3419 2775 κοσμικοῖς
3450 2704 3556 2771 ἆρ-

1971 2816 2154 2870 χουσι
2182 2800 2590 2871 χρησάμενος,
2622 2784 2699 2854 δι’
2729 2798 2933 2855 αὐτῶν
2961 2799 3260 2869 ἐγκρατὴς
3298 2800 3558 2863 Ἐκκλη-

1970 2893 2115 2958 σίας
2172 2893 2427 2962 γένοιτο,
2458 2893 2855 2961 καθαιρείσθω
2888 2890 2987 2945 καὶ
3024 2888 3411 2959 ἁφοριζέσθω,
3454 2888 3555 2943 καὶ

1970 2988 2025 3041 οἰ
2053 2986 2492 3051 κοινωνοῦντες
2517 2984 2679 3049 αὐτῷ
2704 2986 2953 3051 πάντες.
2986 2986 3053 3036 "A
3081 2982 3135 3036 δέ
3167 2986 3285 3045 ταῖς
3315 2982 3557 3043 συνόδοις

1971 3078 2106 3148 ὁμοῦ
2148 3078 2381 3149 ὥρισται
2425 3077 2626 3140 πάσαις
2655 3078 2766 3139 τοῖς
2803 3075 2912 3129 τῶν
2948 3053 3261 3127 ἀποστόλων
3308 3071 3559 3139 ἰθυνομέ-

1972 3170 2312 3231 ναιςκανόσι
2356 3166 2593 3237 χαλεπὸν
2617 3166 2896 3236 ἀριθμεῖν.
2928 3164 3104 3216 Ἔνιοι
3136 3161 3192 3215 δέ
3222 3160 3430 3213 τούτων
3459 3161 3554 3213 καὶ

1969 3260 2279 3329 ἀναθέμασι
2334 3258 2619 3327 προδήλως
2678 3254 3172 3311 καθυποϐάλλουσι.
3232 3272 3251 3305 ‹
3325 3252 3556 3321 Μηδεὶς,

1971 3351 2125 3421 φησὶ,
2146 3348 2466 3420 χειροτονῶν
2495 3350 2587 3401 ἐπὶ
2620 3348 2867 3420 χρήμασι
2899 3346 3202 3415 σοφιζέσθω
3234 3346 3294 3399 τό
3324 3347 3559 3416 πρᾶγμα

1968 3444 2056 3496 διὰ
2099 3442 2192 3496 τοῦ
2241 3443 2315 3513 μὴ
2362 3440 2770 3512 προλαμϐάνειν
2833 3440 2865 3511 ἢ
2916 3440 3031 3510 ἅμα
3061 3439 3383 3507 λαμϐάνειν,
3420 3438 3562 3490 ἀλλὰ

1975 3533 2111 3596 μετὰ
2159 3531 2335 3585 ταῦτα
2368 3531 2689 3601 λαμϐάνειν.
2729 3531 3045 3601 Λαμϐάνειν
3077 3532 3187 3600 γάρ
3230 3531 3345 3582 ἐστι
3378 3530 3440 3582 τὸ
3469 3530 3557 3581 ὅτε

1969 3623 2171 3692 δήποτε
2200 3622 2384 3675 λαϐεῖν
2410 3639 2424 3654 ο
2466 3621 2626 3675 τοῦτο
2656 3623 2709 3675 δέ
2747 3622 3102 3691 φιλαργυρία,
3130 3621 3239 3691 ἡδὲ
3273 3620 3557 3675 εἰδωλολα-

1970 3715 2143 3784 τρεία.
2181 3715 2335 3781 Μήτε
2381 3714 2473 3767 οῦν
2514 3713 2610 3767 τοῦ
2664 3714 2901 3785 Χριστοῦ
2953 3714 3021 3767 τὰ
3061 3714 3256 3766 εἴδωλα
3290 3714 3558 3781 προτιμᾶ-

1973 3806 2104 3873 σθω,
2163 3809 2299 3876 μήτε
2338 3806 2431 3860 τὸν
2477 3805 3021 3876 Ἰούδα“μιμήσεσθε,
3056 3806 3402 3875 προδιδόντες
3461 3805 3555 3856 ἐπὶ

1969 3900 2163 3969 λῆμμα
2186 3899 2279 3953 τὸν
2302 3899 2452 3965 ἅπαξ
2476 3901 2615 3969 ὑπὲρ
2642 3899 2801 3970 ἡμῶν
2831 3898 3234 3968 σταυρωθέντα.
3280 3897 3440 3950 Ἐπεὶ
3463 3896 3559 3950 καὶ

1970 3994 2038 4047 τὰ
2079 3994 2256 4064 χωρία
2306 3994 2399 4046 καὶ
2439 3994 2495 4045 αἰ
2530 3994 2712 4064 χεῖρες
2746 3991 2857 4045 τῶν
2898 3992 3023 4054 τοὺς
3053 3991 3301 4062 καρποὺς
3334 3988 3557 4051 τούτους

1972 4085 2276 4155 δεχομένων
2306 4083 2609 4152 ἀκελδαμὰ,
2638 4084 2917 4136 τουτέστιν
2951 4066 3177 4151 αἵματος
3209 4081 3364 4151 τιμὴ,
3390 4097 3560 4149 προσ·

1970 4176 2419 4247 αγορευθήσεται.
2460 4193 2481 4243 ι¹
2528 4174 2588 4230 Ὀ
2617 4176 2673 4228 δὲ
2701 4175 2799 4246 τῆς
2834 4173 2879 4240 ζ’
2910 4175 3127 4228 συνόδου
3160 4174 3407 4244 ἐξάρχων
3450 4174 3557 4226 Τα-

1974 4269 2160 4340 ράσιος
2197 4267 2275 4338 τῷ
2322 4266 2544 4338 Ῥώμης
2576 4268 2924 4322 ἀποστέλλων
2965 4267 3248 4337 Ἀδριανῷ,
3278 4269 3407 4330 τοὺς
3464 4268 3559 4319 ἐπὶ

1971 4361 2213 4430 χρήμασι
2242 4360 2340 4429 τὴν
2374 4358 2790 4429 ἀρχιερωσύνην
2818 4358 3060 4420 διδόντας
3084 4359 3553 4430 δυσσεϐεστέρους

292 4443 441 4512 αὐτῷ
475 4444 782 4515 παραμένει
821 4446 1027 4512 λοιπὸν,
1061 4447 1198 4499 ἀλλὰ
1239 4447 1377 4516 μετὰ
1411 4446 1473 4499 τὸ
1505 4445 1865 4514 συγκαταθεί-
1898 4466 1942 4522 D
1971 4450 2306 4505 Μακεδονίου
2364 4452 2458 4503 καὶ
2500 4450 2608 4503 τῶν
2662 4450 2791 4518 περὶ
2850 4450 3012 4503 αὑτὸν
3075 4452 3558 4520 Πνευματομάχων

291 4552 379 4588 ναι
424 4540 558 4605 προς
601 4537 700 4607 τὴν
736 4540 940 4608 πρᾶσιν
989 4540 1154 4593 αύτδν
1197 4541 1405 4610 ἔρημον
1445 4538 1654 4609 οἴχεται
1690 4537 1866 4591 λελοι-

292 4630 444 4683 πυῖα.
485 4628 649 4683 Ὅθεν
690 4631 791 4683 οὑκ
822 4633 888 4684 ἂν
917 4633 1029 4700 ἐχοι
1076 4634 1187 4686 τῶν
1228 4632 1353 4701 μηδ’
1382 4631 1529 4702 αὐτῷ
1556 4629 1868 4702 προσούσης

297 4722 635 4791 μεταδιδόναι
673 4724 916 4791 χάριτος.
950 4724 1094 4793 Ἀρα
1125 4725 1220 4778 καὶ
1254 4723 1314 4777 τὸ
1344 4721 1672 4793 βουληθῆναι
1706 4722 1867 4791 μόνον

293 4816 617 4885 ἁμάρτημα.
646 4815 722 4868 Οὐ
750 4816 859 4884 γὰρ
896 4818 1131 4886 ἐκτήσω,
1162 4818 1318 4886 φησι,
1349 4815 1448 4885 τὴν
1476 4814 1707 4881 δωρεὰν,
1749 4811 1867 4863 ἀλλ’

290 4909 373 4959 ὅτι
408 4906 687 4976 ἐνόμισας,
738 4902 861 4961 εἶτα
911 4907 974 4960 τὸ
1016 4907 1285 4979 ἀργύριον
1334 4908 1472 4979 μετὰ
1508 4908 1605 4977 τῆς
1638 4903 1867 4974 γνώμης

291 5000 588 5070 ἐπαρᾶται.

364 5092 656 5148 Μιαίνεται
706 5093 765 5148 δέ
787 5092 990 5164 ὁμοίως
1039 5095 1069 5147 ό
1114 5093 1460 5165 συνδραμὼν.
1515 5096 1726 5151 Οὐκοῦν
1774 5112 1874 5150 κα-

292 5184 396 5248 λῶς
425 5185 644 5241 ἐποίουν
672 5188 721 5240 οἰ
749 5186 984 5257 Χριστοῦ
1029 5187 1292 5257 μαθηταὶ,
1327 5187 1465 5257 μετὰ
1496 5190 1596 5258 τῆς
1649 5189 1874 5260 γνώμης

294 5278 389 5331 καὶ
445 5278 507 5331 τὸ
564 5279 830 5348 ἀργύριον
878 5280 1307 5350 βδελυττόμενοι.
1370 5281 1432 5333 Εἰ
1483 5282 1590 5352 γὰρ
1643 5282 1738 5334 καὶ
1794 5282 1870 5352 μὴ

294 5369 613 5423 ἐκοινώνουν
646 5370 780 5441 μηδέ
808 5371 907 5443 τὴν
936 5372 1099 5443 χάριν
1149 5370 1457 5442 ἐλάμϐανεν
1492 5373 1721 5437 ἐκεῖνος,
1751 5372 1865 5426 ἀλλ’

297 5460 511 5512 ἐδόκουν
545 5463 611 5516 ἂν
654 5456 812 5534 ἀὐτῷ
856 5467 1137 5519 κοινωνεῖν
1177 5465 1273 5518 τοῦ
1312 5466 1603 5535 δόγματος,
1640 5468 1730 5517 καὶ
1769 5466 1868 5533 τῆς

299 5553 435 5604 κατὰ
464 5554 559 5605 τοῦ
594 5554 907 5625 Πνεύματος
959 5559 1332 5629 βλασφημίας,
1388 5558 1437 5612 εἰ
1490 5559 1556 5610 τὰ
1610 5559 1869 5628 χρήματα

299 5641 565 5704 ἐδέξαντο.
595 5646 676 5697 Τά
704 5648 813 5715 γὰρ
838 5653 1035 5717 προῖκα
1068 5652 1516 5719 προσειλημμένα
1546 5653 1604 5703 οὐ
1636 5654 1747 5713 τοῖς,
1781 5652 1869 5720 ὀρ-

295 5737 482 5805 γάνοις
504 5737 697 5809 τῆς....
726 5740 819 5793 καὶ
843 5741 942 5809 τὴν
973 5743 1069 5811 τῆς
1093 5740 1316 5812 γνώμης
1345 5742 1656 5813 ἐλευθερίαν
1684 5761 1875 5816 μικρος

1974 4540 2259 4607 ἀποκαλεῖ,
2311 4542 2405 4595 καὶ
2459 4542 2539 4605 εἰς
2596 4542 2793 4595 ταυτὸν
2844 4542 3017 4596 Ἰούδα
3067 4542 3253 4613 τίθησι
3297 4541 3378 4612 τῷ
3424 4560 3559 4612 προ-

1973 4633 2122 4706 δὸτῃ.

2057 4731 2200 4799 Ἐγὼ
2232 4730 2288 4784 δέ
2331 4729 2570 4801 μάλιστα
2625 4729 2725 4800 τῆς
2774 4729 2853 4791 εἰς
2906 4729 2965 4781 τὸ
3027 4726 3247 4798 Πνεῦμα
3302 4726 3362 4779 τὸ
3402 4727 3558 4795 ἅγιον

1975 4823 2327 4895 βλασφημίας
2374 4820 2514 4888 εἶδος
2557 4823 2659 4895 τὴν
2692 4822 2968 4892 Σιμωνίαν
2995 4821 3175 4890 λόγοις
3216 4821 3399 4888 σοφῶν
3434 4822 3557 4873 ἐπό-

1975 4934 2137 4986 μενος
2166 4917 2409 4990 τίθεμαι,
2441 4916 2528 4969 διὰ
2562 4915 2720 4968 τοῦτο
2752 4914 2889 4985 μήτε
2915 4914 2971 4967 ἐν
3000 4912 3078 4982 τῷ
3108 4910 3204 4966 νῦν
3236 4911 3394 4964 αἰῶνι
3421 4914 3556 4980 μήτε

1971 5010 2030 5061 ἐν
2074 5007 2151 5078 τῷ
2182 5007 2430 5076 μέλλοντι
2465 5005 2956 5077 συγχωρουμένων.
2994 5003 3069 5056 Ού
3102 5003 3210 5074 γὰρ
3252 5002 3303 5055 οἰ
3338 5002 3415 5071 τῷ
3450 5002 3557 5055 τῶν

1972 5103 2267 5171 δαιμονίων
2324 5103 2548 5177 ἄρχοντι
2588 5101 2657 5154 τὰ
2697 5100 2794 5154 τοῦ
2841 5099 3159 5169 Πνεύματος
3209 5099 3557 5159 ἀνατιθέντες

1974 5193 2110 5266 ἔργα
2141 5196 2277 5266 μόνῃ
2297 5197 2362 5265 τῇ
2387 5194 2526 5248 κατὰ
2556 5192 2648 5246 τοῦ
2670 5191 2986 5261 Πνεύματος
3010 5190 3289 5260 ἠνείχοντο
3314 5190 3559 5258 βλασφη-

1978 5285 2077 5355 μίᾳ
2097 5302 2110 5315 '
2143 5285 2251 5337 οὐδ’
2282 5285 2329 5337 οἰ
2364 5284 2462 5355 τῆς
2496 5283 2555 5350 ἐξ
2586 5282 2866 5352 Αἰγύπτου
2903 5283 3081 5351 φυγῆς
3111 5281 3187 5352 τῷ
3218 5281 3427 5350 εἰδώλῳ
3460 5282 3559 5347 τὴν

1974 5377 2135 5446 χάριν
2166 5376 2569 5445 ἐπιγράψαντες
2598 5375 2721 5428 ἀντί
2750 5372 2843 5427 τοῦ
2876 5373 3034 5437 Θεοῦ,
3060 5372 3153 5435 οὒς
3188 5372 3425 5425 ἐνταῦθα
3462 5373 3561 5441 μὲν

1978 5468 2241 5522 ἐκόλασεν
2268 5468 2466 5528 ἱκανῶς
2498 5469 2525 5520 ό
2556 5465 2687 5525 Θεὸς
2716 5465 3033 5536 τρισχιλίων
3066 5464 3181 5516 γατ⁹
3208 5464 3427 5533 ἐκείνην
3462 5463 3559 5531 τὴν

1978 5560 2191 5627 ἡμέραν
2237 5561 2623 5629 ἐμπεσόντων’
2680 5561 2760 5619 εἰς
2800 5558 2855 5610 δέ
2904 5556 2966 5609 τὸ
3005 5556 3197 5625 μέλλον
3239 5557 3425 5616 αὑτοῖς
3460 5556 3555 5624 τὴν

1981 5652 2383 5719 ἀκριϐεστέραν
2413 5651 2570 5720 δίκην
2596 5652 2893 5720 ὴπείληκεν
2917 5665 2931 5681 ·
2977 5650 3124 5718 Ἐγὼ
3152 5650 3218 5702 δὲ
3245 5650 3314 5702 ἐν
3350 5651 3553 5716 ἡμέρᾳ,

1983 5745 2167 5814 φηητῖν,
2217 5744 2588 5813 ἐκδικήσεως
2634 5742 3040 5813 ἐπισκέψομαι
3104 5744 3215 5812 τὴν
3270 5741 3560 5812 ἁμαρτίαν
