3828 6180
298 185 401 251 737

1464 185 1561 245 DE
1602 183 1926 246 JEIUNIU
1958 186 2405 247 SABBATINO.

3459 194 3570 256 7‘78

295 296 501 352 αὐτῶν
528 296 776 359 ταύτην.
826 296 987 350 ’Λλλὰ
1013 294 1218 349 τούτων
1257 295 1406 350 οὐδὲν
1437 290 1600 366 ἦττον
1632 296 1875 365 βλάσφη-
1909 302 1950 357 Α
1983 295 2501 365 ἀναισχυντοῦντας,
2530 296 2620 348 καὶ
2672 296 2770 365 τῆς
2819 296 2912 349 τοῦ
2965 297 3281 366 Πνεύματος
3330 300 3568 362 ἀναιδῶς

297 405 389 459 μοι
433 389 526 440 καὶ
556 388 786 457 πονηροὶ
828 390 956 458 περὶ
987 389 1045 441 τὸ
1084 389 1226 441 θεῖον
1257 390 1537 458 φαίνονται
1575 389 1797 446 Πνεῦμα
1826 390 1875 441 οἱ

293 479 598 548 χρημάτων
634 477 765 530 αὐτὸ
793 477 1107 547 νομίζοντες
1141 474 1308 532 εἶναι.
1345 478 1510 530 Ὥστε
1548 480 1643 531 καὶ
1673 479 1750 547 τῷ
1781 478 1875 547 μέ-

291 587 410 641 τρῳ
441 570 549 623 τῶν
578 570 857 640 ἀργυρίων
886 569 947 623 τὸ
984 568 1186 639 μέτρον
1215 572 1315 638 τῆς
1339 569 1546 639 δωρεᾶς
1578 572 1875 625 ἐπακίλου-

292 663 394 717 θεῖ.
444 663 609 715 Ὅθεν
667 660 943 716 κάνταῦθα
1011 663 1175 716 κάκεῖ
1233 662 1332 726 τὰς
1382 662 1612 733 ἐσχάτας
1673 664 1873 718 τίνουσι

289 754 471 816 δίκας.

361 848 484 897 Ὀτι
516 844 572 898 δέ
604 845 842 914 χαλεπόν
874 846 1024 899 ἐστιν
1062 845 1416 916 ίατρευθῆναι
1459 847 1577 900 τόδε
1606 849 1666 901 τὸ
1700 848 1872 913 πάθος

287 932 429 985 ὥστε
456 934 552 986 καὶ
586 934 921 1005 συγγνώμης
942 938 1150 1006 τυχεῖν,
1180 937 1408 1007 ἐναργές
1433 939 1545 991 ἐστι
1572 938 1649 1008 τῷ
1686 939 1872 1009 βουλο-

292 1029 442 1097 μένῳ
467 1029 713 1080 σκοπεῖν*
749 1027 1213 1099 ἐναποθνήσκουσι
1245 1032 1372 1101 γὰρ,
1406 1031 1502 1085 καὶ
1556 1032 1670 1086 οὔθ’
1708 1036 1757 1087 οί
1802 1036 1870 1089 τὰ

284 1118 546 1187 χρήματα
613 1117 869 1182 λαϐόντες
915 1118 1284 1185 ἀναδιδόασιν,
1315 1121 1433 1176 οὗθ’
1473 1124 1523 1176 οἱ
1566 1124 1869 1191 δεδωκότες

291 1208 742 1277 παραιτούμενοι,
800 1208 918 1261 ἀλλ’
962 1209 1171 1281 ἀνίεροι
1212 1212 1306 1265 καὶ⁸
1347 1214 1414 1285 τῇ
1461 1213 1728 1285 βαρύτητι
1758 1217 1868 1270 τῶν

284 1299 524 1351 κανόνων
565 1300 669 1351 ὑπὸ
720 1301 921 1353 κανόνα
972 1300 1130 1370 δίκην
1171 1303 1297 1366 τοὺς
1328 1306 1651 1374 προσιόντας
1682 1306 1866 1375 σφίσιν

283 1391 670 1454 ἐξαπατῶντες
702 1393 797 1444 ἐπὶ
824 1393 917 1446 τὸν
947 1392 1112 1446 αὑτὸν
1142 1395 1387 1464 κρημνὸν
1414 1396 1685 1453 ἕλκουσιν.
1720 1399 1782 1450 Οί
1808 1399 1864 1452 δὲ

285 1481 622 1552 ἱεροσυλοῦσι
648 1482 716 1535 τὰ
762 1484 946 1546 κακῶς
980 1483 1083 1552 μὲν
1123 1487 1458 1555 συνηγμένα,
1494 1487 1775 1551 δυσσεϐῶς
1808 1490 1865 1542 δὲ

280 1571 702 1637 ἐξαναλωθέντα,
740 1572 1160 1645 δυσσεϐέστερον
1193 1573 1349 1637 αὖθις
1396 1579 1489 1631 καὶ
1526 1579 1707 1648 χεῖρον
1747 1581 1863 1649 ἐπι-

1981 388 2388 458 ἐπιφυομένους
2422 391 2489 441 τὰ
2518 389 2627 441 τῶν
2661 388 2823 459 ίερῶν
2858 391 3100 444 κανόνων
3123 392 3281 460 ἔτεμε
3307 392 3437 462 ξίφη
3464 410 3477 424 ·
3508 395 3574 444 τὸ

1979 483 2034 535 δὲ
2092 481 2278 535 λοιπὸν
2333 482 2480 536 ἅπαν
2529 482 2829 551 ἐσωφρόνει
2874 499 2933 535 τε
2990 484 3087 537 καὶ
3130 484 3265 537 Θεοῦ
3319 488 3414 538 καὶ
3457 487 3566 538 τῶν

1980 574 2138 627 θείων
2170 573 2351 642 νόμων
2385 573 2675 640 ὑπέρδικον
2710 572 2777 644 ἦν
2804 590 2819 607 ο
2860 576 2952 629 καὶ
2982 575 3108 639 πῶς·
3135 576 3201 630 ἂν
3231 574 3343 647 εἷχε
3370 578 3561 646 λόγον;

1977 664 2175 719 οὐκοῦν
2201 665 2320 718 οὐδὲ
2350 665 2647 734 περιεώρα.
2689 666 2827 719 Ἀλλ’
2855 662 3025 737 ἦρχον
3054 668 3154 737 μὲν
3179 668 3274 722 τοῦ
3301 670 3564 723 πλείστου

1975 759 2073 825 τῆς
2119 757 2445 825 οἰκουμένης
2482 757 2533 810 οί
2580 757 2710 827 παρ’
2740 758 2871 829 ἡμῖν
2912 759 3207 828 ἄρχοντες⁶
3245 758 3315 813 τά
3358 761 3415 813 δὲ
3459 762 3561 829 τῆς

1987 844 2318 915 Ἐκκλησίας
2369 846 2523 915 ἤνθει
2574 847 2714 899 πάνυ
2752 848 2985 916 σεμνῶς.
3022 846 3083 900 Et
3126 848 3185 904 δὲ
3220 850 3318 918 οὐχ
3359 849 3559 914 οὕτως,

1974 937 2062 1006 ἄρ’
2098 931 2191 990 οὖν
2224 935 2324 989 οὐκ
2355 936 2522 1008 ἐχρῆν
2552 936 2643 990 τὸν
2682 937 2816 991 Θεὸν
2844 937 2954 992 τῶν
2986 937 3136 991 ἰδ’ων
3172 940 3355 1008 νόμων
3388 940 3556 1011 ὑπέρ-

1971 1023 2123 1077 δικον
2158 1022 2443 1092 γίγνεσθαι
2471 1040 2484 1053 ·
2516 1024 2748 1094 ἀρκοῦσι
2781 1025 2890 1095 γὰρ
2931 1027 3009 1088 είς
3033 1026 3227 1095 ὀδύνην
3261 1029 3354 1079 καὶ
3388 1028 3559 1095 ἄλγοςΔ

1972 1117 2069 1167 καὶ
2111 1115 2347 1184 δάκρυον
2394 1117 2509 1178 τοῖς
2548 1116 2654 1168 τῶν
2684 1115 3004 1185 δεινοτέρων
3038 1116 3552 1187 συναισθανομένοις

1970 1207 2029 1261 αἱ
2059 1224 2131 1259 πα
2145 1207 2212 1276 ρά
2255 1208 2354 1277 τῆς
2386 1205 2499 1259 ἄνω
2533 1206 2689 1275 δίκης
2716 1208 2912 1271 αἱκίαι,
2940 1209 2976 1277 ἢ
3004 1207 3106 1271 τάς
3136 1208 3368 1276 ἀνομίας
3398 1210 3557 1279 ἡμῶν

1970 1299 2028 1351 ἐν
2075 1297 2259 1368 ῥάϐδῳ
2287 1297 2380 1349 καὶ
2412 1296 2669 1367 μάστιξιν
2719 1296 3074 1366 ἐπισκέψεται
3109 1316 3115 1328 -‘
3174 1296 3296 1351 ὅθεν
3338 1299 3431 1351 καὶ
3478 1298 3554 1359 ὡς

1971 1395 2255 1461 προεῖπεν,
2292 1390 2439 1444 οὕτω
2473 1391 2567 1445 καὶ
2608 1388 2997 1460 πεπλήρωκεῦλ
3019 1390 3191 1459 ἔργῳ,
3215 1387 3358 1441 οὕτω
3394 1388 3551 1441 καθιο

1969 1484 2207 1548 κομένας
2278 1483 2436 1552 ἡμῶν
2504 1483 2562 1534 ἐν
2628 1484 2784 1551 τάχει
2865 1480 3055 1545 καὶ,ὃ
3121 1497 3292 1549 φασι,
3356 1481 3551 1550 μέχρις

1968 1574 2145 1628 ὀστῶν
2186 1591 2244 1627 τε
2293 1574 2388 1627 καὶ
2424 1572 2658 1642 μυελῶν,
2698 1572 2775 1635 ὡς
2804 1567 2943 1626 εἶναι
2974 1572 3322 1641 παράδειγμα
3353 1572 3549 1624 δυστυ-

282 1666 609 1732 συνάγοντες
635 1664 728 1716 ἐπί
752 1666 871 1727 ταῖς
897 1642 1208 1734 συμφοραῖς
1228 1667 1417 1734 ἀϊδίοις
1449 1642 1659 1723 ἑαυτῶν
1681 1687 1738 1723 τε
1768 1648 1863 1724 καὶ
1896 1642 1936 1697 Β
1969 1668 2091 1738 χίας
2130 1668 2212 1729 είς
2253 1664 2343 1717 τὸν
2389 1663 2505 1733 βίον
2534 1663 2595 1715 τὸ
2626 1661 2783 1731 γένος
2811 1662 2972 1731 ἡμῶν
3007 1662 3147 1730 μετά
3173 1662 3279 1714 τῶν
3323 1663 3380 1713 ἐν
3407 1661 3554 1731 αὐτῇ

282 1756 570 1809 συναιτίων
614 1756 768 1808 τοῦδε
813 1754 908 1809 τοῦ
945 1756 1159 1826 μίσους.
1192 1758 1313 1828 Ἆρ’
1344 1758 1435 1812 οὖν
1463 1759 1656 1829 ἔμελεν
1689 1761 1861 1829 ὑπερ-

280 1849 412 1919 ορᾷν
442 1849 601 1919 ἡμῶν
631 1852 658 1903 ό
692 1849 847 1915 Θεὸς,
883 1849 987 1913 ἕως
1021 1850 1145 1914 τοὺς
1192 1851 1344 1904 κατὰ
1377 1851 1468 1905 τὸν
1509 1853 1652 1908 θεῖον
1698 1854 1859 1923 νόμον

566 2208 1010 2424 ΤΟΥ
1058 2116 1063 2121 ’
1112 2080 1852 2384 ΑΥΤΟΥ

1968 1760 2166 1829 τιμίων
2193 1758 2454 1812 ἀπάντων
2483 1754 2577 1809 καὶ
2606 1752 2860 1825 δακρύων
2887 1755 2999 1817 τοῖς
3032 1752 3320 1825 πορρωθεν
3346 1751 3551 1822 ἐρῶσιν

1971 1852 2252 1909 ὑπόθεσιν.

1952 2210 3246 2385 ΓΕΝΝΑΔΙΟΥ

1200 2474 1548 2609 ΤΟΥ
1657 2426 2645 2610 ΣΧΟΑΑΡΙΟΥ

421 2701 716 2786 ΚΑΤΑ
818 2706 1037 2792 ΤΗΣ
1114 2707 1343 2795 ΤΩΝ
1433 2688 1931 2799 ΑΑΤΙΝΩΝ
2006 2713 2153 2797 EN
2240 2708 2734 2826 ΣΑΒΒΑΤῼ
2813 2712 3392 2799 ΝΗΣΤΕΙΑΣ.

1694 2880 1809 2934 Καὶ
1838 2878 1970 2951 περὶ
2002 2878 2096 2932 τοῦ

978 3012 1094 3069 ΟΤΙ
1122 3013 1214 3068 ΟΥ
1246 3015 1351 3070 ΔΕΙ
1382 3015 1476 3069 ΕΝ
1505 3016 1574 3069 Μ’
1601 3015 1905 3071 ΤΕΛΕΙΑΝ
1942 3015 1983 3067 Γ
1986 3012 2278 3067 ΕΝΕΣΘΑΙ
2310 3009 2825 3077 ΜΥΣΤΑΓΩΓΙΑΝ,

1069 3154 1168 3223 Ὦς
1200 3156 1271 3211 ἐκ
1307 3155 1429 3210 τῶν
1461 3156 1636 3211 θείων
1665 3153 1949 3211 κανόνων
1998 3152 2034 3221 ἡ
2078 3149 2391 3217 ἀπόδειξις
2442 3149 2736 3220 πέφυκεν.

1286 3297 1401 3351 ΕΤΙ
1430 3299 1513 3351 ΔΕ
1569 3298 1689 3351 ΚΑΙ
1739 3294 1899 3347 ΠΕΡΙ
1935 3292 2173 3347 ΓᾹΜΩΝ
2208 3293 2482 3347 ΙΕΡΕΩΝ.

338 3569 405 3623 Ἡ
433 3569 569 3642 πρὸς
597 3570 689 3624 τὸν
716 3568 943 3641 πλησίον
972 3570 1182 3643 ἀγάπη,
1215 3572 1361 3627 καθά
1393 3588 1560 3643 φησιν
1607 3573 1635 3626 ό
1667 3572 1834 3626 ’Ᾱπό-
1860 3570 1908 3636 c
1942 3570 2036 3639 κῇ.
2064 3567 2176 3622 Καὶ
2202 3567 2445 3638 πρῶτον,
2486 3565 2571 3618 ὅτι
2595 3563 2656 3618 οὐ
2687 3562 2793 3634 χρὴ
2816 3561 3107 3633 νηστεύειν
3136 3564 3200 3617 τὸ
3226 3562 3533 3620 Σάϐϐατον.

264 3663 471 3727 στολος,
528 3662 903 3734 μακροθυμεῖν
961 3665 1111 3735 ἡμᾶς
1171 3665 1486 3719 ἐκπαιδεύει
1524 3680 1541 3696 ο
1597 3664 1720 3719 ἐπεὶ
1749 3665 1844 3718 καὶ

259 3752 686 3823 ἀπῖργαςομένη
722 3755 848 3818 τοὺς
874 3753 1082 3825 ταύτην
1098 3755 1512 3825 ἀσπαζομένους
1548 3755 1840 3827 χρηστοὺς,

260 3847 322 3898 οὗ
350 3846 661 3911 λογίζεσθαί
702 3863 754 3899 τι
808 3847 1019 3911 κακὸν,
1067 3847 1201 3900 ἀλλὰ
1255 3849 1320 3917 τῇ
1364 3846 1685 3920 δικαιοσύνῃ
1747 3849 1841 3901 καὶ

258 3936 493 4008 ἀληθείᾳ.
520 3939 655 4006 μετὰ
703 3936 813 3989 τῶν
835 3937 1019 3999 αὐτοῖς
1046 3937 1370 4007 όμοφρόνων
1432 3941 1843 4008 συγχαίροντας

258 4028 523 4083 δείκνυσι.
557 4028 861 4099 Τοιγαροῦν
906 4030 969 4082 οὐ
1016 4030 1129 4100 χρή
1176 4046 1303 4084 τινα
1349 4030 1697 4099 φυσιοῦσθαι,
1747 4032 1841 4084 καὶ

259 4122 404 4174 κατὰ
446 4122 555 4174 τῶν
585 4122 745 4175 θείων
782 4122 1015 4192 Γραφῶν
1073 4122 1530 4193 παροτρύνεσθαι,
1582 4123 1717 4177 ἀλλὰ
1768 4124 1838 4177 τὰ

257 4212 434 4281 ὀρθῶς
483 4214 577 4266 καὶ
639 4214 865 4277 δικαίως
918 4214 1068 4285 παρά
1127 4230 1185 4266 τε
1235 4216 1344 4268 τῶν
1400 4215 1718 4269 ἀποστόλων
1743 4214 1839 4269 καὶ

264 4307 425 4359 θείων
453 4307 880 4376 δογματισθέντα
904 4310 1161 4379 Πατέρων
1189 4310 1413 4379 κρατεῖν
1445 4306 1837 4378 ἀπαρασαλεύ-

254 4415 364 4460 τως
398 4398 623 4467 ὀφείλει.
658 4400 833 4453 Πολλὰ
856 4402 955 4471 μὲν
976 4401 1288 4470 θεαρέστως
1335 4403 1368 4471 ἡ
1419 4400 1527 4454 τῶν
1583 4400 1835 4471 Γραικῶν

268 4492 567 4563 Ἐκκλησία
600 4493 895 4564 κρατοῦσα,
920 4494 994 4557 ῶς
1031 4495 1135 4566 ήδη
1182 4496 1277 4549 καὶ
1329 4494 1563 4565 εἴρηται,
1594 4492 1629 4547 ἀ
1657 4495 1749 4546 καὶ
1779 4493 1837 4546 ἐν

252 4586 378 4645 ταῖς
413 4585 585 4653 ἱεραῖς
618 4585 771 4654 ὑμῶν
800 4585 1005 4655 βίϐλοις
1053 4586 1389 4653 γέγραπται,
1422 4576 1470 4639 ὦ
1510 4585 1701 4653 ἀνδρες
1730 4587 1835 4636 Λα-

1946 3661 2141 3713 Κανὼν
2194 3654 2573 3717 ἀποστολικός.
2636 3674 2655 3707 ι
2692 3655 2759 3708 Et
2801 3671 2886 3719 τις
2945 3654 3230 3725 κληρικὺς,
3275 3655 3533 3727 ἢλαῖκὸς

1944 3752 2169 3822 εὑρεθῇ,
2199 3752 2296 3819 τὴν
2335 3747 2626 3820 Κυριακὴν
2666 3746 2896 3818 ἡμέραν,
2941 3746 2975 3816 ἢ
3009 3748 3075 3801 τὸ
3110 3746 3392 3825 Σάϐϐατον
3433 3764 3535 3818 νη-

1946 3843 2175 3907 στεύων,
2206 3842 2347 3910 πλὴν
2386 3839 2479 3892 τοῦ
2508 3839 2627 3901 ἐνὸς
2656 3838 2962 3905 Σαϐϐάτου,
3019 3840 3069 3891 εί
3112 3839 3217 3907 μὶν
3264 3837 3535 3909 κληρικος.

1944 3936 2051 4003 εῖη,
2087 3930 2482 4000 καθαιρείσθω,
2509 3931 2558 3981 εί
2585 3929 2643 3982 δὲ
2664 3928 2873 3991 λαῖκδς,
2894 3927 3261 3996 ἀφοριζέσθω.
3305 3945 3326 3979 ι

2015 4027 2140 4079 ’Ότι
2163 4024 2222 4079 δὲ
2254 4024 2363 4077 τῶν
2386 4019 2704 4074 ἀποστόλων
2727 4019 2777 4072 οἱ
2810 4023 2899 4105 πε⁹
2924 4012 3074 4072 οὗτοι
3103 4018 3331 4080 κανόνες
3360 4018 3535 4084 εἰσὶν,

1943 4117 2123 4183 ἔξεστι
2143 4113 2305 4168 τοῦτο
2338 4112 2537 4182 μαθεῖν
2574 4111 2685 4163 ἀπό
2702 4127 2759 4161 τε
2787 4109 2897 4162 τῶν
2924 4108 3085 4162 θείων
3118 4107 3401 4178 Πατέρων,
3430 4108 3535 4161 καὶ

1940 4208 2050 4263 ἀπὸ
2087 4206 2196 4261 τῶν
2243 4200 2643 4271 οίκουμενικῶν
2683 4201 2855 4268 ἁγίων
2893 4199 3145 4264 συνόδων,
3175 4199 3251 4262 ὡς
3306 4198 3533 4263 τούτοις

1940 4300 2215 4372 ἁρμοδίως
2279 4296 2659 4367 στοιχούντων,
2713 4288 2789 4348 ὧν
2855 4294 2949 4346 καὶ
3002 4295 3070 4346 τὰ
3109 4292 3359 4362 δόγματα
3390 4292 3533 4361 περὶ

1937 4392 2142 4446 τούτων
2196 4387 2660 4457 διαλαμϐάνοντα,
2716 4385 2827 4438 ἱδοὺ
2888 4384 2980 4437 καὶ
3041 4383 3351 4453 γράφομεν.
3411 4384 3532 4437 Καὶ

1938 4482 2156 4553 πρῶτον
2190 4483 2217 4534 ὁ
2248 4479 2389 4542 θεῖος
2424 4478 2728 4540 Βασίλειος,
2760 4475 2818 4529 ἐν
2849 4493 2958 4529 τινι
2987 4475 3096 4528 τῶν
3134 4473 3302 4528 αὑτοῦ
3324 4473 3525 4543 λόγων,

1935 4570 2055 4644 οῦή
2090 4574 2258 4643 ἀρχὴ,
2297 4560 2315 4622 ι
2356 4569 2755 4638 Παρακαλεῖτε,
2802 4568 2994 4638 φησὶν,
3046 4568 3235 4636 ἱερεῖς,
3275 4587 3294 4617 ι
3366 4582 3532 4634 φανεν

254 4678 412 4739 τίνοι,
454 4675 554 4728 κᾶν
584 4676 678 4730 καὶ
713 4676 961 4739 ἀτάκτως
986 4676 1263 4743 ψέγωνται
1299 4677 1453 4745 παρά
1506 4692 1667 4727 τινων
1722 4675 1834 4727 τῶν
1938 4669 2031 4739 ρδν
2060 4667 2331 4719 δείκνυσιν
2354 4664 2435 4717 δτι
2483 4664 2544 4715 οὐ
2577 4661 2905 4732 νηστευτέον
2955 4660 3066 4723 τοῖς
3124 4659 3385 4723 Σάϐὅασι,
3429 4659 3529 4713 καε

253 4768 315 4831 ἐξ
348 4766 502 4835 ὑμῶν
524 4767 919 4838 διαϐιλλόμενα
974 4769 1049 4830 ὡς
1093 4767 1415 4837 ἀπόκρυφα,
1473 4767 1565 4818 καὶ
1616 4767 1672 4818 ἐν
1715 4767 1835 4827 ταῖς
1937 4778 2125 4831 φησιν,
2160 4778 2178 4809 ι
2222 4757 2365 4827 Ἤδη
2387 4750 2480 4809 οὖν
2511 4755 2707 4807 σαυτὸν
2747 4752 2899 4817 ἀξιον
2945 4752 3361 4822 παρασκεύασον
3421 4752 3527 4821 τῆς

265 4857 603 4927 Ῥωμαϊκαῖς
626 4859 777 4927 ὑμῶν
812 4858 1039 4927 βίϐλοις,
1073 4857 1137 4919 ἂς
1169 4858 1275 4910 ἀπὸ
1322 4856 1543 4924 Ῥώμης
1589 4857 1616 4908 ό
1648 4854 1833 4926 ῥηθεὶς
1866 4920 1902 4927 _
1940 4850 2275 4921 σεμνοτάτης
2311 4847 2589 4916 νηστείας,
2622 4846 2696 4913 μὴ
2731 4847 2794 4915 τῇ
2822 4845 3095 4914 σημερινῇ
3128 4844 3271 4916 μέθῃ
3292 4844 3389 4913 τὴν
3421 4846 3520 4895 αὖ-

255 4920 584 5019 καρδηνάλις
718 4920 1281 5003 Κωνσταντινουπόλει
1330 4920 1572 5015 κομίζων
1738 4947 1834 4999 αύ-
1866 4920 1913 4980 D
1945 4946 2097 5017 ρινὴν
2149 4943 2468 5014 διαφθείρῃς
2511 4940 2864 5008 ἐγκράτειαν.
2931 4937 3116 4999 Κακὸς
3163 4939 3191 4988 ό
3238 4935 3517 5004 λογισμὸς,

253 5042 344 5103 τὸς
371 5040 631 5101 πολλάκις
652 5039 939 5107 ὲῼκύπτων
971 5034 1125 5109 εὗρον
1158 5039 1254 5091 σῦν
1289 5038 1469 5099 ἄλλοις
1498 5038 1677 5088 ἐκεῖσε
1706 5035 1834 5097 τοὺς
1933 5036 2144 5107 πονηρά
2170 5038 2201 5107 ἡ
2230 5033 2523 5104 ἐπιθυμία.
2560 5031 2782 5102 Ἐπειδὴ
2815 5031 2979 5084 πέντε
3019 5029 3244 5101 ἡμερῶν
3293 5028 3521 5096 νηστεία

254 5134 365 5185 τῶν
399 5133 558 5185 θείων
584 5132 902 5185 ἀποστόλων
930 5132 1024 5183 καὶ
1054 5132 1313 5199 Πατὲρων
1339 5131 1588 5191 κανόνας,
1620 5126 1831 5195 οὕσπερ
1933 5129 2065 5199 ἡμῖν
2116 5127 2566 5197 προκεκήρυκται
2595 5165 2611 5189 ,
2663 5124 2905 5194 σήμερον
2958 5120 3189 5183 ἑαυτοὺς
3253 5121 3321 5189 τῇ
3374 5117 3521 5188 μέθῃ

252 5228 411 5295 ὑμεῖς
445 5227 501 5278 ἐν
540 5227 657 5285 τοῖς
677 5224 873 5276 νεωστὶ
899 5224 1210 5290 γενομένοις
1240 5222 1519 5291 δεκρέτοις
1584 5221 1829 5289 ἀποκρύ-

1933 5218 2473 5287 καταϐαπτίσωμεν,
2525 5215 2713 5276 Οὐδεὶς
2779 5215 3012 5282 γυναῖκα
3060 5210 3264 5281 σεμνὴν
3333 5210 3519 5279 νόμοις

253 5334 377 5384 φοῖς
415 5316 763 5386 σημειοῦσθε,
812 5314 888 5375 ῶς
920 5314 1010 5365 καὶ
1042 5312 1212 5365 ταῦτα
1260 5313 1507 5380 ἔγνωμεν
1543 5326 1558 5341 ⁸
1622 5312 1832 5379 ἀπηγό-
1931 5314 2190 5383 γαμικοῖς
2215 5310 2522 5379 ἐπάγεσθαι
2560 5308 2792 5377 μέλλων,
2831 5305 3169 5366 παλλακίδας
3224 5303 3321 5357 καὶ
3366 5303 3519 5357 ἑταί-

255 5429 415 5483 ρευον
440 5413 494 5464 δὲ
526 5411 598 5481 μὴ
631 5409 913 5477 νηστεύειν
946 5411 1056 5469 τοῖς
1090 5405 1386 5465 Σάϐϐασιν,
1423 5407 1469 5456 εί
1498 5405 1571 5474 μὴ
1622 5404 1711 5474 τῷ»
1747 5406 1828 5457 ἐνὶ

254 5506 348 5555 καὶ
380 5504 545 5573 μόνῳ,
586 5502 721 5571 μήτε
747 5501 851 5569 μὴν
882 5499 1212 5568 προσφέρειν
1241 5499 1308 5565 τῇ
1354 5495 1487 5565 ἁγίᾳ
1540 5496 1827 5566 Τεσσαρα-

249 5596 419 5663 κοστῇ
449 5592 591 5647 θεῖον
618 5592 803 5662 ἄρτον,
847 5588 959 5643 ἀλλ’
991 5589 1022 5659 ἢ
1060 5591 1115 5640 ὲν
1147 5586 1411 5656 Σαϐϐάτῳ
1456 5587 1551 5641 καὶ
1617 5588 1830 5656 Κυρια-

1939 5418 2038 5470 ρας
2060 5399 2352 5469 προλαϐὼν
2383 5397 2674 5462 είσοικίζει
2711 5415 2727 5429 ·
2776 5398 2837 5450 οὐ
2868 5397 2977 5467 γὰρ
3006 5396 3258 5465 ἀνέχεται
3291 5395 3322 5466 ἡ
3369 5396 3525 5463 νόμι-

1941 5511 2041 5563 μος
2075 5493 2174 5560 τὴν
2207 5493 2345 5559 μετά
2366 5492 2476 5545 τῶν
2506 5489 2868 5560 ἐφθαρμένων
2900 5489 3241 5557 συνοίκησιν.
3279 5505 3297 5540 ι
3357 5487 3468 5540 Καὶ
3494 5487 3526 5539 ὀ

1940 5590 2083 5655 θεῖος
2119 5589 2504 5661 Χρυσόστομος
2532 5589 2589 5642 ἐν
2619 5589 2684 5656 τῇ
2723 5591 2791 5640 ια’
2819 5584 3006 5673 ὁμιλίᾳ
3032 5584 3131 5652 τῆς
3175 5582 3525 5649 Ἐξαημέρου
