3828 6180
335 191 436 260 πιι

1495 203 1591 272 DE
1622 214 1940 276 JEJUNIO
1972 218 2421 288 SABBATINO.

3487 242 3593 307 ’142

334 315 428 366 καὶ
461 314 716 384 κυριακῇ
749 319 927 384 μόνον.
987 319 1148 374 Ἀλλὰ
1186 322 1276 374 καὶ
1308 323 1364 376 ἐν
1389 327 1452 394 τῇ
1494 328 1698 398 συνόδῳ
1727 331 1794 398 τῇ
1838 332 1911 383 οἱ·
1942 337 1988 393 Α
2016 334 2091 386 ΕΖ
2128 351 2218 402 τις
2239 337 2586 411 ἐπισκοπῆς
2612 341 2903 412 ὀρέγεται,
2936 347 3128 401 καλοῦ
3179 348 3359 418 ἔργου
3393 352 3596 408 ἐπιθυ-

333 409 629 477 κουμενικῇ
663 409 721 460 ἐν
752 408 1031 481 νεὲραλαίῳ
1060 419 1140 480 νγ⁹
1167 414 1224 468 ἐν
1254 416 1457 481 πάσαις
1485 420 1602 484 ταῖς
1629 423 1726 491 τῆς
1755 423 1912 491 ἁγίας

334 495 802 572 Τεσσαρακοστῆς
847 503 956 556 τῶν
1010 505 1278 574 νηστειῶν
1343 510 1576 578 ἡμέραις
1644 516 1915 584 παρεκτὸς

338 590 620 646 Σαϐϐἀτου
648 596 742 649 καὶ
773 597 1078 669 Κυριακῆς,
1105 603 1198 655 καὶ
1228 601 1328 672 τῆς
1359 603 1518 671 ἀγίας
1544 607 1638 660 τοῦ
1672 592 1915 678 Εὐαγγε-

331 678 526 750 λισμοῦ
565 686 800 756 ἡμέρας,
832 690 1065 755 γινέσθω
1094 692 1128 762 ή
1159 691 1264 744 τῶν
1304 697 1765 767 προηγιασμένων
1794 700 1913 770 ἱερά

331 773 660 843 λειτουργία.

404 861 561 918 Οὕτω
579 867 758 923 τοίνυν
810 870 904 922 καὶ
950 874 1357 944 παραλαϐόντες
1396 881 1578 950 ἡμεῖς,
1631 882 1912 938 Σάϐϐατον

331 953 754 1028 λειτουργοῦμεν
779 965 871 1015 καὶ
909 966 1199 1038 Κυριακὴν
1229 974 1372 1024 κατά
1411 975 1510 1042 τὴν
1538 973 1588 1042 γ’
1629 974 1780 1045 ῶραν
1810 977 1913 1046 τῆς

330 1045 565 1116 ἡμέρας,
600 1050 689 1103 ὅτε
719 1054 800 1117 είς
834 1057 959 1120 τοὺς
1005 1059 1182 1124 θείους
1217 1063 1552 1128 ἀποστόλους
1583 1067 1824 1137 κατῆλθε
1851 1045 1910 1122 τὸ

331 1137 557 1209 Πνεῦμα
585 1142 648 1194 τὺ
675 1143 833 1212 ἅγιον
865 1164 880 1178 '
941 1149 1020 1201 διδ
1052 1153 1149 1206 καὶ
1193 1157 1656 1224 προσκομίζοντες
1701 1160 1759 1212 ἐν
1813 1161 1912 1214 αύ-

329 1233 471 1295 ταῖς,
500 1231 802 1305 ἀγιάζομεν
826 1239 893 1291 τὰ
920 1239 1087 1312 δῶρα,
1118 1243 1176 1310 ἐξ
1207 1237 1284 1299 ὧν
1337 1246 1654 1317 ἀρκούντως
1710 1249 1908 1320 ἔχομεν

327 1323 393 1391 τῇ
426 1323 678 1393 ἐϐδομάδι
707 1327 801 1400 ὅλῃ
839 1347 854 1360 ·
879 1333 973 1384 καὶ
1000 1335 1057 1385 ἐν
1081 1335 1159 1404 τῷ
1182 1337 1302 1408 Θεῷ
1331 1343 1782 1412 συμπεραναντες
1805 1347 1907 1398 πᾶ-

332 1428 429 1463 σαν
453 1415 778 1485 ύμνολογίαν
819 1421 877 1472 ἐν
899 1423 977 1492 τῷ
1017 1425 1347 1497 πληρώματι
1394 1432 1486 1484 τοῦ
1523 1434 1802 1503 λυχνικοῦ,
1831 1438 1906 1489 εί-

332 1505 524 1568 πόντες
557 1509 654 1572 τάς
683 1516 1073 1583 τετυπωμένας
1101 1519 1198 1572 τοῦ
1233 1523 1472 1591 μεγάλου
1504 1525 1788 1582 Βασιλείου
1816 1531 1906 1582 εύ-

329 1595 448 1662 χάς,
481 1597 721 1668 ὑψοῦμεν
747 1603 814 1656 τὰ
839 1603 1006 1674 ’Ἅγια
1033 1607 1280 1677 λέγοντες
1303 1629 1317 1644 ο
1347 1613 1422 1668 Τὰ
1451 1621 1906 1688 προηγιασμένα

2013 425 2134 494 μεῖ.
2167 427 2270 482 Δεῖ
2289 426 2406 486 οὖν
2460 433 2566 487 τὸν
2595 435 2937 491 ἐπίσκοπον
2967 439 3386 507 ἀνεπίληπτον
3418 441 3594 507 εἶναι,

2011 518 2154 584 μιᾶς
2194 525 2482 591 γυναικὸς
2515 526 2726 596 ἄνδρα.
2760 530 2870 583 Kal
2891 531 3085 585 πάλινο
3118 530 3390 588 Διάκονοι
3415 536 3599 590 ἔστω-

2015 625 2139 664 σαν
2159 611 2300 679 μιᾶς
2330 617 2623 682 γυναικὸς
2673 618 2912 688 ἄνδρες,
2949 621 3181 674 τέκνων
3210 625 3412 690 καλῶς
3434 633 3598 693 προὶ-

2015 701 2304 771 στάμενοι
2359 708 2457 761 καί
2497 707 2616 763 τῶν
2649 709 2816 765 ίδίων
2865 713 3068 767 οἴκων.
3125 714 3272 783 Τίτῳ
3307 715 3361 768 δὲ
3409 719 3593 779 παλιν,

2021 795 2242 849 Τούτοῡ
2281 798 2479 865 χάριν,
2537 802 2693 871 φησὶ,
2757 805 3090 858 κατέλιπὸν
3141 805 3219 858 σὲ
3252 806 3321 859 ἐν
3371 807 3588 877 Κρήτης

2015 884 2116 940 ἵνα
2148 887 2219 942 τὰ
2242 890 2536 946 λείποντα
2585 894 3037 965 ἐπιδιορθώσῃς,
3064 896 3163 952 καὶ
3197 897 3344 952 κατὰ
3388 899 3593 965 πόλεις

2014 980 2410 1050 καταστήσῃς
2435 986 2908 1055 πρεσϐυτέρους,
2939 988 3019 1052 ὠς
3042 987 3157 1058 ἐγώ
3189 1004 3292 1042 σοι
3321 989 3595 1052 διεταξὰ-

2009 1075 2157 1158 μην,
2205 1071 2264 1123 εί
2307 1073 2401 1139 τίς
2451 1074 2625 1129 ἐστιν
2687 1076 3085 1147 ἀνέγκλητος,
3118 1077 3261 1149 μιᾶς
3310 1079 3594 1147 γυναικὸς

2011 1158 2190 1228 ἀνὴρ,
2227 1164 2409 1217 τέκνα
2436 1164 2595 1234 ἔχων
2629 1164 2835 1220 πιστά.

2095 1253 2239 1306 Ἀλλ’
2271 1254 2400 1320 ἴσως
2428 1259 2628 1328 ἐρεῖτε,
2658 1259 2743 1314 ὅτι
2771 1259 2869 1331 τὴν
2901 1260 3236 1331 Ἐκκλησίαν
3270 1259 3522 1329 λέγουσιν
3543 1260 3592 1312 οἱ

2011 1343 2325 1400 ἀπόστολοι.
2358 1349 2471 1402 Οὐκ
2494 1347 2611 1403 ἐστι
2639 1350 2695 1404 δὲ
2729 1352 2940 1416 οὕτως·
2970 1355 3019 1406 εί
3055 1354 3113 1408 δὲ
3169 1355 3244 1425 μή
3279 1373 3366 1423 γε,
3390 1355 3491 1408 οὐκ
3526 1354 3593 1407 ἂν

2012 1432 2186 1505 εἷπον,
2234 1440 2301 1492 El
2325 1458 2408 1505 τις
2456 1441 2696 1516 ἐκϐάλλῃ
2729 1443 2826 1515 τήν
2860 1446 3054 1499 ἐαυτοῦ
3086 1449 3326 1515 γυναῖκα
3380 1446 3595 1516 προφά-

2014 1544 2096 1581 σει
2127 1530 2438 1595 εύλαϐείας,
2471 1533 2722 1587 τουτέστι
2748 1536 2847 1604 τήν
2879 1535 3161 1592 σύνευνον.
3197 1538 3358 1591 Κατά
3397 1537 3454 1590 δέ
3493 1537 3593 1604 τήν

2012 1620 2180 1692 ἕκτην
2218 1623 2456 1691 σύνοδον,
2495 1625 2552 1678 τί
2603 1627 2806 1696 ἐρεῖτε,
2828 1628 3120 1701 λεγούσης,
3157 1649 3175 1682 ι
3213 1630 3401 1694 Οὕτως
3435 1633 3492 1682 ἐν
3525 1632 3591 1698 τῇ

330 1691 469 1760 ἅγια
498 1695 624 1762 τοῖς
654 1700 844 1769 ἁγίοις
877 1717 891 1730 ·
947 1704 1041 1756 καὶ
1070 1704 1214 1760 οῦτω
1247 1709 1482 1764 τελεῖται
1511 1713 1546 1782 ή
1586 1685 1764 1782 τάξις-
1797 1717 1908 1771 τῶν
1940 1685 1981 1740 Β
2021 1685 2315 1782 Ῥωμαίων
2359 1685 2661 1788 Ἐέκλησίᾷ
2705 1719 2762 1771 ἐν
2790 1685 2962 1784 ’τάέει
3019 1685 3244 1783 κέῒίόνος
3292 1685 3592 1790 παθαδεδδῖ

328 1783 489 1838 θείων
543 1789 916 1861 ίεροτελετῶν,
978 1797 1397 1869 φυλαττομένων
1447 1804 1542 1858 καὶ
1601 1807 1710 1859 τῶν
1766 1809 1904 1864 ἀπο⁸

328 1876 586 1930 στολικῶν
612 1880 930 1948 διατάξεων,
995 1889 1089 1942 καὶ
1143 1887 1252 1941 τῶν
1313 1890 1474 1962 ίερῶν
1526 1898 1768 1952 κανόνων
1798 1900 1910 1954 τῶν

293 1963 782 2058 ίάγίωνσυνόδων,
835 1973 1001 2042 μηδὲν
1056 1976 1260 2048 ἀπᾷδον
1298 1983 1365 2051 τῇ
1409 1980 1707 2058 Ἐκκλησία
1741 2005 1908 2060 προσ-

333 2057 612 2126 φέροντες.

646 2157 784 2224 Περὶ
816 2159 925 2214 τοῦ
954 2161 1149 2232 γάμου
1192 2164 1313 2219 τῶν
1355 2169 1584 2237 ἱερέων.

399 2243 544 2315 Πλὴν
579 2248 732 2302 οὐδὲν
770 2251 1104 2324 θαυμαστὸν,
1144 2259 1195 2310 εί
1242 2263 1598 2330 μετατίθεσθε
1633 2265 1740 2320 ἀπὸ
1796 2269 1906 2322 τῶν

325 2335 426 2404 τῆς
457 2337 784 2410 Ἐκκλησίας
811 2345 990 2414 ὀρθῶν
1024 2347 1336 2420 δογμάτων,
1365 2356 1461 2409 καὶ
1489 2358 1757 2427 πειρᾶσθε
1779 2361 1903 2414 ἐπι-

326 2431 498 2488 θεῖναι
529 2437 692 2506 ζυγὸν
723 2441 817 2493 ἐπί
844 2459 905 2494 τε
935 2441 1028 2495 τὸν
1054 2447 1324 2519 τράχηλον
1353 2451 1448 2504 τοῦ
1483 2453 1651 2508 καλοῦ
1702 2457 1905 2527 ταύτης

324 2526 707 2601 πληρώματος,
737 2534 830 2589 τὸν
864 2537 964 2606 τῆς
984 2541 1370 2610 παραϐάσεως,
1395 2543 1454 2598 ὃν
1481 2544 1608 2601 οὕτε
1647 2549 1697 2600 oi
1735 2526 1906 2605 Πατέ-

325 2638 420 2690 ρες
479 2623 632 2692 ὑμῶν
686 2627 781 2680 καὶ¹
840 2629 1022 2699 ήμῶν,
1058 2626 1138 2696 οἷς
1183 2635 1212 2687 ὁ
1264 2636 1714 2710 καρδιογνώστης
1769 2642 1906 2707 θεὸς

326 2715 708 2786 ἐμαρτύρησεν
760 2719 945 2784 αὐτοῖς
1004 2721 1129 2788 δοὺς
1189 2727 1376 2790 αὐτοῖς
1442 2729 1503 2783 τὸ
1561 2732 1784 2805 Πνεῦμα
1841 2739 1905 2791 τὸ

332 2808 508 2875 ἅγιον,
542 2812 812 2880 βαστᾶσαι
834 2815 934 2871 οὐκ
976 2837 1201 2894 ισχυσαν
1229 2839 1244 2853 ο
1269 2819 1379 2878 οἷόν
1407 2825 1521 2879 ἐστι
1551 2828 1614 2880 τὸ
1669 2829 1905 2902 ὑστερῆ-

339 2921 430 2957 σαι
457 2905 585 2970 τοὺς
622 2908 716 2961 τοῦ
757 2911 1032 2980 ίερατικοῦ
1064 2915 1388 2993 καταλόγου⁹
1437 2916 1530 2972 τοῦ
1563 2919 1744 2990 τιμίου
1807 2925 1915 2990 γά-,

2014 1802 2136 1855 σθαι
2163 1804 2489 1876 διέγνωμεν,
2526 1807 2653 1870 τοὺς
2683 1808 2984 1878 μέλλοντας
3034 1809 3322 1874 διακόνους
3353 1811 3386 1880 ἢ
3424 1827 3596 1881 πρτσ-

2011 1894 2276 1965 ϐυτέρους
2331 1901 2431 1968 τῆς
2491 1899 2822 1970 Ἐκκλησίας
2883 1901 3172 1966 ἀξιοῦσθαι
3230 1903 3590 1973 χειροτονίας.

2011 1989 2405 2060 καθομολογεῖν
2435 1993 2512 2055 ὡς
2545 1993 2644 2047 οὐκ
2681 1994 2766 2048 ἐτι
2801 1997 2921 2060 ταῖς
2954 1997 3172 2049 ἑαυτῶν
3228 1997 3594 2049 συνάπτονται

2009 2079 2294 2146 γυναιξίν;
2336 2081 2530 2152 Ἡμεῖς
2563 2082 2641 2153 τῷ
2691 2085 2910 2157 ἀρχαίῳ
2935 2085 3360 2148 ἀκολουθοῦντες
3408 2085 3593 2140 κανόνι

2009 2168 2110 2240 τῆς
2140 2172 2512 2245 ἀποστολικῆς
2557 2177 2846 2248 ἀκριϐείας
2879 2178 2972 2232 καὶ
3005 2177 3237 2246 τάξεως,
3264 2177 3334 2231 τά
3377 2176 3485 2230 τῶν
3520 2180 3594 2230 ls-

2011 2265 2251 2335 ρατικῶν
2303 2268 2516 2338 ἀνδρῶν
2550 2270 2692 2324 κατὰ
2725 2271 2926 2341 νόμους
2958 2271 3293 2336 συνοικέεια,
3343 2270 3442 2325 καὶ
3483 2270 3594 2324 ἀπὸ

2008 2355 2100 2408 τοῦ
2166 2357 2263 2411 νῦν
2323 2359 2598 2432 ἐρρῶσθαι
2667 2362 3015 2434 βουλόμεθα,
3076 2364 3342 2435 μηδαμῶς
3412 2362 3593 2416 αὐτῶν

2009 2444 2108 2517 τὴν
2170 2447 2308 2518 πρὸς
2361 2451 2462 2514 τὰς
2511 2453 2760 2522 γαμετὰς
2819 2455 3120 2521 συνάφειαν
3189 2453 3590 2520 διαλύοντες.ἣ

2010 2537 2442 2609 ἀποστεροῦντες
2474 2544 2673 2608 αὐτοὺς
2699 2545 2801 2614 τῆς
2833 2546 2973 2616 πρὸς
3001 2545 3270 2615 ἀλλήλους
3296 2547 3438 2599 κατὰ
3471 2562 3594 2598 και-

2012 2631 2104 2700 ρδν
2161 2632 2254 2684 τὸν
2313 2635 2672 2707 προσήκοντα
2715 2636 2958 2706 ὁμιλίας.
3004 2654 3024 2688 ι
3060 2637 3172 2690 Καὶ
3221 2635 3588 2706 μετ’,όλίγα·

2015 2743 2033 2776 ι
2071 2725 2137 2779 Et
2169 2743 2252 2790 τις
2284 2726 2379 2781 οὖν
2408 2728 2662 2801 τολμήσῃ
2690 2729 2846 2799 παρά
2895 2730 3022 2793 τοὺς
3064 2729 3466 2793 ἀποστολικοὺς
3491 2747 3590 2782 κα-

2008 2819 2167 2882 νόνας
2227 2822 2570 2890 κινούμενος,
2606 2822 2729 2877 τινὰ
2779 2823 2888 2877 τῶν
2922 2823 3240 2894 ἱερωμένων
3284 2823 3594 2893 πρεσϐυτέ-

2010 2927 2120 2980 ρων
2149 2911 2353 2982 φαμὲν,
2386 2915 2420 2983 ἢ
2475 2914 2762 2980 διακόνων,
2797 2916 3127 2986 ἀποστερεῖν
3168 2916 3267 2986 τὴν
3307 2915 3444 2985 πρὸς
3491 2916 3592 2984 τὴν

330 3014 456 3066 μου,
495 3001 714 3072 καὶτῆς
749 3003 1014 3072 ἀμιάντου
1047 3007 1254 3077 κοίτης⁸
1302 3007 1361 3062 δν
1390 3011 1484 3062 καὶ
1537 3013 1567 3065 ὁ
1633 3013 1906 3082 μακάριοξ
1929 3017 1976 3082 c
2008 3004 2241 3074 νόμιμον
2289 3009 2525 3073 γυναῖκα
2577 3007 2879 3076 συνάιρειαν
2909 3008 3003 3060 καὶ
3034 3007 3346 3072 κοινωνίαν,
3393 3005 3589 3060 καθαι-

222 3125 226 3129 .
329 3087 558 3152 Παῦλος,
580 3091 675 3140 καὶ
707 3091 904 3155 πάντες
926 3095 975 3146 οί
999 3093 1130 3148 θεῖοι
1156 3093 1442 3150 ἀπόστολοι
1475 3099 1899 3171 ἐνομοθέτησαν,

323 3179 373 3229 οί
409 3177 466 3231 δέ
498 3179 908 3262 θεῖοιρηατέρες
939 3184 999 3236 ἐν
1027 3187 1148 3248 ταῖς
1172 3189 1417 3253 συνόδοις
1454 3190 1758 3261 ἐκύρωσαν.
1812 3194 1903 3262 Ἐξ

320 3263 394 3322 ὧν
413 3273 508 3324 καὶ
537 3242 729 3335 οἷςετά
763 3242 862 3344 μέν
888 3242 1309 3349 προσεθήκατε,
1366 3242 1434 3335 τά
1493 3242 1570 3337 δὲι
1597 3242 1904 3357 ἀφαιρεῖτε,

322 3363 400 3432 μὴ
427 3364 658 3430 δεδιότες
686 3368 746 3419 τὸ
771 3371 1050 3439 ἐπιτίμιον
1074 3372 1322 3430 ἐκείνων.

392 3454 508 3506 Οὐκ
537 3455 757 3525 οἴδαμεν
787 3456 844 3510 δὲ
880 3459 1044 3513 πόθεν
1069 3462 1228 3516 τοῦτο
1257 3469 1430 3519 ποιεῖν
1465 3467 1765 3538 ἀνέχεσθε.,
1794 3473 1900 3527 Τοῦ

327 3543 425 3612 μὲν
457 3546 566 3615 γάρ
592 3549 774 3618 γάμου
805 3552 1106 3618 κωλύοντος
1158 3557 1284 3619 τοὺς
1334 3559 1500 3630 ίερεῖς
1553 3564 1902 3632 ἐπεισάκτοις

323 3639 586 3700 συνεῖναι,
613 3639 706 3694 τοῦ
738 3643 925 3712 τρίτου
957 3645 1184 3710 κανόνος
1221 3649 1320 3719 τῆς
1381 3652 1440 3705 ἐν
1493 3653 1696 3727 Νικαίᾳ
1750 3659 1905 3713 συνό-

317 3727 412 3780 δου
455 3731 614 3784 τοῦτο
664 3733 986 3804 κωλύοντος,
1020 3755 1040 3788 ι
1085 3737 1434 3808 ἐπείσακτον,
1465 3743 1736 3813 λέγοντος,
1799 3768 1901 3820 μη-

323 3821 435 3886 δεὶς
486 3826 677 3894 ἐχέτω,
736 3831 784 3881 εί
842 3831 916 3900 μὴ
979 3833 1062 3903 εἴη
1121 3834 1306 3904 μήτηρ
1340 3835 1368 3907 ἢ
1401 3837 1604 3907 ἀδελφή
1631 3855 1646 3869 ο
1674 3843 1767 3894 καὶ
1793 3843 1902 3897 τῶν

323 3922 651 3986 προσώπων,
688 3916 763 3978 ὧν
800 3924 950 3977 πᾶσα
985 3924 1193 3995 ὑποψία
1228 3926 1717 3998 ἀποδιδράσκεται·
1759 3951 1777 3983 ›
1811 3935 1904 3986 καὶ

319 4011 494 4065 ταῦτα
522 4015 620 4083 μὲν
649 4015 952 4085 εἰσδέχεσθε
1004 4018 1342 4088 παρανόμως
1393 4022 1680 4090 γινόμενα,
1735 4025 1804 4076 τὰ
1843 4025 1904 4078 δὲ

320 4106 547 4165 δικαίως
602 4109 1039 4178 νομοθετηθέντα
1071 4108 1395 4182 ,βδελυκτέα
1428 4113 1562 4184 παρ’
1617 4115 1771 4185 ὑμῶν
1809 4116 1900 4168 λο-

320 4199 556 4266 γίζεται.
591 4199 724 4253 Τίνα
758 4200 1017 4254 δὲταῦτα
1049 4203 1347 4258 ἀκούσατε.

401 4291 796 4359 Ἐπίσκοπος,
847 4293 1011 4364 φασὶν
1040 4295 1090 4346 οἱ
1132 4295 1266 4348 θεῖοι
1325 4298 1613 4352 ἀπόστολοι
1656 4302 1714 4355 ἐν
1748 4301 1824 4372 τῷ
1859 4301 1899 4356 ε’

2014 3096 2234 3166 ρείσθω.
2252 3098 2531 3162 Ὡσαύτως
2560 3099 2657 3154 καὶ
2691 3101 2746 3153 εί
2773 3117 2856 3163 τις
2888 3099 3265 3170 πρεσϐύτερος
3289 3099 3321 3170 ἥ
3344 3101 3591 3163 διάκονος

2007 3187 2108 3259 τήν
2159 3187 2353 3242 ἐαυτοῦ
2397 3193 2633 3258 γυναῖκα
2678 3192 2951 3262 προφάσει
3007 3190 3298 3254 εὐλαϐείας
3351 3190 3592 3262 ἐκϐάλλῃ

2008 3278 2392 3349 ἀφοριζέσθω,
2454 3281 2731 3350 ἐπιμένων
2786 3282 2842 3334 δὲ
2896 3281 3292 3352 καθαιρείσθω.
3348 3299 3368 3334 ι
3423 3281 3488 3334 Τί
3535 3280 3593 3334 δὲ

2009 3369 2147 3440 πρὸς
2175 3369 2348 3425 ταῦτά
2379 3388 2552 3440 φατε;
2602 3372 2726 3436 Πῶς
2775 3373 2846 3427 δῖα
2885 3373 2995 3425 τῶν
3031 3372 3295 3442 Πατέρων
3331 3373 3456 3443 δρια
3489 3390 3590 3442 μεο

2013 3462 2261 3518 ταθεῖναι
2299 3462 2540 3536 τολμᾶτε
2567 3481 2582 3532 ;
2621 3465 2790 3534 μηδὲν
2847 3466 2938 3519 τὸν
2965 3464 3060 3518 τοῦ
3095 3465 3376 3535 ἐπιτιμίου
3409 3467 3590 3520 κίνδυ-

2012 3569 2101 3604 νον
2129 3552 2498 3622 ὑφορώμενοι.
2542 3555 2704 3609 Ἀλλά
2737 3558 2831 3608 καὶ
2869 3557 2901 3627 ἡ
2942 3557 3000 3609 ἐν
3038 3557 3315 3627 Γάγγραις
3348 3558 3591 3625 σύνοδος,

2016 3645 2115 3699 ιΕἴ
2142 3663 2227 3709 τις
2259 3646 2551 3717 διακρίνει,
2580 3649 2736 3716 φησὶ,
2769 3649 2924 3717 παρά
2949 3650 3320 3720 πρεσϐυτέρου
3345 3667 3592 3723 γεγαμη-

2012 3738 2190 3802 κότος,
2219 3738 2294 3802 ώς
2327 3739 2402 3810 μὴ
2441 3741 2640 3809 χρῆναι
2666 3740 3158 3811 λειτουργήσαντος
3187 3741 3376 3809 αὐτοῦ,
3419 3761 3591 3811 μετα-

2010 3829 2308 3898 λαμϐάνειν
2347 3835 2690 3901 προσφορᾶς,
2716 3833 2970 3902 ἀνάθεμα
3007 3834 3170 3888 ἔστω.
3205 3853 3225 3886 ι
3275 3834 3332 3888 ’0
3358 3836 3414 3889 δὲ
3437 3837 3590 3904 ἅγιος

2010 3922 2376 3990 Αύγουσῖῖνος
2405 3922 2583 3988 αὖθις,
2622 3941 2641 3975 ι
2678 3924 3130 3994 Προστάττομεν,
3159 3925 3312 3994 φησὶ,
3343 3927 3479 3995 μηδέ
3511 3945 3592 3990 τις

2009 4015 2284 4082 ἀθέσμους
2340 4017 2678 4085 χειροτονίας
2727 4017 2957 4086 ποιήσῃ,
3000 4018 3074 4086 μὴ
3125 4017 3446 4087 δίγαμον,ἢ
3502 4020 3590 4072 τὶν

2011 4108 2086 4176 μὴ
2113 4105 2383 4173 παρθένον
2421 4105 2852 4175 μνηστευθέντα,
2881 4107 2914 4176 ἢ
2939 4108 3329 4177 ἀγράμματον.
3366 4129 3385 4161 ι

2077 4201 2193 4252 Οὐκ
2227 4198 2407 4251 οἴδατε
2441 4199 2496 4250 δὲ
2531 4199 2836 4266 καὶτοῦτο,
2871 4201 2952 4253 ὄτι
2987 4201 3173 4253 πολλοὶ
3205 4201 3314 4256 τῶν
3365 4203 3593 4274 διαπρε-

2007 4290 2226 4360 ψάντων
2263 4292 2320 4344 ἐν
2351 4289 2432 4361 τῷ
2464 4290 2638 4361 θρόνῳ
2684 4291 2778 4360 τῆς
2819 4290 3037 4361 Ῥώμης
3077 4294 3142 4346 ἐκ
3171 4294 3368 4363 γάμων
3394 4297 3590 4365 ἶερέυν

321 4387 508 4440 κανόνι
544 4386 749 4453 αὐτῶν,
803 4387 841 4457 ἢ
901 4389 1314 4456 πρεσϐύτερος
1369 4390 1408 4459 ἢ
1465 4391 1750 4459 διάκονος
1786 4395 1903 4462 τὴν
1935 4384 1982 4443 D
2009 4384 2105 4453 τὴν
2160 4385 2380 4452 γένεσιν
2417 4383 2576 4452 ἔσχον
2607 4401 2620 4447 ;
2654 4381 2823 4452 Φῆλιξ
2867 4383 2976 4454 γὰρ
3011 4385 3039 4437 ὁ
3093 4383 3389 4449 ὁσιώτατος
3435 4388 3588 4440 πάπ-

316 4475 540 4531 ἐαυτοῦ
565 4477 820 4547 γυναῖκα
863 4477 950 4545 μὴ
986 4479 1328 4533 ἐκϐαλλέτω
1373 4483 1676 4548 προφάσει
1718 4486 1904 4537 εὐλα-

318 4571 483 4636 ϐείας
504 4586 518 4600 ο
574 4570 684 4623 ἐὰν
715 4569 784 4622 δὲ
834 4571 1142 4637 ἐκϐάλλω,
1174 4571 1578 4640 ἀφοριζέσθω·
1607 4574 1906 4643 ἐπιμένων

317 4661 389 4716 δὲ
417 4664 837 4732 καθαιρείσθω.
880 4663 1074 4718 Ὀποία
1106 4663 1164 4716 δέ
1196 4659 1401 4732 ὀφείλει
1433 4659 1572 4717 εἶναι
1607 4666 1640 4734 η
1692 4667 1800 4718 τῶν
1833 4668 1903 4718 ίε-

317 4757 582 4826 ρωμένων
611 4755 867 4824 σύζυγος,
896 4755 954 4807 ἐν
995 4761 1064 4826 ιη’
1097 4756 1286 4809 κανόνι
1318 4755 1483 4808 πάλιν
1508 4758 1556 4810 οἱ
1605 4757 1761 4810 αὐτοὶ
1787 4758 1904 4811 δια-

314 4851 610 4905 τάσσονται
635 4850 907 4918 λέγοντες,
946 4850 1016 4902 '0
1058 4848 1256 4918 χήραν
1287 4851 1512 4918 λαϐὼν,
1551 4852 1585 4918 ἢ
1615 4853 1901 4920 ἐκϐεϐλη-

308 4942 527 5012 μένην,
564 4944 602 5012 ἢ
632 4943 894 5011 ἐταῒραν,
923 4940 962 5011 ἣ
993 4943 1239 5007 οἰκέτιν,
1269 4942 1307 5010 ἢ
1339 4941 1461 4997 τῶν
1496 4943 1593 4996 ἐπί
1626 4943 1895 5013 σκηνῆς,

313 5043 388 5096 οὐ
422 5042 672 5096 δύναται
701 5042 855 5096 εἶναι
903 5042 1266 5106 ἐπίσκοπος,
1301 5039 1340 5108 ἢ
1390 5040 1822 5108 πρεσϐύτερος,
1858 5041 1897 5106 ἢ

312 5136 620 5202 διάκονος,
653 5135 693 5204 ἢ
725 5135 884 5202 ὅλως
913 5133 1022 5188 τοῦ
1051 5135 1394 5199 καταλόγου
1439 5130 1549 5186 τοῦ
1579 5133 1898 5199 ίερατικοῦ.

312 5227 597 5298 Οὐρϐανὸς
647 5228 704 5280 δὲ
750 5229 778 5280 ό
833 5227 932 5297 τῆς
973 5225 1194 5296 Ῥώμης
1235 5225 1554 5286 ἐπίσκοπος,
1593 5224 1794 5278 Βίϐωνι
1824 5224 1902 5294 τῷ

311 5318 577 5382 Τουλλίας
628 5319 918 5390 ἐπισκόπῳ
977 5318 1207 5387 γράφων
1240 5316 1385 5370 οῦτω
1442 5317 1630 5386 φησὶν,
1672 5335 1690 5366 ι
1729 5318 1900 5385 Λιγά-

2009 4493 2138 4538 πας,
2185 4478 2251 4546 τῇ
2309 4476 2523 4543 γενέσει
2583 4475 2857 4544 Ῥωμαῖος
2913 4475 3196 4546 ὑπάρχων,
3255 4478 3320 4530 ἐκ
3380 4479 3589 4549 πατρὸς

2007 4569 2239 4638 Φήλικος
2270 4569 2461 4639 ἱερέως
2504 4563 2592 4638 ἦν.
2639 4567 2949 4638 Ἀγαπητὸς
2988 4569 3045 4621 δὲ
3085 4573 3152 4638 τῇ
3189 4569 3402 4638 γενέσει
3452 4571 3588 4626 Ῥω-

2012 4663 2194 4730 μαῖος,
2216 4663 2280 4713 ἐκ
2309 4661 2515 4730 πατρὸς
2565 4658 2857 4730 Γορδιανοῦ
2884 4660 3262 4732 πρεσϐυτέρου
3289 4663 3385 4734 τήν
3409 4666 3591 4736 πηγὴν

2009 4753 2156 4823 ἔσχε.
2219 4753 2476 4816 Γελάσιος
2509 4752 2666 4817 αὖθις
2725 4755 2792 4824 τῇ
2845 4753 3064 4822 γενέσει
3124 4753 3470 4825 Ἀφρικανὸς,
3529 4761 3591 4810 ἐκ

2009 4846 2216 4916 πατρὸς
2265 4845 2523 4914 Βαλερίου
2556 4845 2862 4898 ἐπισκόπου
2895 4845 3185 4916 ἐγεννήθη.
3222 4846 3310 4908 Ὠς
3350 4847 3591 4899 πλεῖστοι

2009 4939 2245 5006 μάλιστα
2303 4938 2484 5008 ἕτεροι
2515 4936 2799 5008 εὕρηνται,
2832 4938 3031 5001 οἵτινες
3061 4938 3121 5001 ἐξ
3169 4939 3359 5008 ἱερέως
3391 4955 3584 5005 γεννη-

2008 5028 2212 5094 θέντες,
2236 5030 2315 5096 τῷ
2359 5027 2704 5098 ἀποστολικῷ
2736 5027 2916 5098 θρόνῳ
2941 5027 3274 5098 ,διέπρεψαν.
3309 5029 3588 5098 Προσόλέ-

2007 5121 2144 5190 ψατε
2175 5122 2355 5174 τοίνυν
2399 5120 2432 5174 ἀ
2465 5121 2564 5186 δεῖ,
2597 5121 2842 5186 Λατῖνοι,
2873 5120 2967 5172 καὶ
2997 5120 3089 5172 τοῦ
3125 5121 3334 5174 δικαίου
3370 5121 3593 5190 ἀντέχε-

2013 5215 2128 5268 σθε.
2159 5214 2240 5268 Τὰ
2284 5215 2490 5284 ἀρχαῖα
2537 5213 2597 5266 δὲ
2650 5212 2749 5283 ἔθη
2811 5211 3110 5283 κρατείτω,
3164 5213 3240 5274 ὡς
3275 5213 3333 5266 al
3381 5213 3590 5267 σύνοδοι

2012 5307 2344 5376 διωρίσαντο
2379 5306 2808 5376 δογματίσασαι.
2867 5305 3108 5356 Βλέπετε
3144 5305 3343 5373 μήπως
3381 5305 3443 5357 τὸ
3494 5305 3592 5358 τοῦ

314 5429 453 5481 μους
501 5413 596 5466 καὶ
658 5411 845 5482 χηρῶν
897 5412 1098 5480 ἄνδρας
1145 5409 1256 5463 ἀπὸ
1306 5409 1414 5461 τῶν
1452 5408 1615 5476 ἱερῶν
1670 5408 1896 5476 βαθμῶν
1999 5400 2216 5451 Παύλου
2239 5398 2425 5468 ῥητὸν.
2447 5397 2474 5450 ὃ
2499 5397 2634 5468 πρὸς
2665 5395 2930 5464 Τιμόθεον
2959 5396 3184 5463 γράφει,
3212 5394 3269 5445 έν
3292 5394 3420 5464 ὑμῖν
3455 5395 3595 5467 πλη-

312 5506 460 5557 κατά
483 5505 580 5574 τήν
610 5506 799 5576 κοινὴν
829 5508 928 5576 τῆς
969 5505 1295 5568 Ἐκκλησίας
1326 5504 1618 5573 συνήθειαν
1647 5507 1712 5573 τῇ
1743 5503 1894 5567 ἐξουο

2000 5491 2149 5560 ρωθῇ
2175 5509 2187 5522 ο
2226 5491 2463 5562 μάλιστα
2488 5492 2541 5543 δέ
2576 5490 2670 5557 τοῦ
2704 5487 3020 5557 Πνεύματος
3064 5487 3159 5541 τοῦ
3199 5488 3357 5554 ἁγίου
3391 5489 3593 5542 οὑτωσὶ

314 5593 408 5661 σεᾳ
455 5592 548 5644 τος,
608 5594 878 5665 ἡμετέρου
926 5593 1192 5662 ὀφφικίου
1245 5593 1612 5662 ἀφορίζομεν,
1666 5612 1684 5644 ι
1732 5592 1894 5644 Ἀλλὰ
1998 5584 2269 5651 λέγοντος,
2299 5585 2381 5636 ὃτι
2416 5583 2520 5636 Ἐν
2548 5580 2825 5649 ὑστέροις
2857 5579 3088 5647 καιροῖς
3129 5581 3592 5648 ἀποστήσονται

312 5683 404 5733 καὶ
435 5683 462 5734 ὁ
486 5681 624 5747 θεῖος
641 5681 963 5749 Ἀπόστολο,
990 5682 1241 5750 Τιμοθέῳ
1267 5684 1492 5749 γράφων
1520 5678 1661 5732 οὓτω
1691 5679 1853 5747 φησίν
1876 5694 1890 5709 ⁸

1999 5692 2154 5741 τινες
2179 5673 2282 5744 τῆς
2304 5676 2585 5742 πίστεως,
2605 5673 3008 5744 προσέχοντες
3034 5673 3332 5744 πνεύμασι
3353 5673 3593 5739 πλάνης
