3828 6180
257 247 355 310 751

1354 240 1728 302 ammon
1778 238 1884 298 cp.
1925 199 2466 301 PATmmcuE

3368 238 3455 300 ’ῖδὲ

259 359 350 412 καλ⁵
383 359 489 419 τοῖς
535 357 742 412 ὀδοῦσιν
775 357 1155 426 ἀντιπαταγεῖ,
1195 358 1288 410 καὶ
1335 358 1407 413 ὡς
1457 359 1571 428 πῦρ
1620 359 1683 410 ἐκ
1714 355 1824 407 τῶν
1852 354 1902 414 Α
1932 357 2128 428 εὐχῶν,
2162 360 2256 413 καὶ
2288 357 2383 412 τοῦ
2410 357 2558 425 παρά
2594 356 2704 418 τοῖς
2742 353 2958 408 πάντων
2986 351 3200 424 ᾄδεσθαι
3234 354 3457 422 στόμασι,

259 449 555 520 ὀφθαλμῶν
591 451 804 521 ἀφίησι,
843 451 936 503 καὶ
969 449 1042 512 ὡς
1072 450 1241 520 ἀφρὸς
1274 449 1422 519 αὐτῷ
1465 449 1700 516 περιζεῖ,
1739 448 1832 502 καὶ

261 542 336 603 ὡς
367 540 570 610 τραχύς
617 543 729 592 ἐστι
767 539 904 611 πρὸς
953 541 1144 611 ὀργὴν,
1182 539 1483 602 ἀκάθεκτος
1515 540 1604 591 τὸν
1639 537 1829 607 θυμὸν,

261 633 556 703 δύσμαχος,
602 634 935 699 δυσάλωτος,
966 631 1493 702 δυσκαταγώνιστος,
1547 629 1831 702 προωθῶν,

266 728 793 797 προσρηγνύμενος,
857 726 1168 796 ἐμπίπτων,
1216 727 1560 794 ἀνατρέπων.
1623 723 1836 777 κόπτων

265 821 375 882 τοῖς
413 818 645 884 ὀδοῦσιν,
683 819 1048 890 ἀναρρηγνὺς,
1083 816 1233 887 ῥύμῃ
1257 814 1446 878 ἐπιὼν,
1482 816 1656 886 ῥόθιος
1693 832 1838 883 συμ-

269 912 570 982 προχωρῶν
595 953 608 975 ,
662 911 754 963 καὶ
805 910 878 971 ὡς
909 910 1006 980 τὴν
1041 909 1216 979 ὁρμὴν
1251 907 1345 960 καὶ
1388 907 1707 976 δυσκίνητος
1736 906 1856 984 (1),-

269 1003 362 1055 καὶ
396 1001 469 1062 ὡς
501 1001 599 1062 τὰς
631 1002 806 1069 ἄρκυς
849 999 1160 1071 διακόψειεν
1193 997 1280 1063 ἂν,
1313 998 1408 1050 καὶ
1449 996 1547 1060 τὰς
1582 995 1840 1059 στάλικας

269 1091 612 1160 ἀνατρέψειε,
649 1091 745 1144 καὶ
767 1089 834 1142 τά
862 1090 1054 1160 δένδρα
1083 1087 1357 1162 πρόρριζα
1402 1086 1728 1158 ἐκτρίψειεν,
1761 1087 1842 1139 ἐτι

276 1183 392 1245 πῶς
418 1185 562 1235 ἐστιν
589 1181 928 1253 ὑπέρθυμος,
965 1183 1338 1251 δυσόργιστος,
1370 1181 1632 1250 ἔμπυρος,
1676 1177 1843 1248 ὑπέρ-

276 1279 510 1345 ασθμος,
531 1276 586 1326 ἐν
609 1274 662 1326 δὲ
691 1275 942 1343 πλαγίοις
968 1277 1078 1336 τοῖς
1106 1275 1286 1327 ὀδοῦσι
1313 1276 1419 1328 τῶν
1450 1275 1625 1326 κυνῶν
1644 1271 1703 1324 τὸ
1727 1272 1842 1341 τρί-

273 1385 435 1435 χωμα
469 1365 798 1434 ἐπιφλέγων,
832 1365 994 1432 ῶστε,
1027 1368 1076 1418 εί
1112 1367 1205 1422 καὶ
1237 1367 1563 1420 ἀποθανόντι
1605 1365 1682 1435 τῷ
1713 1381 1844 1436 χαυ-

273 1457 500 1510 λιόδοντι
517 1456 876 1525 προσενέγκοι
900 1475 982 1519 τις
1001 1458 1212 1527 τρίχας,
1231 1459 1349 1520 πῶς
1371 1459 1445 1521 ὼς
1466 1459 1571 1511 ἀπὸ
1597 1457 1764 1526 πυρὸς
1791 1458 1844 1510 αἱ

273 1552 458 1622 τρίχες
481 1552 828 1624 συνέρχονται
855 1554 952 1622 (9.)°
973 1551 1116 1605 οὕτω
1140 1553 1274 1604 πολὺ
1298 1553 1358 1604 τὸ
1377 1552 1646 1620 φλογῶδες
1677 1553 1846 1621 πρόσ-

274 1661 424 1697 εστιν
459 1646 523 1696 ἐκ
552 1647 644 1698 τοῦ
681 1635 852 1714 θυμοῦ
880 1644 957 1714 τῷ
990 1645 1198 1715 θηρίῳ·
1233 1646 1260 1697 6
1293 1645 1350 1698 δὲ
1397 1645 1703 1714 κυνηγέτης
1733 1638 1845 1705 οἶος

279 1738 366 1800 σὺ,
394 1736 509 1799 πῶς
547 1737 728 1806 ἐμϐοᾷ
757 1739 866 1799 τοῖς
898 1737 1074 1800 κυσὶν,
1107 1736 1406 1804 ἐγκελεύει,
1435 1738 1842 1805 ἐνσημαίνεται,

275 1827 584 1897 ἐποτρύνει,
619 1827 1030 1897 προσκαλεῖται,
1067 1830 1385 1896 προτρέπει,
1417 1829 1699 1898 παρορμᾷ,
1731 1828 1846 1891 πῶς

274 1935 334 1970 τε
371 1918 606 1971 συνθέων
640 1918 869 1986 γίνεται,
926 1919 1298 1988 μεταδιώκων,
1347 1922 1662 1988 συμπονῶν,
1713 1936 1847 1988 συμ-

277 2010 753 2079 προθυμούμενος,
794 2011 1336 2080 συνδιερευνώμενος.
1386 2010 1570 2065 Ταῦτα
1612 2012 1718 2080 γάρ
1753 2029 1849 2064 κα-

277 2102 383 2160 λῶς
415 2101 739 2154 ἐπίστασθαί
783 2119 841 2153 σε
879 2102 1184 2170 πέπεισμαι
1225 2104 1282 2154 ἐν
1315 2101 1704 2172 Πελοποννήσῳ
1735 2103 1852 2156 δια-

274 2194 542 2263 τρίψαντα
599 2193 788 2264 χρόνον
827 2195 1020 2263 συχνὸν
1079 2196 1213 2264 μετά
1265 2194 1374 2246 τῶν
1420 2193 1752 2264 Ἰλλυρικῶν,
1799 2196 1849 2248 οἳ

276 2287 418 2359 πρὸς
442 2286 716 2356 διέγερσιν
760 2289 854 2340 καὶ
901 2289 1211 2359 γυμνασίαν
1248 2288 1426 2342 κυνῶν
1473 2291 1616 2342 εἰσιν
1661 2291 1855 2360 ἐπιτή-

277 2381 435 2434 δειοι.
471 2379 652 2444 Ἕξεις
705 2379 760 2433 δὲ
815 2379 959 2450 κάμὲ
1013 2380 1380 2450 συνεπόμενον
1431 2385 1523 2433 καὶ
1561 2383 1854 2451 συμπράτ·

277 2489 464 2534 τοντα,
496 2472 558 2525 οὐ
609 2476 769 2540 μόνον
803 2473 904 2542 ἤδη
959 2473 1096 2543 πρὸς
1144 2473 1210 2527 τὰ
1260 2476 1352 2526 τοῦ
1389 2475 1534 2536 συὸς,
1583 2476 1717 2528 ἀλλὰ
1763 2477 1856 2529 καὶ

280 2564 419 2632 πρὸς
452 2563 522 2615 τὰ
551 2563 660 2617 τῶν
708 2562 882 2617 ἄλλων
916 2563 1141 2634 θηρίων.
1189 2566 1501 2618 Σπούδασον
1551 2569 1751 2634 τοίνυν,
1790 2569 1855 2621 ἵν’

280 2655 412 2724 ἔχῃς
475 2653 567 2708 καὶ
621 2655 711 2707 τὸν
776 2654 1006 2708 τεκόντα
1059 2655 1221 2725 χάριν
1263 2658 1438 2709 εἰδότα
1486 2677 1604 2723 σοι,
1646 2661 1720 2724 ὼς
1767 2664 1858 2716 τὶν

283 2746 467 2815 ἀμαθῆ
503 2745 620 2797 υἱὸν
659 2745 726 2798 τὰ
765 2748 862 2813 τῆς
895 2746 1066 2816 θήρας
1091 2746 1398 2812 διδάξαντα,
1440 2750 1581 2817 κάμὲ
1612 2751 1701 2803 διὰ
1730 2769 1858 2805 παν-

283 2836 370 2902 τὸς
404 2837 496 2890 τοῦ
530 2835 648 2907 βίου
686 2836 785 2907 τὴν
825 2836 1136 2907 διδασκάλῳ
1165 2841 1550 2908 προσήκουσαν
1583 2841 1718 2895 αἰδῶ
1766 2844 1860 2896 καὶ

283 2929 452 3000 τιμὴν
481 2929 846 3001 ἀπονέμοντα.

284 3041 360 3098 Γ,
405 3043 492 3122 1ξῷ
536 3042 936 3122 λᾳμπροζάτῳ
977 3041 1295 3122 μεςὰζοῖτι
1322 3047 1438 3122 *καί
1474 3050 1708 3122 γαμϐρῷ
1749 3051 1856 3107 τοῦ

403 3115 718 3179 βασιλέως
747 3115 864 3167 τῶν
898 3115 1140 3168 Δουκῶν
1172 3115 1271 3182 (5),
1301 3119 1332 3169 ό
1379 3115 1725 3188 Σχολάρὶος.

358 3209 424 3260 Σὲ
461 3208 555 3259 καὶ
584 3209 647 3277 τῇ
676 3207 825 3258 πόλει
849 3205 1022 3276 ταύτῃ
1047 3208 1341 3274 πάγκοινον
1366 3210 1566 3276 ἀγαθὸν
1589 3215 1645 3265 ἐν
1671 3215 1856 3286 ἁπάσῃ

287 3303 447 3372 χρεία
483 3303 578 3354 καὶ
617 3304 795 3371 χρόνῳ
823 3304 1008 3368 παντὶ,
1049 3305 1142 3356 καὶ
1179 3305 1324 3365 ἰδίως
1357 3303 1610 3368 ἑκάστοις
1643 3307 1861 3378 πατέρα

289 3397 384 3448 καὶ
416 3396 708 3465 κηδεμόνα,
744 3397 834 3449 καὶ
867 3396 1022 3463 φίλον
1059 3397 1368 3466 πραότητος
1406 3399 1668 3466 γέμοντα,
1697 3399 1863 3454 δέδω-

289 3506 384 3541 κεν
409 3491 436 3542 6
461 3490 613 3552 Θεὸς,
645 3488 760 3556 ἅμα
793 3489 892 3558 μὲν
929 3489 1128 3550 αὐτοὺς
1165 3489 1412 3558 ὠφελῶν,
1451 3489 1640 3560 ῶσπερ
1673 3492 1862 3554 ἄλλατε

291 3583 547 3645 πολλάκις
578 3581 665 3636 ἐπ’
696 3582 876 3652 ἀγαθῇ
921 3583 1029 3634 τῶν
1080 3583 1374 3650 Ῥωμαίων
1422 3583 1560 3655 τύχῃ
1605 3584 1862 3648 τοιαύτας

291 3677 483 3742 φύσεις
518 3675 852 3743 ἀνέστησεν,
898 3668 975 3727 ὧν
1001 3675 1152 3727 οὐδὲν
1195 3674 1411 3729 ἔλαττον
1449 3680 1480 3744 ή
1521 3678 1612 3746 σὴ,
1661 3675 1779 3746 ἅμα
1807 3677 1864 3730 δὲ

291 3767 388 3819 καὶ
421 3767 479 3818 σὲ
515 3767 612 3836 τῆς
640 3766 812 3828 ὅντως
853 3765 1067 3837 χρυσῆς
1109 3768 1506 3836 προαιρέσεως,
1537 3769 1604 3839 ἢν
1645 3769 1864 3841 προῄδει

294 3854 600 3925 πόρρωθεν,
630 3855 1015 3925 ἀμειϐόμενος,
1052 3857 1148 3910 καλ⁵
1181 3855 1504 3926 βουλόμενός
1538 3877 1620 3912 σοι
1653 3863 1866 3931 μεγάλα

296 3944 392 3998 καὶ
436 3949 500 4016 τῇ
559 3948 625 4015 σῇ
683 3945 880 4016 γνώμῃ
936 3949 1288 4018 προσήκοντα
1342 3953 1760 4020 παρασκευάσαι
1799 3955 1868 4008 τά

296 4033 456 4090 ἆθλα.
515 4038 791 4108 Γράψαιτο
840 4039 884 4092 δ’
923 4040 988 4094 ἂν
1031 4041 1202 4102 οὐδείς
1259 4060 1326 4112 με
1377 4044 1604 4098 τοιαῦτα
1641 4047 1870 4114 λέγοντα

301 4128 610 4193 κολακείας.
647 4131 713 4183 Σὲ
748 4131 854 4201 γὰρ
905 4132 1068 4203 μόνον
1108 4134 1347 4188 ἐπαινῶν
1379 4154 1464 4199 τις
1511 4137 1612 4210 τὴν
1665 4139 1871 4210 μέμψιν

300 4220 506 4292 ταύτην
549 4224 610 4276 οὐ
661 4223 798 4276 δέδιε
827 4239 840 4254 ·
893 4225 1050 4292 κάγὼ
1087 4227 1249 4296 μόνου
1279 4227 1472 4281 τούτου
1505 4229 1612 4282 τῶν
1661 4230 1872 4301 ἀνθρω-

299 4314 471 4366 πίνων
523 4313 922 4384 ἐλαττωμάτων
971 4320 1358 4387 καυχησαίμην
1403 4321 1468 4372 ἂν
1519 4324 1866 4374 παντάπασιν
1899 4313 2012 4405 D:

299 4405 668 4475 ἀπηλλάχθαι,
701 4406 840 4460 ὣστε
899 4409 1011 4470 καὶ,
1066 4408 1143 4478 τῷ
1195 4409 1269 4478 μὴ
1324 4395 1576 4463 δύνασθαι
1626 4414 1868 4484 χρῆσθαι

298 4495 469 4566 ταύτῃ
492 4499 554 4565 τῇ
580 4499 766 4566 τέχνῃ,
804 4497 965 4558 ἐνίοις
988 4497 1096 4548 τῶν
1129 4498 1358 4564 ὠφελεῖν
1388 4501 1702 4570 δυναμένων
1731 4503 1872 4567 τίνος

299 4588 401 4640 οὐκ
436 4588 760 4656 ἀηδέστερος
795 4586 974 4650 ἔδοξα.

384 4679 449 4730 ἸΙ
489 4679 586 4748 μὲν
625 4676 717 4730 οὖν
772 4679 928 4740 πόλις
981 4681 1214 4750 χρυσοῦς
1275 4698 1358 4732 σοι
1401 4685 1527 4745 τούς
1579 4685 1875 4753 στεφάνους

301 4770 530 4840 ὀφείλει,
562 4769 804 4840 δηλονότι
835 4770 1035 4834 πολλάς
1075 4773 1170 4825 καὶ
1203 4773 1445 4841 μεγάλας
1477 4775 1573 4837 τάς
1610 4777 1865 4844 ἀμοιϐάςο

302 4862 353 4912 εἰ
387 4860 440 4912 δὲ
473 4859 601 4929 μήτ’
631 4860 979 4926 ἀποδίδωσιν,
1033 4860 1144 4914 οὔτ’
1176 4848 1469 4927 ἀποδώίσει,
1509 4868 1619 4927 τοῖς
1664 4871 1875 4935 καιροῖς

301 4949 458 5001 τοῦτο
499 4948 593 5002 καὶ
626 4951 738 5011 τοῖς
766 4951 825 5003 ἐν
851 4951 987 5023 αὐτῇ
1025 4953 1365 5022 κρατήσασιν
1392 4952 1539 5006 ἔθεσι
1575 4956 1874 5024 λογιστέον.

306 5043 486 5096 Ἔστω
515 5042 571 5094 δέ
609 5059 689 5094 σοι
719 5043 810 5096 καὶ
833 5044 953 5096 ἀντὶ
990 5043 1271 5111 στεφάνων
1297 5045 1435 5117 αὐτὴ
1466 5046 1750 5118 σωζομένη
1783 5054 1877 5104 καὶ

305 5138 440 5203 μετὰ
487 5136 594 5189 τῶν
645 5137 858 5207 ἐχθρῶν
914 5137 1314 5209 είρηνεύουσα,
1371 5141 1464 5191 καὶ
1501 5141 1628 5193 ὅσον
1666 5142 1877 5208 ἔξεστιν

302 5228 715 5298 εὐθηνουμὲνηο
770 5228 947 5282 ταῦτα
1001 5229 1108 5299 γάρ
1160 5230 1339 5281 πάντα
1375 5227 1526 5300 δῶρα
1578 5231 1734 5294 Θεοῦ,
1781 5236 1874 5286 καὶ

302 5319 401 5384 τῆς
455 5322 554 5389 σῆς
591 5322 730 5390 μετὰ
780 5322 870 5374 τὸν
933 5322 1158 5389 ἄριστον
1219 5307 1443 5391 βασιλέα
1495 5325 1730 5393 σπουδῆς
1783 5328 1876 5377 καὶ

302 5408 600 5474 φροντίδος.
635 5409 758 5463 Τῶν
792 5411 847 5464 δὲ
897 5412 1050 5481 παρά
1092 5413 1311 5465 πάντων
1356 5413 1594 5466 ἐπαίνων
1634 5418 1726 5466 καὶ
1769 5417 1878 5467 τῶν

375 5570 450 5645 (ί)
484 5570 708 5645 γὶιίςιιιι*
747 5578 1017 5632 excidisse
1048 5578 1271 5645 aliquid.

375 5641 451 5707 (‘2)
481 5644 563 5695 (Ἀ.
594 5642 840 5711 Xenoph.
881 5645 1014 5700 Ven.
1049 5665 1099 5706 VK,
1135 5641 1215 5700 ΓΙ.

1934 449 2014 513 τίς
2043 451 2092 504 τ’
2140 451 2206 505 ἄν
2249 469 2334 504 σοι
2382 450 2609 521 βελτίων
2640 449 2840 517 ἀρετῆς
2883 465 2942 500 τε
2993 446 3083 501 καὶ
3118 447 3249 516 πρὸς
3285 447 3464 510 πάντας

1936 544 2264 614 κηδεμονίας
2293 544 2504 611 γένοιτο
2537 544 2817 612 μαρτυρία
2839 559 2853 607 ;
2891 540 3090 610 μᾶλλον
3115 540 3192 604 δὲ,
3219 539 3404 593 τούτων
3423 542 3467 592 τί

1939 636 2136 701 γένοιτ’
2173 635 2239 687 ἂν
2299 636 2722 703 εὐτυχέστερον;
2753 633 2886 701 Ζῆθι
2927 632 3122 699 τοίνυν,
3157 632 3251 687 καὶ
3292 634 3471 700 κόσμος

1941 726 2050 781 ῐσθι
2090 728 2288 789 κοινὸς,
2341 727 2436 780 καὶ
2481 728 2638 796 χαῖρε
2677 725 2888 778 πολλῶν
2927 725 3144 793 ἀγαθῶν
3189 724 3474 794 τετυχηκὼς

1940 818 2180 872 ἀνωθενο
2211 819 2261 870 εἰ
2294 820 2345 872 τί
2376 836 2459 873 σοι
2493 820 2586 872 καὶ
2617 817 2884 887 λυπηρὸν,
2919 812 3007 870 οἷα
3035 817 3098 885 δὴ
3132 815 3474 886 τάνθρώπινα,

1942 909 2226 978 ἀπαντῴη,
2276 909 2507 977 δοκιμήν
2543 927 2666 961 τινα
2719 908 2820 976 τῆς
2875 907 3137 976 Προνοίας
3181 907 3271 960 καὶ
3319 907 3477 968 τοῦτο,

1943 1002 2036 1053 καὶ
2083 1001 2282 1072 μικρόν
2332 1018 2384 1053 τι
2420 1002 2513 1054 καὶ
2544 1001 2768 1062 ἀσθενὲς
2812 1000 2911 1066 τῆς
2955 999 3082 1070 ὅλης
3121 999 3360 1069 εὐτυχίας
3390 999 3480 1051 κιῦο

1943 1094 2006 1146 λυ
2017 1111 2113 1163 μα,
2149 1094 2370 1163 κρίνων,
2398 1093 2491 1148 καὶ
2525 1093 2602 1162 τῷ
2629 1093 2843 1160 τάγαθά
2869 1093 3120 1146 δεδωκότι
3153 1094 3244 1145 καὶ
3274 1091 3366 1160 τῆς
3389 1091 3482 1144 τῶν

1944 1191 2205 1258 χειρόνων
2239 1187 2562 1257 ἀπαλλαγῆς
2594 1186 2831 1250 ἐλπίζων
2869 1187 3148 1257 μελήσειν.

2015 1325 2090 1378 Τὸ
2119 1325 2162 1377 δ’
2203 1326 2334 1394 ἐμὸν
2365 1325 2480 1389 πῶς
2527 1323 2594 1377 ἂν
2640 1324 2892 1393 είποιμι;
2934 1323 3038 1376 κᾶν
3070 1323 3176 1394 γὰρ
3210 1312 3376 1384 πάσας
3404 1321 3486 1381 τὰς

1947 1419 2304 1489 ἀνθρωπικὰς
2340 1418 2824 1490 ἀπαριθμήσωμαι
2879 1418 3125 1486 σχέσεις,
3187 1415 3366 1468 πασῶν
3413 1416 3485 1468 εύ-

1954 1511 2101 1580 ρήσω
2135 1510 2306 1580 μείζω
2334 1509 2429 1578 τὴν
2460 1510 2595 1578 πρὸς
2623 1508 2720 1578 ἐμὲ
2755 1508 2846 1559 σοῦ
2879 1509 2972 1560 καὶ
2996 1507 3328 1579 θερμοτέραν
3348 1523 3361 1538 ·
3382 1508 3488 1560 ὅθεν

1955 1603 2198 1672 σιγάσθω
2231 1603 2331 1673 μὲν
2365 1604 2392 1654 6
2423 1603 2624 1670 πατὴρ,
2655 1599 2898 1670 ἀφείσθω
2925 1599 2981 1652 δὲ
3019 1602 3052 1670 ἡ
3087 1600 3284 1670 μήτηρ,
3308 1599 3355 1653 οἱ
3380 1617 3489 1668 συγ-

1878 1691 1922 1749 Β
1953 1696 2153 1762 γενεϊς,
2187 1695 2366 1748 πάντα
2393 1695 2458 1764 δὴ
2503 1694 2571 1747 τά
2609 1695 2865 1746 τοιαῦτα·
2901 1693 3145 1761 λεγέσθω
3185 1693 3239 1746 δέ
3268 1692 3324 1745 τὸ
3357 1691 3490 1762 μάλι-

1951 1805 2049 1842 στα
2083 1787 2317 1856 πρέπον,
2363 1788 2468 1851 ὅτι,
2498 1787 2595 1855 τῆς
2639 1785 2980 1857 ὑψηλοτάτης
3037 1785 3298 1857 Προνοίας
3333 1786 3493 1838 εἰκόνα

1951 1880 2046 1933 καὶ⁸
2074 1877 2266 1943 τύπον,
2301 1878 2376 1940 ὡς
2426 1879 2684 1947 ἐγχωρεῖ,
2733 1878 2869 1948 πρὸς
2910 1877 3009 1946 ἐμὲ
3064 1877 3373 1948 βουλόμενος
3407 1877 3495 1930 σὼ-

1953 1969 2094 2034 ζειν,
2124 1969 2175 2023 τί
2205 1970 2305 2039 μὲν
2335 1971 2395 2023 οὐ
2427 1970 2630 2038 λέγεις,
2661 1973 2714 2022 τί
2749 1969 2794 2022 δ’
2825 1970 2885 2022 οὐ
2917 1969 3177 2037 πράττεις
3206 1969 3337 2039 ὑπὲρ
3357 1969 3492 2040 ἐμοῦ,

1955 2065 2008 2138 τί
2039 2063 2086 2116 δ’
2118 2063 2321 2132 ἀναδύῃ
2351 2063 2533 2116 δοῦναι
2573 2063 2910 2130 δυνάμενοςς
2950 2062 3170 2116 Τούτων
3200 2062 3264 2128 δ’,
3306 2064 3378 2124 είς
3415 2063 3497 2132 μὲν

1955 2158 2165 2221 εὐνοίας
2221 2158 2417 2222 λόγον,
2476 2158 2573 2210 καὶ
2630 2156 2792 2218 αὐτὸς
2852 2157 2917 2208 ἂν
2960 2156 3176 2222 εἴποιμι
3227 2154 3369 2226 παρὰ
3421 2154 3498 2207 σοῦ

1955 2251 2248 2321 τυγχάνειν
2281 2251 2490 2313 δίκαιος
2511 2244 2653 2303 εἶναι
2674 2265 2686 2281 ⁶
2717 2249 2816 2318 τῆς
2847 2249 2892 2301 δ’
2920 2247 3091 2313 ἄλλης
3127 2249 3277 2315 ἀξίας
3303 2247 3499 2308 οὕνεκα,

1959 2345 2053 2396 καὶ
2081 2343 2409 2412 αἰσχύνομαι
2441 2343 2626 2412 σαφῶς
2649 2342 2908 2412 ἐμαυτὸν,
2940 2341 3090 2396 οὕτω
3121 2343 3322 2414 σφόδρα
3354 2340 3502 2412 τιμὼ-

1963 2452 2144 2502 μενος.
2192 2435 2302 2487 Καὶ
2331 2435 2429 2502 τῆς
2473 2435 2553 2495 εἰς
2597 2433 2742 2502 ἡμᾶς
2775 2427 2866 2486 οῦν
2914 2433 3228 2501 εὐμενείας,
3261 2432 3403 2502 ἡμῶν
3443 2431 3504 2499 μὴ

1959 2524 2275 2594 δυναμένων
2304 2525 2651 2593 ἀμείϐεσθαι,
2685 2525 2825 2593 πλὴν
2857 2524 3045 2594 εὐχαῖς
3076 2541 3135 2576 τε
3173 2527 3264 2577 καὶ
3294 2522 3504 2593 χαρίτων

1960 2618 2298 2686 ὁμολογίαις,
2332 2618 2426 2670 καὶ
2452 2617 2528 2686 τῷ
2558 2619 2656 2686 τὴν
2679 2615 2862 2687 ψυχὴν
2896 2617 2961 2669 ἂν
2986 2616 3132 2686 ὑπὲρ
3163 2616 3254 2670 σοῦ
3278 2614 3506 2684 προέσθαι

1966 2711 2083 2786 μεθ’
2114 2710 2332 2779 ἡδονῆς,
2369 2710 2555 2774 ἀξίους
2589 2709 2798 2764 ἄνωθεν
2823 2710 2946 2773 τοὺς
2993 2709 3247 2780 μισθοὺς,
3278 2710 3394 2771 τούς
3424 2708 3508 2778 μὲν

1963 2805 2107 2869 ἔξεις
2139 2809 2196 2859 ἐν
2232 2807 2309 2878 τῷ
2343 2808 2594 2874 παρόντι,
2630 2809 2679 2859 οἱ
2723 2806 2779 2859 δέ
2813 2823 2895 2859 σοι
2934 2807 3079 2879 μετὰ
3118 2804 3285 2860 ταῦτα
3313 2801 3512 2874 τηροῦνο

1964 2917 2072 2951 ται.
2122 2901 2285 2954 Ὅθεν
2321 2903 2444 2962 ταῖς
2469 2901 2658 2969 τιμαῖς
2705 2899 2800 2952 καὶ
2837 2901 2948 2962 ταῖς
2987 2898 3187 2975 χάρισι,
3223 2897 3512 2968 βουλόμενος

1827 3051 1856 3080 π
1886 3022 1928 3080 C
1967 2993 2344 3061 προστιθέναι,
2381 2993 2456 3060 μὴ
2479 2989 2578 3062 τὴν
2609 2990 2765 3062 ἡμῶν
2801 2991 3016 3058 λογίζου
3049 2991 3379 3058 φαυλότητα,
3412 2985 3510 3057 μηδ’

1964 3086 2068 3138 ὐπὸ
2134 3084 2338 3146 ταύτης
2400 3083 2680 3154 εἴργεσθαι
2739 3083 3148 3154 συγχωρήσῃς,
3212 3083 3324 3137 ἀλλ’
3381 3079 3516 3139 εἰδὼς

1961 3177 2036 3241 ὡς
2078 3177 2190 3247 ἔχει
2237 3177 2327 3230 τὸν
2375 3177 2767 3248 ἀμειψόμενον,
2824 3176 2941 3246 χρῶ
2985 3177 3051 3245 τῇ
3110 3175 3306 3230 σαυτοῦ
3348 3176 3514 3244 φύσει,

1968 3271 2168 3340 μᾶλλον
2213 3270 2266 3323 δὲ
2304 3272 2425 3322 νίκα
2478 3270 2674 3323 σαυτὸν
2728 3269 2866 3341 πρός
2918 3285 2977 3321 τε
3028 3266 3163 3333 τοῦς
3209 3268 3394 3329 ἄλλους
3434 3268 3516 3319 καὶ

1965 3361 2101 3430 πρὸς
2135 3362 2258 3430 ἐμέ.

2039 3456 2202 3507 Ἤκει
2258 3471 2340 3505 σοι
2395 3456 2489 3507 καὶ
2521 3456 2548 3506 6
2600 3455 2766 3517 ἵππος
2827 3455 2918 3507 καὶ
2978 3455 3181 3509 πολλαὶ
3247 3457 3338 3508 σᾌν
3390 3449 3518 3516 αὐτῷ

1967 3544 2200 3614 χαρίτων
2231 3542 2514 3612 ὁμολογίαι
2540 3558 2554 3573 ο
2581 3542 2702 3594 οὐδὲ
2733 3543 2842 3612 γὰρ
2875 3543 3068 3614 χρῄζω
3114 3543 3306 3596 τούτου
3332 3538 3516 3596 λοιπειν.

1967 3637 2232 3706 πράττειν
2261 3652 2320 3687 τε
2368 3634 2521 3687 οὐδὲν
2575 3634 2734 3702 ἔχων.
2769 3639 2860 3688 καὶ
2897 3637 2958 3688 τὸ
2995 3635 3161 3704 σῶμα
3194 3632 3520 3689 διαναπαύειν

1970 3727 2175 3798 σφόδρα
2197 3726 2506 3796 πεπονηκὸς
2534 3726 2640 3778 ὐπὸ
2669 3726 2767 3795 τῆς
2799 3731 2954 3779 νόσου
2985 3726 3337 3795 βουλόμενος.
3358 3723 3517 3782 Ἴσως.

1970 3821 2188 3874 ἐπειδὰν
2220 3821 2248 3872 6
2281 3820 2534 3888 βασιλεὺς
2571 3820 2845 3890 ἐπανὴκῃ,
2885 3821 2981 3872 καὶ
3019 3820 3119 3892 δὲῃ
3158 3836 3226 3888 με
3273 3832 3521 3888 προσαγο-

1975 3913 2152 3982 ρεύειν
2175 3914 2375 3965 ἐκεῖνον
2410 3910 2637 3980 (δίκαιον
2664 3911 2814 3980 γὰρ),
2857 3910 3026 3975 ἅπαξ,
3060 3913 3132 3965 ἂν
3161 3915 3187 3965 6
3222 3912 3351 3975 θεὸς
3393 3909 3521 3977 θέλῃ,

1972 4006 2161 4059 τούτου
2190 4005 2477 4075 δεήσομαι,
2509 4007 2596 4058 ὅτε
2631 4006 2725 4058 καὶ
2754 4006 2964 4067 πείσεις
3005 4007 3101 4058 τὸν
3136 4006 3294 4060 πάντ’
3324 4005 3523 4072 ἄριστον

1976 4095 2200 4165 βασιλέα
2229 4096 2372 4164 ἅπερ
2403 4094 2470 4148 ἂν
2499 4095 2662 4156 αὐτὸς
2691 4097 2958 4166 πρότερος
2987 4096 3076 4162 ὐφ’
3115 4094 3279 4165 ἡμῶν
3311 4095 3525 4159 εὐλόγως

1975 4189 2280 4256 πεισθείης.
2316 4184 2482 4254 Οἶμαι
2522 4186 2579 4240 δὲ
2619 4187 2743 4257 μηδ’
2774 4189 2982 4240 ἐκεῖνον
3019 4188 3409 4240 ἀναδαλείσθαι
3440 4185 3526 4250 τὴν

1977 4278 2205 4348 δωρεὰν,
2233 4275 2327 4329 νῦν
2365 4278 2461 4346 ὀψὲ
2493 4278 2639 4347 σαφῆ
2668 4279 2764 4347 τῆς
2798 4278 2941 4347 ἐμῆς
2981 4278 3120 4347 πρὸς
3152 4279 3312 4331 αὐτὸν
3339 4263 3529 4338 εὐνοίας

1980 4373 2169 4439 πεῖραν
2197 4368 2430 4421 λαϐόντα
2457 4369 2551 4421 καὶ
2575 4368 2746 4429 ἄλλως
2780 4369 2912 4437 ἡμῖν
2942 4367 3224 4421 συνειδότα
3261 4365 3412 4420 τοῦτο
3443 4364 3528 4432 μὲν

1971 4461 2181 4524 δίκαια,
2208 4460 2363 4512 τοῦτο
2392 4460 2446 4513 δὲ
2484 4462 2880 4531 προχειρότατα
2910 4461 3175 4528 ἀξιοῦσν.

2057 4593 2219 4646 Ἀλλά
2247 4592 2418 4646 ταῦτα
2454 4593 2552 4664 μὲν
2583 4591 2812 4664 ὕστερον
2837 4611 2850 4624 ·
2885 4595 2981 4648 νῦν
3014 4594 3069 4647 δὲ
3094 4596 3244 4664 ἡμᾶς
3279 4593 3386 4645 ίσθι
3409 4590 3530 4643 πάνυ

1979 4689 2159 4740 καλῶν
2183 4689 2292 4740 τῶν
2322 4688 2417 4757 τῆς
2465 4687 2693 4758 ἡσυχίας
2746 4689 3050 4758 προοιμίων
3101 4686 3533 4757 αἰσθανομένους,

1984 4782 2076 4833 καὶ
2111 4780 2280 4834 πολλά
2324 4783 2388 4850 τῇ
2419 4780 2513 4834 τοῦ
2545 4782 2710 4834 τόπου
2759 4782 3029 4852 μεταϐολῇ
3062 4783 3373 4852 χαίροντας,
3403 4777 3535 4830 ἐλπί-

1983 4873 2175 4937 ζοντας
2202 4873 2255 4926 δὲ
2282 4874 2374 4926 καὶ
2401 4875 2497 4942 τὴν
2523 4873 2614 4926 τοῦ
2647 4875 2951 4943 σχήματος,
2987 4875 3193 4945 μᾶλλον
3232 4874 3287 4926 δὲ
3329 4873 3423 4942 τὴν
3452 4866 3536 4922 τοῦ

1981 4967 2208 5032 τρόπον,
2239 4965 2376 5018 Θεοῦ
2403 4966 2660 5030 διδόντος,
2697 4966 2829 5034 ἡμῖν
2856 4965 2932 5018 ἔτι
2965 4965 3124 5018 πλέον
3156 4966 3386 5032 ἀρέσειν.
3426 4956 3536 5026 Ὑφ’

1981 5057 2098 5120 ἐνὸς
2129 5056 2314 5125 μόνου,
2350 5057 2445 5125 τῆς
2475 5058 2567 5108 τοῦ
2619 5058 2870 5127 σώματος
2911 5055 3276 5125 ἐνοχλούμεθα
3321 5054 3540 5120 δυσκρα-

1983 5150 2122 5216 σίας,
2155 5143 2222 5220 ἧς
2263 5149 2364 5202 οὐκ
2403 5148 2519 5202 ἐστι
2561 5149 2776 5219 μηχανὴ
2823 5148 3098 5215 θαύματος
3149 5148 3278 5201 ἄνευ
3311 5143 3539 5199 ἀπαλλα-

1985 5243 2142 5310 γῆναι
2157 5280 2171 5294 .

2069 5332 2312 5400 Ὑγίαινε
2361 5332 2456 5386 καὶ
2501 5333 2658 5403 χαῖρε
2692 5331 2930 5398 πανοικὶ,
2972 5330 3184 5400 ἀνδρῶν
3236 5330 3422 5399 ἄριστε
3456 5323 3540 5375 καὶ

1987 5423 2337 5491 λαμπρότατε
2349 5467 2360 5478 .

378 5713 453 5779 (5)
488 5713 689 5778 Codex,
716 5713 824 5764 τῶν
851 5715 906 5767 δο
938 5717 990 5782 ἦ,
1019 5719 1163 5784 quod
1191 5719 1287 5784 lc-gi
1318 5717 1424 5768 τῶν
1486 5718 1714 5786 δσυκῶν,
1765 5722 1856 5778 lla!

1969 5727 2107 5779 lucc.
