3828 6180
287 208 393 273 889

1446 200 1704 260 ENCOM
1721 202 1732 257 ἰ
1749 200 1858 259 υλι
1906 198 2356 260 PLETIIONIS.

3412 198 3519 262 8ἱο

281 339 389 376 των
420 312 535 386 εἶχε
565 318 756 386 λόγους
791 317 920 386 παρ’
973 314 1171 386 ἐαυτῷ.
1203 314 1394 369 Καίτοι
1426 317 1506 380 τίς
1551 317 1616 370 ἀν
1645 318 1852 384 γένοιτο
1881 323 1924 376 Α
1956 315 2294 384 ἀνθρώπινον
2320 311 2466 379 νοῦν,
2489 316 2586 384 τὴν
2613 317 2804 385 σοφίαν
2829 316 2925 384 τὴν
2951 315 3178 386 ὑψηλὴν,
3207 313 3294 368 τὸν
3325 313 3521 383 ὀφθαλ-

283 413 441 478 σοφία
474 408 674 478 ταύτης
727 408 1056 477 ὑψηλοτέρα,
1089 409 1254 476 ἧγοον
1285 409 1545 478 φρόνησις
1573 411 1682 470 τοῖς
1716 409 1849 460 πᾶσι

279 500 588 570 τελεωτέρα
616 516 632 566 ;
666 501 808 553 Ὅσα
845 517 901 552 τε
935 500 1014 563 είς
1059 499 1223 569 εὐχῆς
1252 499 1318 552 ἀν
1349 499 1435 568 εἴη
1462 499 1639 566 λόγον,
1674 501 1850 553 πάντα

280 592 454 660 τούτῳ
508 591 745 660 προσῆν.
810 591 1161 660 Ἡρακλέους,
1199 591 1574 658 γενναιότερος
1613 586 1702 659 ἦν,
1757 591 1854 643 Δί-

285 680 423 733 ακὸν
461 681 555 732 καὶ
587 680 1024 751 Βελλεροφόντην
1066 681 1145 743 είς
1166 679 1226 732 τὸ
1258 680 1471 748 σῶφρον
1497 680 1854 750 ὑπερηκόντι-

287 790 399 832 σεν,
429 772 701 842 Νέστορός
748 788 809 824 τε
860 771 1190 843 σοφώτερος,
1215 771 1561 847 ⁷Ῑίαλαμήδου
1595 770 1641 823 δ’
1671 772 1848 840 εὐμη-

285 868 589 934 χανιύτερος
623 862 761 933 ὁμοῦ
820 866 915 918 καὶ
974 864 1302 934 σοφώτερος.
1362 861 1659 915 Εὐϐουλίαν
1713 863 1852 932 ὑπὲρ

286 956 497 1016 πάντας
529 955 820 1024 ἐκέκτητο,
853 953 1113 1024 ἀλήθειαν
1145 953 1304 1025 εἴπερ
1333 971 1438 1017 τις,
1472 953 1783 1006 θεοσέϐειαν
1809 953 1855 1006 δ’

285 1046 356 1106 ὡς
390 1041 583 1108 οὐδείς.
628 1047 858 1109 Ἀλλους
899 1047 958 1098 ἐν
984 1045 1163 1107 ἄλλοις
1199 1046 1296 1097 καὶ
1326 1044 1541 1105 πάντας
1561 1045 1655 1096 ἐπὶ
1690 1044 1856 1096 πᾶσιν

295 1139 543 1205 ἐνίκησε.
605 1137 678 1190 Τὸ
707 1138 808 1207 μὲν
837 1132 932 1190 οῦν
969 1135 1172 1188 τοιαῦτ’
1203 1136 1339 1190 ἄττα
1365 1136 1667 1204 κτήσασθαι
1699 1136 1856 1204 δυνη-

286 1226 466 1291 θῆναι,
501 1226 758 1296 εὐδαιμον
813 1229 933 1295 μὲν,
984 1227 1045 1280 οὐ
1086 1227 1269 1296 ῥᾴδιον
1318 1225 1395 1278 δέ’
1450 1228 1696 1295 κρεῖττον
1750 1229 1856 1297 γὰρ

286 1316 452 1378 ὅντως
490 1317 521 1386 ἢ
557 1318 679 1371 κατ’
711 1317 899 1387 εὐχήν.
936 1318 1008 1370 Τὸ
1038 1317 1096 1370 δέ
1127 1318 1368 1387 φανῆναι
1392 1319 1489 1387 μὲν
1519 1321 1612 1371 τὸν
1641 1320 1854 1387 ἔχοντα,

297 1404 395 1460 εἶτ’
431 1409 628 1477 αἴφνης
662 1407 803 1462 οὕτω
851 1427 967 1471 πως
998 1410 1059 1460 ἐκ
1093 1409 1274 1477 μέσων
1305 1408 1492 1461 τοῦτον
1521 1409 1855 1475 ἀποπτῆναι,

307 1498 618 1567 Ἡράκλεις,
648 1500 724 1562 ὡς
771 1503 969 1568 πικρόν
1010 1518 1068 1553 τε
1120 1504 1214 1555 καὶ
1266 1503 1447 1553 πᾶσαν
1503 1501 1858 1568 παραμυθίαν

295 1589 625 1658 ὐπερνικῶν.
656 1590 753 1652 Τίς
799 1589 1014 1653 τοίνυν,
1044 1590 1128 1652 τίς
1173 1589 1366 1659 Τελχὶν
1400 1589 1698 1658 ἐφθόνησεν
1727 1591 1856 1658 ἡμῖν

294 1680 389 1734 τοῦ
436 1681 678 1734 τοιούτου
726 1680 893 1735 καλοῦ
919 1697 936 1748 ;
986 1680 1080 1743 Τίς
1115 1681 1214 1750 τῆς
1260 1681 1517 1748 τοιαύτης
1543 1679 1636 1732 τοῦ
1671 1681 1859 1747 γένους
1888 1661 1936 1720 Β

303 1772 507 1842 ζημίας
565 1771 662 1825 καὶ
711 1773 1133 1842 κακοδαιμονίας
1167 1774 1193 1825 ὁ
1227 1772 1464 1840 μάλιστα
1497 1770 1812 1835 αἰτιώτατος
1840 1788 1855 1837 ;

305 1863 479 1931 ’Υπὲρ
514 1863 672 1931 λόγον
705 1863 766 1916 τὸ
789 1863 978 1926 πάθος.
1024 1862 1194 1933 ’Υπὲρ
1224 1862 1578 1933 παραμυθίαν
1636 1865 1666 1930 ή
1724 1880 1860 1931 συμ-

292 1951 454 2019 φορά.
495 1952 810 2021 Φιλοσοφεῖν
848 1953 946 2021 μέν
980 1953 1148 2021 ἡμᾶς,
1177 1945 1221 2004 ὦ
1244 1954 1533 2023 παρόντες,
1562 1951 1730 2020 ἐχρῆν
1762 1953 1859 2003 καὶ

292 2044 352 2093 τὸ
380 2041 550 2103 πάθος
594 2042 859 2110 γενναίως
902 2045 1148 2108 ἐνεγκεῖν
1181 2043 1494 2112 βιάσασθαι,
1529 2044 1624 2096 καὶ
1650 2043 1862 2104 πάντας

297 2132 398 2198 μὲν
418 2171 432 2193 ,
467 2131 702 2199 μάλιστα
723 2132 778 2185 δὲ
807 2135 932 2195 τοὺς
960 2134 1056 2199 τῆς
1089 2132 1296 2202 ὑψηλῆς
1324 2130 1416 2186 τοῦ
1451 2133 1643 2204 ἀνδρὸς
1669 2135 1862 2204 σοφίας

295 2223 711 2293 ἀντεχομένους,
741 2225 790 2278 οἳ
841 2227 932 2278 καὶ
980 2225 1040 2278 τδ
1084 2225 1164 2287 είς
1208 2225 1398 2290 λόγους
1435 2226 1708 2295 ὁσημέραι
1743 2227 1864 2280 τού-

297 2331 375 2383 τῳ
403 2315 658 2381 γενέσθαι
679 2315 1023 2385 εὐδαιμονίαν
1053 2316 1234 2383 σφίσιν
1263 2316 1520 2380 ἐτίθεντο,
1542 2317 1864 2384 προύργιαί-

291 2423 448 2476 τερον
494 2406 652 2459 τοῦτο
683 2406 790 2459 τῶν
825 2407 998 2460 ἀλλων
1026 2407 1284 2476 οἰόμενοι,
1317 2407 1510 2476 ἄνδρες
1537 2408 1862 2477 φιλομαθεῖς

296 2513 353 2548 τε
385 2497 478 2549 καὶ
506 2495 722 2564 φύσεως
748 2497 928 2561 δεξιᾶς
957 2498 1050 2550 καί¹
1083 2498 1306 2568 γνώμης
1339 2499 1611 2566 γενναίας,
1642 2502 1734 2553 καὶ
1765 2501 1864 2567 τῆς

297 2589 539 2659 μεγάλης
567 2587 660 2640 τοῦ
691 2588 882 2659 ἀνδρὸς
914 2590 1105 2657 σοφίας
1143 2591 1388 2658 ἐρασταί.
1437 2589 1575 2643 Ἀλλ’
1605 2591 1746 2659 ὑπὲρ
1780 2609 1867 2658 φι-

295 2679 549 2747 λοσοφίαν
572 2679 630 2732 τδ
655 2679 842 2743 πάθος.
862 2680 1044 2749 Μόνης
1072 2680 1169 2747 τῆς
1201 2680 1348 2744 θείας
1384 2681 1595 2733 ἐκείνου
1641 2681 1864 2752 γνώμης

298 2770 392 2822 καὶ
418 2771 669 2837 γενναίας
701 2771 876 2841 ψυχῆς
897 2773 992 2824 καὶ
1023 2771 1182 2824 τοῦτο
1199 2772 1498 2842 τεκμήριον
1524 2773 1731 2841 γένοιτο
1762 2775 1862 2844 (1),

301 2861 360 2924 δς
387 2862 474 2913 ἴσα
510 2864 600 2915 καὶ
645 2863 848 2917 ἀπαθεῖ
894 2865 1116 2934 κάμνων
1146 2864 1328 2935 ἐῴκει,
1360 2866 1518 2919 ἄλλου
1545 2867 1601 2919 δέ
1627 2866 1860 2932 οὐδενός.

296 2951 410 3050 Νῦν
437 2951 483 3006 δ’
516 2947 690 3022 οἶμαι,
741 2956 834 3050 καὶ
886 2955 995 3008 τῶν
1034 2957 1374 3026 ἀναισθήτων
1429 2959 1461 3026 ἡ
1510 2958 1670 3026 φύσις
1710 2975 1851 3026 συμ-
1891 2993 1933 3050 c

301 3043 519 3114 πάσχει,
552 3044 804 3115 αἴσθησίν
835 3063 952 3099 τινα
995 3046 1088 3099 τοῦ
1121 3047 1324 3108 πάθους
1356 3047 1726 3116 λαμϐάνουσα,
1760 3052 1855 3102 καὶ

301 3134 398 3203 τὴν
428 3135 612 3204 κοινὴν
637 3136 744 3188 τῶν
778 3137 1080 3208 ἀνθρώπων
1112 3139 1539 3206 κακοδαιμονίαν
1565 3140 1860 3194 ἀποκλαιο-

299 3225 460 3296 μένη.
487 3227 554 3278 Ὤ
578 3223 687 3278 οἷον
713 3230 846 3298 ημῖν
879 3228 1179 3298 ὑποστῆναι
1208 3230 1406 3298 συνέϐη
1437 3231 1630 3283 δεινόν.
1668 3231 1860 3286 ὐποία

298 3315 511 3384 θρήνων
546 3317 803 3387 ὑπόθεσις
834 3321 1139 3388 πρόκειται,
1172 3318 1540 3388 ἐπιλησομένη
1566 3321 1859 3391 μηδέποτε.

309 3407 520 3460 Ὀποῖον
550 3410 683 3479 όρᾷν
729 3410 1034 3478 ἀνεχόμεθα
1070 3411 1248 3478 θέαμα
1297 3413 1406 3472 τοῖς
1441 3413 1577 3463 πᾶσι
1607 3412 1858 3480 φρικτὸν,

297 3494 342 3552 ὦ
369 3502 439 3569 γῆ
472 3502 562 3553 καὶ
594 3502 710 3570 ἥλιε
739 3503 834 3555 καὶ
864 3502 1077 3570 λογικαὶ
1112 3502 1415 3570 φροντίδες.
1446 3503 1621 3572 Ὀναρ
1670 3502 1770 3572 μὲν
1797 3503 1862 3556 ἄν

296 3610 380 3654 τις
419 3593 561 3653 ἰδὼν,
594 3593 710 3662 τάχ’
746 3595 810 3646 ἂν
833 3594 1023 3662 ἐξέστη
1067 3595 1158 3646 τοῦ
1189 3594 1302 3655 νοῦ,
1343 3595 1438 3647 καὶ
1475 3595 1667 3647 οἰωνὸν
1698 3595 1862 3646 ἀπαί-

301 3703 414 3736 σιον
441 3685 677 3747 ,πάντως
713 3686 888 3756 ᾡήθηι
920 3687 1111 3756 ’Ύπαρ
1157 3687 1202 3738 δ’
1245 3687 1404 3756 ἡμεῖς
1458 3685 1552 3738 νῦν
1603 3688 1859 3754 δρῶντες,

300 3778 416 3839 πῶς
464 3778 728 3843 γενναίως
778 3779 965 3845 φέρειν
1021 3775 1398 3845 ὑπομενοῦμεν
1429 3794 1443 3841 ;
1479 3779 1540 3828 Ὢ
1577 3773 1686 3828 οἷον
1729 3779 1864 3846 ἡμῖν

299 3871 557 3940 ἤνεγκας,
593 3869 773 3938 χρόνε,
802 3869 1036 3936 πρᾶγμα
1059 3867 1291 3920 ἄπιστον
1323 3868 1414 3919 καὶ
1452 3867 1592 3934 μετά
1616 3867 1712 3936 τὴν
1747 3870 1865 3919 πεῖ·

301 3979 423 4031 ραν.
458 3962 521 4012 Ὢ
543 3961 856 4030 τραύματος
885 3959 1207 4026 ἀνηκέστου.
1234 3959 1297 4009 Ὢ
1326 3958 1610 4026 συμφορᾶς
1644 3959 1866 4010 ἀνυποί-

303 4070 426 4105 στου
461 4053 558 4121 (2).
589 4053 780 4104 Καίτοι
825 4051 1001 4119 ἔγωγε
1045 4048 1228 4119 ᾤμην,
1257 4051 1306 4102 εί
1349 4045 1460 4102 οἷόν
1502 4066 1557 4100 τε
1589 4045 1655 4119 ἦν
1684 4049 1743 4100 ἐν
1771 4050 1864 4100 ἀν-

301 4143 538 4212 θρώποις
563 4144 862 4196 ἀθανασίαν
897 4142 1152 4209 φανῆναι,
1183 4140 1283 4193 οὐκ
1312 4141 1377 4193 ἂν
1406 4140 1551 4210 ἄλλῳ
1597 4157 1674 4208 τῳ
1729 4137 1864 4207 μᾶλ-

301 4239 388 4286 λοιν
415 4236 447 4303 ἦ
483 4235 618 4302 τῷδε
648 4233 986 4301 ἐγγενέσθαι.
1025 4232 1189 4284 Ταῦτ’
1213 4232 1555 4300 ἐπεπείσμην
1595 4231 1771 4298 ἔγωγε
1797 4233 1865 4300 τῇ

1959 408 2060 476 μὸν
2114 407 2266 460 τοῦδε
2327 407 2419 460 τοῦ
2476 408 2696 472 παντὸς.
2742 408 2834 462 τὸν
2892 409 3166 462 θειότατον
3217 407 3310 460 καὶ
3347 407 3521 475 μέγαν

1955 499 2292 552 διδάσκαλον.
2321 497 2662 564 Κεκλείσθω,
2689 498 2815 568 φεῦ,
2853 499 3105 568 μουσεῖαο
3140 496 3403 567 οίχέσθων
3432 497 3522 550 λό-

1956 607 2063 656 γοι⁸
2105 583 2410 657 σιγάτωσαν
2460 589 2651 659 βίϐλοι,
2689 591 2889 660 μᾶλλον
2917 590 2975 642 δέ
3006 588 3521 658 διαγραφέσθωσαν.

1959 681 2148 732 Κεῖται
2172 681 2280 748 γάρ
2314 679 2484 746 σιγῶν
2507 682 2534 732 ὁ
2557 680 2828 743 θειότατος
2861 681 2954 734 καὶ
2983 681 3155 749 μέγας
3179 678 3522 742 διδάσκαλος.

1958 767 2070 823 Εἶθ’
2100 771 2258 839 ἡμεῖς
2303 768 2402 838 ζῇν
2445 771 2585 834 ὅλως
2626 771 2717 824 καὶ
2749 773 2904 828 πνεῖν
2945 769 3162 823 καὶτὸν
3195 770 3347 839 ἥλιον
3393 771 3527 840 όρᾷν

1957 861 2284 930 ἀνεξόμεθα,
2318 861 2585 929 ὀρφανίας
2633 861 2845 931 ἔχοντες
2893 860 3149 929 τοιαύτης
3179 860 3342 914 αὐτὸν
3380 861 3523 931 μάρ-

1956 965 2115 1022 τυρα.
2165 952 2336 1020 ’Υπὲρ
2401 947 2468 1020 ἧς
2519 952 2699 1006 πάντα
2747 951 3043 1020 προθύμως
3088 951 3158 1006 ἄν
3203 951 3527 1021 προϊέμεθα,

1958 1044 2051 1095 καὶ
2089 1043 2196 1094 τῶν
2242 1044 2693 1110 ἀναγκαιοτάτων
2740 1042 2805 1110 δὴ
2863 1040 3044 1109 μελῶν
3082 1041 3341 1111 στέρησιν
3393 1041 3527 1095 ἐκα-

1959 1151 2082 1198 στος
2124 1136 2189 1189 ἂν
2223 1135 2566 1205 ἠνέγκαμεν,
2625 1136 2700 1197 ὡς
2752 1135 2818 1188 ἂν
2869 1134 2964 1188 ἐνα
3004 1133 3193 1187 τοῦτον
3234 1133 3528 1202 πριάμενοι

1958 1229 2037 1288 είς
2067 1226 2244 1278 κοινὸν
2275 1226 2779 1295 ἀπαθανατίσωμεν
2827 1226 3032 1295 κόσμον
3063 1227 3130 1294 τῇ
3165 1223 3406 1293 πατρίδι,
3452 1223 3532 1293 τῷ

1959 1316 2130 1383 γένει,
2162 1320 2227 1384 τῇ
2265 1315 2442 1382 φύσει.
2471 1311 2542 1368 Ὦ
2569 1316 2767 1386 πατρὶς
2797 1317 2904 1384 ἐμὴ
2925 1316 3304 1383 κακοδαίμων,
3337 1315 3370 1383 ὴ
3400 1310 3532 1368 τάλ-

1958 1407 2026 1459 λα
2073 1408 2172 1474 μὲν
2229 1406 2498 1477 δυστυχὴς
2527 1447 2541 1470 ,
2588 1408 2662 1468 ὼς
2715 1408 2933 1461 πάντων
2971 1406 3201 1475 ἄμοιρος
3250 1401 3384 1460 οὐσα
3423 1405 3533 1457 τῶν

1959 1496 2233 1566 χρηστῶν,
2267 1498 2348 1549 ἐνὶ
2366 1497 2421 1550 δὲ
2451 1496 2624 1566 τούτῳ
2658 1498 2804 1567 μόνῳ
2836 1497 3145 1568 ζηλουμένη
3169 1514 3229 1550 τε
3266 1498 3400 1551 πᾶσι
3435 1497 3530 1549 καὶ

1961 1586 2217 1656 ᾁδομένη,
2244 1587 2271 1639 ὂ
2302 1587 2395 1639 νῦν
2436 1587 2708 1640 ἀπεϐάλου
2741 1588 2834 1641 καὶ
2884 1589 3024 1642 τόδε.
3062 1589 3136 1641 Τὸ
3174 1589 3233 1641 δέ
3281 1588 3346 1658 δὴ
3377 1587 3534 1657 χαλεη

1965 1676 2214 1748 πώτερον
2244 1679 2337 1733 καὶ
2369 1679 2505 1746 ὅπερ
2551 1680 2731 1746 ἥκιστ’
2783 1679 3029 1744 ἀνεκτὸν,
3064 1679 3154 1732 ἐπὶ
3196 1679 3303 1731 τίνι
3332 1679 3535 1748 μᾶλλον

1964 1769 2386 1839 ἐκαυχησάμεθ⁹,
2423 1770 2699 1841 ἄνθρωποί
2747 1788 2806 1824 τε
2845 1770 2998 1834 ὄντες
3041 1772 3136 1824 καὶ
3184 1770 3536 1840 λόγῳ.τιμώο

1967 1877 2116 1927 μενοι
2144 1876 2158 1925 ;
2201 1861 2433 1914 Πλοῦτόν
2462 1879 2609 1924 τινες
2633 1862 2969 1916 ἀπεϐάλοντο
2997 1881 3011 1928 ;
3057 1862 3225 1915 Ἀλλά
3263 1861 3534 1932 σφαλερόν

1963 1968 2026 2018 γε
2072 1952 2133 2004 τὸ
2183 1953 2387 2022 κτῆμα’
2442 1953 2674 2006 ἄστατον
2724 1955 2833 2020 γὰρ
2895 1953 2990 2008 καὶ
3039 1953 3228 2008 δοῦλον
3271 1955 3334 2022 τῇ
3373 1951 3532 2021 τύχῃ,

1963 2044 2163 2106 κακίας
2215 2060 2274 2096 τε
2338 2045 2542 2113 μᾶλλον
2591 2045 2785 2109 αἴτιον,
2847 2045 2944 2098 καὶ.
2999 2047 3114 2108 τοῖς
3167 2043 3393 2112 φαύλοις
3426 2043 3536 2097 τῶν

1964 2135 2268 2206 ἀνθρώπων
2325 2137 2782 2207 περιγινόμενον,
2838 2136 3181 2192 ἐπικίνδυνόν
3237 2154 3297 2190 τε
3359 2137 3535 2206 ἐφάνη

1964 2230 2074 2288 τοῖς
2105 2227 2290 2296 ἔχουσι
2318 2227 2464 2291 νοῦν,
2496 2229 2592 2281 καὶ
2624 2227 2816 2296 σοφίας
2843 2229 3118 2299 δεόμενον,
3142 2223 3212 2300 ἦς
3239 2230 3296 2296 ἐξ
3325 2229 3538 2298 ἀνθρὼ-

1967 2336 2084 2372 πων
2115 2320 2523 2389 άπογενομένης
2556 2321 2652 2372 καὶ
2695 2320 2921 2383 πλοῦτος
2957 2320 3176 2389 ἀχρεῖος
3214 2320 3310 2374 καὶ
3345 2316 3536 2384 τᾶλλα,

1966 2411 2220 2479 καθάπερ
2286 2411 2416 2471 ναῦς
2471 2411 2837 2482 ἀκυϐέρνητος
2883 2410 3038 2466 οῦσα.
3102 2410 3277 2480 ’ἰσχὺν
3323 2410 3536 2480 ἕτεροις
3619 2435 3626 2446 ε

1969 2501 2077 2552 Καὶ
2113 2501 2330 2570 πρῶτον
2374 2502 2473 2569 μὲν
2505 2503 2619 2567 εἴγε
2651 2519 2734 2564 τις
2767 2501 3011 2568 ἀκριϐῶς
3055 2500 3308 2564 ἐξετάσαι
3343 2501 3539 2569 βουλη-

1968 2591 2108 2659 θείη,
2145 2593 2298 2645 οὐδέν
2352 2593 2508 2645 τοῦτο
2565 2593 2728 2661 μέγα.
2784 2593 2844 2645 Εί
2893 2594 3001 2662 γὰρ
3053 2592 3142 2646 διά
3187 2591 3381 2662 ῥώμην
3410 2592 3538 2654 τοὺς

1967 2681 2288 2750 ἀνθρώπους
2327 2684 2630 2754 τιμήσομεν
2656 2724 2671 2749 ,
2721 2685 2959 2754 λήσομεν
2992 2685 3132 2751 σφᾶς
3181 2685 3377 2747 αὐτοὺς
3412 2684 3541 2736 πολ-

1969 2773 2044 2840 λῷ
2073 2773 2184 2824 τῶν
2222 2773 2433 2840 ἀλόγων
2466 2773 2828 2841 φαυλοτέρους
2858 2776 3328 2845 ἀπεργασάμενοι,
3359 2775 3393 2829 ἃ
3415 2775 3542 2828 πολ-

1970 2861 2047 2930 λῷ
2095 2864 2160 2931 τῇ
2209 2863 2369 2933 ῥώμῃ
2416 2865 2524 2916 τῶν
2569 2865 2874 2934 ἀνθρώπων
2925 2868 3269 2934 προέχουσιν.
3325 2866 3539 2918 Ἔπειθ’

1967 2956 2070 3018 ὅτι,
2111 2957 2158 3007 εί
2198 2958 2292 3007 καὶ
2347 2956 2508 3009 τοῦτο
2552 2956 2797 3026 δώσομεν
2852 2959 2986 3019 ἴσως
3039 2957 3384 3026 βιασθέντες,
3421 2957 3540 3010 ἀλλ’

1965 3047 2086 3109 ἐνὸς
2118 3046 2215 3114 μὲν
2255 3046 2384 3108 ἴσως
2446 3046 2603 3117 ῥώμῃ
2663 3065 2744 3109 τις
2797 3048 2828 3116 ἢ
2889 3049 2984 3100 καὶ
3041 3047 3259 3115 πλούτῳ
3293 3048 3534 3116 προέξει·
3603 3077 3618 3086 ι

1963 3139 2112 3192 δυοῖν
2175 3138 2231 3191 δὲ
2289 3140 2577 3208 οὐδαμῶς,
2611 3141 2748 3192 ὅπου
2800 3157 2861 3205 γε
2907 3138 3017 3192 οὐδ’
3059 3137 3372 3208 Ἠρακλῆςο
3405 3139 3454 3190 εί
3482 3138 3539 3189 δὲ

1963 3227 2132 3291 δυοῖν,
2160 3227 2221 3280 οὐ
2257 3227 2431 3296 δήπου
2462 3227 2558 3279 καὶ
2597 3226 2904 3295 τεττάρων·
2937 3227 2984 3277 εί
3032 3224 3087 3277 δὲ
3137 3224 3341 3276 τούτων
3383 3223 3540 3285 ἴσως,

1963 3320 2025 3373 οὐ
2074 3319 2254 3389 δήπου
2289 3319 2384 3372 καὶ
2430 3319 2582 3380 δέκα,
2627 3319 2719 3372 καὶ
2750 3319 2828 3370 ἐτι
2863 3317 3068 3380 πόλεως
3104 3315 3378 3386 ὃλης,.καὶ
3406 3313 3542 3383 πρὸς

1964 3413 2176 3476 τούτοις
2205 3413 2417 3476 ἔθνους,
2450 3415 2543 3466 καὶ
2593 3413 2772 3480 πολλῷ
2810 3431 2872 3480 γε
2907 3413 3108 3482 μᾶλλον
3157 3412 3372 3464 πάντων
3399 3427 3412 3442 ο
3448 3426 3538 3462 σο-

1967 3505 2208 3573 φώτερος
2246 3505 2303 3556 δέ
2350 3483 2432 3567 τίς
2489 3505 2586 3573 οὐχ
2640 3504 2758 3561 ἐνός
2792 3521 2937 3566 τινος
2997 3504 3089 3555 καὶ
3136 3501 3228 3554 δύο
3280 3503 3378 3554 καὶ
3409 3501 3542 3554 δέκτ

1970 3599 2150 3664 μόνον,
2192 3600 2286 3651 καὶ¹
2331 3597 2558 3660 πόλεως,
2597 3598 2690 3649 καὶ
2748 3596 2956 3658 ἔθνους,
3005 3595 3142 3647 ἀλλά
3169 3593 3267 3648 καὶ
3309 3593 3416 3646 τῶν
3448 3595 3542 3645 ἐπὶ

1968 3691 2074 3756 γῆς
2116 3689 2354 3752 πάντων,
2391 3689 2615 3741 δυνατὸν
2657 3684 2817 3742 εἶναι.
2868 3685 3082 3750 Ὅποῖος
3134 3687 3198 3755 δὴ
3246 3689 3339 3738 καὶ
3373 3687 3402 3739 6
3447 3686 3543 3737 νῦν

1966 3783 2100 3849 ἡμῖν
2131 3781 2223 3833 ἐπὶ
2249 3779 2436 3833 πένθει
2473 3779 2860 3849 προκείμενος·
2897 3778 3058 3845 μόνος
3087 3778 3197 3848 γὰρ
3222 3771 3374 3839 οὗτος
3406 3778 3543 3846 ἔργα

1970 3872 2131 3936 λόγου
2174 3871 2411 3940 κρείττω
2461 3870 2793 3938 παρέσχετο,
2820 3869 2894 3929 ὼς
2928 3867 3218 3936 προλαϐὼν
3252 3868 3351 3935 μὲν
3381 3869 3544 3928 αὐτός

1969 3964 2080 4022 τοῖς
2111 3961 2312 4028 ἐργοις,
2350 3957 2462 4026 ἐγὼ
2489 3961 2546 4012 δέ
2589 3960 2703 4020 τοῖς
2760 3958 2942 4025 λόγοις
2999 3957 3300 4026 δεδήλωκα.
3354 3958 3541 4016 Οὕτως

1970 4052 2077 4104 οὐδ’
2103 4052 2152 4102 of.
2202 4050 2393 4118 ῥώμην
2436 4048 2841 4109 ἀποϐάλλοντες
2882 4047 3023 4114 μέγα
3067 4063 3122 4097 τι
3171 4045 3358 4098 λοιπδν
3407 4049 3543 4097 ἀπο-

1973 4140 2186 4194 ϐάλλειν
2231 4138 2501 4204 δοκοῦσιν,
2550 4137 2674 4191 ἐπεὶ
2726 4137 2822 4189 καὶ
2873 4137 3016 4204 νόσῳ
3068 4136 3240 4205 ῥᾷστα
3283 4137 3541 4204 θηρᾶται,

1973 4237 2120 4304 γήρᾳ
2167 4248 2228 4283 τε
2290 4223 2611 4299 χάυνοῦταισ
2649 4227 2812 4296 σοφία
2870 4227 2925 4280 δέ
2981 4227 3120 4296 μόνη
3170 4226 3277 4278 τῶν
3323 4227 3542 4277 πάντων

303 4325 519 4395 ἀκριϐεῖ
570 4328 808 4394 προσοχῇ
837 4324 936 4392 τῆς
986 4323 1196 4375 ἐκείνου
1231 4322 1462 4386 διαίτης,
1495 4322 1866 4391 τεκμαιρόμε-
1899 4329 1943 4383 D
1974 4323 2266 4376 ἀνάλωτον.
2327 4321 2391 4373 EE
2448 4319 2506 4370 δὲ
2565 4318 2662 4372 καὶ
2699 4316 3130 4386 περιγενοίμεθα
3165 4314 3278 4368 ἔσθ’
3315 4316 3401 4367 ὅτε
3437 4316 3544 4366 τῶν

304 4434 392 4480 νος
424 4417 543 4470 τόδε
575 4417 652 4486 τῷ
693 4415 974 4486 μηδέποτ’,
1003 4414 1062 4478 ἐξ
1082 4414 1205 4466 ὅτου
1237 4412 1493 4480 τοιαύτην
1523 4413 1698 4465 είλετο
1725 4412 1865 4465 δίαι-

304 4527 426 4572 ταν,
474 4509 711 4578 ἀλγῆσαί
750 4525 804 4559 τι
857 4507 963 4558 τῶν
1017 4504 1203 4558 αὐτοῦ.
1255 4505 1312 4556 Εἰ
1361 4504 1414 4555 δέ
1471 4505 1566 4573 μὴ,
1601 4505 1736 4555 ἀλλά
1767 4504 1868 4556 κᾶν

305 4601 434 4666 γοῦν
482 4601 574 4652 ἐπὶ
635 4600 1061 4668 μακροϐιότητός
1124 4595 1469 4647 ἐπιπλεῖστον
1525 4597 1737 4657 ἐλάσαι,
1775 4601 1868 4648 καὶ

306 4690 387 4742 ὅτι
431 4691 705 4756 ἐγγύτατα
750 4689 992 4741 Τιθωνοῦ
1023 4705 1081 4740 τε
1111 4687 1200 4738 καὶ
1245 4687 1640 4754 Ἀργανθωνίου
1675 4688 1871 4756 βιῶσαι

310 4781 342 4850 ἢ
388 4780 481 4833 τοῦ
545 4781 671 4848 παρ’
712 4783 844 4849 ἡμῖν
892 4778 1244 4832 Μαθουσάλα.
1292 4778 1608 4830 Ἐλάνθανον
1655 4779 1709 4831 δὲ
1763 4781 1872 4848 ἄρα

306 4873 657 4942 ὴπατημένος
704 4871 825 4924 κατ’
872 4871 1059 4939 ἄμφω.
1096 4871 1202 4923 Καὶ
1247 4871 1308 4921 τὸ
1367 4871 1466 4939 μὲν
1519 4873 1630 4931 τοῖς
1690 4859 1869 4932 ἀλλοις

307 4959 478 5024 οὕτως
515 4963 732 5013 ἐπιέναι
776 4977 835 5012 σε
859 5001 874 5024 ,
925 4953 970 5012 ὦ
1001 4959 1253 5023 θάνατος,
1289 4959 1456 5011 δεινὴν
1492 4959 1572 5024 ὃν,
1607 4960 1666 5011 οὐ
1696 4960 1868 5012 δεινὸν

311 5054 463 5114 ἴσως.
495 5051 629 5105 Νυνὶ
668 5051 725 5103 δὲ
763 5050 815 5102 τί
848 5049 1036 5103 παθὼν
1059 5050 1118 5102 τὸ
1154 5049 1329 5102 κοινὸν
1357 5051 1492 5116 ἡμῖν
1517 5049 1738 5116 ἀφείλου
1771 5068 1874 5101 καε

308 5143 420 5205 λδν,
452 5143 706 5212 ἀφορμήν
737 5159 796 5193 τε
825 5141 1037 5210 θρήνων
1061 5143 1192 5210 ἡμῖν
1215 5140 1433 5210 ἐξεῦρες
1462 5142 1645 5204 πάσας
1669 5143 1872 5209 παρελ-

307 5233 506 5286 θοῦσαν
545 5235 643 5294 τὰς
690 5231 934 5300 προτοῦ;
987 5232 1083 5298 τὴν
1129 5231 1223 5282 τοῦ
1255 5237 1447 5299 γένους
1501 5232 1869 5300 εὐδαιμονίαν,

306 5328 416 5384 τοῖς
448 5323 506 5376 εὖ
533 5323 786 5390 φρονοῦσι
813 5323 911 5389 τὴν
937 5321 1223 5389 θυμηδίαν,
1248 5323 1308 5372 τὸ
1333 5323 1431 5390 τῆς
1464 5321 1678 5387 φύτεως
1705 5322 1871 5387 ἄγαλ-

309 5431 405 5481 μα,
439 5415 531 5467 τοῦ
564 5414 905 5482 ἀνθρωπίνου
960 5415 1148 5478 γένους
1209 5413 1307 5480 τὴν
1370 5413 1715 5481 εὐκοσμίαν,
1778 5412 1870 5463 τὸν

375 5591 452 5660 (1)
483 5589 851 5657 Βιιιηιιιιηιιιιιιι
884 5586 1093 5639 videmur
1143 5587 1226 5637 ἄν.

565 5692 828 5749 hrum.
868 5689 980 5742 (La.
1017 5683 1189 5743 CLX.

1978 4413 2382 4492 ἀλκιμωτάτων
2418 4411 2647 4478 θηρίων,
2683 4410 2742 4460 οὐ
2789 4411 2854 4478 τῇ
2889 4408 3068 4476 ῥώμη,
3113 4405 3274 4477 σοφίᾳ
3311 4405 3367 4458 δὲ
3404 4405 3546 4474 μᾶλ-

1977 4503 2068 4556 λον
2125 4501 2538 4570 περιγινόμεθα.
2595 4500 2780 4551 ’Δλλοι
2833 4498 3056 4567 βασιλέα
3112 4496 3298 4548 λοιπὸν
3336 4495 3548 4548 ἀπεϐά-

1980 4599 2129 4650 λεντο
2162 4612 2174 4660 ;
2209 4593 2344 4646 Ἀλλ’
2373 4592 2495 4645 οὐδὲ
2525 4592 2683 4644 τοῦτο
2727 4589 2930 4643 δεινόν·
2969 4587 3162 4656 φαῦλοι
3211 4587 3320 4656 γὰρ
3350 4585 3424 4649 ὼς
3461 4589 3550 4639 ἐπὶ

1980 4692 2039 4740 τὸ
2080 4688 2332 4740 πλεῖστον
2384 4687 2433 4736 ot
2487 4683 2708 4744 πλείους
2763 4681 2964 4739 αὐτῶν,
3017 4680 3110 4732 καὶ
3164 4680 3232 4731 δι’
3283 4680 3447 4748 εὐχῆς
3486 4681 3548 4730 τὸ

1981 4774 2224 4846 ὐςτήκοον
2255 4775 2518 4836 πολλάκις
2549 4774 2689 4841 σφᾶς
2719 4771 3016 4824 ἀποϐαλεῖν
3051 4769 3258 4839 ἔχουσι,
3291 4771 3389 4824 καὶ⁸
3415 4769 3546 4821 πολ-

1979 4870 2086 4922 λῶν
2140 4868 2406 4927 πολλάκις
2459 4868 2570 4928 τοῖς
2624 4865 2886 4932 ὑπηκόοις
2942 4863 3134 4914 δεινῶν
3191 4859 3501 4914 αἰτιώτατοι
3531 4897 3546 4919 ,

1982 4957 2240 5017 πολλάκις
2278 4972 2338 5008 τε
2367 4955 2426 5007 ὃν
2451 4955 2667 5030 ἔχουσιν
2719 4950 3117 5014 ἀποϐαλόντες,
3145 4949 3358 5017 ἔχουσιν
3391 4947 3449 4998 ὃν
3482 4948 3548 4998 διν

1980 5048 2443 5115 προσκτήσαιντο.
2503 5043 2639 5110 Δόξα
2706 5043 2812 5112 μὴν
2872 5041 3090 5110 σεμνὸν,
3140 5038 3275 5092 ἀλλά
3333 5039 3549 5098 πάντως

1981 5137 2259 5201 ἀϐέϐαιον,
2287 5139 2380 5188 καὶ
2420 5128 2465 5203 ᾧ
2505 5150 2567 5201 γε
2614 5133 2862 5199 παριδεῖν
2897 5133 3101 5198 ταύτην
3130 5128 3364 5193 ἐγένετο,
3398 5125 3548 5193 δόξα.

1981 5228 2192 5289 Κάλλος
2247 5228 2302 5279 δὲ
2348 5227 2730 5296 περιμάχητον
2785 5223 2905 5291 μὲν,
2954 5221 3088 5274 ἀλλά
3132 5218 3346 5278 πάντως
3377 5218 3552 5284 ὀλιγο-

1979 5322 2215 5390 χρόνιον.
2274 5321 2384 5370 Καὶ
2430 5315 2590 5384 ὐγεία
2621 5316 2834 5383 ,τίμιον
2886 5315 3004 5380 μὲν,
3062 5310 3176 5363 ἀλλ’
3213 5309 3552 5378 εὐμετάστα-

1982 5430 2092 5466 τον.
2155 5413 2239 5474 Εἰ,
2261 5411 2393 5478 γοῦν
2423 5411 2593 5462 ταῦτα
2621 5407 2884 5468 τοιαῦτα,
2923 5401 3174 5472 χαλεπῶς
3203 5401 3250 5454 δ’
3282 5397 3380 5456 οὖν
3405 5401 3554 5470 ὅμως

2055 5586 2130 5654 (9.)
2156 5585 2266 5649 εἰν,
2297 5585 2506 5654 passivo
2541 5600 2724 5648 svnsu,
2765 5581 2942 5634 mi..us
2979 5580 3186 5632 Cra‘cn.

3026 5674 3100 5733 ‘26
