3828 6180
281 318 404 381 ⁵ΒῊ

1149 314 1248 375 DE
1292 315 1548 378 REBUS
1579 308 2288 376 PELOI‘ONNESIACIS
2320 309 2610 370 ORATIO
2647 310 2692 369 Ι.

3427 315 3536 378 834

296 433 512 504 ἑκάστῳ
552 431 803 499 δύναμις,
838 429 1013 492 οὕτως
1048 430 1194 492 ὅπως
1227 429 1294 483 ἂν
1340 429 1590 482 δύναιντο
1639 427 1873 495 ἁποζῇν,

1983 423 2113 476 bant
2152 436 2594 490 unumquemque
2625 427 2790 490 prout
2821 421 2962 476 virrs
2993 400 3381 492 suppeterent,
3429 440 3536 478 non

296 527 457 597 μήτοι
482 541 547 591 γε
582 523 646 592 δὴ
693 521 957 591 ἀγγάροις
995 523 1333 591 χρωμένους.
1389 523 1498 574 Καὶ
1545 521 1632 574 διὰ
1666 519 1868 580 ταύτας

292 635 351 671 τε
377 617 485 686 γὰρ
511 615 609 677 τάς
658 613 751 665 ἐπὶ
785 614 853 666 τὰ
883 613 956 682 μὴ
1006 613 1350 682 προσήκοντα
1398 611 1644 673 δαπάνας
1694 614 1866 678 χείρω

296 708 366 761 τὰ
400 706 576 762 κοινά.
628 704 722 757 καὶ
766 703 854 757 διὰ
894 703 1019 764 τοὺς
1061 703 1351 768 ἀξιοῦντας
1398 701 1621 762 τούτους
1660 700 1868 768 δωρεὰς

297 801 510 861 ἀτελεῖς
537 795 890 866 λειτουργιῶν
918 797 1093 865 ίσχειν
1126 798 1188 848 ὲκ
1220 794 1327 846 τῶν
1370 794 1585 855 κοινῶν,
1623 794 1715 844 καὶ
1742 792 1869 846 τάδε

297 890 454 944 κοινά
503 888 864 958 βλάπτοντας,
916 889 1010 940 καὶ
1057 887 1231 957 ἀρχὴν
1279 886 1374 940 καὶ
1422 886 1716 955 κηφηνώδη
1756 885 1869 948 ἕξιν

299 983 484 1051 σφίσιν
517 983 700 1045 αὐτοῖς
753 980 1270 1044 κατασκευάζοντας
1313 978 1448 1049 (20),
1506 979 1600 1030 καὶ
1641 977 1749 1030 οὐδ’
1785 977 1869 1029 al-

299 1073 665 1142 σχυνομένους
684 1072 776 1124 ἐπὶ
797 1071 873 1140 τῷ
900 1072 994 1124 τοῦ
1009 1071 1342 1139 πράγματος
1365 1068 1598 1138 αἰσχρῷ.
1631 1069 1870 1122 Ἐκεῖθεν

296 1163 341 1216 δ’
371 1163 438 1217 ἄν
471 1180 557 1225 τις
591 1162 793 1216 συνίδοι
826 1163 922 1216 καὶ
950 1162 1048 1232 οἴῳ
1090 1162 1390 1231 ἀδικήματι
1420 1156 1567 1214 οὗτοί
1593 1178 1653 1214 τε
1681 1161 1872 1213 κάκεῖ-

297 1272 378 1307 νοι
405 1253 616 1320 δόξαιεν
647 1255 714 1308 ἂν
752 1250 894 1306 εἶναι
923 1253 1118 1322 ἔνοχοι,
1152 1254 1234 1305 ὅτι
1264 1251 1300 1305 ἃ
1348 1252 1583 1320 μάλιστα
1624 1253 1673 1306 οἱ
1703 1253 1868 1305 πολέ-

301 1365 415 1416 μιοι
441 1345 678 1411 εῦξαιντ⁹
706 1346 794 1411 ἂν,
824 1347 923 1408 τάς
954 1346 1095 1416 ὑπὲρ
1135 1346 1232 1416 τῆς
1263 1346 1540 1415 ἡμετέρας
1568 1344 1868 1412 ἀσφαλείας

295 1438 690 1504 δαπάνας-ἐἰκῇ
736 1434 1066 1499 διόλλυσθαι,
1105 1433 1261 1488 ταῦθ’
1290 1429 1438 1489 οῦτοι
1473 1437 1528 1488 ἐν
1559 1437 1742 1502 σφίσιν
1772 1434 1869 1486 αῦ-

295 1532 410 1591 τοῖς
438 1528 724 1596 γίγνεσθαι
752 1527 1030 1592 ἀξιοῦντες
1054 1527 1156 1581 οῦκ
1177 1526 1544 1595 αἰσχύνονται.
1579 1525 1650 1578 Οῖ
1674 1543 1730 1577 τε
1761 1525 1868 1594 γὰρ

296 1618 572 1686 ἐωνῆσθαι
604 1617 680 1670 .τά
706 1616 932 1670 τοιαῦτα
967 1619 1286 1684 φάσκοντες,
1326 1617 1421 1669 καὶ
1449 1615 1498 1667 οῖ
1527 1613 1738 1667 πολλῶν
1774 1613 1868 1665 καὶ

298 1709 575 1778 μεγάλων,
612 1707 688 1770 ὥς
733 1725 889 1776 φασι,
940 1707 1050 1760 τῶν
1087 1709 1270 1771 σφίσιν
1300 1707 1331 1776 ἦ
1382 1705 1663 1774 προγόνοις
1697 1703 1868 1754 λελει-

1971 515 2346 569 exactionibus
2377 515 2646 568 victitare.
2681 512 2962 580 Siquidem
2999 525 3052 569 et
3088 527 3314 585 propter
3340 532 3536 586 super-

1971 619 2174 661 vacuas
2215 606 2313 658 has
2344 605 2620 672 impensas
2666 607 2806 660 male
2849 622 2906 660 se
2942 607 3102 661 habet
3137 611 3447 677 respublica
3481 623 3536 665 et

1973 706 2190 764 propter
2229 696 2380 756 istos,
2413 695 2502 762 qui
2552 694 2874 750 coliationes
2930 697 3174 764 publicas
3208 701 3394 755 oneris
3446 717 3544 754 cx-

1971 796 2158 855 pertes
2199 785 2536 852 deposcunt,
2574 799 2636 838 ac
2671 793 2785 838 tum
2832 787 3150 856 reipublicae
3185 790 3381 844 nocent
3422 800 3533 844 tum

1965 877 2197 930 inertem
2225 884 2278 928 et
2299 874 2553 929 fucorum
2587 875 2822 930 similem
2853 879 3018 932 vitam
3051 879 3253 949 absque
3281 883 3388 936 ullo
3417 891 3534 936 tur-

1970 968 2233 1038 pitudinis
2283 967 2494 1035 pudore
2519 967 2619 1018 sibi
2662 967 2977 1023 conciliant.
3029 969 3171 1035 Quin
3222 982 3276 1026 et
3323 975 3448 1028 hinc
3482 975 3544 1028 li-

1975 1069 2097 1115 ceat
2116 1059 2311 1119 cuivis.
2335 1071 2498 1124 quam
2529 1058 2763 1126 graviter
2785 1060 3001 1127 utrique
3024 1069 3267 1126 peccent,
3292 1063 3540 1116 animad-

1973 1155 2214 1210 vertere,
2251 1146 2397 1214 quod
2431 1161 2494 1198 ea
2543 1161 2664 1215 qua
2707 1147 2942 1201 maxime
2977 1148 3159 1202 hostes
3187 1150 3239 1202 in
3279 1151 3419 1206 votis
3453 1153 3549 1204 ha-

1975 1238 2137 1303 bent,
2170 1244 2228 1290 ut
2268 1235 2462 1290 salutis
2501 1222 2808 1291 communis
2838 1237 3093 1306 impensae
3143 1249 3344 1295 temere
3389 1243 3552 1296 dissi-

1972 1339 2198 1400 pentur,
2239 1329 2292 1382 bi
2327 1344 2452 1382 cum
2495 1328 2647 1382 omni
2686 1329 3018 1396 imprudentia
3067 1342 3376 1399 procurant.
3412 1330 3547 1383 Nam

1967 1431 2025 1476 et
2050 1422 2142 1491 qui
2178 1428 2293 1474 haec
2315 1421 2591 1489 redempta
2615 1421 2874 1486 clamant,
2902 1429 2955 1474 et
2981 1422 3073 1491 qui
3109 1424 3396 1476 multarum
3423 1440 3538 1476 ma-

1974 1525 2317 1583 gnarumque
2363 1526 2541 1565 rerum
2595 1512 2851 1579 praeclare
2889 1514 2971 1566 vel
3003 1528 3032 1565 a
3063 1528 3122 1567 se
3155 1514 3236 1567 vel
3268 1530 3294 1566 a
3331 1517 3550 1582 majori-

1971 1605 2077 1659 bus
2102 1604 2236 1667 suis,
2253 1610 2309 1654 ut
2341 1601 2513 1665 aiunt,
2537 1611 2809 1670 gestarum
2835 1603 3136 1658 mercedem
3171 1604 3312 1658 hanc
3338 1603 3538 1673 depos-

1975 1702 2135 1753 cunt.
2181 1702 2504 1761 praesentem
2538 1693 2787 1748 videlicet
2813 1709 3158 1750 communem
3190 1696 3480 1762 perniciem
3517 1735 3534 1758 ,

295 1800 692 1868 τουργημένων
730 1799 921 1867 μισθὸν
953 1797 1142 1852 τοῦτον
1191 1801 1542 1866 προσήκοντα
1589 1795 1868 1862 ἀξιοῦντες

1983 1800 2074 1840 nec
2100 1785 2248 1854 justa
2281 1785 2412 1847 mihi
2441 1791 2625 1852 petere
2654 1783 2927 1847 videntur,
2964 1793 3017 1838 et
3059 1799 3223 1839 sensu
3257 1787 3416 1852 plane
3459 1801 3551 1839 ca-

290 1891 466 1957 ἔχειν,
493 1891 582 1942 τὸν
621 1891 678 1941 ὲν
718 1890 964 1960 ὑπογυίῳ
996 1890 1086 1943 τὸν
1136 1890 1314 1942 κοινὸν
1350 1889 1590 1956 ὄλεθρον,
1639 1887 1764 1940 οῦτε
1794 1888 1870 1939 δί-

300 1985 431 2037 καιά
490 2001 580 2052 μοι
631 1982 887 2036 δοκοῦσιν
948 1982 1156 2047 ἀξιοῦν,
1212 1984 1356 2035 πάνυ
1409 1999 1468 2033 τε
1526 1981 1870 2048 ἀναισθήτως

297 2075 465 2144 ἔχειν,
501 2074 550 2126 οἳ
590 2075 727 2143 μηδὲ
757 2074 1009 2127 τοσοῦτον
1037 2074 1166 2140 γοῦν
1196 2074 1517 2142 συνορῶσιν,
1549 2073 1622 2134 ὠς
1649 2074 1696 2123 εἰ
1724 2073 1786 2139 δή
1818 2087 1870 2122 τι

299 2167 369 2217 τά
399 2166 551 2218 κοινὰ
604 2165 908 2227 πταίσειεν,
942 2166 970 2217 ὃ
1003 2167 1216 2235 μήποτε
1259 2167 1488 2233 γένοιτο,
1523 2165 1642 2217 οὐδὲ
1686 2166 1871 2230 σφίσιν

303 2257 371 2310 ἂν
403 2257 579 2326 δήπου
608 2274 667 2309 τε
701 2256 1130 2326 λυσιτελήσειεν.

373 2347 462 2410 ιζ’.
508 2348 650 2414 Ἐγὼ
696 2346 740 2398 δ’
772 2347 917 2417 ἔχειν
973 2348 1075 2415 μὲν
1107 2346 1309 2399 τούτων
1337 2345 1511 2407 ἐνίους
1553 2344 1672 2395 ἀντὶ
1705 2343 1876 2410 μεγά-

299 2439 406 2491 λων
438 2437 548 2491 τῶν
598 2438 956 2506 λειτουργιῶν
995 2437 1024 2508 ἢ
1079 2441 1176 2492 καὶ
1223 2437 1514 2490 ἐπιδόσεων
1563 2435 1669 2486 τῶν
1699 2437 1777 2498 είς
1813 2436 1874 2487 τὸ

301 2528 484 2582 κοινὸν
511 2527 548 2582 ὃ.
577 2528 814 2596 ἔχουσιν,
850 2529 878 2599 ἦ
919 2531 984 2582 τά
1018 2529 1222 2581 τούτων
1258 2528 1406 2593 ἄξια.
1434 2529 1525 2580 καὶ
1555 2527 1698 2579 πάνυ
1729 2528 1875 2594 φημὶ

301 2621 509 2672 δίκαιον
542 2614 704 2681 εἶναι,
743 2620 1075 2689 λειτουργεῖν
1109 2621 1295 2688 μέντοι
1325 2624 1417 2672 καὶ
1446 2619 1539 2672 ἐπὶ
1569 2619 1777 2679 τούτοις
1805 2619 1874 2671 τὰ

301 2717 673 2781 προσήκοντα,
709 2713 858 2782 αὐτῷ
895 2717 1042 2783 μόνῳ
1079 2713 1156 2781 τῷ
1189 2714 1352 2766 πλέον
1402 2713 1510 2764 τῶν
1542 2713 1750 2765 πολλῶν
1787 2728 1876 2763 τε-

302 2805 566 2872 τιμῆσθαι
597 2805 734 2875 ('21.),
789 2805 1118 2868 ἀγαπῶντας
1147 2804 1226 2872 τῷ
1275 2804 1449 2857 πλείω
1487 2804 1584 2873 μὲν
1628 2820 1874 2872 καρπου-

306 2894 524 2963 μένους,
551 2895 728 2948 πλείω
759 2896 817 2949 δὲ
846 2899 940 2949 καὶ
973 2896 1441 2966 λειτουργοῦντας,
1472 2897 1668 2965 μᾶλλόν
1704 2915 1756 2950 τι
1783 2899 1876 2950 καὶ
1923 2919 1926 2923 ·

300 2988 604 3057 χρησίμου;
639 2984 779 3041 εἶναι
819 2991 928 3050 τοῖς
976 2991 1195 3051 κοινοῖς,
1237 2989 1374 3041 ἀλλὰ
1407 2989 1483 3058 μὴ
1517 2989 1634 3058 ἅμα
1681 2990 1780 3058 μὲν
1817 2989 1876 3041 τὸ

301 3080 397 3147 τῆς
439 3078 558 3148 βοὸς
595 3082 789 3144 ποιεῖν,
825 3081 858 3150 ἢ
891 3078 955 3147 δὴ
984 3078 1014 3130 ὃ
1039 3079 1285 3149 ήμέλιεθη
1322 3081 1483 3146 γάλα,
1515 3080 1874 3143 λακτίζουσάν

302 3190 464 3240 φασιν
494 3168 648 3234 αὖθις
679 3174 883 3237 ἐκχεῖν,
921 3171 1036 3240 ἅμα
1063 3171 1120 3224 δὲ
1150 3174 1368 3225 κάκεῖνο
1398 3173 1458 3224 τὸ
1485 3173 1578 3223 τοῦ
1621 3171 1870 3226 Ἡσιόδου

301 3265 604 3334 πάσχοντας
640 3263 930 3332 φαίνεσθαι
959 3278 973 3292 ’

559 3354 700 3408 Ἓὸν
726 3356 918 3408 κακὸν
947 3353 1434 3423 ἁμφαγαπὼντας
1472 3356 1606 3425 ('22).

302 3447 425 3499 Τῶν
464 3445 572 3516 γάρ
598 3462 681 3499 τοι
703 3445 896 3498 κοινῶν
921 3446 1128 3498 τούτων
1169 3445 1359 3498 πολλοῦ
1404 3445 1634 3498 δεόντων
1664 3445 1770 3499 κᾶν
1815 3447 1873 3512 ἐξ

298 3537 612 3608 ὁλοκλήρων
663 3539 784 3598 ταῖς
837 3537 978 3606 ὑπὲρ
1023 3537 1122 3605 τῆς
1177 3537 1363 3603 κοιιῆς
1398 3537 1693 3604 ἀσφαλείας
1731 3537 1874 3589 ἁπά-

301 3647 420 3692 σαις
455 3630 718 3692 δαπάναις
747 3629 1020 3698 ἐξαρκεῖν,
1057 3629 1109 3679 τί
1148 3646 1274 3680 ποτε
1299 3629 1544 3681 λείπεται
1569 3629 1698 3680 ὅταν
1737 3629 1874 3695 πρὸς

299 3724 417 3784 ταῖς
447 3721 556 3773 τῶν
587 3720 784 3773 κοινῶν
816 3719 1082 3787 ἀνάγκαις
1114 3722 1204 3770 καὶ
1234 3718 1488 3771 τοσοῦτόν
1512 3736 1563 3772 τι
1589 3721 1810 3790 τρέφειν

305 3808 514 3873 σμῆνος
567 3807 846 3876 κηφήνων.
883 3807 991 3859 τῶν
1037 3805 1135 3874 μὲν
1172 3808 1495 3876 φασκόντων
1544 3809 1874 3876 φιλοσοφεῖν,

305 3896 411 3948 τῶν
445 3895 489 3946 δ’
534 3897 708 3959 ἄλλως
743 3898 953 3964 ἀργεῖν,
984 3897 1016 3966 ἦ
1050 3897 1144 3951 καὶ
1193 3898 1300 3950 τῶν
1338 3901 1460 3960 ταῖς
1503 3901 1871 3966 λειτουργίαις

308 3987 696 4058 προσηκόντων
725 3988 901 4058 πολλῴ
936 4006 1036 4041 που
1069 3989 1240 4042 πλεῐω
1270 3990 1612 4059 καρποῦσθαι
1654 3991 1872 4056 ἀξιούνο

303 4097 412 4132 των
441 4095 459 4146 ;
503 4078 645 4133 Ἀλλ’
674 4080 832 4149 ὑμεῖς
873 4085 965 4132 καὶ
988 4079 1157 4135 ταῦτά
1196 4099 1256 4133 τε
1291 4083 1520 4134 κάκεῖνα
1566 4081 1876 4150 ἐπανορθώ-

306 4186 481 4233 σαιτε,
508 4172 600 4221 καὶ
628 4169 726 4235 τήν
756 4184 815 4221 τε
841 4168 1050 4237 ἀμείνω
1093 4168 1205 4232 ἕξιν
1234 4167 1441 4222 ἅπασιν
1481 4169 1745 4236 ἐνθείητε,
1780 4171 1876 4220 καὶ

309 4262 378 4312 τά
431 4261 584 4312 κοινὰ
621 4257 816 4328 βελτίω
865 4259 1104 4327 μάλιστα
1154 4260 1461 4328 ποιήσαιτε.
1511 4260 1653 4312 Ἀλλ’
1696 4262 1875 4314 ἐκεῖσε

310 4349 564 4416 ἐπάνειμι
596 4348 754 4401 πάλιν
779 4348 1011 4415 ὅθενπερ
1041 4347 1256 4418 ἐξέϐην.

376 4437 466 4508 ιη’.
503 4439 662 4501 Ἴσως
691 4438 737 4490 δ’
759 4439 1055 4493 ἀκόλουθον
1083 4439 1150 4493 ἂν
1179 4439 1347 4504 δόξειε
1375 4442 1481 4502 τοῖς
1515 4441 1615 4510 ἤδη
1642 4440 1873 4509 εἰρημέ-

315 4548 416 4592 νυις
467 4531 562 4583 καὶ
600 4529 756 4600 τήνδε
800 4531 898 4602 τὴν
947 4529 1174 4599 γνώμην
1232 4531 1588 4598 εἰσενεγκεῖν,
1631 4531 1730 4601 τὴν
1773 4532 1878 4598 γῆν

304 4622 543 4686 ἃπασαν,
573 4618 767 4690 ὥσπερ
798 4623 928 4684 ῐσως
960 4621 1074 4690 ἔχει
1111 4623 1255 4674 κατά
1280 4621 1460 4689 φύσιν,
1498 4623 1684 4691 κοινὴν
1709 4622 1882 4676 ἅπασι

305 4712 416 4770 τοῖς
449 4711 752 4764 ἐνοικοῦσιν
786 4706 929 4764 εἶναι
962 4710 1099 4780 (25),
1145 4713 1549 4764 ἀντιποιεῖσθαι
1584 4713 1654 4766 δὲ..
1677 4714 1880 4782 μηδένα

306 4801 415 4873 ἰδίᾳ
447 4801 649 4871 χωρίου
683 4801 912 4871 μηδενός
939 4817 953 4832 ·
987 4801 1187 4868 ἐξεῖναι
1217 4801 1274 4854 δὲ
1318 4804 1480 4854 παντὶ
1514 4802 1592 4872 τῷ
1636 4803 1880 4856 ἐθέλοντι

305 4895 562 4962 φυτεύειν
598 4911 658 4946 τε
711 4894 818 4963 ὅπη
867 4893 1142 4963 βούλεται,
1190 4895 1285 4945 καὶ
1333 4895 1731 4962 ἐποικοδομεῖν,
1783 4896 1879 4948 καὶ

307 4985 478 5057 ἀροῦν
517 4986 623 5054 γῆς
660 5004 714 5038 τι
748 4985 1002 5038 τοσοῦτον
1047 4987 1245 5039 ὁπόσον
1282 4985 1531 5056 βούλεταί
1571 5003 1628 5039 τε
1669 4989 1762 5042 καὶ
1793 4987 1881 5039 δύ-

308 5095 488 5131 ναται.
544 5078 632 5139 Ὠς
685 5078 882 5130 τούτου
924 5094 983 5129 τε
1011 5078 1078 5147 δὴ
1131 5078 1224 5130 καὶ
1256 5075 1510 5130 τοσούτου
1551 5081 1644 5130 καὶ
1693 5078 1882 5148 κύριον

307 5171 541 5222 ἕκαστον
588 5169 847 5239 ἐσόμενον
898 5171 991 5222 ἐπὶ
1034 5169 1295 5222 τοσοῦτόν
1331 5186 1389 5221 τε
1437 5171 1523 5237 ἐφ’
1553 5172 1782 5238 ὅσονπερ
1815 5171 1881 5221 ἂν
1927 5221 1936 5226 -

310 5261 403 5314 καὶ
457 5263 704 5332 κατέχων
753 5261 830 5332 μὴ
864 5262 1093 5331 ἁμελοίη
1143 5261 1234 5314 τοῦ
1285 5260 1637 5331 ἐργάζεσθαι,
1691 5263 1881 5332 μηδενὶ

378 5489 492 5559 (20)
525 5492 1112 5557 ιιάτασκευὰζοντας.
1147 5490 1230 5545 Cl’.
1261 5493 1390 5547 Plat.
1420 5493 1490 5544 De
1525 5490 1646 5560 leg.,
1683 5495 1716 5546 l.
1751 5509 1802 5558 κ,
1830 5502 1883 5548 et

311 5562 553 5633 IIt‘Sj()(|..
595 5566 771 5633 Ἔργα
795 5565 918 5617 502.

379 5631 495 5698 (2t)
542 5631 916 5702 Τετψῆσιὴις.
981 5631 1262 5690 Consentit
1312 5633 1508 5688 Noster
1562 5649 1686 5689 cum
1746 5632 1881 5686 i’lztt.

311 5704 384 5759 De
419 5710 515 5773 leg.
557 5700 730 5759 Χιιύι
767 5703 837 5756 De
867 5700 1002 5771 Rep.
1029 5703 1067 5756 ι.
1169 5717 1172 5722 ·

1975 1893 2112 1941 rere,
2142 1877 2268 1929 dum
2293 1891 2360 1928 ne
2383 1876 2484 1928 hoc
2517 1877 2731 1943 quidem
2762 1876 3124 1945 perpendunt,
3158 1877 3203 1930 si
3227 1876 3356 1945 quid
3381 1875 3543 1940 forte,

1971 1969 2112 2038 quod
2146 1967 2330 2028 absit,
2380 1966 2619 2020 offendat
2649 1967 2954 2036 respublica
2988 1968 3040 2023 id
3097 1983 3165 2024 ne
3193 1968 3295 2025 sibi
3330 1967 3549 2038 quidem
3611 1966 3615 1970 '

1977 2058 2322 2127 profuturum
2364 2072 2504 2112 e5se.

2055 2327 2136 2378 l7.
2172 2325 2282 2393 Ego
2330 2340 2458 2379 vero
2495 2327 2954 2396 quemadmodum
3002 2329 3297 2386 nonnullos
3348 2330 3543 2385 borum

1975 2432 2074 2484 pro
2104 2417 2316 2485 magnis
2348 2419 2429 2471 vel
2464 2418 2745 2474 beneﬁciis
2774 2421 2856 2474 vel
2891 2422 2941 2475 in
2976 2422 3364 2492 rempublicam
3389 2421 3550 2476 fartis

1977 2509 2235 2576 impensis
2259 2523 2319 2561 ea
2354 2510 2554 2576 quibus
2587 2509 2866 2575 fruuntur,
2898 2514 3093 2568 merito
3124 2515 3370 2568 obtinere
3398 2515 3548 2568 dixe-

1977 2600 2104 2664 rim;
2133 2600 2204 2652 ita
2237 2615 2333 2667 pro
2360 2601 2444 2656 his
2467 2616 2684 2668 quoque
2713 2600 3023 2659 [uiictioncs
3051 2619 3326 2674 congruas
3354 2607 3552 2659 debere

1976 2693 2262 2759 suscipere
2308 2694 2684 2747 contenderim
2735 2695 2848 2748 sola
2911 2694 3554 2763 honorisamplitudine

1977 2793 2292 2849 contentos;
2330 2785 2411 2839 sic
2439 2793 2498 2838 ut
2534 2785 2740 2852 majore
2769 2795 2882 2838 tum
2919 2786 3094 2842 fructu
3129 2787 3389 2851 fruentes,
3431 2796 3542 2840 tum

1977 2889 2143 2930 onere
2177 2879 2408 2944 gravati,
2448 2876 2711 2943 majorem
2747 2877 2907 2930 etiam
2954 2863 3264 2945 reipublicm
3296 2887 3554 2947 pra‘stvnt

1979 2980 2160 3025 usum,
2197 2980 2296 3018 nec
2343 2965 2427 3018 vel
2467 2967 2636 3020 instar
2692 2983 2866 3021 vacem
2919 2970 3086 3030 illius,
3122 2985 3440 3038 expressum
3473 2973 3556 3023 lac

1979 3057 2175 3109 iterum
2207 3055 2449 3109 calcibus
2477 3055 2781 3118 elIundant,
2827 3058 2906 3109 \‘t‘l
2945 3061 3105 3110 etiam
3142 3070 3201 3112 ut
3228 3059 3300 3122 ii,
3334 3060 3402 3113 de
3433 3061 3553 3126 qui-

1979 3144 2082 3198 bus
2115 3145 2354 3214 loquitur
2388 3144 2682 3211 Hesiodus,
2723 3147 3010 3200 videantur

2360 3339 2698 3394 Incommuia
2742 3343 2954 3406 propria
2999 3357 3200 3395 amare.

1990 3433 2203 3486 Etenim
2236 3447 2361 3485 cum
2422 3432 2724 3501 respublica
2767 3431 2849 3484 vix
2889 3434 3058 3500 possit
3092 3433 3172 3487 vel
3220 3434 3426 3503 integra
3459 3449 3555 3502 pro

1980 3526 2155 3576 salute
2184 3523 2397 3590 publica
2439 3521 2717 3576 faciendas
2745 3535 2937 3576 omnes
2977 3525 3249 3590 impensas
3296 3526 3549 3585 tolerare,

1978 3615 2108 3683 quid
2145 3614 2390 3667 futurum
2443 3613 2658 3666 tandem
2707 3613 3061 3674 arbitramur,
3091 3615 3136 3667 si
3172 3624 3364 3682 praeter
3401 3631 3552 3668 Slllll-

1980 3717 2103 3776 plus
2140 3703 2479 3759 necessarios
2517 3711 2726 3758 tantum
2775 3703 2998 3772 insuper
3035 3703 3283 3758 fucorum
3325 3721 3551 3760 examen

1977 3797 2228 3849 alendum
2267 3795 2488 3856 veniat,
2519 3809 2751 3864 quorum
2787 3795 2864 3848 illi
2907 3794 3270 3865 philosophiae
3306 3796 3548 3850 studium

1976 3893 2079 3945 sibi
2110 3891 2371 3955 tribuant,
2404 3889 2494 3942 alii
2532 3898 2739 3943 tantum
2790 3890 2950 3944 otiari
2996 3903 3065 3944 se
3113 3897 3549 3956 asserantatque

1979 3983 2142 4036 etiam
2192 3985 2342 4049 plura
2394 3982 2584 4042 multo,
2618 3995 2779 4048 quam
2829 3981 2924 4046 qui
2977 3979 3208 4046 publicis
3252 3980 3553 4049 ltitiguntur

1981 4074 2322 4134 muneribus,
2361 4073 2663 4139 postulent.
2693 4071 2798 4125 Sed
2828 4085 2922 4124 vos
2963 4071 3180 4138 quidem
3211 4081 3264 4124 et
3291 4086 3413 4124 cum
3441 4075 3554 4124 tunc

1983 4176 2093 4220 tum
2126 4164 2213 4216 illa
2249 4163 2554 4229 corrigetis,
2582 4172 2636 4214 et
2667 4172 2723 4214 ut
2757 4161 2988 4229 singuli:
3030 4159 3308 4214 meliorem
3345 4171 3546 4214 Statum

1987 4252 2463 4315 coneiliabitis,ita
2493 4252 2802 4320 reipublicae
2823 4251 3078 4320 juvandae
3108 4250 3343 4306 maxime
3371 4253 3551 4306 stude-

1981 4348 2106 4402 bitis
2136 4361 2150 4398 :
2180 4359 2278 4412 ego
2307 4353 2486 4397 autem
2513 4344 2656 4398 unde
2686 4342 2893 4397 fueram
2930 4344 3215 4412 digressus
3244 4344 3430 4398 redeo.

2051 4437 2138 4490 18.
2173 4433 2284 4488 Erit
2313 4447 2492 4489 autem
2531 4450 2744 4494 eorum,
2775 4449 2895 4501 quae
2925 4442 3050 4487 ante
3072 4434 3214 4488 dicta
3257 4444 3406 4498 sunt,
3435 4437 3546 4488 l'or-

1983 4543 2127 4586 tasse
2159 4545 2505 4598 consequens
2541 4529 2680 4582 hanc
2719 4543 2942 4596 quoque
2983 4529 3308 4583 sententiam
3346 4530 3554 4594 dit-ere,

1982 4633 2043 4678 ut
2071 4625 2218 4693 regio
2247 4631 2380 4685 tota,
2405 4619 2865 4689 quemadmodum
2901 4636 2930 4672 a
2964 4631 3159 4674 natura
3187 4621 3399 4676 videtur
3425 4635 3548 4676 esse

1993 4718 2318 4785 composita,
2358 4713 2668 4767 communis
2709 4712 2954 4767 omnium
2993 4713 3064 4766 sit
3102 4712 3424 4779 incolarum,
3460 4729 3558 4767 nec

1980 4807 2274 4876 quiscpiam
2307 4804 2583 4875 proprium
2611 4804 2714 4859 sibi
2764 4804 2893 4872 quid
2926 4804 3152 4868 tribuat",
3182 4805 3342 4860 liceat
3371 4817 3551 4860 autem

1991 4898 2164 4952 cuivis
2193 4911 2521 4966 quocunque
2573 4895 2694 4948 loco
2747 4906 2858 4947 tum
2911 4910 3093 4949 serere
3125 4905 3235 4948 tum
3265 4896 3554 4957 :rditit-are,

1993 4999 2105 5043 ιιιιιι
2143 5004 2320 5054 arare,
2367 4997 2629 5056 quantum
2686 4986 2916 5053 poterit;
2969 4990 3048 5040 sie
3105 4997 3163 5039 ut
3217 4991 3317 5039 hoc
3371 4987 3552 5054 ipsum

1991 5081 2196 5135 tamdiu
2231 5078 2527 5148 possideat,
2562 5077 2824 5145 quamdiu
2859 5077 2908 5130 id
2939 5077 3264 5144 occupando
3305 5076 3514 5127 excolat
3540 5117 3553 5138 ,

1989 5171 2363 5240 nec,cuiquam
2388 5166 2517 5236 quid
2541 5167 2761 5237 pendat,
2782 5181 2880 5222 nec
2900 5166 3180 5220 infestetur
3195 5182 3224 5217 a
3247 5180 3543 5232 quoquam,

1991 5264 2098 5319 nisi
2147 5265 2239 5333 qui
2271 5263 2541 5318 culturam
2577 5260 2990 5330 pramccuparit,
3025 5267 3185 5328 prout
3229 5258 3332 5312 fert
3376 5271 3554 5310 rerum

2054 5493 2166 5554 (νε)
2197 5491 2418 5545 Hesiodi
2455 5489 2655 5560 Ἐργο,
2693 5504 2741 5540 v.
2765 5485 2853 5560 ὕδ.
2981 5552 3000 5560 _
3242 5549 3275 5560 η
3368 5551 3379 5560 _
3445 5547 3458 5560 ,

2056 5549 2168 5632 (23)
2215 5561 2342 5624 Τοῖς
2382 5549 2934 5632 ἑνοιλὶόῦὰινᾼεῖιςαι.
2979 5552 3160 5632 Longe
3209 5549 3558 5632 alliamhujus:

1989 5617 2452 5684 tnodi'bonorutn
2487 5626 2890 5680 communionis
2939 5617 3265 5691 tatio’apnd
3318 5617 3458 5674 Plat.
3501 5625 3557 5675 et

1989 5701 2334 5757 Aristotelem
2372 5700 2582 5766 lt-gziur.
