3828 6180
344 243 451 307 831

1188 255 1288 317 DE
1331 253 1584 315 REBUS
1621 251 2336 314 PELOPONNESIACiS
2376 255 2667 315 OlldTiO
2703 256 2755 315 Ι.

3494 257 3600 318 838

416 360 524 411 καθ.
570 356 730 418 Ἴσως
790 358 837 412 δ’
888 342 1000 414 οὐδ’
1036 360 1218 414 ἐκεῖνο
1272 360 1553 432 παριτιον,
1605 360 1668 412 τό
1719 376 1783 427 γε
1833 357 1928 412 τοῦ

2100 361 2190 415 21.
2216 358 2338 416 Jam
2378 376 2477 415 nec
2509 361 2641 416 illud
2674 372 2757 419 cst
2784 362 3167 427 omittendum,
3204 368 3433 415 moneta:
3462 362 3602 415 ditii-

343 447 678 518 νομίσματος
710 449 909 505 ἄτοπον
932 450 1009 514 ὡς
1042 452 1379 522 διορθωτέον.
1416 452 1631 522 Σφόδρα
1670 452 1778 521 γάρ
1813 467 1916 504 που

343 538 562 606 εὔηθες,
590 543 703 604 τοῖς
731 540 961 606 ξενικοῖς
989 542 1198 603 τούτοις
1228 543 1325 597 καὶ
1358 543 1473 612 ἅμα
1502 544 1758 613 πονηροῖς
1788 542 1917 611 χαλ-

350 629 520 691 κείοις
541 632 856 700 χρωμένους
890 632 1028 702 (27),
1062 632 1241 695 ἄλλοις
1270 633 1369 703 μὲν
1408 632 1599 702 κέρδος
1626 648 1679 683 τι
1707 630 1915 700 φέρειν,

355 722 487 789 ἡμῖν
540 722 586 774 δ’
620 723 803 785 αὐτοῖς
829 725 997 777 πολὺν
1045 725 1139 778 τὸν
1182 725 1526 793 κατάγελων.
1565 723 1727 776 Ἀλλὰ
1782 724 1918 792 πρὸς

354 814 454 882 μὲν
471 815 569 883 τὴν
599 814 788 868 τούτου
804 816 1179 886 ἐπανόρθωσιν
1204 818 1306 870 κᾶν
1337 819 1371 887 ἡ
1401 816 1490 885 ὑφ’
1513 818 1545 884 ἡ
1554 819 1669 885 μῶν
1694 831 1917 885 προεισ-

344 905 679 974 ενηνεγμένη
733 906 919 971 ἐκείνη
948 905 1153 975 ξγνώμη
1202 906 1264 959 οὐ
1316 907 1645 977 σμικρόν,τι
1707 904 1918 973 συμϐά-

342 995 507 1048 λοιτο.
542 994 631 1047 ’Τὸ
662 996 772 1067 γὰρ
805 997 931 1060 τούς
976 1014 1037 1050 τε
1085 980 1420 1059 εἱσοίσοντας
1457 998 1736 1067 χρήματα,
1781 994 1918 1049 ἀλλὰ

343 1090 417 1159 μὴ
449 1091 694 1161 νόμισμα
743 1092 1039 1162 εἰσφέρειν,
1071 1091 1199 1156 τούς
1232 1108 1292 1145 τε
1334 1091 1398 1145 ἐκ
1424 1091 1533 1143 τῶν
1577 1089 1775 1143 κοινῶν
1815 1090 1916 1159 λης

340 1180 613 1251 (ἰωμένους
658 1181 925 1246 ὡσαύτως
966 1183 1290 1253 λαμϐάνειν,
1330 1183 1475 1251 μέγα
1506 1199 1558 1234 τι
1606 1181 1741 1252 πρδς
1770 1178 1916 1233 τοῦτ’

340 1270 406 1325 ἂν
433 1272 604 1338 δόξειε
639 1274 1067 1342 ωμδάλλεσθαι.
1094 1275 1290 1345 Σχεδὸν
1325 1274 1433 1343 γὰρ
1459 1270 1623 1345 ἧττόν
1651 1290 1702 1326 τι
1729 1272 1796 1326 ἂν
1826 1290 1916 1325 νο-

344 1365 617 1434 μίσματος
666 1367 799 1432 δέοι,
842 1368 979 1439 πρὸς
1031 1367 1085 1419 δὲ
1129 1368 1227 1430 τὰς
1273 1366 1396 1420 καθ’
1423 1366 1635 1437 ἡμέραν
1674 1365 1915 1431 ἀλλαγὰς

341 1457 564 1525 ἐξαρκοῖ
607 1458 673 1511 ἂν
707 1460 802 1512 καὶ
833 1459 896 1512 τὸ
943 1460 1108 1529 τυχὸν
1138 1459 1417 1530 νομισθὲν.
1466 1460 1676 1521 Ἄλλως
1714 1458 1771 1512 δέ
1819 1460 1915 1510 καὶ

341 1544 732 1618 Πελοποννήσῳ
774 1548 989 1611 οὐδενὸς
1034 1550 1180 1603 πάνυ
1211 1565 1295 1600 τοι
1328 1548 1573 1601 τοιούτου
1627 1547 1738 1600 δεῖν
1767 1547 1916 1600 δοκεῖ

340 1637 693 1707 νομίσματος,
718 1640 747 1691 ὅ
777 1656 918 1693 τισιν
943 1640 1122 1702 ἄλλοις
1152 1639 1460 1710 ἀνθρώποις
1487 1639 1641 1692 ἔσται
1672 1640 1914 1706 ἔντιμον.

2026 452 2203 507 cul‘as
2230 458 2504 522 quomodo
2549 454 2620 508 sit
2668 453 3011 521 corrigenda.
3046 452 3141 506 Est
3192 454 3337 506 enim
3405 455 3598 519 perab-

2026 545 2249 601 surdum
2285 547 2569 615 peregrino
2593 545 2757 600 simul
2800 554 2853 599 et
2875 546 3180 600 adulterino
3213 545 3317 598 isto
3350 561 3449 599 nos
3489 561 3597 599 atro

2026 644 2263 701 utentes,
2304 635 2424 689 aliis
2454 636 2675 703 quidem
2712 636 2847 689 lucri
2891 636 3159 696 nonnihil,
3214 635 3372 689 nobis
3417 644 3596 688 autem

2028 727 2164 796 ipsis
2195 727 2417 780 ludibrii
2469 727 2700 781 multum
2762 727 3074 782 conciliare.
3112 727 3215 799 Sed
3242 726 3306 779 ad
3343 727 3446 780 hoc
3475 730 3599 793 qui-

2025 820 2146 875 dem
2178 818 2576 873 emendandum
2625 835 2732 874 non
2786 834 2975 888 parum
3022 819 3167 889 quod
3210 834 3238 871 a
3273 818 3430 873 nobis
3470 829 3596 871 ante

2024 913 2212 967 datum
2243 922 2327 968 est
2356 913 2648 967 consilium
2680 910 2947 975 conferet,
2982 912 3251 982 siquidem
3280 928 3401 967 cum
3427 920 3480 966 et
3502 910 3594 979 qui

2024 1004 2344 1061 coliationes
2378 1005 2616 1074 pendent
2648 1044 2665 1067 ,
2698 1004 2975 1059 mercibus
3013 1006 3080 1059 ad
3118 1006 3169 1058 id
3219 1020 3328 1058 non
3364 1003 3596 1072 pecunia

2024 1110 2277 1166 utentur;
2302 1107 2359 1155 et
2377 1098 2469 1170 qui
2492 1100 2559 1154 de
2581 1099 2803 1169 publico
2853 1108 3070 1155 sument
3097 1098 3349 1152 similiter
3375 1098 3593 1159 facient;

2025 1192 2079 1247 id
2121 1192 2228 1247 huc
2282 1192 2614 1261 permultum
2652 1191 2924 1246 videbitur
2970 1188 3271 1255 conferre;
3321 1190 3592 1258 siquidem

2025 1300 2132 1339 non
2164 1298 2395 1353 magnus
2430 1284 2533 1339 hoc
2558 1291 2717 1352 pacto
2751 1292 2979 1337 monetae
3021 1297 3153 1336 usus
3199 1282 3448 1335 facturus
3490 1288 3594 1332 est.

2022 1376 2103 1429 Ad
2130 1375 2474 1443 quotidianus
2500 1386 2678 1429 autem
2703 1384 3014 1429 contractus
3040 1374 3121 1428 vel
3144 1372 3350 1442 quaevis
3376 1381 3595 1425 moneta

2024 1467 2334 1528 suﬂecerit.
2368 1483 2491 1522 cum
2526 1468 2821 1537 praesertim
2865 1480 2972 1519 non
3023 1464 3317 1519 admodum
3348 1463 3595 1518 videatur

2023 1575 2145 1617 eam
2179 1560 2457 1629 requirere
2488 1558 2914 1628 Peloponnesus,
2940 1573 3060 1627 quae
3088 1557 3162 1612 sit
3196 1556 3337 1625 apud
3371 1554 3507 1609 alios
3535 1554 3591 1607 in

2028 1651 2228 1721 pretio.
2287 1651 2502 1706 Etenim
2539 1666 2662 1705 eum
2698 1650 2763 1704 iis
2796 1648 2928 1717 iere,
2952 1664 3074 1718 quae
3103 1663 3327 1718 peregre
3355 1648 3458 1701 huc
3500 1646 3594 1698 ad-

341 1728 534 1796 Σχεδὸν
562 1730 670 1799 γὰρ
714 1731 824 1784 οὐδ’
853 1731 1077 1785 ὁτουοῦν
1122 1731 1231 1785 τῶν
1277 1731 1477 1795 ἔξωθεν
1525 1731 1916 1800 εἰσαγωγίμων

2027 1752 2312 1808 vehuntur,
2346 1758 2451 1797 non
2480 1742 2638 1796 valde
2666 1742 2904 1812 indigeat
2934 1746 3055 1809 (nec
3088 1748 3376 1809 propterea
3404 1753 3593 1791 mone-

338 1822 486 1875 δοκεί
531 1823 737 1876 δεῖσθαι
770 1825 801 1893 ἡ
845 1823 1018 1894 χώρα,
1048 1824 1186 1878 ὥστε
1234 1825 1328 1877 τοῦ
1374 1824 1465 1877 καὶ
1494 1824 1737 1877 τοιούτου
1765 1824 1918 1893 νομὲ-

344 1929 550 1981 σματος
573 1914 704 1975 δεῖν,
730 1914 871 1985 πλὴν
903 1915 1127 1985 σιδήρου
1158 1915 1249 1968 καὶ
1271 1915 1457 1968 ὅπλων
1482 1931 1496 1945 ·
1526 1915 1698 1968 ταῦτα
1726 1915 1783 1967 δέ
1808 1916 1916 1967 τῶν

342 2001 695 2071 βαμδυκίνων
722 2003 927 2058 τούτων
956 2005 1138 2075 ῥᾴδιον
1166 1998 1545 2058 ἀλλάττεσθαι.
1582 2004 1733 2057 Ὦστ⁹
1764 2004 1917 2058 οὐδὲν

340 2095 405 2149 ἂν
436 2090 573 2149 εἶναι
601 2096 799 2166 βλάϐος
833 2098 1134 2167 ἁτιμὰσασι
1161 2096 1222 2150 τὸ
1250 2097 1462 2164 ξενικὸν
1491 2097 1638 2150 τουτί
1676 2098 1916 2166 νόμισμα

339 2183 434 2237 καὶ
463 2186 721 2254 πονηρόν.

410 2274 515 2344 κβ’.
544 2276 666 2328 Τῶν
691 2277 800 2347 γὰρ
826 2278 1054 2343 ξενικῶν
1082 2278 1288 2331 τούτων
1320 2278 1561 2348 ἐσθήτων
1596 2279 1761 2347 πολλὴ
1791 2281 1914 2334 ἁλο-

340 2364 438 2433 γία
460 2366 554 2418 καὶ
586 2366 790 2419 δεῖσθαι
814 2368 949 2437 (28).
981 2369 1054 2422 Οὐ
1089 2370 1199 2437 γὰρ
1228 2370 1436 2437 σμικρά
1465 2386 1568 2421 που
1612 2370 1781 2423 κακία
1812 2389 1914 2423 πο-

340 2454 569 2517 λιτείας,
618 2455 901 2524 παρόντων
946 2456 1046 2525 μὲν
1096 2457 1259 2525 ἐρίων
1308 2458 1513 2509 τούτων
1561 2449 1638 2511 ὧν
1684 2458 1716 2527 ὴ
1761 2458 1914 2528 χώρα

344 2544 523 2615 φέρει,
556 2546 823 2615 παρόντος
846 2547 902 2600 δέ
942 2546 1111 2610 λίνου,
1138 2545 1305 2617 οὔσης
1331 2548 1385 2599 δὲ
1416 2546 1637 2614 βύσσον,
1662 2548 1833 2602 ὄντων
1859 2550 1915 2602 δὲ

346 2632 719 2703 βαμσυκίνων,
775 2636 849 2706 μὴ
893 2636 1104 2699 τούτοις
1152 2637 1220 2689 τὰ
1272 2637 1394 2707 περὶ
1448 2640 1544 2705 τὴν
1599 2639 1914 2709 ἀμπεχόνην

341 2723 514 2787 οὕτως
558 2726 708 2788 ὅπως
754 2725 823 2779 ἂν
874 2726 1161 2794 δυνώμεθα
1208 2726 1574 2797 φιλοτεχνείν’
1615 2730 1749 2783 ἀλλὰ
1807 2732 1914 2785 τῶν

342 2813 541 2881 ιξωθεν
570 2815 673 2884 μὲν
711 2816 774 2867 ἐκ
809 2815 902 2869 τοῦ
946 2817 1295 2871 Ἀτλαντικοῦ
1332 2817 1602 2886 πελάγους
1623 2820 1916 2890 κομιζομέ-

342 2921 448 2957 νων
474 2905 699 2958 ἐκείνων
731 2907 913 2975 ἐρίων,
956 2907 1097 2976 ὑπὲρ
1126 2909 1183 2963 δὲ
1225 2909 1319 2962 τὸν
1364 2911 1549 2964 Ἰόνιον
1600 2913 1679 2974 εἰς
1711 2912 1913 2980 ἐσθῆτα

343 2998 764 3066 σκευαζομένων
796 3036 813 3059 .
861 2999 1142 3068 δεομένοις
1209 2998 1519 3066 φαίνεσθαι.
1593 3001 1680 3063 Ὠς
1730 3004 1912 3055 πλέονι

340 3086 408 3142 ἂν
446 3088 698 3151 καλλίους
739 3089 818 3157 τῷ
862 3090 978 3142 ὄντι
1011 3086 1155 3159 ἦρεν
1194 3092 1306 3153 τοῖς
1339 3092 1652 3161 ἐπιχωρίοις
1707 3092 1915 3155 τούτοις

340 3178 634 3245 χρώμενοι,
686 3179 777 3231 ml
830 3179 1122 3248 αὐτάρκως
1174 3179 1243 3233 τὰ
1284 3187 1411 3249 περὶ
1466 3180 1563 3249 τὴν
1596 3183 1915 3253 ἀμπεχόνην

338 3267 575 3338 ἔχοντες.
614 3270 646 3340 ἢ
697 3270 809 3340 ὅσῳ
856 3271 1093 3325 καλλίων
1139 3271 1207 3325 ἂν
1242 3272 1444 3338 δόξειεν
1489 3276 1618 3336 ῐσως
1661 3276 1693 3343 ἡ
1730 3276 1914 3344 ξενικὴ

339 3358 476 3430 αὕτη
508 3360 693 3455 ἐσθὴς,
848 3363 1159 3433 ἐπιχωρίως
1192 3364 1275 3418 ἂν
1299 3366 1839 3455 σκευασθησομένης.

413 3457 520 3520 κγ’.
567 3454 715 3507 Ἐπεὶ
759 3454 803 3507 δ’
846 3456 1233 3527 εἰσαγωγίμων
1266 3457 1551 3526 ἐμνήσθην
1593 3454 1912 3528 χρημάτων,

338 3540 521 3602 καλῶς
568 3542 634 3595 ἂν
689 3542 820 3606 ἴσως
854 3545 947 3596 καὶ
985 3544 1125 3606 ὅλως
1165 3546 1295 3614 περὶ
1350 3547 1660 3615 εἰσαγωγῆς
1711 3565 1773 3600 τε
1822 3549 1917 3601 καὶ

341 3634 626 3703 ἐξαγωγῆς
659 3635 956 3705 χρημάτων
996 3636 1165 3707 βραχύ
1201 3654 1255 3691 τι
1309 3638 1585 3693 διαλαϐεῖν
1620 3640 1756 3706 (29).
1794 3640 1915 3692 Τῶν

338 3742 398 3779 τε
429 3724 524 3780 οὖν
552 3728 927 3797 εἰσαγομένων
959 3732 1259 3799 χρημάτων
1290 3730 1360 3783 τὰ
1402 3731 1501 3799 μέν
1535 3748 1637 3783 που
1671 3732 1915 3798 εἰσάγειν

339 3816 583 3888 ἄμεινον,
628 3819 695 3872 τὰ
722 3820 777 3873 δὲ
815 3820 890 3889 μή
916 3837 930 3851 ⁸
961 3821 1071 3873 τῶν
1105 3838 1165 3873 τε
1197 3822 1543 3889 ἐξαγομένων
1575 3824 1638 3876 τὰ
1670 3822 1767 3890 μὲν
1793 3823 1914 3886 ἐξά-

340 3922 462 3975 γειν
496 3908 739 3975 ἄμεινον,
766 3911 833 3963 τὰ
856 3909 900 3963 δ’
932 3910 987 3961 ἐν
1013 3910 1298 3979 ἑκατέροις
1327 3911 1387 3963 οὐ
1420 3910 1552 3963 πολύ
1585 3928 1636 3963 τι
1665 3913 1915 3981 διαφέρει

341 3996 576 4065 ὁπότερα
623 3996 752 4060 ἴσως
790 3997 1019 4064 γίγνοιτ’
1055 3998 1141 4050 ἄν.
1194 3997 1405 4052 Οὐκοῦν
1444 3999 1565 4051 οὐδὲ
1610 3998 1783 4051 ταῦτα
1813 4016 1918 4051 πα-

347 4087 549 4157 ροπτέα
584 4088 709 4157 εἰκῆ
755 4088 849 4141 καὶ
888 4089 964 4151 ὡς
1013 4089 1171 4158 ἔτυχέ
1222 4107 1323 4142 που
1353 4090 1671 4158 γιγνόμενα.
1703 4090 1777 4143 οὐ
1811 4090 1917 4159 γὰρ

344 4178 548 4248 φαῦλον
578 4178 647 4233 ἂν
675 4179 753 4242 εἰς
784 4180 1063 4233 πολιτείαν
1110 4182 1206 4233 καὶ
1237 4180 1396 4233 τοῦτο
1427 4180 1829 4249 ξυμϐάλλεσθαι
1857 4182 1918 4233 τὸ

346 4273 514 4342 μέρος
542 4272 721 4335 καλῶς
750 4273 783 4344 ἢ
820 4272 894 4343 μὴ
938 4274 1283 4343 γιγνόμενον.
1319 4275 1388 4326 Ἀ
1428 4274 1527 4342 μὲν
1560 4273 1669 4342 γὰρ
1695 4272 1919 4341 ἄμεινον

2016 1843 2129 1890 tam
2160 1834 2398 1899 requirat
2430 1832 2616 1903 aliam)
2643 1843 3002 1901 pneterquam
3033 1831 3177 1885 {erro
3197 1840 3252 1885 et
3275 1829 3441 1882 armis
3474 1845 3488 1880 :
3520 1841 3586 1879 ea

2018 1941 2153 1981 sane
2217 1924 2565 1995 bombycinis
2623 1924 2745 1979 istis
2785 1923 2941 1978 facile
2982 1932 3213 1991 possunt
3260 1921 3479 1981 mutari,
3512 1920 3594 1975 sic

2020 2030 2078 2071 ut
2107 2018 2308 2085 absque
2339 2017 2449 2069 ullo
2481 2016 2834 2070 incommodo
2863 2014 3207 2083 peregrinum
3232 2013 3339 2066 hoc
3357 2018 3412 2066 et
3435 2010 3591 2065 adul-

2021 2108 2252 2162 terinum
2288 2107 2530 2178 pecunia.-
2554 2122 2725 2177 genus
2757 2107 3033 2174 possimus
3064 2105 3310 2174 rejiccrc.

2086 2285 2176 2339 22.
2215 2284 2346 2338 Nam
2382 2283 2523 2353 quod
2558 2282 2872 2351 peregrinas
2908 2280 3069 2334 etiam
3126 2291 3307 2335 vestes
3362 2278 3596 2346 requiri'

2016 2394 2159 2441 mus,
2193 2380 2241 2432 id
2273 2377 2419 2431 omni
2457 2386 2609 2431 caret
2639 2376 2867 2429 ratione.
2894 2372 3171 2440 Siquidem
3202 2387 3307 2425 non
3335 2371 3591 2440 exiguum

2017 2482 2101 2527 est
2122 2469 2437 2540 reipublicae
2463 2469 2676 2525 vitium.
2710 2482 2836 2523 cum
2875 2477 2929 2521 et
2958 2468 3136 2521 lanam
3170 2465 3467 2519 habeamus
3507 2462 3596 2517 hic

2016 2573 2413 2632 suppetentem,
2449 2571 2505 2615 et
2559 2560 2729 2612 linum
2761 2568 2818 2613 et
2872 2558 3096 2627 byssum
3130 2565 3183 2609 et
3247 2553 3595 2623 bombycina,

2018 2665 2127 2704 neu
2156 2666 2220 2705 ex
2258 2650 2343 2704 his
2399 2664 2498 2703 nos
2534 2649 2856 2701 vestimenta
2913 2647 3066 2700 nobis
3104 2652 3265 2713 prout
3296 2644 3597 2712 possimus,

2017 2742 2368 2802 concinnare,
2406 2739 2498 2794 sed
2520 2738 2677 2791 illam
2713 2753 2777 2791 ex
2835 2737 3107 2790 Atlantico
3159 2733 3379 2802 quidem
3428 2734 3595 2787 adve-

2015 2842 2158 2886 ctam
2219 2831 2419 2891 lanam,
2456 2828 2593 2881 ultra
2666 2826 2876 2881 louium
2937 2834 3117 2879 autem
3168 2821 3596 2883 textam,videri

2020 2923 2314 2990 requirere.
2347 2920 2512 2973 Multo
2542 2919 2810 2986 siquidem
2870 2915 3211 2970 honestiores
3271 2913 3595 2975 videbimur,

1941 3037 1983 3093 ο
2019 3013 2224 3067 nostris
2256 3021 2468 3065 utentes
2499 3010 2755 3072 inventis,
2793 3022 2859 3061 ex
2893 3006 3066 3074 iisque
3092 3006 3414 3059 vestimenta
3448 3016 3586 3055 c0n-

2019 3105 2303 3159 einnantes
2332 3118 2469 3171 quas
2500 3109 2706 3170 quanto
2752 3098 3037 3169 peregrina
3075 3095 3243 3151 vestis
3291 3104 3477 3149 nostra
3511 3095 3588 3147 vi-

2016 3197 2129 3251 deri
2157 3201 2339 3264 posset
2368 3194 2668 3248 honestior.

2086 3464 2176 3518 23.
2209 3462 2275 3517 Et
2301 3465 2560 3533 quoniam
2594 3477 2777 3518 rerum
2808 3462 3159 3517 advectarum
3196 3460 3443 3526 memini,
3476 3476 3586 3515 non

2016 3558 2121 3613 erit
2150 3557 2446 3611 absurdum
2494 3555 2698 3624 aliquid
2734 3555 2787 3609 in
2830 3555 3143 3609 universum
3181 3555 3247 3607 de
3286 3555 3447 3607 rebus
3478 3563 3589 3606 tum

2017 3649 2371 3711 advehendis,
2424 3656 2540 3702 tum
2606 3645 2901 3702 avehendis
2961 3646 3267 3700 disserere.
3302 3646 3366 3697 Et
3401 3659 3589 3697 eorum

2018 3742 2185 3806 igitur
2207 3756 2326 3805 qum
2358 3740 2713 3805 invehuntur,
2743 3740 2847 3792 alia
2871 3746 3089 3807 praestat
3115 3738 3317 3795 invehi.
3345 3735 3451 3789 alia
3484 3752 3593 3789 nun

2018 3841 2273 3902 praestat;
2326 3840 2610 3884 eteorum
2674 3846 2795 3898 quae
2828 3831 3156 3894 evehuntur,
3212 3830 3315 3882 alia
3379 3839 3597 3898 prastat

2018 3922 2194 3986 evehi,
2224 3921 2329 3974 alia
2359 3936 2463 3974 non
2501 3922 2658 3984 item;
2688 3920 2948 3973 nonnulla
2986 3933 3114 3974 vero
3156 3919 3209 3971 iu
3236 3928 3470 3985 utroque
3494 3934 3557 3985 ge
3579 3947 3593 3957 -

2021 4027 2148 4066 nere
2176 4011 2471 4067 discrimen
2505 4024 2729 4078 parvum
2760 4009 2982 4062 habent.
3008 4009 3184 4072 Quare
3209 4022 3307 4061 nec
3333 4006 3446 4061 hac
3470 4009 3597 4076 qui-

2021 4104 2140 4157 dem
2168 4114 2373 4156 temere
2401 4101 2513 4155 ﬁeri
2543 4100 2767 4162 debent,
2794 4098 3238 4168 quandoquidem
3264 4111 3370 4150 non
3402 4113 3592 4167 parum

2019 4195 2073 4248 in
2104 4193 2376 4261 republica
2412 4191 2692 4255 momenti,
2724 4190 2835 4243 sive
2866 4197 3035 4255 recte,
3065 4189 3182 4243 sive
3234 4204 3393 4244 serus
3439 4191 3597 4247 tiaut,

2024 4287 2246 4340 habent.
2281 4282 2490 4337 Etenim
2534 4297 2657 4351 qua)
2691 4290 2912 4351 praestat
2969 4281 3175 4343 invehi,
3232 4295 3448 4342 eorum,
3482 4295 3593 4347 quo

344 4363 605 4431 εἰσάγειν,
656 4363 860 4418 τούτων
912 4363 1013 4433 μέν
1041 4365 1108 4417 ἂν
1138 4364 1246 4417 δέοι
1298 4364 1453 4423 τέλος
1500 4365 1707 4434 μηδένα
1754 4363 1921 4433 μηδὲν

2037 4376 2253 4431 facilius
2318 4375 2681 4437 invehantur,
2747 4374 3017 4427 neminem
3075 4386 3176 4426 nec
3244 4372 3415 4425 civem
3496 4385 3595 4422 nec

342 4457 517 4510 τελεῖν
565 4456 664 4525 τῆς
710 4458 1042 4525 εἰσαγωγῆς,
1092 4458 1231 4527 μήτε
1278 4455 1526 4523 πολίτην,
1575 4457 1711 4526 μήτε
1748 4454 1920 4521 ξένον,

348 4549 437 4602 ἵνα
463 4549 529 4616 δὴ
554 4550 649 4603 καὶ
677 4550 807 4620 ῥᾷον
848 4549 1119 4617 εἰσάγοιτο
1143 4565 1158 4579 ·
1187 4550 1295 4602 τῶν
1322 4549 1367 4601 δ’
1400 4548 1576 4602 ἄλλων
1620 4548 1656 4602 ἃ.
1698 4550 1922 4617 ἄμεινον

349 4636 558 4705 μένειν,
596 4634 771 4690 ταῦτα
796 4637 842 4688 δ’
872 4637 968 4689 ἐπὶ
995 4636 1253 4706 μεγάλοις
1296 4636 1408 4698 τοῖς
1433 4635 1608 4688 τέλεσι
1638 4634 1763 4696 τοὺς
1799 4633 1923 4698 ἐξά-

345 4747 542 4799 γοντας
572 4728 808 4798 ἐξάγειν,
842 4731 929 4784 ἴνα
960 4731 993 4802 ἢ
1030 4731 1104 4800 μὴ
1138 4729 1434 4783 λυσιτελῶν
1468 4728 1650 4796 σφίσιν
1682 4728 1919 4795 ἐξάγειν,

349 4822 576 4891 μένοντα
619 4822 996 4891 ἀφθονώτερον
1038 4822 1258 4891 ὑπάρχῃ
1300 4820 1548 4880 πολίταις
1594 4819 1852 4889 χρῆσθαι,
1885 4818 1919 4888 ἦ

347 4914 648 4983 ἐξαγόμενα
678 4916 895 4978 πάντως
921 4916 1103 4985 ὠφελῇ
1135 4932 1187 4967 τι
1218 4916 1277 4967 τὸ
1310 4915 1503 4978 κοινῖν,
1536 4914 1625 4966 καὶ
1656 4914 1741 4966 ὅδε
1767 4916 1795 4966 ὀ
1825 4914 1922 4966 πό·

347 5024 441 5077 ρος
465 5007 541 5076 τῷ
568 5007 814 5078 δημοσίῳ
838 5008 1197 5077 προστίθοιτο,
1229 5000 1273 5074 ᾧ
1300 5006 1363 5075 δὴ
1395 5006 1484 5057 ἐπί
1513 5023 1569 5057 τε
1601 5005 1918 5073 πρεσϐείας,

346 5098 441 5150 καὶ
472 5097 586 5165 εἴγε
630 5114 687 5149 τι
734 5098 801 5149 ἂν
837 5097 1001 5167 ἄηθες
1051 5096 1313 5164 ἀνάλωμα
1361 5094 1797 5164 καταλαμὸἀνοι,
1830 5095 1916 5164 εἴη

346 5186 412 5242 ἂν
437 5188 668 5258 δήποθεν
696 5187 950 5257 χρῆσθαι.

418 5415 531 5485 (27)
572 5416 944 5487 Χρωμένους.
988 5416 1189 5470 Auctor
1213 5431 1369 5469 usum
1427 5424 1767 5487 monetaruxn
1819 5429 1913 5466 ex-

347 5484 625 5541 ternarum
652 5484 1024 5543 condemnatis
1048 5486 1349 5552 praescrihit
1385 5497 1442 5537 ut
1477 5484 1868 5538 ειιιιιιιιειέἰιιιιι
1899 5524 1911 5541 ,

345 5558 570 5678 gxcluso
614 5555 878 5621 denario,
934 5572 1028 5626 per
1077 5556 1339 5609 mercium
1407 5560 1913 5608 transmulaltouem

383 5638 461 5678 at.

383 5640 461 5681 ιι.

2030 4470 2304 4541 hospitem
2360 4468 2588 4539 vectigal
2619 4467 2787 4523 ullum
2817 4467 3107 4522 conveniat
3164 4464 3420 4535 pendere.
3462 4463 3596 4527 Quae

2023 4572 2204 4617 autem
2240 4576 2520 4615 remanere
2571 4560 2644 4615 sit
2683 4559 2891 4625 utilius,
2926 4573 2989 4613 ea
3026 4557 3239 4611 nonnisi
3271 4556 3596 4627 gravissimo

2022 4649 2270 4719 vectigali
2331 4651 2652 4713 evehuntur,
2693 4658 2751 4703 ut
2805 4647 2911 4715 vel,
2958 4663 3082 4701 cum
3144 4649 3279 4701 citra
3335 4649 3603 4699 damnum

2020 4741 2174 4796 evehi
2209 4756 2318 4794 non
2348 4741 2585 4809 possint,
2636 4739 2823 4794 relicta
2876 4739 3090 4807 copiam
3139 4739 3223 4791 sui
3284 4736 3599 4790 uberiorem

2022 4831 2234 4886 civibus
2261 4830 2563 4900 prtebeant,
2588 4830 2669 4883 vel
2703 4837 2888 4883 evecta
2922 4827 3148 4880 multutn
3200 4824 3601 4893 rempublicam

2024 4920 2234 4989 iuvent,
2269 4920 2358 4974 cui
2391 4919 2478 4974 hic
2527 4919 2749 4974 accedat
2806 4918 3038 4982 reditus,
3076 4930 3182 4987 quo
3215 4925 3328 4969 tum
3368 4917 3416 4967 in
3454 4915 3607 4980 legam

2029 5011 2225 5074 tiones,
2288 5019 2401 5064 tum
2441 5010 2486 5065 si
2522 5010 2644 5079 quis
2702 5010 2841 5064 alius
2901 5020 3095 5078 prteter
3146 5006 3601 5061 consuetudinem

2030 5112 2281 5173 sumptus
2310 5102 2381 5157 sit
2400 5088 2697 5169 faciendus,
2730 5089 2806 5156 uti
2830 5102 3009 5157 liceat.

2095 5411 2208 5481 (28)
2254 5411 2512 5466 Δεῖσθαι.
2544 5410 2676 5465 Vide
2710 5409 3042 5464 Timarionis
3092 5421 3313 5481 magnas
3363 5404 3602 5459 Thessa-

2026 5484 2234 5537 IOuices
2270 5484 2540 5535 nundinas
2565 5482 2927 5534 describentis
2959 5494 3081 5545 cap.
3119 5480 3170 5533 6.

2100 5552 2211 5619 (29;
2244 5552 2581 5604 Διαλασεῖν.
2618 5550 2702 5605 ω.
2743 5550 2879 5604 l’lat.
2907 5550 2970 5603 de
3001 5549 3099 5618 leg.
3129 5550 3164 5607 l.
3203 5546 3316 5602 Vill
3340 5557 3394 5602 et
3422 5546 3607 5616 ipsum

2026 5620 2304 5677 Nostrum.
2333 5622 2368 5673 Ι.
2392 5636 2448 5687 It,
2481 5619 2569 5675 M.
