3828 6180
328 334 433 397 825

1138 320 1238 383 ora
1276 312 1534 385 nanus
1564 288 2270 384 PELOPONNESIACIS
2311 321 2598 385 ORATIO
2645 324 2729 385 ιι.

3476 330 3581 390 8ίὸ

331 450 555 503 σκοπεῖν
584 446 773 517 ἁπάσῃ
800 446 867 515 τῇ
903 444 1108 515 σπουδῇ
1146 446 1240 497 καὶ
1293 444 1667 513 βουλεύεσθαι,
1705 446 1826 497 ὅθεν
1854 462 1893 494 τε

2017 444 2196 511 gentia
2231 445 2621 510 considerare,
2663 446 2858 514 quibus
2888 448 3066 502 modis
3119 434 3198 503 ad
3237 452 3580 507 securitatem

330 540 424 592 καὶ
476 539 626 598 ὅπως
681 536 739 598 ἐς
768 535 1067 604 ἀσφάλειάν
1103 552 1227 587 τινα
1281 537 1418 604 ἡμῖν
1472 535 1780 602 κατασταίη
1840 535 1909 585 τὰ

328 630 655 702 πράγματα,
709 611 801 680 καὶ
845 629 907 679 ὲκ
960 626 1066 677 τῶν
1114 624 1355 677 δυνατῶν
1406 623 1797 693 εὐτυχέστερόν
1849 640 1907 673 τε

330 720 637 791 πράξαιμεν
673 718 768 770 καὶ
795 719 1041 784 ἄμεινον.
1081 716 1240 768 Ἐστι
1285 714 1331 768 δ’
1361 717 1458 768 οὐκ
1491 714 1649 777 ἄλλος
1672 733 1756 776 τις
1783 718 1910 783 τρόο

327 832 426 876 πος
458 812 550 865 τοῦ
585 816 648 864 ἐκ
692 812 950 879 χειρόνων
981 808 1207 878 ἄμεινον
1238 809 1446 879 πρᾶξαι
1479 808 1632 860 πόλιν
1672 808 1704 878 ἢ
1755 807 1906 863 ἔθνος

328 906 561 977 βεϐαίως
591 905 722 972 γοῦν
752 905 845 958 καὶ
876 902 1129 970 ἀσφαλῶς
1167 904 1265 954 ὅσα
1297 918 1360 969 γε
1410 901 1479 954 τὰ
1523 900 1839 968 ἀνθρώπινα
1872 899 1903 973 ἦ

323 998 426 1065 τὴν
455 995 730 1047 πολιτείαν
756 990 1333 1060 ἐπανοροωααμένους.
1363 988 1440 1044 Οὐ
1465 990 1572 1056 γὰρ
1598 988 1734 1054 άλλη
1759 989 1906 1040 αἰτία

323 1087 421 1140 τοῦ
454 1085 637 1147 πόλεις
668 1080 727 1137 εὖ
765 1084 797 1153 ἢ
836 1081 1021 1145 κακῶς
1071 1082 1333 1151 πράττειν
1368 1080 1403 1153 ἢ
1454 1080 1700 1132 πολιτεία
1740 1097 1905 1131 σπου-

323 1178 448 1231 δαία
476 1178 510 1248 ἢ
544 1177 723 1245 φαύλη
771 1172 1361 1244 ἐγκαθεστηκυῖαίόη.
1410 1172 1563 1242 Τύχῃ
1622 1170 1668 1222 δ’
1703 1170 1769 1241 ἦν
1822 1188 1902 1232 τις

326 1274 421 1324 καὶ
448 1270 591 1324 κατά
624 1269 850 1338 γνώμην
878 1266 1108 1336 πράξειε
1148 1266 1325 1327 πόλις.
1360 1263 1473 1316 ἀλλ’
1507 1262 1786 1327 ἀϐέϐαιον,
1812 1266 1933 1315 καὶΔ

322 1364 461 1431 ταχὺ
496 1361 644 1429 φιλεῖ
691 1377 794 1412 που
834 1359 903 1411 τά
938 1375 1003 1427 γε
1033 1357 1260 1411 τοιαῦτα
1306 1354 1742 1426 περιτρέπεσθαι
1772 1368 1785 1381 ·
1835 1352 1905 1403 τὰ

321 1454 379 1506 δὲ
408 1452 581 1505 πολλὰ
612 1451 680 1504 δι’
724 1449 925 1520 ἀρετὴν
964 1449 1248 1511 πολιτείας
1297 1447 1391 1499 καὶ
1427 1445 1695 1508 σώζονταί
1728 1461 1783 1497 τε
1813 1448 1905 1496 καί

321 1543 573 1614 αἴρονται
602 1545 658 1597 αί
696 1545 913 1606 πόλεις’
948 1544 1043 1596 καὶ
1077 1541 1391 1595 τούναντίον
1422 1536 1672 1608 φθίνουσί
1707 1553 1768 1588 τε
1809 1538 1904 1588 καὶ

320 1637 645 1689 διόλλυνται.
673 1637 773 1706 τῆς
833 1634 1111 1698 πολιτείας
1169 1633 1322 1701 σφίσι
1364 1632 1634 1702 πρότερον
1682 1630 1901 1699 625900-

324 1744 504 1797 ρυιας.

2014 534 2254 602 aliquam
2296 549 2384 590 res
2422 545 2626 590 nostra;
2686 540 3020 593 reducantur
3060 551 3113 595 et
3155 542 3433 596 nti-liorem
3486 560 3587 613 prn

2014 624 2273 678 facultate
2343 634 2530 680 nostra
2593 636 2796 682 statum
2845 633 3005 685 nobis
3056 648 3462 701 comparemus.
3514 634 3584 688 Ut

2010 713 2191 767 autem
2227 715 2527 771 .meliorcm
2585 718 2691 771 sibi
2747 728 2948 773 statum
2983 722 3065 774 vel
3112 723 3307 778 civitas
3335 726 3420 778 vel
3447 740 3585 795 gens

2008 805 2189 873 aliqua
2244 804 2493 871 firmiter,
2554 817 2821 876 quantum
2888 812 3109 880 quidem
3176 830 3263 869 res
3334 818 3586 871 humanm

2010 896 2215 959 ferunt,
2248 907 2595 965 comparent,
2627 915 2736 953 non
2771 902 2875 955 alia
2916 918 3001 957 res
3035 904 3221 969 efﬁcit,
3270 922 3435 975 quam
3475 912 3583 961 rei-

2010 987 2240 1053 publicae
2270 990 2603 1044 emendatio.
2637 989 2793 1044 Nulla
2823 992 3089 1060 siquidem
3131 996 3235 1049 alia
3268 997 3584 1053 civitatibus

2004 1090 2088 1132 est
2122 1079 2201 1131 vel
2229 1079 2502 1134 fclicitatis
2532 1082 2614 1135 vel
2657 1082 2994 1139 infelicitatis
3052 1100 3240 1151 causa,
3264 1103 3427 1156 quam
3471 1106 3586 1146 res-

2010 1170 2224 1239 publica
2248 1180 2397 1227 recte
2418 1173 2502 1226 vel
2536 1188 2697 1229 secus
2719 1176 3037 1230 constituta.
3060 1176 3214 1242 Quod
3240 1181 3284 1232 si
3303 1195 3411 1249 quo
3441 1195 3575 1235 casn
3638 1224 3657 1233 -

2010 1273 2153 1316 recte
2177 1278 2236 1318 se
2258 1266 2447 1320 civitas
2471 1268 2686 1328 habeat,
2718 1267 2771 1320 id
2795 1266 3009 1321 tinuum
3037 1283 3144 1322 non
3168 1280 3273 1332 est,
3297 1284 3360 1325 ac
3390 1271 3495 1326 levi
3516 1272 3586 1328 de

2005 1372 2173 1413 causa
2212 1368 2390 1426 potest
2418 1359 2695 1413 immutari
2721 1377 2737 1427 ;
2766 1361 3087 1431 plerumque
3116 1371 3297 1416 autem
3322 1363 3403 1418 vel
3440 1362 3584 1417 bona

2010 1446 2287 1516 republica
2342 1460 2747 1504 conservantur
2802 1460 2856 1505 et
2888 1462 3141 1508 crescunt
3185 1454 3467 1518 civitates,
3497 1455 3581 1507 vel

2004 1550 2195 1592 contra
2231 1548 2489 1610 corrupta
2517 1551 2571 1595 et
2596 1542 2725 1611 ipsa:
2753 1542 3108 1599 collabuntur
3128 1558 3192 1600 ac
3231 1556 3485 1615 pereunt.

392 1815 460 1873 ε’.
508 1818 677 1888 Κοινῇ
724 1834 782 1871 τε
815 1817 925 1887 γὰρ
971 1818 1020 1869 oi
1072 1806 1335 1887 Ἕλληνες
1381 1817 1442 1870 οὗ
1474 1816 1742 1888 πρότερον
1792 1815 1892 1887 τὴν

2068 1811 2121 1865 5.
2155 1811 2292 1865 Nam
2342 1820 2395 1865 et
2411 1813 2775 1866 communiter
2822 1813 2997 1868 ϐταιοί
3026 1829 3133 1868 non
3163 1823 3287 1869 ante
3315 1814 3577 1871 latissime

321 1910 465 1964 κατὰ
495 1908 595 1979 τὴν
624 1911 954 1980 οίκουμένην
980 1908 1137 1974 δόξαν
1166 1910 1345 1979 ἔσχον,
1379 1912 1513 1980 πρὶν
1542 1912 1685 1978 σφᾶς
1722 1909 1896 1979 Ἠρα-

320 2002 454 2071 κλῆς
487 2004 515 2055 ὁ
558 2001 989 2071 Ἀμφιτρύωνος,
1029 2001 1245 2065 ἀδικίας
1282 2002 1535 2071 καθάρας
1568 2002 1706 2070 (58).
1745 2002 1898 2055 εὐνο-

324 2092 456 2160 μίαν
478 2110 535 2145 τε
576 2092 671 2146 καὶ
709 2092 873 2162 ζῆλον
916 2093 1119 2163 ἀρετῆς
1157 2094 1544 2162 ἀντειοήγαγε.
1578 2093 1661 2145 Τά
1686 2093 1743 2145 δὲ
1793 2092 1900 2161 πρὸ

338 2183 675 2254 Ἡρακλέους
720 2184 781 2236 οὐ
815 2184 954 2237 πάνυ
1003 2183 1211 2249 ἔνδοξον
1245 2185 1303 2237 τί)
1337 2184 1445 2236 τῶν
1490 2182 1758 2253 Ἑλλήνων
1809 2184 1900 2248 γέ-

318 2294 429 2341 νος,
467 2270 527 2329 οὗ
562 2277 757 2329 Δαναοί
802 2295 862 2329 τε
894 2265 988 2330 καὶ
1040 2276 1279 2341 Κάδμοι,
1311 2279 1375 2329 ἐκ
1413 2275 1707 2347 βαρϐάρων
1733 2275 1899 2345 ἧκον-

316 2385 411 2430 τες
442 2368 705 2438 ἐπήλυδες
756 2360 951 2438 ἄνδρες
998 2368 1304 2436 ἐκράτουνο
1340 2369 1479 2437 μετὰ
1525 2367 1584 2419 δὲ
1628 2367 1899 2435 Ἡρακλέα

317 2458 374 2511 αῑ
404 2459 595 2511 πολλαὶ
622 2458 715 2510 καὶ
749 2461 983 2528 μεγάλαι
1022 2459 1294 2529 Ἑλλήνων
1319 2460 1468 2511 νίκαι
1503 2458 1560 2510 ἔν
1590 2476 1647 2511 τε
1676 2462 1741 2527 τῇ
1780 2458 1899 2511 Ἑλ-

318 2550 437 2603 λάδι
473 2550 569 2601 καὶ
621 2550 908 2620 βαρϐάρῳ.
956 2552 1375 2618 Λακεδαιμόνιοί
1413 2569 1472 2604 τε
1523 2552 1585 2603 οὐ
1634 2554 1899 2622 πρότερον

318 2642 425 2694 τῶν
462 2640 733 2708 Ἑλλήνων
776 2641 1044 2710 ἡγεμόνες
1090 2642 1519 2711 ἀπεδείχθησαν,
1570 2644 1703 2705 πρὶν
1742 2644 1897 2712 σφίσι

320 2731 633 2798 Λυκοῦργος
664 2732 761 2801 τὴν
793 2733 1196 2802 ἐπαινουμένην
1237 2734 1456 2804 ἐκείνην
1499 2735 1778 2787 πολιτείαν
1813 2752 1898 2785 νε⁸

319 2822 675 2891 νομοθετήκει
702 2840 718 2855 ·
752 2823 875 2876 οὐδὲ
904 2825 1172 2892 πρότερον
1205 2825 1567 2895 πεπλήγεσάν
1590 2844 1649 2877 τε
1678 2825 1893 2894 καὶτῆς

318 2915 644 2983 ἡγεμονείας
712 2914 1163 2978 ὲκπεπτὼκεσαν,
1219 2920 1349 2985 πρὶν
1394 2920 1494 2986 τῆς
1534 2916 1896 2983 καθεστώσης

318 3002 597 3065 πολιτείας
650 3004 1121 3074 παρημεληκεσαν
1146 3021 1158 3035 ·
1199 3008 1292 3058 καὶ
1334 3009 1434 3075 τῆς
1475 3007 1574 3073 μὲν
1620 3010 1763 3061 κατὰ
1795 3010 1893 3061 θά-

317 3100 515 3147 λατταν
548 3095 833 3163 δυνάμεως
880 3098 1332 3167 άντιπεποίηντο,
1364 3099 1464 3160 τὰς
1518 3100 1691 3164 πεζὰς
1740 3102 1893 3153 αὐτοὶ

318 3188 452 3249 τέως
484 3187 883 3257 θεραπεύοντες
904 3206 917 3220 ο
950 3189 1012 3241 τὸ
1049 3189 1093 3241 δ’
1123 3190 1347 3241 ἱππικὸν
1391 3192 1630 3243 κάκιστα
1668 3192 1787 3243 τότε
1815 3189 1893 3242 εἷ-

316 3294 410 3345 χεν
440 3277 623 3339 αὐτοῖς
672 3278 808 3347 (59),
838 3279 1150 3347 τρεφόντων
1204 3278 1304 3345 μὲν
1353 3280 1478 3340 τοὺς
1527 3269 1729 3343 ἵππους
1784 3282 1893 3332 τῶν

316 3370 764 3435 πλουσιωτάτων,
794 3370 887 3423 ἐπὶ
927 3371 984 3423 δὲ
1018 3371 1116 3438 τῆς
1154 3371 1346 3438 χρείας
1380 3372 1488 3422 τῶν
1519 3373 1890 3439 συντεταγμέ-

316 3479 421 3513 νων
447 3461 1007 3529 παραλαμϐανόντων,
1048 3461 1168 3530 μεθ’
1200 3462 1381 3515 ὃπλων
1421 3465 1583 3515 ὁποῖα
1612 3462 1723 3533 ἄρα
1745 3462 1885 3515 δοῖεν

314 3554 534 3614 αὐτοῖς’
593 3556 687 3606 καὶ
726 3555 835 3605 τῶν
886 3554 1195 3623 συμμάχων
1246 3556 1304 3607 δὲ
1353 3556 1454 3607 οὐκ
1507 3554 1591 3608 ἔτι
1654 3556 1888 3626 μετρίως

313 3644 630 3713 ἐξηγοῦντο.
664 3646 959 3713 Τοιγάρτοι
1012 3647 1115 3698 ὑπὸ
1144 3646 1404 3714 Θηϐαίων
1448 3647 1680 3717 ἥττηντο
1723 3648 1889 3701 Ἐπα-

317 3735 579 3803 μινὼνδου
626 3737 932 3806 ἡγουμένου
980 3739 1185 3802 αὐτῶν,
1237 3739 1427 3807 ἀνδρὸς
1484 3741 1584 3806 τῆς
1637 3738 1890 3807 Πυθαγο-

320 3829 480 3894 ρείων
524 3829 775 3891 παιδείας
802 3831 902 3881 οὐκ
952 3833 1009 3881 ἐν
1058 3831 1318 3898 παρέργῳ
1356 3829 1731 3897 διακηκοότος.
1783 3831 1891 3883 Καὶ

313 3920 579 3981 Φίλιππος
623 3921 680 3973 δὲ
734 3922 838 3974 ὑπὸ
909 3922 1290 3991 Ἐπαμινώνδᾳ
1335 3922 1512 3986 τούτῳ
1554 3922 1782 3988 τραφείς
1827 3937 1888 3971 τε

317 4010 409 4061 καὶ
464 4011 795 4073 παιδευθεὶς,
847 4012 1007 4063 ὁπότε
1054 4011 1206 4080 παρὰ
1256 4011 1516 4080 Θηϐαίοις
1567 4011 1884 4079 ὡμήρευεν,

317 4100 540 4169 ἡγεμὼν
564 4102 671 4152 τῶν
714 4101 987 4170 Ἐλλήνων
1010 4102 1330 4173 ἀπεδείχθη.
1366 4089 1472 4154 Καί
1512 4101 1883 4170 Ἀλέξανδρος,

314 4195 508 4247 τούτου
544 4197 678 4257 υίός,
714 4196 820 4248 ὑπὸ
869 4199 948 4268 τῷ
985 4198 1133 4267 αὐτῷ
1164 4214 1221 4251 τε
1253 4200 1425 4268 πατρὶ
1469 4200 1721 4267 Φιλίππῳ
1758 4195 2097 4259 παιδευθεὶς,
2124 4195 2222 4248 καὶ
2286 4195 2366 4247 ἐτι
2424 4196 2807 4266 Ἀριστοτέλει,

2004 1912 2278 1974 patentem
2309 1905 2665 1959 obtinuerunt
2687 1906 2916 1975 gloriam
2952 1923 3116 1977 qnam
3153 1908 3415 1964 Hercules
3449 1913 3577 1966 Am-

2003 1994 2308 2065 phitryonis
2347 1994 2490 2049 ﬁlius
2545 1995 2807 2063 injustitia
2869 1999 3108 2065 sublata,
3152 2001 3349 2055 bonam
3390 2004 3576 2073 reipu-

2005 2087 2159 2140 blicae
2181 2085 2625 2141 constitutionem
2653 2089 2981 2157 virtutisque
3009 2090 3246 2144 studium
3280 2092 3413 2161 ipsis
3440 2108 3573 2149 con-

2001 2179 2207 2234 ciliavit
2236 2181 2527 2247 (siquidem
2563 2190 2688 2235 ante
2711 2179 2995 2236 Herculem
3026 2184 3245 2252 quidem
3278 2201 3388 2242 non
3416 2188 3575 2242 valde

2005 2271 2104 2324 fuit
2130 2270 2343 2324 celebre
2360 2270 2674 2325 Grmcorum
2700 2287 2873 2341 genus
2904 2274 2992 2327 cui
3022 2272 3190 2329 Danai
3210 2275 3575 2343 etCadmi,ex

2005 2362 2253 2415 barbaria
2283 2361 2506 2416 advenae
2529 2363 2892 2431 imperarent;
2927 2376 3049 2434 post
3079 2364 3363 2423 Herculem
3387 2381 3573 2426 autem

2004 2456 2201 2509 multas
2248 2453 2421 2511 Graeci
2491 2471 2826 2526 magnasque
2883 2467 2994 2511 tum
3033 2472 3064 2511 a
3103 2458 3328 2526 Graecis,
3382 2471 3496 2517 tum
3542 2482 3572 2517 a

2004 2548 2248 2603 barbaris
2301 2548 2609 2602 retulerunt
2645 2550 2925 2619 victorias)
2962 2562 3017 2606 et
3046 2552 3442 2609 Lacedaemonii
3465 2570 3575 2610 non

2000 2650 2125 2694 ante
2147 2641 2232 2694 vel
2278 2640 2588 2694 Graecorum
2645 2641 2773 2695 facti
2807 2651 2937 2697 sunt
2996 2644 3293 2712 principes,
3345 2662 3510 2715 quam
3543 2667 3572 2702 a

2002 2728 2243 2799 Lycurgo
2274 2730 2589 2799 pratclaram
2615 2730 2762 2784 illam
2787 2732 3100 2795 reipublicae
3125 2734 3573 2789 constitutionem

1999 2806 2310 2887 acciperent
2336 2838 2360 2883 ης
2400 2820 2483 2875 vel
2515 2822 2823 2890 principatu
2866 2823 3007 2891 pulsi
3037 2825 3573 2893 expulerunt,qualn

1998 2911 2252 2963 eamdem
2287 2909 2643 2979 negligerent,
2681 2926 2746 2963 ac
2795 2922 2909 2965 tum
2946 2911 3048 2965 sibi
3095 2912 3263 2967 maris
3288 2914 3572 2979 imperium

1998 3000 2363 3061 vindicarent,
2392 3001 2484 3069 qui
2526 3011 2725 3054 terram
2781 3011 3010 3057 eatenus
3062 3010 3397 3072 tenuerant;
3454 3014 3568 3058 ttnn

1999 3087 2240 3153 equitatu
2270 3088 2556 3142 minimutn
2584 3089 2848 3152 valerent,
2885 3104 3045 3157 quem
3076 3100 3134 3143 ut
3168 3092 3377 3146 alebant
3412 3092 3573 3145 ditis«

2000 3177 2125 3230 simi
2175 3178 2401 3246 quique,
2457 3178 2533 3232 ita
2568 3178 2693 3233 belli
2754 3189 2996 3247 tempore
3052 3179 3174 3234 aliis
3218 3195 3341 3234 cum
3401 3186 3572 3236 armis

2000 3268 2472 3337 qualibuscunque
2498 3270 2803 3330 tradebant.
2842 3279 2953 3324 tum
2996 3272 3160 3326 sociis
3188 3287 3295 3325 non
3336 3272 3575 3327 clemcno

2002 3372 2084 3415 ter
2115 3361 2350 3428 amplius
2386 3361 2741 3430 imperarent.
2774 3361 3046 3428 Quocirca
3078 3374 3205 3418 sunt
3239 3380 3269 3419 a
3298 3362 3573 3418 Thebanis

2000 3453 2201 3508 devicti
2233 3454 2401 3507 ductu
2433 3452 2844 3522 Epaminondae,
2876 3455 2971 3524 qui
3011 3454 3321 3510 doctrinam
3370 3455 3571 3528 Pytha-

1999 3545 2238 3615 goricam
2272 3560 2379 3599 non
2400 3546 2640 3615 segniter
2666 3554 3002 3616 perceperat.
3043 3546 3325 3616 Philippus
3353 3563 3571 3618 quoque

1997 3640 2065 3691 ab
2101 3639 2204 3693 hoc
2263 3637 2656 3707 Epaminonda,
2702 3655 2823 3693 cum
2881 3639 3089 3695 Thebis
3133 3641 3293 3695 obses
3350 3642 3569 3712 degeret

1998 3731 2298 3796 institutus,
2354 3732 2666 3787 Graecorum
2724 3734 2974 3803 princeps
3043 3736 3260 3803 evasit;
3313 3750 3409 3790 nec
3460 3751 3570 3789 non

1997 3823 2119 3890 ejus
2177 3822 2323 3876 filius
2380 3823 2684 3877 Alexander
2749 3841 2873 3878 cum
2926 3826 3155 3895 Philippi
3203 3827 3392 3894 patris,
3458 3835 3570 3879 tum

1998 3912 2310 3966 Aristotelis
2336 3912 2556 3980 insuper
2590 3914 2938 3968 institutione
2970 3929 3021 3968 et
3052 3915 3363 3969 Grzecorum
3398 3916 3570 3983 impeo

1998 4011 2160 4074 rium,
2191 4017 2245 4061 et
2271 4007 2413 4061 Asim
2452 4023 2675 4078 regnum
2708 4010 2978 4076 superatis
3038 4009 3220 4063 Persis
3271 4010 3375 4063 sibi
3425 4022 3575 4061 com-

1998 4099 2230 4167 paravit.

2881 4196 3152 4266 Ἐλλήνων
3211 4214 3269 4251 τε
3324 4198 3567 4269 ἡγεμὼν,

316 4293 535 4357 καὶ.τῆς
582 4291 761 4356 Ἀσίας
793 4294 1043 4361 βασιλεὺς
1084 4293 1346 4365 κατέστη,
1390 4299 1603 4365 Πέρσας
1640 4294 2014 4365 παρελόμενος
2050 4294 2151 4363 τὴν
2183 4294 2382 4363 ἀρχήν.

388 4388 465 4444 ς’.
509 4383 771 4450 Ῥωμαῖοί
816 4401 874 4435 τε
904 4384 1000 4449 ξὺν
1037 4385 1207 4455 ἀρετῇ
1239 4386 1521 4450 πολιτείας
1568 4391 1626 4449 ὲς
1664 4389 1764 4457 τὴν
1795 4402 1889 4454 με-

2065 4384 2118 4436 6.
2142 4381 2285 4448 Quin
2307 4384 2471 4437 etiam
2503 4382 2731 4438 Romani
2760 4384 2826 4439 ad
2865 4386 3164 4441 maximum
3199 4387 3566 4457 principatum

314 4473 487 4541 γάλην
520 4474 847 4542 ήγεμονείαν
880 4476 1159 4545 παρῄεσαν
1180 4493 1192 4506 ·
1225 4478 1286 4529 οὐ
1315 4480 1577 4548 πρότερόν
1612 4497 1671 4531 τε
1706 4481 1890 4548 σφίσιν

315 4564 489 4614 Εκλινέ
516 4580 574 4614 τε
600 4564 665 4615 τὰ
694 4566 999 4633 πράγματα
1028 4567 1120 4617 καὶ
1143 4570 1328 4637 χεῖρον
1355 4572 1503 4638 ἔσχε,
1533 4573 1663 4639 πρὶν
1699 4572 1767 4622 τὰ
1793 4589 1887 4623 καο

314 4654 558 4706 θεστῶτα
582 4657 996 4726 ἐχεκινήκεσαν.
1020 4660 1364 4729 Μρῤακηνοὶ
1395 4663 1507 4731 (40)
1534 4656 1680 4715 οὗτοι
1701 4663 1764 4715 τὸ
1789 4666 1888 4733 μὲν

322 4745 487 4797 πάλαι
516 4748 577 4797 οὐ
632 4749 846 4817 μεγάλη
889 4766 975 4812 τις
1024 4745 1167 4819 ἦσαν
1217 4754 1387 4820 μοῖρα
1442 4754 1712 4821 Ἀράϐων,
1757 4754 1887 4808 Ῥω-

316 4835 495 4903 μαίων
554 4854 613 4889 τε
670 4841 810 4899 τέως
861 4840 1136 4907 ὑπήκουον
1195 4847 1261 4893 τα
1316 4842 1528 4895 πολλά·
1591 4845 1705 4896 ἀλλ’
1737 4846 1885 4912 ὅμως

314 4925 502 4993 ἐπειδὴ
545 4927 729 4994 σφίσιν
772 4930 955 4991 αὐτοῖς
989 4933 1186 4998 νόμους
1218 4932 1367 4995 τινὰς
1404 4932 1610 4998 ἔθεντο,
1661 4940 1753 4987 καί
1787 4953 1884 4987 πο-

388 5146 1040 5216 (57)Ἐγκαθεστηκυῖα.
1060 5148 1115 5203 ln
1141 5148 1277 5205 hanc
1292 5155 1537 5206 eamdem
1564 5153 1887 5207 sententiam

315 5217 466 5293 Plato
628 5216 884 5293 lV,_init.
934 5220 1115 5293 dicit:
1175 5222 1533 5293 71195910510
1578 5224 1889 5293 βλέποντες,

337 5289 435 5361 τὴν
462 5286 616 5361 πόλιν
638 5286 1122 5361 οἰκίζομεν,,ὂπως
1164 5286 1486 5360 ὁτίμάλιστα
1537 5286 1633 5360 ὅλη
1661 5295 1693 5361 ἡ
1740 5296 1889 5354 πόλις

332 5357 491 5407 ἔσται
523 5356 819 5423 εὐδαίμων.

382 5426 495 5493 (38)
564 5424 822 5490 Ἀδικίας
850 5426 1130 5495 καθάρας.
1167 5429 1394 5483 Plcthon
1450 5431 1516 5483 ad
1567 5429 1876 5486 Graecorum

312 5497 475 5570 medii
502 5495 599 5546 aevi
646 5495 821 5570 instar
871 5501 1243 5565 theologorum
1308 5516 1371 5553 ac
1429 5501 1877 5570 philosophorum

311 5566 521 5640 priscos
549 5567 760 5640 mytbus
809 5565 880 5617 ita
909 5570 1130 5635 cxpnuit
1162 5582 1217 5622 ut
1241 5565 1524 5623 meliorum
1573 5565 1878 5640 tetitporum

309 5647 435 5700 spes
471 5634 599 5685 inde
626 5634 863 5688 eluceat.

380 5703 491 5767 {'59)
528 5705 594 5755 Td
646 5702 699 5753 δ’
738 5705 1053 5759 ἱππικὸν...
1115 5710 1251 5760 Τίτε
1308 5705 1471 5778 εἶχεν
1528 5711 1731 5777 αὐτοῖς
1798 5709 1881 5764 Cf.

2000 4480 2307 4548 reipublica:
2365 4481 2609 4535 bonitate
2673 4492 3053 4550 pervenerunt,
3116 4501 3217 4539 nec
3266 4485 3417 4553 prius
3483 4501 3569 4539 res

2000 4573 2216 4626 illorum
2247 4572 2354 4626 labi
2382 4584 2684 4643 coeperant,
2738 4590 2901 4643 quam
2932 4578 3322 4646 rempublicam
3372 4578 3570 4631 immu-

1995 4674 2225 4720 tassent.
2262 4666 2520 4720 Saraceni
2553 4669 2791 4737 denique
2849 4670 2936 4724 isti
2972 4671 3099 4725 olim
3151 4672 3373 4739 quidem
3404 4686 3569 4739 parva

1994 4760 2242 4824 qnzedam
2279 4767 2436 4812 erant
2468 4759 2705 4812 Arabum
2726 4776 2874 4828 pars,
2902 4772 2954 4815 et
2986 4760 3248 4816 Romanis
3278 4761 3388 4816 fere
3414 4776 3568 4829 pare-

1998 4850 2125 4901 bant
2180 4866 2195 4913 ;
2258 4859 2545 4918 postquam
2618 4865 2747 4904 vero
2805 4863 3012 4906 mutata
3068 4852 3342 4923 republica
3424 4853 3567 4917 leges

2000 4940 2268 5008 quasdam
2304 4940 2435 4994 ferri
2464 4940 2566 4994 sibi
2600 4945 2743 5009 passi
2779 4952 2926 5007 sunt,
2961 4959 3081 5013 quae
3112 4954 3168 4997 ut
3199 4959 3303 4997 non
3329 4941 3394 4995 ad
3419 4939 3565 4994 aliud

2004 5153 2302 5223 Xenophon
2342 5154 2551 5214 Hellen.
2587 5156 2674 5225 Vl,
2700 5164 2752 5224 4,
2791 5161 2877 5225 lli,
2912 5161 3000 5215 ubi
3033 5162 3096 5214 de
3123 5158 3562 5218 Lacedzemonio-

2002 5242 2120 5275 rum
2152 5231 2394 5292 equitatu
2424 5243 2612 5293 parum
2641 5232 3063 5284 commendabili
3088 5233 3321 5283 disserit.

2074 5294 2183 5362 (40)
2228 5296 2622 5362 Σαρῤακηνόί.
2660 5300 3046 5353 Saracenorum
3105 5314 3298 5352 nomen
3337 5317 3363 5352 a
3399 5302 3567 5357 verbo

1989 5363 2373 5435 ai-:ib.§tiraka
2412 5382 2622 5431 rapere,
2680 5370 2982 5419 derivatum
3040 5374 3272 5435 primum
3322 5376 3563 5425 ucrurrit

1991 5435 2133 5496 apud
2165 5432 2541 5488 Ptolemazuun.
2572 5436 2769 5489 deinde
2798 5440 2937 5502 apud
2963 5432 3084 5491 Ant.
3114 5438 3479 5493 Marcellinum
3511 5456 3565 5495 et

1991 5505 2330 5579 Marcianum
2350 5506 2712 5579 geograplnnn
2742 5506 2778 5559 V
2816 5512 2995 5579 saeculi
3055 5522 3195 5575 satpe
3230 5508 3462 5579 legitur;
3495 5513 3563 5565 ad

1993 5578 2167 5647 tribus
2220 5572 2371 5647 arab.
2426 5574 2478 5625 in
2530 5576 2722 5641 primis
2781 5574 3014 5629 refertur
3069 5572 3188 5647 qua:
3240 5572 3307 5630 ad
3355 5572 3561 5636 Ind-tam

1990 5642 2198 5718 (li-ient.
2226 5652 2279 5695 et
2309 5642 2594 5718 Pyrenaeos
2641 5660 2815 5713 usque
2862 5651 3008 5702 caede
3037 5642 3102 5701 ρι’
3125 5651 3334 5718 rapinis
3389 5662 3565 5705 totum

1993 5712 2338 5765 Urcidentem
2370 5712 2783 5769 terrefecerunt.
