3828 6180
289 403 388 463 Mi

1522 395 1845 455 GEORGII
1885 394 2314 458 PLETIIONIS

3425 387 3515 452 8l8

299 521 616 592 quidquam,
688 516 877 570 saltem
943 513 1008 567 ad
1069 511 1353 566 civitatum
1408 520 1757 580 augmentum
1812 517 1865 562 et

2012 509 2180 563 ιτείαν
2211 509 2514 578 νεωτέραν,
2569 507 2616 558 εἰ
2650 505 2744 559 καὶ
2803 505 2936 572 πρὸς
2987 503 3111 559 ἄλλο
3152 521 3202 556 τι
3252 504 3326 574 μὴ
3366 505 3530 568 καλῶς

301 614 522 670 bellicas
550 608 804 664 victorias
856 607 1172 662 viderentur
1233 603 1582 668 conducere;
1635 601 1870 671 primum

300 702 578 773 gentilium
635 699 877 754 Arabum
936 695 1077 751 nacti
1123 701 1253 750 sunt
1317 694 1626 763 imperium,
1679 692 1877 747 deinde

300 795 676 850 Romanorum
701 789 943 844 dominio
964 789 1257 842 maximam
1287 796 1340 841 et
1373 787 1716 856 potissimam
1747 788 1878 842 adc-

301 893 524 937 merunt
550 890 784 952 partem,
821 888 932 934 tum
980 877 1219 932 Africam
1248 878 1350 932 sibi
1379 877 1720 947 adjecerunt,
1757 893 1879 946 pos-

301 984 478 1029 tremo
505 973 700 1027 Persas
752 972 804 1024 in
839 985 998 1024 suam
1041 971 1366 1039 redegerunt
1393 980 1739 1039 potestatem.
1775 969 1882 1024 Sed

302 1075 357 1120 et
385 1065 504 1118 alia!
531 1073 721 1134 gentes
777 1063 984 1131 aliquot
1019 1064 1211 1117 horum
1275 1071 1489 1116 utentes
1533 1063 1779 1116 tnoribus
1831 1071 1884 1116 ct

302 1154 500 1208 ritibus
534 1151 793 1207 felicitate
827 1151 935 1205 frui
978 1149 1255 1213 videntur,
1298 1161 1461 1219 atque
1484 1151 1619 1205 adeo
1649 1151 1761 1214 isti,
1789 1151 1882 1220 qui

308 1245 469 1300 nobis
493 1244 790 1313 plurimum
834 1243 1222 1312 praestiterunt,
1287 1242 1506 1296 barbari
1547 1243 1633 1296 his
1668 1251 1884 1300 utentes

305 1336 516 1403 legibus
547 1335 780 1388 maxima
825 1333 1064 1402 potentia
1133 1335 1468 1403 polluerunt.
1529 1333 1731 1389 Eodem
1775 1337 1886 1390 fere

307 1437 466 1494 pacto
489 1427 534 1481 si
566 1427 690 1496 quis
715 1428 921 1498 reliqua
954 1426 1264 1481 consideret
1290 1437 1341 1482 et
1369 1435 1558 1496 gentes
1603 1436 1659 1481 et
1692 1427 1884 1491 ttrbes,

308 1522 545 1588 reperiet
585 1536 650 1575 ex
688 1522 846 1574 bonis
879 1521 960 1572 vel
1024 1519 1179 1574 malis
1225 1519 1626 1588 rebuspnblicis
1661 1531 1804 1573 recte
1829 1534 1888 1573 se

308 1611 393 1664 vel
425 1627 584 1666 secus
613 1612 888 1664 habuisse.
917 1610 1097 1676 Quare
1125 1611 1168 1664 si
1206 1610 1306 1663 hoc
1333 1610 1607 1664 videbitur
1629 1608 1886 1664 conside-

313 1703 566 1762 randum,
583 1702 782 1768 quibus
804 1702 1108 1755 modistnm
1139 1701 1204 1754 ad
1229 1701 1460 1754 salutem
1485 1699 1889 1767 perveniamus,

1980 601 2226 670 ἔχοντας,
2262 599 2377 652 ἀλλ’
2425 597 2517 652 οὖν
2565 600 2702 668 πρός
2747 615 2809 664 γε
2864 598 3069 650 πόλεων
3106 594 3402 666 ἐπαύξησιν
3449 598 3532 649 καὶ

1981 693 2182 762 κράτος
2207 691 2463 759 πολέμων
2486 689 2808 758 ἐπιτηδείως
2839 689 2985 758 ἔχειν
3006 687 3297 752 δοκοῦντας
3319 704 3331 718 ·
3361 688 3533 758 πρῶτα

1985 784 2082 853 μὲν
2108 783 2216 836 τῶν
2235 782 2524 852 ὁμοφύλων
2566 780 2814 851 ’Δράϐων
2836 779 2988 832 αὐτοὶ
3017 780 3319 849 ἡγήσαντο,
3354 778 3530 831 ἔπειτα

1983 877 2208 944 καὶτῆς
2263 873 2557 942 Ῥωμαίων
2604 872 2960 942 ἐπικρατείας
3009 873 3109 941 τὴν
3153 871 3410 940 πλείστην
3453 870 3537 922 καὶ

1985 969 2215 1036 ἀρίστην
2256 967 2618 1036 ἀπετέμοντο,
2671 964 2764 1016 καὶ
2801 963 3007 1034 Λιϐύης
3043 963 3101 1016 δὲ
3154 961 3416 1031 ἐπῆρξαν,
3455 962 3538 1013 καὶ

1987 1062 2206 1128 Πέρσας
2253 1057 2747 1126 παραστησάμενοι
2797 1060 2863 1124 τῇ
2910 1055 3152 1125 σφετέρᾳ
3196 1052 3370 1106 αὐτῶν
3414 1053 3539 1120 ὑπή-

1987 1169 2158 1219 γαγον
2184 1151 2450 1221 πολιτείᾳ.
2494 1150 2664 1202 Ἀλλα
2699 1166 2756 1200 τε
2790 1146 2960 1216 συχνὰ
2991 1147 3124 1216 γένη
3153 1145 3261 1196 τῶν
3304 1143 3435 1197 κατὰ
3455 1143 3541 1208 τὴν

1987 1241 2336 1310 οἰκουμένην,
2395 1241 2522 1302 τοὺς
2567 1240 2775 1292 τούτων
2823 1236 3161 1307 ἐζηλωκότες
3219 1235 3432 1302 νόμους,
3461 1232 3542 1285 καὶ

1987 1332 2197 1393 τούτοις
2236 1331 2533 1402 χρώμενοι,
2569 1331 2823 1398 εὐτυχεῖν
2856 1346 2932 1397 πη
2960 1326 3212 1380 δοκοῦσιν
3237 1343 3252 1358 ο
3281 1327 3332 1378 οῖ
3359 1342 3414 1376 τε
3436 1323 3543 1377 καθ’

1988 1425 2148 1494 ἡμῶν
2178 1424 2326 1478 οὗτοι
2367 1424 2626 1494 μέγιστον
2668 1421 2988 1490 δυνηθέντες
3021 1419 3312 1489 βάρϐαροι,
3359 1417 3542 1479 τούτοις

1990 1521 2102 1578 τοῖς
2133 1517 2320 1587 νόμοις
2347 1516 2705 1586 κεχρημένοι,
2730 1515 2798 1568 τὰ
2832 1515 3065 1582 μέγιστα
3088 1511 3399 1579 δεδύνηνται
3424 1509 3542 1578 (lli.

1993 1607 2152 1659 Οὕτω
2186 1608 2243 1660 δὲ
2301 1608 2394 1660 καὶ
2445 1605 2611 1659 τᾶλὶα
2663 1604 2720 1656 εί
2772 1620 2855 1664 τις
2888 1602 3203 1656 καῦἐκαστα
3260 1601 3414 1659 ἐπίοι,
3465 1597 3545 1648 le

1995 1699 2120 1770 ἔθνη
2169 1701 2260 1753 καὶ
2299 1697 2485 1761 πόλεις
2538 1698 2762 1768 εὑρήσει
2811 1696 2898 1748 διὰ
2937 1695 3038 1758 τὰς
3080 1692 3337 1762 ἀμείνους
3390 1687 3547 1760 ἢχεί·

313 1802 426 1846 tum
453 1791 719 1861 potiorem
776 1798 980 1844 statum
1034 1791 1193 1846 nobis
1238 1803 1662 1858 comparemus;
1708 1805 1893 1844 emen-

2005 1811 2124 1863 ρους
2175 1793 2449 1855 πολιτείας
2491 1791 2716 1860 ἄμεινόν
2765 1805 2867 1840 που
2918 1787 3177 1858 ἢχεῖρον
3232 1783 3544 1854 πεπραγότα.

312 1884 492 1946 danda
525 1884 793 1937 duntaxat
820 1893 903 1938 cst
956 1881 1287 1950 respublica,
1320 1883 1500 1952 pravis
1541 1881 1806 1936 institutis
1834 1881 1886 1936 in

313 1977 545 2031 rcctioi'a
589 1978 961 2031 commutatis.
1005 1973 1140 2028 Nam
1203 1990 1328 2030 cum
1380 1977 1489 2030 sint
1549 1976 1715 2031 multa
1767 1992 1890 2046 quae

311 2068 706 2137 rempublicam
737 2067 1092 2131 constituant,
1137 2082 1368 2136 eamque
1392 2067 1608 2136 singula
1655 2068 1736 2122 vel
1771 2083 1888 2122 me-

313 2162 503 2215 liorem
543 2161 624 2214 vel
677 2146 914 2230 pcjorem
940 2159 1178 2215 clliciant
1214 2177 1228 2225 ;
1271 2159 1529 2213 nimirum
1564 2175 1685 2228 qum
1716 2161 1891 2230 pluri-

314 2257 416 2312 mis
455 2265 507 2311 et
532 2255 836 2324 potiSsimis
864 2253 1140 2310 constabit
1162 2251 1508 2314 melioribus,
1542 2253 1708 2322 proba
1738 2253 1885 2308 futu-

313 2364 371 2402 ra
397 2360 481 2404 est
506 2348 834 2419 reSpublica,
870 2362 992 2418 quae
1019 2345 1214 2400 iisdem
1251 2345 1554 2414 pejoribus,
1603 2346 1879 2414 improba.

1995 1889 2148 1941 Ὣστ⁹
2180 1888 2229 1940 εί
2272 1887 2598 1957 βουλευτέον
2627 1886 2683 1951 ἐξ
2711 1877 2772 1938 οὗ
2803 1901 2861 1937 τε
2890 1884 2987 1937 καὶ
3015 1883 3171 1943 ὅπως
3201 1879 3393 1946 σωθείη
3419 1875 3572 1948 μέντ’.

1987 1980 2072 2044 ἂν,
2111 1983 2206 2034 καὶ
2237 1982 2302 2034 ὲκ
2335 1979 2445 2034 τῶν
2481 1979 2767 2049 παρόντων
2797 1979 3022 2045 ἄμεινον
3055 1974 3126 2028 ἂν
3159 1975 3291 2045 ἡμῖν
3323 1971 3464 2040 σχοίη
3491 1968 3546 2022 τὰ

1993 2074 2316 2143 πράγματα,
2353 2072 2508 2125 οὐδὲν
2555 2071 2728 2142 ἀλλ’ἢ
2782 2070 2884 2142 τὴν
2923 2067 3209 2122 πολιτείαν
3265 2062 3546 2132 ἐπανορθωο

1989 2168 2133 2228 τέον,
2167 2167 2262 2219 καὶ
2293 2166 2358 2218 ἐκ
2390 2164 2745 2233 φαυλοτέρων
2784 2164 2893 2216 τῶν
2925 2161 3295 2214 καθεστώτων
3337 2158 3389 2220 ἐς
3412 2155 3547 2224 ἔτερα

1993 2257 2400 2328 σπουδαιότερα
2451 2257 2891 2327 μετενενεκτέον.
2945 2255 3171 2308 Πολλῶν
3207 2253 3250 2306 δ’
3297 2251 3454 2305 ὄντων
3501 2248 3546 2310 ἐξ

1996 2344 2072 2404 ὧν
2108 2351 2263 2414 πόλις
2296 2368 2356 2403 τε
2384 2351 2480 2403 καὶ
2522 2350 2771 2403 πολιτεία
2812 2348 3145 2415 συνέστηκε,
3178 2349 3271 2400 καὶ
3311 2342 3546 2399 καθ’ἓκα-

316 2449 440 2495 στον
465 2439 532 2497 αὖ
567 2444 662 2496 καὶ
693 2443 996 2513 ἀμεινόνων
1025 2439 1436 2510 ὲγγιγνομὲνων
1468 2440 1884 2510 πολιτευμάτων
1962 2445 2059 2497 καὶ
2113 2445 2412 2515 χειρόνων·
2463 2444 2497 2514 ἢ
2537 2447 2636 2514 μὲν
2682 2444 2748 2497 ἂν
2802 2441 2870 2495 δι’
2929 2443 3236 2511 ἀμεινόνων
3283 2441 3383 2492 τῶν
3430 2432 3546 2490 πλεί⁸

315 2555 454 2591 στων
505 2540 598 2591 καὶ
646 2537 1028 2605 καιριωτάτων
1154 2535 1540 2600 συνεστηκυῖα,
1597 2533 1735 2603 αὕτη
1792 2538 1892 2604 μὲν
1927 2538 2065 2606 καλὴ
2095 2538 2406 2608 καθάπαξὴ
2439 2536 2687 2590 πολιτεία
2719 2551 2734 2565 ·
2775 2538 2808 2607 ἣ
2841 2535 2886 2588 δ’
2923 2535 2988 2588 ἂν
3017 2535 3112 2588 διὰ
3171 2533 3418 2604 χειρόνων
3462 2532 3545 2584 τῶι

316 2630 514 2692 αὐτῶν,
552 2628 752 2697 φαύλη.

389 2751 442 2803 7.
498 2749 574 2802 Ac
601 2746 860 2816 primum,
895 2743 1021 2813 quia
1057 2744 1586 2813 rerumpublicarum
1613 2744 1713 2796 tria
1771 2753 1899 2797 sunt

316 2857 539 2913 genera,
589 2838 1028 2898 monarchicum,
1074 2837 1463 2906 oligarchicuni
1523 2846 1576 2889 ct
1621 2838 1901 2890 denmera-

323 2937 519 2992 ticnm,
549 2934 845 3004 pluresque
873 2931 999 2984 item
1049 2929 1389 2999 singulorum
1431 2929 1662 2998 species,
1697 2929 1900 2997 quibus

318 3031 398 3083 vel
431 3027 723 3096 corrigitur
745 3022 830 3077 vel
855 3025 1228 3090 corrumpitur
1289 3022 1618 3089 respublica,
1655 3024 1896 3089 pruden-

319 3119 514 3174 tissimi
569 3130 702 3173 sane
782 3115 989 3185 quique
1051 3115 1424 3168 monarchiam
1489 3112 1898 3169 consultoribus

329 3213 552 3283 eptiuiis
603 3221 657 3264 et
711 3209 922 3278 legibus
980 3208 1165 3277 probis
1232 3208 1408 3276 iisque
1465 3208 1595 3263 ratis
1655 3218 1896 3264 utentem

2081 2743 2148 2806 ζ’.
2183 2744 2406 2814 Πρῶτον
2439 2743 2540 2814 μὲν
2573 2742 2665 2798 οὖν
2695 2743 2883 2814 ἐπειδὴ
2924 2743 3123 2812 τριττὰ
3155 2744 3220 2796 τὰ
3265 2741 3442 2812 πρῶτα
3469 2755 3542 2790 πι-

2007 2841 2209 2902 itrata;
2247 2840 2390 2909 εἴδη,
2442 2840 2713 2910 μοναρχία
2742 2856 2822 2904 τε,
2863 2839 2958 2893 καὶ
3004 2839 3318 2909 ὀλιγαρχία,
3349 2838 3432 2892 καὶ
3467 2835 3538 2904 δη·

2011 2933 2283 3004 μςκρατία
2327 2933 2461 3000 (ω),
2515 2932 2611 2985 καὶ
2667 2932 2873 2985 τούτων
2931 2932 3188 2987 ἑκάστων
3249 2932 3446 2994 πλείους
3487 2923 3543 2981 αὗ

2007 3025 2223 3096 τρόποι,
2261 3023 2388 3078 καθ’
2421 3024 2519 3086 οὒς
2543 3026 2692 3078 ἔστιν
2720 3024 2753 3093 ἢ
2785 3024 3011 3094 ἄμεινον
3044 3028 3081 3097 ἦ
3106 3030 3286 3096 χεῖρον
3312 3020 3541 3078 πολιτεύει

2009 3116 2136 3168 σθαι
2162 3132 2174 3144 ·
2211 3116 2361 3182 παρὰ
2397 3117 2497 3184 μὲν
2535 3119 2650 3179 τοῖς
2698 3117 2768 3170 τὰ
2800 3115 3054 3186 βέλτιστα
3107 3118 3354 3189 φρονοῦσι
3385 3116 3542 3188 κράτι-

2010 3225 2134 3260 στον
2193 3209 2448 3278 κέκριται
2495 3208 2718 3263 πάντων
2771 3210 3042 3280 μοναρχία
3102 3210 3412 3280 συμϐούλοις
3457 3209 3543 3268 to"

319 3305 532 3359 cunctis
565 3299 945 3372 praetulerunt.
983 3299 1062 3353 Ac
1119 3299 1186 3353 de
1209 3299 1621 3354 consultoribus
1651 3301 1894 3368 quidem,

2005 3301 2251 3370 ἀρίστοις
2290 3274 2573 3370 χρωμένη,
2634 3274 2820 3370 νόμοις
2849 3274 2925 3354 τε-
2951 3274 3289 3366 σπουδαίοις,
3334 3303 3418 3355 καὶ
3447 3297 3544 3351 τού·

323 3395 560 3464 primum
590 3391 927 3444 eruditorum
972 3391 1252 3443 hominum
1316 3390 1572 3443 laudatur
1624 3392 1901 3446 moderata

319 3485 497 3551 cupio.
523 3482 656 3536 Nam
684 3493 738 3536 et
772 3481 986 3551 vulgus,
1021 3480 1279 3548 quoniam
1340 3479 1629 3536 tlillicnltcr
1683 3483 1822 3536 inter
1847 3499 1905 3536 se

321 3577 648 3646 intelligunt,
694 3573 1003 3642 multosque
1037 3573 1200 3626 habet
1245 3572 1517 3639 indoctos,
1574 3575 1899 3630 temerarios

285 3712 288 3713 ν
321 3673 642 3740 plerumque
679 3667 782 3721 fert
819 3669 1065 3720 calculos
1097 3682 1110 3728 ;
1158 3675 1212 3718 ct
1243 3666 1332 3734 qui
1372 3667 1710 3734 paucissimo
1767 3682 1900 3721 con--

321 3771 462 3817 stant
485 3775 709 3814 numero
745 3775 866 3813 cum
903 3761 1176 3829 privatum
1207 3768 1488 3812 sectentur
1521 3759 1756 3822 lucrum,
1783 3774 1905 3828 pra-

322 3868 384 3906 va
413 3854 544 3907 dant
588 3851 694 3906 fere
717 3850 967 3905 consilia.
1013 3850 1082 3902 At
1143 3849 1234 3918 qui
1291 3849 1457 3904 semel
1517 3861 1568 3904 ct
1624 3851 1905 3910 moderato

323 3960 550 4018 numero
585 3942 785 3996 fuerint
810 3953 861 3995 et
887 3957 995 3996 non
1030 3939 1260 3999 indocti.
1293 3956 1415 3993 cum
1448 3953 1505 3995 ut
1556 3941 1698 3998 alius
1752 3944 1902 3999 aliud

320 4039 632 4092 consideret
662 4046 824 4105 atque
863 4035 913 4088 in
957 4033 1196 4089 medium
1229 4033 1488 4102 proferat,
1520 4037 1592 4089 ita
1623 4037 1902 4090 communi

322 4131 554 4199 utilitate
611 4127 975 4182 communiter
1036 4127 1329 4190 ducantur,
1381 4128 1569 4196 Optimi
1619 4135 1782 4182 erunt
1842 4145 1905 4184 ac

321 4219 612 4274 c‘t‘l‘llSSiHli
666 4216 1032 4272 consultores.
1091 4216 1290 4271 Deinde
1351 4220 1450 4272 hoc
1497 4221 1810 4288 requiritur,
1848 4231 1906 4274 ut

323 4310 581 4364 mediocri
608 4311 716 4364 sint
742 4308 980 4373 fortuna,
1016 4325 1116 4364 nec
1151 4310 1230 4362 vel
1270 4309 1523 4365 ditissimi
1557 4311 1638 4365 Vcl
1672 4326 1906 4384 pauper-

325 4403 472 4467 rimi,
503 4400 770 4470 siquidem
805 4401 879 4454 illi
905 4415 1016 4470 prae
1047 4401 1361 4455 divitiarum
1413 4402 1597 4458 studio
1632 4403 1765 4458 nihil
1793 4405 1906 4460 fere

324 4496 556 4546 suadent
606 4491 775 4555 aliud,
841 4506 1004 4560 quam
1037 4493 1182 4545 unde
1242 4491 1456 4545 lucrum
1516 4494 1647 4562 ipsis
1675 4494 1898 4564 aliquod

2005 3410 2120 3456 τοις
2156 3393 2389 3463 κυρίοις.
2418 3393 2756 3462 Συμϐούλων
2789 3394 2845 3446 δὲ
2878 3395 3078 3464 πρῶτα
3120 3396 3216 3466 μὲν
3246 3395 3444 3464 μέτριον
3470 3393 3544 3444 ἀνα

2004 3483 2146 3552 δρῶν
2168 3484 2621 3550 πεπαιδευμένων
2646 3485 2848 3556 πλῆθος
2875 3487 3108 3556 ἄριττον
3133 3486 3266 3558 (45).
3295 3487 3358 3540 ’0
3383 3502 3434 3538 τε
3458 3484 3542 3550 γὰρ

2005 3575 2175 3643 δῆμος
2224 3576 2286 3627 οὐ
2339 3575 2742 3638 κατακούοντες
2790 3578 3041 3648 ἀλλήλων
3069 3617 3084 3642 ,
3139 3580 3258 3634 οὐδὲ
3312 3577 3543 3634 συνιέντες

2007 3666 2227 3736 ῥᾳδίως,
2269 3667 2355 3720 διά
2391 3685 2450 3720 τε
2485 3667 2716 3737 πλῆθος,
2748 3672 2842 3724 καὶ
2874 3672 3224 3728 ἀπαιδεύτων
3255 3672 3357 3727 τῶν
3383 3672 3434 3724 ἐν
3463 3668 3541 3722 ati-

2005 3761 2116 3818 τοῖς
2177 3759 2507 3830 ὑπερϐολὴν,
2539 3760 2845 3828 ἀλογίστως
2878 3763 2943 3817 τὰ
3000 3764 3179 3819 πολλὰ
3215 3764 3420 3835 φέρουσι
3462 3757 3538 3818 τὰς

2005 3851 2221 3921 ψήφους
2243 3869 2256 3883 ·
2288 3852 2344 3905 οί
2369 3853 2418 3904 τ’
2455 3854 2535 3916 είς
2571 3855 2854 3925 ἐλάχιστον
2900 3856 3138 3927 ἀριθμὸν
3170 3856 3462 3928 ἀνηγμένοι.
3486 3850 3539 3904 τά

2008 3946 2116 3999 ίδια
2148 3947 2318 4018 κέρδη
2363 3947 2728 4016 λογιζόμενοι,
2760 3950 2859 4003 οὐκ
2893 3951 3098 4018 ἀγαθοὶ
3124 3953 3191 4006 τὰ
3226 3949 3384 4004 πολλὰ
3425 3947 3535 4013 σύμ·

2007 4038 2188 4092 ϐουλοι
2214 4055 2227 4069 ο
2284 4041 2332 4091 oi
2384 4040 2428 4092 δ’
2470 4040 2594 4108 ἅμα·
2629 4039 2729 4109 μὲν
2778 4043 3016 4111 μετρίως
3075 4045 3284 4114 ἔχοντες
3317 4040 3535 4110 πλήθους-

2006 4131 2124 4200 ἅμα
2174 4131 2218 4183 δ’
2275 4132 2374 4184 οὐκ
2426 4131 2763 4198 ἀπαίδευτοι,
2800 4133 2958 4195 ἄλλος
3008 4135 3112 4204 μὲν
3159 4135 3282 4188 ἄλλο
3327 4130 3452 4186 κατὰ
3487 4127 3537 4176 si

2008 4227 2156 4288 εἰκὸς
2183 4225 2517 4294 συνορῶντές
2547 4243 2606 4280 τε
2653 4228 2745 4280 καὶ
2786 4227 2868 4290 είς
2908 4227 3078 4297 μέσον
3109 4229 3346 4297 ἄγοντες,
3384 4223 3473 4276 ὑπὸ
3491 4217 3536 4273 δὲ

2007 4317 2100 4371 τοῦ
2127 4319 2276 4388 κοινῇ
2307 4319 2678 4388 συμφέροντος
2705 4319 2799 4372 καὶ
2826 4322 2980 4391 κοινῇ
3007 4322 3285 4392 ἀγόμενοι,
3313 4317 3382 4386 τῷ
3402 4310 3537 4368 παντὶ

2009 4410 2268 4478 ἀμείνους
2310 4428 2369 4463 τε
2421 4414 2514 4464 καὶ
2567 4411 2972 4478 ἀσσαλέστατοι
3014 4411 3427 4484 συμϐουλεύεινο
3473 4403 3536 4456 ἔτι

2009 4503 2052 4555 δ’
2084 4504 2132 4556 οί
2176 4505 2412 4572 μετρίως
2446 4503 2662 4573 ἔχοντες
2719 4503 2859 4574 βίου,
2907 4507 3006 4559 καὶ
3051 4506 3167 4560 οὗθ’
3214 4507 3261 4558 ci
3294 4494 3537 4568 παμπλοῦο

326 4586 640 4652 proveniat;
680 4584 734 4636 hi
767 4597 876 4652 prae
907 4583 1087 4650 inopia
1121 4583 1255 4636 nihil
1283 4592 1531 4652 spectant
1560 4585 1705 4640 aliud
1734 4601 1894 4655 quam

2017 4613 2140 4660 σιοι,
2196 4597 2309 4648 οὗθ’
2339 4599 2387 4650 οἱ
2435 4598 2804 4664 ἀπορώτατοι.
2837 4603 2902 4656 Οἱ
2946 4604 3046 4672 μὲν
3095 4605 3201 4671 γὰρ
3238 4602 3320 4656 διὰ
3349 4599 3436 4667 τὴν
3465 4588 3537 4646 τοῦ

313 4683 384 4728 ‘ut
422 4671 736 4730 necessitati
765 4674 1095 4730 subveniaut
1125 4689 1261 4729 suae.
1297 4675 1366 4730 At
1396 4677 1490 4744 qui
1524 4692 1582 4732 se
1606 4678 1900 4732 mediocri-

327 4781 407 4820 ter
441 4767 662 4828 habent,
685 4781 1029 4820 communem
1055 4767 1400 4836 potissimum
1428 4766 1660 4824 salutem
1685 4779 1902 4824 curant.

327 4862 402 4914 Ac
430 4859 498 4914 de
526 4857 936 4913 consultoribus
961 4859 1183 4927 quidem
1226 4858 1514 4913 hactenus.

2014 4685 2245 4738 πλούτου
2301 4687 2480 4754 φιλίαν
2527 4688 2681 4741 οὐδὲν
2720 4690 2849 4744 ἄλλο
2881 4692 2948 4745 τὰ
3005 4694 3176 4746 πολλὰ
3232 4683 3536 4760 βουλεύεσθαι

2017 4777 2288 4843 φιλοῦσιν,
2321 4779 2352 4845 ἦ
2385 4778 2507 4832 ὅθεν
2535 4779 2602 4834 ἄν
2626 4797 2679 4832 τι
2714 4769 2903 4846 αὐτοῖς
2933 4784 3122 4854 κέρδος
3157 4781 3372 4852 προσείη
3391 4794 3403 4807 '
3431 4775 3471 4828 oi
3493 4772 3537 4825 δὲ

2017 4867 2107 4919 διὰ
2139 4868 2236 4936 τὴν
2263 4870 2522 4938 ἀπορίαν,
2557 4871 2711 4923 οὐδὲν
2749 4872 2878 4925 ἄλλο
2912 4877 3154 4937 σκοπεῖν,
3191 4874 3222 4942 ἢ
3250 4872 3363 4924 ὅθεν
3385 4869 3442 4922 ἂν
3463 4865 3538 4921 τᾶς

322 4953 465 5020 ¹ἰδίοις
495 4952 740 5018 ἀνάγκας
771 4950 1265 5020 παραμυθήσαιντο
1287 4969 1299 4982 ·
1329 4953 1377 5003 ot
1412 4953 1467 5004 δὲ
1499 4953 1736 5021 μετρίως
1766 4955 1984 5024 ἔχοντες
2017 4961 2217 5028 μᾶλλόν
2252 4981 2302 5014 τι
2376 4963 2468 5013 καὶ
2543 4962 2814 5016 ἐθέλουσιν
2867 4967 3004 5035 ὑπὲρ
3053 4967 3163 5018 τῶν
3231 4965 3370 5033 κοινῇ
3431 4971 3536 5022 συμ-

325 5047 601 5113 φερόντων
631 5047 892 5098 ὲκάστοτε
935 5046 1266 5114 φροντίζειν.
1318 5046 1426 5097 Καὶ
1465 5048 1590 5116 περὶ
1627 5047 1724 5116 μὲν
1772 5051 2093 5120 συμϐούλων
2123 5053 2316 5107 ταῦτα.

393 5164 447 5216 8.
481 5161 647 5229 Leges
695 5175 823 5212 vero
865 5159 1048 5227 probae
1081 5169 1233 5222 sunt,
1275 5169 1329 5212 ιιι
1368 5175 1478 5213 ιιιιο
1503 5160 1669 5215 verbo
1701 5162 1907 5227 dicam,

329 5272 458 5324 qua:
531 5271 627 5306 sua
694 5253 927 5321 singulis
991 5261 1102 5306 tum
1152 5253 1204 5304 in
1265 5252 1420 5312 urbe.
1455 5265 1569 5306 tum
1639 5255 1694 5308 in
1752 5267 1914 5321 gente

326 5345 574 5410 quamvis
601 5341 770 5395 cilicia
807 5340 1147 5404 deﬁnientes,
1183 5340 1380 5395 alienis
1426 5344 1659 5411 negotiis
1726 5355 1912 5400 Vetent

399 5570 511 5638 (il)
540 5569 925 5634 Δεδύνηντιιι.
948 5571 1149 5625 Aut-tor
1182 5580 1375 5638 praeter
1409 5571 1577 5640 leges,
1596 5572 1796 5639 quibus
1821 5590 1904 5629 res

325 5639 628 5711 Turcarutn
671 5652 979 5701 creverunt,
1012 5643 1075 5694 ad
1097 5639 1667 5695 InstitutiottesciViles
1693 5647 1902 5711 primo-

328 5727 446 5761 Ittm
477 5709 816 5764 sultanorutn
857 5712 1097 5763 alludere
1136 5712 1368 5765 videtur.

403 5779 510 5846 (5'2)
543 5781 938 5843 Δημοκρατία.
975 5779 1045 5831 cf.
1081 5779 1228 5833 Plato
1263 5780 1314 5832 in
1344 5777 1504 5834 l’olit.

401 5849 510 5905 (43)
549 5851 850 5911 Ἄριστον.
905 5847 972 5899 cl‘.
1007 5851 1180 5904 Ducas
1213 5859 1265 5904 et
1307 5849 1481 5905 Plato.

2084 5170 2154 5232 η’.
2184 5163 2358 5234 Νόμοι
2405 5166 2461 5220 δὲ
2511 5167 2811 5232 σπουδαῖοι,
2839 5171 2912 5231 ὡς
2962 5171 3166 5224 ἐπίπαν
3210 5170 3392 5230 εἰπεῖν,
3418 5157 3536 5215 οίᾶν

2018 5256 2274 5320 ἑκάστοις
2303 5258 2409 5310 τῶν
2460 5259 2558 5325 τῆς
2591 5258 2796 5321 πόλεως
2840 5262 3022 5331 μερῶν
3063 5264 3156 5314 καὶ
3202 5259 3360 5313 ὲϐνῶν
3386 5254 3442 5306 τὰ
3464 5248 3536 5301 αὺ-

2014 5348 2120 5399 τῶν
2144 5351 2400 5418 πράττειν
2422 5351 2691 5416 ὁρίζοντες
2715 5351 2852 5420 (44),
2877 5351 3124 5406 κωλύωσι
3151 5353 3255 5405 τῶν
3278 5350 3346 5421 μὴ
3369 5358 3535 5415 apo",-

2092 5581 2204 5652 (Η)
2235 5582 2520 5650 Πρὰττειν
2569 5584 2882 5652 ὁρίζοντες.
2918 5587 3065 5641 Plato
3105 5585 3158 5637 in
3186 5583 3215 5637 Ι.
3255 5595 3302 5652 It_
3344 5578 3399 5629 de
3433 5569 3532 5652 IitPj

2010 5649 2390 5724 Egyp‘tiorum
2427 5649 2735 5708 lliSlllllllllll
2796 5649 3050 5724 prmdicat
3105 5649 3531 5724 agricultural}:a

2005 5723 2227 5844 (rprilitllari
2257 5733 2374 5776 arte
2393 5734 2444 5776 et
2475 5740 2765 5792 operarum
2796 5719 3097 5782 'laboribus
3139 5719 3532 5776 discernentia!!!-

2075 5830 2088 5845 .
2181 5808 2387 5846 tma'ua.

3711 3855 3713 3911 ί

3709 3919 3711 4001 l

3707 4025 3709 4091 Ι

3705 4137 3707 4183 l

3701 4199 3705 4273 l

3701 4285 3703 4363 l

3699 4405 3701 4453 |

3695 4585 3697 4635 |

3693 4679 3695 4725 |

3689 4829 3691 4873 |
