3828 6180
379 203 485 267 849

1195 208 1291 267 DE
1330 208 1578 270 liEBUS
1620 210 2315 272 VELOPONNESIACIS
2342 212 2627 270 ORATIO
2668 211 2750 274 ΕΙ.

3532 209 3638 271 850

377 316 580 368 κόντων
615 317 862 388 πράξεών
893 337 952 372 τε
986 320 1080 374 καὶ
1123 323 1597 396 ἐπιτηδευμάτων.
1637 327 1794 379 Ἔστι
1820 326 1865 380 δ’
1897 327 1954 379 ἑν

2072 341 2122 382 se
2159 326 2490 383 immiscere.
2530 328 2688 398 Atqui
2717 327 2949 382 inomni
2986 326 3096 381 fere
3151 326 3372 379 civitate
3402 325 3635 394 primum

375 403 528 458 πόλει
559 406 746 476 σχεδὸν
775 409 964 482 ἁπάσῃ
1001 413 1219 482 πρῶτον
1251 413 1353 484 μὲν
1381 415 1478 468 καὶ
1523 415 1956 482 ἀναγκαιότατον

378 495 548 567 μέρος
583 499 676 552 καὶ
705 501 860 568 γένος
889 508 986 557 καὶ
1029 506 1282 558 πλεῖστον
1309 507 1372 560 τὸ
1417 507 1804 578 αὖτουργικδν.
1833 509 1958 564 ὅσον

375 589 643 657 γεωργῶν
665 607 722 643 τε
753 593 844 644 καὶ
875 595 1087 662 νομέων
1114 596 1210 649 καὶ
1241 598 1574 667 ξυμπάντων
1604 599 1712 653 τῶν
1738 601 1867 662 τοὺς
1895 602 1958 652 ὲκ

375 681 692 749 γῆς-αὐτῶν
718 685 789 736 δι’
815 686 997 740 αὐτῶν
1040 689 1421 759 ποριζομένων
1453 690 1701 761 καρπούς
1727 708 1740 722 ⁸
1769 692 1957 762 ἕτερον

373 774 429 828 δὲ
457 774 517 828 τὺ
546 775 758 854 τούτοις
789 776 858 832 αὖ
894 779 991 833 καὶ
1021 780 1096 850 τῷ
1125 780 1271 852 ἄλλῳ
1301 782 1512 846 πόλεως
1545 782 1743 854 πλήθει
1769 783 1955 836 διακο-

373 868 548 932 νικὸν,
594 853 722 923 ὅσον
746 871 1216 943 δημιουργητικόν
1258 892 1317 927 τε
1359 877 1454 928 καὶ
1499 853 1831 946 ἐμπορικὸν,
1863 877 1958 928 καὶ

374 961 681 1032 καπηλικὸν
710 963 899 1032 φῦλον,
953 963 1048 1019 καὶ
1077 968 1126 1018 εί
1156 965 1218 1037 δή
1251 985 1303 1021 τι
1332 969 1462 1022 ἀλλο
1503 968 1718 1031 τούτοις
1746 969 1957 1038 προσῆ-

374 1069 471 1103 κον
497 1067 513 1082 '
541 1053 893 1124 δημιουργῶν
925 1056 1025 1126 μὲν
1049 1057 1118 1110 τά
1147 1058 1220 1128 μὴ
1248 1059 1376 1112 ὂντα
1399 1061 1509 1112 τῶν
1541 1063 1749 1116 σκευῶν
1773 1055 1957 1134 ὧνπερ

373 1145 654 1215 ἄνθρωποι
703 1149 760 1213 ἑς
785 1149 879 1202 τὸν
926 1149 1040 1220 βίον
1071 1151 1302 1216 δέονται,
1338 1155 1394 1216 ὲς
1437 1154 1626 1207 οὐσίαν
1674 1156 1914 1224 ἀγόντων
1941 1173 1953 1186 ·

376 1237 641 1308 ἐμπόρων
667 1240 723 1292 δὲ
755 1241 822 1294 τὰ
867 1242 1234 1306 πλεονάζοντα
1262 1260 1320 1296 τε
1353 1245 1447 1297 καὶ
1493 1247 1809 1300 ἑλλείποντι
1839 1250 1957 1312 ταῖς

371 1326 582 1398 χώραις
633 1330 893 1394 ἑκάσταις
940 1333 1286 1386 ἀπισούντων
1330 1337 1396 1405 τῇ
1428 1337 1491 1388 ἑκ
1532 1335 1632 1402 τῆς
1681 1337 1873 1405 ἑτέρα-ς
1901 1339 1956 1400 ἐς

369 1417 468 1488 τὴν
503 1419 698 1490 ἑτέραν
721 1421 1092 1492 ’μετακομιδῇ.
1113 1423 1296 1476 αὐτῶν
1317 1425 1374 1487 ὲς
1402 1426 1501 1494 τὴν
1527 1427 1802 1480 διακονίαν
1831 1427 1958 1480 ταύ-

369 1527 468 1578 την
500 1514 950 1566 καταταττόντων
977 1515 1195 1580 αὐτοὺς,
1231 1516 1324 1569 Eius
1356 1518 1416 1569 οὐ
1447 1518 1819 1586 σχολαζόντων
1847 1521 1955 1572 τῶν

371 1598 715 1667 αὐτουργῶν,
765 1600 874 1654 ὑπὸ
916 1603 1012 1656 τοῦ
1042 1607 1153 1667 τοῖς
1199 1606 1383 1658 αὔτῶν
1426 1607 1720 1674 πράγμασι
1752 1611 1952 1678 προσέ-

2059 429 2115 473 et
2177 419 2416 474 maxime
2457 418 2828 474 necessarium
2873 427 2956 473 est
3013 427 3070 474 et
3125 415 3634 471 numerosissimnm

2062 509 2394 564 rusticorum
2419 525 2617 580 genus,
2639 509 3003 579 agricolarum
3027 507 3303 572 videlicet,
3323 513 3629 576 pastorum,

2059 599 2261 667 quique
2292 599 2386 653 alii
2433 611 2593 654 terra:
2648 599 2862 653 fructus
2893 598 3131 668 propriis
3169 599 3419 650 manibus
3487 595 3641 652 colli-

2059 701 2210 760 gunt.
2270 691 2518 746 Alterum
2549 701 2633 746 est
2687 691 2942 759 opiﬁcum
3002 705 3198 759 genus,
3245 699 3635 754 mercatorum,

2061 784 2378 839 institorum
2402 795 2456 838 et
2493 784 2754 840 similium
2776 783 2922 853 quod
2949 783 3144 853 primis
3166 783 3272 836 illis
3299 797 3363 837 ac
3415 783 3638 850 reliquas

2059 876 2267 930 civitati
2311 877 2542 931 inseruit
2568 873 2732 941 ;dum
2774 877 2997 945 opitices
3040 874 3264 943 quidem
3322 873 3637 944 supellecti-

2061 969 2166 1024 lem
2209 969 2465 1023 humanaa
2499 968 2626 1023 vita:
2666 968 3032 1022 necessariam
3067 968 3120 1020 in
3155 967 3394 1020 medium
3433 965 3635 1034 produ-

2060 1070 2210 1125 cunt,
2255 1071 2584 1114 mercatores
2617 1069 2796 1114 autem
2868 1075 2990 1129 qua:
3023 1059 3255 1128 singulis
3325 1057 3638 1125 regionibus

2060 1151 2145 1205 vel
2210 1151 2390 1206 desim
2415 1151 2498 1206 vel
2529 1151 2828 1220 supersint,
2857 1152 2922 1204 de
2956 1165 3062 1204 una
3097 1151 3152 1204 in
3209 1148 3370 1202 aliam
3404 1147 3638 1202 transfe-

2061 1242 2231 1295 rendo
2265 1251 2573 1311 exchuant,
2601 1252 2652 1295 et
2681 1241 2940 1310 quoniam
2973 1238 3060 1293 alii
3095 1238 3208 1294 suis
3233 1245 3499 1306 coguntur
3551 1250 3636 1289 re-

2061 1333 2162 1387 bus
2204 1348 2416 1396 vacare,
2449 1333 2555 1403 ipsi
2613 1333 2752 1388 hanc
2783 1331 3124 1401 provinciam
3157 1330 3488 1399 suspiciunt,
3551 1329 3636 1382 in-

2061 1425 2286 1479 stitores
2308 1424 2544 1492 denique
2582 1427 2646 1477 de
2692 1423 2918 1478 rusticis
2947 1423 3165 1492 quidem
3201 1422 3284 1475 vel
3317 1422 3637 1477 mercatori—

2064 1519 2167 1572 bus
2201 1527 2392 1573 emunt
2424 1519 2701 1579 universa,
2741 1516 3152 1586 requirentibus
3193 1526 3372 1570 autem
3409 1515 3640 1584 singulis

2062 1612 2501 1681 quandocunquc
2541 1619 2594 1664 ct
2626 1623 2954 1678 quocunque
2993 1607 3160 1660 velint
3183 1620 3410 1661 numero
3440 1606 3631 1660 diven-

369 1705 523 1758 χειν·
582 1691 847 1760 καπήλων
896 1692 974 1758 δὲ,
1029 1694 1178 1763 παρά
1236 1695 1336 1760 μὲν
1382 1670 1493 1747 τῶν
1543 1670 1866 1764 αύτουργῶν
1914 1699 1947 1768 ἦ

2072 1701 2214 1760 lunt.
2282 1698 2531 1753 norinulli
2593 1700 2757 1751 etiam
2819 1697 3067 1766 corporis
3132 1697 3273 1750 vires
3334 1695 3640 1758 elocantes.

369 1801 532 1836 τινων
561 1785 822 1855 ἐμπόρων
863 1785 1036 1856 ἀθρόα
1066 1787 1412 1856 ᾡνουμένων,
1444 1789 1650 1866 τῶν,δὲ
1681 1789 1953 1858 δεομένων

369 1877 622 1939 ἑκᾶστοις
653 1879 745 1929 ἑπὶ
777 1877 875 1946 τῆς
904 1879 1120 1948 χρείας,
1149 1879 1337 1942 ὁπότε,
1366 1881 1460 1933 καλ¹
1489 1881 1700 1932 ὁπόσων
1727 1881 1952 1946 δέοιντο,

2062 1809 2206 1849 nunc
2267 1794 2354 1848 his
2403 1808 2547 1847 nunc
2607 1792 2713 1848 illis
2748 1792 3115 1848 ministerium
3172 1791 3480 1846 exhibendo
3530 1791 3646 1846 vio-

2068 1886 2248 1940 litant.

369 1968 790 2039 ἀποδιδομένων.
840 1970 959 2023 Εἰσὶ
988 1971 1035 2024 δ’
1065 1970 1114 2024 οἳ
1153 1972 1246 2023 καὶ
1293 1971 1393 2042 τὴν
1439 1973 1528 2025 τοῦ
1587 1975 1837 2044 σώματος
1908 1975 2096 2049 ῥώμην
2158 1979 2534 2049 μισθούμενοι,
2580 1976 2957 2040 διακονοῦντες
3020 1977 3211 2032 ἄλλοτε
3281 1976 3485 2039 ἀλλοις,
3528 1978 3645 2032 δια-

371 2061 561 2126 ζῶσιν.

445 2154 509 2209 θ’.
556 2155 772 2209 Ἐπὶ·δὲ
819 2155 1031 2218 τούτοις
1083 2157 1144 2209 τὸ
1191 2157 1419 2228 ἀρχικὸν
1455 2159 1641 2227 φῦλον,
1691 2164 1956 2232 σωτήρων

371 2248 430 2300 τέ
459 2264 622 2300 τινων
648 2247 748 2316 τῆς
778 2247 908 2317 ὅλης
940 2248 1144 2312 πόλεως
1174 2251 1207 2320 ἦ
1240 2251 1431 2318 γένους
1465 2253 1580 2322 (45)
1608 2253 1640 2323 ἢ
1669 2255 1847 2321 γενῶν
1891 2255 1959 2306 ἂν

374 2338 518 2392 οὕτω
543 2339 684 2411 τύχῃ
730 2343 826 2394 καὶ
872 2341 1164 2409 φυλάκωνο
1214 2337 1290 2395 ὧν
1337 2349 1634 2413 κορυφαῖος
1673 2348 1771 2414 μὲν
1804 2347 1959 2415 βασι-

375 2431 523 2494 λεὺς,
556 2431 589 2502 ἦ
620 2449 706 2495 τις
747 2433 993 2503 ἡγεμὼν,
1030 2435 1149 2502 μεθ’
1175 2435 1234 2487 ὃν
1263 2435 1414 2488 ἄλλοι
1461 2436 1596 2489 ἄλλα
1624 2437 1958 2508 διειληφότες

373 2523 633 2594 γένουςῆ
682 2525 892 2590 πόλεως
947 2526 1110 2597 μέρη,
1155 2527 1515 2590 διασώζουσιν
1548 2529 1756 2584 ἕκαστα
1815 2530 1880 2584 ἄν
1910 2548 1960 2584 τι

381 2616 640 2686 γίγνηται
682 2618 795 2672 τῶν
837 2618 977 2672 κατὰ
1009 2620 1231 2686 τρόπον.
1293 2619 1446 2672 Ἐπεὶ
1479 2621 1586 2688 γὰρ
1641 2621 1736 2692 οὐχ
1766 2617 1876 2674 οἶόν
1902 2639 1962 2675 τε

379 2709 589 2772 πάντας
616 2709 942 2779 ἀνθρώπους
973 2711 1266 2780 πεισθῆναι
1311 2713 1385 2774 ώς
1415 2713 1474 2764 τδ
1512 2713 1625 2765 ἴσον
1655 2713 1761 2783 χρὴ
1794 2713 1958 2783 ἔχειν,

379 2805 474 2856 καὶ
511 2803 588 2874 μὴ
636 2804 1006 2871 πλεονεκτεῖν,
1059 2804 1198 2874 μηδὲ
1240 2807 1355 2868 τοῖς
1393 2804 1696 2877 ἀλλοτρίοις
1742 2808 1962 2863 ἐπιδου-

377 2897 556 2950 λεύειν
581 2912 596 2926 ⁸
630 2897 745 2950 ἀλλ’
772 2899 910 2950 είσὶν
935 2899 988 2952 οἳ
1015 2897 1109 2952 τοῢ
1137 2899 1458 2969 αὐτουργεῖν
1501 2901 1902 2970 ἀμελήσαντες,
1927 2903 1960 2972 ἥ

377 3009 498 3044 τινα
527 2990 696 3061 ἀλλην
727 2991 834 3044 τῶν
861 2993 917 3054 ἑς
969 2990 1063 3044 τὸν
1115 2989 1229 3060 βίον
1257 2991 1447 3060 χρείαν
1495 2992 1792 3057 συντελεῖν,
1841 2995 1952 3056 τοῖς

2136 2165 2192 2218 9.
2233 2164 2574 2219 Postremum
2612 2171 2696 2218 est
2743 2161 3053 2230 principum
3089 2175 3282 2229 genus,
3318 2160 3408 2230 qui
3441 2161 3524 2214 vel
3554 2175 3646 2214 nr-

2069 2255 2187 2308 bem
2221 2254 2302 2308 vel
2327 2263 2540 2324 gentem
2572 2262 2738 2307 tutam
2760 2263 3089 2307 conservant
3113 2260 3278 2321 atque
3299 2253 3642 2314 custodiunt.

2067 2357 2298 2413 quorum
2349 2353 2408 2398 ut
2457 2358 2748 2412 supremus
2801 2350 2885 2397 est
2919 2357 3032 2406 rex,
3073 2342 3144 2396 ita
3183 2351 3306 2410 post
3365 2343 3516 2397 illum
3552 2343 3642 2398 alii

2045 2436 2204 2514 alias
2236 2435 2390 2490 urbis
2431 2437 2511 2489 vel
2534 2435 2710 2504 gentis
2738 2435 2914 2490 sortiti
2951 2445 3134 2502 partes
3173 2434 3272 2487 rite
3294 2445 3643 2490 cnttservant.

2069 2528 2206 2582 Cum
2250 2527 2397 2581 enim
2437 2529 2539 2582 hoc
2571 2529 2830 2582 omnibus
2859 2529 3172 2597 persuaderi
3199 2540 3454 2598 nequeat,
3479 2529 3646 2596 aequi~

2069 2627 2236 2674 tatem
2264 2619 2474 2690 absque
2511 2620 2710 2689 injuria
2745 2622 3061 2677 sectandum
3094 2635 3238 2683 esse.
3275 2635 3374 2676 nec
3420 2620 3649 2674 tenden-

2066 2711 2164 2766 das
2206 2712 2528 2782 cujusquam
2559 2713 2719 2768 bouis
2776 2715 3005 2768 insidias
3035 2732 3050 2778 ;
3084 2713 3329 2769 nonnulli
3361 2722 3542 2768 autem
3561 2715 3646 2766 vel

2067 2803 2226 2873 primi
2278 2805 2364 2858 vel
2395 2804 2620 2859 secundi
2685 2805 2900 2874 generis
2926 2805 3142 2859 owissis
3196 2805 3455 2875 operibus
3505 2803 3644 2866 suis,

2065 2895 2295 2950 aliorum
2321 2894 2530 2950 inhient
2569 2895 2846 2950 laboribus
2878 2913 2893 2962 ;
2925 2907 3116 2950 contra
3142 2896 3242 2950 hos
3266 2895 3494 2950 instituti
3520 2904 3650 2950 sunt

2063 3002 2127 3040 ex
2153 2987 2345 3042 amicis
2374 2987 2591 3057 quidem
2610 2987 2826 3056 judiccs
2855 2997 2910 3042 et
2935 2987 3126 3056 reliqui
3165 2987 3432 3055 praefecti,
3452 3002 3518 3040 ex
3544 2987 3632 3040 iui-

380 3083 583 3154 ἑτέρων
617 3082 800 3144 πόνοις
829 3081 1172 3150 ἐπιφύονται.
1207 3081 1364 3135 Κατά
1389 3083 1452 3152 δὴ
1481 3081 1688 3136 τούτων
1715 3083 1949 3152 ἐτάχθη-

2072 3080 2214 3136 nicis
2243 3095 2370 3135 vero
2395 3080 2594 3136 milites
2617 3091 2672 3136 et
2707 3081 2900 3134 horum
2931 3081 3121 3142 duces,
3149 3080 3350 3148 quibus
3375 3094 3498 3133 cum
3530 3088 3649 3133 tan—

381 3189 506 3238 σαν,
538 3174 730 3241 φιλίων
757 3175 855 3242 μὲν
881 3173 1278 3244 νομιζομένων,
1301 3173 1556 3227 δικασταί
1578 3190 1660 3240 τε,
1689 3177 1781 3226 καὶ
1812 3173 1957 3226 ἄλλοι

380 3264 682 3334 ἄρχοντεςο
739 3266 1018 3336 πολεμίων
1071 3266 1152 3330 δὲ,
1201 3265 1530 3336 στρατιῶταί
1567 3282 1649 3328 τε,
1703 3266 1797 3320 καὶ
1845 3266 1960 3318 ὅσοι

382 3359 644 3428 ἄρχοντες
674 3358 904 3417 τούτων.
955 3354 1052 3421 Οἷς
1083 3358 1506 3428 ἀσχολουμένοις
1547 3357 1678 3428 περὶ
1716 3356 1816 3428 τὴν
1855 3357 1961 3409 τῶν

380 3450 516 3503 ὅλων
539 3449 810 3521 φυλακὴν,
840 3449 1031 3521 ἐπειδὴ
1052 3449 1322 3518 ἑτέρωθεν
1345 3449 1451 3502 ἑδει
1481 3450 1591 3502 τῶν
1611 3450 1961 3518 ἐπιτηδείων,

382 3543 541 3612 φόροι
582 3544 735 3611 παρά
771 3542 879 3596 τῶν
927 3541 1247 3610 αύτουργῶν
1282 3539 1518 3609 μάλιστα
1551 3541 1796 3595 ἑκάστων
1845 3543 1964 3596 ἑτα-

2066 3187 2222 3242 quam
2246 3172 2474 3244 publica:
2495 3175 2717 3228 intentis
2736 3173 2992 3228 custodian
3015 3173 3234 3228 aliunde
3253 3172 3646 3242 suppeditanda

2065 3274 2244 3321 essent
2312 3266 2642 3332 necessaria,
2707 3266 2910 3320 tributa
2962 3265 3184 3321 rusticis
3227 3265 3280 3318 in
3338 3264 3646 3319 dimensum

2068 3357 2411 3426 publicorum
2457 3359 2742 3413 custodum
2799 3359 3064 3428 imperata
3123 3370 3271 3420 sunt,
3309 3372 3522 3412 merces
3549 3372 3647 3427 pa-

2069 3450 2202 3504 riter
2256 3457 2310 3503 et
2343 3449 2626 3519 praemium
2670 3451 2928 3505 custodite
2951 3451 3155 3514 futtira.
3191 3460 3355 3519 atque
3398 3452 3512 3504 haec
3554 3448 3652 3503 tri-

2075 3544 2333 3599 butorum
2392 3553 2473 3599 est
2509 3543 2692 3614 origo.

378 3637 594 3706 χθησαν
644 3634 933 3706 φέρεσθαι,
980 3634 1196 3704 σίτησις
1243 3638 1358 3698 τοῖς
1391 3637 1592 3698 κοινοῖς
1640 3635 1841 3704 φύλαξι
1876 3642 1971 3688 καὶ
2009 3637 2201 3705 μισθός
2227 3654 2308 3699 τις
2341 3642 2435 3690 καὶ
2465 3639 2579 3708 ἅμα
2610 3639 2778 3708 γέρας
2800 3637 2900 3708 τῆς
2929 3638 3196 3707 φυλακῆς.
3230 3639 3340 3691 Καὶ
3395 3637 3535 3708 αὕτη
3585 3641 3649 3710 δὴ

383 3735 595 3804 γένεσις
635 3734 838 3804 φόρων.

457 3827 512 3882 ι’.
539 3827 722 3894 Τριῶν
755 3826 820 3898 δὴ
861 3827 1068 3882 τούτων
1096 3830 1264 3882 ὄντων
1292 3831 1349 3882 ἑν
1398 3829 1546 3881 πόλει
1577 3829 1686 3882 τῶν
1734 3829 1966 3900 πρώτων

384 3920 560 3988 γενῶν
584 3922 728 3974 κατά
755 3937 819 3988 γε
847 3921 1030 3988 φύσιν,
1063 3921 1152 3975 ἴδι’
1179 3923 1316 3976 ἅττα
1343 3923 1436 3973 καὶ
1459 3923 1528 3974 τὰ
1553 3920 1964 3991 ἐπιτηδεύματα

388 4013 480 4066 καὶ
503 4013 558 4066 αἱ
590 4012 818 4083 πράξεις
849 4013 1117 4072 ἑκάστων,
1152 4013 1246 4066 καὶ
1269 4016 1296 4064 ό
1323 4013 1613 4074 σπουδαῖος
1641 4014 1804 4081 τόμος
1835 4017 1966 4068 αὐτο

382 4102 532 4157 τοῦθ’
581 4104 744 4170 ὀριεῖ,
799 4103 868 4154 τὰ
897 4102 1064 4155 αὑτοῦ
1123 4101 1386 4170 πράττειν
1437 4101 1690 4163 ἑκαστον,
1737 4103 1833 4155 καὶ
1891 4103 1964 4170 μὴ

383 4194 750 4246 ἀπαλλάττειν
779 4193 924 4263 ἄλλῳ
953 4193 1100 4263 ἄλλῳ
1139 4194 1286 4262 γένει
1318 4193 1654 4262 ἐπιτήδευμα
1685 4193 1780 4246 καὶ
1823 4197 1962 4263 πρᾶο

386 4286 485 4351 ξιν.
531 4287 738 4340 Λύτίκα
783 4287 910 4348 τοὺς
965 4285 1235 4356 ἄρχοντας
1277 4285 1443 4355 μηδὲν
1498 4284 1605 4336 τῶν
1639 4285 1964 4338 διακονικῶν

383 4378 729 4449 ἐπιτηδεύειν
752 4395 766 4409 ·
799 4375 1190 4432 ἐναντιώτατον
1221 4376 1328 4445 γάρ
1363 4394 1464 4428 που
1504 4375 1748 4430 διακονία
1779 4379 1920 4447 ἀρχῇ
1951 4395 1964 4408 ο

382 4471 670 4524 διακονικὰ
721 4471 767 4524 δ’
800 4469 1235 4541 ἐπιτηδεύματα,
1291 4469 1428 4523 ἄλλα
1473 4486 1554 4531 τε,
1607 4469 1683 4532 ώς
1731 4469 1964 4538 ἔφαμεν,

2149 3815 2234 3878 ltl.
2279 3822 2412 3878 Cum
2453 3838 2614 3892 porro
2644 3823 2729 3876 via
2773 3824 2885 3876 lucc
2925 3821 3096 3889 prima
3135 3823 3246 3876 sint
3289 3823 3568 3877 hominum
3596 3824 3647 3876 in

2074 3919 2215 3970 urbi.r
2245 3928 2468 3981 genera.
2499 3914 2715 3982 propria
2751 3913 2998 3980 quazdam
3029 3913 3367 3980 singulorum
3398 3929 3522 3969 esse
3551 3914 3646 3967 de-

2074 4005 2204 4059 bent
2236 4004 2435 4069 cilicia,
2467 4019 2587 4072 qua:
2626 4003 2848 4072 quidem
2883 4005 3051 4070 proba
3091 4005 3176 4057 lex
3201 4005 3357 4058 obire
3380 4021 3652 4074 quemque

2066 4096 2249 4165 jubet,
2305 4109 2404 4149 nec
2462 4095 2604 4148 inter
2659 4111 2718 4148 se
2775 4093 3135 4147 confundere.
3171 4092 3458 4164 Principes
3489 4097 3651 4166 igitur

2073 4190 2280 4244 nullum
2317 4186 2550 4241 subeant
2579 4186 2965 4249 ministerium,
3005 4186 3450 4254 quandoquidem
3481 4187 3652 4255 impc—

2076 4281 2157 4336 rio
2191 4281 2427 4334 maxime
2450 4279 2787 4332 contrarium
2824 4289 2907 4332 est
2937 4277 3272 4332 ministrare.
3307 4277 3448 4332 Sunt
3470 4289 3648 4333 autem

2076 4375 2219 4427 inter
2251 4372 2555 4425 ministeria
2611 4387 2733 4424 cum
2762 4370 2890 4431 alia,
2925 4386 3044 4438 qua:
3083 4372 3482 4433 recensuimns.
3539 4383 3650 4425 tum

2077 4464 2346 4517 institorio
2385 4474 2434 4517 et
2483 4471 2810 4516 mercatura.
2859 4464 2927 4514 At
2987 4461 3286 4529 principem
3359 4462 3514 4530 jubet
3571 4463 3649 4515 lex

385 4564 480 4616 καὶ
521 4562 792 4632 ἑμπορεία
843 4579 903 4614 τε
951 4561 1048 4614 καὶ
1102 4561 1402 4625 καπηλεία.
1443 4562 1703 4632 ’ᾼρχοντι
1731 4561 1783 4613 δὲ
1823 4562 1849 4614 ὅ
1906 4579 1969 4628 γε

2081 4568 2186 4606 non
2224 4561 2588 4606 mercaturam
2631 4568 2732 4604 nec
2765 4550 3089 4604 institnriam
3125 4550 3326 4612 facere,
3374 4566 3475 4606 nec
3507 4553 3650 4606 aliud

387 4655 674 4718 σπουδαῖος
728 4655 889 4722 νόμος
944 4655 1086 4723 όριεί
1139 4652 1214 4723 μὴ
1271 4654 1478 4719 ἐξεῖναι
1534 4651 1963 4722 ἐμπορεύεσθαι,

390 4747 526 4816 μηδὲ
560 4746 918 4816 καπηλεύειν,
953 4745 1076 4815 μηδ’
1107 4745 1268 4798 ἄλλου
1304 4745 1531 4812 μηδενὸς
1559 4744 1826 4798 ἅπτεσθαι
1858 4746 1968 4798 τῶν

389 4838 777 4906 ἀνελευθέρων.
806 4835 947 4899 Τούς
977 4853 1035 4890 τε
1064 4835 1404 4906 στρατιώτας
1429 4836 1829 4904 ἀποκεκρίσθαι
1861 4838 1968 4890 τῶν

391 4928 622 4994 πολλῶν,
658 4928 751 4980 καὶ
785 4929 922 4990 ὅλως
967 4925 1096 4988 τοὺς
1140 4925 1414 4990 σώζοντας
1448 4925 1556 4978 τῶν
1602 4926 1930 4996 σωζομένων
1956 4944 1968 4958 ⁸

392 5021 488 5074 καὶ
517 5022 640 5083 τοὺς
669 5019 767 5090 μὲν
791 5019 1124 5089 ἀφειμένους
1151 5017 1353 5079 παντὸς
1381 5019 1547 5087 φόρον
1575 5018 1972 5086 στρατεύεσθαί

386 5129 448 5167 τε
472 5113 566 5166 καὶ
600 5110 1045 5182 προκινδυνεύειν
1078 5110 1188 5163 τῶν
1233 5109 1463 5171 πολλῶν,
1496 5110 1622 5171 τοὺς
1647 5109 1702 5162 δὲ
1741 5114 1851 5173 τοῖς
1879 5110 1974 5162 ab-

392 5205 501 5260 τῶν
529 5205 920 5274 προσέχοντας.
957 5203 1174 5265 ἱκανούς
1225 5221 1282 5257 τε
1327 5202 1385 5265 ἑς
1429 5202 1683 5271 δύναμιν,
1717 5205 1812 5257 καὶ
1855 5205 1972 5274 ἅμα

393 5299 456 5352 οὐ
492 5297 678 5369 βαρεῖς
704 5313 857 5360 τινας
888 5297 1076 5366 φέρειν
1108 5297 1234 5358 τοὺς
1267 5297 1486 5366 φόρους,
1532 5295 1748 5362 σίτησιν
1778 5298 1890 5349 toi:
1916 5313 1974 5348 τε

394 5388 752 5460 ἄρχουσικαὶ
803 5387 1150 5459 στρατιωτῶν
1196 5389 1308 5451 τοῖς
1365 5387 1576 5453 λογάσι.
1621 5385 1695 5439 Τὸ
1741 5387 1875 5438 πολὺ
1918 5388 1977 5439 δὲ

401 5484 498 5553 τῆς
533 5483 815 5552 στρατιᾶς,
860 5482 954 5534 καὶ
1002 5483 1062 5532 τὸ
1113 5480 1565 5547 ἀναγκαιότατον,
1613 5478 1882 5546 ὁμόφυλὸν
1923 5498 1978 5531 τε

2075 4645 2377 4715 quidquam
2416 4660 2521 4698 non
2559 4630 2781 4698 liberale
2835 4651 3089 4697 tractare.
3149 4641 3468 4699 Similitera
3499 4647 3656 4713 vulgo

2075 4748 2436 4792 secernantur
2471 4737 2689 4800 milites,
2718 4751 2781 4790 ac
2817 4745 3123 4790 servatores
3155 4750 3185 4788 a
3241 4735 3560 4800 servandis;
3606 4747 3657 4789 et

2078 4835 2153 4890 illi
2193 4832 2410 4901 quidem
2442 4830 2509 4883 ab
2536 4829 2687 4884 omni
2745 4828 3038 4883 collatione
3093 4829 3248 4884 liberi
3283 4829 3535 4892 militent,
3592 4845 3654 4882 ac

2078 4925 2337 4998 populum
2377 4931 2633 4976 tueantur
2663 4937 2679 4979 :
2715 4920 2768 4974 hi
2795 4935 2923 4974 vero
2959 4935 3088 4974 snas
3121 4935 3208 4973 res
3238 4931 3460 4989 agentes
3482 4921 3654 4973 idonei

2077 5027 2204 5074 sunt
2230 5013 2510 5085 regnando
2538 5027 2636 5068 nec
2665 5013 2846 5080 gravia
2873 5013 3072 5066 trilmta
3106 5013 3406 5081 principum
3441 5022 3494 5066 ct
3517 5013 3660 5066 mili-

2083 5110 2228 5165 tibus
2263 5107 2593 5161 nutrimenta
2639 5105 2898 5173 pendunt.
2933 5103 3104 5172 Major
3144 5118 3272 5158 vero
3306 5119 3430 5171 pars
3451 5121 3660 5160 exercr-

2085 5209 2169 5252 Ius
2207 5206 2260 5251 et
2291 5195 2465 5265 potior
2495 5194 2694 5249 civium
2730 5193 2824 5256 sit,
2853 5208 2916 5245 ac
2943 5192 3402 5256 domesticorum.
3426 5211 3531 5249 non
3564 5213 3658 5264 pe~

2087 5290 2454 5360 regrinorum,
2521 5285 2786 5354 siquidem
2847 5299 2971 5338 raro
3025 5281 3146 5338 lidei
3212 5294 3340 5338 sunt
3392 5287 3659 5356 peregrini

2090 5382 2382 5450 multisque
2418 5377 2819 5432 mutationibus
2853 5375 3122 5428 interdum
3162 5391 3258 5444 pro
3289 5380 3574 5430 servatori!
3602 5397 3664 5433 ηδ

2090 5487 2252 5545 atque
2285 5472 2606 5528 custodibus
2641 5469 2828 5524 hostes
2862 5467 3161 5532 CXBialUIll,
3199 5467 3488 5526 titllllt'Slitji
3535 5490 3666 5528 v9.3

474 5645 588 5715 (45)
619 5647 852 5702 Πόλεως
881 5644 912 5701 ἱ)
947 5646 1176 5714 γένευς.
1242 5644 1356 5701 Vill.
1398 5645 1529 5702 Plat.
1559 5648 1596 5702 Ι.
1631 5647 1660 5698 V
1737 5644 1796 5698 'Ic
1827 5643 2128 5711 [irpuhlttm
