3828 6180
283 270 400 336 853

1102 285 1200 345 DE
1237 289 1498 347 liEBUS
1542 290 2241 354 l"EI.Ol‘0N.\'ESIAClS
2291 295 2576 354 ORATIO
2619 295 2696 354 ll.

3439 290 3544 356 854

289 405 419 454 ρων,
468 406 603 459 προς
631 393 786 458 λόγον
824 396 932 448 αἰεὶ
963 397 1071 450 τῶν
1101 401 1384 468 δυνάμεων
1429 405 1704 473 φερόντων
1737 408 1867 459 ὲκὲς-

1985 409 2122 462 Λίσο
2185 411 2552 464 utiliSsiumm.
2583 414 2710 477 Qua:
2751 426 2911 480 porro
2934 411 3160 479 a‘quitas
3219 410 3306 463 hic
3357 425 3452 478 pro
3485 425 3545 464 re

286 491 464 529 στωνο
527 478 658 534 ὥστ’
710 483 777 537 ἂν
832 486 928 538 καὶ
991 489 1282 558 κράτιστος
1333 493 1416 560 είή
1475 493 1654 561 φόρων
1708 496 1861 561 οὗτος

1977 501 2148 554 locum
2183 501 2399 566 habeat,
2450 502 2719 556 hinclicet
2745 501 3193 554 animadvertere.

287 574 618 643 κουφότατδς
643 595 700 630 τε
733 577 834 640 ὧν.
874 580 949 643 ὡς
976 583 1206 650 ἔφαμεν,
1245 585 1338 636 καὶ
1377 586 1747 655 ὀμαλώτατος,
1818 591 2265 656 λυσιτελέστατος
2312 613 2369 646 τε
2423 597 2534 656 τοῖς
2603 596 2803 656 κοινοῖς
2857 597 2920 663 τῇ
2997 593 3310 662 δικαιοτάτῃ
3387 592 3550 664 μοίρᾳ

286 666 771 736 εἰσπραττόμενος.
799 669 961 732 "liti;
983 670 1028 722 δ’
1056 673 1121 724 ἂν
1148 672 1464 744 δικαιοτάτη
1494 677 1704 743 γένοιτο
1725 680 1870 733 κατὰ
1907 681 2064 749 λόγον
2097 685 2282 751 μοῖρα.
2315 683 2525 736 ἐνθένδε
2567 682 2684 735 ἔστι
2713 682 3053 750 λογίσασθαι.

359 791 451 851 ιγ’.
488 785 616 849 Τοῖς
647 788 718 841 ὲκ
756 792 860 858 γῆς
900 795 1137 861 καρποῖς
1176 793 1346 860 τριῶν
1380 795 1462 847 δεῖ
1491 795 1698 850 τούτων
1729 797 1867 866 πρὸς

286 877 385 946 τὴν
413 878 608 945 φορὰν,
661 882 949 951 ἐργασίας,
997 884 1107 936 τῶν
1136 886 1328 952 τελῶν,
1387 889 1455 940 δι’
1481 880 1666 958 ὧνπερ
1697 891 1866 960 ὲργάυ

287 983 470 1021 σονται
492 969 542 1022 oi
567 970 951 1041 ἐργασάμενοι,
979 974 1139 1043 βοῶν,
1165 978 1446 1046 ἀμπέλων.
1479 979 1862 1049 βοσκημάτων,

287 1061 381 1111 καὶ
410 1061 518 1112 τῶν
550 1061 727 1115 ἄλλων
755 1064 864 1117 τῶν
895 1070 1348 1137 τοιουτοτρόπων,
1387 1073 1480 1124 καὶ
1519 1072 1620 1136 τῆς
1654 1073 1863 1127 τούτων

287 1148 555 1219 φυλακῆς.
586 1150 750 1206 Ὥστε
791 1155 888 1207 καὶ
930 1159 1112 1225 τρισὶν
1144 1158 1212 1212 ἂν
1262 1162 1591 1230 προσήκοιεν
1632 1163 1774 1216 κατὰ
1805 1165 1864 1216 τὸ

286 1241 517 1307 δίκαιον,
546 1246 663 1307 τοῖς
704 1248 1115 1316 ἐργαζομένοις,
1149 1253 1263 1314 τοῖς
1296 1253 1363 1304 τὰ
1393 1255 1520 1320 τέλη
1555 1255 1865 1326 παρεχομέ-

288 1352 400 1398 νοις
430 1338 546 1400 τοῖς
601 1337 804 1407 ἔργοις,
858 1343 950 1392 καὶ
1005 1342 1211 1411 τρίτοις
1261 1346 1371 1405 τοῖς
1417 1345 1614 1413 φύλαξί
1665 1363 1724 1398 τε
1758 1347 1866 1398 τῶν

287 1426 426 1479 όλων
457 1429 550 1481 καὶ
582 1432 876 1499 σωτῆρσιν.
911 1430 1005 1494 οὓς
1039 1432 1298 1502 βασιλέας
1337 1453 1395 1488 τε
1447 1439 1538 1489 καὶ
1569 1438 1863 1506 ἡγεμόνας,

290 1519 496 1584 ἄλλους
518 1539 578 1574 τε
633 1523 904 1592 ἄρχοντας
935 1526 1162 1594 ἔφαμεν.
1204 1529 1342 1591 Τοὺς
1393 1528 1485 1582 οὖν
1531 1530 1867 1598 αὐτουργοὺς

289 1612 417 1676 τοὺς
457 1613 679 1676 οἰκείοις
729 1619 842 1679 τοῖς
885 1619 1098 1671 τέλεσιν
1145 1620 1568 1688 ἐργαζομένους,
1616 1621 1866 1686 ἐξουσίας

288 1704 454 1773 οῦσης
488 1706 673 1774 σφίσιν
699 1709 805 1778 ὅπη
852 1727 910 1761 τε
940 1710 1043 1778 γῆς
1073 1716 1166 1762 καί
1199 1713 1345 1774 ὅπως
1386 1710 1663 1778 βούλοιντο
1696 1711 1866 1781 ὲργά·

2043 801 2126 854 l5.
2154 798 2334 854 Terrze
2358 800 2566 855 fruetus
2586 801 2683 854 tria
2708 801 3048 869 potissimum
3085 800 3392 867 requirunt,
3419 816 3551 868 ope—

1969 906 2082 955 ras,
2107 899 2355 958 sumplus
2374 891 2555 959 operis
2583 890 2922 959 praebendos,
2941 900 2998 946 ut
3024 891 3209 953 boves.
3230 891 3436 954 vineas,
3461 907 3552 944 ar-

1970 993 2149 1038 menta
2183 995 2238 1037 et
2284 984 2578 1047 similia,et
2621 985 2815 1037 horqu
2854 983 3180 1042 custodiam.
3221 993 3553 1052 quapmpter

1968 1076 2127 1129 etiam
2149 1076 2326 1130 tribus
2351 1076 2473 1145 jure
2495 1076 2782 1137 debentur,
2803 1075 3009 1145 operis,
3031 1085 3346 1144 sumptuum
3369 1075 3552 1127 domi—

1970 1169 2076 1231 nis,
2095 1182 2159 1221 ac
2191 1168 2426 1237 denique
2443 1167 2758 1222 custodibus
2775 1167 3149 1221 universorum
3171 1176 3224 1219 et
3258 1165 3553 1220 servatori-

1971 1260 2074 1313 bus
2095 1275 2232 1327 quos
2271 1259 2769 1328 reges,-priueipes,
2807 1259 3055 1327 aliosque
3088 1258 3370 1326 przelectos
3415 1259 3554 1310 dixi-

1971 1367 2114 1406 mus.
2140 1350 2347 1406 Rustici
2374 1366 2504 1417 ergo
2535 1351 2768 1419 quisuis
2798 1352 3047 1406 laborant
3084 1351 3408 1419 sumptibus,
3431 1365 3553 1402 eum

1973 1444 2131 1496 liceat
2163 1443 2296 1512 ipsis
2329 1458 2656 1512 quocunque
2683 1443 2803 1497 loco
2836 1443 3255 1508 terramquovis
3287 1454 3443 1508 pacto
3464 1455 3558 1492 ee-

1977 1534 2104 1597 lere,
2157 1535 2366 1588 duabus
2404 1533 2648 1589 fruentes
2687 1534 3137 1603 partibus,altera
3165 1535 3366 1603 operis,
3391 1534 3554 1587 altera

1973 1624 2280 1692 sumptibus
2326 1625 2529 1687 debita,
2560 1626 2772 1678 tertiam
2813 1625 3122 1692 reipublicae
3147 1633 3200 1678 et
3237 1626 3554 1679 custodibus

1975 1710 2354 1764 universorum
2391 1700 2690 1779 praestent,
2727 1713 2874 1764 omni
2932 1712 3036 1765 alia
3083 1714 3373 1767 collatione
3419 1732 3556 1783 qua-

289 1799 502 1866 ζεσθαι,
532 1799 754 1871 ἔχοντας
777 1803 874 1864 τὰς
897 1804 993 1856 δύο
1027 1805 1244 1873 μοίρας,
1274 1805 1370 1874 τὴν
1399 1806 1500 1874 μὲν
1529 1808 1594 1875 τῇ
1629 1804 1864 1874 ἐργασίᾳ

1985 1816 2190 1872 :unque
2238 1803 2494 1872 omnique
2522 1801 2827 1856 ministerio
2849 1812 3124 1866 vacantes,
3157 1814 3319 1872 atque
3351 1806 3455 1860 hoc
3489 1812 3559 1860 sit

290 1893 699 1960 προσήκουσαν,
754 1895 854 1963 τὴν
911 1896 968 1947 δὲ
1014 1898 1128 1957 τοῖς
1180 1895 1372 1958 τέλεσι,
1421 1897 1520 1962 τὴν
1566 1897 1758 1966 τρίτην
1789 1895 1867 1964 τῷ

287 1979 536 2051 δημοσίῳ
575 2001 634 2035 τε
689 1987 781 2036 καὶ
814 1987 927 2047 τοῖς
964 1985 1062 2053 τὴν
1092 1985 1340 2052 φυλακὴν
1380 1985 1486 2037 τῶν
1524 1986 1663 2038 ὅλων
1692 1988 1874 2038 ἐπιτε-

289 2074 629 2141 τραμμένοις
671 2077 994 2144 ἁποξέρειν,
1035 2077 1256 2145 ἁπάσης
1300 2077 1466 2146 ἄλλης
1505 2079 1764 2147 εἰσφορᾶς
1791 2078 1875 2130 ὅτι

1963 1893 2328 1961 iustissimum
2392 1894 2678 1958 tributum,
2713 1896 2999 1964 praemium
3059 1895 3221 1949 simul
3249 1910 3312 1949 ac
3353 1898 3559 1948 dimen—

1973 2001 2092 2040 sum
2153 1985 2387 2054 publicis
2440 1985 2709 2040 ministris
2763 1985 3036 2041 futurum.
3086 1985 3162 2041 Ac
3212 1986 3280 2040 dc
3341 1988 3558 2041 tributis

1982 2077 2201 2145 quidem
2263 2079 2550 2133 hactenus.

292 2164 369 2232 μὴ
409 2166 578 2231 ἀξίας
629 2169 791 2236 λόγου
845 2171 941 2223 καὶ
971 2169 1319 2239 λειτουργίας
1374 2171 1725 2239 ἀφειμένους.
1761 2170 1872 2223 Καὶ
1909 2169 2099 2222 τοῦτον
2131 2170 2477 2223 δικαιότατον
2508 2171 2798 2236 γίγνεσθαι
2829 2171 3019 2242 φόρον,
3053 2171 3222 2242 γέρας
3285 2189 3341 2224 τε
3407 2172 3558 2237 ἄξιον

292 2262 384 2312 καὶ
439 2259 653 2328 σίτησιν
693 2262 811 2332 ἅμα
839 2265 952 2325 τοῖς
1001 2263 1232 2316 ἐπὶτῶν
1273 2265 1472 2316 κοινῶν
1517 2263 1874 2333 τεταγμένοις
1912 2262 2286 2334 λειτουργιῶν.
2330 2264 2436 2317 Καὶ
2464 2265 2594 2334 περὶ
2623 2267 2724 2334 μὲν
2754 2267 2936 2334 φόρων
2979 2265 3236 2318 τοσαῦτα.

365 2374 450 2428 ιδ’.
485 2374 596 2446 Τὴν
627 2376 683 2428 δὲ
724 2375 819 2427 τοῦ
853 2377 970 2446 βίου
1003 2376 1214 2431 δίαιταν
1249 2381 1363 2441 τοῖς
1416 2396 1474 2430 τε
1515 2377 1697 2436 ἄλλοις
1728 2377 1880 2429 πολί-

291 2483 439 2529 ταις,
465 2467 561 2518 καὶ
595 2467 831 2535 μάλιστα
877 2469 1127 2537 ἄρχουσι,
1163 2470 1237 2538 μὴ
1285 2468 1575 2537 πολυτελῆ,
1609 2469 1745 2522 ἀλλὰ
1779 2485 1877 2532 μεο

291 2559 450 2627 τρίαν
485 2554 622 2612 εἶναι
653 2577 665 2590 '
719 2561 948 2624 ξενικῶν
979 2560 1078 2628 μὲν
1118 2561 1364 2629 ἐσθήτων
1403 2561 1578 2614 ἄλλων
1629 2562 1875 2627 ματαίων

295 2650 391 2702 καὶ
421 2652 719 2719 ἀνωφελῶν
743 2651 1091 2720 ὀλιγωροῦσι,
1118 2652 1256 2722 πρὸς
1285 2653 1340 2704 δὲ
1365 2653 1456 2704 τδν
1483 2652 1715 2720 πόλεμον
1743 2653 1876 2704 πᾶσι

293 2745 668 2811 τεταγμένοις,
696 2744 789 2795 καὶ
815 2745 913 2805 τὰς
943 2743 1179 2797 ἐνταῦθα
1206 2744 1479 2812 φερούσας
1507 2744 1874 2813 θεραπεύουσι

295 2833 678 2899 παρασκευὰς,
727 2832 792 2892 ἃς
826 2833 1039 2902 ἀνάγκη
1081 2833 1365 2902 μειοῦσθαί
1414 2851 1472 2885 τε
1528 2835 1621 2887 καὶ
1652 2833 1877 2886 ἀσθενει

297 2922 506 2992 στέρως
544 2923 740 2992 ῐσχειν,
779 2924 974 2976 ἄλλοσέ
1012 2940 1088 2994 πη
1147 2926 1589 2995 ὲξαναλουμένων
1631 2924 1738 2976 τῶν
1784 2926 1877 2977 δα-

294 3015 503 3068 πανῶν.
555 3017 700 3078 Τοὺς
751 3015 816 3068 ὲκ
861 3016 962 3083 τῆς
1017 3016 1198 3087 χώρας
1247 3020 1492 3086 καρποὺς
1543 3018 1618 3086 μὴ
1677 3017 1876 3081 ἐξεῖναι

295 3107 535 3173 ἐξάγειν,
567 3107 675 3175 ὅπη
722 3124 778 3159 τε
811 3108 904 3160 καὶ
935 3107 1085 3168 ὅπως
1115 3125 1203 3170 τις
1248 3107 1508 3177 βούλοιτο,
1545 3109 1664 3160 ἀλλ’
1699 3107 1732 3176 ἢ
1783 3107 1876 3159 ἐπὶ

292 3201 362 3269 τῇ
393 3199 622 3270 ἡμισείᾳ
656 3199 792 3268 πρός
834 3214 897 3266 γε
932 3197 1256 3256 ἐνσπόνδους
1288 3198 1395 3249 τῶν
1431 3199 1596 3263 ξένων
1627 3198 1719 3250 τὸν
1750 3197 1874 3266 βου-

294 3290 523 3360 λόμενον
551 3291 788 3357 ἐξάγειν,
818 3291 895 3351 ὡς
923 3290 1022 3342 οὐκ
1065 3289 1132 3342 ἂν
1161 3290 1337 3352 ἄλλως
1381 3290 1872 3359 ἐξαχθησομένους,

296 3383 329 3454 ἢ
365 3383 413 3434 εί
447 3384 528 3434 ιν·
555 3383 629 3450 μὴ
665 3383 839 3452 μείονι
872 3382 905 3450 ἢ
962 3381 1224 3452 διπλασία⁵
1264 3380 1446 3451 χρείᾳ,
1488 3383 1536 3433 εἰ
1575 3380 1715 3444 ξένοι
1767 3376 1878 3432 εἷεν

295 3475 408 3526 τῶν
440 3474 694 3528 πολιτῶν.
737 3474 969 3544 Σιδήρου
999 3473 1056 3525 δὲ
1100 3473 1289 3542 μόνου,
1327 3473 1423 3525 καλ⁸
1469 3473 1668 3532 ὃπλων,
1709 3474 1800 3525 καὶ
1829 3476 1877 3524 εί

296 3567 364 3636 δή
393 3585 445 3620 τι
485 3566 618 3622 ἄλλο
644 3567 754 3620 τῶν
785 3567 1258 3634 ἀναγκαιοτάτων,
1295 3565 1714 3634 ἀλλαττόμενον,
1743 3562 1878 3628 ἐξεῖ-

299 3677 388 3712 ναι
421 3659 639 3727 ἐξάγειν
671 3659 748 3729 μὴ
780 3658 1040 3712 τελοῦντα
1075 3659 1198 3728 μηδ’
1227 3657 1426 3711 ὁτιοῦν.
1458 3657 1772 3725 Νομίσματι
1805 3656 1879 3724 μὴ

297 3750 638 3820 εὐδιαφθόρῳ
666 3751 924 3821 χρῆσθαι,
960 3750 1095 3819 μηδὲ
1131 3750 1348 3819 ξενικῷ,
1386 3750 1418 3820 ἢ
1451 3751 1627 3803 δοκεῖν
1657 3751 1724 3802 ἂν
1778 3766 1874 3801 πο-

298 3845 441 3915 νηρᾷ
475 3846 568 3897 καὶ
600 3844 858 3914 ἀλλοτρίᾳ
911 3838 1151 3912 χρῆσθαι
1202 3843 1296 3895 καὶ
1328 3845 1394 3911 τῇ
1436 3843 1703 3912 πολιτεία.
1741 3841 1877 3894 Οἰιδὲ

299 3937 410 4005 γὰρ
439 3935 646 4001 φαῦλον
677 3936 756 3998 είς
787 3953 848 4001 γε
886 3927 1165 3996 πολιτείας
1195 3934 1354 3997 λόγον
1388 3935 1555 4003 μέρος
1587 3933 1652 3985 ἂν
1683 3934 1778 3984 καὶ
1816 3933 1876 3984 τὸ

298 4030 542 4097 νόμισμα
576 4027 1002 4098 ξυμϐάλλεσθαι.
1035 4027 1146 4088 Τὰς
1182 4024 1384 4094 ζημίας
1422 4026 1496 4093 μὴ
1549 4024 1874 4086 ἀλλοκότους

301 4124 438 4193 μηδὲ
469 4123 812 4193 βαρϐαρικὰς
835 4121 1110 4173 ποιεῖσθαι
1141 4120 1247 4172 τῶν
1277 4117 1761 4187 ἐξαμαρτανόντων
1787 4118 1874 4186 εἴη

296 4216 413 4276 τοῖς
447 4213 866 4282 ἁμαρτήμασιν,
897 4210 1038 4262 ὥστε
1070 4210 1164 4261 καὶ
1192 4207 1635 4275 κεκολασμένως
1673 4207 1873 4273 ἣκιστα

2060 2379 2146 2433 14.
2182 2377 2407 2432 Vivendi
2441 2394 2604 2448 porro
2635 2381 2777 2433 ratio
2809 2394 2932 2434 cum
2989 2379 3318 2446 reliquorum
3353 2381 3554 2433 civium

1985 2479 2098 2524 tum
2133 2470 2514 2540 praefectorum
2551 2471 2786 2525 maxime
2815 2486 2921 2525 non
2945 2481 3286 2541 sumptuosa,
3313 2473 3406 2526 sed
3441 2489 3557 2525 mn-

1985 2562 2172 2616 derata
2204 2561 2295 2628 sit,
2330 2564 2410 2616 sic
2443 2574 2496 2617 ut
2532 2563 2853 2631 peregrinas
2890 2564 3106 2631 quidem
3144 2572 3324 2617 vestes
3379 2575 3433 2617 et
3461 2580 3560 2616 uu-

1985 2667 2084 2720 gas
2113 2651 2249 2706 alias
2285 2653 2578 2722 negligent,
2621 2651 2688 2705 ad
2729 2652 2931 2706 bellum
2974 2660 3156 2706 autem
3197 2653 3307 2707 sint
3366 2668 3557 2706 omnes

1985 2743 2303 2810 compositi,
2334 2743 2540 2812 quique
2564 2742 2668 2795 huc
2691 2747 2962 2812 pertinent
2989 2754 3302 2812 apparatus,
3329 2744 3558 2811 diligen-

1985 2847 2068 2891 ter
2121 2845 2437 2906 procurent,
2479 2852 2618 2906 quos
2661 2836 2907 2904 quidem,
2969 2853 3092 2890 cum
3133 2837 3240 2889 alio
3307 2845 3558 2901 sumptus

1981 2930 2410 2990 transferuntur,
2467 2931 2696 2982 diininui
2765 2938 2983 2996 oportet
3040 2944 3102 2981 ac
3143 2928 3334 2981 deteri.
3375 2927 3557 2979 Terra:

1978 3023 2190 3076 fructus
2230 3020 2434 3075 nemini
2472 3023 2651 3084 liceat,
2687 3035 3017 3090 quocunque
3057 3019 3205 3082 velit,
3283 3019 3386 3071 nisi
3425 3018 3558 3070 alte-

1979 3127 2092 3166 ram
2130 3121 2334 3182 partem
2371 3127 2467 3180 pro
2496 3112 2742 3182 vectigali
2775 3112 2996 3180 pendat,
3055 3113 3310 3173 evehere,
3347 3108 3412 3162 ad
3462 3125 3553 3161 so-

1978 3205 2091 3260 cius
2130 3203 2345 3272 quidem
2377 3204 2606 3256 evehere
2633 3203 2789 3255 liceat
2824 3219 2840 3263 ;
2875 3201 2956 3253 sin
2983 3199 3106 3269 quis
3136 3197 3298 3257 ferro,
3343 3197 3424 3249 vel
3461 3211 3554 3250 ar-

1989 3297 2122 3361 mis,
2148 3297 2226 3350 vel
2253 3295 2356 3348 alia
2391 3311 2448 3349 rc
2478 3295 2784 3349 necessaria
2817 3293 2944 3346 velit
2977 3301 3213 3351 mutare.
3253 3289 3400 3342 nihil
3425 3302 3559 3356 pen-

1985 3389 2096 3441 dat.
2127 3387 2339 3442 Moneta
2368 3401 2468 3440 nec
2505 3385 2751 3453 improba
2778 3399 2879 3437 nec
2913 3382 3197 3452 peregrina
3223 3389 3466 3444 utamur,
3491 3393 3558 3430 ne

1987 3482 2266 3533 vieleatnur
2316 3480 2478 3532 etiam
2531 3493 2697 3547 prava
2753 3488 2805 3531 et
2874 3478 3052 3530 aliena
3119 3474 3197 3528 uti
3253 3472 3558 3541 republica,

1984 3570 2250 3639 siquidem
2309 3585 2416 3625 non
2478 3586 2702 3637 parvum
2765 3570 2816 3622 in
2884 3567 3162 3636 republica
3224 3573 3558 3618 momentum

1986 3661 2149 3714 habet
2187 3670 2416 3714 moneta:
2473 3659 2634 3714 ratio.
2703 3659 2900 3713 Sontes
2950 3672 3015 3711 ac
3070 3655 3356 3709 barbarico
3408 3668 3560 3705 more

1985 3751 2278 3804 inultentur
2333 3760 2390 3803 ut
2448 3759 2570 3818 post
2620 3748 2843 3801 multam
2925 3745 3212 3798 minimum
3303 3742 3561 3806 deinceps

1985 3850 2207 3910 peccent
2234 3859 2248 3907 ;
2290 3857 2414 3895 nam
2449 3841 2540 3909 qui
2599 3841 2848 3894 ridentur
2877 3839 3205 3893 insanabiles
3228 3853 3350 3892 esse
3376 3854 3467 3890 eos
3496 3839 3561 3887 de

1986 3933 2166 3986 medio
2184 3931 2751 4000 praestatauferemes,
2784 3929 3022 3982 animam
3055 3929 3556 3995 corporeliberare.

1984 4041 2092 4093 quo
2135 4040 2243 4077 non
2309 4033 2451 4076 recte
2512 4023 2658 4076 novit
2714 4021 2813 4084 uti,
2844 4033 3005 4087 quam
3054 4018 3174 4071 illos
3226 4017 3556 4076 umtilantes,

1984 4115 2126 4168 hanc
2151 4123 2263 4168 tum
2295 4112 2512 4180 corpori
2553 4112 2744 4164 mutilo
2775 4107 3156 4178 atqueinuttli,
3190 4117 3300 4160 tmn
3339 4107 3559 4164 reliquae

1983 4205 2195 4260 civitati
2231 4205 2475 4274 alligare.

300 4308 369 4362 ἂν
407 4289 811 4374 ἐξαμαρτάνειν
842 4300 938 4355 τοῦ
964 4299 1176 4353 λοιποῦ.
1221 4299 1375 4352 Ἐπεὶ
1417 4299 1508 4350 τόν
1539 4314 1603 4362 γε
1642 4297 1876 4360 ἀνιάτοις
1915 4294 2347 4366 ἔχεινδοκοῦντα
2377 4293 2510 4346 πολὺ
2571 4291 2788 4344 κάλλιον
2850 4289 3290 4342 ἁπαλλάττοντας
3319 4284 3412 4338 τοῦ
3443 4283 3560 4351 βίον

299 4401 592 4469 ἐλευθέραν
618 4399 834 4470 ἀφιέναι
863 4398 963 4466 τὴν
986 4395 1166 4465 ψυχὴν
1201 4396 1476 4463 σώματος,
1506 4387 1548 4460 ᾧ
1581 4397 1656 4462 μὴ
1701 4395 1880 4455 καλῶς
1919 4393 2034 4461 ᾔδει
2066 4390 2391 4461 κεχρῆσθαι,
2425 4389 2457 4459 ἢ
2493 4389 2851 4456 λωὸωμένους
2899 4384 3166 4452 ἀναπήρῳ
3232 4383 3326 4434 καὶ
3390 4380 3558 4448 ἁχρήε

302 4513 415 4565 στῳ
445 4495 660 4565 σώματι
689 4490 838 4559 αὐτῷ
886 4507 943 4542 τε
969 4490 1064 4542 καὶ
1087 4493 1151 4559 τῇ
1178 4488 1314 4559 ἄλλῃ
1355 4488 1508 4540 πόλει
1540 4488 1873 4555 ἀναγκάζειν
1911 4483 2238 4546 ἐνδεδέσθαι.

375 4612 455 4667 ιε’.
489 4613 601 4665 Καὶ
645 4606 920 4668 πολιτείας
955 4606 1054 4674 μὲν
1102 4606 1396 4666 σπουδαίας
1434 4606 1588 4672 νόμοι
1637 4603 1784 4656 οὗτοί
1817 4620 1874 4652 τε
1912 4605 1952 4657 D

301 4706 396 4760 καὶ
422 4704 655 4758 τοιοῦτοι
682 4702 880 4764 ἓτεοοι,
913 4703 1005 4751 καὶ
1053 4698 1270 4764 μείζους
1302 4699 1396 4749 καὶ
1444 4695 1700 4757 ἐλάττους
1726 4710 1740 4724 ο
1769 4687 1875 4746 ὧν-

300 4817 405 4865 περ
441 4810 734 4864 κεφαλαιον
776 4792 1038 4844 απάντων
1072 4792 1198 4856 περὶ
1241 4789 1338 4855 τὴν
1379 4787 1473 4839 τοῦ
1519 4787 1661 4839 θείου
1721 4787 1876 4850 δόξαν

296 4887 640 4960 ἠκριϐῶσθαι
661 4884 929 4950 καὶκοινῇ
954 4883 1047 4934 καί⁵
1079 4882 1184 4950 ἰδίᾳ
1207 4881 1340 4950 (όὸ),
1369 4879 1604 4947 μάλιστα
1626 4879 1670 4930 δ’
1697 4881 1874 4930 ἐκεῖνα

296 4982 427 5049 τρία.
474 4995 533 5028 τε
565 4978 658 5030 καὶ
709 4975 1024 5040 κυριώτατα
1052 4987 1064 4998 ·
1105 4971 1162 5022 ἓν
1203 4971 1321 5038 μὲν,
1373 4964 1513 5020 εἷναί
1543 4984 1594 5020 τι
1630 4967 1770 5020 θεῖον
1819 4969 1877 5018 ὲν

297 5079 410 5138 τοῖς
439 5069 562 5127 οὖσι
600 5071 945 5143 προῦχουσάν
993 5085 1111 5120 τινα
1141 5067 1248 5118 τῶν
1276 5066 1415 5118 ὅλων
1441 5064 1631 5118 οὐσίαν
1651 5082 1664 5094 ·
1697 5063 1881 5115 δεύτε-

302 5183 393 5235 ρον
446 5164 508 5216 τὸ
541 5163 683 5214 θεῖον
721 5160 878 5212 τοῦτο
908 5160 1002 5211 καὶ
1047 5157 1309 5224 ἐπιμελὲς
1352 5152 1494 5208 εἶναι
1550 5153 1877 5222 ἀνθρώπων.

301 5257 520 5311 ἆτταντά
544 5272 602 5307 τε
633 5255 701 5307 τα
733 5252 1048 5322 ἀνθρώπεια
1085 5249 1187 5302 ὑπὸ
1211 5249 1430 5311 τούτου,
1465 5251 1556 5300 καὶ
1590 5247 1760 5316 μείζω
1785 5246 1880 5298 καὶ

302 5352 531 5413 ἐλάττω,
568 5346 928 5399 διοικεῖσθαιο
967 5342 1148 5411 τρίτον
1197 5341 1338 5393 κατα
1390 5337 1610 5406 γνώμην
1645 5338 1742 5404 τὴν
1783 5336 1879 5387 αῦ-

302 5441 396 5495 τοῦ
448 5443 671 5495 διοικεῖν
728 5439 938 5491 ἕκαστα
989 5432 1166 5504 ὀρθῶς
1216 5432 1324 5483 αἰεὶ
1377 5431 1469 5481 καὶ
1526 5429 1768 5489 δικαίως,
1804 5427 1878 5496 μὴ

303 5533 658 5600 ἐξιστάμενον
696 5527 920 5600 μηδαμῆ
955 5523 1048 5576 τοῦ
1086 5522 1216 5590 περὶ
1252 5521 1484 5573 ἕκαστον
1522 5517 1876 5585 καθήκοντος,

375 5743 487 5810 (48)
528 5737 631 5793 Καὶ
669 5731 841 5788 κίεινῆ
877 5731 972 5786 καὶ
1011 5729 1148 5795 ἰδίᾳ.
1184 5728 1268 5783 Cf.
1297 5728 1329 5779 I.
1369 5742 1418 5778 ι.
1449 5725 1510 5778 dc
1554 5723 1670 5792 Lrg.

2061 4600 2145 4654 l5.
2201 4602 2376 4669 Atque
2437 4599 2764 4666 mequidem
2812 4591 3006 4664 probae
3061 4601 3190 4645 sunt
3253 4589 3561 4658 reipublicae

1982 4694 2150 4761 leges,
2190 4691 2423 4760 aliwque
2455 4690 2683 4754 similes,
2705 4697 2864 4756 caput
2893 4695 3072 4740 autem
3111 4688 3301 4738 horum
3334 4693 3415 4737 est
3443 4698 3561 4733 om-

1989 4781 2136 4834 nium
2166 4781 2231 4834 de
2265 4777 2374 4834 Deo
2404 4791 2549 4836 reme
2598 4787 2651 4832 et
2699 4777 2912 4846 publice
2968 4784 3022 4828 ct
3053 4775 3304 4844 privatim
3335 4772 3556 4834 sentire,

1984 4873 2217 4926 maxime
2245 4882 2424 4925 autem
2457 4871 2569 4926 lucc
2603 4871 2729 4937 tria,
2750 4872 3140 4939 primum,esse
3173 4868 3338 4921 Deum
3372 4879 3558 4933 quem-

1981 4965 2129 5032 dum,
2162 4976 2358 5034 praasta
2383 4963 2691 5018 ntissimam
2726 4963 2969 5018 omnium
3035 4974 3306 5024 naturam,
3342 4956 3558 5017 deinde,

1984 5059 2130 5111 hunc
2187 5069 2241 5111 et
2294 5057 2541 5110 homines
2601 5071 2805 5110 curare
2839 5068 2891 5109 et
2931 5070 3015 5108 res
3068 5067 3258 5106 onmes
3293 5052 3558 5101 humanas

1977 5157 2088 5201 tum
2121 5164 2344 5216 magnas
2378 5157 2490 5202 tum
2533 5163 2731 5216 parvas
2782 5162 2989 5215 regere,
3017 5153 3128 5198 tum
3179 5141 3404 5195 arbitrio
3456 5153 3559 5192 suo

1980 5249 2177 5294 cuncta
2246 5239 2400 5293 illum
2430 5240 2854 5309 rectejuSteque
2881 5251 3099 5305 semper
3149 5232 3554 5294 administrare,

1982 5347 2252 5399 nusquam
2280 5331 2346 5384 ab
2377 5332 2556 5385 oﬂicio
2589 5331 2967 5386 deﬂectenlem
3029 5328 3107 5378 vel
3129 5325 3233 5378 alia
3274 5326 3340 5376 de
3369 5335 3555 5387 causa,

1976 5426 2058 5479 vel
2092 5425 2378 5478 hominum
2411 5424 2566 5479 donis
2595 5421 2905 5485 delinitum,
2928 5419 3128 5488 quibus
3164 5431 3270 5469 non
3296 5415 3554 5484 indigeat.

1978 5516 2108 5582 Qua:
2170 5531 2292 5570 cum
2335 5515 2404 5570 ita
2467 5530 2526 5569 se
2600 5513 2802 5567 habent
2851 5506 3382 5577 eonsequiturillud,
3413 5519 3468 5560 ut
3501 5507 3559 5561 in
