3828 6180
279 292 386 357 857

1091 303 1190 362 DE
1233 301 1493 365 REBUS
1549 309 2265 379 PELOPUNNESIACIS
2303 319 2589 382 ORATIO
2627 321 2704 381 II.

3443 326 3551 388 858

274 409 454 506 χρδνῳ
481 409 703 506 ὕστερον
732 413 1031 485 νομοθέτης
1067 416 1172 471 ὑπὸ
1204 419 1302 490 τῆς
1336 423 1546 488 πόλεως
1589 426 1850 496 αἱρεθεὶς,

1969 434 2345 492 :onstitutione
2410 438 2746 502 introducta,
2799 438 3210 493 celeberrimam
3248 438 3421 506 ipsam
3454 455 3552 493 ur-

275 500 370 552 καὶ
413 503 512 570 τὴν
560 501 666 554 ὑπὸ
717 504 932 558 πάντων
985 509 1386 580 ἐπαινουμένην
1440 516 1853 586 ἐγκαταστήσας

281 592 554 644 πολιτείαν
602 593 762 663 αὐτῇ,
796 596 1242 669 εὐδοκιμωτάτην
1297 604 1507 657 πόλεων
1549 607 1607 660 ἓν
1639 625 1697 660 τε
1730 610 1857 662 Ἔλ-

275 684 402 752 ληοι
457 686 549 738 καὶ
584 687 880 758 βαρϐάροις
931 691 1180 763 ἀπέφηνε
1209 712 1225 729 ο
1271 699 1367 752 καὶ
1432 699 1778 771 Ἀλέξανδρος
1829 708 1855 758 ὁ

276 776 602 831 Μακεδόνων
628 780 905 850 βασιλεὺς,
939 785 997 848 ὃς
1030 789 1098 840 δι’
1129 790 1336 859 ἀρετήν
1378 808 1436 846 τε
1466 798 1561 847 καὶ
1593 797 1852 867 φρόνημα

277 867 654 934 ἡγεμονεύσας
691 871 986 945 Ἑλλήνων,
1014 879 1241 950 Ἕλλησί
1268 901 1328 938 τε
1358 885 1494 952 ὁμοῦ
1540 890 1635 941 καὶ
1668 891 1853 942 Μακε-

275 958 389 1052 δόσι
423 959 522 1029 τὴν
562 961 746 1027 Ἀσίας
779 967 1110 1036 ἡγεμονείαν
1151 975 1505 1046 περιεποίησε
1530 993 1544 1006 ·
1579 981 1674 1033 καὶ
1726 980 1856 1052 βαρ-

276 1051 462 1113 ϐάρων
497 1053 553 1106 δὲ
598 1056 777 1128 Κῦρος
816 1061 842 1112 ὁ
889 1061 1126 1132 Πέρσης,
1159 1065 1218 1123 ὃς
1271 1068 1482 1137 Πέρσας
1519 1073 1645 1132 τοὺς
1683 1074 1854 1129 αὐτοῦ

278 1142 500 1236 ττολίτας
535 1145 606 1199 δι’
627 1149 830 1220 ἀρετὴν
861 1153 1025 1206 αὑτοῦ
1048 1155 1164 1225 ἀμα
1194 1159 1292 1227 μὲν
1317 1160 1418 1229 τῆς
1450 1163 1650 1229 Μήδων
1679 1166 1856 1236 ἀπήλ-

276 1234 409 1330 λαξε,
437 1238 705 1304 δουλείας,
743 1242 859 1313 ἅμα
892 1246 947 1298 δὲ
977 1252 1067 1302 καὶ
1107 1250 1314 1304 τούτων
1345 1271 1404 1306 τε
1433 1255 1526 1308 καὶ
1556 1257 1658 1326 τῆς
1688 1234 1857 1330 ἄλλης

291 1327 474 1391 Ἀσίας
509 1331 786 1401 ἡγεμόνας
816 1337 1087 1405 ἀπέφηνε.

350 1425 439 1489 ιη’.
469 1421 590 1474 Τῶν
633 1423 680 1476 δ’
723 1426 926 1496 ἑτέρων
982 1430 1134 1485 ἄλλοι
1184 1450 1244 1486 τε
1294 1436 1389 1488 καὶ
1431 1437 1781 1505 Ἀλέξανδρος
1829 1442 1857 1493 ὁ

278 1511 535 1580 Πριάμου
587 1517 613 1567 ὁ
658 1516 866 1582 Ἰλιεὺς,
904 1519 962 1584 ὃς
1008 1525 1065 1574 ὲν
1115 1527 1180 1594 τῇ
1234 1528 1410 1594 κρίσει
1461 1530 1570 1584 τῶν
1617 1531 1756 1584 Θεῶν
1785 1535 1852 1602 τῇ

276 1603 490 1671 αἱρέσει
519 1608 584 1676 τῇ
614 1607 722 1659 τῶν
755 1609 908 1676 βίων,
939 1612 1214 1683 ὑπεριδὼν
1240 1616 1340 1684 μὲν
1374 1619 1577 1688 ⁸Ἦρας,
1605 1622 1704 1690 τῆς
1731 1622 1858 1692 ἀρε-

275 1693 378 1761 τῆς
432 1697 631 1767 ἐφόρου
662 1700 822 1768 Θεοῦ,
869 1705 1144 1774 ὑπεριδὼν
1175 1708 1231 1762 δὲ
1274 1710 1528 1780 Ἀθηνᾶς,
1561 1714 1662 1782 τῆς
1700 1713 1856 1782 δόξης

277 1782 346 1841 αὖ
386 1795 816 1860 προεστηκυίας,
867 1796 1213 1869 Ἀφροδίτην,
1244 1801 1320 1865 ὡς
1356 1804 1420 1872 δὴ
1467 1805 1658 1872 ἡδονῆς
1691 1804 1856 1858 οὖσαν

277 1877 431 1942 Ge‘v,
469 1884 769 1967 προῦκρινέ
816 1906 874 1941 τε
921 1893 1010 1943 καὶ
1043 1894 1349 1960 προείλετο.
1382 1895 1674 1966 Τοιγάρτοι
1705 1897 1857 1967 βασι-

276 1967 425 2034 λείας
459 1976 558 2041 μὲν
598 1976 704 2030 ὑπὸ
742 1979 921 2045 ’Ἥρας
950 1983 1234 2052 διδομένης
1258 1986 1602 2057 ὀλιγωρήσας
1629 1988 1723 2042 τοῦ
1754 2007 1860 2059 μα-

279 2068 625 2134 καριωτάτου
667 2070 784 2140 βίου
837 2073 932 2126 τοῦ
969 2075 1092 2128 κατ’
1138 2078 1362 2147 ἀρετὴν,
1400 2084 1492 2133 καὶ
1526 2081 1760 2150 κράτους
1791 2079 1859 2134 αὖ

279 2153 538 2224 πολέμων
567 2159 673 2211 ὑπὸ
707 2161 960 2231 Ἀθηνᾶς,
986 2165 1082 2217 τοῦ
1117 2168 1397 2236 φιλοτίμου
1430 2169 1570 2239 βίου,
1613 2172 1706 2223 καὶ
1731 2173 1861 2242 περὶ

276 2243 377 2314 τὴν
407 2245 566 2312 δόξαν
593 2250 831 2318 ἔχοντος,
878 2254 1100 2325 Ἑλένην
1141 2257 1197 2310 δὲ
1243 2259 1342 2328 τὴν
1373 2261 1664 2330 Τυνδάρεω
1695 2263 1861 2330 Θυγα-

275 2338 438 2407 τέρα,
471 2341 724 2396 Μενέλεω
753 2345 808 2396 δὲ
835 2350 1068 2413 γυναῖκα
1109 2352 1205 2402 τοῦ
1251 2352 1492 2421 Ἀτρέως
1525 2355 1626 2423 τὴν
1654 2357 1860 2410 Λάκαι-

275 2448 400 2492 ναν,
432 2431 607 2500 δῶρον
630 2435 722 2487 ἐπὶ
757 2438 928 2508 ταύτῃ
962 2443 1025 2510 τῇ
1059 2442 1233 2511 ἀδίκῳ
1270 2444 1448 2512 κρίσει
1489 2447 1750 2515 εἰληφὼς,
1785 2449 1859 2512 ὡς

276 2522 344 2591 δὴ
372 2524 667 2591 κεφάλαιον
699 2527 864 2582 οὖσαν
896 2531 1116 2600 ἡδονῆς,
1150 2535 1446 2605 καλλίστην
1479 2538 1579 2605 μὲν
1605 2537 1710 2591 τῶν
1739 2540 1860 2591 τότε

277 2613 545 2668 δοκοῦσαν
585 2619 686 2688 τὴν
729 2621 894 2686 ίδέαν,
923 2625 1020 2693 τὴν
1057 2625 1112 2677 δὲ
1137 2624 1314 2696 ψυχὴν
1357 2628 1529 2691 ἄλλως
1573 2630 1860 2698 αἰσχίστην

281 2703 378 2757 καί
414 2705 794 2775 μοιχεύτριαν.
826 2714 966 2780 πρὸς
992 2715 1168 2786 ταύτῃ
1197 2717 1357 2769 αὐτόν
1389 2735 1447 2768 τε
1475 2719 1611 2787 ὁμοῦ
1642 2722 1737 2772 καὶ
1763 2720 1860 2792 τὴ)

284 2798 518 2864 πατρίδα
561 2803 972 2870 προσαπώλεσε.
1007 2807 1116 2859 Καὶ
1139 2808 1556 2876 Σαρδανάπαλος
1583 2811 1640 2863 δὲ
1669 2814 1696 2865 ὁ
1736 2813 1861 2866 Ἀσο

283 2888 492 2954 σύριος,
520 2890 578 2953 ὃς
605 2893 694 2946 διὰ
725 2896 996 2962 μαλακίαν
1031 2901 1127 2952 καὶ
1155 2903 1368 2971 τρυφὴν
1416 2902 1728 2973 ’Δσσυρίοις
1759 2888 1859 2974 μὲν

278 2981 393 3042 τοῖς
425 2981 589 3035 αὑτοῦ
639 2986 888 3050 πολίταις
920 2989 1018 3056 τὴν
1047 2991 1146 3059 τῆς
1195 2992 1380 3056 Ἀσίας
1413 2993 1698 3048 ἀπώλεσεν
1731 2998 1860 3065 ἡγε-

279 3073 522 3140 μονείαν,
556 3077 763 3146 Μήδοις
787 3080 845 3132 δὲ
885 3084 1372 3153 παρακεχωρήκει.
1420 3087 1530 3139 Καὶ
1564 3085 1858 3156 Ῥωμαίων

1963 525 2083 578 hem
2119 540 2240 579 cum
2274 527 2412 582 inter
2448 527 2684 582 Graecos.
2723 539 2836 582 tum
2875 529 3017 582 inter
3064 527 3334 584 Barbaros
3367 531 3543 585 reddi~

1964 613 2400 686 djt.Alevander
2463 633 2803 690 quoquerex
2867 617 3222 672 Macedonum
3287 621 3380 687 qui
3449 637 3548 688 per

1963 708 2222 759 virtutem
2262 706 2428 762 simul
2458 718 2512 764 et
2536 710 2702 764 animi
2766 711 3200 778 magnitudinem
3230 711 3544 765 Cra-corum

1963 798 2217 866 princeps
2285 788 2536 867 effectus,
2602 802 2734 871 ipsis
2795 803 2999 870 pariter
3046 813 3103 858 et
3161 803 3546 859 Macedonibus

1966 890 2105 944 Asia:
2138 893 2470 960 comparavit
2497 894 2804 964 imperium,
2838 910 2936 949 nec
2968 911 3073 948 non
3116 895 3258 949 inter
3342 895 3546 948 Barba-

1966 998 2057 1038 ros
2089 983 2253 1040 Persa
2288 984 2464 1056 Cyrus
2493 987 2586 1056 qui
2621 989 2815 1044 Persas
2871 1004 3006 1046 suos
3066 990 3265 1043 virtute
3328 989 3543 1058 propria

1963 1090 2086 1130 cum
2125 1079 2338 1147 tyranni
2361 1080 2408 1132 le
2439 1078 2720 1133 Medorum
2785 1081 3063 1146 liberavit,
3095 1091 3208 1136 tum
3242 1091 3298 1137 et
3348 1084 3541 1136 horum

1963 1178 2016 1224 et
2047 1170 2188 1225 Asiae
2235 1171 2457 1240 reliqum
2495 1171 2748 1227 dominos
2776 1175 3082 1230 constituit.

2039 1447 2126 1500 l8.
2157 1447 2214 1498 lu
2247 1447 2416 1500 altero
2448 1462 2576 1500 vero
2607 1465 2834 1502 numero
2887 1466 3010 1504 cum
3034 1450 3120 1503 alii
3165 1461 3538 1516 recensentur,

1966 1548 2077 1594 tum
2140 1537 2448 1592 Alexander
2503 1539 2798 1607 Trojanns,
2840 1542 3040 1596 Priami
3107 1544 3268 1605 lilius,
3329 1545 3423 1612 qui
3484 1546 3534 1596 iu

1965 1631 2190 1685 dearum
2229 1630 2459 1699 judicio,
2495 1632 2727 1700 vitatque
2787 1651 3046 1703 generum
3104 1636 3391 1701 electione,
3429 1646 3542 1697 tum

1965 1719 2177 1774 Junone
2207 1730 2515 1788 contempta
2572 1724 2795 1777 virtutis
2851 1725 3100 1791 prieside,
3151 1735 3260 1777 tum
3320 1733 3545 1777 auctore

1894 1845 1934 1900 Β
1965 1811 2150 1877 gloriae
2186 1811 2448 1877 Minerva,
2475 1811 2733 1867 Venerem
2772 1815 3066 1883 voluptatis
3099 1816 3252 1869 deant
3290 1817 3543 1884 pnetulit.

1967 1902 2312 1972 Quapropter
2345 1904 2608 1968 neglectis
2648 1914 2757 1957 tum
2788 1921 2958 1973 regno
3000 1923 3026 1957 a
3066 1905 3280 1961 Junonc
3321 1924 3548 1962 conces-

1965 2009 2047 2058 Sn,
2083 1996 2188 2048 vita
2222 2009 2341 2047 cum
2381 1996 2579 2050 virtute
2606 2005 2661 2049 et
2701 1996 2959 2050 felicitate
3020 1999 3337 2066 conjuncta,
3367 2008 3480 2051 tum
3513 2015 3543 2052 a

1969 2081 2213 2136 Minerva
2255 2085 2434 2138 oblata
2474 2085 2697 2140 victoria
2719 2087 2926 2140 bellica
2962 2088 3068 2140 vita
3094 2088 3354 2152 gloriosa,
3391 2088 3547 2142 llcle-
3615 2078 3622 2086 ’

1969 2193 2032 2228 na
2097 2195 2228 2231 vero
2282 2180 2505 2234 [.armna
2565 2181 2832 2250 Tyndarei
2885 2184 3017 2243 lilia,
3080 2184 3300 2237 Menelai
3346 2184 3547 2238 Atridze

1964 2269 2214 2334 conjuge,
2249 2271 2471 2333 prmmio
2511 2279 2618 2324 tam
2680 2272 2848 2338 iniqui
2903 2274 3088 2341 judicii
3149 2287 3387 2341 accepta.
3419 2287 3542 2330 tan-

1964 2375 2127 2426 quam
2180 2362 2472 2428 voluptatis
2530 2364 2854 2432 colophone,
2899 2376 2958 2418 ut
3015 2383 3243 2433 corpore
3297 2371 3542 2421 omnium

1967 2452 2363 2519 pulcherrima,
2390 2453 2469 2506 sic
2501 2455 2685 2507 animo
2720 2457 3033 2524 turpissima
3067 2467 3119 2510 ct
3144 2459 3386 2520 adultera
3422 2476 3544 2512 eum

1965 2547 2065 2598 hac
2131 2558 2253 2598 sese
2321 2544 2484 2598 simul
2553 2555 2604 2599 et
2657 2547 2884 2613 patriam
2950 2549 3362 2615 pessumdedit;
3424 2550 3550 2605 Sana

1965 2636 2267 2703 danapalus
2295 2644 2421 2688 item
2477 2636 2738 2705 Assyrius
2777 2641 2868 2706 qui
2909 2655 3004 2706 per
3064 2640 3341 2692 mollitiem
3375 2651 3427 2694 et
3464 2642 3544 2694 lu-

1965 2741 2086 2778 sum
2117 2725 2254 2776 Asia:
2288 2724 2571 2790 imperium
2613 2726 2848 2795 ASsyriis
2891 2727 3107 2795 quidem
3139 2729 3254 2780 suis
3298 2728 3523 2786 ademit.

1965 2812 2131 2865 Medis
2154 2821 2332 2864 autem
2374 2813 2670 2878 conceSsit,
2713 2829 2810 2868 nec
2843 2831 2949 2867 non
2998 2815 3063 2869 de
3091 2813 3348 2868 Romanis
3384 2815 3545 2880 Nam,

1971 2905 2065 2974 qui
2101 2920 2221 2957 cum
2259 2904 2381 2957 aliis
2405 2905 2664 2971 gravibus
2695 2915 2748 2958 et
2777 2906 3026 2959 nefandis
3048 2908 3390 2974 perpetratis,
3421 2917 3531 2959 tum

1967 2994 2150 3048 occisa
2182 3003 2376 3057 matre,
2409 2993 2648 3061 seipsum
2684 3010 2903 3062 quoque
2934 2995 3148 3047 tandem
3179 2997 3376 3047 malum
3408 2998 3546 3049 male

1963 3083 2230 3153 perdidit;
2268 3099 2390 3136 nam
2450 3085 2678 3151 patriam
2736 3085 2990 3150 cupiebat
3019 3085 3260 3154 quidem,
3303 3089 3395 3139 sed
3431 3102 3539 3155 prie

278 3160 336 3213 δὲ
369 3163 581 3234 Νέρων,
609 3169 666 3231 ὃς
694 3169 828 3226 ἄλλα
861 3189 921 3224 τε
949 3173 1097 3227 δεινά
1122 3175 1216 3228 καὶ⁹
1243 3177 1433 3230 ἀνόσια
1465 3182 1859 3249 ἐργασάμενος,

1977 3177 2347 3230 Romanorum
2373 3175 2573 3230 virtute
2602 3176 2840 3228 nondum
2870 3186 3078 3244 poterat
3104 3186 3366 3232 evertere.
3589 3247 3592 3250 _

279 3258 376 3312 καὶ
432 3260 528 3330 τὴν
579 3264 792 3332 μητέρα
846 3265 1195 3334 ἀποκτείνας,
1249 3270 1516 3324 τελευτῶν
1548 3275 1642 3324 καὶ
1694 3273 1858 3328 αὑτὸν
1940 3271 2110 3323 κακὸν
2165 3269 2352 3332 κακῶς
2407 3268 2910 3338 προσαπολωλέκει.
2961 3269 3073 3340 Τὴν
3151 3270 3258 3341 γάρ
3312 3274 3547 3344 πατρίδα

278 3353 520 3422 ἠμέλησε
557 3354 676 3422 μὲν,
706 3354 794 3407 διὰ
841 3355 898 3408 δὲ
926 3357 1023 3427 τὴν
1063 3360 1185 3412 τότε
1213 3359 1295 3412 ἔτι
1339 3361 1626 3432 Ῥωμαίων
1658 3365 1862 3435 ἀρετὴν
1899 3364 1997 3434 οὐχ
2027 3358 2136 3424 οἷός
2169 3379 2228 3414 τε
2258 3361 2567 3431 διαφθεῖραι
2601 3361 2841 3429 ἐγένετο·

358 3443 444 3497 iG’.
482 3447 590 3498 Καὶ
622 3444 668 3498 δ’
697 3446 847 3500 ἄλλοι
874 3447 918 3500 δ’
949 3449 1060 3501 αἰεὶ
1103 3449 1381 3518 γίγνονται
1414 3454 1600 3523 συχνοὶ
1643 3457 1738 3508 καὶ
1765 3456 1861 3507 δυ-

282 3537 492 3588 ναστῶν
522 3538 613 3590 καὶ
665 3539 893 3592 ἰδιωτῶν
919 3540 1111 3593 τούτου
1147 3541 1241 3595 τοῦ
1287 3543 1570 3613 κόμματος
1600 3545 1733 3616 (50);
1760 3534 1863 3600 ’καὶ

291 3631 464 3702 μείζω
495 3632 624 3692 ἴσως
659 3630 752 3684 καὶ
783 3632 991 3684 ἐλάττω
1019 3635 1486 3704 ἐξαμαρτάνοντες
1512 3656 1526 3670 ο
1564 3631 1640 3692 ὧν
1672 3638 1862 3692 κάκεῖ-

224 3791 226 3793 _
284 3741 315 3776 ν
349 3741 390 3787 ι,
419 3723 468 3776 οἳ
497 3725 555 3776 τὸ
582 3722 683 3792 μὲν
711 3723 919 3776 δίκαιον
963 3724 1058 3775 καὶ
1096 3725 1195 3793 τὴν
1227 3726 1485 3795 ἀλήθειαν
1533 3730 1627 3782 καὶ
1656 3729 1715 3782 τὸ
1743 3747 1857 3782 κοι-

284 3816 373 3867 νὶν
406 3815 610 3881 ἀγαθὸν
641 3813 799 3867 σκιὰν
832 3817 920 3866 καὶ
956 3815 1180 3884 ὀνόματ’
1227 3817 1399 3880 ἄλλως
1431 3818 1689 3888 ἥγηνται,
1723 3822 1860 3889 πρὸς

279 3907 338 3961 δὲ
365 3909 426 3961 τὸ
476 3907 699 3978 χρυσίον
729 3907 826 3961 καὶ
866 3908 1037 3962 τᾶλλα
1078 3909 1147 3961 τά
1175 3909 1400 3962 τοιαῦτα
1443 3912 1724 3980 κεχήνασι,
1759 3914 1860 3982 τὴν

282 3999 636 4069 εὐδαιμονίαν
664 3999 856 4068 ἐσθῆσι
886 4001 980 4053 καὶ
1006 3999 1234 4071 ἀργύρῳ
1263 4004 1356 4054 καὶ
1385 4001 1571 4072 χρυσῷ
1599 4005 1859 4073 μετροῦν-

283 4111 396 4158 τες,
424 4092 518 4144 καὶ
545 4095 612 4162 τῇ
644 4092 777 4162 παρ’
805 4093 1020 4163 ἡμέραν
1051 4093 1306 4166 ῥᾳστώνῃ
1336 4094 1428 4146 καὶ
1456 4096 1660 4164 τρυφῇ,
1691 4095 1789 4165 τὴν
1814 4096 1859 4150 δ’

284 4187 587 4254 ἀσςάλειαν
618 4187 769 4255 σφῶν
795 4203 853 4238 τε
879 4186 1059 4238 αὐτῶν
1097 4185 1215 4254 ἅμα
1241 4188 1336 4238 καὶ
1370 4186 1572 4239 παίδων
1606 4188 1700 4240 καὶ
1730 4187 1860 4256 ὅλης

280 4280 381 4349 τῆς
416 4279 694 4350 πατρίδος,
745 4279 840 4332 καὶ
887 4277 1225 4347 ἐλευθερίαν,
1259 4276 1393 4348 παρ’
1421 4277 1573 4330 οὐδὲν
1620 4277 1861 4348 ἡγούμε-

283 4389 388 4427 νοι.
439 4371 559 4424 Εἰσὶ
589 4371 633 4422 δ’
661 4371 710 4423 οἳ
762 4372 854 4424 καὶ
881 4369 988 4432 ἕως
1021 4369 1121 4439 μὲν
1150 4369 1216 4422 ἂν
1244 4369 1446 4438 χρυσοῦ
1474 4369 1568 4422 καὶ
1609 4369 1719 4424 τῶν
1752 4387 1864 4422 τοι-

279 4461 456 4514 ούτων
487 4461 546 4513 τὸ
572 4463 806 4529 πρᾶγμα
831 4460 1137 4531 καθαρεύῃ,
1161 4466 1250 4514 καὶ
1274 4463 1398 4514 καθ’
1423 4462 1557 4515 αὐτὸ
1587 4463 1857 4528 σκοπῶσι,

2039 3455 2124 3509 l9.
2168 3454 2246 3506 Ae
2271 3468 2413 3521 saepe
2441 3452 2621 3521 plures
2655 3454 2926 3506 exsistunt
2975 3454 3136 3523 hujus
3165 3458 3382 3524 generis
3431 3471 3544 3515 turn

1969 3547 2109 3601 inter
2154 3545 2426 3615 principes
2461 3556 2571 3597 tum
2600 3544 2738 3597 inter
2762 3545 3022 3613 privatos,
3057 3545 3146 3599 alii
3176 3553 3394 3617 gravius
3424 3552 3547 3606 aliis

1967 3639 2354 3708 peccantibus;
2391 3635 2444 3689 in
2478 3638 2560 3690 his
2615 3637 2779 3689 etiam
2833 3637 2933 3698 illi,
2970 3637 3060 3706 qui
3087 3637 3356 3706 justitiam
3423 3645 3543 3710 qui—

1968 3729 2090 3781 dem
2121 3735 2175 3782 et
2211 3726 2492 3781 veritatem
2521 3734 2574 3778 et
2608 3725 2806 3777 honuni
2845 3739 3138 3780 commune
3198 3742 3294 3796 pro
3332 3731 3542 3784 umbris

1967 3821 2194 3882 ducunt,
2227 3835 2381 3873 auro.
2411 3828 2590 3872 autem
2617 3833 2683 3870 ac
2717 3819 2992 3872 similibus
3026 3820 3259 3888 inhiant,
3309 3820 3545 3874 felicita-

1968 3922 2074 3966 tem
2129 3913 2347 3981 quidem
2394 3915 2446 3966 in
2497 3917 2758 3981 vestibus,
2801 3931 2959 3978 auro,
3015 3926 3241 3985 argento
3299 3917 3543 3982 luxuque

1967 4006 2289 4076 quotidiano
2341 4017 2625 4073 ponentes,
2663 4009 2938 4076 pr0priani
2974 4021 3101 4074 vero
3126 4007 3287 4059 simul
3328 4018 3381 4060 et
3409 4007 3546 4060 libe-

1969 4114 2156 4153 rorum
2199 4105 2252 4150 et
2285 4099 2476 4166 patria:
2523 4099 2694 4152 totius
2751 4098 3057 4151 libertatem
3095 4112 3158 4150 ac
3189 4098 3538 4150 securitatem

1969 4190 2327 4258 negligentes.
2368 4188 2599 4254 Quidam
2622 4189 2808 4251 etiam,
2833 4189 3006 4240 donec
3030 4202 3165 4240 auro
3188 4195 3239 4240 et
3268 4186 3546 4241 similibus

1964 4296 2052 4336 res
2088 4289 2260 4347 caret,
2296 4295 2362 4334 ae
2387 4295 2482 4349 per
2511 4293 2570 4334 se
2621 4279 3026 4341 consideratur,
3066 4278 3547 4333 vehementissime

1961 4373 2234 4440 justitiam
2266 4382 2318 4426 et
2350 4373 2629 4426 veritatem
2671 4370 2974 4425 defendunt
3009 4386 3024 4423 :
3061 4371 3152 4424 sed
3189 4370 3350 4423 simul
3377 4380 3545 4439 atque

1966 4460 2049 4513 vel
2076 4475 2268 4514 aurum
2319 4459 2400 4512 vel
2454 4459 2572 4513 auri
2603 4460 2729 4528 quid
2791 4459 2967 4514 simile
3000 4459 3271 4523 inicuerit,
3326 4476 3449 4512 mox
3483 4471 3541 4514 ct

277 4554 577 4606 δεινότατοι
607 4553 746 4620 ὑπὲρ
780 4550 872 4604 τοῦ
927 4553 1137 4604 δικαίου
1186 4555 1278 4605 καὶ
1317 4555 1416 4620 τῆς
1463 4555 1721 4623 ἀληθείας
1756 4556 1856 4625 ῥή-

1969 4549 2147 4616 lingua
2207 4549 2405 4618 ligatur
2458 4559 2510 4603 et
2541 4564 2604 4602 os
2642 4552 2953 4611 obturatur,
2987 4564 3051 4603 ac
3082 4549 3147 4602 de
3170 4549 3386 4616 justitia
3416 4550 3540 4618 qui-

279 4641 440 4711 τορές
465 4643 604 4695 εἰσιν
630 4657 645 4672 υ
677 4641 896 4694 ἐπειδὰν
917 4641 972 4694 δέ
1000 4659 1101 4693 που
1127 4644 1348 4710 χρυσίον
1377 4643 1560 4710 σφίσιν
1583 4643 1854 4714 ὑποφανῇ,

279 4736 314 4806 ἡ
344 4752 397 4786 τι
424 4734 551 4790 ἄλλο
580 4735 726 4798 ἄξιον
755 4734 1010 4803 χρυσίου,
1040 4735 1344 4802 πεπέδηται
1371 4735 1532 4798 εὐθὺς
1559 4737 1590 4803 ἡ
1618 4737 1856 4804 γλῶττα,

278 4829 668 4897 ἐμπέφρακται
696 4826 757 4878 τὸ
787 4825 980 4889 στόμα,
1013 4825 1108 4878 καὶ
1137 4826 1274 4894 πρὸς
1307 4827 1406 4894 μὲν
1435 4828 1505 4879 τὰ
1553 4827 1737 4880 δίκαια
1774 4847 1858 4881 σε-

279 4921 597 4991 σιγήκασιν,
631 4922 718 4971 ἐπὶ
743 4919 797 4971 δὲ
831 4919 1093 4972 τάναντία
1123 4921 1268 4970 πᾶσα
1309 4918 1492 4986 ἐκείνη
1525 4919 1860 4989 μεθέστηκεν

277 5015 314 5082 ἡ
345 5013 607 5082 δεινότης.
646 5011 784 5064 Ὑπὸ
816 5011 920 5076 γὰρ
949 5009 1154 5062 τούτων
1183 5008 1409 5062 καὶτῶν
1439 5009 1697 5063 τοιούτων
1728 5013 1858 5065 διοι-

277 5101 629 5168 κοὺμεναιαί
683 5102 892 5165 πόλεις,
951 5100 1139 5162 κακῶς
1192 5099 1524 5168 πράττουσιν
1571 5099 1854 5166 ἑκάστοτε,

277 5194 400 5246 οζδὲ
441 5195 550 5246 τῶν
606 5194 1046 5247 σπο.δαιοτάτων
1090 5193 1157 5244 ἂν
1201 5189 1624 5256 ἐγκαθεστὼτων
1677 5193 1858 5260 νόμων

280 5288 486 5357 κυρίων
533 5287 726 5353 ὅντων,
779 5286 916 5338 ἀλλὰ
953 5286 1175 5338 πάντων
1229 5283 1351 5352 εἰκῆ
1399 5284 1494 5334 καὶ
1529 5283 1856 5354 ἀδιακρίτων

279 5381 634 5447 φυρομένων.
674 5377 826 5430 Ἐπεί
868 5393 950 5428 τοι
992 5376 1052 5427 οὐ
1085 5375 1391 5426 σπουδαίων
1419 5372 1528 5442 ἄρα
1571 5371 1650 5425 δεῖ
1676 5375 1853 5442 νόμων

1965 4643 2089 4695 deni
2131 4641 2314 4706 silent,
2350 4639 2416 4693 ad
2449 4640 2722 4693 contiaria
2768 4656 2894 4694 vero
2947 4639 3125 4693 omnis
3161 4640 3251 4695 illa
3310 4657 3540 4712 convcr-

1971 4737 2100 4786 titur
2129 4730 2490 4786 vehementia.
2543 4730 2822 4800 Siquidem
2854 4731 2922 4784 ab
2952 4730 3036 4785 liis
3065 4746 3111 4786 et
3137 4727 3296 4802 lttljUs
3327 4736 3542 4799 petieris

1970 4823 2284 4876 hominibus
2330 4838 2451 4876 cum
2482 4831 2747 4891 reguntur
2806 4821 3123 4890 respublica:
3171 4838 3383 4892 semper
3413 4833 3541 4876 sunt

1970 4915 2236 4978 infelices,
2276 4914 2498 4983 quando
2532 4930 2595 4966 ac
2623 4914 2964 4982 probissima:
2999 4916 3212 4983 quidem
3246 4917 3362 4968 lata:
3397 4915 3538 4980 leges

1976 5007 2244 5061 habentur
2286 5017 2445 5069 rane,
2499 5007 2595 5060 sed
2659 5008 2841 5061 omnia
2879 5017 3078 5062 temere
3118 5010 3539 5078 permiscentur.

1968 5097 2083 5151 Non
2141 5098 2284 5152 enim
2347 5108 2554 5151 tantum
2593 5100 2792 5166 probas
2848 5098 2994 5169 leges
3032 5101 3317 5168 requirunt
3345 5115 3536 5167 respu‘

1969 5191 2144 5252 blicze.
2174 5190 2268 5244 sed
2328 5190 2492 5243 etiam
2557 5200 2724 5253 ralas,
2755 5191 2942 5259 quales
2977 5193 3194 5259 quidem
3243 5206 3337 5260 per
3361 5193 3535 5244 virtu-

1965 5292 2072 5336 tem
2129 5281 2434 5352 principum
2485 5283 2780 5348 exsistunt,
2818 5298 2980 5352 quam
3012 5283 3112 5336 tria
3149 5283 3414 5353 praecipua
3448 5301 3540 5353 ge-

1967 5390 2094 5426 nera
2136 5375 2381 5426 dixiiuuo
2401 5375 2685 5441 consequi.
3174 5373 3192 5386 ⁵

278 5473 445 5539 μόνον
490 5472 710 5523 πόλεσιν
746 5469 1026 5532 ἑκάστοτε,
1064 5465 1203 5519 άλλά
1254 5466 1348 5518 καὶ
1385 5465 1590 5533 κυρίων
1616 5478 1630 5490 °
1667 5465 1850 5535 κύριοι
1887 5466 1933 5518 δ’
1963 5461 2032 5518 αὖ
2063 5466 2339 5534 γίγνονται
2369 5467 2418 5517 οί
2451 5468 2600 5535 νόμοι
2631 5466 2717 5517 διὰ
2749 5469 2843 5535 τὴν
2892 5466 2995 5517 τῶν
3063 5466 3340 5536 ἀρχόντων
3411 5469 3540 5537 ἀρε-

275 5569 397 5640 τὴν,
426 5570 491 5638 ῆν
515 5567 572 5621 δὲ
594 5570 739 5637 τρισὶ
765 5565 862 5635 τῆς
901 5563 1212 5625 θεοσεϐείας
1251 5561 1482 5632 μάλιστα
1518 5560 1610 5613 καὶ
1645 5563 2004 5629 κυριωτάτοις
2034 5564 2232 5617 εἴδεσιν
2262 5565 2471 5635 ἔφαμεν
2512 5565 2760 5617 ἕπεσθαι.

353 5744 464 5815 (50)
498 5743 722 5799 Τούτου
755 5743 855 5798 τοῦ
891 5743 1188 5812 κόμματος
1266 5739 1346 5795 Cf.
1385 5738 1518 5793 l’lal.
1566 5738 1642 5791 De
1701 5736 1795 5805 leg.
1827 5752 1941 5791 vni.
