3828 6180
199 257 295 324 alii

199 376 472 434 σώσεσθαι
505 384 618 436 esi"
669 391 826 444 τοῦτο
852 393 908 447 δὲ
939 396 1036 466 οὐχ
1077 393 1191 451 οἷόν
1235 419 1315 466 τε,
1370 404 1445 473 μὴ
1485 406 1584 475 τὴν
1610 411 1766 466 πολι-

196 465 349 571 τείαν
399 472 971 571 ἐπρινορθωσαμένοις.
1023 465 1132 541 Καὶ
1164 491 1272 557 γὰρ
1304 465 1570 548 νοσοῦσιν
1618 501 1778 571 eam

196 558 418 614 είωθυῖα
463 563 644 621 δίαιτα
677 573 752 640 μὴ
803 575 1084 650 λυσιτελῇ,

196 653 555 726 τελήσουσαν.

268 770 640 837 κγ¹.ι⁹Επειτα
681 780 742 834 τὸ
793 785 929 837 πολὺ
963 788 1061 857 τῆς
1105 796 1364 862 στρατιᾶς
1415 798 1767 870 διακάθαρον,

199 861 389 961 διελῶν
423 867 886 942 Πελοποννησίους
926 883 1095 948 χωρὶς
1130 861 1231 950 μὲν
1273 886 1330 950 ἐς
1358 889 1485 952 τοὺς
1515 861 1776 961 στρατευᾲ

205 957 495 1055 σομὲνους,
524 965 694 1032 χωρὶς
723 963 770 1018 δ’
790 967 847 1031 ὲς
866 974 993 1033 τοὺς
1025 973 1380 1042 εἰσοίςοντας,
1474 983 1541 1036 ἂν
1559 957 1780 1038 ἕκαστοι

197 1047 430 1102 δοκῶσιν
465 1053 919 1128 ἑπιτηδειοτέρως
964 1062 1129 1132 ἔχειν,
1165 1067 1240 1129 ὡς
1276 1071 1376 1122 οὐκ
1425 1072 1505 1126 ἔτι
1536 1075 1648 1128 τῶν
1683 1078 1780 1130 αύ-

197 1140 311 1237 τῶν
339 1150 833 1237 στρατῌευσομένων
858 1170 918 1206 τε
948 1156 1086 1224 ὁμοῦ
1109 1160 1204 1211 καὶ
1233 1163 1772 1237 φορολογησομὲνων.

327 1235 438 1305 γὰρ
469 1233 582 1301 οἷός
631 1242 682 1293 τῗ
732 1241 830 1314 ἔσῃ
873 1248 1071 1301 σαυτόν
1121 1268 1184 1303 τε
1234 1253 1348 1323 ἅμα
1385 1233 1588 1310 καὶντὸ-
1621 1264 1775 1327 γένος

200 1325 416 1390 σώζειν,
471 1329 544 1400 μὴ
578 1333 784 1401 περιὼν
831 1337 940 1391 τῶν
977 1342 1254 1411 πολεμίων
1283 1362 1296 1375 ·
1349 1349 1472 1400 οὐδὲ
1506 1355 1775 1420 περιεῖναι

197 1417 309 1514 τῶν
337 1418 634 1489 πολεμίων,
666 1429 742 1496 μὴ
777 1431 1038 1498 στρατιὰν
1080 1433 1273 1489 εὔνουν
1299 1455 1358 1490 τε
1395 1443 1490 1493 καὶ
1519 1417 1772 1514 φρόνημα

196 1505 429 1604 ἔχουσαν
460 1516 805 1583 κτησάμενος
833 1521 1034 1588 μᾶλλον
1066 1524 1099 1592 ἦ
1133 1526 1322 1584 πλείω.
1368 1505 1768 1604 φορωῖοῆουξλέ-

195 1616 297 1698 νην
325 1601 382 1654 δὲ
410 1606 672 1674 στρατιὰν
701 1609 760 1661 τό
785 1627 843 1662 τε
871 1614 1128 1683 φρόνημα
1171 1617 1369 1682 σώζειν
1395 1624 1512 1690 ἅμα
1547 1601 1644 1679 καὶ
1671 1601 1770 1698 τὴν

1012 282 1111 342 DE
1181 286 1432 348 REBUS
1487 293 2178 365 PELOi‘ONNESl‘AClS
2214 310 2500 372 ORATIO
2539 315 2619 375 ll.

3357 320 3464 384 862

1803 411 1983 477 A‘non
2007 420 2165 476 aliter
2197 436 2482 491 sanantur,
2519 445 2677 499 quant
2710 447 2834 485 cum
2857 433 2958 488 bac
2994 436 3193 493 omissa
3213 453 3458 494 comma.

1889 509 2102 564 diorem
2139 513 2406 584 deligunt.

1106 583 1206 637 ούκ
1249 585 1399 640 ἔστιν
1430 589 1564 660 ἄλλη
1595 592 1886 666 ἀπαλλαγὴ
1913 602 2005 654 τοῦ
2039 603 2218 659 δεινοῦ
2254 609 2518 681 ἦταύτης
2557 592 2560 596 Ι
2588 614 2780 668 ﬁatﬁat
2849 618 3079 688 ζητῆσαι
3153 621 3246 688 τὴν
3307 619 3459 673 λυσι-

1959 807 2052 861 25.
2089 807 2294 864 Deinde
2327 814 2584 880 maiorem
2631 818 2902 870 exercitus
2929 829 3132 885 partem
3175 832 3412 887 expurga
3439 858 3456 883 ,

1890 899 2082 954 divisis
2123 901 2374 956 bifariam
2410 904 2798 975 Peloponnesis
2851 909 2905 963 in
2942 910 3233 965 militantes
3264 920 3316 964 et
3349 912 3460 964 col-

1887 987 2146 1042 lationem
2191 995 2516 1060 pendentes,
2553 1007 2721 1064 prout
2748 997 3089 1066 singulorum
3127 999 3260 1052 feret
3286 1000 3456 1064 ratio;

1885 1080 1968 1135 sic
2003 1091 2059 1134 nt
2089 1099 2196 1136 non
2229 1086 2466 1153 amplius
2504 1087 2666 1142 iidem
2700 1089 2862 1142 simul
2890 1101 2942 1143 et
2974 1091 3205 1144 militent
3240 1100 3292 1145 et
3324 1105 3457 1160 pen—
3521 1079 3527 1086 ’

1885 1174 2036 1227 dant.
2089 1176 2296 1230 Etenim
2335 1195 2436 1233 nec
2477 1180 2708 1250 t—eipsum
2743 1183 2946 1249 pariter
2995 1191 3049 1236 et
3099 1193 3311 1252 gentem
3348 1199 3458 1237 ser-

1886 1279 2013 1320 vare
2038 1269 2240 1335 poteris
2272 1270 2374 1324 nisi
2412 1273 2593 1327 hostes
2616 1275 2907 1341 deviceris;
2935 1290 3033 1328 nec
3064 1276 3249 1329 liestes
3275 1275 3459 1328 devin-

1882 1371 2025 1421 cere,
2047 1359 2147 1413 nisi
2174 1362 2475 1415 exercitum
2506 1363 2682 1432 potius
2718 1365 3037 1418 benevolum
3069 1375 3119 1419 et
3150 1367 3456 1420 animosum

1882 1464 2042 1516 quam
2071 1451 2352 1518 copiosum
2378 1453 2660 1523 habueris.
2690 1455 2980 1510 Diﬂiculter
3005 1464 3181 1509 autem
3214 1457 3458 1525 pendens

1876 1540 2147 1595 exercitus
2174 1542 2605 1599 benevolentiam
2632 1547 2793 1600 simul
2824 1557 2877 1601 et
2902 1547 3114 1602 animos
3145 1554 3453 1608 conservat,

1875 1634 1968 1686 sed
2007 1643 2298 1705 utrumque
2323 1635 2438 1692 fere
2470 1622 2672 1705 perdit,

193 1691 816 1807 eﬁvotav'cayxdlsmv,
851 1703 966 1756 ἀλλ’
994 1704 1180 1778 ἕῤῥειν
1222 1711 1439 1784 ἀνάγκη
1468 1715 1540 1768 τὰ
1571 1691 1766 1786 πολλά,
1807 1725 1876 1780 τά
1912 1741 1970 1778 τε
1999 1691 2481 1800 φρονίγμὶσιταμτίιν¹
2505 1691 2555 1784 τ’
2594 1730 2808 1788 εὔνοιαν
2873 1737 3222 1807 στρατιωτῶν
3289 1751 3452 1804 φορο-

195 1787 562 1858 λογουμένων.

267 1927 367 1982 κδ’.
403 1931 509 1985 Καὶ
558 1935 682 1997 τοὺς
738 1939 1008 2009 ἄρχοντας
1052 1944 1109 1996 δὲ
1151 1945 1484 2017 διακαθᾶραι
1531 1951 1612 2005 δεῖ
1662 1953 1768 2008 τῶν

1945 1964 2038 2019 24.
2069 1965 2314 2024 Pradecd
2341 1985 2559 2039 quoque
2592 1984 2949 2026 secernuntur
2976 1987 3003 2025 a
3033 1971 3450 2035 mercatoribus,

194 2022 634 2091 καπηλευόντων.
699 2033 791 2082 καὶ
824 2039 1112 2101 προειπεῖν
1168 2039 1268 2108 μὲν
1303 2041 1501 2108 ἅπασι,
1547 2045 1620 2114 μὴ
1674 2063 1776 2099 κα-

192 2112 453 2180 πηλεύειν
487 2119 611 2186 μηδ’
652 2121 1058 2192 ἐμπορεύεσθαι
1089 2128 1183 2181 τοῦ
1232 2129 1448 2198 λοιποῦ,
1493 2112 1774 2188 ἀλλ’-αὐτὸ

192 2204 354 2257 τοῦτο
396 2208 668 2279 ἄρχοντας
696 2213 773 2285 τῷ
807 2215 921 2269 ὄντι
954 2217 1114 2282 εἶναι,
1161 2223 1255 2274 ἐπὶ
1285 2225 1503 2294 φυλακῇ
1549 2227 1642 2279 καὶ
1675 2245 1778 2280 σω-

190 2297 362 2368 τηρίᾳ
393 2305 801 2371 προεστηκότας
831 2308 942 2360 τῶν
980 2311 1215 2378 πολλῶν,
1248 2316 1306 2366 οὐ
1343 2315 1627 2369 διακονικὰ
1656 2320 1775 2370 ἑπι-

188 2389 512 2459 τηδεύματα
565 2396 1004 2465 ἐπιτηδεύοντας,
1059 2404 1153 2454 καὶ
1202 2405 1466 2458 διακόνων
1518 2408 1775 2478 πονηρῶν

190 2481 407 2545 ἀδίκοις
440 2485 744 2554 σταθμίοις,
775 2491 869 2542 καὶ
915 2494 1082 2545 παντὶ
1110 2495 1216 2565 ὅτῳ
1250 2497 1316 2550 ἂν
1351 2497 1618 2553 δύνωνται
1649 2503 1774 2571 τρόο

194 2587 309 2640 πῳ.
357 2577 471 2636 τοῖς
522 2576 630 2636 τῶν
689 2580 1053 2652 ταλαιπώρων
1102 2587 1422 2658 αύτουργῶν
1483 2593 1774 2662 πράγμασι

191 2664 632 2735 λυμαινομένων.
671 2672 738 2724 EE
782 2675 842 2728 τὲ
871 2691 1017 2738 τινες
1061 2680 1154 2732 καὶ
1195 2682 1258 2732 ἐκ
1289 2682 1552 2751 καπήλων
1586 2686 1642 2746 ἐς
1673 2685 1774 2748 τὰς

193 2757 374 2828 ἀρχὰς
405 2763 785 2832 παρεωσμένοι
842 2761 972 2831 εἶεν,
1015 2773 1111 2822 καὶ
1150 2773 1374 2835 τούτους
1407 2775 1486 2840 δὲ,
1533 2777 1599 2831 ἄν
1631 2794 1772 2840 τινες

193 2849 460 2918 χρήσιμοι
504 2853 753 2922 bombos),
789 2857 846 2925 ἦ,
883 2863 1252 2930 πεπαυμένων
1297 2866 1399 2934 ἤδη
1449 2867 1543 2920 τοῦ
1589 2884 1771 2935 καπη-

191 2939 396 3032 λεύειν,
429 2943 635 3014 ἄρχειν,
670 2949 702 3018 ἢ
735 2949 1112 3017 ἁπεληλάσθαι
1150 2956 1256 3007 τῶν
1291 2959 1500 3027 ἀρχῶν.
1543 2961 1636 3030 Μὴ
1664 2961 1770 3032 γαρ

190 3031 572 3102 διακεκρίσθαι
614 3037 682 3089 τὰ
727 3041 975 3109 τοιαῦτα,
1023 3044 1159 3096 ἀλλὰ
1201 3049 1480 3116 καπήλους
1530 3049 1629 3116 μὲν
1674 3031 1771 3115 ἄρν-

194 3140 387 3190 χουττιν
419 3127 814 3198 ἀναμεμίχθαι,
857 3136 1197 3203 στρατιώτας
1225 3137 1271 3189 δ’
1309 3139 1640 3203 εἱλωτεύειν,
1675 3142 1769 3193 ἐπὶ

190 3215 381 3280 εἵλωσι
404 3218 460 3281 δὲ
494 3221 562 3274 τὰ
591 3221 686 3291 τῆς
710 3225 983 3293 σωτηρίας
1022 3221 1184 3290 εἶναι,
1227 3229 1570 3300 φαυλοτάτης
1593 3230 1768 3285 ταῦτα

1878 2066 1931 2112 et
1967 2059 2184 2114 cunctis
2214 2061 2436 2128 quidem
2490 2063 2788 2130 imperetur
2833 2080 2901 2118 ne
2953 2075 3314 2118 mercaturam
3371 2065 3452 2117 vel

1878 2150 2205 2204 institoriam
2241 2151 2496 2220 deinceps
2543 2163 2854 2218 exerceant,
2895 2157 2986 2209 sed
3022 2171 3078 2209 se
3135 2169 3232 2219 pro
3267 2154 3454 2223 praefe-

1877 2243 1981 2295 ctis
2015 2252 2230 2310 gerant,
2269 2244 2581 2312 reipublicae
2607 2246 2911 2333 custodiam
2958 2256 3012 2299 et
3060 2248 3288 2302 salutem
3324 2262 3449 2313 pro-

1876 2343 2156 2400 curantes,
2189 2351 2296 2389 non
2348 2337 2567 2391 servilia
2600 2341 2871 2393 obeuntes
2899 2340 3102 2400 officia,
3135 2350 3187 2392 et
3221 2340 3448 2405 quidem

1877 2441 2111 2493 nequam
2149 2442 2462 2492 servorum,
2499 2431 2592 2496 qui
2625 2431 2957 2500 ponderibus
2994 2431 3208 2498 iujustis
3231 2443 3282 2483 et
3319 2449 3453 2499 qna-

1874 2527 2095 2579 cunque
2157 2528 2216 2566 re
2256 2515 2361 2569 alia
2396 2517 2629 2573 miseros
2656 2521 2892 2575 rusticos
2918 2521 3120 2576 damno
3152 2521 3394 2575 amcittnl
3431 2539 3445 2575 :

1875 2603 1960 2656 sin
1997 2605 2159 2658 etiam
2197 2605 2265 2658 de
2315 2611 2714 2666 mercatoribus
2745 2613 2912 2681 aliqui
2951 2614 3151 2667 fuerint
3180 2615 3246 2668 ad
3280 2615 3447 2680 magi—

1895 2707 2096 2751 stratus
2123 2700 2320 2762 evecti,
2359 2699 2395 2754 ii
2429 2703 2510 2756 vel
2549 2705 2733 2757 relicta
2767 2716 3098 2773 mercatura,
3153 2709 3199 2762 si
3252 2708 3454 2770 fuerint

1876 2786 2059 2840 idonei
2116 2804 2345 2844 munere
2407 2791 2720 2861 fungantur,
2779 2797 2863 2850 vel
2919 2798 3036 2852 loco
3100 2810 3446 2854 moveantur.

1872 2876 2100 2939 Oportet
2122 2879 2266 2932 enim
2298 2881 2412 2935 haec
2438 2886 2674 2949 secerni,
2709 2903 2813 2941 non
2841 2887 3124 2954 praefectos
3149 2906 3270 2942 cum
3303 2907 3451 2943 mer-

1872 2969 2152 3022 eatoribns
2187 2972 2526 3040 permisceri,
2554 2992 2654 3030 nec
2685 2978 2882 3032 milites
2916 2995 3077 3046 agros
3109 2980 3309 3045 colere,
3349 2997 3448 3034 nec

1872 3058 2095 3111 rusticis
2137 3075 2484 3116 communem
2528 3065 2760 3120 salutem
2800 3070 3071 3122 committi
3101 3109 3117 3132 ,
3149 3085 3270 3138 qua:
3311 3082 3444 3124 sunt

1869 3148 2051 3200 omnia
2085 3150 2392 3218 reipublicae
2415 3154 2773 3220 pravissimze,
2797 3173 3022 3227 qumque
3046 3159 3179 3212 nihil
3210 3175 3446 3226 unquam

1871 3251 2124 3302 maguum
2157 3238 2238 3292 vel
2275 3241 2592 3308 pra-clarum
2620 3245 2866 3311 gesserit.
2901 3244 3187 3298 Enimvero
3214 3262 3311 3299 nvc
3335 3248 3447 3299 asio

195 3308 495 3376 πολιτείας,
525 3315 619 3374 καὶ
642 3315 899 3369 οὐδέποτε
929 3318 1087 3372 οὐδὲν
1117 3321 1261 3389 μέγα
1288 3323 1320 3392 ἢ
1351 3323 1512 3376 καλὸν
1544 3325 1768 3394 διαπρα·

1879 3326 1957 3380 nis
1981 3327 2046 3380 ad
2074 3343 2341 3396 equorum
2378 3331 2585 3385 utimur
2621 3348 2814 3402 opera,
2845 3350 2947 3389 nec
2980 3336 3135 3404 equis
3160 3335 3226 3390 ad
3263 3337 3448 3390 asino-

193 3399 450 3472 ξομένης.
490 3406 674 3471 “Oret;
705 3407 838 3475 γοῦν
871 3413 932 3463 οὐ
963 3413 1223 3482 χρώμεθα
1273 3417 1361 3467 ἐπὶ
1394 3418 1464 3469 τὰ
1499 3417 1608 3468 τῶν
1653 3433 1777 3482 γεν-

189 3491 361 3545 ναίων
417 3495 601 3550 ἵππων
647 3501 808 3568 ἔργα,
845 3504 964 3556 οὐδὲ
1017 3505 1282 3573 γενναίοις
1335 3508 1526 3570 ἵπποις
1584 3509 1677 3562 ἐπὶ
1707 3511 1777 3562 τὰ

191 3584 304 3636 τῶν
341 3585 478 3642 ὄνων
505 3605 520 3620 ·
553 3586 710 3661 οἶμαι
755 3595 800 3646 δ’
831 3595 940 3648 οὐδ’
974 3598 1164 3660 irritat;
1210 3601 1324 3662 τοῖς
1358 3601 1542 3662 αὐτοῖς
1581 3603 1674 3654 ἐπὶ
1707 3604 1774 3653 τὰ

191 3678 356 3748 αὐτὰ,
397 3683 516 3741 ἀλλ’
547 3686 652 3757 ίδίᾳ.
676 3687 786 3756 μὲν.
813 3689 1278 3770 πολεμιστηρίοις,
1318 3693 1424 3765 ἰδίᾳ
1450 3694 1496 3747 δ’
1525 3695 1850 3766 ἀχθοφόροις
1911 3693 2194 3764 χρώμεθα.
2236 3695 2424 3766 Πολλῷ
2483 3697 2547 3766 δὴ
2595 3689 2861 3770 πρότερον
2907 3701 3000 3756 καὶ
3065 3699 3155 3754 ἐπ’

193 3796 316 3837 πων
345 3782 410 3834 τὲ
434 3783 659 3838 τοιαῦτα
695 3785 801 3838 ἔδει
829 3769 1152 3858 διακρίνειν,
1182 3789 1278 3842 καὶ
1303 3789 1379 3860 μὴ
1412 3792 1659 3860 συγχεῖν.

265 3904 365 3953 κε’.
400 3901 511 3952 Καὶ
553 3902 676 3964 τοὺς
716 3903 916 3973 φόρους
958 3904 1017 3956 δὲ
1049 3905 1176 3968 τοὺς
1219 3905 1448 3968 πολλοὺς
1479 3909 1572 3959 καὶ
1623 3911 1766 3962 κατά

195 3991 406 4060 σμικρὰ
439 3991 534 4044 καλ⁵
557 3993 878 4060 ἀνωμάλους
902 3993 1128 4057 τούτους
1153 3995 1381 4060 ἀνελὼν,
1413 3997 1620 4049 ἐκεῖνον
1647 3999 1769 4050 ἀντὶ

195 4083 415 4136 πάντων
447 4084 818 4152 κατάστησον,
843 4085 904 4139 ὃν
931 4085 1009 4156 τῷ
1038 4087 1364 4157 δικαιοτάτῳ
1392 4088 1534 4158 λόγῳ
1558 4088 1769 4157 ἔφαμεν

192 4176 387 4244 τρίτην
416 4176 701 4244 γίγνεσθαι
733 4179 832 4248 τὴν
863 4181 1204 4250 γιγνομὲνων
1245 4182 1464 4250 μοῖραν,
1500 4183 1768 4248 κουφότα-

192 4268 288 4333 τόν
315 4284 373 4319 τε
416 4268 551 4337 ὁμοῦ
596 4273 709 4333 τοῖς
737 4271 1056 4337 είσοίσουσι,
1109 4274 1203 4325 καὶ
1232 4274 1348 4334 τοῖς
1388 4274 1586 4334 κοινοῖς
1616 4274 1767 4325 λυσι·

189 4357 510 4412 τελὲστατον
554 4361 646 4413 τὸν
672 4361 822 4414 αὐτὸ·
885 4363 1162 4430 ἐσόμενον.
1191 4355 1397 4415 Ἧττόν
1437 4380 1497 4415 τε
1545 4364 1654 4432 γάρ
1683 4381 1766 4425 τις

189 4450 283 4503 διὰ
303 4451 494 4504 τοῦτον
520 4451 612 4503 τὸν
638 4452 806 4523 φόρον
835 4453 1226 4522 ἀποδράσεται,
1253 4447 1418 4524 ἧττόν
1438 4472 1496 4507 τε
1526 4455 1632 4507 ὑπὸ
1656 4455 1765 4506 τῶν

1877 3434 2022 3485 rum;
2064 3421 2310 3490 adeoque
2349 3438 2449 3478 nec
2483 3427 2640 3494 equis
2671 3427 2861 3482 iisdem
2894 3428 2959 3481 ad
3003 3431 3185 3482 omnia
3212 3469 3227 3491 ,
3258 3445 3445 3483 verum

1876 3510 2000 3565 aliis
2035 3512 2200 3577 bello,
2233 3514 2356 3569 aliis
2388 3516 2454 3569 ad
2487 3516 2778 3584 sarcinas;
2811 3529 2865 3572 at
2906 3520 3008 3574 hoc
3055 3519 3346 3573 discrimen
3393 3517 3447 3572 iu

1879 3601 2192 3657 hominibus
2225 3604 2396 3658 multo
2424 3605 2596 3675 magis
2622 3607 3027 3662 observandum
3059 3617 3197 3662 erat.

3237 3699 3447 3770 ἀνθρώ·

1947 3903 2039 3958 25.
2077 3903 2319 3957 Trilmtis
2353 3916 2574 3970 quoque
2609 3901 2798 3955 multis
2827 3901 2967 3964 istis,
2992 3900 3203 3955 crebris
3229 3911 3283 3954 et
3322 3899 3450 3953 inae-

1876 3995 2136 4064 qualibus
2169 3995 2422 4056 sublatis,
2456 3993 2588 4047 illud
2624 3994 2870 4047 omnium
2905 3993 3029 4047 loco
3062 4008 3262 4059 repone
3303 3997 3446 4060 quod

1877 4102 2060 4141 rerum
2091 4085 2431 4139 nascentium
2455 4085 2668 4138 tertiam
2696 4083 2935 4136 diximus
2961 4081 3270 4148 aequissime
3296 4097 3448 4135 com-

1873 4179 2032 4248 plecti
2074 4187 2278 4247 partem
2307 4176 2644 4230 levissimum
2673 4178 2832 4229 simul
2871 4174 3236 4242 pendentibus
3259 4183 3312 4226 et
3346 4173 3447 4226 rei-

1873 4272 2098 4340 puldicze
2134 4270 2483 4325 utilissimum
2533 4270 2675 4323 idem
2733 4268 3000 4322 futurum.
3053 4267 3188 4320 Nam
3221 4275 3441 4335 preptcr

1873 4369 1976 4418 hoc
2026 4363 2288 4416 trilmtmu
2341 4377 2439 4416 nec
2489 4371 2695 4415 temere
2748 4365 2870 4429 quis
2919 4358 3180 4427 aufugiet,
3223 4373 3322 4412 nec
3374 4359 3443 4409 ab

1870 4457 2220 4510 exactoribus
2250 4454 2504 4524 iniuriam
2539 4453 2792 4522 accipiet,
2819 4455 2944 4506 dum
2980 4452 3052 4506 illi
3080 4452 3440 4520 pendentibus

191 4542 588 4612 πραττομένων
636 4543 980 4610 ἀδικήσεται,
1022 4543 1098 4606 ὡς
1123 4546 1186 4598 τὸ
1235 4545 1382 4606 είκὺς
1429 4545 1768 4613 βουλομένων

1879 4544 2276 4614 quamplurima
2310 4543 2496 4596 volunt
2521 4542 2839 4605 attribuere,
2866 4558 2973 4610 quo
3001 4542 3250 4596 videlicet
3276 4542 3439 4596 simul

187 4631 259 4685 ἂν
285 4631 362 4694 ὡς
419 4634 647 4687 πλεῖστα
683 4635 968 4702 γίγνεσθαι
1010 4637 1124 4698 τοῖς
1175 4635 1763 4706 είσπραχθησομένοις,

190 4724 280 4776 ἵνα
314 4723 380 4795 δὴ
414 4726 506 4777 καὶ
537 4726 722 4794 σςίσιν
751 4727 827 4786 ὡς
877 4727 1082 4795 μείζων
1107 4728 1349 4795 γίγνοιτο
1377 4729 1405 4779 ὁ
1432 4728 1616 4795 φόρος.
1647 4726 1768 4779 Τῶν

188 4815 248 4867 δὲ
288 4815 546 4870 τοιούτων
602 4819 853 4893 Είλωςιων
897 4818 1092 4888 πρῶτα
1128 4819 1230 4888 μὲν
1258 4819 1316 4881 ἐς
1365 4818 1456 4870 τὸν
1494 4818 1586 4870 σὸν
1620 4813 1768 4870 οἷκον

190 4904 392 4981 ὲέελεῖν
426 4906 657 4970 ὁπόσους
685 4907 750 4960 ἂν
787 4905 960 4973 δόξειε
999 4908 1112 4961 δεῖν
1134 4923 1150 4939 ⁸
1175 4909 1300 4970 τοὺς
1326 4908 1383 4963 δὲ
1410 4909 1632 4970 λοιποὺς
1655 4911 1768 4992 τοῖς

189 4996 422 5065 ἄρχουσί
450 5014 510 5050 τε
545 4999 640 5051 καὶ
668 4999 778 5051 τῶν
815 5002 1164 5070 στρατιωτῶν
1194 5001 1439 5067 λογάσιν,
1465 5003 1572 5070 ὅπη
1612 5019 1671 5054 τε
1701 5002 1769 5055 ἂν

190 5088 410 5155 ἑκάστῳ
446 5090 541 5142 καὶ
575 5093 810 5155 ὁπόσους
854 5092 1082 5162 βούλοιο.
1116 5094 1465 5161 Κατανείμας
1503 5095 1560 5146 δὲ
1597 5096 1766 5161 ἀναγ-

193 5179 384 5244 κάζειν
419 5183 564 5233 κατά
592 5184 751 5250 λόγον
782 5186 882 5252 τῆς
911 5184 1290 5253 νενεμημένης
1335 5185 1618 5248 εἱλωτείας
1648 5186 1770 5255 τρέ-

191 5288 314 5337 φειν
343 5271 574 5326 ἕκαστον
597 5276 837 5338 καὶτοὺς
867 5275 1125 5340 πελάτας,
1155 5278 1583 5340 στρατιωτικούς
1610 5295 1768 5340 τινας

192 5362 569 5430 θεράποντας·
614 5368 707 5419 καὶ
761 5368 837 5437 μὴ
889 5369 1014 5438 είκῆ
1065 5370 1334 5438 ὲντρυφᾷν
1385 5371 1497 5430 τοῖς
1552 5372 1768 5430 κοινοῖς.

195 5454 323 5520 μηδ’
349 5456 386 5508 ἆ
417 5458 466 5508 οἱ
504 5458 752 5526 πολέμιοι
800 5459 1036 5522 εὔξαιντ’
1065 5459 1152 5523 ἂν,
1185 5460 1281 5521 τὰς
1313 5458 1454 5529 ὑπὲρ
1499 5460 1592 5527 τῆς
1632 5462 1770 5529 ἡμευ

191 5545 360 5613 ’τέρας
410 5549 714 5614 ἀσφαλείας
770 5551 1016 5613 δαπάνας
1065 5551 1187 5618 είκῆ
1244 5549 1575 5612 διόλλυσθαι,
1613 5549 1770 5604 ταῦτ’

192 5635 392 5698 αὐτοὺς
448 5641 736 5705 φαίνεσθαι
804 5643 1346 5712 διαπραττομένους·
1419 5639 1648 5712 ἐ[ξελεῖν
1707 5660 1765 5695 τε

197 5726 434 5798 μάλιστα
468 5735 558 5786 καὶ
600 5735 798 5788 σαυτοῦ
847 5735 934 5788 καὶ
968 5733 1071 5788 τῶν
1109 5733 1281 5788 ἄλλων
1310 5733 1518 5805 τροφὴν
1546 5735 1763 5811 καὶπο-

1873 4639 2142 4692 tribntnm
2181 4646 2411 4693 crescat.
2496 4637 2569 4690 De
2623 4636 2710 4690 his
2756 4645 2934 4690 autem
2972 4637 3167 4691 llilutis
3200 4639 3438 4706 primum

1872 4740 1978 4780 tum
2008 4726 2228 4780 familia:
2255 4726 2401 4794 quod
2437 4725 2712 4780 videbitur
2748 4741 2886 4793 Opus
2911 4766 2924 4788 ,
2961 4727 3130 4794 selige
3157 4744 3171 4792 ;
3204 4728 3443 4796 reliquus

1869 4818 2070 4872 deinde
2101 4816 2376 4888 praefectis
2407 4827 2460 4871 et
2489 4817 2755 4871 militibus
2791 4816 3070 4885 primariis
3102 4827 3308 4885 quanto
3345 4836 3442 4868 vo-

1871 4911 1948 4963 les
1985 4926 2212 4963 nnmero
2251 4911 2514 4964 concede.
2566 4910 2704 4964 Tum
2755 4926 2884 4964 vero
2933 4921 3199 4978 cogantur
3240 4909 3436 4978 singuli

1871 5017 1966 5066 pro
2001 5001 2299 5055 Hilotarum
2337 5003 2700 5069 ascriplornm
2737 5018 2962 5055 numero
3014 5003 3240 5056 clientes
3269 5003 3436 5064 alere,

1869 5108 2058 5146 servos
2087 5091 2336 5145 videlicet
2355 5092 2636 5157 militares,
2661 5109 2728 5146 ne
2754 5094 3034 5159 pecuniam
3064 5094 3331 5162 publicam
3361 5103 3437 5145 te-

1873 5196 2018 5234 mere
2048 5179 2399 5247 profundant,
2419 5197 2650 5249 qua-que
2672 5181 2862 5235 hostes
2892 5181 2945 5234 in
2970 5183 3110 5235 votis
3135 5183 3354 5245 habent,
3379 5195 3440 5236 ut

1871 5271 2062 5324 salutis
2090 5274 2400 5325 communis
2425 5274 2680 5339 impensa
2701 5274 2927 5338 turpiter
2955 5273 3306 5340 dissipentur,
3336 5278 3434 5344 ipsi

1875 5363 2158 5416 videantur
2189 5379 2507 5431 procurare,
2542 5364 2640 5417 abs
2683 5371 2733 5416 te
2767 5373 2946 5416 autem
2976 5375 3139 5431 atque
3181 5365 3303 5420 aliis
3337 5367 3436 5420 ali-

1873 5464 2052 5508 menta
2081 5470 2144 5510 ac
2167 5465 2416 5524 sumptus
2447 5456 2680 5524 grandes
2710 5463 2957 5509 avertere
2986 5493 3001 5516 ,
3035 5457 3217 5508 omnia
3249 5470 3431 5513 autem

1876 5550 1930 5602 in
1987 5548 2111 5602 belli
2158 5556 2455 5617 apparatus
2503 5555 2861 5611 convertere;
2911 5546 3111 5598 nemini
3143 5549 3286 5600 enim
3325 5565 3432 5605 non

1879 5641 2050 5710 magis
2074 5657 2235 5709 quam
2276 5639 2408 5706 regi,
2442 5648 2536 5691 aut
2579 5638 2807 5691 militum
2861 5637 2984 5689 duri
3034 5639 3437 5709 magistralnive

1875 5745 2121 5803 sumptus
2147 5711 2488 5787 incumbunt.
2519 5730 2732 5796 Quanto
2769 5729 2886 5799 plus
2917 5732 3113 5785 etenim
3139 5733 3203 5787 ad
3231 5733 3432 5788 bellum
