3828 6180
378 293 488 358 8ο3

1570 293 1895 355 GEORGII
1939 297 2368 359 PLETHONIS

2653 227 2686 249 δ

3536 301 3655 364 δῦῑ

381 411 1044 482 gerendumimpendunt,
1076 422 1142 463 eo
1167 406 1345 462 minus
1369 406 1619 475 spectati,
1645 405 1756 460 imo
1787 407 1960 476 magis

2098 409 2341 462 υτέλειαν
2361 425 2376 439 ⁸
2415 410 2504 462 ἐπὶ
2535 409 2589 462 δὲ
2620 409 2713 470 τὰς
2743 409 2874 478 προς
2900 410 2994 486 τὸν
3020 410 3255 478 πῦλεμον
3281 412 3648 480 παρασκευὰς

386 504 770 561 contemnendi
810 503 1082 561 hostibus.
1115 511 1167 554 et
1196 501 1385 554 amicis
1414 507 1600 552 erunt.

387 599 614 668 ἡγεμόνι
665 599 760 650 καὶ
795 599 961 650 παντὶ
1010 596 1232 665 ἄρχοντι
1269 598 1535 667 προσήκει
1593 594 1912 648 πολυτέλεια
1941 610 1955 624 ·

2068 500 2128 554 τὸ
2153 501 2298 554 ἅπαν
2350 500 2584 570 τρέψαιο
2633 502 2708 563 ὼς
2754 506 2913 554 παντὶ
2961 503 3159 568 μᾶλλον
3211 503 3242 569 ἢ
3297 502 3507 568 βασιλεῖ
3556 504 3659 554 καὶ

2033 595 2160 651 ὅσον
2223 594 2331 661 γὰρ
2380 593 2477 660 τῆς
2515 593 2652 660 πρὸς
2696 597 2787 647 τὸν
2840 597 3074 656 πόλεμον
3117 593 3419 652 ἀπολλύασι
3463 610 3658 664 παρα⁸

395 694 602 758 σκευῆς
628 693 822 748 ἄλλοσε
857 691 1234 754 δαπανῶντες,
1277 690 1530 744 τοσοῦτον
1573 693 1674 760 τῆς
1707 689 1856 759 σφῶν
1886 689 2067 741 αὐτῶν
2090 687 2248 754 ἀξίας
2280 688 2618 742 ἀπολλύασιν
2681 688 3300 760 εὐκαταφρονηιτότεροι
3363 689 3474 756 (52)
3555 687 3658 754 μὲν

385 791 500 848 τοῖς
537 788 839 858 πολεμίοις,
876 786 1272 857 ἀχρηστότεροι
1316 787 1372 839 δὲ
1408 787 1521 848 τοῖς
1559 785 1758 852 φιλίοις
1782 781 2118 852 γιγνόμενοι.

455 883 548 937 26.
583 883 709 938 llaec
739 895 958 952 qttoque
1009 893 1218 936 naturae
1255 881 1573 936 consideres
1609 879 1737 933 licet
1769 891 1962 932 exem-

389 974 718 1044 pla.'Aquila
754 990 845 1028 rex
879 972 1095 1040 quidem
1129 982 1213 1026 est
1245 977 1426 1026 avium
1459 983 1512 1024 et
1541 970 1662 1024 Jovi
1711 969 1810 1022 fuit
1839 969 1968 1022 olim

391 1072 768 1125 consecratus,
808 1061 1030 1115 minime
1059 1071 1235 1114 tamen
1259 1061 1438 1114 varias
1463 1070 1554 1113 aut
1581 1058 1847 1129 fulgentes
1880 1061 1973 1111 ha-

390 1151 487 1205 bet
516 1153 648 1206 alas.
684 1151 831 1205 Pavo
863 1162 1052 1206 contra
1088 1153 1272 1207 varius
1301 1153 1520 1222 quidem
1555 1158 1637 1205 est
1662 1158 1716 1203 et
1739 1148 1972 1218 fulgens,

392 1243 488 1298 sed
521 1242 742 1297 minime
779 1243 920 1312 regia
951 1253 1162 1307 natura,
1210 1243 1509 1312 pluresque
1567 1256 1694 1297 aves
1734 1241 1851 1294 aliae
1883 1254 1977 1307 pa-

395 1348 534 1388 vone
565 1334 719 1405 longe
750 1335 972 1389 viliores
1007 1335 1250 1389 colorum
1293 1343 1424 1390 sunt
1478 1333 1739 1388 varietate
1774 1331 1970 1386 distin-

392 1435 512 1481 ctae.
568 1425 746 1491 Quare
782 1426 1014 1492 videtur,
1050 1426 1144 1495 qui
1178 1427 1421 1482 vestibus
1463 1425 1741 1496 praatextis
1781 1438 1844 1476 ac
1892 1423 1967 1478 si-

399 1514 617 1567 milibus
655 1515 922 1582 superbit,
957 1524 1213 1582 tanquam
1269 1515 1497 1583 pat‘onis
1562 1514 1967 1584 pulchritudine

397 1605 773 1674 gloriariJam
810 1606 941 1659 illud
975 1617 1182 1677 specta,
1217 1608 1356 1661 sitne
1381 1608 1664 1661 honestius
1685 1605 1967 1674 acjut-un-

397 1696 545 1759 dius,
584 1697 687 1750 huc
716 1700 984 1764 priecipue
1037 1699 1344 1751 tendentem
1368 1740 1381 1761 ,
1419 1706 1473 1750 et
1522 1697 1663 1750 bello
1703 1704 1967 1763 quantum

398 1789 527 1843 licet
552 1789 950 1852 consulentem,
979 1789 1263 1843 moderato
1295 1796 1405 1840 tum
1448 1785 1665 1850 vestitu,
1705 1795 1818 1839 tum
1856 1783 1978 1837 reli-

399 1880 510 1945 q'uo
544 1877 758 1930 vivendi
810 1879 992 1943 modo,
1033 1879 1221 1932 hostes
1256 1878 1472 1946 quidem
1502 1885 1876 1939 contemnere,
1911 1873 1978 1927 de

401 1969 631 2034 imperio
682 1979 864 2023 autem
923 1985 986 2024 ac
1037 1986 1200 2038 regno
1233 1960 1482 2024 securum
1547 1985 1688 2033 esse,
1727 1983 1793 2020 an
1831 1976 1980 2021 veste

401 2073 660 2132 praetexta
728 2063 1033 2116 involutum
1099 2076 1329 2117 tremere
1378 2075 1430 2117 ct
1465 2063 1651 2117 hostes
1687 2063 1981 2114 metuere?

405 2153 559 2220 Quod
606 2156 648 2208 si
683 2170 847 2224 porro
885 2164 1127 2223 pastores
1157 2153 1373 2219 essetis,
1407 2161 1531 2207 utro
1560 2153 1719 2207 modo
1760 2153 1842 2205 Iac
1877 2151 1981 2202 im-

403 2243 694 2312 pendetis?
723 2251 905 2296 utrum
945 2254 1154 2312 partem
1185 2241 1402 2312 quidem
1439 2242 1664 2296 alteram
1715 2241 1816 2310 ipsi
1847 2256 1980 2294 con~

403 2335 718 2396 sumcretis,
753 2333 921 2387 altera
946 2349 1082 2386 vero
1120 2315 1284 2387 canes
1323 2333 1579 2387 robustos
1609 2331 1852 2391 aleretis.
1885 2331 1979 2400 qui

409 2443 440 2479 a
476 2425 714 2479 ferarum
770 2425 986 2481 insidiis
1042 2426 1186 2479 ovile
1237 2424 1616 2488 defenderent,
1659 2433 1715 2477 ut
1747 2439 1812 2477 eo
1846 2439 1981 2478 Cott—

407 2532 624 2578 seerato
663 2531 777 2576 tum
809 2505 1056 2590 pastores
1087 2536 1231 2587 esse,
1265 2530 1379 2573 tum
1420 2519 1688 2573 fructibus
1733 2519 1826 2571 diu
1871 2518 1976 2571 frui

404 2613 638 2681 possetis
667 2630 682 2667 :
715 2629 781 2665 an
823 2615 925 2667 hoc
967 2612 1241 2680 neglecto,
1278 2621 1482 2679 partem
1509 2611 1726 2680 quidem
1757 2610 1982 2664 alteram

403 2705 813 2773 ingurgitaretis
842 2714 896 2757 et
924 2705 1247 2756 vestimenta
1278 2701 1624 2772 prolueretis,
1665 2701 1830 2754 altera
1859 2716 1984 2754 vero

404 2793 760 2850 robustorum
803 2793 920 2847 loco
957 2793 1212 2846 Melitazos
1243 2793 1468 2846 catellus
1495 2801 1546 2845 et
1575 2791 1766 2860 vulpes
1808 2791 1984 2845 alere-

407 2887 500 2949 tis,
539 2894 635 2939 aut
671 2899 856 2949 ursos,
894 2895 952 2938 ut
1003 2885 1395 2940 voracissimas
1433 2884 1635 2939 bestias
1678 2883 1753 2938 ita
1793 2899 1982 2954 parum

406 2980 645 3032 intentas
670 2978 949 3032 custodiae.
986 2978 1217 3032 Istorum
1250 2977 1393 3031 enim
1428 2975 1643 3031 insidiis
1675 2991 1802 3044 grex
1837 2976 1983 3029 brevi

2146 883 2260 938 xg’.
2291 876 2502 947 Σκέψαι
2532 876 2588 930 δδ
2623 877 2719 930 καὶ
2760 878 2824 930 lx
2855 876 3070 930 τοιῶνδε
3097 879 3194 944 τῆς
3229 877 3443 945 φύσεως
3473 893 3662 942 παρα-

2075 968 2404 1033 δειγμάτων.
2449 967 2637 1026 Ἀετὸς
2668 969 2770 1036 μὲν
2803 967 3058 1035 βασιλεὺς
3082 968 3230 1019 δοκεῖ
3256 984 3340 1030 τις
3371 967 3527 1034 ὅρνις
3561 969 3662 1020 καὶ

2076 1058 2427 1127 ἡγεμονικὸς,
2461 1059 2585 1120 Διός
2611 1075 2671 1110 τε
2708 1058 2853 1128 ἱερὸς
2894 1059 3064 1110 πάλαι
3091 1059 3377 1126 νενόμιστο
3399 1075 3412 1088 ·
3447 1060 3663 1129 ἥκιστα

2080 1151 2266 1220 μέντοι
2291 1150 2558 1212 ποικίλος,
2589 1150 2712 1203 οὐδὲ
2736 1150 3052 1218 χρυσαυγὴς
3076 1150 3178 1217 ἔφυ
3205 1151 3303 1218 τὴν
3335 1151 3624 1219 πτέρωσιν
3646 1169 3660 1182 ·

2074 1239 2224 1300 ταὼς
2254 1239 2312 1291 δὲ
2363 1240 2609 1302 ποικίλος
2664 1239 2762 1307 μὲν
2817 1241 2910 1294 καὶ
2957 1242 3295 1308 χρυσαυγὴς,
3352 1240 3567 1308 ἣκιστα
3617 1239 3665 1292 δ’

2071 1330 2397 1400 ἡγεμονικὸς
2422 1329 2521 1397 τὴν
2576 1330 2756 1398 φύσιν.
2811 1331 2993 1400 Συχνὰ
3038 1348 3096 1384 τε
3144 1331 3278 1384 ἄλλα
3326 1331 3492 1400 δρνει
3541 1332 3665 1383 ταῶ

2073 1419 2257 1486 πολλῷ
2313 1420 2624 1489 φαυλότερα
2670 1421 3020 1475 πεποίκιλται
3061 1439 3120 1475 τε
3169 1423 3267 1476 καὶ
3303 1421 3663 1490 διήνθισται·

2070 1511 2212 1566 ὥστε
2249 1511 2552 1565 κινδυνεύει
2603 1513 2658 1566 εί
2685 1530 2772 1574 τις
2817 1513 2910 1566 ἐπὶ
2949 1512 3182 1581 ποικίλῳ
3216 1529 3274 1566 τε
3317 1515 3410 1566 καὶ
3458 1531 3670 1604 χρυσοῖ

2073 1604 2268 1673 πάστῳ
2321 1603 2652 1672 σεμνύνεται
2704 1603 2894 1672 ἐσθῆτι
2933 1607 3032 1658 καὶ
3075 1608 3191 1668 τοῖς
3230 1605 3522 1669 τοιούτοις,
3579 1607 3655 1658 ἐπ

2077 1693 2230 1748 οὐδὲν
2269 1695 2639 1764 σεμνοτέρῳῆ
2686 1697 2802 1748 ταὼ
2825 1695 3011 1749 κάλλει
3058 1697 3202 1765 μέγα
3233 1699 3468 1766 φρονεῖν.
3533 1697 3672 1750 2:6-

2079 1798 2171 1834 πει
2203 1783 2258 1835 δὲ
2303 1784 2548 1845 κάκεῖνο,
2588 1785 2795 1855 πότερα
2847 1787 3176 1855 σεμνότερον
3207 1786 3240 1856 ἦ
3274 1788 3446 1857 ἥδιον,
3481 1787 3669 1858 ταύτῃ

2083 1875 2320 1944 μάλιστα
2350 1876 2721 1945 τραπόμενον,
2766 1877 2860 1930 καὶ
2891 1879 3028 1948 πρὸς
3057 1879 3148 1930 τὸν
3180 1878 3416 1948 πόλεμον
3445 1882 3520 1932 ὲκ
3559 1881 3669 1932 τῶν

2080 1967 2310 2019 ἐνόντων
2357 1967 2802 2035 ἀσφαλισάμενον
2848 1971 2905 2022 ὲν
2941 1970 3137 2040 μετρίᾳ
3174 1974 3272 2040 μὲν
3315 1972 3540 2041 ἐσθῆτι,
3578 1990 3670 2043 με·

2061 2057 2207 2129 ,τρία
2229 2058 2286 2111 δὲ
2316 2062 2382 2128 τῇ
2412 2059 2548 2132 ἄλλῃ
2596 2060 2800 2132 διαίτῃ,
2831 2066 3194 2133 καταφρονεῖν
3224 2065 3321 2132 μὲν
3362 2065 3472 2117 τῶν
3503 2070 3669 2118 1:01:-

2087 2151 2246 2220 μίων,
2285 2151 2509 2224 Θαρῤεῖν
2543 2154 2588 2204 δ’
2625 2153 2764 2222 ὑπὲρ
2807 2155 2907 2223 τῆς
2943 2157 3123 2226 ἀρχῆς
3160 2160 3252 2212 καὶ
3301 2159 3668 2226 βασιλείας,ἢ

2081 2243 2454 2312 χρυσοπάστῳ
2506 2243 2694 2310 ἐσθῆτι
2745 2245 3114 2316 ἐνειλημένον,
3146 2248 3370 2318 τρέμειν
3429 2251 3528 2303 καὶ
3590 2250 3670 2303 65-

2081 2335 2252 2388 διέναι
2281 2334 2410 2396 τοὺς
2463 2335 2708 2405 ἐχθρούς.
2751 2337 2809 2390 El
2839 2338 2896 2391 δὲ
2927 2340 3022 2391 καὶ
3055 2342 3312 2410 ποιμένες
3353 2337 3473 2405 ἦτε.
3513 2345 3672 2395 ποτέ·

2089 2443 2191 2496 ρους
2223 2425 2289 2478 ἂν
2339 2427 2418 2497 τῷ
2450 2429 2684 2496 γάλακτι
2742 2430 3092 2501 ἐπιχρῆσοε;
3148 2434 3353 2502 πότερα
3409 2435 3501 2486 τοῦ
3574 2437 3671 2504 μὲν

2083 2517 2239 2572 αὐτοὶ
2273 2518 2512 2587 μετρίως
2567 2519 2955 2584 ἀπολαύοντες,
2996 2521 3089 2575 τοῦ
3125 2523 3182 2576 δὲ
3234 2523 3401 2586 κύνας
3438 2525 3504 2577 ἂν
3543 2527 3672 2594 τρέ-

2086 2625 2280 2677 φοντες
2308 2608 2573 2678 ἀλκίμους
2595 2627 2656 2662 τε
2687 2613 2781 2665 καὶ
2807 2613 3292 2682 προϐατευτικοίες,
3321 2615 3398 2684 τῷ
3425 2618 3672 2685 ποιμνίῳ

2087 2702 2183 2753 ἐπὶ
2210 2702 2277 2752 τὰ
2307 2701 2735 2756 ἐπιεουλεύοντα
2776 2705 2887 2759 τῶν
2934 2704 3139 2775 θηρίων
3172 2706 3541 2776 ἀμυνοῦντας,
3590 2708 3674 2759 ἵνα

2087 2793 2151 2863 δὴ
2182 2793 2312 2859 ὑμῖν
2338 2794 2398 2846 τὸ
2451 2794 2707 2864 ποίμνιον
2743 2798 3054 2867 σωζόμενον
3096 2798 3408 2869 παρείχετο,
3445 2800 3673 2866 ποιμέσι

2087 2902 2148 2938 τε
2179 2881 2346 2950 εἶναι,
2376 2886 2471 2939 καὶ
2523 2887 2618 2940 ἐπὶ
2675 2887 2810 2942 πολὺ
2860 2887 3155 2943 ἀπολαύειν
3186 2889 3292 2944 τῶν
3327 2892 3563 2960 καρπῶν
3594 2907 3611 2957 ;
3645 2890 3673 2959 ἢ

2089 2975 2494 3046 ἀμελήσαντες,
2531 2979 2626 3032 τοῦ
2662 2980 2762 3047 μὲν
2793 2980 3047 3050 ἀμέτρως
3083 2982 3419 3054 ὲνεφορεῐσθ’
3453 2983 3546 3044 ἂν,
3585 2985 3676 3034 καὶ

407 3071 688 3124 dilabitur.
740 3069 864 3123 Milli
895 3069 1117 3138 quidem
1154 3069 1364 3124 similes
1409 3069 1619 3137 aliquot
1677 3067 1778 3120 viri
1832 3067 1984 3122 vobis

2098 3071 2237 3123 κατὰ
2279 3071 2389 3124 τῶν
2429 3071 2663 3142 ἱματίων
2703 3073 3056 3143 κατεχεϊσοε·
3093 3074 3186 3128 τοῦ
3237 3075 3284 3128 δ’
3331 3075 3451 3128 ἀντὶ
3495 3077 3676 3129 κυνῶν

402 3161 632 3217 insidias
662 3179 726 3217 ac
757 3163 999 3216 fraudem
1027 3173 1238 3218 struere
1268 3162 1545 3226 videntur,
1576 3161 1667 3230 qui
1696 3161 1982 3216 libidinum

408 3257 629 3309 mulum
669 3265 854 3310 tenent
894 3257 1126 3310 nullum.

2091 3163 2345 3232 ἀλκίμων
2379 3163 2653 3219 Μελιταῖά
2681 3180 2740 3218 τε
2772 3165 2983 3218 κυνίδια
3028 3168 3123 3220 καὶ
3155 3165 3448 3231 ἀλώπεκας
3486 3167 3677 3236 ἐντρέ-

2092 3273 2244 3324 φετε,
2275 3256 2309 3326 ἢ
2341 3256 2604 3326 ἄρκτους,
2647 3255 2936 3327 βορώτατα
2987 3257 3088 3327 μὲν
3119 3258 3346 3328 Θηρίων,
3389 3258 3601 3328 ἥκιστα
3625 3257 3677 3310 δὲ

406 3348 760 3413 (palatini;
803 3347 926 3414 Ὑφ’
973 3341 1049 3401 ὦν
1097 3349 1228 3417 ὑμῖν
1269 3350 1366 3401 καὶ
1405 3349 1515 3401 τῶν
1545 3346 1720 3403 ἄλλων
1770 3349 1837 3401 ἂν
1867 3347 1978 3400 τῶν
2017 3345 2240 3418 ἔξ[ωθεν
2269 3347 2736 3401 ἐπιϐουλευόντων
2760 3351 2899 3418 ταχὺ
2932 3349 2997 3402 ἂν
3025 3349 3220 3418 ἔμελλε
3297 3350 3358 3404 τὸ
3420 3349 3678 3418 ποίμνιον

405 3440 742 3492 διασπασοὲν
779 3439 1123 3509 οίχήσεσοαι.
1174 3443 1598 3511 Παραπλησίους
1663 3443 1770 3510 γάρ
1817 3458 1908 3510 μοι
1974 3441 2185 3494 δοκεῖτε
2238 3441 2463 3512 τρέφειν
2501 3441 2710 3496 τούτων
2755 3443 2952 3507 ένίους,
3012 3443 3120 3498 τῶν
3169 3443 3304 3515 πρὸς
3387 3443 3676 3497 κολακείαν

411 3541 507 3590 καὶ
533 3537 686 3590 δόλον
724 3537 855 3605 ὑμῖν
884 3539 1344 3609 προσφερομένων
1371 3539 1402 3590 ἢ
1434 3537 1735 3607 συλλήϐδην
1769 3537 1984 3592 ἅπαντα
2025 3537 2392 3591 καταπίεσοαι
2445 3539 2757 3608 κεχηνότων
2800 3539 3038 3610 οὐδαμοῦ
3107 3557 3168 3594 τε
3235 3543 3337 3610 τῆς
3377 3540 3676 3610 ἐπιθυμίας

413 3630 606 3695 στῆναι
654 3629 990 3698 δυναμένων.

479 3721 572 3774 27.
610 3720 693 3774 'l‘u
713 3735 862 3784 vero,
883 3720 1210 3789 sijustitiam
1233 3737 1486 3776 exercere
1502 3733 1555 3776 et
1579 3723 1789 3778 ca‘tcris
1817 3731 1876 3777 ut
1900 3723 1994 3778 tibi

412 3812 517 3880 ipsi
557 3812 815 3880 prodesse
839 3814 919 3866 vis
941 3821 995 3867 et
1016 3813 1346 3880 voluptatem
1378 3817 1601 3869 sectaris
1621 3815 1736 3870 viro
1760 3815 1994 3884 ingenuo

412 3903 659 3974 dignam,
687 3904 812 3958 illuc.
837 3919 1001 3958 omne
1025 3904 1264 3960 studium
1290 3913 1564 3972 converte,
1588 3905 1718 3960 nihil
1739 3906 1994 3961 omittens

419 4013 598 4063 neque
616 4006 938 4066 praetexens,
963 3997 1075 4052 sive
1091 3995 1219 4066 quid
1238 4006 1331 4051 aut
1351 3997 1590 4067 priorum
1613 4013 1794 4067 regum
1814 3998 1996 4061 alicui,

413 4097 510 4142 aut
539 4087 640 4156 ipsi
674 4088 768 4142 tibi
811 4089 970 4143 aliter
991 4089 1121 4144 olim
1163 4088 1268 4142 fuit
1301 4089 1501 4155 visum,
1528 4087 1640 4143 sive
1664 4088 1988 4156 quibusdam

409 4198 520 4237 non
539 4190 625 4236 est
649 4197 734 4238 res
754 4181 950 4251 plaeitu
961 4197 1040 4247 ra;
1063 4179 1155 4236 sed
1175 4195 1298 4234 eum
1317 4179 1498 4233 omnia
1522 4193 1768 4243 movens,
1784 4189 1896 4232 tum
1914 4178 1996 4232 ni-

412 4274 490 4328 hil
527 4291 631 4328 non
666 4275 732 4329 ad
751 4289 1096 4327 communem
1126 4273 1352 4326 salutem
1379 4272 1649 4342 pertinere
1675 4271 1850 4325 visum
1878 4278 1994 4325 ten-

411 4375 566 4429 tans.
593 4368 810 4436 quando
839 4381 905 4419 ne
939 4364 1134 4419 medici
1159 4363 1376 4433 quidem
1405 4376 1502 4418 sua
1531 4376 1746 4431 semper
1765 4369 1994 4430 possunt

415 4472 642 4512 servare
685 4457 923 4518 decreta,
953 4453 1047 4509 sed
1079 4469 1200 4508 cum
1235 4453 1421 4507 omnia
1451 4461 1690 4518 movent,
1720 4460 1832 4505 tum
1861 4450 1995 4504 nihil

2170 3718 2273 3784 κζ’.
2318 3719 2458 3771 ’Λλλ’
2485 3720 2532 3771 εί
2563 3719 2745 3788 βούλει
2774 3720 2840 3774 τά
2866 3737 2926 3772 τε
2955 3719 3273 3773 δικαιότατα
3310 3722 3490 3772 ποιεῖν
3525 3719 3598 3772 τά
3624 3736 3674 3772 τε

2097 3810 2519 3880 λυσιτελέστατα
2561 3810 2744 3879 σαυτῷ
2781 3827 2841 3864 τε
2902 3813 3016 3881 ὗμα
3052 3811 3146 3864 καὶ¹
3197 3811 3275 3880 τῷ
3315 3812 3463 3880 ἄλλῳ
3502 3801 3672 3879 γένει,

2097 3907 2168 3960 τά
2200 3904 2247 3958 θ’
2285 3904 2447 3976 ἡδονῇ
2505 3903 2744 3957 νικῶντα
2791 3907 2858 3974 τῇ
2900 3903 3114 3973 ἀλιθινῇ
3161 3905 3253 3956 καὶ
3285 3903 3526 3975 καθαρᾷ)
3585 3906 3674 3958 καὶ

2099 3997 2255 4067 ἀνῗρὶ
2286 3995 2640 4068 προσηκούσῃ
2689 3995 2840 4064 καλῷ
2868 4011 2929 4048 τε
2959 3995 3215 4064 κάγαθῷ,
3259 3996 3433 4067 ταύτῃ
3461 3997 3673 4066 spiam

2103 4088 2306 4156 σπουδῇ
2362 4087 2536 4160 πάσῃ,
2581 4087 2738 4140 οὐδὲν
2784 4087 3102 4156 ὑφιέμενος,
3133 4089 3242 4140 οὐδ’
3281 4087 3672 4156 ὑπολογιζόμε-

2099 4197 2209 4244 νος,
2239 4179 2352 4232 οΰτ’
2377 4180 2429 4232 εί
2458 4197 2565 4232 τινι
2601 4181 2714 4233 τῶν
2741 4179 3008 4251 πρότερον
3051 4180 3337 4250 βασιλέων,
3383 4181 3417 4251 ἢ
3475 4183 3676 4251 ἡγεμό-

2098 4291 2226 4338 νων,
2256 4270 2370 4325 οὕτ’
2398 4273 2452 4326 εί
2483 4289 2564 4325 σοι
2595 4271 2745 4342 αὐτῷ
2777 4271 2979 4343 ἑτέρως
3013 4289 3112 4326 που
3129 4273 3382 4326 δέδοκται
3410 4274 3513 4343 ἤδη
3551 4276 3674 4342 περὶ

2099 4365 2210 4419 τῶν
2237 4364 2439 4429 αὐτῶν,
2475 4362 2591 4417 οὔτ’
2619 4365 2673 4418 εἴ
2699 4381 2846 4418 τισιν
2880 4366 2940 4418 οὐ
2977 4363 3100 4418 καθ’
3141 4365 3335 4435 ἡδονήν
3379 4383 3431 4418 τι
3466 4366 3674 4431 μέλλεις

2102 4459 2312 4511 ποιεῖν⁶
2349 4457 2485 4510 ἀλλά
2518 4459 2696 4511 πάντα
2730 4457 2918 4522 κινῶν,
2952 4462 3048 4511 καὶ
3091 4458 3309 4511 πάντων
3338 4457 3673 4529 πειρώμενος

416 4548 484 4602 ad
505 4547 792 4601 sanitatem
820 4547 1098 4614 pertinens
1121 4545 1400 4607 omittunt,
1429 4559 1493 4598 ac
1515 4551 1702 4598 secant
1722 4543 1885 4596 etiam
1913 4541 1984 4594 vel

2099 4549 2207 4600 τῶν
2245 4549 2383 4617 πρὸς
2417 4550 2694 4619 σωτηρίαν
2742 4550 2932 4618 φέρειν
2964 4549 3270 4603 δοκούντων
3315 4550 3417 4619 τὴν
3454 4552 3670 4618 κοινὴν·

417 4646 609 4700 urunt,
655 4652 986 4704 unacunque
1023 4635 1294 4688 interdum
1332 4635 1414 4688 vel
1450 4635 1636 4704 pedem
1677 4634 1902 4703 insuper
1927 4631 1996 4686 ub

418 4729 652 4784 salutem
697 4727 862 4782 totius
897 4726 1142 4796 corporis
1174 4725 1528 4780 abscindunt.
1568 4725 1770 4780 llorum
1824 4724 1999 4794 siqui-

419 4823 540 4876 dem
574 4822 690 4890 ipse
719 4819 994 4887 quaedam,
1028 4818 1071 4873 si
1107 4817 1400 4879 videbitur,
1432 4833 1554 4872 cum
1589 4817 1751 4871 liceat
1784 4857 1798 4881 ,
1836 4833 1996 4886 pera-

418 4931 536 4984 ges,
573 4912 832 4966 nonnulla
857 4911 926 4965 ab
947 4913 1191 4980 Augusto
1225 4911 1553 4980 imperatore
1576 4919 1631 4962 et
1657 4908 1822 4963 Patre
1852 4909 1999 4965 salu-

422 5005 493 5058 tis
525 5003 757 5075 publicae
801 5019 968 5058 causa
1021 5003 1320 5071 postulabis
1345 5044 1360 5067 ,
1392 5018 1569 5072 neque
1601 5002 1698 5057 tibi
1729 5003 1817 5056 ille
1859 5003 1998 5057 ditii-

415 5099 596 5154 culter
625 5112 690 5152 ea
720 5096 1007 5162 concedet,
1040 5112 1164 5150 cum
1202 5096 1307 5151 huc
1347 5107 1598 5166 spectare
1635 5097 1954 5165 cognoverit
1979 5140 1993 5162 ,

419 5193 700 5261 ingenium
753 5191 913 5244 simul
964 5200 1018 5243 et
1063 5191 1326 5257 impetum
1381 5189 1626 5244 divinum
1674 5191 1996 5244 admiratus.

417 5284 692 5340 Caeterum
728 5283 836 5347 his,
868 5297 989 5352 quae
1016 5281 1252 5334 maxime
1281 5291 1333 5335 et
1364 5282 1616 5348 proxime
1655 5280 1905 5335 videntur
1931 5281 1995 5334 ad

493 5459 604 5524 (52)
637 5457 1446 5531 ’ἐπί-ξελθεῖν..εὐκαταφοςη]
1478 5457 1697 5523 τότεροι
1726 5459 1842 5531 κτλ.
1872 5460 2001 5522 Quae

423 5532 566 5585 inter
599 5528 768 5585 uncos
799 5533 1050 5598 leguntur
1084 5549 1127 5582 e.
1167 5533 1289 5584 cod.
1329 5528 1459 5581 Tor.
1507 5531 1751 5578 restituta
1782 5528 1998 5582 damus.

428 5600 616 5652 llentto
644 5597 952 5670 inspicit-nti
995 5601 1123 5656 tnihi
1149 5599 1282 5655 Cod.
1345 5600 1553 5670 Monac.
1610 5597 1674 5647 ad
1704 5599 2000 5670 tti;trgitt}_-ttt

429 5685 479 5719 ιι.
539 5668 1044 5723 ΑιιιΙΓ.’1);ιιλιιι;ιι·ἰί
1102 5687 1261 5723 manu
1329 5669 1588 5734 scriptum
1650 5683 1705 5717 se
1770 5668 1998 5719 obtulit:

427 5738 579 5787 ἐστὶν
599 5737 840 5804 ἐξίτηλον
866 5741 1080 5809 ὑπὸτῆς
1103 5741 1476 5809 ἀρχαιότητος.
1506 5735 1635 5791 Ιιιιις
1657 5739 1772 5790 cod.
1801 5737 1999 5792 ΜΔΝ-ιι.

2099 4639 2256 4703 εἰδὼς
2285 4641 2378 4692 καὶ
2410 4642 2539 4703 τοὺς
2569 4640 2789 4709 ἰατροὺς
2817 4640 3162 4708 δεδογμένοις
3193 4639 3324 4693 οὔτε
3349 4643 3464 4702 τοῖς
3498 4643 3670 4706 σφίσιν

2098 4733 2200 4804 ἤδη
2231 4733 2415 4793 αὐτοῖς
2442 4733 2704 4803 ἐμμένειν
2725 4732 3516 4802 ὲκὰστοτεάναγκαζομένους,
3549 4731 3671 4784 sm

2104 4825 2282 4878 πάντα
2335 4824 2436 4895 μὲν
2471 4825 2777 4889 κινοῦντας,
2818 4825 3170 4894 φειδομένους
3207 4826 3262 4878 δὲ
3299 4825 3538 4887 οὑξενθρς,
3578 4827 3669 4877 ὅτι

2102 4917 2170 4972 ἂν
2202 4918 2338 4988 πρὸς
2371 4917 2431 4970 τὸ
2476 4919 2648 4988 παρὸν
2687 4917 2917 4985 ὠφελεῖν
2947 4919 3078 4989 δοκῇ
3100 4934 3115 4950 ο
3153 4917 3251 4987 καὶ
3301 4917 3596 4986 τέμνοντες
3621 4913 3671 4965 δὲ

2101 5011 2196 5064 καὶ
2229 5011 2508 5074 καίοντας,
2539 5013 2633 5064 καὶ
2684 5014 2844 5081 χεῖρα
2873 5011 3022 5065 ἔστιν
3053 5015 3142 5066 ὅτε
3181 5011 3277 5064 καὶ
3308 5010 3447 5063 πόδα
3485 5006 3671 5060 ἀποκό-

2105 5119 2336 5166 πτοντας
2383 5104 2524 5174 ὑπὲρ
2553 5104 2650 5170 τῆς
2694 5104 2790 5157 τοῦ
2823 5104 2944 5158 ὅλου
2979 5102 3233 5172 σώματος
3283 5100 3584 5169 σωτηρίαι
3609 5124 3669 5136 ⁴··

2103 5191 2327 5267 Τούτων¹
2376 5193 2485 5261 γὰρ
2537 5193 2606 5245 τὰ
2641 5194 2740 5262 μὲν
2788 5194 2950 5255 αὐτὸς
3003 5193 3124 5256 ἐξόν
3171 5209 3253 5245 σοι
3290 5193 3540 5259 ποιήσεις
3573 5190 3668 5251 afri

2107 5282 2354 5353 βούλοιο·
2393 5283 2462 5336 τὰ
2494 5283 2551 5337 δὲ
2601 5284 2694 5338 καὶ
2744 5284 2838 5338 τοῦ
2873 5286 3150 5339 Θειοτατου
3196 5285 3462 5354 βασιλέως
3506 5299 3564 5333 τε
3593 5279 3671 5331 au".

2114 5461 2367 5516 identitas
2428 5477 2551 5514 eum
2613 5461 2873 5516 Santbuci
2925 5479 3038 5529 quo
3099 5462 3362 5516 Canterus
3422 5473 3555 5512 usus
3599 5467 3667 5510 est

2107 5544 2262 5586 extra
2303 5533 2528 5586 dubium
2571 5543 2651 5585 est
2689 5537 2882 5597 posita.
2925 5531 3053 5584 item
3112 5533 3356 5583 Vitll'lllils
3419 5531 3535 5581 loca
3588 5532 3668 5580 ali:

2111 5603 2282 5654 sentia
2314 5619 2439 5664 non,
2478 5602 2604 5653 utin
2633 5601 2753 5654 end.
2784 5601 2990 5656 Monac.
3015 5618 3041 5653 a
3076 5601 3433 5653 Iihrarioesse
3458 5599 3665 5659 omissa,

2111 5676 2202 5728 sed
2241 5673 2306 5726 ob
2345 5681 2663 5728 vetustatem
2703 5671 2985 5725 oculorum
3019 5673 3188 5724 aciem
3220 5670 3418 5737 fugere.
