3828 6180
414 289 516 352 857

1603 291 1936 364 ‘eEoneIt
1975 291 2407 370 rLsTHONt-s

3551 313 3658 378 85‘!

410 401 554 471 quod
587 404 862 470 cenve'nit,
906 413 1064 474 prout
1104 407 1392 465 referimur
1442 411 1506 466 ad
1541 414 1772 482 quidvis‘
1804 417 1944 470 aliud

2050 466 2052 478 .
2082 422 2276 486 αὑτοῦ,
2315 425 2445 493 περὶ
2481 425 2584 494 μὲν
2604 426 2669 480 τὰ
2706 428 2860 496 βίαια
2899 428 3004 480 τῶν
3037 429 3378 499 παθημάτων
3405 429 3541 511 ἔχων
3563 433 3659 484 ἀν’

410 495 689 557 Quatenus
710 511 838 548 vero
860 512 1044 551 secmn
1073 501 1189 568 ipse
1207 513 1577 572 comparatur,
1607 509 1652 563 si
1673 522 1734 560 ea
1762 523 1849 564 res
1863 525 1980 563 ver-

408 596 562 636 setur
595 584 646 636 in
675 585 925 642 violentis
959 593 1176 646 casibus
1199 634 1213 657 ,
1247 593 1510 651 fortitudo
1569 598 1622 650 in
1665 609 1736 652 'eo
1773 600 1979 662 existit,

407 673 453 723 si
490 673 542 724 in
572 674 894 731 voluntariis
921 720 934 743 ,
973 687 1354 751 temperantia,
1407 702 1638 754 quarum
1691 695 1757 742 'ut
1799 705 1980 760 eaque

409 762 650 820 melioris
682 770 857 821 nostri
892 773 1062 838 partis
1107 775 1426 843 dignitatem
1455 779 1721 836 adversus
1751 783 1980 836 deterio-

407 862 521 900 rem
574 865 789 921 semper
845 865 1049 913 tuetur.
1107 861 1404 918 Dicendum
1438 876 1619 922 autem
1670 885 1862 926 rursus
1897 882 1978 925 est

405 940 677 1006 exquisite
701 947 876 1013 magis
909 949 972 1001 de
1007 950 1137 1018 ipsis
1167 952 1459 1007 virtutibus
1484 957 1563 1012 sic
1595 968 1652 1012 ut
1686 961 1752 1014 ab
1778 961 1976 1030 imper-

405 1031 702 1088 fectissima
737 1040 1089 1106 auspicemur
1117 1082 1133 1104 ,
1167 1052 1222 1098 et
1279 1046 1346 1099 ad
1389 1047 1842 1115 perfectissimam
1887 1070 1978 1108 se-

401 1125 641 1178 cundum
695 1137 945 1183 naturam
983 1133 1194 1187 ratione
1245 1139 1684 1205 progrediamur.
1721 1144 1800 1198 Ac
1838 1145 1978 1202 Deus

401 1215 620 1280 quidem
675 1232 860 1272 revera
897 1222 1097 1277 nullius
1136 1225 1214 1278 rei
1249 1236 1392 1293 eget,
1426 1244 1551 1284 cum
1585 1241 1640 1286 et
1689 1234 1976 1302 perfectis-

403 1307 578 1360 simus
597 1310 689 1376 sit,
710 1319 763 1366 et
788 1327 950 1380 quam
993 1317 1228 1372 maxime
1249 1320 1426 1390 SeipSO
1455 1326 1970 1382 contentus.Verum

403 1405 461 1448 ut
501 1397 664 1452 homo
697 1397 1152 1472 nullius'prorsus
1177 1410 1252 1462 rei
1283 1421 1458 1480 egeat,
1492 1414 1606 1470 ﬁeri
1636 1417 1785 1471 nullo
1810 1422 1973 1472 modo

401 1495 599 1555 potest,
640 1493 734 1546 sed
795 1495 887 1562 qui
955 1501 1308 1564 paucioribus
1361 1515 1417 1558 et
1478 1506 1728 1574 pluribus
1783 1523 1970 1582 egeat,

400 1589 621 1648 propter
658 1585 906 1639 virtutem
939 1599 994 1642 et
1029 1592 1218 1646 vitium
1263 1595 1510 1652 invenire
1543 1599 1710 1668 licet;
1740 1606 1884 1672 quod
1920 1607 1966 1660 si

397 1673 749 1736 paucissimis
777 1689 951 1747 egeat,
979 1692 1090 1734 tum
1119 1682 1229 1738 Deo
1255 1687 1568 1745 simillimus
1605 1703 1708 1756 est,
1742 1706 1796 1748 et
1830 1695 1971 1751 ineo

395 1765 478 1816 sui
535 1775 681 1819 statu
735 1770 937 1837 optime
972 1779 1346 1838 Constitutus;
1390 1780 1472 1834 sin
1506 1783 1754 1858 pluribus
1801 1803 1962 1858 egere

395 1853 578 1921 cmpit,
608 1863 719 1908 tum
747 1857 852 1910 Deo
880 1862 1112 1915 maxime
1143 1864 1425 1924 dissimilis
1449 1857 1616 1925 est'ct
1644 1875 1877 1941 pessime
1907 1894 1967 1931 se

394 1944 578 2000 habet.
605 1945 702 2000 Est
740 1957 918 2002 autem
950 1966 1011 2004 ea
1052 1953 1264 2009 virtutis
1299 1973 1424 2026 pars
1455 1973 1575 2030 qua:
1602 1969 1962 2034 temperantia

392 2033 612 2099 dicitur,
649 2037 867 2093 habitus
895 2043 1083 2108 animi,
1113 2057 1404 2103 contentus
1433 2033 1802 2122 paucissimis,
1843 2074 1964 2128 quae

389 2123 457 2178 ad
489 2125 655 2181 vitam
705 2129 1005 2198 degendam
1051 2139 1429 2204 requiruntur.
1456 2142 1790 2203 Paucissima
1833 2165 1962 2205 vero

385 2229 572 2269 rerum
627 2219 694 2272 ad
751 2222 919 2274 vitam
966 2225 1267 2292 degendam
1343 2236 1804 2307 necessariarum,
1853 2241 1960 2297 alia

389 2309 646 2365 videlicet
666 2323 794 2365 sunt
813 2315 1181 2383 multitudine,
1205 2320 1308 2374 alia
1341 2322 1621 2392 facultate,
1645 2330 1956 2398 cuiusmodi

388 2410 539 2466 sunt,
571 2403 772 2471 quibus
807 2406 942 2460 citra
978 2425 1229 2478 magnum
1269 2419 1546 2484 negotium
1588 2424 1749 2490 potiri
1776 2425 1955 2492 liceat,

392 2498 450 2540 ut
486 2491 659 2557 magis
711 2493 1035 2562 probabilia,
1075 2499 1261 2554 viliora
1297 2512 1350 2555 et
1400 2503 1664 2575 faciliora,
1701 2526 1841 2580 quas
1871 2531 1955 2570 res

353 2582 640 2649 'amplecti
679 2586 861 2650 potius
889 2603 1048 2654 quam
1082 2605 1176 2644 eas
1207 2608 1328 2660 qua:
1357 2595 1633 2656 dillicilius
1667 2616 1952 2674 parantur,

380 2681 439 2724 et
471 2673 824 2740 pretiosiores
869 2690 1019 2742 sunt,
1059 2688 1112 2734 et
1149 2683 1506 2748 diﬂiciliores.
1555 2691 1788 2751 ollicium
1849 2701 1949 2753 viri

383 2764 734 2828 temperantis
759 2773 813 2818 et
842 2781 940 2819 sua
971 2777 1116 2823 sorte
1146 2778 1382 2828 contenti
1432 2779 1652 2838 fuerint.
1684 2784 1803 2842 Jam
1826 2806 1952 2846 vero

298 2891 300 2895 .
380 2849 546 2904 etiam
599 2852 897 2910 immobilis
953 2870 1036 2913 est
1071 2862 1250 2930 lleus‘,
1303 2867 1577 2926 hominem
1617 2889 1796 2932 autem
1837 2897 1947 2938 non

381 2946 587 2998 moveri
619 2945 724 2998 ulla
760 2964 841 3012 re,
872 2965 970 3006 nec
1014 2954 1126 3009 ﬁeri
1155 2969 1328 3026 potest
1361 2977 1460 3016 nec
1489 2969 1741 3036 expedit,
1773 2988 1947 3044 neque

375 3035 522 3088 enim
564 3037 813 3094 honestis
862 3043 1024 3096 etiam
1058 3046 1227 3104 rebus
1266 3065 1417 3120 aeque
1455 3071 1562 3110 non
1619 3065 1824 3116 moveri
1855 3067 1946 3120 de-

372 3128 586 3189 cuerit,
644 3136 735 3182 sed
788 3147 887 3186 nec
944 3143 1275 3195 commoveri
1318 3145 1482 3202 rebus
1523 3151 1699 3216 malis,
1731 3164 1787 3209 ct
1836 3175 1943 3212 nou

370 3216 532 3284 dejici
556 3217 625 3271 de
662 3229 806 3275 statu
845 3227 1042 3282 mentis
1075 3231 1142 3284 ab
1173 3232 1505 3292 adversariis
1533 3241 1652 3295 vita:
1688 3247 1939 3312 casibus.

378 3323 556 3374 neque
589 3309 764 3378 ipsum
800 3315 869 3369 ab
909 3318 1036 3373 ullis
1075 3336 1194 3388 quae
1223 3325 1467 3381 incidunt
1497 3333 1657 3388 rebus
1683 3353 1782 3390 una
1817 3354 1940 3394 cum

374 3397 646 3453 deteriore
679 3405 763 3455 sui
793 3415 944 3470 parte
982 3420 1036 3462 et
1070 3421 1260 3467 natura
1301 3416 1572 3475 imbecilla
1598 3463 1612 3487 ,
1641 3429 1793 3496 pejus
1855 3431 1941 3483 af-

371 3488 458 3542 tici
488 3528 503 3553 ,
552 3495 1065 3558 prmstautissimum
1126 3502 1290 3559 fuerit
1335 3520 1388 3561 ct
1432 3510 1540 3566 Deo
1590 3488 1786 3572 simile.
1848 3521 1940 3576 Est

369 3589 549 3634 autem
575 3597 636 3635 ea
674 3585 890 3640 virtutis
915 3605 1035 3657 pars
1080 3611 1201 3660 qua:
1230 3595 1488 3654 fortitudo
1531 3604 1752 3672 dicitur,
1783 3610 1936 3665 habi-

366 3682 453 3725 tus
481 3675 670 3741 animi,
690 3679 780 3746 qui
807 3685 1105 3739 contrariis
1138 3689 1254 3740 vitae
1285 3693 1500 3746 casibus
1529 3712 1635 3751 non
1671 3713 1933 3758 movetur.

365 3763 632 3826 Quoniam
691 3779 875 3824 autem
917 3778 1296 3848 unusquisque
1336 3794 1582 3838 nostrum
1651 3790 1722 3843 ita
1776 3805 1935 3849 natus

362 3862 446 3905 est
479 3863 537 3905 ut
576 3855 666 3907 Dei
701 3856 977 3924 quoddam
1012 3865 1082 3916 sit
1107 3881 1264 3934 opus,
1294 3883 1400 3922 non
1443 3871 1601 3940 plane
1652 3877 1886 3932 alienum
1918 3920 1932 3944 ,

361 3944 456 3997 sed
490 3949 890 4014 quodammodo
942 3954 1299 4012 domesticum
1354 3968 1928 4035 atque’conjuuctum,

359 4036 557 4091 deinde
586 4041 750 4094 veluti
779 4044 1045 4111 particula
1070 4048 1299 4104 aliarum
1327 4057 1586 4122 partium,
1618 4074 1734 4127 qua!
1763 4063 1932 4130 majo-

361 4143 446 4181 res
475 4130 631 4183 nobis
668 4142 813 4199 sunt,
856 4136 1105 4192 videlicet
1141 4141 1301 4210 hujus
1362 4147 1760 4215 universitatis,
1809 4171 1930 4222 quae

356 4228 439 4270 est
488 4227 661 4274 totum
699 4233 753 4276 ct
778 4241 943 4277 unum
971 4229 1226 4296 quiddam
1261 4233 1552 4290 conﬂatum
1578 4255 1606 4292 e
1633 4242 1840 4306 multis,
1872 4254 1927 4297 ut

358 4309 560 4379 ubique
610 4314 870 4369 obtineat
929 4318 1102 4372 locum
1169 4323 1601 4398 qualemcunque
1654 4343 1711 4386 ut
1765 4351 1924 4402 quam

357 4403 588 4455 maxime
613 4421 735 4458 cum
765 4407 865 4475 ipsi
902 4418 1013 4462 tum
1045 4412 1390 4469 universitati
1431 4422 1773 4484 profuturum
1811 4426 1877 4480 sit
1907 4465 1921 4487 ,

353 4492 482 4542 nulli
507 4496 665 4546 statio
692 4514 752 4550 ca
782 4499 1080 4554 deserenda
1111 4515 1215 4565 est,
1260 4507 1311 4559 in
1361 4525 1466 4576 qua
1511 4511 1651 4568 Deus
1679 4517 1915 4586 aliquem

353 4584 676 4650 constituit,
741 4590 833 4641 sed
897 4598 1352 4658 perseverandum
1411 4617 1474 4654 ac
1523 4619 1618 4673 pro
1675 4609 1814 4662 virili
1876 4612 1924 4664 id

355 4676 744 4740 praestandum,
783 4682 927 4747 quod
965 4681 1051 4737 illa
1097 4690 1373 4754 postulare
1410 4695 1926 4764 vitlczur.Qua:libet

355 4771 532 4816 autem
572 4781 719 4834 pars,
759 4771 801 4822 si
829 4789 949 4824 eum
983 4775 1074 4829 illo
1108 4780 1269 4850 cujus
1300 4800 1424 4851 pars
1454 4798 1559 4855 est,
1591 4796 1918 4859 consentiat,

353 4868 457 4906 non
493 4866 670 4910 autem
707 4860 1014 4932 dissentiat,
1049 4869 1118 4923 ita
1149 4868 1203 4926 et
1223 4879 1522 4933 rectissime
1543 4891 1595 4934 et
1618 4889 1917 4942 secundum

352 4957 598 5000 naturam
655 4965 714 5004 se
770 4953 1011 5012 habebit.
1087 4961 1257 5018 Porro
1328 4984 1451 5023 eum
1545 4978 1921 5048 unusquisque

347 5047 594 5119 nostrum
655 5059 782 5111 pars
809 5049 1054 5115 quaedam
1116 5057 1186 5108 sit
1246 5063 1440 5126 partim
1479 5064 1683 5122 domus
1719 5047 1913 5137 partim

344 5132 620 5188 societatis
644 5137 896 5208 alicujus,
922 5157 1043 5210 quae
1078 5147 1158 5200 vel
1205 5149 1254 5201 in
1280 5153 1430 5216 urbe,
1468 5157 1549 5210 vel
1576 5159 1626 5212 iu
1660 5165 1913 5229 gente,iu

347 5230 461 5275 toto
495 5225 727 5296 denique
760 5232 1018 5287 universi»
1045 5239 1216 5302 posita
1247 5252 1351 5306 est,
1397 5245 1440 5298 si
1471 5261 1536 5300 ea
1577 5251 1765 5306 tribuit
1801 5257 1912 5309 sin-

342 5312 481 5372 gulis
508 5331 626 5382 quae
651 5318 954 5376 debentur:
993 5330 1329 5394 parentibus.
1351 5338 1531 5404 qualia
1567 5342 1749 5398 liberis
1781 5361 1909 5415 erga

339 5415 593 5467 parentes
629 5415 994 5483 conveniunt,
1049 5421 1254 5489 liberis,
1313 5430 1491 5493 qualia
1534 5446 1660 5501 erga
1709 5435 1909 5493 liberos

340 5496 570 5557 parenti,
601 5502 788 5567 sociis,
825 5508 1003 5574 qualia
1039 5524 1167 5580 erga
1205 5518 1381 5570 socios
1415 5521 1586 5586 socio,
1611 5526 1904 5581 conrictori

337 5598 462 5650 erga
487 5598 848 5662 convictores,
890 5600 1068 5654 vicino
1112 5620 1238 5674 erga
1286 5610 1512 5676 Vicinos,
1558 5618 1740 5670 t'omiti
1779 5637 1902 5690 erga

335 5686 582 5744 comites,
628 5686 730 5736 civi
758 5701 884 5755 erga
922 5692 1220 5771 civitatem,
1263 5715 1521 5767 praeterea
1550 5720 1675 5776 erga
1712 5708 1899 5779 Deum,

2079 513 2225 580 δρία,
2262 518 2391 584 περὶ
2425 517 2481 569 δὲ
2509 519 2578 571 τὰ
2603 519 2827 573 ἑκούσια
2889 521 3238 590 σωφροσύνη,
3270 521 3505 584 σώζοντε
3533 523 3662 575 ἐκα-

2079 604 2226 674 τέρω
2243 608 2456 662 τούτοιν
2474 610 2574 676 τὴν
2601 611 2695 664 τοῦ
2725 612 3007 681 ἀμείνονος
3021 613 3132 665 τῶν
3157 614 3288 681 παρ’
3317 614 3448 689 ἡμῖν
3473 615 3662 676 αὐτοῖς

2079 697 2216 764 πρὸς
2240 698 2301 752 τὸ
2341 702 2524 769 χεῖρον
2553 702 2813 756 ἑκάστοτε
2843 703 3018 768 ἀξίαν.
3059 703 3279 774 Ῥητέον
3309 704 3364 758 δὲ
3395 701 3557 767 αὖθις
3587 705 3661 758 δι’

2079 789 2368 857 ἀκριϐείας
2397 777 2600 861 μᾶλλον
2636 794 2767 862 περὶ
2814 795 3016 860 αὐτῶν,
3054 795 3383 866 ἀρξαμένοις
3413 797 3523 850 ἀπὸ
3559 797 3659 864 τῆς

2079 883 2470 954 ἀτελεστάτης,
2484 889 2576 940 ἐπὶ
2601 887 2657 941 δὲ
2689 887 2790 963 τὴν
2813 888 3150 958 τελεωτάτην
3171 891 3323 971 κατὰ.
3339 890 3501 955 φύσιν
3523 889 3658 940 ίοῧσι

2077 974 2154 1040 τῷ
2177 976 2342 1046 λόγῳ.
2389 978 2448 1031 Ὀ
2483 978 2583 1046 μὲν
2609 979 2702 1032 οὖν
2732 977 2862 1041 Θεὸς
2893 981 2968 1048 τῷ
3007 981 3121 1033 δντι
3148 981 3436 1050 ἀνεπιδεὴς
3463 980 3656 1034 τελεώ-

2076 1067 2237 1128 τατός
2259 1085 2319 1120 τε
2349 1068 2448 1130 ὢν,
2477 1069 2574 1122 καὶ
2601 1069 2676 1132 ὡς
2703 1065 2817 1122 οἷόν
2847 1087 2904 1123 τε
2960 1072 3195 1141 μάλιστα
3223 1073 3534 1142 αὐτάρκης’
3569 1075 3659 1126 ἂν·

2076 1158 2295 1227 θρωπον
2344 1160 2402 1212 δὲ
2466 1163 2755 1216 ἁνεπιδεέα
2812 1164 2912 1229 μὲν
2983 1181 3044 1228 γε
3062 1165 3240 1218 θέσθαι.
3309 1167 3658 1219 παντάπασιν

2075 1251 2359 1320 ἀμήχανον
2377 1268 2392 1283 ⁶
2445 1254 2747 1307 ὲλαττᾶνων
2798 1256 2983 1325 μέντοι
3010 1257 3103 1308 καὶ
3132 1257 3374 1310 πλεόνων
3400 1260 3656 1327 δεόμενον

2073 1337 2142 1390 δι’
2166 1339 2370 1408 ἀρετήν
2397 1357 2457 1393 τε
2485 1343 2580 1394 καὶ
2615 1344 2817 1396 κακίαν
2871 1344 3020 1398 ἔστι.
3068 1347 3271 1414 εὑρεῖν.
3319 1349 3654 1417 Ἐλαχίστων

2078 1430 2178 1496 μὲν
2203 1425 2298 1483 οὖν
2326 1431 2601 1501 δεόμενος,
2628 1433 2748 1502 Θεῷ
2775 1452 2834 1489 τε
2857 1436 3154 1504 ὁμοιότατα
3184 1439 3348 1509 ἴσχει,
3382 1441 3479 1492 καὶ
3513 1442 3653 1510 κρᾶ-

2072 1528 2233 1574 τιστα
2263 1523 2426 1585 αὐτὸς
2448 1525 2624 1578 αὑτοῦ
2645 1541 2663 1557 ⁸
2703 1513 2942 1581 πλεόνων
2974 1530 3027 1583 δὲ
3053 1521 3378 1600 γιγνόμενος
3407 1533 3650 1602 ἐπιδεὴς,

2072 1612 2193 1683 Θεῷ
2216 1631 2274 1666 τε
2302 1617 2690 1686 ἀνομοιότατα,
2744 1622 2841 1672 καὶ
2891 1621 3141 1692 χείριστα
3176 1622 3338 1693 ἴσχει.
3376 1627 3482 1679 Καὶ
3532 1627 3651 1679 ἐστι

2077 1705 2422 1773 σωφροσύνη,
2455 1707 2612 1761 τοῦτο
2636 1710 2700 1778 δὴ
2743 1711 2802 1763 τδ
2832 1713 3022 1784 μόριον
3057 1715 3281 1785 ἀρετῆς,
3329 1717 3443 1783 ἕξις
3467 1718 3653 1790 ψυχῆς

2071 1795 2352 1868 αὐτάρκης
2385 1799 2470 1852 ἐπ’
2502 1799 2808 1870 ἐλαχίστοις
2855 1807 2969 1868 τοῖς
3007 1806 3150 1876 πρὸς
3193 1809 3286 1860 τὸν
3346 1809 3458 1878 βίον
3482 1814 3651 1880 ἀναγ-

2071 1887 2266 1951 καίοις,
2297 1890 2556 1959 ἐλάχιστα
2590 1893 2646 1946 δὲ
2677 1894 2785 1946 τῶν
2853 1896 2989 1962 πρὸς
3023 1899 3114 1948 τὸν
3169 1897 3283 1968 βίον
3307 1901 3644 1969 ἀναγκαίων,

2066 1977 2136 2030 τὰ
2169 1981 2268 2046 μέν
2299 1997 2403 2033 που
2441 1983 2664 2052 πλήθει,
2687 1985 2755 2038 τὰ
2785 1986 2841 2038 δὲ
2868 1987 2964 2041 καὶ
2985 1988 3234 2059 δυνάμει.
3261 1990 3446 2045 Ταῦτα
3475 1991 3524 2043 δ’
3554 1996 3642 2064 εἴη

2064 2068 2149 2134 ἂν,
2181 2066 2256 2124 ὢν
2284 2071 2554 2141 δήπουθεν
2598 2076 2659 2128 οὐ
2712 2077 2884 2131 πολλὰ
2925 2079 3067 2132 ἄττα
3113 2085 3644 2153 πραγματευόμενον

2064 2160 2180 2213 ἔστι
2213 2165 2506 2233 τυγχάνειν
2529 2181 2547 2197 ο
2604 2161 2693 2219 οἷα
2745 2167 2811 2220 τὰ
2839 2169 3266 2241 εὖποριστότερα
3298 2175 3390 2227 καὶ
3422 2176 3640 2231 εὐτελέ-

2066 2269 2232 2322 στερα
2265 2255 2360 2306 καὶ
2386 2255 2500 2325 ῥᾴω
2541 2256 2798 2326 μάλιστα,
2832 2258 2868 2312 ἃ
2901 2259 2966 2328 δὴ
2999 2261 3105 2331 πρὸ
3135 2263 3247 2314 τῶν
3276 2260 3638 2332 δυσποριστο-

2061 2344 2232 2414 τέρων
2281 2347 2374 2399 καὶ
2422 2348 2918 2422 πολυτελεστέρων,
2973 2355 3069 2406 καὶ
3118 2345 3540 2426 χαλεπωτέρων,
3573 2363 3633 2413 ὲν

2058 2437 2171 2498 τοῖς
2194 2437 2458 2501 τοιούτοις
2510 2440 2786 2509 αίρείσθαι
2836 2442 2972 2510 πρὸς
2999 2445 3096 2497 τοῦ
3127 2445 3403 2517 σώφρονός
3434 2468 3491 2504 τε
3533 2454 3638 2506 καὶ

2058 2528 2368 2598 αὐτάρκους
2412 2532 2478 2583 ἂν
2523 2531 2609 2601 εἴη
2642 2533 2857 2602 ἀνδρός.
2895 2535 3056 2590 Ἀλλὰ
3087 2537 3151 2608 δὴ
3180 2542 3279 2592 καὶ.
3324 2543 3579 2612 ἀκίνητος
3607 2546 3639 2599 δ

2056 2619 2212 2683 Θεός.
2281 2621 2600 2690 ’Ἄνθρωπον
2641 2625 2696 2677 δὲ
2762 2627 2903 2695 πρὸς
2969 2629 3068 2696 μὲν
3115 2631 3295 2686 πάντα
3359 2636 3637 2705 ἀκινήτως

2055 2709 2219 2777 ἔχειν,
2255 2709 2371 2765 οὗθ’
2401 2709 2512 2766 οἷόν
2540 2732 2597 2767 τε
2626 2715 2749 2768 οὔτε
2801 2718 3026 2786 ἀγαθόν.
3076 2722 3210 2775 Οὐδὲ
3253 2725 3359 2794 γάρ
3395 2744 3497 2780 που
3527 2732 3630 2784 καὶ

2053 2801 2188 2867 πρὸς
2213 2802 2280 2854 τὰ
2311 2803 2452 2857 καλὰ
2474 2803 2646 2866 οὕτως
2691 2808 2775 2860 δεῖ
2794 2807 2941 2878 ἔχειν
2966 2811 3264 2882 ἀκινήτως,
3303 2817 3409 2870 ἀπὸ
3442 2822 3634 2888 μέντοι

2051 2892 2159 2944 τῶν
2184 2893 2362 2946 καλῶν
2391 2897 2650 2967 ἀκίνητόν
2684 2918 2744 2953 τε
2774 2900 2936 2965 εἶναι,
2967 2906 3061 2958 καὶ
3093 2907 3199 2960 ὑπὸ
3222 2911 3332 2963 τῶν
3366 2912 3508 2966 κατὰ
3536 2915 3633 2967 τδν

2053 2980 2166 3048 βίον
2187 2982 2379 3052 βιαίων
2413 2985 2508 3038 τοῦ
2541 2988 2946 3058 καθεστηκότος
2973 2997 3050 3063 μὴ
3099 2997 3436 3067 ἐξίστασθαι,
3484 3007 3627 3072 μηδὲ

2049 3072 2128 3141 τῷ
2151 3074 2352 3143 χείρονι
2368 3077 2475 3132 τῶν
2496 3078 2693 3150 ἑαυτῷ,
2709 3083 2801 3134 καὶ
2834 3087 3098 3152 πεφυκότι
3124 3090 3373 3159 κάμνειν,
3396 3093 3502 3146 ὐπδ
3521 3096 3633 3151 τῶν

2053 3167 2510 3232 προσπιπτόντων
2539 3169 2810 3237 ἑκάστων,
2843 3175 2940 3228 καὶ
2981 3177 3145 3231 αὐτὸν
3191 3184 3372 3250 χεῖρόν
3411 3203 3464 3238 τι
3501 3205 3626 3239 συν-

2046 3253 2380 3310 διατίθεσθαι
2409 3260 2703 3330 κράτιστον
2725 3263 2791 3316 ἂν
2823 3264 2930 3337 εἴη,
2948 3271 3058 3331 ,καὶ
3080 3269 3198 3339 Θεῷ
3221 3275 3481 3344 παραπλή
3492 3293 3626 3333 σιον.

2047 3347 2153 3400 Καὶ
2181 3348 2296 3404 ἐστι
2325 3352 2486 3406 τοῦτο
2515 3355 2702 3424 ἀνδρία
2733 3357 2792 3409 τὸ
2821 3360 3018 3430 ,μόριον
3052 3351 3283 3435 ιῐιρετῆς,Δ
3303 3367 3418 3434 ἕξις
3447 3369 3627 3441 ψυχῆς

2043 3437 2297 3507 ἀκίνητος
2332 3439 2435 3493 ὑπὸ
2451 3443 2557 3494 τῶν
2588 3447 2729 3500 κατὰ
2761 3447 2853 3500 τὸν
2891 3449 3004 3519 βίον
3039 3451 3226 3520 βιαίων
3259 3457 3625 3526 παθημάτων.

2055 3525 2206 3578 Ἐπεὶ
2231 3529 2278 3581 δ’
2301 3531 2459 3598 ἡμῶν
2510 3533 2739 3596 ἕκαστος
2777 3537 2971 3605 γέγονε
3008 3543 3224 3610 πρῶτον
3252 3546 3352 3613 μὲν
3387 3548 3524 3603 Θεοῦ
3568 3569 3623 3606 τι

2042 3614 2200 3682 ἔργον
2230 3619 2293 3670 οὐ
2353 3619 2494 3672 πάνυ
2533 3639 2615 3675 τοι
2655 3625 2956 3696 ἀλλότριον,
2995 3630 3132 3686 ἀλλά
3199 3651 3274 3702 πη
3307 3640 3510 3694 οἰκεῖόν
3558 3661 3618 3694 τε

2040 3709 2133 3759 καὶ
2161 3707 2442 3778 ξυγγενὲς,
2482 3713 2675 3768 ἔπειτα
2703 3718 2889 3787 μόριον
2928 3721 3106 3776 ἄλλων
3135 3743 3195 3778 τε
3233 3729 3393 3796 ἡμῶν
3432 3737 3618 3800 μειζῦ-

2042 3816 2146 3852 νων
2204 3802 2400 3871 μερῶν
2429 3805 2582 3858 τοῦδε
2627 3808 2720 3860 τοῦ
2751 3813 2968 3879 παντὸς,
3030 3815 3152 3870 ὅλου
3184 3836 3241 3871 τε
3281 3823 3374 3874 καὶ
3409 3825 3526 3886 ἐνίας
3555 3829 3621 3879 ἐκ

2038 3891 2248 3945 πολλῶν
2294 3894 2467 3959 ὄντος,
2504 3897 2688 3968 χώραν
2740 3903 2992 3971 ἡντινοῦν
3036 3909 3459 3981 ἀποπληρώσων
3490 3917 3618 3970 ἑκα-

2037 3985 2254 4054 σταχοῦ,
2293 3987 2364 4047 ὡς
2389 3991 2454 4042 ἂν
2470 3991 2552 4044 ὅτι
2587 3994 2820 4060 μάλιστα
2852 3998 3001 4067 αὐτῷ
3023 4017 3081 4052 τε
3109 4003 3201 4054 καὶ
3224 4004 3300 4072 τῷ
3325 4006 3430 4076 ὅλῳ
3461 4007 3616 4076 ἔμελ-

2033 4075 2090 4126 λε
2162 4079 2429 4133 συνοίσειν
2449 4099 2461 4110 ·
2495 4082 2576 4135 δεῖ
2600 4084 2772 4154 δήπου
2806 4089 2940 4158 μηδὲ
2965 4091 3169 4162 ταύτην
3201 4096 3443 4172 ἑκάστην

2031 4164 2238 4219 λείπειν
2269 4171 2368 4237 τὴν
2418 4171 2621 4241 χώραν,
2652 4176 2710 4228 ὲν
2753 4170 2786 4250 ᾖ
2821 4180 2850 4230 ὁ
2880 4178 3014 4244 Θεὸς
3045 4182 3258 4250 ἔταξεν,
3292 4164 3410 4240 an;
3435 4191 3608 4260 ἐμμέ-

2031 4273 2142 4308 νειν
2178 4262 2319 4312 κατά
2343 4261 2597 4333 δύναμιν,
2627 4268 2687 4318 τὸ
2725 4273 2790 4339 τῇ
2832 4271 2986 4344 χώρᾳ
3031 4279 3310 4345 προσῆκον
3340 4282 3610 4336 ἀποδιδὸν.
3659 4307 3668 4311 -

2029 4364 2116 4410 τα,
2145 4348 2331 4419 μόριον
2361 4351 2418 4404 δὲ
2470 4357 2614 4408 ἅπαν
2643 4359 2938 4427 ὁμολογοῦν
2982 4381 3039 4417 τε
3094 4368 3291 4438 ἐκείνῳ
3327 4367 3502 4444 οὗπερ
3544 4377 3610 4430 ἂν

1959 4472 2000 4527 D
2032 4440 2218 4508 μόριον
2251 4444 2360 4511 εἴη,
2417 4449 2509 4498 καὶ
2547 4450 2623 4519 μὴ
2674 4452 2996 4520 διαφωνοῦν,
3052 4464 3191 4510 κατὰ
3225 4440 3479 4529 φύσιντε
3517 4473 3609 4522 καὶ

2030 4525 2090 4583 εὖ
2118 4532 2357 4600 μάλιστα
2397 4540 2644 4608 πράττοι.
2691 4543 2798 4594 Καὶ
2855 4545 2978 4597 ἐπεί
3006 4549 3156 4602 ἐστιν
3188 4525 3346 4622 ἡμῶν
3380 4557 3606 4621 ἕκαστος

2033 4625 2196 4693 μέρος
2225 4643 2275 4679 τι
2310 4629 2466 4682 τοῦτο
2504 4633 2602 4701 μὲν
2631 4635 2830 4699 οἰκίας,
2864 4639 3024 4693 τοῦτο
3056 4643 3108 4695 δὲ
3137 4646 3416 4716 ἑταιρείας
3461 4653 3605 4716 τινος

2029 4718 2263 4783 πόλεως,
2293 4720 2502 4784 ἔθνους,
2535 4724 2669 4786 ὅλως
2694 4728 2846 4780 τοῦδε
2874 4731 2968 4783 τοῦ
2997 4737 3196 4798 παντὸς
3227 4741 3513 4807 ἀποδιδοὺς
3541 4748 3605 4798 τὰ

2009 4811 2374 4879 προσήκοντα
2397 4816 2650 4880 ἑκάστοις
2672 4837 2684 4849 ο
2721 4823 2937 4887 γονεῦσι
2958 4827 3080 4893 μὲν,
3105 4829 3265 4884 ὁποῖα
3287 4835 3443 4887 παιδὶ
3472 4838 3603 4908 πρὸς

2023 4902 2217 4965 γονέας
2249 4906 2538 4976 προσήκει,
2598 4911 2749 4964 παιδὶ
2778 4914 2833 4966 δὲ
2859 4956 2874 4978 ,
2909 4919 3067 4970 ὁποῖα
3100 4921 3235 4988 πρὸς
3270 4927 3468 4989 παῖδας
3509 4902 3600 4996 γι.-

2023 4993 2156 5056 νεῑς,
2185 4993 2418 5064 ἑτέραις,
2453 5000 2610 5052 ὁποῖα
2639 5003 2774 5070 πρὸς
2813 5006 3058 5075 ἑτέρους,
3097 5012 3320 5084 ἐῖαίρῳ,
3357 4993 3598 5089 συσσίτῳ

2021 5083 2154 5149 πρὸς
2187 5085 2460 5154 ἑταίρους,
2500 5093 2809 5159 συσσίτους,
2851 5099 2986 5169 πρδς
3039 5103 3285 5169 γείτονας
3375 5111 3597 5176 γείτονι,

2022 5171 2224 5242 συνόδῳ
2286 5179 2418 5243 πρὸς
2488 5181 2760 5250 συνόδους,
2805 5188 3018 5259 πολίτῃ,
3054 5194 3192 5262 πρδς
3240 5171 3486 5262 πολίτας,
3520 5171 3594 5252 ἔτι

2019 5275 2072 5309 τε
2106 5269 2238 5329 πρὸς
2273 5265 2427 5332 Θεὸν,
2460 5271 2640 5322 ο-ὀποῖα
2672 5272 2988 5341 Θερὰποντι,
3034 5283 3125 5333 καὶ
3169 5283 3315 5355 ἔργῳ
3342 5289 3480 5355 πρὸς
3504 5289 3590 5341 δε-

2018 5352 2220 5421 σπότην
2255 5371 2312 5406 τε
2344 5359 2438 5410 καὶ
2467 5357 2806 5430 δημιουργόν
2836 5381 2850 5394 ⁸
2893 5367 3036 5422 οὕτω
3066 5373 3230 5426 ταῦτα
3285 5379 3591 5446 ἀποδιδοὺς,

2015 5443 2210 5494 ἑαυτοῦ
2240 5462 2298 5496 τε
2318 5446 2482 5500 σώσει
2510 5451 2670 5504 τοῦτο
2694 5454 2826 5507 αὐτὸ
2852 5458 2989 5530 ὅπερ
3023 5463 3137 5514 ἐστὶ
3180 5468 3308 5533 πρὸς
3339 5468 3588 5535 ἕκαστον,

2011 5533 2131 5601 (κ)εῷ
2155 5551 2213 5586 τε
2248 5536 2439 5605 ἕψεται
2543 5545 2801 5599 τέτακται
2850 5550 3001 5620 χώρᾳ
3049 5555 3286 5621 μάλιστα
3316 5533 3584 5629 ἐμμένων,

2013 5627 2218 5693 ἄριστὰ
2249 5646 2306 5680 τε
2334 5630 2465 5697 ἕξει,
2497 5634 2572 5696 ὡς
2610 5637 2675 5690 ἂν
2704 5640 2782 5706 τῷ
2833 5643 3043 5714 ἀρίστῳ
3071 5647 3358 5715 ἑπόμενος.
3391 5653 3488 5724 Eb;
3528 5670 3582 5706 τι

2011 5716 2074 5767 ἂν
2105 5718 2440 5794 δικαιοσύνη,
2495 5728 2650 5781 τοῦτο
2717 5733 2906 5801 μκξριον
2969 5740 3172 5809 ἀρετῆς
3199 5782 3212 5806 ,
3241 5742 3352 5809 ἕξις
3383 5747 3579 5815 ψυχῆςο
