3828 6180
277 279 383 343 8¹ὒθ

1519 287 1621 348 DE
1657 284 2159 354 VIRTUTIBUS.
3427 299 3532 363 870

277 391 529 458 σώζουσα
577 405 632 446 το
696 395 970 464 προσῆκον
1032 395 1180 464 αὐτῷ
1233 397 1448 467 ἑκάστῳ
1486 401 1684 468 ἡμῶν,
1718 401 1846 472 ὅπερ

1959 401 2144 469 qualia
2182 417 2340 457 servo
2373 410 2426 456 et
2458 404 2612 472 operi
2644 420 2773 474 erga
2804 403 3086 457 dominum
3136 415 3188 459 et
3237 405 3490 475 opiﬁcem
3523 451 3526 454 .

275 486 462 555 ἐσμὲν,
488 485 623 554 προς
650 487 898 543 ἕκαστον.
946 489 1100 542 Ἐπεὶ
1144 489 1200 542 δὲ
1231 490 1352 542 καθ’
1377 491 1537 543 αὑτὸν
1562 493 1850 562 ἄνθρωπος

273 579 494 642 γέγονεν
524 577 623 629 οὐκ
655 578 784 631 ἄλλο
813 596 866 631 τι
902 579 1138 648 μάλιστα
1172 581 1202 650 ἧ
1239 581 1453 648 λογικόν
1483 601 1533 634 τι
1567 584 1726 648 ζῶον,
1760 585 1854 654 δῆ-

271 670 362 721 λον
380 669 444 739 δὴ
479 671 554 732 ὼς
585 671 787 740 θεωρός
823 689 905 734 τις
953 669 1176 742 οἷόνπερ
1216 676 1274 726 ὲν
1319 676 1654 745 πανηγύρει,
1716 678 1850 747 τῷδε

269 761 348 829 τῷ
379 762 544 814 «avri.
572 763 846 832 εἰσῆκται.
901 765 1330 834 ἐπισκεψόμενος
1384 769 1463 829 εἰς
1494 768 1729 838 δύναμιν
1760 771 1852 822 καὶ

271 850 564 921 θεωρήσων
619 851 673 904 τί
707 852 766 904 τὲ
799 853 918 906 ἐστι
972 855 1081 906 τῶν
1121 854 1288 907 ὄντων
1323 855 1576 922 ἕκαστον,
1642 857 1738 910 καὶ
1771 856 1848 926 πῆ

272 960 401 997 ποτε
438 947 573 1014 πρὶς
606 943 808 1010 ἄλληλα
845 945 979 1014 ἔχει,
1023 949 1116 998 καὶ
1155 948 1241 1000 διὰ
1273 948 1326 998 τί
1355 947 1565 1002 ἕκαστα
1599 950 1848 1017 γίγνεται

268 1033 376 1085 τῶν
405 1035 762 1102 γιγνομὲνων.
798 1035 896 1104 Είη
927 1051 984 1088 τε
1021 1035 1086 1088 ἂν
1125 1038 1220 1087 καὶ
1255 1035 1412 1089 τοῦτο
1449 1039 1738 1107 φρόνησις,
1788 1040 1848 1092 το

269 1125 452 1177 λοιπον
486 1126 578 1178 καὶ
603 1127 934 1180 τελεώτατον
984 1128 1175 1196 μόριον
1218 1129 1442 1197 ἀρετῆς,
1507 1130 1621 1195 ἕξις
1668 1132 1847 1200 ψυχῆς

263 1216 579 1286 θεωρητικὴ
625 1217 734 1269 τῶν
759 1217 951 1280 ὄντων,
975 1212 1121 1291 ᾗπερ
1153 1222 1301 1271 ἐστιν
1334 1219 1564 1274 ἕκαστα.
1599 1220 1751 1274 Εἶναί
1781 1239 1842 1275 τε

268 1308 497 1378 τέτταρα
527 1307 626 1377 μὲν
654 1309 722 1361 τὰ
765 1308 997 1377 μέγιστα
1058 1309 1223 1379 μόρια
1291 1310 1514 1379 ἀρετῆς.
1559 1313 1844 1381 σωφροσύ-

267 1417 384 1469 νην,
418 1397 659 1470 ἀνδρίαν,
695 1399 1070 1468 δικαιοσύνην,
1130 1402 1420 1472 φρόνησιν.
1455 1403 1680 1457 Τούτων
1713 1406 1756 1457 δ’
1780 1405 1846 1459 αὖ

269 1492 500 1544 ἑκάστου
528 1490 649 1562 τρία
683 1491 850 1560 μόρια
902 1492 1012 1544 δεῖν
1046 1489 1206 1556 εἶναι,
1237 1494 1455 1562 πρῶτον
1498 1492 1599 1560 μὲν
1635 1511 1854 1564 σωφρο-

270 1599 458 1652 συνης.

1964 494 2007 543 si
2037 493 2158 560 quis
2191 492 2412 561 inquam
2448 493 2560 548 lucc
2593 493 2666 546 ita
2705 502 3111 561 ι)1’.ι·3ίυι,;ιιιι11
3167 493 3296 546 illud
3342 509 3531 547 secum

1963 599 2186 648 munus,
2219 599 2327 652 quo
2363 585 2662 653 unicuique
2689 584 2984 640 obstrictus
3013 594 3118 649 est,
3139 585 3394 648 tuebitur,
3416 595 3530 639 tum

1964 673 2127 726 Deum
2178 685 2456 744 sequetur,
2509 691 2883 744 perseverans-
2927 677 2982 730 in
3041 690 3104 729 ea
3155 677 3390 729 statione
3421 692 3528 744 qua

1959 765 2190 819 collatus
2213 776 2319 830 est,
2341 775 2452 820 tum
2487 767 2540 820 in
2561 768 2765 836 optimo
2788 768 2887 821 erit
2919 777 3064 822 statu
3088 767 3232 822 velut
3277 769 3322 822 is
3350 768 3440 836 qui
3477 767 3528 820 id

1956 857 2098 922 quod
2149 857 2412 924 optimum
2447 869 2534 912 eSt
2600 859 2870 924 sequitur.
2922 860 3034 912 Erit
3074 869 3252 913 autem
3291 875 3415 926 pars
3465 875 3530 913 ea

1959 948 2178 1002 virtutis
2205 949 2444 1017 jttstitia,
2472 966 2593 1020 qua:
2627 950 2846 1004 habitus
2877 951 3044 1004 animi
3085 963 3188 1014 est,
3219 950 3270 1004 id
3305 965 3529 1004 consur-

1959 1055 2094 1093 vans
2123 1041 2268 1109 quod
2296 1043 2550 1094 convenit
2589 1041 2884 1111 unicuique
2903 1043 3261 1106 nostrumtin
3289 1057 3355 1095 eo
3382 1041 3527 1110 quod

1957 1145 2169 1197 sumus,
2207 1133 2471 1186 relatione
2507 1134 2573 1186 a.l
2600 1131 2821 1199 quidvis
2854 1133 3025 1186 aliud.
3051 1134 3186 1186 Cum
3220 1143 3398 1186 autem
3433 1147 3530 1200 per

1956 1239 2016 1279 se
2047 1224 2210 1279 homo
2238 1240 2346 1278 non
2389 1225 2537 1279 aliud
2575 1225 2687 1280 fere
2715 1227 2787 1280 sit
2821 1241 2985 1295 quam
3017 1226 3218 1279 animal
3253 1225 3525 1295 quoddam

1957 1315 2184 1369 rationis
2205 1317 2494 1385 particeps,
2539 1318 2886 1386 perspicuum
2941 1325 3046 1381 est,
3087 1331 3210 1370 eum
3268 1325 3524 1384 tanquam

1955 1417 2318 1476 spectatorem
2358 1409 2650 1477 quemdam
2690 1409 2742 1460 in
2781 1409 2882 1461 hoc
2928 1408 3244 1462 universum
3277 1407 3424 1458 velut
3464 1404 3521 1457 in

1955 1499 2270 1552 celebritate
2305 1500 2676 1553 introductum
2703 1514 2842 1563 esse,
2880 1508 2938 1553 ut
2968 1496 3282 1553 consideret
3307 1503 3361 1550 et
3395 1511 3528 1548 con-

1955 1591 2246 1658 templetur
2276 1606 2374 1659 pro
2411 1592 2584 1655 virili,
2617 1591 2877 1660 quidnam
2909 1590 2980 1644 sit
3007 1587 3440 1659 unumquidque,
3472 1593 3530 1640 et

268 1693 377 1748 quo
409 1691 563 1748 pacto
606 1695 733 1752 erga
757 1695 815 1737 se
840 1681 1070 1736 invicem
1103 1680 1213 1736 sint
1245 1680 1458 1745 ali‘ecta,
1499 1688 1554 1735 et
1610 1695 1774 1749 quam
1829 1681 1899 1733 ob
1951 1696 2168 1734 causam
2199 1681 2412 1747 singula
2463 1700 2584 1752 quae
2617 1686 2898 1749 eveniunt,
2948 1685 3220 1740 accidant.
3257 1683 3328 1736 Ea
3362 1693 3529 1749 porro

270 1778 555 1845 prudentia
614 1776 780 1833 fuerit
831 1777 1038 1847 reliqua
1097 1778 1315 1832 virtutis
1360 1793 1483 1847 pars
1521 1785 1577 1832 et
1625 1775 2045 1846 perfectissima,
2083 1792 2205 1843 quze
2259 1787 2342 1831 est
2397 1779 2613 1832 habitus
2667 1779 2861 1842 anitni,
2890 1780 2966 1832 ita
3012 1794 3100 1834 res
3143 1777 3523 1837 considerans,

268 1878 429 1939 prout
470 1885 699 1940 qumque
743 1880 895 1925 sunt.
946 1868 1200 1935 Quatuor
1243 1872 1428 1939 itaque
1491 1870 1709 1925 virtutis
1757 1871 2002 1924 maximm
2038 1881 2217 1936 partes
2263 1879 2390 1923 sunt
2443 1871 2730 1934 modestia,
2765 1870 3050 1934 fortitudo,
3087 1869 3315 1936 iustitia,

3391 1881 3524 1934 prtt-

267 1964 465 2024 deutia,
512 1963 724 2019 Rursus
762 1962 1197 2032 unin-cujusque
1223 1963 1417 2016 harum
1453 1963 1720 2016 virtutum
1751 1969 1862 2014 tres
1917 1976 2037 2014 esse
2072 1971 2255 2029 partes
2304 1977 2526 2016 necesse
2559 1970 2664 2021 est,
2690 1978 2752 2016 ac
2782 1963 3009 2031 primam
3060 1961 3454 2029 temperantiae.

349 2059 501 2113 Ἐπεί
533 2058 648 2111 ἐστι
671 2057 990 2128 σωφροσύνη
1023 2056 1323 2125 αὐτάρκεια
1345 2056 1452 2107 τῶν
1477 2055 1613 2124 πρδς
1633 2053 1724 2106 τὸν
1745 2053 1846 2124 βίον

2033 2052 2300 2118 Quoniam
2331 2062 2510 2108 autem
2545 2055 2903 2121 temperantia
2958 2053 3012 2106 in
3070 2053 3234 2106 rebus
3257 2053 3321 2105 ad
3349 2053 3518 2105 vitam

267 2151 602 2216 ἀναγκαίων,
623 2147 788 2218 τριῶν
815 2148 871 2200 δὲ
897 2147 1102 2200 τούτων
1131 2149 1267 2215 προς
1311 2146 1402 2198 τὸν
1440 2145 1553 2216 βίον
1593 2145 1846 2215 δεόμεθα,

268 2243 491 2312 ἡδονῶν,
528 2242 850 2310 χρημάτων,
883 2240 1061 2308 δόξηςο
1087 2240 1173 2308 ἐφ’
1196 2239 1410 2309 ἑκάστῳ
1433 2237 1635 2291 τούτων
1664 2238 1747 2308 εἴη
1782 2239 1848 2291 ἄν

266 2350 320 2385 τι
346 2333 534 2402 μόριον
557 2331 926 2400 σωφροσύνης,
943 2331 1208 2396 φυλάττον
1233 2331 1290 2381 τό
1310 2329 1580 2398 αὔταρκες
1602 2329 1690 2381 καὶ
1712 2331 1813 2399 χρὴ

269 2441 431 2492 σιμον
458 2423 815 2484 ἑκάστου,ὲπὶ
839 2423 936 2490 μὲν
960 2422 1166 2491 ἡδοναῖς
1188 2425 1503 2491 κοσμιότης,
1528 2422 1618 2473 ἐπὶ
1635 2423 1690 2474 δὲ
1716 2423 1847 2490 χρή-

272 2532 438 2580 μασιν
466 2512 862 2581 ἐλευθεριότης,
889 2513 979 2564 ἐπὶ
999 2512 1054 2564 δὲ
1087 2511 1214 2582 δόξῃ
1243 2511 1554 2580 μετριότης.
1601 2511 1852 2580 ’Δνδρίας

267 2605 344 2668 δὲ,
369 2605 570 2675 ὁμοίως
591 2606 717 2674 τρία
746 2605 863 2657 ἐστὶ
895 2607 1080 2672 μόρια.
1115 2605 1268 2656 Ἐπεί
1290 2606 1433 2656 ἐστιν
1463 2603 1696 2657 ἀπάθεια
1745 2603 1848 2656 ὑπὸ

269 2697 376 2748 τῶν
409 2697 550 2750 κατὰ
577 2699 669 2749 τδν
693 2697 808 2766 βίον
835 2697 1026 2765 βιαίων
1054 2695 1416 2765 παθημάτων,
1457 2697 1661 2748 τούτων
1693 2695 1750 2747 δὲ
1775 2696 1840 2746 τὰ

274 2787 372 2854 μὲν
405 2785 556 2838 αὐτοί
598 2801 700 2836 που
755 2784 1032 2836 ἐθελονταὶ
1063 2785 1430 2851 ὑφιστάμεθα,
1472 2785 1738 2851 μειζόνων
1767 2786 1843 2837 εῖ-

271 2895 401 2930 νεκα
431 2877 672 2944 ἀγαθῶν,
713 2875 788 2939 ὡς
812 2879 940 2930 ὅταν
970 2879 1164 2939 πόνους
1192 2879 1219 2946 ᾖ
1256 2877 1531 2939 κινδύνους
1560 2879 1593 2946 ἦ
1632 2895 1686 2930 τι
1715 2877 1846 2930 ἄλλο

270 2969 699 3040 προσαιρώμεθα
728 2963 801 3022 ὧν
830 2971 958 3023 ἄνευ
997 2969 1073 3039 μὴ
1120 2965 1232 3022 οἷόν
1266 2987 1326 3022 τε
1365 2973 1452 3040 εἴη
1479 2971 1588 3022 τῶν
1613 2969 1844 3023 δεόντων

269 3080 366 3114 του
399 3064 580 3131 τυχεῖν
604 3077 622 3094 ο
683 3062 750 3114 τὰ
808 3060 853 3113 δ’
884 3060 1107 3114 ἑκούσια
1144 3062 1240 3113 καὶ
1279 3061 1342 3112 ού
1391 3062 1845 3130 προσδεχομένοις

271 3152 470 3204 ἔπεισι.
519 3151 740 3203 Τούτων
794 3168 853 3203 τε
908 3151 978 3204 αὖ
1012 3150 1078 3203 τὰ
1113 3152 1232 3218 μὲν,
1265 3149 1340 3212 ὡς
1401 3151 1587 3214 ἁπλῶς
1644 3155 1842 3216 εἰπεῖν,

274 3245 430 3312 παρὰ
452 3244 544 3296 τοῦ
591 3244 739 3297 θείου
772 3262 852 3308 τε,
879 3245 974 3296 καὶ
999 3247 1054 3295 τὸ
1092 3245 1212 3296 ὅλον
1241 3241 1400 3295 τοῦτο
1445 3243 1844 3305 διατάττοντος,

267 3332 488 3407 οἷαίπερ
527 3337 580 3389 αἱ
639 3337 970 3405 καλούμεναι
1031 3335 1306 3410 ξυμςρρραί
1335 3350 1351 3366 ο
1401 3335 1468 3387 τὰ
1511 3335 1554 3386 δ’
1596 3328 1664 3386 αὖ
1719 3334 1847 3403 παρ’

269 3427 592 3496 ἀνθρώπων,
620 3423 839 3496 οἷαίπερ
865 3428 919 3480 αί
959 3427 1088 3503 παρ’
1126 3429 1282 3479 ἐνίων
1314 3428 1450 3494 προς
1478 3427 1625 3496 ἡμᾶς
1657 3426 1847 3478 δυσκο-

269 3519 381 3570 λίαι
415 3537 470 3572 τε
503 3521 597 3571 καὶ
629 3521 963 3588 δυσχέρειαι,
1001 3521 1051 3570 εί
1097 3520 1200 3571 κᾶν
1234 3520 1328 3570 καὶ
1357 3517 1444 3587 ἐφ’
1483 3518 1699 3588 ἑκάστῳ
1723 3518 1847 3570 τού-

268 3627 378 3661 των
404 3611 538 3662 ἴδιόν
569 3629 617 3663 τι
660 3612 850 3679 μόριον
881 3609 1105 3679 ἀνδρίας
1149 3610 1324 3673 σῶζον
1354 3610 1415 3660 τὸ
1461 3609 1719 3678 ἀκίνητον
1753 3609 1849 3661 καὶ

268 3700 481 3761 ἀπαθὲς
506 3700 610 3752 ὑπὸ
655 3700 762 3752 τῶν
793 3699 1053 3768 χειρόνων
1086 3699 1354 3762 ἑκάστων,
1406 3701 1726 3770 γενναιότης
1749 3700 1848 3769 μὲν

269 3785 364 3838 ἐπὶ
392 3789 502 3848 τοῖς
528 3788 786 3856 αἱρετοῖς,
820 3789 911 3840 ἐπὶ
935 3787 991 3840 δὲ
1017 3789 1124 3850 τοῖς
1157 3789 1432 3852 ἑκουσίοις
1488 3789 1696 3858 ἀψυχία
1749 3790 1848 3858 μὲν

268 3879 358 3930 ἐπὶ
383 3881 496 3940 τοῖς
526 3878 676 3948 παρὰ
705 3878 797 3931 τοῦ
830 3879 973 3930 θείου
999 3920 1015 3944 ,
1059 3881 1302 3948 πραότης
1355 3881 1410 3932 δὲ
1451 3882 1544 3935 ἐπὶ
1567 3884 1679 3942 τοῖς
1715 3881 1846 3948 παρ’

269 3966 591 4035 ἀνθρώπων.
629 3966 951 4036 Δικαιοσύνη
983 3967 1039 4018 δὲ
1063 3967 1185 4019 ἐπεῖ
1224 3969 1340 4019 ἐστι
1366 3969 1610 4035 σωτηρία
1645 3969 1849 4037 ὁμοίων

269 4059 462 4110 τούτου
486 4057 674 4122 αὐτοῦ,
703 4053 876 4128 οὗπέρ
909 4061 1080 4128 ἐσμεν
1108 4059 1243 4129 πρὸς
1267 4058 1302 4112 ἃ
1328 4060 1578 4123 ἕκαστον,
1606 4060 1770 4129 ἐσμὲν
1792 4060 1846 4111 δὲ

268 4151 332 4219 δὴ
363 4149 496 4202 Θεοῦ
537 4150 634 4220 μὲν
661 4149 798 4218 ἔργα
849 4167 908 4202 τε
969 4152 1064 4204 καὶ
1099 4152 1382 4221 κτήματα,
1440 4150 1754 4221 ἀνθρώποις
1787 4151 1844 4204 δὲ

270 4241 547 4307 ξυγγενεῖς
569 4257 670 4294 που
688 4245 844 4306 πᾶσι,
877 4240 978 4294 κᾶν
1005 4241 1140 4311 πρὸς
1172 4241 1363 4304 ἄλλους
1381 4241 1555 4305 ἄλλως
1579 4259 1692 4302 πως
1715 4243 1849 4312 ἔχω-

272 4349 393 4402 μεν,
451 4333 538 4398 εῖη
570 4333 636 4385 ἂν
666 4335 758 4384 καὶ
808 4331 981 4400 αὐτῆς
1011 4333 1228 4400 ὁσιότης
1289 4332 1388 4401 μὲν
1437 4334 1532 4385 ἐπὶ
1560 4334 1672 4394 τοῖς
1708 4335 1848 4402 πρὸς

1962 2147 2288 2200 necessariis
2317 2156 2492 2200 status
2517 2158 2599 2201 est
2629 2148 2806 2215 scipso
2851 2153 3164 2205 contentus,
3220 2144 3392 2197 tribus
3423 2158 3523 2195 au-

1959 2249 2062 2291 tem
2111 2239 2194 2294 his
2227 2240 2289 2292 ad
2324 2239 2488 2292 vitam
2540 2238 2840 2308 degendam
2876 2251 3120 2305 egemus,
3150 2234 3522 2302 voluptatibus

1955 2330 2230 2389 nimirum,
2266 2329 2434 2397 gloria
2470 2339 2523 2383 et
2558 2329 2811 2397 pecunia,
2842 2328 2896 2381 in
2932 2341 3255 2394 unaquaque
3324 2325 3519 2377 harutn

1955 2437 2133 2474 rerum
2189 2421 2504 2474 necessario
2566 2429 2820 2474 versatur
2890 2420 3070 2487 aliqua
3148 2415 3520 2483 temperantiae

1955 2529 2100 2581 pars,
2172 2529 2293 2582 quze
2351 2520 2567 2567 tueatur
2602 2513 2651 2565 id
2685 2513 2831 2581 quod
2889 2512 3022 2564 satis
3062 2510 3157 2567 sit,
3187 2519 3241 2560 et
3265 2508 3314 2560 id
3371 2507 3519 2574 quod

1955 2601 2088 2654 utile
2134 2601 2188 2654 in
2239 2616 2563 2670 unaquaque
2625 2615 2696 2652 re.
2756 2599 2913 2652 Acin
2947 2597 3315 2664 voluptatibus
3343 2595 3522 2647 nomi-

1951 2701 2110 2744 netur
2161 2693 2446 2753 modestia,
2497 2693 2550 2744 in
2610 2691 2837 2760 pecunia
2890 2688 3206 2750 liberalitas,
3271 2687 3322 2739 in
3347 2687 3519 2752 gloria

1950 2782 2319 2836 mediocritas.
2386 2782 2742 2836 Fortitudinis
2829 2781 2954 2834 item
3016 2788 3193 2846 paries
3226 2786 3354 2828 sunt
3385 2786 3518 2827 tres.

1947 2871 2082 2925 Nam
2139 2890 2262 2928 cum
2295 2875 2386 2927 illa
2442 2873 2815 2942 tranquillitas
2851 2873 3094 2939 quaedam
3125 2870 3219 2927 sit,
3249 2882 3368 2935 qua!
3395 2865 3522 2918 vitae
3553 2875 3559 2881 '

1949 2965 2166 3018 casibus
2197 2965 2451 3018 violentis
2484 2980 2588 3016 non
2642 2972 3040 3023 commovetur,
3095 2972 3286 3010 eorum
3336 2964 3518 3008 autem

1953 3072 2178 3110 casuum
2254 3055 2392 3109 alios
2472 3055 2574 3124 ipsi
2665 3054 2811 3106 ultro
2871 3050 3121 3105 subimus
3193 3049 3248 3100 in
3306 3045 3514 3114 appeti-

1953 3147 2098 3200 tione
2185 3147 2451 3212 majorum
2510 3145 2800 3205 bonorum,
2862 3141 3022 3194 veluti
3087 3153 3209 3194 cum
3271 3139 3506 3197 labores,

1951 3250 2042 3292 aut
2103 3238 2379 3307 pericula,
2458 3250 2551 3290 aut
2601 3235 2747 3288 aliud
2807 3233 3084 3303 quidpiam
3156 3229 3512 3297 suscipimus,

1948 3331 2066 3384 sine
2115 3329 2312 3398 quibus
2368 3325 2626 3393 consequi
2689 3339 2796 3378 non
2846 3324 2970 3378 licet
3003 3339 3064 3377 ea
3096 3338 3216 3392 qnze
3292 3321 3514 3375 deside-

1953 3435 2158 3482 ramus,
2211 3420 2299 3472 alii
2353 3433 2479 3473 vero
2537 3431 2693 3472 (ποετις
2759 3430 2863 3469 non
2923 3413 3217 3469 voluntarii
3279 3422 3402 3466 sunt
3463 3422 3517 3465 ct

1953 3512 2095 3565 ultra
2149 3512 2313 3564 etiam
2390 3525 2496 3562 non
2536 3507 2996 3578 exspectantibus,
3067 3505 3520 3566 ollcrnntur,eo-

1951 3621 2180 3676 rumque
2236 3607 2317 3675 (ut
2387 3607 2619 3658 breviter
2695 3602 2898 3670 dicam)
2957 3599 3046 3654 alii
3085 3615 3110 3651 a
3180 3599 3404 3652 numine
3466 3605 3522 3650 et

1949 3701 2316 3769 gubernatore
2393 3696 2557 3764 hujus
2629 3694 2868 3749 universi
2939 3691 3266 3758 dependent,
3328 3691 3518 3758 cujus-

1952 3791 2094 3844 modi
2186 3796 2317 3843 sunt
2379 3803 2456 3841 e:e
2538 3801 2662 3857 quae
2734 3785 3076 3838 calamitates
3152 3785 3522 3842 nontinantur,

1950 3883 2040 3935 alii
2072 3882 2140 3933 ab
2178 3879 2514 3940 hominibus,
2549 3879 2710 3931 veluti
2771 3875 3267 3937 suntnﬂ‘ensiones,
3305 3881 3357 3926 rt
3405 3889 3523 3926 ruo-

1951 3973 2138 4033 lestim,
2196 3985 2332 4038 quas
2381 3970 2546 4037 aliqui
2601 3969 2758 4021 nobis
2793 3967 3076 4028 exhibent,
3111 3965 3217 4018 erit
3264 3964 3426 4017 ctiam
3467 3964 3518 4014 in

1951 4076 2288 4131 unoquoque
2308 4062 2501 4112 harum
2535 4057 2819 4128 peculiaris
2853 4054 3188 4109 fortitudinis
3217 4069 3365 4122 pars,
3397 4069 3517 4122 qua!

1952 4154 2004 4207 id
2036 4162 2285 4223 praestet,
2317 4151 2522 4218 nequis
2577 4157 2858 4203 moveatur
2888 4163 2916 4201 a
2953 4151 3116 4201 rebus
3149 4146 3416 4207 adversis,
3464 4153 3516 4197 et

1953 4243 2318 4314 perturbetur.
2367 4242 2444 4296 Ac
2491 4239 2828 4307 generositas
2859 4237 3078 4306 quidem
3113 4244 3167 4288 et
3193 4235 3412 4298 ﬁducia,
3464 4235 3518 4288 in

1954 4338 2021 4391 iis
2056 4351 2180 4406 quae
2228 4334 2399 4389 nostri
2461 4333 2676 4387 arbitrii
2725 4341 2876 4393 sunt,
2903 4331 2956 4384 in
3017 4345 3121 4382 non
3195 4329 3522 4381 voluntariis

269 4425 329 4476 τὸ
356 4425 516 4486 θεῖον,
555 4426 647 4477 ἐπὶ
685 4424 737 4476 δὲ
776 4427 891 4485 τοῖς
931 4425 1066 4494 πρὸς
1119 4425 1439 4493 ἀνθρώπους
1472 4425 1720 4478 πολιτεία
1747 4427 1844 4495 μὲν

1953 4437 2167 4492 autem,
2199 4425 2523 4487 constantia,
2558 4424 2610 4476 in
2675 4423 2743 4478 iis
2763 4436 2885 4492 quae
2915 4420 3178 4475 divinitus
3211 4418 3466 4471 accidunt
3497 4434 3516 4481 ;

248 4518 402 4584 ,προς
432 4517 498 4569 τὰ
550 4516 728 4579 κοινὰ,
762 4518 1067 4586 χρηστότης
1099 4515 1143 4568 δ’
1181 4516 1248 4569 αὖ
1305 4518 1441 4586 πρδις
1469 4518 1536 4568 τὰ
1575 4517 1842 4570 ἰδιωτικὰ.

268 4605 535 4673 Φρόνησις
555 4605 610 4657 δὲ
646 4606 678 4674 ἡ
720 4607 820 4674 μὲν
864 4606 992 4673 περὶ
1042 4607 1110 4658 τὰ
1140 4605 1260 4658 Θεῖά
1290 4622 1348 4657 τε
1382 4609 1477 4657 καὶ
1505 4608 1593 4658 ἀεὶ
1623 4606 1774 4669 ὄντα,
1807 4609 1841 4676 ἡ

269 4695 323 4747 δὲ
358 4697 485 4765 περὶ
510 4696 670 4762 φύσιν
693 4714 750 4748 τε
785 4699 880 4748 καὶ
912 4698 981 4749 τὰ
1011 4698 1291 4764 γινόμενα,
1319 4699 1351 4763 ἡ
1385 4697 1442 4749 δὲ
1474 4699 1602 4766 περὶ
1627 4698 1846 4767 τὰήμὲ-

268 4790 482 4855 τερὰτε
518 4790 612 4840 καὶ
660 4787 999 4858 ἀνθρώπεια.
1026 4787 1176 4839 ⁹¹Ωστ’
1225 4789 1313 4855 εῐη
1349 4790 1414 4840 ἂν
1467 4789 1560 4839 καὶ
1608 4789 1844 4858 αὑτῆςή

273 4881 370 4948 μὲν
395 4882 524 4949 περὶ
570 4879 744 4934 ταῦτα
791 4881 854 4950 δὴ
897 4880 963 4932 τὰ
1017 4879 1352 4948 ἀνθρώπεια,
1412 4879 1687 4944 εὐϐουλία,
1723 4883 1754 4951 ἠ
1788 4883 1845 4934 δὲ

269 4971 400 5038 περὶ
432 4969 615 5036 φύσιν,
657 4971 862 5040 φυσική
886 4986 899 4999 ·
955 4972 987 5039 ἡ
1025 4969 1070 5022 δ’
1117 4968 1184 5022 αὖ
1215 4972 1342 5039 περὶ
1391 4973 1461 5025 τὰ
1496 4971 1634 5036 θεῖα,
1660 4971 1845 5025 θεοσέ-

270 5064 412 5114 6εια.
448 5064 510 5114 Αἱ
547 5063 646 5130 μὲν
681 5062 746 5130 δὴ
772 5062 882 5114 τῶν
906 5063 1119 5130 ἀρετῶν
1146 5064 1280 5115 ἰδέαι
1308 5058 1493 5126 αὗται,
1532 5067 1625 5117 καὶ
1655 5065 1850 5117 τοσαῦ-

271 5171 396 5206 ται·
422 5155 538 5206 ἐνὸν
589 5157 688 5225 μὲν
742 5156 834 5207 καὶ
868 5158 948 5217 είς
978 5155 1149 5208 πλείω
1201 5174 1258 5209 τε
1299 5161 1392 5210 καὶ
1427 5158 1494 5209 τὰ
1547 5158 1848 5225 μικρότερα

269 5245 484 5304 διελεῖν,
523 5247 778 5313 ἀποχρῶν
803 5246 846 5299 δ’
875 5246 1004 5309 ἴσως
1031 5248 1122 5299 καὶ
1146 5249 1274 5316 ἄχρι
1296 5249 1591 5301 τοσούτων.
1625 5249 1845 5300 Τούτων

269 5335 326 5386 δὲ
353 5337 493 5404 ἁρχὴ
534 5338 632 5406 μὲν
674 5337 909 5404 μάλιστα
945 5342 1063 5397 ταῖς
1113 5338 1298 5400 ἄλλαις
1335 5338 1566 5407 ὅθενπερ
1598 5341 1847 5408 ἀρξάμε-

272 5442 380 5489 νος,
413 5428 506 5478 καὶ
534 5428 638 5478 τῶν
670 5428 871 5480 λοιπῶν
907 5430 1144 5495 ἑκάστην
1201 5431 1331 5498 ῥᾷον
1364 5431 1614 5497 κτήσαιτ’
1646 5434 1710 5483 ἄν
1745 5447 1844 5492 τις,

269 5517 302 5584 ἦ
326 5534 388 5584 γε
423 5523 716 5588 κοσμιότης
746 5519 830 5586 εἴη
850 5521 934 5575 ἄν.
963 5522 1080 5572 ἰ’ῶν
1113 5523 1220 5589 γάρ
1246 5537 1346 5572 που
1369 5521 1596 5588 ἡδονῶν,
1623 5521 1677 5572 οἳ
1703 5521 1848 5590 πρῶ-

269 5629 360 5664 τον
410 5613 562 5680 ἡμῶν
597 5617 686 5667 καὶ
720 5617 781 5667 ἐκ
809 5617 930 5667 νέον
975 5615 1323 5681 τυραννοῦσι,
1365 5615 1602 5682 μάλιστα
1643 5615 1850 5684 ἐπιχει-

273 5705 357 5771 ρεῖ
389 5707 608 5773 κρατεῖν
642 5704 780 5775 αὕτη
813 5706 1056 5776 ἡάρετὴ.
1085 5705 1366 5774 διελομένη
1406 5705 1500 5766 τὰς
1531 5704 1629 5771 μὲν
1680 5706 1845 5774 ἀναγ-

1953 4519 2354 4578 clementia,iu
2405 4518 2471 4572 iis
2496 4531 2616 4583 quat
2673 4516 2740 4569 ab
2813 4513 3126 4569 hominibus
3184 4511 3516 4566 olieruutur.

1947 4611 2177 4665 Justitiae
2222 4625 2384 4677 porro
2419 4611 2608 4664 cadent
2644 4608 2781 4664 ratio
2822 4615 2924 4673 est,
2985 4621 3104 4671 quae
3148 4604 3522 4659 conservatrix

1947 4717 2028 4756 est
2081 4705 2199 4772 ejus
2280 4703 2450 4756 nostri
2524 4702 2766 4756 muneris
2837 4715 2946 4768 quo
3021 4713 3144 4754 cum
3196 4710 3524 4766 unoquoque

1952 4809 2339 4864 comparamur
2371 4785 2775 4864 (comparamur
2822 4800 3002 4845 autem
3059 4805 3182 4844 cum
3242 4789 3370 4850 Deo,
3401 4798 3521 4840 tan-

1954 4893 2114 4950 qnam
2145 4900 2308 4954 opera
2345 4883 2463 4950 ejus
2503 4893 2552 4937 et
2583 4884 2984 4953 possessiones,
3016 4897 3140 4936 cum
3201 4881 3518 4935 hominibus

1949 4988 2152 5042 autem,
2194 4978 2336 5031 sicut
2392 4977 2609 5044 cegnati
2637 4978 2810 5031 simus
2851 4976 3130 5036 omnibus,
3171 4975 3388 5029 tametsi
3413 4973 3517 5024 alia
3551 4977 3555 4981 ’

1952 5069 2123 5122 nostri
2177 5083 2304 5135 erga
2345 5066 2483 5120 alios
2546 5070 2686 5120 ratio
2751 5068 2865 5136 sit).
2903 5067 3018 5120 Erit
3073 5067 3232 5130 igitur
3296 5078 3358 5116 ea
3397 5077 3521 5114 san-

1949 5160 2107 5214 ctitas
2134 5158 2186 5210 in
2220 5161 2384 5212 rebus
2415 5157 2655 5222 divinis;
2701 5159 2755 5210 in
2791 5159 3044 5210 hnrnanis
3079 5155 3402 5224 respublica,
3437 5168 3523 5204 ta-

1952 5251 2098 5304 tione
2129 5249 2364 5304 civitatis
2391 5267 2406 5316 ;
2433 5251 2650 5304 bonitas
2682 5261 2882 5312 autem,
2908 5260 3158 5316 resrieetu
3187 5248 3517 5315 privatorum

1951 5342 2256 5395 hominum.
2307 5341 2425 5394 .Iatn
2462 5341 2748 5410 prudentia
2782 5340 2883 5392 alia
2919 5348 3167 5391 versatur
3223 5339 3274 5389 in
3312 5339 3533 5406 divinis

1949 5443 2002 5484 et
2034 5432 2337 5500 perpetuis,
2371 5433 2475 5484 alia
2517 5432 2568 5483 in
2604 5440 2794 5482 natura
2827 5438 2877 5481 et
2919 5427 2984 5479 iis
3035 5442 3156 5494 quze
3189 5434 3514 5489 nascuntur,

1951 5526 2053 5574 alia
2120 5523 2174 5575 in
2232 5511 2635 5575 rebus°nostris
2665 5531 2719 5571 et
2769 5517 3022 5570 humanis
3053 5532 3067 5579 ;
3103 5515 3327 5582 proinde
3354 5516 3515 5568 etiam

1950 5615 2068 5681 ejus
2112 5615 2273 5668 fuerit
2327 5629 2388 5666 ca
2421 5629 2563 5682 pars,
2608 5627 2724 5681 qua:
2750 5611 2912 5665 rebus
2971 5611 3224 5664 humanis
3289 5624 3523 5680 occupa-

1954 5717 2038 5760 tur
2090 5705 2300 5760 consilii
2351 5705 2597 5773 capieudi
2657 5703 2898 5766 solertia,
2976 5717 3096 5766 qua:
3138 5718 3265 5756 vero
3318 5714 3521 5754 natura:
