3828 6180
400 248 507 312 8'1

1610 240 1933 301 CEOilGIi
1980 238 2407 297 PLETIlllNlS

3496 232 3573 295 872

406 358 793 414 obscuritatem
858 364 1072 418 tractat,
1153 355 1415 409 naturalis
1490 356 1793 423 sapientia;
1867 367 1957 419 qua

2090 348 2245 407 καίας
2282 346 2483 404 αὐτῶν,
2516 343 2608 405 τὰς
2674 344 2726 393 δὲ
2773 344 2877 411 μὴ’
2928 342 3021 393 καὶ
3066 341 3169 392 τῶν
3209 339 3280 408 μὴ
3324 340 3576 404 ἂναγκαῖων

408 460 587 504 autem
660 447 843 500 divina
923 448 1323 515 contemplatur
1394 449 1591 517 pietas.
1645 448 1723 500 Ac
1804 446 1975 498 virtu-

410 549 523 592 tum
602 536 815 604 quidem
877 542 959 590 hac
1035 544 1089 590 et
1143 545 1220 590 tot
1297 544 1424 591 sunt
1482 536 1691 599 τοι-τοτε,
1779 545 1837 589 ιιι
1884 549 1977 588 eas

408 625 572 678 dividi
626 639 725 693 par
771 631 874 677 est.
948 624 1206 690 Quamvis
1263 628 1405 681 enim
1467 628 1519 681 in
1579 627 1763 695 plures
1813 626 1970 679 liccat

406 714 643 767 tribuere
690 714 919 782 species,
953 724 1009 769 et
1062 716 1328 771 minutius
1361 717 1637 785 persequi,
1707 724 1887 768 tamen
1923 725 1976 767 et

410 806 511 858 hac
542 805 833 873 partitione
901 807 1141 860 contenti
1175 823 1298 861 esse
1338 822 1654 876 possumus.
1682 804 1823 858 Inter
1873 804 1971 856 has

409 901 587 945 autem
652 895 885 948 virtutes
937 895 1304 962 principatum
1359 896 1571 948 obtinet
1594 897 1879 955 modestia,
1939 909 1968 945 a

410 994 515 1044 qua
576 980 619 1031 si
675 981 945 1050 quispiam
1002 983 1342 1049 auspicetur,
1420 985 1584 1037 etiam
1636 983 1970 1049 reliquarum

408 1062 650 1137 singulas
686 1086 876 1138 parare
902 1072 1003 1125 sibi
1033 1080 1193 1147 queat
1216 1073 1615 1139 voluptatibus,
1682 1074 1827 1125 enim
1864 1074 1974 1140 pri-

411 1176 558 1212 mum
585 1163 635 1211 iu
664 1176 785 1223 nos,
842 1170 894 1215 et
926 1162 979 1215 in
1013 1164 1374 1217 adolescentia
1458 1164 1828 1232 potissimum,
1886 1173 1970 1235 ty.

408 1249 692 1302 ranuidem
719 1261 991 1316 exercent,
1049 1253 1279 1306 instituit
1318 1253 1587 1320 imperare
1623 1254 1741 1307 hare
1770 1255 1969 1313 virtus.

408 1348 464 1391 et
502 1354 592 1392 eas
662 1341 733 1394 ita
784 1342 1057 1411 distinguit
1103 1355 1156 1397 et
1214 1345 1409 1412 partim
1445 1346 1556 1399 sint
1608 1346 1968 1407 necessaria,

411 1430 605 1497 partim
664 1446 1104 1500 supervacanem,
1164 1449 1226 1486 ac
1252 1450 1447 1489 rursus
1485 1450 1592 1488 non
1634 1435 1971 1488 necessarias

408 1519 668 1595 quasdam
693 1521 925 1589 partitur
962 1522 1015 1574 in
1044 1522 1256 1590 legibus
1279 1524 1617 1587 contrarias,
1651 1535 1706 1577 et
1750 1525 1970 1592 nequis-

406 1610 573 1665 simas
617 1621 671 1665 et
729 1612 939 1666 homini
989 1613 1213 1667 minime
1269 1624 1655 1683 congruentes,
1741 1627 1793 1669 et
1872 1615 1966 1667 has

2082 437 2147 494 αὖ
2181 440 2346 500 ἐνίας,
2385 438 2723 507 παρανόμους
2741 450 2821 497 τε,
2851 435 2941 486 καὶ
2969 434 3387 503 μοχθηρότητας,
3408 438 3483 485 καί
3504 438 3578 488 οὔκ

2078 532 2353 602 ἀνθρώπῳ
2414 530 2751 597 πρεπούσας,
2798 530 2890 580 καὶ
2936 527 3139 588 ταύτας
3174 528 3266 594 μὲν
3294 530 3579 579 πιντάπιτιν

2078 625 2415 694 ἀπωσαμένη
2468 642 2524 675 τε
2583 625 2676 674 καὶ
2706 621 2988 689 ὲκκόῴασα
3024 620 3125 690 τῆς
3154 622 3344 689 ψυχῆς,
3371 623 3509 684 αὑτάς
3538 638 3582 672 τε

2076 721 2171 771 καὶ⁸
2222 716 2520 784 ἐπιθυμίας
2572 714 2786 767 αύτῶνο
2818 714 2921 776 τὰς
2950 713 2995 766 δ’
3033 715 3326 781 ἀναγκαίας
3359 714 3476 782 πρὸς
3514 716 3581 764 τὶν

2028 806 2037 815 ’
2079 806 2189 875 βίον
2223 804 2314 857 τόν
2338 821 2396 857 τε
2426 803 2556 855 ἴδιον
2588 802 2817 856 ἑκάστου
2850 804 2943 855 καὶ
2964 804 3057 855 τὸν
3106 803 3281 856 κοινὸν
3307 819 3581 872 προσαιρον-

2081 897 2240 965 μένη,
2274 894 2381 950 τῶν
2425 895 2482 947 δέ
2516 910 2580 962 γε
2618 893 2692 962 μὴ
2731 895 3046 962 ἀναγκαίων
3088 896 3203 963 μὲν,
3238 896 3293 947 οὗ
3342 895 3582 963 μοχθηρῶν

2074 989 2155 1052 δὲ,
2181 985 2365 1041 αὐτῶν
2400 986 2498 1056 μὲν
2527 986 2888 1055 ὀλιγωροῦσα,
2911 987 3011 1048 τὰς
3046 986 3090 1039 δ’
3125 987 3399 1055 ἐπιθυμίας
3422 991 3583 1043 narra-

2076 1093 2243 1130 πασιν
2264 1078 2607 1132 ἐκκόπτουσα
2627 1093 2642 1109 ·
2672 1080 2760 1131 ἵνα
2796 1078 2860 1150 δὴ
2883 1081 2959 1141 εἰς
2985 1079 3212 1148 δύναμιν
3248 1081 3501 1149 ἁνεπιδεής
3525 1101 3584 1145 τις

2072 1163 2128 1238 ᾖ,
2183 1170 2249 1237 τῇ
2280 1168 2584 1239 αὐταρκείᾳ
2634 1169 2842 1238 χαίρων
2883 1170 3085 1237 μᾶλλον
3115 1170 3149 1240 ἢ
3190 1171 3366 1233 αὐταῖς
3393 1174 3496 1232 ταῖς
3519 1171 3586 1224 διὰ

2072 1258 2166 1309 τοῦ
2239 1257 2492 1328 σώματος
2566 1259 2799 1329 ἡδοναῖς.
2867 1261 3048 1324 Εὐθὺς
3109 1258 3202 1314 οὖν
3269 1262 3399 1330 αὕτη
3452 1264 3584 1331 ἀρετὴ

2070 1348 2180 1400 τῶν
2246 1348 2345 1419 μὲν
2399 1350 2602 1419 θηρίων
2668 1352 2760 1405 καὶ
2824 1353 3088 1421 χειρόνων
3147 1353 3360 1422 ἄρχεται
3420 1354 3584 1421 διιστᾷιι

2073 1439 2228 1507 ἡμῶν
2299 1440 2335 1494 ἃ
2401 1441 2480 1509 τῷ
2547 1442 2658 1510 ἡδεῖ
2730 1459 2790 1495 τε
2854 1445 2948 1496 καὶ
3005 1445 3129 1513 μὴ,
3185 1445 3244 1496 τό
3301 1462 3356 1497 τε
3420 1444 3587 1513 αίρετδι

2074 1531 2166 1581 καὶ
2227 1532 2302 1600 μὴ
2367 1532 2611 1594 τοιοῦτο,
2684 1534 2856 1603 ὁρίζει
2927 1536 3019 1599 ἐετί
3094 1537 3150 1589 δὲ
3218 1536 3311 1606 τὴν
3372 1537 3486 1606 :th;
3538 1539 3587 1590 τὶ

2072 1621 2304 1683 κρείττω
2362 1623 2494 1691 γένη
2547 1623 2865 1693 ξυγγένειαν
2912 1628 3118 1697 ἀνέχει,
3155 1632 3271 1691 ταῖς
3325 1649 3377 1683 τε
3420 1633 3586 1699 ἡδοναῖς

406 1717 629 1770 prorsus
662 1703 909 1770 repudiat
965 1711 1017 1757 et
1053 1712 1261 1757 resecat
1285 1703 1351 1757 ab
1376 1704 1622 1767 omnino,
1653 1718 1831 1769 neque
1888 1707 1957 1771 ip-

2072 1712 2259 1772 αὑταῖς
2313 1710 2465 1775 τάξιν
2508 1731 2568 1765 τε
2610 1716 2704 1768 καὶ
2750 1717 2954 1785 κόσμον
3008 1718 3327 1783 ἐπιτιθεῖσα,
3372 1722 3456 1773 καὶ
3502 1722 3587 1787 ἅμα

407 1808 500 1846 sas
547 1793 747 1857 solum,
778 1793 869 1846 sed
909 1801 962 1846 et
998 1808 1182 1847 earum
1242 1794 1620 1862 appetitioues,
1680 1810 1773 1848 eas
1838 1810 1965 1849 vero

405 1898 527 1950 quae
567 1883 631 1935 ad
666 1883 830 1935 vitam
860 1887 1175 1937 necessariae
1202 1893 1350 1948 sunt,
1405 1893 1519 1938 tum
1561 1886 1824 1955 cujusque
1855 1888 1969 1955 pri-

409 1981 610 2034 vatam,
646 1984 757 2025 tum
815 1973 1088 2042 publicam
1122 1976 1488 2044 amplectitur,
1518 1991 1610 2030 eas
1634 1987 1813 2030 autem
1847 1993 1967 2045 qum

406 2076 530 2113 cum
557 2066 870 2117 necessariae
895 2078 1000 2116 non
1042 2065 1153 2122 sint
1184 2080 1288 2118 non
1317 2074 1498 2119 tamen
1527 2065 1788 2134 improtne
1817 2078 1962 2132 sunt,

409 2153 654 2221 negligit,
685 2154 1006 2222 cupiditates
1057 2166 1234 2210 autem
1270 2172 1457 2211 carum
1528 2159 1747 2225 penitus
1820 2173 1965 2211 rese-

407 2255 519 2307 cat,
557 2255 611 2296 ιιι
640 2247 887 2300 videlicet
912 2248 1183 2317 quispiam
1218 2249 1324 2302 ulla
1359 2264 1414 2301 re
1464 2256 1640 2318 egeat,
1698 2261 1961 2319 quantum

403 2335 519 2386 tieri
565 2344 762 2401 potest,
829 2337 923 2391 sed
979 2346 1120 2391 statu
1206 2338 1349 2392 nulla
1404 2354 1461 2392 re
1526 2343 1969 2410 egentegaudeat

406 2425 597 2491 inagis,
671 2441 832 2492 quam
879 2428 1014 2495 ipsis
1055 2430 1299 2496 corporis
1349 2430 1734 2499 voluptatibus.
1766 2431 1963 2484 Statim

405 2513 569 2579 igitur
619 2517 786 2568 virtus
846 2516 935 2568 illa
985 2534 1014 2569 a
1066 2518 1252 2573 bestiis
1300 2527 1354 2572 et
1381 2520 1545 2573 rebus
1602 2521 1964 2575 deterioribus

404 2619 502 2655 nos
560 2619 812 2669 svparare
855 2606 1066 2674 incipit,
1118 2624 1241 2674 quae
1284 2611 1551 2663 suavitate
1611 2622 1755 2666 eteo
1811 2613 1956 2680 quod

402 2708 569 2745 suave
608 2709 712 2744 non
745 2706 845 2757 est,
882 2697 1179 2749 metiuntur
1206 2697 1256 2750 id
1283 2699 1426 2767 quod
1477 2703 1837 2769 expetendum
1870 2708 1962 2770 sit,

401 2783 609 2849 etquod
636 2781 971 2850 fugiendum.
997 2784 1129 2838 Cum
1147 2796 1326 2839 autent
1357 2787 1551 2841 habeat
1582 2792 1959 2859 cognationem

398 2891 524 2944 erga
556 2880 932 2945 praestantiora
990 2894 1211 2947 genera,
1248 2868 1358 2935 tum
1421 2884 1557 2953 ipsis
1593 2885 1960 2955 voluptatibus

395 2966 640 3019 ordinem
687 2978 739 3019 et
772 2977 1021 3021 ornatum
1066 2969 1317 3039 imponit,
1348 2980 1458 3024 tum
1490 2974 1775 3042 expeditos
1829 2976 1955 3028 red-

398 3058 477 3109 dit
508 3064 561 3110 et
584 3057 727 3110 leves
756 3068 970 3127 prepter
999 3059 1241 3115 animum
1275 3076 1372 3117 sua
1424 3072 1567 3119 sorte
1623 3070 1961 3121 contentum.

396 3150 567 3216 Atque
594 3149 708 3203 lucc
731 3149 949 3217 quidem
1001 3150 1264 3205 modestia
1308 3151 1640 3223 reliquarum
1697 3157 1957 3211 virtutum

395 3240 556 3293 veluti
586 3242 904 3311 principium
935 3240 1207 3311 quoddam
1247 3252 1350 3309 est,
1397 3260 1521 3299 nam
1556 3256 1780 3304 crcteras
1820 3265 1953 3318 quo-

394 3347 502 3396 que
526 3333 898 3399 temperantiae
928 3344 1107 3402 partes
1143 3336 1427 3391 universas
1478 3349 1736 3406 praeterea
1787 3349 1841 3395 et
1896 3343 2228 3403 fortitudinis
2284 3362 2337 3406 ct
2393 3354 2617 3424 iustitia:
2678 3370 2731 3414 et
2775 3333 3078 3432 prudeniize
3140 3333 3367 3442 facilius,

399 3425 694 3478 instructus
748 3425 914 3481 fuerit
972 3443 1288 3497 comparare
1346 3431 1451 3487 sibi
1505 3434 1774 3503 quispiam
1829 3444 2020 3505 possit.
2082 3442 2335 3501 Omnium
2394 3460 2572 3506 autem
2615 3425 2879 3517 virtutum
2942 3481 3132 3536 caput,

399 3513 768 3536 ..-_._._Al'-.._!
823 3516 1008 3536 J-I.-_,‘
1074 3534 1120 3536 _,
1209 3521 1265 3536 ε’.
1313 3534 1324 3536 μ
1678 3524 1707 3536 .-
2329 3534 2336 3536 .

394 3513 769 3568 versa-referri
816 3516 1033 3581 debent,
1066 3534 1131 3573 ac
1198 3521 1332 3574 citra
1392 3536 1550 3588 quam
1598 3524 1779 3580 nullus
1830 3538 2149 3586 ccta-rarum
2204 3534 2336 3591 usus
2395 3554 2515 3595 esse

391 3603 511 3669 Quo
542 3608 687 3660 enim
732 3608 784 3661 in
838 3609 1153 3664 societatem
1214 3613 1650 3679 praestandorum
1699 3633 1956 3685 generum
1998 3624 2262 3691 venimus,

2072 1802 2350 1867 εὐσταλεῖς
2417 1821 2475 1856 τε
2545 1807 2637 1859 καὶ
2697 1807 2931 1875 κούφους
2992 1810 3062 1863 δι’
3119 1812 3428 1881 αὐτάρκειαν
3490 1815 3587 1866 ἀπο-

2073 1895 2359 1958 φαίνουσα.
2423 1895 2570 1966 Αὕτη
2630 1904 2728 1968 μὲν
2788 1902 2902 1967 οὖν,
2971 1897 3190 1973 οἷόνπερ
3222 1906 3355 1975 ἁρχὴ
3379 1909 3480 1969 ταῖς
3522 1907 3586 1959 ἆ)-

2072 1985 2210 2049 λαις,
2246 1987 2368 2038 ἐπεὶ
2398 1989 2490 2040 καὶ
2525 1989 2689 2042 τᾶλλα
2717 1991 2783 2043 τὰ
2818 1992 2916 2061 τῆς
2944 1994 3295 2065 σωφροσύνης
3342 1998 3498 2067 μόρια,
3527 1998 3583 2049 ἐτι

2076 2093 2131 2128 τε
2161 2078 2227 2129 τά
2251 2080 2347 2144 τῆς
2374 2080 2613 2148 ἀνδρίας,
2652 2084 2745 2136 καὶ
2777 2083 3146 2157 δικαιοσύνης,
3178 2088 3268 2140 καὶ
3328 2090 3583 2159 φρονήσεως

2074 2168 2363 2238 σύμπαντα
2390 2172 2520 2241 ῥᾷον
2542 2172 2605 2225 ἄν
2630 2191 2711 2235 τις
2744 2174 2840 2225 σὺν
2884 2177 3061 2250 ταύτῃ
3099 2180 3288 2248 μετίοι.
3341 2181 3582 2246 Κεφάλαιον

2067 2258 2121 2311 δὲ
2154 2262 2375 2325 πάσαις,
2409 2258 2465 2314 οἷ
2497 2276 2556 2316 τε
2591 2265 2882 2334 ξυμπάσας
2904 2270 2983 2321 δεῖ
3028 2271 3239 2333 τείνειν.
3279 2273 3365 2327 καὶ
3410 2267 3467 2345 ἧς
3508 2291 3581 2341 xiv:-

2072 2353 2154 2417 ρὶς
2182 2352 2296 2404 οὐδ’
2327 2353 2394 2405 ἂν
2428 2354 2535 2407 τῶν
2562 2356 2735 2409 ἄλλων
2768 2376 2820 2412 τι
2858 2358 3050 2428 ὄφελος
3080 2364 3186 2431 εἴη,
3223 2366 3337 2434 ἦγε
3364 2365 3580 2418 θεοσέϐεια

2068 2442 2150 2511 εἴη
2183 2441 2247 2494 ἂν
2278 2444 2532 2513 μάλιστα.
2566 2440 2635 2518 1’ῼ
2662 2449 2767 2518 γάρ
2794 2466 2893 2503 που
2928 2453 3087 2521 ἡμεῖς
3120 2456 3225 2517 τοῖς
3283 2456 3372 2524 μὲν
3400 2454 3581 2524 κρτίττε-

2071 2548 2124 2583 σι
2165 2535 2529 2604 κοινωνοῦμεν
2561 2540 2764 2605 γένεσι,
2815 2541 2925 2594 τῶν
2985 2544 3040 2595 δὲ
3096 2544 3347 2615 χειρόνων
3398 2548 3579 2615 pilum

2068 2624 2470 2696 διενηνόχαμεν,
2547 2630 2832 2699 κράτιστόν
2905 2636 2963 2687 τέ
3026 2637 3141 2690 ἐστι
3206 2639 3309 2693 τῶν
3359 2639 3579 2709 ἡμετέρων

2066 2713 2215 2766 οὐδὲν
2244 2714 2369 2767 ἄλλο
2400 2718 2481 2784 εἴη
2518 2719 2677 2773 τοῦτό
2711 2740 2772 2788 γε
2806 2724 2838 2792 ἦ
2875 2729 3061 2793 νόησις
3103 2745 3116 2758 ο
3148 2730 3251 2780 τῶν
3276 2730 3326 2781 δὲ
3371 2730 3425 2798 δὴ
3448 2730 3580 2780 vaniv-

2065 2820 2194 2877 των,
2214 2809 2307 2858 καὶ
2339 2811 2466 2878 περὶ
2494 2809 2528 2863 ἃ
2550 2811 2733 2881 νόησις
2756 2821 3229 2885 πραγματεύεται,
3259 2822 3360 2875 τῶν
3381 2839 3430 2873 τε
3454 2821 3579 2873 ὄντων

2067 2895 2421 2965 ξυμπάντων,
2449 2903 2475 2953 ὁ
2496 2902 2625 2966 Θεὸς
2649 2903 2708 2957 τὸ
2739 2906 2986 2974 ἄριστον.
3028 2910 3117 2978 Τῷ
3143 2913 3205 2984 δὴ
3232 2916 3478 2983 κρατίστῳ
3503 2914 3578 2965 τῶν

2073 2988 2355 3058 ἡμετέρων
2389 2989 2481 3044 τοῦ
2514 2997 2807 3065 κρατίστου
2864 3001 2975 3053 τῶν
3030 3005 3199 3057 δντυν
3254 3007 3576 3069 ἀπολαύοντες,

2075 3080 2443 3150 μακαριώτατ’
2477 3084 2542 3137 ἂν
2573 3086 2714 3141 οὕτω
2745 3090 2980 3160 βιοίμεν,
3017 3096 3147 3149 ὥστ’
3206 3101 3286 3169 εἴη
3338 3100 3397 3153 ἂν
3441 3103 3468 3170 ή
3509 3100 3577 3151 τοῦ

2066 3171 2201 3263 [θεοῦ
2232 3174 2414 3243 νόησις
2441 3176 2500 3230 τὸ
2524 3181 2946 3249 μακαριώτατον
2981 3189 3078 3255 τῆς
3104 3191 3424 3263 ἀνθρωπίνης
3446 3191 3575 3260 ζωῆς,

2064 3257 2096 3325 ἧ
2137 3261 2230 3311 καὶ
2278 3262 2583 3329 Θεοσεϐείας
2621 3271 2739 3322 ἐστὶ
2800 3273 2861 3325 τὸ
2908 3257 3227 3342 κεφάλαιονξ

3413 3374 3451 3429 si
3501 3376 3573 3427 hac

3168 3471 3236 3525 ad
3288 3486 3432 3543 quam
3481 3471 3571 3523 uni.

2568 3556 2761 3616 PO'GSI,
2818 3555 3008 3625 religio
3062 3563 3392 3630 potissimum
3431 3562 3570 3617 fuerit-

2284 3643 2333 3681 .a
2376 3630 2739 3697 deterioribus
2782 3655 2962 3709 autem
3011 3657 3243 3711 maxime
3290 3660 3570 3718 diﬁ‘erinnis;

394 3696 651 3765 quodque
694 3698 748 3750 in
781 3699 945 3754 rebus
975 3702 1176 3756 nostris
1228 3703 1735 3770 prmstantissimum
1770 3718 1873 3774 est,
1912 3711 1960 3764 id
1997 3715 2211 3782 quidem
2263 3719 2397 3775 nihil
2455 3726 2599 3781 aliud
2659 3696 3567 3807 l'ueritﬁquatit-"inat'ell‘ecm:llelliii:

393 3807 557 3863 porro
587 3809 773 3849 earum
795 3812 917 3866 quae
948 3796 1341 3868 intelliguntur,
1378 3809 1432 3854 et
1471 3802 1749 3872 inquibus
1811 3806 2115 3865 intellectus
2170 3827 2437 3885 versatur,
2470 3831 2519 3874 at

391 3886 533 3941 Dens
579 3899 659 3943 est
699 3892 1197 3959 pra-stantissimus.
1230 3893 1283 3948 Si
1313 3895 1475 3962 igitur
1517 3912 1611 3965 per
1647 3897 1697 3951 id
1742 3905 1882 3970 quod
1909 3904 1959 3957 iu
1997 3909 2195 3963 nostris
2243 3913 2404 3968 rebus
2433 3929 2517 3972 est

388 3979 626 4033 rersiest
650 3985 1182 4052 praestantissimum,
1208 3985 1472 4051 fruamur,
1496 3989 1575 4042 sic
1620 3989 1839 4043 demqu
1879 3994 2199 4053 beatissime

2526 3839 2641 3903 que‘
2687 3830 2823 3887 adeo
2852 3840 3100 3894 omnium
3127 3859 3299 3899 rerum
3329 3861 3436 3915 qua:
3458 3854 3572 3907 sunt.

2541 3928 3045 4003 przestantissimus,
3083 3955 3148 3993 eo
3188 3942 3440 4008 quitotius
3478 3958 3566 3994 um-

2233 4002 2496 4066 vivemus.
2557 4012 2649 4069 Dei
2693 4017 2872 4089 itaque
2918 4032 3159 4096 cognitio
3217 4035 3561 4089 beatisssimuai

385 4076 639 4133 humana:
694 4084 817 4136 vita:
868 4099 1067 4139 munus
1124 4089 1248 4153 erit,
1290 4103 1411 4155 qua:
1458 4090 1648 4146 eadem
1713 4098 1875 4150 etiam
1932 4102 2212 4172 religionis
2258 4118 2418 4175 caput
2446 4109 2678 4166 exsistit.

460 4175 591 4230 Post
622 4178 939 4232 modestiam
986 4189 1165 4233 autem
1218 4188 1599 4254 consequenda
1645 4190 1750 4244 erit
1792 4207 1953 4262 gene-

383 4270 608 4331 rositas,
642 4270 756 4323 lucc
785 4270 987 4324 etenim
1024 4273 1197 4327 virtus
1217 4288 1341 4327 cum
1373 4289 1646 4346 praeparet
1698 4282 1949 4336 homines

382 4365 443 4409 nt
499 4356 714 4411 labores
762 4357 1015 4422 tolerent,
1077 4370 1132 4413 et
1160 4363 1399 4429 pericula
1451 4366 1504 4417 in
1541 4381 1601 4420 se
1654 4372 1956 4439 suscipiant
1989 4356 2505 4458 υαιρεῑσθαι,ξττρδέ

381 4448 448 4500 ad
484 4448 651 4500 multa
673 4447 845 4502 cilicia
877 4449 1159 4503 retinenda
1181 4452 1589 4511 ellicacissimos
1626 4459 1677 4511 in
1732 4463 1943 4529 agendo

381 4536 581 4601 reddit,
641 4546 803 4633 atque
857 4538 922 4592 ad
981 4540 1216 4605 reliquas
1246 4542 1478 4599 virtutes
1536 4552 1946 4618 consequendas

381 4627 831 4683 instructissimos
869 4630 1047 4684 eﬂicit.
1090 4630 1210 4684 Jam
1270 4650 1398 4689 vero
1451 4652 1516 4691 ne
1550 4638 1683 4694 illud
1725 4642 1942 4710 quidem

383 4717 746 4784 ignorandum
802 4728 884 4773 est
911 4721 1051 4786 quod
1084 4723 1347 4779 modestis
1377 4733 1431 4778 et
1488 4733 1780 4798 generosis
1815 4734 1944 4787 viris

376 4807 593 4871 accidit,
649 4809 808 4876 quasi
869 4821 1069 4880 praeter
1115 4814 1237 4869 vitae
1268 4816 1604 4874 institutum.
1646 4820 1857 4877 Etenim
1898 4824 1943 4877 si

375 4898 496 4966 quis
547 4914 659 4952 rem
715 4911 861 4955 recte
912 4903 1245 4973 consideret,
1285 4922 1386 4962 nec
1434 4911 1805 4967 modestorum
1835 4917 1942 4971 vita

378 4990 657 5056 pauciores
698 4990 861 5045 habet
895 4996 1220 5064 voluptates,
1280 4999 1373 5067 qui
1404 5000 1639 5057 modesti
1677 5017 1784 5057 non
1817 5014 1942 5058 sunt

377 5095 476 5134 nec
509 5083 756 5147 generosi
783 5084 851 5137 ab
890 5085 957 5138 iis
986 5088 1079 5154 qui
1111 5098 1236 5142 sunt
1272 5091 1595 5160 degeneres,
1639 5095 1691 5148 in
1732 5096 1938 5151 labori-

375 5176 476 5230 bus
514 5186 859 5247 superantur.
921 5177 1055 5231 Nam
1084 5191 1137 5233 et
1174 5181 1513 5251 voluptatum
1552 5200 1614 5238 ea
1683 5186 1791 5242 fere
1846 5207 1942 5244 na-

371 5276 490 5321 tura
521 5284 639 5324 esse
661 5271 891 5335 videtur,
934 5279 992 5323 ut
1015 5284 1110 5325 eos
1141 5274 1233 5341 qui
1263 5274 1481 5329 labores
1518 5276 1761 5347 fugiunt,
1792 5281 1936 5349 ipsas
1976 5272 1985 5289 ’

373 5369 500 5408 vero
549 5369 751 5423 amant,
776 5374 1078 5427 eorumque
1100 5376 1285 5416 amore
1320 5368 1541 5420 attoniti
1578 5380 1734 5434 stitit,
1769 5374 1937 5440 magis

368 5446 645 5512 deserant,
694 5457 855 5517 atque
897 5448 1131 5506 eﬂiciant
1182 5462 1241 5507 ut
1292 5466 1514 5525 propter
1542 5461 1845 5515 satietatem
1878 5474 1930 5517 et

368 5539 839 5606 consuetudinem,
892 5544 1074 5597 minus
1120 5560 1308 5599 earum
1358 5562 1550 5604 sensus
1575 5552 1930 5621 percipiatur,

367 5626 463 5679 sed
502 5627 553 5678 in
625 5630 686 5681 iis
742 5636 1116 5702 assequendis,
1182 5638 1386 5693 viribus
1431 5643 1755 5715 plerumque
1793 5647 1931 5702 cclc-

2133 4203 2288 4257 Μετὰ
2316 4204 2371 4255 δὲ
2404 4207 2735 4276 κοσμιότητα
2763 4210 2796 4279 η
2828 4217 3143 4285 γενναιότης
3160 4239 3256 4274 που
3285 4223 3346 4275 ἂν
3363 4223 3435 4290 είη
3459 4236 3571 4288 μετι-

2058 4296 2173 4345 ’τιία⁹
2201 4294 2393 4359 πόνους
2410 4312 2466 4348 τε
2488 4298 2593 4367 γὰρ
2616 4301 2986 4373 ἐγκαρτερεῖν,
3014 4312 3106 4363 καὶ
3121 4313 3382 4374 κινδύνους
3401 4312 3566 4370 ἑαυτοῖς

2551 4392 2721 4446 πολλὰ
2750 4396 2861 4449 τῶν
2882 4398 3113 4454 δεόντων
3134 4406 3564 4474 παρασκευάζουσι

2053 4475 2192 4543 αὕτη
2216 4478 2248 4545 ὴ
2291 4478 2481 4548 ἀρετὴ,
2511 4480 2917 4551 δυνατωτάτους
2939 4508 2998 4543 τε
3025 4496 3280 4561 πράττειν
3298 4500 3561 4565 παρέχεται,

2048 4564 2305 4634 καὶπρὸς
2356 4568 2453 4630 τὰς
2498 4570 2665 4633 ἄλλας
2702 4574 3282 4648 ἁρετάςίκανωθάτους
3301 4564 3559 4653 ἀποφαίνει.

2046 4658 2136 4707 Δεῖ
2174 4657 2357 4724 μέντοι
2406 4658 2525 4727 μηδ’
2557 4662 2729 4717 ἐκεῖνο
2759 4667 2992 4735 ἀγνοεῖν,
3027 4673 3143 4739 βίου
3171 4677 3428 4747 πάρεργον
3459 4676 3561 4739 ξυμ*

2048 4746 2228 4798 ϐαῖνον
2255 4751 2365 4811 τοῖς
2393 4766 2451 4802 τε
2481 4756 2727 4821 κοσμίοις
2757 4761 2847 4810 καὶ
2877 4765 3146 4828 γενναίοις
3174 4746 3278 4820 τῶν
3298 4746 3495 4836 ἀνδρῶν.
3514 4764 3561 4815 υἱ

2045 4852 2106 4901 γε
2136 4836 2244 4906 γὰρ
2284 4840 2500 4907 κόσμιοι
2549 4845 2658 4895 τῶν
2721 4848 2794 4918 μὴ
2842 4851 3098 4907 τοιούτων
3158 4858 3273 4912 οὐδὲ
3332 4859 3454 4912 κατὰ
3486 4856 3557 4910 τὰς

2044 4927 2234 4994 ἡδονὰς
2257 4967 2272 4993 ,
2303 4930 2521 4985 ἔλαττον
2546 4936 2612 4988 ἂν
2645 4938 2792 5002 δόξαι
2822 4942 3046 5012 ἐνέχειν,
3092 4950 3326 5018 ἀκριόῶς
3375 4946 3558 5002 σκοποῦ·

2051 5033 2155 5083 σιν,
2191 5020 2322 5070 οἵτε
2379 5026 2616 5087 γενναῖοι
2663 5034 2787 5091 τοὺς
2847 5033 3057 5099 ἀγενεῖς
3118 5040 3238 5093 οὐδὲ
3290 5043 3413 5094 κατὰ
3460 5038 3555 5095 τοὺς

2045 5109 2232 5172 πόνους
2260 5111 2639 5180 ὑπερϐάλλειν·
2658 5120 2791 5173 αἵτε
2821 5125 2924 5194 γάρ
2955 5128 3135 5195 ἡδοναί
3167 5134 3441 5201 πεφυκέναι
3468 5116 3556 5187 «uti

2041 5200 2255 5254 δοκοῦσι
2283 5207 2408 5267 τοὺς
2473 5208 2572 5273 μὲν
2628 5212 2735 5264 τῶν
2799 5217 2974 5271 πόνων
3035 5200 3296 5289 φυγάδας,
3356 5225 3481 5289 σφῶν
3508 5219 3550 5269 δὲ

2041 5292 2297 5360 ἐραστὰς,
2330 5296 2424 5349 καὶ
2455 5301 2583 5368 περὶ
2607 5303 2774 5366 αὐτὰς
2805 5308 3192 5378 ἐπτοημένους,
3216 5315 3398 5383 μᾶλλον
3443 5312 3551 5362 ἀπο·

2040 5382 2271 5445 λείπειν,
2326 5387 2429 5437 ὑπό
2453 5406 2512 5440 τε
2532 5392 2623 5443 τοῦ
2655 5393 2817 5461 κόρου
2853 5399 2946 5451 καὶ
2970 5400 3121 5464 ἔθους
3157 5382 3554 5467 αὐντῶνὰναισθη-

2037 5471 2269 5541 τοτέρως
2303 5476 2573 5546 τσχοειταςς
2608 5486 2703 5537 καὶ
2732 5488 2868 5558 ταχὺ
2922 5492 3211 5559 ἀδυνάτους
3233 5498 3303 5558 ὡς
3331 5497 3392 5547 τὰ
3419 5491 3552 5544 πολλὰ

2036 5560 2438 5655 ἀποφαίνουσαι
2464 5572 2595 5641 πρὸς
2626 5576 2812 5643 αύτάς,
2852 5583 2919 5634 τά
2957 5600 3013 5635 τε
3050 5584 3269 5655 σώματα
3291 5587 3395 5655 ἅμα
3417 5584 3550 5653 χείρω

2038 5652 2096 5703 τὸ
2153 5654 2284 5707 πολὺ
2341 5660 2781 5735 ἀπεργαζόμεναι
2815 5686 2829 5703 ·
2866 5676 2977 5736 τοῖς
2997 5674 3049 5727 δὲ
3099 5652 3161 5745 δὴ
3213 5652 3434 5744 κοσμίοιέ
3477 5672 3545 5721 καὶ
