3828 6180
209 238 309 298 δη

1504 229 1603 290 DE
1641 227 1954 290 VlRTUTl
1970 228 2129 291 BUS.

3384 234 3450 296 ’ίᾶ

209 346 469 415 γενναίοις
503 346 557 398 ἐν
581 342 710 413 γοῦν
737 346 852 408 ταῖς
879 344 988 398 τῶν
1016 343 1147 414 πρδς
1176 314 1268 397 τὸν
1300 343 1413 414 βίον
1457 343 1771 412 ἀναγκαίων

1896 340 2011 394 iter
2068 340 2465 404 destituuntur,
2521 357 2584 396 ac
2621 357 2851 414 corpore
2898 344 3064 400 simul
3118 347 3283 401 etiam
3345 345 3454 400 fere

207 439 482 507 αἱρέσεσιν
513 436 878 507 ἀκμαιότεραί
899 453 960 489 τε
1022 435 1294 507 ἀπαντᾷν,
1351 437 1444 489 καὶ
1500 435 1775 501 ἀϐλαϐεῖς.

209 532 348 586 Οίιτε
385 531 536 583 πόνοι
567 532 680 591 τοῖς
713 531 812 599 μὲν
842 530 985 598 σφᾶς
1007 529 1294 597 φεύγουσι,
1322 527 1430 581 τῶν
1459 528 1516 582 δὲ
1574 527 1780 598 ἡδονῶν

209 617 490 694 ἐρασταῖς,
511 620 615 674 καὶ-
633 620 785 689 μάλα
817 620 1174 688 ὲπικείμενοι,
1209 620 1334 681 τοὺς
1362 618 1406 671 δ’
1453 617 1779 688 ὀλιγωροῦν-

208 716 303 778 τᾶς
323 732 382 767 τε
404 713 500 766 καὶ
520 711 992 783 ὲγκαρτεροῦντας
1019 711 1171 778 σφίσι
1233 709 1434 778 μᾶλλόν
1459 726 1508 762 τι
1550 708 1782 778 φεῦγον·

208 822 265 859 τε
277 824 316 871 ς,
337 804 442 858 ὑπό
466 820 525 856 τε
555 802 649 856 τοῦ
675 803 828 866 ἔθους
852 801 914 855 οῦ
951 801 1091 856 πάνυ
1117 818 1198 855 τοι
1233 801 1414 854 αὐτῶν
1449 800 1780 868 αἰσθανομέ-

210 897 461 961 νους,καὶ
494 894 612 964 ἅμα
631 895 1078 966 ἐρρωμενέστερα
1103 886 1323 964 τῇπρδς
1355 891 1550 955 αὐτοῦς
1578 892 1778 963 μελέτῃ

209 987 277 1038 τὰ
302 985 525 1054 σώματα
547 977 884 1053 κτωμένους.
941 984 1096 1038 Μετὰ
1133 984 1188 1037 δὲ
1211 984 1564 1053 γενναιότητα
1597 985 1722 1053 ἑξῆς
1743 987 1779 1054 ή

211 1076 410 1146 ἀψυχία
441 1075 834 1146 παραλαϐοῦσα
857 1076 1024 1145 ἡμᾶς,
1053 1074 1368 1145 ἠσκηκότας
1393 1075 1498 1145 ἤδη
1556 1075 1656 1144 τὴν
1721 1076 1781 1128 ὲν

211 1171 322 1232 toi;
341 1168 578 1237 αἱρετοίς
601 1165 897 1236 καρτερίαν
921 1166 1030 1220 τῶν
1065 1165 1360 1236 δυσχερῶν,
1393 1167 1452 1220 ἑν
1513 1161 1594 1230 οἷς
1651 1165 1782 1229 ἴσως

212 1258 388 1313 αὐτῶν
429 1258 606 1324 ἔξεστι
655 1256 750 1310 καὶ
794 1258 881 1324 ἐφ’
931 1257 1055 1310 ὅσον
1108 1256 1418 1326 βουλόμεθα
1467 1258 1777 1327 μετασχεῖν,

215 1345 553 1399 παιδεύσειεν
579 1345 647 1399 ἂν
667 1346 760 1398 καὶ
788 1345 896 1398 τῶν
919 1343 1192 1398 ἀκουσίων
1228 1346 1337 1398 τῶν
1359 1346 1467 1398 ἀπὸ
1491 1345 1583 1398 τοῦ
1631 1345 1778 1398 θείου

215 1437 451 1507 εὐχερῶς
483 1435 774 1506 ἀνέχεσθαι
797 1452 813 1468 ο
842 1438 1064 1508 πρῶτον
1095 1437 1197 1508 μὲν
1225 1437 1404 1491 ἐκεῖνο
1442 1437 1782 1492 διδάσκουσα

215 1529 289 1592 ὼς
326 1527 481 1582 αὐτοὶ
526 1529 624 1597 μὲν
677 1529 738 1583 οὺ
787 1529 1054 1600 κρεαδίων
1097 1530 1370 1601 θυλάκιον,
1413 1530 1532 1584 οὐδὲ
1587 1530 1780 1601 ξέστης

218 1619 466 1688 αἵματος,
480 1618 598 1670 οὐδ’
623 1618 752 1672 ἄλλο
780 1620 1022 1675 τοιοῦτον
1049 1621 1224 1689 οὐδὲν,
1251 1621 1390 1675 ἀλλὰ
1425 1621 1594 1692 ψυχαί
1612 1623 1780 1693 ἐσμεν

1891 430 2307 487 labefactentur.
2342 431 2602 487 Modestis
2646 445 2908 490 autemet
2967 437 3270 506 generosis,
3323 452 3453 506 quo-

1895 522 2041 575 niam
2074 537 2168 576 eas
2193 524 2496 592 voluptates
2529 526 2936 594 amplectuntur
2989 543 3108 597 qua:
3161 528 3228 580 ad
3290 530 3453 584 vitam

1888 612 2209 667 necessariae
2260 625 2408 678 sunt,
2469 623 2584 668 tum
2645 616 2849 683 majore
2880 619 3064 686 vig-ire
3113 627 3443 684 occurrunt,

1889 713 2000 756 tum
2054 703 2190 758 citra
2245 719 2440 758 noxam
2467 720 2706 775 quoque.
2760 706 2822 758 Et
2875 706 3118 762 laborum
3149 708 3364 776 quidem
3394 724 3455 762 ea

1889 793 2101 847 videtur
2131 809 2252 849 esse
2278 805 2498 858 natura,
2557 807 2612 849 ut
2636 797 2688 849 iu
2733 813 2829 852 eos
2855 799 3209 854 veheuaeuter
3242 800 3458 854 incum-

1890 885 2040 949 bant,
2069 885 2161 954 qui
2193 885 2314 941 illos
2345 897 2668 941 aversantur
2682 900 2734 941 et
2772 889 3075 956 voluptates
3113 905 3455 960 persequun-

1889 984 1998 1043 tur,
2024 991 2118 1031 eos
2149 987 2328 1030 autem
2359 977 2450 1046 qui
2487 977 2705 1030 labores
2736 994 3077 1047 nequaquam
3145 992 3360 1047 curant,
3403 991 3456 1036 et

1889 1068 1944 1122 in
2002 1067 2081 1122 eis
2104 1069 2415 1136 perdurant,
2449 1069 2620 1138 magis
2649 1068 2878 1138 fugiant,
2913 1085 3033 1124 cum
3064 1071 3134 1126 ob
3161 1081 3458 1126 consueti:-

1889 1160 2071 1212 dinem
2144 1175 2333 1214 earum
2407 1175 2632 1214 sensum
2687 1177 2792 1216 non
2853 1161 2970 1218 fere
3027 1163 3351 1234 percipiant,
3407 1173 3461 1218 et

1889 1247 2054 1304 simul
2079 1248 2243 1304 etiam
2284 1249 2592 1304 robustiora
2627 1250 2863 1306 habeant
2893 1269 3144 1322 corpora,
3210 1269 3276 1306 eo
3313 1255 3458 1324 quod

1891 1339 2093 1394 multos
2143 1339 2360 1394 labores
2418 1341 2822 1398 sustinuerunt.
2859 1346 2991 1397 Post
3035 1347 3456 1413 generositatem

1889 1440 2069 1487 autem
2101 1433 2290 1486 statim
2333 1432 2535 1488 ﬁducia
2581 1450 2680 1489 nos
2709 1438 2957 1505 suscipit,
2987 1438 3319 1501 exercitatos
3342 1436 3455 1507 jain

1891 1525 2175 1578 tolerantia
2228 1540 2433 1591 rerum,
2482 1526 2938 1594 voluntariarum,
2986 1545 3048 1584 ac
3105 1531 3453 1586 molestarum

1895 1615 2036 1686 (quae
2068 1626 2247 1670 tamen
2284 1617 2468 1687 aliquo
2497 1619 2658 1672 modo
2706 1618 2758 1673 in
2787 1630 2970 1674 nostra
3022 1629 3288 1689 potestate
3333 1633 3462 1687 sunt

218 1709 450 1777 λογικαὶ,
499 1709 778 1776 ἀθάνατοι,
822 1710 996 1765 ούδενὶ
1057 1712 1213 1782 κακῷ
1261 1712 1461 1779 ἔξωθεν
1516 1713 1784 1785 ἀλλοτρίῳ

1896 1716 1947 1760 ιιι
1985 1716 2191 1762 tantum
2222 1708 2516 1765 tolerenTus
2550 1719 2814 1778 quantum
2851 1712 3000 1780 libet)
3024 1723 3074 1768 et
3094 1730 3251 1783 :equo
3278 1715 3462 1769 animo

218 1800 545 1868 ἐκκείμενοι,
575 1801 622 1852 εί
651 1801 725 1871 μὴ
747 1802 774 1854 ὃ
795 1819 844 1856 τι
879 1801 946 1856 ἂν
977 1804 1128 1873 ἡμῖν,
1179 1803 1323 1858 κατὰ
1374 1805 1484 1867 τὰς
1511 1804 1786 1876 ἡμετέρας

218 1891 394 1947 αὐτῶν
414 1893 696 1961 δόξας,διὰ
727 1895 923 1949 κακίαν
945 1896 1280 1966 προστριῦῇ,
1326 1897 1398 1951 τὰ
1447 1898 1505 1951 δὲ
1558 1901 1788 1967 σώματα

216 1982 340 2036 τάδε
371 1984 750 2056 περικείμεθα,
786 1985 873 2054 ἐφ’
903 1987 1026 2039 ὅσον
1050 1987 1118 2040 ἂν
1161 1987 1293 2050 Θεὸς
1325 1986 1490 2058 διδῴη
1516 1988 1788 2058 χρησόμε-

192 2091 320 2141 νοι,
345 2075 405 2128 ού
431 2076 572 2130 πάνυ
607 2094 689 2130 τοι
728 2077 1040 2148 ἡμετέροις,
1070 2080 1190 2133 οὔτε
1223 2081 1423 2146 αὐτοῖς,
1456 2080 1590 2134 πολύ
1620 2089 1679 2133 τε
1706 2079 1786 2133 ἔτι

191 2155 375 2235 ’ἧττον
396 2167 506 2229 τοῖς
528 2166 706 2230 ἄλλοις
735 2171 846 2232 τοῖς
866 2169 932 2222 δι’
963 2171 1102 2226 αὐτὰ
1126 2172 1369 2242 κτήμασι
1417 2189 1474 2226 τε
1505 2175 1600 2227 καὶ
1653 2174 1788 2245 χρή-

218 2274 386 2326 μασιν
409 2273 424 2288 ’
451 2255 652 2314 οῦκουν
682 2259 802 2313 οὐδὲ
828 2260 897 2313 τὰ
929 2262 1059 2331 περὶ
1083 2263 1221 2316 αὐτὰ
1251 2263 1488 2334 δυσχερῆ
1539 2265 1633 2318 ἐπὶ
1685 2265 1786 2335 τὴν

214 2347 394 2416 ψυχὴν
412 2348 495 2402 δεῖ
521 2349 722 2416 ἕλκειν,
750 2351 860 2404 οὐδ’
889 2352 1020 2422 ἡμῖν
1057 2353 1244 2417 αὐτοῖς
1291 2354 1626 2422 λογίζεσθαι,
1673 2355 1788 2409 ἀλλ’

215 2438 418 2500 εἰδότας
445 2439 520 2504 ὡς
545 2440 752 2494 τούτων
791 2443 944 2496 οὐδὲν
974 2444 1109 2513 πρὶς
1136 2445 1306 2515 ἡμᾶς,
1337 2445 1561 2508 είκότως
1595 2447 1790 2514 ὀλιγω-

219 2529 348 2599 ρεῖν.
387 2530 616 2585 Ἔπειτα
637 2535 712 2596 ὡς
737 2534 909 2599 οὐδεὶς
941 2536 1030 2588 τὸν
1088 2536 1213 2608 ἑξῆς
1267 2537 1460 2608 χρόνον
1499 2539 1652 2592 οὐδὲν
1705 2538 1778 2592 ἂν

218 2622 565 2692 προσχωροίη
597 2623 938 2694 ἀχθομένοις,
989 2629 1046 2681 εί
1109 2629 1183 2699 μὴ
1237 2628 1334 2682 καὶ
1382 2630 1788 2699 ἐττιταράττοιτ⁹

219 2713 290 2768 ἂν
319 2711 474 2766 τοῦτο
503 2713 682 2783 ἡμῶν,
721 2709 766 2785 ᾧ
801 2715 950 2787 μόνῳ
985 2717 1229 2788 δεήσειεν
1264 2719 1330 2773 ἂν
1361 2719 1787 2789 επανορθοῦντος

220 2806 453 2859 πταῖσαν
484 2821 542 2858 τε
572 2805 668 2859 καὶ
694 2798 1007 2872 πεπτωκὸς,
1039 2809 1184 2874 λέγω
1212 2810 1270 2864 δὲ
1323 2809 1386 2863 τὸ
1440 2811 1790 2880 λογιζόμενόν

217 2911 299 2959 τε,
331 2895 425 2949 καὶ
450 2897 549 2968 τὴν
582 2898 720 2970 ὑπὲρ
748 2899 854 2952 τῶν
885 2900 1177 2970 ἡμετέρων
1227 2901 1448 2956 πάντων
1506 2905 1785 2974 πρόνοιαν,
1816 2976 1822 2981 ἢ

217 2989 461 3057 πεφυκὸς
486 2991 776 3056 ποιεῖσθαι,
809 2993 1006 3046 εἰδέναι
1031 3009 1087 3046 τε
1123 2993 1238 3062 ἅμα
1264 2994 1349 3048 ὄτι
1380 2994 1556 3049 ταῦτα
1607 2997 1705 3067 μὲν

216 3080 424 3137 ἕκαστα
475 3084 613 3154 πρὶς
668 3085 764 3140 τοῦ
823 3084 968 3140 θείου
1024 3086 1400 3154 διατέτακται,
1470 3089 1644 3162 ταύτῃ
1698 3094 1794 3146 καὶ

214 3172 448 3240 γίνεται,
481 3175 827 3230 διατέτακται
878 3177 935 3230 δὲ
991 3178 1129 3249 πρὸς
1181 3179 1276 3233 τοῦ
1325 3179 1535 3249 ἀγαθοῦ
1586 3178 1646 3236 εὖ
1699 3182 1794 3236 καὶ

215 3266 420 3330 καλῶς,
450 3267 546 3320 καὶ
567 3267 666 3320 οὐκ
698 3270 898 3323 ἐνεῖναι
925 3269 1098 3334 ἄλλως
1128 3271 1326 3335 εἰπεῖν,
1349 3273 1487 3343 ἡμῖν
1513 3290 1571 3325 τε
1608 3274 1796 3338 αὐτοῖς

216 3358 626 3429 συμςςερόντως,
663 3360 793 3421 tam;
815 3359 918 3429 μὲν
949 3361 1045 3414 xa‘t
1071 3361 1189 3414 κατ’
1227 3361 1387 3418 ἄλλον
1413 3363 1478 3434 δή
1511 3382 1629 3418 τινα
1666 3366 1799 3434 ἡμῖν

213 3450 376 3519 λόγον
394 3453 726 3523 ἀπόρρητον,
754 3452 852 3522 οὐχ
893 3447 1056 3523 ἧττον
1089 3453 1148 3507 δὲ
1183 3456 1274 3508 καὶ
1302 3456 1428 3527 τῇδε
1463 3472 1478 3487 ·
1529 3474 1640 3510 ειεν
1689 3460 1799 3528 γὰρ

215 3542 286 3597 ἄν
310 3560 413 3596 που
444 3543 512 3595 τὰ
533 3542 779 3606 τοιαῦτα,
809 3546 924 3607 τοῖς
953 3544 1052 3613 μὲν
1091 3544 1252 3613 ἡμῶν
1287 3547 1526 3601 παιδείαί
1589 3565 1647 3603 τε
1703 3551 1798 3606 καὶ

217 3631 473 3696 κολάσεις
503 3632 601 3712 ἐπὶ
627 3635 692 3705 τῇ
720 3632 815 3702 τῆς
847 3633 1048 3695 κακίας
1102 3633 1369 3706 θεραπείᾳ
1431 3653 1491 3688 τε
1549 3639 1643 3691 καὶ
1703 3638 1798 3691 τεῦ

221 3722 342 3792 βίου
367 3716 762 3794 ἐπανορθώσει,
791 3727 909 3788 ταῖς
959 3724 1256 3794 ἡμετέραις
1313 3725 1535 3796 ψυχαῖς,
1579 3723 1799 3797 οἷόνπερ

219 3817 565 3885 φαρμακεῖαι
600 3815 815 3870 νοσοῦσι
849 3816 1119 3885 σώμασιν,
1174 3819 1232 3868 ἐν
1260 3816 1556 3887 ἀλλοτρίοις
1605 3819 1798 3882 δεινοῖς

220 3908 672 3978 ἑπιπεμπόμεναι
708 3923 724 3939 ⁸
791 3911 904 3972 τοῖς
979 3909 1036 3962 δὲ
1106 3906 1260 3964 ἇθλοί
1327 3927 1386 3964 τε
1452 3912 1545 3965 καὶ
1617 3913 1801 3981 πεῖραι

217 3999 1022 4071 λαμπροτέρουςάποφαίνουσι
1058 4003 1154 4054 καὶ
1201 4002 1638 4073 ἀώρικωτέρους
1687 4007 1797 4068 τοῖς

217 4092 452 4158 ἀγῶσιν,
481 4087 702 4162 οἷόνπερ
733 4092 1090 4160 σωμασκοῦσι
1117 4095 1420 4164 γυμνάσια.
1451 4093 1660 4148 Οὔκουν
1689 4095 1802 4148 δεῖν

219 4183 347 4236 κατ’
409 4182 690 4252 οὐδέτερον
747 4183 855 4234 τῶν
914 4184 1133 4252 τρόπων
1196 4185 1290 4236 ἐπὶ
1356 4186 1466 4246 τοῖς
1535 4184 1802 4246 τοιούτοις

218 4276 551 4341 ἀγανακτεῖν
585 4290 598 4303 ·
633 4273 746 4326 ἀλλ’
777 4275 842 4346 ἢν
883 4279 1071 4345 ἐκείνῳ
1099 4276 1176 4346 τῷ
1207 4277 1398 4344 ἀληθεῖ
1432 4276 1575 4345 λόγῳ
1601 4276 1798 4330 ἐθέλοι-

1889 1797 2032 1853 ferre
2066 1814 2164 1853 nos
2185 1799 2336 1866 jubet
2369 1816 2430 1855 ea
2460 1802 2626 1856 etiam
2660 1819 2781 1872 qua:
2807 1805 3116 1860 voluntaria
3149 1822 3256 1860 non
3310 1817 3460 1867 sunt.

1888 1906 2118 1961 quaeque
2149 1891 2410 1948 divinitus
2472 1894 2750 1950 accidunt.
2781 1895 2858 1949 Ac
2883 1897 3120 1966 primum
3175 1897 3308 1952 illud
3337 1898 3462 1967 qui-

1889 1981 2011 2035 dem
2067 1981 2243 2046 docet,
2312 1998 2412 2038 nos
2474 2000 2578 2038 non
2627 1986 3040 2041 caruncularum
3091 2003 3335 2053 saccum,
3365 2001 3466 2041 nec.

1877 2073 2173 2143 sanguinis
2199 2075 2518 2141 sextarium,
2556 2087 2653 2130 aut
2685 2077 2980 2147 quidquam
3013 2080 3155 2132 aliud
3191 2079 3242 2132 id
3269 2094 3463 2149 genus.

1888 2180 2075 2218 verum
2107 2166 2318 2220 animos
2358 2181 2477 2221 esse
2531 2169 2740 2222 ratione
2778 2169 3060 2238 preditos,
3114 2169 3450 2224 immortales

1892 2256 2021 2310 nulli
2047 2255 2190 2310 male
2213 2265 2439 2312 externo
2462 2267 2519 2312 et
2551 2258 2729 2314 alieno
2779 2260 3078 2329 expositos,
3101 2277 3166 2316 eo
3197 2263 3462 2316 duntaxat

1889 2357 2139 2416 excepto,
2183 2348 2326 2419 quod
2391 2349 2552 2404 nobis
2630 2359 2792 2420 atque
2847 2351 3204 2420 opinionibus
3257 2357 3462 2408 nostris

1892 2449 2110 2509 propter
2134 2438 2538 2508 improbitatem
2567 2440 2914 2506 adhaerescit,
2945 2443 3267 2513 corporibus
3306 2445 3464 2498 deni-

1895 2545 2004 2599 que
2039 2529 2126 2584 his
2151 2545 2253 2584 nos
2282 2530 2653 2584 circumdatos
2705 2546 2827 2586 esse
2850 2534 3210 2601 demortstrat,
3267 2536 3468 2607 quibus

1891 2619 2040 2689 quod
2083 2620 2226 2674 Deus
2254 2621 2413 2675 nobis
2450 2623 2804 2689 concesserit,
2863 2632 3101 2693 utamur,
3135 2631 3225 2680 sed
3251 2644 3317 2680 ne
3348 2629 3464 2697 ipsa
3503 2689 3512 2697 ,

1891 2709 2110 2779 quidem
2135 2725 2370 2779 prorsus
2396 2723 2577 2766 neStra
2601 2728 2740 2776 esse,
2779 2717 2948 2770 multo
2983 2731 3111 2770 vero
3149 2719 3330 2773 minus
3361 2734 3468 2779 ea.»

1895 2811 2038 2858 teras
2072 2817 2156 2857 res
2203 2813 2258 2858 et
2290 2805 2572 2872 pecunias,
2602 2820 2721 2873 qua:
2749 2807 3073 2875 corporibus
3096 2809 3467 2865 subscrviunt.

1893 2893 2130 2948 Proinde
2159 2910 2346 2947 earum
2379 2911 2554 2948 rerum
2593 2897 2870 2951 molestias
2925 2912 3034 2951 non
3093 2914 3214 2953 esse
3243 2899 3308 2953 ad
3351 2902 3469 2954 ani-

1897 3001 2045 3040 mum
2098 2987 2511 3055 pertrahendas,
2567 3002 2742 3055 neque
2787 2987 3209 3043 existimandum
3272 3006 3368 3048 eas
3398 2994 3465 3048 ad

1901 3091 2000 3130 nos
2030 3077 2322 3147 pertinere.
2384 3078 2520 3133 Cum
2552 3079 2713 3149 igitur
2743 3095 2828 3133 res
2852 3079 2970 3134 ilias
2998 3081 3126 3136 nihil
3153 3083 3219 3137 ad
3252 3099 3350 3139 nos
3386 3097 3467 3141 at—

1901 3167 2075 3221 tinere
2122 3167 2381 3234 sciamus,
2425 3169 2698 3238 negligere
2726 3185 2820 3225 eas
2850 3187 3067 3238 aequum
3098 3188 3240 3240 esse,
3273 3175 3468 3232 deinde

1897 3270 1964 3311 ac
1995 3257 2048 3310 in
2085 3257 2352 3327 reliquum
2384 3259 2601 3335 quidem
2639 3255 2850 3330 tciupus
2904 3263 3196 3332 quidquam
3243 3281 3342 3320 nos
3390 3269 3485 3321 lu-

1897 3347 2220 3403 crilacturos
2269 3349 2520 3414 dolendo,
2582 3353 2683 3405 nisi
2733 3353 2786 3407 id
2831 3356 2975 3423 quod
3000 3370 3060 3408 ea
3108 3356 3274 3411 etiam
3295 3361 3466 3413 nostri

1900 3451 2024 3505 pars
2058 3437 2427 3506 perturbetur,
2458 3454 2560 3508 qua
2594 3441 2710 3494 sola
2762 3441 3038 3510 corrigere
3097 3457 3389 3511 possumus
3419 3445 3470 3496 id

1901 3526 1953 3580 iu
2008 3527 2155 3598 quod
2212 3528 2532 3599 impegimus
2591 3539 2754 3601 atque
2775 3533 3099 3598 cecidimus,
3132 3548 3194 3586 ea
3220 3535 3469 3590 videlicet

1900 3631 2021 3686 qua:
2051 3616 2426 3681 ratiocinatur,
2462 3631 2510 3674 et
2545 3620 2703 3690 cujus
2739 3636 2802 3676 ea
2835 3631 2916 3677 est
2941 3612 3153 3688 natura,
3191 3634 3249 3678 ut
3308 3627 3472 3682 rebus

1902 3708 2104 3762 nostris
2141 3709 2392 3764 omnibus
2421 3713 2691 3776 consulat,
2730 3729 2894 3769 nosse
2926 3714 3159 3786 denique
3188 3726 3465 3787 oportere,

1901 3801 2114 3868 singula
2152 3810 2316 3871 prout
2344 3796 2640 3858 co'nstituta
2692 3805 2820 3871 sint,
2860 3806 2931 3859 ita
2967 3808 3128 3860 etiam
3163 3809 3300 3874 ﬁeri,
3334 3810 3470 3864 bene

1901 3901 2079 3946 autem
2128 3901 2182 3946 et
2213 3893 2470 3962 praeclare
2517 3906 2679 3962 atque
2723 3895 2775 3946 in
2830 3910 2942 3949 rem
3007 3905 3248 3951 nostram
3273 3898 3476 3967 (neque

1901 3984 2044 4037 enim
2072 3983 2229 4038 aliter
2252 3985 2429 4038 dicere
2465 3983 2548 4039 fas
2580 3985 2684 4054 est)
2725 3986 3014 4041 constituta
3045 4001 3167 4041 esse
3192 4001 3222 4041 a
3253 4004 3472 4043 suntme

1905 4075 2066 4140 bono,
2116 4089 2179 4129 ae
2211 4074 2440 4132 fortasse
2469 4084 2522 4129 et
2572 4077 2732 4129 altam
2762 4089 2981 4145 queque
3037 4092 3256 4133 causam
3319 4079 3475 4136 nobis

1905 4166 2168 4238 ignotam,
2197 4181 2306 4220 non
2334 4165 2518 4221 minus
2551 4173 2730 4220 tamen
2756 4166 2920 4221 etiam
2953 4181 3016 4222 ac
3066 4170 3296 4236 ratione,
3327 4174 3472 4240 quod

1907 4257 2068 4314 nobis
2105 4271 2229 4312 esse
2254 4265 2492 4326 possunt
2514 4255 2817 4326 disciplina:
2848 4265 2901 4310 et
2941 4258 3324 4328 castigationes
3349 4263 3471 4317 des-

220 4382 324 4435 μεν
351 4365 597 4429 ἕπεσθαι,
633 4367 723 4418 καὶ
747 4366 959 4436 χαίρειν
985 4366 1523 4436 ὼφελουμένου;,·ὠς
1545 4369 1604 4420 τὸ
1629 4368 1790 4432 εἰκὸς,

1911 4352 2095 4406 tinatm
2126 4339 2193 4405 ad
2231 4351 2594 4414 curationem,
2626 4351 2882 4417 vitiorum
2941 4361 2996 4406 et
3024 4353 3144 4407 vita:
3181 4353 3478 4408 correctio-

215 4457 301 4524 τῷ
333 4473 389 4509 τε
417 4456 557 4526 Θεῷ,
599 4458 673 4526 μὴ
707 4459 785 4510 ὅτι
830 4458 938 4511 τῶν
987 4475 1048 4525 γε
1106 4459 1282 4513 ἄλλων
1334 4460 1496 4513 ἓνεκα
1550 4460 1795 4526 ἀγαθῶν,

216 4550 358 4603 ἀλλὰ
377 4550 470 4603 καὶ
490 4549 668 4604 αὐτῶν
691 4549 898 4602 τούτων
924 4550 1088 4620 χᾶριν
1123 4550 1486 4619 προσειδέναι.
1540 4551 1696 4605 Μετὰ
1742 4551 1799 4604 δὲ

216 4640 419 4710 ἡδονὰς
477 4643 569 4694 καὶ
623 4640 826 4702 πόνους
871 4639 1180 4710 ὀψιαίτερον
1233 4641 1354 4710 μὲν,
1409 4641 1709 4711 βιαιότερον
1754 4642 1800 4694 δ’

216 4735 356 4792 tato;
379 4733 735 4802 τυραννοῦσιν
765 4733 920 4801 ἡμῶν
940 4733 1091 4796 δόξαι
1121 4748 1179 4784 τε
1208 4735 1300 4785 καὶ
1334 4733 1563 4800 ἀδοξίαι,
1592 4733 1801 4802 ἀνθρω-

215 4825 502 4894 πινώτερα
537 4824 658 4896 ἤδη,
711 4827 802 4876 καὶ
867 4825 927 4876 ού
979 4822 1219 4894 θηριώδη
1261 4822 1586 4892 παθήματα.
1637 4824 1802 4876 Οὐδὲν

218 4917 409 4988 μέντοι
432 4909 593 4987 ἦττον
627 4917 722 4967 καὶ
758 4915 885 4983 περὶ
929 4913 1066 4966 αὐτὰ
1102 4913 1415 4980 ἐπιμελείας
1443 4913 1612 4966 δεῖται
1645 4913 1803 4981 ἡμῶν

215 5009 421 5078 τινοςή
460 5007 727 5078 ὡς
752 5006 981 5068 δεόντως
1040 5022 1139 5074 τε,
1189 5003 1284 5058 καὶ
1339 5005 1438 5057 οὐκ
1491 5006 1612 5075 εἰκῇ
1668 5005 1802 5072 πρὶς

216 5101 364 5158 αὐτὰ
391 5099 768 5169 προσφέροιτο.
805 5098 876 5149 Ἤ
935 5113 993 5148 τε
1051 5099 1340 5166 μετριότης
1391 5097 1450 5148 ὲν
1498 5096 1701 5159 αὐτοῖς,
1745 5094 1805 5147 τὸ

216 5189 433 5261 πρέπον
462 5205 522 5243 τε
556 5189 650 5242 καὶ
678 5189 945 5257 ἁρμόττον
974 5187 1220 5251 σώζουσα
1249 5186 1502 5250 ἑκάστοις
1533 5187 1801 5251 παιδεύει,

215 5281 442 5352 πρῶτον
484 5281 582 5352 μὲν
612 5279 713 5347 τῆς
737 5279 894 5346 ἀξίας
923 5280 998 5342 ὡς
1035 5281 1272 5350 μάλιστα
1323 5280 1554 5341 ἑαυτοὺς
1610 5279 1801 5347 τιμᾷν,

215 5375 338 5431 Ιτῶν
370 5375 468 5445 μὲν
523 5372 796 5428 ταπεινῶν
853 5388 912 5424 τε
978 5373 1073 5425 καὶ
1123 5371 1282 5442 ἡμῶν
1341 5372 1520 5425 αὐτῶν
1566 5369 1805 5436 ἀναξίων

215 5465 725 5539 ὑπερφρονοῦντας,
764 5463 833 5518 τὰ
866 5463 922 5517 δὲ
977 5464 1149 5533 μείζω
1209 5464 1243 5535 ἢ
1303 5463 1441 5517 κατὰ
1491 5462 1590 5532 τὴν
1647 5462 1804 5527 ἀξίαν

212 5551 738 5626 διευ).α6ουμένους’
791 5556 982 5609 ἔπειτα
1040 5557 1131 5608 καὶ
1181 5555 1278 5624 τῆς
1336 5555 1434 5623 μὲν
1495 5554 1646 5624 παρὰ
1694 5554 1802 5608 τῶν

212 5651 408 5708 καλῶν
437 5647 716 5718 κάγαθῶν,
751 5647 844 5699 καὶ
864 5647 956 5700 ἐπὶ
985 5649 1095 5709 τοῖς
1126 5649 1307 5711 καλοῖς
1332 5647 1510 5717 δόξης,
1549 5645 1625 5716 μὴ
1656 5646 1797 5700 πάνυ

541 5743 818 5805 Pyram”
869 5741 987 5803 Gtt.
1035 5741 1174 5802 CLX

1867 5471 1880 5481 '
1906 5453 2226 5523 ignominia,

1904 4460 2050 4510 nem,
2087 4459 2208 4513 qua:
2240 4454 2495 4514 tanquam
2534 4443 2929 4499 medicamenta
2960 4430 3286 4517 corporibus
3303 4463 3472 4518 :rgro-

1903 4536 2144 4590 tantibus
2199 4536 2402 4589 animis
2458 4535 2664 4590 nostris
2713 4551 2811 4598 pro
2860 4537 3037 4593 alieno
3093 4538 3336 4609 periculo
3365 4541 3478 4596 sint

1904 4629 2176 4693 immissa,
2206 4628 2328 4682 aliis
2358 4643 2487 4683 vero
2515 4638 2762 4684 nostrum
2799 4644 2922 4686 esse
2973 4632 3137 4688 veluti
3171 4635 3470 4690 certamina

1904 4731 1956 4774 et
1979 4719 2360 4783 oscitationes,
2395 4735 2518 4788 qum
2543 4734 2666 4774 cum
2692 4719 3018 4778 illustriores
3047 4730 3162 4777 tum
3217 4724 3473 4780 fortiores

1903 4825 2120 4878 quoque
2149 4809 2379 4862 reddunt
2403 4823 2498 4863 eos
2522 4809 2615 4877 qui
2665 4823 2894 4878 corpora
2932 4811 2998 4863 ad
3019 4810 3182 4865 ludos
3202 4819 3479 4870 exercent.

1906 4899 2061 4954 Nulla
2118 4900 2282 4970 igitur
2335 4900 2548 4954 ratione
2593 4899 2780 4970 iniquo
2809 4901 2995 4956 animo
3048 4902 3325 4958 referenda
3356 4892 3499 4958 esse'

1908 4993 2042 5058 haec,
2073 4993 2166 5047 sed
2200 4993 2488 5048 lauandum
2514 4993 2716 5060 potius,
2746 4993 2793 5048 si
2818 5007 3000 5048 veram
3021 4993 3165 5048 illam
3186 4994 3478 5063 rationem,

1908 5096 1962 5138 nt
1993 5100 2086 5153 par
2115 5093 2218 5150 est,
2248 5086 2398 5154 sequi
2435 5085 2687 5149 velimus,
2737 5093 2794 5138 et
2823 5083 2934 5139 Deo
2963 5100 3072 5140 non
3105 5094 3323 5155 propter
3372 5101 3476 5140 ea:-

1907 5188 2020 5232 tera
2049 5187 2254 5231 tantum
2283 5177 2563 5242 bona,sed
2583 5188 2637 5232 et
2663 5178 2870 5232 obhaec
2896 5178 3012 5248 ipsa
3039 5177 3342 5233 habendam
3357 5194 3481 5234 esse

1906 5269 2162 5338 gratiam.
2187 5268 2319 5324 Post
2339 5271 2642 5340 voluptates
2663 5279 2844 5324 autem
2872 5278 2927 5323 et
2956 5269 3166 5323 labores
3191 5277 3251 5323 ut
3277 5270 3481 5340 serius,

1905 5361 1980 5414 ita
2009 5359 2243 5416 fortasse
2266 5360 2558 5415 violentius
2591 5361 2642 5414 iu
2672 5375 2772 5414 nos
2804 5366 3143 5429 grassantur,
3204 5359 3375 5432 gloria
3427 5372 3484 5417 et

2311 5467 2433 5520 qua:
2486 5452 2798 5506 all'ectiones
2851 5453 3067 5507 tametsi
3129 5452 3486 5510 humaniores

1907 5555 2060 5608 sunt,
2083 5553 2138 5599 et
2162 5558 2270 5598 non
2299 5542 2530 5606 feroces,
2565 5543 2924 5597 nihilominus
2956 5552 3135 5596 tamen
3159 5543 3213 5597 in
3242 5546 3306 5598 iis
3323 5546 3488 5601 etiam

1908 5651 2095 5693 curam
2121 5635 2410 5706 quamdam
2448 5633 2680 5704 requirit
2731 5635 2951 5691 animus
2978 5643 3194 5702 noster,
3269 5647 3328 5693 ut
3359 5653 3485 5692 cum

3015 5730 3090 5790 28
