  <div class='ocr_page' id='page_1' title='image "/cluster/home/n/w/nwhite01/storage/ocr_20150623/160/hvd.32044073502692/459.png"; bbox 0 0 3910 6202; ppageno 0'>
   <div class='ocr_carea' id='block_1_1' title="bbox 1608 276 1978 342">
    <p class='ocr_par' dir='ltr' id='par_1_1' title="bbox 1608 280 1942 341">
     <span class='ocr_line' id='line_1_1' title="bbox 1608 280 1942 341; baseline -0.003 0"><span class='ocrx_word' id='word_1_1' title='bbox 1608 280 1942 341; x_wconf 76' lang='lat' dir='ltr'><strong>&#39;GEDliGll</strong></span> 
     </span>
    </p>
   </div>
   <div class='ocr_carea' id='block_1_2' title="bbox 2082 276 3635 342">
    <p class='ocr_par' dir='ltr' id='par_1_2' title="bbox 2089 276 3635 341">
     <span class='ocr_line' id='line_1_2' title="bbox 2089 276 3635 341; baseline -0.001 0"><span class='ocrx_word' id='word_1_2' title='bbox 2089 281 2178 341; x_wconf 79' lang='lat' dir='ltr'><strong>ET</strong></span> <span class='ocrx_word' id='word_1_3' title='bbox 2189 279 2419 340; x_wconf 59' lang='lat' dir='ltr'><strong>l‘lONlIS</strong></span> <span class='ocrx_word' id='word_1_4' title='bbox 3530 276 3635 341; x_wconf 61' lang='lat'><strong>90$</strong></span> 
     </span>
    </p>
   </div>
   <div class='ocr_carea' id='block_1_3' title="bbox 395 286 513 347">
    <p class='ocr_par' dir='ltr' id='par_1_3' title="bbox 395 286 513 347">
     <span class='ocr_line' id='line_1_3' title="bbox 395 286 513 347; baseline 0 -1"><span class='ocrx_word' id='word_1_5' title='bbox 395 286 513 347; x_wconf 74' lang='lat'><strong>903</strong></span> 
     </span>
    </p>
   </div>
   <div class='ocr_carea' id='block_1_4' title="bbox 400 391 1978 468">
    <p class='ocr_par' dir='ltr' id='par_1_4' title="bbox 400 396 1967 467">
     <span class='ocr_line' id='line_1_4' title="bbox 400 396 1967 467; baseline -0.001 -15"><span class='ocrx_word' id='word_1_6' title='bbox 400 399 619 455; x_wconf 78' lang='lat' dir='ltr'><strong>vivendi</strong></span> <span class='ocrx_word' id='word_1_7' title='bbox 675 398 985 454; x_wconf 75' lang='lat' dir='ltr'><strong>facultatem</strong></span> <span class='ocrx_word' id='word_1_8' title='bbox 1023 398 1379 467; x_wconf 83' lang='lat' dir='ltr'><strong>adipiscatur.</strong></span> <span class='ocrx_word' id='word_1_9' title='bbox 1436 396 1610 464; x_wconf 85' lang='lat' dir='ltr'><strong>Quam</strong></span> <span class='ocrx_word' id='word_1_10' title='bbox 1645 399 1716 450; x_wconf 90' lang='lat' dir='ltr'><strong>ob</strong></span> <span class='ocrx_word' id='word_1_11' title='bbox 1747 410 1967 451; x_wconf 77' lang='lat' dir='ltr'><strong>causam</strong></span> 
     </span>
    </p>
   </div>
   <div class='ocr_carea' id='block_1_5' title="bbox 2082 391 3647 468">
    <p class='ocr_par' dir='ltr' id='par_1_5' title="bbox 2082 391 3647 466">
     <span class='ocr_line' id='line_1_5' title="bbox 2082 391 3647 466; baseline -0.005 -19"><span class='ocrx_word' id='word_1_12' title='bbox 2082 397 2173 466; x_wconf 81' lang='grc' dir='ltr'><strong>τήν</strong></span> <span class='ocrx_word' id='word_1_13' title='bbox 2206 398 2305 448; x_wconf 65' lang='grc' dir='ltr'><strong>’καὶ</strong></span> <span class='ocrx_word' id='word_1_14' title='bbox 2348 394 2694 465; x_wconf 70' lang='grc' dir='ltr'><strong>Ἀριστοτέλη</strong></span> <span class='ocrx_word' id='word_1_15' title='bbox 2732 394 2828 464; x_wconf 68' lang='grc' dir='ltr'><strong>τὴν</strong></span> <span class='ocrx_word' id='word_1_16' title='bbox 2860 393 3040 466; x_wconf 70' lang='grc' dir='ltr'>ψυχὴν</span> <span class='ocrx_word' id='word_1_17' title='bbox 3072 394 3168 463; x_wconf 72' lang='grc' dir='ltr'><strong>τήν</strong></span> <span class='ocrx_word' id='word_1_18' title='bbox 3196 410 3257 462; x_wconf 80' lang='grc' dir='ltr'><strong>γε</strong></span> <span class='ocrx_word' id='word_1_19' title='bbox 3292 391 3647 462; x_wconf 67' lang='grc' dir='ltr'><strong>ἀνθρωπίνην</strong></span> 
     </span>
    </p>
   </div>
   <div class='ocr_carea' id='block_1_6' title="bbox 393 483 1978 560">
    <p class='ocr_par' dir='ltr' id='par_1_6' title="bbox 393 489 1973 560">
     <span class='ocr_line' id='line_1_6' title="bbox 393 489 1973 560; baseline -0.003 -13"><span class='ocrx_word' id='word_1_20' title='bbox 393 493 568 547; x_wconf 82' lang='lat' dir='ltr'><strong>etiam</strong></span> <span class='ocrx_word' id='word_1_21' title='bbox 600 492 904 545; x_wconf 78' lang='lat' dir='ltr'><strong>Alexander</strong></span> <span class='ocrx_word' id='word_1_22' title='bbox 948 490 1039 544; x_wconf 90' lang='lat' dir='ltr'><strong>ille</strong></span> <span class='ocrx_word' id='word_1_23' title='bbox 1084 490 1529 560; x_wconf 81' lang='lat' dir='ltr'><strong>Aphrodisiensis</strong></span> <span class='ocrx_word' id='word_1_24' title='bbox 1558 530 1573 554; x_wconf 92' lang='lat'><strong>,</strong></span> <span class='ocrx_word' id='word_1_25' title='bbox 1624 489 1859 544; x_wconf 86' lang='lat' dir='ltr'><strong>deducto</strong></span> <span class='ocrx_word' id='word_1_26' title='bbox 1906 490 1973 543; x_wconf 85' lang='lat' dir='ltr'><strong>ad</strong></span> 
     </span>
    </p>
   </div>
   <div class='ocr_carea' id='block_1_7' title="bbox 2082 483 3651 560">
    <p class='ocr_par' dir='ltr' id='par_1_7' title="bbox 2082 483 3651 556">
     <span class='ocr_line' id='line_1_7' title="bbox 2082 483 3651 556; baseline -0.003 -17"><span class='ocrx_word' id='word_1_27' title='bbox 2082 486 2370 551; x_wconf 73' lang='grc' dir='ltr'><strong>δοξάζοντα</strong></span> <span class='ocrx_word' id='word_1_28' title='bbox 2406 486 2672 540; x_wconf 70' lang='grc' dir='ltr'><strong>τίθεσθαι.</strong></span> <span class='ocrx_word' id='word_1_29' title='bbox 2734 487 2839 539; x_wconf 71' lang='grc' dir='ltr'><strong>Καὶ</strong></span> <span class='ocrx_word' id='word_1_30' title='bbox 2894 486 3022 554; x_wconf 77' lang='grc' dir='ltr'><strong>περὶ</strong></span> <span class='ocrx_word' id='word_1_31' title='bbox 3076 486 3176 556; x_wconf 68' lang='grc' dir='ltr'><strong>μὲν</strong></span> <span class='ocrx_word' id='word_1_32' title='bbox 3225 483 3433 537; x_wconf 77' lang='grc' dir='ltr'><strong>τούτων</strong></span> <span class='ocrx_word' id='word_1_33' title='bbox 3466 483 3521 546; x_wconf 79' lang='grc' dir='ltr'><strong>ἐς</strong></span> <span class='ocrx_word' id='word_1_34' title='bbox 3554 497 3651 535; x_wconf 79' lang='grc' dir='ltr'><strong>τοο</strong></span> 
     </span>
    </p>
   </div>
   <div class='ocr_carea' id='block_1_8' title="bbox 402 580 2293 650">
    <p class='ocr_par' dir='ltr' id='par_1_8' title="bbox 402 580 2293 650">
     <span class='ocr_line' id='line_1_8' title="bbox 402 580 2293 650; baseline -0.003 -11"><span class='ocrx_word' id='word_1_35' title='bbox 402 599 559 639; x_wconf 87' lang='lat' dir='ltr'><strong>suam</strong></span> <span class='ocrx_word' id='word_1_36' title='bbox 591 583 994 650; x_wconf 86' lang='lat' dir='ltr'><strong>improbitatam</strong></span> <span class='ocrx_word' id='word_1_37' title='bbox 1031 596 1288 638; x_wconf 83' lang='lat' dir='ltr'><strong>sermone</strong></span> <span class='ocrx_word' id='word_1_38' title='bbox 1318 582 1429 649; x_wconf 91' lang='lat' dir='ltr'><strong>illo,</strong></span> <span class='ocrx_word' id='word_1_39' title='bbox 1468 582 1595 636; x_wconf 90' lang='lat' dir='ltr'><strong>inde</strong></span> <span class='ocrx_word' id='word_1_40' title='bbox 1624 582 1970 635; x_wconf 88' lang='lat' dir='ltr'><strong>occasionem</strong></span> <span class='ocrx_word' id='word_1_41' title='bbox 2080 580 2293 634; x_wconf 82' lang='grc' dir='ltr'><strong>σοῦτον.</strong></span> 
     </span>
    </p>
   </div>
   <div class='ocr_carea' id='block_1_9' title="bbox 405 668 3653 747">
    <p class='ocr_par' dir='ltr' id='par_1_9' title="bbox 405 668 3653 747">
     <span class='ocr_line' id='line_1_9' title="bbox 405 668 3653 747; baseline -0.001 -16"><span class='ocrx_word' id='word_1_42' title='bbox 405 676 657 747; x_wconf 88' lang='lat' dir='ltr'><strong>sumpsit,</strong></span> <span class='ocrx_word' id='word_1_43' title='bbox 688 681 749 729; x_wconf 90' lang='lat' dir='ltr'><strong>ut</strong></span> <span class='ocrx_word' id='word_1_44' title='bbox 777 675 1004 739; x_wconf 80' lang='lat' dir='ltr'><strong>diceret,</strong></span> <span class='ocrx_word' id='word_1_45' title='bbox 1031 674 1250 744; x_wconf 82' lang='lat' dir='ltr'><strong>abipsu</strong></span> <span class='ocrx_word' id='word_1_46' title='bbox 1282 686 1503 745; x_wconf 90' lang='lat' dir='ltr'><strong>quoque</strong></span> <span class='ocrx_word' id='word_1_47' title='bbox 1539 672 1833 727; x_wconf 80' lang='lat' dir='ltr'><strong>Aristotele</strong></span> <span class='ocrx_word' id='word_1_48' title='bbox 1855 672 2049 725; x_wconf 74' lang='lat' dir='ltr'><strong>anima:</strong></span> <span class='ocrx_word' id='word_1_49' title='bbox 2126 671 2380 726; x_wconf 76' lang='lat' dir='ltr'><strong>humana:</strong></span> <span class='ocrx_word' id='word_1_50' title='bbox 2434 668 2898 725; x_wconf 76' lang='lat' dir='ltr'><strong>immmtalitutem</strong></span> <span class='ocrx_word' id='word_1_51' title='bbox 2971 685 3092 726; x_wconf 90' lang='lat' dir='ltr'><strong>esse</strong></span> <span class='ocrx_word' id='word_1_52' title='bbox 3132 682 3399 742; x_wconf 74' lang='lat' dir='ltr'><strong>negatam.</strong></span> <span class='ocrx_word' id='word_1_53' title='bbox 3470 670 3653 740; x_wconf 77' lang='lat' dir='ltr'><strong>Atque</strong></span> 
     </span>
    </p>
   </div>
   <div class='ocr_carea' id='block_1_10' title="bbox 404 767 1156 839">
    <p class='ocr_par' dir='ltr' id='par_1_10' title="bbox 404 767 1156 839">
     <span class='ocr_line' id='line_1_10' title="bbox 404 767 1156 839; baseline 0.003 -16"><span class='ocrx_word' id='word_1_54' title='bbox 404 770 471 824; x_wconf 90' lang='lat' dir='ltr'><strong>de</strong></span> <span class='ocrx_word' id='word_1_55' title='bbox 501 767 587 823; x_wconf 87' lang='lat' dir='ltr'><strong>his</strong></span> <span class='ocrx_word' id='word_1_56' title='bbox 616 768 834 839; x_wconf 82' lang='lat' dir='ltr'><strong>quidem</strong></span> <span class='ocrx_word' id='word_1_57' title='bbox 869 769 1156 825; x_wconf 74' lang='lat' dir='ltr'><strong>hactenus.</strong></span> 
     </span>
    </p>
   </div>
   <div class='ocr_carea' id='block_1_11' title="bbox 1026 858 1978 917">
    <p class='ocr_par' dir='ltr' id='par_1_11' title="bbox 1026 860 1339 917">
     <span class='ocr_line' id='line_1_11' title="bbox 1026 860 1339 917; baseline 0 0"><span class='ocrx_word' id='word_1_58' title='bbox 1026 861 1188 917; x_wconf 77' lang='lat' dir='ltr'><strong>CAP.</strong></span> <span class='ocrx_word' id='word_1_59' title='bbox 1220 860 1339 917; x_wconf 70' lang='lat' dir='ltr'><strong>XII.</strong></span> 
     </span>
    </p>
   </div>
   <div class='ocr_carea' id='block_1_12' title="bbox 2082 858 3080 917">
    <p class='ocr_par' dir='ltr' id='par_1_12' title="bbox 2668 858 3080 912">
     <span class='ocr_line' id='line_1_12' title="bbox 2668 858 3080 912; baseline 0.005 -2"><span class='ocrx_word' id='word_1_60' title='bbox 2668 858 2929 911; x_wconf 75' lang='grc' dir='ltr'><strong>ΚΕΦΑΛ.</strong></span> <span class='ocrx_word' id='word_1_61' title='bbox 2976 858 3080 912; x_wconf 79' lang='lat' dir='ltr'><strong>lB’.</strong></span> 
     </span>
    </p>
   </div>
   <div class='ocr_carea' id='block_1_13' title="bbox 476 948 1978 1023">
    <p class='ocr_par' dir='ltr' id='par_1_13' title="bbox 476 948 1974 1023">
     <span class='ocr_line' id='line_1_13' title="bbox 476 948 1974 1023; baseline -0.004 -13"><span class='ocrx_word' id='word_1_62' title='bbox 476 954 667 1011; x_wconf 72' lang='lat' dir='ltr'><strong>Placet</strong></span> <span class='ocrx_word' id='word_1_63' title='bbox 694 964 875 1009; x_wconf 87' lang='lat' dir='ltr'><strong>autem</strong></span> <span class='ocrx_word' id='word_1_64' title='bbox 901 954 1064 1009; x_wconf 90' lang='lat' dir='ltr'><strong>etiam</strong></span> <span class='ocrx_word' id='word_1_65' title='bbox 1096 954 1360 1023; x_wconf 88' lang='lat' dir='ltr'><strong>quasdam</strong></span> <span class='ocrx_word' id='word_1_66' title='bbox 1394 952 1565 1021; x_wconf 78' lang='lat' dir='ltr'><strong>ipsius</strong></span> <span class='ocrx_word' id='word_1_67' title='bbox 1590 950 1655 1006; x_wconf 82' lang='lat' dir='ltr'><strong>de</strong></span> <span class='ocrx_word' id='word_1_68' title='bbox 1672 948 1974 1005; x_wconf 71' lang='lat' dir='ltr'><strong>virtutibus</strong></span> 
     </span>
    </p>
   </div>
   <div class='ocr_carea' id='block_1_14' title="bbox 2082 948 3656 1023">
    <p class='ocr_par' dir='ltr' id='par_1_14' title="bbox 2144 948 3656 1022">
     <span class='ocr_line' id='line_1_14' title="bbox 2144 948 3656 1022; baseline 0.001 -19"><span class='ocrx_word' id='word_1_69' title='bbox 2144 948 2422 1019; x_wconf 73' lang='grc' dir='ltr'><strong>Βούλομαι</strong></span> <span class='ocrx_word' id='word_1_70' title='bbox 2453 949 2509 1003; x_wconf 70' lang='grc' dir='ltr'>δέ</span> <span class='ocrx_word' id='word_1_71' title='bbox 2538 967 2590 1003; x_wconf 85' lang='grc' dir='ltr'><strong>τι</strong></span> <span class='ocrx_word' id='word_1_72' title='bbox 2623 950 2717 1004; x_wconf 80' lang='grc' dir='ltr'><strong>καὶ</strong></span> <span class='ocrx_word' id='word_1_73' title='bbox 2746 950 2875 1022; x_wconf 77' lang='grc' dir='ltr'><strong>περὶ</strong></span> <span class='ocrx_word' id='word_1_74' title='bbox 2903 951 3014 1005; x_wconf 83' lang='grc' dir='ltr'><strong>τῶν</strong></span> <span class='ocrx_word' id='word_1_75' title='bbox 3042 954 3097 1015; x_wconf 77' lang='grc' dir='ltr'><strong>ἐς</strong></span> <span class='ocrx_word' id='word_1_76' title='bbox 3133 953 3233 1015; x_wconf 73' lang='grc' dir='ltr'><strong>τὰς</strong></span> <span class='ocrx_word' id='word_1_77' title='bbox 3264 952 3470 1020; x_wconf 72' lang='grc' dir='ltr'><strong>ἀρετὰς</strong></span> <span class='ocrx_word' id='word_1_78' title='bbox 3499 949 3656 1019; x_wconf 80' lang='grc' dir='ltr'><strong>αῦτῷ</strong></span> 
     </span>
    </p>
   </div>
   <div class='ocr_carea' id='block_1_15' title="bbox 407 1028 1978 1115">
    <p class='ocr_par' dir='ltr' id='par_1_15' title="bbox 407 1038 1975 1115">
     <span class='ocr_line' id='line_1_15' title="bbox 407 1038 1975 1115; baseline -0.004 -13"><span class='ocrx_word' id='word_1_79' title='bbox 407 1046 800 1115; x_wconf 79' lang='lat' dir='ltr'><strong>disputationes</strong></span> <span class='ocrx_word' id='word_1_80' title='bbox 824 1046 1009 1114; x_wconf 85' lang='lat' dir='ltr'><strong>paucis</strong></span> <span class='ocrx_word' id='word_1_81' title='bbox 1028 1045 1315 1113; x_wconf 74' lang='lat' dir='ltr'><strong>attingere,</strong></span> <span class='ocrx_word' id='word_1_82' title='bbox 1338 1053 1501 1113; x_wconf 87' lang='lat' dir='ltr'><strong>atque</strong></span> <span class='ocrx_word' id='word_1_83' title='bbox 1532 1042 1747 1111; x_wconf 89' lang='lat' dir='ltr'><strong>planum</strong></span> <span class='ocrx_word' id='word_1_84' title='bbox 1778 1038 1975 1106; x_wconf 84' lang='lat' dir='ltr'><strong>facere,</strong></span> 
     </span>
    </p>
   </div>
   <div class='ocr_carea' id='block_1_16' title="bbox 2082 1028 3693 1115">
    <p class='ocr_par' dir='ltr' id='par_1_16' title="bbox 2084 1028 3693 1109">
     <span class='ocr_line' id='line_1_16' title="bbox 2084 1028 3693 1109; baseline 0.002 -18"><span class='ocrx_word' id='word_1_85' title='bbox 2084 1038 2670 1108; x_wconf 80' lang='grc' dir='ltr'><strong>πεπραγματευμένων</strong></span> <span class='ocrx_word' id='word_1_86' title='bbox 2698 1038 2873 1109; x_wconf 78' lang='grc' dir='ltr'><strong>βραχὺ</strong></span> <span class='ocrx_word' id='word_1_87' title='bbox 2901 1041 3075 1093; x_wconf 82' lang='grc' dir='ltr'><strong>εἰπεῖν</strong></span> <span class='ocrx_word' id='word_1_88' title='bbox 3102 1042 3195 1093; x_wconf 71' lang='grc' dir='ltr'><strong>καὶ</strong></span> <span class='ocrx_word' id='word_1_89' title='bbox 3219 1040 3388 1105; x_wconf 81' lang='grc' dir='ltr'><strong>δεῖξαι</strong></span> <span class='ocrx_word' id='word_1_90' title='bbox 3406 1043 3535 1094; x_wconf 81' lang='grc' dir='ltr'><strong>ὅσον</strong></span> <span class='ocrx_word' id='word_1_91' title='bbox 3556 1040 3656 1094; x_wconf 74' lang='grc' dir='ltr'><strong>καὶ</strong></span> <span class='ocrx_word' id='word_1_92' title='bbox 3682 1028 3693 1041; x_wconf 68' lang='grc'><strong>’</strong></span> 
     </span>
    </p>
   </div>
   <div class='ocr_carea' id='block_1_17' title="bbox 409 1128 1978 1208">
    <p class='ocr_par' dir='ltr' id='par_1_17' title="bbox 409 1132 1973 1208">
     <span class='ocr_line' id='line_1_17' title="bbox 409 1132 1973 1208; baseline -0.006 -15"><span class='ocrx_word' id='word_1_93' title='bbox 409 1154 574 1208; x_wconf 88' lang='lat' dir='ltr'><strong>quam</strong></span> <span class='ocrx_word' id='word_1_94' title='bbox 606 1138 769 1191; x_wconf 88' lang='lat' dir='ltr'><strong>etiam</strong></span> <span class='ocrx_word' id='word_1_95' title='bbox 805 1138 858 1189; x_wconf 88' lang='lat' dir='ltr'><strong>in</strong></span> <span class='ocrx_word' id='word_1_96' title='bbox 906 1136 993 1191; x_wconf 92' lang='lat' dir='ltr'><strong>bis</strong></span> <span class='ocrx_word' id='word_1_97' title='bbox 1021 1136 1369 1193; x_wconf 75' lang='lat' dir='ltr'><strong>sermonibus</strong></span> <span class='ocrx_word' id='word_1_98' title='bbox 1399 1149 1427 1187; x_wconf 91' lang='lat' dir='ltr'><strong>a</strong></span> <span class='ocrx_word' id='word_1_99' title='bbox 1467 1133 1692 1187; x_wconf 86' lang='lat' dir='ltr'><strong>veritate</strong></span> <span class='ocrx_word' id='word_1_100' title='bbox 1741 1132 1973 1186; x_wconf 84' lang='lat' dir='ltr'><strong>alienam</strong></span> 
     </span>
    </p>
   </div>
   <div class='ocr_carea' id='block_1_18' title="bbox 2082 1128 3657 1208">
    <p class='ocr_par' dir='ltr' id='par_1_18' title="bbox 2082 1128 3657 1200">
     <span class='ocr_line' id='line_1_18' title="bbox 2082 1128 3657 1200; baseline 0.001 -19"><span class='ocrx_word' id='word_1_101' title='bbox 2082 1130 2141 1181; x_wconf 83' lang='grc' dir='ltr'><strong>ὲν</strong></span> <span class='ocrx_word' id='word_1_102' title='bbox 2170 1131 2285 1190; x_wconf 79' lang='grc' dir='ltr'><strong>τοῖς</strong></span> <span class='ocrx_word' id='word_1_103' title='bbox 2314 1128 2575 1191; x_wconf 75' lang='grc' dir='ltr'><strong>τοιούτοις</strong></span> <span class='ocrx_word' id='word_1_104' title='bbox 2601 1128 2784 1197; x_wconf 76' lang='grc' dir='ltr'><strong>λόγοις</strong></span> <span class='ocrx_word' id='word_1_105' title='bbox 2838 1129 2934 1183; x_wconf 86' lang='grc' dir='ltr'><strong>τοῦ</strong></span> <span class='ocrx_word' id='word_1_106' title='bbox 2965 1130 3141 1192; x_wconf 80' lang='grc' dir='ltr'><strong>καλῶς</strong></span> <span class='ocrx_word' id='word_1_107' title='bbox 3194 1130 3407 1200; x_wconf 78' lang='grc' dir='ltr'><strong>ἔχοντος</strong></span> <span class='ocrx_word' id='word_1_108' title='bbox 3433 1129 3657 1183; x_wconf 66' lang='lat'><strong>61101:!-</strong></span> 
     </span>
    </p>
   </div>
   <div class='ocr_carea' id='block_1_19' title="bbox 402 1217 1978 1297">
    <p class='ocr_par' dir='ltr' id='par_1_19' title="bbox 402 1223 1977 1297">
     <span class='ocr_line' id='line_1_19' title="bbox 402 1223 1977 1297; baseline -0.006 -15"><span class='ocrx_word' id='word_1_109' title='bbox 402 1238 673 1297; x_wconf 86' lang='lat' dir='ltr'><strong>sequatur</strong></span> <span class='ocrx_word' id='word_1_110' title='bbox 705 1226 1041 1296; x_wconf 82' lang='lat' dir='ltr'><strong>Opinionem.</strong></span> <span class='ocrx_word' id='word_1_111' title='bbox 1078 1224 1317 1279; x_wconf 85' lang='lat' dir='ltr'><strong>Virtutes</strong></span> <span class='ocrx_word' id='word_1_112' title='bbox 1372 1225 1448 1277; x_wconf 79' lang='lat' dir='ltr'><strong>ait</strong></span> <span class='ocrx_word' id='word_1_113' title='bbox 1500 1224 1590 1277; x_wconf 90' lang='lat' dir='ltr'><strong>ille</strong></span> <span class='ocrx_word' id='word_1_114' title='bbox 1613 1238 1736 1277; x_wconf 87' lang='lat' dir='ltr'><strong>esse</strong></span> <span class='ocrx_word' id='word_1_115' title='bbox 1768 1223 1977 1276; x_wconf 81' lang='lat' dir='ltr'><strong>mediu-</strong></span> 
     </span>
    </p>
   </div>
   <div class='ocr_carea' id='block_1_20' title="bbox 2082 1217 3657 1297">
    <p class='ocr_par' dir='ltr' id='par_1_20' title="bbox 2084 1217 3657 1291">
     <span class='ocr_line' id='line_1_20' title="bbox 2084 1217 3657 1291; baseline 0.001 -20"><span class='ocrx_word' id='word_1_116' title='bbox 2084 1236 2273 1272; x_wconf 80' lang='grc' dir='ltr'><strong>πεται.</strong></span> <span class='ocrx_word' id='word_1_117' title='bbox 2291 1218 2618 1287; x_wconf 76' lang='grc' dir='ltr'><strong>Μεσότητας</strong></span> <span class='ocrx_word' id='word_1_118' title='bbox 2646 1220 2744 1280; x_wconf 75' lang='grc' dir='ltr'><strong>τὰς</strong></span> <span class='ocrx_word' id='word_1_119' title='bbox 2771 1220 2970 1289; x_wconf 71' lang='grc' dir='ltr'><strong>ἀρετὰς</strong></span> <span class='ocrx_word' id='word_1_120' title='bbox 2995 1217 3131 1273; x_wconf 83' lang='grc' dir='ltr'><strong>εἶναί</strong></span> <span class='ocrx_word' id='word_1_121' title='bbox 3157 1235 3311 1291; x_wconf 77' lang='grc' dir='ltr'><strong>φησι,</strong></span> <span class='ocrx_word' id='word_1_122' title='bbox 3341 1221 3437 1283; x_wconf 70' lang='grc' dir='ltr'><strong>τὰς</strong></span> <span class='ocrx_word' id='word_1_123' title='bbox 3454 1222 3519 1273; x_wconf 73' lang='grc' dir='ltr'><strong>οι</strong></span> <span class='ocrx_word' id='word_1_124' title='bbox 3550 1238 3657 1272; x_wconf 80' lang='grc' dir='ltr'><strong>καο</strong></span> 
     </span>
    </p>
   </div>
   <div class='ocr_carea' id='block_1_21' title="bbox 408 1308 1978 1380">
    <p class='ocr_par' dir='ltr' id='par_1_21' title="bbox 408 1313 1978 1380">
     <span class='ocr_line' id='line_1_21' title="bbox 408 1313 1978 1380; baseline -0.004 -10"><span class='ocrx_word' id='word_1_125' title='bbox 408 1318 672 1380; x_wconf 85' lang='lat' dir='ltr'><strong>eritates,</strong></span> <span class='ocrx_word' id='word_1_126' title='bbox 732 1317 860 1371; x_wconf 89' lang='lat' dir='ltr'><strong>vitia</strong></span> <span class='ocrx_word' id='word_1_127' title='bbox 913 1323 1092 1369; x_wconf 88' lang='lat' dir='ltr'><strong>autem</strong></span> <span class='ocrx_word' id='word_1_128' title='bbox 1152 1315 1550 1377; x_wconf 86' lang='lat' dir='ltr'><strong>extremitates,</strong></span> <span class='ocrx_word' id='word_1_129' title='bbox 1597 1313 1686 1367; x_wconf 85' lang='lat' dir='ltr'><strong>ubi</strong></span> <span class='ocrx_word' id='word_1_130' title='bbox 1724 1313 1978 1366; x_wconf 80' lang='lat' dir='ltr'><strong>nimirum</strong></span> 
     </span>
    </p>
   </div>
   <div class='ocr_carea' id='block_1_22' title="bbox 2082 1308 3657 1380">
    <p class='ocr_par' dir='ltr' id='par_1_22' title="bbox 2082 1308 3657 1379">
     <span class='ocr_line' id='line_1_22' title="bbox 2082 1308 3657 1379; baseline -0.001 -17"><span class='ocrx_word' id='word_1_131' title='bbox 2082 1309 2208 1370; x_wconf 83' lang='grc' dir='ltr'><strong>κίας</strong></span> <span class='ocrx_word' id='word_1_132' title='bbox 2249 1308 2583 1378; x_wconf 79' lang='grc' dir='ltr'><strong>ἀκρότητας,</strong></span> <span class='ocrx_word' id='word_1_133' title='bbox 2622 1310 2731 1363; x_wconf 84' lang='grc' dir='ltr'><strong>τῶν</strong></span> <span class='ocrx_word' id='word_1_134' title='bbox 2785 1308 2974 1363; x_wconf 80' lang='grc' dir='ltr'><strong>παθῶν</strong></span> <span class='ocrx_word' id='word_1_135' title='bbox 3017 1309 3080 1379; x_wconf 77' lang='grc' dir='ltr'><strong>δὴ</strong></span> <span class='ocrx_word' id='word_1_136' title='bbox 3132 1309 3308 1377; x_wconf 81' lang='grc' dir='ltr'><strong>λέγων</strong></span> <span class='ocrx_word' id='word_1_137' title='bbox 3343 1310 3657 1379; x_wconf 72' lang='grc' dir='ltr'><strong>μεσότὴτσς</strong></span> 
     </span>
    </p>
   </div>
   <div class='ocr_carea' id='block_1_23' title="bbox 400 1394 1978 1476">
    <p class='ocr_par' dir='ltr' id='par_1_23' title="bbox 400 1394 1978 1476">
     <span class='ocr_line' id='line_1_23' title="bbox 400 1394 1978 1476; baseline -0.004 -14"><span class='ocrx_word' id='word_1_138' title='bbox 400 1409 815 1463; x_wconf 81' lang='lat' dir='ltr'><strong>mediocritates</strong></span> <span class='ocrx_word' id='word_1_139' title='bbox 864 1394 1121 1476; x_wconf 80' lang='lat' dir='ltr'><strong>intelligit</strong></span> <span class='ocrx_word' id='word_1_140' title='bbox 1166 1406 1519 1474; x_wconf 76' lang='lat' dir='ltr'><strong>passionum,</strong></span> <span class='ocrx_word' id='word_1_141' title='bbox 1574 1420 1696 1472; x_wconf 63' lang='lat' dir='ltr'><strong>qua:</strong></span> <span class='ocrx_word' id='word_1_142' title='bbox 1756 1413 1881 1459; x_wconf 88' lang='lat' dir='ltr'><strong>sunt</strong></span> <span class='ocrx_word' id='word_1_143' title='bbox 1929 1402 1978 1456; x_wconf 92' lang='lat' dir='ltr'><strong>in</strong></span> 
     </span>
    </p>
   </div>
   <div class='ocr_carea' id='block_1_24' title="bbox 2082 1394 3661 1476">
    <p class='ocr_par' dir='ltr' id='par_1_24' title="bbox 2082 1398 3661 1471">
     <span class='ocr_line' id='line_1_24' title="bbox 2082 1398 3661 1471; baseline 0.001 -20"><span class='ocrx_word' id='word_1_144' title='bbox 2082 1398 2191 1451; x_wconf 79' lang='grc' dir='ltr'><strong>τῶν</strong></span> <span class='ocrx_word' id='word_1_145' title='bbox 2228 1398 2327 1466; x_wconf 77' lang='grc' dir='ltr'><strong>τῆς</strong></span> <span class='ocrx_word' id='word_1_146' title='bbox 2353 1399 2535 1469; x_wconf 80' lang='grc' dir='ltr'><strong>ψυχῆς</strong></span> <span class='ocrx_word' id='word_1_147' title='bbox 2580 1400 2674 1453; x_wconf 67' lang='grc' dir='ltr'><strong>καὶ</strong></span> <span class='ocrx_word' id='word_1_148' title='bbox 2700 1416 2803 1455; x_wconf 79' lang='grc' dir='ltr'><strong>τ...</strong></span> <span class='ocrx_word' id='word_1_149' title='bbox 2837 1401 3015 1455; x_wconf 78' lang='grc' dir='ltr'><strong>αὐτῶν</strong></span> <span class='ocrx_word' id='word_1_150' title='bbox 3058 1402 3367 1471; x_wconf 67' lang='grc' dir='ltr'><strong>ὰκρᾶτητας</strong></span> <span class='ocrx_word' id='word_1_151' title='bbox 3400 1400 3489 1453; x_wconf 80' lang='grc' dir='ltr'><strong>αῦ.</strong></span> <span class='ocrx_word' id='word_1_152' title='bbox 3515 1400 3661 1453; x_wconf 84' lang='grc' dir='ltr'><strong>Ἦν-</strong></span> 
     </span>
    </p>
   </div>
   <div class='ocr_carea' id='block_1_25' title="bbox 413 1489 1978 1562">
    <p class='ocr_par' dir='ltr' id='par_1_25' title="bbox 413 1493 1978 1554">
     <span class='ocr_line' id='line_1_25' title="bbox 413 1493 1978 1554; baseline -0.003 -1"><span class='ocrx_word' id='word_1_153' title='bbox 413 1502 594 1554; x_wconf 90' lang='lat' dir='ltr'><strong>anima</strong></span> <span class='ocrx_word' id='word_1_154' title='bbox 619 1509 672 1553; x_wconf 89' lang='lat' dir='ltr'><strong>et</strong></span> <span class='ocrx_word' id='word_1_155' title='bbox 703 1508 893 1554; x_wconf 83' lang='lat' dir='ltr'><strong>contra</strong></span> <span class='ocrx_word' id='word_1_156' title='bbox 939 1498 994 1551; x_wconf 90' lang='lat' dir='ltr'><strong>in</strong></span> <span class='ocrx_word' id='word_1_157' title='bbox 1053 1497 1197 1550; x_wconf 81' lang='lat' dir='ltr'><strong>vitiis</strong></span> <span class='ocrx_word' id='word_1_158' title='bbox 1241 1496 1555 1551; x_wconf 81' lang='lat' dir='ltr'><strong>earumdem</strong></span> <span class='ocrx_word' id='word_1_159' title='bbox 1584 1493 1978 1549; x_wconf 66' lang='lat' dir='ltr'><strong>extremitates.</strong></span> 
     </span>
    </p>
   </div>
   <div class='ocr_carea' id='block_1_26' title="bbox 2082 1489 3657 1562">
    <p class='ocr_par' dir='ltr' id='par_1_26' title="bbox 2082 1489 3657 1562">
     <span class='ocr_line' id='line_1_26' title="bbox 2082 1489 3657 1562; baseline 0.002 -20"><span class='ocrx_word' id='word_1_160' title='bbox 2082 1508 2203 1543; x_wconf 87' lang='grc' dir='ltr'><strong>τινα</strong></span> <span class='ocrx_word' id='word_1_161' title='bbox 2234 1490 2289 1543; x_wconf 82' lang='grc' dir='ltr'><strong>δὲ</strong></span> <span class='ocrx_word' id='word_1_162' title='bbox 2317 1490 2575 1560; x_wconf 76' lang='grc' dir='ltr'><strong>βούλεται</strong></span> <span class='ocrx_word' id='word_1_163' title='bbox 2600 1492 2798 1561; x_wconf 77' lang='grc' dir='ltr'><strong>ἀρετῆς</strong></span> <span class='ocrx_word' id='word_1_164' title='bbox 2820 1489 2959 1546; x_wconf 85' lang='grc' dir='ltr'><strong>εἶναι</strong></span> <span class='ocrx_word' id='word_1_165' title='bbox 2993 1494 3261 1562; x_wconf 77' lang='grc' dir='ltr'><strong>μεσότητα</strong></span> <span class='ocrx_word' id='word_1_166' title='bbox 3282 1495 3521 1562; x_wconf 74' lang='grc' dir='ltr'><strong>(γένοιτο</strong></span> <span class='ocrx_word' id='word_1_167' title='bbox 3543 1495 3657 1560; x_wconf 73' lang='grc' dir='ltr'><strong>γὰρ</strong></span> 
     </span>
    </p>
   </div>
   <div class='ocr_carea' id='block_1_27' title="bbox 408 1581 1978 1660">
    <p class='ocr_par' dir='ltr' id='par_1_27' title="bbox 408 1583 1978 1660">
     <span class='ocr_line' id='line_1_27' title="bbox 408 1583 1978 1660; baseline -0.004 -17"><span class='ocrx_word' id='word_1_168' title='bbox 408 1590 491 1645; x_wconf 61' lang='lat' dir='ltr'><strong>*De</strong></span> <span class='ocrx_word' id='word_1_169' title='bbox 519 1604 627 1660; x_wconf 89' lang='lat' dir='ltr'><strong>quo</strong></span> <span class='ocrx_word' id='word_1_170' title='bbox 661 1597 841 1644; x_wconf 90' lang='lat' dir='ltr'><strong>autem</strong></span> <span class='ocrx_word' id='word_1_171' title='bbox 880 1588 1268 1656; x_wconf 70' lang='lat' dir='ltr'><strong>mediocritatis</strong></span> <span class='ocrx_word' id='word_1_172' title='bbox 1303 1600 1499 1655; x_wconf 80' lang='lat' dir='ltr'><strong>genere</strong></span> <span class='ocrx_word' id='word_1_173' title='bbox 1522 1584 1746 1639; x_wconf 82' lang='lat' dir='ltr'><strong>interim</strong></span> <span class='ocrx_word' id='word_1_174' title='bbox 1794 1583 1978 1652; x_wconf 79' lang='lat' dir='ltr'><strong>loqua~</strong></span> 
     </span>
    </p>
   </div>
   <div class='ocr_carea' id='block_1_28' title="bbox 2082 1581 3660 1660">
    <p class='ocr_par' dir='ltr' id='par_1_28' title="bbox 2085 1581 3660 1653">
     <span class='ocr_line' id='line_1_28' title="bbox 2085 1581 3660 1653; baseline -0.001 -18"><span class='ocrx_word' id='word_1_175' title='bbox 2085 1581 2153 1635; x_wconf 72' lang='grc' dir='ltr'><strong>ἂν</strong></span> <span class='ocrx_word' id='word_1_176' title='bbox 2183 1581 2455 1651; x_wconf 76' lang='grc' dir='ltr'><strong>πλεονιχῆ</strong></span> <span class='ocrx_word' id='word_1_177' title='bbox 2514 1582 2769 1651; x_wconf 75' lang='grc' dir='ltr'><strong>μεσότης)</strong></span> <span class='ocrx_word' id='word_1_178' title='bbox 2805 1583 2929 1652; x_wconf 73' lang='grc' dir='ltr'><strong>ἦτοι</strong></span> <span class='ocrx_word' id='word_1_179' title='bbox 2982 1581 3063 1653; x_wconf 83' lang='grc' dir='ltr'><strong>τῷ</strong></span> <span class='ocrx_word' id='word_1_180' title='bbox 3100 1584 3240 1653; x_wconf 80' lang='grc' dir='ltr'><strong>ποιῷ</strong></span> <span class='ocrx_word' id='word_1_181' title='bbox 3278 1583 3312 1652; x_wconf 79' lang='grc' dir='ltr'>ἦ</span> <span class='ocrx_word' id='word_1_182' title='bbox 3371 1582 3452 1651; x_wconf 79' lang='grc' dir='ltr'><strong>τῷ</strong></span> <span class='ocrx_word' id='word_1_183' title='bbox 3499 1581 3660 1649; x_wconf 77' lang='grc' dir='ltr'><strong>ποσῷ</strong></span> 
     </span>
    </p>
   </div>
   <div class='ocr_carea' id='block_1_29' title="bbox 409 1673 1978 1752">
    <p class='ocr_par' dir='ltr' id='par_1_29' title="bbox 409 1677 1977 1752">
     <span class='ocr_line' id='line_1_29' title="bbox 409 1677 1977 1752; baseline -0.003 -17"><span class='ocrx_word' id='word_1_184' title='bbox 409 1693 499 1737; x_wconf 88' lang='lat' dir='ltr'><strong>tur</strong></span> <span class='ocrx_word' id='word_1_185' title='bbox 544 1682 647 1752; x_wconf 91' lang='lat' dir='ltr'><strong>(est</strong></span> <span class='ocrx_word' id='word_1_186' title='bbox 680 1682 823 1735; x_wconf 92' lang='lat' dir='ltr'><strong>enim</strong></span> <span class='ocrx_word' id='word_1_187' title='bbox 863 1680 1142 1749; x_wconf 81' lang='lat' dir='ltr'><strong>multiplex</strong></span> <span class='ocrx_word' id='word_1_188' title='bbox 1176 1679 1560 1748; x_wconf 84' lang='lat' dir='ltr'><strong>mediocritas)</strong></span> <span class='ocrx_word' id='word_1_189' title='bbox 1618 1687 1797 1731; x_wconf 92' lang='lat' dir='ltr'><strong>utrum</strong></span> <span class='ocrx_word' id='word_1_190' title='bbox 1827 1677 1977 1731; x_wconf 85' lang='lat' dir='ltr'><strong>vide-</strong></span> 
     </span>
    </p>
   </div>
   <div class='ocr_carea' id='block_1_30' title="bbox 2082 1673 3661 1752">
    <p class='ocr_par' dir='ltr' id='par_1_30' title="bbox 2083 1673 3661 1743">
     <span class='ocr_line' id='line_1_30' title="bbox 2083 1673 3661 1743; baseline -0.001 -14"><span class='ocrx_word' id='word_1_191' title='bbox 2083 1674 2283 1729; x_wconf 73' lang='grc' dir='ltr'><strong>οὑτωσὶ</strong></span> <span class='ocrx_word' id='word_1_192' title='bbox 2310 1673 2410 1743; x_wconf 76' lang='grc' dir='ltr'><strong>μὲν</strong></span> <span class='ocrx_word' id='word_1_193' title='bbox 2445 1673 2651 1737; x_wconf 84' lang='grc' dir='ltr'><strong>ἁπλῶς.</strong></span> <span class='ocrx_word' id='word_1_194' title='bbox 2686 1674 2749 1727; x_wconf 82' lang='grc' dir='ltr'><strong>οὐ</strong></span> <span class='ocrx_word' id='word_1_195' title='bbox 2779 1673 2996 1738; x_wconf 63' lang='grc' dir='ltr'><strong>πάντως</strong></span> <span class='ocrx_word' id='word_1_196' title='bbox 3028 1674 3279 1741; x_wconf 63' lang='grc' dir='ltr'><strong>διασαφεῖ</strong></span> <span class='ocrx_word' id='word_1_197' title='bbox 3301 1689 3315 1703; x_wconf 73' lang='grc' dir='ltr'><strong><em>ο</em></strong></span> <span class='ocrx_word' id='word_1_198' title='bbox 3367 1674 3431 1725; x_wconf 75' lang='grc' dir='ltr'><strong>ἐκ</strong></span> <span class='ocrx_word' id='word_1_199' title='bbox 3466 1673 3661 1742; x_wconf 76' lang='grc' dir='ltr'><strong>μέντοι</strong></span> 
     </span>
    </p>
   </div>
   <div class='ocr_carea' id='block_1_31' title="bbox 411 1755 1978 1841">
    <p class='ocr_par' dir='ltr' id='par_1_31' title="bbox 411 1769 1978 1841">
     <span class='ocr_line' id='line_1_31' title="bbox 411 1769 1978 1841; baseline -0.002 -15"><span class='ocrx_word' id='word_1_200' title='bbox 411 1774 535 1826; x_wconf 91' lang='lat' dir='ltr'><strong>licet</strong></span> <span class='ocrx_word' id='word_1_201' title='bbox 562 1773 628 1827; x_wconf 89' lang='lat' dir='ltr'><strong>de</strong></span> <span class='ocrx_word' id='word_1_202' title='bbox 650 1787 711 1825; x_wconf 88' lang='lat' dir='ltr'><strong>ea</strong></span> <span class='ocrx_word' id='word_1_203' title='bbox 731 1787 852 1841; x_wconf 70' lang='lat' dir='ltr'><strong>qua:</strong></span> <span class='ocrx_word' id='word_1_204' title='bbox 880 1773 933 1825; x_wconf 90' lang='lat' dir='ltr'><strong>in</strong></span> <span class='ocrx_word' id='word_1_205' title='bbox 950 1772 1238 1841; x_wconf 84' lang='lat' dir='ltr'><strong>qualitate,</strong></span> <span class='ocrx_word' id='word_1_206' title='bbox 1265 1772 1346 1824; x_wconf 85' lang='lat' dir='ltr'><strong>vel</strong></span> <span class='ocrx_word' id='word_1_207' title='bbox 1368 1785 1429 1823; x_wconf 90' lang='lat' dir='ltr'><strong>ea</strong></span> <span class='ocrx_word' id='word_1_208' title='bbox 1452 1786 1574 1839; x_wconf 75' lang='lat' dir='ltr'><strong>qua:</strong></span> <span class='ocrx_word' id='word_1_209' title='bbox 1600 1769 1654 1823; x_wconf 88' lang='lat' dir='ltr'><strong>in</strong></span> <span class='ocrx_word' id='word_1_210' title='bbox 1676 1769 1978 1839; x_wconf 85' lang='lat' dir='ltr'><strong>quantitate</strong></span> 
     </span>
    </p>
   </div>
   <div class='ocr_carea' id='block_1_32' title="bbox 2082 1755 3658 1841">
    <p class='ocr_par' dir='ltr' id='par_1_32' title="bbox 2085 1755 3658 1834">
     <span class='ocr_line' id='line_1_32' title="bbox 2085 1755 3658 1834; baseline 0.001 -19"><span class='ocrx_word' id='word_1_211' title='bbox 2085 1762 2316 1833; x_wconf 80' lang='grc' dir='ltr'><strong>βραχέος</strong></span> <span class='ocrx_word' id='word_1_212' title='bbox 2349 1762 2500 1833; x_wconf 79' lang='grc' dir='ltr'><strong>αὐτῷ</strong></span> <span class='ocrx_word' id='word_1_213' title='bbox 2528 1763 2689 1832; x_wconf 68' lang='grc' dir='ltr'><strong>λόγου</strong></span> <span class='ocrx_word' id='word_1_214' title='bbox 2733 1764 3027 1834; x_wconf 72' lang='grc' dir='ltr'><strong>εἰρημένου</strong></span> <span class='ocrx_word' id='word_1_215' title='bbox 3059 1763 3180 1817; x_wconf 73' lang='grc' dir='ltr'><strong>εστι.</strong></span> <span class='ocrx_word' id='word_1_216' title='bbox 3214 1763 3406 1817; x_wconf 71' lang='grc' dir='ltr'><strong>λαϐεῖν</strong></span> <span class='ocrx_word' id='word_1_217' title='bbox 3436 1764 3497 1818; x_wconf 69' lang='grc' dir='ltr'><strong>ιν</strong></span> <span class='ocrx_word' id='word_1_218' title='bbox 3523 1755 3573 1829; x_wconf 73' lang='grc' dir='ltr'>ᾧ</span> <span class='ocrx_word' id='word_1_219' title='bbox 3596 1763 3658 1816; x_wconf 74' lang='grc' dir='ltr'><strong>τδ</strong></span> 
     </span>
    </p>
   </div>
   <div class='ocr_carea' id='block_1_33' title="bbox 409 1853 1978 1933">
    <p class='ocr_par' dir='ltr' id='par_1_33' title="bbox 409 1861 1976 1933">
     <span class='ocr_line' id='line_1_33' title="bbox 409 1861 1976 1933; baseline -0.003 -13"><span class='ocrx_word' id='word_1_220' title='bbox 409 1867 663 1923; x_wconf 82' lang='lat' dir='ltr'><strong>consistit</strong></span> <span class='ocrx_word' id='word_1_221' title='bbox 695 1867 783 1921; x_wconf 83' lang='lat' dir='ltr'><strong>ille</strong></span> <span class='ocrx_word' id='word_1_222' title='bbox 814 1882 921 1920; x_wconf 90' lang='lat' dir='ltr'><strong>non</strong></span> <span class='ocrx_word' id='word_1_223' title='bbox 976 1864 1111 1920; x_wconf 86' lang='lat' dir='ltr'><strong>satis</strong></span> <span class='ocrx_word' id='word_1_224' title='bbox 1146 1874 1332 1933; x_wconf 87' lang='lat' dir='ltr'><strong>aperte</strong></span> <span class='ocrx_word' id='word_1_225' title='bbox 1361 1864 1591 1933; x_wconf 80' lang='lat' dir='ltr'><strong>explicat</strong></span> <span class='ocrx_word' id='word_1_226' title='bbox 1627 1878 1642 1915; x_wconf 88' lang='lat'><strong>:</strong></span> <span class='ocrx_word' id='word_1_227' title='bbox 1676 1861 1779 1916; x_wconf 88' lang='lat' dir='ltr'><strong>nisi</strong></span> <span class='ocrx_word' id='word_1_228' title='bbox 1830 1863 1976 1930; x_wconf 87' lang='lat' dir='ltr'><strong>quod</strong></span> 
     </span>
    </p>
   </div>
   <div class='ocr_carea' id='block_1_34' title="bbox 2082 1853 3657 1933">
    <p class='ocr_par' dir='ltr' id='par_1_34' title="bbox 2082 1853 3657 1925">
     <span class='ocr_line' id='line_1_34' title="bbox 2082 1853 3657 1925; baseline 0 -16"><span class='ocrx_word' id='word_1_229' title='bbox 2082 1858 2207 1919; x_wconf 80' lang='grc' dir='ltr'><strong>τοὺς</strong></span> <span class='ocrx_word' id='word_1_230' title='bbox 2244 1853 2526 1924; x_wconf 78' lang='grc' dir='ltr'><strong>σκηπτούς</strong></span> <span class='ocrx_word' id='word_1_231' title='bbox 2551 1872 2613 1908; x_wconf 82' lang='grc' dir='ltr'><strong>τε</strong></span> <span class='ocrx_word' id='word_1_232' title='bbox 2662 1856 2759 1909; x_wconf 74' lang='grc' dir='ltr'><strong>καὶ</strong></span> <span class='ocrx_word' id='word_1_233' title='bbox 2810 1858 3067 1925; x_wconf 74' lang='grc' dir='ltr'><strong>σεισμοὺς</strong></span> <span class='ocrx_word' id='word_1_234' title='bbox 3088 1856 3157 1909; x_wconf 76' lang='grc' dir='ltr'><strong>οὐ</strong></span> <span class='ocrx_word' id='word_1_235' title='bbox 3199 1855 3433 1909; x_wconf 75' lang='grc' dir='ltr'><strong>δεδιέναι</strong></span> <span class='ocrx_word' id='word_1_236' title='bbox 3466 1858 3525 1909; x_wconf 74' lang='grc' dir='ltr'><strong>ἐν</strong></span> <span class='ocrx_word' id='word_1_237' title='bbox 3546 1872 3657 1909; x_wconf 77' lang='grc' dir='ltr'><strong>κι-</strong></span> 
     </span>
    </p>
   </div>
   <div class='ocr_carea' id='block_1_35' title="bbox 418 1952 1980 2029">
    <p class='ocr_par' dir='ltr' id='par_1_35' title="bbox 418 1952 1980 2029">
     <span class='ocr_line' id='line_1_35' title="bbox 418 1952 1980 2029; baseline -0.003 -17"><span class='ocrx_word' id='word_1_238' title='bbox 418 1958 605 2029; x_wconf 88' lang='lat' dir='ltr'><strong>paucis</strong></span> <span class='ocrx_word' id='word_1_239' title='bbox 655 1958 979 2026; x_wconf 44' lang='lat' dir='ltr'><strong>qu‘ibusbam</strong></span> <span class='ocrx_word' id='word_1_240' title='bbox 1029 1956 1199 2025; x_wconf 81' lang='lat' dir='ltr'><strong>ipsius</strong></span> <span class='ocrx_word' id='word_1_241' title='bbox 1227 1954 1428 2021; x_wconf 75' lang='lat' dir='ltr'><strong>verbis,</strong></span> <span class='ocrx_word' id='word_1_242' title='bbox 1465 1970 1585 2024; x_wconf 65' lang='lat' dir='ltr'><strong>qua:</strong></span> <span class='ocrx_word' id='word_1_243' title='bbox 1622 1953 1728 2007; x_wconf 87' lang='lat' dir='ltr'><strong>alio</strong></span> <span class='ocrx_word' id='word_1_244' title='bbox 1774 1952 1826 2005; x_wconf 91' lang='lat' dir='ltr'><strong>in</strong></span> <span class='ocrx_word' id='word_1_245' title='bbox 1850 1952 1980 2007; x_wconf 77' lang='lat' dir='ltr'><strong>loco</strong></span> 
     </span>
    </p>
   </div>
   <div class='ocr_carea' id='block_1_36' title="bbox 404 2043 1980 2119">
    <p class='ocr_par' dir='ltr' id='par_1_36' title="bbox 404 2043 1980 2119">
     <span class='ocr_line' id='line_1_36' title="bbox 404 2043 1980 2119; baseline -0.005 -14"><span class='ocrx_word' id='word_1_246' title='bbox 404 2051 564 2115; x_wconf 69' lang='lat' dir='ltr'><strong>fecit,</strong></span> <span class='ocrx_word' id='word_1_247' title='bbox 624 2049 676 2103; x_wconf 92' lang='lat' dir='ltr'><strong>id</strong></span> <span class='ocrx_word' id='word_1_248' title='bbox 710 2051 888 2119; x_wconf 88' lang='lat' dir='ltr'><strong>ipsum</strong></span> <span class='ocrx_word' id='word_1_249' title='bbox 949 2049 1123 2117; x_wconf 78' lang='lat' dir='ltr'><strong>possit</strong></span> <span class='ocrx_word' id='word_1_250' title='bbox 1163 2046 1541 2111; x_wconf 85' lang='lat' dir='ltr'><strong>animadverti,</strong></span> <span class='ocrx_word' id='word_1_251' title='bbox 1597 2046 1687 2099; x_wconf 91' lang='lat' dir='ltr'><strong>ubi</strong></span> <span class='ocrx_word' id='word_1_252' title='bbox 1718 2043 1980 2098; x_wconf 87' lang='lat' dir='ltr'><strong>nimirum</strong></span> 
     </span>
    </p>
   </div>
   <div class='ocr_carea' id='block_1_37' title="bbox 407 2140 1979 2210">
    <p class='ocr_par' dir='ltr' id='par_1_37' title="bbox 407 2140 1979 2210">
     <span class='ocr_line' id='line_1_37' title="bbox 407 2140 1979 2210; baseline -0.003 -15"><span class='ocrx_word' id='word_1_253' title='bbox 407 2142 541 2198; x_wconf 87' lang='lat' dir='ltr'><strong>vitio</strong></span> <span class='ocrx_word' id='word_1_254' title='bbox 570 2143 775 2207; x_wconf 85' lang='lat' dir='ltr'><strong>vertit,</strong></span> <span class='ocrx_word' id='word_1_255' title='bbox 825 2142 870 2196; x_wconf 90' lang='lat' dir='ltr'><strong>si</strong></span> <span class='ocrx_word' id='word_1_256' title='bbox 905 2143 1031 2210; x_wconf 84' lang='lat' dir='ltr'><strong>quis</strong></span> <span class='ocrx_word' id='word_1_257' title='bbox 1068 2140 1304 2195; x_wconf 88' lang='lat' dir='ltr'><strong>fulmina</strong></span> <span class='ocrx_word' id='word_1_258' title='bbox 1350 2150 1401 2194; x_wconf 89' lang='lat' dir='ltr'><strong>et</strong></span> <span class='ocrx_word' id='word_1_259' title='bbox 1450 2146 1609 2194; x_wconf 73' lang='lat' dir='ltr'><strong>terra:</strong></span> <span class='ocrx_word' id='word_1_260' title='bbox 1642 2147 1821 2193; x_wconf 86' lang='lat' dir='ltr'><strong>mutus</strong></span> <span class='ocrx_word' id='word_1_261' title='bbox 1874 2150 1979 2191; x_wconf 91' lang='lat' dir='ltr'><strong>non</strong></span> 
     </span>
    </p>
   </div>
   <div class='ocr_carea' id='block_1_38' title="bbox 411 2227 1983 2303">
    <p class='ocr_par' dir='ltr' id='par_1_38' title="bbox 411 2227 1983 2303">
     <span class='ocr_line' id='line_1_38' title="bbox 411 2227 1983 2303; baseline -0.004 -13"><span class='ocrx_word' id='word_1_262' title='bbox 411 2243 638 2290; x_wconf 88' lang='lat' dir='ltr'><strong>metuat.</strong></span> <span class='ocrx_word' id='word_1_263' title='bbox 695 2232 769 2287; x_wconf 88' lang='lat' dir='ltr'><strong>Ex</strong></span> <span class='ocrx_word' id='word_1_264' title='bbox 828 2248 940 2303; x_wconf 91' lang='lat' dir='ltr'><strong>quo</strong></span> <span class='ocrx_word' id='word_1_265' title='bbox 995 2241 1219 2302; x_wconf 87' lang='lat' dir='ltr'><strong>apparet</strong></span> <span class='ocrx_word' id='word_1_266' title='bbox 1272 2232 1422 2285; x_wconf 89' lang='lat' dir='ltr'><strong>illum</strong></span> <span class='ocrx_word' id='word_1_267' title='bbox 1470 2247 1593 2293; x_wconf 88' lang='lat' dir='ltr'><strong>non</strong></span> <span class='ocrx_word' id='word_1_268' title='bbox 1646 2227 1887 2285; x_wconf 86' lang='lat' dir='ltr'><strong>timenda</strong></span> <span class='ocrx_word' id='word_1_269' title='bbox 1927 2234 1983 2283; x_wconf 85' lang='lat' dir='ltr'><strong>et</strong></span> 
     </span>
    </p>
   </div>
   <div class='ocr_carea' id='block_1_39' title="bbox 410 2312 1979 2392">
    <p class='ocr_par' dir='ltr' id='par_1_39' title="bbox 410 2312 1979 2392">
     <span class='ocr_line' id='line_1_39' title="bbox 410 2312 1979 2392; baseline -0.003 -13"><span class='ocrx_word' id='word_1_270' title='bbox 410 2325 649 2380; x_wconf 83' lang='lat' dir='ltr'><strong>timenda</strong></span> <span class='ocrx_word' id='word_1_271' title='bbox 703 2338 812 2378; x_wconf 86' lang='lat' dir='ltr'><strong>non</strong></span> <span class='ocrx_word' id='word_1_272' title='bbox 852 2312 1111 2392; x_wconf 83' lang='lat' dir='ltr'><strong>qualitate</strong></span> <span class='ocrx_word' id='word_1_273' title='bbox 1168 2322 1349 2377; x_wconf 84' lang='lat' dir='ltr'><strong>metiri</strong></span> <span class='ocrx_word' id='word_1_274' title='bbox 1402 2330 1567 2391; x_wconf 89' lang='lat' dir='ltr'><strong>atque</strong></span> <span class='ocrx_word' id='word_1_275' title='bbox 1623 2320 1979 2389; x_wconf 70' lang='lat' dir='ltr'><strong>distinguere,</strong></span> 
     </span>
    </p>
   </div>
   <div class='ocr_carea' id='block_1_40' title="bbox 409 2410 1983 2485">
    <p class='ocr_par' dir='ltr' id='par_1_40' title="bbox 409 2410 1983 2485">
     <span class='ocr_line' id='line_1_40' title="bbox 409 2410 1983 2485; baseline -0.003 -16"><span class='ocrx_word' id='word_1_276' title='bbox 409 2415 504 2470; x_wconf 79' lang='lat' dir='ltr'><strong>Sed</strong></span> <span class='ocrx_word' id='word_1_277' title='bbox 534 2431 730 2485; x_wconf 82' lang='lat' dir='ltr'><strong>magno</strong></span> <span class='ocrx_word' id='word_1_278' title='bbox 760 2423 813 2468; x_wconf 90' lang='lat' dir='ltr'><strong>et</strong></span> <span class='ocrx_word' id='word_1_279' title='bbox 840 2428 1009 2484; x_wconf 90' lang='lat' dir='ltr'><strong>parvo</strong></span> <span class='ocrx_word' id='word_1_280' title='bbox 1034 2413 1177 2482; x_wconf 85' lang='lat' dir='ltr'><strong>quod</strong></span> <span class='ocrx_word' id='word_1_281' title='bbox 1210 2422 1292 2467; x_wconf 88' lang='lat' dir='ltr'><strong>est</strong></span> <span class='ocrx_word' id='word_1_282' title='bbox 1318 2412 1646 2483; x_wconf 81' lang='lat' dir='ltr'><strong>quantitate.</strong></span> <span class='ocrx_word' id='word_1_283' title='bbox 1684 2412 1752 2466; x_wconf 87' lang='lat' dir='ltr'><strong>At</strong></span> <span class='ocrx_word' id='word_1_284' title='bbox 1804 2410 1983 2465; x_wconf 80' lang='lat' dir='ltr'><strong>Plato-</strong></span> 
     </span>
    </p>
   </div>
   <div class='ocr_carea' id='block_1_41' title="bbox 408 2503 1982 2574">
    <p class='ocr_par' dir='ltr' id='par_1_41' title="bbox 408 2503 1982 2574">
     <span class='ocr_line' id='line_1_41' title="bbox 408 2503 1982 2574; baseline -0.003 -14"><span class='ocrx_word' id='word_1_285' title='bbox 408 2507 514 2561; x_wconf 88' lang='lat' dir='ltr'><strong>nici</strong></span> <span class='ocrx_word' id='word_1_286' title='bbox 573 2522 677 2560; x_wconf 89' lang='lat' dir='ltr'><strong>non</strong></span> <span class='ocrx_word' id='word_1_287' title='bbox 706 2506 809 2571; x_wconf 84' lang='lat' dir='ltr'><strong>ita,</strong></span> <span class='ocrx_word' id='word_1_288' title='bbox 848 2519 944 2560; x_wconf 87' lang='lat' dir='ltr'><strong>nec</strong></span> <span class='ocrx_word' id='word_1_289' title='bbox 979 2505 1072 2559; x_wconf 90' lang='lat' dir='ltr'><strong>alii</strong></span> <span class='ocrx_word' id='word_1_290' title='bbox 1119 2504 1338 2574; x_wconf 90' lang='lat' dir='ltr'><strong>quidem</strong></span> <span class='ocrx_word' id='word_1_291' title='bbox 1376 2503 1466 2574; x_wconf 92' lang='lat' dir='ltr'><strong>qui</strong></span> <span class='ocrx_word' id='word_1_292' title='bbox 1514 2519 1627 2558; x_wconf 91' lang='lat' dir='ltr'><strong>rem</strong></span> <span class='ocrx_word' id='word_1_293' title='bbox 1662 2504 1982 2559; x_wconf 73' lang='lat' dir='ltr'><strong>accuratius</strong></span> 
     </span>
    </p>
   </div>
   <div class='ocr_carea' id='block_1_42' title="bbox 407 2594 1982 2665">
    <p class='ocr_par' dir='ltr' id='par_1_42' title="bbox 407 2594 1982 2665">
     <span class='ocr_line' id='line_1_42' title="bbox 407 2594 1982 2665; baseline -0.001 -12"><span class='ocrx_word' id='word_1_294' title='bbox 407 2598 745 2665; x_wconf 89' lang='lat' dir='ltr'><strong>examinant,</strong></span> <span class='ocrx_word' id='word_1_295' title='bbox 776 2597 870 2652; x_wconf 90' lang='lat' dir='ltr'><strong>sed</strong></span> <span class='ocrx_word' id='word_1_296' title='bbox 900 2612 1115 2651; x_wconf 90' lang='lat' dir='ltr'><strong>omnem</strong></span> <span class='ocrx_word' id='word_1_297' title='bbox 1170 2594 1392 2665; x_wconf 89' lang='lat' dir='ltr'><strong>quidem</strong></span> <span class='ocrx_word' id='word_1_298' title='bbox 1434 2596 1825 2665; x_wconf 86' lang='lat' dir='ltr'><strong>turpitudinem</strong></span> <span class='ocrx_word' id='word_1_299' title='bbox 1860 2609 1982 2652; x_wconf 82' lang='lat' dir='ltr'><strong>esse</strong></span> 
     </span>
    </p>
   </div>
   <div class='ocr_carea' id='block_1_43' title="bbox 408 2688 1980 2759">
    <p class='ocr_par' dir='ltr' id='par_1_43' title="bbox 408 2688 1980 2759">
     <span class='ocr_line' id='line_1_43' title="bbox 408 2688 1980 2759; baseline -0.002 -13"><span class='ocrx_word' id='word_1_300' title='bbox 408 2690 727 2754; x_wconf 87' lang='lat' dir='ltr'><strong>timendam,</strong></span> <span class='ocrx_word' id='word_1_301' title='bbox 769 2689 884 2744; x_wconf 88' lang='lat' dir='ltr'><strong>sive</strong></span> <span class='ocrx_word' id='word_1_302' title='bbox 940 2702 1193 2759; x_wconf 79' lang='lat' dir='ltr'><strong>magnam</strong></span> <span class='ocrx_word' id='word_1_303' title='bbox 1231 2688 1347 2744; x_wconf 83' lang='lat' dir='ltr'><strong>sive</strong></span> <span class='ocrx_word' id='word_1_304' title='bbox 1406 2703 1674 2758; x_wconf 83' lang='lat' dir='ltr'><strong>parvam;</strong></span> <span class='ocrx_word' id='word_1_305' title='bbox 1718 2688 1980 2759; x_wconf 88' lang='lat' dir='ltr'><strong>quidquid</strong></span> 
     </span>
    </p>
   </div>
   <div class='ocr_carea' id='block_1_44' title="bbox 407 2779 1981 2852">
    <p class='ocr_par' dir='ltr' id='par_1_44' title="bbox 407 2779 1981 2852">
     <span class='ocr_line' id='line_1_44' title="bbox 407 2779 1981 2852; baseline -0.002 -15"><span class='ocrx_word' id='word_1_306' title='bbox 407 2797 541 2837; x_wconf 84' lang='lat' dir='ltr'><strong>vero</strong></span> <span class='ocrx_word' id='word_1_307' title='bbox 580 2783 751 2852; x_wconf 63' lang='lat' dir='ltr'><strong>turpet</strong></span> <span class='ocrx_word' id='word_1_308' title='bbox 777 2796 884 2836; x_wconf 90' lang='lat' dir='ltr'><strong>non</strong></span> <span class='ocrx_word' id='word_1_309' title='bbox 912 2782 1005 2849; x_wconf 86' lang='lat' dir='ltr'><strong>sit,</strong></span> <span class='ocrx_word' id='word_1_310' title='bbox 1041 2795 1147 2835; x_wconf 93' lang='lat' dir='ltr'><strong>nou</strong></span> <span class='ocrx_word' id='word_1_311' title='bbox 1186 2780 1486 2835; x_wconf 89' lang='lat' dir='ltr'><strong>timendum</strong></span> <span class='ocrx_word' id='word_1_312' title='bbox 1519 2779 1859 2847; x_wconf 83' lang='lat' dir='ltr'><strong>existimant,</strong></span> <span class='ocrx_word' id='word_1_313' title='bbox 1896 2789 1981 2834; x_wconf 85' lang='lat' dir='ltr'><strong>at-</strong></span> 
     </span>
    </p>
   </div>
   <div class='ocr_carea' id='block_1_45' title="bbox 408 2872 1980 2944">
    <p class='ocr_par' dir='ltr' id='par_1_45' title="bbox 408 2872 1980 2944">
     <span class='ocr_line' id='line_1_45' title="bbox 408 2872 1980 2944; baseline -0.001 -17"><span class='ocrx_word' id='word_1_314' title='bbox 408 2888 516 2943; x_wconf 77' lang='lat' dir='ltr'><strong>que</strong></span> <span class='ocrx_word' id='word_1_315' title='bbox 544 2874 616 2927; x_wconf 90' lang='lat' dir='ltr'><strong>ita</strong></span> <span class='ocrx_word' id='word_1_316' title='bbox 651 2874 917 2944; x_wconf 77' lang='lat' dir='ltr'><strong>qualitate</strong></span> <span class='ocrx_word' id='word_1_317' title='bbox 977 2888 1088 2927; x_wconf 92' lang='lat' dir='ltr'><strong>non</strong></span> <span class='ocrx_word' id='word_1_318' title='bbox 1146 2872 1449 2943; x_wconf 79' lang='lat' dir='ltr'><strong>quantitate</strong></span> <span class='ocrx_word' id='word_1_319' title='bbox 1484 2872 1720 2927; x_wconf 83' lang='lat' dir='ltr'><strong>timenda</strong></span> <span class='ocrx_word' id='word_1_320' title='bbox 1768 2880 1824 2927; x_wconf 81' lang='lat' dir='ltr'><strong>et</strong></span> <span class='ocrx_word' id='word_1_321' title='bbox 1871 2887 1980 2927; x_wconf 86' lang='lat' dir='ltr'><strong>non</strong></span> 
     </span>
    </p>
   </div>
   <div class='ocr_carea' id='block_1_46' title="bbox 410 2963 1979 3043">
    <p class='ocr_par' dir='ltr' id='par_1_46' title="bbox 410 2963 1979 3043">
     <span class='ocr_line' id='line_1_46' title="bbox 410 2963 1979 3043; baseline 0 -26"><span class='ocrx_word' id='word_1_322' title='bbox 410 2963 659 3018; x_wconf 82' lang='lat' dir='ltr'><strong>timenda</strong></span> <span class='ocrx_word' id='word_1_323' title='bbox 694 2963 1016 3018; x_wconf 80' lang='lat' dir='ltr'><strong>metiuntur.</strong></span> <span class='ocrx_word' id='word_1_324' title='bbox 1049 2963 1287 3018; x_wconf 75' lang='lat' dir='ltr'><strong>Proinde</strong></span> <span class='ocrx_word' id='word_1_325' title='bbox 1322 2979 1427 3018; x_wconf 89' lang='lat' dir='ltr'><strong>non</strong></span> <span class='ocrx_word' id='word_1_326' title='bbox 1459 2979 1579 3020; x_wconf 81' lang='lat' dir='ltr'><strong>esse</strong></span> <span class='ocrx_word' id='word_1_327' title='bbox 1609 2964 1979 3043; x_wconf 78' lang='lat' dir='ltr'><strong>dignosntetu</strong></span> 
     </span>
    </p>
   </div>
   <div class='ocr_carea' id='block_1_47' title="bbox 408 3055 1984 3126">
    <p class='ocr_par' dir='ltr' id='par_1_47' title="bbox 408 3055 1984 3126">
     <span class='ocr_line' id='line_1_47' title="bbox 408 3055 1984 3126; baseline -0.001 -15"><span class='ocrx_word' id='word_1_328' title='bbox 408 3064 749 3111; x_wconf 63' lang='lat' dir='ltr'><strong>terramotus</strong></span> <span class='ocrx_word' id='word_1_329' title='bbox 791 3065 844 3112; x_wconf 88' lang='lat' dir='ltr'><strong>et</strong></span> <span class='ocrx_word' id='word_1_330' title='bbox 884 3055 1110 3110; x_wconf 84' lang='lat' dir='ltr'><strong>fulmina</strong></span> <span class='ocrx_word' id='word_1_331' title='bbox 1143 3097 1157 3121; x_wconf 92' lang='lat'><strong>,</strong></span> <span class='ocrx_word' id='word_1_332' title='bbox 1206 3056 1251 3111; x_wconf 88' lang='lat' dir='ltr'><strong>si</strong></span> <span class='ocrx_word' id='word_1_333' title='bbox 1298 3056 1516 3126; x_wconf 86' lang='lat' dir='ltr'><strong>quidem</strong></span> <span class='ocrx_word' id='word_1_334' title='bbox 1570 3057 1687 3111; x_wconf 78' lang='lat' dir='ltr'><strong>iure</strong></span> <span class='ocrx_word' id='word_1_335' title='bbox 1728 3057 1984 3112; x_wconf 60' lang='lat' dir='ltr'><strong>vitio‘ca&#39;</strong></span> 
     </span>
    </p>
   </div>
   <div class='ocr_carea' id='block_1_48' title="bbox 407 3132 1981 3216">
    <p class='ocr_par' dir='ltr' id='par_1_48' title="bbox 407 3132 1981 3216">
     <span class='ocr_line' id='line_1_48' title="bbox 407 3132 1981 3216; baseline 0.001 -17"><span class='ocrx_word' id='word_1_336' title='bbox 407 3154 584 3211; x_wconf 82' lang='lat' dir='ltr'><strong>reant,</strong></span> <span class='ocrx_word' id='word_1_337' title='bbox 621 3160 721 3199; x_wconf 90' lang='lat' dir='ltr'><strong>nec</strong></span> <span class='ocrx_word' id='word_1_338' title='bbox 760 3145 1002 3216; x_wconf 74' lang='lat' dir='ltr'><strong>peiorem</strong></span> <span class='ocrx_word' id='word_1_339' title='bbox 1051 3145 1255 3200; x_wconf 87' lang='lat' dir='ltr'><strong>faciant</strong></span> <span class='ocrx_word' id='word_1_340' title='bbox 1289 3147 1585 3201; x_wconf 86' lang='lat' dir='ltr'><strong>hominem.</strong></span> <span class='ocrx_word' id='word_1_341' title='bbox 1622 3144 1689 3200; x_wconf 80' lang='lat' dir='ltr'><strong>Et</strong></span> <span class='ocrx_word' id='word_1_342' title='bbox 1709 3132 1981 3216; x_wconf 84' lang='lat' dir='ltr'><strong>quomodo</strong></span> 
     </span>
    </p>
   </div>
   <div class='ocr_carea' id='block_1_49' title="bbox 2084 1946 3657 2017">
    <p class='ocr_par' dir='ltr' id='par_1_49' title="bbox 2084 1946 3657 2017">
     <span class='ocr_line' id='line_1_49' title="bbox 2084 1946 3657 2017; baseline 0 -16"><span class='ocrx_word' id='word_1_343' title='bbox 2084 1947 2209 2011; x_wconf 82' lang='grc' dir='ltr'><strong>κίας</strong></span> <span class='ocrx_word' id='word_1_344' title='bbox 2240 1948 2399 2017; x_wconf 75' lang='grc' dir='ltr'><strong>μέρει</strong></span> <span class='ocrx_word' id='word_1_345' title='bbox 2450 1947 2685 2002; x_wconf 77' lang='grc' dir='ltr'><strong>τίθεται.</strong></span> <span class='ocrx_word' id='word_1_346' title='bbox 2716 1947 2976 2001; x_wconf 72' lang='grc' dir='ltr'><strong>Φαίνεται</strong></span> <span class='ocrx_word' id='word_1_347' title='bbox 3005 1948 3114 2017; x_wconf 81' lang='grc' dir='ltr'><strong>γὰρ</strong></span> <span class='ocrx_word' id='word_1_348' title='bbox 3143 1951 3207 2001; x_wconf 86' lang='grc' dir='ltr'><strong>ὲκ</strong></span> <span class='ocrx_word' id='word_1_349' title='bbox 3240 1947 3432 2001; x_wconf 81' lang='grc' dir='ltr'><strong>τούτου</strong></span> <span class='ocrx_word' id='word_1_350' title='bbox 3462 1949 3521 2000; x_wconf 74' lang='grc' dir='ltr'><strong>οὐ</strong></span> <span class='ocrx_word' id='word_1_351' title='bbox 3574 1946 3657 2017; x_wconf 74' lang='grc' dir='ltr'><strong>τῷ</strong></span> 
     </span>
    </p>
   </div>
   <div class='ocr_carea' id='block_1_50' title="bbox 2084 2037 3658 2110">
    <p class='ocr_par' dir='ltr' id='par_1_50' title="bbox 2084 2037 3658 2110">
     <span class='ocr_line' id='line_1_50' title="bbox 2084 2037 3658 2110; baseline -0.001 -18"><span class='ocrx_word' id='word_1_352' title='bbox 2084 2039 2225 2107; x_wconf 82' lang='grc' dir='ltr'><strong>ποιῷ</strong></span> <span class='ocrx_word' id='word_1_353' title='bbox 2252 2039 2320 2092; x_wconf 82' lang='grc' dir='ltr'><strong>τά</strong></span> <span class='ocrx_word' id='word_1_354' title='bbox 2350 2054 2407 2091; x_wconf 83' lang='grc' dir='ltr'><strong>τε</strong></span> <span class='ocrx_word' id='word_1_355' title='bbox 2440 2037 2720 2110; x_wconf 75' lang='grc' dir='ltr'><strong>οαῤῥαλέα</strong></span> <span class='ocrx_word' id='word_1_356' title='bbox 2777 2040 2871 2092; x_wconf 75' lang='grc' dir='ltr'><strong>καὶ</strong></span> <span class='ocrx_word' id='word_1_357' title='bbox 2924 2038 3073 2093; x_wconf 73' lang='grc' dir='ltr'><strong>δεινὰ</strong></span> <span class='ocrx_word' id='word_1_358' title='bbox 3104 2038 3348 2109; x_wconf 83' lang='grc' dir='ltr'><strong>διαιρῶν,</strong></span> <span class='ocrx_word' id='word_1_359' title='bbox 3384 2038 3521 2092; x_wconf 71' lang='grc' dir='ltr'><strong>ἀλλὰ</strong></span> <span class='ocrx_word' id='word_1_360' title='bbox 3553 2056 3658 2109; x_wconf 81' lang='grc' dir='ltr'><strong>με-</strong></span> 
     </span>
    </p>
   </div>
   <div class='ocr_carea' id='block_1_51' title="bbox 2082 2130 3658 2201">
    <p class='ocr_par' dir='ltr' id='par_1_51' title="bbox 2082 2130 3658 2201">
     <span class='ocr_line' id='line_1_51' title="bbox 2082 2130 3658 2201; baseline -0.001 -17"><span class='ocrx_word' id='word_1_361' title='bbox 2082 2131 2229 2201; x_wconf 72' lang='grc' dir='ltr'><strong>γᾶοει</strong></span> <span class='ocrx_word' id='word_1_362' title='bbox 2281 2147 2340 2184; x_wconf 82' lang='grc' dir='ltr'><strong>τε</strong></span> <span class='ocrx_word' id='word_1_363' title='bbox 2393 2133 2490 2183; x_wconf 71' lang='grc' dir='ltr'><strong>καὶ</strong></span> <span class='ocrx_word' id='word_1_364' title='bbox 2535 2132 2886 2201; x_wconf 70' lang='grc' dir='ltr'><strong>σμικρότητι,</strong></span> <span class='ocrx_word' id='word_1_365' title='bbox 2916 2133 3010 2185; x_wconf 78' lang='grc' dir='ltr'><strong>καὶ</strong></span> <span class='ocrx_word' id='word_1_366' title='bbox 3055 2131 3230 2200; x_wconf 83' lang='grc' dir='ltr'><strong>ποσῷ.</strong></span> <span class='ocrx_word' id='word_1_367' title='bbox 3281 2130 3421 2183; x_wconf 84' lang='grc' dir='ltr'><strong>Ἀλλ’</strong></span> <span class='ocrx_word' id='word_1_368' title='bbox 3462 2132 3567 2200; x_wconf 67' lang='grc' dir='ltr'><strong>οὔχ</strong></span> <span class='ocrx_word' id='word_1_369' title='bbox 3604 2130 3658 2183; x_wconf 74' lang='grc' dir='ltr'><strong>οἱ</strong></span> 
     </span>
    </p>
   </div>
   <div class='ocr_carea' id='block_1_52' title="bbox 2082 2221 3651 2294">
    <p class='ocr_par' dir='ltr' id='par_1_52' title="bbox 2082 2221 3651 2294">
     <span class='ocr_line' id='line_1_52' title="bbox 2082 2221 3651 2294; baseline -0.001 -19"><span class='ocrx_word' id='word_1_370' title='bbox 2082 2224 2212 2294; x_wconf 77' lang='grc' dir='ltr'><strong>περὶ</strong></span> <span class='ocrx_word' id='word_1_371' title='bbox 2244 2221 2506 2276; x_wconf 78' lang='grc' dir='ltr'><strong>Πλάτωνα</strong></span> <span class='ocrx_word' id='word_1_372' title='bbox 2540 2222 2707 2286; x_wconf 86' lang='grc' dir='ltr'><strong>οῦτω,</strong></span> <span class='ocrx_word' id='word_1_373' title='bbox 2736 2222 2857 2275; x_wconf 73' lang='grc' dir='ltr'><strong>οὖδέ</strong></span> <span class='ocrx_word' id='word_1_374' title='bbox 2885 2239 2949 2290; x_wconf 83' lang='grc' dir='ltr'><strong>γε</strong></span> <span class='ocrx_word' id='word_1_375' title='bbox 2992 2222 3103 2276; x_wconf 83' lang='grc' dir='ltr'><strong>τῶν</strong></span> <span class='ocrx_word' id='word_1_376' title='bbox 3132 2222 3307 2276; x_wconf 80' lang='grc' dir='ltr'><strong>ἄλλων</strong></span> <span class='ocrx_word' id='word_1_377' title='bbox 3336 2224 3384 2275; x_wconf 86' lang='grc' dir='ltr'><strong>οί</strong></span> <span class='ocrx_word' id='word_1_378' title='bbox 3426 2222 3499 2275; x_wconf 73' lang='grc' dir='ltr'><strong>τὰ</strong></span> <span class='ocrx_word' id='word_1_379' title='bbox 3529 2221 3651 2290; x_wconf 78' lang='grc' dir='ltr'><strong>βελ-</strong></span> 
     </span>
    </p>
   </div>
   <div class='ocr_carea' id='block_1_53' title="bbox 2080 2313 3658 2385">
    <p class='ocr_par' dir='ltr' id='par_1_53' title="bbox 2080 2313 3658 2385">
     <span class='ocr_line' id='line_1_53' title="bbox 2080 2313 3658 2385; baseline 0 -17"><span class='ocrx_word' id='word_1_380' title='bbox 2080 2316 2184 2369; x_wconf 85' lang='grc' dir='ltr'><strong>τίω</strong></span> <span class='ocrx_word' id='word_1_381' title='bbox 2215 2315 2417 2377; x_wconf 74' lang='grc' dir='ltr'><strong>πάντες</strong></span> <span class='ocrx_word' id='word_1_382' title='bbox 2450 2313 2799 2385; x_wconf 74' lang='grc' dir='ltr'><strong>φρονοῦντες,</strong></span> <span class='ocrx_word' id='word_1_383' title='bbox 2850 2315 2988 2367; x_wconf 71' lang='grc' dir='ltr'><strong>ἀλλὰ</strong></span> <span class='ocrx_word' id='word_1_384' title='bbox 3021 2315 3081 2369; x_wconf 83' lang='grc' dir='ltr'><strong>τὸ</strong></span> <span class='ocrx_word' id='word_1_385' title='bbox 3134 2314 3235 2385; x_wconf 71' lang='grc' dir='ltr'><strong>μὲν</strong></span> <span class='ocrx_word' id='word_1_386' title='bbox 3279 2314 3508 2385; x_wconf 76' lang='grc' dir='ltr'><strong>αἰσχρὸν</strong></span> <span class='ocrx_word' id='word_1_387' title='bbox 3541 2318 3658 2371; x_wconf 68' lang='grc' dir='ltr'><strong>πᾶν</strong></span> 
     </span>
    </p>
   </div>
   <div class='ocr_carea' id='block_1_54' title="bbox 2083 2403 3660 2482">
    <p class='ocr_par' dir='ltr' id='par_1_54' title="bbox 2083 2403 3660 2482">
     <span class='ocr_line' id='line_1_54' title="bbox 2083 2403 3660 2482; baseline 0 -20"><span class='ocrx_word' id='word_1_388' title='bbox 2083 2408 2347 2475; x_wconf 55' lang='grc' dir='ltr'><strong>δεινόνρν</strong></span> <span class='ocrx_word' id='word_1_389' title='bbox 2377 2425 2437 2462; x_wconf 79' lang='grc' dir='ltr'><strong>τι</strong></span> <span class='ocrx_word' id='word_1_390' title='bbox 2463 2410 2628 2478; x_wconf 80' lang='grc' dir='ltr'><strong>μέγα,</strong></span> <span class='ocrx_word' id='word_1_391' title='bbox 2661 2409 2726 2463; x_wconf 73' lang='grc' dir='ltr'><strong>ἄν</strong></span> <span class='ocrx_word' id='word_1_392' title='bbox 2752 2425 2812 2461; x_wconf 88' lang='grc' dir='ltr'><strong>τε</strong></span> <span class='ocrx_word' id='word_1_393' title='bbox 2841 2409 3038 2479; x_wconf 64' lang='grc' dir='ltr'><strong>μικρδν</strong></span> <span class='ocrx_word' id='word_1_394' title='bbox 3154 2408 3216 2462; x_wconf 79' lang='grc' dir='ltr'><strong>τὸ</strong></span> <span class='ocrx_word' id='word_1_395' title='bbox 3247 2409 3289 2462; x_wconf 80' lang='grc' dir='ltr'><strong>δ’</strong></span> <span class='ocrx_word' id='word_1_396' title='bbox 3308 2410 3409 2463; x_wconf 65' lang='grc' dir='ltr'><strong>οὐκ</strong></span> <span class='ocrx_word' id='word_1_397' title='bbox 3432 2409 3660 2479; x_wconf 69' lang='grc' dir='ltr'><strong>αἰσχρὸν</strong></span> 
     </span>
    </p>
   </div>
   <div class='ocr_carea' id='block_1_55' title="bbox 2083 2497 3651 2574">
    <p class='ocr_par' dir='ltr' id='par_1_55' title="bbox 2083 2497 3651 2574">
     <span class='ocr_line' id='line_1_55' title="bbox 2083 2497 3651 2574; baseline 0.001 -18"><span class='ocrx_word' id='word_1_398' title='bbox 2083 2502 2386 2574; x_wconf 72' lang='grc' dir='ltr'><strong>Θαρῤαλιον</strong></span> <span class='ocrx_word' id='word_1_399' title='bbox 2415 2503 2526 2555; x_wconf 68' lang='grc' dir='ltr'><strong>πᾶν</strong></span> <span class='ocrx_word' id='word_1_400' title='bbox 2572 2501 2850 2566; x_wconf 79' lang='grc' dir='ltr'><strong>ἀξιοῦντες</strong></span> <span class='ocrx_word' id='word_1_401' title='bbox 2905 2497 3070 2566; x_wconf 74' lang='grc' dir='ltr'><strong>εἶναι,</strong></span> <span class='ocrx_word' id='word_1_402' title='bbox 3120 2506 3178 2555; x_wconf 73' lang='grc' dir='ltr'><strong>ὲν</strong></span> <span class='ocrx_word' id='word_1_403' title='bbox 3230 2504 3307 2573; x_wconf 79' lang='grc' dir='ltr'><strong>τῷ</strong></span> <span class='ocrx_word' id='word_1_404' title='bbox 3344 2504 3511 2573; x_wconf 78' lang='grc' dir='ltr'><strong>ποιῷ,</strong></span> <span class='ocrx_word' id='word_1_405' title='bbox 3540 2505 3651 2558; x_wconf 76' lang='grc' dir='ltr'><strong>οὐκ</strong></span> 
     </span>
    </p>
   </div>
   <div class='ocr_carea' id='block_1_56' title="bbox 2084 2591 3658 2669">
    <p class='ocr_par' dir='ltr' id='par_1_56' title="bbox 2084 2591 3658 2669">
     <span class='ocr_line' id='line_1_56' title="bbox 2084 2591 3658 2669; baseline -0.001 -18"><span class='ocrx_word' id='word_1_406' title='bbox 2084 2598 2143 2651; x_wconf 85' lang='grc' dir='ltr'><strong>ὲν</strong></span> <span class='ocrx_word' id='word_1_407' title='bbox 2172 2598 2248 2667; x_wconf 84' lang='grc' dir='ltr'><strong>τῷ</strong></span> <span class='ocrx_word' id='word_1_408' title='bbox 2284 2596 2463 2665; x_wconf 75' lang='grc' dir='ltr'><strong>πόσῳ,</strong></span> <span class='ocrx_word' id='word_1_409' title='bbox 2492 2596 2554 2649; x_wconf 86' lang='grc' dir='ltr'><strong>τό</strong></span> <span class='ocrx_word' id='word_1_410' title='bbox 2602 2612 2660 2649; x_wconf 84' lang='grc' dir='ltr'><strong>τε</strong></span> <span class='ocrx_word' id='word_1_411' title='bbox 2699 2591 2873 2650; x_wconf 68' lang='grc' dir='ltr'><strong>δεινὸν</strong></span> <span class='ocrx_word' id='word_1_412' title='bbox 2905 2596 2998 2650; x_wconf 78' lang='grc' dir='ltr'><strong>καὶ</strong></span> <span class='ocrx_word' id='word_1_413' title='bbox 3046 2596 3347 2669; x_wconf 64' lang='grc' dir='ltr'><strong>θαρραλέον</strong></span> <span class='ocrx_word' id='word_1_414' title='bbox 3383 2597 3658 2651; x_wconf 72' lang='grc' dir='ltr'><strong>τίθενται.</strong></span> 
     </span>
    </p>
   </div>
   <div class='ocr_carea' id='block_1_57' title="bbox 2085 2688 3655 2759">
    <p class='ocr_par' dir='ltr' id='par_1_57' title="bbox 2085 2688 3655 2759">
     <span class='ocr_line' id='line_1_57' title="bbox 2085 2688 3655 2759; baseline 0 -17"><span class='ocrx_word' id='word_1_415' title='bbox 2085 2689 2315 2759; x_wconf 75' lang='grc' dir='ltr'><strong>Σεισμοὶ</strong></span> <span class='ocrx_word' id='word_1_416' title='bbox 2339 2688 2395 2742; x_wconf 77' lang='grc' dir='ltr'><strong>δὲ</strong></span> <span class='ocrx_word' id='word_1_417' title='bbox 2455 2689 2551 2743; x_wconf 69' lang='grc' dir='ltr'><strong>καὶ</strong></span> <span class='ocrx_word' id='word_1_418' title='bbox 2608 2690 2846 2759; x_wconf 79' lang='grc' dir='ltr'><strong>σκηπτοὶ</strong></span> <span class='ocrx_word' id='word_1_419' title='bbox 2882 2689 3000 2752; x_wconf 81' lang='grc' dir='ltr'><strong>πῶς</strong></span> <span class='ocrx_word' id='word_1_420' title='bbox 3035 2688 3164 2753; x_wconf 75' lang='grc' dir='ltr'><strong>ἄξια</strong></span> <span class='ocrx_word' id='word_1_421' title='bbox 3194 2689 3369 2753; x_wconf 78' lang='grc' dir='ltr'><strong>δέους,</strong></span> <span class='ocrx_word' id='word_1_422' title='bbox 3397 2690 3451 2742; x_wconf 84' lang='grc' dir='ltr'><strong>εί</strong></span> <span class='ocrx_word' id='word_1_423' title='bbox 3477 2706 3539 2758; x_wconf 80' lang='grc' dir='ltr'><strong>γε</strong></span> <span class='ocrx_word' id='word_1_424' title='bbox 3579 2693 3655 2759; x_wconf 74' lang='grc' dir='ltr'><strong>μὴ</strong></span> 
     </span>
    </p>
   </div>
   <div class='ocr_carea' id='block_1_58' title="bbox 2084 2780 3658 2852">
    <p class='ocr_par' dir='ltr' id='par_1_58' title="bbox 2084 2780 3658 2852">
     <span class='ocr_line' id='line_1_58' title="bbox 2084 2780 3658 2852; baseline 0.001 -18"><span class='ocrx_word' id='word_1_425' title='bbox 2084 2782 2307 2851; x_wconf 74' lang='grc' dir='ltr'><strong>αἰσχρὰ,</strong></span> <span class='ocrx_word' id='word_1_426' title='bbox 2335 2781 2473 2851; x_wconf 68' lang='grc' dir='ltr'><strong>μηδὲ</strong></span> <span class='ocrx_word' id='word_1_427' title='bbox 2499 2782 2679 2835; x_wconf 79' lang='grc' dir='ltr'><strong>κακίω</strong></span> <span class='ocrx_word' id='word_1_428' title='bbox 2702 2780 2963 2835; x_wconf 85' lang='grc' dir='ltr'><strong>ποιοῦντα</strong></span> <span class='ocrx_word' id='word_1_429' title='bbox 2995 2782 3086 2836; x_wconf 68' lang='grc' dir='ltr'><strong>τὸν</strong></span> <span class='ocrx_word' id='word_1_430' title='bbox 3114 2781 3438 2852; x_wconf 77' lang='grc' dir='ltr'><strong>ἂνθρωπον;</strong></span> <span class='ocrx_word' id='word_1_431' title='bbox 3472 2782 3658 2845; x_wconf 84' lang='grc' dir='ltr'><strong>Ὀλως</strong></span> 
     </span>
    </p>
   </div>
   <div class='ocr_carea' id='block_1_59' title="bbox 2082 2873 3657 2945">
    <p class='ocr_par' dir='ltr' id='par_1_59' title="bbox 2082 2873 3657 2945">
     <span class='ocr_line' id='line_1_59' title="bbox 2082 2873 3657 2945; baseline 0.001 -18"><span class='ocrx_word' id='word_1_432' title='bbox 2082 2891 2143 2927; x_wconf 84' lang='grc' dir='ltr'><strong>τε</strong></span> <span class='ocrx_word' id='word_1_433' title='bbox 2176 2875 2237 2927; x_wconf 72' lang='grc' dir='ltr'><strong>τὸ</strong></span> <span class='ocrx_word' id='word_1_434' title='bbox 2259 2873 2388 2937; x_wconf 77' lang='grc' dir='ltr'><strong>τοὺς</strong></span> <span class='ocrx_word' id='word_1_435' title='bbox 2421 2874 2707 2943; x_wconf 67' lang='grc' dir='ltr'><strong>σκηπτοὺς</strong></span> <span class='ocrx_word' id='word_1_436' title='bbox 2737 2873 2969 2929; x_wconf 75' lang='grc' dir='ltr'><strong>δεδιέναι</strong></span> <span class='ocrx_word' id='word_1_437' title='bbox 3025 2875 3142 2938; x_wconf 83' lang='grc' dir='ltr'><strong>πῶς</strong></span> <span class='ocrx_word' id='word_1_438' title='bbox 3183 2874 3284 2928; x_wconf 72' lang='grc' dir='ltr'><strong>οὐκ</strong></span> <span class='ocrx_word' id='word_1_439' title='bbox 3316 2876 3567 2945; x_wconf 80' lang='grc' dir='ltr'><strong>ἀνόητον,</strong></span> <span class='ocrx_word' id='word_1_440' title='bbox 3592 2876 3657 2928; x_wconf 70' lang='grc' dir='ltr'><strong>οῦ</strong></span> 
     </span>
    </p>
   </div>
   <div class='ocr_carea' id='block_1_60' title="bbox 2086 2966 3660 3038">
    <p class='ocr_par' dir='ltr' id='par_1_60' title="bbox 2086 2966 3660 3038">
     <span class='ocr_line' id='line_1_60' title="bbox 2086 2966 3660 3038; baseline 0.001 -18"><span class='ocrx_word' id='word_1_441' title='bbox 2086 2967 2250 3037; x_wconf 81' lang='grc' dir='ltr'><strong>μόνον</strong></span> <span class='ocrx_word' id='word_1_442' title='bbox 2294 2966 2378 3019; x_wconf 78' lang='grc' dir='ltr'><strong>ὅτι</strong></span> <span class='ocrx_word' id='word_1_443' title='bbox 2425 2966 2527 3020; x_wconf 75' lang='grc' dir='ltr'><strong>οὐκ</strong></span> <span class='ocrx_word' id='word_1_444' title='bbox 2579 2968 2807 3037; x_wconf 65' lang='grc' dir='ltr'><strong>αἰσχρὸν</strong></span> <span class='ocrx_word' id='word_1_445' title='bbox 2864 2966 2927 3020; x_wconf 86' lang='grc' dir='ltr'><strong>τό</strong></span> <span class='ocrx_word' id='word_1_446' title='bbox 2973 2970 3036 3035; x_wconf 78' lang='grc' dir='ltr'><strong>γε</strong></span> <span class='ocrx_word' id='word_1_447' title='bbox 3091 2968 3531 3038; x_wconf 68' lang='grc' dir='ltr'><strong>κεραυνωθῆναι,</strong></span> <span class='ocrx_word' id='word_1_448' title='bbox 3560 2975 3660 3022; x_wconf 70' lang='grc' dir='ltr'><strong>και</strong></span> 
     </span>
    </p>
   </div>
   <div class='ocr_carea' id='block_1_61' title="bbox 2083 3056 3661 3142">
    <p class='ocr_par' dir='ltr' id='par_1_61' title="bbox 2083 3056 3661 3142">
     <span class='ocr_line' id='line_1_61' title="bbox 2083 3056 3661 3142; baseline 0.002 -31"><span class='ocrx_word' id='word_1_449' title='bbox 2083 3056 2272 3112; x_wconf 84' lang='grc' dir='ltr'><strong>τοῦτον</strong></span> <span class='ocrx_word' id='word_1_450' title='bbox 2325 3056 2416 3111; x_wconf 71' lang='grc' dir='ltr'><strong>τὸν</strong></span> <span class='ocrx_word' id='word_1_451' title='bbox 2450 3057 2652 3128; x_wconf 70' lang='grc' dir='ltr'><strong>τρόπον</strong></span> <span class='ocrx_word' id='word_1_452' title='bbox 2684 3057 2841 3111; x_wconf 76' lang='grc' dir='ltr'><strong>τοῦδε</strong></span> <span class='ocrx_word' id='word_1_453' title='bbox 2888 3057 2984 3111; x_wconf 81' lang='grc' dir='ltr'><strong>τοῦ</strong></span> <span class='ocrx_word' id='word_1_454' title='bbox 3030 3057 3230 3129; x_wconf 77' lang='grc' dir='ltr'><strong>Θνητοῦ</strong></span> <span class='ocrx_word' id='word_1_455' title='bbox 3269 3058 3661 3142; x_wconf 52' lang='grc' dir='ltr'><strong>ἀπαλλαγῆναι</strong></span> 
     </span>
    </p>
   </div>
   <div class='ocr_carea' id='block_1_62' title="bbox 2087 3148 3657 3222">
    <p class='ocr_par' dir='ltr' id='par_1_62' title="bbox 2087 3148 3657 3222">
     <span class='ocr_line' id='line_1_62' title="bbox 2087 3148 3657 3222; baseline -0.001 -19"><span class='ocrx_word' id='word_1_456' title='bbox 2087 3149 2229 3219; x_wconf 66' lang='grc' dir='ltr'><strong>(οὐδὲ</strong></span> <span class='ocrx_word' id='word_1_457' title='bbox 2262 3151 2371 3219; x_wconf 85' lang='grc' dir='ltr'><strong>γὰρ</strong></span> <span class='ocrx_word' id='word_1_458' title='bbox 2394 3148 2510 3204; x_wconf 71' lang='grc' dir='ltr'><strong>οὐδ’</strong></span> <span class='ocrx_word' id='word_1_459' title='bbox 2538 3148 2814 3220; x_wconf 73' lang='grc' dir='ltr'><strong>ἡμέτερον</strong></span> <span class='ocrx_word' id='word_1_460' title='bbox 2847 3148 3077 3219; x_wconf 78' lang='grc' dir='ltr'><strong>τοῦργον</strong></span> <span class='ocrx_word' id='word_1_461' title='bbox 3126 3151 3216 3204; x_wconf 84' lang='grc' dir='ltr'><strong>ῐνα</strong></span> <span class='ocrx_word' id='word_1_462' title='bbox 3256 3150 3319 3222; x_wconf 72' lang='grc' dir='ltr'><strong>δὴ</strong></span> <span class='ocrx_word' id='word_1_463' title='bbox 3371 3152 3467 3203; x_wconf 74' lang='grc' dir='ltr'><strong>καὶ</strong></span> <span class='ocrx_word' id='word_1_464' title='bbox 3516 3152 3657 3221; x_wconf 78' lang='grc' dir='ltr'><strong>ἡμῖν</strong></span> 
     </span>
    </p>
   </div>
   <div class='ocr_carea' id='block_1_63' title="bbox 410 3234 1978 3315">
    <p class='ocr_par' dir='ltr' id='par_1_63' title="bbox 410 3235 1978 3308">
     <span class='ocr_line' id='line_1_63' title="bbox 410 3235 1978 3308; baseline 0.001 -19"><span class='ocrx_word' id='word_1_465' title='bbox 410 3235 628 3290; x_wconf 88' lang='lat' dir='ltr'><strong>tandem</strong></span> <span class='ocrx_word' id='word_1_466' title='bbox 687 3236 934 3290; x_wconf 69' lang='lat' dir='ltr'><strong>stultitiae</strong></span> <span class='ocrx_word' id='word_1_467' title='bbox 976 3251 1083 3291; x_wconf 78' lang='lat' dir='ltr'><strong>non</strong></span> <span class='ocrx_word' id='word_1_468' title='bbox 1122 3237 1416 3303; x_wconf 81' lang='lat' dir='ltr'><strong>tribuatur,</strong></span> <span class='ocrx_word' id='word_1_469' title='bbox 1471 3238 1515 3293; x_wconf 89' lang='lat' dir='ltr'><strong>si</strong></span> <span class='ocrx_word' id='word_1_470' title='bbox 1554 3253 1713 3308; x_wconf 83' lang='lat' dir='ltr'><strong>quem</strong></span> <span class='ocrx_word' id='word_1_471' title='bbox 1749 3246 1978 3292; x_wconf 86' lang='lat' dir='ltr'><strong>terreant</strong></span> 
     </span>
    </p>
   </div>
   <div class='ocr_carea' id='block_1_64' title="bbox 2082 3234 3659 3315">
    <p class='ocr_par' dir='ltr' id='par_1_64' title="bbox 2088 3237 3659 3315">
     <span class='ocr_line' id='line_1_64' title="bbox 2088 3237 3659 3315; baseline 0.002 -21"><span class='ocrx_word' id='word_1_472' title='bbox 2088 3237 2121 3314; x_wconf 81' lang='grc' dir='ltr'>ᾗ</span> <span class='ocrx_word' id='word_1_473' title='bbox 2156 3242 2279 3312; x_wconf 72' lang='grc' dir='ltr'><strong>ἦτοι</strong></span> <span class='ocrx_word' id='word_1_474' title='bbox 2312 3242 2479 3296; x_wconf 81' lang='grc' dir='ltr'><strong>καλδν</strong></span> <span class='ocrx_word' id='word_1_475' title='bbox 2509 3241 2543 3310; x_wconf 78' lang='grc' dir='ltr'><strong>ἢ</strong></span> <span class='ocrx_word' id='word_1_476' title='bbox 2571 3238 2838 3314; x_wconf 71' lang='grc' dir='ltr'><strong>αἰσχρὸν),</strong></span> <span class='ocrx_word' id='word_1_477' title='bbox 2872 3242 3007 3297; x_wconf 82' lang='grc' dir='ltr'><strong>ἀλλὰ</strong></span> <span class='ocrx_word' id='word_1_478' title='bbox 3048 3242 3269 3309; x_wconf 75' lang='grc' dir='ltr'><strong>καὶοὸτι</strong></span> <span class='ocrx_word' id='word_1_479' title='bbox 3298 3243 3519 3315; x_wconf 77' lang='grc' dir='ltr'><strong>πρῶτον</strong></span> <span class='ocrx_word' id='word_1_480' title='bbox 3553 3244 3659 3313; x_wconf 79' lang='grc' dir='ltr'><strong>μὲν</strong></span> 
     </span>
    </p>
   </div>
   <div class='ocr_carea' id='block_1_65' title="bbox 407 3326 1978 3395">
    <p class='ocr_par' dir='ltr' id='par_1_65' title="bbox 407 3326 1978 3395">
     <span class='ocr_line' id='line_1_65' title="bbox 407 3326 1978 3395; baseline 0.001 -15"><span class='ocrx_word' id='word_1_481' title='bbox 407 3326 636 3380; x_wconf 88' lang='lat' dir='ltr'><strong>fulmina</strong></span> <span class='ocrx_word' id='word_1_482' title='bbox 663 3365 677 3389; x_wconf 91' lang='lat'><strong>,</strong></span> <span class='ocrx_word' id='word_1_483' title='bbox 711 3326 877 3394; x_wconf 87' lang='lat' dir='ltr'><strong>idque</strong></span> <span class='ocrx_word' id='word_1_484' title='bbox 931 3341 1045 3380; x_wconf 86' lang='lat' dir='ltr'><strong>non</strong></span> <span class='ocrx_word' id='word_1_485' title='bbox 1104 3326 1174 3380; x_wconf 88' lang='lat' dir='ltr'><strong>ob</strong></span> <span class='ocrx_word' id='word_1_486' title='bbox 1215 3328 1355 3382; x_wconf 91' lang='lat' dir='ltr'><strong>hanc</strong></span> <span class='ocrx_word' id='word_1_487' title='bbox 1408 3328 1673 3383; x_wconf 82' lang='lat' dir='ltr'><strong>duntaxat</strong></span> <span class='ocrx_word' id='word_1_488' title='bbox 1718 3343 1936 3383; x_wconf 82' lang='lat' dir='ltr'><strong>causam</strong></span> <span class='ocrx_word' id='word_1_489' title='bbox 1962 3369 1978 3395; x_wconf 93' lang='lat'><strong>,</strong></span> 
     </span>
    </p>
   </div>
   <div class='ocr_carea' id='block_1_66' title="bbox 406 3417 1981 3490">
    <p class='ocr_par' dir='ltr' id='par_1_66' title="bbox 406 3417 1981 3490">
     <span class='ocr_line' id='line_1_66' title="bbox 406 3417 1981 3490; baseline 0.004 -22"><span class='ocrx_word' id='word_1_490' title='bbox 406 3417 551 3484; x_wconf 82' lang='lat' dir='ltr'><strong>quod</strong></span> <span class='ocrx_word' id='word_1_491' title='bbox 592 3425 749 3486; x_wconf 88' lang='lat' dir='ltr'><strong>turpe</strong></span> <span class='ocrx_word' id='word_1_492' title='bbox 775 3431 881 3472; x_wconf 87' lang='lat' dir='ltr'><strong>non</strong></span> <span class='ocrx_word' id='word_1_493' title='bbox 918 3420 987 3472; x_wconf 82' lang='lat' dir='ltr'><strong>sit</strong></span> <span class='ocrx_word' id='word_1_494' title='bbox 1025 3418 1177 3473; x_wconf 86' lang='lat' dir='ltr'><strong>feriri</strong></span> <span class='ocrx_word' id='word_1_495' title='bbox 1211 3418 1459 3486; x_wconf 91' lang='lat' dir='ltr'><strong>fulmine,</strong></span> <span class='ocrx_word' id='word_1_496' title='bbox 1492 3429 1656 3490; x_wconf 88' lang='lat' dir='ltr'><strong>atque</strong></span> <span class='ocrx_word' id='word_1_497' title='bbox 1690 3420 1792 3475; x_wconf 89' lang='lat' dir='ltr'><strong>hoc</strong></span> <span class='ocrx_word' id='word_1_498' title='bbox 1820 3421 1981 3475; x_wconf 84' lang='lat' dir='ltr'><strong>modo</strong></span> 
     </span>
    </p>
   </div>
   <div class='ocr_carea' id='block_1_67' title="bbox 408 3508 1980 3581">
    <p class='ocr_par' dir='ltr' id='par_1_67' title="bbox 408 3508 1980 3581">
     <span class='ocr_line' id='line_1_67' title="bbox 408 3508 1980 3581; baseline 0.001 -20"><span class='ocrx_word' id='word_1_499' title='bbox 408 3508 690 3562; x_wconf 81' lang='lat' dir='ltr'><strong>mortalem</strong></span> <span class='ocrx_word' id='word_1_500' title='bbox 761 3508 926 3562; x_wconf 89' lang='lat' dir='ltr'><strong>vitam</strong></span> <span class='ocrx_word' id='word_1_501' title='bbox 986 3518 1327 3564; x_wconf 85' lang='lat' dir='ltr'><strong>commutare</strong></span> <span class='ocrx_word' id='word_1_502' title='bbox 1357 3510 1555 3580; x_wconf 84' lang='lat' dir='ltr'><strong>(neque</strong></span> <span class='ocrx_word' id='word_1_503' title='bbox 1588 3512 1732 3565; x_wconf 90' lang='lat' dir='ltr'><strong>enim</strong></span> <span class='ocrx_word' id='word_1_504' title='bbox 1769 3511 1871 3564; x_wconf 90' lang='lat' dir='ltr'><strong>hoc</strong></span> <span class='ocrx_word' id='word_1_505' title='bbox 1895 3513 1980 3581; x_wconf 88' lang='lat' dir='ltr'><strong>ip-</strong></span> 
     </span>
    </p>
   </div>
   <div class='ocr_carea' id='block_1_68' title="bbox 406 3600 1982 3669">
    <p class='ocr_par' dir='ltr' id='par_1_68' title="bbox 406 3600 1982 3669">
     <span class='ocr_line' id='line_1_68' title="bbox 406 3600 1982 3669; baseline 0.003 -18"><span class='ocrx_word' id='word_1_506' title='bbox 406 3613 528 3651; x_wconf 90' lang='lat' dir='ltr'><strong>sum</strong></span> <span class='ocrx_word' id='word_1_507' title='bbox 583 3601 748 3654; x_wconf 91' lang='lat' dir='ltr'><strong>etiam</strong></span> <span class='ocrx_word' id='word_1_508' title='bbox 787 3600 841 3653; x_wconf 89' lang='lat' dir='ltr'><strong>in</strong></span> <span class='ocrx_word' id='word_1_509' title='bbox 885 3609 1070 3655; x_wconf 85' lang='lat' dir='ltr'><strong>nostra</strong></span> <span class='ocrx_word' id='word_1_510' title='bbox 1108 3600 1271 3654; x_wconf 86' lang='lat' dir='ltr'><strong>silum</strong></span> <span class='ocrx_word' id='word_1_511' title='bbox 1332 3611 1412 3653; x_wconf 83' lang='lat' dir='ltr'><strong>est</strong></span> <span class='ocrx_word' id='word_1_512' title='bbox 1457 3608 1753 3669; x_wconf 88' lang='lat' dir='ltr'><strong>potestate,</strong></span> <span class='ocrx_word' id='word_1_513' title='bbox 1791 3610 1849 3653; x_wconf 93' lang='lat' dir='ltr'><strong>ut</strong></span> <span class='ocrx_word' id='word_1_514' title='bbox 1902 3601 1982 3655; x_wconf 85' lang='lat' dir='ltr'><strong>sic</strong></span> 
     </span>
    </p>
   </div>
   <div class='ocr_carea' id='block_1_69' title="bbox 408 3677 1978 3759">
    <p class='ocr_par' dir='ltr' id='par_1_69' title="bbox 408 3677 1978 3759">
     <span class='ocr_line' id='line_1_69' title="bbox 408 3677 1978 3759; baseline 0.004 -18"><span class='ocrx_word' id='word_1_515' title='bbox 408 3677 568 3743; x_wconf 84' lang='lat' dir='ltr'><strong>nobis</strong></span> <span class='ocrx_word' id='word_1_516' title='bbox 620 3690 703 3745; x_wconf 87' lang='lat' dir='ltr'><strong>vel</strong></span> <span class='ocrx_word' id='word_1_517' title='bbox 760 3689 907 3744; x_wconf 88' lang='lat' dir='ltr'><strong>laudi</strong></span> <span class='ocrx_word' id='word_1_518' title='bbox 948 3690 1035 3743; x_wconf 90' lang='lat' dir='ltr'><strong>vel</strong></span> <span class='ocrx_word' id='word_1_519' title='bbox 1072 3689 1200 3742; x_wconf 90' lang='lat' dir='ltr'><strong>vitio</strong></span> <span class='ocrx_word' id='word_1_520' title='bbox 1246 3689 1407 3743; x_wconf 88' lang='lat' dir='ltr'><strong>tribui</strong></span> <span class='ocrx_word' id='word_1_521' title='bbox 1442 3690 1663 3759; x_wconf 87' lang='lat' dir='ltr'><strong>possit),</strong></span> <span class='ocrx_word' id='word_1_522' title='bbox 1695 3692 1787 3746; x_wconf 86' lang='lat' dir='ltr'><strong>sed</strong></span> <span class='ocrx_word' id='word_1_523' title='bbox 1816 3693 1978 3747; x_wconf 82' lang='lat' dir='ltr'><strong>etiam</strong></span> 
     </span>
    </p>
   </div>
   <div class='ocr_carea' id='block_1_70' title="bbox 405 3779 1982 3851">
    <p class='ocr_par' dir='ltr' id='par_1_70' title="bbox 405 3779 1982 3851">
     <span class='ocr_line' id='line_1_70' title="bbox 405 3779 1982 3851; baseline 0.005 -19"><span class='ocrx_word' id='word_1_524' title='bbox 405 3779 551 3845; x_wconf 89' lang='lat' dir='ltr'><strong>quod</strong></span> <span class='ocrx_word' id='word_1_525' title='bbox 601 3781 716 3835; x_wconf 70' lang='lat' dir='ltr'><strong>haec</strong></span> <span class='ocrx_word' id='word_1_526' title='bbox 768 3781 885 3851; x_wconf 86' lang='lat' dir='ltr'><strong>ipsa</strong></span> <span class='ocrx_word' id='word_1_527' title='bbox 916 3795 1003 3835; x_wconf 88' lang='lat' dir='ltr'><strong>res</strong></span> <span class='ocrx_word' id='word_1_528' title='bbox 1052 3780 1270 3847; x_wconf 90' lang='lat' dir='ltr'><strong>quidem</strong></span> <span class='ocrx_word' id='word_1_529' title='bbox 1326 3796 1388 3835; x_wconf 83' lang='lat' dir='ltr'><strong>ex</strong></span> <span class='ocrx_word' id='word_1_530' title='bbox 1445 3782 1659 3836; x_wconf 83' lang='lat' dir='ltr'><strong>illarum</strong></span> <span class='ocrx_word' id='word_1_531' title='bbox 1700 3800 1880 3838; x_wconf 87' lang='lat' dir='ltr'><strong>rerum</strong></span> <span class='ocrx_word' id='word_1_532' title='bbox 1912 3786 1982 3840; x_wconf 91' lang='lat' dir='ltr'><strong>sit</strong></span> 
     </span>
    </p>
   </div>
   <div class='ocr_carea' id='block_1_71' title="bbox 405 3872 1979 3945">
    <p class='ocr_par' dir='ltr' id='par_1_71' title="bbox 405 3872 1979 3945">
     <span class='ocr_line' id='line_1_71' title="bbox 405 3872 1979 3945; baseline 0.004 -21"><span class='ocrx_word' id='word_1_533' title='bbox 405 3886 658 3937; x_wconf 85' lang='lat' dir='ltr'><strong>numero,</strong></span> <span class='ocrx_word' id='word_1_534' title='bbox 716 3887 837 3941; x_wconf 68' lang='lat' dir='ltr'><strong>quae</strong></span> <span class='ocrx_word' id='word_1_535' title='bbox 888 3872 1169 3927; x_wconf 79' lang='lat' dir='ltr'><strong>rarissime</strong></span> <span class='ocrx_word' id='word_1_536' title='bbox 1218 3875 1562 3943; x_wconf 80' lang='lat' dir='ltr'><strong>contingunt,</strong></span> <span class='ocrx_word' id='word_1_537' title='bbox 1621 3890 1743 3945; x_wconf 71' lang='lat' dir='ltr'><strong>qua:</strong></span> <span class='ocrx_word' id='word_1_538' title='bbox 1798 3888 1979 3931; x_wconf 86' lang='lat' dir='ltr'><strong>autem</strong></span> 
     </span>
    </p>
   </div>
   <div class='ocr_carea' id='block_1_72' title="bbox 405 3960 1981 4036">
    <p class='ocr_par' dir='ltr' id='par_1_72' title="bbox 405 3960 1981 4036">
     <span class='ocr_line' id='line_1_72' title="bbox 405 3960 1981 4036; baseline 0.007 -25"><span class='ocrx_word' id='word_1_539' title='bbox 405 3960 673 4029; x_wconf 82' lang='lat' dir='ltr'><strong>ejusmodi</strong></span> <span class='ocrx_word' id='word_1_540' title='bbox 714 3971 862 4026; x_wconf 91' lang='lat' dir='ltr'><strong>sunt,</strong></span> <span class='ocrx_word' id='word_1_541' title='bbox 903 3970 1162 4017; x_wconf 75' lang='lat' dir='ltr'><strong>extremae</strong></span> <span class='ocrx_word' id='word_1_542' title='bbox 1209 3971 1337 4017; x_wconf 82' lang='lat' dir='ltr'><strong>sunt</strong></span> <span class='ocrx_word' id='word_1_543' title='bbox 1365 3964 1605 4020; x_wconf 67' lang='lat' dir='ltr'><strong>stultitiae</strong></span> <span class='ocrx_word' id='word_1_544' title='bbox 1630 3965 1720 4020; x_wconf 85' lang='lat' dir='ltr'><strong>illa</strong></span> <span class='ocrx_word' id='word_1_545' title='bbox 1752 3982 1981 4036; x_wconf 77' lang='lat' dir='ltr'><strong>exspec-</strong></span> 
     </span>
    </p>
   </div>
   <div class='ocr_carea' id='block_1_73' title="bbox 404 4053 1980 4129">
    <p class='ocr_par' dir='ltr' id='par_1_73' title="bbox 404 4053 1980 4129">
     <span class='ocr_line' id='line_1_73' title="bbox 404 4053 1980 4129; baseline 0.004 -23"><span class='ocrx_word' id='word_1_546' title='bbox 404 4062 520 4106; x_wconf 87' lang='lat' dir='ltr'><strong>tare</strong></span> <span class='ocrx_word' id='word_1_547' title='bbox 551 4061 605 4107; x_wconf 93' lang='lat' dir='ltr'><strong>et</strong></span> <span class='ocrx_word' id='word_1_548' title='bbox 632 4063 778 4107; x_wconf 86' lang='lat' dir='ltr'><strong>metu</strong></span> <span class='ocrx_word' id='word_1_549' title='bbox 837 4053 1058 4107; x_wconf 92' lang='lat' dir='ltr'><strong>illorum</strong></span> <span class='ocrx_word' id='word_1_550' title='bbox 1094 4054 1308 4119; x_wconf 89' lang='lat' dir='ltr'><strong>terreri,</strong></span> <span class='ocrx_word' id='word_1_551' title='bbox 1360 4056 1561 4112; x_wconf 84' lang='lat' dir='ltr'><strong>deinde</strong></span> <span class='ocrx_word' id='word_1_552' title='bbox 1604 4057 1748 4125; x_wconf 90' lang='lat' dir='ltr'><strong>quod</strong></span> <span class='ocrx_word' id='word_1_553' title='bbox 1782 4058 1980 4129; x_wconf 87' lang='lat' dir='ltr'><strong>aliquis</strong></span> 
     </span>
    </p>
   </div>
   <div class='ocr_carea' id='block_1_74' title="bbox 405 4142 1979 4220">
    <p class='ocr_par' dir='ltr' id='par_1_74' title="bbox 405 4142 1979 4220">
     <span class='ocr_line' id='line_1_74' title="bbox 405 4142 1979 4220; baseline 0.006 -25"><span class='ocrx_word' id='word_1_554' title='bbox 405 4142 708 4198; x_wconf 85' lang='lat' dir='ltr'><strong>formidans</strong></span> <span class='ocrx_word' id='word_1_555' title='bbox 732 4184 746 4209; x_wconf 89' lang='lat'><strong>,</strong></span> <span class='ocrx_word' id='word_1_556' title='bbox 782 4159 887 4198; x_wconf 91' lang='lat' dir='ltr'><strong>non</strong></span> <span class='ocrx_word' id='word_1_557' title='bbox 925 4146 1097 4216; x_wconf 83' lang='lat' dir='ltr'><strong>magis</strong></span> <span class='ocrx_word' id='word_1_558' title='bbox 1153 4146 1421 4201; x_wconf 84' lang='lat' dir='ltr'><strong>liberatur</strong></span> <span class='ocrx_word' id='word_1_559' title='bbox 1475 4163 1637 4218; x_wconf 90' lang='lat' dir='ltr'><strong>quam</strong></span> <span class='ocrx_word' id='word_1_560' title='bbox 1676 4150 1721 4204; x_wconf 91' lang='lat' dir='ltr'><strong>is</strong></span> <span class='ocrx_word' id='word_1_561' title='bbox 1751 4150 1841 4220; x_wconf 90' lang='lat' dir='ltr'><strong>qui</strong></span> <span class='ocrx_word' id='word_1_562' title='bbox 1875 4166 1979 4206; x_wconf 88' lang='lat' dir='ltr'><strong>non</strong></span> 
     </span>
    </p>
   </div>
   <div class='ocr_carea' id='block_1_75' title="bbox 404 4232 1983 4307">
    <p class='ocr_par' dir='ltr' id='par_1_75' title="bbox 404 4232 1983 4307">
     <span class='ocr_line' id='line_1_75' title="bbox 404 4232 1983 4307; baseline 0.005 -20"><span class='ocrx_word' id='word_1_563' title='bbox 404 4232 684 4290; x_wconf 81' lang='lat' dir='ltr'><strong>formidat.</strong></span> <span class='ocrx_word' id='word_1_564' title='bbox 706 4234 879 4304; x_wconf 84' lang='lat' dir='ltr'><strong>Atque</strong></span> <span class='ocrx_word' id='word_1_565' title='bbox 898 4234 1244 4306; x_wconf 74' lang='lat' dir='ltr'><strong>ingruentem</strong></span> <span class='ocrx_word' id='word_1_566' title='bbox 1277 4236 1497 4306; x_wconf 87' lang='lat' dir='ltr'><strong>quidem</strong></span> <span class='ocrx_word' id='word_1_567' title='bbox 1522 4238 1612 4307; x_wconf 91' lang='lat' dir='ltr'><strong>qui</strong></span> <span class='ocrx_word' id='word_1_568' title='bbox 1640 4240 1832 4293; x_wconf 87' lang='lat' dir='ltr'><strong>metuit</strong></span> <span class='ocrx_word' id='word_1_569' title='bbox 1849 4251 1983 4296; x_wconf 86' lang='lat' dir='ltr'><strong>tetu-</strong></span> 
     </span>
    </p>
   </div>
   <div class='ocr_carea' id='block_1_76' title="bbox 401 4328 1982 4402">
    <p class='ocr_par' dir='ltr' id='par_1_76' title="bbox 401 4328 1982 4402">
     <span class='ocr_line' id='line_1_76' title="bbox 401 4328 1982 4402; baseline 0.004 -22"><span class='ocrx_word' id='word_1_570' title='bbox 401 4336 665 4398; x_wconf 87' lang='lat' dir='ltr'><strong>pestatem</strong></span> <span class='ocrx_word' id='word_1_571' title='bbox 697 4334 752 4381; x_wconf 90' lang='lat' dir='ltr'><strong>et</strong></span> <span class='ocrx_word' id='word_1_572' title='bbox 785 4328 1040 4392; x_wconf 85' lang='lat' dir='ltr'><strong>hiemem,</strong></span> <span class='ocrx_word' id='word_1_573' title='bbox 1078 4328 1124 4382; x_wconf 95' lang='lat' dir='ltr'><strong>is</strong></span> <span class='ocrx_word' id='word_1_574' title='bbox 1172 4328 1412 4397; x_wconf 85' lang='lat' dir='ltr'><strong>seipsum</strong></span> <span class='ocrx_word' id='word_1_575' title='bbox 1450 4329 1713 4385; x_wconf 82' lang='lat' dir='ltr'><strong>adversus</strong></span> <span class='ocrx_word' id='word_1_576' title='bbox 1736 4330 1824 4385; x_wconf 82' lang='lat' dir='ltr'><strong>illa</strong></span> <span class='ocrx_word' id='word_1_577' title='bbox 1848 4348 1982 4402; x_wconf 89' lang='lat' dir='ltr'><strong>qna-</strong></span> 
     </span>
    </p>
   </div>
   <div class='ocr_carea' id='block_1_77' title="bbox 401 4419 1979 4492">
    <p class='ocr_par' dir='ltr' id='par_1_77' title="bbox 401 4419 1979 4492">
     <span class='ocr_line' id='line_1_77' title="bbox 401 4419 1979 4492; baseline 0.005 -22"><span class='ocrx_word' id='word_1_578' title='bbox 401 4419 525 4473; x_wconf 85' lang='lat' dir='ltr'><strong>dam</strong></span> <span class='ocrx_word' id='word_1_579' title='bbox 566 4419 776 4473; x_wconf 87' lang='lat' dir='ltr'><strong>ratione</strong></span> <span class='ocrx_word' id='word_1_580' title='bbox 806 4419 1023 4473; x_wconf 88' lang='lat' dir='ltr'><strong>munire</strong></span> <span class='ocrx_word' id='word_1_581' title='bbox 1052 4428 1253 4488; x_wconf 89' lang='lat' dir='ltr'><strong>potest,</strong></span> <span class='ocrx_word' id='word_1_582' title='bbox 1283 4430 1338 4474; x_wconf 91' lang='lat' dir='ltr'><strong>et</strong></span> <span class='ocrx_word' id='word_1_583' title='bbox 1359 4422 1449 4491; x_wconf 93' lang='lat' dir='ltr'><strong>qui</strong></span> <span class='ocrx_word' id='word_1_584' title='bbox 1487 4421 1714 4476; x_wconf 85' lang='lat' dir='ltr'><strong>bestiam</strong></span> <span class='ocrx_word' id='word_1_585' title='bbox 1742 4423 1979 4492; x_wconf 81' lang='lat' dir='ltr'><strong>aliquam</strong></span> 
     </span>
    </p>
   </div>
   <div class='ocr_carea' id='block_1_78' title="bbox 399 4507 1977 4579">
    <p class='ocr_par' dir='ltr' id='par_1_78' title="bbox 399 4507 1977 4579">
     <span class='ocr_line' id='line_1_78' title="bbox 399 4507 1977 4579; baseline 0.002 -16"><span class='ocrx_word' id='word_1_586' title='bbox 399 4508 732 4579; x_wconf 88' lang='lat' dir='ltr'><strong>pertimescit</strong></span> <span class='ocrx_word' id='word_1_587' title='bbox 769 4546 786 4570; x_wconf 87' lang='lat'><strong>,</strong></span> <span class='ocrx_word' id='word_1_588' title='bbox 844 4507 1033 4562; x_wconf 90' lang='lat' dir='ltr'><strong>tuendi</strong></span> <span class='ocrx_word' id='word_1_589' title='bbox 1094 4508 1333 4563; x_wconf 81' lang='lat' dir='ltr'><strong>fortasse</strong></span> <span class='ocrx_word' id='word_1_590' title='bbox 1395 4510 1636 4579; x_wconf 81' lang='lat' dir='ltr'><strong>scipsum</strong></span> <span class='ocrx_word' id='word_1_591' title='bbox 1672 4512 1977 4568; x_wconf 87' lang='lat' dir='ltr'><strong>facultatem</strong></span> 
     </span>
    </p>
   </div>
   <div class='ocr_carea' id='block_1_79' title="bbox 402 4598 1979 4669">
    <p class='ocr_par' dir='ltr' id='par_1_79' title="bbox 402 4598 1979 4669">
     <span class='ocr_line' id='line_1_79' title="bbox 402 4598 1979 4669; baseline 0.002 -13"><span class='ocrx_word' id='word_1_592' title='bbox 402 4601 587 4656; x_wconf 85' lang='lat' dir='ltr'><strong>habet.</strong></span> <span class='ocrx_word' id='word_1_593' title='bbox 634 4606 701 4654; x_wconf 79' lang='lat' dir='ltr'><strong>At</strong></span> <span class='ocrx_word' id='word_1_594' title='bbox 751 4615 913 4669; x_wconf 91' lang='lat' dir='ltr'><strong>quem</strong></span> <span class='ocrx_word' id='word_1_595' title='bbox 948 4598 1152 4653; x_wconf 89' lang='lat' dir='ltr'><strong>fulmen</strong></span> <span class='ocrx_word' id='word_1_596' title='bbox 1184 4608 1371 4665; x_wconf 89' lang='lat' dir='ltr'><strong>terret,</strong></span> <span class='ocrx_word' id='word_1_597' title='bbox 1402 4601 1449 4655; x_wconf 91' lang='lat' dir='ltr'><strong>is</strong></span> <span class='ocrx_word' id='word_1_598' title='bbox 1487 4601 1712 4658; x_wconf 89' lang='lat' dir='ltr'><strong>omnino</strong></span> <span class='ocrx_word' id='word_1_599' title='bbox 1760 4604 1979 4660; x_wconf 80' lang='lat' dir='ltr'><strong>firmare</strong></span> 
     </span>
    </p>
   </div>
   <div class='ocr_carea' id='block_1_80' title="bbox 400 4689 1975 4761">
    <p class='ocr_par' dir='ltr' id='par_1_80' title="bbox 400 4689 1975 4761">
     <span class='ocr_line' id='line_1_80' title="bbox 400 4689 1975 4761; baseline 0.002 -14"><span class='ocrx_word' id='word_1_600' title='bbox 400 4691 656 4757; x_wconf 84' lang='lat' dir='ltr'><strong>afficitur,</strong></span> <span class='ocrx_word' id='word_1_601' title='bbox 686 4705 795 4761; x_wconf 90' lang='lat' dir='ltr'><strong>quo</strong></span> <span class='ocrx_word' id='word_1_602' title='bbox 844 4706 1071 4760; x_wconf 88' lang='lat' dir='ltr'><strong>prorsus</strong></span> <span class='ocrx_word' id='word_1_603' title='bbox 1127 4689 1264 4746; x_wconf 83' lang='lat' dir='ltr'><strong>allici</strong></span> <span class='ocrx_word' id='word_1_604' title='bbox 1296 4706 1400 4746; x_wconf 91' lang='lat' dir='ltr'><strong>non</strong></span> <span class='ocrx_word' id='word_1_605' title='bbox 1431 4692 1671 4750; x_wconf 84' lang='lat' dir='ltr'><strong>deberet.</strong></span> <span class='ocrx_word' id='word_1_606' title='bbox 1708 4697 1975 4751; x_wconf 66' lang='lat' dir='ltr'><strong>Praterea</strong></span> 
     </span>
    </p>
   </div>
   <div class='ocr_carea' id='block_1_81' title="bbox 402 4782 1973 4855">
    <p class='ocr_par' dir='ltr' id='par_1_81' title="bbox 402 4782 1973 4855">
     <span class='ocr_line' id='line_1_81' title="bbox 402 4782 1973 4855; baseline 0.004 -18"><span class='ocrx_word' id='word_1_607' title='bbox 402 4782 539 4838; x_wconf 91' lang='lat' dir='ltr'><strong>illud</strong></span> <span class='ocrx_word' id='word_1_608' title='bbox 575 4797 796 4852; x_wconf 80' lang='lat' dir='ltr'><strong>quoque</strong></span> <span class='ocrx_word' id='word_1_609' title='bbox 836 4782 1052 4836; x_wconf 89' lang='lat' dir='ltr'><strong>silentio</strong></span> <span class='ocrx_word' id='word_1_610' title='bbox 1098 4783 1378 4851; x_wconf 70' lang='lat' dir='ltr'><strong>praeterire</strong></span> <span class='ocrx_word' id='word_1_611' title='bbox 1406 4800 1513 4839; x_wconf 92' lang='lat' dir='ltr'><strong>non</strong></span> <span class='ocrx_word' id='word_1_612' title='bbox 1570 4787 1973 4855; x_wconf 77' lang='lat' dir='ltr'><strong>possum.Cum</strong></span> 
     </span>
    </p>
   </div>
   <div class='ocr_carea' id='block_1_82' title="bbox 402 4874 1972 4946">
    <p class='ocr_par' dir='ltr' id='par_1_82' title="bbox 402 4874 1972 4946">
     <span class='ocr_line' id='line_1_82' title="bbox 402 4874 1972 4946; baseline 0.003 -15"><span class='ocrx_word' id='word_1_613' title='bbox 402 4874 605 4931; x_wconf 85' lang='lat' dir='ltr'><strong>bonum</strong></span> <span class='ocrx_word' id='word_1_614' title='bbox 641 4883 694 4929; x_wconf 92' lang='lat' dir='ltr'><strong>et</strong></span> <span class='ocrx_word' id='word_1_615' title='bbox 722 4874 1027 4943; x_wconf 86' lang='lat' dir='ltr'><strong>sapientem</strong></span> <span class='ocrx_word' id='word_1_616' title='bbox 1055 4874 1229 4928; x_wconf 91' lang='lat' dir='ltr'><strong>virum</strong></span> <span class='ocrx_word' id='word_1_617' title='bbox 1267 4877 1557 4931; x_wconf 84' lang='lat' dir='ltr'><strong>contrariis</strong></span> <span class='ocrx_word' id='word_1_618' title='bbox 1594 4877 1786 4946; x_wconf 79' lang='lat' dir='ltr'><strong>agitari</strong></span> <span class='ocrx_word' id='word_1_619' title='bbox 1808 4879 1972 4935; x_wconf 87' lang='lat' dir='ltr'><strong>animi</strong></span> 
     </span>
    </p>
   </div>
   <div class='ocr_carea' id='block_1_83' title="bbox 400 4965 1973 5036">
    <p class='ocr_par' dir='ltr' id='par_1_83' title="bbox 400 4965 1973 5036">
     <span class='ocr_line' id='line_1_83' title="bbox 400 4965 1973 5036; baseline 0.004 -16"><span class='ocrx_word' id='word_1_620' title='bbox 400 4966 784 5021; x_wconf 71' lang='lat' dir='ltr'><strong>affectionibus</strong></span> <span class='ocrx_word' id='word_1_621' title='bbox 816 4965 950 5020; x_wconf 87' lang='lat' dir='ltr'><strong>nib&#39;l</strong></span> <span class='ocrx_word' id='word_1_622' title='bbox 980 4965 1286 5036; x_wconf 89' lang='lat' dir='ltr'><strong>prohibeat,</strong></span> <span class='ocrx_word' id='word_1_623' title='bbox 1311 4967 1437 5022; x_wconf 89' lang='lat' dir='ltr'><strong>dum</strong></span> <span class='ocrx_word' id='word_1_624' title='bbox 1459 4968 1781 5036; x_wconf 84' lang='lat' dir='ltr'><strong>liditmodo,</strong></span> <span class='ocrx_word' id='word_1_625' title='bbox 1812 4973 1973 5027; x_wconf 79' lang='lat' dir='ltr'><strong>modo</strong></span> 
     </span>
    </p>
   </div>
   <div class='ocr_carea' id='block_1_84' title="bbox 398 5060 1970 5135">
    <p class='ocr_par' dir='ltr' id='par_1_84' title="bbox 398 5060 1970 5135">
     <span class='ocr_line' id='line_1_84' title="bbox 398 5060 1970 5135; baseline 0.003 -19"><span class='ocrx_word' id='word_1_626' title='bbox 398 5061 613 5123; x_wconf 88' lang='lat' dir='ltr'><strong>metuit,</strong></span> <span class='ocrx_word' id='word_1_627' title='bbox 649 5060 776 5115; x_wconf 91' lang='lat' dir='ltr'><strong>dum</strong></span> <span class='ocrx_word' id='word_1_628' title='bbox 811 5061 962 5130; x_wconf 90' lang='lat' dir='ltr'><strong>cupit</strong></span> <span class='ocrx_word' id='word_1_629' title='bbox 986 5060 1148 5114; x_wconf 89' lang='lat' dir='ltr'><strong>modo</strong></span> <span class='ocrx_word' id='word_1_630' title='bbox 1174 5069 1229 5114; x_wconf 88' lang='lat' dir='ltr'><strong>et</strong></span> <span class='ocrx_word' id='word_1_631' title='bbox 1248 5076 1443 5116; x_wconf 86' lang='lat' dir='ltr'><strong>rursus</strong></span> <span class='ocrx_word' id='word_1_632' title='bbox 1479 5063 1806 5127; x_wconf 86' lang='lat' dir='ltr'><strong>contemnit,</strong></span> <span class='ocrx_word' id='word_1_633' title='bbox 1829 5065 1970 5135; x_wconf 87' lang='lat' dir='ltr'><strong>turpi</strong></span> 
     </span>
    </p>
   </div>
   <div class='ocr_carea' id='block_1_85' title="bbox 398 5152 1967 5223">
    <p class='ocr_par' dir='ltr' id='par_1_85' title="bbox 398 5152 1967 5223">
     <span class='ocr_line' id='line_1_85' title="bbox 398 5152 1967 5223; baseline 0.004 -16"><span class='ocrx_word' id='word_1_634' title='bbox 398 5161 579 5207; x_wconf 89' lang='lat' dir='ltr'><strong>tamen</strong></span> <span class='ocrx_word' id='word_1_635' title='bbox 615 5168 672 5208; x_wconf 88' lang='lat' dir='ltr'><strong>re</strong></span> <span class='ocrx_word' id='word_1_636' title='bbox 693 5163 880 5209; x_wconf 90' lang='lat' dir='ltr'><strong>etnon</strong></span> <span class='ocrx_word' id='word_1_637' title='bbox 915 5152 1080 5223; x_wconf 86' lang='lat' dir='ltr'><strong>turpi,</strong></span> <span class='ocrx_word' id='word_1_638' title='bbox 1113 5153 1242 5209; x_wconf 87' lang='lat' dir='ltr'><strong>item</strong></span> <span class='ocrx_word' id='word_1_639' title='bbox 1274 5154 1415 5208; x_wconf 87' lang='lat' dir='ltr'><strong>bona</strong></span> <span class='ocrx_word' id='word_1_640' title='bbox 1447 5162 1499 5208; x_wconf 90' lang='lat' dir='ltr'><strong>et</strong></span> <span class='ocrx_word' id='word_1_641' title='bbox 1533 5170 1640 5209; x_wconf 85' lang='lat' dir='ltr'><strong>non</strong></span> <span class='ocrx_word' id='word_1_642' title='bbox 1681 5156 1846 5223; x_wconf 79' lang='lat' dir='ltr'><strong>bona,</strong></span> <span class='ocrx_word' id='word_1_643' title='bbox 1879 5158 1967 5213; x_wconf 83' lang='lat' dir='ltr'><strong>illa</strong></span> 
     </span>
    </p>
   </div>
   <div class='ocr_carea' id='block_1_86' title="bbox 394 5243 1973 5319">
    <p class='ocr_par' dir='ltr' id='par_1_86' title="bbox 394 5243 1973 5319">
     <span class='ocr_line' id='line_1_86' title="bbox 394 5243 1973 5319; baseline 0.004 -22"><span class='ocrx_word' id='word_1_644' title='bbox 394 5243 579 5298; x_wconf 88' lang='lat' dir='ltr'><strong>omnia</strong></span> <span class='ocrx_word' id='word_1_645' title='bbox 613 5245 955 5310; x_wconf 82' lang='lat' dir='ltr'><strong>metientem,</strong></span> <span class='ocrx_word' id='word_1_646' title='bbox 986 5260 1048 5299; x_wconf 88' lang='lat' dir='ltr'><strong>ex</strong></span> <span class='ocrx_word' id='word_1_647' title='bbox 1073 5245 1177 5299; x_wconf 92' lang='lat' dir='ltr'><strong>hoc</strong></span> <span class='ocrx_word' id='word_1_648' title='bbox 1218 5255 1498 5314; x_wconf 88' lang='lat' dir='ltr'><strong>sequetur,</strong></span> <span class='ocrx_word' id='word_1_649' title='bbox 1532 5250 1697 5301; x_wconf 88' lang='lat' dir='ltr'><strong>etiam</strong></span> <span class='ocrx_word' id='word_1_650' title='bbox 1721 5264 1847 5303; x_wconf 91' lang='lat' dir='ltr'><strong>eum</strong></span> <span class='ocrx_word' id='word_1_651' title='bbox 1877 5251 1973 5319; x_wconf 87' lang='lat' dir='ltr'><strong>qui</strong></span> 
     </span>
    </p>
   </div>
   <div class='ocr_carea' id='block_1_87' title="bbox 396 5333 1972 5405">
    <p class='ocr_par' dir='ltr' id='par_1_87' title="bbox 396 5333 1972 5405">
     <span class='ocr_line' id='line_1_87' title="bbox 396 5333 1972 5405; baseline 0.006 -19"><span class='ocrx_word' id='word_1_652' title='bbox 396 5333 509 5388; x_wconf 64' lang='lat' dir='ltr'><strong>bare</strong></span> <span class='ocrx_word' id='word_1_653' title='bbox 541 5334 722 5388; x_wconf 90' lang='lat' dir='ltr'><strong>omnia</strong></span> <span class='ocrx_word' id='word_1_654' title='bbox 752 5336 1025 5389; x_wconf 87' lang='lat' dir='ltr'><strong>contraria</strong></span> <span class='ocrx_word' id='word_1_655' title='bbox 1057 5334 1206 5401; x_wconf 91' lang='lat' dir='ltr'><strong>facit,</strong></span> <span class='ocrx_word' id='word_1_656' title='bbox 1234 5337 1438 5405; x_wconf 86' lang='lat' dir='ltr'><strong>quique</strong></span> <span class='ocrx_word' id='word_1_657' title='bbox 1461 5337 1532 5391; x_wconf 91' lang='lat' dir='ltr'><strong>sit</strong></span> <span class='ocrx_word' id='word_1_658' title='bbox 1562 5338 1972 5405; x_wconf 85' lang='lat' dir='ltr'><strong>vitiosissimus,</strong></span> 
     </span>
    </p>
   </div>
   <div class='ocr_carea' id='block_1_88' title="bbox 396 5423 1970 5500">
    <p class='ocr_par' dir='ltr' id='par_1_88' title="bbox 396 5423 1970 5500">
     <span class='ocr_line' id='line_1_88' title="bbox 396 5423 1970 5500; baseline 0.007 -25"><span class='ocrx_word' id='word_1_659' title='bbox 396 5423 753 5479; x_wconf 83' lang='lat' dir='ltr'><strong>nihilominus</strong></span> <span class='ocrx_word' id='word_1_660' title='bbox 807 5426 862 5479; x_wconf 91' lang='lat' dir='ltr'><strong>in</strong></span> <span class='ocrx_word' id='word_1_661' title='bbox 896 5426 1274 5481; x_wconf 89' lang='lat' dir='ltr'><strong>mediocritate</strong></span> <span class='ocrx_word' id='word_1_662' title='bbox 1328 5428 1562 5497; x_wconf 87' lang='lat' dir='ltr'><strong>quadam</strong></span> <span class='ocrx_word' id='word_1_663' title='bbox 1597 5431 1759 5484; x_wconf 88' lang='lat' dir='ltr'><strong>etiam</strong></span> <span class='ocrx_word' id='word_1_664' title='bbox 1794 5432 1970 5500; x_wconf 89' lang='lat' dir='ltr'><strong>ipsum</strong></span> 
     </span>
    </p>
   </div>
   <div class='ocr_carea' id='block_1_89' title="bbox 2083 3333 3656 3404">
    <p class='ocr_par' dir='ltr' id='par_1_89' title="bbox 2083 3333 3656 3404">
     <span class='ocr_line' id='line_1_89' title="bbox 2083 3333 3656 3404; baseline 0.002 -18"><span class='ocrx_word' id='word_1_665' title='bbox 2083 3334 2191 3386; x_wconf 83' lang='grc' dir='ltr'><strong>τῶν</strong></span> <span class='ocrx_word' id='word_1_666' title='bbox 2222 3349 2277 3386; x_wconf 86' lang='grc' dir='ltr'><strong>τι</strong></span> <span class='ocrx_word' id='word_1_667' title='bbox 2330 3333 2418 3385; x_wconf 72' lang='grc' dir='ltr'><strong>ἐπ’</strong></span> <span class='ocrx_word' id='word_1_668' title='bbox 2474 3334 2736 3404; x_wconf 78' lang='grc' dir='ltr'><strong>ἐλάχιστα</strong></span> <span class='ocrx_word' id='word_1_669' title='bbox 2798 3334 3206 3404; x_wconf 78' lang='grc' dir='ltr'><strong>συμϐαινόντων</strong></span> <span class='ocrx_word' id='word_1_670' title='bbox 3259 3335 3409 3387; x_wconf 83' lang='grc' dir='ltr'><strong>είσί·</strong></span> <span class='ocrx_word' id='word_1_671' title='bbox 3467 3336 3539 3388; x_wconf 64' lang='grc' dir='ltr'><strong>τὰ</strong></span> <span class='ocrx_word' id='word_1_672' title='bbox 3598 3337 3656 3389; x_wconf 67' lang='grc' dir='ltr'><strong>δὲ</strong></span> 
     </span>
    </p>
   </div>
   <div class='ocr_carea' id='block_1_90' title="bbox 2083 3424 3661 3495">
    <p class='ocr_par' dir='ltr' id='par_1_90' title="bbox 2083 3424 3661 3495">
     <span class='ocr_line' id='line_1_90' title="bbox 2083 3424 3661 3495; baseline 0.002 -18"><span class='ocrx_word' id='word_1_673' title='bbox 2083 3425 2305 3477; x_wconf 87' lang='grc' dir='ltr'><strong>τοιαῦτα</strong></span> <span class='ocrx_word' id='word_1_674' title='bbox 2340 3424 2508 3494; x_wconf 79' lang='grc' dir='ltr'><strong>πολλὴ</strong></span> <span class='ocrx_word' id='word_1_675' title='bbox 2547 3426 2727 3495; x_wconf 77' lang='grc' dir='ltr'><strong>μωρία</strong></span> <span class='ocrx_word' id='word_1_676' title='bbox 2753 3425 3141 3495; x_wconf 80' lang='grc' dir='ltr'><strong>προσδοκῶντα</strong></span> <span class='ocrx_word' id='word_1_677' title='bbox 3191 3426 3438 3480; x_wconf 73' lang='grc' dir='ltr'><strong>δεδιέναι·</strong></span> <span class='ocrx_word' id='word_1_678' title='bbox 3483 3427 3661 3481; x_wconf 66' lang='grc' dir='ltr'><strong>ξιτεδ*</strong></span> 
     </span>
    </p>
   </div>
   <div class='ocr_carea' id='block_1_91' title="bbox 2082 3514 3659 3587">
    <p class='ocr_par' dir='ltr' id='par_1_91' title="bbox 2082 3514 3659 3587">
     <span class='ocr_line' id='line_1_91' title="bbox 2082 3514 3659 3587; baseline 0.001 -19"><span class='ocrx_word' id='word_1_679' title='bbox 2082 3515 2165 3569; x_wconf 81' lang='grc' dir='ltr'><strong>ὅτι</strong></span> <span class='ocrx_word' id='word_1_680' title='bbox 2214 3515 2339 3569; x_wconf 77' lang='grc' dir='ltr'><strong>οὐδὲ</strong></span> <span class='ocrx_word' id='word_1_681' title='bbox 2393 3514 2739 3587; x_wconf 76' lang='grc' dir='ltr'><strong>περιγίνεται</strong></span> <span class='ocrx_word' id='word_1_682' title='bbox 2792 3532 2879 3577; x_wconf 89' lang='grc' dir='ltr'><strong>τις</strong></span> <span class='ocrx_word' id='word_1_683' title='bbox 2925 3515 3115 3580; x_wconf 78' lang='grc' dir='ltr'><strong>δεδιὼς</strong></span> <span class='ocrx_word' id='word_1_684' title='bbox 3169 3520 3246 3587; x_wconf 80' lang='grc' dir='ltr'><strong>μὴ</strong></span> <span class='ocrx_word' id='word_1_685' title='bbox 3293 3515 3549 3570; x_wconf 73' lang='grc' dir='ltr'><strong>δεδιόσιν.</strong></span> <span class='ocrx_word' id='word_1_686' title='bbox 3597 3516 3659 3570; x_wconf 84' lang='lat'><strong>&#39;0</strong></span> 
     </span>
    </p>
   </div>
   <div class='ocr_carea' id='block_1_92' title="bbox 2085 3605 3657 3677">
    <p class='ocr_par' dir='ltr' id='par_1_92' title="bbox 2085 3605 3657 3677">
     <span class='ocr_line' id='line_1_92' title="bbox 2085 3605 3657 3677; baseline -0.001 -19"><span class='ocrx_word' id='word_1_687' title='bbox 2085 3606 2189 3675; x_wconf 77' lang='grc' dir='ltr'><strong>μὲν</strong></span> <span class='ocrx_word' id='word_1_688' title='bbox 2219 3606 2330 3677; x_wconf 78' lang='grc' dir='ltr'><strong>γὰρ</strong></span> <span class='ocrx_word' id='word_1_689' title='bbox 2364 3607 2607 3676; x_wconf 82' lang='grc' dir='ltr'><strong>χειμῶνα</strong></span> <span class='ocrx_word' id='word_1_690' title='bbox 2650 3605 2838 3668; x_wconf 84' lang='grc' dir='ltr'><strong>δεδιὼς</strong></span> <span class='ocrx_word' id='word_1_691' title='bbox 2891 3606 2994 3659; x_wconf 82' lang='grc' dir='ltr'><strong>κᾶν</strong></span> <span class='ocrx_word' id='word_1_692' title='bbox 3020 3606 3284 3677; x_wconf 80' lang='grc' dir='ltr'><strong>φράξαιτο</strong></span> <span class='ocrx_word' id='word_1_693' title='bbox 3309 3607 3447 3677; x_wconf 73' lang='grc' dir='ltr'><strong>πρὸς</strong></span> <span class='ocrx_word' id='word_1_694' title='bbox 3466 3609 3657 3673; x_wconf 71' lang='grc' dir='ltr'><strong>αὐτὸν,</strong></span> 
     </span>
    </p>
   </div>
   <div class='ocr_carea' id='block_1_93' title="bbox 2083 3702 3651 3773">
    <p class='ocr_par' dir='ltr' id='par_1_93' title="bbox 2083 3702 3651 3773">
     <span class='ocr_line' id='line_1_93' title="bbox 2083 3702 3651 3773; baseline 0.003 -20"><span class='ocrx_word' id='word_1_695' title='bbox 2083 3702 2175 3754; x_wconf 71' lang='grc' dir='ltr'><strong>καὶ</strong></span> <span class='ocrx_word' id='word_1_696' title='bbox 2206 3704 2232 3752; x_wconf 86' lang='lat'><strong>6</strong></span> <span class='ocrx_word' id='word_1_697' title='bbox 2266 3702 2478 3771; x_wconf 80' lang='grc' dir='ltr'><strong>θηρίον,</strong></span> <span class='ocrx_word' id='word_1_698' title='bbox 2497 3702 2600 3755; x_wconf 71' lang='grc' dir='ltr'><strong>κᾶν</strong></span> <span class='ocrx_word' id='word_1_699' title='bbox 2636 3702 3120 3770; x_wconf 69' lang='grc' dir='ltr'><strong>φυλάξαιτο.”Ωστ’</strong></span> <span class='ocrx_word' id='word_1_700' title='bbox 3144 3703 3210 3756; x_wconf 80' lang='grc' dir='ltr'><strong>ἂν</strong></span> <span class='ocrx_word' id='word_1_701' title='bbox 3241 3702 3423 3756; x_wconf 74' lang='grc' dir='ltr'><strong>πάντα</strong></span> <span class='ocrx_word' id='word_1_702' title='bbox 3443 3703 3651 3773; x_wconf 65' lang='grc' dir='ltr'><strong>τρόπον</strong></span> 
     </span>
    </p>
   </div>
   <div class='ocr_carea' id='block_1_94' title="bbox 2083 3792 3653 3867">
    <p class='ocr_par' dir='ltr' id='par_1_94' title="bbox 2083 3792 3653 3867">
     <span class='ocr_line' id='line_1_94' title="bbox 2083 3792 3653 3867; baseline 0.003 -20"><span class='ocrx_word' id='word_1_703' title='bbox 2083 3792 2410 3847; x_wconf 73' lang='grc' dir='ltr'><strong>ἁδεέστατον</strong></span> <span class='ocrx_word' id='word_1_704' title='bbox 2438 3794 2555 3857; x_wconf 77' lang='grc' dir='ltr'><strong>δέος</strong></span> <span class='ocrx_word' id='word_1_705' title='bbox 2594 3794 2813 3863; x_wconf 75' lang='grc' dir='ltr'><strong>φοεοῖτο</strong></span> <span class='ocrx_word' id='word_1_706' title='bbox 2837 3796 2866 3848; x_wconf 94' lang='grc' dir='ltr'><strong>ὀ</strong></span> <span class='ocrx_word' id='word_1_707' title='bbox 2908 3796 3152 3864; x_wconf 74' lang='grc' dir='ltr'><strong>σκηπτὸν</strong></span> <span class='ocrx_word' id='word_1_708' title='bbox 3184 3795 3395 3859; x_wconf 81' lang='grc' dir='ltr'><strong>δεδιώς.</strong></span> <span class='ocrx_word' id='word_1_709' title='bbox 3432 3797 3556 3850; x_wconf 78' lang='grc' dir='ltr'><strong>ἐτι</strong></span> <span class='ocrx_word' id='word_1_710' title='bbox 3586 3814 3653 3867; x_wconf 77' lang='grc' dir='ltr'><strong>γε</strong></span> 
     </span>
    </p>
   </div>
   <div class='ocr_carea' id='block_1_95' title="bbox 2086 3884 3662 3965">
    <p class='ocr_par' dir='ltr' id='par_1_95' title="bbox 2086 3884 3662 3965">
     <span class='ocr_line' id='line_1_95' title="bbox 2086 3884 3662 3965; baseline 0.004 -31"><span class='ocrx_word' id='word_1_711' title='bbox 2086 3884 2193 3956; x_wconf 81' lang='grc' dir='ltr'><strong>μὴν</strong></span> <span class='ocrx_word' id='word_1_712' title='bbox 2224 3887 2446 3938; x_wconf 76' lang='grc' dir='ltr'><strong>κάκεῖνο</strong></span> <span class='ocrx_word' id='word_1_713' title='bbox 2490 3885 2686 3956; x_wconf 75' lang='grc' dir='ltr'><strong>ῥητέον</strong></span> <span class='ocrx_word' id='word_1_714' title='bbox 2714 3902 2728 3917; x_wconf 91' lang='grc'><strong>·</strong></span> <span class='ocrx_word' id='word_1_715' title='bbox 2780 3886 2867 3938; x_wconf 73' lang='grc' dir='ltr'><strong>διὰ</strong></span> <span class='ocrx_word' id='word_1_716' title='bbox 2908 3886 2967 3939; x_wconf 83' lang='grc' dir='ltr'><strong>τδ</strong></span> <span class='ocrx_word' id='word_1_717' title='bbox 2994 3887 3331 3958; x_wconf 71' lang='grc' dir='ltr'><strong>ἀμφοτέροις</strong></span> <span class='ocrx_word' id='word_1_718' title='bbox 3362 3888 3662 3965; x_wconf 49' lang='lat' dir='ltr'><strong>ematale</strong></span> 
     </span>
    </p>
   </div>
   <div class='ocr_carea' id='block_1_96' title="bbox 2084 3975 3657 4051">
    <p class='ocr_par' dir='ltr' id='par_1_96' title="bbox 2084 3975 3657 4051">
     <span class='ocr_line' id='line_1_96' title="bbox 2084 3975 3657 4051; baseline 0.004 -22"><span class='ocrx_word' id='word_1_719' title='bbox 2084 3975 2327 4043; x_wconf 76' lang='grc' dir='ltr'><strong>κὰγαθὸν</strong></span> <span class='ocrx_word' id='word_1_720' title='bbox 2355 3977 2468 4039; x_wconf 87' lang='grc' dir='ltr'><strong>τοῖς</strong></span> <span class='ocrx_word' id='word_1_721' title='bbox 2506 3976 2774 4040; x_wconf 73' lang='grc' dir='ltr'><strong>ἐναντίοις</strong></span> <span class='ocrx_word' id='word_1_722' title='bbox 2807 3977 3005 4031; x_wconf 76' lang='grc' dir='ltr'><strong>πάθεσι</strong></span> <span class='ocrx_word' id='word_1_723' title='bbox 3050 3977 3309 4049; x_wconf 80' lang='grc' dir='ltr'><strong>χρῆσθαι.</strong></span> <span class='ocrx_word' id='word_1_724' title='bbox 3343 3979 3657 4051; x_wconf 73' lang='grc' dir='ltr'><strong>θαρροῦντα</strong></span> 
     </span>
    </p>
   </div>
   <div class='ocr_carea' id='block_1_97' title="bbox 2084 4068 3658 4141">
    <p class='ocr_par' dir='ltr' id='par_1_97' title="bbox 2084 4068 3658 4141">
     <span class='ocr_line' id='line_1_97' title="bbox 2084 4068 3658 4141; baseline 0.004 -20"><span class='ocrx_word' id='word_1_725' title='bbox 2084 4069 2316 4134; x_wconf 82' lang='grc' dir='ltr'><strong>δεδιότα,</strong></span> <span class='ocrx_word' id='word_1_726' title='bbox 2352 4068 2727 4138; x_wconf 73' lang='grc' dir='ltr'><strong>ἐπιθυμοῦντα</strong></span> <span class='ocrx_word' id='word_1_727' title='bbox 2761 4070 3152 4140; x_wconf 69' lang='grc' dir='ltr'><strong>ὀλιγωροῦντα,</strong></span> <span class='ocrx_word' id='word_1_728' title='bbox 3189 4071 3269 4141; x_wconf 84' lang='grc' dir='ltr'><strong>τῷ</strong></span> <span class='ocrx_word' id='word_1_729' title='bbox 3306 4073 3495 4141; x_wconf 71' lang='grc' dir='ltr'><strong>μέντοι</strong></span> <span class='ocrx_word' id='word_1_730' title='bbox 3524 4074 3658 4127; x_wconf 74' lang='lat' dir='ltr'><strong>uio-</strong></span> 
     </span>
    </p>
   </div>
   <div class='ocr_carea' id='block_1_98' title="bbox 2083 4159 3657 4235">
    <p class='ocr_par' dir='ltr' id='par_1_98' title="bbox 2083 4159 3657 4235">
     <span class='ocr_line' id='line_1_98' title="bbox 2083 4159 3657 4235; baseline 0.003 -22"><span class='ocrx_word' id='word_1_731' title='bbox 2083 4159 2200 4229; x_wconf 82' lang='grc' dir='ltr'><strong>χρῷ</strong></span> <span class='ocrx_word' id='word_1_732' title='bbox 2241 4177 2302 4213; x_wconf 82' lang='grc' dir='ltr'><strong>τε</strong></span> <span class='ocrx_word' id='word_1_733' title='bbox 2355 4161 2451 4213; x_wconf 71' lang='grc' dir='ltr'><strong>καὶ</strong></span> <span class='ocrx_word' id='word_1_734' title='bbox 2474 4160 2575 4214; x_wconf 79' lang='grc' dir='ltr'><strong>οὐκ</strong></span> <span class='ocrx_word' id='word_1_735' title='bbox 2609 4161 2840 4231; x_wconf 77' lang='grc' dir='ltr'><strong>αἰσχρῷ,</strong></span> <span class='ocrx_word' id='word_1_736' title='bbox 2872 4162 2968 4216; x_wconf 77' lang='grc' dir='ltr'><strong>καὶ</strong></span> <span class='ocrx_word' id='word_1_737' title='bbox 2992 4162 3143 4232; x_wconf 81' lang='grc' dir='ltr'><strong>καλῷ</strong></span> <span class='ocrx_word' id='word_1_738' title='bbox 3172 4180 3229 4216; x_wconf 78' lang='grc' dir='ltr'><strong>τε</strong></span> <span class='ocrx_word' id='word_1_739' title='bbox 3260 4165 3354 4217; x_wconf 79' lang='grc' dir='ltr'><strong>καὶ</strong></span> <span class='ocrx_word' id='word_1_740' title='bbox 3375 4164 3438 4218; x_wconf 83' lang='grc' dir='ltr'><strong>οὗ</strong></span> <span class='ocrx_word' id='word_1_741' title='bbox 3474 4164 3657 4235; x_wconf 79' lang='grc' dir='ltr'><strong>καλῷ,</strong></span> 
     </span>
    </p>
   </div>
   <div class='ocr_carea' id='block_1_99' title="bbox 2082 4250 3659 4325">
    <p class='ocr_par' dir='ltr' id='par_1_99' title="bbox 2082 4250 3659 4325">
     <span class='ocr_line' id='line_1_99' title="bbox 2082 4250 3659 4325; baseline 0.004 -23"><span class='ocrx_word' id='word_1_742' title='bbox 2082 4250 2286 4303; x_wconf 82' lang='grc' dir='ltr'><strong>τούτων</strong></span> <span class='ocrx_word' id='word_1_743' title='bbox 2320 4251 2558 4321; x_wconf 70' lang='grc' dir='ltr'><strong>ἑκάτερα</strong></span> <span class='ocrx_word' id='word_1_744' title='bbox 2603 4253 2883 4323; x_wconf 78' lang='grc' dir='ltr'><strong>ὁρίζοντα,</strong></span> <span class='ocrx_word' id='word_1_745' title='bbox 2919 4256 3225 4325; x_wconf 77' lang='grc' dir='ltr'><strong>φανήσεται</strong></span> <span class='ocrx_word' id='word_1_746' title='bbox 3256 4258 3352 4311; x_wconf 80' lang='grc' dir='ltr'><strong>καὶ</strong></span> <span class='ocrx_word' id='word_1_747' title='bbox 3377 4258 3407 4310; x_wconf 94' lang='lat'><strong>6</strong></span> <span class='ocrx_word' id='word_1_748' title='bbox 3445 4256 3659 4311; x_wconf 80' lang='grc' dir='ltr'><strong>τούτων</strong></span> 
     </span>
    </p>
   </div>
   <div class='ocr_carea' id='block_1_100' title="bbox 2083 4341 3660 4420">
    <p class='ocr_par' dir='ltr' id='par_1_100' title="bbox 2083 4341 3660 4420">
     <span class='ocr_line' id='line_1_100' title="bbox 2083 4341 3660 4420; baseline 0.004 -24"><span class='ocrx_word' id='word_1_749' title='bbox 2083 4341 2471 4407; x_wconf 70' lang='grc' dir='ltr'><strong>ἐναντιώτατος</strong></span> <span class='ocrx_word' id='word_1_750' title='bbox 2505 4344 2533 4396; x_wconf 85' lang='lat'><strong>6</strong></span> <span class='ocrx_word' id='word_1_751' title='bbox 2575 4344 2981 4415; x_wconf 75' lang='grc' dir='ltr'><strong>παμμόχθηρος</strong></span> <span class='ocrx_word' id='word_1_752' title='bbox 3034 4347 3195 4400; x_wconf 72' lang='grc' dir='ltr'><strong>οὐδὲν</strong></span> <span class='ocrx_word' id='word_1_753' title='bbox 3238 4341 3408 4419; x_wconf 70' lang='grc' dir='ltr'><strong>ᾖττον</strong></span> <span class='ocrx_word' id='word_1_754' title='bbox 3460 4350 3522 4405; x_wconf 69' lang='grc' dir='ltr'><strong>ιν</strong></span> <span class='ocrx_word' id='word_1_755' title='bbox 3556 4366 3660 4420; x_wconf 73' lang='grc' dir='ltr'><strong>με·</strong></span> 
     </span>
    </p>
   </div>
   <div class='ocr_carea' id='block_1_101' title="bbox 2085 4432 3661 4511">
    <p class='ocr_par' dir='ltr' id='par_1_101' title="bbox 2085 4432 3661 4511">
     <span class='ocr_line' id='line_1_101' title="bbox 2085 4432 3661 4511; baseline 0.008 -27"><span class='ocrx_word' id='word_1_756' title='bbox 2085 4432 2273 4501; x_wconf 81' lang='grc' dir='ltr'><strong>σότητί</strong></span> <span class='ocrx_word' id='word_1_757' title='bbox 2302 4450 2409 4486; x_wconf 90' lang='grc' dir='ltr'><strong>τινι</strong></span> <span class='ocrx_word' id='word_1_758' title='bbox 2454 4437 2549 4489; x_wconf 73' lang='grc' dir='ltr'><strong>καὶ</strong></span> <span class='ocrx_word' id='word_1_759' title='bbox 2583 4436 2745 4501; x_wconf 72' lang='grc' dir='ltr'><strong>αὐτὸς</strong></span> <span class='ocrx_word' id='word_1_760' title='bbox 2783 4436 2881 4502; x_wconf 83' lang='grc' dir='ltr'><strong>ὢν,</strong></span> <span class='ocrx_word' id='word_1_761' title='bbox 2927 4437 3333 4508; x_wconf 80' lang='grc' dir='ltr'><strong>Ἀριστοτέλους</strong></span> <span class='ocrx_word' id='word_1_762' title='bbox 3373 4442 3434 4493; x_wconf 71' lang='grc' dir='ltr'><strong>ἐν</strong></span> <span class='ocrx_word' id='word_1_763' title='bbox 3464 4442 3661 4511; x_wconf 74' lang='grc' dir='ltr'><strong>μόναις</strong></span> 
     </span>
    </p>
   </div>
   <div class='ocr_carea' id='block_1_102' title="bbox 2084 4526 3659 4603">
    <p class='ocr_par' dir='ltr' id='par_1_102' title="bbox 2084 4526 3659 4603">
     <span class='ocr_line' id='line_1_102' title="bbox 2084 4526 3659 4603; baseline 0.007 -29"><span class='ocrx_word' id='word_1_764' title='bbox 2084 4526 2202 4585; x_wconf 78' lang='grc' dir='ltr'><strong>ταῖς</strong></span> <span class='ocrx_word' id='word_1_765' title='bbox 2235 4526 2505 4595; x_wconf 77' lang='grc' dir='ltr'><strong>ἀκρότησι</strong></span> <span class='ocrx_word' id='word_1_766' title='bbox 2559 4528 2659 4596; x_wconf 74' lang='grc' dir='ltr'><strong>τὴν</strong></span> <span class='ocrx_word' id='word_1_767' title='bbox 2720 4528 2924 4582; x_wconf 77' lang='grc' dir='ltr'><strong>κακίαν</strong></span> <span class='ocrx_word' id='word_1_768' title='bbox 2969 4529 3255 4599; x_wconf 80' lang='grc' dir='ltr'><strong>τιθεμένου</strong></span> <span class='ocrx_word' id='word_1_769' title='bbox 3280 4546 3295 4561; x_wconf 86' lang='grc'><strong>·</strong></span> <span class='ocrx_word' id='word_1_770' title='bbox 3340 4530 3457 4585; x_wconf 80' lang='grc' dir='ltr'><strong>ἀλλ’</strong></span> <span class='ocrx_word' id='word_1_771' title='bbox 3490 4533 3521 4586; x_wconf 91' lang='lat'><strong>6</strong></span> <span class='ocrx_word' id='word_1_772' title='bbox 3557 4534 3659 4603; x_wconf 67' lang='grc' dir='ltr'><strong>μιν</strong></span> 
     </span>
    </p>
   </div>
   <div class='ocr_carea' id='block_1_103' title="bbox 2082 4612 3657 4696">
    <p class='ocr_par' dir='ltr' id='par_1_103' title="bbox 2082 4612 3657 4696">
     <span class='ocr_line' id='line_1_103' title="bbox 2082 4612 3657 4696; baseline 0.008 -29"><span class='ocrx_word' id='word_1_773' title='bbox 2082 4616 2301 4669; x_wconf 85' lang='grc' dir='ltr'><strong>πάντων</strong></span> <span class='ocrx_word' id='word_1_774' title='bbox 2330 4618 2618 4689; x_wconf 77' lang='grc' dir='ltr'><strong>ἐπιθυμῶν</strong></span> <span class='ocrx_word' id='word_1_775' title='bbox 2654 4612 2731 4673; x_wconf 83' lang='grc' dir='ltr'><strong>ὧν</strong></span> <span class='ocrx_word' id='word_1_776' title='bbox 2764 4637 2824 4673; x_wconf 77' lang='grc' dir='ltr'><strong>τε</strong></span> <span class='ocrx_word' id='word_1_777' title='bbox 2848 4621 2974 4692; x_wconf 77' lang='grc' dir='ltr'><strong>χρὴ,</strong></span> <span class='ocrx_word' id='word_1_778' title='bbox 3022 4616 3099 4676; x_wconf 80' lang='grc' dir='ltr'><strong>ὧν</strong></span> <span class='ocrx_word' id='word_1_779' title='bbox 3129 4640 3187 4677; x_wconf 72' lang='grc' dir='ltr'><strong>τι</strong></span> <span class='ocrx_word' id='word_1_780' title='bbox 3228 4623 3291 4677; x_wconf 84' lang='grc' dir='ltr'><strong>οὗ</strong></span> <span class='ocrx_word' id='word_1_781' title='bbox 3341 4625 3471 4696; x_wconf 75' lang='grc' dir='ltr'><strong>χρὴ,</strong></span> <span class='ocrx_word' id='word_1_782' title='bbox 3531 4626 3657 4680; x_wconf 68' lang='grc' dir='ltr'><strong>οὐδέ</strong></span> 
     </span>
    </p>
   </div>
   <div class='ocr_carea' id='block_1_104' title="bbox 2079 4696 3658 4789">
    <p class='ocr_par' dir='ltr' id='par_1_104' title="bbox 2079 4696 3658 4789">
     <span class='ocr_line' id='line_1_104' title="bbox 2079 4696 3658 4789; baseline 0.009 -29"><span class='ocrx_word' id='word_1_783' title='bbox 2079 4726 2199 4770; x_wconf 81' lang='grc' dir='ltr'><strong>πως</strong></span> <span class='ocrx_word' id='word_1_784' title='bbox 2232 4711 2291 4763; x_wconf 80' lang='grc' dir='ltr'><strong>ὲν</strong></span> <span class='ocrx_word' id='word_1_785' title='bbox 2322 4711 2399 4780; x_wconf 83' lang='grc' dir='ltr'>τῷ</span> <span class='ocrx_word' id='word_1_786' title='bbox 2426 4706 2501 4766; x_wconf 80' lang='grc' dir='ltr'><strong>ὢν</strong></span> <span class='ocrx_word' id='word_1_787' title='bbox 2534 4713 2642 4783; x_wconf 74' lang='grc' dir='ltr'><strong>χρὴ</strong></span> <span class='ocrx_word' id='word_1_788' title='bbox 2674 4696 3305 4786; x_wconf 42' lang='grc' dir='ltr'><strong>ὲπιῦυμεῖνξμοχθηρδς</strong></span> <span class='ocrx_word' id='word_1_789' title='bbox 3336 4716 3405 4771; x_wconf 79' lang='grc' dir='ltr'><strong>ἂν</strong></span> <span class='ocrx_word' id='word_1_790' title='bbox 3434 4718 3523 4789; x_wconf 74' lang='grc' dir='ltr'><strong>τίη</strong></span> <span class='ocrx_word' id='word_1_791' title='bbox 3550 4736 3658 4784; x_wconf 80' lang='grc' dir='ltr'><strong>τις,</strong></span> 
     </span>
    </p>
   </div>
   <div class='ocr_carea' id='block_1_105' title="bbox 2077 4802 3658 4877">
    <p class='ocr_par' dir='ltr' id='par_1_105' title="bbox 2077 4802 3658 4877">
     <span class='ocr_line' id='line_1_105' title="bbox 2077 4802 3658 4877; baseline 0.007 -23"><span class='ocrx_word' id='word_1_792' title='bbox 2077 4802 2196 4855; x_wconf 72' lang='grc' dir='ltr'><strong>οὐδέ</strong></span> <span class='ocrx_word' id='word_1_793' title='bbox 2220 4820 2281 4870; x_wconf 85' lang='grc' dir='ltr'><strong>γε</strong></span> <span class='ocrx_word' id='word_1_794' title='bbox 2308 4805 2335 4858; x_wconf 87' lang='grc' dir='ltr'><strong>ὀ</strong></span> <span class='ocrx_word' id='word_1_795' title='bbox 2356 4804 2573 4858; x_wconf 75' lang='grc' dir='ltr'><strong>πάντων</strong></span> <span class='ocrx_word' id='word_1_796' title='bbox 2602 4806 2904 4877; x_wconf 80' lang='grc' dir='ltr'><strong>ὀλιγωρῶν,</strong></span> <span class='ocrx_word' id='word_1_797' title='bbox 2941 4809 3070 4862; x_wconf 80' lang='grc' dir='ltr'><strong>ὅταν</strong></span> <span class='ocrx_word' id='word_1_798' title='bbox 3100 4811 3195 4863; x_wconf 74' lang='grc' dir='ltr'><strong>καὶ</strong></span> <span class='ocrx_word' id='word_1_799' title='bbox 3211 4803 3286 4865; x_wconf 71' lang='grc' dir='ltr'><strong>ὧν</strong></span> <span class='ocrx_word' id='word_1_800' title='bbox 3322 4810 3389 4865; x_wconf 79' lang='grc' dir='ltr'><strong>ειν</strong></span> <span class='ocrx_word' id='word_1_801' title='bbox 3419 4813 3529 4866; x_wconf 79' lang='grc' dir='ltr'><strong>δέοι</strong></span> <span class='ocrx_word' id='word_1_802' title='bbox 3550 4814 3658 4865; x_wconf 74' lang='grc' dir='ltr'><strong>ὀλι-</strong></span> 
     </span>
    </p>
   </div>
   <div class='ocr_carea' id='block_1_106' title="bbox 2076 4894 3659 4972">
    <p class='ocr_par' dir='ltr' id='par_1_106' title="bbox 2076 4894 3659 4972">
     <span class='ocr_line' id='line_1_106' title="bbox 2076 4894 3659 4972; baseline 0.008 -28"><span class='ocrx_word' id='word_1_803' title='bbox 2076 4895 2253 4964; x_wconf 76' lang='grc' dir='ltr'><strong>γωρῇ.</strong></span> <span class='ocrx_word' id='word_1_804' title='bbox 2279 4894 2441 4947; x_wconf 79' lang='grc' dir='ltr'><strong>Ὥστε</strong></span> <span class='ocrx_word' id='word_1_805' title='bbox 2473 4896 2677 4949; x_wconf 80' lang='grc' dir='ltr'><strong>τούτων</strong></span> <span class='ocrx_word' id='word_1_806' title='bbox 2716 4897 2815 4966; x_wconf 82' lang='grc' dir='ltr'><strong>μὲν</strong></span> <span class='ocrx_word' id='word_1_807' title='bbox 2851 4898 2919 4951; x_wconf 85' lang='grc' dir='ltr'><strong>ἂν</strong></span> <span class='ocrx_word' id='word_1_808' title='bbox 2969 4898 3225 4969; x_wconf 77' lang='grc' dir='ltr'><strong>ἑκάτερος</strong></span> <span class='ocrx_word' id='word_1_809' title='bbox 3257 4901 3659 4972; x_wconf 71' lang='grc' dir='ltr'><strong>παμμάχοηρός</strong></span> 
     </span>
    </p>
   </div>
   <div class='ocr_carea' id='block_1_107' title="bbox 2074 4984 3659 5063">
    <p class='ocr_par' dir='ltr' id='par_1_107' title="bbox 2074 4984 3659 5063">
     <span class='ocr_line' id='line_1_107' title="bbox 2074 4984 3659 5063; baseline 0.015 -28"><span class='ocrx_word' id='word_1_810' title='bbox 2074 4999 2191 5046; x_wconf 80' lang='grc' dir='ltr'><strong>πως</strong></span> <span class='ocrx_word' id='word_1_811' title='bbox 2219 4984 2328 5055; x_wconf 75' lang='grc' dir='ltr'><strong>εἴη·</strong></span> <span class='ocrx_word' id='word_1_812' title='bbox 2356 4987 2384 5039; x_wconf 94' lang='lat'><strong>6</strong></span> <span class='ocrx_word' id='word_1_813' title='bbox 2412 4986 2467 5039; x_wconf 77' lang='grc' dir='ltr'><strong>δὲ</strong></span> <span class='ocrx_word' id='word_1_814' title='bbox 2495 4989 2894 5058; x_wconf 77' lang='grc' dir='ltr'><strong>παμμόχθηρος</strong></span> <span class='ocrx_word' id='word_1_815' title='bbox 2934 4990 3223 5059; x_wconf 64' lang='grc' dir='ltr'><strong>ἄνθρωπος</strong></span> <span class='ocrx_word' id='word_1_816' title='bbox 3264 4994 3359 5044; x_wconf 72' lang='grc' dir='ltr'><strong>καὶ</strong></span> <span class='ocrx_word' id='word_1_817' title='bbox 3391 4991 3472 5062; x_wconf 75' lang='grc' dir='ltr'>τῷ</span> 
     </span>
    </p>
   </div>
   <div class='ocr_carea' id='block_1_108' title="bbox 2072 5075 3658 5153">
    <p class='ocr_par' dir='ltr' id='par_1_108' title="bbox 2072 5075 3658 5153">
     <span class='ocr_line' id='line_1_108' title="bbox 2072 5075 3658 5153; baseline 0.006 -24"><span class='ocrx_word' id='word_1_818' title='bbox 2072 5075 2300 5146; x_wconf 81' lang='grc' dir='ltr'><strong>κάγαθῷ</strong></span> <span class='ocrx_word' id='word_1_819' title='bbox 2335 5078 2743 5145; x_wconf 77' lang='grc' dir='ltr'><strong>ἐναντιώτατος,</strong></span> <span class='ocrx_word' id='word_1_820' title='bbox 2788 5082 2994 5143; x_wconf 72' lang='grc' dir='ltr'><strong>ἐκεῖνος</strong></span> <span class='ocrx_word' id='word_1_821' title='bbox 3027 5081 3094 5134; x_wconf 85' lang='grc' dir='ltr'><strong>ἂν</strong></span> <span class='ocrx_word' id='word_1_822' title='bbox 3122 5082 3304 5149; x_wconf 81' lang='grc' dir='ltr'><strong>είη,“ὀ</strong></span> <span class='ocrx_word' id='word_1_823' title='bbox 3347 5076 3422 5136; x_wconf 83' lang='grc' dir='ltr'><strong>ὧν</strong></span> <span class='ocrx_word' id='word_1_824' title='bbox 3456 5084 3557 5153; x_wconf 73' lang='grc' dir='ltr'><strong>μὶν</strong></span> <span class='ocrx_word' id='word_1_825' title='bbox 3589 5083 3658 5138; x_wconf 76' lang='grc' dir='ltr'><strong>ἄν</strong></span> 
     </span>
    </p>
   </div>
   <div class='ocr_carea' id='block_1_109' title="bbox 2072 5164 3653 5245">
    <p class='ocr_par' dir='ltr' id='par_1_109' title="bbox 2072 5164 3653 5245">
     <span class='ocr_line' id='line_1_109' title="bbox 2072 5164 3653 5245; baseline 0.006 -28"><span class='ocrx_word' id='word_1_826' title='bbox 2072 5164 2181 5218; x_wconf 79' lang='grc' dir='ltr'><strong>δέοι</strong></span> <span class='ocrx_word' id='word_1_827' title='bbox 2209 5166 2519 5237; x_wconf 81' lang='grc' dir='ltr'><strong>ἐπιθυμεῖν.</strong></span> <span class='ocrx_word' id='word_1_828' title='bbox 2554 5169 2717 5234; x_wconf 68' lang='grc' dir='ltr'><strong>αὐτὸς</strong></span> <span class='ocrx_word' id='word_1_829' title='bbox 2750 5171 3063 5241; x_wconf 75' lang='grc' dir='ltr'><strong>ὀλιγωρῶν,</strong></span> <span class='ocrx_word' id='word_1_830' title='bbox 3098 5165 3175 5225; x_wconf 80' lang='grc' dir='ltr'><strong>ὧν</strong></span> <span class='ocrx_word' id='word_1_831' title='bbox 3203 5174 3248 5226; x_wconf 78' lang='grc' dir='ltr'><strong>δ’</strong></span> <span class='ocrx_word' id='word_1_832' title='bbox 3272 5172 3341 5226; x_wconf 77' lang='grc' dir='ltr'><strong>ἂν</strong></span> <span class='ocrx_word' id='word_1_833' title='bbox 3365 5172 3653 5245; x_wconf 78' lang='grc' dir='ltr'><strong>ὀλιγωρεῖν</strong></span> 
     </span>
    </p>
   </div>
   <div class='ocr_carea' id='block_1_110' title="bbox 2078 5255 3656 5339">
    <p class='ocr_par' dir='ltr' id='par_1_110' title="bbox 2078 5255 3656 5339">
     <span class='ocr_line' id='line_1_110' title="bbox 2078 5255 3656 5339; baseline 0.008 -32"><span class='ocrx_word' id='word_1_834' title='bbox 2078 5255 2209 5322; x_wconf 79' lang='grc' dir='ltr'><strong>δέοι,</strong></span> <span class='ocrx_word' id='word_1_835' title='bbox 2230 5258 2537 5328; x_wconf 68' lang='grc' dir='ltr'><strong>ἐπιθυμῶν.</strong></span> <span class='ocrx_word' id='word_1_836' title='bbox 2556 5261 2742 5329; x_wconf 82' lang='grc' dir='ltr'><strong>Ὥστε,</strong></span> <span class='ocrx_word' id='word_1_837' title='bbox 2772 5264 2869 5317; x_wconf 65' lang='lat' dir='ltr'><strong>ire</strong></span> <span class='ocrx_word' id='word_1_838' title='bbox 2888 5266 3222 5339; x_wconf 58' lang='grc' dir='ltr'><strong>ἀμφοτέροις</strong></span> <span class='ocrx_word' id='word_1_839' title='bbox 3242 5268 3341 5337; x_wconf 68' lang='grc' dir='ltr'><strong>μὲν</strong></span> <span class='ocrx_word' id='word_1_840' title='bbox 3368 5270 3479 5328; x_wconf 62' lang='grc' dir='ltr'><strong>τοῖς</strong></span> <span class='ocrx_word' id='word_1_841' title='bbox 3503 5270 3656 5321; x_wconf 67' lang='grc' dir='ltr'><strong>ἔναν-</strong></span> 
     </span>
    </p>
   </div>
   <div class='ocr_carea' id='block_1_111' title="bbox 2089 5347 3655 5429">
    <p class='ocr_par' dir='ltr' id='par_1_111' title="bbox 2089 5347 3655 5429">
     <span class='ocr_line' id='line_1_111' title="bbox 2089 5347 3655 5429; baseline 0.008 -31"><span class='ocrx_word' id='word_1_842' title='bbox 2089 5347 2228 5410; x_wconf 80' lang='grc' dir='ltr'><strong>τίοις</strong></span> <span class='ocrx_word' id='word_1_843' title='bbox 2258 5349 2454 5403; x_wconf 80' lang='grc' dir='ltr'><strong>πάθεσι</strong></span> <span class='ocrx_word' id='word_1_844' title='bbox 2486 5352 2767 5422; x_wconf 80' lang='grc' dir='ltr'><strong>χρώμενος</strong></span> <span class='ocrx_word' id='word_1_845' title='bbox 2789 5356 3097 5428; x_wconf 70' lang='grc' dir='ltr'><strong>ἀμφότερον</strong></span> <span class='ocrx_word' id='word_1_846' title='bbox 3119 5358 3185 5412; x_wconf 82' lang='grc' dir='ltr'><strong>ἂν</strong></span> <span class='ocrx_word' id='word_1_847' title='bbox 3213 5359 3321 5429; x_wconf 77' lang='grc' dir='ltr'><strong>εἴη,</strong></span> <span class='ocrx_word' id='word_1_848' title='bbox 3346 5359 3441 5413; x_wconf 70' lang='grc' dir='ltr'><strong>καὶ</strong></span> <span class='ocrx_word' id='word_1_849' title='bbox 3477 5362 3532 5412; x_wconf 75' lang='grc' dir='ltr'><strong>ἓν</strong></span> <span class='ocrx_word' id='word_1_850' title='bbox 3557 5374 3655 5425; x_wconf 74' lang='grc' dir='ltr'><strong>με-</strong></span> 
     </span>
    </p>
   </div>
   <div class='ocr_carea' id='block_1_112' title="bbox 2094 5437 3655 5520">
    <p class='ocr_par' dir='ltr' id='par_1_112' title="bbox 2094 5437 3655 5520">
     <span class='ocr_line' id='line_1_112' title="bbox 2094 5437 3655 5520; baseline 0.009 -32"><span class='ocrx_word' id='word_1_851' title='bbox 2094 5437 2282 5508; x_wconf 75' lang='grc' dir='ltr'><strong>σότητί</strong></span> <span class='ocrx_word' id='word_1_852' title='bbox 2325 5456 2431 5492; x_wconf 89' lang='grc' dir='ltr'><strong>τινι</strong></span> <span class='ocrx_word' id='word_1_853' title='bbox 2467 5444 2561 5494; x_wconf 78' lang='grc' dir='ltr'><strong>καὶ</strong></span> <span class='ocrx_word' id='word_1_854' title='bbox 2606 5442 2769 5506; x_wconf 69' lang='grc' dir='ltr'><strong>αὐτὸς</strong></span> <span class='ocrx_word' id='word_1_855' title='bbox 2792 5487 2807 5511; x_wconf 88' lang='grc'><strong>,</strong></span> <span class='ocrx_word' id='word_1_856' title='bbox 2841 5446 2935 5499; x_wconf 72' lang='grc' dir='ltr'><strong>καὶ</strong></span> <span class='ocrx_word' id='word_1_857' title='bbox 2979 5447 3096 5518; x_wconf 75' lang='grc' dir='ltr'><strong>ἅμα</strong></span> <span class='ocrx_word' id='word_1_858' title='bbox 3125 5448 3202 5517; x_wconf 82' lang='grc' dir='ltr'><strong>τῷ</strong></span> <span class='ocrx_word' id='word_1_859' title='bbox 3237 5448 3388 5518; x_wconf 64' lang='grc' dir='ltr'><strong>καλῷ</strong></span> <span class='ocrx_word' id='word_1_860' title='bbox 3426 5447 3655 5520; x_wconf 73' lang='grc' dir='ltr'><strong>κάγαθῷ</strong></span> 
     </span>
    </p>
   </div>
   <div class='ocr_carea' id='block_1_113' title="bbox 397 5514 1978 5610">
    <p class='ocr_par' dir='ltr' id='par_1_113' title="bbox 397 5514 1975 5578">
     <span class='ocr_line' id='line_1_113' title="bbox 397 5514 1975 5578; baseline 0.01 -15"><span class='ocrx_word' id='word_1_861' title='bbox 397 5514 719 5568; x_wconf 88' lang='lat' dir='ltr'><strong>consistere.</strong></span> <span class='ocrx_word' id='word_1_862' title='bbox 749 5514 1041 5570; x_wconf 82' lang='lat' dir='ltr'><strong>Aristotele</strong></span> <span class='ocrx_word' id='word_1_863' title='bbox 1072 5516 1289 5571; x_wconf 90' lang='lat' dir='ltr'><strong>interim</strong></span> <span class='ocrx_word' id='word_1_864' title='bbox 1330 5533 1494 5573; x_wconf 90' lang='lat' dir='ltr'><strong>omne</strong></span> <span class='ocrx_word' id='word_1_865' title='bbox 1527 5520 1718 5575; x_wconf 88' lang='lat' dir='ltr'><strong>vitium</strong></span> <span class='ocrx_word' id='word_1_866' title='bbox 1747 5522 1802 5576; x_wconf 92' lang='lat' dir='ltr'><strong>in</strong></span> <span class='ocrx_word' id='word_1_867' title='bbox 1841 5522 1975 5578; x_wconf 88' lang='lat' dir='ltr'><strong>solis</strong></span> 
     </span>
    </p>
   </div>
   <div class='ocr_carea' id='block_1_114' title="bbox 2082 5514 3655 5610">
    <p class='ocr_par' dir='ltr' id='par_1_114' title="bbox 2083 5527 3655 5610">
     <span class='ocr_line' id='line_1_114' title="bbox 2083 5527 3655 5610; baseline 0.012 -30"><span class='ocrx_word' id='word_1_868' title='bbox 2083 5527 2502 5595; x_wconf 67' lang='grc' dir='ltr'><strong>ἐναντιώτατος.</strong></span> <span class='ocrx_word' id='word_1_869' title='bbox 2532 5534 2623 5596; x_wconf 81' lang='grc' dir='ltr'><strong>Ἐς</strong></span> <span class='ocrx_word' id='word_1_870' title='bbox 2655 5535 2908 5590; x_wconf 84' lang='grc' dir='ltr'><strong>τοσοῦτον</strong></span> <span class='ocrx_word' id='word_1_871' title='bbox 2941 5542 3041 5609; x_wconf 71' lang='grc' dir='ltr'><strong>μὲν</strong></span> <span class='ocrx_word' id='word_1_872' title='bbox 3068 5540 3131 5609; x_wconf 82' lang='grc' dir='ltr'><strong>δὴ</strong></span> <span class='ocrx_word' id='word_1_873' title='bbox 3166 5543 3257 5594; x_wconf 72' lang='grc' dir='ltr'><strong>καὶ</strong></span> <span class='ocrx_word' id='word_1_874' title='bbox 3282 5559 3345 5593; x_wconf 83' lang='grc' dir='ltr'><strong>πε</strong></span> <span class='ocrx_word' id='word_1_875' title='bbox 3358 5545 3411 5610; x_wconf 74' lang='lat' dir='ltr'><strong>pi.</strong></span> <span class='ocrx_word' id='word_1_876' title='bbox 3437 5542 3655 5599; x_wconf 78' lang='grc' dir='ltr'><strong>τούτου.</strong></span> 
     </span>
    </p>
   </div>
   <div class='ocr_carea' id='block_1_115' title="bbox 395 5604 3652 5704">
    <p class='ocr_par' dir='ltr' id='par_1_115' title="bbox 395 5604 3652 5704">
     <span class='ocr_line' id='line_1_115' title="bbox 395 5604 3652 5704; baseline 0.011 -50"><span class='ocrx_word' id='word_1_877' title='bbox 395 5604 651 5660; x_wconf 74' lang='lat' dir='ltr'><strong>extremis</strong></span> <span class='ocrx_word' id='word_1_878' title='bbox 689 5606 1010 5672; x_wconf 87' lang='lat' dir='ltr'><strong>eollocante,</strong></span> <span class='ocrx_word' id='word_1_879' title='bbox 1042 5616 1097 5663; x_wconf 90' lang='lat' dir='ltr'><strong>et</strong></span> <span class='ocrx_word' id='word_1_880' title='bbox 1126 5610 1172 5663; x_wconf 89' lang='lat' dir='ltr'><strong>is</strong></span> <span class='ocrx_word' id='word_1_881' title='bbox 1205 5610 1451 5680; x_wconf 89' lang='lat' dir='ltr'><strong>quidem,</strong></span> <span class='ocrx_word' id='word_1_882' title='bbox 1481 5612 1572 5681; x_wconf 90' lang='lat' dir='ltr'><strong>qui</strong></span> <span class='ocrx_word' id='word_1_883' title='bbox 1601 5615 1791 5668; x_wconf 91' lang='lat' dir='ltr'><strong>omnia</strong></span> <span class='ocrx_word' id='word_1_884' title='bbox 1846 5618 2185 5687; x_wconf 80' lang='lat' dir='ltr'><strong>concupiscit</strong></span> <span class='ocrx_word' id='word_1_885' title='bbox 2218 5630 2327 5677; x_wconf 88' lang='lat' dir='ltr'><strong>tam</strong></span> <span class='ocrx_word' id='word_1_886' title='bbox 2365 5640 2425 5679; x_wconf 90' lang='lat' dir='ltr'><strong>ea</strong></span> <span class='ocrx_word' id='word_1_887' title='bbox 2463 5642 2587 5696; x_wconf 72' lang='lat' dir='ltr'><strong>qua:</strong></span> <span class='ocrx_word' id='word_1_888' title='bbox 2669 5642 2903 5697; x_wconf 79' lang='lat' dir='ltr'><strong>oportet,</strong></span> <span class='ocrx_word' id='word_1_889' title='bbox 2938 5604 3130 5701; x_wconf 29' lang='lat' dir='ltr'><strong>quam‘</strong></span> <span class='ocrx_word' id='word_1_890' title='bbox 3184 5635 3271 5689; x_wconf 83' lang='lat' dir='ltr'><strong>illa</strong></span> <span class='ocrx_word' id='word_1_891' title='bbox 3344 5604 3465 5704; x_wconf 63' lang='lat' dir='ltr'><strong>qua:</strong></span> <span class='ocrx_word' id='word_1_892' title='bbox 3543 5650 3652 5689; x_wconf 90' lang='lat' dir='ltr'><strong>non</strong></span> 
     </span>
    </p>
   </div>
   <div class='ocr_carea' id='block_1_116' title="bbox 392 5701 3649 5793">
    <p class='ocr_par' dir='ltr' id='par_1_116' title="bbox 392 5701 3649 5793">
     <span class='ocr_line' id='line_1_116' title="bbox 392 5701 3649 5793; baseline 0.012 -49"><span class='ocrx_word' id='word_1_893' title='bbox 392 5703 624 5761; x_wconf 80' lang='lat' dir='ltr'><strong>Oportet,</strong></span> <span class='ocrx_word' id='word_1_894' title='bbox 655 5711 929 5767; x_wconf 87' lang='lat' dir='ltr'><strong>nunquam</strong></span> <span class='ocrx_word' id='word_1_895' title='bbox 962 5701 1163 5759; x_wconf 86' lang='lat' dir='ltr'><strong>idcirco</strong></span> <span class='ocrx_word' id='word_1_896' title='bbox 1192 5705 1339 5775; x_wconf 86' lang='lat' dir='ltr'><strong>quod</strong></span> <span class='ocrx_word' id='word_1_897' title='bbox 1381 5719 1443 5760; x_wconf 88' lang='lat' dir='ltr'><strong>ea</strong></span> <span class='ocrx_word' id='word_1_898' title='bbox 1479 5706 1819 5778; x_wconf 85' lang='lat' dir='ltr'><strong>concupiscit</strong></span> <span class='ocrx_word' id='word_1_899' title='bbox 1845 5723 1967 5780; x_wconf 70' lang='lat' dir='ltr'><strong>quae</strong></span> <span class='ocrx_word' id='word_1_900' title='bbox 2007 5721 2221 5782; x_wconf 88' lang='lat' dir='ltr'><strong>oportet</strong></span> <span class='ocrx_word' id='word_1_901' title='bbox 2249 5715 2480 5776; x_wconf 89' lang='lat' dir='ltr'><strong>vitiosus</strong></span> <span class='ocrx_word' id='word_1_902' title='bbox 2514 5718 2699 5791; x_wconf 88' lang='lat' dir='ltr'><strong>fuerit,</strong></span> <span class='ocrx_word' id='word_1_903' title='bbox 2734 5726 2977 5792; x_wconf 86' lang='lat' dir='ltr'><strong>nequeis</strong></span> <span class='ocrx_word' id='word_1_904' title='bbox 3005 5728 3093 5793; x_wconf 77' lang='lat' dir='ltr'><strong>qui</strong></span> <span class='ocrx_word' id='word_1_905' title='bbox 3164 5701 3375 5784; x_wconf 57' lang='lat' dir='ltr'><strong>omnia</strong></span> <span class='ocrx_word' id='word_1_906' title='bbox 3400 5737 3649 5784; x_wconf 75' lang='lat' dir='ltr'><strong>content-</strong></span> 
     </span>
    </p>
   </div>
  </div>
