  <div class='ocr_page' id='page_1' title='image "/cluster/home/n/w/nwhite01/storage/ocr_20150623/160/hvd.32044073502692/460.png"; bbox 0 0 3858 6202; ppageno 0'>
   <div class='ocr_carea' id='block_1_1' title="bbox 314 446 3540 559">
    <p class='ocr_par' dir='ltr' id='par_1_1' title="bbox 314 446 3540 559">
     <span class='ocr_line' id='line_1_1' title="bbox 2037 446 3539 475; baseline 0.015 -37"><span class='ocrx_word' id='word_1_1' title='bbox 2037 446 2047 449; x_wconf 95' lang='lat'>_</span> <span class='ocrx_word' id='word_1_2' title='bbox 2515 446 2531 458; x_wconf 85' lang='lat'>_</span> <span class='ocrx_word' id='word_1_3' title='bbox 2816 446 2830 449; x_wconf 70' lang='lat'><strong>-</strong></span> <span class='ocrx_word' id='word_1_4' title='bbox 2878 446 2971 464; x_wconf 50' lang='grc' dir='ltr'><strong>Γ-</strong></span> <span class='ocrx_word' id='word_1_5' title='bbox 3005 446 3375 458; x_wconf 52' lang='grc' dir='ltr'><strong>--ηπ-νην</strong></span> <span class='ocrx_word' id='word_1_6' title='bbox 3434 446 3539 475; x_wconf 54' lang='grc' dir='ltr'><strong>,ην</strong></span> 
     </span>
     <span class='ocr_line' id='line_1_2' title="bbox 314 446 3540 559; baseline 0.018 -59"><span class='ocrx_word' id='word_1_7' title='bbox 314 446 610 505; x_wconf 88' lang='lat' dir='ltr'><strong>dammodo</strong></span> <span class='ocrx_word' id='word_1_8' title='bbox 634 451 818 534; x_wconf 80' lang='lat' dir='ltr'><strong>l&#39;tierit.</strong></span> <span class='ocrx_word' id='word_1_9' title='bbox 851 457 917 511; x_wconf 82' lang='lat' dir='ltr'><strong>At</strong></span> <span class='ocrx_word' id='word_1_10' title='bbox 950 457 1041 513; x_wconf 90' lang='lat' dir='ltr'><strong>ille</strong></span> <span class='ocrx_word' id='word_1_11' title='bbox 1070 462 1219 514; x_wconf 90' lang='lat' dir='ltr'><strong>omni</strong></span> <span class='ocrx_word' id='word_1_12' title='bbox 1247 476 1313 517; x_wconf 81' lang='lat' dir='ltr'><strong>ex</strong></span> <span class='ocrx_word' id='word_1_13' title='bbox 1340 476 1493 532; x_wconf 89' lang='lat' dir='ltr'><strong>parte</strong></span> <span class='ocrx_word' id='word_1_14' title='bbox 1528 467 1758 525; x_wconf 88' lang='lat' dir='ltr'><strong>vitiosus</strong></span> <span class='ocrx_word' id='word_1_15' title='bbox 1786 472 1901 528; x_wconf 87' lang='lat' dir='ltr'><strong>sive</strong></span> <span class='ocrx_word' id='word_1_16' title='bbox 1936 474 2351 543; x_wconf 85' lang='lat' dir='ltr'><strong>vitiosissimus,</strong></span> <span class='ocrx_word' id='word_1_17' title='bbox 2391 480 2644 553; x_wconf 86' lang='lat' dir='ltr'><strong>bonoque</strong></span> <span class='ocrx_word' id='word_1_18' title='bbox 2671 501 2734 540; x_wconf 88' lang='lat' dir='ltr'><strong>ac</strong></span> <span class='ocrx_word' id='word_1_19' title='bbox 2767 489 2998 559; x_wconf 82' lang='lat' dir='ltr'><strong>sapienti</strong></span> <span class='ocrx_word' id='word_1_20' title='bbox 3036 496 3273 553; x_wconf 68' lang='lat' dir='ltr'><strong>maxime</strong></span> <span class='ocrx_word' id='word_1_21' title='bbox 3345 513 3540 559; x_wconf 82' lang='lat' dir='ltr'><strong>contra</strong></span> 
     </span>
    </p>
   </div>
   <div class='ocr_carea' id='block_1_2' title="bbox 315 528 3561 658">
    <p class='ocr_par' dir='ltr' id='par_1_2' title="bbox 315 528 3561 658">
     <span class='ocr_line' id='line_1_3' title="bbox 1341 528 3540 559; baseline 0.019 -42"><span class='ocrx_word' id='word_1_22' title='bbox 1341 528 1353 532; x_wconf 85' lang='lat'>_</span> <span class='ocrx_word' id='word_1_23' title='bbox 2002 528 2007 529; x_wconf 63' lang='lat'><strong><em>,</em></strong></span> <span class='ocrx_word' id='word_1_24' title='bbox 2050 528 2351 543; x_wconf 30' lang='grc' dir='ltr'><strong>γρῆυ-ηρ-.</strong></span> <span class='ocrx_word' id='word_1_25' title='bbox 2391 528 2643 553; x_wconf 65' lang='grc' dir='ltr'><strong>-ν--νῚυ-ιδ</strong></span> <span class='ocrx_word' id='word_1_26' title='bbox 2671 528 2734 540; x_wconf 73' lang='grc' dir='ltr'><strong>-υ</strong></span> <span class='ocrx_word' id='word_1_27' title='bbox 2767 528 2998 559; x_wconf 67' lang='grc' dir='ltr'>σμγ-νυιι</span> <span class='ocrx_word' id='word_1_28' title='bbox 3037 528 3273 553; x_wconf 67' lang='grc' dir='ltr'>ιιιαοιιιιιῠ</span> <span class='ocrx_word' id='word_1_29' title='bbox 3345 528 3540 559; x_wconf 63' lang='lat' dir='ltr'><strong>natura</strong></span> 
     </span>
     <span class='ocr_line' id='line_1_4' title="bbox 315 528 3561 658; baseline 0.017 -64"><span class='ocrx_word' id='word_1_30' title='bbox 315 542 430 597; x_wconf 86' lang='lat' dir='ltr'><strong>rius</strong></span> <span class='ocrx_word' id='word_1_31' title='bbox 459 528 817 614; x_wconf 88' lang='lat' dir='ltr'><strong>appellandus</strong></span> <span class='ocrx_word' id='word_1_32' title='bbox 850 550 973 615; x_wconf 89' lang='lat' dir='ltr'><strong>erit,</strong></span> <span class='ocrx_word' id='word_1_33' title='bbox 1008 554 1101 622; x_wconf 91' lang='lat' dir='ltr'><strong>qui</strong></span> <span class='ocrx_word' id='word_1_34' title='bbox 1152 555 1240 609; x_wconf 87' lang='lat' dir='ltr'><strong>illa</strong></span> <span class='ocrx_word' id='word_1_35' title='bbox 1270 558 1513 626; x_wconf 85' lang='lat' dir='ltr'><strong>quidem,</strong></span> <span class='ocrx_word' id='word_1_36' title='bbox 1555 576 1677 631; x_wconf 83' lang='lat' dir='ltr'><strong>quae</strong></span> <span class='ocrx_word' id='word_1_37' title='bbox 1748 576 1965 633; x_wconf 76' lang='lat' dir='ltr'><strong>Oportet</strong></span> <span class='ocrx_word' id='word_1_38' title='bbox 2006 573 2393 641; x_wconf 73' lang='lat' dir='ltr'><strong>concupiscere</strong></span> <span class='ocrx_word' id='word_1_39' title='bbox 2420 612 2436 639; x_wconf 92' lang='lat'><strong>,</strong></span> <span class='ocrx_word' id='word_1_40' title='bbox 2484 588 2832 644; x_wconf 78' lang='lat' dir='ltr'><strong>contemnat,</strong></span> <span class='ocrx_word' id='word_1_41' title='bbox 2865 600 2985 651; x_wconf 68' lang='lat' dir='ltr'><strong>qua:</strong></span> <span class='ocrx_word' id='word_1_42' title='bbox 3034 591 3161 642; x_wconf 78' lang='lat' dir='ltr'><strong>vero</strong></span> <span class='ocrx_word' id='word_1_43' title='bbox 3202 601 3416 658; x_wconf 84' lang='lat' dir='ltr'><strong>oportet</strong></span> <span class='ocrx_word' id='word_1_44' title='bbox 3442 610 3561 649; x_wconf 72' lang='lat' dir='ltr'><strong>con~</strong></span> 
     </span>
    </p>
   </div>
   <div class='ocr_carea' id='block_1_3' title="bbox 314 640 3571 751">
    <p class='ocr_par' dir='ltr' id='par_1_3' title="bbox 314 640 3571 751">
     <span class='ocr_line' id='line_1_5' title="bbox 314 640 3571 751; baseline 0.016 -61"><span class='ocrx_word' id='word_1_45' title='bbox 314 640 479 693; x_wconf 90' lang='lat' dir='ltr'><strong>temni</strong></span> <span class='ocrx_word' id='word_1_46' title='bbox 507 644 880 713; x_wconf 72' lang='lat' dir='ltr'><strong>concupiscat,</strong></span> <span class='ocrx_word' id='word_1_47' title='bbox 912 656 969 701; x_wconf 93' lang='lat' dir='ltr'><strong>ut</strong></span> <span class='ocrx_word' id='word_1_48' title='bbox 992 647 1093 703; x_wconf 89' lang='lat' dir='ltr'><strong>hac</strong></span> <span class='ocrx_word' id='word_1_49' title='bbox 1120 650 1333 707; x_wconf 90' lang='lat' dir='ltr'><strong>ratione</strong></span> <span class='ocrx_word' id='word_1_50' title='bbox 1353 667 1477 707; x_wconf 89' lang='lat' dir='ltr'><strong>eum</strong></span> <span class='ocrx_word' id='word_1_51' title='bbox 1505 656 1597 724; x_wconf 90' lang='lat' dir='ltr'><strong>qui</strong></span> <span class='ocrx_word' id='word_1_52' title='bbox 1624 658 1891 728; x_wconf 90' lang='lat' dir='ltr'><strong>utrisque,</strong></span> <span class='ocrx_word' id='word_1_53' title='bbox 1940 660 2117 731; x_wconf 88' lang='lat' dir='ltr'><strong>iisque</strong></span> <span class='ocrx_word' id='word_1_54' title='bbox 2147 668 2441 723; x_wconf 87' lang='lat' dir='ltr'><strong>contrariis</strong></span> <span class='ocrx_word' id='word_1_55' title='bbox 2468 670 2751 729; x_wconf 68' lang='lat' dir='ltr'><strong>all‘ectibus</strong></span> <span class='ocrx_word' id='word_1_56' title='bbox 2784 676 2878 731; x_wconf 82' lang='lat' dir='ltr'><strong>sed</strong></span> <span class='ocrx_word' id='word_1_57' title='bbox 2912 680 3051 734; x_wconf 91' lang='lat' dir='ltr'><strong>male</strong></span> <span class='ocrx_word' id='word_1_58' title='bbox 3113 684 3307 751; x_wconf 85' lang='lat' dir='ltr'><strong>utitur,</strong></span> <span class='ocrx_word' id='word_1_59' title='bbox 3346 697 3571 743; x_wconf 41' lang='lat' dir='ltr'><strong>utrum;</strong></span> 
     </span>
    </p>
   </div>
   <div class='ocr_carea' id='block_1_4' title="bbox 310 735 3563 840">
    <p class='ocr_par' dir='ltr' id='par_1_4' title="bbox 310 735 3563 840">
     <span class='ocr_line' id='line_1_6' title="bbox 310 735 3563 840; baseline 0.016 -54"><span class='ocrx_word' id='word_1_60' title='bbox 310 749 418 802; x_wconf 87' lang='lat' dir='ltr'><strong>que</strong></span> <span class='ocrx_word' id='word_1_61' title='bbox 447 748 568 789; x_wconf 89' lang='lat' dir='ltr'><strong>esse</strong></span> <span class='ocrx_word' id='word_1_62' title='bbox 627 735 735 791; x_wconf 90' lang='lat' dir='ltr'><strong>dici</strong></span> <span class='ocrx_word' id='word_1_63' title='bbox 788 738 860 792; x_wconf 90' lang='lat' dir='ltr'><strong>sit</strong></span> <span class='ocrx_word' id='word_1_64' title='bbox 902 754 1162 809; x_wconf 88' lang='lat' dir='ltr'><strong>necesse,</strong></span> <span class='ocrx_word' id='word_1_65' title='bbox 1212 753 1265 799; x_wconf 90' lang='lat' dir='ltr'><strong>et</strong></span> <span class='ocrx_word' id='word_1_66' title='bbox 1323 748 1500 817; x_wconf 91' lang='lat' dir='ltr'><strong>ipsum</strong></span> <span class='ocrx_word' id='word_1_67' title='bbox 1543 750 1802 804; x_wconf 87' lang='lat' dir='ltr'><strong>nimirum</strong></span> <span class='ocrx_word' id='word_1_68' title='bbox 1852 754 1906 808; x_wconf 93' lang='lat' dir='ltr'><strong>in</strong></span> <span class='ocrx_word' id='word_1_69' title='bbox 1950 755 2330 814; x_wconf 83' lang='lat' dir='ltr'><strong>mediocritate</strong></span> <span class='ocrx_word' id='word_1_70' title='bbox 2358 763 2593 831; x_wconf 87' lang='lat' dir='ltr'><strong>quadam</strong></span> <span class='ocrx_word' id='word_1_71' title='bbox 2616 781 2714 821; x_wconf 89' lang='lat' dir='ltr'><strong>sua</strong></span> <span class='ocrx_word' id='word_1_72' title='bbox 2752 772 3073 840; x_wconf 85' lang='lat' dir='ltr'><strong>consistere,</strong></span> <span class='ocrx_word' id='word_1_73' title='bbox 3107 789 3157 831; x_wconf 91' lang='lat' dir='ltr'><strong>et</strong></span> <span class='ocrx_word' id='word_1_74' title='bbox 3188 779 3351 835; x_wconf 81' lang='lat' dir='ltr'><strong>simul</strong></span> <span class='ocrx_word' id='word_1_75' title='bbox 3419 782 3563 839; x_wconf 90' lang='lat' dir='ltr'><strong>bono</strong></span> 
     </span>
    </p>
   </div>
   <div class='ocr_carea' id='block_1_5' title="bbox 311 822 2494 917">
    <p class='ocr_par' dir='ltr' id='par_1_5' title="bbox 311 822 2494 917">
     <span class='ocr_line' id='line_1_7' title="bbox 311 822 2494 917; baseline 0.016 -40"><span class='ocrx_word' id='word_1_76' title='bbox 311 840 374 877; x_wconf 86' lang='lat' dir='ltr'><strong>ac</strong></span> <span class='ocrx_word' id='word_1_77' title='bbox 401 822 631 895; x_wconf 84' lang='lat' dir='ltr'><strong>sapienti</strong></span> <span class='ocrx_word' id='word_1_78' title='bbox 669 826 789 903; x_wconf 83' lang='lat' dir='ltr'><strong>viro</strong></span> <span class='ocrx_word' id='word_1_79' title='bbox 820 832 1060 887; x_wconf 80' lang='lat' dir='ltr'><strong>maxime</strong></span> <span class='ocrx_word' id='word_1_80' title='bbox 1086 839 1447 893; x_wconf 90' lang='lat' dir='ltr'><strong>contrarium.</strong></span> <span class='ocrx_word' id='word_1_81' title='bbox 1483 841 1661 912; x_wconf 86' lang='lat' dir='ltr'><strong>Atque</strong></span> <span class='ocrx_word' id='word_1_82' title='bbox 1688 845 1752 898; x_wconf 87' lang='lat' dir='ltr'><strong>de</strong></span> <span class='ocrx_word' id='word_1_83' title='bbox 1804 845 1887 900; x_wconf 87' lang='lat' dir='ltr'><strong>his</strong></span> <span class='ocrx_word' id='word_1_84' title='bbox 1930 848 2149 917; x_wconf 88' lang='lat' dir='ltr'><strong>quidem</strong></span> <span class='ocrx_word' id='word_1_85' title='bbox 2210 855 2494 912; x_wconf 83' lang='lat' dir='ltr'><strong>hactenus.</strong></span> 
     </span>
    </p>
   </div>
   <div class='ocr_carea' id='block_1_6' title="bbox 888 927 1788 985">
    <p class='ocr_par' dir='ltr' id='par_1_6' title="bbox 888 927 1788 985">
     <span class='ocr_line' id='line_1_8' title="bbox 888 927 1788 985; baseline 0.021 -8"><span class='ocrx_word' id='word_1_86' title='bbox 888 927 1138 984; x_wconf 85' lang='grc' dir='ltr'><strong>ΚΕΦΑΛ.</strong></span> <span class='ocrx_word' id='word_1_87' title='bbox 1195 931 1296 985; x_wconf 80' lang='lat' dir='ltr'><strong>IF’.</strong></span> <span class='ocrx_word' id='word_1_88' title='bbox 1765 933 1788 960; x_wconf 70' lang='grc'>⁸</span> 
     </span>
    </p>
   </div>
   <div class='ocr_carea' id='block_1_7' title="bbox 378 1007 1881 1099">
    <p class='ocr_par' dir='ltr' id='par_1_7' title="bbox 378 1007 1881 1099">
     <span class='ocr_line' id='line_1_9' title="bbox 378 1007 1881 1099; baseline 0.015 -38"><span class='ocrx_word' id='word_1_89' title='bbox 378 1007 461 1062; x_wconf 76' lang='grc' dir='ltr'><strong>Τὰ</strong></span> <span class='ocrx_word' id='word_1_90' title='bbox 499 1011 554 1065; x_wconf 84' lang='grc' dir='ltr'>δὲ</span> <span class='ocrx_word' id='word_1_91' title='bbox 604 1017 733 1084; x_wconf 64' lang='grc' dir='ltr'><strong>οπερ)⁸</strong></span> <span class='ocrx_word' id='word_1_92' title='bbox 772 1016 864 1069; x_wconf 82' lang='grc' dir='ltr'><strong>τοῦ</strong></span> <span class='ocrx_word' id='word_1_93' title='bbox 902 1020 1086 1083; x_wconf 81' lang='grc' dir='ltr'><strong>τέλους</strong></span> <span class='ocrx_word' id='word_1_94' title='bbox 1140 1024 1289 1092; x_wconf 84' lang='grc' dir='ltr'>αὐτῴ</span> <span class='ocrx_word' id='word_1_95' title='bbox 1341 1026 1433 1081; x_wconf 85' lang='grc' dir='ltr'><strong>τοῦ</strong></span> <span class='ocrx_word' id='word_1_96' title='bbox 1470 1028 1704 1098; x_wconf 76' lang='grc' dir='ltr'><strong>ἐσχάτου</strong></span> <span class='ocrx_word' id='word_1_97' title='bbox 1732 1030 1881 1099; x_wconf 81' lang='grc' dir='ltr'>λεγό-</span> 
     </span>
    </p>
   </div>
   <div class='ocr_carea' id='block_1_8' title="bbox 306 1104 1882 1192">
    <p class='ocr_par' dir='ltr' id='par_1_8' title="bbox 306 1104 1882 1192">
     <span class='ocr_line' id='line_1_10' title="bbox 306 1104 1882 1192; baseline 0.015 -40"><span class='ocrx_word' id='word_1_98' title='bbox 306 1118 444 1168; x_wconf 88' lang='grc' dir='ltr'>μενα</span> <span class='ocrx_word' id='word_1_99' title='bbox 482 1104 599 1166; x_wconf 83' lang='grc' dir='ltr'>πῶς</span> <span class='ocrx_word' id='word_1_100' title='bbox 642 1108 702 1158; x_wconf 74' lang='grc' dir='ltr'><strong>οὐ</strong></span> <span class='ocrx_word' id='word_1_101' title='bbox 758 1113 985 1179; x_wconf 69' lang='grc' dir='ltr'>μεμπτά</span> <span class='ocrx_word' id='word_1_102' title='bbox 1016 1114 1077 1166; x_wconf 80' lang='grc' dir='ltr'><strong>οὐ</strong></span> <span class='ocrx_word' id='word_1_103' title='bbox 1112 1114 1173 1167; x_wconf 72' lang='grc' dir='ltr'>τὸ</span> <span class='ocrx_word' id='word_1_104' title='bbox 1208 1118 1392 1182; x_wconf 70' lang='grc' dir='ltr'>καλὸν,</span> <span class='ocrx_word' id='word_1_105' title='bbox 1494 1122 1541 1173; x_wconf 76' lang='grc' dir='ltr'>οἱ</span> <span class='ocrx_word' id='word_1_106' title='bbox 1588 1121 1657 1174; x_wconf 81' lang='grc' dir='ltr'><strong>τὰ</strong></span> <span class='ocrx_word' id='word_1_107' title='bbox 1688 1121 1882 1191; x_wconf 80' lang='grc' dir='ltr'>βελτίω</span> 
     </span>
    </p>
   </div>
   <div class='ocr_carea' id='block_1_9' title="bbox 305 1192 1880 1285">
    <p class='ocr_par' dir='ltr' id='par_1_9' title="bbox 305 1192 1880 1285">
     <span class='ocr_line' id='line_1_11' title="bbox 305 1192 1880 1285; baseline 0.017 -42"><span class='ocrx_word' id='word_1_108' title='bbox 305 1192 629 1262; x_wconf 80' lang='grc' dir='ltr'><strong>φρονοῦντες</strong></span> <span class='ocrx_word' id='word_1_109' title='bbox 686 1199 904 1268; x_wconf 83' lang='grc' dir='ltr'>πάντες,</span> <span class='ocrx_word' id='word_1_110' title='bbox 935 1204 1073 1258; x_wconf 77' lang='grc' dir='ltr'>ἀλλὰ</span> <span class='ocrx_word' id='word_1_111' title='bbox 1108 1206 1207 1272; x_wconf 80' lang='grc' dir='ltr'><strong>τὴν</strong></span> <span class='ocrx_word' id='word_1_112' title='bbox 1260 1209 1452 1281; x_wconf 75' lang='grc' dir='ltr'>ἡδονὴν</span> <span class='ocrx_word' id='word_1_113' title='bbox 1482 1214 1751 1285; x_wconf 64' lang='grc' dir='ltr'>τιθεμένῳ</span> <span class='ocrx_word' id='word_1_114' title='bbox 1781 1216 1880 1269; x_wconf 85' lang='grc' dir='ltr'><strong>τὰ·</strong></span> 
     </span>
    </p>
   </div>
   <div class='ocr_carea' id='block_1_10' title="bbox 303 1286 1880 1375">
    <p class='ocr_par' dir='ltr' id='par_1_10' title="bbox 303 1286 1880 1375">
     <span class='ocr_line' id='line_1_12' title="bbox 303 1286 1880 1375; baseline 0.012 -35"><span class='ocrx_word' id='word_1_115' title='bbox 303 1286 491 1353; x_wconf 81' lang='grc' dir='ltr'>γαθὸν,</span> <span class='ocrx_word' id='word_1_116' title='bbox 525 1291 867 1357; x_wconf 73' lang='grc' dir='ltr'><strong>προστιθέντι</strong></span> <span class='ocrx_word' id='word_1_117' title='bbox 905 1295 961 1348; x_wconf 82' lang='grc' dir='ltr'>δὲ</span> <span class='ocrx_word' id='word_1_118' title='bbox 991 1296 1056 1368; x_wconf 80' lang='grc' dir='ltr'>δὴ</span> <span class='ocrx_word' id='word_1_119' title='bbox 1085 1298 1178 1352; x_wconf 73' lang='grc' dir='ltr'><strong>καὶ</strong></span> <span class='ocrx_word' id='word_1_120' title='bbox 1203 1300 1297 1370; x_wconf 84' lang='grc' dir='ltr'><strong>τὴν</strong></span> <span class='ocrx_word' id='word_1_121' title='bbox 1324 1303 1668 1375; x_wconf 74' lang='grc' dir='ltr'>θεωρητικήν</span> <span class='ocrx_word' id='word_1_122' title='bbox 1695 1324 1707 1371; x_wconf 86' lang='grc'><strong>;</strong></span> <span class='ocrx_word' id='word_1_123' title='bbox 1744 1308 1880 1361; x_wconf 87' lang='grc' dir='ltr'>Καί-</span> 
     </span>
    </p>
   </div>
   <div class='ocr_carea' id='block_1_11' title="bbox 302 1379 1879 1469">
    <p class='ocr_par' dir='ltr' id='par_1_11' title="bbox 302 1379 1879 1469">
     <span class='ocr_line' id='line_1_13' title="bbox 302 1379 1879 1469; baseline 0.015 -39"><span class='ocrx_word' id='word_1_124' title='bbox 302 1394 385 1432; x_wconf 85' lang='grc' dir='ltr'><strong>τοι</strong></span> <span class='ocrx_word' id='word_1_125' title='bbox 422 1379 470 1431; x_wconf 80' lang='grc' dir='ltr'><strong>εί</strong></span> <span class='ocrx_word' id='word_1_126' title='bbox 502 1381 665 1455; x_wconf 78' lang='grc' dir='ltr'>ἡδονὴ</span> <span class='ocrx_word' id='word_1_127' title='bbox 698 1383 732 1453; x_wconf 79' lang='grc' dir='ltr'>ἦ</span> <span class='ocrx_word' id='word_1_128' title='bbox 780 1402 844 1453; x_wconf 84' lang='grc' dir='ltr'>γε</span> <span class='ocrx_word' id='word_1_129' title='bbox 878 1385 1185 1459; x_wconf 76' lang='grc' dir='ltr'>θεωρητικὴ</span> <span class='ocrx_word' id='word_1_130' title='bbox 1226 1382 1466 1461; x_wconf 72' lang='grc' dir='ltr'>τάγαθόν</span> <span class='ocrx_word' id='word_1_131' title='bbox 1496 1395 1664 1464; x_wconf 77' lang='grc' dir='ltr'>ἐστιν,</span> <span class='ocrx_word' id='word_1_132' title='bbox 1701 1400 1748 1450; x_wconf 84' lang='grc' dir='ltr'><strong>εί</strong></span> <span class='ocrx_word' id='word_1_133' title='bbox 1778 1401 1879 1469; x_wconf 76' lang='grc' dir='ltr'><strong>μὲν</strong></span> 
     </span>
    </p>
   </div>
   <div class='ocr_carea' id='block_1_12' title="bbox 303 1467 1876 1549">
    <p class='ocr_par' dir='ltr' id='par_1_12' title="bbox 303 1467 1876 1549">
     <span class='ocr_line' id='line_1_14' title="bbox 303 1467 1876 1549; baseline 0.015 -30"><span class='ocrx_word' id='word_1_134' title='bbox 303 1467 533 1520; x_wconf 75' lang='grc' dir='ltr'><strong>καθόσον</strong></span> <span class='ocrx_word' id='word_1_135' title='bbox 560 1469 868 1544; x_wconf 82' lang='grc' dir='ltr'>θεωρητικὴ</span> <span class='ocrx_word' id='word_1_136' title='bbox 895 1475 928 1545; x_wconf 76' lang='grc' dir='ltr'>ἦ</span> <span class='ocrx_word' id='word_1_137' title='bbox 963 1493 1024 1543; x_wconf 89' lang='grc' dir='ltr'>γε</span> <span class='ocrx_word' id='word_1_138' title='bbox 1055 1478 1213 1549; x_wconf 78' lang='grc' dir='ltr'>ἡδονὴ</span> <span class='ocrx_word' id='word_1_139' title='bbox 1241 1481 1444 1547; x_wconf 86' lang='grc' dir='ltr'>ἀγαθόν</span> <span class='ocrx_word' id='word_1_140' title='bbox 1475 1486 1612 1548; x_wconf 82' lang='grc' dir='ltr'>ἐστι,</span> <span class='ocrx_word' id='word_1_141' title='bbox 1640 1488 1699 1539; x_wconf 57' lang='lat' dir='ltr'><strong>ea</strong></span> <span class='ocrx_word' id='word_1_142' title='bbox 1739 1467 1876 1541; x_wconf 73' lang='grc' dir='ltr'>θεω-</span> 
     </span>
    </p>
   </div>
   <div class='ocr_carea' id='block_1_13' title="bbox 303 1560 1877 1648">
    <p class='ocr_par' dir='ltr' id='par_1_13' title="bbox 303 1560 1877 1648">
     <span class='ocr_line' id='line_1_15' title="bbox 303 1560 1877 1648; baseline 0.002 -22"><span class='ocrx_word' id='word_1_143' title='bbox 303 1560 419 1626; x_wconf 81' lang='grc' dir='ltr'><strong>ρεῖν</strong></span> <span class='ocrx_word' id='word_1_144' title='bbox 444 1560 632 1624; x_wconf 75' lang='grc' dir='ltr'>ἅπλῶς</span> <span class='ocrx_word' id='word_1_145' title='bbox 662 1562 728 1615; x_wconf 80' lang='grc' dir='ltr'>ἆν</span> <span class='ocrx_word' id='word_1_146' title='bbox 754 1564 838 1634; x_wconf 74' lang='grc' dir='ltr'>εἴη</span> <span class='ocrx_word' id='word_1_147' title='bbox 878 1566 1139 1634; x_wconf 76' lang='grc' dir='ltr'>τάγαθὸν,</span> <span class='ocrx_word' id='word_1_148' title='bbox 1174 1569 1239 1622; x_wconf 82' lang='grc' dir='ltr'>ἄν</span> <span class='ocrx_word' id='word_1_149' title='bbox 1272 1588 1329 1623; x_wconf 90' lang='grc' dir='ltr'><strong>τε</strong></span> <span class='ocrx_word' id='word_1_150' title='bbox 1369 1573 1529 1644; x_wconf 69' lang='grc' dir='ltr'>ἡδονὴ</span> <span class='ocrx_word' id='word_1_151' title='bbox 1564 1574 1711 1645; x_wconf 80' lang='grc' dir='ltr'>αὐτῷ</span> <span class='ocrx_word' id='word_1_152' title='bbox 1739 1578 1877 1648; x_wconf 76' lang='grc' dir='ltr'>ἕπη-</span> 
     </span>
    </p>
   </div>
   <div class='ocr_carea' id='block_1_14' title="bbox 299 1650 1874 1742">
    <p class='ocr_par' dir='ltr' id='par_1_14' title="bbox 299 1650 1874 1742">
     <span class='ocr_line' id='line_1_16' title="bbox 299 1650 1874 1742; baseline 0.017 -43"><span class='ocrx_word' id='word_1_153' title='bbox 299 1663 413 1712; x_wconf 87' lang='grc' dir='ltr'>ται,</span> <span class='ocrx_word' id='word_1_154' title='bbox 462 1650 525 1703; x_wconf 76' lang='grc' dir='ltr'>ἄν</span> <span class='ocrx_word' id='word_1_155' title='bbox 578 1669 637 1704; x_wconf 89' lang='grc' dir='ltr'><strong>τε</strong></span> <span class='ocrx_word' id='word_1_156' title='bbox 689 1656 781 1707; x_wconf 79' lang='grc' dir='ltr'>καὶ</span> <span class='ocrx_word' id='word_1_157' title='bbox 816 1656 913 1727; x_wconf 82' lang='grc' dir='ltr'><strong>μή·</strong></span> <span class='ocrx_word' id='word_1_158' title='bbox 942 1659 991 1709; x_wconf 85' lang='grc' dir='ltr'><strong>εί</strong></span> <span class='ocrx_word' id='word_1_159' title='bbox 1035 1658 1091 1711; x_wconf 81' lang='grc' dir='ltr'>δὲ</span> <span class='ocrx_word' id='word_1_160' title='bbox 1138 1660 1199 1712; x_wconf 75' lang='grc' dir='ltr'>τὸ</span> <span class='ocrx_word' id='word_1_161' title='bbox 1244 1663 1471 1733; x_wconf 79' lang='grc' dir='ltr'><strong>θεωρεῖν</strong></span> <span class='ocrx_word' id='word_1_162' title='bbox 1502 1667 1732 1721; x_wconf 70' lang='grc' dir='ltr'>καθόσον</span> <span class='ocrx_word' id='word_1_163' title='bbox 1777 1672 1874 1742; x_wconf 73' lang='grc' dir='ltr'>ἡδὺ</span> 
     </span>
    </p>
   </div>
   <div class='ocr_carea' id='block_1_15' title="bbox 298 1740 1874 1827">
    <p class='ocr_par' dir='ltr' id='par_1_15' title="bbox 298 1740 1874 1827">
     <span class='ocr_line' id='line_1_17' title="bbox 298 1740 1874 1827; baseline 0.016 -37"><span class='ocrx_word' id='word_1_164' title='bbox 298 1740 500 1807; x_wconf 80' lang='grc' dir='ltr'>ἀγαθόν</span> <span class='ocrx_word' id='word_1_165' title='bbox 526 1742 659 1807; x_wconf 77' lang='grc' dir='ltr'>ἐστι,</span> <span class='ocrx_word' id='word_1_166' title='bbox 705 1747 737 1817; x_wconf 82' lang='grc' dir='ltr'>ἡ</span> <span class='ocrx_word' id='word_1_167' title='bbox 767 1747 927 1820; x_wconf 79' lang='grc' dir='ltr'>ἡδονὴ</span> <span class='ocrx_word' id='word_1_168' title='bbox 958 1750 1023 1803; x_wconf 80' lang='grc' dir='ltr'>αὖ</span> <span class='ocrx_word' id='word_1_169' title='bbox 1066 1753 1149 1822; x_wconf 78' lang='grc' dir='ltr'>εἴη</span> <span class='ocrx_word' id='word_1_170' title='bbox 1200 1752 1266 1805; x_wconf 85' lang='grc' dir='ltr'><strong>ἂν</strong></span> <span class='ocrx_word' id='word_1_171' title='bbox 1298 1754 1485 1819; x_wconf 72' lang='grc' dir='ltr'>ἁπλῶς</span> <span class='ocrx_word' id='word_1_172' title='bbox 1516 1759 1776 1827; x_wconf 76' lang='grc' dir='ltr'>τάγαθὸν,</span> <span class='ocrx_word' id='word_1_173' title='bbox 1798 1740 1874 1815; x_wconf 18' lang='grc' dir='ltr'><strong>*ἄν</strong></span> 
     </span>
    </p>
   </div>
   <div class='ocr_carea' id='block_1_16' title="bbox 295 1831 1869 1921">
    <p class='ocr_par' dir='ltr' id='par_1_16' title="bbox 295 1831 1869 1921">
     <span class='ocr_line' id='line_1_18' title="bbox 295 1831 1869 1921; baseline 0.015 -40"><span class='ocrx_word' id='word_1_174' title='bbox 295 1846 356 1882; x_wconf 82' lang='grc' dir='ltr'><strong>τε</strong></span> <span class='ocrx_word' id='word_1_175' title='bbox 381 1831 678 1900; x_wconf 81' lang='grc' dir='ltr'>θεωροῦσιν</span> <span class='ocrx_word' id='word_1_176' title='bbox 710 1836 859 1906; x_wconf 80' lang='grc' dir='ltr'>ἡμῖν,</span> <span class='ocrx_word' id='word_1_177' title='bbox 892 1839 957 1893; x_wconf 79' lang='grc' dir='ltr'>ἄν</span> <span class='ocrx_word' id='word_1_178' title='bbox 983 1841 1031 1892; x_wconf 80' lang='grc' dir='ltr'>τ’</span> <span class='ocrx_word' id='word_1_179' title='bbox 1065 1842 1193 1921; x_wconf 79' lang='grc' dir='ltr'>ἄλλο</span> <span class='ocrx_word' id='word_1_180' title='bbox 1221 1861 1271 1896; x_wconf 86' lang='grc' dir='ltr'><strong>τι</strong></span> <span class='ocrx_word' id='word_1_181' title='bbox 1311 1846 1611 1914; x_wconf 82' lang='grc' dir='ltr'>πράττουσι</span> <span class='ocrx_word' id='word_1_182' title='bbox 1642 1852 1869 1921; x_wconf 72' lang='grc' dir='ltr'>συμὸαί-</span> 
     </span>
    </p>
   </div>
   <div class='ocr_carea' id='block_1_17' title="bbox 296 1918 1873 2006">
    <p class='ocr_par' dir='ltr' id='par_1_17' title="bbox 296 1918 1873 2006">
     <span class='ocr_line' id='line_1_19' title="bbox 296 1918 1873 2006; baseline 0.011 -36"><span class='ocrx_word' id='word_1_183' title='bbox 296 1932 383 1989; x_wconf 82' lang='grc' dir='ltr'><strong>νῃ.</strong></span> <span class='ocrx_word' id='word_1_184' title='bbox 422 1920 575 1974; x_wconf 77' lang='grc' dir='ltr'>Κατὰ</span> <span class='ocrx_word' id='word_1_185' title='bbox 611 1922 655 1974; x_wconf 90' lang='grc' dir='ltr'>δ’</span> <span class='ocrx_word' id='word_1_186' title='bbox 692 1925 1004 1996; x_wconf 77' lang='grc' dir='ltr'>ἀμφότερον</span> <span class='ocrx_word' id='word_1_187' title='bbox 1039 1929 1137 1997; x_wconf 81' lang='grc' dir='ltr'><strong>τὴν</strong></span> <span class='ocrx_word' id='word_1_188' title='bbox 1154 1918 1514 2000; x_wconf 77' lang='grc' dir='ltr'>’θεωρητικὴν</span> <span class='ocrx_word' id='word_1_189' title='bbox 1546 1918 1743 2006; x_wconf 73' lang='grc' dir='ltr'>ἡδονὴν</span> <span class='ocrx_word' id='word_1_190' title='bbox 1778 1940 1873 1990; x_wconf 68' lang='grc' dir='ltr'>καὶ</span> 
     </span>
    </p>
   </div>
   <div class='ocr_carea' id='block_1_18' title="bbox 297 2010 1868 2098">
    <p class='ocr_par' dir='ltr' id='par_1_18' title="bbox 297 2010 1868 2098">
     <span class='ocr_line' id='line_1_20' title="bbox 297 2010 1868 2098; baseline 0.011 -36"><span class='ocrx_word' id='word_1_191' title='bbox 297 2010 529 2064; x_wconf 80' lang='grc' dir='ltr'>καθόσον</span> <span class='ocrx_word' id='word_1_192' title='bbox 547 2013 911 2086; x_wconf 81' lang='grc' dir='ltr'>θεωρητικὴν,</span> <span class='ocrx_word' id='word_1_193' title='bbox 948 2019 1039 2071; x_wconf 69' lang='grc' dir='ltr'><strong>καὶ</strong></span> <span class='ocrx_word' id='word_1_194' title='bbox 1070 2020 1302 2073; x_wconf 80' lang='grc' dir='ltr'>καθόσον</span> <span class='ocrx_word' id='word_1_195' title='bbox 1330 2022 1525 2093; x_wconf 80' lang='grc' dir='ltr'>ἡδονὴν</span> <span class='ocrx_word' id='word_1_196' title='bbox 1560 2026 1868 2098; x_wconf 71' lang='grc' dir='ltr'>ἀμήχανον,</span> 
     </span>
    </p>
   </div>
   <div class='ocr_carea' id='block_1_19' title="bbox 291 2104 1872 2190">
    <p class='ocr_par' dir='ltr' id='par_1_19' title="bbox 291 2104 1872 2190">
     <span class='ocr_line' id='line_1_21' title="bbox 291 2104 1872 2190; baseline 0.011 -36"><span class='ocrx_word' id='word_1_197' title='bbox 291 2105 343 2154; x_wconf 80' lang='grc' dir='ltr'><strong>εί</strong></span> <span class='ocrx_word' id='word_1_198' title='bbox 384 2104 460 2173; x_wconf 81' lang='grc' dir='ltr'>μὴ</span> <span class='ocrx_word' id='word_1_199' title='bbox 501 2105 624 2158; x_wconf 84' lang='grc' dir='ltr'>καθ’</span> <span class='ocrx_word' id='word_1_200' title='bbox 650 2106 836 2177; x_wconf 74' lang='grc' dir='ltr'>ἕτερόν</span> <span class='ocrx_word' id='word_1_201' title='bbox 875 2127 927 2161; x_wconf 87' lang='grc' dir='ltr'><strong>τι</strong></span> <span class='ocrx_word' id='word_1_202' title='bbox 962 2110 1022 2161; x_wconf 82' lang='grc' dir='ltr'>ἓν</span> <span class='ocrx_word' id='word_1_203' title='bbox 1072 2111 1166 2163; x_wconf 76' lang='grc' dir='ltr'>καὶ</span> <span class='ocrx_word' id='word_1_204' title='bbox 1215 2113 1414 2179; x_wconf 79' lang='grc' dir='ltr'>κοινὸν,</span> <span class='ocrx_word' id='word_1_205' title='bbox 1452 2114 1480 2167; x_wconf 84' lang='grc' dir='ltr'>ὃ</span> <span class='ocrx_word' id='word_1_206' title='bbox 1509 2118 1713 2190; x_wconf 70' lang='grc' dir='ltr'>αμφοῖν</span> <span class='ocrx_word' id='word_1_207' title='bbox 1749 2118 1872 2171; x_wconf 82' lang='grc' dir='ltr'>τού-</span> 
     </span>
    </p>
   </div>
   <div class='ocr_carea' id='block_1_20' title="bbox 292 2196 1870 2281">
    <p class='ocr_par' dir='ltr' id='par_1_20' title="bbox 292 2196 1870 2281">
     <span class='ocr_line' id='line_1_22' title="bbox 292 2196 1870 2281; baseline 0.011 -34"><span class='ocrx_word' id='word_1_208' title='bbox 292 2211 408 2247; x_wconf 82' lang='grc' dir='ltr'>τοιν</span> <span class='ocrx_word' id='word_1_209' title='bbox 455 2196 712 2266; x_wconf 82' lang='grc' dir='ltr'>ὑπάρξοι.</span> <span class='ocrx_word' id='word_1_210' title='bbox 773 2200 869 2253; x_wconf 83' lang='grc' dir='ltr'><strong>’Ἐν</strong></span> <span class='ocrx_word' id='word_1_211' title='bbox 931 2203 1036 2271; x_wconf 78' lang='grc' dir='ltr'>γάρ</span> <span class='ocrx_word' id='word_1_212' title='bbox 1074 2218 1127 2254; x_wconf 85' lang='grc' dir='ltr'><strong>τι</strong></span> <span class='ocrx_word' id='word_1_213' title='bbox 1176 2206 1256 2256; x_wconf 86' lang='grc' dir='ltr'><strong>δεῖ</strong></span> <span class='ocrx_word' id='word_1_214' title='bbox 1298 2201 1437 2259; x_wconf 74' lang='grc' dir='ltr'>εἶναι</span> <span class='ocrx_word' id='word_1_215' title='bbox 1490 2209 1584 2260; x_wconf 72' lang='grc' dir='ltr'><strong>καὶ</strong></span> <span class='ocrx_word' id='word_1_216' title='bbox 1640 2208 1700 2262; x_wconf 82' lang='grc' dir='ltr'>τὸ</span> <span class='ocrx_word' id='word_1_217' title='bbox 1741 2213 1870 2281; x_wconf 77' lang='grc' dir='ltr'>ἡμῖν</span> 
     </span>
    </p>
   </div>
   <div class='ocr_carea' id='block_1_21' title="bbox 288 2287 1866 2363">
    <p class='ocr_par' dir='ltr' id='par_1_21' title="bbox 288 2287 1866 2363">
     <span class='ocr_line' id='line_1_23' title="bbox 288 2287 1866 2363; baseline 0.011 -26"><span class='ocrx_word' id='word_1_218' title='bbox 288 2287 501 2339; x_wconf 80' lang='grc' dir='ltr'>ἄνωθέν</span> <span class='ocrx_word' id='word_1_219' title='bbox 540 2305 599 2340; x_wconf 88' lang='grc' dir='ltr'><strong>τε</strong></span> <span class='ocrx_word' id='word_1_220' title='bbox 654 2291 751 2342; x_wconf 60' lang='grc' dir='ltr'><strong>καὶ⁹</strong></span> <span class='ocrx_word' id='word_1_221' title='bbox 799 2291 907 2344; x_wconf 82' lang='grc' dir='ltr'><strong>ἀπὸ</strong></span> <span class='ocrx_word' id='word_1_222' title='bbox 950 2292 1046 2346; x_wconf 86' lang='grc' dir='ltr'><strong>τοῦ</strong></span> <span class='ocrx_word' id='word_1_223' title='bbox 1102 2294 1431 2363; x_wconf 77' lang='grc' dir='ltr'>ὕπερουσίου</span> <span class='ocrx_word' id='word_1_224' title='bbox 1494 2299 1612 2362; x_wconf 79' lang='grc' dir='ltr'>ἑνός</span> <span class='ocrx_word' id='word_1_225' title='bbox 1664 2319 1723 2354; x_wconf 90' lang='grc' dir='ltr'><strong>τε</strong></span> <span class='ocrx_word' id='word_1_226' title='bbox 1771 2306 1866 2355; x_wconf 81' lang='grc' dir='ltr'><strong>καὶ</strong></span> 
     </span>
    </p>
   </div>
   <div class='ocr_carea' id='block_1_22' title="bbox 286 2377 1865 2460">
    <p class='ocr_par' dir='ltr' id='par_1_22' title="bbox 286 2377 1865 2460">
     <span class='ocr_line' id='line_1_24' title="bbox 286 2377 1865 2460; baseline 0.01 -31"><span class='ocrx_word' id='word_1_227' title='bbox 286 2377 507 2446; x_wconf 79' lang='grc' dir='ltr'>ἀγαθοῦ</span> <span class='ocrx_word' id='word_1_228' title='bbox 541 2380 748 2449; x_wconf 80' lang='grc' dir='ltr'>ὲφῆκον</span> <span class='ocrx_word' id='word_1_229' title='bbox 799 2383 1031 2451; x_wconf 82' lang='grc' dir='ltr'>ἀγαθόν.</span> <span class='ocrx_word' id='word_1_230' title='bbox 1088 2387 1180 2438; x_wconf 85' lang='grc' dir='ltr'>Διδ</span> <span class='ocrx_word' id='word_1_231' title='bbox 1228 2389 1321 2440; x_wconf 73' lang='grc' dir='ltr'>καὶ</span> <span class='ocrx_word' id='word_1_232' title='bbox 1372 2389 1541 2443; x_wconf 84' lang='grc' dir='ltr'>τᾶλλα</span> <span class='ocrx_word' id='word_1_233' title='bbox 1593 2394 1723 2460; x_wconf 72' lang='grc' dir='ltr'>ἡμῖν</span> <span class='ocrx_word' id='word_1_234' title='bbox 1771 2393 1865 2447; x_wconf 81' lang='grc' dir='ltr'><strong>τοῦ</strong></span> 
     </span>
    </p>
   </div>
   <div class='ocr_carea' id='block_1_23' title="bbox 286 2472 1867 2553">
    <p class='ocr_par' dir='ltr' id='par_1_23' title="bbox 286 2472 1867 2553">
     <span class='ocr_line' id='line_1_25' title="bbox 286 2472 1867 2553; baseline 0.009 -27"><span class='ocrx_word' id='word_1_235' title='bbox 286 2472 455 2526; x_wconf 83' lang='grc' dir='ltr'>αὐτοῦ</span> <span class='ocrx_word' id='word_1_236' title='bbox 508 2473 810 2543; x_wconf 82' lang='grc' dir='ltr'>μετέχοντα</span> <span class='ocrx_word' id='word_1_237' title='bbox 858 2478 1042 2545; x_wconf 79' lang='grc' dir='ltr'>ἀγαθὰ</span> <span class='ocrx_word' id='word_1_238' title='bbox 1100 2480 1275 2534; x_wconf 80' lang='grc' dir='ltr'>ἔσται.</span> <span class='ocrx_word' id='word_1_239' title='bbox 1323 2481 1517 2551; x_wconf 80' lang='grc' dir='ltr'>Ἡμεῖς</span> <span class='ocrx_word' id='word_1_240' title='bbox 1550 2484 1650 2553; x_wconf 85' lang='grc' dir='ltr'>μὲν</span> <span class='ocrx_word' id='word_1_241' title='bbox 1679 2483 1774 2539; x_wconf 80' lang='grc' dir='ltr'><strong>οὖν</strong></span> <span class='ocrx_word' id='word_1_242' title='bbox 1805 2486 1867 2541; x_wconf 86' lang='grc' dir='ltr'><strong>τὸ</strong></span> 
     </span>
    </p>
   </div>
   <div class='ocr_carea' id='block_1_24' title="bbox 284 2563 1862 2647">
    <p class='ocr_par' dir='ltr' id='par_1_24' title="bbox 284 2563 1862 2647">
     <span class='ocr_line' id='line_1_26' title="bbox 284 2563 1862 2647; baseline 0.009 -30"><span class='ocrx_word' id='word_1_243' title='bbox 284 2564 453 2617; x_wconf 78' lang='grc' dir='ltr'>καλὸν</span> <span class='ocrx_word' id='word_1_244' title='bbox 482 2566 614 2619; x_wconf 80' lang='grc' dir='ltr'>αὐτὸ</span> <span class='ocrx_word' id='word_1_245' title='bbox 640 2563 779 2621; x_wconf 70' lang='grc' dir='ltr'>εἶναι</span> <span class='ocrx_word' id='word_1_246' title='bbox 812 2587 1016 2639; x_wconf 79' lang='grc' dir='ltr'>φαμεν,</span> <span class='ocrx_word' id='word_1_247' title='bbox 1046 2567 1109 2626; x_wconf 72' lang='grc' dir='ltr'>οὗ</span> <span class='ocrx_word' id='word_1_248' title='bbox 1140 2576 1235 2627; x_wconf 69' lang='grc' dir='ltr'>καὶ</span> <span class='ocrx_word' id='word_1_249' title='bbox 1285 2574 1488 2647; x_wconf 80' lang='grc' dir='ltr'>θεωρία</span> <span class='ocrx_word' id='word_1_250' title='bbox 1518 2577 1862 2647; x_wconf 67' lang='grc' dir='ltr'>μετασχοῦσι</span> 
     </span>
    </p>
   </div>
   <div class='ocr_carea' id='block_1_25' title="bbox 284 2657 1862 2731">
    <p class='ocr_par' dir='ltr' id='par_1_25' title="bbox 284 2657 1862 2731">
     <span class='ocr_line' id='line_1_27' title="bbox 284 2657 1862 2731; baseline 0.01 -23"><span class='ocrx_word' id='word_1_251' title='bbox 284 2657 488 2724; x_wconf 85' lang='grc' dir='ltr'>ἀγαθόν</span> <span class='ocrx_word' id='word_1_252' title='bbox 526 2659 640 2710; x_wconf 65' lang='grc' dir='ltr'>ἐστι</span> <span class='ocrx_word' id='word_1_253' title='bbox 685 2661 781 2713; x_wconf 77' lang='grc' dir='ltr'><strong>καὶ</strong></span> <span class='ocrx_word' id='word_1_254' title='bbox 831 2662 993 2731; x_wconf 79' lang='grc' dir='ltr'>ἡδονὴ</span> <span class='ocrx_word' id='word_1_255' title='bbox 1040 2665 1136 2718; x_wconf 79' lang='grc' dir='ltr'>καὶ</span> <span class='ocrx_word' id='word_1_256' title='bbox 1174 2666 1303 2719; x_wconf 77' lang='grc' dir='ltr'>ἄλλο</span> <span class='ocrx_word' id='word_1_257' title='bbox 1359 2670 1469 2720; x_wconf 82' lang='grc' dir='ltr'>πᾶν</span> <span class='ocrx_word' id='word_1_258' title='bbox 1515 2670 1714 2722; x_wconf 69' lang='grc' dir='ltr'>δτιοῦψ</span> <span class='ocrx_word' id='word_1_259' title='bbox 1741 2670 1862 2723; x_wconf 83' lang='grc' dir='ltr'>ἀλλ’</span> 
     </span>
    </p>
   </div>
   <div class='ocr_carea' id='block_1_26' title="bbox 298 2748 1861 2832">
    <p class='ocr_par' dir='ltr' id='par_1_26' title="bbox 298 2748 1861 2832">
     <span class='ocr_line' id='line_1_28' title="bbox 298 2748 1861 2832; baseline 0.009 -31"><span class='ocrx_word' id='word_1_260' title='bbox 298 2748 677 2821; x_wconf 81' lang='grc' dir='ltr'>Ἀριστοτέλης</span> <span class='ocrx_word' id='word_1_261' title='bbox 727 2752 870 2806; x_wconf 76' lang='grc' dir='ltr'>ἔοικε</span> <span class='ocrx_word' id='word_1_262' title='bbox 908 2754 995 2809; x_wconf 78' lang='grc' dir='ltr'>διὰ</span> <span class='ocrx_word' id='word_1_263' title='bbox 1023 2756 1181 2809; x_wconf 84' lang='grc' dir='ltr'>τοῦτο</span> <span class='ocrx_word' id='word_1_264' title='bbox 1214 2760 1279 2827; x_wconf 78' lang='grc' dir='ltr'>τῇ</span> <span class='ocrx_word' id='word_1_265' title='bbox 1323 2760 1484 2831; x_wconf 78' lang='grc' dir='ltr'>ήδονῇ</span> <span class='ocrx_word' id='word_1_266' title='bbox 1539 2761 1599 2813; x_wconf 83' lang='grc' dir='ltr'><strong>τὸ</strong></span> <span class='ocrx_word' id='word_1_267' title='bbox 1649 2764 1861 2832; x_wconf 84' lang='grc' dir='ltr'>θεωρη-</span> 
     </span>
    </p>
   </div>
   <div class='ocr_carea' id='block_1_27' title="bbox 283 2841 1858 2927">
    <p class='ocr_par' dir='ltr' id='par_1_27' title="bbox 283 2841 1858 2927">
     <span class='ocr_line' id='line_1_29' title="bbox 283 2841 1858 2927; baseline 0.011 -36"><span class='ocrx_word' id='word_1_268' title='bbox 283 2841 434 2892; x_wconf 74' lang='grc' dir='ltr'>τικὸν</span> <span class='ocrx_word' id='word_1_269' title='bbox 465 2842 914 2913; x_wconf 80' lang='grc' dir='ltr'>προστεθεικέναι</span> <span class='ocrx_word' id='word_1_270' title='bbox 947 2847 1034 2900; x_wconf 82' lang='grc' dir='ltr'><strong>ἵνα</strong></span> <span class='ocrx_word' id='word_1_271' title='bbox 1065 2848 1165 2915; x_wconf 85' lang='grc' dir='ltr'>τὴν</span> <span class='ocrx_word' id='word_1_272' title='bbox 1191 2850 1401 2904; x_wconf 80' lang='grc' dir='ltr'>οἰκείαν</span> <span class='ocrx_word' id='word_1_273' title='bbox 1443 2855 1573 2923; x_wconf 75' lang='grc' dir='ltr'>ἡμῖν</span> <span class='ocrx_word' id='word_1_274' title='bbox 1639 2854 1858 2927; x_wconf 83' lang='grc' dir='ltr'><strong>δηλώσῃ</strong></span> 
     </span>
    </p>
   </div>
   <div class='ocr_carea' id='block_1_28' title="bbox 282 2931 1859 3016">
    <p class='ocr_par' dir='ltr' id='par_1_28' title="bbox 282 2931 1859 3016">
     <span class='ocr_line' id='line_1_30' title="bbox 282 2931 1859 3016; baseline 0.011 -33"><span class='ocrx_word' id='word_1_275' title='bbox 282 2931 477 3003; x_wconf 72' lang='grc' dir='ltr'>ἡδονὴν</span> <span class='ocrx_word' id='word_1_276' title='bbox 524 2934 587 2987; x_wconf 79' lang='grc' dir='ltr'>τὸ</span> <span class='ocrx_word' id='word_1_277' title='bbox 646 2936 918 3007; x_wconf 71' lang='grc' dir='ltr'>ἡμέτερον</span> <span class='ocrx_word' id='word_1_278' title='bbox 950 2939 1154 3008; x_wconf 68' lang='grc' dir='ltr'>ἀγαθὸν</span> <span class='ocrx_word' id='word_1_279' title='bbox 1208 2937 1397 3009; x_wconf 81' lang='grc' dir='ltr'>οὖσαν,</span> <span class='ocrx_word' id='word_1_280' title='bbox 1427 2944 1502 3007; x_wconf 86' lang='grc' dir='ltr'>ὠς</span> <span class='ocrx_word' id='word_1_281' title='bbox 1542 2945 1602 2996; x_wconf 79' lang='grc' dir='ltr'><strong>τὸ</strong></span> <span class='ocrx_word' id='word_1_282' title='bbox 1632 2945 1859 3016; x_wconf 83' lang='grc' dir='ltr'>θεωρεῖν</span> 
     </span>
    </p>
   </div>
   <div class='ocr_carea' id='block_1_29' title="bbox 279 3025 1855 3105">
    <p class='ocr_par' dir='ltr' id='par_1_29' title="bbox 279 3025 1855 3105">
     <span class='ocr_line' id='line_1_31' title="bbox 279 3025 1855 3105; baseline 0.01 -29"><span class='ocrx_word' id='word_1_283' title='bbox 279 3025 547 3095; x_wconf 76' lang='grc' dir='ltr'>ἡμέτερον</span> <span class='ocrx_word' id='word_1_284' title='bbox 582 3026 817 3095; x_wconf 76' lang='grc' dir='ltr'>μάλιστα</span> <span class='ocrx_word' id='word_1_285' title='bbox 877 3031 1038 3099; x_wconf 80' lang='grc' dir='ltr'>ἔργον</span> <span class='ocrx_word' id='word_1_286' title='bbox 1080 3031 1161 3086; x_wconf 84' lang='grc' dir='ltr'>δν.</span> <span class='ocrx_word' id='word_1_287' title='bbox 1219 3034 1311 3086; x_wconf 88' lang='grc' dir='ltr'>Δεῖ</span> <span class='ocrx_word' id='word_1_288' title='bbox 1365 3036 1471 3105; x_wconf 82' lang='grc' dir='ltr'><strong>γὰρ</strong></span> <span class='ocrx_word' id='word_1_289' title='bbox 1524 3038 1764 3105; x_wconf 79' lang='grc' dir='ltr'>τάγαθὸν</span> <span class='ocrx_word' id='word_1_290' title='bbox 1795 3040 1855 3092; x_wconf 85' lang='grc' dir='ltr'><strong>οὐ</strong></span> 
     </span>
    </p>
   </div>
   <div class='ocr_carea' id='block_1_30' title="bbox 280 3116 1856 3199">
    <p class='ocr_par' dir='ltr' id='par_1_30' title="bbox 280 3116 1856 3199">
     <span class='ocr_line' id='line_1_32' title="bbox 280 3116 1856 3199; baseline 0.011 -34"><span class='ocrx_word' id='word_1_291' title='bbox 280 3116 440 3185; x_wconf 83' lang='grc' dir='ltr'>μόνον</span> <span class='ocrx_word' id='word_1_292' title='bbox 478 3117 706 3184; x_wconf 73' lang='grc' dir='ltr'>ἀγαθὸν,</span> <span class='ocrx_word' id='word_1_293' title='bbox 740 3118 874 3172; x_wconf 82' lang='grc' dir='ltr'>ἀλλὰ</span> <span class='ocrx_word' id='word_1_294' title='bbox 931 3122 1023 3173; x_wconf 74' lang='grc' dir='ltr'><strong>καὶ</strong></span> <span class='ocrx_word' id='word_1_295' title='bbox 1077 3124 1207 3194; x_wconf 75' lang='grc' dir='ltr'>ἡμῖν</span> <span class='ocrx_word' id='word_1_296' title='bbox 1258 3142 1316 3178; x_wconf 85' lang='grc' dir='ltr'><strong>τε</strong></span> <span class='ocrx_word' id='word_1_297' title='bbox 1356 3129 1451 3179; x_wconf 79' lang='grc' dir='ltr'>καὶ</span> <span class='ocrx_word' id='word_1_298' title='bbox 1511 3130 1646 3196; x_wconf 85' lang='grc' dir='ltr'>πρὸς</span> <span class='ocrx_word' id='word_1_299' title='bbox 1705 3132 1856 3199; x_wconf 72' lang='grc' dir='ltr'>ἡμᾶς</span> 
     </span>
    </p>
   </div>
   <div class='ocr_carea' id='block_1_31' title="bbox 276 3202 1852 3287">
    <p class='ocr_par' dir='ltr' id='par_1_31' title="bbox 276 3202 1852 3287">
     <span class='ocr_line' id='line_1_33' title="bbox 276 3202 1852 3287; baseline 0.011 -30"><span class='ocrx_word' id='word_1_300' title='bbox 276 3202 440 3270; x_wconf 74' lang='grc' dir='ltr'>εἶναι,</span> <span class='ocrx_word' id='word_1_301' title='bbox 472 3209 519 3259; x_wconf 82' lang='grc' dir='ltr'>εἱ</span> <span class='ocrx_word' id='word_1_302' title='bbox 548 3208 732 3276; x_wconf 75' lang='grc' dir='ltr'>μέλλοι</span> <span class='ocrx_word' id='word_1_303' title='bbox 792 3210 884 3262; x_wconf 81' lang='grc' dir='ltr'><strong>καὶ</strong></span> <span class='ocrx_word' id='word_1_304' title='bbox 931 3212 1065 3281; x_wconf 80' lang='grc' dir='ltr'>ἡμῖν</span> <span class='ocrx_word' id='word_1_305' title='bbox 1097 3215 1314 3283; x_wconf 77' lang='grc' dir='ltr'>αἱρετὸν</span> <span class='ocrx_word' id='word_1_306' title='bbox 1344 3216 1587 3284; x_wconf 75' lang='grc' dir='ltr'>ἔσεσθαι,</span> <span class='ocrx_word' id='word_1_307' title='bbox 1616 3221 1678 3273; x_wconf 82' lang='grc' dir='ltr'><strong>οὐ</strong></span> <span class='ocrx_word' id='word_1_308' title='bbox 1716 3222 1852 3287; x_wconf 85' lang='grc' dir='ltr'>πολύ</span> 
     </span>
    </p>
   </div>
   <div class='ocr_carea' id='block_1_32' title="bbox 276 3298 1853 3381">
    <p class='ocr_par' dir='ltr' id='par_1_32' title="bbox 276 3298 1853 3381">
     <span class='ocr_line' id='line_1_34' title="bbox 276 3298 1853 3381; baseline 0.01 -32"><span class='ocrx_word' id='word_1_309' title='bbox 276 3314 330 3350; x_wconf 77' lang='grc' dir='ltr'><strong>τι</strong></span> <span class='ocrx_word' id='word_1_310' title='bbox 366 3298 619 3368; x_wconf 82' lang='grc' dir='ltr'>διάφορον</span> <span class='ocrx_word' id='word_1_311' title='bbox 673 3302 849 3368; x_wconf 75' lang='grc' dir='ltr'>λέγων</span> <span class='ocrx_word' id='word_1_312' title='bbox 882 3302 975 3354; x_wconf 82' lang='grc' dir='ltr'><strong>τοῦ</strong></span> <span class='ocrx_word' id='word_1_313' title='bbox 1010 3302 1363 3375; x_wconf 70' lang='grc' dir='ltr'>Ἐπικούρου,</span> <span class='ocrx_word' id='word_1_314' title='bbox 1399 3310 1456 3371; x_wconf 85' lang='grc' dir='ltr'>ὃς</span> <span class='ocrx_word' id='word_1_315' title='bbox 1496 3326 1598 3362; x_wconf 86' lang='grc' dir='ltr'><strong>που</strong></span> <span class='ocrx_word' id='word_1_316' title='bbox 1656 3311 1853 3381; x_wconf 79' lang='grc' dir='ltr'>ἡδονὴν</span> 
     </span>
    </p>
   </div>
   <div class='ocr_carea' id='block_1_33' title="bbox 273 3392 1853 3472">
    <p class='ocr_par' dir='ltr' id='par_1_33' title="bbox 273 3392 1853 3472">
     <span class='ocr_line' id='line_1_35' title="bbox 273 3392 1853 3472; baseline 0.009 -30"><span class='ocrx_word' id='word_1_317' title='bbox 273 3392 377 3459; x_wconf 79' lang='grc' dir='ltr'>τήν</span> <span class='ocrx_word' id='word_1_318' title='bbox 424 3408 487 3459; x_wconf 84' lang='grc' dir='ltr'>γε</span> <span class='ocrx_word' id='word_1_319' title='bbox 524 3393 765 3465; x_wconf 65' lang='grc' dir='ltr'><strong>ψυχικὴν</strong></span> <span class='ocrx_word' id='word_1_320' title='bbox 811 3393 1050 3462; x_wconf 74' lang='grc' dir='ltr'>τάγαθὸν</span> <span class='ocrx_word' id='word_1_321' title='bbox 1090 3396 1316 3453; x_wconf 82' lang='grc' dir='ltr'>τίθεται.</span> <span class='ocrx_word' id='word_1_322' title='bbox 1364 3400 1548 3453; x_wconf 81' lang='grc' dir='ltr'>Ἔοικε</span> <span class='ocrx_word' id='word_1_323' title='bbox 1600 3402 1708 3472; x_wconf 80' lang='grc' dir='ltr'><strong>γὰρ</strong></span> <span class='ocrx_word' id='word_1_324' title='bbox 1756 3405 1853 3456; x_wconf 75' lang='grc' dir='ltr'><strong>καὶ</strong></span> 
     </span>
    </p>
   </div>
   <div class='ocr_carea' id='block_1_34' title="bbox 287 3482 1849 3564">
    <p class='ocr_par' dir='ltr' id='par_1_34' title="bbox 287 3482 1849 3564">
     <span class='ocr_line' id='line_1_36' title="bbox 287 3482 1849 3564; baseline 0.008 -29"><span class='ocrx_word' id='word_1_325' title='bbox 287 3482 609 3555; x_wconf 83' lang='grc' dir='ltr'>Ἐπίκουρος</span> <span class='ocrx_word' id='word_1_326' title='bbox 657 3486 792 3556; x_wconf 83' lang='grc' dir='ltr'>παρ’</span> <span class='ocrx_word' id='word_1_327' title='bbox 832 3486 1241 3556; x_wconf 79' lang='grc' dir='ltr'>Ἀριστοτέλους</span> <span class='ocrx_word' id='word_1_328' title='bbox 1279 3490 1389 3543; x_wconf 82' lang='grc' dir='ltr'><strong>τῶν</strong></span> <span class='ocrx_word' id='word_1_329' title='bbox 1434 3492 1490 3554; x_wconf 70' lang='grc' dir='ltr'>ἐς</span> <span class='ocrx_word' id='word_1_330' title='bbox 1519 3492 1619 3564; x_wconf 79' lang='grc' dir='ltr'>τὴν</span> <span class='ocrx_word' id='word_1_331' title='bbox 1655 3488 1849 3563; x_wconf 75' lang='grc' dir='ltr'>ἦδονὴν</span> 
     </span>
    </p>
   </div>
   <div class='ocr_carea' id='block_1_35' title="bbox 272 3572 1847 3656">
    <p class='ocr_par' dir='ltr' id='par_1_35' title="bbox 272 3572 1847 3656">
     <span class='ocr_line' id='line_1_37' title="bbox 272 3572 1847 3656; baseline 0.008 -32"><span class='ocrx_word' id='word_1_332' title='bbox 272 3572 447 3639; x_wconf 85' lang='grc' dir='ltr'>λόγων</span> <span class='ocrx_word' id='word_1_333' title='bbox 481 3575 762 3645; x_wconf 77' lang='grc' dir='ltr'>εἰληφέναι</span> <span class='ocrx_word' id='word_1_334' title='bbox 794 3578 892 3639; x_wconf 79' lang='grc' dir='ltr'>τὰς</span> <span class='ocrx_word' id='word_1_335' title='bbox 922 3578 1201 3650; x_wconf 76' lang='grc' dir='ltr'>ἀφορμὰς.</span> <span class='ocrx_word' id='word_1_336' title='bbox 1251 3580 1445 3651; x_wconf 82' lang='grc' dir='ltr'>Ἡμεῖς</span> <span class='ocrx_word' id='word_1_337' title='bbox 1474 3599 1537 3651; x_wconf 88' lang='grc' dir='ltr'>γε</span> <span class='ocrx_word' id='word_1_338' title='bbox 1573 3586 1680 3654; x_wconf 80' lang='grc' dir='ltr'>μὴν</span> <span class='ocrx_word' id='word_1_339' title='bbox 1715 3586 1847 3656; x_wconf 87' lang='grc' dir='ltr'>βρα-</span> 
     </span>
    </p>
   </div>
   <div class='ocr_carea' id='block_1_36' title="bbox 271 3667 1842 3744">
    <p class='ocr_par' dir='ltr' id='par_1_36' title="bbox 271 3667 1842 3744">
     <span class='ocr_line' id='line_1_38' title="bbox 271 3667 1842 3744; baseline 0.008 -27"><span class='ocrx_word' id='word_1_340' title='bbox 271 3667 359 3734; x_wconf 79' lang='grc' dir='ltr'>χεῖ</span> <span class='ocrx_word' id='word_1_341' title='bbox 402 3669 689 3738; x_wconf 77' lang='grc' dir='ltr'>τεκμηρίῳ</span> <span class='ocrx_word' id='word_1_342' title='bbox 736 3668 1096 3740; x_wconf 68' lang='grc' dir='ltr'>ἐπιδείξωμεν</span> <span class='ocrx_word' id='word_1_343' title='bbox 1156 3671 1216 3723; x_wconf 78' lang='grc' dir='ltr'><strong>οὐ</strong></span> <span class='ocrx_word' id='word_1_344' title='bbox 1270 3672 1369 3740; x_wconf 78' lang='grc' dir='ltr'><strong>τὴν</strong></span> <span class='ocrx_word' id='word_1_345' title='bbox 1428 3674 1626 3744; x_wconf 78' lang='grc' dir='ltr'>ἡδονὴν</span> <span class='ocrx_word' id='word_1_346' title='bbox 1672 3673 1842 3729; x_wconf 80' lang='grc' dir='ltr'>οὖσαν</span> 
     </span>
    </p>
   </div>
   <div class='ocr_carea' id='block_1_37' title="bbox 269 3757 1845 3836">
    <p class='ocr_par' dir='ltr' id='par_1_37' title="bbox 269 3757 1845 3836">
     <span class='ocr_line' id='line_1_39' title="bbox 269 3757 1845 3836; baseline 0.008 -29"><span class='ocrx_word' id='word_1_347' title='bbox 269 3757 529 3823; x_wconf 76' lang='grc' dir='ltr'>τάγαθόν.</span> <span class='ocrx_word' id='word_1_348' title='bbox 572 3758 845 3829; x_wconf 87' lang='grc' dir='ltr'>Σύνισμεν</span> <span class='ocrx_word' id='word_1_349' title='bbox 901 3762 1009 3830; x_wconf 80' lang='grc' dir='ltr'><strong>γάρ</strong></span> <span class='ocrx_word' id='word_1_350' title='bbox 1067 3778 1168 3814; x_wconf 88' lang='grc' dir='ltr'>που</span> <span class='ocrx_word' id='word_1_351' title='bbox 1224 3765 1357 3832; x_wconf 79' lang='grc' dir='ltr'>ἡμῖν</span> <span class='ocrx_word' id='word_1_352' title='bbox 1413 3765 1600 3828; x_wconf 79' lang='grc' dir='ltr'>αὐτοῖς</span> <span class='ocrx_word' id='word_1_353' title='bbox 1630 3767 1751 3819; x_wconf 88' lang='grc' dir='ltr'>τότε</span> <span class='ocrx_word' id='word_1_354' title='bbox 1781 3768 1845 3836; x_wconf 80' lang='grc' dir='ltr'>δὴ</span> 
     </span>
    </p>
   </div>
   <div class='ocr_carea' id='block_1_38' title="bbox 272 3846 1841 3926">
    <p class='ocr_par' dir='ltr' id='par_1_38' title="bbox 272 3846 1841 3926">
     <span class='ocr_line' id='line_1_40' title="bbox 272 3846 1841 3926; baseline 0.006 -27"><span class='ocrx_word' id='word_1_355' title='bbox 272 3846 509 3913; x_wconf 82' lang='grc' dir='ltr'>μάλιστα</span> <span class='ocrx_word' id='word_1_356' title='bbox 550 3848 832 3918; x_wconf 73' lang='grc' dir='ltr'>ἡδομένοις</span> <span class='ocrx_word' id='word_1_357' title='bbox 871 3852 971 3921; x_wconf 79' lang='grc' dir='ltr'><strong>τὴν</strong></span> <span class='ocrx_word' id='word_1_358' title='bbox 1004 3851 1351 3921; x_wconf 69' lang='grc' dir='ltr'>θεωρητικὴν</span> <span class='ocrx_word' id='word_1_359' title='bbox 1390 3855 1594 3924; x_wconf 85' lang='grc' dir='ltr'>ταύτην</span> <span class='ocrx_word' id='word_1_360' title='bbox 1623 3857 1841 3926; x_wconf 77' lang='grc' dir='ltr'>ἡδονὴν,</span> 
     </span>
    </p>
   </div>
   <div class='ocr_carea' id='block_1_39' title="bbox 267 3938 1843 4016">
    <p class='ocr_par' dir='ltr' id='par_1_39' title="bbox 267 3938 1843 4016">
     <span class='ocr_line' id='line_1_41' title="bbox 267 3938 1843 4016; baseline 0.008 -27"><span class='ocrx_word' id='word_1_361' title='bbox 267 3938 486 3990; x_wconf 72' lang='grc' dir='ltr'>ἐπειδὰν</span> <span class='ocrx_word' id='word_1_362' title='bbox 517 3940 581 3991; x_wconf 72' lang='grc' dir='ltr'><strong>ἐκ</strong></span> <span class='ocrx_word' id='word_1_363' title='bbox 607 3938 777 4009; x_wconf 81' lang='grc' dir='ltr'>λήθης</span> <span class='ocrx_word' id='word_1_364' title='bbox 832 3944 962 4011; x_wconf 73' lang='grc' dir='ltr'>περὶ</span> <span class='ocrx_word' id='word_1_365' title='bbox 1018 3942 1264 4012; x_wconf 68' lang='grc' dir='ltr'>ὀτουοῦνξ</span> <span class='ocrx_word' id='word_1_366' title='bbox 1300 3944 1843 4016; x_wconf 84' lang='grc' dir='ltr'>ἀναμιμνησκόμενοι</span> 
     </span>
    </p>
   </div>
   <div class='ocr_carea' id='block_1_40' title="bbox 267 4026 1840 4098">
    <p class='ocr_par' dir='ltr' id='par_1_40' title="bbox 267 4026 1840 4098">
     <span class='ocr_line' id='line_1_42' title="bbox 267 4026 1840 4098; baseline 0.006 -18"><span class='ocrx_word' id='word_1_367' title='bbox 267 4029 585 4098; x_wconf 76' lang='grc' dir='ltr'>θιωρῶμεν.</span> <span class='ocrx_word' id='word_1_368' title='bbox 622 4030 710 4083; x_wconf 85' lang='grc' dir='ltr'>Ἐν</span> <span class='ocrx_word' id='word_1_369' title='bbox 736 4026 817 4095; x_wconf 73' lang='grc' dir='ltr'>οἷς</span> <span class='ocrx_word' id='word_1_370' title='bbox 850 4032 895 4085; x_wconf 82' lang='grc' dir='ltr'>δ’</span> <span class='ocrx_word' id='word_1_371' title='bbox 922 4032 987 4085; x_wconf 83' lang='grc' dir='ltr'><strong>ἂν</strong></span> <span class='ocrx_word' id='word_1_372' title='bbox 1026 4033 1225 4096; x_wconf 72' lang='grc' dir='ltr'>εἰδότες</span> <span class='ocrx_word' id='word_1_373' title='bbox 1265 4036 1327 4088; x_wconf 72' lang='grc' dir='ltr'><strong>ἐκ</strong></span> <span class='ocrx_word' id='word_1_374' title='bbox 1353 4037 1553 4089; x_wconf 86' lang='grc' dir='ltr'>πολλοῦ</span> <span class='ocrx_word' id='word_1_375' title='bbox 1580 4037 1840 4091; x_wconf 78' lang='grc' dir='ltr'>διατελῶο</span> 
     </span>
    </p>
   </div>
   <div class='ocr_carea' id='block_1_41' title="bbox 268 4121 1841 4196">
    <p class='ocr_par' dir='ltr' id='par_1_41' title="bbox 268 4121 1841 4196">
     <span class='ocr_line' id='line_1_43' title="bbox 268 4121 1841 4196; baseline 0.009 -26"><span class='ocrx_word' id='word_1_376' title='bbox 268 4135 390 4189; x_wconf 81' lang='grc' dir='ltr'>μεν,</span> <span class='ocrx_word' id='word_1_377' title='bbox 430 4121 491 4172; x_wconf 86' lang='grc' dir='ltr'>οὐ</span> <span class='ocrx_word' id='word_1_378' title='bbox 525 4122 671 4174; x_wconf 78' lang='grc' dir='ltr'>πάνυ</span> <span class='ocrx_word' id='word_1_379' title='bbox 720 4139 825 4176; x_wconf 88' lang='grc' dir='ltr'>τοι.</span> <span class='ocrx_word' id='word_1_380' title='bbox 867 4124 928 4175; x_wconf 75' lang='lat' dir='ltr'><strong>Et</strong></span> <span class='ocrx_word' id='word_1_381' title='bbox 954 4124 1000 4176; x_wconf 83' lang='grc' dir='ltr'>δ’</span> <span class='ocrx_word' id='word_1_382' title='bbox 1026 4126 1060 4194; x_wconf 81' lang='grc' dir='ltr'><strong>ἡ</strong></span> <span class='ocrx_word' id='word_1_383' title='bbox 1092 4125 1256 4196; x_wconf 74' lang='grc' dir='ltr'>ἡδονὴ</span> <span class='ocrx_word' id='word_1_384' title='bbox 1296 4128 1560 4196; x_wconf 70' lang='grc' dir='ltr'>τάγαθὸν,</span> <span class='ocrx_word' id='word_1_385' title='bbox 1596 4131 1691 4184; x_wconf 68' lang='grc' dir='ltr'><strong>καὶ</strong></span> <span class='ocrx_word' id='word_1_386' title='bbox 1730 4132 1841 4184; x_wconf 73' lang='grc' dir='ltr'><strong>πᾶν</strong></span> 
     </span>
    </p>
   </div>
   <div class='ocr_carea' id='block_1_42' title="bbox 262 4210 1835 4289">
    <p class='ocr_par' dir='ltr' id='par_1_42' title="bbox 262 4210 1835 4289">
     <span class='ocr_line' id='line_1_44' title="bbox 262 4210 1835 4289; baseline 0.011 -28"><span class='ocrx_word' id='word_1_387' title='bbox 262 4210 412 4281; x_wconf 74' lang='grc' dir='ltr'>ἥδιόν</span> <span class='ocrx_word' id='word_1_388' title='bbox 446 4229 507 4264; x_wconf 84' lang='grc' dir='ltr'><strong>τε</strong></span> <span class='ocrx_word' id='word_1_389' title='bbox 556 4214 648 4266; x_wconf 73' lang='grc' dir='ltr'>καὶ</span> <span class='ocrx_word' id='word_1_390' title='bbox 679 4214 1039 4283; x_wconf 77' lang='grc' dir='ltr'>αἱρετώτερον</span> <span class='ocrx_word' id='word_1_391' title='bbox 1071 4217 1165 4269; x_wconf 87' lang='grc' dir='ltr'><strong>τοῦ</strong></span> <span class='ocrx_word' id='word_1_392' title='bbox 1213 4214 1380 4289; x_wconf 80' lang='grc' dir='ltr'>ἧττον</span> <span class='ocrx_word' id='word_1_393' title='bbox 1412 4223 1654 4276; x_wconf 79' lang='grc' dir='ltr'>τοιούτου</span> <span class='ocrx_word' id='word_1_394' title='bbox 1679 4262 1693 4288; x_wconf 85' lang='grc'><em>,</em></span> <span class='ocrx_word' id='word_1_395' title='bbox 1728 4225 1835 4279; x_wconf 75' lang='grc' dir='ltr'>ἔδει</span> 
     </span>
    </p>
   </div>
   <div class='ocr_carea' id='block_1_43' title="bbox 262 4303 1836 4384">
    <p class='ocr_par' dir='ltr' id='par_1_43' title="bbox 262 4303 1836 4384">
     <span class='ocr_line' id='line_1_45' title="bbox 262 4303 1836 4384; baseline 0.011 -32"><span class='ocrx_word' id='word_1_396' title='bbox 262 4307 357 4353; x_wconf 64' lang='grc' dir='ltr'>καὶ</span> <span class='ocrx_word' id='word_1_397' title='bbox 380 4303 441 4354; x_wconf 82' lang='grc' dir='ltr'><strong>τὸ</strong></span> <span class='ocrx_word' id='word_1_398' title='bbox 493 4305 556 4355; x_wconf 80' lang='grc' dir='ltr'><strong>ἐκ</strong></span> <span class='ocrx_word' id='word_1_399' title='bbox 596 4303 767 4374; x_wconf 80' lang='grc' dir='ltr'>λήθης</span> <span class='ocrx_word' id='word_1_400' title='bbox 798 4305 1355 4378; x_wconf 76' lang='grc' dir='ltr'>ἀναμιμνησκόμενον</span> <span class='ocrx_word' id='word_1_401' title='bbox 1389 4311 1640 4383; x_wconf 84' lang='grc' dir='ltr'>θεωρεῖν,</span> <span class='ocrx_word' id='word_1_402' title='bbox 1677 4316 1836 4384; x_wconf 75' lang='grc' dir='ltr'>ἄμει-</span> 
     </span>
    </p>
   </div>
   <div class='ocr_carea' id='block_1_44' title="bbox 260 4393 1833 4466">
    <p class='ocr_par' dir='ltr' id='par_1_44' title="bbox 260 4393 1833 4466">
     <span class='ocr_line' id='line_1_46' title="bbox 260 4393 1833 4466; baseline 0.01 -21"><span class='ocrx_word' id='word_1_403' title='bbox 260 4393 352 4445; x_wconf 82' lang='grc' dir='ltr'><strong>νόν</strong></span> <span class='ocrx_word' id='word_1_404' title='bbox 381 4409 439 4445; x_wconf 90' lang='grc' dir='ltr'><strong>τε</strong></span> <span class='ocrx_word' id='word_1_405' title='bbox 474 4394 834 4466; x_wconf 76' lang='grc' dir='ltr'>αἱρετώτερον</span> <span class='ocrx_word' id='word_1_406' title='bbox 883 4395 1022 4450; x_wconf 71' lang='grc' dir='ltr'>εἶναι</span> <span class='ocrx_word' id='word_1_407' title='bbox 1071 4399 1166 4452; x_wconf 84' lang='grc' dir='ltr'><strong>τοῦ</strong></span> <span class='ocrx_word' id='word_1_408' title='bbox 1214 4402 1300 4454; x_wconf 82' lang='grc' dir='ltr'>ἀεὶ</span> <span class='ocrx_word' id='word_1_409' title='bbox 1337 4402 1601 4458; x_wconf 83' lang='grc' dir='ltr'>διατελεῖν</span> <span class='ocrx_word' id='word_1_410' title='bbox 1633 4406 1833 4462; x_wconf 76' lang='grc' dir='ltr'>εἰδότα.</span> 
     </span>
    </p>
   </div>
   <div class='ocr_carea' id='block_1_45' title="bbox 255 4484 1835 4570">
    <p class='ocr_par' dir='ltr' id='par_1_45' title="bbox 255 4484 1835 4570">
     <span class='ocr_line' id='line_1_47' title="bbox 255 4484 1835 4570; baseline 0.008 -31"><span class='ocrx_word' id='word_1_411' title='bbox 255 4485 374 4539; x_wconf 80' lang='grc' dir='ltr'>Νῦν</span> <span class='ocrx_word' id='word_1_412' title='bbox 405 4485 451 4539; x_wconf 83' lang='grc' dir='ltr'>δ’</span> <span class='ocrx_word' id='word_1_413' title='bbox 479 4484 575 4541; x_wconf 74' lang='grc' dir='ltr'><strong>οὖν</strong></span> <span class='ocrx_word' id='word_1_414' title='bbox 597 4488 707 4540; x_wconf 76' lang='grc' dir='ltr'>οὐδ’</span> <span class='ocrx_word' id='word_1_415' title='bbox 737 4489 803 4542; x_wconf 84' lang='grc' dir='ltr'><strong>ἂν</strong></span> <span class='ocrx_word' id='word_1_416' title='bbox 836 4485 914 4553; x_wconf 75' lang='grc' dir='ltr'>εἷς</span> <span class='ocrx_word' id='word_1_417' title='bbox 946 4491 1123 4544; x_wconf 74' lang='grc' dir='ltr'>ἐκεῖνο</span> <span class='ocrx_word' id='word_1_418' title='bbox 1148 4494 1350 4560; x_wconf 81' lang='grc' dir='ltr'>μᾶλλον</span> <span class='ocrx_word' id='word_1_419' title='bbox 1375 4495 1407 4566; x_wconf 73' lang='grc' dir='ltr'>ἢ</span> <span class='ocrx_word' id='word_1_420' title='bbox 1444 4495 1603 4550; x_wconf 84' lang='grc' dir='ltr'>τοῦτο</span> <span class='ocrx_word' id='word_1_421' title='bbox 1632 4498 1835 4570; x_wconf 80' lang='grc' dir='ltr'>εὐφρο-</span> 
     </span>
    </p>
   </div>
   <div class='ocr_carea' id='block_1_46' title="bbox 255 4576 1834 4652">
    <p class='ocr_par' dir='ltr' id='par_1_46' title="bbox 255 4576 1834 4652">
     <span class='ocr_line' id='line_1_48' title="bbox 255 4576 1834 4652; baseline 0.01 -25"><span class='ocrx_word' id='word_1_422' title='bbox 255 4576 364 4628; x_wconf 83' lang='grc' dir='ltr'>νῶν</span> <span class='ocrx_word' id='word_1_423' title='bbox 395 4576 591 4630; x_wconf 73' lang='grc' dir='ltr'>ἕλοιτο.</span> <span class='ocrx_word' id='word_1_424' title='bbox 632 4578 744 4631; x_wconf 76' lang='grc' dir='ltr'>Καὶ</span> <span class='ocrx_word' id='word_1_425' title='bbox 792 4580 920 4647; x_wconf 75' lang='grc' dir='ltr'>περὶ</span> <span class='ocrx_word' id='word_1_426' title='bbox 958 4581 1060 4648; x_wconf 77' lang='grc' dir='ltr'>μὲν</span> <span class='ocrx_word' id='word_1_427' title='bbox 1087 4582 1196 4636; x_wconf 82' lang='grc' dir='ltr'><strong>τῶν</strong></span> <span class='ocrx_word' id='word_1_428' title='bbox 1226 4582 1598 4650; x_wconf 79' lang='grc' dir='ltr'>’Δριστοτέλει</span> <span class='ocrx_word' id='word_1_429' title='bbox 1649 4590 1746 4641; x_wconf 81' lang='grc' dir='ltr'><strong>καὶ</strong></span> <span class='ocrx_word' id='word_1_430' title='bbox 1777 4593 1834 4652; x_wconf 83' lang='grc' dir='ltr'><strong>ἐς</strong></span> 
     </span>
    </p>
   </div>
   <div class='ocr_carea' id='block_1_47' title="bbox 253 4666 1832 4747">
    <p class='ocr_par' dir='ltr' id='par_1_47' title="bbox 253 4666 1832 4747">
     <span class='ocr_line' id='line_1_49' title="bbox 253 4666 1832 4747; baseline 0.008 -28"><span class='ocrx_word' id='word_1_431' title='bbox 253 4667 354 4734; x_wconf 75' lang='grc' dir='ltr'>τὴν</span> <span class='ocrx_word' id='word_1_432' title='bbox 383 4666 584 4737; x_wconf 74' lang='grc' dir='ltr'>ἠθικὴν</span> <span class='ocrx_word' id='word_1_433' title='bbox 634 4670 1026 4739; x_wconf 75' lang='grc' dir='ltr'>πραγματείαν</span> <span class='ocrx_word' id='word_1_434' title='bbox 1071 4672 1131 4723; x_wconf 83' lang='grc' dir='ltr'>οὐ</span> <span class='ocrx_word' id='word_1_435' title='bbox 1184 4673 1365 4736; x_wconf 82' lang='grc' dir='ltr'>καλῶς</span> <span class='ocrx_word' id='word_1_436' title='bbox 1398 4692 1832 4747; x_wconf 74' lang='grc' dir='ltr'>πεπραγματευ-</span> 
     </span>
    </p>
   </div>
   <div class='ocr_carea' id='block_1_48' title="bbox 254 4758 1826 4839">
    <p class='ocr_par' dir='ltr' id='par_1_48' title="bbox 254 4758 1826 4839">
     <span class='ocr_line' id='line_1_50' title="bbox 254 4758 1826 4839; baseline 0.01 -28"><span class='ocrx_word' id='word_1_437' title='bbox 254 4758 434 4828; x_wconf 74' lang='grc' dir='ltr'>μένων</span> <span class='ocrx_word' id='word_1_438' title='bbox 456 4799 471 4825; x_wconf 84' lang='grc'><em>,</em></span> <span class='ocrx_word' id='word_1_439' title='bbox 523 4762 642 4813; x_wconf 79' lang='grc' dir='ltr'>ὲνὺν</span> <span class='ocrx_word' id='word_1_440' title='bbox 695 4765 790 4825; x_wconf 70' lang='grc' dir='ltr'>καὶ</span> <span class='ocrx_word' id='word_1_441' title='bbox 825 4766 997 4819; x_wconf 84' lang='grc' dir='ltr'>πλείω</span> <span class='ocrx_word' id='word_1_442' title='bbox 1030 4766 1128 4820; x_wconf 74' lang='grc' dir='ltr'><strong>καὶ</strong></span> <span class='ocrx_word' id='word_1_443' title='bbox 1176 4770 1305 4838; x_wconf 77' lang='grc' dir='ltr'>περὶ</span> <span class='ocrx_word' id='word_1_444' title='bbox 1336 4772 1601 4825; x_wconf 84' lang='grc' dir='ltr'>πλειόνων</span> <span class='ocrx_word' id='word_1_445' title='bbox 1629 4777 1826 4839; x_wconf 74' lang='grc' dir='ltr'>εἰπεῖν,</span> 
     </span>
    </p>
   </div>
   <div class='ocr_carea' id='block_1_49' title="bbox 248 4853 1828 4932">
    <p class='ocr_par' dir='ltr' id='par_1_49' title="bbox 248 4853 1828 4932">
     <span class='ocr_line' id='line_1_51' title="bbox 248 4853 1828 4932; baseline 0.012 -30"><span class='ocrx_word' id='word_1_446' title='bbox 248 4853 400 4919; x_wconf 79' lang='grc' dir='ltr'>ὅμως</span> <span class='ocrx_word' id='word_1_447' title='bbox 437 4854 650 4925; x_wconf 78' lang='grc' dir='ltr'>ἀπόχρη</span> <span class='ocrx_word' id='word_1_448' title='bbox 695 4856 791 4910; x_wconf 80' lang='grc' dir='ltr'><strong>καὶ</strong></span> <span class='ocrx_word' id='word_1_449' title='bbox 828 4858 1018 4914; x_wconf 82' lang='grc' dir='ltr'>ταῦτα.</span> <span class='ocrx_word' id='word_1_450' title='bbox 1048 4862 1122 4914; x_wconf 80' lang='grc' dir='ltr'><strong>Οὐ</strong></span> <span class='ocrx_word' id='word_1_451' title='bbox 1154 4862 1261 4932; x_wconf 81' lang='grc' dir='ltr'><strong>γὰρ</strong></span> <span class='ocrx_word' id='word_1_452' title='bbox 1296 4860 1513 4916; x_wconf 77' lang='grc' dir='ltr'>ἅπαντα</span> <span class='ocrx_word' id='word_1_453' title='bbox 1544 4865 1729 4929; x_wconf 79' lang='grc' dir='ltr'>ἁπλῶς</span> <span class='ocrx_word' id='word_1_454' title='bbox 1759 4869 1828 4920; x_wconf 79' lang='grc' dir='ltr'>τὰ</span> 
     </span>
    </p>
   </div>
   <div class='ocr_carea' id='block_1_50' title="bbox 2624 957 2953 1017">
    <p class='ocr_par' dir='ltr' id='par_1_50' title="bbox 2624 957 2953 1017">
     <span class='ocr_line' id='line_1_52' title="bbox 2624 957 2953 1017; baseline 0.018 -6"><span class='ocrx_word' id='word_1_455' title='bbox 2624 957 2776 1013; x_wconf 73' lang='lat' dir='ltr'><strong>CAP.</strong></span> <span class='ocrx_word' id='word_1_456' title='bbox 2817 958 2953 1017; x_wconf 71' lang='lat' dir='ltr'><strong>Xlll.</strong></span> 
     </span>
    </p>
   </div>
   <div class='ocr_carea' id='block_1_51' title="bbox 2061 1039 3564 1134">
    <p class='ocr_par' dir='ltr' id='par_1_51' title="bbox 2061 1039 3564 1134">
     <span class='ocr_line' id='line_1_53' title="bbox 2061 1039 3564 1134; baseline 0.022 -46"><span class='ocrx_word' id='word_1_457' title='bbox 2061 1039 2119 1089; x_wconf 90' lang='lat' dir='ltr'><strong>ln</strong></span> <span class='ocrx_word' id='word_1_458' title='bbox 2146 1055 2241 1093; x_wconf 90' lang='lat' dir='ltr'><strong>sua</strong></span> <span class='ocrx_word' id='word_1_459' title='bbox 2270 1056 2397 1098; x_wconf 81' lang='lat' dir='ltr'><strong>vero</strong></span> <span class='ocrx_word' id='word_1_460' title='bbox 2415 1044 2620 1104; x_wconf 74' lang='lat' dir='ltr'><strong>de&#39;ﬁne</strong></span> <span class='ocrx_word' id='word_1_461' title='bbox 2655 1051 2851 1106; x_wconf 90' lang='lat' dir='ltr'><strong>ultimo</strong></span> <span class='ocrx_word' id='word_1_462' title='bbox 2885 1054 3272 1128; x_wconf 85' lang='lat' dir='ltr'><strong>disputatione,</strong></span> <span class='ocrx_word' id='word_1_463' title='bbox 3293 1072 3564 1134; x_wconf 78' lang='lat' dir='ltr'><strong>quomodo</strong></span> 
     </span>
    </p>
   </div>
   <div class='ocr_carea' id='block_1_52' title="bbox 1987 1129 3564 1214">
    <p class='ocr_par' dir='ltr' id='par_1_52' title="bbox 1987 1129 3564 1214">
     <span class='ocr_line' id='line_1_54' title="bbox 1987 1129 3564 1214; baseline 0.022 -34"><span class='ocrx_word' id='word_1_464' title='bbox 1987 1129 2469 1197; x_wconf 80' lang='lat' dir='ltr'><strong>reprehensionem</strong></span> <span class='ocrx_word' id='word_1_465' title='bbox 2540 1154 2647 1194; x_wconf 92' lang='lat' dir='ltr'><strong>non</strong></span> <span class='ocrx_word' id='word_1_466' title='bbox 2694 1142 2948 1210; x_wconf 85' lang='lat' dir='ltr'><strong>incurrit,</strong></span> <span class='ocrx_word' id='word_1_467' title='bbox 2993 1147 3082 1201; x_wconf 88' lang='lat' dir='ltr'><strong>ubi</strong></span> <span class='ocrx_word' id='word_1_468' title='bbox 3147 1167 3254 1205; x_wconf 90' lang='lat' dir='ltr'><strong>non</strong></span> <span class='ocrx_word' id='word_1_469' title='bbox 3304 1157 3564 1214; x_wconf 78' lang='lat' dir='ltr'><strong>evimitun</strong></span> 
     </span>
    </p>
   </div>
   <div class='ocr_carea' id='block_1_53' title="bbox 1988 1219 3565 1316">
    <p class='ocr_par' dir='ltr' id='par_1_53' title="bbox 1988 1219 3565 1316">
     <span class='ocr_line' id='line_1_55' title="bbox 1988 1219 3565 1316; baseline 0.023 -44"><span class='ocrx_word' id='word_1_470' title='bbox 1988 1219 2120 1275; x_wconf 88' lang='lat' dir='ltr'><strong>illud</strong></span> <span class='ocrx_word' id='word_1_471' title='bbox 2152 1239 2216 1277; x_wconf 86' lang='lat' dir='ltr'><strong>ac</strong></span> <span class='ocrx_word' id='word_1_472' title='bbox 2251 1241 2377 1281; x_wconf 87' lang='lat' dir='ltr'><strong>vere</strong></span> <span class='ocrx_word' id='word_1_473' title='bbox 2412 1228 2742 1299; x_wconf 86' lang='lat' dir='ltr'><strong>pulchrum,</strong></span> <span class='ocrx_word' id='word_1_474' title='bbox 2785 1238 2927 1306; x_wconf 90' lang='lat' dir='ltr'><strong>quod</strong></span> <span class='ocrx_word' id='word_1_475' title='bbox 2963 1253 2990 1291; x_wconf 88' lang='lat' dir='ltr'><strong>a</strong></span> <span class='ocrx_word' id='word_1_476' title='bbox 3032 1241 3230 1297; x_wconf 85' lang='lat' dir='ltr'><strong>virtute</strong></span> <span class='ocrx_word' id='word_1_477' title='bbox 3264 1249 3565 1316; x_wconf 79' lang='lat' dir='ltr'><strong>proﬁcisci-</strong></span> 
     </span>
    </p>
   </div>
   <div class='ocr_carea' id='block_1_54' title="bbox 1988 1316 3564 1404">
    <p class='ocr_par' dir='ltr' id='par_1_54' title="bbox 1988 1316 3564 1404">
     <span class='ocr_line' id='line_1_56' title="bbox 1988 1316 3564 1404; baseline 0.024 -40"><span class='ocrx_word' id='word_1_478' title='bbox 1988 1319 2092 1378; x_wconf 91' lang='lat' dir='ltr'><strong>tur,</strong></span> <span class='ocrx_word' id='word_1_479' title='bbox 2123 1316 2267 1371; x_wconf 85' lang='lat' dir='ltr'><strong>sicut</strong></span> <span class='ocrx_word' id='word_1_480' title='bbox 2291 1333 2483 1375; x_wconf 91' lang='lat' dir='ltr'><strong>omnes</strong></span> <span class='ocrx_word' id='word_1_481' title='bbox 2513 1324 2899 1395; x_wconf 84' lang='lat' dir='ltr'><strong>sapientiores,</strong></span> <span class='ocrx_word' id='word_1_482' title='bbox 2929 1332 3023 1386; x_wconf 90' lang='lat' dir='ltr'><strong>sed</strong></span> <span class='ocrx_word' id='word_1_483' title='bbox 3048 1335 3380 1404; x_wconf 88' lang='lat' dir='ltr'><strong>voluptatem</strong></span> <span class='ocrx_word' id='word_1_484' title='bbox 3413 1358 3564 1402; x_wconf 66' lang='lat' dir='ltr'><strong>sumv</strong></span> 
     </span>
    </p>
   </div>
   <div class='ocr_carea' id='block_1_55' title="bbox 1982 1408 3563 1498">
    <p class='ocr_par' dir='ltr' id='par_1_55' title="bbox 1982 1408 3563 1498">
     <span class='ocr_line' id='line_1_57' title="bbox 1982 1408 3563 1498; baseline 0.025 -46"><span class='ocrx_word' id='word_1_485' title='bbox 1982 1416 2130 1456; x_wconf 89' lang='lat' dir='ltr'><strong>mum</strong></span> <span class='ocrx_word' id='word_1_486' title='bbox 2161 1408 2442 1463; x_wconf 85' lang='lat' dir='ltr'><strong>constituit</strong></span> <span class='ocrx_word' id='word_1_487' title='bbox 2472 1411 2697 1479; x_wconf 88' lang='lat' dir='ltr'><strong>bonum,</strong></span> <span class='ocrx_word' id='word_1_488' title='bbox 2726 1417 2871 1473; x_wconf 85' lang='lat' dir='ltr'><strong>illam</strong></span> <span class='ocrx_word' id='word_1_489' title='bbox 2925 1436 3049 1476; x_wconf 88' lang='lat' dir='ltr'><strong>vero</strong></span> <span class='ocrx_word' id='word_1_490' title='bbox 3092 1424 3407 1498; x_wconf 84' lang='lat' dir='ltr'><strong>intelligens</strong></span> <span class='ocrx_word' id='word_1_491' title='bbox 3436 1450 3563 1489; x_wconf 87' lang='lat' dir='ltr'><strong>con-</strong></span> 
     </span>
    </p>
   </div>
   <div class='ocr_carea' id='block_1_56' title="bbox 1982 1494 3557 1597">
    <p class='ocr_par' dir='ltr' id='par_1_56' title="bbox 1982 1494 3557 1597">
     <span class='ocr_line' id='line_1_58' title="bbox 1982 1494 3557 1597; baseline 0.026 -55"><span class='ocrx_word' id='word_1_492' title='bbox 1982 1494 2388 1562; x_wconf 81' lang='lat' dir='ltr'><strong>templativam?</strong></span> <span class='ocrx_word' id='word_1_493' title='bbox 2436 1503 2596 1573; x_wconf 86' lang='lat' dir='ltr'><strong>Atqui</strong></span> <span class='ocrx_word' id='word_1_494' title='bbox 2632 1507 2675 1560; x_wconf 90' lang='lat' dir='ltr'><strong>si</strong></span> <span class='ocrx_word' id='word_1_495' title='bbox 2725 1511 2995 1579; x_wconf 80' lang='lat' dir='ltr'><strong>voluptas,</strong></span> <span class='ocrx_word' id='word_1_496' title='bbox 3048 1533 3109 1572; x_wconf 83' lang='lat' dir='ltr'><strong>ea</strong></span> <span class='ocrx_word' id='word_1_497' title='bbox 3166 1494 3399 1590; x_wconf 67' lang='lat' dir='ltr'><strong>ratione,</strong></span> <span class='ocrx_word' id='word_1_498' title='bbox 3448 1542 3557 1597; x_wconf 85' lang='lat' dir='ltr'><strong>qua</strong></span> 
     </span>
    </p>
   </div>
   <div class='ocr_carea' id='block_1_57' title="bbox 1978 1592 3559 1690">
    <p class='ocr_par' dir='ltr' id='par_1_57' title="bbox 1978 1592 3559 1690">
     <span class='ocr_line' id='line_1_59' title="bbox 1978 1592 3559 1690; baseline 0.023 -51"><span class='ocrx_word' id='word_1_499' title='bbox 1978 1596 2060 1640; x_wconf 90' lang='lat' dir='ltr'><strong>est</strong></span> <span class='ocrx_word' id='word_1_500' title='bbox 2086 1592 2508 1660; x_wconf 86' lang='lat' dir='ltr'><strong>contemplativa</strong></span> <span class='ocrx_word' id='word_1_501' title='bbox 2552 1615 2832 1658; x_wconf 88' lang='lat' dir='ltr'><strong>summum</strong></span> <span class='ocrx_word' id='word_1_502' title='bbox 2861 1609 2933 1662; x_wconf 90' lang='lat' dir='ltr'><strong>sit</strong></span> <span class='ocrx_word' id='word_1_503' title='bbox 2966 1608 3191 1678; x_wconf 85' lang='lat' dir='ltr'><strong>bonum,</strong></span> <span class='ocrx_word' id='word_1_504' title='bbox 3214 1618 3559 1690; x_wconf 87' lang='lat' dir='ltr'><strong>quandoqui-</strong></span> 
     </span>
    </p>
   </div>
   <div class='ocr_carea' id='block_1_58' title="bbox 1976 1674 3558 1781">
    <p class='ocr_par' dir='ltr' id='par_1_58' title="bbox 1976 1674 3558 1781">
     <span class='ocr_line' id='line_1_60' title="bbox 1976 1674 3558 1781; baseline 0.024 -52"><span class='ocrx_word' id='word_1_505' title='bbox 1976 1674 2097 1732; x_wconf 90' lang='lat' dir='ltr'><strong>dem</strong></span> <span class='ocrx_word' id='word_1_506' title='bbox 2132 1680 2385 1751; x_wconf 84' lang='lat' dir='ltr'><strong>voluptas</strong></span> <span class='ocrx_word' id='word_1_507' title='bbox 2417 1686 2619 1744; x_wconf 90' lang='lat' dir='ltr'><strong>bonum</strong></span> <span class='ocrx_word' id='word_1_508' title='bbox 2653 1703 2737 1747; x_wconf 90' lang='lat' dir='ltr'><strong>est</strong></span> <span class='ocrx_word' id='word_1_509' title='bbox 2768 1707 3041 1764; x_wconf 88' lang='lat' dir='ltr'><strong>quatenus</strong></span> <span class='ocrx_word' id='word_1_510' title='bbox 3083 1715 3167 1758; x_wconf 87' lang='lat' dir='ltr'><strong>est</strong></span> <span class='ocrx_word' id='word_1_511' title='bbox 3215 1674 3558 1781; x_wconf 76' lang='lat' dir='ltr'><strong>contempla-</strong></span> 
     </span>
    </p>
   </div>
   <div class='ocr_carea' id='block_1_59' title="bbox 1976 1770 3559 1867">
    <p class='ocr_par' dir='ltr' id='par_1_59' title="bbox 1976 1770 3559 1867">
     <span class='ocr_line' id='line_1_61' title="bbox 1976 1770 3559 1867; baseline 0.023 -46"><span class='ocrx_word' id='word_1_512' title='bbox 1976 1770 2106 1835; x_wconf 89' lang='lat' dir='ltr'><strong>tiva,</strong></span> <span class='ocrx_word' id='word_1_513' title='bbox 2138 1784 2288 1830; x_wconf 88' lang='lat' dir='ltr'><strong>certe</strong></span> <span class='ocrx_word' id='word_1_514' title='bbox 2321 1783 2709 1852; x_wconf 87' lang='lat' dir='ltr'><strong>contemplatio</strong></span> <span class='ocrx_word' id='word_1_515' title='bbox 2735 1801 2832 1856; x_wconf 88' lang='lat' dir='ltr'><strong>per</strong></span> <span class='ocrx_word' id='word_1_516' title='bbox 2858 1805 2915 1845; x_wconf 90' lang='lat' dir='ltr'><strong>se</strong></span> <span class='ocrx_word' id='word_1_517' title='bbox 2936 1791 3371 1867; x_wconf 86' lang='lat' dir='ltr'><strong>simpliciterque</strong></span> <span class='ocrx_word' id='word_1_518' title='bbox 3391 1770 3559 1857; x_wconf 67' lang='lat' dir='ltr'><strong>fuerit</strong></span> 
     </span>
    </p>
   </div>
   <div class='ocr_carea' id='block_1_60' title="bbox 1974 1868 3555 1963">
    <p class='ocr_par' dir='ltr' id='par_1_60' title="bbox 1974 1868 3555 1963">
     <span class='ocr_line' id='line_1_62' title="bbox 1974 1868 3555 1963; baseline 0.024 -49"><span class='ocrx_word' id='word_1_519' title='bbox 1974 1876 2252 1919; x_wconf 84' lang='lat' dir='ltr'><strong>sumntum</strong></span> <span class='ocrx_word' id='word_1_520' title='bbox 2316 1868 2517 1925; x_wconf 89' lang='lat' dir='ltr'><strong>bonum</strong></span> <span class='ocrx_word' id='word_1_521' title='bbox 2549 1914 2565 1939; x_wconf 92' lang='lat'><strong>,</strong></span> <span class='ocrx_word' id='word_1_522' title='bbox 2617 1878 2733 1931; x_wconf 84' lang='lat' dir='ltr'><strong>sive</strong></span> <span class='ocrx_word' id='word_1_523' title='bbox 2779 1880 3028 1951; x_wconf 77' lang='lat' dir='ltr'><strong>voluptas</strong></span> <span class='ocrx_word' id='word_1_524' title='bbox 3079 1887 3224 1943; x_wconf 90' lang='lat' dir='ltr'><strong>illam</strong></span> <span class='ocrx_word' id='word_1_525' title='bbox 3271 1904 3555 1963; x_wconf 82' lang='lat' dir='ltr'><strong>sequatur,</strong></span> 
     </span>
    </p>
   </div>
   <div class='ocr_carea' id='block_1_61' title="bbox 1975 1952 3559 2055">
    <p class='ocr_par' dir='ltr' id='par_1_61' title="bbox 1975 1952 3559 2055">
     <span class='ocr_line' id='line_1_63' title="bbox 1975 1952 3559 2055; baseline 0.024 -49"><span class='ocrx_word' id='word_1_526' title='bbox 1975 1952 2088 2008; x_wconf 68' lang='lat' dir='ltr'><strong>sive</strong></span> <span class='ocrx_word' id='word_1_527' title='bbox 2123 1970 2254 2023; x_wconf 90' lang='lat' dir='ltr'><strong>non,</strong></span> <span class='ocrx_word' id='word_1_528' title='bbox 2305 1962 2391 2015; x_wconf 90' lang='lat' dir='ltr'><strong>sin</strong></span> <span class='ocrx_word' id='word_1_529' title='bbox 2422 1976 2603 2020; x_wconf 92' lang='lat' dir='ltr'><strong>autem</strong></span> <span class='ocrx_word' id='word_1_530' title='bbox 2629 1973 3016 2040; x_wconf 87' lang='lat' dir='ltr'><strong>contemplatio</strong></span> <span class='ocrx_word' id='word_1_531' title='bbox 3050 1978 3118 2032; x_wconf 89' lang='lat' dir='ltr'><strong>sit</strong></span> <span class='ocrx_word' id='word_1_532' title='bbox 3146 1979 3373 2053; x_wconf 89' lang='lat' dir='ltr'><strong>bonum,</strong></span> <span class='ocrx_word' id='word_1_533' title='bbox 3412 2002 3559 2055; x_wconf 83' lang='lat' dir='ltr'><strong>qua-</strong></span> 
     </span>
    </p>
   </div>
   <div class='ocr_carea' id='block_1_62' title="bbox 1973 2050 3555 2137">
    <p class='ocr_par' dir='ltr' id='par_1_62' title="bbox 1973 2050 3555 2137">
     <span class='ocr_line' id='line_1_64' title="bbox 1973 2050 3555 2137; baseline 0.025 -44"><span class='ocrx_word' id='word_1_534' title='bbox 1973 2050 2133 2099; x_wconf 89' lang='lat' dir='ltr'><strong>tenus</strong></span> <span class='ocrx_word' id='word_1_535' title='bbox 2174 2053 2495 2107; x_wconf 72' lang='lat' dir='ltr'><strong>suavitatem</strong></span> <span class='ocrx_word' id='word_1_536' title='bbox 2553 2056 2668 2112; x_wconf 85' lang='lat' dir='ltr'><strong>sive</strong></span> <span class='ocrx_word' id='word_1_537' title='bbox 2702 2061 3030 2131; x_wconf 76' lang='lat' dir='ltr'><strong>voluptatem</strong></span> <span class='ocrx_word' id='word_1_538' title='bbox 3066 2050 3368 2137; x_wconf 76' lang='lat' dir='ltr'><strong>quamdam</strong></span> <span class='ocrx_word' id='word_1_539' title='bbox 3396 2050 3555 2135; x_wconf 74' lang='lat' dir='ltr'><strong>habet</strong></span> 
     </span>
    </p>
   </div>
   <div class='ocr_carea' id='block_1_63' title="bbox 1973 2136 3552 2229">
    <p class='ocr_par' dir='ltr' id='par_1_63' title="bbox 1973 2136 3552 2229">
     <span class='ocr_line' id='line_1_65' title="bbox 1973 2136 3552 2229; baseline 0.025 -45"><span class='ocrx_word' id='word_1_540' title='bbox 1973 2136 2313 2204; x_wconf 85' lang='lat' dir='ltr'><strong>adjunctam,</strong></span> <span class='ocrx_word' id='word_1_541' title='bbox 2367 2151 2477 2197; x_wconf 85' lang='lat' dir='ltr'><strong>tum</strong></span> <span class='ocrx_word' id='word_1_542' title='bbox 2527 2147 2777 2217; x_wconf 84' lang='lat' dir='ltr'><strong>voluptas</strong></span> <span class='ocrx_word' id='word_1_543' title='bbox 2831 2171 3023 2211; x_wconf 88' lang='lat' dir='ltr'><strong>rursus</strong></span> <span class='ocrx_word' id='word_1_544' title='bbox 3054 2136 3373 2229; x_wconf 86' lang='lat' dir='ltr'><strong>simpliciter</strong></span> <span class='ocrx_word' id='word_1_545' title='bbox 3399 2182 3552 2222; x_wconf 88' lang='lat' dir='ltr'><strong>sum-</strong></span> 
     </span>
    </p>
   </div>
   <div class='ocr_carea' id='block_1_64' title="bbox 1976 2231 3549 2319">
    <p class='ocr_par' dir='ltr' id='par_1_64' title="bbox 1976 2231 3549 2319">
     <span class='ocr_line' id='line_1_66' title="bbox 1976 2231 3549 2319; baseline 0.024 -42"><span class='ocrx_word' id='word_1_546' title='bbox 1976 2240 2123 2281; x_wconf 90' lang='lat' dir='ltr'><strong>mum</strong></span> <span class='ocrx_word' id='word_1_547' title='bbox 2175 2231 2278 2285; x_wconf 90' lang='lat' dir='ltr'><strong>erit</strong></span> <span class='ocrx_word' id='word_1_548' title='bbox 2313 2232 2541 2300; x_wconf 87' lang='lat' dir='ltr'><strong>bonum,</strong></span> <span class='ocrx_word' id='word_1_549' title='bbox 2592 2243 2710 2296; x_wconf 84' lang='lat' dir='ltr'><strong>sive</strong></span> <span class='ocrx_word' id='word_1_550' title='bbox 2756 2249 3201 2319; x_wconf 85' lang='lat' dir='ltr'><strong>contemplando,</strong></span> <span class='ocrx_word' id='word_1_551' title='bbox 3239 2256 3355 2311; x_wconf 86' lang='lat' dir='ltr'><strong>sive</strong></span> <span class='ocrx_word' id='word_1_552' title='bbox 3405 2259 3549 2316; x_wconf 86' lang='lat' dir='ltr'><strong>aliud</strong></span> 
     </span>
    </p>
   </div>
   <div class='ocr_carea' id='block_1_65' title="bbox 1973 2319 3550 2412">
    <p class='ocr_par' dir='ltr' id='par_1_65' title="bbox 1973 2319 3550 2412">
     <span class='ocr_line' id='line_1_67' title="bbox 1973 2319 3550 2412; baseline 0.025 -44"><span class='ocrx_word' id='word_1_553' title='bbox 1973 2319 2184 2384; x_wconf 78' lang='lat' dir='ltr'><strong>agendo</strong></span> <span class='ocrx_word' id='word_1_554' title='bbox 2236 2322 2406 2389; x_wconf 82' lang='lat' dir='ltr'><strong>ipsam</strong></span> <span class='ocrx_word' id='word_1_555' title='bbox 2468 2343 2889 2399; x_wconf 79' lang='lat' dir='ltr'><strong>consequamur.</strong></span> <span class='ocrx_word' id='word_1_556' title='bbox 2931 2337 3174 2412; x_wconf 83' lang='lat' dir='ltr'><strong>Utraque</strong></span> <span class='ocrx_word' id='word_1_557' title='bbox 3216 2358 3399 2403; x_wconf 89' lang='lat' dir='ltr'><strong>autem</strong></span> <span class='ocrx_word' id='word_1_558' title='bbox 3458 2368 3550 2406; x_wconf 88' lang='lat' dir='ltr'><strong>ra-</strong></span> 
     </span>
    </p>
   </div>
   <div class='ocr_carea' id='block_1_66' title="bbox 1973 2408 3549 2507">
    <p class='ocr_par' dir='ltr' id='par_1_66' title="bbox 1973 2408 3549 2507">
     <span class='ocr_line' id='line_1_68' title="bbox 1973 2408 3549 2507; baseline 0.025 -46"><span class='ocrx_word' id='word_1_559' title='bbox 1973 2408 2123 2465; x_wconf 89' lang='lat' dir='ltr'><strong>tione</strong></span> <span class='ocrx_word' id='word_1_560' title='bbox 2176 2420 2653 2489; x_wconf 86' lang='lat' dir='ltr'><strong>contemplativam</strong></span> <span class='ocrx_word' id='word_1_561' title='bbox 2695 2428 3026 2500; x_wconf 88' lang='lat' dir='ltr'><strong>voluptatem</strong></span> <span class='ocrx_word' id='word_1_562' title='bbox 3065 2445 3119 2491; x_wconf 90' lang='lat' dir='ltr'><strong>et</strong></span> <span class='ocrx_word' id='word_1_563' title='bbox 3149 2449 3426 2507; x_wconf 84' lang='lat' dir='ltr'><strong>quatenus</strong></span> <span class='ocrx_word' id='word_1_564' title='bbox 3466 2458 3549 2501; x_wconf 86' lang='lat' dir='ltr'><strong>est</strong></span> 
     </span>
    </p>
   </div>
   <div class='ocr_carea' id='block_1_67' title="bbox 1970 2503 3550 2595">
    <p class='ocr_par' dir='ltr' id='par_1_67' title="bbox 1970 2503 3550 2595">
     <span class='ocr_line' id='line_1_69' title="bbox 1970 2503 3550 2595; baseline 0.027 -46"><span class='ocrx_word' id='word_1_565' title='bbox 1970 2503 2394 2570; x_wconf 85' lang='lat' dir='ltr'><strong>contemplativa</strong></span> <span class='ocrx_word' id='word_1_566' title='bbox 2430 2518 2484 2563; x_wconf 92' lang='lat' dir='ltr'><strong>et</strong></span> <span class='ocrx_word' id='word_1_567' title='bbox 2515 2523 2789 2580; x_wconf 83' lang='lat' dir='ltr'><strong>quatenus</strong></span> <span class='ocrx_word' id='word_1_568' title='bbox 2833 2530 2919 2577; x_wconf 89' lang='lat' dir='ltr'><strong>est</strong></span> <span class='ocrx_word' id='word_1_569' title='bbox 2971 2503 3246 2595; x_wconf 78' lang='lat' dir='ltr'><strong>voluptas,</strong></span> <span class='ocrx_word' id='word_1_570' title='bbox 3281 2548 3403 2589; x_wconf 90' lang='lat' dir='ltr'><strong>esse</strong></span> <span class='ocrx_word' id='word_1_571' title='bbox 3450 2537 3550 2594; x_wconf 85' lang='lat' dir='ltr'><strong>bo-</strong></span> 
     </span>
    </p>
   </div>
   <div class='ocr_carea' id='block_1_68' title="bbox 1969 2597 3547 2685">
    <p class='ocr_par' dir='ltr' id='par_1_68' title="bbox 1969 2597 3547 2685">
     <span class='ocr_line' id='line_1_70' title="bbox 1969 2597 3547 2685; baseline 0.028 -44"><span class='ocrx_word' id='word_1_572' title='bbox 1969 2606 2097 2645; x_wconf 92' lang='lat' dir='ltr'><strong>num</strong></span> <span class='ocrx_word' id='word_1_573' title='bbox 2128 2597 2453 2667; x_wconf 88' lang='lat' dir='ltr'><strong>neutiquam</strong></span> <span class='ocrx_word' id='word_1_574' title='bbox 2487 2604 2601 2660; x_wconf 81' lang='lat' dir='ltr'><strong>ﬁeri</strong></span> <span class='ocrx_word' id='word_1_575' title='bbox 2641 2620 2842 2679; x_wconf 76' lang='lat' dir='ltr'><strong>potest,</strong></span> <span class='ocrx_word' id='word_1_576' title='bbox 2898 2614 3004 2671; x_wconf 89' lang='lat' dir='ltr'><strong>nisi</strong></span> <span class='ocrx_word' id='word_1_577' title='bbox 3046 2617 3347 2680; x_wconf 88' lang='lat' dir='ltr'><strong>intercedat</strong></span> <span class='ocrx_word' id='word_1_578' title='bbox 3400 2630 3547 2685; x_wconf 84' lang='lat' dir='ltr'><strong>aliud</strong></span> 
     </span>
    </p>
   </div>
   <div class='ocr_carea' id='block_1_69' title="bbox 1967 2685 3548 2779">
    <p class='ocr_par' dir='ltr' id='par_1_69' title="bbox 1967 2685 3548 2779">
     <span class='ocr_line' id='line_1_71' title="bbox 1967 2685 3548 2779; baseline 0.028 -45"><span class='ocrx_word' id='word_1_579' title='bbox 1967 2685 2245 2750; x_wconf 85' lang='lat' dir='ltr'><strong>quoddam</strong></span> <span class='ocrx_word' id='word_1_580' title='bbox 2294 2706 2460 2747; x_wconf 92' lang='lat' dir='ltr'><strong>unum</strong></span> <span class='ocrx_word' id='word_1_581' title='bbox 2521 2688 2667 2767; x_wconf 88' lang='lat' dir='ltr'><strong>quod</strong></span> <span class='ocrx_word' id='word_1_582' title='bbox 2727 2702 2854 2759; x_wconf 91' lang='lat' dir='ltr'><strong>huic</strong></span> <span class='ocrx_word' id='word_1_583' title='bbox 2908 2708 3126 2779; x_wconf 77' lang='lat' dir='ltr'><strong>utrique</strong></span> <span class='ocrx_word' id='word_1_584' title='bbox 3180 2722 3548 2777; x_wconf 89' lang='lat' dir='ltr'><strong>communiter</strong></span> 
     </span>
    </p>
   </div>
   <div class='ocr_carea' id='block_1_70' title="bbox 1966 2778 3641 2881">
    <p class='ocr_par' dir='ltr' id='par_1_70' title="bbox 1966 2778 3641 2881">
     <span class='ocr_line' id='line_1_72' title="bbox 1966 2778 3641 2881; baseline 0.027 -52"><span class='ocrx_word' id='word_1_585' title='bbox 1966 2778 2263 2838; x_wconf 72' lang='lat' dir='ltr'><strong>adhaereat.</strong></span> <span class='ocrx_word' id='word_1_586' title='bbox 2298 2782 2437 2841; x_wconf 84' lang='lat' dir='ltr'><strong>illud</strong></span> <span class='ocrx_word' id='word_1_587' title='bbox 2490 2806 2725 2863; x_wconf 86' lang='lat' dir='ltr'><strong>namque</strong></span> <span class='ocrx_word' id='word_1_588' title='bbox 2770 2812 3044 2857; x_wconf 89' lang='lat' dir='ltr'><strong>summum</strong></span> <span class='ocrx_word' id='word_1_589' title='bbox 3079 2806 3281 2861; x_wconf 88' lang='lat' dir='ltr'><strong>bonum</strong></span> <span class='ocrx_word' id='word_1_590' title='bbox 3314 2811 3545 2881; x_wconf 78' lang='lat' dir='ltr'><strong>simplex</strong></span> <span class='ocrx_word' id='word_1_591' title='bbox 3632 2832 3641 2835; x_wconf 78' lang='lat'><em>‘</em></span> 
     </span>
    </p>
   </div>
   <div class='ocr_carea' id='block_1_71' title="bbox 1964 2876 3540 2967">
    <p class='ocr_par' dir='ltr' id='par_1_71' title="bbox 1964 2876 3540 2967">
     <span class='ocr_line' id='line_1_73' title="bbox 1964 2876 3540 2967; baseline 0.024 -49"><span class='ocrx_word' id='word_1_592' title='bbox 1964 2876 2129 2937; x_wconf 90' lang='lat' dir='ltr'><strong>atque</strong></span> <span class='ocrx_word' id='word_1_593' title='bbox 2160 2886 2328 2927; x_wconf 90' lang='lat' dir='ltr'><strong>unum</strong></span> <span class='ocrx_word' id='word_1_594' title='bbox 2364 2892 2487 2934; x_wconf 89' lang='lat' dir='ltr'><strong>esse</strong></span> <span class='ocrx_word' id='word_1_595' title='bbox 2516 2893 2734 2951; x_wconf 89' lang='lat' dir='ltr'><strong>oportet</strong></span> <span class='ocrx_word' id='word_1_596' title='bbox 2781 2897 2833 2940; x_wconf 86' lang='lat' dir='ltr'><strong>et</strong></span> <span class='ocrx_word' id='word_1_597' title='bbox 2862 2893 3007 2959; x_wconf 91' lang='lat' dir='ltr'><strong>quod</strong></span> <span class='ocrx_word' id='word_1_598' title='bbox 3044 2896 3277 2964; x_wconf 89' lang='lat' dir='ltr'><strong>desuper</strong></span> <span class='ocrx_word' id='word_1_599' title='bbox 3317 2901 3381 2952; x_wconf 87' lang='lat' dir='ltr'><strong>ad</strong></span> <span class='ocrx_word' id='word_1_600' title='bbox 3416 2876 3540 2967; x_wconf 81' lang='lat' dir='ltr'><strong>nos,</strong></span> 
     </span>
    </p>
   </div>
   <div class='ocr_carea' id='block_1_72' title="bbox 1965 2959 3540 3054">
    <p class='ocr_par' dir='ltr' id='par_1_72' title="bbox 1965 2959 3540 3054">
     <span class='ocr_line' id='line_1_74' title="bbox 1965 2959 3540 3054; baseline 0.023 -45"><span class='ocrx_word' id='word_1_601' title='bbox 1965 2959 2032 3011; x_wconf 87' lang='lat' dir='ltr'><strong>ab</strong></span> <span class='ocrx_word' id='word_1_602' title='bbox 2065 2960 2267 3026; x_wconf 89' lang='lat' dir='ltr'><strong>illoque</strong></span> <span class='ocrx_word' id='word_1_603' title='bbox 2323 2981 2539 3025; x_wconf 90' lang='lat' dir='ltr'><strong>summe</strong></span> <span class='ocrx_word' id='word_1_604' title='bbox 2577 2989 2684 3027; x_wconf 82' lang='lat' dir='ltr'><strong>uno</strong></span> <span class='ocrx_word' id='word_1_605' title='bbox 2741 2987 2903 3047; x_wconf 89' lang='lat' dir='ltr'><strong>atque</strong></span> <span class='ocrx_word' id='word_1_606' title='bbox 2941 2981 3087 3038; x_wconf 90' lang='lat' dir='ltr'><strong>bono</strong></span> <span class='ocrx_word' id='word_1_607' title='bbox 3120 2988 3266 3054; x_wconf 89' lang='lat' dir='ltr'><strong>quod</strong></span> <span class='ocrx_word' id='word_1_608' title='bbox 3322 3005 3540 3049; x_wconf 87' lang='lat' dir='ltr'><strong>omnem</strong></span> 
     </span>
    </p>
   </div>
   <div class='ocr_carea' id='block_1_73' title="bbox 1962 3061 3542 3148">
    <p class='ocr_par' dir='ltr' id='par_1_73' title="bbox 1962 3061 3542 3148">
     <span class='ocr_line' id='line_1_75' title="bbox 1962 3061 3542 3148; baseline 0.023 -46"><span class='ocrx_word' id='word_1_609' title='bbox 1962 3061 2183 3119; x_wconf 84' lang='lat' dir='ltr'><strong>superat</strong></span> <span class='ocrx_word' id='word_1_610' title='bbox 2227 3065 2499 3125; x_wconf 86' lang='lat' dir='ltr'><strong>naturam,</strong></span> <span class='ocrx_word' id='word_1_611' title='bbox 2529 3068 2871 3136; x_wconf 81' lang='lat' dir='ltr'><strong>pervenerit,</strong></span> <span class='ocrx_word' id='word_1_612' title='bbox 2918 3086 3039 3127; x_wconf 92' lang='lat' dir='ltr'><strong>cum</strong></span> <span class='ocrx_word' id='word_1_613' title='bbox 3089 3077 3245 3148; x_wconf 88' lang='lat' dir='ltr'><strong>cujus</strong></span> <span class='ocrx_word' id='word_1_614' title='bbox 3277 3080 3542 3138; x_wconf 81' lang='lat' dir='ltr'><strong>beneﬁcio</strong></span> 
     </span>
    </p>
   </div>
   <div class='ocr_carea' id='block_1_74' title="bbox 1961 3144 3539 3239">
    <p class='ocr_par' dir='ltr' id='par_1_74' title="bbox 1961 3144 3539 3239">
     <span class='ocr_line' id='line_1_76' title="bbox 1961 3144 3539 3239; baseline 0.024 -45"><span class='ocrx_word' id='word_1_615' title='bbox 1961 3144 2146 3197; x_wconf 90' lang='lat' dir='ltr'><strong>omnia</strong></span> <span class='ocrx_word' id='word_1_616' title='bbox 2184 3146 2392 3217; x_wconf 87' lang='lat' dir='ltr'><strong>reliqua</strong></span> <span class='ocrx_word' id='word_1_617' title='bbox 2425 3167 2547 3221; x_wconf 85' lang='lat' dir='ltr'><strong>quae</strong></span> <span class='ocrx_word' id='word_1_618' title='bbox 2576 3155 2834 3213; x_wconf 85' lang='lat' dir='ltr'><strong>nimirum</strong></span> <span class='ocrx_word' id='word_1_619' title='bbox 2862 3162 2993 3218; x_wconf 90' lang='lat' dir='ltr'><strong>illud</strong></span> <span class='ocrx_word' id='word_1_620' title='bbox 3021 3144 3369 3239; x_wconf 67' lang='lat' dir='ltr'><strong>participant,</strong></span> <span class='ocrx_word' id='word_1_621' title='bbox 3398 3173 3539 3233; x_wconf 87' lang='lat' dir='ltr'><strong>bona</strong></span> 
     </span>
    </p>
   </div>
   <div class='ocr_carea' id='block_1_75' title="bbox 1959 3233 3542 3325">
    <p class='ocr_par' dir='ltr' id='par_1_75' title="bbox 1959 3233 3542 3325">
     <span class='ocr_line' id='line_1_77' title="bbox 1959 3233 3542 3325; baseline 0.025 -39"><span class='ocrx_word' id='word_1_622' title='bbox 1959 3233 2065 3288; x_wconf 91' lang='lat' dir='ltr'><strong>dici</strong></span> <span class='ocrx_word' id='word_1_623' title='bbox 2116 3252 2417 3301; x_wconf 89' lang='lat' dir='ltr'><strong>merentur.</strong></span> <span class='ocrx_word' id='word_1_624' title='bbox 2472 3245 2580 3302; x_wconf 88' lang='lat' dir='ltr'><strong>Nos</strong></span> <span class='ocrx_word' id='word_1_625' title='bbox 2624 3248 2789 3318; x_wconf 80' lang='lat' dir='ltr'><strong>igitur</strong></span> <span class='ocrx_word' id='word_1_626' title='bbox 2814 3240 3014 3322; x_wconf 35' lang='lat' dir='ltr'><strong>&quot;ipsum</strong></span> <span class='ocrx_word' id='word_1_627' title='bbox 3074 3261 3362 3321; x_wconf 82' lang='lat' dir='ltr'><strong>honestum</strong></span> <span class='ocrx_word' id='word_1_628' title='bbox 3422 3275 3542 3325; x_wconf 84' lang='lat' dir='ltr'><strong>sive</strong></span> 
     </span>
    </p>
   </div>
   <div class='ocr_carea' id='block_1_76' title="bbox 1958 3326 3538 3421">
    <p class='ocr_par' dir='ltr' id='par_1_76' title="bbox 1958 3326 3538 3421">
     <span class='ocr_line' id='line_1_78' title="bbox 1958 3326 3538 3421; baseline 0.025 -44"><span class='ocrx_word' id='word_1_629' title='bbox 1958 3326 2247 3393; x_wconf 88' lang='lat' dir='ltr'><strong>pulchrum</strong></span> <span class='ocrx_word' id='word_1_630' title='bbox 2276 3372 2290 3395; x_wconf 95' lang='lat'><strong>,</strong></span> <span class='ocrx_word' id='word_1_631' title='bbox 2325 3333 2456 3389; x_wconf 89' lang='lat' dir='ltr'><strong>illud</strong></span> <span class='ocrx_word' id='word_1_632' title='bbox 2520 3354 2640 3395; x_wconf 90' lang='lat' dir='ltr'><strong>esse</strong></span> <span class='ocrx_word' id='word_1_633' title='bbox 2670 3342 2908 3402; x_wconf 89' lang='lat' dir='ltr'><strong>dicimus</strong></span> <span class='ocrx_word' id='word_1_634' title='bbox 2940 3385 2956 3409; x_wconf 86' lang='lat'><strong>,</strong></span> <span class='ocrx_word' id='word_1_635' title='bbox 3016 3351 3174 3421; x_wconf 89' lang='lat' dir='ltr'><strong>cujus</strong></span> <span class='ocrx_word' id='word_1_636' title='bbox 3203 3356 3365 3411; x_wconf 90' lang='lat' dir='ltr'><strong>etiam</strong></span> <span class='ocrx_word' id='word_1_637' title='bbox 3408 3359 3538 3417; x_wconf 90' lang='lat' dir='ltr'><strong>dum</strong></span> 
     </span>
    </p>
   </div>
   <div class='ocr_carea' id='block_1_77' title="bbox 1956 3421 3540 3519">
    <p class='ocr_par' dir='ltr' id='par_1_77' title="bbox 1956 3421 3540 3519">
     <span class='ocr_line' id='line_1_79' title="bbox 1956 3421 3540 3519; baseline 0.027 -51"><span class='ocrx_word' id='word_1_638' title='bbox 1956 3421 2349 3489; x_wconf 88' lang='lat' dir='ltr'><strong>contemplatio</strong></span> <span class='ocrx_word' id='word_1_639' title='bbox 2387 3426 2443 3481; x_wconf 83' lang='lat' dir='ltr'><strong>lit</strong></span> <span class='ocrx_word' id='word_1_640' title='bbox 2465 3432 2737 3503; x_wconf 88' lang='lat' dir='ltr'><strong>particeps</strong></span> <span class='ocrx_word' id='word_1_641' title='bbox 2771 3446 2823 3491; x_wconf 91' lang='lat' dir='ltr'><strong>et</strong></span> <span class='ocrx_word' id='word_1_642' title='bbox 2858 3439 3063 3496; x_wconf 86' lang='lat' dir='ltr'><strong>bonum</strong></span> <span class='ocrx_word' id='word_1_643' title='bbox 3107 3455 3168 3503; x_wconf 77' lang='lat' dir='ltr'><strong>,et</strong></span> <span class='ocrx_word' id='word_1_644' title='bbox 3202 3451 3453 3519; x_wconf 81' lang='lat' dir='ltr'><strong>voluptas</strong></span> <span class='ocrx_word' id='word_1_645' title='bbox 3484 3469 3540 3509; x_wconf 88' lang='lat' dir='ltr'><strong>et</strong></span> 
     </span>
    </p>
   </div>
   <div class='ocr_carea' id='block_1_78' title="bbox 1955 3510 3535 3603">
    <p class='ocr_par' dir='ltr' id='par_1_78' title="bbox 1955 3510 3535 3603">
     <span class='ocr_line' id='line_1_80' title="bbox 1955 3510 3535 3603; baseline 0.027 -42"><span class='ocrx_word' id='word_1_646' title='bbox 1955 3510 2225 3583; x_wconf 90' lang='lat' dir='ltr'><strong>quidquid</strong></span> <span class='ocrx_word' id='word_1_647' title='bbox 2256 3516 2401 3572; x_wconf 88' lang='lat' dir='ltr'><strong>aliud</strong></span> <span class='ocrx_word' id='word_1_648' title='bbox 2433 3521 2689 3580; x_wconf 70' lang='lat' dir='ltr'><strong>edicitur.</strong></span> <span class='ocrx_word' id='word_1_649' title='bbox 2727 3528 2803 3583; x_wconf 83' lang='lat' dir='ltr'><strong>Ac</strong></span> <span class='ocrx_word' id='word_1_650' title='bbox 2829 3532 3043 3589; x_wconf 87' lang='lat' dir='ltr'><strong>videtur</strong></span> <span class='ocrx_word' id='word_1_651' title='bbox 3072 3510 3394 3599; x_wconf 71' lang='lat' dir='ltr'><strong>Aristoteles</strong></span> <span class='ocrx_word' id='word_1_652' title='bbox 3417 3560 3535 3603; x_wconf 88' lang='lat' dir='ltr'><strong>eam</strong></span> 
     </span>
    </p>
   </div>
   <div class='ocr_carea' id='block_1_79' title="bbox 1955 3598 3533 3700">
    <p class='ocr_par' dir='ltr' id='par_1_79' title="bbox 1955 3598 3533 3700">
     <span class='ocr_line' id='line_1_81' title="bbox 1955 3598 3533 3700; baseline 0.026 -49"><span class='ocrx_word' id='word_1_653' title='bbox 1955 3598 2025 3653; x_wconf 92' lang='lat' dir='ltr'><strong>ob</strong></span> <span class='ocrx_word' id='word_1_654' title='bbox 2056 3615 2275 3658; x_wconf 89' lang='lat' dir='ltr'><strong>causam</strong></span> <span class='ocrx_word' id='word_1_655' title='bbox 2297 3608 2561 3680; x_wconf 87' lang='lat' dir='ltr'><strong>voluptati</strong></span> <span class='ocrx_word' id='word_1_656' title='bbox 2598 3618 2955 3687; x_wconf 82' lang='lat' dir='ltr'><strong>conjunxisse</strong></span> <span class='ocrx_word' id='word_1_657' title='bbox 2979 3631 3533 3700; x_wconf 86' lang='lat' dir='ltr'><strong>contemplationem,</strong></span> 
     </span>
    </p>
   </div>
   <div class='ocr_carea' id='block_1_80' title="bbox 1954 3693 3529 3788">
    <p class='ocr_par' dir='ltr' id='par_1_80' title="bbox 1954 3693 3529 3788">
     <span class='ocr_line' id='line_1_82' title="bbox 1954 3693 3529 3788; baseline 0.025 -46"><span class='ocrx_word' id='word_1_658' title='bbox 1954 3701 2009 3744; x_wconf 92' lang='lat' dir='ltr'><strong>ut</strong></span> <span class='ocrx_word' id='word_1_659' title='bbox 2045 3693 2375 3764; x_wconf 86' lang='lat' dir='ltr'><strong>voluptatem</strong></span> <span class='ocrx_word' id='word_1_660' title='bbox 2428 3703 2689 3761; x_wconf 90' lang='lat' dir='ltr'><strong>nimirum</strong></span> <span class='ocrx_word' id='word_1_661' title='bbox 2738 3713 2901 3770; x_wconf 85' lang='lat' dir='ltr'><strong>nobis</strong></span> <span class='ocrx_word' id='word_1_662' title='bbox 2950 3720 3224 3788; x_wconf 87' lang='lat' dir='ltr'><strong>propriam</strong></span> <span class='ocrx_word' id='word_1_663' title='bbox 3283 3736 3529 3782; x_wconf 86' lang='lat' dir='ltr'><strong>nostrum</strong></span> 
     </span>
    </p>
   </div>
   <div class='ocr_carea' id='block_1_81' title="bbox 1947 3786 3533 3873">
    <p class='ocr_par' dir='ltr' id='par_1_81' title="bbox 1947 3786 3533 3873">
     <span class='ocr_line' id='line_1_83' title="bbox 1947 3786 3533 3873; baseline 0.026 -39"><span class='ocrx_word' id='word_1_664' title='bbox 1947 3798 2072 3837; x_wconf 87' lang='lat' dir='ltr'><strong>esse</strong></span> <span class='ocrx_word' id='word_1_665' title='bbox 2103 3786 2305 3842; x_wconf 88' lang='lat' dir='ltr'><strong>bonum</strong></span> <span class='ocrx_word' id='word_1_666' title='bbox 2338 3795 2650 3851; x_wconf 87' lang='lat' dir='ltr'><strong>ostenderet</strong></span> <span class='ocrx_word' id='word_1_667' title='bbox 2676 3840 2690 3864; x_wconf 93' lang='lat'><strong>,</strong></span> <span class='ocrx_word' id='word_1_668' title='bbox 2725 3786 3189 3871; x_wconf 88' lang='lat' dir='ltr'><strong>quemadmodum</strong></span> <span class='ocrx_word' id='word_1_669' title='bbox 3214 3817 3379 3871; x_wconf 62' lang='lat' dir='ltr'><strong>etiam</strong></span> <span class='ocrx_word' id='word_1_670' title='bbox 3408 3834 3533 3873; x_wconf 81' lang='lat' dir='ltr'><strong>zon-</strong></span> 
     </span>
    </p>
   </div>
   <div class='ocr_carea' id='block_1_82' title="bbox 1948 3876 3532 3974">
    <p class='ocr_par' dir='ltr' id='par_1_82' title="bbox 1948 3876 3532 3974">
     <span class='ocr_line' id='line_1_84' title="bbox 1948 3876 3532 3974; baseline 0.023 -48"><span class='ocrx_word' id='word_1_671' title='bbox 1948 3876 2357 3945; x_wconf 82' lang='lat' dir='ltr'><strong>templationem</strong></span> <span class='ocrx_word' id='word_1_672' title='bbox 2402 3898 2542 3953; x_wconf 87' lang='lat' dir='ltr'><strong>opus</strong></span> <span class='ocrx_word' id='word_1_673' title='bbox 2572 3904 2692 3947; x_wconf 80' lang='lat' dir='ltr'><strong>esse</strong></span> <span class='ocrx_word' id='word_1_674' title='bbox 2724 3897 2958 3950; x_wconf 80' lang='lat' dir='ltr'><strong>maxime</strong></span> <span class='ocrx_word' id='word_1_675' title='bbox 2991 3912 3267 3957; x_wconf 88' lang='lat' dir='ltr'><strong>nostrum.</strong></span> <span class='ocrx_word' id='word_1_676' title='bbox 3302 3906 3532 3974; x_wconf 76' lang='lat' dir='ltr'><strong>Oportet</strong></span> 
     </span>
    </p>
   </div>
   <div class='ocr_carea' id='block_1_83' title="bbox 1949 3979 3531 4053">
    <p class='ocr_par' dir='ltr' id='par_1_83' title="bbox 1949 3979 3531 4053">
     <span class='ocr_line' id='line_1_85' title="bbox 1949 3979 3531 4053; baseline 0.022 -36"><span class='ocrx_word' id='word_1_677' title='bbox 1949 3981 2188 4037; x_wconf 89' lang='lat' dir='ltr'><strong>namque</strong></span> <span class='ocrx_word' id='word_1_678' title='bbox 2244 3987 2521 4029; x_wconf 87' lang='lat' dir='ltr'><strong>summum</strong></span> <span class='ocrx_word' id='word_1_679' title='bbox 2579 3979 2712 4034; x_wconf 87' lang='lat' dir='ltr'><strong>illud</strong></span> <span class='ocrx_word' id='word_1_680' title='bbox 2766 3984 2993 4051; x_wconf 90' lang='lat' dir='ltr'><strong>bonum,</strong></span> <span class='ocrx_word' id='word_1_681' title='bbox 3032 4006 3138 4044; x_wconf 90' lang='lat' dir='ltr'><strong>non</strong></span> <span class='ocrx_word' id='word_1_682' title='bbox 3186 3994 3362 4048; x_wconf 85' lang='lat' dir='ltr'><strong>solum</strong></span> <span class='ocrx_word' id='word_1_683' title='bbox 3412 4013 3531 4053; x_wconf 77' lang='lat' dir='ltr'><strong>che</strong></span> 
     </span>
    </p>
   </div>
   <div class='ocr_carea' id='block_1_84' title="bbox 1946 4056 3529 4146">
    <p class='ocr_par' dir='ltr' id='par_1_84' title="bbox 1946 4056 3529 4146">
     <span class='ocr_line' id='line_1_86' title="bbox 1946 4056 3529 4146; baseline 0.022 -37"><span class='ocrx_word' id='word_1_684' title='bbox 1946 4056 2174 4124; x_wconf 89' lang='lat' dir='ltr'><strong>bonum,</strong></span> <span class='ocrx_word' id='word_1_685' title='bbox 2204 4064 2297 4117; x_wconf 91' lang='lat' dir='ltr'><strong>sed</strong></span> <span class='ocrx_word' id='word_1_686' title='bbox 2341 4065 2501 4121; x_wconf 85' lang='lat' dir='ltr'><strong>nobis</strong></span> <span class='ocrx_word' id='word_1_687' title='bbox 2527 4085 2747 4140; x_wconf 89' lang='lat' dir='ltr'><strong>quoque</strong></span> <span class='ocrx_word' id='word_1_688' title='bbox 2778 4081 3199 4146; x_wconf 87' lang='lat' dir='ltr'><strong>accommodari,</strong></span> <span class='ocrx_word' id='word_1_689' title='bbox 3250 4094 3303 4138; x_wconf 84' lang='lat' dir='ltr'><strong>et</strong></span> <span class='ocrx_word' id='word_1_690' title='bbox 3328 4087 3392 4139; x_wconf 87' lang='lat' dir='ltr'><strong>ad</strong></span> <span class='ocrx_word' id='word_1_691' title='bbox 3428 4104 3529 4144; x_wconf 77' lang='lat' dir='ltr'><strong>nos</strong></span> 
     </span>
    </p>
   </div>
   <div class='ocr_carea' id='block_1_85' title="bbox 1946 4148 3526 4237">
    <p class='ocr_par' dir='ltr' id='par_1_85' title="bbox 1946 4148 3526 4237">
     <span class='ocr_line' id='line_1_87' title="bbox 1946 4148 3526 4237; baseline 0.02 -37"><span class='ocrx_word' id='word_1_692' title='bbox 1946 4148 2163 4217; x_wconf 81' lang='lat' dir='ltr'><strong>referri,</strong></span> <span class='ocrx_word' id='word_1_693' title='bbox 2208 4155 2253 4207; x_wconf 89' lang='lat' dir='ltr'><strong>si</strong></span> <span class='ocrx_word' id='word_1_694' title='bbox 2302 4155 2406 4211; x_wconf 89' lang='lat' dir='ltr'><strong>tale</strong></span> <span class='ocrx_word' id='word_1_695' title='bbox 2448 4158 2643 4215; x_wconf 86' lang='lat' dir='ltr'><strong>debeat</strong></span> <span class='ocrx_word' id='word_1_696' title='bbox 2689 4163 2965 4233; x_wconf 82' lang='lat' dir='ltr'><strong>judicari,</strong></span> <span class='ocrx_word' id='word_1_697' title='bbox 3009 4173 3149 4237; x_wconf 91' lang='lat' dir='ltr'><strong>quod</strong></span> <span class='ocrx_word' id='word_1_698' title='bbox 3176 4176 3244 4228; x_wconf 88' lang='lat' dir='ltr'><strong>sit</strong></span> <span class='ocrx_word' id='word_1_699' title='bbox 3274 4177 3416 4231; x_wconf 88' lang='lat' dir='ltr'><strong>votis</strong></span> <span class='ocrx_word' id='word_1_700' title='bbox 3445 4177 3526 4231; x_wconf 83' lang='lat' dir='ltr'><strong>di-</strong></span> 
     </span>
    </p>
   </div>
   <div class='ocr_carea' id='block_1_86' title="bbox 1942 4248 3522 4324">
    <p class='ocr_par' dir='ltr' id='par_1_86' title="bbox 1942 4248 3522 4324">
     <span class='ocr_line' id='line_1_88' title="bbox 1942 4248 3522 4324; baseline 0.022 -38"><span class='ocrx_word' id='word_1_701' title='bbox 1942 4251 2105 4306; x_wconf 75' lang='lat' dir='ltr'><strong>gnum</strong></span> <span class='ocrx_word' id='word_1_702' title='bbox 2137 4255 2248 4309; x_wconf 67' lang='lat' dir='ltr'><strong>pra:</strong></span> <span class='ocrx_word' id='word_1_703' title='bbox 2290 4248 2502 4304; x_wconf 81' lang='lat' dir='ltr'><strong>caeteris</strong></span> <span class='ocrx_word' id='word_1_704' title='bbox 2529 4252 2788 4308; x_wconf 89' lang='lat' dir='ltr'><strong>omnibus</strong></span> <span class='ocrx_word' id='word_1_705' title='bbox 2825 4266 2895 4324; x_wconf 70' lang='lat' dir='ltr'><strong>et;</strong></span> <span class='ocrx_word' id='word_1_706' title='bbox 2919 4260 3154 4316; x_wconf 84' lang='lat' dir='ltr'><strong>maxime</strong></span> <span class='ocrx_word' id='word_1_707' title='bbox 3180 4276 3209 4315; x_wconf 91' lang='lat' dir='ltr'><strong>a</strong></span> <span class='ocrx_word' id='word_1_708' title='bbox 3242 4265 3398 4320; x_wconf 88' lang='lat' dir='ltr'><strong>nobis</strong></span> <span class='ocrx_word' id='word_1_709' title='bbox 3427 4267 3522 4320; x_wconf 89' lang='lat' dir='ltr'><strong>eli-</strong></span> 
     </span>
    </p>
   </div>
   <div class='ocr_carea' id='block_1_87' title="bbox 1945 4327 3518 4418">
    <p class='ocr_par' dir='ltr' id='par_1_87' title="bbox 1945 4327 3518 4418">
     <span class='ocr_line' id='line_1_89' title="bbox 1945 4327 3518 4418; baseline 0.024 -39"><span class='ocrx_word' id='word_1_710' title='bbox 1945 4327 2204 4393; x_wconf 78' lang='lat' dir='ltr'><strong>gendum.</strong></span> <span class='ocrx_word' id='word_1_711' title='bbox 2270 4332 2383 4400; x_wconf 88' lang='lat' dir='ltr'><strong>Qua</strong></span> <span class='ocrx_word' id='word_1_712' title='bbox 2425 4338 2475 4391; x_wconf 91' lang='lat' dir='ltr'><strong>in</strong></span> <span class='ocrx_word' id='word_1_713' title='bbox 2506 4355 2562 4394; x_wconf 92' lang='lat' dir='ltr'><strong>re</strong></span> <span class='ocrx_word' id='word_1_714' title='bbox 2607 4343 2854 4411; x_wconf 82' lang='lat' dir='ltr'><strong>profecto</strong></span> <span class='ocrx_word' id='word_1_715' title='bbox 2909 4348 2997 4403; x_wconf 89' lang='lat' dir='ltr'><strong>ille</strong></span> <span class='ocrx_word' id='word_1_716' title='bbox 3059 4367 3167 4408; x_wconf 91' lang='lat' dir='ltr'><strong>non</strong></span> <span class='ocrx_word' id='word_1_717' title='bbox 3224 4354 3518 4418; x_wconf 84' lang='lat' dir='ltr'><strong>admodum</strong></span> 
     </span>
    </p>
   </div>
   <div class='ocr_carea' id='block_1_88' title="bbox 1943 4415 3515 4513">
    <p class='ocr_par' dir='ltr' id='par_1_88' title="bbox 1943 4415 3515 4513">
     <span class='ocr_line' id='line_1_90' title="bbox 1943 4415 3515 4513; baseline 0.022 -44"><span class='ocrx_word' id='word_1_718' title='bbox 1943 4415 2215 4475; x_wconf 87' lang='lat' dir='ltr'><strong>diversam</strong></span> <span class='ocrx_word' id='word_1_719' title='bbox 2259 4425 2326 4479; x_wconf 91' lang='lat' dir='ltr'><strong>ab</strong></span> <span class='ocrx_word' id='word_1_720' title='bbox 2354 4423 2591 4494; x_wconf 80' lang='lat' dir='ltr'><strong>Epicuro</strong></span> <span class='ocrx_word' id='word_1_721' title='bbox 2618 4439 2805 4490; x_wconf 88' lang='lat' dir='ltr'><strong>tuetur</strong></span> <span class='ocrx_word' id='word_1_722' title='bbox 2841 4442 3197 4505; x_wconf 88' lang='lat' dir='ltr'><strong>sententiam,</strong></span> <span class='ocrx_word' id='word_1_723' title='bbox 3230 4445 3323 4513; x_wconf 89' lang='lat' dir='ltr'><strong>qui</strong></span> <span class='ocrx_word' id='word_1_724' title='bbox 3353 4447 3515 4504; x_wconf 90' lang='lat' dir='ltr'><strong>etiam</strong></span> 
     </span>
    </p>
   </div>
   <div class='ocr_carea' id='block_1_89' title="bbox 1940 4510 3514 4591">
    <p class='ocr_par' dir='ltr' id='par_1_89' title="bbox 1940 4510 3514 4591">
     <span class='ocr_line' id='line_1_91' title="bbox 1940 4510 3514 4591; baseline 0.018 -33"><span class='ocrx_word' id='word_1_725' title='bbox 1940 4510 2180 4574; x_wconf 87' lang='lat' dir='ltr'><strong>quodam</strong></span> <span class='ocrx_word' id='word_1_726' title='bbox 2220 4511 2273 4565; x_wconf 90' lang='lat' dir='ltr'><strong>in</strong></span> <span class='ocrx_word' id='word_1_727' title='bbox 2307 4512 2428 4569; x_wconf 91' lang='lat' dir='ltr'><strong>loco</strong></span> <span class='ocrx_word' id='word_1_728' title='bbox 2472 4517 2799 4591; x_wconf 81' lang='lat' dir='ltr'><strong>voluptatein</strong></span> <span class='ocrx_word' id='word_1_729' title='bbox 2836 4538 3112 4581; x_wconf 89' lang='lat' dir='ltr'><strong>summum</strong></span> <span class='ocrx_word' id='word_1_730' title='bbox 3148 4510 3278 4584; x_wconf 75' lang='lat' dir='ltr'><strong>facit</strong></span> <span class='ocrx_word' id='word_1_731' title='bbox 3312 4530 3514 4589; x_wconf 86' lang='lat' dir='ltr'><strong>bonum</strong></span> 
     </span>
    </p>
   </div>
   <div class='ocr_carea' id='block_1_90' title="bbox 1938 4601 3517 4693">
    <p class='ocr_par' dir='ltr' id='par_1_90' title="bbox 1938 4601 3517 4693">
     <span class='ocr_line' id='line_1_92' title="bbox 1938 4601 3517 4693; baseline 0.02 -45"><span class='ocrx_word' id='word_1_732' title='bbox 1938 4611 2172 4668; x_wconf 82' lang='lat' dir='ltr'><strong>eamque</strong></span> <span class='ocrx_word' id='word_1_733' title='bbox 2208 4601 2495 4674; x_wconf 82' lang='lat' dir='ltr'><strong>intelligit,</strong></span> <span class='ocrx_word' id='word_1_734' title='bbox 2529 4623 2651 4680; x_wconf 70' lang='lat' dir='ltr'><strong>qum</strong></span> <span class='ocrx_word' id='word_1_735' title='bbox 2684 4610 2735 4664; x_wconf 93' lang='lat' dir='ltr'><strong>in</strong></span> <span class='ocrx_word' id='word_1_736' title='bbox 2790 4614 2976 4668; x_wconf 87' lang='lat' dir='ltr'><strong>animo</strong></span> <span class='ocrx_word' id='word_1_737' title='bbox 3006 4618 3281 4674; x_wconf 57' lang='lat' dir='ltr'><strong>considit.</strong></span> <span class='ocrx_word' id='word_1_738' title='bbox 3312 4620 3517 4693; x_wconf 84' lang='lat' dir='ltr'><strong>Nempe</strong></span> 
     </span>
    </p>
   </div>
   <div class='ocr_carea' id='block_1_91' title="bbox 1939 4692 3516 4779">
    <p class='ocr_par' dir='ltr' id='par_1_91' title="bbox 1939 4692 3516 4779">
     <span class='ocr_line' id='line_1_93' title="bbox 1939 4692 3516 4779; baseline 0.019 -39"><span class='ocrx_word' id='word_1_739' title='bbox 1939 4701 2168 4758; x_wconf 87' lang='lat' dir='ltr'><strong>apparet</strong></span> <span class='ocrx_word' id='word_1_740' title='bbox 2229 4692 2405 4762; x_wconf 90' lang='lat' dir='ltr'><strong>ipsum</strong></span> <span class='ocrx_word' id='word_1_741' title='bbox 2436 4698 2788 4757; x_wconf 84' lang='lat' dir='ltr'><strong>Aristotelem</strong></span> <span class='ocrx_word' id='word_1_742' title='bbox 2824 4706 2985 4763; x_wconf 85' lang='lat' dir='ltr'><strong>etiam</strong></span> <span class='ocrx_word' id='word_1_743' title='bbox 3025 4708 3259 4779; x_wconf 87' lang='lat' dir='ltr'><strong>Epicuro</strong></span> <span class='ocrx_word' id='word_1_744' title='bbox 3304 4692 3516 4771; x_wconf 72' lang='lat' dir='ltr'><strong>uberri~</strong></span> 
     </span>
    </p>
   </div>
   <div class='ocr_carea' id='block_1_92' title="bbox 1937 4786 3517 4875">
    <p class='ocr_par' dir='ltr' id='par_1_92' title="bbox 1937 4786 3517 4875">
     <span class='ocr_line' id='line_1_94' title="bbox 1937 4786 3517 4875; baseline 0.019 -43"><span class='ocrx_word' id='word_1_745' title='bbox 1937 4796 2080 4835; x_wconf 89' lang='lat' dir='ltr'><strong>mam</strong></span> <span class='ocrx_word' id='word_1_746' title='bbox 2114 4786 2416 4851; x_wconf 58' lang='lat' dir='ltr'><strong>prmbuisse</strong></span> <span class='ocrx_word' id='word_1_747' title='bbox 2454 4793 2824 4860; x_wconf 85' lang='lat' dir='ltr'><strong>occasionem,</strong></span> <span class='ocrx_word' id='word_1_748' title='bbox 2862 4806 2922 4851; x_wconf 92' lang='lat' dir='ltr'><strong>ut</strong></span> <span class='ocrx_word' id='word_1_749' title='bbox 2956 4813 3109 4854; x_wconf 90' lang='lat' dir='ltr'><strong>suam</strong></span> <span class='ocrx_word' id='word_1_750' title='bbox 3144 4802 3211 4857; x_wconf 92' lang='lat' dir='ltr'><strong>de</strong></span> <span class='ocrx_word' id='word_1_751' title='bbox 3238 4805 3517 4875; x_wconf 87' lang='lat' dir='ltr'><strong>voluptate</strong></span> 
     </span>
    </p>
   </div>
   <div class='ocr_carea' id='block_1_93' title="bbox 1937 4879 3516 4959">
    <p class='ocr_par' dir='ltr' id='par_1_93' title="bbox 1937 4879 3516 4959">
     <span class='ocr_line' id='line_1_95' title="bbox 1937 4879 3516 4959; baseline 0.017 -34"><span class='ocrx_word' id='word_1_752' title='bbox 1937 4879 2262 4931; x_wconf 84' lang='lat' dir='ltr'><strong>sententiam</strong></span> <span class='ocrx_word' id='word_1_753' title='bbox 2307 4881 2570 4936; x_wconf 87' lang='lat' dir='ltr'><strong>audacter</strong></span> <span class='ocrx_word' id='word_1_754' title='bbox 2601 4885 2653 4937; x_wconf 94' lang='lat' dir='ltr'><strong>in</strong></span> <span class='ocrx_word' id='word_1_755' title='bbox 2680 4886 2918 4941; x_wconf 88' lang='lat' dir='ltr'><strong>medium</strong></span> <span class='ocrx_word' id='word_1_756' title='bbox 2956 4891 3199 4959; x_wconf 78' lang='lat' dir='ltr'><strong>alierret,</strong></span> <span class='ocrx_word' id='word_1_757' title='bbox 3228 4901 3516 4951; x_wconf 79' lang='lat' dir='ltr'><strong>tuendam-</strong></span> 
     </span>
    </p>
   </div>
   <div class='ocr_carea' id='block_1_94' title="bbox 260 4943 1855 5053">
    <p class='ocr_par' dir='ltr' id='par_1_94' title="bbox 260 4943 1855 5031">
     <span class='ocr_line' id='line_1_96' title="bbox 260 4943 1855 5031; baseline 0.013 -38"><span class='ocrx_word' id='word_1_758' title='bbox 260 4943 665 5013; x_wconf 80' lang='grc' dir='ltr'>Ἀριστοτέλους</span> <span class='ocrx_word' id='word_1_759' title='bbox 719 4950 853 5018; x_wconf 66' lang='grc' dir='ltr'><strong>⁴ἡμῖν</strong></span> <span class='ocrx_word' id='word_1_760' title='bbox 891 4952 1138 5023; x_wconf 88' lang='grc' dir='ltr'>διορθοῦν</span> <span class='ocrx_word' id='word_1_761' title='bbox 1170 4955 1482 5025; x_wconf 82' lang='grc' dir='ltr'>πρόκειται,</span> <span class='ocrx_word' id='word_1_762' title='bbox 1523 4959 1659 5011; x_wconf 69' lang='grc' dir='ltr'>ἀλλὰ</span> <span class='ocrx_word' id='word_1_763' title='bbox 1692 4961 1819 5029; x_wconf 80' lang='grc' dir='ltr'>περὶ</span> <span class='ocrx_word' id='word_1_764' title='bbox 1850 5017 1855 5031; x_wconf 27' lang='grc' dir='ltr'>ι</span> 
     </span>
    </p>
   </div>
   <div class='ocr_carea' id='block_1_95' title="bbox 1962 4943 3511 5053">
    <p class='ocr_par' dir='ltr' id='par_1_95' title="bbox 1962 4972 3511 5053">
     <span class='ocr_line' id='line_1_97' title="bbox 1962 4972 3511 5053; baseline 0.014 -33"><span class='ocrx_word' id='word_1_765' title='bbox 1962 4982 2046 5035; x_wconf 74' lang='lat' dir='ltr'><strong>[ue</strong></span> <span class='ocrx_word' id='word_1_766' title='bbox 2089 4972 2415 5039; x_wconf 83' lang='lat' dir='ltr'><strong>susciperet.</strong></span> <span class='ocrx_word' id='word_1_767' title='bbox 2449 4974 2559 5030; x_wconf 76' lang='lat' dir='ltr'><strong>Nos</strong></span> <span class='ocrx_word' id='word_1_768' title='bbox 2612 4976 2794 5048; x_wconf 89' lang='lat' dir='ltr'><strong>itaque</strong></span> <span class='ocrx_word' id='word_1_769' title='bbox 2842 4983 2990 5036; x_wconf 84' lang='lat' dir='ltr'><strong>brevi</strong></span> <span class='ocrx_word' id='word_1_770' title='bbox 3019 4987 3248 5053; x_wconf 81' lang='lat' dir='ltr'><strong>quadam</strong></span> <span class='ocrx_word' id='word_1_771' title='bbox 3299 4987 3511 5042; x_wconf 80' lang='lat' dir='ltr'><strong>ratione</strong></span> 
     </span>
    </p>
   </div>
   <div class='ocr_carea' id='block_1_96' title="bbox 244 5032 1828 5121">
    <p class='ocr_par' dir='ltr' id='par_1_96' title="bbox 244 5032 1828 5121">
     <span class='ocr_line' id='line_1_98' title="bbox 244 5032 1828 5121; baseline 0.014 -39"><span class='ocrx_word' id='word_1_772' title='bbox 244 5032 355 5084; x_wconf 84' lang='grc' dir='ltr'>τῶν</span> <span class='ocrx_word' id='word_1_773' title='bbox 393 5036 663 5102; x_wconf 78' lang='grc' dir='ltr'>μεγίστων</span> <span class='ocrx_word' id='word_1_774' title='bbox 693 5041 790 5092; x_wconf 73' lang='grc' dir='ltr'>καὶ</span> <span class='ocrx_word' id='word_1_775' title='bbox 830 5044 1188 5111; x_wconf 73' lang='grc' dir='ltr'>κυριωτάτων</span> <span class='ocrx_word' id='word_1_776' title='bbox 1221 5048 1435 5112; x_wconf 84' lang='grc' dir='ltr'>είπείν,</span> <span class='ocrx_word' id='word_1_777' title='bbox 1482 5054 1577 5100; x_wconf 76' lang='grc' dir='ltr'>καὶ</span> <span class='ocrx_word' id='word_1_778' title='bbox 1608 5043 1684 5103; x_wconf 83' lang='grc' dir='ltr'>ὧν</span> <span class='ocrx_word' id='word_1_779' title='bbox 1717 5054 1828 5121; x_wconf 82' lang='grc' dir='ltr'>μα-</span> 
     </span>
    </p>
   </div>
   <div class='ocr_carea' id='block_1_97' title="bbox 1932 5061 3505 5135">
    <p class='ocr_par' dir='ltr' id='par_1_97' title="bbox 1932 5061 3505 5135">
     <span class='ocr_line' id='line_1_99' title="bbox 1932 5061 3505 5135; baseline 0.014 -23"><span class='ocrx_word' id='word_1_780' title='bbox 1932 5061 2289 5118; x_wconf 85' lang='lat' dir='ltr'><strong>ostendeinus</strong></span> <span class='ocrx_word' id='word_1_781' title='bbox 2352 5065 2685 5135; x_wconf 88' lang='lat' dir='ltr'><strong>voluptatem</strong></span> <span class='ocrx_word' id='word_1_782' title='bbox 2750 5070 2896 5126; x_wconf 86' lang='lat' dir='ltr'><strong>illam</strong></span> <span class='ocrx_word' id='word_1_783' title='bbox 2940 5075 3347 5133; x_wconf 83' lang='lat' dir='ltr'><strong>Aristotehcam</strong></span> <span class='ocrx_word' id='word_1_784' title='bbox 3400 5095 3505 5134; x_wconf 90' lang='lat' dir='ltr'><strong>non</strong></span> 
     </span>
    </p>
   </div>
   <div class='ocr_carea' id='block_1_98' title="bbox 242 5118 1855 5238">
    <p class='ocr_par' dir='ltr' id='par_1_98' title="bbox 242 5118 1831 5238">
     <span class='ocr_line' id='line_1_100' title="bbox 242 5118 1831 5213; baseline 0.014 -43"><span class='ocrx_word' id='word_1_785' title='bbox 242 5118 399 5173; x_wconf 82' lang='grc' dir='ltr'>λιστα</span> <span class='ocrx_word' id='word_1_786' title='bbox 448 5126 582 5193; x_wconf 80' lang='grc' dir='ltr'>πρὸς</span> <span class='ocrx_word' id='word_1_787' title='bbox 636 5129 895 5185; x_wconf 82' lang='grc' dir='ltr'>Πλάτωνα</span> <span class='ocrx_word' id='word_1_788' title='bbox 925 5134 1337 5205; x_wconf 79' lang='grc' dir='ltr'>διενηνεγμὲνος</span> <span class='ocrx_word' id='word_1_789' title='bbox 1387 5140 1485 5191; x_wconf 83' lang='grc' dir='ltr'><strong>οὐκ</strong></span> <span class='ocrx_word' id='word_1_790' title='bbox 1530 5118 1831 5213; x_wconf 19' lang='grc' dir='ltr'>όλίγῳἽτῷ</span> 
     </span>
     <span class='ocr_line' id='line_1_101' title="bbox 246 5213 837 5238; baseline 0 0"><span class='ocrx_word' id='word_1_791' title='bbox 246 5213 396 5238; x_wconf 78' lang='grc' dir='ltr'><strong>...ι--.</strong></span> <span class='ocrx_word' id='word_1_792' title='bbox 427 5218 627 5238; x_wconf 29' lang='lat' dir='ltr'><strong>At-..</strong></span> <span class='ocrx_word' id='word_1_793' title='bbox 827 5224 837 5237; x_wconf 91' lang='lat'><strong>.</strong></span> 
     </span>
    </p>
   </div>
   <div class='ocr_carea' id='block_1_99' title="bbox 1962 5118 3507 5238">
    <p class='ocr_par' dir='ltr' id='par_1_99' title="bbox 1964 5155 3507 5238">
     <span class='ocr_line' id='line_1_102' title="bbox 1964 5155 3507 5238; baseline 0.016 -37"><span class='ocrx_word' id='word_1_794' title='bbox 1964 5161 2056 5203; x_wconf 88' lang='lat' dir='ltr'><strong>sse</strong></span> <span class='ocrx_word' id='word_1_795' title='bbox 2113 5165 2388 5209; x_wconf 89' lang='lat' dir='ltr'><strong>summum</strong></span> <span class='ocrx_word' id='word_1_796' title='bbox 2446 5155 2674 5213; x_wconf 90' lang='lat' dir='ltr'><strong>bonum.</strong></span> <span class='ocrx_word' id='word_1_797' title='bbox 2750 5161 2959 5236; x_wconf 83' lang='lat' dir='ltr'><strong>Quippe</strong></span> <span class='ocrx_word' id='word_1_798' title='bbox 3032 5181 3130 5223; x_wconf 86' lang='lat' dir='ltr'><strong>nos</strong></span> <span class='ocrx_word' id='word_1_799' title='bbox 3188 5167 3336 5238; x_wconf 87' lang='lat' dir='ltr'><strong>ipsos</strong></span> <span class='ocrx_word' id='word_1_800' title='bbox 3393 5180 3507 5226; x_wconf 90' lang='lat' dir='ltr'><strong>tum</strong></span> 
     </span>
    </p>
   </div>
   <div class='ocr_carea' id='block_1_100' title="bbox 244 5213 1025 5283">
    <p class='ocr_par' dir='ltr' id='par_1_100' title="bbox 244 5213 1025 5283">
     <span class='ocr_line' id='line_1_103' title="bbox 244 5213 1025 5283; baseline 0.019 -20"><span class='ocrx_word' id='word_1_801' title='bbox 244 5213 399 5283; x_wconf 81' lang='grc' dir='ltr'>μέσῳ</span> <span class='ocrx_word' id='word_1_802' title='bbox 424 5218 650 5283; x_wconf 77' lang='grc' dir='ltr'>τάνδρὸς</span> <span class='ocrx_word' id='word_1_803' title='bbox 693 5222 1025 5279; x_wconf 73' lang='grc' dir='ltr'>ἑλλείπεται.</span> 
     </span>
    </p>
   </div>
   <div class='ocr_carea' id='block_1_101' title="bbox 1932 5242 3505 5330">
    <p class='ocr_par' dir='ltr' id='par_1_101' title="bbox 1932 5242 3505 5330">
     <span class='ocr_line' id='line_1_104' title="bbox 1932 5242 3505 5330; baseline 0.015 -35"><span class='ocrx_word' id='word_1_804' title='bbox 1932 5242 2167 5296; x_wconf 84' lang='lat' dir='ltr'><strong>maxime</strong></span> <span class='ocrx_word' id='word_1_805' title='bbox 2231 5247 2502 5303; x_wconf 90' lang='lat' dir='ltr'><strong>sentimus</strong></span> <span class='ocrx_word' id='word_1_806' title='bbox 2554 5252 2699 5304; x_wconf 89' lang='lat' dir='ltr'><strong>illam</strong></span> <span class='ocrx_word' id='word_1_807' title='bbox 2737 5269 2801 5307; x_wconf 81' lang='lat' dir='ltr'><strong>ex</strong></span> <span class='ocrx_word' id='word_1_808' title='bbox 2848 5258 3266 5325; x_wconf 88' lang='lat' dir='ltr'><strong>c0ntemplando</strong></span> <span class='ocrx_word' id='word_1_809' title='bbox 3310 5278 3505 5330; x_wconf 82' lang='lat' dir='ltr'><strong>capere</strong></span> 
     </span>
    </p>
   </div>
   <div class='ocr_carea' id='block_1_102' title="bbox 235 5312 3502 5429">
    <p class='ocr_par' dir='ltr' id='par_1_102' title="bbox 235 5312 3502 5429">
     <span class='ocr_line' id='line_1_105' title="bbox 235 5312 3502 5429; baseline 0.012 -54"><span class='ocrx_word' id='word_1_810' title='bbox 235 5312 596 5380; x_wconf 71' lang='grc' dir='ltr'>νοιυριειιειη,</span> <span class='ocrx_word' id='word_1_811' title='bbox 630 5321 847 5386; x_wconf 87' lang='lat' dir='ltr'><strong>quando</strong></span> <span class='ocrx_word' id='word_1_812' title='bbox 882 5323 1088 5394; x_wconf 90' lang='lat' dir='ltr'><strong>aliquid</strong></span> <span class='ocrx_word' id='word_1_813' title='bbox 1119 5341 1182 5379; x_wconf 80' lang='lat' dir='ltr'><strong>ex</strong></span> <span class='ocrx_word' id='word_1_814' title='bbox 1240 5327 1518 5385; x_wconf 84' lang='lat' dir='ltr'><strong>oblivione</strong></span> <span class='ocrx_word' id='word_1_815' title='bbox 1588 5331 1643 5386; x_wconf 91' lang='lat' dir='ltr'><strong>in</strong></span> <span class='ocrx_word' id='word_1_816' title='bbox 1676 5337 1996 5392; x_wconf 90' lang='lat' dir='ltr'><strong>memoriam</strong></span> <span class='ocrx_word' id='word_1_817' title='bbox 2066 5352 2377 5398; x_wconf 81' lang='lat' dir='ltr'><strong>revocatum</strong></span> <span class='ocrx_word' id='word_1_818' title='bbox 2427 5351 2879 5419; x_wconf 90' lang='lat' dir='ltr'><strong>contemplamnr.</strong></span> <span class='ocrx_word' id='word_1_819' title='bbox 2934 5355 3065 5422; x_wconf 62' lang='lat' dir='ltr'><strong>Quae</strong></span> <span class='ocrx_word' id='word_1_820' title='bbox 3140 5366 3320 5410; x_wconf 86' lang='lat' dir='ltr'><strong>autem</strong></span> <span class='ocrx_word' id='word_1_821' title='bbox 3389 5359 3502 5429; x_wconf 85' lang='lat' dir='ltr'><strong>jam</strong></span> 
     </span>
     <span class='ocr_line' id='line_1_106' title="bbox 235 5407 1601 5429; baseline 0 0"><span class='ocrx_word' id='word_1_822' title='bbox 235 5407 394 5429; x_wconf 15' lang='lat' dir='ltr'><strong>.A____-</strong></span> <span class='ocrx_word' id='word_1_823' title='bbox 814 5418 825 5428; x_wconf 92' lang='lat'><strong>.</strong></span> <span class='ocrx_word' id='word_1_824' title='bbox 892 5421 901 5429; x_wconf 94' lang='lat'><strong>.</strong></span> <span class='ocrx_word' id='word_1_825' title='bbox 1192 5423 1203 5429; x_wconf 89' lang='lat'><strong>-</strong></span> <span class='ocrx_word' id='word_1_826' title='bbox 1596 5428 1601 5429; x_wconf 63' lang='lat'><strong><em>,</em></strong></span> 
     </span>
    </p>
   </div>
   <div class='ocr_carea' id='block_1_103' title="bbox 231 5407 3498 5525">
    <p class='ocr_par' dir='ltr' id='par_1_103' title="bbox 231 5407 3498 5525">
     <span class='ocr_line' id='line_1_107' title="bbox 2650 5407 3498 5429; baseline 0.013 -10"><span class='ocrx_word' id='word_1_827' title='bbox 2650 5407 2665 5419; x_wconf 74' lang='grc' dir='ltr'><em>υ</em></span> <span class='ocrx_word' id='word_1_828' title='bbox 2942 5407 3060 5422; x_wconf 51' lang='grc' dir='ltr'><strong>ιι⁷””</strong></span> <span class='ocrx_word' id='word_1_829' title='bbox 3219 5407 3318 5410; x_wconf 43' lang='lat'><strong>&quot;&quot;‘</strong></span> <span class='ocrx_word' id='word_1_830' title='bbox 3389 5407 3498 5429; x_wconf 70' lang='grc' dir='ltr'><strong>σ“””¹</strong></span> 
     </span>
     <span class='ocr_line' id='line_1_108' title="bbox 231 5407 3498 5525; baseline 0.015 -66"><span class='ocrx_word' id='word_1_831' title='bbox 231 5407 399 5477; x_wconf 78' lang='lat' dir='ltr'><strong>longo</strong></span> <span class='ocrx_word' id='word_1_832' title='bbox 452 5418 698 5481; x_wconf 89' lang='lat' dir='ltr'><strong>tempore</strong></span> <span class='ocrx_word' id='word_1_833' title='bbox 736 5418 935 5473; x_wconf 89' lang='lat' dir='ltr'><strong>animis</strong></span> <span class='ocrx_word' id='word_1_834' title='bbox 983 5423 1336 5492; x_wconf 84' lang='lat' dir='ltr'><strong>concepimus</strong></span> <span class='ocrx_word' id='word_1_835' title='bbox 1367 5465 1382 5490; x_wconf 94' lang='lat'><strong>,</strong></span> <span class='ocrx_word' id='word_1_836' title='bbox 1428 5428 1811 5500; x_wconf 82' lang='lat' dir='ltr'><strong>complexique</strong></span> <span class='ocrx_word' id='word_1_837' title='bbox 1844 5449 2057 5499; x_wconf 88' lang='lat' dir='ltr'><strong>sumus,</strong></span> <span class='ocrx_word' id='word_1_838' title='bbox 2095 5452 2158 5491; x_wconf 80' lang='lat' dir='ltr'><strong>ex</strong></span> <span class='ocrx_word' id='word_1_839' title='bbox 2184 5438 2292 5494; x_wconf 87' lang='lat' dir='ltr'><strong>illis</strong></span> <span class='ocrx_word' id='word_1_840' title='bbox 2313 5456 2419 5495; x_wconf 92' lang='lat' dir='ltr'><strong>non</strong></span> <span class='ocrx_word' id='word_1_841' title='bbox 2487 5447 2676 5499; x_wconf 89' lang='lat' dir='ltr'><strong>eodem</strong></span> <span class='ocrx_word' id='word_1_842' title='bbox 2721 5450 2881 5504; x_wconf 89' lang='lat' dir='ltr'><strong>modo</strong></span> <span class='ocrx_word' id='word_1_843' title='bbox 2943 5454 3190 5521; x_wconf 77' lang='lat' dir='ltr'><strong>capimus</strong></span> <span class='ocrx_word' id='word_1_844' title='bbox 3250 5455 3498 5525; x_wconf 78' lang='lat' dir='ltr'><strong>volupta.</strong></span> 
     </span>
     <span class='ocr_line' id='line_1_109' title="bbox 231 5501 1597 5525; baseline 0 0"><span class='ocrx_word' id='word_1_845' title='bbox 231 5512 337 5525; x_wconf 65' lang='grc' dir='ltr'><strong>ιη...</strong></span> <span class='ocrx_word' id='word_1_846' title='bbox 417 5501 533 5525; x_wconf 67' lang='lat' dir='ltr'><strong>n---</strong></span> <span class='ocrx_word' id='word_1_847' title='bbox 561 5510 571 5525; x_wconf 79' lang='grc' dir='ltr'><strong>ι</strong></span> <span class='ocrx_word' id='word_1_848' title='bbox 612 5508 653 5525; x_wconf 74' lang='lat'><strong>-2</strong></span> <span class='ocrx_word' id='word_1_849' title='bbox 702 5508 739 5525; x_wconf 56' lang='grc' dir='ltr'>ε.</span> <span class='ocrx_word' id='word_1_850' title='bbox 933 5514 942 5525; x_wconf 79' lang='grc' dir='ltr'>ι</span> <span class='ocrx_word' id='word_1_851' title='bbox 1031 5521 1042 5525; x_wconf 86' lang='grc'><strong>-</strong></span> <span class='ocrx_word' id='word_1_852' title='bbox 1510 5520 1519 5525; x_wconf 88' lang='grc'>.</span> <span class='ocrx_word' id='word_1_853' title='bbox 1587 5522 1597 5525; x_wconf 94' lang='grc'><strong>-</strong></span> 
     </span>
    </p>
   </div>
   <div class='ocr_carea' id='block_1_104' title="bbox 230 5501 3497 5619">
    <p class='ocr_par' dir='ltr' id='par_1_104' title="bbox 230 5501 3497 5619">
     <span class='ocr_line' id='line_1_110' title="bbox 2821 5501 3496 5525; baseline 0.01 -23"><span class='ocrx_word' id='word_1_854' title='bbox 2949 5501 3188 5521; x_wconf 27' lang='grc' dir='ltr'><strong>ᾔτηη,</strong></span> <span class='ocrx_word' id='word_1_855' title='bbox 3259 5501 3496 5525; x_wconf 50' lang='grc' dir='ltr'><strong>---ηρ-ς</strong></span> 
     </span>
     <span class='ocr_line' id='line_1_111' title="bbox 230 5501 3497 5619; baseline 0.015 -66"><span class='ocrx_word' id='word_1_856' title='bbox 230 5512 362 5581; x_wconf 75' lang='lat' dir='ltr'><strong>tem.</strong></span> <span class='ocrx_word' id='word_1_857' title='bbox 417 5501 573 5568; x_wconf 79' lang='lat' dir='ltr'><strong>Quod</strong></span> <span class='ocrx_word' id='word_1_858' title='bbox 609 5508 656 5560; x_wconf 84' lang='lat' dir='ltr'><strong>si</strong></span> <span class='ocrx_word' id='word_1_859' title='bbox 695 5508 807 5578; x_wconf 87' lang='lat' dir='ltr'><strong>jam</strong></span> <span class='ocrx_word' id='word_1_860' title='bbox 858 5514 1116 5583; x_wconf 84' lang='lat' dir='ltr'><strong>voluptas</strong></span> <span class='ocrx_word' id='word_1_861' title='bbox 1164 5532 1441 5572; x_wconf 90' lang='lat' dir='ltr'><strong>summum</strong></span> <span class='ocrx_word' id='word_1_862' title='bbox 1478 5520 1550 5575; x_wconf 90' lang='lat' dir='ltr'><strong>sit</strong></span> <span class='ocrx_word' id='word_1_863' title='bbox 1587 5522 1811 5590; x_wconf 89' lang='lat' dir='ltr'><strong>bonum,</strong></span> <span class='ocrx_word' id='word_1_864' title='bbox 1856 5525 2101 5597; x_wconf 80' lang='lat' dir='ltr'><strong>illudque</strong></span> <span class='ocrx_word' id='word_1_865' title='bbox 2134 5533 2277 5600; x_wconf 87' lang='lat' dir='ltr'><strong>quod</strong></span> <span class='ocrx_word' id='word_1_866' title='bbox 2323 5537 2548 5591; x_wconf 87' lang='lat' dir='ltr'><strong>suavius</strong></span> <span class='ocrx_word' id='word_1_867' title='bbox 2586 5551 2669 5593; x_wconf 88' lang='lat' dir='ltr'><strong>est</strong></span> <span class='ocrx_word' id='word_1_868' title='bbox 2728 5552 2777 5594; x_wconf 89' lang='lat' dir='ltr'><strong>et</strong></span> <span class='ocrx_word' id='word_1_869' title='bbox 2805 5542 3126 5611; x_wconf 84' lang='lat' dir='ltr'><strong>jucundius,</strong></span> <span class='ocrx_word' id='word_1_870' title='bbox 3161 5547 3354 5602; x_wconf 90' lang='lat' dir='ltr'><strong>melius</strong></span> <span class='ocrx_word' id='word_1_871' title='bbox 3393 5569 3409 5619; x_wconf 89' lang='lat'><strong>;</strong></span> <span class='ocrx_word' id='word_1_872' title='bbox 3455 5554 3497 5607; x_wconf 89' lang='lat' dir='ltr'><strong>si</strong></span> 
     </span>
    </p>
   </div>
   <div class='ocr_carea' id='block_1_105' title="bbox 228 5572 3496 5702">
    <p class='ocr_par' dir='ltr' id='par_1_105' title="bbox 228 5572 3496 5702">
     <span class='ocr_line' id='line_1_112' title="bbox 695 5572 3496 5619; baseline 0.015 -57"><span class='ocrx_word' id='word_1_873' title='bbox 695 5572 714 5578; x_wconf 83' lang='lat'>_</span> <span class='ocrx_word' id='word_1_874' title='bbox 991 5572 1005 5583; x_wconf 81' lang='lat'>_</span> <span class='ocrx_word' id='word_1_875' title='bbox 1480 5572 1545 5575; x_wconf 33' lang='grc' dir='ltr'><strong>--κ</strong></span> <span class='ocrx_word' id='word_1_876' title='bbox 1588 5572 1811 5590; x_wconf 70' lang='lat'><strong>_-_-_...,</strong></span> <span class='ocrx_word' id='word_1_877' title='bbox 1856 5572 2101 5597; x_wconf 66' lang='grc' dir='ltr'><strong>-.--..Ὶ..ν</strong></span> <span class='ocrx_word' id='word_1_878' title='bbox 2134 5572 2277 5600; x_wconf 64' lang='grc' dir='ltr'>ιιι-νι-</span> <span class='ocrx_word' id='word_1_879' title='bbox 2323 5572 2548 5591; x_wconf 63' lang='lat' dir='ltr'><strong>vus-Ilua</strong></span> <span class='ocrx_word' id='word_1_880' title='bbox 2586 5572 2669 5593; x_wconf 63' lang='lat' dir='ltr'><strong>ea;</strong></span> <span class='ocrx_word' id='word_1_881' title='bbox 2728 5572 2777 5594; x_wconf 76' lang='grc' dir='ltr'>υι</span> <span class='ocrx_word' id='word_1_882' title='bbox 2805 5572 3126 5611; x_wconf 64' lang='lat' dir='ltr'><strong>Juuiuutua,</strong></span> <span class='ocrx_word' id='word_1_883' title='bbox 3162 5572 3354 5602; x_wconf 71' lang='lat' dir='ltr'><strong>munus</strong></span> <span class='ocrx_word' id='word_1_884' title='bbox 3393 5572 3409 5619; x_wconf 74' lang='grc' dir='ltr'><strong>ς</strong></span> <span class='ocrx_word' id='word_1_885' title='bbox 3455 5572 3496 5607; x_wconf 89' lang='lat' dir='ltr'><strong>SI</strong></span> 
     </span>
     <span class='ocr_line' id='line_1_113' title="bbox 228 5572 3496 5702; baseline 0.015 -53"><span class='ocrx_word' id='word_1_886' title='bbox 228 5572 291 5649; x_wconf 38' lang='lat' dir='ltr'><strong>et.</strong></span> <span class='ocrx_word' id='word_1_887' title='bbox 330 5600 504 5666; x_wconf 84' lang='lat' dir='ltr'><strong>magis</strong></span> <span class='ocrx_word' id='word_1_888' title='bbox 562 5609 921 5668; x_wconf 80' lang='lat' dir='ltr'><strong>expetendum</strong></span> <span class='ocrx_word' id='word_1_889' title='bbox 966 5606 1142 5662; x_wconf 86' lang='lat' dir='ltr'><strong>altero</strong></span> <span class='ocrx_word' id='word_1_890' title='bbox 1201 5611 1347 5680; x_wconf 90' lang='lat' dir='ltr'><strong>quod</strong></span> <span class='ocrx_word' id='word_1_891' title='bbox 1406 5612 1591 5668; x_wconf 88' lang='lat' dir='ltr'><strong>minus</strong></span> <span class='ocrx_word' id='word_1_892' title='bbox 1662 5615 1825 5669; x_wconf 80' lang='lat' dir='ltr'><strong>habet</strong></span> <span class='ocrx_word' id='word_1_893' title='bbox 1863 5620 2146 5675; x_wconf 89' lang='lat' dir='ltr'><strong>suavitatis</strong></span> <span class='ocrx_word' id='word_1_894' title='bbox 2176 5632 2224 5676; x_wconf 88' lang='lat' dir='ltr'><strong>et</strong></span> <span class='ocrx_word' id='word_1_895' title='bbox 2274 5625 2672 5693; x_wconf 85' lang='lat' dir='ltr'><strong>jucunditatis,</strong></span> <span class='ocrx_word' id='word_1_896' title='bbox 2707 5645 2928 5688; x_wconf 87' lang='lat' dir='ltr'><strong>necesse</strong></span> <span class='ocrx_word' id='word_1_897' title='bbox 2976 5636 3081 5690; x_wconf 87' lang='lat' dir='ltr'><strong>erit</strong></span> <span class='ocrx_word' id='word_1_898' title='bbox 3116 5640 3281 5696; x_wconf 84' lang='lat' dir='ltr'><strong>etiam</strong></span> <span class='ocrx_word' id='word_1_899' title='bbox 3350 5644 3496 5702; x_wconf 87' lang='lat' dir='ltr'><strong>illam</strong></span> 
     </span>
    </p>
   </div>
   <div class='ocr_carea' id='block_1_106' title="bbox 226 5696 3497 5808">
    <p class='ocr_par' dir='ltr' id='par_1_106' title="bbox 226 5696 3497 5808">
     <span class='ocr_line' id='line_1_114' title="bbox 226 5696 3497 5808; baseline 0.015 -66"><span class='ocrx_word' id='word_1_900' title='bbox 226 5702 413 5745; x_wconf 85' lang='lat' dir='ltr'><strong>rerum</strong></span> <span class='ocrx_word' id='word_1_901' title='bbox 446 5708 508 5747; x_wconf 75' lang='lat' dir='ltr'><strong>ex</strong></span> <span class='ocrx_word' id='word_1_902' title='bbox 551 5696 824 5754; x_wconf 83' lang='lat' dir='ltr'><strong>oblivione</strong></span> <span class='ocrx_word' id='word_1_903' title='bbox 852 5702 905 5755; x_wconf 91' lang='lat' dir='ltr'><strong>in</strong></span> <span class='ocrx_word' id='word_1_904' title='bbox 948 5705 1383 5764; x_wconf 80' lang='lat' dir='ltr'><strong>recordationem</strong></span> <span class='ocrx_word' id='word_1_905' title='bbox 1434 5721 1811 5767; x_wconf 85' lang='lat' dir='ltr'><strong>revocatarutn</strong></span> <span class='ocrx_word' id='word_1_906' title='bbox 1854 5715 2369 5785; x_wconf 87' lang='lat' dir='ltr'><strong>contemplationem</strong></span> <span class='ocrx_word' id='word_1_907' title='bbox 2412 5735 2465 5776; x_wconf 89' lang='lat' dir='ltr'><strong>et</strong></span> <span class='ocrx_word' id='word_1_908' title='bbox 2494 5723 2774 5781; x_wconf 86' lang='lat' dir='ltr'><strong>meliorem</strong></span> <span class='ocrx_word' id='word_1_909' title='bbox 2849 5743 2967 5786; x_wconf 86' lang='lat' dir='ltr'><strong>esse</strong></span> <span class='ocrx_word' id='word_1_910' title='bbox 3000 5738 3053 5785; x_wconf 89' lang='lat' dir='ltr'><strong>et</strong></span> <span class='ocrx_word' id='word_1_911' title='bbox 3094 5736 3270 5805; x_wconf 78' lang='lat' dir='ltr'><strong>magis</strong></span> <span class='ocrx_word' id='word_1_912' title='bbox 3334 5752 3497 5808; x_wconf 73' lang='lat' dir='ltr'><strong>expe-</strong></span> 
     </span>
    </p>
   </div>
   <div class='ocr_carea' id='block_1_107' title="bbox 598 5796 1242 5865">
    <p class='ocr_par' dir='ltr' id='par_1_107' title="bbox 598 5796 1242 5865">
     <span class='ocr_line' id='line_1_115' title="bbox 598 5796 1242 5865; baseline 0.02 -13"><span class='ocrx_word' id='word_1_913' title='bbox 598 5796 869 5859; x_wconf 74' lang='grc' dir='ltr'>ΡΔϊιιυι..</span> <span class='ocrx_word' id='word_1_914' title='bbox 909 5800 1024 5860; x_wconf 80' lang='lat' dir='ltr'><strong>Gn.</strong></span> <span class='ocrx_word' id='word_1_915' title='bbox 1068 5801 1242 5865; x_wconf 83' lang='lat' dir='ltr'><strong>CLX.</strong></span> 
     </span>
    </p>
   </div>
   <div class='ocr_carea' id='block_1_108' title="bbox 2956 5809 2979 5827">
    <p class='ocr_par' dir='ltr' id='par_1_108' title="bbox 2956 5809 2979 5827">
     <span class='ocr_line' id='line_1_116' title="bbox 2956 5809 2979 5827; baseline 0 -3"><span class='ocrx_word' id='word_1_916' title='bbox 2956 5809 2979 5827; x_wconf 50' lang='grc' dir='ltr'><strong>ἢ</strong></span> 
     </span>
    </p>
   </div>
   <div class='ocr_carea' id='block_1_109' title="bbox 3097 5832 3175 5890">
    <p class='ocr_par' dir='ltr' id='par_1_109' title="bbox 3097 5832 3175 5890">
     <span class='ocr_line' id='line_1_117' title="bbox 3097 5832 3175 5890; baseline 0.013 -1"><span class='ocrx_word' id='word_1_917' title='bbox 3097 5832 3175 5890; x_wconf 74' lang='lat'><strong>29</strong></span> 
     </span>
    </p>
   </div>
  </div>
