3910 6202
1601 291 1923 353 GEORGII.
1974 287 2429 349 PLETIIONIS.
3539 278 3654 338 908

404 308 522 371 907

425 422 643 477 tendam
704 419 871 472 altera
928 415 1044 480 illa,
1114 412 1169 465 in
1235 423 1341 479 qua
1388 407 1511 477 quis
1581 413 1841 474 perpetuo
1890 401 2069 455 sciens
2109 398 2406 470 perstiterit
2452 412 2515 455 ac
2574 394 2958 469 perseverarit.
3006 392 3126 449 Jam
3179 392 3343 463 igitur
3398 391 3661 444 omnibus

424 528 570 567 same
600 510 797 565 mentis
832 504 1149 561 hominibus
1181 497 1592 571 dijudicandum
1615 492 1994 575 relinquimus,
2039 502 2220 545 utrum
2257 491 2385 545 illud
2421 490 2595 559 magis
2657 503 2818 553 quam
2855 487 2961 542 hoc
2992 486 3062 543 sit
3131 481 3567 553 amplectendam
3606 496 3663 538 et

420 605 693 675 quodnam
742 618 808 655 ex
852 599 1065 655 duobus
1100 597 1206 653 illis
1235 598 1305 652 sit
1356 596 1773 667 praeferendum.
1808 594 1983 664 Atque
2024 592 2197 647 dehis
2227 592 2440 661 quidem
2472 590 2756 651 hactenus,
2791 601 2914 656 qua;
2990 584 3239 639 videlicet
3281 580 3348 636 ad
3414 580 3664 649 disputa-

422 703 625 756 tionem
660 694 970 750 Aristotelis
1000 693 1066 746 de
1103 691 1349 745 moribus
1397 691 1695 759 pertinent,
1732 688 1822 741 ubi
1874 701 2006 740 sane
2044 686 2146 742 etsi
2178 686 2330 755 plura
2359 685 2467 739 sint
2491 698 2610 753 qum
2632 679 3108 750 reprehensionem
3166 681 3498 733 mereantur,
3558 671 3665 725 ista

421 801 602 846 tamen
662 789 822 843 modo
884 784 1185 838 sufficiant.
1236 781 1422 846 Neque
1480 781 1623 833 enim
1680 778 1853 832 nostri
1902 785 1985 832 est
2024 775 2934 833 institutiomniacommemorare,
2994 769 3046 823 in
3083 766 3283 835 quibus
3340 760 3665 819 Aristoteles

420 880 642 938 erravit.
690 877 781 931 sed
814 873 1132 946 principalia
1166 873 1432 925 duntaxat
1460 880 1513 923 et
1561 870 1816 933 maxima,
1877 868 2289 936 praesertimque
2341 868 2433 921 illa
2499 867 2551 920 in
2606 864 2805 934 quibus
2870 877 2976 916 non
3048 860 3279 927 exiguo,
3358 853 3454 909 sed
3504 852 3665 920 longo

420 970 707 1027 intervallo
752 968 1035 1023 Platonem
1086 963 1381 1030 relinquit,
1422 965 1489 1017 ab
1546 979 1719 1033 eoque
1760 961 1989 1014 multum
2026 959 2300 1015 dissentit.

1049 1056 1199 1110 CAP.
1216 1055 1353 1109 XIV.

493 1154 744 1208 Dicamus
776 1152 891 1221 jam
940 1149 1141 1218 aliquid
1167 1149 1329 1203 etiam
1359 1147 1426 1199 de
1489 1146 1627 1200 cozlo
1674 1153 1726 1197 et
1794 1145 1986 1212 quinto

420 1260 649 1313 corpore
672 1243 817 1312 quod
858 1241 1176 1295 Aristoteles
1213 1239 1420 1307 primus
1474 1236 1699 1291 eflinxit.
1732 1236 1986 1299 Quatuor

418 1350 538 1389 esse
569 1334 622 1386 in
660 1333 761 1386 hoc
794 1331 1096 1398 conspicuo
1119 1330 1232 1383 sive
1272 1328 1411 1381 etelo
1443 1328 1555 1381 sive
1586 1324 1787 1379 mundo
1816 1325 1989 1394 prima

420 1440 471 1481 ct
504 1424 887 1492 antiquissima
938 1435 1188 1490 corpora,
1246 1429 1355 1473 tam
1425 1419 1738 1487 superiores
1798 1429 1987 1469 omnes

419 1516 725 1587 philosophi
750 1531 913 1584 quam
939 1513 1201 1567 Platonici
1222 1527 1329 1565 uno
1359 1526 1453 1565 ore
1473 1510 1758 1572 aliirmant,
1786 1510 1985 1577 ignem,

417 1620 852 1673 aerem,aquam.
876 1612 1095 1657 terram.
1131 1604 1306 1671 Atque
1339 1618 1400 1655 ex
1447 1601 1530 1654 his
1564 1599 1775 1667 quidem
1812 1597 1987 1665 ignem

422 1707 475 1751 et
506 1706 706 1750 terram
739 1696 843 1749 sibi
880 1694 1112 1746 invicem
1153 1708 1272 1745 esse
1316 1691 1556 1744 maxime
1602 1688 1898 1752 contraria,
1926 1701 1988 1739 eo

422 1788 567 1857 quod
600 1787 740 1856 ignis
797 1792 879 1838 est
907 1784 1095 1848 levior,
1133 1789 1350 1851 prepter
1408 1781 1715 1843 raritatem,
1756 1789 1808 1833 et
1836 1793 1989 1832 sum-

422 1892 569 1932 ntum
594 1877 801 1929 obtinet
836 1875 1035 1941 locum,
1070 1882 1210 1927 terra
1268 1882 1446 1926 autem
1479 1866 1800 1942 gravisSinia
1826 1884 1989 1940 prop-

420 1983 505 2025 ter
543 1970 890 2031 densitatem,
927 1977 981 2021 et
1010 1983 1170 2036 quam
1203 1966 1456 2018 omnibus
1491 1964 1612 2017 aliis
1634 1974 1714 2017 est
1740 1962 1988 2030 subjecta

422 2061 705 2114 elementis
735 2077 748 2112 :
782 2073 958 2112 aerem
992 2072 1116 2111 vero
1139 2064 1397 2124 etaquam
1420 2055 1472 2107 in
1498 2054 1675 2108 medio
1704 2054 1989 2108 amborum

424 2162 647 2220 propter
697 2160 750 2204 et
802 2150 1081 2203 raritatem
1140 2157 1193 2201 et
1245 2147 1587 2209 densitatem,
1641 2146 1869 2199 inediam
1921 2145 1990 2199 ad

375 2266 383 2274 ·
423 2255 718 2310 utrumque
773 2240 974 2295 habere
1013 2240 1297 2294 tationem.
1339 2237 1539 2291 Eodem
1568 2247 1748 2292 autem
1806 2236 1988 2304 modo,

423 2336 566 2405 quod
602 2336 663 2389 ad
709 2344 913 2389 motuin
953 2333 1166 2395 attinet,
1220 2331 1420 2383 latione
1456 2340 1509 2383 et
1541 2329 1722 2399 quiete
1753 2330 1986 2383 invicem

424 2426 707 2496 distingui,
743 2441 807 2479 ac
841 2426 1019 2493 ignem
1048 2423 1267 2493 quidem
1318 2437 1507 2476 rursus
1536 2431 1589 2474 ct
1623 2432 1825 2474 terram
1881 2420 1985 2474 sibi

425 2523 657 2574 iimeem
708 2520 943 2573 maxime
994 2532 1113 2572 esse
1172 2516 1468 2579 contraria,
1523 2529 1701 2568 aerem
1752 2529 1879 2568 Vero
1936 2524 1989 2569 et

423 2629 641 2681 aquam,
702 2612 877 2664 medio
922 2610 987 2663 ad
1045 2618 1334 2678 utrumque
1396 2609 1515 2663 ioco
1566 2622 1625 2662 se
1686 2607 1902 2660 habere.
1933 2605 1986 2660 Si

426 2706 607 2773 itaque
662 2712 803 2755 terra
878 2701 949 2753 sit
1002 2699 1317 2763 immobilis,
1361 2700 1537 2769 ignem
1609 2714 1834 2754 necesse
1886 2697 1991 2752 erit

424 2802 686 2864 perpetuo
716 2792 943 2855 moveri,
976 2798 1027 2843 et
1053 2800 1331 2859 prmterea,
1361 2791 1407 2843 si
1468 2800 1606 2844 terra
1656 2789 1875 2858 quidem
1921 2789 1993 2843 sit

342 2876 347 2879 “
426 2886 743 2948 immobilis,
779 2892 889 2935 tum
922 2882 1384 2952 aquamovebitur
1408 2882 1650 2949 quidem,
1680 2880 1772 2935 sed
1809 2880 1991 2935 minus

422 2993 587 3047 quam
620 2992 731 3040 aer,
769 2975 858 3046 qui
892 2983 1040 3028 tanto
1092 2962 1266 3044 magis
1301 2974 1599 3027 movebitur
1633 2988 1795 3043 quam
1827 2988 1991 3043 aqua,

426 3081 628 3141 quanto
667 3071 752 3124 ille
779 3070 919 3137 quod
956 3068 1023 3123 ad
1070 3078 1303 3133 motum,
1332 3083 1362 3121 a
1396 3081 1652 3136 supremo
1702 3075 1994 3134 superatur

428 3164 569 3234 igne,
594 3177 755 3232 quem
786 3161 985 3214 idcirco
1017 3160 1067 3213 in
1104 3167 1364 3229 perpetuo
1383 3173 1505 3213 esse
1541 3166 1687 3212 motu
1717 3156 1992 3211 fatendum

427 3256 550 3309 erit.
583 3252 735 3318 Quod
766 3251 810 3305 si
846 3261 1103 3320 perpetuo
1135 3260 1404 3314 movetur,
1450 3248 1773 3303 circularem
1807 3248 1994 3316 utique

416 3344 649 3397 habebit
696 3351 921 3395 motum.
958 3340 1012 3392 Id
1056 3352 1309 3405 namque
1344 3339 1484 3404 quod
1515 3348 1661 3391 recta
1722 3343 1990 3402 movetur,

430 3449 537 3488 non
567 3440 744 3501 potest
790 3429 1043 3482 mobilem
1095 3428 1373 3496 possidere
1419 3410 1694 3481 naturam.
1748 3425 1996 3493 Quiescit

427 3526 571 3580 enim
648 3523 863 3575 tandem
944 3520 1257 3587 aliquando,
1326 3517 1469 3587 quod
1548 3527 1752 3572 rectum
1834 3518 1995 3571 habet

418 3629 657 3672 motum.
694 3613 886 3667 Ether
912 3613 1093 3680 itaque
1125 3622 1178 3666 et
1221 3626 1383 3665 omne
1438 3624 1751 3678 supremum
1776 3622 1994 3676 corpus,

2684 1047 2931 1101 ΚΕΦΛΔ.
2972 1046 3071 1101 lA’.

2170 1145 2394 1215 Ῥητέον
2434 1142 2489 1197 δὲ
2535 1142 2635 1212 ἤδη
2676 1157 2729 1192 τι
2776 1141 2869 1191 καὶ
2909 1135 3038 1206 περὶ
3067 1134 3173 1187 τῶν
3216 1135 3273 1197 ἐς
3304 1133 3395 1186 τὸν
3430 1132 3665 1202 οὐρανὸν

2090 1238 2242 1307 αὐτῷ
2305 1238 2399 1289 καὶ
2456 1235 2517 1287 τὸ
2583 1234 2835 1301 πέμπτον
2887 1230 3045 1298 σῶμα
3084 1226 3666 1295 ,κεκαινολογημένων.

2088 1329 2345 1397 Τέτταρα
2377 1328 2445 1379 τὰ
2478 1324 2831 1395 πρεσϐύτερα
2879 1322 2987 1375 τῶν
3029 1322 3084 1374 ὲν
3122 1318 3258 1388 τῷδε
3314 1317 3392 1387 τῷ
3442 1315 3667 1385 οὐρανῷ

2092 1419 2362 1489 σωμάτων
2392 1418 2527 1471 οἵτε
2580 1414 2785 1470 ἀνωθεν
2837 1413 3038 1473 πάντες
3076 1412 3267 1479 σοφοὶ,
3299 1407 3395 1462 καὶ
3440 1407 3489 1459 οἱ
3533 1405 3669 1476 περὶ

2094 1510 2363 1565 Πλάτωνά
2395 1526 2550 1576 φασι,
2579 1508 2711 1577 πῦρ.
2743 1506 2899 1574 ἀέρα,
2941 1503 3107 1572 ὕδωρ,
3149 1502 3273 1570 γῆν.
3306 1498 3526 1553 Τούτων
3553 1496 3668 1565 πῦρ

2094 1603 2194 1673 μὲν
2231 1605 2326 1655 κοιλ⁸
2364 1602 2468 1669 γῆν
2519 1598 2889 1652 ἐναντιώτατα
2924 1598 3068 1666 ἔχειν
3100 1595 3235 1665 πρὸς
3270 1592 3504 1662 ἀλλήλω’
3551 1591 3668 1662 πῦρ

2096 1696 2193 1765 μὲν
2239 1693 2572 1764 κουφότερόν
2602 1709 2661 1745 τε
2690 1690 2750 1744 ὃν
2785 1691 2871 1744 διὰ
2904 1689 3182 1759 μανότητα
3209 1687 3304 1741 καὶ
3338 1686 3507 1739 πᾶσιν
3547 1686 3668 1738 ἐπι-

2092 1785 2349 1847 πολάζον·
2380 1786 2486 1854 γῆν
2512 1783 2568 1836 δὲ
2602 1782 2911 1852 βαρυτάτην
2950 1781 3039 1833 διὰ
3084 1778 3395 1846 πυκνότητα
3423 1776 3520 1829 καὶ
3565 1776 3669 1829 πᾶ-

2094 1894 2179 1931 σιν
2210 1875 2609 1944 ύφισταμένην*
2637 1875 2772 1944 ἀέρα
2817 1873 2874 1927 δὲ
2922 1873 3013 1925 καὶ
3050 1870 3192 1939 ὕδωρ
3239 1870 3296 1922 ὲν
3344 1871 3501 1938 μέσῳ
3531 1867 3664 1922 τού-

2093 1987 2207 2023 τοιν
2239 1969 2328 2022 διὰ
2364 1968 2427 2021 τὸ
2471 1968 2565 2019 καὶ
2619 1966 2920 2035 μανότητος
2958 1982 3016 2017 τε
3054 1964 3147 2017 καὶ
3177 1962 3509 2029 πυκνότητος
3567 1960 3667 2029 μὲ-

2093 2080 2201 2124 cui;
2254 2062 2399 2132 ἔχειν
2453 2060 2659 2114 αὐτοῖν.
2691 2058 2879 2128 Ταύτῃ
2924 2058 2987 2126 δὴ
3030 2059 3123 2109 καὶ
3179 2056 3308 2125 περὶ
3355 2054 3581 2122 κίνησίν
3608 2070 3666 2105 τε

2090 2154 2190 2222 τὴν
2223 2154 2363 2207 κατά
2406 2152 2505 2222 τὴν
2555 2150 2749 2218 φορὰν,
2800 2152 2897 2203 καὶ
2931 2149 3116 2202 στάσιν
3137 2188 3154 2212 ,
3189 2146 3299 2215 πῦρ
3332 2145 3429 2213 μὲν
3463 2144 3533 2197 αὖ
3575 2146 3666 2195 καὶ

2092 2247 2195 2313 γῆν
2225 2244 2358 2311 πρὸς
2392 2239 2608 2311 ἀλλήλω
2646 2239 3018 2294 ἐναντιώτατα
3070 2238 3213 2305 ἔχειν
3240 2276 3254 2301 ,
3286 2238 3424 2304 ἀέρα
3473 2236 3530 2288 δὲ
3570 2236 3667 2287 καὶ

2094 2334 2239 2403 ὕδωρ
2274 2338 2330 2383 ὲν
2364 2332 2517 2403 μέσῳ
2552 2329 2782 2389 τούτοιν.
2818 2330 2876 2381 Εἰ
2909 2328 2952 2382 δ’
2987 2330 3018 2397 ἡ
3050 2328 3123 2397 γῆ
3155 2328 3430 2396 ἀκίνητος,
3458 2326 3521 2380 τδ
3552 2324 3666 2392 πῦρ

2094 2427 2160 2479 ἂν
2190 2425 2275 2493 εῐη
2306 2424 2747 2491 ἀεικίνητον,καὶ
2771 2422 2875 2486 ἔτι,
2908 2424 2954 2474 εἰ
2981 2424 3015 2489 ὴ
3060 2421 3159 2489 μὲν
3191 2419 3261 2487 γῆ
3294 2419 3577 2487 ἀκίνητος,
3609 2418 3668 2470 τὸ

2089 2515 2133 2567 δ’
2197 2514 2340 2584 ὕδωρ
2390 2515 2650 2583 κινητὸν,
2698 2512 2789 2566 τοῦ
2842 2513 2886 2566 δ’
2933 2514 3095 2581 ἀέρος
3152 2511 3287 2565 πολὺ
3327 2514 3393 2580 τῇ
3450 2513 3665 2576 κινήσει

2093 2605 2435 2675 λειπόμενον,
2470 2604 2576 2675 ἀὴρ
2599 2606 2644 2658 δ’
2676 2604 2864 2667 ὓδατος
2887 2604 3065 2673 πολλῷ
3089 2604 3165 2673 τῷ
3196 2603 3467 2654 κινεῖσθαι
3495 2604 3667 2671 ὑπερ-

2094 2697 2322 2763 ϐάλλων,
2356 2696 2457 2749 κᾶν
2502 2696 2610 2766 πῦρ
2661 2697 2819 2767 ἀέρος
2868 2714 2930 2749 τε
2977 2695 3293 2766 ὑπερϐάλλῃ
3352 2693 3534 2761 πολλῷ
3587 2694 3663 2747 ἔτι

2098 2791 2299 2859 μᾶλλον
2333 2790 2409 2860 τῷ
2462 2790 2755 2854 κινεῖσθαι,
2818 2792 2913 2843 καὶ
2968 2789 3276 2858 ἀεικίνητον
3340 2788 3446 2855 εἴη·
3510 2788 3560 2839 εί
3625 2786 3670 2840 δ’

2096 2882 2426 2949 ἀεικίνητον,
2466 2884 2567 2935 κάν
2618 2882 2800 2950 κύκλῳ
2842 2884 3062 2938 κινοῖτο.
3112 2881 3229 2933 Ἐπ’
3267 2879 3537 2949 εὐθυγάρ
3577 2897 3655 2931 att»

2100 2976 2359 3042 νούμενον
2397 2976 2496 3044 οὐχ
2530 2968 2643 3027 οἶόν
2669 2991 2726 3026 τε
2755 2974 2874 3027 οὐδὲ
2904 2974 3123 3043 κινητὸν
3149 2968 3315 3028 εῖναι.
3342 2972 3669 3027 Παύσασθαι

2098 3068 2207 3137 γάρ
2234 3083 2362 3120 ποτε
2436 3066 2650 3135 ἀνάγκη
2712 3066 2772 3120 τὸ
2806 3065 2891 3118 ἐπ’
2934 3066 3062 3119 εὐθὺ
3116 3062 3434 3133 κιΰούμενον
3472 3063 3665 3116 τούτου

2094 3158 2188 3212 τοῦ
2215 3157 2463 3227 σώματος
2496 3150 2638 3208 εῖναι
2672 3158 2762 3209 τόν
2792 3174 2850 3210 τε
2876 3156 3068 3225 αἰθέρα
3102 3158 3197 3210 καὶ
3228 3158 3337 3209 πᾶν
3367 3154 3427 3207 τὸ
3454 3155 3668 3208 ἀνωτά-

2094 3267 2174 3303 τω
2228 3250 2409 3318 σῶμα,
2450 3248 2680 3318 οὐρανόν
2719 3265 2777 3301 τε
2840 3248 2985 3310 ίδίως
3038 3247 3395 3317 καλούμενον.
3437 3248 3668 3312 Τούτοις

2099 3342 2210 3405 τοῖς
2268 3340 2447 3408 λόγοις
2494 3340 2546 3393 τί
2604 3339 2743 3410 ἔχων
2793 3334 3109 3408 μέμψασθαι
3161 3340 3548 3408 Ἀριστοτέλης
3604 3340 3666 3392 τὸ

2100 3429 2349 3499 πέμπτον
2395 3429 2555 3498 σῶμα
2606 3429 3107 3498 κεκαινοποίηκεν;
3160 3431 3277 3484 Ἐπ’
3321 3430 3471 3493 εὐθὺ,
3507 3432 3666 3499 φησὶ,

2100 3521 2399 3591 φερόμενον
2435 3523 2628 3591 ὁρᾶται
2677 3522 2738 3574 τὸ
2795 3520 2947 3591 πῦρ,
3004 3524 3032 3573 ὁ
3080 3522 3124 3575 δ’
3163 3523 3391 3593 οὐρανὸς
3450 3525 3664 3593 κύκλῳ.

2101 3612 2251 3664 Ὠστ’
2290 3613 2391 3666 οὐκ
2440 3612 2506 3666 ἂν
2541 3612 2627 3683 εἴη
2674 3612 2784 3683 πῦρ
2823 3615 2851 3667 ὁ
2884 3613 3111 3684 οὐρανὸς
3156 3615 3223 3668 τὰ
3256 3614 3349 3667 τοῦ
3387 3613 3665 3684 σώματος.

432 3711 723 3777 ipsumque
784 3704 928 3773 quod
986 3703 1058 3755 ita
1125 3701 1343 3781 preprie
1400 3702 1713 3755 nominatur
1773 3697 1992 3764 caelum,

2111 3703 2274 3759 Ἀλλὰ
2326 3708 2419 3759 καὶ
2449 3708 2481 3776 ἡ
2527 3708 2599 3776 γῆ
2631 3708 2907 3776 φερομένη
2944 3707 3003 3759 τέ
3043 3726 3172 3763 ποτε
3202 3712 3415 3776 ὁρᾶται,
3444 3712 3539 3766 καὶ
3576 3712 3666 3763 ἐπ’

433 3800 595 3853 talem
652 3798 869 3851 habebit
927 3809 1218 3858 naturam,
1280 3808 1441 3863 quam
1507 3806 1675 3863 nuper
1740 3792 1995 3846 diximus.

412 3889 552 3943 Jam
582 3888 864 3942 videamus
894 3885 1095 3956 quibus
1130 3884 1447 3939 Aristoteles
1482 3884 1642 3938 nixus
1689 3882 1995 3938 rationibus

430 3989 621 4036 contra
653 3994 748 4033 uos
772 3992 971 4032 novum
1021 3976 1151 4031 illud
1182 3977 1430 4045 quintum
1456 3989 1657 4043 corpus
1702 3972 1992 4029 elIiuxerit.

433 4074 716 4135 Videmus,
752 4071 846 4135 ait,
868 4072 1045 4140 ignem
1079 4077 1283 4123 rectum
1316 4067 1518 4121 habere
1544 4076 1773 4132 motum,
1800 4066 1999 4121 ecelum

430 4171 613 4216 autem
669 4158 1016 4214 cireularem.
1074 4154 1414 4226 Quapropter
1468 4154 1609 4225 ignis
1668 4156 1999 4211 diversama

432 4256 575 4309 enilo
603 4252 865 4306 obtinebit
895 4259 1169 4304 naturam.
1236 4249 1325 4313 At,
1388 4248 1713 4317 respondeo,
1758 4248 1999 4303 videmus

432 4348 595 4400 etiam
632 4339 1197 4413 qdandoquennoveri
1226 4348 1285 4394 et
1341 4349 1487 4393 recto
1559 4339 1778 4408 quidem
1820 4348 1998 4408 motu;

436 4439 668 4507 idipsum
703 4447 881 4489 autem
926 4444 1055 4487 tunc
1086 4431 1419 4499 contingere,
1454 4430 1673 4500 quando
1713 4432 1767 4485 in
1822 4432 1999 4485 alieno

434 4532 683 4585 consistit
730 4528 870 4581 loco.
934 4523 1347 4593 Quamprimum
1409 4524 1593 4593 itaque
1617 4539 1682 4578 eo
1730 4525 2000 4594 pervenit.

435 4635 544 4691 quo
602 4620 852 4687 pertinet,
911 4625 1023 4670 tum
1062 4616 1315 4684 quiescit,
1346 4630 1445 4671 nec
1478 4616 1713 4686 amplius
1753 4626 1999 4673 movetur

437 4724 695 4778 tanquam
727 4708 792 4761 ad
835 4708 939 4761 hoc
970 4709 1147 4775 ipsum
1186 4706 1327 4760 illius
1364 4706 1537 4777 magis
1583 4708 1655 4761 sit
1686 4717 2000 4776 comparata

432 4814 651 4856 natura.
681 4798 817 4865 Quid
847 4798 1013 4868 igitur
1033 4798 1256 4862 mirum,
1288 4798 1334 4853 si
1364 4798 1539 4868 ignem
1571 4799 1757 4861 etiam,
1784 4798 2000 4867 quando

439 4898 490 4947 in
524 4894 701 4947 alieno
733 4891 899 4947 fuerit
962 4892 1111 4956 loco,
1140 4898 1283 4944 recta
1322 4890 1447 4945 ferri
1470 4891 1794 4959 quandoque
1818 4887 1999 4942 videa-

438 5002 580 5051 mus,
611 4985 801 5039 eodem
859 4983 1117 5036 nimirum
1170 4994 1343 5045 motu,
1377 4982 1471 5050 qui
1524 4982 1596 5035 sit
1626 4979 1880 5034 omnibus
1914 4978 2000 5033 his

436 5079 753 5148 corporibus
779 5075 1086 5131 communis
1128 5090 1266 5145 quae,
1286 5076 1328 5128 si
1350 5074 1525 5127 alieno
1540 5073 1842 5127 consistant
1865 5072 2002 5136 loco,

437 5181 585 5227 recta
637 5172 911 5235 feruntur,
945 5183 1053 5237 quo
1097 5167 1289 5238 possit.
1338 5164 1586 5219 videlicet
1636 5163 1727 5217 ille
1786 5177 2004 5232 quoque

436 5282 601 5336 quam
626 5264 888 5317 citissime
929 5261 995 5314 ad
1038 5273 1196 5313 suum
1256 5258 1539 5327 pervenire
1597 5255 1797 5319 locum,
1838 5270 2000 5325 quem

414 5360 539 5430 ipsi
586 5367 779 5412 natura
830 5353 1123 5410 destinavit
1176 5362 1230 5406 et
1280 5360 1568 5422 postquam
1641 5350 1692 5402 in
1749 5349 1841 5402 illo
1884 5348 1995 5417 jam

428 5461 710 5515 (versatur,
741 5450 794 5501 in
824 5448 1011 5501 orbem
1049 5444 1274 5509 moveri,
1304 5452 1561 5512 tanquam
1597 5441 1661 5494 ad
1695 5442 1796 5495 hoc
1823 5441 1997 5510 ipsum

438 5551 782 5607 comparatus
814 5536 1024 5605 magis?
1059 5536 1168 5589 Cur
1200 5535 1383 5603 itaque
1408 5536 1658 5603 quintum
1694 5532 1825 5585 illud
1879 5548 2001 5586 cor-

434 5644 541 5697 pus
574 5630 777 5681 emnxit
825 5630 980 5698 cujus
1008 5630 1052 5682 si
1108 5630 1376 5697 quaepiam
1436 5626 1571 5679 forte
1628 5624 1892 5693 particula
1947 5624 1999 5677 in

426 5716 617 5770 alieno
656 5717 921 5772 consistat
950 5720 1090 5786 loco,
1117 5733 1277 5788 quem
1329 5726 1535 5771 metum
1572 5714 1837 5771 habebit?
1862 5729 1992 5770 num

2101 3797 2231 3851 εὐθὺ
2257 3798 2535 3867 φερομένη
2564 3815 2578 3829 ο
2642 3797 2777 3851 ἀλλά
2830 3798 2987 3850 τοῦτο
3043 3799 3143 3868 μὲν
3202 3800 3468 3871 ἀλλοτρίῳ
3517 3803 3663 3872 αὐτῇ

2100 3890 2249 3959 τόπῳ
2280 3889 2535 3960 γεγονυίᾳ.
2589 3890 2847 3943 ἑκάστοτε
2898 3889 3211 3958 συμϐαίνειο
3262 3894 3319 3953 ἐς
3371 3892 3428 3945 δὲ
3462 3894 3553 3946 τὸν
3583 3896 3663 3948 ol-

2102 3981 2247 4033 κεῑον
2294 3981 2572 4049 ἀφιγμένη
2610 3981 2763 4050 μένει
2822 3982 2920 4051 ἤδη
2956 4020 2970 4044 ,
3027 3983 3124 4035 καὶ
3170 3983 3272 4037 οὐκ
3314 3982 3397 4036 hi
3432 3984 3664 4056 φέρεται

2098 4069 2174 4133 ὡς
2206 4072 2340 4143 πρὸς
2373 4071 2531 4125 τοῦτο
2560 4074 2831 4141 πεφυκυῖα
2863 4072 3091 4141 μᾶλλον.
3122 4072 3185 4126 Τι
3216 4070 3310 4129 οὖν
3337 4076 3536 4130 κωλύει
3564 4081 3671 4132 καὶ

2101 4162 2163 4213 τὸ
2199 4162 2310 4237 πῦρ
2360 4162 2548 4232 ἐπειδὴ
2589 4163 2645 4215 ιν
2699 4163 2967 4235 ἀλλοτρίῳ
3013 4165 3166 4235 τόπῳ
3193 4167 3540 4237 γιγνόμενον,
3572 4170 3673 4224 ἐπ’

2102 4250 2233 4303 εὐθὺ
2265 4252 2565 4321 φερόμενον
2621 4253 2883 4307 ἑκάστοτε
2931 4256 3147 4324 ὁρᾶται,
3191 4261 3397 4327 ταύτην
3430 4259 3534 4327 μὲν
3561 4262 3667 4328 τὴν

2105 4341 2278 4409 φορὰν
2305 4341 2425 4393 τότε
2453 4342 2744 4411 κινεῖσθαι,
2778 4344 2956 4399 κοινὸν
3002 4344 3062 4397 ὃν
3089 4346 3260 4401 ἅπασι
3317 4347 3523 4411 τούτοις
3555 4352 3671 4414 τοῖς

2104 4432 2320 4504 σώμασι
2364 4434 2425 4487 τὸ
2476 4438 2533 4488 ὲν
2568 4436 2832 4507 ἀλλοτρίῳ
2861 4438 3109 4506 γεγονόσι
3143 4442 3291 4510 τόπῳ
3326 4439 3546 4494 εὐθεῖαν
3573 4444 3673 4507 φέ-

2106 4526 2319 4594 ρεσθαι,
2351 4526 2436 4581 ἵνα
2454 4527 2710 4599 ταύτῃιδὴ
2740 4529 2833 4582 καὶ
2866 4529 2940 4591 ὡς
2965 4529 3195 4598 τάχιστα
3224 4530 3316 4582 ἐπὶ
3344 4530 3432 4582 τὸν
3460 4532 3670 4584 οἰκεῖοι

2102 4616 2372 4685 ἀφίκοιτο,
2408 4618 2626 4672 ἐπειδὰν
2677 4618 2736 4673 δὲ
2791 4620 2850 4674 ἐν
2894 4619 2969 4689 τῷ
3013 4620 3204 4690 οἰκείῳ
3258 4621 3467 4689 γένοιτο
3491 4622 3668 4689 τόπῳ.

2102 4708 2220 4759 τότε
2269 4708 2333 4777 δὴ
2366 4708 2465 4760 κα.)⁸
2493 4708 2676 4775 κύκλῳ
2725 4710 2996 4764 κινεῖσθαι
3040 4711 3177 4781 πρὸς
3211 4711 3368 4765 τοῦτο
3416 4714 3669 4780 πεφυκὸς

2105 4799 2304 4866 μᾶλλον
2336 4817 2350 4867 ;
2381 4802 2433 4852 τί
2460 4800 2503 4852 δ’
2534 4800 2681 4869 αύτῷ
2713 4802 2772 4855 τὸ
2803 4802 3053 4870 πέμπτον
3088 4804 3266 4856 ἐκεῖνο
3292 4782 3449 4871 σῶμά
3478 4806 3536 4856 εί
3554 4822 3673 4867 πως

2102 4890 2268 4944 αὐτοῦ
2298 4909 2350 4945 τι
2397 4894 2584 4963 μόριον
2612 4894 2670 4945 ἐν
2718 4892 2982 4965 ἀλλοτρίῳ
3010 4894 3291 4963 ἑγγίγνετο
3327 4896 3474 4964 τόπῳ
3501 4912 3519 4962 ;
3570 4898 3675 4949 Πό-

2106 5000 2241 5053 τερα
2267 4984 2429 5036 αὑτοῦ
2467 4986 2627 5053 μένον
2655 4983 2839 5053 κύκλῳ
2875 4985 3159 5059 ἐστρέφετ’
3192 4985 3257 5039 ἀν
3284 5002 3298 5050 ;
3347 4987 3379 5057 ἢ
3408 4985 3498 5038 ἐπ’
3538 4987 3673 5044 εὐθὺ

2108 5075 2321 5143 ἐνεχθὲν
2364 5076 2455 5128 ἐπὶ
2510 5074 2600 5126 τὸν
2644 5076 2841 5128 οἰκεῖον
2879 5075 3095 5143 ἀφίκετ’
3134 5076 3203 5128 ἂν
3255 5077 3459 5144 τόπους
3510 5080 3677 5133 ’Δλλά

2105 5166 2213 5218 τῶν
2264 5166 2560 5232 τεττάρων,
2621 5166 2775 5235 φησὶ,
2844 5165 3047 5221 τούτων
3107 5169 3377 5237 σωμάτων
3408 5172 3676 5228 ἁπάντων

2106 5259 2246 5310 κατὰ
2294 5258 2434 5326 μέρη
2484 5257 2882 5325 φθειρομένων,
2930 5258 3027 5311 καὶ
3070 5257 3180 5311 οὐδ’
3229 5260 3451 5314 ὁτουοῦν
3493 5264 3678 5319 αὐτῶν

2107 5349 2281 5419 πάντη
2313 5348 2591 5419 ἀφθάρτου
2634 5347 2807 5415 ὄντος,
2846 5349 3059 5417 ἀνάγκη
3099 5344 3239 5404 εἷναί
3271 5368 3328 5403 τε
3361 5353 3452 5405 καὶ
3490 5354 3673 5424 πάντη

2104 5439 2380 5510 ἄφθαρτον
2410 5439 2588 5509 σῶμα,
2622 5441 2717 5494 καὶ
2750 5440 2894 5493 τοῦτ’
2927 5438 3066 5494 εἶναι
3104 5442 3195 5495 τὸν
3222 5443 3474 5512 οὐρανόν.
3514 5444 3677 5499 Τοῦτ’

2107 5534 2205 5585 οὐκ
2227 5532 2306 5585 ἔτι
2337 5531 2700 5601 Ἀριστοτέλει
2731 5532 2780 5584 οι
2811 5534 2939 5602 περὶ
2971 5533 3232 5586 Πλάτωνα
3267 5536 3673 5603 συγχωροῦσιν.

2108 5624 2169 5674 Εἰ
2208 5622 2315 5692 γὰρ
2340 5624 2402 5691 δὴ
2437 5621 2496 5675 οὓ
2526 5638 2688 5691 φασιν
2712 5616 2858 5676 οὗτοι
2890 5623 3015 5676 καθ’
3034 5622 3165 5676 αὐτὸ
3195 5623 3349 5677 οὐδὲν
3386 5625 3681 5696 ἄφθαρτον

2110 5716 2290 5785 σῶμα,
2320 5715 2436 5777 πῶς
2470 5714 2578 5785 γὰρ
2601 5714 2665 5769 ἂν
2715 5710 2826 5769 οἷόν
2855 5716 2902 5768 τ’
2929 5732 3067 5784 ειναι
3094 5716 3359 5785 φήσουσιν
3388 5716 3666 5783 ἄφθαρτον
