3858 6202
1222 228 1259 249 ἡ

323 304 431 369 9ὓ9
980 294 1097 368 ’ΒΕ
1138 310 1563 372 PLATONICA
1602 314 1698 373 ET
1746 316 2297 379 ARISTOTELICA
2340 322 2881 383 l'IIlLOSOPHIA-
3451 330 3555 387 ιω

322 417 450 473 καθ’
500 418 633 470 αὐτὸ
685 413 824 471 εἶναι
869 419 929 471 τὸ
968 422 1221 488 μεριστόν
1265 438 1323 474 τε
1380 424 1471 475 καὶ
1518 427 1859 480 σκεδαστικὸν

1998 431 2193 488 ibidem
2215 434 2467 489 etiamin
2521 435 2706 491 orbem
2762 436 3040 490 vertetur?
3100 452 3168 490 an
3228 452 3353 493 vero
3408 451 3553 497 recta

320 510 413 562 καὶ
444 509 546 561 ὅσα
590 510 654 577 τῇ
701 508 895 561 ἑαυτοῦ
942 510 1107 578 φύσει
1136 511 1380 565 διαλυτόν
1407 530 1423 581 ;
1460 515 1530 568 τὰ
1558 515 1605 568 δ’
1633 517 1859 587 ἄφθαρτι

1991 522 2292 579 ascendens
2320 527 2389 578 ad
2441 527 2719 594 proprium
2750 525 2930 580 tendet
2984 526 3214 580 locum?
3269 526 3374 581 Sed
3424 530 3550 594 ista,

325 598 607 661 κάκείνοις
661 600 919 657 δοκοῦντα
974 604 1081 658 τῶν
1135 607 1406 675 σωμάτων
1457 609 1518 662 ού
1580 611 1705 664 καθ’
1743 613 1859 667 αύτ‹

1990 615 2186 683 inquit,
2221 616 2404 670 omnia
2446 626 2677 685 quatuor
2698 632 2925 686 corpora
2958 632 3081 670 cum
3127 616 3557 673 sintsecundum

316 686 574 758 ἄφθαρτα
600 685 740 743 εἶναι
767 691 1037 759 δοκοῦσιν,
1066 694 1203 749 ἀλλὰ
1234 696 1322 749 διὰ
1364 696 1541 767 ψυχῆς
1581 704 1859 771 παρουσία·

1986 716 2166 773 partes
2206 706 2553 761 dissolutioni
2579 708 2840 772 obnoxia,
2889 723 3065 775 neque
3095 708 3266 761 ullum
3312 722 3373 761 es
3420 707 3556 776 ipsis

315 776 407 826 ὑπ’
439 777 610 846 αὐτῆς
666 781 882 851 ἐκείνης
951 783 1480 849 ἀπαθανατίζεσθαι.
1519 792 1629 844 Καὶ
1678 794 1725 844 οἱ
1784 796 1859 861 μὲ·

1983 799 2207 852 omnino
2259 815 2289 853 a
2335 801 2686 869 corruptione
2740 802 2811 855 sit
2859 802 3125 863 immune,
3173 815 3395 855 necesse
3450 801 3557 855 erit

316 866 445 936 περὶ
494 868 755 922 Πλάτωνα
801 871 964 925 οὕτω·
998 873 1105 926 ἔδει
1144 875 1202 928 δέ
1251 894 1353 930 που
1390 881 1482 932 καὶ
1510 879 1855 949 Ἀριστοτέλη

1988 888 2260 956 quoddam
2290 890 2453 944 etiam
2492 866 2757 946 exsistere
2788 904 3008 955 corpus,
3049 891 3189 960 quod
3221 892 3293 946 sit
3324 905 3553 958 corrup-

313 956 411 1009 ἇτε
447 961 540 1011 καὶ
587 961 750 1013 αὑτὸν
781 962 997 1033 ἔμψυχα
1032 966 1260 1021 τοιαῦτα
1297 968 1406 1021 τῶν
1434 971 1701 1039 σωμάτων
1732 973 1847 1026 nos

1988 979 2152 1034 tionis
2189 995 2417 1050 prorsus
2468 997 2685 1051 expers,
2738 982 2901 1053 idque
2956 984 3134 1052 ipsum
3186 983 3290 1038 erit
3330 983 3553 1038 coelum.

314 1064 493 1115 μενον,
526 1052 590 1120 τῇ
620 1050 769 1121 ψυχῇ
796 1054 955 1107 τοῦτο
1002 1057 1291 1127 πρεσϐεῖον
1326 1060 1643 1131 ἀπονεῖμαι,
1678 1064 1772 1116 καὶ
1805 1067 1859 1134 psi

1989 1067 2102 1123 Iioc
2141 1084 2269 1124 vero
2299 1069 2580 1132 ,Platonici
2627 1073 2739 1141 jam
2802 1050 2911 1126 non
2963 1072 3197 1140 amplius
3248 1072 3556 1125 concedunt

315 1140 474 1209 σῶμά
510 1160 564 1194 τι
610 1144 733 1197 καθ’
763 1146 896 1199 αὐτὸ
923 1149 1203 1219 ἄφθαρτον
1236 1157 1592 1207 καινοποιεῖν.

1988 1160 2290 1214 Aristoteli.
2335 1160 2542 1233 Negant
2606 1140 2751 1218 enim
2813 1180 2909 1234 per
2960 1178 3043 1227 se,
3104 1178 3314 1230 suaque
3370 1163 3419 1215 vi
3495 1175 3560 1214 ac

313 1251 506 1294 natura
542 1241 849 1297 immortale
888 1257 1010 1298 esse
1055 1246 1223 1300 ullum
1248 1262 1471 1318 corpus,
1520 1265 1713 1320 nempe
1735 1264 1881 1320 quoa
1920 1254 2137 1310 videant
2196 1273 2304 1311 non
2374 1251 2535 1326 posse
2589 1258 2785 1313 fieriut
2828 1260 2879 1314 id
2910 1261 2979 1315 sit
3027 1260 3355 1323 immortale,
3409 1254 3556 1326 quod

310 1338 397 1382 est
422 1331 730 1395 dividuum,
786 1334 1063 1404 certisque
1113 1348 1333 1394 constat
1380 1342 1626 1411 partibus
1676 1358 1885 1413 suaque
1925 1357 2124 1400 natura
2162 1358 2337 1417 potest
2364 1350 2611 1416 dissolvi,
2636 1353 2795 1421 quale
2815 1360 2897 1406 est
2936 1366 3134 1421 corpus
3192 1364 3372 1405 omne.
3427 1349 3559 1417 Quae

311 1434 442 1473 vero
491 1436 721 1493 corpora
754 1429 858 1497 ipsi
884 1433 1221 1490 arbitrantur
1265 1453 1387 1493 esse
1411 1440 1760 1505 immortalia,
1791 1441 1883 1495 illa
1925 1457 2030 1516 non
2056 1458 2119 1496 ex
2155 1460 2253 1499 sua
2284 1454 2474 1499 natura
2517 1462 2639 1502 esse
2688 1448 2815 1501 talia
2839 1447 3101 1508 sentiunt,
3180 1447 3273 1500 sed
3334 1454 3558 1513 propter

308 1514 505 1570 animae
538 1524 875 1587 praesentiam
928 1529 1078 1583 reddi
1125 1532 1456 1587 immortalia
1508 1537 1861 1593 contendunt.
1904 1514 2174 1606 Atqueilli
2212 1539 2431 1608 quidem
2465 1542 2557 1609 qui
2617 1552 2764 1597 stant
2828 1560 2858 1597 a
2912 1543 3159 1611 partibus
3191 1539 3458 1602 Platonis,
3500 1538 3554 1591 in

310 1622 372 1662 ea
415 1619 544 1664 sunt
591 1620 880 1671 sententia.
943 1618 1165 1677 Rectius
1209 1634 1390 1678 autem
1482 1626 1700 1686 fecisset
1745 1630 1907 1683 etiam
1987 1632 2327 1698 Aristoteles,
2382 1635 2472 1703 qui
2538 1635 2653 1703 ipse
2724 1649 2939 1704 quoque
3009 1635 3278 1704 ejusmodi
3324 1646 3555 1700 corpora

308 1703 599 1757 constituit
623 1721 745 1761 esse
773 1709 1033 1778 animata,
1067 1716 1111 1767 si
1174 1717 1368 1771 anima:
1430 1719 1570 1773 hanc
1615 1721 1990 1786 praestantiam
2017 1724 2365 1792 assignasset,
2398 1734 2584 1779 etnon
2637 1727 2876 1795 corpori,
2938 1741 3037 1780 nec
3101 1728 3277 1796 ipsum
3336 1740 3431 1793 per
3495 1739 3555 1777 se

310 1808 519 1865 suaque
547 1798 599 1851 vi
635 1799 943 1858 immortale
974 1819 1117 1859 noro
1156 1811 1388 1873 quodam
1416 1812 1575 1864 modo
1598 1809 1863 1867 (nuisset.

896 1895 1145 1950 ΚΕΦΑΛ.
1180 1897 1282 1951 lE’.

296 1991 314 2003 ο
378 1973 587 2042 Γελοῖος
624 1982 670 2035 δ’
700 1983 816 2037 ἐστὶ
852 1986 947 2038 καὶ
975 1987 1087 2050 ζῶα
1136 1991 1235 2057 μὲν
1278 1990 1557 2060 τιθέμενος
1582 1994 1648 2046 τὰ
1680 1993 1875 2060 ἄστρα·

252 2084 263 2095 ’
308 2072 441 2137 φησὶ
485 2073 594 2144 γάρ
622 2090 724 2126 που
758 2076 953 2143 λέγων,
999 2080 1189 2148 Ἡμεῖς
1229 2081 1275 2134 δ’
1307 2081 1383 2144 ὡς
1430 2084 1556 2153 περὶ
1584 2081 1743 2144 ζώων
1767 2085 1874 2137 αύ-

304 2160 413 2213 τῶν
438 2162 815 2234 διανοούμεθα·
835 2166 1025 2221 ἔπειτα
1045 2171 1277 2239 ἀκίνητα
1303 2172 1403 2239 μὲν
1426 2173 1564 2225 αὐτὰ
1590 2174 1712 2228 καθ’
1736 2176 1875 2229 αὐτὰ

304 2251 475 2315 ἀξιῶν
506 2252 671 2323 εἶναι,
706 2260 810 2310 ὑπὸ
856 2258 915 2310 δὲ
957 2264 1206 2332 σφαιρῶν
1247 2266 1411 2332 μόνον
1463 2265 1872 2335 ἀνελιττόμενα.

305 2346 451 2397 Τίνα
504 2347 570 2417 δὴ
623 2349 719 2401 καὶ
764 2351 942 2421 ψυχὴν
982 2353 1119 2406 αὐτὰ
1146 2354 1291 2423 ἔχειν
1321 2354 1564 2421 ἀξιώσει,
1604 2358 1654 2409 ει
1681 2359 1776 2411 τόν
1808 2374 1872 2425 γε

304 2436 520 2488 ἅπαντα
541 2438 728 2506 χρόνον
751 2441 976 2510 ἀκίνητα
997 2436 1146 2511 μένει
1166 2460 1183 2511 ;
1208 2446 1268 2496 ού
1295 2446 1398 2515 γὰρ
1421 2445 1485 2517 δὴ
1512 2447 1610 2516 τὴν
1632 2447 1873 2516 ὀστρεώ-

298 2525 387 2595 δη.

2552 1943 2559 1949 .
2602 1903 2754 1958 CAP.
2803 1902 2917 1958 XV.

2055 1995 2243 2049 Risum
2301 2011 2518 2065 quoque
2590 1997 2747 2050 nobis
2801 1997 2930 2051 facit
3006 1997 3346 2059 Aristoteles,
3407 1998 3552 2063 quod

1981 2096 2123 2141 astra
2153 2085 2373 2155 quidem
2423 2088 2673 2141 concedit
2699 2102 2822 2141 esse
2878 2090 3135 2151 animata,
3164 2085 3216 2139 id
3267 2085 3411 2155 quod
3448 2086 3550 2139 ali-

1979 2177 2102 2231 cubi
2132 2178 2391 2241 aliirmat,
2415 2178 2603 2232 dicens
2633 2193 2693 2233 se
2715 2176 2903 2233 eodem
2936 2179 3057 2232 loco
3104 2187 3271 2242 astra,
3303 2192 3413 2246 quo
3437 2180 3553 2231 ani-

1981 2267 2140 2321 malia
2170 2270 2410 2323 habere:
2448 2270 2633 2323 eadem
2668 2283 2796 2324 vero
2822 2280 3008 2338 postea
3071 2284 3162 2339 per
3194 2284 3254 2323 se
3276 2283 3397 2323 esse
3452 2267 3554 2325 iut-

1982 2361 2201 2413 mobilia
2272 2362 2572 2425 existimat,
2632 2370 2686 2415 et
2749 2363 2911 2416 motis
2982 2362 3245 2417 duntaxat
3297 2361 3549 2423 orbibus,

1980 2452 2181 2519 quibus
2232 2463 2361 2504 sunt
2419 2452 2604 2518 infixa,
2639 2455 2870 2508 moveri.
2912 2452 3032 2519 Quo
3102 2454 3299 2522 posito,
3342 2466 3550 2521 qumso,

1979 2544 2323 2612 qualomnam
2380 2547 2615 2600 animam
2669 2548 2849 2610 inesse
2901 2549 3035 2617 ipsis
3092 2547 3451 2611 existimabit,
3503 2546 3551 2600 si

300 2622 558 2675 nimirum
588 2638 734 2679 omni
775 2634 1016 2696 tempore
1066 2643 1319 2685 maneant
1346 2634 1644 2687 immobilia
1673 2635 1696 2687 ?
1727 2650 1854 2690 num
1895 2651 2012 2691 eam
2043 2638 2311 2703 fortassis,
2344 2642 2561 2706 qualem
2596 2644 2795 2697 ostreis
2866 2655 2919 2697 et
2970 2643 3198 2697 conchis
3256 2641 3553 2696 attribuere

298 2718 540 2771 solemus

854 2864 860 2875 χ,
879 2817 1127 2871 usus.
1166 2816 1284 2883 ις’.

366 2899 488 2963 Πῶς
519 2901 575 2954 δὲ
611 2905 707 2957 καὶ
754 2907 782 2957 ὁ
805 2906 955 2975 ἥλιος
990 2908 1138 2977 αύτῷ
1166 2909 1227 2960 οὐ
1256 2898 1353 2977 τῆς
1383 2910 1597 2978 φύσεως
1627 2913 1692 2982 τῇ
1733 2911 1863 2980 θερ-

298 2993 489 3059 μότητι
526 2992 863 3064 θερμαίνει,
916 2999 1051 3059 ἀλλὰ
1103 3001 1171 3068 τῇ
1226 3002 1460 3070 κινήσει,
1508 3002 1607 3070 τῆς
1636 3002 1867 3072 σελήνης

293 3084 357 3134 ού
406 3088 797 3157 παραπλησίως
851 3092 919 3159 τῇ
976 3106 1039 3157 γε
1097 3092 1312 3159 κινήσει
1343 3092 1767 3162 θερμαινούσηςδ
1808 3098 1857 3145 εἰ

294 3176 402 3244 γὰρ
430 3179 522 3229 καὶ
550 3178 729 3248 πολλῷ
758 3182 823 3250 τῇ
872 3181 1022 3251 ἡλίου
1079 3183 1110 3249 ἡ
1164 3184 1394 3253 σελήνης
1424 3185 1641 3254 κίνησις
1669 3184 1866 3255 βραδυ-

2581 2824 2737 2878 CAP.
2785 2822 2899 2878 XVI

2047 2913 2164 2967 .Iam
2193 2928 2318 2969 vero
2349 2914 2513 2968 etiam
2574 2915 2741 2970 solem
2795 2932 2903 2968 non
2974 2927 3181 2971 naturae
3229 2918 3548 2979 calliditate,

1976 3006 2068 3060 sed
2098 3012 2244 3058 motu
2301 3006 2540 3061 calorem
2576 3010 2733 3059 terris
2780 3009 3059 3075 impertire
3080 3010 3337 3073 affirmat,
3363 3010 3547 3063 lunam

1977 3112 2104 3149 vero
2140 3108 2299 3165 negat
2349 3098 2602 3151 similiter
2642 3106 2790 3151 motu
2850 3099 3170 3157 calefacere.
3202 3100 3373 3167 Quam
3417 3117 3546 3155 vero

1977 3188 2081 3240 hoc
2112 3188 2407 3241 absurdum
2437 3187 2567 3242 est?
2621 3188 2843 3243 Etiamsi
2880 3191 3023 3244 cnim
3080 3191 3222 3246 lunze
3251 3204 3433 3247 motus
3472 3194 3547 3247 sit

293 3271 453 3338 τέρα,
482 3271 617 3324 ἀλλὰ
651 3274 746 3326 καὶ
779 3273 1052 3341 ὲγγυτέρα
1104 3273 1172 3328 ἂν
1221 3277 1288 3344 τῇ
1332 3274 1490 3345 ἡμῶν
1524 3275 1725 3346 πολλῷ.
1760 3278 1859 3330 Πέ-

1976 3278 2186 3332 tardior
2218 3288 2366 3332 motu
2405 3280 2560 3344 solis,
2600 3282 2714 3348 ipsa
2771 3293 2949 3337 tamen
2984 3284 3135 3338 sidus
3187 3294 3267 3338 est
3319 3286 3547 3346 novissi—

293 3378 435 3427 φυκε
462 3364 520 3416 δὲ
567 3365 636 3417 τὰ
686 3363 914 3433 δύναμίν
944 3382 1066 3418 τινα
1100 3365 1295 3436 ἔχοντα
1350 3367 1449 3420 τοῦ
1506 3367 1684 3423 ὁτιοῦν
1731 3371 1859 3441 δρᾷν

1973 3383 2142 3432 munt,
2182 3370 2452 3438 terrisque
2505 3372 3018 3429 familiarissimum.
3069 3374 3256 3431 Solent
3298 3392 3430 3432 vero
3478 3393 3539 3431 ea

291 3455 404 3507 τῶν
441 3456 707 3523 σωμάτων
732 3496 748 3519 ,
803 3458 1035 3525 ἐγγύθεν
1082 3459 1283 3525 μᾶλλον
1316 3460 1456 3513 αὐτὸ
1506 3460 1661 3531 δρᾷν.
1700 3462 1863 3516 Ὥστε

295 3542 389 3596 καὶ
419 3544 619 3613 ταύτην
653 3546 752 3613 τῆς
776 3549 1047 3615 κινήσεως
1075 3546 1407 3617 βραδύτητα,
1441 3549 1518 3618 τῷ
1554 3551 1730 3619 μείονι
1766 3552 1859 3604 τοῦ

292 3634 681 3705 ἀποστήματος
738 3637 1259 3709 ἀνταναπληροῦσαν
1284 3678 1300 3703 ,
1346 3641 1747 3711 παραπλησίως
1785 3641 1863 3712 τῷ

294 3724 430 3794 ἡλίῳ
480 3726 817 3797 θερμαίνειν,
847 3731 895 3781 εἰ
937 3728 1001 3799 δὴ
1037 3730 1069 3799 ἡ
1119 3730 1333 3800 κίνησις
1384 3727 1473 3801 ἦν,
1518 3734 1614 3784 καὶ
1664 3732 1726 3785 ού
1764 3732 1864 3801 τῆς

294 3806 511 3884 φύσεως
555 3819 592 3888 ἡ
625 3818 896 3889 θερμότης
939 3820 972 3889 ή
1030 3818 1417 3888 θερμαίνουσα.
1466 3821 1608 3875 Ἀλλ’
1642 3821 1718 3885 ὡς
1765 3824 1863 3891 μὲν

293 3908 418 3974 εικῆ
447 3908 595 3977 αύτῷ
628 3909 687 3962 τὸ
717 3911 966 3978 πέμπτον
999 3910 1158 3964 τοῦτο
1197 3911 1355 3980 σῶμα
1383 3914 1857 3983 κεκαινολόγηται,

291 3994 576 4051 δέδεικται.

882 4260 1132 4315 ΚΕΦΔΛ.
1174 4260 1273 4317 ΙΖ’.

362 4353 479 4408 Οὐκ
498 4354 738 4422 ἀφεκτέα
766 4352 824 4408 δὲ
848 4353 969 4406 οὐδὲ
1011 4357 1069 4406 ὲν
1096 4357 1162 4423 τῇ
1186 4357 1391 4425 φυσικῇ
1424 4355 1572 4426 αύτῷ
1598 4355 1858 4425 ἀκροάσει

290 4443 529 4512 μάλιστα
578 4444 642 4515 δὴ
698 4444 758 4496 οὐ
814 4444 997 4507 καλῶς
1024 4446 1233 4498 ἐκείνου
1277 4447 1591 4516 εἰρημένου.
1622 4448 1861 4501 ’Δτοπον

284 4535 394 4602 γάρ
422 4549 554 4601 φησι
582 4533 643 4586 τὸ
667 4534 742 4603 μὴ
773 4533 979 4587 οἴεσθαι
1006 4534 1169 4588 ἕνεκά
1197 4534 1291 4588 τού
1310 4553 1364 4589 τι
1390 4537 1658 4605 γίνεσθαι,
1684 4539 1749 4593 ἂν
1781 4541 1859 4611 μὴ

1966 3473 2217 3528 corpora.
2240 3475 2363 3529 qna:
2393 3462 2646 3516 virtutem
2672 3463 2874 3519 habent
2900 3456 3139 3535 aliquam
3162 3468 3229 3521 ad
3252 3469 3544 3538 agendum,

1967 3552 2215 3618 proxime
2270 3553 2440 3620 uagis
2496 3554 2642 3608 illam
2677 3571 2947 3621 exserere,
3003 3570 3059 3612 ut
3112 3560 3188 3615 ita
3243 3565 3545 3631 oportuerit

1964 3644 2128 3697 etiam
2181 3643 2345 3699 istam
2415 3658 2594 3701 matus
2664 3647 2971 3704 tarditatem
3022 3650 3220 3705 minori
3283 3653 3541 3713 distantia

1965 3737 2333 3803 compensari,
2372 3736 2680 3809 lunamque
2712 3741 2960 3796 similiter
2994 3752 3158 3813 atque
3191 3745 3358 3800 solem
3404 3749 3545 3803 cale-

1966 3821 2168 3889 facere,
2195 3825 2239 3879 si
2270 3827 2531 3882 nimirum
2569 3845 2657 3883 res
2693 3830 2767 3885 ita
2799 3830 3043 3899 haberet,
3066 3844 3123 3889 ut
3153 3844 3334 3893 motus
3358 3840 3540 3906 potius

1965 3930 2127 3982 quam
2186 3916 2455 3972 calliditas
2516 3933 2791 3976 astrorum
2840 3925 3072 3979 calorem
3125 3928 3377 3983 ediceret.
3437 3932 3542 3985 Sed

1960 4004 2072 4073 jam
2136 4005 2595 4074 demonstratum,
2655 4014 2796 4080 quod
2855 4024 3058 4069 temere
3107 4025 3160 4070 et
3234 4019 3540 4075 inconsulto

1964 4107 2160 4165 praeter
2187 4098 2417 4152 aliorum
2448 4100 2784 4169 opinionem,
2824 4104 3070 4173 quintam
3108 4118 3358 4163 naturam
3399 4112 3538 4165 coelo

1967 4190 2298 4245 attribuerit.

2564 4288 2718 4343 CAP.
2750 4286 2914 4342 XVII.

2032 4371 2219 4443 Neque
2249 4375 2377 4430 illud
2403 4376 2619 4431 silentio
2649 4378 2927 4445 praeterire
2959 4395 3196 4449 possum,
3229 4388 3371 4455 quod
3395 4386 3533 4442 idem

1969 4465 2292 4523 Aristoteles
2318 4467 2371 4522 in
2401 4470 2634 4523 naturali
2676 4472 3073 4528 auscultatione
3133 4476 3356 4530 omnino
3399 4481 3539 4534 male

1964 4553 2143 4619 docet,
2168 4556 2256 4611 ubi
2299 4557 2595 4611 absurdum
2641 4570 2744 4623 est,
2791 4561 2989 4630 inquit,
3043 4576 3150 4627 non
3221 4564 3538 4618 existimare

284 4625 434 4676 ἴδωσι
472 4624 531 4675 τὸ
559 4624 746 4677 ποιοῦν
776 4624 1231 4695 βουλευσάμενον.
1272 4627 1470 4681 Καίτοι
1503 4630 1597 4682 καὶ
1631 4634 1663 4699 ἡ
1690 4632 1853 4700 τέχνη

1973 4646 2105 4710 quod
2135 4644 2211 4708 tit,
2247 4646 2361 4699 fieri
2389 4657 2608 4716 propter
2647 4624 2884 4718 aliquid,
2907 4624 3010 4705 nisi
3064 4624 3254 4707 videas
3288 4654 3337 4707 id
3389 4655 3536 4724 quod

280 4718 342 4767 οὐ
362 4715 697 4785 βουλεύεται,
719 4717 901 4787 φησίν.
924 4718 987 4772 EI
1012 4719 1119 4786 γὰρ
1152 4716 1220 4789 ἦν
1243 4721 1301 4773 ὲν
1333 4720 1410 4788 τῷ
1433 4720 1574 4789 ξύλῳ
1604 4724 1636 4791 ἡ
1672 4722 1854 4793 τέχνη,

279 4806 379 4857 οὐκ
426 4804 493 4858 ἂν
517 4806 854 4874 ἐϐουλεύετο,
886 4809 981 4862 καὶ
1012 4809 1130 4871 πῶς
1163 4808 1228 4861 ἂν
1256 4812 1421 4881 τέχνη
1450 4811 1531 4863 ἔτι
1556 4811 1769 4881 ἔμεινεν
1790 4814 1849 4866 ού

280 4895 389 4946 τῶν
447 4895 622 4964 ἔργων
676 4899 1192 4970 προϐουλευομένη;
1237 4900 1270 4971 ἤ
1322 4900 1373 4953 τί
1405 4900 1532 4954 ἄλλο
1562 4903 1620 4955 τὸ
1657 4904 1854 4975 τέχνην

285 4985 523 5053 μάλιστα
549 4990 835 5055 συνιστῶν,
864 4992 896 5060 ἢ
932 4992 991 5044 τὸ
1021 4991 1404 5061 βουλεύεσθαι;
1441 4992 1470 5046 ὃ
1509 4995 1575 5064 ῆν
1606 5011 1689 5057 τις
1720 4997 1852 5064 ἀφέ-

238 5054 245 5069 ’
283 5075 430 5127 λοιτο
450 5076 642 5145 αὐτῆς,
667 5077 777 5133 οὐδ’
806 5078 870 5132 ἂν
892 5080 1056 5150 τέχνη
1079 5082 1160 5134 ἐτι
1188 5082 1409 5147 μείνειε
1440 5083 1555 5147 πῶς
1582 5084 1626 5137 δ’
1662 5085 1728 5138 ἂν
1759 5085 1851 5138 καὶ

283 5163 377 5216 ὲπι
406 5182 461 5218 τι
488 5167 637 5231 τέλος
655 5169 831 5222 ὁτιοῦν
864 5171 1109 5241 ἐνεχθείη
1126 5172 1214 5241 ’μή
1237 5189 1381 5237 τινος
1410 5174 1500 5227 νοῦ
1530 5176 1695 5229 αὑτοῦ
1722 5195 1852 5248 προ-

283 5256 700 5326 ϐουλευομένου,
728 5262 823 5313 καὶ
848 5261 909 5314 τὸ
932 5262 1083 5325 τέλος
1112 5265 1284 5316 ἐκεῖνο
1308 5268 1363 5319 ὲν
1396 5267 1570 5338 ἐαυτῷ
1594 5268 1659 5339 δὴ
1689 5269 1851 5339 μάλι-

283 5364 389 5401 στα
420 5348 842 5417 προειληφότοςς
873 5352 934 5404 Εἰ
962 5352 1068 5423 γὰρ
1101 5354 1197 5406 καὶ
1226 5356 1258 5423 ἠ
1284 5356 1446 5426 τέχνη
1477 5360 1726 5426 μιμεῖται
1760 5361 1851 5413 καὶ

281 5438 405 5490 κατ’
452 5439 616 5491 αὐτὸν
672 5442 1015 5514 Ἀριστοτέλη
1068 5445 1167 5512 τὴν
1213 5446 1396 5513 φύσιν⁹
1436 5449 1495 5501 οὐ
1544 5449 1643 5520 τὴν
1688 5451 1850 5518 φύσιν

277 5530 385 5581 ἔδει
411 5532 507 5600 τῆς
535 5533 730 5602 τέχνης
756 5533 1144 5588 ὑπολείπεσθαι
1166 5576 1182 5601 ,
1241 5538 1378 5591 ἀλλὰ
1409 5541 1470 5591 τὸ
1504 5541 1742 5607 μάλιστα
1787 5544 1849 5613 δὴ

274 5618 434 5671 τοῦτο
461 5621 558 5689 τὴν
592 5623 784 5695 τέχνην
813 5626 1096 5690 συνιςτῶν,
1122 5628 1301 5698 πολλῷ
1329 5631 1591 5702 πρότερον
1618 5634 1716 5701 τὴν
1748 5635 1844 5703 φύ-

275 5724 357 5761 σιν
382 5710 524 5776 ἐχειν
559 5715 652 5767 καὶ
688 5717 1122 5787 μεγαλειότερον.
1156 5720 1216 5773 Ei
1243 5721 1297 5773 δέ
1326 5739 1378 5774 τι
1435 5726 1530 5777 καὶ
1561 5726 1618 5779 ἐν
1646 5728 1714 5796 τῇ
1753 5727 1842 5780 τέ-

1962 4744 2141 4787 movet
2168 4734 2489 4789 efﬁcientem
2534 4751 2777 4803 causam,
2805 4740 3041 4807 cepisse
3094 4742 3405 4800 consilium.
3445 4744 3538 4799 Est

1957 4826 2127 4890 enim,
2154 4824 2252 4887 ait.
2303 4828 2678 4896 perspicuum,
2716 4830 2861 4900 quod
2898 4846 2989 4887 ars
3042 4847 3261 4903 quoque
3312 4849 3537 4888 movens

1956 4929 2019 4969 ea
2043 4932 2165 4984 quae
2192 4916 2331 4971 ﬁunt
2361 4932 2426 4972 ex
2461 4919 2599 4989 ipsa,
2644 4936 2752 4975 non
2780 4925 2955 4988 capiat
2986 4926 3299 4979 consilium.
3321 4924 3532 4977 Etenim

1956 5008 2001 5061 si
2052 5021 2195 5063 esset
2254 5010 2310 5062 in
2360 5011 2508 5080 ligno
2561 5028 2673 5079 ars,
2716 5017 2947 5085 exempli
3003 5018 3172 5085 gratia
3227 5016 3531 5069 fabricandi

1961 5113 2145 5165 naves,
2171 5103 2443 5169 quomodo
2483 5114 2566 5159 est
2616 5106 2667 5159 in
2711 5107 2777 5161 iis
2830 5123 2948 5175 qua:
2980 5119 3169 5161 natura
3234 5108 3389 5170 fiunt,
3442 5122 3532 5160 ars

1960 5189 2162 5244 faceret
2183 5190 2433 5247 similiter
2450 5202 2613 5263 atque
2631 5206 2843 5259 natura,
2871 5212 2966 5251 nec
2989 5208 3201 5265 raperet
3221 5196 3530 5251 consilium.

1960 5279 2039 5332 Ad
2067 5296 2185 5349 quae
2220 5296 2318 5336 nos
2356 5282 2594 5338 breviter
2655 5286 3065 5351 respondemus,
3120 5286 3527 5356 interrOgando,

1959 5385 2195 5439 quanam
2231 5373 2442 5427 ratione
2487 5390 2578 5429 ars
2628 5379 2855 5445 posthac
2912 5378 3167 5445 appellari
3210 5382 3402 5447 possit,
3445 5396 3529 5447 ea,

1956 5476 2207 5530 quaenon
2240 5466 2479 5518 consulit
2515 5480 2613 5519 nec
2665 5468 2931 5521 deliberat
2985 5468 3051 5521 de
3092 5472 3396 5537 operibus?
3446 5474 3525 5526 An

1956 5552 2153 5619 aliquid
2190 5554 2336 5607 aliud
2383 5565 2554 5607 artem
2588 5557 2760 5624 magis
2783 5557 3086 5631 constituit,
3134 5574 3298 5629 quam
3327 5578 3523 5631 capere

1955 5644 2244 5699 consilium
2276 5648 2298 5699 ?
2347 5646 2504 5712 Quod
2539 5663 2670 5702 sane
2704 5649 2750 5702 si
2795 5650 2918 5717 quis
2948 5652 3015 5704 ah
3071 5662 3186 5706 arte
3222 5658 3523 5724 exceperit.

1951 5734 2098 5789 nullo
2130 5736 2292 5792 modo
2319 5737 2453 5792 artis
2472 5740 2890 5809 appellationem
2920 5744 3193 5801 retinebit.
3230 5746 3516 5813 Quomodo
