3858 6202
310 264 413 330 911

1393 307 1406 317 .
1505 270 1509 274 ·
1528 247 1856 314 GEORGII
1897 244 2331 307 PLETHONIS

3445 240 3550 304 91?.

317 387 498 434 autem
540 376 701 430 etiam
757 373 832 428 ad
886 370 1123 442 aliquem
1179 368 1340 423 ﬁnem
1406 364 1615 428 tendet,
1659 374 1895 431 eumque

2011 374 2099 431 (νῃ
2149 360 2404 427 φαίνηται
2456 354 2516 408 οὐ
2555 352 2946 424 βουλευόμενον
3002 349 3113 408 οἷον
3152 352 3404 425 ὖργα-ιον,
3431 354 3576 422 ἣτις

318 475 662 535 assequetur,
699 464 779 517 vel
806 477 916 525 ars,
948 461 1031 515 vel
1052 467 1253 514 natura
1285 458 1331 513 si
1364 456 1512 511 nulla
1541 454 1684 509 adsit
1713 467 1887 516 mens,

318 576 437 629 quae
467 560 616 628 prius
639 555 818 624 capiat
845 553 1162 618 consilium,
1194 560 1246 606 et
1271 551 1429 604 ﬁnem
1463 548 1612 602 illum
1633 546 1685 599 in
1712 544 1891 611 seipso

318 650 670 719 conceperit?
716 646 979 702 Praeterea
1005 644 1050 698 si
1100 658 1211 705 ars,
1247 648 1386 696 teste
1412 638 1743 695 Aristotele;
1766 632 1894 687 imi-

321 751 466 796 tatur
514 747 789 803 naturam,
843 737 1089 805 profecto
1124 736 1298 803 ipsam
1359 746 1468 785 non
1518 726 1792 798 oportebit
1824 724 1893 777 ab

316 841 433 885 arte
463 829 733 900 superari,
765 828 856 883 sed
887 828 938 882 id
966 825 1111 896 quod
1141 826 1371 877 maxime
1394 831 1564 875 artem
1585 817 1890 880 constituit,

316 930 526 975 natura:
552 920 721 973 multo
749 919 900 988 prius
954 926 1009 971 et
1029 913 1385 971 excellentius
1440 910 1625 963 inesse
1653 913 1890 976 oportet.

317 1012 474 1078 Quod
527 1011 572 1065 si
625 1011 829 1080 aliquid
861 1010 1025 1064 etiam
1070 1008 1124 1061 in
1164 1014 1282 1059 arte
1307 1010 1552 1073 apparet,
1597 998 1741 1070 quod
1786 1010 1891 1050 non

317 1102 604 1166 deliberat,
646 1109 704 1154 ut
747 1111 829 1155 est
877 1101 1323 1159 instrumentum,
1352 1102 1446 1148 aut
1494 1090 1764 1151 minister,
1820 1086 1891 1141 ibi

317 1194 624 1259 sciendum,
658 1207 770 1247 non
815 1193 868 1245 in
923 1191 1029 1245 illis
1085 1200 1259 1242 artem
1327 1186 1419 1240 sed
1476 1186 1530 1237 in
1595 1182 1895 1235 architecto

316 1286 475 1341 sitam
507 1284 737 1339 csse.lta
759 1296 974 1353 quoque
993 1282 1035 1336 si
1055 1280 1349 1351 quidquam
1370 1277 1422 1330 in
1452 1285 1642 1329 natura
1672 1268 1896 1325 rationis

316 1393 510 1447 expers
545 1377 969 1446 conspiciamus,
1026 1388 1136 1427 non
1188 1372 1377 1441 utique
1410 1369 1460 1421 in
1489 1367 1580 1421 illo
1619 1373 1891 1420 naturam.

315 1486 436 1538 qua:
475 1484 613 1538 opus
661 1468 844 1532 eﬁicit,
898 1467 1254 1520 collocamus.
1310 1463 1409 1517 Est
1458 1460 1601 1515 enim
1670 1466 1892 1520 natura,

316 1562 409 1614 Dei
445 1562 528 1614 lex
578 1570 631 1614 et
662 1559 996 1613 institutum.
1038 1557 1199 1625 Atqui
1236 1554 1331 1607 Dei
1382 1555 1465 1607 lex
1503 1560 1556 1605 et
1591 1549 1895 1603 institutum

316 1652 528 1705 ratione.
555 1667 664 1704 non
705 1658 876 1703 caret.
913 1648 1110 1702 Verum
1144 1647 1285 1700 enitn
1338 1658 1467 1697 vero
1494 1642 1626 1695 mihi
1684 1639 1896 1692 videtur

316 1744 661 1797 Aristotelem
699 1744 751 1797 iu
806 1741 964 1793 libris
1005 1740 1120 1793 suis
1165 1748 1275 1791 tum
1331 1737 1465 1790 alios
1521 1731 1887 1800 antiquiores,
1926 1713 1968 1771 Β

320 1849 431 1890 tum
459 1836 694 1889 maxime
730 1837 1111 1901 Anaxagoram
1147 1830 1414 1882 imitatum
1438 1842 1579 1881 esse.
1610 1825 1701 1877 llle
1731 1836 1891 1875 nam-

317 1942 423 1996 que
475 1935 709 1978 mentem
766 1923 984 1991 quidem
1045 1920 1200 1974 iuitin
1268 1916 1535 1969 orationis
1598 1926 1712 1965 sua:
1766 1908 1895 1963 huic

319 2019 574 2072 universo
630 2014 887 2084 praefecit,
954 2013 1007 2066 in
1080 2023 1374 2080 progressu
1433 2020 1563 2060 vero
1625 2003 1893 2072 ejusdem,

316 2111 519 2166 nullam
552 2124 776 2177 prorsus
809 2107 951 2159 illius
983 2104 1111 2158 facit
1164 2102 1525 2161 mentionem,
1560 2095 1654 2151 sed
1699 2094 1763 2148 ad
1795 2096 1893 2147 im-

317 2207 571 2276 pietatem
607 2204 811 2272 potius,
835 2215 941 2270 qua
977 2199 1120 2253 Deus
1168 2198 1397 2251 omnino
1426 2202 1677 2261 negatur,
1698 2189 1892 2243 deﬂec-

1993 452 2262 514 διάκονος,
2316 446 2434 504 ἀλλ’
2465 447 2565 500 οὐκ
2622 448 2679 499 έν
2733 448 2929 516 ἐκείνῳ
2965 449 2997 518 ἡ
3027 448 3212 517 τέχνη,
3242 444 3356 497 ἀλλ’
3394 446 3448 499 ὲν
3492 446 3579 514 τῷ

1995 544 2360 613 ἀρχιτέκτονι.
2396 540 2531 595 Οὐδέ
2587 556 2650 608 γε
2705 540 2755 591 εἰ
2788 540 2846 592 ὲν
2898 542 2966 609 τῇ
3011 539 3171 606 φύσει
3232 536 3482 605 φαίνεταί
3520 555 3577 590 τι

1994 636 2210 703 ἄλογον,
2242 634 2301 686 ὲν
2329 635 2521 700 ἐκείνῳ
2556 634 2589 700 ἡ
2647 630 2885 699 μάλιστα
2919 631 2983 700 δὴ
3008 629 3242 699 τοῦργον
3269 629 3455 696 δρῶσα
3475 627 3585 694 φῦ-

1996 743 2101 788 σις.
2130 725 2195 776 Ἥ
2221 726 2329 793 γὰρ
2364 724 2526 792 φύσις
2558 724 2694 776 Θεοῦ
2731 722 2931 790 θεσμός
2966 723 3104 775 ἐστι.
3124 719 3260 773 Θεοῦ
3289 720 3344 772 δὲ
3379 719 3584 787 Occiae;

1995 819 2093 869 οὐκ
2129 815 2346 882 ἄλογος.
2404 813 2781 883 Ἀριστοτέλης
2809 814 2866 867 δέ
2892 830 2993 882 μοι
3025 812 3176 865 δοκεῖ
3204 810 3312 864 τῶν
3340 810 3449 878 πρὸ
3486 812 3585 861 ab-

1995 906 2088 959 τοῦ
2111 906 2167 958 έν
2192 923 2253 972 γε
2284 906 2399 967 τοῖς
2433 904 2637 973 λόγοις,
2678 903 3050 973 Ἀναξαγόραν
3103 903 3337 973 μάλιστα
3368 902 3580 969 ἐζηλω-

1996 999 2171 1052 κέναι.
2214 996 2449 1059 Ἐκεῖνός
2504 1013 2561 1048 τε
2597 997 2708 1065 γὰρ
2740 995 2879 1051 νοῦν
2912 995 3013 1064 μὲν
3043 997 3155 1056 τοῖς
3188 994 3328 1057 ὅλοις
3353 995 3579 1060 ἐφίστη.

1998 1091 2202 1160 προῖὼν
2247 1089 2303 1142 δὲ
2349 1088 2457 1139 τῶν
2497 1088 2670 1155 λόγων
2717 1088 2777 1140 οὐ
2837 1086 2982 1142 πάνυ
3031 1104 3115 1140 τοι
3148 1087 3397 1153 ἐφαίνετο
3430 1087 3583 1155 αὐτῷ

1997 1182 2300 1251 χρώμενος,
2333 1179 2446 1233 ἀλλ’
2500 1182 2557 1243 ὲς
2592 1179 2857 1248 ἀθεότητα
2889 1178 3093 1248 μᾶλλον
3149 1179 3581 1247 ὑποφερόμενος.

1999 1276 2107 1328 Καὶ
2149 1275 2527 1343 Ἀριστοτέλης
2559 1274 2718 1335 θεοὺς
2761 1273 2861 1341 μέν
2890 1290 3046 1335 τινας
3074 1273 3211 1341 τῷδε
3249 1273 3331 1341 τῷ
3354 1270 3583 1339 οὐρανῷ

1998 1367 2305 1436 ἐφίστησιν,
2346 1367 2403 1419 ὲν
2458 1367 2640 1433 μέντοι
2691 1364 2802 1419 τῶν
2866 1364 3042 1430 λόγων
3070 1362 3237 1416 αὐτοῦ
3290 1364 3398 1421 τοῖς
3434 1362 3587 1412 πλεί-

2000 1474 2146 1518 στοις
2206 1456 2265 1509 οὑ
2304 1458 2443 1510 πάνυ
2479 1473 2561 1508 τοι
2592 1454 2668 1525 τῷ
2699 1455 2827 1525 θείῳ
2850 1454 3130 1524 χρώμενος
3159 1454 3431 1522 φαίνεται,
3468 1453 3583 1505 ἀλλ’

1998 1548 2055 1609 ἐς
2086 1546 2352 1615 ἀθεότητα
2407 1546 2626 1614 μᾶλλον,
2661 1547 2892 1599 καθόσον
2922 1540 3036 1607 οἷός
3069 1545 3132 1596 τέ
3175 1545 3323 1597 ἐστιν
3354 1544 3585 1597 ἀποκὶί-

1999 1656 2123 1692 νων.
2163 1639 2304 1692 Ἀλλ’
2336 1640 2454 1709 οὐχὶ
2486 1636 2710 1691 Πλάτων
2766 1638 2930 1702 οὕτω,
2976 1636 3098 1690 οὔτε
3131 1636 3315 1691 ἄλλοθι
3367 1636 3482 1689 τῶν
3512 1635 3591 1687 λό-

1996 1751 2131 1802 γων,
2191 1732 2305 1785 οὒτ’
2376 1734 2433 1785 έν
2489 1730 2636 1800 αὐτῷ
2682 1730 2856 1800 τούτῳ
2909 1729 3037 1800 περὶ
3088 1728 3149 1782 οὗ
3182 1730 3312 1798 ἡμῖν
3356 1728 3589 1796 ὁλόγος.

2006 1826 2173 1878 ’Δλλά
2202 1825 2294 1878 δύο
2325 1826 2519 1892 τέχνας
2552 1824 2799 1895 διαιρῶν,
2833 1824 2932 1892 τὴν
2960 1823 3060 1891 μὲν
3090 1822 3267 1889 θείαν,
3298 1821 3399 1889 τὴν
3422 1820 3472 1873 δ’
3498 1822 3589 1871 ἀνι

1998 1914 2297 1985 θρωπξνην,
2332 1912 2406 1983 νῷ
2437 1913 2604 1981 ἄμφω
2644 1914 2936 1983 χρωμένω,
3011 1914 3078 1982 τῇ
3124 1911 3224 1981 μὲν
3278 1909 3593 1978 ἀνθρωπίνη

1979 2006 2060 2059 -τδ
2090 2006 2391 2059 σκευαστὸν
2416 2008 2523 2059 πᾶν
2572 2004 2857 2074 ἀπονέμει,
2910 2006 2975 2073 τῇ
3036 2004 3093 2057 δὲ
3139 2003 3283 2074 θείᾳ,
3313 2004 3379 2072 τῇ
3428 2003 3588 2069 φύσει

2006 2098 2182 2150 πάντα
2232 2098 2513 2166 γινόμενα.
2551 2096 2784 2167 "Aptata
2822 2096 2881 2148 δὲ
2936 2096 3030 2148 καὶ
3084 2096 3349 2164 Πίνδαρος
3410 2094 3586 2144 εἰπεῖν

2006 2190 2204 2253 ἔδοξεν,
2241 2192 2627 2261 ἀριστοτέχναν
2654 2191 2744 2243 τὸν
2776 2188 2908 2243 Θεὸν
2945 2189 3282 2259 προσειπὼν.

320 2304 403 2359 tit.
445 2303 644 2357 Eodem
679 2302 839 2354 modo
891 2296 1063 2352 etiam
1110 2292 1430 2348 Aristoteles
1476 2289 1617 2342 Deos
1671 2286 1886 2356 quidem
1929 2285 2144 2355 aliquos
2214 2284 2341 2354 facit
2372 2286 2531 2355 hujus
2556 2286 2678 2339 caeli
2742 2286 3018 2355 pra'sides,
3083 2285 3331 2343 maxima
3407 2285 3585 2338 autem

320 2410 473 2471 parte
505 2414 732 2454 suorum
794 2410 1019 2465 operum
1046 2406 1275 2462 prorsus
1307 2388 1514 2443 nullam
1571 2386 1783 2439 videtur
1845 2380 2150 2435 divinitatis
2206 2359 2526 2435 memoriam
2587 2382 2901 2445 retinuisse,
2940 2384 3031 2437 sed
3093 2382 3160 2435 ad
3215 2382 3361 2436 illam
3405 2382 3584 2450 potius

320 2497 655 2561 Anaxagorae
715 2489 1049 2559 impietatem
1103 2483 1285 2552 quoad
1346 2482 1468 2549 ejus
1530 2478 1643 2531 ﬁeri
1703 2482 1903 2545 potest,
1952 2473 2307 2529 declinasse.
2374 2472 2427 2529 Id
2471 2474 2616 2543 quod
2668 2472 2739 2528 de
2783 2472 3009 2530 Platone
3061 2474 3169 2530 diei
3220 2488 3329 2529 non
3386 2484 3582 2544 potest.

321 2592 500 2658 ipsum
535 2584 731 2639 fecisse
779 2581 861 2635 vel
912 2580 965 2633 in
1003 2577 1127 2631 aliis
1175 2570 1664 2641 disputationibus,
1699 2568 1780 2623 vel
1839 2567 1893 2621 in
1936 2566 2046 2621 hac
2078 2567 2219 2634 ipsa,
2263 2581 2422 2636 quam
2452 2582 2597 2621 nunc
2627 2569 2875 2621 oratione
2902 2576 3220 2622 tractamus.
3285 2565 3379 2621 Ille
3442 2582 3590 2621 nam-

323 2698 430 2755 que
457 2682 595 2736 duas
631 2678 761 2731 facit
791 2684 982 2745 artes,
1030 2686 1197 2728 unam
1268 2669 1489 2737 quidem
1541 2664 1808 2728 divinam,
1883 2665 2113 2717 alteram
2186 2678 2316 2716 vero
2372 2664 2663 2716 humanam
2717 2663 3019 2732 appellans,
3068 2678 3299 2732 quarum
3360 2672 3590 2727 utraque

321 2788 508 2835 mente
536 2775 876 2840 consilioque
908 2778 1094 2825 utatur
1127 2781 1189 2820 ac
1217 2768 1469 2820 humanae
1497 2762 1714 2827 quidem
1740 2774 1904 2814 omne
1943 2759 2210 2815 fartitinm
2242 2774 2381 2828 Opus
2411 2777 2427 2814 :
2481 2761 2681 2814 divinae
2722 2769 2926 2823 autem,
2956 2776 3015 2813 ea
3078 2776 3199 2829 quae
3269 2758 3590 2813 naturaliter

325 2876 481 2942 ﬁunt,
549 2868 832 2927 adscribit.
892 2864 1106 2934 Optime
1160 2868 1343 2916 autem
1404 2856 1566 2912 etiam
1625 2853 1896 2908 Pindarus
1935 2852 2144 2909 dixisse
2195 2856 2426 2920 videtur,
2468 2854 2560 2923 qui
2614 2851 2783 2906 Deum
2849 2853 3355 2921 praestantissimum
3426 2851 3592 2907 artiﬁ-

323 2984 441 3029 cem
473 2967 726 3040 appellat.

924 3056 1077 3113 CAP.
1106 3051 1297 3109 XVIII.

378 3160 640 3215 Transeo
667 3162 845 3207 autem
877 3149 1041 3204 etiam
1078 3148 1143 3200 ad
1178 3143 1308 3197 illud
1330 3140 1473 3212 quod
1508 3141 1562 3195 in
1623 3137 1902 3207 metaphy-

326 3252 457 3308 Siris
526 3246 768 3301 omnium
840 3239 1075 3310 pessime
1134 3234 1290 3289 dixit.
1352 3230 1488 3285 Cum
1551 3230 1699 3283 enim
1759 3230 1907 3279 esset

327 3337 579 3409 quaestio,
619 3344 805 3395 utrum
838 3328 1022 3382 omnia
1057 3321 1371 3379 necessario
1402 3319 1555 3381 ﬁant,
1593 3325 1687 3371 aut
1716 3316 1906 3367 ﬁerent

328 3406 531 3499 aliqua,
556 3440 676 3497 quae
712 3437 817 3477 non
849 3420 1039 3474 ﬁerent
1076 3412 1411 3470 necessario.
1472 3412 1539 3464 Et
1571 3410 1605 3462 ii
1663 3406 1904 3476 quidem,

329 3523 423 3593 qui
456 3512 975 3585 necessarioomnia
1018 3508 1132 3563 ﬁeri
1165 3512 1489 3568 statuerent,
1531 3500 1750 3555 duobus
1784 3510 1909 3565 pro-

328 3590 529 3683 ioquiis
558 3611 935 3664 demonstrare
963 3601 1200 3668 idipsum
1265 3600 1555 3656 conentur,
1591 3590 1732 3642 inter
1787 3597 1909 3652 qua:

332 3679 565 3775 primum
601 3700 835 3762 esthoc,
891 3692 1037 3764 quod
1090 3703 1254 3744 omne
1276 3692 1420 3756 quod
1455 3683 1533 3748 ﬁt,
1601 3681 1670 3734 ab
1727 3679 1909 3745 aliqua

331 3811 495 3852 causa
530 3806 753 3848 necesse
780 3790 850 3843 sit
887 3786 1030 3851 ﬁeri,
1088 3782 1316 3836 alterum
1374 3792 1497 3830 vero
1551 3772 1717 3837 istud,
1766 3768 1909 3840 quod

328 3890 511 3946 omnis
533 3900 699 3943 causa
724 3897 845 3952 quae
877 3878 1086 3949 aliquid
1114 3875 1264 3938 facit,
1292 3872 1532 3940 idipsum
1564 3876 1618 3921 et
1659 3877 1910 3919 necessa-

329 3983 414 4037 rio
442 3991 493 4037 et
522 3988 667 4036 certa
708 3977 964 4043 ﬁnitaque
989 3970 1203 4025 ratione
1234 3966 1417 4030 faciat,
1444 3962 1514 4015 ibi
1547 3974 1678 4014 sane
1700 3957 1911 4010 Aristo-

333 4074 466 4128 teles
494 4087 621 4126 cum
648 4068 876 4128 videret,
910 4064 955 4118 si
994 4062 1104 4117 duo
1153 4059 1267 4113 Inec
1316 4055 1707 4116 concedantur,
1758 4045 1912 4117 sequi

331 4164 713 4225 infallibiliter,
741 4168 800 4214 ut
825 4155 1005 4209 omnia
1028 4167 1149 4222 quae
1183 4152 1315 4203 liunt
1335 4149 1385 4200 in
1409 4160 1585 4200 rerum
1616 4152 1828 4203 natura,
1850 4153 1911 4192 ea

332 4276 402 4317 ex
433 4256 759 4313 necessitate
791 4249 1025 4319 quadam
1059 4242 1496 4315 proﬁciscantur,
1521 4237 1712 4304 ne,hoc
1739 4235 1913 4302 ipsum

336 4349 677 4410 concederet,
711 4344 941 4396 alterum
983 4331 1436 4391 contradictionis
1493 4326 1798 4381 membrum
1826 4335 1916 4375 as-

1930 3063 1979 3124 ο

2597 3038 2853 3093 ΚΕΦᾹΛ.
2892 3039 3001 3091 Iﬂ'.

2077 3132 2311 3202 Μέτειμι
2356 3131 2411 3183 δὲ
2446 3130 2540 3184 καὶ
2590 3132 2677 3184 ἐπ’
2708 3133 2885 3184 ἐκεῖνο
2913 3131 2975 3183 τὸ
3007 3131 3064 3182 ἐν
3111 3133 3176 3201 τῇ
3210 3132 3347 3200 μετά
3388 3133 3458 3186 τὰ
3494 3152 3589 3202 φυ-

2008 3227 2134 3278 σικά
2161 3224 2516 3294 πραγματείᾳ
2549 3224 2769 3277 πάντων
2795 3240 2897 3275 που
2925 3224 3240 3291 φαυλότατα
3273 3225 3587 3292 εἰρημένον.

2011 3320 2204 3381 Ὀντος
2232 3319 2344 3385 γὰρ
2377 3315 2714 3384 ζητήματος,
2743 3314 2952 3383 πότερα
3000 3316 3214 3368 ἅπαντα
3258 3314 3320 3379 ἐξ
3348 3317 3590 3384 ἀνάγκης

2008 3410 2278 3478 γίγνεται,
2315 3408 2347 3475 ἢ
2393 3406 2540 3458 ἔστιν
2570 3405 2604 3458 ἃ.
2649 3407 2742 3458 καὶ
2791 3407 2889 3458 οὐκ
2918 3408 2975 3472 ἐξ
3008 3408 3255 3477 ἀνάγκης
3284 3412 3588 3479 γιγνόμενα

2008 3499 2117 3551 τῶν
2146 3496 2503 3566 γιγνομένων.
2538 3496 2648 3549 Καὶ
2681 3495 2791 3547 τῶν
2830 3497 2887 3562 ἐξ
2919 3498 3164 3567 ἀνάγκης
3199 3498 3420 3551 ἅπαντα
3451 3500 3593 3551 τιθε-

2013 3591 2191 3658 μένων
2218 3589 2499 3655 γίγνεσθαι
2530 3589 2593 3639 ὲκ
2618 3586 2768 3639 δυοῖν
2791 3588 2972 3639 αὐτῶν
3012 3589 3341 3656 ἀξιωμάτων
3373 3590 3586 3643 δεικνὺι

2010 3697 2099 3735 ναι
2122 3682 2497 3750 πειρωμένων,
2543 3681 2658 3741 ἑνὸς
2693 3681 2794 3747 μὲν
2847 3679 2942 3732 τοῦ
3005 3682 3150 3733 ἅπαν
3177 3680 3237 3733 τὸ
3267 3682 3589 3751 γιγνόμενον

2012 3776 2104 3826 ὑπ’
2131 3774 2304 3825 αἰτίου
2332 3772 2477 3834 τινὸς
2506 3772 2801 3837 ἀναγκαῖον
2824 3767 2968 3823 εἶναι
3016 3772 3283 3834 γίνεσθαι,
3320 3773 3514 3840 ἑτέρου
3537 3771 3589 3823 δὲ

2010 3864 2108 3918 τοῦ
2160 3864 2306 3917 ἅπαν
2339 3862 2509 3914 αἴτιον
2559 3861 2586 3913 ὅ
2617 3877 2670 3912 τι
2717 3860 2783 3912 ἂν
2802 3859 2969 3929 δρῴη,
3014 3860 3224 3929 ἀνάγκη
3259 3877 3317 3912 τε
3342 3860 3439 3911 καὶ
3465 3860 3594 3927 ὠρι-

2015 3956 2226 4027 σμένως
2257 3954 2388 4009 αὐτὸ
2428 3955 2583 4024 δρᾷν,
2614 3952 2991 4021 Ἀριστοτέλης
3018 3952 3258 4020 συνορῶν
3288 3951 3388 4022 τὴν
3424 3954 3599 4017 ἀνάτ-

2015 4066 2117 4120 κην
2165 4047 2258 4101 τοῦ
2286 4087 2302 4113 ,
2365 4046 2577 4100 τούτοιν
2634 4044 2927 4112 κειμένοιν,
2974 4044 3190 4098 ἅπαντα
3244 4043 3304 4107 ἐξ
3347 4044 3597 4112 ἀνάγκης

2016 4142 2319 4212 γίγνεσθαι,
2354 4137 2849 4207 συμπεραίνεσθαι,
2882 4136 2973 4190 ἴνα
3006 4135 3079 4205 μὴ
3111 4134 3273 4187 τοῦτο
3309 4137 3592 4205 συγχωρή-

2019 4251 2110 4305 σῃ,
2142 4233 2366 4301 θάτερον
2398 4232 2493 4300 τῆς
2523 4229 2862 4297 ἀντιφάσεως
2886 4231 3072 4297 μόριον
3103 4226 3402 4295 λαμῦάνων
3426 4228 3503 4287 ὡς
3533 4225 3593 4295 δὴ

2014 4324 2270 4394 ἔμπεδον,
2316 4324 2412 4376 καὶ
2442 4321 2607 4383 τιθεὶς
2653 4317 2797 4374 εἶναι
2838 4320 2986 4373 ἐστιν
3028 4318 3063 4373 ἃ
3120 4319 3231 4371 τῶν
3260 4317 3597 4385 γιγνομένων

336 4444 526 4506 sumit,
589 4451 745 4507 quas:
801 4431 934 4487 satis
997 4429 1237 4491 ﬁrmum,
1292 4430 1345 4475 ct
1402 4417 1679 4479 concedit,
1732 4414 1905 4482 aliqua

2019 4420 2113 4470 καὶ
2139 4416 2198 4480 ἐξ
2227 4416 2469 4482 ἀνάγκης
2497 4415 2816 4481 γιγνόμενα,
2854 4411 2995 4465 κατά
3038 4410 3268 4479 θατέρου
3294 4412 3408 4460 τοῖν
3441 4408 3600 4473 ἀξιω-

338 4546 527 4588 eorum
556 4506 678 4599 quae
712 4526 867 4584 ﬁunt,
901 4516 1218 4575 necessario
1249 4512 1391 4576 ﬁeri,
1421 4520 1587 4579 atque
1612 4510 1688 4562 ita
1725 4506 1790 4560 ad
1829 4506 1910 4559 al-

336 4637 513 4681 terum
540 4620 755 4674 axioma
782 4612 1144 4686 progreditur,
1179 4618 1233 4663 et
1268 4607 1400 4661 illud
1464 4606 1706 4675 quidem,
1770 4600 1913 4669 quod

339 4715 520 4772 omnis
544 4725 710 4767 causa
749 4704 1009 4778 quidquid
1064 4702 1157 4756 ilia
1216 4699 1346 4753 facit
1411 4706 1465 4752 et
1513 4694 1821 4749 necessario
1864 4698 1918 4744 et

336 4816 493 4866 certo
520 4804 672 4865 facit,
708 4817 812 4855 non
839 4793 1136 4853 tollit.IIoe
1170 4805 1408 4860 namque
1461 4788 1751 4859 proloquio
1800 4783 1911 4851 jam

331 4913 471 4958 ante
491 4902 695 4954 abusus
718 4894 818 4948 fuit
842 4893 894 4944 in
924 4886 1294 4957 disputatione
1330 4884 1396 4938 de
1428 4881 1764 4950 sempiterno
1797 4890 1918 4930 nio-

344 5003 427 5059 tu,
458 5005 620 5061 quem
661 4986 850 5051 utique
912 4978 1357 5035 manifestissime
1425 4971 1808 5033 subvertisset,
1872 4968 1918 5023 si

331 5085 479 5141 illud
517 5084 619 5137 hoc
653 5080 775 5133 loco
808 5080 1079 5144 negasset.
1104 5070 1347 5125 Deflectit
1376 5068 1543 5137 igitur
1568 5066 1634 5120 ad
1686 5065 1918 5117 alterum

343 5184 399 5230 et
421 5172 674 5238 afﬁrmat,
700 5168 879 5235 aliqua
910 5180 1099 5219 eorum
1123 5177 1242 5230 qua:
1262 5160 1417 5221 ﬁunt,
1449 5159 1565 5211 sine
1591 5170 1755 5211 causa
1781 5154 1918 5217 ﬁeri,

332 5266 541 5322 tollens
583 5264 685 5317 huc
715 5263 875 5316 modo
904 5259 1206 5318 notionem,
1244 5268 1402 5321 quam
1436 5252 1617 5304 nullus
1681 5261 1920 5317 unquam

330 5356 428 5411 vel
458 5354 678 5424 sapiens
743 5352 826 5405 vel
848 5347 1099 5419 plebeius
1146 5360 1243 5414 pro
1310 5343 1519 5395 incerta
1569 5338 1922 5407 ambiguitate

330 5448 556 5509 habuit,
585 5449 966 5513 prmterquam,
1027 5450 1085 5493 ut
1116 5443 1343 5505 apparet
1379 5431 1722 5485 Ariszoteles.
1759 5427 1922 5496 Atqui

338 5538 510 5592 etiam
539 5538 655 5605 ipse
686 5533 1008 5587 Aristoteles
1041 5528 1253 5588 statuit,
1279 5538 1437 5578 omne
1472 5522 1613 5590 quod
1653 5530 1924 5584 movetur,

340 5636 417 5689 ab
445 5634 548 5685 alio
567 5631 789 5684 moveri.
815 5629 927 5697 Ego
960 5641 1086 5680 vero
1110 5626 1210 5678 hoc
1225 5622 1407 5690 ipsum
1432 5616 1643 5671 axioma
1675 5627 1930 5682 quaccun-

341 5738 455 5797 que
486 5722 737 5786 videlicet
769 5725 1079 5783 moventur,
1142 5715 1210 5770 ab
1270 5714 1376 5769 alio
1426 5708 1657 5775 moveri,
1710 5715 1927 5776 propter

2006 4510 2213 4590 primu;
2238 4509 2427 4575 χωρεῖ,
2458 4505 2552 4556 καὶ
2577 4504 2638 4555 τδ
2686 4503 2783 4571 μὲν
2819 4499 2964 4555 ἅπαν
2989 4500 3161 4553 αἴτιον
3190 4502 3217 4552 ὃ
3251 4517 3302 4551 τι
3333 4499 3398 4552 ἂν
3427 4498 3596 4566 δρῴη,

2016 4602 2230 4669 ἀνάγκη
2260 4614 2319 4650 τε
2349 4599 2441 4649 καὶ
2467 4594 2790 4665 ὡρισμένως
2839 4592 2997 4663 δρᾷν,
3029 4591 3130 4643 οὐκ
3183 4590 3420 4658 ἀναιρεῖ.
3462 4588 3595 4655 Ἤδη

2014 4693 2125 4760 γὰρ
2155 4688 2301 4758 αὐτῷ
2329 4687 2537 4755 φθάσας
2569 4682 2978 4752 κατακέχρηται
3030 4682 3089 4733 ἐν
3118 4682 3231 4740 τοῖς
3257 4695 3323 4729 πε
3334 4679 3392 4746 pl.
3424 4677 3592 4729 ἀϊδίου

2019 4783 2282 4850 κινήσεως
2310 4780 2511 4847 λόγοις.
2543 4775 2714 4839 Αὐτὸς
2744 4771 2838 4828 οὖν
2868 4774 2934 4827 ἂν
2966 4772 3132 4825 αὑτὸν
3162 4770 3598 4838 περιφανέστατα

2021 4875 2381 4939 περιέτρεπεν
2414 4871 2461 4921 εἰ
2493 4867 2648 4920 τοῦτο
2680 4865 2872 4935 ἀνῄρει
2892 4880 2908 4895 ο
2943 4864 3083 4916 κατά
3115 4862 3173 4914 δὲ
3199 4861 3264 4929 δὴ
3285 4860 3382 4912 τοῦ
3410 4856 3595 4912 λοιποῦ

2021 4966 2211 5035 χωρεῖ,
2243 4965 2336 5015 καὶ
2365 4962 2505 5028 ἀξιοῖ
2540 4958 2825 5027 γίγνεσθαι
2850 4956 2957 5008 τῶν
2984 4951 3326 5021 γιγνομένων
3356 4951 3481 5003 τινὰ
3509 4948 3599 4999 καὶ

2024 5059 2196 5113 αἰτίου
2232 5059 2421 5125 χωρὶς,
2453 5055 2671 5122 ἀξίωμα
2697 5050 2936 5117 ἀναιρῶν
2966 5048 3143 5101 οὐδενί
3177 5047 3304 5109 ὅτῳ,
3331 5045 3395 5097 οὗ
3428 5040 3591 5109 σοφῷ,

2023 5152 2123 5204 οὐκ
2157 5149 2357 5219 ἰδιώτῃ,
2394 5147 2454 5199 οὐ
2486 5146 2686 5207 παντὸς
2713 5143 2913 5211 μᾶλλον
2944 5140 3175 5209 ἔμπεδον
3220 5133 3361 5189 εἶναι
3392 5135 3598 5195 δοκοῦν,

2026 5245 2166 5313 πλήν
2195 5258 2257 5310 γε
2293 5241 2358 5309 δὴ
2383 5236 2571 5303 αὑτοῦ,
2598 5236 2673 5299 ὡς
2718 5235 2915 5296 ἔοικεν,
2958 5230 3386 5301 Ἀριστοτέλους.
3418 5227 3599 5280 Καίτοι

2026 5335 2185 5395 αὐτὸς
2222 5329 2601 5400 Ἀριστοτέλης
2646 5327 2809 5391 ἀξιοῖ,
2844 5325 2987 5378 am»
3040 5324 3101 5375 τὸ
3131 5319 3454 5388 κινούμενον
3507 5315 3604 5369 ὑπό

2027 5445 2171 5489 τινος
2220 5423 2509 5478 κινεῖσθαι.
2581 5419 2723 5487 Ἐγὼ
2768 5418 2813 5470 δ’
2840 5415 2998 5487 ᾤμην
3031 5416 3123 5466 καὶ
3163 5410 3323 5465 τοῦτο
3357 5408 3403 5463 δ’
3437 5410 3603 5461 έκεῖνο

2032 5518 2236 5588 ἰσχύειν
2275 5514 2491 5586 μᾶλλον,
2520 5511 2553 5579 ἦ
2590 5511 2722 5561 αὐτὸ
2760 5506 2830 5559 δι’
2880 5506 3032 5559 αὑτό.
3083 5504 3237 5556 Ἐπεὶ
3270 5504 3379 5569 γὰρ
3411 5502 3515 5552 πᾶν
3544 5495 3601 5547 τὸ

2030 5606 2347 5677 κινούμενον
2380 5603 2624 5671 γίγνεται
2656 5599 2828 5669 ταύτῃ
2943 5598 3170 5649 κινεῖται
3209 5593 3461 5664 (ἕκαστον
3500 5589 3603 5655 γὰρ

2029 5701 2139 5755 τῶν
2204 5699 2262 5751 ὲν
2315 5693 2394 5766 τῷ
2456 5690 2761 5762 κινουμένῳ
2835 5688 3151 5758 κινημάτων
3210 5683 3428 5755 γένεσίς
3480 5680 3601 5747 τις),
