  <div class='ocr_page' id='page_1' title='image "/cluster/home/n/w/nwhite01/storage/ocr_20150623/160/hvd.32044073502692/464.png"; bbox 0 0 3858 6202; ppageno 0'>
   <div class='ocr_carea' id='block_1_1' title="bbox 318 296 421 356">
    <p class='ocr_par' dir='ltr' id='par_1_1' title="bbox 318 296 421 356">
     <span class='ocr_line' id='line_1_1' title="bbox 318 296 421 356; baseline 0 -1"><span class='ocrx_word' id='word_1_1' title='bbox 318 296 421 356; x_wconf 75' lang='lat'><strong>913</strong></span> 
     </span>
    </p>
   </div>
   <div class='ocr_carea' id='block_1_2' title="bbox 1003 307 2885 382">
    <p class='ocr_par' dir='ltr' id='par_1_2' title="bbox 1003 307 2885 382">
     <span class='ocr_line' id='line_1_2' title="bbox 1003 307 2885 382; baseline 0.007 -14"><span class='ocrx_word' id='word_1_2' title='bbox 1003 307 1099 368; x_wconf 87' lang='lat' dir='ltr'><strong>DE</strong></span> <span class='ocrx_word' id='word_1_3' title='bbox 1141 310 1562 374; x_wconf 80' lang='lat' dir='ltr'><strong>PLATONICA</strong></span> <span class='ocrx_word' id='word_1_4' title='bbox 1607 314 1703 375; x_wconf 83' lang='lat' dir='ltr'><strong>ET</strong></span> <span class='ocrx_word' id='word_1_5' title='bbox 1744 315 2306 378; x_wconf 79' lang='lat' dir='ltr'><strong>ARISTOTELICA</strong></span> <span class='ocrx_word' id='word_1_6' title='bbox 2338 315 2885 382; x_wconf 71' lang='lat' dir='ltr'><strong>PHILOSOPIHM</strong></span> 
     </span>
    </p>
   </div>
   <div class='ocr_carea' id='block_1_3' title="bbox 3440 321 3574 388">
    <p class='ocr_par' dir='ltr' id='par_1_3' title="bbox 3440 321 3574 388">
     <span class='ocr_line' id='line_1_3' title="bbox 3440 321 3574 388; baseline -0.037 0"><span class='ocrx_word' id='word_1_7' title='bbox 3440 321 3574 388; x_wconf 56' lang='lat' dir='ltr'><strong>91L?</strong></span> 
     </span>
    </p>
   </div>
   <div class='ocr_carea' id='block_1_4' title="bbox 304 417 1848 505">
    <p class='ocr_par' dir='ltr' id='par_1_4' title="bbox 304 417 1848 505">
     <span class='ocr_line' id='line_1_4' title="bbox 304 417 1848 505; baseline 0.01 -36"><span class='ocrx_word' id='word_1_8' title='bbox 304 420 452 469; x_wconf 67' lang='grc' dir='ltr'>ᾶπαν</span> <span class='ocrx_word' id='word_1_9' title='bbox 513 417 568 469; x_wconf 86' lang='grc' dir='ltr'>δὲ</span> <span class='ocrx_word' id='word_1_10' title='bbox 626 417 684 471; x_wconf 80' lang='grc' dir='ltr'><strong>τὸ</strong></span> <span class='ocrx_word' id='word_1_11' title='bbox 718 422 1037 490; x_wconf 84' lang='grc' dir='ltr'>γιγνόμενον</span> <span class='ocrx_word' id='word_1_12' title='bbox 1078 427 1169 480; x_wconf 83' lang='grc' dir='ltr'><strong>ὑπ’</strong></span> <span class='ocrx_word' id='word_1_13' title='bbox 1195 429 1369 505; x_wconf 77' lang='grc' dir='ltr'>αἰτίου</span> <span class='ocrx_word' id='word_1_14' title='bbox 1402 432 1545 494; x_wconf 79' lang='grc' dir='ltr'>τινὸς</span> <span class='ocrx_word' id='word_1_15' title='bbox 1605 432 1848 498; x_wconf 84' lang='grc' dir='ltr'>γίγνεται</span> 
     </span>
    </p>
   </div>
   <div class='ocr_carea' id='block_1_5' title="bbox 1955 417 3544 505">
    <p class='ocr_par' dir='ltr' id='par_1_5' title="bbox 1984 428 3544 500">
     <span class='ocr_line' id='line_1_5' title="bbox 1984 428 3544 500; baseline 0.002 -17"><span class='ocrx_word' id='word_1_16' title='bbox 1984 429 2115 483; x_wconf 89' lang='lat' dir='ltr'><strong>illud</strong></span> <span class='ocrx_word' id='word_1_17' title='bbox 2145 428 2374 482; x_wconf 90' lang='lat' dir='ltr'><strong>alterum</strong></span> <span class='ocrx_word' id='word_1_18' title='bbox 2411 428 2593 482; x_wconf 88' lang='lat' dir='ltr'><strong>valere</strong></span> <span class='ocrx_word' id='word_1_19' title='bbox 2624 428 2796 499; x_wconf 73' lang='lat' dir='ltr'><strong>magis</strong></span> <span class='ocrx_word' id='word_1_20' title='bbox 2822 443 2985 497; x_wconf 89' lang='lat' dir='ltr'><strong>quam</strong></span> <span class='ocrx_word' id='word_1_21' title='bbox 3009 428 3181 498; x_wconf 88' lang='lat' dir='ltr'><strong>ipsum</strong></span> <span class='ocrx_word' id='word_1_22' title='bbox 3220 446 3311 500; x_wconf 85' lang='lat' dir='ltr'><strong>per</strong></span> <span class='ocrx_word' id='word_1_23' title='bbox 3339 449 3396 488; x_wconf 89' lang='lat' dir='ltr'><strong>se</strong></span> <span class='ocrx_word' id='word_1_24' title='bbox 3427 436 3544 487; x_wconf 71' lang='lat' dir='ltr'><strong>exi-</strong></span> 
     </span>
    </p>
   </div>
   <div class='ocr_carea' id='block_1_6' title="bbox 308 508 1864 583">
    <p class='ocr_par' dir='ltr' id='par_1_6' title="bbox 308 508 1864 583">
     <span class='ocr_line' id='line_1_6' title="bbox 308 508 1864 583; baseline 0.012 -26"><span class='ocrx_word' id='word_1_25' title='bbox 308 508 398 559; x_wconf 77' lang='grc' dir='ltr'>καὶ</span> <span class='ocrx_word' id='word_1_26' title='bbox 454 508 599 561; x_wconf 81' lang='grc' dir='ltr'>ἀπαν</span> <span class='ocrx_word' id='word_1_27' title='bbox 629 510 689 562; x_wconf 74' lang='grc' dir='ltr'>τὸ</span> <span class='ocrx_word' id='word_1_28' title='bbox 749 512 1067 583; x_wconf 81' lang='grc' dir='ltr'>κινούμενον</span> <span class='ocrx_word' id='word_1_29' title='bbox 1117 519 1221 571; x_wconf 79' lang='grc' dir='ltr'><strong>ὑπό</strong></span> <span class='ocrx_word' id='word_1_30' title='bbox 1250 536 1392 583; x_wconf 86' lang='grc' dir='ltr'>τινος</span> <span class='ocrx_word' id='word_1_31' title='bbox 1425 523 1600 575; x_wconf 79' lang='grc' dir='ltr'><strong>αἰτίου</strong></span> <span class='ocrx_word' id='word_1_32' title='bbox 1662 527 1864 576; x_wconf 83' lang='grc' dir='ltr'><strong>κινοῖτο</strong></span> 
     </span>
    </p>
   </div>
   <div class='ocr_carea' id='block_1_7' title="bbox 301 597 1864 680">
    <p class='ocr_par' dir='ltr' id='par_1_7' title="bbox 301 597 1864 680">
     <span class='ocr_line' id='line_1_7' title="bbox 301 597 1864 680; baseline 0.01 -29"><span class='ocrx_word' id='word_1_33' title='bbox 301 597 385 651; x_wconf 75' lang='grc' dir='ltr'>ἄν.</span> <span class='ocrx_word' id='word_1_34' title='bbox 430 598 488 651; x_wconf 79' lang='grc' dir='ltr'>Ὀ</span> <span class='ocrx_word' id='word_1_35' title='bbox 522 599 578 651; x_wconf 83' lang='grc' dir='ltr'>δὲ</span> <span class='ocrx_word' id='word_1_36' title='bbox 615 602 791 655; x_wconf 77' lang='grc' dir='ltr'>ἐκεῖνο</span> <span class='ocrx_word' id='word_1_37' title='bbox 829 604 1084 676; x_wconf 84' lang='grc' dir='ltr'><strong>ἀναιρῶν,</strong></span> <span class='ocrx_word' id='word_1_38' title='bbox 1120 610 1265 663; x_wconf 83' lang='grc' dir='ltr'>τοῦτ’</span> <span class='ocrx_word' id='word_1_39' title='bbox 1290 610 1527 680; x_wconf 75' lang='grc' dir='ltr'>ἔμπεδον</span> <span class='ocrx_word' id='word_1_40' title='bbox 1562 613 1735 665; x_wconf 77' lang='grc' dir='ltr'>οἴεται</span> <span class='ocrx_word' id='word_1_41' title='bbox 1785 614 1864 667; x_wconf 72' lang='grc' dir='ltr'>ἔτι</span> 
     </span>
    </p>
   </div>
   <div class='ocr_carea' id='block_1_8' title="bbox 300 688 1863 771">
    <p class='ocr_par' dir='ltr' id='par_1_8' title="bbox 300 688 1863 771">
     <span class='ocr_line' id='line_1_8' title="bbox 300 688 1863 771; baseline 0.013 -34"><span class='ocrx_word' id='word_1_42' title='bbox 300 688 478 757; x_wconf 76' lang='grc' dir='ltr'>ἑαυτῷ</span> <span class='ocrx_word' id='word_1_43' title='bbox 511 690 750 747; x_wconf 79' lang='grc' dir='ltr'>ἔσεσθαι.</span> <span class='ocrx_word' id='word_1_44' title='bbox 789 695 899 750; x_wconf 76' lang='grc' dir='ltr'><strong>Καὶ</strong></span> <span class='ocrx_word' id='word_1_45' title='bbox 927 698 989 749; x_wconf 78' lang='grc' dir='ltr'>οὐ</span> <span class='ocrx_word' id='word_1_46' title='bbox 1036 702 1235 770; x_wconf 81' lang='grc' dir='ltr'><strong>συνορᾷ</strong></span> <span class='ocrx_word' id='word_1_47' title='bbox 1277 703 1381 755; x_wconf 78' lang='grc' dir='ltr'>’καὶ</span> <span class='ocrx_word' id='word_1_48' title='bbox 1434 704 1532 771; x_wconf 88' lang='grc' dir='ltr'>τὴν</span> <span class='ocrx_word' id='word_1_49' title='bbox 1591 705 1686 756; x_wconf 86' lang='grc' dir='ltr'>τοῦ</span> <span class='ocrx_word' id='word_1_50' title='bbox 1719 704 1863 758; x_wconf 80' lang='grc' dir='ltr'>θείου</span> 
     </span>
    </p>
   </div>
   <div class='ocr_carea' id='block_1_9' title="bbox 298 779 1860 861">
    <p class='ocr_par' dir='ltr' id='par_1_9' title="bbox 298 779 1860 861">
     <span class='ocr_line' id='line_1_9' title="bbox 298 779 1860 861; baseline 0.011 -31"><span class='ocrx_word' id='word_1_51' title='bbox 298 779 474 843; x_wconf 79' lang='grc' dir='ltr'>δόξαν,</span> <span class='ocrx_word' id='word_1_52' title='bbox 498 779 687 834; x_wconf 76' lang='grc' dir='ltr'>τούτου</span> <span class='ocrx_word' id='word_1_53' title='bbox 718 784 813 837; x_wconf 80' lang='grc' dir='ltr'><strong>τοῦ</strong></span> <span class='ocrx_word' id='word_1_54' title='bbox 844 784 1153 857; x_wconf 83' lang='grc' dir='ltr'>ἀξιώματος</span> <span class='ocrx_word' id='word_1_55' title='bbox 1180 792 1599 861; x_wconf 80' lang='grc' dir='ltr'>ἀναιρουμένου,</span> <span class='ocrx_word' id='word_1_56' title='bbox 1634 794 1860 848; x_wconf 78' lang='grc' dir='ltr'>ἀσθενεο</span> 
     </span>
    </p>
   </div>
   <div class='ocr_carea' id='block_1_10' title="bbox 301 870 1866 955">
    <p class='ocr_par' dir='ltr' id='par_1_10' title="bbox 301 870 1866 955">
     <span class='ocr_line' id='line_1_10' title="bbox 301 870 1866 955; baseline 0.014 -38"><span class='ocrx_word' id='word_1_57' title='bbox 301 870 495 936; x_wconf 84' lang='grc' dir='ltr'>στέραν</span> <span class='ocrx_word' id='word_1_58' title='bbox 521 874 871 942; x_wconf 82' lang='grc' dir='ltr'>γιγνομένην.</span> <span class='ocrx_word' id='word_1_59' title='bbox 891 878 1048 945; x_wconf 84' lang='grc' dir='ltr'>Δῆλοι</span> <span class='ocrx_word' id='word_1_60' title='bbox 1080 882 1188 950; x_wconf 88' lang='grc' dir='ltr'>γάρ</span> <span class='ocrx_word' id='word_1_61' title='bbox 1214 883 1352 935; x_wconf 74' lang='grc' dir='ltr'>εἰσιν</span> <span class='ocrx_word' id='word_1_62' title='bbox 1382 884 1431 935; x_wconf 74' lang='grc' dir='ltr'><strong>οἱ</strong></span> <span class='ocrx_word' id='word_1_63' title='bbox 1473 884 1750 955; x_wconf 78' lang='grc' dir='ltr'>ἄνθρωποι</span> <span class='ocrx_word' id='word_1_64' title='bbox 1777 886 1866 939; x_wconf 81' lang='grc' dir='ltr'><strong>διὰ</strong></span> 
     </span>
    </p>
   </div>
   <div class='ocr_carea' id='block_1_11' title="bbox 297 958 1864 1049">
    <p class='ocr_par' dir='ltr' id='par_1_11' title="bbox 297 958 1864 1049">
     <span class='ocr_line' id='line_1_11' title="bbox 297 958 1864 1049; baseline 0.017 -40"><span class='ocrx_word' id='word_1_65' title='bbox 297 958 484 1011; x_wconf 83' lang='grc' dir='ltr'>τούτου</span> <span class='ocrx_word' id='word_1_66' title='bbox 520 961 613 1014; x_wconf 81' lang='grc' dir='ltr'>τοῦ</span> <span class='ocrx_word' id='word_1_67' title='bbox 646 964 956 1035; x_wconf 80' lang='grc' dir='ltr'>ἀξιώματος</span> <span class='ocrx_word' id='word_1_68' title='bbox 986 972 1082 1038; x_wconf 82' lang='grc' dir='ltr'>τὴν</span> <span class='ocrx_word' id='word_1_69' title='bbox 1108 974 1332 1045; x_wconf 85' lang='grc' dir='ltr'>πρώτην</span> <span class='ocrx_word' id='word_1_70' title='bbox 1364 976 1457 1030; x_wconf 77' lang='grc' dir='ltr'>καὶ</span> <span class='ocrx_word' id='word_1_71' title='bbox 1508 982 1864 1049; x_wconf 84' lang='grc' dir='ltr'>προχειροτά-</span> 
     </span>
    </p>
   </div>
   <div class='ocr_carea' id='block_1_12' title="bbox 293 1051 1863 1141">
    <p class='ocr_par' dir='ltr' id='par_1_12' title="bbox 293 1051 1863 1141">
     <span class='ocr_line' id='line_1_12' title="bbox 293 1051 1863 1141; baseline 0.017 -41"><span class='ocrx_word' id='word_1_72' title='bbox 293 1066 391 1120; x_wconf 87' lang='grc' dir='ltr'><strong>την</strong></span> <span class='ocrx_word' id='word_1_73' title='bbox 419 1051 510 1105; x_wconf 79' lang='grc' dir='ltr'>τοῦ</span> <span class='ocrx_word' id='word_1_74' title='bbox 545 1054 690 1110; x_wconf 82' lang='grc' dir='ltr'>θείου</span> <span class='ocrx_word' id='word_1_75' title='bbox 717 1059 871 1124; x_wconf 80' lang='grc' dir='ltr'>δόξαν</span> <span class='ocrx_word' id='word_1_76' title='bbox 918 1061 1303 1133; x_wconf 75' lang='grc' dir='ltr'>λαμϐάνοντες.</span> <span class='ocrx_word' id='word_1_77' title='bbox 1344 1067 1497 1123; x_wconf 79' lang='grc' dir='ltr'>Ἐπεὶ</span> <span class='ocrx_word' id='word_1_78' title='bbox 1533 1073 1641 1141; x_wconf 86' lang='grc' dir='ltr'>γὰρ</span> <span class='ocrx_word' id='word_1_79' title='bbox 1678 1072 1863 1139; x_wconf 85' lang='grc' dir='ltr'>φαίνε-</span> 
     </span>
    </p>
   </div>
   <div class='ocr_carea' id='block_1_13' title="bbox 290 1141 1861 1232">
    <p class='ocr_par' dir='ltr' id='par_1_13' title="bbox 290 1141 1861 1232">
     <span class='ocr_line' id='line_1_13' title="bbox 290 1141 1861 1232; baseline 0.017 -40"><span class='ocrx_word' id='word_1_80' title='bbox 290 1157 380 1232; x_wconf 88' lang='grc' dir='ltr'><strong>ται</strong></span> <span class='ocrx_word' id='word_1_81' title='bbox 414 1141 561 1197; x_wconf 78' lang='grc' dir='ltr'>ἔστιν</span> <span class='ocrx_word' id='word_1_82' title='bbox 588 1146 624 1199; x_wconf 77' lang='grc' dir='ltr'>ἃ.</span> <span class='ocrx_word' id='word_1_83' title='bbox 677 1148 784 1201; x_wconf 89' lang='grc' dir='ltr'><strong>τῶν</strong></span> <span class='ocrx_word' id='word_1_84' title='bbox 837 1152 894 1226; x_wconf 64' lang='grc' dir='ltr'><strong>έν</strong></span> <span class='ocrx_word' id='word_1_85' title='bbox 922 1152 1055 1223; x_wconf 84' lang='grc' dir='ltr'>τῷδε</span> <span class='ocrx_word' id='word_1_86' title='bbox 1104 1157 1181 1226; x_wconf 83' lang='grc' dir='ltr'><strong>τῷ</strong></span> <span class='ocrx_word' id='word_1_87' title='bbox 1209 1158 1423 1230; x_wconf 80' lang='grc' dir='ltr'>οὖρανῷ</span> <span class='ocrx_word' id='word_1_88' title='bbox 1460 1164 1766 1232; x_wconf 84' lang='grc' dir='ltr'>γιγνόμενα</span> <span class='ocrx_word' id='word_1_89' title='bbox 1801 1166 1861 1219; x_wconf 74' lang='grc' dir='ltr'>οὐ</span> 
     </span>
    </p>
   </div>
   <div class='ocr_carea' id='block_1_14' title="bbox 290 1231 1861 1322">
    <p class='ocr_par' dir='ltr' id='par_1_14' title="bbox 290 1231 1861 1322">
     <span class='ocr_line' id='line_1_14' title="bbox 290 1231 1861 1322; baseline 0.018 -40"><span class='ocrx_word' id='word_1_90' title='bbox 290 1231 389 1322; x_wconf 70' lang='grc' dir='ltr'>τάς</span> <span class='ocrx_word' id='word_1_91' title='bbox 420 1249 481 1300; x_wconf 82' lang='grc' dir='ltr'><strong>γε</strong></span> <span class='ocrx_word' id='word_1_92' title='bbox 521 1237 701 1301; x_wconf 71' lang='grc' dir='ltr'>αἰτίας</span> <span class='ocrx_word' id='word_1_93' title='bbox 751 1242 991 1312; x_wconf 77' lang='grc' dir='ltr'>φανερὰς</span> <span class='ocrx_word' id='word_1_94' title='bbox 1040 1244 1255 1315; x_wconf 78' lang='grc' dir='ltr'>ἔχοντα,</span> <span class='ocrx_word' id='word_1_95' title='bbox 1318 1251 1367 1302; x_wconf 80' lang='grc' dir='ltr'>οἱ</span> <span class='ocrx_word' id='word_1_96' title='bbox 1426 1231 1725 1322; x_wconf 61' lang='grc' dir='ltr'>ἀνθρωττοι,</span> <span class='ocrx_word' id='word_1_97' title='bbox 1767 1258 1861 1310; x_wconf 85' lang='grc' dir='ltr'>ἆτε</span> 
     </span>
    </p>
   </div>
   <div class='ocr_carea' id='block_1_15' title="bbox 289 1320 1861 1411">
    <p class='ocr_par' dir='ltr' id='par_1_15' title="bbox 289 1320 1861 1411">
     <span class='ocr_line' id='line_1_15' title="bbox 289 1320 1861 1411; baseline 0.018 -39"><span class='ocrx_word' id='word_1_98' title='bbox 289 1320 443 1375; x_wconf 75' lang='grc' dir='ltr'>ἅπαν</span> <span class='ocrx_word' id='word_1_99' title='bbox 490 1327 813 1397; x_wconf 87' lang='grc' dir='ltr'>γιγνόμενον</span> <span class='ocrx_word' id='word_1_100' title='bbox 860 1333 952 1386; x_wconf 78' lang='grc' dir='ltr'><strong>ὑπ’</strong></span> <span class='ocrx_word' id='word_1_101' title='bbox 983 1336 1159 1390; x_wconf 87' lang='grc' dir='ltr'>αίτίου</span> <span class='ocrx_word' id='word_1_102' title='bbox 1199 1341 1346 1403; x_wconf 58' lang='grc' dir='ltr'>τινος</span> <span class='ocrx_word' id='word_1_103' title='bbox 1374 1320 1619 1408; x_wconf 81' lang='grc' dir='ltr'>γίνεσθαι</span> <span class='ocrx_word' id='word_1_104' title='bbox 1650 1344 1861 1411; x_wconf 62' lang='grc' dir='ltr'>ἀξιοῦν.</span> 
     </span>
    </p>
   </div>
   <div class='ocr_carea' id='block_1_16' title="bbox 285 1413 1862 1499">
    <p class='ocr_par' dir='ltr' id='par_1_16' title="bbox 285 1413 1862 1499">
     <span class='ocr_line' id='line_1_16' title="bbox 285 1413 1862 1499; baseline 0.018 -39"><span class='ocrx_word' id='word_1_105' title='bbox 285 1427 401 1477; x_wconf 84' lang='grc' dir='ltr'>τες,</span> <span class='ocrx_word' id='word_1_106' title='bbox 431 1413 522 1465; x_wconf 76' lang='grc' dir='ltr'><strong>ἐπὶ</strong></span> <span class='ocrx_word' id='word_1_107' title='bbox 549 1414 645 1484; x_wconf 83' lang='grc' dir='ltr'>τὴν</span> <span class='ocrx_word' id='word_1_108' title='bbox 675 1418 769 1471; x_wconf 81' lang='grc' dir='ltr'>τοῦ</span> <span class='ocrx_word' id='word_1_109' title='bbox 796 1420 939 1474; x_wconf 85' lang='grc' dir='ltr'>θείου</span> <span class='ocrx_word' id='word_1_110' title='bbox 960 1423 1114 1489; x_wconf 77' lang='grc' dir='ltr'>δόξαν</span> <span class='ocrx_word' id='word_1_111' title='bbox 1130 1429 1509 1499; x_wconf 82' lang='grc' dir='ltr'>ἀναφέρονται.</span> <span class='ocrx_word' id='word_1_112' title='bbox 1533 1434 1678 1486; x_wconf 85' lang='grc' dir='ltr'>Ἔδει</span> <span class='ocrx_word' id='word_1_113' title='bbox 1707 1435 1751 1489; x_wconf 83' lang='grc' dir='ltr'>δ’</span> <span class='ocrx_word' id='word_1_114' title='bbox 1777 1437 1862 1487; x_wconf 80' lang='grc' dir='ltr'><strong>ὲν-</strong></span> 
     </span>
    </p>
   </div>
   <div class='ocr_carea' id='block_1_17' title="bbox 283 1500 1860 1591">
    <p class='ocr_par' dir='ltr' id='par_1_17' title="bbox 283 1500 1860 1591">
     <span class='ocr_line' id='line_1_17' title="bbox 283 1500 1860 1591; baseline 0.018 -39"><span class='ocrx_word' id='word_1_115' title='bbox 283 1500 563 1565; x_wconf 81' lang='grc' dir='ltr'>δείξασθαι</span> <span class='ocrx_word' id='word_1_116' title='bbox 609 1508 980 1584; x_wconf 81' lang='grc' dir='ltr'><strong>Ἀριστοτέλη,</strong></span> <span class='ocrx_word' id='word_1_117' title='bbox 1010 1518 1105 1569; x_wconf 79' lang='grc' dir='ltr'><strong>καὶ</strong></span> <span class='ocrx_word' id='word_1_118' title='bbox 1135 1518 1185 1570; x_wconf 90' lang='grc' dir='ltr'><strong>τί</strong></span> <span class='ocrx_word' id='word_1_119' title='bbox 1218 1537 1347 1573; x_wconf 85' lang='grc' dir='ltr'>ποτε</span> <span class='ocrx_word' id='word_1_120' title='bbox 1378 1523 1484 1591; x_wconf 82' lang='grc' dir='ltr'>ἄρα</span> <span class='ocrx_word' id='word_1_121' title='bbox 1517 1526 1663 1579; x_wconf 72' lang='grc' dir='ltr'>ἐστὶν</span> <span class='ocrx_word' id='word_1_122' title='bbox 1687 1528 1860 1580; x_wconf 78' lang='grc' dir='ltr'>ἐκεῖνο</span> 
     </span>
    </p>
   </div>
   <div class='ocr_carea' id='block_1_18' title="bbox 281 1591 1860 1679">
    <p class='ocr_par' dir='ltr' id='par_1_18' title="bbox 281 1591 1860 1679">
     <span class='ocr_line' id='line_1_18' title="bbox 281 1591 1860 1679; baseline 0.017 -37"><span class='ocrx_word' id='word_1_123' title='bbox 281 1591 349 1642; x_wconf 78' lang='grc' dir='ltr'><strong>τὸ</strong></span> <span class='ocrx_word' id='word_1_124' title='bbox 379 1592 508 1646; x_wconf 77' lang='grc' dir='ltr'>ἄνευ</span> <span class='ocrx_word' id='word_1_125' title='bbox 539 1597 712 1650; x_wconf 86' lang='grc' dir='ltr'>αίτίου</span> <span class='ocrx_word' id='word_1_126' title='bbox 739 1601 1082 1670; x_wconf 86' lang='grc' dir='ltr'>γιγνόμενον,</span> <span class='ocrx_word' id='word_1_127' title='bbox 1115 1608 1210 1659; x_wconf 75' lang='grc' dir='ltr'><strong>καὶ</strong></span> <span class='ocrx_word' id='word_1_128' title='bbox 1230 1610 1323 1679; x_wconf 54' lang='grc' dir='ltr'>μὴ</span> <span class='ocrx_word' id='word_1_129' title='bbox 1367 1611 1556 1676; x_wconf 83' lang='grc' dir='ltr'>ἀπλῶς</span> <span class='ocrx_word' id='word_1_130' title='bbox 1578 1612 1751 1676; x_wconf 80' lang='grc' dir='ltr'>οὕτως</span> <span class='ocrx_word' id='word_1_131' title='bbox 1783 1617 1860 1668; x_wconf 86' lang='grc' dir='ltr'>εί-</span> 
     </span>
    </p>
   </div>
   <div class='ocr_carea' id='block_1_19' title="bbox 282 1682 1858 1766">
    <p class='ocr_par' dir='ltr' id='par_1_19' title="bbox 282 1682 1858 1766">
     <span class='ocr_line' id='line_1_19' title="bbox 282 1682 1858 1766; baseline 0.016 -34"><span class='ocrx_word' id='word_1_132' title='bbox 282 1682 430 1735; x_wconf 80' lang='grc' dir='ltr'>πείν.</span> <span class='ocrx_word' id='word_1_133' title='bbox 476 1684 616 1737; x_wconf 85' lang='grc' dir='ltr'>Ἀλλ’</span> <span class='ocrx_word' id='word_1_134' title='bbox 650 1688 767 1757; x_wconf 83' lang='grc' dir='ltr'><strong>ὲρεί</strong></span> <span class='ocrx_word' id='word_1_135' title='bbox 821 1708 904 1756; x_wconf 88' lang='grc' dir='ltr'><strong>τις</strong></span> <span class='ocrx_word' id='word_1_136' title='bbox 946 1692 1075 1755; x_wconf 81' lang='grc' dir='ltr'>τσως</span> <span class='ocrx_word' id='word_1_137' title='bbox 1105 1698 1164 1749; x_wconf 82' lang='grc' dir='ltr'>τὸ</span> <span class='ocrx_word' id='word_1_138' title='bbox 1197 1696 1567 1766; x_wconf 79' lang='grc' dir='ltr'>βουλεύεσθαι,</span> <span class='ocrx_word' id='word_1_139' title='bbox 1604 1702 1743 1757; x_wconf 75' lang='grc' dir='ltr'>οὕτω</span> <span class='ocrx_word' id='word_1_140' title='bbox 1767 1706 1858 1758; x_wconf 78' lang='grc' dir='ltr'>καὶ</span> 
     </span>
    </p>
   </div>
   <div class='ocr_carea' id='block_1_20' title="bbox 280 1770 1851 1859">
    <p class='ocr_par' dir='ltr' id='par_1_20' title="bbox 280 1770 1851 1859">
     <span class='ocr_line' id='line_1_20' title="bbox 280 1770 1851 1859; baseline 0.017 -38"><span class='ocrx_word' id='word_1_141' title='bbox 280 1770 456 1824; x_wconf 82' lang='grc' dir='ltr'>αὐτοῦ</span> <span class='ocrx_word' id='word_1_142' title='bbox 500 1776 908 1844; x_wconf 82' lang='grc' dir='ltr'>Ἀριστοτέλους</span> <span class='ocrx_word' id='word_1_143' title='bbox 958 1783 1016 1834; x_wconf 84' lang='grc' dir='ltr'>ὲν</span> <span class='ocrx_word' id='word_1_144' title='bbox 1044 1785 1159 1847; x_wconf 83' lang='grc' dir='ltr'>τοῖς</span> <span class='ocrx_word' id='word_1_145' title='bbox 1194 1788 1323 1855; x_wconf 73' lang='grc' dir='ltr'>περὶ</span> <span class='ocrx_word' id='word_1_146' title='bbox 1348 1788 1643 1859; x_wconf 81' lang='grc' dir='ltr'>ἑρμηνείας</span> <span class='ocrx_word' id='word_1_147' title='bbox 1688 1793 1851 1846; x_wconf 80' lang='grc' dir='ltr'>αὐτοῦ</span> 
     </span>
    </p>
   </div>
   <div class='ocr_carea' id='block_1_21' title="bbox 281 1862 1851 1953">
    <p class='ocr_par' dir='ltr' id='par_1_21' title="bbox 281 1862 1851 1953">
     <span class='ocr_line' id='line_1_21' title="bbox 281 1862 1851 1953; baseline 0.017 -42"><span class='ocrx_word' id='word_1_148' title='bbox 281 1862 509 1953; x_wconf 68' lang='grc' dir='ltr'>βιϐλίοις</span> <span class='ocrx_word' id='word_1_149' title='bbox 539 1866 1126 1945; x_wconf 84' lang='grc' dir='ltr'>φάσκοντος.’ορῶμεν</span> <span class='ocrx_word' id='word_1_150' title='bbox 1148 1875 1257 1946; x_wconf 83' lang='grc' dir='ltr'><strong>γὰρ</strong></span> <span class='ocrx_word' id='word_1_151' title='bbox 1288 1878 1364 1941; x_wconf 87' lang='grc' dir='ltr'><strong>ὡς</strong></span> <span class='ocrx_word' id='word_1_152' title='bbox 1399 1879 1545 1935; x_wconf 74' lang='grc' dir='ltr'>εστιν</span> <span class='ocrx_word' id='word_1_153' title='bbox 1574 1883 1718 1953; x_wconf 77' lang='grc' dir='ltr'>ἀρχὴ</span> <span class='ocrx_word' id='word_1_154' title='bbox 1743 1884 1851 1937; x_wconf 84' lang='grc' dir='ltr'><strong>τῶν</strong></span> 
     </span>
    </p>
   </div>
   <div class='ocr_carea' id='block_1_22' title="bbox 278 1950 1850 2032">
    <p class='ocr_par' dir='ltr' id='par_1_22' title="bbox 278 1950 1850 2032">
     <span class='ocr_line' id='line_1_22' title="bbox 278 1950 1850 2032; baseline 0.016 -31"><span class='ocrx_word' id='word_1_155' title='bbox 278 1950 560 2019; x_wconf 81' lang='grc' dir='ltr'>ἐσομένων</span> <span class='ocrx_word' id='word_1_156' title='bbox 614 1956 706 2009; x_wconf 76' lang='grc' dir='ltr'><strong>καὶ</strong></span> <span class='ocrx_word' id='word_1_157' title='bbox 755 1958 864 2011; x_wconf 78' lang='grc' dir='ltr'>ἀπὸ</span> <span class='ocrx_word' id='word_1_158' title='bbox 909 1960 1006 2016; x_wconf 74' lang='grc' dir='ltr'><strong>τοῦ</strong></span> <span class='ocrx_word' id='word_1_159' title='bbox 1063 1962 1413 2032; x_wconf 81' lang='grc' dir='ltr'>βουλεύεσθαι</span> <span class='ocrx_word' id='word_1_160' title='bbox 1470 1969 1566 2022; x_wconf 75' lang='grc' dir='ltr'>καὶ</span> <span class='ocrx_word' id='word_1_161' title='bbox 1756 1972 1850 2026; x_wconf 79' lang='grc' dir='ltr'><strong>τοῦ</strong></span> 
     </span>
    </p>
   </div>
   <div class='ocr_carea' id='block_1_23' title="bbox 278 2042 1881 2137">
    <p class='ocr_par' dir='ltr' id='par_1_23' title="bbox 278 2042 1881 2137">
     <span class='ocr_line' id='line_1_23' title="bbox 278 2042 1881 2137; baseline 0.019 -46"><span class='ocrx_word' id='word_1_162' title='bbox 278 2042 490 2137; x_wconf 68' lang='grc' dir='ltr'>πρᾶξαί</span> <span class='ocrx_word' id='word_1_163' title='bbox 518 2062 592 2100; x_wconf 89' lang='grc' dir='ltr'><strong>τι.</strong></span> <span class='ocrx_word' id='word_1_164' title='bbox 641 2046 817 2113; x_wconf 75' lang='grc' dir='ltr'>Ἀλλὰ,</span> <span class='ocrx_word' id='word_1_165' title='bbox 857 2052 958 2105; x_wconf 85' lang='grc' dir='ltr'><strong>κάν</strong></span> <span class='ocrx_word' id='word_1_166' title='bbox 989 2053 1166 2126; x_wconf 83' lang='grc' dir='ltr'>τούτῳ</span> <span class='ocrx_word' id='word_1_167' title='bbox 1193 2056 1446 2126; x_wconf 80' lang='grc' dir='ltr'>ψεύδεται</span> <span class='ocrx_word' id='word_1_168' title='bbox 1497 2063 1811 2131; x_wconf 78' lang='grc' dir='ltr'>περιφανῶς</span> <span class='ocrx_word' id='word_1_169' title='bbox 1831 2080 1881 2137; x_wconf 59' lang='grc' dir='ltr'>’,η</span> 
     </span>
    </p>
   </div>
   <div class='ocr_carea' id='block_1_24' title="bbox 275 2131 1851 2223">
    <p class='ocr_par' dir='ltr' id='par_1_24' title="bbox 275 2131 1851 2223">
     <span class='ocr_line' id='line_1_24' title="bbox 275 2131 1851 2223; baseline 0.016 -38"><span class='ocrx_word' id='word_1_170' title='bbox 275 2131 344 2185; x_wconf 84' lang='grc' dir='ltr'>οὐ</span> <span class='ocrx_word' id='word_1_171' title='bbox 368 2135 475 2204; x_wconf 80' lang='grc' dir='ltr'>γὰρ</span> <span class='ocrx_word' id='word_1_172' title='bbox 503 2137 645 2209; x_wconf 82' lang='grc' dir='ltr'>ἀρχὴ</span> <span class='ocrx_word' id='word_1_173' title='bbox 672 2141 734 2192; x_wconf 81' lang='grc' dir='ltr'>τὸ</span> <span class='ocrx_word' id='word_1_174' title='bbox 765 2140 1116 2210; x_wconf 80' lang='grc' dir='ltr'>βουλεύεσθαι</span> <span class='ocrx_word' id='word_1_175' title='bbox 1155 2149 1262 2203; x_wconf 86' lang='grc' dir='ltr'><strong>τῶν</strong></span> <span class='ocrx_word' id='word_1_176' title='bbox 1294 2152 1590 2223; x_wconf 76' lang='grc' dir='ltr'>ἐσομένων,</span> <span class='ocrx_word' id='word_1_177' title='bbox 1619 2154 1736 2209; x_wconf 79' lang='grc' dir='ltr'>ἀλλ’</span> <span class='ocrx_word' id='word_1_178' title='bbox 1768 2159 1851 2211; x_wconf 69' lang='lat' dir='ltr'><strong>ai-</strong></span> 
     </span>
    </p>
   </div>
   <div class='ocr_carea' id='block_1_25' title="bbox 273 2227 1851 2315">
    <p class='ocr_par' dir='ltr' id='par_1_25' title="bbox 273 2227 1851 2315">
     <span class='ocr_line' id='line_1_25' title="bbox 273 2227 1851 2315; baseline 0.018 -42"><span class='ocrx_word' id='word_1_179' title='bbox 273 2239 396 2315; x_wconf 77' lang='grc' dir='ltr'>τιον</span> <span class='ocrx_word' id='word_1_180' title='bbox 427 2227 525 2293; x_wconf 83' lang='grc' dir='ltr'><strong>μέν</strong></span> <span class='ocrx_word' id='word_1_181' title='bbox 558 2246 660 2281; x_wconf 85' lang='grc' dir='ltr'><strong>που</strong></span> <span class='ocrx_word' id='word_1_182' title='bbox 693 2229 839 2285; x_wconf 79' lang='grc' dir='ltr'>ἐστιν</span> <span class='ocrx_word' id='word_1_183' title='bbox 867 2228 961 2299; x_wconf 80' lang='grc' dir='ltr'>ὧν,</span> <span class='ocrx_word' id='word_1_184' title='bbox 997 2236 1143 2310; x_wconf 77' lang='grc' dir='ltr'>ἀρχὴ</span> <span class='ocrx_word' id='word_1_185' title='bbox 1173 2240 1218 2306; x_wconf 85' lang='grc' dir='ltr'>δ’</span> <span class='ocrx_word' id='word_1_186' title='bbox 1258 2241 1325 2295; x_wconf 80' lang='grc' dir='ltr'>ἂν</span> <span class='ocrx_word' id='word_1_187' title='bbox 1351 2244 1485 2297; x_wconf 85' lang='grc' dir='ltr'>αὐτὸ</span> <span class='ocrx_word' id='word_1_188' title='bbox 1512 2246 1571 2299; x_wconf 80' lang='grc' dir='ltr'>τὸ</span> <span class='ocrx_word' id='word_1_189' title='bbox 1601 2245 1851 2315; x_wconf 81' lang='grc' dir='ltr'>βουλεύε-</span> 
     </span>
    </p>
   </div>
   <div class='ocr_carea' id='block_1_26' title="bbox 275 2314 1849 2409">
    <p class='ocr_par' dir='ltr' id='par_1_26' title="bbox 275 2314 1849 2409">
     <span class='ocr_line' id='line_1_26' title="bbox 275 2314 1849 2409; baseline 0.018 -43"><span class='ocrx_word' id='word_1_190' title='bbox 275 2314 491 2409; x_wconf 28' lang='grc' dir='ltr'>σθαιῌοό</span> <span class='ocrx_word' id='word_1_191' title='bbox 518 2324 658 2374; x_wconf 71' lang='grc' dir='ltr'>πάνυ</span> <span class='ocrx_word' id='word_1_192' title='bbox 697 2340 800 2387; x_wconf 91' lang='grc' dir='ltr'>τοι,</span> <span class='ocrx_word' id='word_1_193' title='bbox 836 2331 1178 2397; x_wconf 84' lang='grc' dir='ltr'>φαινομένων</span> <span class='ocrx_word' id='word_1_194' title='bbox 1206 2335 1303 2387; x_wconf 81' lang='grc' dir='ltr'>καὶ</span> <span class='ocrx_word' id='word_1_195' title='bbox 1337 2336 1527 2390; x_wconf 81' lang='grc' dir='ltr'>τούτου</span> <span class='ocrx_word' id='word_1_196' title='bbox 1568 2314 1849 2409; x_wconf 74' lang='grc' dir='ltr'>ττροτέρων</span> 
     </span>
    </p>
   </div>
   <div class='ocr_carea' id='block_1_27' title="bbox 270 2407 1848 2502">
    <p class='ocr_par' dir='ltr' id='par_1_27' title="bbox 270 2407 1848 2502">
     <span class='ocr_line' id='line_1_27' title="bbox 270 2407 1848 2502; baseline 0.018 -44"><span class='ocrx_word' id='word_1_197' title='bbox 270 2407 487 2502; x_wconf 71' lang='grc' dir='ltr'>αίτιῷν,</span> <span class='ocrx_word' id='word_1_198' title='bbox 519 2411 627 2463; x_wconf 84' lang='grc' dir='ltr'>τῶν</span> <span class='ocrx_word' id='word_1_199' title='bbox 673 2421 1109 2487; x_wconf 83' lang='grc' dir='ltr'>περιισταμένων</span> <span class='ocrx_word' id='word_1_200' title='bbox 1135 2425 1282 2495; x_wconf 81' lang='grc' dir='ltr'>ἡμᾶς</span> <span class='ocrx_word' id='word_1_201' title='bbox 1314 2407 1677 2499; x_wconf 83' lang='grc' dir='ltr'>πραγμάτων.</span> <span class='ocrx_word' id='word_1_202' title='bbox 1702 2407 1848 2502; x_wconf 63' lang='grc' dir='ltr'>Δῆλα</span> 
     </span>
    </p>
   </div>
   <div class='ocr_carea' id='block_1_28' title="bbox 269 2498 1847 2588">
    <p class='ocr_par' dir='ltr' id='par_1_28' title="bbox 269 2498 1847 2588">
     <span class='ocr_line' id='line_1_28' title="bbox 269 2498 1847 2588; baseline 0.017 -38"><span class='ocrx_word' id='word_1_203' title='bbox 269 2498 386 2568; x_wconf 73' lang='grc' dir='ltr'><strong>γὰρ</strong></span> <span class='ocrx_word' id='word_1_204' title='bbox 411 2500 496 2569; x_wconf 79' lang='grc' dir='ltr'>δὴ,</span> <span class='ocrx_word' id='word_1_205' title='bbox 520 2503 601 2555; x_wconf 82' lang='grc' dir='ltr'>ὅτι</span> <span class='ocrx_word' id='word_1_206' title='bbox 629 2506 704 2574; x_wconf 82' lang='grc' dir='ltr'>μὴ</span> <span class='ocrx_word' id='word_1_207' title='bbox 732 2510 1105 2575; x_wconf 82' lang='grc' dir='ltr'>περιστάντων</span> <span class='ocrx_word' id='word_1_208' title='bbox 1132 2515 1279 2585; x_wconf 77' lang='grc' dir='ltr'>ἡμᾶς</span> <span class='ocrx_word' id='word_1_209' title='bbox 1302 2498 1645 2588; x_wconf 78' lang='grc' dir='ltr'>πραγμάτων</span> <span class='ocrx_word' id='word_1_210' title='bbox 1672 2498 1847 2577; x_wconf 85' lang='grc' dir='ltr'>τοιού-</span> 
     </span>
    </p>
   </div>
   <div class='ocr_carea' id='block_1_29' title="bbox 270 2594 1847 2684">
    <p class='ocr_par' dir='ltr' id='par_1_29' title="bbox 270 2594 1847 2684">
     <span class='ocr_line' id='line_1_29' title="bbox 270 2594 1847 2684; baseline 0.018 -44"><span class='ocrx_word' id='word_1_211' title='bbox 270 2607 387 2643; x_wconf 82' lang='grc' dir='ltr'><strong>των</strong></span> <span class='ocrx_word' id='word_1_212' title='bbox 420 2594 603 2659; x_wconf 78' lang='grc' dir='ltr'>τινῶν,</span> <span class='ocrx_word' id='word_1_213' title='bbox 658 2598 783 2650; x_wconf 80' lang='grc' dir='ltr'>οἴων</span> <span class='ocrx_word' id='word_1_214' title='bbox 810 2599 966 2667; x_wconf 83' lang='grc' dir='ltr'>δόξαν</span> <span class='ocrx_word' id='word_1_215' title='bbox 1003 2604 1137 2674; x_wconf 81' lang='grc' dir='ltr'>ἡμῖν</span> <span class='ocrx_word' id='word_1_216' title='bbox 1160 2606 1234 2670; x_wconf 84' lang='grc' dir='ltr'><strong>ὡς</strong></span> <span class='ocrx_word' id='word_1_217' title='bbox 1275 2607 1565 2677; x_wconf 81' lang='grc' dir='ltr'>βουλευτέα</span> <span class='ocrx_word' id='word_1_218' title='bbox 1598 2613 1686 2684; x_wconf 73' lang='grc' dir='ltr'>εἴη</span> <span class='ocrx_word' id='word_1_219' title='bbox 1740 2633 1847 2668; x_wconf 80' lang='grc' dir='ltr'><strong>πα·-</strong></span> 
     </span>
    </p>
   </div>
   <div class='ocr_carea' id='block_1_30' title="bbox 276 2685 1845 2773">
    <p class='ocr_par' dir='ltr' id='par_1_30' title="bbox 276 2685 1845 2773">
     <span class='ocr_line' id='line_1_30' title="bbox 276 2685 1845 2773; baseline 0.017 -39"><span class='ocrx_word' id='word_1_220' title='bbox 276 2685 567 2753; x_wconf 75' lang='grc' dir='ltr'>ρασιῆσαι,</span> <span class='ocrx_word' id='word_1_221' title='bbox 606 2689 716 2741; x_wconf 78' lang='grc' dir='ltr'>οὐδ’</span> <span class='ocrx_word' id='word_1_222' title='bbox 747 2692 812 2743; x_wconf 83' lang='grc' dir='ltr'>ἂν</span> <span class='ocrx_word' id='word_1_223' title='bbox 844 2694 1297 2767; x_wconf 75' lang='grc' dir='ltr'>βουλευσαίμεθα.</span> <span class='ocrx_word' id='word_1_224' title='bbox 1335 2700 1493 2757; x_wconf 86' lang='grc' dir='ltr'><strong>Ἀλλά</strong></span> <span class='ocrx_word' id='word_1_225' title='bbox 1540 2704 1697 2757; x_wconf 83' lang='grc' dir='ltr'>τοῦτο</span> <span class='ocrx_word' id='word_1_226' title='bbox 1745 2707 1845 2773; x_wconf 85' lang='grc' dir='ltr'>μὲν</span> 
     </span>
    </p>
   </div>
   <div class='ocr_carea' id='block_1_31' title="bbox 269 2777 1842 2853">
    <p class='ocr_par' dir='ltr' id='par_1_31' title="bbox 269 2777 1842 2853">
     <span class='ocr_line' id='line_1_31' title="bbox 269 2777 1842 2853; baseline 0.017 -27"><span class='ocrx_word' id='word_1_227' title='bbox 269 2777 423 2843; x_wconf 84' lang='grc' dir='ltr'>αὐτῴ</span> <span class='ocrx_word' id='word_1_228' title='bbox 446 2780 708 2837; x_wconf 79' lang='grc' dir='ltr'>τοιοῦτον.</span> <span class='ocrx_word' id='word_1_229' title='bbox 746 2784 912 2853; x_wconf 85' lang='grc' dir='ltr'><strong>Ἢμῖν</strong></span> <span class='ocrx_word' id='word_1_230' title='bbox 940 2788 996 2841; x_wconf 79' lang='grc' dir='ltr'>δὲ</span> <span class='ocrx_word' id='word_1_231' title='bbox 1037 2790 1276 2845; x_wconf 84' lang='grc' dir='ltr'>δεικτέον</span> <span class='ocrx_word' id='word_1_232' title='bbox 1302 2796 1394 2848; x_wconf 85' lang='grc' dir='ltr'>καὶ</span> <span class='ocrx_word' id='word_1_233' title='bbox 1444 2798 1503 2849; x_wconf 81' lang='grc' dir='ltr'>ὲν</span> <span class='ocrx_word' id='word_1_234' title='bbox 1531 2798 1724 2851; x_wconf 83' lang='grc' dir='ltr'>τούτου</span> <span class='ocrx_word' id='word_1_235' title='bbox 1750 2799 1842 2852; x_wconf 76' lang='grc' dir='ltr'>τοῦ</span> 
     </span>
    </p>
   </div>
   <div class='ocr_carea' id='block_1_32' title="bbox 263 2867 1842 2962">
    <p class='ocr_par' dir='ltr' id='par_1_32' title="bbox 263 2867 1842 2962">
     <span class='ocr_line' id='line_1_32' title="bbox 263 2867 1842 2962; baseline 0.016 -43"><span class='ocrx_word' id='word_1_236' title='bbox 263 2867 585 2962; x_wconf 68' lang='grc' dir='ltr'>ἀξιώματος</span> <span class='ocrx_word' id='word_1_237' title='bbox 764 2877 1038 2947; x_wconf 78' lang='grc' dir='ltr'>ἀναιρέσει</span> <span class='ocrx_word' id='word_1_238' title='bbox 1101 2880 1444 2955; x_wconf 81' lang='grc' dir='ltr'>Ἀριστοτέλη</span> <span class='ocrx_word' id='word_1_239' title='bbox 1498 2887 1649 2941; x_wconf 79' lang='grc' dir='ltr'>οὐδὲν</span> <span class='ocrx_word' id='word_1_240' title='bbox 1681 2883 1842 2962; x_wconf 85' lang='grc' dir='ltr'>ἦττον</span> 
     </span>
    </p>
   </div>
   <div class='ocr_carea' id='block_1_33' title="bbox 270 2958 1841 3047">
    <p class='ocr_par' dir='ltr' id='par_1_33' title="bbox 270 2958 1841 3047">
     <span class='ocr_line' id='line_1_33' title="bbox 270 2958 1841 3047; baseline 0.015 -39"><span class='ocrx_word' id='word_1_241' title='bbox 270 2958 435 3011; x_wconf 68' lang='grc' dir='ltr'>αὐτὸν</span> <span class='ocrx_word' id='word_1_242' title='bbox 472 2959 563 3028; x_wconf 75' lang='grc' dir='ltr'><strong>ὑφ’</strong></span> <span class='ocrx_word' id='word_1_243' title='bbox 594 2961 761 3018; x_wconf 78' lang='grc' dir='ltr'>αὑτοῦ</span> <span class='ocrx_word' id='word_1_244' title='bbox 818 2968 1309 3037; x_wconf 82' lang='grc' dir='ltr'>περιτρεπόμενον.</span> <span class='ocrx_word' id='word_1_245' title='bbox 1368 2975 1638 3043; x_wconf 81' lang='grc' dir='ltr'>Οὐδεμίαν</span> <span class='ocrx_word' id='word_1_246' title='bbox 1691 2958 1841 3047; x_wconf 67' lang='grc' dir='ltr'><strong>ἐνέρ-</strong></span> 
     </span>
    </p>
   </div>
   <div class='ocr_carea' id='block_1_34' title="bbox 267 3052 1912 3158">
    <p class='ocr_par' dir='ltr' id='par_1_34' title="bbox 267 3052 1912 3158">
     <span class='ocr_line' id='line_1_34' title="bbox 267 3052 1912 3158; baseline 0.015 -58"><span class='ocrx_word' id='word_1_247' title='bbox 267 3066 427 3158; x_wconf 62' lang='grc' dir='ltr'>γειαν</span> <span class='ocrx_word' id='word_1_248' title='bbox 452 3052 517 3158; x_wconf 44' lang='grc' dir='ltr'>ἔκ</span> <span class='ocrx_word' id='word_1_249' title='bbox 548 3052 826 3158; x_wconf 64' lang='grc' dir='ltr'>δυνάμεως</span> <span class='ocrx_word' id='word_1_250' title='bbox 861 3061 1216 3127; x_wconf 72' lang='grc' dir='ltr'>μεταϐάλλειν</span> <span class='ocrx_word' id='word_1_251' title='bbox 1269 3065 1647 3139; x_wconf 77' lang='grc' dir='ltr'>Ἀριστοτέλης</span> <span class='ocrx_word' id='word_1_252' title='bbox 1669 3071 1834 3136; x_wconf 80' lang='grc' dir='ltr'>ἀξιοῖ,</span> <span class='ocrx_word' id='word_1_253' title='bbox 1866 3099 1912 3158; x_wconf 71' lang='lat' dir='ltr'><strong>G</strong></span> 
     </span>
    </p>
   </div>
   <div class='ocr_carea' id='block_1_35' title="bbox 271 3140 1830 3229">
    <p class='ocr_par' dir='ltr' id='par_1_35' title="bbox 271 3140 1830 3229">
     <span class='ocr_line' id='line_1_35' title="bbox 271 3140 1830 3229; baseline 0.015 -39"><span class='ocrx_word' id='word_1_254' title='bbox 271 3140 350 3209; x_wconf 78' lang='grc' dir='ltr'>μὴ</span> <span class='ocrx_word' id='word_1_255' title='bbox 380 3142 571 3211; x_wconf 81' lang='grc' dir='ltr'>ἑτέρας</span> <span class='ocrx_word' id='word_1_256' title='bbox 632 3145 800 3229; x_wconf 73' lang='grc' dir='ltr'>αὺτῂν</span> <span class='ocrx_word' id='word_1_257' title='bbox 847 3149 1117 3219; x_wconf 73' lang='grc' dir='ltr'>προτέρας</span> <span class='ocrx_word' id='word_1_258' title='bbox 1145 3153 1427 3223; x_wconf 78' lang='grc' dir='ltr'>ἐνεργείας</span> <span class='ocrx_word' id='word_1_259' title='bbox 1490 3158 1623 3225; x_wconf 73' lang='grc' dir='ltr'>πρὸς</span> <span class='ocrx_word' id='word_1_260' title='bbox 1672 3160 1830 3214; x_wconf 81' lang='grc' dir='ltr'>τοῦτο</span> 
     </span>
    </p>
   </div>
   <div class='ocr_carea' id='block_1_36' title="bbox 267 3237 1833 3324">
    <p class='ocr_par' dir='ltr' id='par_1_36' title="bbox 267 3237 1833 3324">
     <span class='ocr_line' id='line_1_36' title="bbox 267 3237 1833 3324; baseline 0.014 -39"><span class='ocrx_word' id='word_1_261' title='bbox 267 3237 649 3304; x_wconf 81' lang='grc' dir='ltr'>κεκινηκυίας,</span> <span class='ocrx_word' id='word_1_262' title='bbox 704 3239 796 3290; x_wconf 77' lang='grc' dir='ltr'>καὶ</span> <span class='ocrx_word' id='word_1_263' title='bbox 823 3241 996 3312; x_wconf 80' lang='grc' dir='ltr'>τούτῳ</span> <span class='ocrx_word' id='word_1_264' title='bbox 1025 3259 1085 3295; x_wconf 89' lang='grc' dir='ltr'><strong>τε</strong></span> <span class='ocrx_word' id='word_1_265' title='bbox 1134 3246 1417 3316; x_wconf 82' lang='grc' dir='ltr'>χρώμενος</span> <span class='ocrx_word' id='word_1_266' title='bbox 1460 3251 1517 3303; x_wconf 81' lang='grc' dir='ltr'>ὲν</span> <span class='ocrx_word' id='word_1_267' title='bbox 1546 3254 1657 3315; x_wconf 83' lang='grc' dir='ltr'>τοῖς</span> <span class='ocrx_word' id='word_1_268' title='bbox 1703 3260 1833 3324; x_wconf 74' lang='grc' dir='ltr'>περὶ</span> 
     </span>
    </p>
   </div>
   <div class='ocr_carea' id='block_1_37' title="bbox 268 3325 1831 3418">
    <p class='ocr_par' dir='ltr' id='par_1_37' title="bbox 268 3325 1831 3418">
     <span class='ocr_line' id='line_1_37' title="bbox 268 3325 1831 3418; baseline 0.013 -41"><span class='ocrx_word' id='word_1_269' title='bbox 268 3325 442 3378; x_wconf 78' lang='grc' dir='ltr'>ἀϊδίου</span> <span class='ocrx_word' id='word_1_270' title='bbox 475 3329 736 3399; x_wconf 80' lang='grc' dir='ltr'>κινήσεως</span> <span class='ocrx_word' id='word_1_271' title='bbox 768 3330 944 3399; x_wconf 82' lang='grc' dir='ltr'>λόγοις</span> <span class='ocrx_word' id='word_1_272' title='bbox 974 3332 1049 3402; x_wconf 85' lang='grc' dir='ltr'>τῷ</span> <span class='ocrx_word' id='word_1_273' title='bbox 1075 3334 1342 3404; x_wconf 74' lang='grc' dir='ltr'>ἀξιώματι</span> <span class='ocrx_word' id='word_1_274' title='bbox 1372 3342 1464 3391; x_wconf 78' lang='grc' dir='ltr'>καὶ</span> <span class='ocrx_word' id='word_1_275' title='bbox 1489 3341 1721 3413; x_wconf 58' lang='grc' dir='ltr'>θατέρῳ,</span> <span class='ocrx_word' id='word_1_276' title='bbox 1752 3348 1831 3418; x_wconf 87' lang='grc' dir='ltr'><strong>τῷ</strong></span> 
     </span>
    </p>
   </div>
   <div class='ocr_carea' id='block_1_38' title="bbox 268 3414 1841 3502">
    <p class='ocr_par' dir='ltr' id='par_1_38' title="bbox 268 3414 1841 3502">
     <span class='ocr_line' id='line_1_38' title="bbox 268 3414 1841 3502; baseline 0.012 -33"><span class='ocrx_word' id='word_1_277' title='bbox 268 3414 416 3469; x_wconf 70' lang='grc' dir='ltr'>ἁπαν</span> <span class='ocrx_word' id='word_1_278' title='bbox 457 3416 627 3470; x_wconf 77' lang='grc' dir='ltr'>αἴτιον</span> <span class='ocrx_word' id='word_1_279' title='bbox 682 3418 894 3490; x_wconf 67' lang='grc' dir='ltr'>ἀνάγκη</span> <span class='ocrx_word' id='word_1_280' title='bbox 931 3422 1086 3501; x_wconf 75' lang='grc' dir='ltr'>δρᾷν</span> <span class='ocrx_word' id='word_1_281' title='bbox 1135 3424 1162 3477; x_wconf 85' lang='grc' dir='ltr'><strong>ὃ</strong></span> <span class='ocrx_word' id='word_1_282' title='bbox 1196 3442 1245 3478; x_wconf 83' lang='grc' dir='ltr'><strong>τι</strong></span> <span class='ocrx_word' id='word_1_283' title='bbox 1286 3429 1353 3482; x_wconf 83' lang='grc' dir='ltr'>ἂν</span> <span class='ocrx_word' id='word_1_284' title='bbox 1402 3430 1548 3501; x_wconf 82' lang='grc' dir='ltr'>δρῴη</span> <span class='ocrx_word' id='word_1_285' title='bbox 1577 3414 1841 3502; x_wconf 73' lang='grc' dir='ltr'>ἀξιοῦντι,</span> 
     </span>
    </p>
   </div>
   <div class='ocr_carea' id='block_1_39' title="bbox 267 3498 1848 3593">
    <p class='ocr_par' dir='ltr' id='par_1_39' title="bbox 267 3498 1848 3593">
     <span class='ocr_line' id='line_1_39' title="bbox 267 3498 1848 3593; baseline 0.014 -36"><span class='ocrx_word' id='word_1_286' title='bbox 267 3508 370 3573; x_wconf 80' lang='grc' dir='ltr'>τὴν</span> <span class='ocrx_word' id='word_1_287' title='bbox 390 3506 555 3561; x_wconf 67' lang='grc' dir='ltr'>ἀίδιον</span> <span class='ocrx_word' id='word_1_288' title='bbox 577 3508 790 3575; x_wconf 84' lang='grc' dir='ltr'>κίνησιν</span> <span class='ocrx_word' id='word_1_289' title='bbox 813 3498 1194 3581; x_wconf 63' lang='grc' dir='ltr'>συμέπεραίνει.</span> <span class='ocrx_word' id='word_1_290' title='bbox 1248 3518 1458 3585; x_wconf 80' lang='grc' dir='ltr'>Οὐκοῦν</span> <span class='ocrx_word' id='word_1_291' title='bbox 1484 3498 1545 3576; x_wconf 69' lang='grc' dir='ltr'><strong>εί</strong></span> <span class='ocrx_word' id='word_1_292' title='bbox 1565 3540 1617 3576; x_wconf 88' lang='grc' dir='ltr'><strong>τι</strong></span> <span class='ocrx_word' id='word_1_293' title='bbox 1644 3498 1848 3593; x_wconf 43' lang='grc' dir='ltr'>γίγνοιέ</span> 
     </span>
    </p>
   </div>
   <div class='ocr_carea' id='block_1_40' title="bbox 268 3600 1844 3685">
    <p class='ocr_par' dir='ltr' id='par_1_40' title="bbox 268 3600 1844 3685">
     <span class='ocr_line' id='line_1_40' title="bbox 268 3600 1844 3685; baseline 0.013 -34"><span class='ocrx_word' id='word_1_294' title='bbox 268 3616 332 3651; x_wconf 85' lang='grc' dir='ltr'><strong>το</strong></span> <span class='ocrx_word' id='word_1_295' title='bbox 366 3600 837 3669; x_wconf 64' lang='grc' dir='ltr'>τῶνογιγνομένων</span> <span class='ocrx_word' id='word_1_296' title='bbox 893 3607 957 3658; x_wconf 79' lang='grc' dir='ltr'>ἐκ</span> <span class='ocrx_word' id='word_1_297' title='bbox 1005 3606 1285 3675; x_wconf 81' lang='grc' dir='ltr'>δυνάμεώς</span> <span class='ocrx_word' id='word_1_298' title='bbox 1335 3628 1439 3664; x_wconf 84' lang='grc' dir='ltr'><strong>που</strong></span> <span class='ocrx_word' id='word_1_299' title='bbox 1478 3616 1535 3676; x_wconf 79' lang='grc' dir='ltr'>ἐς</span> <span class='ocrx_word' id='word_1_300' title='bbox 1564 3616 1844 3685; x_wconf 73' lang='grc' dir='ltr'>ἐνέργειαν</span> 
     </span>
    </p>
   </div>
   <div class='ocr_carea' id='block_1_41' title="bbox 270 3693 1844 3783">
    <p class='ocr_par' dir='ltr' id='par_1_41' title="bbox 270 3693 1844 3783">
     <span class='ocr_line' id='line_1_41' title="bbox 270 3693 1844 3783; baseline 0.013 -39"><span class='ocrx_word' id='word_1_301' title='bbox 270 3693 582 3761; x_wconf 76' lang='grc' dir='ltr'>μεταϐαλεῖ,</span> <span class='ocrx_word' id='word_1_302' title='bbox 632 3697 714 3758; x_wconf 84' lang='grc' dir='ltr'><strong>είς</strong></span> <span class='ocrx_word' id='word_1_303' title='bbox 762 3696 831 3767; x_wconf 75' lang='grc' dir='ltr'>ἢν</span> <span class='ocrx_word' id='word_1_304' title='bbox 877 3696 1063 3752; x_wconf 75' lang='grc' dir='ltr'>οὔποτ’</span> <span class='ocrx_word' id='word_1_305' title='bbox 1125 3701 1192 3755; x_wconf 76' lang='grc' dir='ltr'>ἂν</span> <span class='ocrx_word' id='word_1_306' title='bbox 1242 3706 1592 3773; x_wconf 76' lang='grc' dir='ltr'>μεταϐάλλοι,</span> <span class='ocrx_word' id='word_1_307' title='bbox 1637 3710 1711 3780; x_wconf 82' lang='grc' dir='ltr'>μὴ</span> <span class='ocrx_word' id='word_1_308' title='bbox 1747 3711 1844 3783; x_wconf 82' lang='grc' dir='ltr'>οὐχ</span> 
     </span>
    </p>
   </div>
   <div class='ocr_carea' id='block_1_42' title="bbox 269 3784 1842 3870">
    <p class='ocr_par' dir='ltr' id='par_1_42' title="bbox 269 3784 1842 3870">
     <span class='ocr_line' id='line_1_42' title="bbox 269 3784 1842 3870; baseline 0.013 -35"><span class='ocrx_word' id='word_1_309' title='bbox 269 3784 462 3856; x_wconf 81' lang='grc' dir='ltr'>ἑτέρας</span> <span class='ocrx_word' id='word_1_310' title='bbox 497 3786 766 3856; x_wconf 76' lang='grc' dir='ltr'>προτέρας</span> <span class='ocrx_word' id='word_1_311' title='bbox 821 3789 1100 3860; x_wconf 73' lang='grc' dir='ltr'>ἐνεργείας</span> <span class='ocrx_word' id='word_1_312' title='bbox 1131 3793 1335 3864; x_wconf 83' lang='grc' dir='ltr'>ταύτην</span> <span class='ocrx_word' id='word_1_313' title='bbox 1363 3799 1513 3867; x_wconf 84' lang='grc' dir='ltr'>αὐτῷ</span> <span class='ocrx_word' id='word_1_314' title='bbox 1545 3799 1643 3869; x_wconf 77' lang='grc' dir='ltr'>τὴν</span> <span class='ocrx_word' id='word_1_315' title='bbox 1672 3819 1842 3870; x_wconf 87' lang='grc' dir='ltr'>μετα-</span> 
     </span>
    </p>
   </div>
   <div class='ocr_carea' id='block_1_43' title="bbox 268 3874 1840 3961">
    <p class='ocr_par' dir='ltr' id='par_1_43' title="bbox 268 3874 1840 3961">
     <span class='ocr_line' id='line_1_43' title="bbox 268 3874 1840 3961; baseline 0.01 -32"><span class='ocrx_word' id='word_1_316' title='bbox 268 3874 431 3947; x_wconf 76' lang='grc' dir='ltr'>ϐολὴν</span> <span class='ocrx_word' id='word_1_317' title='bbox 462 3878 945 3948; x_wconf 74' lang='grc' dir='ltr'>ἀπειργασμένης·</span> <span class='ocrx_word' id='word_1_318' title='bbox 976 3882 1008 3950; x_wconf 71' lang='grc' dir='ltr'><strong>ἢ</strong></span> <span class='ocrx_word' id='word_1_319' title='bbox 1036 3881 1099 3951; x_wconf 81' lang='grc' dir='ltr'>δὴ</span> <span class='ocrx_word' id='word_1_320' title='bbox 1143 3884 1237 3935; x_wconf 80' lang='grc' dir='ltr'>καὶ</span> <span class='ocrx_word' id='word_1_321' title='bbox 1279 3884 1377 3954; x_wconf 85' lang='grc' dir='ltr'><strong>τῆς</strong></span> <span class='ocrx_word' id='word_1_322' title='bbox 1399 3889 1666 3953; x_wconf 81' lang='grc' dir='ltr'>γενέσεως</span> <span class='ocrx_word' id='word_1_323' title='bbox 1689 3890 1840 3961; x_wconf 84' lang='grc' dir='ltr'><strong>αὐτῷ</strong></span> 
     </span>
    </p>
   </div>
   <div class='ocr_carea' id='block_1_44' title="bbox 268 3968 1841 4047">
    <p class='ocr_par' dir='ltr' id='par_1_44' title="bbox 268 3968 1841 4047">
     <span class='ocr_line' id='line_1_44' title="bbox 268 3968 1841 4047; baseline 0.009 -27"><span class='ocrx_word' id='word_1_324' title='bbox 268 3968 422 4021; x_wconf 81' lang='grc' dir='ltr'>ἔσται</span> <span class='ocrx_word' id='word_1_325' title='bbox 445 3970 616 4024; x_wconf 77' lang='grc' dir='ltr'>αἰτία.</span> <span class='ocrx_word' id='word_1_326' title='bbox 664 3970 777 4025; x_wconf 73' lang='grc' dir='ltr'><strong>Καὶ</strong></span> <span class='ocrx_word' id='word_1_327' title='bbox 806 3970 948 4025; x_wconf 78' lang='grc' dir='ltr'>οὕτω</span> <span class='ocrx_word' id='word_1_328' title='bbox 988 3973 1263 4028; x_wconf 78' lang='grc' dir='ltr'>οὐδοτιοῦν</span> <span class='ocrx_word' id='word_1_329' title='bbox 1317 3977 1385 4030; x_wconf 84' lang='grc' dir='ltr'>ἂν</span> <span class='ocrx_word' id='word_1_330' title='bbox 1423 3978 1633 4047; x_wconf 88' lang='grc' dir='ltr'>γένοιτο</span> <span class='ocrx_word' id='word_1_331' title='bbox 1666 3982 1841 4035; x_wconf 88' lang='grc' dir='ltr'>αίτίου</span> 
     </span>
    </p>
   </div>
   <div class='ocr_carea' id='block_1_45' title="bbox 268 4059 1843 4139">
    <p class='ocr_par' dir='ltr' id='par_1_45' title="bbox 268 4059 1843 4139">
     <span class='ocr_line' id='line_1_45' title="bbox 268 4059 1843 4139; baseline 0.009 -28"><span class='ocrx_word' id='word_1_332' title='bbox 268 4059 456 4129; x_wconf 75' lang='grc' dir='ltr'>χωρίς.</span> <span class='ocrx_word' id='word_1_333' title='bbox 486 4062 595 4114; x_wconf 80' lang='grc' dir='ltr'><strong>Καὶ</strong></span> <span class='ocrx_word' id='word_1_334' title='bbox 628 4061 786 4129; x_wconf 70' lang='grc' dir='ltr'>δῆλός</span> <span class='ocrx_word' id='word_1_335' title='bbox 825 4064 971 4117; x_wconf 77' lang='grc' dir='ltr'>ἐστιν</span> <span class='ocrx_word' id='word_1_336' title='bbox 1000 4064 1374 4137; x_wconf 85' lang='grc' dir='ltr'>Ἀριστοτέλης</span> <span class='ocrx_word' id='word_1_337' title='bbox 1416 4069 1472 4121; x_wconf 71' lang='grc' dir='ltr'>ἑν</span> <span class='ocrx_word' id='word_1_338' title='bbox 1493 4072 1558 4139; x_wconf 77' lang='grc' dir='ltr'><strong>τῇ</strong></span> <span class='ocrx_word' id='word_1_339' title='bbox 1593 4071 1663 4123; x_wconf 80' lang='grc' dir='ltr'>τὰ</span> <span class='ocrx_word' id='word_1_340' title='bbox 1704 4075 1843 4139; x_wconf 85' lang='grc' dir='ltr'>μετὰ</span> 
     </span>
    </p>
   </div>
   <div class='ocr_carea' id='block_1_46' title="bbox 264 4151 1843 4227">
    <p class='ocr_par' dir='ltr' id='par_1_46' title="bbox 264 4151 1843 4227">
     <span class='ocr_line' id='line_1_46' title="bbox 264 4151 1843 4227; baseline 0.009 -25"><span class='ocrx_word' id='word_1_341' title='bbox 264 4151 337 4202; x_wconf 80' lang='grc' dir='ltr'><strong>τὰ</strong></span> <span class='ocrx_word' id='word_1_342' title='bbox 360 4152 562 4217; x_wconf 85' lang='grc' dir='ltr'>φυσικά</span> <span class='ocrx_word' id='word_1_343' title='bbox 589 4153 735 4224; x_wconf 81' lang='grc' dir='ltr'>αὐτῷ</span> <span class='ocrx_word' id='word_1_344' title='bbox 782 4157 1134 4227; x_wconf 80' lang='grc' dir='ltr'>πραγματείᾳ</span> <span class='ocrx_word' id='word_1_345' title='bbox 1171 4158 1272 4220; x_wconf 79' lang='grc' dir='ltr'>τὰς</span> <span class='ocrx_word' id='word_1_346' title='bbox 1325 4160 1523 4225; x_wconf 77' lang='grc' dir='ltr'>πολλὰς</span> <span class='ocrx_word' id='word_1_347' title='bbox 1579 4162 1687 4215; x_wconf 86' lang='grc' dir='ltr'><strong>τῶν</strong></span> <span class='ocrx_word' id='word_1_348' title='bbox 1716 4164 1843 4217; x_wconf 81' lang='grc' dir='ltr'>ἑαυ-</span> 
     </span>
    </p>
   </div>
   <div class='ocr_carea' id='block_1_47' title="bbox 266 4240 1841 4323">
    <p class='ocr_par' dir='ltr' id='par_1_47' title="bbox 266 4240 1841 4323">
     <span class='ocr_line' id='line_1_47' title="bbox 266 4240 1841 4323; baseline 0.01 -30"><span class='ocrx_word' id='word_1_349' title='bbox 266 4240 363 4294; x_wconf 84' lang='grc' dir='ltr'>τοῦ</span> <span class='ocrx_word' id='word_1_350' title='bbox 423 4242 675 4313; x_wconf 82' lang='grc' dir='ltr'>ἀμαθιῶν</span> <span class='ocrx_word' id='word_1_351' title='bbox 706 4248 1091 4316; x_wconf 85' lang='grc' dir='ltr'>συμφορήσας,</span> <span class='ocrx_word' id='word_1_352' title='bbox 1145 4248 1304 4304; x_wconf 81' lang='grc' dir='ltr'>τοῦτό</span> <span class='ocrx_word' id='word_1_353' title='bbox 1355 4267 1457 4305; x_wconf 81' lang='grc' dir='ltr'>που</span> <span class='ocrx_word' id='word_1_354' title='bbox 1507 4255 1841 4323; x_wconf 83' lang='grc' dir='ltr'>φαυλότατον</span> 
     </span>
    </p>
   </div>
   <div class='ocr_carea' id='block_1_48' title="bbox 270 4341 877 4413">
    <p class='ocr_par' dir='ltr' id='par_1_48' title="bbox 270 4341 877 4413">
     <span class='ocr_line' id='line_1_48' title="bbox 270 4341 877 4413; baseline 0.007 -22"><span class='ocrx_word' id='word_1_355' title='bbox 270 4342 492 4394; x_wconf 66' lang='grc' dir='ltr'>πάντων</span> <span class='ocrx_word' id='word_1_356' title='bbox 524 4341 781 4413; x_wconf 70' lang='grc' dir='ltr'>εἰρηκώς.</span> <span class='ocrx_word' id='word_1_357' title='bbox 872 4382 877 4385; x_wconf 59' lang='grc'><strong><em>»</em></strong></span> 
     </span>
    </p>
   </div>
   <div class='ocr_carea' id='block_1_49' title="bbox 1971 517 3545 591">
    <p class='ocr_par' dir='ltr' id='par_1_49' title="bbox 1971 517 3545 591">
     <span class='ocr_line' id='line_1_49' title="bbox 1971 517 3545 591; baseline 0.005 -19"><span class='ocrx_word' id='word_1_358' title='bbox 1971 519 2330 573; x_wconf 91' lang='lat' dir='ltr'><strong>stimaverim.</strong></span> <span class='ocrx_word' id='word_1_359' title='bbox 2370 517 2506 572; x_wconf 86' lang='lat' dir='ltr'><strong>Cum</strong></span> <span class='ocrx_word' id='word_1_360' title='bbox 2540 519 2683 573; x_wconf 90' lang='lat' dir='ltr'><strong>enim</strong></span> <span class='ocrx_word' id='word_1_361' title='bbox 2715 534 2876 573; x_wconf 91' lang='lat' dir='ltr'><strong>omne</strong></span> <span class='ocrx_word' id='word_1_362' title='bbox 2905 520 3048 588; x_wconf 91' lang='lat' dir='ltr'><strong>quod</strong></span> <span class='ocrx_word' id='word_1_363' title='bbox 3084 534 3355 591; x_wconf 87' lang='lat' dir='ltr'><strong>movetur,</strong></span> <span class='ocrx_word' id='word_1_364' title='bbox 3420 526 3545 581; x_wconf 92' lang='lat' dir='ltr'><strong>inde</strong></span> 
     </span>
    </p>
   </div>
   <div class='ocr_carea' id='block_1_50' title="bbox 1970 609 3541 689">
    <p class='ocr_par' dir='ltr' id='par_1_50' title="bbox 1970 609 3541 689">
     <span class='ocr_line' id='line_1_50' title="bbox 1970 609 3541 689; baseline 0.008 -28"><span class='ocrx_word' id='word_1_365' title='bbox 1970 609 2061 662; x_wconf 88' lang='lat' dir='ltr'><strong>tiat</strong></span> <span class='ocrx_word' id='word_1_366' title='bbox 2087 610 2203 663; x_wconf 85' lang='lat' dir='ltr'><strong>sive</strong></span> <span class='ocrx_word' id='word_1_367' title='bbox 2259 612 2511 677; x_wconf 79' lang='lat' dir='ltr'><strong>exsistat,</strong></span> <span class='ocrx_word' id='word_1_368' title='bbox 2575 613 2718 668; x_wconf 89' lang='lat' dir='ltr'><strong>unde</strong></span> <span class='ocrx_word' id='word_1_369' title='bbox 2780 615 2955 684; x_wconf 86' lang='lat' dir='ltr'><strong>ipsum</strong></span> <span class='ocrx_word' id='word_1_370' title='bbox 3017 625 3265 671; x_wconf 84' lang='lat' dir='ltr'><strong>movetur</strong></span> <span class='ocrx_word' id='word_1_371' title='bbox 3322 618 3541 689; x_wconf 80' lang='lat' dir='ltr'><strong>(singuli</strong></span> 
     </span>
    </p>
   </div>
   <div class='ocr_carea' id='block_1_51' title="bbox 1967 703 3540 781">
    <p class='ocr_par' dir='ltr' id='par_1_51' title="bbox 1967 703 3540 781">
     <span class='ocr_line' id='line_1_51' title="bbox 1967 703 3540 781; baseline 0.008 -26"><span class='ocrx_word' id='word_1_372' title='bbox 1967 703 2112 755; x_wconf 92' lang='lat' dir='ltr'><strong>enim</strong></span> <span class='ocrx_word' id='word_1_373' title='bbox 2148 712 2333 758; x_wconf 90' lang='lat' dir='ltr'><strong>motus</strong></span> <span class='ocrx_word' id='word_1_374' title='bbox 2359 707 2762 773; x_wconf 81' lang='lat' dir='ltr'><strong>quodammodo</strong></span> <span class='ocrx_word' id='word_1_375' title='bbox 2796 710 3168 777; x_wconf 85' lang='lat' dir='ltr'><strong>producuntur</strong></span> <span class='ocrx_word' id='word_1_376' title='bbox 3196 712 3249 765; x_wconf 87' lang='lat' dir='ltr'><strong>in</strong></span> <span class='ocrx_word' id='word_1_377' title='bbox 3277 728 3363 777; x_wconf 91' lang='lat' dir='ltr'><strong>eo,</strong></span> <span class='ocrx_word' id='word_1_378' title='bbox 3396 716 3540 781; x_wconf 86' lang='lat' dir='ltr'><strong>quod</strong></span> 
     </span>
    </p>
   </div>
   <div class='ocr_carea' id='block_1_52' title="bbox 1967 794 3539 867">
    <p class='ocr_par' dir='ltr' id='par_1_52' title="bbox 1967 794 3539 867">
     <span class='ocr_line' id='line_1_52' title="bbox 1967 794 3539 867; baseline 0.007 -21"><span class='ocrx_word' id='word_1_379' title='bbox 1967 794 2261 864; x_wconf 77' lang='lat' dir='ltr'><strong>movetur),</strong></span> <span class='ocrx_word' id='word_1_380' title='bbox 2290 811 2448 850; x_wconf 90' lang='lat' dir='ltr'><strong>omne</strong></span> <span class='ocrx_word' id='word_1_381' title='bbox 2492 806 2670 852; x_wconf 91' lang='lat' dir='ltr'><strong>autem</strong></span> <span class='ocrx_word' id='word_1_382' title='bbox 2693 800 2834 867; x_wconf 83' lang='lat' dir='ltr'><strong>quod</strong></span> <span class='ocrx_word' id='word_1_383' title='bbox 2862 801 2937 867; x_wconf 80' lang='lat' dir='ltr'><strong>fit,</strong></span> <span class='ocrx_word' id='word_1_384' title='bbox 2969 800 3018 854; x_wconf 88' lang='lat' dir='ltr'><strong>id</strong></span> <span class='ocrx_word' id='word_1_385' title='bbox 3051 803 3140 855; x_wconf 89' lang='lat' dir='ltr'><strong>tiat</strong></span> <span class='ocrx_word' id='word_1_386' title='bbox 3174 818 3201 856; x_wconf 89' lang='lat' dir='ltr'><strong>a</strong></span> <span class='ocrx_word' id='word_1_387' title='bbox 3241 818 3404 858; x_wconf 88' lang='lat' dir='ltr'><strong>causa</strong></span> <span class='ocrx_word' id='word_1_388' title='bbox 3438 806 3539 859; x_wconf 84' lang='lat' dir='ltr'><strong>ali-</strong></span> 
     </span>
    </p>
   </div>
   <div class='ocr_carea' id='block_1_53' title="bbox 1966 888 3535 959">
    <p class='ocr_par' dir='ltr' id='par_1_53' title="bbox 1966 888 3535 959">
     <span class='ocr_line' id='line_1_53' title="bbox 1966 888 3535 959; baseline 0.006 -20"><span class='ocrx_word' id='word_1_389' title='bbox 1966 900 2095 956; x_wconf 87' lang='lat' dir='ltr'><strong>qua,</strong></span> <span class='ocrx_word' id='word_1_390' title='bbox 2123 896 2383 955; x_wconf 83' lang='lat' dir='ltr'><strong>sequetur</strong></span> <span class='ocrx_word' id='word_1_391' title='bbox 2416 888 2561 954; x_wconf 90' lang='lat' dir='ltr'><strong>inde,</strong></span> <span class='ocrx_word' id='word_1_392' title='bbox 2583 890 2724 957; x_wconf 91' lang='lat' dir='ltr'><strong>quod</strong></span> <span class='ocrx_word' id='word_1_393' title='bbox 2746 891 2906 944; x_wconf 87' lang='lat' dir='ltr'><strong>etiam</strong></span> <span class='ocrx_word' id='word_1_394' title='bbox 2923 906 3082 946; x_wconf 91' lang='lat' dir='ltr'><strong>omne</strong></span> <span class='ocrx_word' id='word_1_395' title='bbox 3102 895 3243 959; x_wconf 92' lang='lat' dir='ltr'><strong>quod</strong></span> <span class='ocrx_word' id='word_1_396' title='bbox 3272 907 3535 959; x_wconf 89' lang='lat' dir='ltr'><strong>movetur,</strong></span> 
     </span>
    </p>
   </div>
   <div class='ocr_carea' id='block_1_54' title="bbox 1965 980 3539 1056">
    <p class='ocr_par' dir='ltr' id='par_1_54' title="bbox 1965 980 3539 1056">
     <span class='ocr_line' id='line_1_54' title="bbox 1965 980 3539 1056; baseline 0.006 -23"><span class='ocrx_word' id='word_1_397' title='bbox 1965 981 2033 1033; x_wconf 90' lang='lat' dir='ltr'><strong>ab</strong></span> <span class='ocrx_word' id='word_1_398' title='bbox 2059 980 2246 1047; x_wconf 83' lang='lat' dir='ltr'><strong>aliqua</strong></span> <span class='ocrx_word' id='word_1_399' title='bbox 2282 994 2447 1035; x_wconf 89' lang='lat' dir='ltr'><strong>causa</strong></span> <span class='ocrx_word' id='word_1_400' title='bbox 2478 997 2712 1036; x_wconf 87' lang='lat' dir='ltr'><strong>necesse</strong></span> <span class='ocrx_word' id='word_1_401' title='bbox 2743 982 2813 1037; x_wconf 88' lang='lat' dir='ltr'><strong>sit</strong></span> <span class='ocrx_word' id='word_1_402' title='bbox 2842 984 3070 1037; x_wconf 85' lang='lat' dir='ltr'><strong>moveri.</strong></span> <span class='ocrx_word' id='word_1_403' title='bbox 3101 987 3169 1038; x_wconf 84' lang='lat' dir='ltr'><strong>At</strong></span> <span class='ocrx_word' id='word_1_404' title='bbox 3227 986 3314 1040; x_wconf 88' lang='lat' dir='ltr'><strong>ille</strong></span> <span class='ocrx_word' id='word_1_405' title='bbox 3364 988 3539 1056; x_wconf 90' lang='lat' dir='ltr'><strong>posito</strong></span> 
     </span>
    </p>
   </div>
   <div class='ocr_carea' id='block_1_55' title="bbox 1966 1070 3537 1143">
    <p class='ocr_par' dir='ltr' id='par_1_55' title="bbox 1966 1070 3537 1143">
     <span class='ocr_line' id='line_1_55' title="bbox 1966 1070 3537 1143; baseline 0.006 -18"><span class='ocrx_word' id='word_1_406' title='bbox 1966 1071 2069 1126; x_wconf 89' lang='lat' dir='ltr'><strong>hoc</strong></span> <span class='ocrx_word' id='word_1_407' title='bbox 2091 1088 2190 1140; x_wconf 92' lang='lat' dir='ltr'><strong>pro</strong></span> <span class='ocrx_word' id='word_1_408' title='bbox 2216 1070 2565 1138; x_wconf 43' lang='lat' dir='ltr'><strong>con—firmato,</strong></span> <span class='ocrx_word' id='word_1_409' title='bbox 2630 1076 2936 1143; x_wconf 86' lang='lat' dir='ltr'><strong>aliquarum</strong></span> <span class='ocrx_word' id='word_1_410' title='bbox 2965 1078 3173 1133; x_wconf 86' lang='lat' dir='ltr'><strong>scilicet</strong></span> <span class='ocrx_word' id='word_1_411' title='bbox 3200 1096 3375 1134; x_wconf 90' lang='lat' dir='ltr'><strong>rerum</strong></span> <span class='ocrx_word' id='word_1_412' title='bbox 3404 1097 3537 1135; x_wconf 87' lang='lat' dir='ltr'><strong>cau-</strong></span> 
     </span>
    </p>
   </div>
   <div class='ocr_carea' id='block_1_56' title="bbox 1971 1164 3539 1228">
    <p class='ocr_par' dir='ltr' id='par_1_56' title="bbox 1971 1164 3539 1228">
     <span class='ocr_line' id='line_1_56' title="bbox 1971 1164 3539 1228; baseline 0.007 -14"><span class='ocrx_word' id='word_1_413' title='bbox 1971 1178 2085 1214; x_wconf 87' lang='lat' dir='ltr'><strong>sam</strong></span> <span class='ocrx_word' id='word_1_414' title='bbox 2118 1177 2240 1218; x_wconf 86' lang='lat' dir='ltr'><strong>esse</strong></span> <span class='ocrx_word' id='word_1_415' title='bbox 2264 1164 2494 1228; x_wconf 90' lang='lat' dir='ltr'><strong>nullam,</strong></span> <span class='ocrx_word' id='word_1_416' title='bbox 2543 1166 2899 1222; x_wconf 84' lang='lat' dir='ltr'><strong>nihilominus</strong></span> <span class='ocrx_word' id='word_1_417' title='bbox 2944 1174 3124 1222; x_wconf 88' lang='lat' dir='ltr'><strong>tamen</strong></span> <span class='ocrx_word' id='word_1_418' title='bbox 3187 1169 3315 1223; x_wconf 87' lang='lat' dir='ltr'><strong>illud</strong></span> <span class='ocrx_word' id='word_1_419' title='bbox 3360 1171 3539 1225; x_wconf 89' lang='lat' dir='ltr'><strong>adhuc</strong></span> 
     </span>
    </p>
   </div>
   <div class='ocr_carea' id='block_1_57' title="bbox 1966 1251 3538 1329">
    <p class='ocr_par' dir='ltr' id='par_1_57' title="bbox 1966 1251 3538 1329">
     <span class='ocr_line' id='line_1_57' title="bbox 1966 1251 3538 1329; baseline 0.006 -24"><span class='ocrx_word' id='word_1_420' title='bbox 1966 1252 2184 1307; x_wconf 79' lang='lat' dir='ltr'><strong>ﬁrmum</strong></span> <span class='ocrx_word' id='word_1_421' title='bbox 2215 1251 2333 1308; x_wconf 85' lang='lat' dir='ltr'><strong>fore</strong></span> <span class='ocrx_word' id='word_1_422' title='bbox 2368 1255 2647 1323; x_wconf 83' lang='lat' dir='ltr'><strong>Opinatur,</strong></span> <span class='ocrx_word' id='word_1_423' title='bbox 2678 1259 2817 1325; x_wconf 92' lang='lat' dir='ltr'><strong>quod</strong></span> <span class='ocrx_word' id='word_1_424' title='bbox 2852 1258 2917 1311; x_wconf 89' lang='lat' dir='ltr'><strong>ab</strong></span> <span class='ocrx_word' id='word_1_425' title='bbox 2949 1258 3156 1328; x_wconf 85' lang='lat' dir='ltr'><strong>aliquo,</strong></span> <span class='ocrx_word' id='word_1_426' title='bbox 3203 1275 3538 1329; x_wconf 67' lang='lat' dir='ltr'><strong>quaecunque</strong></span> 
     </span>
    </p>
   </div>
   <div class='ocr_carea' id='block_1_58' title="bbox 1964 1346 3531 1418">
    <p class='ocr_par' dir='ltr' id='par_1_58' title="bbox 1964 1346 3531 1418">
     <span class='ocr_line' id='line_1_58' title="bbox 1964 1346 3531 1418; baseline 0.004 -19"><span class='ocrx_word' id='word_1_427' title='bbox 1964 1355 2273 1407; x_wconf 80' lang='lat' dir='ltr'><strong>moventur,</strong></span> <span class='ocrx_word' id='word_1_428' title='bbox 2304 1346 2507 1400; x_wconf 81' lang='lat' dir='ltr'><strong>moveri</strong></span> <span class='ocrx_word' id='word_1_429' title='bbox 2548 1349 2621 1402; x_wconf 86' lang='lat' dir='ltr'><strong>sit</strong></span> <span class='ocrx_word' id='word_1_430' title='bbox 2682 1363 2924 1405; x_wconf 77' lang='lat' dir='ltr'><strong>necesse.</strong></span> <span class='ocrx_word' id='word_1_431' title='bbox 2959 1348 3065 1405; x_wconf 84' lang='lat' dir='ltr'><strong>Nec</strong></span> <span class='ocrx_word' id='word_1_432' title='bbox 3126 1351 3531 1418; x_wconf 80' lang='lat' dir='ltr'><strong>animadvertit,</strong></span> 
     </span>
    </p>
   </div>
   <div class='ocr_carea' id='block_1_59' title="bbox 1963 1435 3532 1508">
    <p class='ocr_par' dir='ltr' id='par_1_59' title="bbox 1963 1435 3532 1508">
     <span class='ocr_line' id='line_1_59' title="bbox 1963 1435 3532 1508; baseline 0.004 -19"><span class='ocrx_word' id='word_1_433' title='bbox 1963 1435 2107 1505; x_wconf 80' lang='lat' dir='ltr'><strong>quod</strong></span> <span class='ocrx_word' id='word_1_434' title='bbox 2142 1436 2355 1489; x_wconf 87' lang='lat' dir='ltr'><strong>sublata</strong></span> <span class='ocrx_word' id='word_1_435' title='bbox 2382 1436 2688 1505; x_wconf 89' lang='lat' dir='ltr'><strong>aliquarum</strong></span> <span class='ocrx_word' id='word_1_436' title='bbox 2724 1454 2907 1493; x_wconf 89' lang='lat' dir='ltr'><strong>rerum</strong></span> <span class='ocrx_word' id='word_1_437' title='bbox 2965 1456 3086 1508; x_wconf 71' lang='lat' dir='ltr'><strong>quae</strong></span> <span class='ocrx_word' id='word_1_438' title='bbox 3144 1442 3277 1497; x_wconf 81' lang='lat' dir='ltr'><strong>ﬁunt</strong></span> <span class='ocrx_word' id='word_1_439' title='bbox 3345 1458 3532 1505; x_wconf 89' lang='lat' dir='ltr'><strong>causa,</strong></span> 
     </span>
    </p>
   </div>
   <div class='ocr_carea' id='block_1_60' title="bbox 1962 1525 3535 1595">
    <p class='ocr_par' dir='ltr' id='par_1_60' title="bbox 1962 1525 3535 1595">
     <span class='ocr_line' id='line_1_60' title="bbox 1962 1525 3535 1595; baseline 0.005 -16"><span class='ocrx_word' id='word_1_440' title='bbox 1962 1525 2123 1579; x_wconf 87' lang='lat' dir='ltr'><strong>etiam</strong></span> <span class='ocrx_word' id='word_1_441' title='bbox 2155 1525 2343 1595; x_wconf 92' lang='lat' dir='ltr'><strong>opinio</strong></span> <span class='ocrx_word' id='word_1_442' title='bbox 2372 1542 2492 1594; x_wconf 72' lang='lat' dir='ltr'><strong>quae</strong></span> <span class='ocrx_word' id='word_1_443' title='bbox 2525 1527 2759 1583; x_wconf 85' lang='lat' dir='ltr'><strong>habetur</strong></span> <span class='ocrx_word' id='word_1_444' title='bbox 2784 1529 2853 1583; x_wconf 93' lang='lat' dir='ltr'><strong>de</strong></span> <span class='ocrx_word' id='word_1_445' title='bbox 2881 1530 2989 1584; x_wconf 88' lang='lat' dir='ltr'><strong>Deo</strong></span> <span class='ocrx_word' id='word_1_446' title='bbox 3022 1532 3254 1586; x_wconf 85' lang='lat' dir='ltr'><strong>debilior</strong></span> <span class='ocrx_word' id='word_1_447' title='bbox 3294 1533 3535 1588; x_wconf 87' lang='lat' dir='ltr'><strong>imbecil-</strong></span> 
     </span>
    </p>
   </div>
   <div class='ocr_carea' id='block_1_61' title="bbox 1964 1616 3530 1694">
    <p class='ocr_par' dir='ltr' id='par_1_61' title="bbox 1964 1616 3530 1694">
     <span class='ocr_line' id='line_1_61' title="bbox 1964 1616 3530 1694; baseline 0.007 -26"><span class='ocrx_word' id='word_1_448' title='bbox 1964 1616 2171 1685; x_wconf 91' lang='lat' dir='ltr'><strong>liorque</strong></span> <span class='ocrx_word' id='word_1_449' title='bbox 2198 1617 2310 1671; x_wconf 85' lang='lat' dir='ltr'><strong>ﬁat.</strong></span> <span class='ocrx_word' id='word_1_450' title='bbox 2363 1617 2707 1684; x_wconf 65' lang='lat' dir='ltr'><strong>Manifestum</strong></span> <span class='ocrx_word' id='word_1_451' title='bbox 2763 1630 2846 1675; x_wconf 92' lang='lat' dir='ltr'><strong>est</strong></span> <span class='ocrx_word' id='word_1_452' title='bbox 2895 1622 3060 1687; x_wconf 89' lang='lat' dir='ltr'><strong>enim,</strong></span> <span class='ocrx_word' id='word_1_453' title='bbox 3121 1624 3265 1692; x_wconf 88' lang='lat' dir='ltr'><strong>quod</strong></span> <span class='ocrx_word' id='word_1_454' title='bbox 3310 1624 3530 1694; x_wconf 88' lang='lat' dir='ltr'><strong>quidam</strong></span> 
     </span>
    </p>
   </div>
   <div class='ocr_carea' id='block_1_62' title="bbox 1964 1709 3529 1780">
    <p class='ocr_par' dir='ltr' id='par_1_62' title="bbox 1964 1709 3529 1780">
     <span class='ocr_line' id='line_1_62' title="bbox 1964 1709 3529 1780; baseline 0.007 -20"><span class='ocrx_word' id='word_1_455' title='bbox 1964 1718 2181 1777; x_wconf 85' lang='lat' dir='ltr'><strong>propter</strong></span> <span class='ocrx_word' id='word_1_456' title='bbox 2211 1709 2351 1764; x_wconf 86' lang='lat' dir='ltr'><strong>hanc</strong></span> <span class='ocrx_word' id='word_1_457' title='bbox 2379 1711 2655 1766; x_wconf 82' lang='lat' dir='ltr'><strong>notionem</strong></span> <span class='ocrx_word' id='word_1_458' title='bbox 2685 1728 2807 1780; x_wconf 79' lang='lat' dir='ltr'><strong>quae</strong></span> <span class='ocrx_word' id='word_1_459' title='bbox 2838 1714 3021 1778; x_wconf 81' lang='lat' dir='ltr'><strong>habet,</strong></span> <span class='ocrx_word' id='word_1_460' title='bbox 3081 1716 3213 1770; x_wconf 86' lang='lat' dir='ltr'><strong>nihil</strong></span> <span class='ocrx_word' id='word_1_461' title='bbox 3264 1719 3382 1772; x_wconf 89' lang='lat' dir='ltr'><strong>sine</strong></span> <span class='ocrx_word' id='word_1_462' title='bbox 3434 1733 3529 1773; x_wconf 87' lang='lat' dir='ltr'><strong>sua</strong></span> 
     </span>
    </p>
   </div>
   <div class='ocr_carea' id='block_1_63' title="bbox 1962 1797 3532 1872">
    <p class='ocr_par' dir='ltr' id='par_1_63' title="bbox 1962 1797 3532 1872">
     <span class='ocr_line' id='line_1_63' title="bbox 1962 1797 3532 1872; baseline 0.006 -21"><span class='ocrx_word' id='word_1_463' title='bbox 1962 1811 2124 1852; x_wconf 87' lang='lat' dir='ltr'><strong>causa</strong></span> <span class='ocrx_word' id='word_1_464' title='bbox 2159 1797 2296 1863; x_wconf 77' lang='lat' dir='ltr'><strong>ﬁeri,</strong></span> <span class='ocrx_word' id='word_1_465' title='bbox 2344 1801 2672 1870; x_wconf 63' lang='lat' dir='ltr'><strong>pracipuam</strong></span> <span class='ocrx_word' id='word_1_466' title='bbox 2729 1811 2783 1856; x_wconf 89' lang='lat' dir='ltr'><strong>et</strong></span> <span class='ocrx_word' id='word_1_467' title='bbox 2824 1803 3256 1872; x_wconf 70' lang='lat' dir='ltr'><strong>vul’garissimam</strong></span> <span class='ocrx_word' id='word_1_468' title='bbox 3304 1807 3370 1861; x_wconf 88' lang='lat' dir='ltr'><strong>de</strong></span> <span class='ocrx_word' id='word_1_469' title='bbox 3421 1809 3532 1862; x_wconf 89' lang='lat' dir='ltr'><strong>Deo</strong></span> 
     </span>
    </p>
   </div>
   <div class='ocr_carea' id='block_1_64' title="bbox 1946 1889 3531 1965">
    <p class='ocr_par' dir='ltr' id='par_1_64' title="bbox 1946 1889 3531 1965">
     <span class='ocr_line' id='line_1_64' title="bbox 1946 1889 3531 1965; baseline 0.008 -23"><span class='ocrx_word' id='word_1_470' title='bbox 1946 1889 2285 1965; x_wconf 86' lang='lat' dir='ltr'><strong>sententiam</strong></span> <span class='ocrx_word' id='word_1_471' title='bbox 2341 1891 2762 1960; x_wconf 89' lang='lat' dir='ltr'><strong>amplectantur.</strong></span> <span class='ocrx_word' id='word_1_472' title='bbox 2815 1893 2950 1948; x_wconf 80' lang='lat' dir='ltr'><strong>Nam</strong></span> <span class='ocrx_word' id='word_1_473' title='bbox 3015 1897 3234 1965; x_wconf 86' lang='lat' dir='ltr'><strong>quando</strong></span> <span class='ocrx_word' id='word_1_474' title='bbox 3282 1898 3531 1955; x_wconf 84' lang='lat' dir='ltr'><strong>videntur</strong></span> 
     </span>
    </p>
   </div>
   <div class='ocr_carea' id='block_1_65' title="bbox 1957 1979 3533 2057">
    <p class='ocr_par' dir='ltr' id='par_1_65' title="bbox 1957 1979 3533 2057">
     <span class='ocr_line' id='line_1_65' title="bbox 1957 1979 3533 2057; baseline 0.009 -24"><span class='ocrx_word' id='word_1_475' title='bbox 1957 1979 2162 2047; x_wconf 89' lang='lat' dir='ltr'><strong>aliqua,</strong></span> <span class='ocrx_word' id='word_1_476' title='bbox 2190 1994 2311 2049; x_wconf 69' lang='lat' dir='ltr'><strong>quae</strong></span> <span class='ocrx_word' id='word_1_477' title='bbox 2335 1980 2470 2036; x_wconf 85' lang='lat' dir='ltr'><strong>ﬁunt</strong></span> <span class='ocrx_word' id='word_1_478' title='bbox 2506 1983 2559 2036; x_wconf 91' lang='lat' dir='ltr'><strong>in</strong></span> <span class='ocrx_word' id='word_1_479' title='bbox 2592 1983 2696 2038; x_wconf 93' lang='lat' dir='ltr'><strong>hoc</strong></span> <span class='ocrx_word' id='word_1_480' title='bbox 2729 1987 2953 2050; x_wconf 87' lang='lat' dir='ltr'><strong>mundo,</strong></span> <span class='ocrx_word' id='word_1_481' title='bbox 2986 2004 3158 2057; x_wconf 90' lang='lat' dir='ltr'><strong>eaque</strong></span> <span class='ocrx_word' id='word_1_482' title='bbox 3214 1991 3533 2047; x_wconf 82' lang='lat' dir='ltr'><strong>manifestas</strong></span> 
     </span>
    </p>
   </div>
   <div class='ocr_carea' id='block_1_66' title="bbox 1957 2070 3529 2149">
    <p class='ocr_par' dir='ltr' id='par_1_66' title="bbox 1957 2070 3529 2149">
     <span class='ocr_line' id='line_1_66' title="bbox 1957 2070 3529 2149; baseline 0.008 -26"><span class='ocrx_word' id='word_1_483' title='bbox 1957 2085 2066 2126; x_wconf 88' lang='lat' dir='ltr'><strong>non</strong></span> <span class='ocrx_word' id='word_1_484' title='bbox 2098 2070 2531 2136; x_wconf 87' lang='lat' dir='ltr'><strong>habentcausas,</strong></span> <span class='ocrx_word' id='word_1_485' title='bbox 2566 2084 2680 2128; x_wconf 92' lang='lat' dir='ltr'><strong>tum</strong></span> <span class='ocrx_word' id='word_1_486' title='bbox 2712 2076 2980 2139; x_wconf 87' lang='lat' dir='ltr'><strong>homines,</strong></span> <span class='ocrx_word' id='word_1_487' title='bbox 3033 2080 3125 2147; x_wconf 90' lang='lat' dir='ltr'><strong>qui</strong></span> <span class='ocrx_word' id='word_1_488' title='bbox 3168 2095 3333 2134; x_wconf 89' lang='lat' dir='ltr'><strong>omne</strong></span> <span class='ocrx_word' id='word_1_489' title='bbox 3382 2082 3529 2149; x_wconf 89' lang='lat' dir='ltr'><strong>quod</strong></span> 
     </span>
    </p>
   </div>
   <div class='ocr_carea' id='block_1_67' title="bbox 1959 2161 3531 2237">
    <p class='ocr_par' dir='ltr' id='par_1_67' title="bbox 1959 2161 3531 2237">
     <span class='ocr_line' id='line_1_67' title="bbox 1959 2161 3531 2237; baseline 0.007 -22"><span class='ocrx_word' id='word_1_490' title='bbox 1959 2161 2040 2223; x_wconf 78' lang='lat' dir='ltr'><strong>(it,</strong></span> <span class='ocrx_word' id='word_1_491' title='bbox 2060 2163 2126 2216; x_wconf 92' lang='lat' dir='ltr'><strong>ab</strong></span> <span class='ocrx_word' id='word_1_492' title='bbox 2156 2163 2341 2231; x_wconf 88' lang='lat' dir='ltr'><strong>aliqua</strong></span> <span class='ocrx_word' id='word_1_493' title='bbox 2386 2179 2552 2219; x_wconf 88' lang='lat' dir='ltr'><strong>causa</strong></span> <span class='ocrx_word' id='word_1_494' title='bbox 2618 2166 2731 2221; x_wconf 79' lang='lat' dir='ltr'><strong>ﬁeri</strong></span> <span class='ocrx_word' id='word_1_495' title='bbox 2785 2178 3121 2237; x_wconf 90' lang='lat' dir='ltr'><strong>compertum</strong></span> <span class='ocrx_word' id='word_1_496' title='bbox 3177 2170 3398 2235; x_wconf 84' lang='lat' dir='ltr'><strong>habent,</strong></span> <span class='ocrx_word' id='word_1_497' title='bbox 3463 2172 3531 2226; x_wconf 89' lang='lat' dir='ltr'><strong>ad</strong></span> 
     </span>
    </p>
   </div>
   <div class='ocr_carea' id='block_1_68' title="bbox 1955 2253 3533 2329">
    <p class='ocr_par' dir='ltr' id='par_1_68' title="bbox 1955 2253 3533 2329">
     <span class='ocr_line' id='line_1_68' title="bbox 1955 2253 3533 2329; baseline 0.006 -22"><span class='ocrx_word' id='word_1_498' title='bbox 1955 2260 2164 2308; x_wconf 73' lang='lat' dir='ltr'><strong>natura:</strong></span> <span class='ocrx_word' id='word_1_499' title='bbox 2221 2253 2421 2309; x_wconf 72' lang='lat' dir='ltr'><strong>divinae</strong></span> <span class='ocrx_word' id='word_1_500' title='bbox 2479 2256 2848 2326; x_wconf 82' lang='lat' dir='ltr'><strong>cognitionem</strong></span> <span class='ocrx_word' id='word_1_501' title='bbox 2908 2259 3177 2314; x_wconf 80' lang='lat' dir='ltr'><strong>feruntur.</strong></span> <span class='ocrx_word' id='word_1_502' title='bbox 3234 2261 3533 2329; x_wconf 87' lang='lat' dir='ltr'><strong>Oportebat</strong></span> 
     </span>
    </p>
   </div>
   <div class='ocr_carea' id='block_1_69' title="bbox 1957 2344 3533 2420">
    <p class='ocr_par' dir='ltr' id='par_1_69' title="bbox 1957 2344 3533 2420">
     <span class='ocr_line' id='line_1_69' title="bbox 1957 2344 3533 2420; baseline 0.006 -22"><span class='ocrx_word' id='word_1_503' title='bbox 1957 2354 2140 2399; x_wconf 89' lang='lat' dir='ltr'><strong>autem</strong></span> <span class='ocrx_word' id='word_1_504' title='bbox 2192 2344 2595 2411; x_wconf 88' lang='lat' dir='ltr'><strong>demonstrare,</strong></span> <span class='ocrx_word' id='word_1_505' title='bbox 2635 2363 2669 2402; x_wconf 91' lang='grc' dir='ltr'><strong>ο</strong></span> <span class='ocrx_word' id='word_1_506' title='bbox 2722 2349 3064 2411; x_wconf 83' lang='lat' dir='ltr'><strong>Aristoteles,</strong></span> <span class='ocrx_word' id='word_1_507' title='bbox 3117 2352 3401 2420; x_wconf 87' lang='lat' dir='ltr'><strong>qualenam</strong></span> <span class='ocrx_word' id='word_1_508' title='bbox 3461 2355 3533 2408; x_wconf 92' lang='lat' dir='ltr'><strong>sit</strong></span> 
     </span>
    </p>
   </div>
   <div class='ocr_carea' id='block_1_70' title="bbox 1958 2434 3529 2511">
    <p class='ocr_par' dir='ltr' id='par_1_70' title="bbox 1958 2434 3529 2511">
     <span class='ocr_line' id='line_1_70' title="bbox 1958 2434 3529 2511; baseline 0.006 -22"><span class='ocrx_word' id='word_1_509' title='bbox 1958 2434 2108 2499; x_wconf 91' lang='lat' dir='ltr'><strong>illud,</strong></span> <span class='ocrx_word' id='word_1_510' title='bbox 2131 2437 2276 2502; x_wconf 89' lang='lat' dir='ltr'><strong>quod</strong></span> <span class='ocrx_word' id='word_1_511' title='bbox 2303 2436 2421 2491; x_wconf 89' lang='lat' dir='ltr'><strong>sine</strong></span> <span class='ocrx_word' id='word_1_512' title='bbox 2452 2452 2618 2492; x_wconf 92' lang='lat' dir='ltr'><strong>causa</strong></span> <span class='ocrx_word' id='word_1_513' title='bbox 2649 2439 2822 2503; x_wconf 78' lang='lat' dir='ltr'><strong>ﬁeret,</strong></span> <span class='ocrx_word' id='word_1_514' title='bbox 2849 2456 3027 2509; x_wconf 87' lang='lat' dir='ltr'><strong>neque</strong></span> <span class='ocrx_word' id='word_1_515' title='bbox 3084 2442 3155 2495; x_wconf 89' lang='lat' dir='ltr'><strong>ita</strong></span> <span class='ocrx_word' id='word_1_516' title='bbox 3210 2443 3529 2511; x_wconf 85' lang='lat' dir='ltr'><strong>simpliciter</strong></span> 
     </span>
    </p>
   </div>
   <div class='ocr_carea' id='block_1_71' title="bbox 1953 2527 3507 2599">
    <p class='ocr_par' dir='ltr' id='par_1_71' title="bbox 1953 2527 3507 2599">
     <span class='ocr_line' id='line_1_71' title="bbox 1953 2527 3507 2599; baseline 0.004 -18"><span class='ocrx_word' id='word_1_517' title='bbox 1953 2542 2065 2581; x_wconf 91' lang='lat' dir='ltr'><strong>rem</strong></span> <span class='ocrx_word' id='word_1_518' title='bbox 2090 2527 2377 2583; x_wconf 83' lang='lat' dir='ltr'><strong>allirmare.</strong></span> <span class='ocrx_word' id='word_1_519' title='bbox 2405 2529 2471 2583; x_wconf 79' lang='lat' dir='ltr'><strong>At</strong></span> <span class='ocrx_word' id='word_1_520' title='bbox 2501 2530 2645 2584; x_wconf 89' lang='lat' dir='ltr'><strong>dicet</strong></span> <span class='ocrx_word' id='word_1_521' title='bbox 2674 2529 2902 2586; x_wconf 84' lang='lat' dir='ltr'><strong>fortasse</strong></span> <span class='ocrx_word' id='word_1_522' title='bbox 2929 2532 3129 2599; x_wconf 78' lang='lat' dir='ltr'><strong>aliquis</strong></span> <span class='ocrx_word' id='word_1_523' title='bbox 3164 2534 3507 2589; x_wconf 82' lang='lat' dir='ltr'><strong>deliberatio-</strong></span> 
     </span>
    </p>
   </div>
   <div class='ocr_carea' id='block_1_72' title="bbox 1953 2622 3525 2691">
    <p class='ocr_par' dir='ltr' id='par_1_72' title="bbox 1953 2622 3525 2691">
     <span class='ocr_line' id='line_1_72' title="bbox 1953 2622 3525 2691; baseline 0.006 -21"><span class='ocrx_word' id='word_1_524' title='bbox 1953 2633 2075 2671; x_wconf 89' lang='lat' dir='ltr'><strong>nem</strong></span> <span class='ocrx_word' id='word_1_525' title='bbox 2101 2633 2221 2674; x_wconf 90' lang='lat' dir='ltr'><strong>esse</strong></span> <span class='ocrx_word' id='word_1_526' title='bbox 2258 2634 2323 2674; x_wconf 82' lang='lat' dir='ltr'><strong>ex</strong></span> <span class='ocrx_word' id='word_1_527' title='bbox 2353 2634 2418 2673; x_wconf 91' lang='lat' dir='ltr'><strong>eo</strong></span> <span class='ocrx_word' id='word_1_528' title='bbox 2442 2636 2659 2688; x_wconf 75' lang='lat' dir='ltr'><strong>genere,</strong></span> <span class='ocrx_word' id='word_1_529' title='bbox 2689 2622 2739 2675; x_wconf 92' lang='lat' dir='ltr'><strong>id</strong></span> <span class='ocrx_word' id='word_1_530' title='bbox 2775 2624 2920 2691; x_wconf 90' lang='lat' dir='ltr'><strong>quod</strong></span> <span class='ocrx_word' id='word_1_531' title='bbox 2971 2623 3086 2691; x_wconf 93' lang='lat' dir='ltr'><strong>ipse</strong></span> <span class='ocrx_word' id='word_1_532' title='bbox 3127 2624 3444 2679; x_wconf 82' lang='lat' dir='ltr'><strong>Aristoteles</strong></span> <span class='ocrx_word' id='word_1_533' title='bbox 3473 2627 3525 2679; x_wconf 93' lang='lat' dir='ltr'><strong>in</strong></span> 
     </span>
    </p>
   </div>
   <div class='ocr_carea' id='block_1_73' title="bbox 1952 2709 3527 2780">
    <p class='ocr_par' dir='ltr' id='par_1_73' title="bbox 1952 2709 3527 2780">
     <span class='ocr_line' id='line_1_73' title="bbox 1952 2709 3527 2780; baseline 0.004 -16"><span class='ocrx_word' id='word_1_534' title='bbox 1952 2711 2106 2764; x_wconf 89' lang='lat' dir='ltr'><strong>libris</strong></span> <span class='ocrx_word' id='word_1_535' title='bbox 2129 2710 2197 2764; x_wconf 92' lang='lat' dir='ltr'><strong>de</strong></span> <span class='ocrx_word' id='word_1_536' title='bbox 2236 2709 2684 2780; x_wconf 88' lang='lat' dir='ltr'><strong>interpretatione</strong></span> <span class='ocrx_word' id='word_1_537' title='bbox 2730 2714 2941 2766; x_wconf 88' lang='lat' dir='ltr'><strong>videtur</strong></span> <span class='ocrx_word' id='word_1_538' title='bbox 3010 2714 3211 2769; x_wconf 89' lang='lat' dir='ltr'><strong>dicere.</strong></span> <span class='ocrx_word' id='word_1_539' title='bbox 3244 2715 3527 2770; x_wconf 80' lang='lat' dir='ltr'><strong>-Videmus</strong></span> 
     </span>
    </p>
   </div>
   <div class='ocr_carea' id='block_1_74' title="bbox 1952 2802 3527 2873">
    <p class='ocr_par' dir='ltr' id='par_1_74' title="bbox 1952 2802 3527 2873">
     <span class='ocr_line' id='line_1_74' title="bbox 1952 2802 3527 2873; baseline 0.001 -16"><span class='ocrx_word' id='word_1_540' title='bbox 1952 2818 2207 2873; x_wconf 87' lang='lat' dir='ltr'><strong>namque,</strong></span> <span class='ocrx_word' id='word_1_541' title='bbox 2238 2803 2330 2869; x_wconf 90' lang='lat' dir='ltr'><strong>ait,</strong></span> <span class='ocrx_word' id='word_1_542' title='bbox 2363 2804 2687 2872; x_wconf 86' lang='lat' dir='ltr'><strong>principium</strong></span> <span class='ocrx_word' id='word_1_543' title='bbox 2720 2802 3024 2857; x_wconf 77' lang='lat' dir='ltr'><strong>futurorum</strong></span> <span class='ocrx_word' id='word_1_544' title='bbox 3050 2821 3170 2859; x_wconf 91' lang='lat' dir='ltr'><strong>cum</strong></span> <span class='ocrx_word' id='word_1_545' title='bbox 3206 2821 3234 2858; x_wconf 92' lang='lat' dir='ltr'><strong>a</strong></span> <span class='ocrx_word' id='word_1_546' title='bbox 3258 2804 3527 2860; x_wconf 86' lang='lat' dir='ltr'><strong>delibera-</strong></span> 
     </span>
    </p>
   </div>
   <div class='ocr_carea' id='block_1_75' title="bbox 1952 2894 3525 2963">
    <p class='ocr_par' dir='ltr' id='par_1_75' title="bbox 1952 2894 3525 2963">
     <span class='ocr_line' id='line_1_75' title="bbox 1952 2894 3525 2963; baseline -0.001 -13"><span class='ocrx_word' id='word_1_547' title='bbox 1952 2897 2117 2957; x_wconf 88' lang='lat' dir='ltr'><strong>tione,</strong></span> <span class='ocrx_word' id='word_1_548' title='bbox 2181 2904 2293 2949; x_wconf 91' lang='lat' dir='ltr'><strong>tum</strong></span> <span class='ocrx_word' id='word_1_549' title='bbox 2330 2896 2398 2949; x_wconf 88' lang='lat' dir='ltr'><strong>ab</strong></span> <span class='ocrx_word' id='word_1_550' title='bbox 2450 2894 2663 2950; x_wconf 89' lang='lat' dir='ltr'><strong>actione</strong></span> <span class='ocrx_word' id='word_1_551' title='bbox 2714 2894 2829 2963; x_wconf 91' lang='lat' dir='ltr'><strong>ipsa</strong></span> <span class='ocrx_word' id='word_1_552' title='bbox 2886 2895 3170 2949; x_wconf 81' lang='lat' dir='ltr'><strong>exsistere.</strong></span> <span class='ocrx_word' id='word_1_553' title='bbox 3230 2895 3333 2950; x_wconf 87' lang='lat' dir='ltr'><strong>Sed</strong></span> <span class='ocrx_word' id='word_1_554' title='bbox 3386 2897 3437 2949; x_wconf 91' lang='lat' dir='ltr'><strong>in</strong></span> <span class='ocrx_word' id='word_1_555' title='bbox 3460 2912 3525 2949; x_wconf 89' lang='lat' dir='ltr'><strong>eo</strong></span> 
     </span>
    </p>
   </div>
   <div class='ocr_carea' id='block_1_76' title="bbox 1951 2981 3520 3054">
    <p class='ocr_par' dir='ltr' id='par_1_76' title="bbox 1951 2981 3520 3054">
     <span class='ocr_line' id='line_1_76' title="bbox 1951 2981 3520 3054; baseline 0.001 -19"><span class='ocrx_word' id='word_1_556' title='bbox 1951 2984 2108 3051; x_wconf 88' lang='lat' dir='ltr'><strong>plane</strong></span> <span class='ocrx_word' id='word_1_557' title='bbox 2136 2990 2301 3036; x_wconf 82' lang='lat' dir='ltr'><strong>errat.</strong></span> <span class='ocrx_word' id='word_1_558' title='bbox 2332 2981 2518 3050; x_wconf 74' lang='lat' dir='ltr'><strong>Neque</strong></span> <span class='ocrx_word' id='word_1_559' title='bbox 2546 2982 2692 3035; x_wconf 89' lang='lat' dir='ltr'><strong>enim</strong></span> <span class='ocrx_word' id='word_1_560' title='bbox 2726 2983 3049 3037; x_wconf 87' lang='lat' dir='ltr'><strong>deliberatio</strong></span> <span class='ocrx_word' id='word_1_561' title='bbox 3079 2992 3163 3038; x_wconf 89' lang='lat' dir='ltr'><strong>est</strong></span> <span class='ocrx_word' id='word_1_562' title='bbox 3190 2984 3520 3054; x_wconf 85' lang='lat' dir='ltr'><strong>principium</strong></span> 
     </span>
    </p>
   </div>
   <div class='ocr_carea' id='block_1_77' title="bbox 1949 3071 3521 3143">
    <p class='ocr_par' dir='ltr' id='par_1_77' title="bbox 1949 3071 3521 3143">
     <span class='ocr_line' id='line_1_77' title="bbox 1949 3071 3521 3143; baseline 0.002 -16"><span class='ocrx_word' id='word_1_563' title='bbox 1949 3072 2278 3140; x_wconf 80' lang='lat' dir='ltr'><strong>futurorum,</strong></span> <span class='ocrx_word' id='word_1_564' title='bbox 2311 3071 2839 3142; x_wconf 50' lang='lat' dir='ltr'><strong>tametsialiquando</strong></span> <span class='ocrx_word' id='word_1_565' title='bbox 2868 3074 2937 3126; x_wconf 86' lang='lat' dir='ltr'><strong>sit</strong></span> <span class='ocrx_word' id='word_1_566' title='bbox 2964 3088 3150 3129; x_wconf 76' lang='lat' dir='ltr'><strong>causa.</strong></span> <span class='ocrx_word' id='word_1_567' title='bbox 3181 3073 3314 3143; x_wconf 84' lang='lat' dir='ltr'><strong>Ejus</strong></span> <span class='ocrx_word' id='word_1_568' title='bbox 3338 3085 3521 3130; x_wconf 86' lang='lat' dir='ltr'><strong>autem</strong></span> 
     </span>
    </p>
   </div>
   <div class='ocr_carea' id='block_1_78' title="bbox 1949 3163 3519 3236">
    <p class='ocr_par' dir='ltr' id='par_1_78' title="bbox 1949 3163 3519 3236">
     <span class='ocr_line' id='line_1_78' title="bbox 1949 3163 3519 3236; baseline 0 -16"><span class='ocrx_word' id='word_1_569' title='bbox 1949 3165 2051 3231; x_wconf 85' lang='lat' dir='ltr'><strong>rei,</strong></span> <span class='ocrx_word' id='word_1_570' title='bbox 2084 3165 2150 3219; x_wconf 88' lang='lat' dir='ltr'><strong>de</strong></span> <span class='ocrx_word' id='word_1_571' title='bbox 2177 3178 2283 3233; x_wconf 89' lang='lat' dir='ltr'><strong>qua</strong></span> <span class='ocrx_word' id='word_1_572' title='bbox 2337 3163 2638 3218; x_wconf 89' lang='lat' dir='ltr'><strong>deliberant</strong></span> <span class='ocrx_word' id='word_1_573' title='bbox 2702 3164 2972 3229; x_wconf 83' lang='lat' dir='ltr'><strong>homines,</strong></span> <span class='ocrx_word' id='word_1_574' title='bbox 3031 3166 3148 3233; x_wconf 86' lang='lat' dir='ltr'><strong>ipsa</strong></span> <span class='ocrx_word' id='word_1_575' title='bbox 3204 3167 3519 3236; x_wconf 84' lang='lat' dir='ltr'><strong>neutiquam</strong></span> 
     </span>
    </p>
   </div>
   <div class='ocr_carea' id='block_1_79' title="bbox 1948 3255 3525 3327">
    <p class='ocr_par' dir='ltr' id='par_1_79' title="bbox 1948 3255 3525 3327">
     <span class='ocr_line' id='line_1_79' title="bbox 1948 3255 3525 3327; baseline 0.001 -16"><span class='ocrx_word' id='word_1_576' title='bbox 1948 3255 2279 3327; x_wconf 89' lang='lat' dir='ltr'><strong>principium</strong></span> <span class='ocrx_word' id='word_1_577' title='bbox 2313 3265 2396 3311; x_wconf 91' lang='lat' dir='ltr'><strong>est</strong></span> <span class='ocrx_word' id='word_1_578' title='bbox 2427 3255 2766 3320; x_wconf 85' lang='lat' dir='ltr'><strong>deliberatio,</strong></span> <span class='ocrx_word' id='word_1_579' title='bbox 2794 3257 3233 3325; x_wconf 85' lang='lat' dir='ltr'><strong>quandoquidem</strong></span> <span class='ocrx_word' id='word_1_580' title='bbox 3299 3259 3525 3327; x_wconf 77' lang='lat' dir='ltr'><strong>huiusce</strong></span> 
     </span>
    </p>
   </div>
   <div class='ocr_carea' id='block_1_80' title="bbox 1948 3348 3518 3419">
    <p class='ocr_par' dir='ltr' id='par_1_80' title="bbox 1948 3348 3518 3419">
     <span class='ocr_line' id='line_1_80' title="bbox 1948 3348 3518 3419; baseline -0.001 -15"><span class='ocrx_word' id='word_1_581' title='bbox 1948 3349 2122 3419; x_wconf 86' lang='lat' dir='ltr'><strong>ipsius</strong></span> <span class='ocrx_word' id='word_1_582' title='bbox 2148 3349 2267 3403; x_wconf 70' lang='lat' dir='ltr'><strong>aliae</strong></span> <span class='ocrx_word' id='word_1_583' title='bbox 2294 3356 2558 3417; x_wconf 89' lang='lat' dir='ltr'><strong>apparent</strong></span> <span class='ocrx_word' id='word_1_584' title='bbox 2616 3348 2827 3416; x_wconf 83' lang='lat' dir='ltr'><strong>priores</strong></span> <span class='ocrx_word' id='word_1_585' title='bbox 2851 3356 2904 3402; x_wconf 92' lang='lat' dir='ltr'><strong>et</strong></span> <span class='ocrx_word' id='word_1_586' title='bbox 2937 3349 3274 3418; x_wconf 81' lang='lat' dir='ltr'><strong>antiquiores</strong></span> <span class='ocrx_word' id='word_1_587' title='bbox 3321 3364 3518 3409; x_wconf 73' lang='lat' dir='ltr'><strong>causae.</strong></span> 
     </span>
    </p>
   </div>
   <div class='ocr_carea' id='block_1_81' title="bbox 1947 3437 3523 3507">
    <p class='ocr_par' dir='ltr' id='par_1_81' title="bbox 1947 3437 3523 3507">
     <span class='ocr_line' id='line_1_81' title="bbox 1947 3437 3523 3507; baseline -0.003 -12"><span class='ocrx_word' id='word_1_588' title='bbox 1947 3455 2010 3495; x_wconf 87' lang='lat' dir='ltr'><strong>ea</strong></span> <span class='ocrx_word' id='word_1_589' title='bbox 2036 3438 2285 3494; x_wconf 83' lang='lat' dir='ltr'><strong>videlicet</strong></span> <span class='ocrx_word' id='word_1_590' title='bbox 2312 3453 2432 3507; x_wconf 74' lang='lat' dir='ltr'><strong>qua:</strong></span> <span class='ocrx_word' id='word_1_591' title='bbox 2459 3452 2558 3491; x_wconf 92' lang='lat' dir='ltr'><strong>nos</strong></span> <span class='ocrx_word' id='word_1_592' title='bbox 2597 3437 2965 3492; x_wconf 78' lang='lat' dir='ltr'><strong>circumstant</strong></span> <span class='ocrx_word' id='word_1_593' title='bbox 3000 3438 3235 3505; x_wconf 75' lang='lat' dir='ltr'><strong>negotia.</strong></span> <span class='ocrx_word' id='word_1_594' title='bbox 3266 3437 3321 3491; x_wconf 89' lang='lat' dir='ltr'><strong>Id</strong></span> <span class='ocrx_word' id='word_1_595' title='bbox 3379 3439 3523 3506; x_wconf 87' lang='lat' dir='ltr'><strong>quod</strong></span> 
     </span>
    </p>
   </div>
   <div class='ocr_carea' id='block_1_82' title="bbox 1948 3528 3525 3600">
    <p class='ocr_par' dir='ltr' id='par_1_82' title="bbox 1948 3528 3525 3600">
     <span class='ocr_line' id='line_1_82' title="bbox 1948 3528 3525 3600; baseline -0.002 -16"><span class='ocrx_word' id='word_1_596' title='bbox 1948 3530 2073 3585; x_wconf 88' lang='lat' dir='ltr'><strong>inde</strong></span> <span class='ocrx_word' id='word_1_597' title='bbox 2098 3528 2309 3600; x_wconf 90' lang='lat' dir='ltr'><strong>liquido</strong></span> <span class='ocrx_word' id='word_1_598' title='bbox 2338 3538 2503 3599; x_wconf 89' lang='lat' dir='ltr'><strong>patet,</strong></span> <span class='ocrx_word' id='word_1_599' title='bbox 2528 3528 2798 3597; x_wconf 82' lang='lat' dir='ltr'><strong>siquidem</strong></span> <span class='ocrx_word' id='word_1_600' title='bbox 2822 3529 2928 3582; x_wconf 87' lang='lat' dir='ltr'><strong>nisi</strong></span> <span class='ocrx_word' id='word_1_601' title='bbox 2959 3543 3059 3583; x_wconf 91' lang='lat' dir='ltr'><strong>nos</strong></span> <span class='ocrx_word' id='word_1_602' title='bbox 3079 3530 3258 3598; x_wconf 84' lang='lat' dir='ltr'><strong>aliqua</strong></span> <span class='ocrx_word' id='word_1_603' title='bbox 3286 3529 3525 3582; x_wconf 83' lang='lat' dir='ltr'><strong>circum—</strong></span> 
     </span>
    </p>
   </div>
   <div class='ocr_carea' id='block_1_83' title="bbox 1947 3618 3522 3689">
    <p class='ocr_par' dir='ltr' id='par_1_83' title="bbox 1947 3618 3522 3689">
     <span class='ocr_line' id='line_1_83' title="bbox 1947 3618 3522 3689; baseline -0.003 -14"><span class='ocrx_word' id='word_1_604' title='bbox 1947 3628 2092 3676; x_wconf 89' lang='lat' dir='ltr'><strong>stent</strong></span> <span class='ocrx_word' id='word_1_605' title='bbox 2140 3619 2378 3689; x_wconf 90' lang='lat' dir='ltr'><strong>negotia,</strong></span> <span class='ocrx_word' id='word_1_606' title='bbox 2434 3618 2500 3674; x_wconf 92' lang='lat' dir='ltr'><strong>de</strong></span> <span class='ocrx_word' id='word_1_607' title='bbox 2551 3619 2753 3688; x_wconf 85' lang='lat' dir='ltr'><strong>quibus</strong></span> <span class='ocrx_word' id='word_1_608' title='bbox 2811 3620 3230 3674; x_wconf 86' lang='lat' dir='ltr'><strong>consultandum</strong></span> <span class='ocrx_word' id='word_1_609' title='bbox 3293 3620 3522 3682; x_wconf 85' lang='lat' dir='ltr'><strong>videtur,</strong></span> 
     </span>
    </p>
   </div>
   <div class='ocr_carea' id='block_1_84' title="bbox 1946 3710 3523 3780">
    <p class='ocr_par' dir='ltr' id='par_1_84' title="bbox 1946 3710 3523 3780">
     <span class='ocr_line' id='line_1_84' title="bbox 1946 3710 3523 3780; baseline -0.001 -15"><span class='ocrx_word' id='word_1_610' title='bbox 1946 3726 2044 3765; x_wconf 91' lang='lat' dir='ltr'><strong>nos</strong></span> <span class='ocrx_word' id='word_1_611' title='bbox 2067 3726 2345 3780; x_wconf 89' lang='lat' dir='ltr'><strong>nunquam</strong></span> <span class='ocrx_word' id='word_1_612' title='bbox 2400 3710 2750 3765; x_wconf 87' lang='lat' dir='ltr'><strong>deliberaturi</strong></span> <span class='ocrx_word' id='word_1_613' title='bbox 2799 3726 3065 3767; x_wconf 87' lang='lat' dir='ltr'><strong>essemus.</strong></span> <span class='ocrx_word' id='word_1_614' title='bbox 3124 3710 3229 3765; x_wconf 89' lang='lat' dir='ltr'><strong>Sed</strong></span> <span class='ocrx_word' id='word_1_615' title='bbox 3277 3718 3523 3766; x_wconf 83' lang='lat' dir='ltr'><strong>transea-</strong></span> 
     </span>
    </p>
   </div>
   <div class='ocr_carea' id='block_1_85' title="bbox 1946 3801 3517 3872">
    <p class='ocr_par' dir='ltr' id='par_1_85' title="bbox 1946 3801 3517 3872">
     <span class='ocr_line' id='line_1_85' title="bbox 1946 3801 3517 3872; baseline -0.001 -17"><span class='ocrx_word' id='word_1_616' title='bbox 1946 3818 2088 3867; x_wconf 91' lang='lat' dir='ltr'><strong>mus,</strong></span> <span class='ocrx_word' id='word_1_617' title='bbox 2115 3802 2326 3871; x_wconf 90' lang='lat' dir='ltr'><strong>ipsique</strong></span> <span class='ocrx_word' id='word_1_618' title='bbox 2376 3801 2655 3856; x_wconf 82' lang='lat' dir='ltr'><strong>Aristoteli</strong></span> <span class='ocrx_word' id='word_1_619' title='bbox 2717 3803 2819 3855; x_wconf 90' lang='lat' dir='ltr'><strong>hoc</strong></span> <span class='ocrx_word' id='word_1_620' title='bbox 2873 3803 3069 3871; x_wconf 80' lang='lat' dir='ltr'><strong>dogma</strong></span> <span class='ocrx_word' id='word_1_621' title='bbox 3120 3802 3517 3872; x_wconf 85' lang='lat' dir='ltr'><strong>relinquamus.</strong></span> 
     </span>
    </p>
   </div>
   <div class='ocr_carea' id='block_1_86' title="bbox 1942 3892 3520 3947">
    <p class='ocr_par' dir='ltr' id='par_1_86' title="bbox 1942 3892 3520 3947">
     <span class='ocr_line' id='line_1_86' title="bbox 1942 3892 3520 3947; baseline -0.001 0"><span class='ocrx_word' id='word_1_622' title='bbox 1942 3892 2214 3947; x_wconf 66' lang='lat' dir='ltr'><strong>Jamvn&#39;ro</strong></span> <span class='ocrx_word' id='word_1_623' title='bbox 2244 3893 2457 3945; x_wconf 83' lang='lat' dir='ltr'><strong>sublato</strong></span> <span class='ocrx_word' id='word_1_624' title='bbox 2491 3894 2592 3946; x_wconf 91' lang='lat' dir='ltr'><strong>hoc</strong></span> <span class='ocrx_word' id='word_1_625' title='bbox 2652 3894 2928 3946; x_wconf 81' lang='lat' dir='ltr'><strong>axiomate</strong></span> <span class='ocrx_word' id='word_1_626' title='bbox 2982 3909 2996 3947; x_wconf 89' lang='lat'><strong>:</strong></span> <span class='ocrx_word' id='word_1_627' title='bbox 3037 3895 3282 3947; x_wconf 77' lang='lat' dir='ltr'><strong>ontnium</strong></span> <span class='ocrx_word' id='word_1_628' title='bbox 3340 3910 3520 3946; x_wconf 83' lang='lat' dir='ltr'><strong>rermu</strong></span> 
     </span>
    </p>
   </div>
   <div class='ocr_carea' id='block_1_87' title="bbox 1944 3985 3518 4053">
    <p class='ocr_par' dir='ltr' id='par_1_87' title="bbox 1944 3985 3518 4053">
     <span class='ocr_line' id='line_1_87' title="bbox 1944 3985 3518 4053; baseline -0.001 -13"><span class='ocrx_word' id='word_1_629' title='bbox 1944 4000 2067 4040; x_wconf 88' lang='lat' dir='ltr'><strong>esse</strong></span> <span class='ocrx_word' id='word_1_630' title='bbox 2117 3986 2354 4053; x_wconf 87' lang='lat' dir='ltr'><strong>aliquam</strong></span> <span class='ocrx_word' id='word_1_631' title='bbox 2435 3999 2685 4045; x_wconf 86' lang='lat' dir='ltr'><strong>causam,</strong></span> <span class='ocrx_word' id='word_1_632' title='bbox 2761 3985 3102 4038; x_wconf 84' lang='lat' dir='ltr'><strong>Aristotelem</strong></span> <span class='ocrx_word' id='word_1_633' title='bbox 3164 3985 3518 4040; x_wconf 86' lang='lat' dir='ltr'><strong>nihilominus</strong></span> 
     </span>
    </p>
   </div>
   <div class='ocr_carea' id='block_1_88' title="bbox 1944 4075 3519 4144">
    <p class='ocr_par' dir='ltr' id='par_1_88' title="bbox 1944 4075 3519 4144">
     <span class='ocr_line' id='line_1_88' title="bbox 1944 4075 3519 4144; baseline -0.002 -13"><span class='ocrx_word' id='word_1_634' title='bbox 1944 4076 2164 4144; x_wconf 87' lang='lat' dir='ltr'><strong>sibiipsi</strong></span> <span class='ocrx_word' id='word_1_635' title='bbox 2217 4089 2340 4129; x_wconf 89' lang='lat' dir='ltr'><strong>esse</strong></span> <span class='ocrx_word' id='word_1_636' title='bbox 2393 4075 2727 4128; x_wconf 84' lang='lat' dir='ltr'><strong>centrarium</strong></span> <span class='ocrx_word' id='word_1_637' title='bbox 2789 4076 3160 4128; x_wconf 82' lang='lat' dir='ltr'><strong>ostendemus.</strong></span> <span class='ocrx_word' id='word_1_638' title='bbox 3221 4076 3367 4128; x_wconf 81' lang='lat' dir='ltr'><strong>Nihil</strong></span> <span class='ocrx_word' id='word_1_639' title='bbox 3429 4076 3519 4129; x_wconf 82' lang='lat' dir='ltr'><strong>ille</strong></span> 
     </span>
    </p>
   </div>
   <div class='ocr_carea' id='block_1_89' title="bbox 1944 4165 3517 4235">
    <p class='ocr_par' dir='ltr' id='par_1_89' title="bbox 1944 4165 3517 4235">
     <span class='ocr_line' id='line_1_89' title="bbox 1944 4165 3517 4235; baseline -0.003 -11"><span class='ocrx_word' id='word_1_640' title='bbox 1944 4168 2325 4224; x_wconf 74' lang='lat' dir='ltr'><strong>arbitraturex</strong></span> <span class='ocrx_word' id='word_1_641' title='bbox 2384 4165 2634 4235; x_wconf 88' lang='lat' dir='ltr'><strong>potentia</strong></span> <span class='ocrx_word' id='word_1_642' title='bbox 2691 4165 2746 4217; x_wconf 90' lang='lat' dir='ltr'><strong>in</strong></span> <span class='ocrx_word' id='word_1_643' title='bbox 2808 4173 2987 4219; x_wconf 82' lang='lat' dir='ltr'><strong>actum</strong></span> <span class='ocrx_word' id='word_1_644' title='bbox 3037 4179 3343 4233; x_wconf 82' lang='lat' dir='ltr'><strong>erumpere,</strong></span> <span class='ocrx_word' id='word_1_645' title='bbox 3411 4166 3517 4221; x_wconf 87' lang='lat' dir='ltr'><strong>nisi</strong></span> 
     </span>
    </p>
   </div>
   <div class='ocr_carea' id='block_1_90' title="bbox 1946 4257 3518 4328">
    <p class='ocr_par' dir='ltr' id='par_1_90' title="bbox 1946 4257 3518 4328">
     <span class='ocr_line' id='line_1_90' title="bbox 1946 4257 3518 4328; baseline -0.003 -12"><span class='ocrx_word' id='word_1_646' title='bbox 1946 4261 2085 4315; x_wconf 87' lang='lat' dir='ltr'><strong>alius</strong></span> <span class='ocrx_word' id='word_1_647' title='bbox 2113 4260 2333 4328; x_wconf 86' lang='lat' dir='ltr'><strong>quidem</strong></span> <span class='ocrx_word' id='word_1_648' title='bbox 2370 4257 2657 4314; x_wconf 87' lang='lat' dir='ltr'><strong>antecedat</strong></span> <span class='ocrx_word' id='word_1_649' title='bbox 2683 4266 2859 4321; x_wconf 89' lang='lat' dir='ltr'><strong>actus,</strong></span> <span class='ocrx_word' id='word_1_650' title='bbox 2896 4258 2987 4326; x_wconf 88' lang='lat' dir='ltr'><strong>qui</strong></span> <span class='ocrx_word' id='word_1_651' title='bbox 3023 4259 3276 4312; x_wconf 86' lang='lat' dir='ltr'><strong>latentem</strong></span> <span class='ocrx_word' id='word_1_652' title='bbox 3331 4260 3518 4313; x_wconf 81' lang='lat' dir='ltr'><strong>occul-</strong></span> 
     </span>
    </p>
   </div>
   <div class='ocr_carea' id='block_1_91' title="bbox 1946 4349 3519 4422">
    <p class='ocr_par' dir='ltr' id='par_1_91' title="bbox 1946 4349 3519 4422">
     <span class='ocr_line' id='line_1_91' title="bbox 1946 4349 3519 4422; baseline -0.002 -14"><span class='ocrx_word' id='word_1_653' title='bbox 1946 4365 2174 4422; x_wconf 78' lang='lat' dir='ltr'><strong>tamque</strong></span> <span class='ocrx_word' id='word_1_654' title='bbox 2197 4352 2343 4407; x_wconf 90' lang='lat' dir='ltr'><strong>illam</strong></span> <span class='ocrx_word' id='word_1_655' title='bbox 2366 4352 2477 4405; x_wconf 91' lang='lat' dir='ltr'><strong>vim</strong></span> <span class='ocrx_word' id='word_1_656' title='bbox 2512 4351 2625 4405; x_wconf 90' lang='lat' dir='ltr'><strong>sive</strong></span> <span class='ocrx_word' id='word_1_657' title='bbox 2658 4350 2957 4420; x_wconf 88' lang='lat' dir='ltr'><strong>potentiam</strong></span> <span class='ocrx_word' id='word_1_658' title='bbox 2988 4349 3341 4404; x_wconf 58' lang='lat' dir='ltr'><strong>ad‘ail‘ectum</strong></span> <span class='ocrx_word' id='word_1_659' title='bbox 3402 4352 3519 4406; x_wconf 89' lang='lat' dir='ltr'><strong>sive</strong></span> 
     </span>
    </p>
   </div>
   <div class='ocr_carea' id='block_1_92' title="bbox 264 4439 3519 4518">
    <p class='ocr_par' dir='ltr' id='par_1_92' title="bbox 264 4439 3519 4518">
     <span class='ocr_line' id='line_1_92' title="bbox 264 4439 3519 4518; baseline 0.003 -28"><span class='ocrx_word' id='word_1_660' title='bbox 264 4451 445 4492; x_wconf 84' lang='lat' dir='ltr'><strong>actum</strong></span> <span class='ocrx_word' id='word_1_661' title='bbox 472 4439 734 4509; x_wconf 87' lang='lat' dir='ltr'><strong>impellat,</strong></span> <span class='ocrx_word' id='word_1_662' title='bbox 763 4451 817 4494; x_wconf 90' lang='lat' dir='ltr'><strong>et</strong></span> <span class='ocrx_word' id='word_1_663' title='bbox 844 4448 1177 4509; x_wconf 87' lang='lat' dir='ltr'><strong>promoveat.</strong></span> <span class='ocrx_word' id='word_1_664' title='bbox 1209 4442 1321 4499; x_wconf 84' lang='lat' dir='ltr'><strong>Hoc</strong></span> <span class='ocrx_word' id='word_1_665' title='bbox 1387 4445 1563 4514; x_wconf 84' lang='lat' dir='ltr'><strong>ipsum</strong></span> <span class='ocrx_word' id='word_1_666' title='bbox 1606 4446 1821 4502; x_wconf 77' lang='lat' dir='ltr'><strong>axioma</strong></span> <span class='ocrx_word' id='word_1_667' title='bbox 1875 4448 1931 4503; x_wconf 93' lang='lat' dir='ltr'><strong>in</strong></span> <span class='ocrx_word' id='word_1_668' title='bbox 1970 4449 2343 4518; x_wconf 82' lang='lat' dir='ltr'><strong>disputatione</strong></span> <span class='ocrx_word' id='word_1_669' title='bbox 2410 4446 2475 4500; x_wconf 90' lang='lat' dir='ltr'><strong>de</strong></span> <span class='ocrx_word' id='word_1_670' title='bbox 2506 4447 2838 4516; x_wconf 88' lang='lat' dir='ltr'><strong>sempiterno</strong></span> <span class='ocrx_word' id='word_1_671' title='bbox 2910 4456 3058 4500; x_wconf 91' lang='lat' dir='ltr'><strong>motu</strong></span> <span class='ocrx_word' id='word_1_672' title='bbox 3114 4459 3406 4514; x_wconf 87' lang='lat' dir='ltr'><strong>usurpans,</strong></span> <span class='ocrx_word' id='word_1_673' title='bbox 3462 4449 3519 4500; x_wconf 67' lang='lat' dir='ltr'><strong>et</strong></span> 
     </span>
    </p>
   </div>
   <div class='ocr_carea' id='block_1_93' title="bbox 264 4534 3519 4615">
    <p class='ocr_par' dir='ltr' id='par_1_93' title="bbox 264 4534 3519 4615">
     <span class='ocr_line' id='line_1_93' title="bbox 264 4534 3519 4615; baseline 0.002 -25"><span class='ocrx_word' id='word_1_674' title='bbox 264 4538 491 4591; x_wconf 84' lang='lat' dir='ltr'><strong>alterum</strong></span> <span class='ocrx_word' id='word_1_675' title='bbox 524 4536 675 4602; x_wconf 90' lang='lat' dir='ltr'><strong>illud,</strong></span> <span class='ocrx_word' id='word_1_676' title='bbox 731 4534 946 4592; x_wconf 88' lang='lat' dir='ltr'><strong>omnem</strong></span> <span class='ocrx_word' id='word_1_677' title='bbox 1002 4555 1222 4597; x_wconf 83' lang='lat' dir='ltr'><strong>causam</strong></span> <span class='ocrx_word' id='word_1_678' title='bbox 1285 4543 1599 4598; x_wconf 80' lang='lat' dir='ltr'><strong>necessario</strong></span> <span class='ocrx_word' id='word_1_679' title='bbox 1682 4558 1865 4610; x_wconf 79' lang='lat' dir='ltr'><strong>agere,</strong></span> <span class='ocrx_word' id='word_1_680' title='bbox 1910 4546 1998 4599; x_wconf 82' lang='lat' dir='ltr'><strong>°id</strong></span> <span class='ocrx_word' id='word_1_681' title='bbox 2060 4544 2206 4615; x_wconf 90' lang='lat' dir='ltr'><strong>quod</strong></span> <span class='ocrx_word' id='word_1_682' title='bbox 2278 4543 2410 4615; x_wconf 86' lang='lat' dir='ltr'><strong>agit,</strong></span> <span class='ocrx_word' id='word_1_683' title='bbox 2474 4541 2961 4613; x_wconf 86' lang='lat' dir='ltr'><strong>sempiternitatem</strong></span> <span class='ocrx_word' id='word_1_684' title='bbox 3040 4554 3221 4601; x_wconf 91' lang='lat' dir='ltr'><strong>motus</strong></span> <span class='ocrx_word' id='word_1_685' title='bbox 3286 4553 3519 4600; x_wconf 90' lang='lat' dir='ltr'><strong>conatur</strong></span> 
     </span>
    </p>
   </div>
   <div class='ocr_carea' id='block_1_94' title="bbox 260 4633 3515 4711">
    <p class='ocr_par' dir='ltr' id='par_1_94' title="bbox 260 4633 3515 4711">
     <span class='ocr_line' id='line_1_94' title="bbox 260 4633 3515 4711; baseline 0.001 -21"><span class='ocrx_word' id='word_1_686' title='bbox 260 4634 657 4690; x_wconf 84' lang='lat' dir='ltr'><strong>demonstrare.</strong></span> <span class='ocrx_word' id='word_1_687' title='bbox 686 4633 922 4690; x_wconf 85' lang='lat' dir='ltr'><strong>Proinde</strong></span> <span class='ocrx_word' id='word_1_688' title='bbox 958 4637 1002 4691; x_wconf 93' lang='lat' dir='ltr'><strong>si</strong></span> <span class='ocrx_word' id='word_1_689' title='bbox 1027 4638 1155 4706; x_wconf 86' lang='lat' dir='ltr'><strong>quid</strong></span> <span class='ocrx_word' id='word_1_690' title='bbox 1187 4639 1280 4692; x_wconf 83' lang='lat' dir='ltr'><strong>tiat</strong></span> <span class='ocrx_word' id='word_1_691' title='bbox 1308 4654 1373 4693; x_wconf 79' lang='lat' dir='ltr'><strong>ex</strong></span> <span class='ocrx_word' id='word_1_692' title='bbox 1409 4639 1475 4693; x_wconf 85' lang='lat' dir='ltr'><strong>iis</strong></span> <span class='ocrx_word' id='word_1_693' title='bbox 1500 4655 1621 4709; x_wconf 65' lang='lat' dir='ltr'><strong>quae</strong></span> <span class='ocrx_word' id='word_1_694' title='bbox 1671 4640 1830 4705; x_wconf 83' lang='lat' dir='ltr'><strong>ﬁunt,</strong></span> <span class='ocrx_word' id='word_1_695' title='bbox 1871 4641 1925 4695; x_wconf 87' lang='lat' dir='ltr'><strong>id</strong></span> <span class='ocrx_word' id='word_1_696' title='bbox 1955 4641 2133 4711; x_wconf 89' lang='lat' dir='ltr'><strong>ipsum</strong></span> <span class='ocrx_word' id='word_1_697' title='bbox 2158 4657 2222 4696; x_wconf 82' lang='lat' dir='ltr'><strong>ex</strong></span> <span class='ocrx_word' id='word_1_698' title='bbox 2250 4641 2489 4710; x_wconf 87' lang='lat' dir='ltr'><strong>potentia</strong></span> <span class='ocrx_word' id='word_1_699' title='bbox 2525 4642 2576 4693; x_wconf 93' lang='lat' dir='ltr'><strong>in</strong></span> <span class='ocrx_word' id='word_1_700' title='bbox 2601 4641 2775 4694; x_wconf 88' lang='lat' dir='ltr'><strong>lucem</strong></span> <span class='ocrx_word' id='word_1_701' title='bbox 2810 4640 3037 4709; x_wconf 79' lang='lat' dir='ltr'><strong>produci</strong></span> <span class='ocrx_word' id='word_1_702' title='bbox 3104 4654 3329 4695; x_wconf 88' lang='lat' dir='ltr'><strong>necesse</strong></span> <span class='ocrx_word' id='word_1_703' title='bbox 3391 4639 3515 4703; x_wconf 87' lang='lat' dir='ltr'><strong>erit,</strong></span> 
     </span>
    </p>
   </div>
   <div class='ocr_carea' id='block_1_95' title="bbox 263 4725 3513 4804">
    <p class='ocr_par' dir='ltr' id='par_1_95' title="bbox 263 4725 3513 4804">
     <span class='ocr_line' id='line_1_95' title="bbox 263 4725 3513 4804; baseline 0.004 -27"><span class='ocrx_word' id='word_1_704' title='bbox 263 4725 316 4780; x_wconf 91' lang='lat' dir='ltr'><strong>in</strong></span> <span class='ocrx_word' id='word_1_705' title='bbox 338 4742 497 4795; x_wconf 86' lang='lat' dir='ltr'><strong>quam</strong></span> <span class='ocrx_word' id='word_1_706' title='bbox 525 4742 689 4796; x_wconf 92' lang='lat' dir='ltr'><strong>porro</strong></span> <span class='ocrx_word' id='word_1_707' title='bbox 726 4743 998 4798; x_wconf 87' lang='lat' dir='ltr'><strong>nunquam</strong></span> <span class='ocrx_word' id='word_1_708' title='bbox 1030 4731 1383 4800; x_wconf 90' lang='lat' dir='ltr'><strong>producetur,</strong></span> <span class='ocrx_word' id='word_1_709' title='bbox 1411 4734 1515 4787; x_wconf 90' lang='lat' dir='ltr'><strong>nisi</strong></span> <span class='ocrx_word' id='word_1_710' title='bbox 1542 4734 1680 4790; x_wconf 90' lang='lat' dir='ltr'><strong>alius</strong></span> <span class='ocrx_word' id='word_1_711' title='bbox 1709 4736 1928 4804; x_wconf 87' lang='lat' dir='ltr'><strong>quidam</strong></span> <span class='ocrx_word' id='word_1_712' title='bbox 1961 4737 2246 4792; x_wconf 86' lang='lat' dir='ltr'><strong>antecedat</strong></span> <span class='ocrx_word' id='word_1_713' title='bbox 2274 4745 2453 4799; x_wconf 88' lang='lat' dir='ltr'><strong>actus,</strong></span> <span class='ocrx_word' id='word_1_714' title='bbox 2513 4736 2607 4804; x_wconf 91' lang='lat' dir='ltr'><strong>qui</strong></span> <span class='ocrx_word' id='word_1_715' title='bbox 2664 4734 2820 4788; x_wconf 86' lang='lat' dir='ltr'><strong>talem</strong></span> <span class='ocrx_word' id='word_1_716' title='bbox 2878 4736 3237 4789; x_wconf 81' lang='lat' dir='ltr'><strong>mutationem</strong></span> <span class='ocrx_word' id='word_1_717' title='bbox 3301 4736 3513 4791; x_wconf 83' lang='lat' dir='ltr'><strong>elllciat.</strong></span> 
     </span>
    </p>
   </div>
   <div class='ocr_carea' id='block_1_96' title="bbox 263 4815 3516 4898">
    <p class='ocr_par' dir='ltr' id='par_1_96' title="bbox 263 4815 3516 4898">
     <span class='ocr_line' id='line_1_96' title="bbox 263 4815 3516 4898; baseline 0.005 -31"><span class='ocrx_word' id='word_1_718' title='bbox 263 4815 433 4882; x_wconf 86' lang='lat' dir='ltr'><strong>Quem</strong></span> <span class='ocrx_word' id='word_1_719' title='bbox 468 4820 652 4889; x_wconf 90' lang='lat' dir='ltr'><strong>utique</strong></span> <span class='ocrx_word' id='word_1_720' title='bbox 707 4821 865 4873; x_wconf 86' lang='lat' dir='ltr'><strong>etiam</strong></span> <span class='ocrx_word' id='word_1_721' title='bbox 917 4822 1282 4892; x_wconf 82' lang='lat' dir='ltr'><strong>generationis</strong></span> <span class='ocrx_word' id='word_1_722' title='bbox 1323 4825 1699 4897; x_wconf 84' lang='lat' dir='ltr'><strong>cujuscunque</strong></span> <span class='ocrx_word' id='word_1_723' title='bbox 1754 4828 1831 4882; x_wconf 88' lang='lat' dir='ltr'><strong>rei</strong></span> <span class='ocrx_word' id='word_1_724' title='bbox 1874 4838 2150 4883; x_wconf 88' lang='lat' dir='ltr'><strong>auctorem</strong></span> <span class='ocrx_word' id='word_1_725' title='bbox 2182 4836 2235 4884; x_wconf 90' lang='lat' dir='ltr'><strong>et</strong></span> <span class='ocrx_word' id='word_1_726' title='bbox 2268 4843 2489 4882; x_wconf 89' lang='lat' dir='ltr'><strong>causam</strong></span> <span class='ocrx_word' id='word_1_727' title='bbox 2557 4826 2816 4882; x_wconf 89' lang='lat' dir='ltr'><strong>constitui</strong></span> <span class='ocrx_word' id='word_1_728' title='bbox 2884 4835 3120 4893; x_wconf 89' lang='lat' dir='ltr'><strong>oportet.</strong></span> <span class='ocrx_word' id='word_1_729' title='bbox 3188 4831 3362 4898; x_wconf 84' lang='lat' dir='ltr'><strong>A‘lque</strong></span> <span class='ocrx_word' id='word_1_730' title='bbox 3415 4831 3516 4884; x_wconf 88' lang='lat' dir='ltr'><strong>hoc</strong></span> 
     </span>
    </p>
   </div>
   <div class='ocr_carea' id='block_1_97' title="bbox 266 4911 3515 4993">
    <p class='ocr_par' dir='ltr' id='par_1_97' title="bbox 266 4911 3515 4993">
     <span class='ocr_line' id='line_1_97' title="bbox 266 4911 3515 4993; baseline 0.004 -30"><span class='ocrx_word' id='word_1_731' title='bbox 266 4912 423 4965; x_wconf 89' lang='lat' dir='ltr'><strong>modo</strong></span> <span class='ocrx_word' id='word_1_732' title='bbox 453 4911 585 4964; x_wconf 91' lang='lat' dir='ltr'><strong>nihil</strong></span> <span class='ocrx_word' id='word_1_733' title='bbox 617 4927 857 4981; x_wconf 81' lang='lat' dir='ltr'><strong>unquam</strong></span> <span class='ocrx_word' id='word_1_734' title='bbox 896 4915 1223 4979; x_wconf 82' lang='lat' dir='ltr'><strong>invenietur,</strong></span> <span class='ocrx_word' id='word_1_735' title='bbox 1281 4918 1427 4987; x_wconf 90' lang='lat' dir='ltr'><strong>quod</strong></span> <span class='ocrx_word' id='word_1_736' title='bbox 1493 4920 1611 4974; x_wconf 83' lang='lat' dir='ltr'><strong>sine</strong></span> <span class='ocrx_word' id='word_1_737' title='bbox 1654 4936 1817 4975; x_wconf 89' lang='lat' dir='ltr'><strong>causa</strong></span> <span class='ocrx_word' id='word_1_738' title='bbox 1861 4922 1975 4976; x_wconf 89' lang='lat' dir='ltr'><strong>tieri</strong></span> <span class='ocrx_word' id='word_1_739' title='bbox 2036 4923 2141 4978; x_wconf 84' lang='lat' dir='ltr'><strong>dici</strong></span> <span class='ocrx_word' id='word_1_740' title='bbox 2216 4922 2410 4991; x_wconf 89' lang='lat' dir='ltr'><strong>possit.</strong></span> <span class='ocrx_word' id='word_1_741' title='bbox 2452 4921 2663 4987; x_wconf 88' lang='lat' dir='ltr'><strong>Quibus</strong></span> <span class='ocrx_word' id='word_1_742' title='bbox 2702 4922 3089 4979; x_wconf 70' lang='lat' dir='ltr'><strong>detnmnstratis</strong></span> <span class='ocrx_word' id='word_1_743' title='bbox 3118 4932 3342 4993; x_wconf 78' lang='lat' dir='ltr'><strong>apparet</strong></span> <span class='ocrx_word' id='word_1_744' title='bbox 3404 4925 3515 4977; x_wconf 90' lang='lat' dir='ltr'><strong>evi-</strong></span> 
     </span>
    </p>
   </div>
   <div class='ocr_carea' id='block_1_98' title="bbox 263 5002 3511 5086">
    <p class='ocr_par' dir='ltr' id='par_1_98' title="bbox 263 5002 3511 5086">
     <span class='ocr_line' id='line_1_98' title="bbox 263 5002 3511 5086; baseline 0.005 -31"><span class='ocrx_word' id='word_1_745' title='bbox 263 5002 577 5057; x_wconf 87' lang='lat' dir='ltr'><strong>dentissime</strong></span> <span class='ocrx_word' id='word_1_746' title='bbox 606 5005 946 5059; x_wconf 80' lang='lat' dir='ltr'><strong>Aristotelem</strong></span> <span class='ocrx_word' id='word_1_747' title='bbox 972 5007 1023 5060; x_wconf 94' lang='lat' dir='ltr'><strong>in</strong></span> <span class='ocrx_word' id='word_1_748' title='bbox 1048 5022 1113 5061; x_wconf 93' lang='lat' dir='ltr'><strong>eo</strong></span> <span class='ocrx_word' id='word_1_749' title='bbox 1135 5024 1317 5078; x_wconf 82' lang='lat' dir='ltr'><strong>opere,</strong></span> <span class='ocrx_word' id='word_1_750' title='bbox 1347 5013 1491 5079; x_wconf 83' lang='lat' dir='ltr'><strong>quod</strong></span> <span class='ocrx_word' id='word_1_751' title='bbox 1519 5012 1586 5067; x_wconf 89' lang='lat' dir='ltr'><strong>de</strong></span> <span class='ocrx_word' id='word_1_752' title='bbox 1609 5013 1672 5067; x_wconf 88' lang='lat' dir='ltr'><strong>iis</strong></span> <span class='ocrx_word' id='word_1_753' title='bbox 1702 5030 1827 5081; x_wconf 71' lang='lat' dir='ltr'><strong>qua:</strong></span> <span class='ocrx_word' id='word_1_754' title='bbox 1866 5029 1954 5071; x_wconf 90' lang='lat' dir='ltr'><strong>res</strong></span> <span class='ocrx_word' id='word_1_755' title='bbox 1990 5016 2243 5086; x_wconf 87' lang='lat' dir='ltr'><strong>physicas</strong></span> <span class='ocrx_word' id='word_1_756' title='bbox 2272 5026 2692 5085; x_wconf 86' lang='lat' dir='ltr'><strong>consequuntur</strong></span> <span class='ocrx_word' id='word_1_757' title='bbox 2718 5017 2936 5071; x_wconf 76' lang='lat' dir='ltr'><strong>inscribi</strong></span> <span class='ocrx_word' id='word_1_758' title='bbox 2965 5018 3123 5083; x_wconf 88' lang='lat' dir='ltr'><strong>solet,</strong></span> <span class='ocrx_word' id='word_1_759' title='bbox 3164 5018 3302 5070; x_wconf 89' lang='lat' dir='ltr'><strong>inter</strong></span> <span class='ocrx_word' id='word_1_760' title='bbox 3373 5015 3511 5073; x_wconf 85' lang='lat' dir='ltr'><strong>alios</strong></span> 
     </span>
    </p>
   </div>
   <div class='ocr_carea' id='block_1_99' title="bbox 265 5094 2255 5175">
    <p class='ocr_par' dir='ltr' id='par_1_99' title="bbox 265 5094 2255 5175">
     <span class='ocr_line' id='line_1_99' title="bbox 265 5094 2255 5175; baseline 0.006 -28"><span class='ocrx_word' id='word_1_761' title='bbox 265 5094 463 5150; x_wconf 88' lang='lat' dir='ltr'><strong>multos</strong></span> <span class='ocrx_word' id='word_1_762' title='bbox 488 5109 625 5165; x_wconf 86' lang='lat' dir='ltr'><strong>quos</strong></span> <span class='ocrx_word' id='word_1_763' title='bbox 657 5099 929 5166; x_wconf 83' lang='lat' dir='ltr'><strong>eongessit</strong></span> <span class='ocrx_word' id='word_1_764' title='bbox 958 5113 1172 5154; x_wconf 80' lang='lat' dir='ltr'><strong>errores</strong></span> <span class='ocrx_word' id='word_1_765' title='bbox 1206 5103 1258 5154; x_wconf 87' lang='lat' dir='ltr'><strong>in</strong></span> <span class='ocrx_word' id='word_1_766' title='bbox 1294 5102 1394 5157; x_wconf 90' lang='lat' dir='ltr'><strong>hac</strong></span> <span class='ocrx_word' id='word_1_767' title='bbox 1430 5118 1487 5157; x_wconf 91' lang='lat' dir='ltr'><strong>re</strong></span> <span class='ocrx_word' id='word_1_768' title='bbox 1514 5104 1829 5175; x_wconf 88' lang='lat' dir='ltr'><strong>turpissime</strong></span> <span class='ocrx_word' id='word_1_769' title='bbox 1867 5106 2081 5175; x_wconf 91' lang='lat' dir='ltr'><strong>lapsum</strong></span> <span class='ocrx_word' id='word_1_770' title='bbox 2115 5121 2255 5161; x_wconf 88' lang='lat' dir='ltr'><strong>esse.</strong></span> 
     </span>
    </p>
   </div>
   <div class='ocr_carea' id='block_1_100' title="bbox 866 5191 1270 5249">
    <p class='ocr_par' dir='ltr' id='par_1_100' title="bbox 866 5191 1270 5249">
     <span class='ocr_line' id='line_1_100' title="bbox 866 5191 1270 5249; baseline 0.007 -5"><span class='ocrx_word' id='word_1_771' title='bbox 866 5191 1119 5247; x_wconf 82' lang='grc' dir='ltr'>ΚΕΦΑΛ.</span> <span class='ocrx_word' id='word_1_772' title='bbox 1150 5193 1270 5249; x_wconf 80' lang='grc' dir='ltr'>ΙΘ’..</span> 
     </span>
    </p>
   </div>
   <div class='ocr_carea' id='block_1_101' title="bbox 335 5276 1838 5363">
    <p class='ocr_par' dir='ltr' id='par_1_101' title="bbox 335 5276 1838 5363">
     <span class='ocr_line' id='line_1_101' title="bbox 335 5276 1838 5363; baseline 0.008 -28"><span class='ocrx_word' id='word_1_773' title='bbox 335 5282 543 5352; x_wconf 74' lang='grc' dir='ltr'>Εὖηθες</span> <span class='ocrx_word' id='word_1_774' title='bbox 562 5282 607 5336; x_wconf 87' lang='grc' dir='ltr'>δ’</span> <span class='ocrx_word' id='word_1_775' title='bbox 632 5283 797 5336; x_wconf 80' lang='grc' dir='ltr'>αὑτοῦ</span> <span class='ocrx_word' id='word_1_776' title='bbox 835 5284 929 5337; x_wconf 73' lang='grc' dir='ltr'>καὶ</span> <span class='ocrx_word' id='word_1_777' title='bbox 974 5285 1033 5337; x_wconf 85' lang='grc' dir='ltr'>τὸ</span> <span class='ocrx_word' id='word_1_778' title='bbox 1064 5288 1127 5356; x_wconf 79' lang='grc' dir='ltr'><strong>τῇ</strong></span> <span class='ocrx_word' id='word_1_779' title='bbox 1166 5291 1369 5357; x_wconf 81' lang='grc' dir='ltr'>φυσικῇ</span> <span class='ocrx_word' id='word_1_780' title='bbox 1415 5276 1612 5357; x_wconf 73' lang='grc' dir='ltr'>ἐκεῖνό,</span> <span class='ocrx_word' id='word_1_781' title='bbox 1645 5292 1707 5345; x_wconf 76' lang='grc' dir='ltr'>τὸ</span> <span class='ocrx_word' id='word_1_782' title='bbox 1739 5292 1838 5363; x_wconf 84' lang='grc' dir='ltr'>τὴν</span> 
     </span>
    </p>
   </div>
   <div class='ocr_carea' id='block_1_102' title="bbox 273 5373 1843 5452">
    <p class='ocr_par' dir='ltr' id='par_1_102' title="bbox 273 5373 1843 5452">
     <span class='ocr_line' id='line_1_102' title="bbox 273 5373 1843 5452; baseline 0.008 -28"><span class='ocrx_word' id='word_1_783' title='bbox 273 5375 486 5443; x_wconf 80' lang='grc' dir='ltr'>κίνησιν</span> <span class='ocrx_word' id='word_1_784' title='bbox 521 5373 597 5444; x_wconf 82' lang='grc' dir='ltr'>μὴ</span> <span class='ocrx_word' id='word_1_785' title='bbox 637 5376 967 5444; x_wconf 83' lang='grc' dir='ltr'>συγχωρεῖν,</span> <span class='ocrx_word' id='word_1_786' title='bbox 1002 5376 1187 5448; x_wconf 82' lang='grc' dir='ltr'>διττήν</span> <span class='ocrx_word' id='word_1_787' title='bbox 1216 5396 1274 5432; x_wconf 88' lang='grc' dir='ltr'><strong>τε</strong></span> <span class='ocrx_word' id='word_1_788' title='bbox 1306 5374 1445 5433; x_wconf 77' lang='grc' dir='ltr'>εἶναι</span> <span class='ocrx_word' id='word_1_789' title='bbox 1488 5383 1581 5435; x_wconf 78' lang='grc' dir='ltr'>καὶ</span> <span class='ocrx_word' id='word_1_790' title='bbox 1627 5382 1843 5452; x_wconf 80' lang='grc' dir='ltr'>ὁμώνυ-</span> 
     </span>
    </p>
   </div>
   <div class='ocr_carea' id='block_1_103' title="bbox 268 5465 1839 5543">
    <p class='ocr_par' dir='ltr' id='par_1_103' title="bbox 268 5465 1839 5543">
     <span class='ocr_line' id='line_1_103' title="bbox 268 5465 1839 5543; baseline 0.007 -27"><span class='ocrx_word' id='word_1_791' title='bbox 268 5483 387 5534; x_wconf 83' lang='grc' dir='ltr'>μον,</span> <span class='ocrx_word' id='word_1_792' title='bbox 427 5465 524 5533; x_wconf 78' lang='grc' dir='ltr'>τὴν</span> <span class='ocrx_word' id='word_1_793' title='bbox 561 5467 661 5535; x_wconf 84' lang='grc' dir='ltr'>μὲν</span> <span class='ocrx_word' id='word_1_794' title='bbox 702 5466 1004 5537; x_wconf 74' lang='grc' dir='ltr'>δραστικὴν</span> <span class='ocrx_word' id='word_1_795' title='bbox 1047 5469 1107 5521; x_wconf 89' lang='grc' dir='ltr'><strong>τέ</strong></span> <span class='ocrx_word' id='word_1_796' title='bbox 1157 5488 1278 5523; x_wconf 91' lang='grc' dir='ltr'>τινα</span> <span class='ocrx_word' id='word_1_797' title='bbox 1314 5473 1409 5526; x_wconf 76' lang='grc' dir='ltr'>καὶ</span> <span class='ocrx_word' id='word_1_798' title='bbox 1449 5474 1507 5525; x_wconf 84' lang='grc' dir='ltr'>ἐν</span> <span class='ocrx_word' id='word_1_799' title='bbox 1538 5473 1614 5543; x_wconf 82' lang='grc' dir='ltr'>τῷ</span> <span class='ocrx_word' id='word_1_800' title='bbox 1657 5491 1839 5527; x_wconf 85' lang='grc' dir='ltr'>κινου-</span> 
     </span>
    </p>
   </div>
   <div class='ocr_carea' id='block_1_104' title="bbox 268 5557 1837 5635">
    <p class='ocr_par' dir='ltr' id='par_1_104' title="bbox 268 5557 1837 5635">
     <span class='ocr_line' id='line_1_104' title="bbox 268 5557 1837 5635; baseline 0.008 -29"><span class='ocrx_word' id='word_1_801' title='bbox 268 5558 432 5625; x_wconf 79' lang='grc' dir='ltr'>μένῳ.</span> <span class='ocrx_word' id='word_1_802' title='bbox 457 5557 649 5610; x_wconf 68' lang='grc' dir='ltr'>Καίτοι</span> <span class='ocrx_word' id='word_1_803' title='bbox 668 5557 777 5610; x_wconf 84' lang='grc' dir='ltr'><strong>τῶν</strong></span> <span class='ocrx_word' id='word_1_804' title='bbox 803 5574 866 5626; x_wconf 90' lang='grc' dir='ltr'><strong>γε</strong></span> <span class='ocrx_word' id='word_1_805' title='bbox 895 5559 1179 5629; x_wconf 84' lang='grc' dir='ltr'>δυνάμεων</span> <span class='ocrx_word' id='word_1_806' title='bbox 1198 5563 1307 5615; x_wconf 83' lang='grc' dir='ltr'>τῶν</span> <span class='ocrx_word' id='word_1_807' title='bbox 1324 5565 1452 5633; x_wconf 68' lang='grc' dir='ltr'>περὶ</span> <span class='ocrx_word' id='word_1_808' title='bbox 1482 5566 1697 5635; x_wconf 64' lang='grc' dir='ltr'>κίνησιν</span> <span class='ocrx_word' id='word_1_809' title='bbox 1730 5566 1837 5619; x_wconf 90' lang='grc' dir='ltr'>διτ-</span> 
     </span>
    </p>
   </div>
   <div class='ocr_carea' id='block_1_105' title="bbox 266 5647 1833 5724">
    <p class='ocr_par' dir='ltr' id='par_1_105' title="bbox 266 5647 1833 5724">
     <span class='ocr_line' id='line_1_105' title="bbox 266 5647 1833 5724; baseline 0.007 -28"><span class='ocrx_word' id='word_1_810' title='bbox 266 5648 371 5697; x_wconf 82' lang='grc' dir='ltr'>τῶν</span> <span class='ocrx_word' id='word_1_811' title='bbox 412 5650 443 5715; x_wconf 83' lang='grc' dir='ltr'>ἡ</span> <span class='ocrx_word' id='word_1_812' title='bbox 496 5647 595 5716; x_wconf 80' lang='grc' dir='ltr'>μὲν</span> <span class='ocrx_word' id='word_1_813' title='bbox 648 5650 901 5717; x_wconf 81' lang='grc' dir='ltr'>κινητικὴ</span> <span class='ocrx_word' id='word_1_814' title='bbox 967 5651 1058 5703; x_wconf 74' lang='grc' dir='ltr'><strong>καὶ</strong></span> <span class='ocrx_word' id='word_1_815' title='bbox 1114 5652 1169 5703; x_wconf 70' lang='grc' dir='ltr'>ἒν</span> <span class='ocrx_word' id='word_1_816' title='bbox 1219 5652 1297 5719; x_wconf 83' lang='grc' dir='ltr'>τῷ</span> <span class='ocrx_word' id='word_1_817' title='bbox 1347 5656 1647 5719; x_wconf 75' lang='grc' dir='ltr'>κινήσοντι,</span> <span class='ocrx_word' id='word_1_818' title='bbox 1698 5657 1728 5724; x_wconf 79' lang='grc' dir='ltr'>ἡ</span> <span class='ocrx_word' id='word_1_819' title='bbox 1777 5654 1833 5707; x_wconf 82' lang='grc' dir='ltr'>δὲ</span> 
     </span>
    </p>
   </div>
   <div class='ocr_carea' id='block_1_106' title="bbox 272 5739 1824 5815">
    <p class='ocr_par' dir='ltr' id='par_1_106' title="bbox 272 5739 1824 5815">
     <span class='ocr_line' id='line_1_106' title="bbox 272 5739 1824 5815; baseline 0.006 -26"><span class='ocrx_word' id='word_1_820' title='bbox 272 5739 545 5808; x_wconf 75' lang='grc' dir='ltr'>παθητικὴ</span> <span class='ocrx_word' id='word_1_821' title='bbox 600 5744 690 5793; x_wconf 75' lang='grc' dir='ltr'>καὶ</span> <span class='ocrx_word' id='word_1_822' title='bbox 746 5742 801 5795; x_wconf 78' lang='grc' dir='ltr'>ὲν</span> <span class='ocrx_word' id='word_1_823' title='bbox 850 5741 926 5811; x_wconf 82' lang='grc' dir='ltr'>τῷ</span> <span class='ocrx_word' id='word_1_824' title='bbox 980 5743 1397 5815; x_wconf 72' lang='grc' dir='ltr'>κινηθησομέψρ</span> <span class='ocrx_word' id='word_1_825' title='bbox 1466 5747 1573 5800; x_wconf 77' lang='grc' dir='ltr'>δέοι</span> <span class='ocrx_word' id='word_1_826' title='bbox 1622 5746 1684 5800; x_wconf 74' lang='grc' dir='ltr'>ἂν</span> <span class='ocrx_word' id='word_1_827' title='bbox 1734 5749 1824 5799; x_wconf 74' lang='grc' dir='ltr'>καὶ</span> 
     </span>
    </p>
   </div>
   <div class='ocr_carea' id='block_1_107' title="bbox 2573 5202 2875 5257">
    <p class='ocr_par' dir='ltr' id='par_1_107' title="bbox 2573 5202 2875 5257">
     <span class='ocr_line' id='line_1_107' title="bbox 2573 5202 2875 5257; baseline -0.003 0"><span class='ocrx_word' id='word_1_828' title='bbox 2573 5202 2875 5257; x_wconf 79' lang='lat' dir='ltr'><strong>CAP.XIX.</strong></span> 
     </span>
    </p>
   </div>
   <div class='ocr_carea' id='block_1_108' title="bbox 2018 5292 3507 5362">
    <p class='ocr_par' dir='ltr' id='par_1_108' title="bbox 2018 5292 3507 5362">
     <span class='ocr_line' id='line_1_108' title="bbox 2018 5292 3507 5362; baseline 0 -15"><span class='ocrx_word' id='word_1_829' title='bbox 2018 5293 2202 5362; x_wconf 85' lang='lat' dir='ltr'><strong>Neque</strong></span> <span class='ocrx_word' id='word_1_830' title='bbox 2234 5293 2365 5348; x_wconf 90' lang='lat' dir='ltr'><strong>illud</strong></span> <span class='ocrx_word' id='word_1_831' title='bbox 2399 5295 2678 5355; x_wconf 76' lang='lat' dir='ltr'><strong>sapientia:</strong></span> <span class='ocrx_word' id='word_1_832' title='bbox 2712 5294 2994 5361; x_wconf 81' lang='lat' dir='ltr'><strong>cujusdam</strong></span> <span class='ocrx_word' id='word_1_833' title='bbox 3038 5292 3198 5346; x_wconf 86' lang='lat' dir='ltr'><strong>habet</strong></span> <span class='ocrx_word' id='word_1_834' title='bbox 3248 5293 3507 5360; x_wconf 83' lang='lat' dir='ltr'><strong>speciem,</strong></span> 
     </span>
    </p>
   </div>
   <div class='ocr_carea' id='block_1_109' title="bbox 1943 5382 3505 5455">
    <p class='ocr_par' dir='ltr' id='par_1_109' title="bbox 1943 5382 3505 5455">
     <span class='ocr_line' id='line_1_109' title="bbox 1943 5382 3505 5455; baseline 0.003 -19"><span class='ocrx_word' id='word_1_835' title='bbox 1943 5387 2086 5453; x_wconf 89' lang='lat' dir='ltr'><strong>quod</strong></span> <span class='ocrx_word' id='word_1_836' title='bbox 2125 5385 2264 5439; x_wconf 86' lang='lat' dir='ltr'><strong>idem</strong></span> <span class='ocrx_word' id='word_1_837' title='bbox 2295 5385 2614 5439; x_wconf 84' lang='lat' dir='ltr'><strong>Aristoteles</strong></span> <span class='ocrx_word' id='word_1_838' title='bbox 2655 5386 2707 5438; x_wconf 88' lang='lat' dir='ltr'><strong>in</strong></span> <span class='ocrx_word' id='word_1_839' title='bbox 2746 5385 2984 5455; x_wconf 81' lang='lat' dir='ltr'><strong>physicis</strong></span> <span class='ocrx_word' id='word_1_840' title='bbox 3036 5382 3216 5448; x_wconf 88' lang='lat' dir='ltr'><strong>docet,</strong></span> <span class='ocrx_word' id='word_1_841' title='bbox 3254 5386 3341 5437; x_wconf 83' lang='lat' dir='ltr'><strong>ubi</strong></span> <span class='ocrx_word' id='word_1_842' title='bbox 3390 5401 3505 5441; x_wconf 86' lang='lat' dir='ltr'><strong>mo—</strong></span> 
     </span>
    </p>
   </div>
   <div class='ocr_carea' id='block_1_110' title="bbox 1942 5474 3541 5545">
    <p class='ocr_par' dir='ltr' id='par_1_110' title="bbox 1942 5474 3541 5545">
     <span class='ocr_line' id='line_1_110' title="bbox 1942 5474 3541 5545; baseline 0.004 -18"><span class='ocrx_word' id='word_1_843' title='bbox 1942 5482 2051 5527; x_wconf 87' lang='lat' dir='ltr'><strong>tum</strong></span> <span class='ocrx_word' id='word_1_844' title='bbox 2101 5489 2206 5527; x_wconf 89' lang='lat' dir='ltr'><strong>non</strong></span> <span class='ocrx_word' id='word_1_845' title='bbox 2242 5474 2492 5528; x_wconf 89' lang='lat' dir='ltr'><strong>concedit</strong></span> <span class='ocrx_word' id='word_1_846' title='bbox 2550 5489 2670 5529; x_wconf 82' lang='lat' dir='ltr'><strong>esse</strong></span> <span class='ocrx_word' id='word_1_847' title='bbox 2728 5475 2995 5543; x_wconf 88' lang='lat' dir='ltr'><strong>duplicem</strong></span> <span class='ocrx_word' id='word_1_848' title='bbox 3028 5482 3081 5528; x_wconf 90' lang='lat' dir='ltr'><strong>et</strong></span> <span class='ocrx_word' id='word_1_849' title='bbox 3139 5478 3541 5545; x_wconf 49' lang='lat' dir='ltr'><strong>aequivocum,‘</strong></span> 
     </span>
    </p>
   </div>
   <div class='ocr_carea' id='block_1_111' title="bbox 1938 5566 3506 5635">
    <p class='ocr_par' dir='ltr' id='par_1_111' title="bbox 1938 5566 3506 5635">
     <span class='ocr_line' id='line_1_111' title="bbox 1938 5566 3506 5635; baseline 0.003 -15"><span class='ocrx_word' id='word_1_850' title='bbox 1938 5568 2102 5620; x_wconf 87' lang='lat' dir='ltr'><strong>alium</strong></span> <span class='ocrx_word' id='word_1_851' title='bbox 2123 5566 2338 5635; x_wconf 89' lang='lat' dir='ltr'><strong>quidem</strong></span> <span class='ocrx_word' id='word_1_852' title='bbox 2357 5567 2592 5619; x_wconf 88' lang='lat' dir='ltr'><strong>activum</strong></span> <span class='ocrx_word' id='word_1_853' title='bbox 2616 5566 2706 5635; x_wconf 92' lang='lat' dir='ltr'><strong>qui</strong></span> <span class='ocrx_word' id='word_1_854' title='bbox 2725 5576 2807 5621; x_wconf 88' lang='lat' dir='ltr'><strong>est</strong></span> <span class='ocrx_word' id='word_1_855' title='bbox 2831 5566 2880 5619; x_wconf 92' lang='lat' dir='ltr'><strong>in</strong></span> <span class='ocrx_word' id='word_1_856' title='bbox 2906 5578 3170 5629; x_wconf 89' lang='lat' dir='ltr'><strong>movente,</strong></span> <span class='ocrx_word' id='word_1_857' title='bbox 3191 5568 3357 5622; x_wconf 91' lang='lat' dir='ltr'><strong>alium</strong></span> <span class='ocrx_word' id='word_1_858' title='bbox 3377 5587 3506 5626; x_wconf 85' lang='lat' dir='ltr'><strong>vero</strong></span> 
     </span>
    </p>
   </div>
   <div class='ocr_carea' id='block_1_112' title="bbox 1939 5657 3501 5731">
    <p class='ocr_par' dir='ltr' id='par_1_112' title="bbox 1939 5657 3501 5731">
     <span class='ocr_line' id='line_1_112' title="bbox 1939 5657 3501 5731; baseline 0.006 -24"><span class='ocrx_word' id='word_1_859' title='bbox 1939 5659 2237 5727; x_wconf 83' lang='lat' dir='ltr'><strong>passivum,</strong></span> <span class='ocrx_word' id='word_1_860' title='bbox 2260 5657 2350 5726; x_wconf 90' lang='lat' dir='ltr'><strong>qui</strong></span> <span class='ocrx_word' id='word_1_861' title='bbox 2375 5670 2458 5712; x_wconf 87' lang='lat' dir='ltr'><strong>cst</strong></span> <span class='ocrx_word' id='word_1_862' title='bbox 2484 5658 2534 5711; x_wconf 92' lang='lat' dir='ltr'><strong>in</strong></span> <span class='ocrx_word' id='word_1_863' title='bbox 2562 5673 2627 5712; x_wconf 90' lang='lat' dir='ltr'><strong>eo</strong></span> <span class='ocrx_word' id='word_1_864' title='bbox 2651 5659 2792 5727; x_wconf 84' lang='lat' dir='ltr'><strong>quod</strong></span> <span class='ocrx_word' id='word_1_865' title='bbox 2829 5668 3097 5714; x_wconf 85' lang='lat' dir='ltr'><strong>movetur.</strong></span> <span class='ocrx_word' id='word_1_866' title='bbox 3147 5661 3312 5731; x_wconf 80' lang='lat' dir='ltr'><strong>Atqui</strong></span> <span class='ocrx_word' id='word_1_867' title='bbox 3377 5680 3501 5719; x_wconf 84' lang='lat' dir='ltr'><strong>eum</strong></span> 
     </span>
    </p>
   </div>
   <div class='ocr_carea' id='block_1_113' title="bbox 1933 5748 3499 5826">
    <p class='ocr_par' dir='ltr' id='par_1_113' title="bbox 1933 5748 3499 5826">
     <span class='ocr_line' id='line_1_113' title="bbox 1933 5748 3499 5826; baseline 0.004 -22"><span class='ocrx_word' id='word_1_868' title='bbox 1933 5750 2041 5804; x_wconf 85' lang='lat' dir='ltr'><strong>sint</strong></span> <span class='ocrx_word' id='word_1_869' title='bbox 2076 5748 2329 5817; x_wconf 82' lang='lat' dir='ltr'><strong>potentiae</strong></span> <span class='ocrx_word' id='word_1_870' title='bbox 2358 5748 2501 5805; x_wconf 78' lang='lat' dir='ltr'><strong>circa</strong></span> <span class='ocrx_word' id='word_1_871' title='bbox 2558 5760 2762 5807; x_wconf 87' lang='lat' dir='ltr'><strong>motum</strong></span> <span class='ocrx_word' id='word_1_872' title='bbox 2814 5751 3073 5823; x_wconf 81' lang='lat' dir='ltr'><strong>duplices,</strong></span> <span class='ocrx_word' id='word_1_873' title='bbox 3112 5770 3218 5810; x_wconf 83' lang='lat' dir='ltr'><strong>una</strong></span> <span class='ocrx_word' id='word_1_874' title='bbox 3278 5756 3499 5826; x_wconf 84' lang='lat' dir='ltr'><strong>quidem</strong></span> 
     </span>
    </p>
   </div>
  </div>
