3858 6202
434 249 542 313 915
1671 260 2000 321 GEORGII
2032 261 2474 323 PLETHONIS
3529 264 3606 325 9l6

429 364 629 418 motiva
662 380 782 435 quae
808 376 891 420 est
948 363 1000 418 in
1050 379 1115 420 eo
1161 364 1310 435 quod
1360 367 1619 433 movebit,
1665 368 1770 422 alia
1821 378 1947 424 aute

2108 372 2389 442 ἐνέργειαν
2420 372 2646 426 ταύταιν
2686 370 2927 444 ἑκατέρᾳ
2978 372 3314 443 κατάλληλον
3343 375 3605 437 ἀποδιδόναι,

428 452 664 519 passiva,
701 463 929 520 quaeest
981 453 1036 507 in
1090 468 1154 508 eo
1204 455 1347 523 quod
1399 457 1724 535 movebitur,
1790 469 1947 529 oport

2110 468 2175 537 τῇ
2210 468 2309 536 μὲν
2334 470 2589 539 κινητικῇ
2618 468 2847 538 δυνάμει
2872 468 2972 537 τὴν
3001 467 3296 537 δραστικὴν
3343 468 3543 541 κίνησιν,
3561 475 3607 541 τῇ

428 539 671 608 profecto
705 543 867 593 etiam
900 549 1078 595 actum
1117 543 1381 598 constitui
1410 544 1680 615 duplicem
1718 550 1812 616 qui
1870 558 1951 603 utr

2108 558 2167 613 δὲ
2220 561 2420 629 κινηκῇ
2484 561 2582 631 τὴν
2642 559 2975 629 παθητικήν.
3018 558 3205 613 -Ἃλλά
3268 539 3453 623 δέδιεν,

429 645 530 699 que
562 631 814 699 potentiae
839 632 1283 703 correspondeat,
1322 638 1537 692 motivaa
1561 637 1780 707 quidem
1806 648 1952 708 potet

2105 650 2370 720 δραστικὴ
2413 648 2551 720 αὕτη
2570 651 2784 720 κίνησις
2816 646 2949 703 οὖσα
2985 649 3101 703 ἔσθ’
3128 650 3215 702 ὅτε
3261 654 3319 702 οὒ
3358 631 3606 720 κινήσηταιέ

426 724 535 789 tim,
601 724 836 779 activum
892 736 1123 792 motum,
1176 729 1331 783 alteri
1398 740 1575 784 autem
1628 746 1749 801 qua:
1795 747 1949 787 move

2120 740 2298 805 ’Λδεὲς
2326 741 2371 793 δ’
2393 741 2467 804 ὡς
2489 741 2675 805 δεδιώς
2698 758 2716 810 ;
2742 742 2806 794 Τί
2840 741 2944 812 γὰρ
2975 741 3037 794 τὸ
3064 739 3302 795 κωλῦσον
3330 739 3419 810 τὴν
3444 741 3610 811 δραστι-

427 817 618 871 idonea
643 824 743 882 est,
781 819 1079 885 passivum.
1118 819 1220 874 Sed
1250 821 1539 877 timuitille
1568 838 1637 877 ne
1664 823 1749 877 hic
1791 824 1950 879 activi

2108 832 2211 902 κὴν
2243 833 2448 903 ταύτην
2479 834 2695 902 κίνησιν
2734 834 2828 888 καὶ
2863 833 3125 889 κινοῦσαν
3175 834 3334 904 αὐτὴν
3374 832 3441 903 μὴ
3479 836 3607 887 κινεί-

427 916 628 974 motus,
658 919 837 963 motus
867 925 990 963 cum
1044 910 1137 973 sit,
1199 912 1493 982 aliquando
1538 928 1644 967 non
1698 924 1946 971 moveatu

2110 924 2268 988 σθαι;
2301 923 2455 987 ὄντος
2484 924 2616 977 ποτὲ
2644 925 2739 979 τοῦ
2767 926 3048 987 κινοῦντος
3086 925 3339 995 ἀκινήτου
3370 940 3384 989 ;
3418 922 3511 993 Τὴν
3539 926 3607 994 μὲν

426 1000 495 1051 At
532 1002 712 1054 timuit
754 1001 863 1065 ille,
892 1003 1035 1071 quod
1058 1004 1593 1060 minimetimendum
1624 1004 1837 1061 fuisset.
1859 1007 1939 1072 Qu

2108 1015 2218 1083 γὰρ
2249 1014 2565 1086 παθητικὴν
2595 1018 2693 1087 οὐχ
2720 1014 2834 1071 οἷόν
2868 1034 2947 1070 τε.
2983 1016 3063 1087 Τῇ
3087 1017 3143 1070 δὲ
3170 1015 3416 1088 δραστικῇ
3436 1016 3480 1069 τί
3495 1016 3607 1070 ἔσται

426 1092 568 1163 enim
600 1093 850 1161 prohibet
881 1094 1123 1147 activqu
1152 1095 1302 1148 illum
1356 1106 1563 1151 motum
1619 1109 1671 1152 et
1725 1114 1848 1152 eum
1908 1116 1940 1170 q

2106 1106 2167 1158 τὸ
2200 1107 2473 1176 ἐμποδών.
2510 1108 2597 1161 Ἑν
2626 1111 2838 1174 τούτοις
2867 1110 3031 1178 ἡμεῖς
3062 1107 3393 1178 Ἀριστοτέλη
3421 1106 3606 1176 ἀμαθαί-

429 1191 630 1247 movet,
650 1199 758 1237 non
788 1186 992 1239 moveri
1017 1188 1180 1241 ?cum
1222 1189 1268 1242 is
1292 1189 1384 1257 qui
1414 1200 1616 1256 movet,
1671 1193 1952 1264 quandaqt

2106 1217 2269 1254 νοντα
2299 1202 2682 1271 ἀποφαίνομεν
2712 1204 2771 1255 ού
2806 1202 2990 1256 πάντα
3033 1199 3223 1265 αὑτοῦ,
3256 1200 3322 1253 τά
3347 1198 3397 1252 δὲ
3426 1197 3604 1267 μέγιστα

428 1275 498 1327 sit
534 1275 845 1331 immobilis.
881 1276 1193 1345 Depassivo
1213 1280 1356 1333 enim
1406 1292 1555 1335 motu
1603 1283 1802 1350 palam,
1851 1301 1951 1354 qua

2105 1290 2199 1341 καὶ
2231 1291 2553 1361 κυριώτατα
2580 1286 2654 1346 ὧν
2702 1293 2838 1363 πρὸς
2872 1292 3148 1346 Πλάτωνά
3172 1306 3231 1344 τε
3261 1289 3483 1352 καὶτοὺς
3513 1286 3606 1357 περὶ

430 1363 605 1432 ipsius
631 1381 737 1419 non
782 1367 1063 1421 siteadem
1090 1369 1356 1423 ratio.Ac
1416 1369 1484 1423 de
1553 1371 1730 1425 activo
1786 1371 1879 1426 illo
1935 1389 1953 1425 ι

1597 1371 1730 1425 :livo
1786 1371 1879 1426 illo
1935 1388 2003 1427 ne
2109 1381 2375 1437 Πλάτωνα
2402 1385 2748 1455 διαφέρεται,
2774 1384 3120 1450 ἐκλέξαντες.

432 1460 750 1527 aflirmetur,
782 1462 915 1516 nihil
950 1461 1193 1530 impedit.
1221 1464 1298 1517 Ac
1369 1464 1422 1517 in
1489 1463 1574 1519 his
1611 1465 1829 1533 quidem
1897 1467 2207 1529 Aristotelis
2276 1454 2639 1547 ignorantiam
2691 1454 3023 1544 deteximus,
3070 1494 3176 1534 non
3236 1475 3405 1533 omnia
3450 1483 3604 1537 tamen.

429 1555 522 1609 sed
556 1556 795 1608 maxima
826 1566 880 1609 et
920 1556 1188 1624 praecipua
1240 1566 1573 1623 exponentes
1625 1558 1680 1610 in
1727 1558 1925 1626 quibus
1970 1575 1999 1613 a
2040 1561 2266 1620 Platone
2286 1576 2342 1622 et
2379 1568 2446 1624 iis
2481 1570 2575 1639 qui
2645 1568 2927 1625 Platonem
2975 1577 3297 1639 sequuntur,
3347 1563 3553 1621 discedit.

1065 1649 1214 1704 CAP.
1248 1648 1366 1704 ΧΧ.

2704 1665 2958 1718 ΚΕΦΑΛ.
2994 1666 3079 1717 κο.

1065 1665 1366 1704 υΑν.ΑΑ.

504 1730 880 1809 Discrepantia
939 1742 1249 1797 Aristotelis
1291 1748 1345 1795 et
1403 1741 1647 1799 Platonis
1672 1744 1725 1797 in
1762 1746 1829 1801 iis
1885 1762 2005 1815 qua:

2704 1665 2958 1719 ΚΕΦΔΛ.
2994 1666 3080 1717 κ’.

2078 1761 2080 1801 ι
2180 1757 2381 1820 Λοιπὸς
2407 1756 2463 1810 δὲ
2491 1757 2555 1827 δὴ
2585 1760 2719 1827 ἡμῖν
2745 1758 2856 1811 τῶν
2883 1757 3161 1827 μεγίστων
3189 1755 3282 1809 καὶ
3306 1755 3333 1809 ὁ
3354 1754 3467 1823 περὶ
3486 1751 3601 1805 εἰδῶν

430 1830 495 1885 ad
536 1831 739 1885 formas
763 1840 816 1884 et
840 1832 1050 1899 species
1072 1832 1434 1900 sempiternas
1467 1833 1718 1888 attinent.

2106 1848 2282 1915 λόγος.
2316 1848 2453 1918 Περὶ
2483 1842 2559 1903 ὧν
2585 1850 2647 1917 ού
2681 1850 2931 1905 Πλάτωνι
2962 1850 3260 1913 συνειπεῖν,
3273 1846 3380 1901 ἀλλ’
3412 1847 3601 1916 Ἀριστο-

504 1920 791 1990 Reliquum
822 1922 934 1991 jam
986 1932 1086 1986 est,
1122 1933 1180 1977 ut
1230 1923 1295 1977 de
1349 1925 1636 1993 speciebus
1693 1942 2003 1984 sermonem

2106 1935 2236 2006 τέλη
2276 1937 2370 1991 καὶ
2403 1938 2461 1990 ἐν
2499 1938 2712 2001 τούτοις
2741 1938 3025 2004 ἀποδεῖξαι
3053 1938 3271 2006 φαύλως
3296 1936 3596 2002 ἀντιλέγονται

431 2014 805 2077 instituamus,
859 2014 924 2069 de
975 2015 1173 2083 quibus
1229 2016 1465 2070 maxima
1520 2018 1661 2073 solet
1727 2025 1954 2075 content

2106 2027 2201 2081 καὶ
2254 2028 2325 2081 τὰ
2374 2030 2473 2098 μὲν
2507 2027 2980 2098 συκοφαντοῦντα,
3020 2029 3092 2083 τὰ
3142 2028 3197 2091 δῗ
3213 2028 3274 2081 οὐ
3320 2025 3596 2096 περαίνονται

430 2107 655 2161 moveri.
699 2105 755 2159 lu
796 2106 881 2161 his
912 2121 1040 2159 vero
1091 2121 1196 2160 non
1268 2108 1489 2177 quidem
1523 2108 1736 2183 Platoni
1765 2126 1953 2166 consei

2105 2119 2464 2188 ἀνεμέσητον,
2506 2120 2629 2174 ἐπεὶ
2660 2119 2752 2174 καὶ
2785 2122 2841 2172 ἐν
2888 2121 3001 2173 τῶν
3047 2119 3346 2189 είρημένων
3385 2115 3507 2170 ἔστιν
3542 2108 3596 2175 οἷς

434 2200 657 2262 tiemns,
687 2199 779 2254 sed
823 2198 1174 2259 Aristotelem
1220 2200 1381 2254 etiam
1433 2201 1624 2256 hacin
1672 2210 1826 2271 parte
1864 2204 1957 2256 ma

2104 2211 2258 2265 οὐδὲν
2294 2211 2540 2264 Πλάτωνι
2584 2212 2970 2283 συνειρηκότες
2990 2211 3349 2282 ίἈριστοτέλη
3386 2210 3501 2268 τίως
3532 2205 3594 2257 ati-

429 2292 846 2356 contradixisse,
885 2301 938 2345 et
961 2291 1015 2345 in
1048 2291 1169 2346 aliis
1194 2293 1407 2361 quidem
1452 2295 1844 2364 sycophantam
1873 2309 1952 2364 agt

2104 2305 2195 2357 τὸν
2227 2304 2320 2373 ὑφ’
2344 2303 2509 2359 αὐτοῦ
2545 2304 3019 2374 περιτρεπόμενον
3058 2302 3463 2370 ὲπιδεδείχαμιν.
3487 2292 3592 2364 Πρῶ-

429 2400 510 2447 re,
536 2385 589 2438 in
621 2384 741 2438 aliis
776 2397 905 2444 vero
932 2399 1038 2437 non
1077 2384 1129 2437 id
1154 2385 1420 2440 conficere
1460 2387 1603 2456 quod
1666 2386 1858 2454 voluit,
1910 2388 1952 2442 dt

2103 2414 2195 2451 τον
2225 2396 2326 2465 μὲν
2356 2390 2448 2450 οῦν
2476 2398 2652 2450 ἐκεῖνο
2682 2395 2977 2464 ἐλεγκτέον
3012 2393 3336 2464 ψευδόμενον
3368 2388 3518 2452 αὐτὸν,
3537 2386 3592 2438 ὅτι

430 2476 874 2540 monstrabimus,
896 2475 1057 2542 idque
1096 2477 1255 2531 nobis
1309 2476 1441 2532 vitio
1510 2479 1829 2532 vertendum
1892 2493 1953 2533 nu

2102 2487 2165 2556 δὴ
2200 2487 2451 2557 πρώτους
2484 2486 2623 2558 μετὰ
2656 2486 2925 2557 Σωκράτη
2962 2486 3133 2555 φησὶν
3182 2484 3335 2554 ἄρξαι
3386 2477 3465 2534 τοῦ
3505 2473 3591 2544 περὶ

428 2568 551 2628 erit,
584 2566 855 2634 siquidem
897 2566 1057 2621 etiam
1107 2566 1161 2619 in
1204 2566 1477 2636 prioribus
1503 2577 1630 2622 sunt
1664 2567 1867 2637 aliqua,
1907 2573 1951 2623 nl

2102 2580 2259 2633 εἰδῶν
2290 2578 2484 2633 τούτου
2526 2578 2709 2645 λόγου,
2743 2578 2837 2631 τὸν
2873 2578 3147 2631 Πλάτωνα
3179 2575 3404 2646 δηλονότι
3447 2570 3588 2637 λέγων.

427 2655 638 2711 Platoni
692 2672 800 2719 non
865 2660 1294 2725 consentientes,
1374 2660 1735 2716 nihilominus
1781 2662 1950 2716 Aristc

2100 2671 2388 2724 Φαίνονται
2453 2670 2509 2723 δὲ
2558 2669 2655 2724 καὶ
2717 2669 2825 2739 πρὸ
2876 2669 3165 2731 Πλάτωνος
3219 2668 3266 2720 οἱ
3309 2662 3589 2733 Πυθαγόρειοι

427 2748 587 2803 telem
676 2750 851 2817 ipsum
928 2764 957 2803 a
1026 2749 1206 2819 seipso
1281 2751 1547 2806 dissidere
1636 2753 1950 2807 ostendimu:

2100 2762 2273 2833 ταύτῃ
2315 2763 2587 2832 χρώμενοι
2631 2764 2697 2831 τῇ
2746 2761 2896 2832 δόξῃ,
2950 2760 3027 2823 ώς
3080 2763 3145 2813 ὲκ
3184 2758 3274 2811 τοῦ
3307 2754 3501 2827 Τιμαίου
3527 2749 3589 2803 τοῦ

425 2842 504 2897 Ac
543 2842 779 2912 primum
808 2842 1028 2911 quidem
1061 2840 1190 2895 illud
1236 2842 1664 2910 reprehensione
1685 2858 1790 2896 non
1822 2857 1945 2897 care

2100 2852 2310 2922 Λοκροῦ
2342 2852 2553 2920 βιϐλίου
2581 2852 2698 2905 ἔστι
2729 2851 2939 2906 λαϐεῖν.
2970 2851 3077 2904 Τὸν
3129 2852 3235 2919 γὰρ
3262 2845 3462 2917 οὐρανὸν
3484 2840 3589 2895 τόνδε

426 2934 568 3002 (11³οά
617 2933 904 2989 ῐηεηίίθείθ
964 2935 1177 2988 vernali
1237 2942 1502 3001 τθρυιςηαι
1549 2934 1637 2987 ubi
1698 2941 1819 3004 P0St
1900 2932 1997 2987 δο-
2101 2945 2384 3014 συνίστησι
2426 2944 2619 3013 νοητοῦ
2669 2943 3123 3014 παραδείγματος
3170 2942 3261 2996 τοῦ
3309 2933 3507 2993 ίδανικοῦ
3529 2932 3593 2985 ιώ·

426 3034 631 3081 cratem
680 3026 795 3090 ait,
842 3026 1046 3095 primos
1097 3027 1526 3099 exstitissenqui
1582 3027 1949 3082 sermonemd

2101 3053 2238 3104 σμου
2267 3036 2472 3090 εἰκόνα.
2496 3036 2607 3088 Καὶ
2632 3036 2791 3088 τοῦτο
2838 3036 2938 3102 μὲν
2986 3034 3162 3087 οὕτω.
3211 3033 3402 3086 Ἐκεῖνο
3429 3028 3477 3080 δὲ
3513 3022 3595 3085 πῶς

432 3118 718 3184 speciebus
750 3122 802 3171 in
828 3117 1045 3173 scholas
1071 3097 1520 3188 philosOphorum
1562 3119 1955 3174 introduxerint

2101 3129 2201 3181 οὐκ
2234 3128 2443 3190 ἀδικεῖς
2478 3126 2537 3180 οὐ
2571 3125 2865 3196 συνώνυμα
2891 3126 3034 3195 mp
3059 3125 3319 3196 ὁμώνυμα
3341 3123 3437 3182 τοῖς
3457 3116 3595 3181 alsit}.

428 3209 704 3265 Platonem
738 3210 997 3263 nimirum
1052 3209 1377 3278 intelligens.
1411 3209 1629 3264 Certum
1678 3219 1860 3264 autem
1913 3225 1951 3265 ea

2102 3223 2215 3283 τοῖς
2246 3220 2315 3273 τὰ
2352 3220 2466 3287 εἴδη
2493 3218 2795 3289 τιθεμένων
2824 3218 2932 3270 τῶν
2960 3236 3038 3287 γε
3066 3218 3180 3287 είδη
3203 3202 3476 3281 ’ἀξιούντων
3497 3204 3593 3262 εἶναι

425 3301 586 3354 etiam
621 3297 1032 3369 Pythagoraeos,
1072 3299 1167 3368 qui
1216 3310 1342 3354 ante
1373 3299 1647 3355 Platonem
1682 3300 1939 3355 vixerunt

2101 3311 2262 3373 αὐτὸς
2304 3311 2626 3381 βιαζόμενος
2660 3309 2954 3380 συνώνυμα
2988 3310 3311 3378 ἀποφαίνει.
3341 3306 3406 3360 Οὐ
3427 3302 3517 3370 γὰρ
3542 3295 3592 3363 τῷ

425 3392 495 3445 de
524 3392 630 3445 hac
662 3406 719 3444 re
750 3390 1075 3445 disseruisse
1102 3429 1117 3453 ,
1155 3391 1294 3445 sicut
1325 3406 1393 3445 ex
1421 3406 1486 3446 eo
1512 3407 1676 3461 opere
1707 3391 1948 3446 Platonis

2099 3403 2169 3456 τά
2198 3404 2297 3472 μὲν
2324 3405 2472 3459 ἀΐδια
2501 3398 2664 3466 εῖναι,
2693 3403 2848 3471 φησὶ.
2869 3402 2936 3454 τὰ
2964 3402 3034 3455 δὲ
3056 3402 3267 3472 φθαρτὰ
3286 3399 3340 3453 οὐ
3371 3393 3593 3459 συνώνυμα

423 3482 568 3549 quod
612 3482 874 3535 Timaeum
910 3480 1140 3536 Locrum
1173 3481 1437 3547 nominat,
1470 3491 1714 3551 apparet.
1744 3481 1819 3537 lbi
1844 3498 1946 3537 nan

2098 3472 2273 3560 εσταί,
2296 3497 2418 3549 ἐπεὶ
2445 3496 2617 3548 καὶτὸ
2650 3495 3001 3565 πολυχρόνιον
3047 3493 3236 3548 λευκὸν
3269 3491 3340 3561 τῷ
3371 3482 3592 3556 ἐφημερίφ

424 3589 531 3642 que
564 3574 670 3629 hoc
703 3574 905 3627 caelum
956 3573 1047 3628 ille
1075 3588 1137 3629 ex
1173 3574 1513 3642 intelligibili'
1546 3574 1792 3642 exemplo
1823 3573 1947 3628 dedt

2096 3585 2250 3638 οὐδέν
2277 3602 2341 3653 γε
2367 3580 2530 3657 ἧττον
2584 3585 2919 3655 συνώνυμον.
2945 3585 3034 3639 EG
3084 3602 3169 3653 γε,
3199 3579 3244 3639 ὧ
3279 3574 3590 3651 ’Δριστότελεςν

422 3678 574 3728 cens,
604 3663 826 3718 alterius
857 3663 1063 3727 mundi,
1096 3677 1257 3731 quem
1319 3662 1590 3717 idanicum
1632 3671 1808 3725 vocat,
1857 3663 1945 3715 im:

2098 3679 2145 3730 εί
2196 3662 2274 3746 τῷ
2321 3679 2607 3747 ὲφημερίῳ
2640 3676 2820 3746 λευκῷ
2855 3677 2915 3731 τὸ
2944 3679 3301 3747 πολυχρόνιον
3334 3672 3438 3742 μιν,
3468 3679 3588 3719 πεπε-

425 3756 605 3824 ginem
641 3754 791 3809 facit.
839 3755 1018 3824 Atque
1066 3756 1169 3810 hoc
1198 3754 1417 3823 quidem
1451 3762 1535 3808 est
1566 3752 1900 3824 huiusmodi.
1933 3753 1948 3808 1

2099 3770 2380 3842 ρασμένην
2412 3768 2458 3822 δ’
2487 3771 2636 3833 ὅπως
2658 3769 2863 3840 δήποτε
2896 3769 3025 3839 ἔχον
3057 3770 3155 3841 τὴν
3190 3765 3405 3836 ὕπαρξιν
3432 3756 3505 3814 καὶ
3526 3755 3586 3809 διὰ

421 3863 487 3901 eo
524 3856 704 3900 autem
738 3848 1014 3915 quomodo
1043 3864 1149 3903 non
1186 3846 1346 3902 infert
1374 3846 1671 3917 injuriam?
1703 3845 1837 3900 Cum
1873 3846 1944 3900 Pl:

2094 3861 2252 3915 τοῦτο
2307 3860 2623 3931 συμϐλητὴν
2665 3860 3007 3928 συνώνυμον,
3066 3861 3209 3914 κατὰ
3261 3856 3403 3911 τοῦτο
3441 3849 3516 3905 καὶ
3545 3846 3587 3898 τὺ

422 3939 587 3993 ionici
612 3939 881 3994 suasillas
913 3942 1147 4008 species,
1179 3941 1345 3995 rebus
1370 3939 1554 3994 sensui
1590 3938 1850 4007 subjectis
1884 3953 1945 3992 nc

2095 3951 2335 4022 φθαρτὸν
2371 3951 2449 4020 τῷ
2482 3953 2746 4022 ἀφθάρτῳ
2779 3951 2876 4004 καὶ⁵
2908 3952 3125 4023 οὐδαμῆ
3158 3945 3429 4021 συμϐλητῷ
3456 3937 3585 3995 συνώ-

418 4046 762 4103 synonymas,
794 4032 889 4088 sed
923 4032 1231 4102 aequivocas
1260 4047 1382 4088 esse
1419 4033 1622 4087 velint.
1654 4032 1769 4101 ipse
1799 4042 1941 4100 praete

2094 4063 2260 4113 νυμον
2282 4045 2460 4100 ἔσται.
2506 4045 2618 4098 Kal
2649 4046 2765 4107 πῶς
2806 4063 2891 4098 σοι
2920 4047 2982 4098 τὸ
3020 4046 3253 4117 τοιοῦτον
3283 4034 3586 4105 συμπεραίνε·

420 4124 635 4179 illorum
664 4125 974 4195 opinionem
1003 4134 1057 4179 et
1095 4124 1428 4178 voluntatem
1456 4138 1792 4193 synonymas
1819 4136 1943 4176 cona

2091 4153 2183 4188 ται
2209 4153 2223 4200 ;
2262 4134 2425 4187 πόθεν
2450 4134 2495 4187 δ’
2529 4133 2732 4203 ἔμαθες
2771 4134 3061 4204 συμϐλητὰ
3091 4133 3435 4204 άσυμδλήτοις
3454 4138 3585 4191 παραυ

419 4226 508 4271 tur
531 4218 837 4283 ostendere,
875 4218 1034 4286 idque
1060 4218 1163 4273 hoc
1206 4216 1389 4271 modo.
1424 4216 1517 4270 Ait
1545 4217 1690 4269 enim
1723 4231 1828 4270 non
1863 4231 1942 4270 eat

2092 4226 2331 4289 ϐάλλειν,
2364 4225 2604 4287 κᾶπειτα
2633 4224 2693 4277 τὺ
2726 4224 3049 4294 συμϐαῖνον,
3084 4227 3177 4279 ἐπὶ
3205 4225 3307 4278 τῶν
3328 4214 3585 4291 συμϐλητῶν

415 4310 486 4361 ob
516 4322 759 4372 causam,
803 4308 947 4377 quod
996 4309 1098 4362 illae
1144 4316 1275 4362 sunt
1325 4308 1689 4376 sempiternae,
1743 4307 1825 4360 ha:
1858 4322 1938 4361 vet

2092 4315 2229 4367 κάπὶ
2258 4314 2366 4366 τῶν
2416 4313 2783 4383 ἀσυμϐλήτων
2816 4314 3024 4380 ἀξιοῦν,
3074 4316 3402 4385 συμϐαίνεινς
3432 4311 3473 4362 ιι
3507 4306 3586 4373 γάρ

416 4398 751 4465 corruptioni
786 4398 1065 4466 subjectae,
1098 4413 1202 4452 non
1244 4399 1433 4453 ambas
1460 4411 1581 4452 esse
1616 4411 1939 4467 synonymas

2092 4421 2174 4466 τις
2207 4404 2433 4457 ἐκείνων
2465 4404 2774 4467 ἀκούσειεν,
2821 4396 2899 4459 ὧν
2934 4407 2993 4458 ὲν
3028 4409 3092 4477 τῇ
3127 4399 3450 4469 ἀποδεικτικῇ
3489 4397 3585 4461 περὶ

416 4488 683 4557 siquidem
727 4492 888 4544 etiam
943 4492 1082 4558 longi
1140 4490 1397 4558 temporis
1436 4489 1653 4553 albedo,
1688 4490 1875 4544 eadem
1914 4504 1939 4543 s

2094 4496 2424 4562 ἀποδείξεως
2446 4496 2797 4575 ἀκριϐολογῇ,
2822 4496 2883 4549 οῦ
2915 4499 3036 4550 ποτ’
3062 4502 3126 4553 ἄν
3149 4515 3206 4551 σε
3234 4488 3583 4575 οίηθείη,οὖτωξ

417 4580 775 4635 nihilominus
804 4590 857 4635 et
891 4583 1121 4635 univoca
1166 4582 1401 4636 albedini
1438 4584 1599 4638 unius
1651 4582 1782 4637 diei.
1818 4579 1940 4636 Rec:

2088 4584 2313 4655 ψυχρῶς
2340 4585 2506 4638 αὑτὸν
2538 4572 2643 4637 καὶ-
2672 4586 2891 4655 φαύλως
2922 4586 3207 4654 ἀνέξεσθαι
3231 4581 3469 4637 δεικνύναι
3488 4572 3582 4642 περὶ

416 4687 566 4736 sane,
602 4686 635 4725 ο
661 4672 996 4736 Aristoteles,
1029 4673 1074 4726 si
1102 4672 1334 4725 albedini
1370 4673 1529 4727 unius
1564 4674 1668 4728 diei
1691 4715 1705 4736 .
1736 4674 1838 4730 alia
1868 4690 1937 4742 qu

2089 4680 2213 4731 ὅτου
2248 4679 2315 4730 ἂν
2353 4678 2594 4747 πρὸθοιο.
2632 4677 2825 4745 Ἡμεῖς
2856 4677 2912 4729 δέ
2943 4694 3004 4746 γε
3075 4679 3227 4746 ἴσμεν
3260 4676 3350 4745 μὲν
3377 4670 3582 4741 ὁμώνυμα

416 4765 563 4826 dem,
596 4774 651 4818 at
682 4764 886 4818 finitam
919 4771 1097 4819 tamen
1134 4765 1220 4818 illa
1249 4767 1413 4819 etiam
1453 4766 1859 4835 quodammodo
1889 4768 1939 4820 h:

2088 4772 2200 4833 τοῖς
2257 4767 2539 4837 αίσθητοῖς
2597 4769 2721 4830 τοὺς
2759 4770 2827 4819 τὰ
2878 4768 2993 4840 εἴδη
3044 4767 3348 4836 τιθεμένους
3388 4759 3502 4813 εἶναί
3540 4768 3579 4804 τε

416 4857 549 4908 hens
577 4854 984 4925 subsistentiam
1015 4866 1065 4909 et
1098 4866 1379 4926 pt-Opterea
1410 4872 1531 4911 cum
1565 4857 1733 4910 altera
1765 4870 1939 4925 comp:

2088 4860 2375 4927 ἀξιοῦντας
2408 4859 2503 4913 καὶ
2530 4857 2856 4921 καλοῦντας.
2884 4860 2957 4911 Οὐ
2986 4860 3090 4929 μὴν
3118 4858 3251 4912 άλλά
3284 4857 3365 4909 καὶ
3385 4852 3580 4915 δείξομεν

417 4949 519 5001 rari
555 4948 767 5013 idonea,
798 4949 868 5003 sit
889 4965 1184 5020 synonyma
1215 4950 1406 5006 eodem
1431 4951 1591 5006 etiam
1629 4952 1790 5005 modo
1835 4967 1940 5007 mo:

2087 4954 2197 5007 οὐδ’
2224 4953 2397 5017 ἄλλως
2443 4951 2560 5005 ἐνὸν
2610 4950 2750 5003 αύτά
2785 4950 3030 5003 τίθεσθαι
3066 4950 3125 5017 ἐξ
3146 4944 3319 5019 ὧνπερ
3355 4938 3579 5039 ὑποτίθενῖ

416 5040 522 5095 tale
573 5043 889 5104 immortali,
942 5043 1028 5099 cui
1088 5044 1217 5095 illud
1276 5043 1424 5098 nullo
1473 5045 1633 5098 modo
1673 5059 1939 5113 comparai

2087 5063 2199 5099 ται.
2250 5044 2680 5114 Παραδείγματα
2709 5046 2816 5113 γὰρ
2848 5045 3068 5099 είκὸνων
3100 5044 3207 5096 τῶν
3264 5032 3505 5107 αίςθητῶν
3531 5032 3579 5128 fi

414 5144 611 5203 pctest,
650 5137 752 5190 erit
791 5150 1169 5206 synonytnum.
1191 5134 1256 5189 Et
1290 5151 1548 5204 quanam,
1575 5153 1782 5204 quaeso,
1810 5137 1937 5191 from

2087 5137 2252 5205 νοητά
2303 5136 2669 5188 ὑποτίθενται.
2721 5136 2921 5188 Είκόνα
2973 5136 3029 5189 δὲ
3078 5134 3453 5207 παραδείγματι
3494 5132 3577 5176 πως

417 5228 573 5278 talem
611 5227 781 5281 neotis
804 5226 1208 5281 conclusionem
1233 5226 1254 5278 ?
1284 5234 1337 5279 et
1366 5227 1509 5280 unde
1558 5226 1800 5282 didicisti.
1831 5242 1940 5281 corr

2087 5226 2152 5279 ἄν
2183 5242 2268 5287 τις
2323 5224 2633 5293 συνώνυμον
2688 5222 2830 5279 εἶναι
2874 5226 3171 5291 ἀξιώσειεν,
3222 5218 3386 5290 εί“μὴ
3410 5208 3579 5269 καὶτὸν

418 5317 679 5386 parabilia
726 5332 848 5371 cum
904 5318 1427 5385 incomparabilibus
1476 5316 1747 5383 conferre,
1784 5318 1941 5386 illaqu

2086 5314 2381 5382 ἀνδριάντα
2413 5314 2504 5367 τὸν
2535 5315 2850 5384 Λυσάνδρου
2878 5316 2956 5386 τῷ
2999 5314 3287 5382 Λυσάνδρῳ
3322 5307 3579 5404 συνὼνιξμξν

420 5408 502 5460 his
532 5408 729 5461 similia
763 5408 958 5475 facere,
995 5419 1054 5463 nt
1083 5410 1161 5464 sic
1187 5410 1444 5477 deinceps
1487 5408 1540 5461 id
1573 5410 1714 5478 quod
1764 5422 1943 5477 compa

2085 5402 2227 5457 εἶναι
2260 5405 2532 5470 ἀξιώσειε,
2560 5407 2654 5457 καὶ
2705 5408 2795 5459 τὸν
2838 5406 3167 5477 Ἡρακλέους
3209 5403 3280 5474 τῷ
3333 5388 3574 5468 Ἡρακλεῖς

421 5497 686 5553 rabilibus
730 5498 950 5563 accidit,
986 5499 1269 5554 existimes
1299 5497 1817 5566 incomparabilibus
1850 5498 1944 5551 iter

2100 5496 2273 5562 Ἀλλὰ,
2306 5497 2472 5566 φησὶν
2491 5496 2892 5567 Ἀριστοτέλης,
2920 5497 3058 5553 κατά
3083 5514 3144 5565 γε
3178 5497 3279 5564 γάρ
3304 5485 3574 5550 toﬁ-$1670”;

419 5587 773 5659 contingere?
804 5588 1092 5643 Enimvero
1115 5589 1383 5660 quispiam
1411 5602 1531 5643 tuas
1560 5588 1680 5642 illas
1705 5589 1847 5659 leges
1873 5606 1941 5643 no

2087 5588 2210 5650 τοὺς
2246 5588 2351 5639 τῶν
2376 5587 2724 5656 ἐπιστημῶν,
2770 5588 2922 5641 ἔσται
2955 5589 3063 5657 εἴδη
3110 5590 3314 5639 πάντων
3352 5583 3470 5633 ὅσων
3499 5582 3573 5633 περ

417 5680 712 5735 audivisset
743 5719 755 5740 ,
802 5696 935 5749 quas
977 5681 1090 5748 ipse
1122 5682 1177 5735 in
1214 5681 1495 5748 analyticis
1538 5680 1604 5735 dc
1637 5681 1840 5735 ratione.
1873 5680 1935 5734 de

2089 5664 2503 5748 καιὲπιοτῆμαί
2536 5680 2660 5744 εἰσι,
2696 5680 2786 5731 καὶ
2824 5681 2963 5734 κατὰ
2996 5681 3051 5733 τὸ
3088 5680 3141 5731 ἓν
3169 5678 3251 5730 eo.
3282 5669 3478 5729 πολλῶν.
3505 5664 3570 5715 lu"
