3858 6202
278 282 385 340 917

972 288 1068 347 DE
1103 290 1522 352 PLATONICA
1564 294 1659 354 ET
1694 296 2259 359 ARISTOTELICA
2305 300 2853 363 PHILOSOPHIA.

3426 305 3527 365 ‘JlS

278 390 387 441 τῶν
439 391 792 457 ἀποφάσεων.
830 394 989 451 Κατά
1034 398 1091 451 δὲ
1129 400 1190 453 τὸ
1229 403 1372 455 νοεῖν
1410 421 1484 467 τι,
1524 405 1849 475 φθαρέντος,

1958 414 2301 466 monstrandi
2346 423 2453 467 tam
2483 413 2704 467 curiose
2736 412 3136 481 praescripsisti,
3174 430 3280 467 non
3310 415 3527 483 quidem

278 483 385 535 τῶν
414 485 692 554 φθαρτῶν.
714 488 899 541 Ταῦτα
924 490 1148 559 ἀσαφῶς
1176 493 1277 562 μέν
1308 513 1422 554 πως
1454 496 1669 565 εἴρηται
1703 499 1851 568 Ἀρι-

277 573 535 629 στοτέλει.
567 578 659 629 Δεῖ
680 577 739 630 δὲ
774 581 919 650 ἡμᾶς
948 583 1014 635 τὰ
1043 582 1149 637 ὑπὸ
1181 585 1290 636 τῶν
1317 587 1384 639 τὰ
1406 588 1519 657 είδη
1551 589 1852 659 τιθεμένων

271 665 547 735 λεγόμενα
588 670 857 741 πρότερον
892 674 1247 743 ὲκθεμένους,
1281 679 1425 733 οὕτω
1470 682 1567 750 τὴν
1604 682 1848 751 Ἀριστο-

275 758 462 821 τέλους
496 760 738 815 διάνοιαν
774 764 919 833 σαφῆ
956 768 1324 836 καταστῆσαι.
1357 770 1471 841 Τὴν
1513 770 1695 839 ψυχήν
1746 788 1851 837 φα-

277 868 360 902 σιν
389 852 438 903 οί
474 852 541 905 τά
565 854 682 924 εἴδη
716 857 988 926 τιθέμενοι
1042 860 1531 929 ἀναλαμβάνουσαν
1561 863 1617 925 ἐς
1639 881 1700 931 γε
1731 864 1852 917 ἐπι-

275 946 493 1014 στήμην
533 948 660 1007 τοὺς
696 950 810 1011 τοῖς
864 951 1144 1021 αίσθητοῖς
1197 954 1412 1019 λόγους.
1458 956 1853 1025 ἀκριϐέστερον

273 1037 478 1102 αὐτοὺς
524 1039 751 1109 ἔχοντας
784 1046 880 1097 καὶ
924 1045 1256 1118 τελεώτερον
1291 1048 1350 1099 ἐν
1384 1048 1551 1119 ἑαυτῇ
1607 1049 1783 1119 ἰσχὺν,
1818 1049 1850 1121 ἢ

274 1131 335 1182 ιν
362 1134 477 1193 τοῖς
504 1132 786 1201 αἰσθητοῖς
839 1136 1045 1206 ἔχουσι.
1095 1140 1169 1193 Τὸ
1212 1139 1305 1193 οὖν
1337 1140 1668 1212 τελεώτερον
1695 1141 1853 1196 τοῦτο

272 1223 371 1275 καὶ
403 1224 801 1295 ἀκριΰὲστερον
832 1231 934 1282 οὐκ
970 1231 1035 1285 ἂν
1071 1232 1179 1285 ἀπὸ
1206 1234 1317 1286 τῶν
1362 1234 1639 1302 αἰσθητῶν
1677 1237 1852 1305 ἴσχειν

270 1316 373 1385 τὴν
395 1317 628 1387 ψυχὴνδ
658 1337 718 1386 γε
755 1324 829 1392 μὴ
865 1324 1019 1377 ἔστιν
1060 1328 1119 1379 ὲν
1148 1326 1355 1390 αὐτοῖς.
1391 1328 1517 1382 οἰδ’
1566 1324 1632 1383 αὗ
1682 1330 1854 1398 μηδα-

275 1407 380 1475 μοῦ
413 1409 597 1463 ἄλλοθι
633 1411 692 1465 ὃν
718 1414 866 1483 αὐτῷ
893 1415 951 1479 ἐξ
975 1418 1147 1487 αὐτῆς
1168 1418 1525 1475 διανοεῖσθαι.
1558 1421 1691 1474 Ούδὲ
1740 1421 1853 1491 γὰρ

269 1503 580 1570 πεφυκέναι
608 1505 706 1575 τὴν
736 1506 913 1577 ψυχὴν
938 1512 1162 1580 μηδαμῆ
1198 1512 1258 1565 ὃν
1286 1532 1337 1566 τι
1374 1514 1723 1568 διανοεῖσθαι·
1755 1516 1852 1575 τὰς

268 1596 383 1666 γὰρ
415 1597 636 1666 ψευδεῖς
666 1599 778 1653 τῶν
803 1602 974 1667 δοξῶν
1006 1605 1126 1673 οὐχὶ
1172 1605 1247 1674 μὴ
1295 1605 1484 1665 ὄντων,
1528 1606 1642 1659 ἀλλ’
1684 1606 1852 1659 ὄντων

271 1689 397 1756 μὲν,
430 1688 605 1742 ἄλλων
632 1690 689 1743 δὲ
724 1691 847 1744 κατ’
872 1693 1047 1748 ἄλλων
1105 1695 1246 1750 εἶναι
1294 1699 1573 1762 συνθέσεις
1603 1698 1758 1762 τινας
1790 1698 1849 1752 οὐ

268 1753 419 1835 κατά
449 1785 510 1836 τὸ
538 1782 701 1849 ὀρθὸν
746 1786 1065 1854 γινομένας.
1108 1788 1412 1843 Λείπεσθαι
1449 1790 1507 1843 δὲ
1657 1753 1853 1861 ἐτέρας
1888 1753 1930 1812 Β

266 1874 425 1936 τινὸς
452 1875 668 1943 φύσεως
706 1878 883 1949 πολλῷ
935 1880 1016 1932 ἔτι
1066 1881 1381 1951 κρείττονός
1425 1900 1485 1935 τε
1533 1884 1627 1935 καὶ
1656 1884 1854 1937 τελεω-

265 1967 440 2037 τέρας
467 1968 705 2039 ἀφήκειν
735 1973 798 2041 τῇ
838 1970 984 2041 ψυχῇ
1016 1972 1076 2026 τὸ
1105 1974 1438 2045 τελεώτερον
1461 1975 1622 2029 τοῦτο
1643 1976 1754 2028 τῶν
1795 1978 1853 2029 ἐν

262 2063 384 2122 τοῖς
417 2061 693 2131 αἰσθητοῖς
722 2064 917 2130 λόγων.
946 2065 1088 2135 Πρὸς
1136 2064 1309 2120 ταῦτα
1349 2068 1746 2137 Ἀριστοτέλης,
1790 2070 1853 2122 Εἰ

265 2151 415 2203 κατά
443 2151 572 2214 τοὺς
631 2154 975 2221 ἐπιστημῶν,
1026 2157 1182 2224 φησὶ,
1217 2156 1410 2223 λόγους
1462 2156 1537 2219 ὡς
1565 2157 1629 2227 δὴ
1665 2158 1773 2209 τῶν
1798 2159 1855 2209 ἐν

262 2243 385 2305 τοῖς
412 2243 694 2311 αἰσθητοῖς
726 2245 1212 2315 τελεωτέρους,δεῖ
1245 2242 1386 2301 εἷναι
1415 2247 1481 2301 τὰ
1524 2248 1853 2317 εἴδημὲσται

265 2334 371 2385 καὶ
407 2336 626 2387 πάντῶν
664 2335 801 2387 ὅσων
857 2353 965 2407 περ
1022 2338 1115 2391 xa‘t
1170 2340 1477 2408 ἐπιστῆμαί
1523 2342 1681 2403 εἰσιν,
1712 2340 1851 2411 εῐδη.

266 2420 431 2477 Κατά
461 2424 515 2476 δὲ
547 2426 607 2477 τὸ
636 2429 776 2479 νοεῖν
798 2445 849 2479 τι
884 2430 1009 2496 περί
1050 2447 1195 2492 τινος
1236 2430 1559 2501 φθαρέντος,
1596 2435 1650 2486 εἴ
1680 2450 1739 2499 γε
1780 2433 1854 2501 μὴ

263 2519 451 2570 ἔνεστι
480 2522 543 2587 τῇ
576 2519 719 2589 ψυχῇ
766 2522 840 2592 μὴ
870 2521 930 2573 ὃν
968 2538 1019 2573 τι
1058 2524 1223 2581 νοεῖν,
1267 2522 1421 2576 ἔσται
1473 2525 1567 2576 καὶ
1616 2523 1850 2578 ἑκάστου

260 2609 377 2661 τῶν
408 2610 663 2679 φθαρτῶν
687 2612 817 2664 ίδιον
837 2610 996 2673 εἶδος.
1024 2612 1100 2665 Τὸ
1122 2614 1176 2666 δὲ
1198 2614 1383 2667 λοιπὸν
1419 2616 1848 2683 Ἀριστοτέλους,

261 2701 330 2753 τὸ
377 2701 519 2755 κατὰ
572 2701 632 2753 τὸ
671 2701 729 2753 ἓν
784 2702 875 2754 ἐπὶ
931 2701 1169 2767 πολλῶν,
1219 2704 1313 2756 καὶ
1346 2704 1454 2757 τῶν
1489 2706 1845 2772 ἀποφάσεων,

264 2798 525 2867 βούλεται
556 2798 697 2852 τόδε.
740 2799 853 2868 (lux
885 2793 997 2850 οἷόν
1036 2816 1093 2850 τε
1150 2794 1314 2861 εἶναι,
1342 2800 1511 2866 φασὶν
1550 2800 1599 2851 oi
1640 2801 1702 2851 τά
1736 2800 1849 2869 εἴδη

265 2887 572 2951 τιθέμενοι,
597 2887 815 2949 πολλοῖς
849 2888 906 2938 ἓν
942 2905 992 2939 τι
1015 2888 1109 2939 καὶ
1148 2888 1346 2939 ταυτὸν
1377 2888 1584 2956 ἔχουσι,
1610 2887 1668 2940 τὸ
1686 2889 1853 2941 ταυτδ

263 2979 429 3032 τοῦτο
460 2980 644 3041 αὐτοῖς
678 2980 787 3031 ἀπὸ
827 2978 921 3030 τοῦ
960 2980 1271 3048 αὐτομάτου
1323 2975 1486 3033 εἶναι.
1538 2980 1611 3033 Οὔ
1648 2980 1756 3047 γὰρ
1788 2980 1853 3031 ἂν

262 3068 383 3127 οἷόν
411 3089 468 3125 τε
503 3067 645 3124 εἶναι
689 3072 951 3139 τετάχθαι
1004 3070 1140 3147 am
1200 3069 1486 3134 ὡσαύτως,
1519 3071 1639 3140 ἦτοι
1674 3070 1781 3131 ἀεὶ,

264 3166 365 3218 καὶ
395 3165 468 3226 ὡς
493 3164 559 3216 τὰ
590 3163 760 3216 πολλὰ
812 3163 918 3214 ἀπὸ
972 3163 1064 3213 τού
1096 3162 1437 3230 αὐτομάτου.
1470 3162 1602 3225 idem.
1635 3161 1699 3213 ἄν
1743 3160 1850 3229 ἄρα

265 3259 524 3319 ἑκάστοις
557 3256 615 3308 ἓν
653 3274 703 3308 τι
734 3256 829 3307 καὶ
872 3254 1063 3306 ταυτὸν
1096 3252 1219 3305 καθ’
1250 3253 1383 3305 αὐτὸ
1430 3254 1614 3321 ἔχουσι
1658 3253 1750 3304 καὶ
1787 3252 1849 3304 οὐ

264 3351 412 3406 κατά
459 3348 829 3416 σνμϐεὸηκὸς,
880 3346 938 3398 ἓν
990 3363 1041 3397 τι
1098 3345 1380 3413 ἐξαίρετον
1426 3346 1748 3407 ἐφεστάναι,
1792 3342 1851 3395 τὸ

265 3447 383 3506 τοῖς
417 3442 627 3502 πολλοῖς
678 3441 740 3493 τὸ
788 3440 905 3492 κατ’
957 3437 1121 3490 αὐτὸν
1176 3438 1432 3507 παρέξον.
1493 3438 1648 3507 “pb;
1691 3436 1850 3489 τοῦτο

264 3532 685 3602 ’“Λριστοτὲ).ης,
715 3532 808 3582 καὶ
850 3529 990 3581 κατᾶ
1045 3528 1105 3580 τὸ
1139 3528 1217 3582 ἓν.
1252 3530 1439 3596 φησὶν,
1467 3528 1560 3579 ἐπὶ
1612 3526 1849 3591 πολλῶν,

268 3627 364 3679 καὶ
392 3624 499 3677 τῶν
530 3625 881 3691 ἀποφάσεων.
911 3620 1148 3690 Δηλαδὴ,
1180 3621 1228 3672 εί
1262 3621 1405 3673 κατά
1442 3620 1501 3673 τὸ
1528 3621 1586 3673 ἓν
1612 3638 1663 3672 τι
1708 3617 1849 3672 εἶναι

266 3720 383 3780 τοῖς
418 3717 729 3787 ἀνθρώποις
757 3716 857 3785 τὴν
890 3714 1321 3785 ἀνθρωπότητα,
1353 3715 1434 3767 δεῖ
1486 3733 1537 3767 τι
1568 3711 1709 3767 εἶναι
1756 3715 1852 3768 καὶ

268 3812 331 3865 ἓν
383 3809 663 3881 ἐξαίρετον
713 3809 773 3860 τὸ
814 3808 911 3878 τὴν
946 3806 1349 3878 άνθρωπὸτητα
1399 3807 1585 3867 αὐτοῖς
1641 3809 1849 3874 ταύτην

268 3905 527 3974 παρέξον,
551 3903 668 3954 δέον
700 3901 765 3953 ἂν
794 3901 889 3952 καὶ
918 3902 1030 3960 τοῖς
1060 3899 1159 3950 οὐκ
1188 3898 1498 3964 ἀνθρώποις
1529 3894 1671 3949 εἷναί
1706 3916 1756 3949 τι
1792 3897 1851 3948 ἓν

266 3997 330 4049 τὸ
359 3998 456 4066 τὴν
488 3996 588 4047 ούκ
626 3991 1024 4062 ἀνθρωπότητα
1066 3991 1251 4050 αὐτοῖς
1290 3989 1549 4059 παρέξον.
1593 3990 1700 4042 Καὶ
1741 3990 1849 4060 γὰρ

269 4090 365 4144 καὶ
398 4088 607 4149 τούτοις
642 4087 701 4137 ἓν
757 4101 809 4136 τι
852 4084 947 4135 καὶ
979 4084 1009 4151 ἡ
1046 4082 1147 4133 οὐκ
1203 4081 1576 4152 ’ἀνθρωπότης
1632 4082 1851 4140 πολλοῖς

268 4197 333 4247 γε
398 4178 569 4237 οὖσιν,
626 4176 817 4243 ὥσπερ
878 4174 971 4226 καὶ
1021 4175 1133 4235 τοῖς
1201 4170 1515 4241 ἀνθρώποις
1550 4172 1584 4239 ἡ
1636 4170 1850 4240 ἀνθρω-

269 4268 687 4341 πότης.Ταῦτα
753 4267 852 4333 μὲν
909 4260 1003 4318 οὖν
1075 4264 1141 4317 τὰ
1203 4264 1653 4331 Ἀριστοτέλους’
1717 4263 1852 4329 ἡμῖν

267 4364 313 4417 δ’
346 4364 561 4432 ἀνάγκη
591 4355 681 4415 οἷά
714 4379 772 4413 τε
818 4359 891 4411 τὰ.
940 4358 1059 4426 εἴδη
1091 4358 1185 4410 καὶ
1209 4360 1357 4417 ὅπως
1388 4356 1583 4424 ἔχοντα
1619 4358 1667 4408 ot
1709 4354 1849 4407 τιθέ-

273 4474 429 4527 μενοι
477 4454 725 4520 ἀξιοῦσιν
786 4449 929 4505 εἶναι
988 4452 1256 4522 πρότερον
1310 4450 1654 4519 ἒκθεμένοις,
1708 4448 1850 4500 οὕτω

268 4548 404 4618 πρδς
434 4546 500 4600 τὰ
561 4546 965 4615 Ἀριστοτέλους
1000 4545 1246 4612 ἀπαντᾷν
1269 4583 1282 4602 ,
1315 4540 1459 4594 οὕτω
1500 4542 1610 4610 γὰρ
1654 4541 1719 4592 ἂν
1756 4557 1850 4592 σαο

269 4639 513 4707 φέστατα
546 4636 852 4707 ἐλεγχθείη,
880 4636 949 4688 τὰ
987 4635 1085 4705 μὲν
1118 4633 1495 4701 συκοφαντῶν,
1524 4632 1592 4685 τὰ
1619 4632 1662 4685 δ’
1697 4632 1849 4709 οὐδὲν
1889 4672 1902 4683 .

272 4750 334 4783 πε
349 4732 573 4801 ραίνων,
610 4734 683 4784 Ού
711 4728 867 4783 τοῦδε
902 4724 997 4781 τοῦ
1032 4728 1263 4798 ούρανοῦ
1304 4726 1642 4796 δημιουργὸν
1682 4743 1851 4795 προσ-

272 4826 373 4895 εχῆ
430 4825 520 4877 τὸν
564 4824 749 4893 ἄκρως
802 4822 1005 4891 ἀγαθὸν
1031 4821 1165 4873 Θεὸν
1218 4822 1265 4873 oi
1309 4821 1377 4871 τά
1426 4820 1541 4889 είδη
1573 4820 1848 4887 τιθέμενοι

270 4918 517 4984 ἀξιοῦσιν
551 4913 711 4981 εἶναι,
764 4916 879 4970 ἀλλ’
920 4916 1111 4986 ἑτέρας
1167 4914 1434 4983 πρότερον
1490 4913 1709 4980 φύσεως
1758 4915 1850 4965 καὶ

267 5012 450 5073 οὐσίας
486 5010 665 5079 ἑαυτῷ
698 5027 751 5061 τε
791 5006 1223 5075 συγγενεστέρας
1254 5008 1344 5059 καὶ
1387 5006 1609 5064 αἰωνίοις
1658 5004 1743 5056 ἀεί
1791 5022 1849 5055 τε

270 5103 361 5153 καὶ
401 5101 521 5152 κατ’
562 5100 699 5154 αὐτὰ
758 5098 1020 5159 ὡσαύτως
1081 5097 1333 5166 ἐχούσης,
1378 5096 1467 5148 τὸν
1523 5095 1565 5147 δ’
1618 5097 1849 5165 οὐρανὸν

270 5193 420 5245 τόνδε
457 5193 524 5245 δι’
556 5194 773 5261 ἐκείνης
810 5192 907 5261 ἥδη
940 5191 1038 5259 τῆς
1070 5190 1258 5251 οὐσίας
1301 5190 1393 5240 καὶ
1421 5190 1480 5241 ού
1536 5190 1657 5239 κατ’
1681 5187 1847 5239 αὐτὸν

269 5286 333 5338 δι’
358 5286 521 5339 αύτοῦ
555 5286 1114 5356 δεδημιουργηκέναι.
1160 5283 1410 5353 Ἔκείνην
1440 5300 1497 5334 τε
1532 5282 1631 5352 τὴν
1660 5282 1851 5333 οὐσίαν

271 5378 324 5437 ἐς
361 5376 455 5428 ’ἐνα
486 5393 543 5428 τε
578 5379 768 5443 νοητὸν
822 5376 1027 5444 κόσμον
1082 5376 1415 5435 συνιστᾶσιν,
1447 5374 1505 5425 ὃν
1553 5375 1581 5425 ὁ
1630 5372 1837 5440 Λοκρὸς

269 5469 500 5538 Τίμαιος
562 5471 797 5523 ίδανικὶν
862 5470 1053 5531 καλεῖ,
1094 5468 1294 5536 δηλαδὴ
1352 5468 1575 5520 εἰδικόν.
1636 5468 1745 5518 Καὶ
1789 5468 1850 5515 ἐκ

270 5562 493 5612 πάντων
533 5577 592 5611 τε
647 5562 746 5615 καὶ
798 5558 1069 5611 παντοίων
1098 5557 1255 5609 εἰδῶν
1289 5556 1629 5617 συντιθέντες
1659 5555 1764 5605 νῶν
1794 5571 1851 5605 τε

271 5652 378 5704 τῶν
408 5652 611 5713 αὐτῶν,
667 5651 762 5702 ἕνα
817 5648 894 5717 τῷ
938 5648 1045 5716 ὅλῳ
1078 5648 1269 5717 λόσμῳ
1308 5646 1484 5715 τούτῳ
1518 5645 1725 5715 νοητῷ,
1761 5646 1851 5698 τὸν

276 5740 606 5797 τελεώτατον
660 5743 907 5810 ἐφιστᾶσι
958 5739 1107 5805 νοῦν,
1140 5740 1206 5793 τὰ
1243 5740 1526 5809 δευτερεῖα
1559 5739 1656 5806 τῆς
1709 5739 1849 5792 κατὰ

1816 3071 1921 3175 i“c

1955 502 2288 559 existimatio
2329 515 2562 559 mentem
2609 504 2893 573 obreperet
2923 514 3032 557 tam
3087 505 3281 574 frigide
3314 514 3532 575 tamque

1956 611 2207 663 perverse
2240 598 2470 665 teipsmn
2505 598 2688 653 conari
2736 598 2849 649 haec
2882 599 3281 658 demonstrare,
3316 596 3382 648 de
3411 595 3531 661 qui-

1955 688 2055 740 bus
2083 688 2189 755 jam
2221 689 2567 743 disserimus.
2601 687 2707 742 Nos
2735 705 2862 741 vero
2893 690 3096 741 scimus
3124 686 3376 747 certu.ab
3398 686 3528 747 illis,

1954 781 2046 850 qui
2095 780 2305 848 species
2331 782 2751 851 amplectuntur,
2793 782 3003 849 species
3035 796 3139 833 non
3175 767 3528 849 synonymas,

1955 870 2048 926 sed
2071 872 2424 940 cognomines
2457 871 2572 926 sive
2600 872 2909 939 mquivocas
2955 870 3117 925 rebus
3168 870 3352 924 sensui
3406 869 3533 921 sub-

1954 959 2113 1027 jectis
2148 969 2201 1013 et
2233 960 2535 1015 existimari
2571 970 2622 1014 et
2656 961 2941 1029 appellari.
2971 959 3237 1015 Cancrum
3282 958 3532 1013 ostende-

1956 1067 2076 1105 mus
2107 1053 2256 1107 nullo
2305 1054 2466 1107 modo
2518 1069 2638 1108 esse
2688 1062 2945 1121 cognatas
2993 1053 3107 1108 sive
3153 1066 3529 1122 synonymas,

1954 1141 2307 1211 ejusdemque
2336 1158 2559 1212 prorsus
2588 1155 2818 1209 natum,
2850 1160 2913 1197 ex
2950 1143 3016 1198 iis
3057 1143 3365 1213 principiis,
3401 1142 3529 1211 qui-

1956 1237 2056 1292 bus
2083 1238 2157 1291 illi
2202 1246 2453 1292 utnntur.
2496 1238 2861 1307 lntelligibilia
2900 1252 3135 1307 namque
3202 1236 3313 1300 illa,
3350 1251 3537 1291 rerum-

1954 1330 2137 1385 Sensni
2174 1330 2540 1397 subjectarum
2577 1342 2834 1400 tanquam
2865 1331 3156 1396 imaginem
3196 1326 3526 1393 exemplaria

1958 1421 2185 1476 iaciunt.
2234 1421 2529 1492 Imaginem
2592 1433 2773 1476 autem
2852 1438 3089 1490 quanam
3131 1422 3255 1491 quis
3324 1420 3534 1473 ratione

1955 1513 2250 1582 exemplari
2282 1524 2563 1584 cognatam
2600 1516 2714 1567 sive
2744 1514 3030 1568 univoeam
3085 1528 3208 1566 esse
3247 1512 3534 1566 existima-

1956 1605 2116 1667 verit,
2150 1604 2255 1658 nisi
2300 1604 2437 1660 forte
2472 1605 2613 1659 idem
2639 1606 2806 1659 etiam
2842 1614 3077 1658 statuam
3130 1603 3397 1674 Lysmdri
3436 1618 3533 1657 eo-

1956 1708 2173 1766 gnatam
2200 1699 2315 1751 sive
2342 1698 2625 1753 univocam
2647 1697 2929 1768 Lysandro
2950 1704 3003 1750 et
3025 1694 3271 1751 "ereulis
3294 1706 3529 1749 statuam

1959 1786 2180 1843 Herculi
2213 1805 2571 1859 synonymam
2605 1788 2859 1858 appellet.
2894 1787 3090 1841 Verum
3127 1788 3405 1842 enimvero
3450 1788 3535 1841 bis

1958 1879 2277 1934 Aristoteles
2302 1880 2474 1933 utitur
2495 1879 2805 1934 rationibus
2824 1886 2878 1931 et
2902 1878 2980 1932 sic
3012 1877 3209 1947 inquit,
3232 1877 3532 1932 secundum

1959 1986 2197 2041 namque
2232 1973 2491 2035 rationes,
2520 1988 2641 2042 qua;
2692 1988 2758 2025 ex
2808 1968 3077 2035 scientiis,
3117 1971 3325 2040 species
3377 1976 3538 2023 erunt

1957 2065 2227 2127 omnium,
2264 2080 2496 2133 quorum
2562 2067 2803 2120 scientiae
2855 2074 3002 2131 sunt,
3040 2067 3342 2120 secundum
3404 2079 3536 2117 vero

1961 2170 2125 2207 unum
2160 2155 2213 2207 in
2249 2155 2437 2210 multis
2469 2166 2520 2209 et
2546 2158 2921 2225 negationum.
2955 2160 3024 2211 At
3054 2157 3357 2212 secundum
3386 2155 3535 2223 quod

1958 2247 2276 2313 intelligitur
2311 2248 2615 2317 quippiam,
2649 2263 2713 2302 eo
2738 2258 3021 2319 corrupto,
3047 2250 3215 2302 etiam
3256 2248 3535 2315 corrupti-

1958 2338 2173 2391 bilium.
2223 2338 2345 2393 Ilaec
2399 2341 2620 2409 quidem
2683 2343 2915 2397 obscure
2951 2340 3356 2411 quodammodo
3392 2338 3535 2392 dicta

1957 2439 2087 2485 sunt
2122 2432 2188 2484 ab
2218 2431 2527 2487 Aristotele.
2555 2433 2784 2502 Oportet
2817 2435 2999 2504 itaque
3037 2450 3134 2489 nos
3181 2433 3334 2502 prius
3366 2432 3535 2499 expli-

1957 2535 2082 2574 care
2114 2520 2202 2573 illa
2248 2538 2368 2591 quze
2398 2524 2564 2576 abiis
2604 2525 2885 2589 dicuntur,
2926 2525 3016 2592 qui
3064 2525 3275 2593 species
3324 2521 3539 2575 conszi-

1962 2620 2148 2674 luunt,
2182 2624 2345 2680 atque
2397 2616 2477 2666 sic
2509 2616 2767 2683 deinceps
2803 2617 3115 2672 Aristotelis
3150 2626 3386 2669 mentem
3423 2614 3538 2683 pla-

1958 2719 2082 2756 nam
2135 2703 2334 2758 faeerc.
2388 2706 2465 2758 Illi
2505 2707 2685 2774 itaque
2720 2706 3020 2762 formarum
3059 2708 3177 2762 sive
3223 2708 3536 2777 specierum

1958 2806 2212 2850 auctores
2244 2802 2570 2868 pati-otiique
2601 2800 2775 2863 aiunt,
2810 2801 2956 2869 quod
2985 2802 3029 2854 si
3072 2800 3315 2855 rationes
3354 2816 3535 2854 rerum

1959 2889 2217 2942 sensibus
2271 2890 2642 2956 subiectarum
2699 2890 2773 2967 ita
2824 2892 3011 2945 animo
3042 2891 3443 2959 concipiantur,
3479 2901 3537 2943 ut

1960 2974 2080 3028 illas
2110 2980 2330 3032 animus
2364 2979 2595 3033 scientia
2629 2980 2931 3044 contineat,
2987 2988 3101 3032 tum
3133 2980 3393 3033 rationes
3432 2980 3537 3033 illa:
3606 2972 3613 2977 ’

1960 3070 2271 3124 accuratius
2320 3086 2378 3125 se
2410 3070 2607 3125 habent
2638 3071 3042 3141 perfectiusque
3077 3071 3131 3123 in
3166 3072 3361 3139 seipsis
3393 3087 3529 3125 con-

1957 3161 2181 3219 sistunt,
2217 3178 2380 3228 quam
2424 3160 2474 3213 in
2513 3163 2677 3215 relms
2707 3177 2765 3215 se
2802 3162 3025 3225 habent,
3064 3178 3185 3232 qua:
3222 3180 3383 3220 sensu
3415 3180 3537 3231 per-

1955 3254 2253 3323 cipiuntur.
2286 3255 2592 3309 Perfectius
2626 3257 2808 3324 itaque
2840 3256 2969 3310 Illud
3023 3265 3187 3323 atque
3222 3257 3537 3311 accuratius

1955 3362 2063 3402 non
2097 3362 2125 3399 a
2156 3345 2319 3401 rebus
2348 3347 2531 3400 sensui
2557 3347 2815 3414 siibjectis
2842 3349 3113 3402 obtinebit
3138 3350 3354 3403 animus
3378 3350 3522 3416 quod

1954 3438 2175 3505 quidem
2210 3454 2319 3492 non
2349 3449 2432 3492 est
2463 3439 2514 3491 itt
2549 3438 2702 3506 ipsis,
2733 3455 2908 3508 neque
2936 3456 3123 3492 rursus
3150 3441 3201 3493 id
3231 3440 3372 3508 quod
3401 3440 3531 3491 alibi

1956 3543 2224 3595 nusquam
2257 3528 2505 3592 exsistat,
2532 3530 2749 3583 animus
2791 3544 2854 3582 ex
2889 3531 3069 3599 seipse
3107 3531 3403 3598 concipiet.
3433 3529 3540 3583 Ne-

1954 3635 2061 3689 que
2083 3619 2225 3671 enim
2252 3620 2391 3673 solet
2421 3620 2636 3673 animus
2670 3620 2717 3671 id
2748 3620 2891 3688 quod
2924 3636 3196 3689 nusquam
3228 3631 3331 3684 est,
3359 3621 3539 3689 aliqua

1952 3729 2016 3767 ex
2052 3720 2203 3780 parte
2228 3710 2520 3779 concipere
2558 3729 2571 3767 :
2613 3712 2657 3766 si
2692 3712 2911 3780 quidem
2939 3711 3226 3767 mendaces
3250 3712 3537 3781 opiniones

1956 3818 2065 3858 lttttl
2103 3804 2504 3872 concipiuntur,
2537 3807 2759 3873 quando
2794 3822 2896 3857 non
2923 3822 2985 3859 ea
3012 3807 3253 3874 quidem,
3279 3822 3399 3875 quae
3423 3822 3529 3861 non

1953 3907 2101 3962 sum,
2148 3898 2240 3950 sel
2266 3912 2329 3949 ea
2360 3912 2480 3963 quae
2511 3906 2639 3950 sunt
2672 3898 2777 3949 alia
2812 3898 2934 3951 aliis
2970 3913 3078 3951 non
3118 3908 3260 3951 recte
3308 3898 3539 3965 conjun-

1954 3992 2171 4059 gnntur.
2199 3988 2339 4041 Hinc
2371 3988 2538 4054 igitur
2565 3989 2720 4057 sequi
2754 3990 2932 4053 aiunt,
2965 3998 3024 4041 ut
3058 3989 3125 4041 ab
3154 3989 3257 4041 alia
3298 3990 3534 4059 quadam

1954 4079 2130 4131 adhuc
2172 4078 2548 4144 praesmntiore
2604 4084 2657 4129 et
2710 4076 3037 4145 porrectiore
3086 4085 3303 4140 natura,
3359 4076 3538 4145 perfe-

1952 4171 2093 4225 ctius
2126 4170 2256 4223 illud
2290 4185 2476 4223 carum
2512 4170 2784 4223 rationum
2814 4210 2828 4231 ,
2876 4185 2997 4238 quae
3032 4169 3084 4222 in
3139 4170 3298 4222 rebus
3348 4172 3537 4223 sensui

1954 4260 2219 4329 subjectis
2258 4269 2406 4321 sunt,
2463 4260 2682 4314 animus
2733 4260 3089 4327 adipiscatur.
3124 4258 3243 4313 Jant
3274 4260 3540 4314 adversus

1957 4354 2069 4406 haec
2098 4353 2422 4407 Aristoteles
2460 4353 2658 4419 inquit,
2694 4354 2737 4406 si
2772 4352 3070 4405 secundum
3102 4352 3369 4417 rationes,
3412 4368 3533 4420 qua:

1890 4468 1930 4521 ο
1957 4460 2020 4498 ex
2063 4443 2338 4509 scientiis,
2374 4453 2561 4511 utpote
2594 4459 2658 4497 ex
2696 4444 2762 4497 iis
2799 4460 2919 4512 qua:
2954 4454 3079 4496 sunt
3128 4444 3483 4510 perfectiores
3520 4484 3533 4503 ,

1957 4552 2119 4606 quam
2156 4550 2233 4590 ea:
2264 4551 2384 4604 quze
2413 4547 2539 4589 sunt
2570 4536 2621 4588 in
2657 4535 2820 4590 rebus
2856 4538 3039 4590 sensui
3073 4535 3355 4603 subjectis,
3377 4553 3537 4606 Opor-

1958 4637 2036 4683 tet
2063 4643 2186 4683 esse
2208 4627 2422 4698 species
2446 4629 2559 4683 sive
2586 4628 2813 4693 fortnas,
2843 4636 2953 4681 tum
2978 4638 3138 4683 erunt
3158 4630 3321 4683 etiam
3348 4628 3536 4683 formae

1956 4718 2200 4772 omnium
2240 4734 2444 4779 rerum.
2481 4734 2825 4786 qua-cunque
2881 4718 3107 4773 seicntia
3156 4720 3534 4774 continentur.

1953 4811 2021 4864 At
2055 4816 2352 4864 secundum
2384 4811 2527 4878 quod
2563 4810 2877 4879 intelligitur
2913 4810 3215 4879 quippiam,
3256 4798 3531 4881 quodjam

1956 4902 2244 4966 interierit,
2280 4902 2323 4956 si
2354 4902 2512 4955 modo
2536 4903 2752 4955 animus
2780 4905 2828 4954 id
2853 4902 2998 4971 quod
3032 4918 3135 4957 non
3166 4904 3388 4957 exsistit
3426 4919 3530 4955 non

1953 4994 2246 5062 concipiat.
2283 4994 2631 5062 intelligatve,
2663 5003 2821 5047 erunt
2849 4994 3013 5048 etia'n
3049 4995 3385 5064 singulorum
3414 5008 3535 5045 cor-

1955 5088 2285 5155 ruptibilium
2316 5088 2548 5156 propriae
2581 5088 2963 5153 formaQuud
2997 5088 3241 5155 sequitur
3273 5088 3323 5139 in
3356 5087 3536 5139 verbis

1952 5179 2285 5243 Aristotelis,
2345 5178 2437 5231 ubi
2494 5179 2663 5241 dicit,
2720 5182 3022 5233 secundum
3078 5195 3205 5231 vero
3258 5194 3426 5230 unum
3480 5179 3532 5230 in

1961 5274 2169 5346 multis,
2197 5281 2249 5325 et
2284 5272 2658 5340 negationum,
2694 5273 2838 5325 httne
2878 5273 3037 5323 habet
3087 5285 3334 5323 sensum.
3370 5270 3537 5320 Aiunt

1954 5368 2043 5436 qui
2094 5367 2241 5419 ideas
2290 5367 2612 5423 defendunt,
2674 5381 2775 5416 non
2826 5379 2984 5431 posse
3039 5363 3174 5421 ﬁeri.
3230 5372 3289 5415 ut
3348 5363 3536 5416 multis

1960 5474 2127 5510 unum
2154 5470 2207 5510 ct
2244 5457 2383 5509 idem
2418 5456 2695 5525 quidpiam
2733 5455 3079 5517 habentibus,
3106 5453 3235 5505 illud
3268 5454 3405 5506 idem
3436 5467 3535 5507 sua

1955 5561 2148 5619 sponte
2178 5559 2230 5603 et
2266 5557 2471 5602 temere
2497 5548 2795 5612 contingat.
2824 5544 3007 5613 Neque
3038 5545 3179 5598 enim
3208 5560 3365 5613 posse
3391 5544 3530 5606 ﬁeri,

1958 5655 2011 5695 nt
2066 5642 2248 5710 aliqua
2291 5650 2383 5693 ant
2440 5654 2653 5708 semper
2707 5650 2792 5691 aut
2842 5650 2897 5690 ttt
2956 5638 3250 5706 plurimum
3308 5638 3533 5691 fortuito

1957 5733 2194 5806 quodam
2250 5748 2380 5788 casu
2438 5728 2686 5785 eumdem
2724 5739 2939 5785 servent
2985 5730 3255 5785 ordinem.
3302 5730 3525 5800 Oportet
