3858 6202
436 192 537 260 9m

1659 191 1984 253 GEORGII
2016 189 2452 254 PLETHONIS

3577 196 3658 258 9ἓο

435 311 624 381 itaque
656 311 887 381 singulis
917 327 1013 381 per
1043 327 1103 367 se
1132 320 1185 367 et
1225 328 1328 367 non
1379 328 1471 382 per
1523 312 1777 367 accidens
1830 327 1998 367 unum

2119 311 2326 364 πάντων
2385 308 2684 380 ἡγεμονίας
2746 310 2884 379 μετά
2954 309 3054 364 τὸν
3105 309 3319 378 ἀγαθὸν
3370 312 3497 365 Θεδν
3542 315 3661 383 αὐτῷ

436 416 600 474 atque
630 405 771 458 idem
800 404 1079 473 quidpiam
1106 421 1396 461 commune
1414 405 1807 469 obtinentibus,
1834 421 2001 461 unum

433 495 714 564 quidpiam
751 496 1012 551 eximium
1056 504 1219 567 atque
1270 498 1528 553 selectum
1578 512 1831 567 praeesse,
1861 499 2005 567 quod

431 586 616 641 multis
642 586 770 640 illud
806 603 973 641 unum
1007 600 1171 657 atque
1214 590 1353 645 idem
1411 591 1703 660 impertiat.
1736 589 2002 645 Adversu:

430 676 541 729 lucc
575 678 916 745 Aristoteles,
941 664 994 735 et
1021 681 1321 736 secundum
1355 698 1525 737 unum
1554 682 1750 752 inquit,
1781 682 1835 735 in
1864 682 2005 736 mul-

425 767 495 821 tis
520 776 573 822 et
603 769 974 839 negationum.
1026 770 1238 842 Quippe
1290 773 1336 829 si
1388 773 1685 829 secundum
1753 773 1805 828 id
1859 772 2003 843 quod

426 873 592 913 unum
626 861 905 931 quippiam
940 863 1069 917 insit
1102 865 1337 934 exempli
1371 865 1543 937 gratia
1591 863 1776 920 multis
1823 864 2004 918 homi-

426 948 610 1016 nibus,
637 951 951 1008 humanitas
973 954 1252 1021 videlicet,
1286 967 1500 1026 oportet
1531 973 1699 1012 unum
1725 956 2001 1027 quidpiam

425 1040 689 1099 eximium
723 1044 1085 1113 constituere,
1121 1050 1265 1118 quod
1301 1049 1411 1105 illis
1444 1050 1585 1105 hanc
1609 1049 2001 1105 humanitatem

425 1137 719 1203 impertiat,
744 1141 1017 1208 oportebit
1057 1142 1220 1197 etiam
1269 1158 1438 1198 unum
1502 1143 1789 1213 quippiam
1838 1156 2000 1203 esse.

427 1227 570 1295 quod
608 1230 866 1285 omnibus
896 1248 1002 1286 non
1038 1234 1373 1299 hominibus,
1409 1234 1677 1289 rationem
1720 1250 1864 1298 eam,
1896 1250 2001 1303 qua

381 1333 535 1372 .non
585 1330 713 1374 sunt
763 1322 1051 1386 homines,
1106 1323 1389 1394 largiatur.
1422 1325 1654 1389 _Etenim
1704 1326 1866 1379 etiam
1927 1326 2002 1379 illi

426 1424 594 1463 unum
631 1410 910 1482 quippiam
969 1410 1169 1469 habent
1202 1429 1513 1479 commune,
1545 1423 1601 1469 ut
1633 1414 1743 1473 sint
1770 1430 1875 1470 non
1906 1415 2005 1469 ho-

428 1498 629 1564 mines,
661 1504 1127 1570 quemadmodum
1186 1505 1259 1560 illi
1288 1506 1390 1578 qui
1443 1517 1573 1562 sunt
1621 1506 1872 1561 homines
1904 1507 2003 1560 hu-

425 1589 743 1645 manitatem
794 1607 1138 1647 communem
1183 1594 1460 1650 obtinent.
1515 1594 1787 1649 Hactenus
1820 1596 2002 1663 itaque

2115 402 2505 471 προνέμοντες.
2558 401 2761 454 Τοῦτον
2822 401 2909 456 τὸν
2966 402 3105 455 νοῦν
3165 401 3556 472 παραδείγματι
3600 406 3661 474 τῷ

2115 492 2240 546 καθ’
2272 492 2466 546 ἑαυτὸν
2496 493 2671 563 νοητῷ
2710 493 2902 563 κόσμῳ
2935 494 3326 564 κεχρημένον,
3357 494 3443 547 τὸν
3472 495 3661 563 οὖρανδν

2116 582 2267 635 τόνδε
2298 583 2394 636 καὶ
2426 582 2632 653 κόσμον
2663 583 2927 654 αἰσθητὸν
2952 584 3514 654 δεδημιουργηκέναι.
3542 580 3663 639 Εἶναί

2111 692 2169 729 τε
2207 674 2299 728 τὸν
2351 675 2613 744 αἰσθητὸν
2666 676 2818 730 τόνδε
2858 676 3075 746 κόσμον
3123 676 3223 729 τοῦ
3274 676 3464 745 νοητοῦ
3492 678 3661 741 εἰκόνα,

2115 769 2256 822 κατά
2317 770 2380 820 τὸ
2436 768 2557 822 ὅλον
2601 769 2697 823 καὶ
2730 772 2873 840 μέρη
2904 769 3068 824 οὐδὲν
3111 770 3199 823 ὅτι
3244 772 3341 824 καὶ
3367 770 3461 823 οὐκ
3494 771 3661 824 ἐκεῖθεν

2110 861 2306 929 ἔχοντα
2364 862 2474 915 τῶν
2525 862 2704 916 αίτίου
2766 862 3075 932 δεομένων.
3143 861 3372 915 Δεῖσθαι
3432 863 3476 914 δ’
3520 864 3693 915 αἰτίου.

2111 952 2329 1008 ἅπαντα
2369 955 2440 1007 τὰ
2481 954 2612 1008 ὄντα
2654 971 2715 1007 τε
2770 955 2866 1008 καὶ
2921 953 3265 1024 γιγνόμενα.
3320 954 3592 1023 Στερήσεις
3618 956 3660 1008 δὲ

2110 1046 2205 1099 καὶ
2237 1045 2632 1115 ἀποτεύγματα
2681 1048 2778 1100 καὶ
2830 1048 2858 1101 ὃ
2892 1065 2944 1101 τι
2979 1046 3055 1101 ἂν
3113 1046 3257 1115 πρὸς
3286 1046 3350 1098 τὸ
3388 1046 3459 1115 μὴ
3487 1046 3542 1099 ὃν
3583 1046 3659 1116 ήδη

2111 1136 2397 1207 ἀποπίπτῃ
2439 1136 2550 1190 οὐδ’
2585 1138 2761 1191 αἰτίου
2795 1136 3070 1191 ⁸δεῖσ6αι.
3110 1136 3259 1189 Ἀλλ’
3288 1135 3457 1189 αίτίου
3498 1136 3659 1205 μᾶλλον

2112 1227 2396 1292 ἀπολείψει
2435 1229 2667 1283 τοιαῦτα
2704 1229 3059 1283 ἀποϐαίνειν.
3091 1229 3233 1282 Οὐδὲ
3262 1230 3328 1297 δὴ
3357 1229 3451 1291 τὰς
3488 1230 3659 1295 ἀποφά-

2113 1335 2245 1381 σεις.
2281 1319 2369 1389 Τῷ
2401 1319 2510 1390 γὰρ
2543 1321 2637 1372 τοῦ
2672 1321 2780 1373 τῶν
2813 1319 3197 1387 καταφάσεων
3233 1319 3344 1372 τῶν
3373 1335 3433 1387 γε
3461 1319 3655 1373 ἀντικει-

2114 1409 2291 1476 μένων
2324 1409 2499 1463 αἰτίου
2538 1411 2633 1463 xui.
2675 1410 2880 1474 ταύτας
2914 1411 3353 1474 ἀπολείπεσθαι,
3401 1413 3656 1479 ἀποφάσεις

2111 1501 2447 1556 ἀποϐαίνειν.
2491 1501 2626 1555 Οὒδέ
2658 1518 2723 1569 γε
2774 1502 2884 1555 τῶν
2971 1502 3126 1556 κατά
3175 1502 3513 1573 συμϐεϐηκὸς
3558 1504 3653 1572 τῇδε

2111 1592 2448 1662 γιγνομένων
2472 1594 2530 1646 ’ἐν
2555 1611 2607 1647 τι.
2631 1596 2747 1648 ἐκεῖ
2780 1594 2955 1649 αίτιον
2994 1591 3171 1651 εἶναι.
3209 1597 3323 1648 Καὶ
3348 1596 3453 1666 γάρ
3476 1596 3583 1664 τῇδε
3604 1596 3653 1649 τὰ

422 1680 765 1737 Aristoteles.
808 1682 918 1738 Nos
947 1700 1073 1741 vero
1112 1700 1291 1754 operte
1323 1686 1556 1754 pretium
1606 1702 1707 1740 nos
1760 1685 1999 1742 facturus

2119 1685 2323 1739 τοιαῦτα
2346 1687 2609 1751 πλειόνων
2636 1688 2828 1741 αἰτίων
2853 1688 3065 1756 συνόδῳ
3097 1687 3440 1751 ἀποϐαίνειν,
3460 1682 3527 1741 ὧν
3554 1688 3654 1741 έκε-

426 1768 782 1835 arhitramur,
800 1773 843 1825 si
872 1772 1190 1842 priusquam
1217 1774 1281 1827 ad
1315 1773 1487 1844 ipsius
1510 1776 1749 1830 rationes
1773 1790 2002 1844 respou-

426 1860 653 1916 deamus
683 1864 1040 1932 explanemus
1091 1867 1329 1935 primum
1364 1867 1684 1937 qualesnam
1727 1877 1782 1923 et
1816 1867 2003 1935 cujus-

426 1952 571 2007 modi
610 1969 731 2009 esse
760 1970 889 2010 suas
930 1956 1146 2025 species
1178 1957 1292 2011 sive
1334 1958 1538 2014 formas
1563 1958 1872 2014 existiment
1904 1959 2000 2023 illi,

426 2041 519 2111 qui
557 2041 702 2111 ipsas
736 2044 1092 2112 constituunt,
1124 2048 1320 2116 quibus
1343 2048 1605 2117 expositis
1636 2049 1849 2103 tandem
1878 2048 2007 2103 Ari-

427 2133 693 2189 Stotelicis
742 2144 1050 2204 opportune
1103 2152 1460 2193 occurremus
1510 2140 1839 2195 rationibus.
1892 2138 2005 2194 llae

425 2236 663 2293 namque
695 2224 907 2280 ratione
938 2231 1284 2297 apertissime
1341 2230 1737 2285 convincemus
1771 2231 1918 2285 illum
1948 2231 2003 2286 in

424 2314 756 2382 quibusdam
791 2319 1011 2387 quidem
1062 2318 1459 2375 calumniatum
1510 2337 1651 2385 esse,
1682 2321 1735 2377 in
1772 2322 2003 2391 quibus-

424 2405 549 2460 dam
616 2422 748 2463 vero
817 2426 926 2467 non
987 2411 1039 2465 id
1103 2413 1374 2469 conficere
1432 2416 1578 2483 quod
1628 2414 1873 2483 optabat.
1924 2412 2001 2468 llli

426 2496 611 2568 itaque
634 2503 729 2571 qui
756 2500 922 2560 idaeas
951 2503 1272 2572 defendunt,
1301 2506 1454 2561 aiunt
1483 2506 1654 2561 Deum
1688 2507 1835 2561 illum
1866 2508 2007 2577 opti~

430 2607 580 2645 mum
616 2595 917 2649 maximum
955 2594 1047 2665 qui
1076 2613 1288 2652 summa
1323 2599 1558 2666 quadam
1586 2598 2005 2668 .cxcellentique

430 2680 681 2739 bonitate
726 2694 811 2741 est
859 2686 1119 2757 praeditus
1161 2689 1537 2743 immediatum
1573 2705 1681 2744 non
1735 2705 1858 2745 esse
1895 2690 2002 2744 hu-

427 2772 586 2844 jusce
612 2778 736 2834 ('(Pii
770 2780 1046 2850 opiﬁcem,
1104 2781 1197 2836 sed
1253 2782 1405 2852 prius
1456 2783 1684 2838 alterius
1720 2782 2001 2853 cujusdam

427 2877 638 2924 natura:
672 2879 833 2941 atque
860 2875 1131 2941 essentiae,
1165 2889 1287 2944 quae
1333 2883 1387 2928 et
1418 2889 1544 2929 eum
1586 2874 1703 2944 ipso
1737 2875 2001 2945 majorem

2109 1792 2233 1828 στον
2262 1777 2443 1829 ἐκεῖσε
2476 1776 2873 1847 ἀναφέρεσθαι,
2910 1778 3013 1829 καὶ
3052 1777 3159 1846 οὐχ
3194 1776 3256 1828 ἓν
3309 1793 3363 1830 τι
3408 1772 3541 1828 εἶναι
3568 1776 3653 1828 ἐκεῖ

2102 1868 2161 1921 τὸ
2195 1869 2303 1921 τῶν
2342 1867 2599 1922 τοιούτων
2642 1869 2836 1923 αἴτιον.
2885 1869 3025 1921 Ούδέ
3062 1886 3129 1936 γε
3154 1869 3268 1921 τῶν
3301 1867 3525 1937 ἀπείρων
3550 1867 3595 1920 ἔν
3614 1884 3648 1934 τι

2103 1959 2437 2014 καθέκαστον
2468 1961 2584 2014 ἐκεῖ
2629 1958 2771 2013 εἶναι
2805 1960 3007 2027 αἴτιον,
3030 1960 3151 2013 ἀλλ’
3180 1946 3242 2012 ἐν
3266 1977 3319 2012 τι
3343 1960 3541 2012 πάντων
3571 1956 3650 2009 τῶν

2103 2051 2229 2121 τῇδε
2256 2052 2314 2113 ές
2358 2052 2617 2119 ἀπειρίαν
2650 2052 2751 2122 ήδη
2785 2052 3177 2105 ἐκπιπτόντων
3208 2052 3326 2103 ἐκεῖ
3358 2046 3490 2103 εἶναι
3513 2048 3565 2100 τὸ
3584 2046 3646 2098 σί·

2103 2156 2217 2191 τιον
2257 2135 2417 2203 εἶδος.
2471 2139 2697 2210 Οὐδαμῆ
2733 2142 2839 2211 γὰρ
2862 2142 3132 2210 ἀπειρίας
3162 2140 3265 2210 τῆς
3293 2139 3429 2193 κατά
3448 2138 3501 2191 τὸ
3518 2137 3641 2189 ποσὸν

2101 2230 2216 2290 τοῖς
2275 2230 2393 2281 ἐκεῖ
2448 2232 2713 2298 μετεῖναι.
2758 2230 2919 2285 Ἀλλὰ
2954 2232 3039 2301 τῷ
3093 2231 3198 2300 μὲν
3246 2227 3533 2309 ὖπερουσίῳ
3556 2223 3642 2293 Θεῷ

2102 2321 2210 2374 οὐδ’
2242 2322 2378 2384 ὅλως
2409 2314 2667 2391 πλήθουςέ
2714 2323 2935 2392 Ἀκρως
2971 2322 3087 2393 γὰρ
3125 2322 3190 2390 δὴ
3224 2321 3281 2373 ἓν
3312 2319 3465 2375 αὑτὸν
3508 2312 3635 2368 εἶναι·

2103 2414 2181 2486 τῷ
2205 2416 2264 2468 δὲ
2314 2414 2490 2486 νοητῷ
2530 2417 2703 2485 τούτῳ
2734 2415 3018 2485 διακόσμῳ
3076 2414 3287 2484 πλῆθος
3339 2411 3434 2481 μὲν
3468 2410 3638 2468 ἐνεῖναι.

2105 2509 2527 2576 πεπερασμένον
2554 2506 2597 2559 δ’
2624 2506 2753 2560 αὐτὸ
2773 2502 2909 2560 εἶναι
2933 2507 3033 2561 καὶ
3066 2506 3284 2575 οὐδαμῆ
3308 2505 3531 2571 ἄπειρον,
3552 2498 3640 2551 οὔτε

2105 2598 2334 2668 δυνάμει
2402 2598 2526 2653 οὕτε
2578 2599 2749 2670 έργῳ.
2798 2600 2889 2667 Τῷ
2935 2598 2982 2653 δ’
3014 2598 3266 2669 αἰσθητῷ
3322 2596 3447 2666 τῷδε
3498 2592 3642 2659 κόσμῳ

2109 2689 2210 2758 τὴν
2240 2690 2498 2759 ἀπειρίαν
2527 2691 2627 2762 ἤδη
2659 2693 2734 2755 ὡς
2761 2691 3040 2760 ἐνδέχεται
3079 2688 3426 2758 ἐγγεγονέναι
3459 2684 3535 2738 διὰ
3568 2683 3637 2747 τὴν

2109 2780 2261 2853 ὓλην,
2299 2776 2590 2856 ᾖπρώτως
2652 2784 2713 2837 τὸ
2763 2783 2995 2851 ἄπειρον
3030 2781 3345 2853 πρόσεστιν,
3372 2777 3548 2831 ἐκεῖθεν
3563 2773 3636 2841 μὲν

2106 2874 2203 2927 καὶ
2262 2872 2468 2943 ταύτην
2529 2874 2761 2944 ἔχουσαν
2825 2874 2925 2944 τὴν
2986 2876 3171 2928 αἰτίαν
3215 2872 3278 2925 οὐ
3308 2869 3402 2940 μέν
3426 2883 3498 2920 τοι
3518 2862 3638 2916 κάκεῖ

427 2959 628 3015 habeat
656 2964 1039 3031 cognationem
1065 2974 1120 3018 et
1152 2980 1274 3021 cum
1307 2966 1377 3021 sit
1410 2966 1765 3037 sempiterna,
1791 2982 2003 3036 semper

2119 2964 2339 3035 ἄπειρον
2384 2962 2568 3020 οὖσαν.
2628 2967 2763 3020 (Ιὺδὲ
2793 2965 2901 3040 γὰρ
2958 2966 3073 3021 τῶν
3107 2964 3238 3035 τῇδε
3283 2962 3463 3028 λόγων,
3492 2956 3637 3055 ἄλογον

426 3054 637 3119 eadem,
683 3054 961 3124 similique
995 3055 1208 3111 ratione
1238 3072 1296 3112 se
1350 3055 1567 3111 habeat.
1604 3055 1867 3111 Eumdem
1901 3059 2007 3113 ita-

428 3159 537 3211 que
565 3145 717 3200 illum
756 3145 925 3201 Deum
967 3162 1072 3201 non
1120 3163 1218 3217 per
1253 3148 1520 3219 seipsum,
1569 3149 1661 3203 sed
1714 3164 1809 3219 per
1858 3149 2006 3203 illam

424 3234 538 3303 jam
567 3237 885 3305 productam
922 3238 1038 3293 sive
1085 3240 1378 3293 essentiam
1432 3239 1549 3294 sive
1602 3248 1853 3294 naturam
1910 3242 2011 3295 hu-

426 3329 584 3395 jusce
617 3328 741 3381 θα)ιὶ
775 3328 940 3383 fuisse
967 3328 1379 3394 fabricatorem,
1412 3338 1577 3399 atque
1612 3330 1757 3385 illam
1789 3333 2006 3402 quidem

439 3420 737 3472 essentiam
774 3422 826 3473 in
871 3435 1039 3474 unum
1097 3420 1491 3490 intelligihilem
1541 3424 1808 3479 mundum
1851 3439 2013 3496 coag-

432 3521 704 3579 ruentam,
736 3528 898 3583 quem
934 3512 1143 3568 Locrus
1188 3514 1276 3570 ille
1305 3515 1547 3570 Timaaus
1594 3516 1870 3571 idanieum
1898 3528 2012 3586 ‘ap-

434 3604 623 3674 pellat,
657 3620 720 3661 ac
752 3606 798 3660 si
828 3604 993 3670 dicat,
1027 3606 1315 3675 specialem
1346 3609 1431 3661 vel
1465 3607 1870 3677 exemplarcm,
1918 3608 2012 3678 qui

436 3698 699 3751 nimirum
752 3714 817 3752 ex
871 3697 1149 3762 omnibus,
1187 3697 1368 3764 iisque
1397 3698 1717 3755 multifariis
1762 3701 1833 3754 sit
1868 3717 2012 3756 'con-

436 3796 683 3844 structus
716 3789 1026 3859 speciebus,
1053 3805 1191 3861 quas
1218 3790 1381 3845 etiam
1417 3798 1624 3846 mentes
1650 3801 1866 3847 vocant.
1892 3792 2013 3847 Toti

438 3896 567 3937 vero
598 3881 725 3936 huic
757 3881 1084 3950 intelligibili
1121 3881 1325 3937 mundo
1356 3898 1517 3937 unam
1552 3884 1845 3953 quamdam
1897 3901 2018 3955 per-

394 3973 801 4030 -fectissimam
860 3973 1165 4045 praeﬁciunt
1212 3985 1489 4041 mentem,
1545 3977 1634 4031 cui
1684 3986 1809 4048 post
1867 3977 2015 4032 illum

435 4071 613 4122 omnis
645 4067 770 4121 boni
800 4076 1079 4122 auctorem
1117 4079 1278 4137 atque
1317 4066 1523 4123 fontem
1554 4068 1716 4123 deum
1748 4071 2019 4127 secundas

437 4160 491 4213 in
529 4161 925 4228 gubernatione
982 4159 1308 4230 imperiique
1344 4161 1587 4216 universi
1636 4172 1816 4230 partes
1850 4148 2019 4216 ascri-

438 4250 597 4305 hunt.
642 4250 793 4305 lianc
825 4266 989 4320 porro
1018 4261 1256 4306 mentem
1291 4250 1383 4306 illo
1415 4266 1511 4320 per
1546 4253 1786 4321 seipsum
1820 4254 2039 4308 intelIi-.

440 4346 589 4414 gibili
617 4345 839 4414 speciali
866 4346 1069 4401 mundo
1098 4361 1279 4410 usam,
1308 4345 1411 4401 hoc
1436 4347 1638 4402 nostris
1663 4348 2011 4417 conspicuum

2132 4347 2227 4396 καὶ
2274 4343 2383 4395 τῶν
2438 4342 2564 4413 τῇδε
2609 4342 2704 4394 καὶ
2734 4339 3033 4410 αἰσθητῶν.
3064 4332 3164 4392 Οἷα
3198 4332 3291 4404 μὲν

441 4440 618 4495 oculis
670 4439 897 4502 cmlum,
959 4439 1339 4507 mundumque
1400 4440 1654 4494 sensibus
1714 4441 2022 4511 subjectum

442 4531 768 4585 fabricatum
797 4544 939 4585 esse.
984 4529 1112 4585 Esse
1144 4531 1329 4599 itaque
1360 4532 1509 4586 hunc
1542 4532 1793 4587 sensibus
1834 4546 2024 4602 paten-

446 4637 553 4678 tem
589 4625 851 4678 mundum
890 4625 1036 4679 illius
1068 4624 1431 4694 intelligibilis
1463 4625 1825 4681 simulacrum
1862 4635 2027 4697 atque

446 4717 761 4787 imaginem,
790 4716 1035 4786 nihilque
1065 4718 1220 4773 exiis
1246 4732 1367 4786 quae
1391 4717 1574 4772 causis
1602 4719 1719 4772 suis
1754 4718 2026 4787 indigent,

446 4819 558 4862 tam
602 4806 656 4861 in
691 4814 806 4861 toto
836 4821 1000 4877 quam
1032 4806 1087 4861 in
1119 4807 1366 4878 partibus
1400 4807 1688 4869 exsistere,
1740 4806 1885 4875 quod
1922 4821 2027 4861 non

447 4899 516 4954 ιιι)
554 4900 649 4954 illo
675 4900 848 4954 altero
881 4907 1063 4954 ortum
1101 4900 1305 4966 trahat,
1340 4898 1523 4953 causis
1573 4913 1701 4952 vero
1764 4898 2028 4968 indigere.

446 5007 789 5062 quaecunque
838 4991 1078 5047 existant
1099 4992 1151 5045 in
1184 4991 1367 5057 rebus,
1400 5005 1626 5059 quaeque
1655 4988 1809 5051 (iant,
1840 5001 1892 5043 et
1918 4989 2029 5059 pri-

451 5086 700 5141 vationes
730 5093 784 5139 et
812 5084 1222 5147 frustrationes,
1250 5092 1303 5137 et
1328 5081 1591 5151 quidquid
1616 5080 1853 5147 denique
1878 5082 1941 5135 ad
1973 5080 2024 5135 id

449 5178 596 5247 quod
634 5192 901 5248 nusquam
937 5186 1043 5241 est,
1074 5176 1266 5230 recidit
1291 5174 1494 5228 nullam
1527 5173 1753 5228 omnino
1801 5186 2026 5227 causam

454 5273 749 5340 postulare,
793 5272 904 5326 into
933 5270 1116 5340 potius
1142 5268 1357 5324 defectu
1406 5282 1587 5321 causa:
1637 5273 1834 5320 cuncta
1888 5266 2033 5336 ejus-

456 5364 601 5418 modi
631 5366 968 5434 contingere,
1005 5379 1180 5435 neque
1206 5363 1334 5416 item
1362 5363 1701 5432 negationes.
1725 5364 1859 5419 Nam
1891 5365 2032 5435 quod

372 5444 373 5447 ¹
457 5474 621 5513 causa
655 5461 945 5513 contraria:
988 5456 1368 5512 aﬂirmatiouis
1391 5457 1553 5523 desit,
1589 5472 1653 5512 ex
1688 5473 1755 5512 eo
1786 5475 1891 5513 una
1926 5458 2035 5513 ori-

458 5560 547 5603 tur
587 5552 823 5620 negatio.
871 5550 1060 5619 Neque
1113 5553 1302 5614 etiam,
1354 5566 1475 5620 quae
1525 5566 1621 5620 per
1660 5553 1913 5607 accidens
1949 5551 2037 5605 hic

463 5641 808 5711 contingunt,
844 5658 1033 5699 eorum
1071 5644 1235 5699 ullam
1292 5660 1511 5714 prorsus
1547 5644 1653 5701 illic
1689 5660 1906 5701 causam
1944 5646 2037 5700 ha-

2116 3060 2278 3112 κὰκεί
2306 3054 2443 3111 εἶναι
2471 3059 2531 3111 τὸ
2557 3053 2717 3123 εἶδος,
2740 3058 2859 3111 οὐδέ
2894 3074 2957 3126 γε
2982 3058 3095 3111 τῶν
3120 3054 3464 3123 κινουμένων,
3499 3041 3637 3097 κινού·

2121 3166 2299 3218 μενον.
2326 3149 2448 3201 Τῶν
2478 3165 2541 3217 γε
2580 3148 2687 3218 μὴν
2712 3146 2838 3218 τῇδε
2872 3147 3102 3211 οὐσιῶν,
3133 3145 3241 3197 τῶν
3271 3160 3325 3195 τε
3352 3141 3458 3200 ταῖς
3481 3133 3639 3191 οὐσίαις

2119 3242 2242 3297 καθ’
2264 3243 2402 3297 αὑτά
2425 3244 2737 3314 προσόντων
2758 3242 2853 3296 καὶ
2882 3242 3127 3311 σχέσεων
3158 3242 3274 3292 ἐκεῖ
3304 3230 3433 3288 εἶναι
3479 3232 3534 3282 τὰ
3553 3224 3637 3287 εἴδη

2118 3352 2177 3388 τε
2217 3335 2312 3389 καὶ
2351 3335 2775 3405 παραδείγματα
2801 3333 2909 3385 τῶν
2941 3333 3047 3401 μὲν
3078 3331 3336 3401 σχέσεων,
3374 3326 3446 3377 ὅτι
3470 3317 3568 3372 οὐδὲ
3589 3314 3636 3364 τὰ

2121 3427 2283 3481 κάκεῖ
2313 3426 2520 3497 ἄσχετα
2546 3428 2680 3497 πρὸς
2702 3425 2928 3494 ἄλληλα.
2949 3426 3073 3478 Τῶν
3099 3419 3195 3478 οὖν
3215 3421 3328 3475 ἐκεῖ
3352 3416 3553 3487 σχέσεων

2120 3520 2247 3587 τῇδε
2298 3494 2549 3570 δεῖίεῖναι
2578 3494 2816 3583 είκόνας,
2851 3516 2961 3569 τῶν
3023 3516 3083 3569 δὲ
3117 3513 3432 3583 προσόντων,
3468 3505 3535 3556 ὃτι
3558 3494 3636 3550 οὐδ’

2124 3608 2256 3663 ἀνευ
2327 3610 2639 3678 προσόντων
2700 3609 2880 3662 τάκεῖ.
2919 3608 3027 3660 Τοῦ
3069 3607 3168 3678 μὲν
3201 3605 3306 3673 γάρ
3359 3588 3629 3667 ύπερουσίου

2125 3702 2245 3765 ἑνὸς
2277 3702 2372 3755 ἆτε
2408 3701 2592 3770 ἄκρως
2624 3699 2740 3761 ὲνδς
2764 3699 2917 3762 ὄντος
2943 3697 3071 3751 οὔτε
3099 3696 3306 3760 οὐσίαν,
3331 3679 3635 3777 οὔτεᾲπροξξνι

2125 3791 2251 3846 οὔτε
2313 3768 2622 3861 ἐνέργειαν,
2686 3789 2812 3843 οὗτε
2873 3789 3109 3858 δύναμιν
3169 3768 3635 3850 διακεκρίσθαι.Τὼν

2125 3885 2177 3938 δὲ
2221 3884 2379 3937 εἰδῶν
2428 3901 2488 3937 τε
2526 3886 2619 3936 καὶ
2653 3882 2760 3939 νῶν
2793 3881 2999 3935 τούτων
3057 3883 3153 3936 ἇτε
3196 3878 3292 3931 οὐκ
3320 3870 3493 3935 ἐκείνῳ
3518 3874 3635 3925 περί·

2128 3978 2436 4041 σουμέιων,
2471 3974 2743 4044 προσόντα
2773 3975 2872 4043 μὲν
2900 3974 3092 4037 οὐσίας
3131 3964 3497 4035 διακεκρίσθαι,
3521 3955 3633 4044 ἐνειρῖ

2127 4037 2278 4137 γείας
2299 4065 2354 4121 δὲ
2379 4037 2611 4137 δύναμιν
2633 4037 2864 4129 οὐδέπω,
2895 4063 3032 4119 ἀλλὰ
3062 4066 3173 4125 τοῖς
3204 4057 3321 4129 τῇδε
3349 4053 3439 4122 ἤδη
3460 4037 3633 4143 πρῗὶτῗ

2128 4135 2418 4232 έτέρᾳκκαὶ
2443 4135 2644 4228 ταύτην
2682 4160 2778 4228 τὴν
2814 4157 3087 4227 διάκρισιν
3115 4145 3461 4207 ἀποδίδοσθαι.
3516 4135 3618 4232 Ϊίξστ

2131 4253 2201 4306 ἂν
2231 4253 2392 4305 τάκεῖ
2441 4252 2623 4320 μέσως
2646 4267 2760 4313 πως
2815 4250 2958 4317 ἔχειν
2984 4249 3079 4302 τοῦ
3112 4264 3170 4300 τε
3200 4231 3493 4311 ύπερουσίου
3515 4223 3630 4279 ἑνὸς,

2132 4347 2222 4367 -..Α
2276 4343 2383 4367 ,ξι-η.
2439 4342 2561 4367 -zg-
2609 4342 2699 4367 ..-ι
2738 4339 3012 4367 ..τ-1ι..-.·’...
3064 4332 3160 4367 ΛΤ..
3199 4332 3291 4367 ..ἓν
3318 4321 3401 4367 τιῦν
3424 4318 3501 4367 καὶ
3522 4314 3629 4365 ὅπως

3318 4337 3401 4381 οὑν
3424 4337 3501 4373 και
3522 4337 3628 4365 (μων

2131 4436 2325 4506 έχοντα
2352 4434 2420 4488 τά
2446 4407 2588 4503 είδη,
2635 4435 2683 4486 οἱ
2718 4407 2992 4500 τιθέμενοι
3026 4428 3267 4494 ἀξιοῦσιν
3293 4416 3441 4475 εἶναι.
3465 4407 3628 4506 εξρηνταξ

2133 4497 2269 4598 ὴσμῖν
2341 4526 2415 4590 ὡς
2474 4497 2563 4579 διά
2622 4497 2983 4595 βραχυτάτων
3019 4540 3079 4574 τε
3120 4520 3209 4573 καὶ
3265 4516 3318 4564 ὲν
3372 4497 3624 4598 κεφαλαίῗξξ

2133 4594 2331 4673 εἰπεῖν.
2376 4620 2520 4690 Πρὸς
2549 4614 2641 4671 οὖν
2674 4618 2741 4669 τὰ
2786 4614 3200 4685 Ἀριστοτέλους
3229 4605 3326 4678 ἢδη
3354 4594 3627 4690 ἀπαντητξέν

2134 4714 2200 4767 ἂν
2231 4714 2339 4781 εῐη.
2376 4686 2531 4764 κατὰ
2581 4728 2639 4764 τε
2681 4711 2789 4779 γὰρ
2819 4708 2945 4770 τοὺς
2989 4707 3178 4774 λόγους
3212 4699 3314 4752 τῶν
3352 4686 3622 4781 ἐπιστηεξωνι

2133 4806 2285 4858 ἔσται
2332 4805 2448 4874 είδη
2496 4804 2715 4856 πάντων
2764 4803 3014 4870 ὅσωνπερ
3042 4799 3136 4853 καὶ
3196 4777 3467 4874 ἐπιστῆμαξ
3506 4770 3623 4874 ita}?

2136 4896 2293 4964 εἴπερ
2328 4895 2627 4966 ἐπιστῆμαι
2649 4894 2754 4946 τῶν
2800 4892 2925 4946 καθ’
2952 4891 3094 4945 αύτά
3124 4886 3207 4942 ἀεί
3232 4860 3616 4971 είσι..Καὶ,εἴ,τῗέ

2136 4942 2289 4964 “’”’“Ι’
2328 4942 2626 4966 ’⁷⁷””ΊΓ“⁷”’
2660 4942 2719 4946 ’τ’
2803 4942 2896 4946 "r—
2957 4942 3011 4945 “”
3039 4942 3090 4944 ήη
3464 4956 3482 4971 η

2135 4990 2298 5043 πάλιν
2331 4990 2438 5042 τῶν
2470 4987 2593 5041 καθ’
2634 4986 2777 5041 αύτὰ
2814 4984 3122 5053 προσόντων
3149 4976 3298 5032 εἰσὶν,
3330 4966 3418 5033 θῦκ
3437 4975 3478 5012 οι
3505 4966 3553 5053 Ὺξ

2139 5084 2253 5150 εἴδη
2285 5083 2564 5152 τιθέμενοι
2591 5081 2884 5148 ὀκνήσουσι
2920 5076 2994 5146 μὴ
3017 5074 3267 5128 ἁπάντων
3297 5058 3478 5154 τούξτῇἶ

2140 5174 2284 5231 εἶναι
2308 5176 2445 5243 εἴδη,
2476 5174 2537 5226 οὐ
2566 5173 2667 5243 μέν
2706 5188 2788 5224 τοι
2818 5168 3085 5230 ὡσαύτως
3117 5165 3344 5218 πάντων”
3384 5138 3617 5243 mihi?

2141 5224 2803 5337 μέτες-*πεπερασμένα
2856 5259 2972 5327 εἴδη
3010 5224 3081 5311 τά
3125 5252 3246 5325 τῇδε
3269 5224 3618 5342 διέκριῖθέέζῗῖ

2139 5314 2761 5427 ἕνἐφτέκέιᾷιῴέίδη,
2813 5353 2923 5406 τῶν
2952 5314 3009 5404 δὲ
3062 5352 3118 5412 ἐς
3165 5314 3403 5432 an“???

2140 5452 2476 5515 πιπτόντων,
2504 5449 2561 5502 ἓν
2593 5450 2685 5501 ἐπὶ
2717 5449 2853 5500 πᾶσι
2888 5448 2999 5508 τοῖς
3049 5442 3303 5517 ἀπείροις·
3338 5411 3615 5537 Aruns]:

2139 5548 2216 5616 τῷ
2262 5546 2388 5615 τῆδε
2448 5542 2666 5613 ἀριθμῷ
2718 5540 2881 5593 παντὶ
2933 5536 3021 5590 διὰ
3074 5536 3173 5603 τὴν
3228 5513 3469 5607 ἀπειρίαν)
3501 5513 3609 5548 ε’“

2302 5601 2312 5616 ⁸
3175 5626 3182 5629 .
3294 5614 3333 5629 m
3370 5607 3416 5629 τ..
3452 5592 3609 5629 τ-ἰντα

2143 5641 2260 5694 ἐκεῖ
2292 5635 2427 5703 εἶδος
2465 5638 2752 5706 ἐφιστᾶσιν
2785 5632 2985 5688 ἐνιαῖὁν
3017 5646 3073 5682 τε
3105 5626 3193 5681 καὶ
3223 5614 3333 5671 καθ’
3368 5621 3416 5657 εν
3444 5602 3559 5649 1"”
