3858 6202
404 729 806 829 μαθηματικὸν,
867 724 1129 810 ἀριθμὸν,
1195 724 1693 824 καλ-μαθηματικα
1732 724 1829 829 μέ·

246 815 657 921 γίθηξκτάξην
687 825 1048 899 ὑποδέχεσθαι
1079 838 1239 900 σκιάς
1270 815 1340 893 τε.
1360 815 1672 901 καὶεῖδωλα
1701 815 1826 921 νοη-

222 907 364 970 ,τῶν
397 909 527 977 ὄντα
622 916 689 969 τὰ
720 919 847 987 τῇδε
890 922 947 977 ἔν
980 941 1038 978 τε
1082 926 1268 984 ὕδασιν
1306 934 1501 990 εἴδωλα
1538 941 1633 992 καὶ
1673 906 1826 997 σκιαὶ

244 999 361 1108 τῶν
397 1002 673 1108 αίσθητῶν
699 1011 837 1079 πρὸς
869 1014 1004 1069 αὐτὰ
1061 1020 1129 1073 τὰ
1170 1023 1433 1093 αἰσθητά.
1465 1030 1576 1083 Καὶ
1613 1033 1711 1101 μὲν
1757 1035 1823 1108 δὴ

246 1092 346 1144 καὶ
386 1093 456 1147 τὰ
492 1096 584 1148 ὑπ’
609 1099 916 1173 ἀνθρώπων
952 1115 1225 1169 σκευαστὰ
1276 1118 1450 1172 ταῦτα
1498 1123 1557 1176 ἐν
1599 1126 1678 1195 τῷ
1708 1092 1826 1182 ἐκεξ

244 1200 417 1282 φιισιν
442 1186 734 1258 ἀνθρώπου
770 1197 899 1251 εῖδει
954 1203 1076 1255 καθ’
1129 1204 1188 1259 ἓν
1239 1212 1615 1282 περιέχεσθαι.
1649 1186 1820 1273 ¹Ὅθεν

242 1279 331 1382 τῇ.
348 1279 561 1354 διανοίᾳ
594 1286 722 1382 τοὺς
751 1289 1121 1365 δημιουργοὺς
1164 1300 1303 1354 ἀλλὰ
1339 1279 1536 1371 ἄλλους
1556 1311 1819 1382 ὑποδεχο-

253 1368 488 1463 μένους,
522 1375 638 1463 καὶ
690 1377 951 1450 διανοητὰ
979 1389 1248 1460 πρότερον
1287 1395 1345 1447 ἐν
1369 1368 1586 1463 ἑαυτοῖς
1614 1402 1683 1455 τὰ
1710 1368 1819 1459 τῶν

239 1460 458 1514 σκευῶν
484 1462 602 1531 εῐδη
629 1466 864 1525 ἕκαστον
917 1475 1472 1551 διαμεμορφωκότας,
1506 1490 1659 1545 οὕτω
1702 1497 1819 1559 τοῖς

234 1548 522 1653 αἰσθητοῖς
557 1558 848 1653 ἐγχειρεῖν.
899 1567 1036 1638 Περὶ
1062 1571 1119 1625 δὲ
1288 1548 1439 1632 κατὰή
1458 1548 1818 1653 ’συμϐεϐηκὸς

239 1643 622 1738 γιγνομένων,
653 1649 837 1705 εῐποτε
862 1655 957 1708 καὶ
979 1658 1189 1713 τούτων
1217 1663 1497 1738 ἐπιστήμη
1523 1643 1607 1731 τις
1638 1643 1818 1738 γένοιί

231 1745 320 1799 το,
357 1733 544 1806 ἐπειδὴ
583 1739 652 1793 τὰ
681 1743 906 1798 τοιαῦτα
952 1748 1213 1806 πλειόνων
1243 1756 1432 1810 αἰτίων
1453 1761 1656 1829 συνόδῳ
1681 1763 1818 1816 ἀπο·
1850 1739 1890 1792 Β

232 1822 443 1893 ϐαίνει,
478 1824 554 1882 ὧν
583 1832 652 1883 αὖ
692 1832 927 1890 ἕκαστον
957 1840 1138 1895 ἐκεῖσε
1181 1846 1576 1916 ἀναφέρεσθαι,
1606 1822 1814 1909 ἐκεῖθεν

231 1921 339 1972 καὶ
381 1923 509 1992 περὶ
542 1926 749 1981 τούτων
779 1930 878 2000 τὴν
902 1932 1080 2005 ψυχὴν
1099 1936 1523 2011 ἐλλαμπομένην
1553 1948 1811 2004 κτᾶσθαι.

229 2011 425 2065 Ταῦτα
467 2014 569 2084 μὲν
617 2014 709 2072 οὖν
742 2021 876 2091 πρὸς
910 2024 1042 2088 τοὺς
1073 2026 1183 2079 τῶν
1216 2028 1540 2101 ἐπιστημῶν
1577 2037 1812 2105 φήσουσι

228 2102 455 2171 λόγους.
502 2109 643 2176 Πρὸς
668 2110 722 2163 δέ
754 2112 818 2164 τὸ
851 2115 993 2167 κατὰ
1028 2117 1171 2170 τὸὲν
1205 2121 1298 2173 ἐπὶ
1329 2123 1543 2177 πολλῶν
1572 2102 1668 2180 καί
1702 2129 1811 2182 τῶν

223 2198 606 2266 ἀποφάσεων,
643 2203 797 2256 οὐδὲν
849 2207 1148 2274 ἀναγκαῖον
1199 2217 1672 2285 συμπεραίνεσθαι
1707 2222 1811 2290 φή·

225 2306 417 2345 σουσι.
446 2293 519 2345 Τὸ
558 2294 668 2364 γάρ
716 2314 801 2349 τοι
845 2300 1137 2368 ἀνθρώπου
1173 2304 1361 2360 ἐκεῖνο
1392 2303 1553 2375 εἶδος,
1595 2307 1676 2375 οἷς
1708 2314 1809 2382 μὲν

218 2379 295 2433 ἂν
360 2386 672 2457 προσνείμῃ
727 2389 921 2454 ἐαυτὸ,
958 2392 1171 2455 τούτοις
1206 2396 1307 2465 μὲν
1344 2400 1440 2452 τοῦ
1494 2379 1806 2472 ἀνθρώποις

219 2468 370 2527 εἶναι
406 2474 581 2529 αἴτιον
620 2473 783 2544 εἶναι,
819 2477 903 2543 οἷς
952 2484 999 2536 δ’
1030 2485 1097 2538 ἂν
1133 2487 1207 2557 μὴ
1267 2490 1426 2544 ἐαυτὸ
1474 2468 1803 2571 προσνείμῃ,

216 2567 404 2623 ταῦτα
433 2569 477 2622 δ’
504 2571 606 2623 οὐκ
638 2575 951 2644 ἀνθρώποις
983 2579 1286 2639 λείπεσθαι.
1327 2587 1469 2654 Πρὸς
1504 2589 1561 2643 δὲ
1597 2592 1659 2644 τὸ
1693 2567 1806 2646 και-

215 2660 444 2714 τανοεῖν
469 2678 523 2713 τι
554 2662 879 2731 φθαρέντος,
925 2669 1035 2722 τῶν
1070 2671 1348 2742 φθαρτῶν,
1384 2677 1572 2732 ἱκανὸν
1601 2682 1805 2751 φήσου-

217 2768 310 2804 σιν
360 2747 500 2807 εἶναι
532 2755 594 2808 τὸ
628 2754 691 2809 ἓν
736 2759 915 2813 ἐκεῖνο
946 2756 1089 2830 εἶδος
1120 2763 1182 2816 τὸ
1217 2767 1310 2818 ἐπὶ
1334 2770 1471 2821 πᾶσι
1510 2747 1624 2835 τοῖς
1651 2747 1710 2825 ἐν
1732 2776 1797 2844 τῇ

213 2842 359 2912 αὐτῇ
398 2843 511 2915 ίδὲᾳ
535 2845 795 2915 φθαρτοῖς
826 2850 1018 2920 ὥσπερ
1049 2868 1154 2906 που
1193 2854 1267 2925 μὴ
1298 2858 1563 2928 πρότερον
1600 2860 1659 2914 ὃν
1692 2842 1799 2916 παλ

213 2934 394 3001 ράγον
429 2933 679 3001 ἕκαστον,
719 2937 861 2993 οὕτω
910 2944 1006 2994 καὶ
1041 2943 1385 3015 ἐφθαρμένου
1434 2950 1667 3005 ἑκάστου
1721 2956 1801 3007 εί-

1805 609 1832 622 ·
1932 587 2236 655 referenda,
2268 601 2431 660 atque
2480 594 2591 648 illic
2622 596 2759 649 nihil
2797 612 2915 651 esse
2953 614 3179 667 prorsus
3206 642 3221 663 ,
3254 605 3393 670 quod
3428 608 3497 660 sit

1930 692 2093 734 causa
2160 696 2341 735 rerum
2392 688 2849 755 contingentium.
2879 689 2984 743 Sed
3036 706 3137 745 nec
3167 692 3495 750 inﬁnitarum

1933 786 2118 825 rerum
2164 774 2403 840 privatas
2447 777 2798 848 singulasque
2834 781 2947 835 illic
2992 783 3221 837 inveniri
3279 802 3495 853 causas,

1929 876 2122 916 eorum
2150 879 2389 933 namque
2423 868 2701 931 omnium,
2747 884 2869 939 qua!
2922 872 3010 926 hic
3057 873 3124 927 ad
3176 874 3494 931 inﬁnitatem

1926 954 2217 1026 quamdam
2254 956 2523 1018 recidunt,
2551 959 2766 1014 unicam
2791 960 2902 1015 illic
2931 976 3053 1017 esse
3083 966 3343 1031 speciem.
3376 984 3499 1037 qua;

1925 1058 2106 1099 causa:
2153 1046 2421 1102 rationem
2475 1049 2725 1115 ohttnet,
2776 1054 3213 1123 quandoquidem
3260 1073 3322 1112 ea
3373 1076 3496 1129 qua:

1926 1137 2035 1194 illic
2063 1150 2212 1207 sunt,
2262 1142 2548 1198 inﬁnitatis
2576 1145 2713 1213 ejus,
2751 1161 2873 1215 qua:
2913 1149 2979 1202 ad
3008 1151 3371 1217 quantitatem
3408 1170 3494 1209 re-

1924 1231 2119 1294 fertur,
2168 1236 2394 1291 omnino
2424 1239 2536 1294 sint
2580 1241 2843 1307 expertia,
2882 1244 2992 1298 imo
3037 1243 3199 1297 etiam
3248 1261 3496 1303 summus

1923 1322 2017 1378 ille
2052 1325 2195 1381 Deus
2222 1329 2313 1397 qui
2345 1331 2491 1383 omni
2530 1332 2765 1387 essentia
2799 1348 2864 1387 ac
2895 1341 3086 1386 natura
3125 1337 3378 1403 superior
3408 1348 3495 1394 est

1921 1431 1986 1471 ac
2016 1417 2323 1482 sublimior,
2349 1420 2418 1475 ab
2454 1422 2602 1476 omni
2637 1437 2862 1490 prorsus
2908 1422 3253 1481 muititudiue
3297 1427 3496 1483 abhor-

1922 1518 2062 1571 reat,
2109 1525 2304 1579 nempe
2359 1514 2450 1581 qui
2502 1529 2643 1568 unus
2701 1514 2774 1568 sit
2835 1515 3280 1583 exquisitissime.
3344 1519 3484 1576 Huic

1920 1612 2053 1652 vero
2121 1601 2447 1672 intelligibili
2509 1606 2713 1659 mundo
2782 1606 2899 1661 sive
2969 1611 3255 1676 apparatui
3324 1627 3481 1666 suam

1921 1692 2273 1759 quidcmjam
2310 1693 2490 1749 inesse
2508 1694 2905 1749 multitudinem
2932 1697 3021 1751 sed
3056 1697 3257 1753 ﬁnitam
3284 1708 3490 1766 tamen,

1918 1791 1974 1835 et
2012 1797 2134 1850 qua:
2176 1782 2322 1838 nullo
2357 1784 2517 1837 modo
2554 1783 2819 1837 inﬁnitam
2850 1785 3021 1854 possit
3052 1789 3336 1853 appellari,
3367 1791 3488 1847 sive

1918 1873 2178 1939 potentia,
2222 1874 2336 1928 sive
2365 1882 2511 1929 actu.
2547 1874 2602 1928 Id
2635 1875 2779 1944 quod
2830 1877 2886 1929 in
2928 1876 3245 1946 conspicuo,
3301 1884 3482 1937 sensi-

1917 1959 2128 2028 busque
2190 1961 2433 2029 subjecto
2500 1964 2601 2018 hoc
2634 1965 2839 2019 mundo
2865 1967 3026 2021 aliter
3084 1985 3143 2024 se
3174 1971 3363 2035 habet,
3396 1976 3487 2040 qui

1915 2047 2237 2104 inﬁnitatem
2284 2051 2396 2119 jam
2440 2054 2753 2121 quamdam,
2814 2063 3084 2123 quatenus
3144 2060 3289 2114 illam
3331 2078 3485 2117 com-

1921 2139 2088 2206 plecti
2132 2147 2336 2210 potest,
2399 2142 2640 2196 iunatam
2694 2143 2856 2198 habet
2896 2155 3114 2215 propter
3176 2154 3480 2221 materiam,

1914 2228 2002 2283 cui
2063 2230 2281 2299 propria
2344 2232 2579 2300 quadam
2640 2236 2853 2289 ratione
2914 2236 3158 2293 iutinitas
3232 2244 3483 2311 quaedam

1913 2320 2175 2384 adhaeret,
2219 2337 2382 2391 quam
2417 2322 2589 2390 ipsam
2632 2326 2855 2379 materia
2887 2328 3105 2397 quidem
3139 2345 3247 2386 non
3265 2335 3483 2392 aliunde

1911 2427 2072 2482 quam
2104 2412 2254 2467 illinc
2280 2414 2462 2480 traxit,
2516 2415 2610 2470 sed
2646 2415 2761 2471 illic
2794 2428 2973 2472 tamen
3000 2419 3211 2477 inﬁnita
3246 2440 3351 2479 non
3388 2443 3481 2482 ex-

1910 2505 2080 2571 sistit,
2121 2520 2298 2574 neque
2334 2507 2478 2560 enim
2507 2508 2667 2562 etiam
2702 2525 2882 2563 rerum
2908 2513 3329 2580 irrationalium,
3360 2534 3482 2589 quae

1906 2594 1994 2650 hic
2019 2595 2304 2662 habentur,
2368 2598 2574 2664 species
2597 2599 2705 2653 illic
2733 2601 3061 2658 irrationalis
3113 2604 3346 2661 habetur
3393 2614 3476 2667 vel

1906 2701 2094 2740 rerum
2124 2687 2211 2742 hic
2233 2687 2534 2755 mobilium,
2570 2690 2779 2759 species
2824 2692 2931 2747 illic
2965 2695 3198 2757 mobilis,
3228 2704 3479 2766 quamvis

1902 2777 2282 2841 essentiarum,
2306 2793 2427 2847 quae
2451 2779 2524 2833 ita
2554 2781 2642 2834 hic
2672 2782 3027 2852 appellantur,
3059 2797 3113 2842 et
3142 2803 3330 2847 eormn
3359 2810 3479 2863 quae

1902 2866 2154 2920 cssentiis
2186 2881 2283 2935 per
2304 2882 2361 2921 se
2386 2868 2667 2923 adhaerent
2697 2879 2749 2925 et
2780 2872 3185 2944 habitudinum,
3223 2882 3333 2935 illic
3365 2884 3477 2937 sint

1901 2965 1955 3010 et
1983 2955 2195 3025 species
2255 2965 2308 3011 et
2363 2959 2695 3028 exemplaria
2770 2960 3166 3021 Habitudinum
3225 2973 3473 3038 quidem,

212 3023 352 3077 κόνα
397 3028 457 3080 ἐν
502 3029 623 3090 ταῖς
651 3029 763 3084 τῶν
791 3031 1077 3088 ’νοούντων
1106 3052 1159 3088 τι
1190 3036 1269 3090 ἔτι
1302 3040 1432 3109 περὶ
1462 3042 1651 3106 αὐτοῦ,
1692 3045 1790 3113 ψυ-

1900 3023 2213 3115 propterea,
2244 3048 2389 3117 quod
2465 3023 2552 3101 illa
2618 3065 2836 3120 quoque
2874 3072 2993 3124 qua
3049 3058 3157 3113 illic

210 3118 338 3186 χαίς
362 3118 729 3185 ἀνακαινίζον.
759 3123 903 3192 Πρὸς
937 3127 1037 3193 μὲν
1068 3126 1162 3181 οὖν
1192 3128 1364 3183 ταῦτα
1402 3133 1512 3185 τῶν
1552 3134 1793 3203 Ἀριστο-

205 3209 407 3271 τέλους
479 3210 652 3265 ταῦτα
700 3214 748 3266 οἱ
784 3214 853 3267 τὰ
913 3215 1029 3287 εἴδη
1069 3219 1341 3289 τιθέμενοι
1370 3223 1656 3292 φήσουσιν,
1703 3227 1797 3279 οὐ·

206 3300 299 3353 δὲν
350 3302 554 3372 ἀπᾷδον
603 3303 713 3357 τῶν
764 3306 975 3359 ἑαυτῶν
1010 3309 1320 3365 ὑποθέσεων
1354 3313 1628 3379 λέγοντες.
1673 3307 1795 3371 Ἰω-

210 3410 316 3461 μεν
372 3393 427 3447 δέ
480 3396 543 3464 δὴ
581 3399 673 3450 καὶ
707 3398 799 3451 ἐπὶ
828 3400 938 3453 τῶν
990 3401 1117 3477 ἐξῇς
1160 3404 1229 3458 τὰ
1261 3406 1419 3475 λόγου
1452 3411 1598 3471 τινὸς
1629 3410 1793 3475 dita?

210 3485 300 3538 Ἔ-
321 3502 338 3537 ι
367 3487 655 3553 συμϐαίνει
684 3489 759 3560 μὴ
787 3492 881 3561 τὴν
908 3492 1073 3547 δυάδα
1098 3495 1323 3568 πρώτην
1345 3494 1507 3565 εῖναι,
1536 3500 1669 3554 ἀλλά
1698 3503 1790 3555 τὸν

206 3574 465 3647 ἀριθμόν.
498 3580 607 3633 Καὶ
652 3583 728 3659 τί,
761 3585 1021 3655 φήσουσι,
1072 3587 1327 3652 κωλύσει,
1376 3594 1470 3643 τὸν
1521 3593 1620 3660 μὲν
1669 3596 1787 3647 ἐκεῖ

204 3669 444 3754 ἀριθμὸν
470 3674 565 3724 καὶ
596 3673 799 3727 ἐνιαῖον
833 3676 928 3728 καὶ
959 3676 1130 3745 αὐτῆς
1162 3680 1258 3749 τῆς
1290 3681 1481 3742 δυάδος
1518 3684 1785 3754 πρότερον

204 3753 385 3825 εἷναις
411 3760 510 3831 τὴν
534 3760 593 3814 δὲ
614 3762 779 3815 δυάδα
806 3764 900 3816 τοῦ
934 3765 1059 3835 τῇδε
1096 3767 1330 3837 ἐκτάδην
1358 3770 1595 3839 ἀριθμοῦ
1632 3753 1784 3843 πρώ-

201 3864 333 3919 την;
357 3851 477 3904 Ἔτι
502 3851 686 3921 φησὶν,
714 3854 774 3905 Ei
801 3854 873 3923 μὴ
896 3857 1037 3909 κατὰ
1057 3874 1119 3909 συ
1130 3858 1403 3926 μϐεϐηκὸς
1430 3862 1497 3912 τὰ
1520 3862 1629 3933 εἴδη
1661 3881 1781 3932 μετ·

204 3942 413 4011 ἔχεται,
439 3943 550 3996 τῶν
575 3945 775 3998 οὐσιῶν
805 3945 870 3999 ἂν
894 3946 979 4015 εἴη
1010 3947 1209 4015 μόνων.
1256 3950 1396 4002 Ἀλλ’
1419 3952 1467 4003 εί
1497 3953 1571 4022 μὴ
1604 3954 1779 4007 ἅπαν.

200 4049 287 4109 τα,
332 4038 490 4105 φαῐεν
518 4037 607 4100 ἂν,
632 4040 751 4108 ἦτοι
775 4040 953 4092 οὐσίαι
986 4036 1147 4112 ἦσαν,
1182 4042 1213 4113 ἢ
1247 4043 1389 4096 κατά
1424 4046 1775 4118 συμϐεϐηκὸς

198 4132 319 4192 ταῖς
345 4129 558 4192 οὐσίαις
588 4132 997 4199 προσεγίγνετο,
1026 4130 1169 4201 εἶχεν
1195 4133 1261 4187 ἄν
1290 4152 1412 4188 τινα
1438 4136 1567 4200 ἴσως
1592 4137 1776 4207 χώραν

201 4219 230 4273 ὸ
258 4222 386 4291 φῄς.
419 4220 533 4274 Νῦν
584 4220 632 4274 δ’
662 4221 830 4275 ὄντων
863 4222 1047 4286 τινῶν,
1080 4222 1114 4275 ἃ
1169 4224 1262 4276 καὶ
1322 4224 1447 4277 καθ’
1473 4226 1611 4280 αὐτὰ
1656 4230 1774 4292 ταῖς

200 4312 411 4375 οὐσίαις
440 4312 723 4381 πρόσεστι,
754 4311 807 4365 τί
836 4312 915 4366 ἔτι
943 4329 1024 4364 σοι
1047 4313 1272 4367 δύναται
1304 4316 1364 4368 τὸ
1392 4317 1767 4388 ἐπιχείρημα;

1902 3136 2106 3189 nullam
2148 3151 2255 3191 non
2292 3136 2525 3193 habeant
2606 3139 2749 3195 inter
2803 3159 2869 3212 se
2904 3146 3276 3203 habitudinem
3310 3161 3472 3221 atque

1898 3230 2335 3285 convenientiam
2363 3250 2375 3285 :
2403 3246 2591 3286 earum
2624 3232 2787 3304 igitur
2815 3252 2938 3307 quae
2969 3240 3078 3295 illic
3108 3250 3254 3303 sunt,
3314 3244 3470 3299 habi-

1897 3328 2284 3395 tudiuum,has
2307 3331 2528 3395 alteras,
2566 3347 2687 3400 qua:
2743 3332 2830 3386 hic
2895 3342 3045 3395 sunt,
3086 3342 3301 3400 oportet
3348 3350 3471 3390 esse

1910 3419 2177 3489 imagines
2211 3430 2374 3492 atque
2407 3422 2723 3477 simulacra.
2755 3421 2973 3476 illorum
3014 3438 3145 3477 vero
3193 3440 3315 3493 quae
3372 3440 3468 3494 per

1891 3514 2220 3568 seessentiis
2282 3513 2561 3568 adhaereut
2601 3514 2721 3567 eain
2773 3513 2842 3567 ob
2868 3528 3120 3575 causam,
3178 3527 3467 3583 propterea

1888 3605 2031 3676 quod
2065 3620 2171 3659 non
2202 3605 2319 3660 sine
2347 3606 2462 3661 suis
2494 3605 2774 3676 adiunctis
2835 3612 3001 3673 atque
3049 3606 3332 3662 attributis
3395 3623 3461 3663 ea

1885 3690 2105 3764 quoque
2132 3695 2389 3765 qumillic
2418 3704 2549 3751 sunt
2607 3695 3008 3766 intelligantur.
3067 3696 3201 3751 Nam
3241 3700 3294 3752 in
3368 3700 3462 3754 illo

1885 3800 2016 3849 uno,
2068 3786 2214 3855 quod
2265 3793 2319 3841 et
2369 3802 2585 3841 omnem
2619 3788 2835 3842 excedit
2888 3790 3184 3843 essentiam
3209 3799 3262 3843 ct
3291 3807 3459 3846 unum

1883 3880 1965 3924 est
1995 3872 2425 3940 exquisitissima
2458 3874 2697 3939 ratione,
2756 3889 2934 3942 neque
2964 3879 3255 3931 essentiam
3282 3896 3459 3947 neque

1881 3962 2199 4016 attributum
2229 3978 2405 4031 neque
2434 3977 2636 4031 actum,
2672 3981 2848 4029 neque
2865 3970 3163 4035 potentiam
3195 3969 3456 4025 discerni.

1879 4053 2157 4109 informis
2214 4064 2394 4110 autem
2433 4064 2597 4126 atque
2655 4059 2931 4114 mentibus
2965 4060 3073 4114 illis
3130 4060 3197 4114 de
3254 4062 3457 4129 quibus

1880 4160 2186 4200 sermonem
2222 4145 2475 4211 facimus,
2512 4164 2634 4217 qua:
2665 4150 2739 4203 illi
2781 4165 2997 4204 summo
3028 4166 3136 4204 non
3205 4160 3335 4205 sunt
3357 4169 3453 4221 pa-

1876 4252 1964 4291 res
1995 4236 2256 4292 attributa
2292 4239 2510 4309 quidem
2562 4242 2630 4295 ab
2670 4242 2906 4296 essentia
2943 4242 3221 4313 distingui,
3262 4253 3450 4311 puteu-

1876 4328 2006 4382 tiam
2033 4342 2162 4383 vero
2188 4328 2257 4383 ab
2282 4339 2406 4383 actu
2436 4341 2804 4400 nequaquam.
2842 4331 2947 4386 Sed
3004 4331 3057 4385 in
3099 4332 3182 4387 his
3217 4349 3338 4403 qua:
3364 4334 3451 4388 hic

200 4405 374 4457 καίτοι
431 4404 525 4457 καὶ
554 4405 603 4457 εί
636 4405 729 4459 καὶ
756 4405 935 4458 αὐτῶν
968 4407 1075 4459 τῶν
1121 4408 1259 4460 κατὰ
1300 4408 1648 4480 συμϐεϐηκὸς
1683 4428 1765 4479 γι-

1897 4419 2138 4475 labentur
2170 4423 2378 4477 naturis
2402 4436 2594 4478 cuneta
2634 4423 2720 4478 illa
2747 4440 2773 4475 ο
2816 4440 2873 4479 se
2916 4425 3144 4479 invicem
3182 4427 3447 4494 separati,

196 4496 470 4566 γνομένων
516 4497 763 4560 ἕκαστον,
797 4496 934 4567 πρὸς
990 4497 1090 4567 μὲν
1141 4498 1209 4551 τὰ
1254 4503 1497 4571 προσεχῆ
1543 4502 1606 4555 οὐ
1642 4503 1764 4556 καθ’

194 4588 333 4642 αὑτά
363 4590 533 4652 ἐστιν,
556 4590 694 4653 ὅλως
726 4590 908 4659 μέντοι
934 4590 1043 4644 τῶν
1071 4590 1195 4643 καθ’
1221 4591 1363 4645 αὐτὰ
1385 4594 1448 4646 οὐ
1479 4594 1765 4647 παντάπα-

195 4680 279 4731 σίν
309 4682 458 4733 ἐστιν
484 4680 831 4753 ἀπερρωγὸς,
860 4682 1090 4749 ἐπείπερ
1126 4681 1392 4735 πλειόνων
1419 4684 1610 4738 αἰτίων
1640 4701 1766 4737 συν-

194 4771 294 4843 ὁδῳ
324 4774 389 4827 τὰ
418 4774 647 4827 τοιαῦτα
685 4775 953 4842 γίγνεται.
1000 4773 1221 4827 Τούτων
1268 4774 1315 4827 δ’
1358 4776 1592 4837 ἕκαστον
1640 4777 1763 4831 καθ’

193 4865 321 4918 αὐτὸ
348 4866 449 4936 δρᾷ
475 4866 504 4919 ὅ
540 4883 593 4918 τι
626 4866 693 4919 ἂν
743 4865 915 4936 δρῴη,
942 4866 1054 4919 οὐδ’
1089 4864 1154 4918 ἂν
1190 4868 1254 4919 ἐκ
1282 4867 1488 4920 τούτων
1531 4868 1763 4922 ἀποϐαί-

192 4974 347 5011 νοντα
401 4960 496 5012 τοῦ
548 4959 669 5013 καθ’
704 4959 837 5013 αὐτὸ
888 4958 957 5013 ἂν
1008 4960 1354 5013 παντάπασιν
1395 4962 1761 5032 ἀπερρωγότα

193 5051 296 5120 εἴη,
322 5052 431 5105 οὐδ’
472 5051 813 5123 ἀκοινώνητα
854 5052 1090 5121 πάμπαν
1124 5054 1190 5105 τὰ
1228 5053 1369 5106 κατά
1414 5055 1761 5127 συμϐεϐηκὸς

190 5148 297 5209 τοῖς
344 5146 465 5200 καθ’
500 5148 664 5208 αὐτὰ,
717 5147 832 5201 ἀλλ’
866 5145 1090 5200 ἐκείνων
1147 5147 1241 5201 καὶ
1290 5147 1463 5201 ταῦτα
1500 5149 1756 5219 ἐχόμενα.

200 5237 445 5294 Ἐπειδὰν
470 5238 579 5312 γὰρ
614 5239 931 5308 Ὀλυμπίων
957 5240 1270 5293 ἐνεστώτων
1299 5242 1326 5294 ὁ
1352 5241 1503 5313 ἥλιος
1536 5241 1755 5312 ἐκλίπῃ,

187 5333 323 5385 κατὰ
364 5332 466 5401 μέν
491 5332 552 5385 τὸ
580 5332 649 5385 τὰ
684 5332 956 5401 Ὀλύμπια
997 5333 1344 5402 ἐνεστηκέναι
1393 5336 1420 5386 ὁ
1462 5334 1614 5403 ἥλιος
1658 5336 1757 5386 οὐκ

187 5420 450 5485 ἐξέλιπεν,
479 5422 599 5475 οὐδέ
630 5440 692 5489 γε
723 5423 868 5475 κατὰ
900 5422 959 5476 τὸ
988 5424 1080 5475 τὸν
1108 5423 1260 5503 ᾖ).ιον
1286 5424 1661 5479 ἐκλελοιπέναι
1689 5427 1755 5479 τὰ

199 5512 470 5584 Ὂλύμπια
492 5516 706 5584 ἐνέστηο
760 5516 900 5569 ὥστε
934 5515 1104 5586 ταύτῃ
1157 5516 1275 5585 μὲν,
1309 5518 1370 5569 οὐ
1416 5516 1541 5569 καθ’
1574 5517 1706 5571 αὐτὸ
1729 5520 1755 5570 ὀ

186 5599 328 5668 ἥλιος
361 5606 469 5657 τῶν
503 5621 565 5672 γε
607 5605 920 5675 Ὀλυμπὶων
971 5606 1284 5660 ἐνεστώτων
1331 5607 1635 5673 ἐκλέλοιπε,
1686 5610 1751 5661 τά

192 5710 247 5761 γε
284 5697 389 5768 μὴν
420 5698 569 5753 αἴτια
598 5697 689 5752 τοῦ
721 5700 807 5753 τὸν
843 5700 991 5771 ἥλιον
1035 5697 1278 5754 ἐκλιπεῖν
1313 5698 1437 5753 καθ’
1473 5701 1609 5755 αὐτᾶ
1654 5703 1751 5772 τὴν

1874 4516 2038 4577 atque
2068 4509 2135 4564 ad
2154 4510 2299 4565 illam
2324 4511 2685 4580 superiorem,
2712 4512 2852 4567 hanc
2875 4530 3089 4583 quoque
3115 4516 3448 4585 proximam,

1875 4614 1999 4666 quae
2056 4600 2157 4655 fuit
2206 4600 2499 4664 mentibus,
2558 4602 2967 4659 distinctionem
3020 4606 3306 4662 accedere.
3380 4606 3453 4662 Ut

1868 4693 1981 4763 jam
2042 4694 2144 4749 hoc
2190 4703 2350 4764 pacto
2400 4710 2523 4765 quae
2585 4695 2697 4752 illic
2756 4706 2906 4762 sunt,
2979 4698 3160 4753 medio
3209 4700 3449 4768 quodam

1872 4786 2035 4842 modo
2064 4802 2123 4841 se
2152 4787 2409 4853 habeant,
2443 4788 2586 4844 inter
2625 4790 2753 4845 illud
2810 4806 3085 4846 summum
3144 4803 3310 4862 atque
3355 4809 3450 4848 su-

1870 4878 2221 4946 pernaturale
2256 4895 2446 4944 unum,
2478 4891 2531 4935 et
2561 4881 2676 4935 haec
2734 4896 2856 4951 quae
2881 4881 2969 4936 hic
3004 4893 3270 4952 apparent
3314 4899 3449 4939 sen-

1869 4969 2021 5023 sibus
2044 4970 2311 5038 potentia.
2343 4970 2462 5024 1am
2494 4972 2661 5041 igitur
2683 4973 2871 5043 quales
2903 4983 2957 5026 et
2993 4974 3297 5038 cuiusmodi
3321 4987 3446 5027 esse

1868 5061 2080 5129 species
2116 5062 2230 5115 sive
2263 5060 2488 5128 formas,
2527 5063 2564 5118 ii
2628 5065 2962 5130 existiment,
2996 5066 3091 5132 qui
3135 5079 3228 5118 eas
3245 5066 3447 5119 consti—

1869 5161 2052 5217 tuunt,
2078 5155 2434 5222 exposuimus
2468 5158 2783 5210 summatim
2811 5164 2867 5209 et
2905 5171 3069 5225 quam
3115 5156 3231 5209 ﬁeri
3264 5156 3446 5223 potuit

1866 5247 2202 5302 brevissime.
2236 5247 2391 5303 Nunc
2415 5257 2587 5302 restat
2642 5256 2699 5302 ut
2738 5249 2803 5303 iis
2853 5262 3206 5303 occurramus
3254 5247 3444 5315 objec-

1869 5339 2127 5404 tiouibus,
2161 5341 2360 5409 quibus
2404 5340 2717 5394 Platonicos
2778 5347 3061 5408 oppugnat
3090 5340 3438 5395 Aristoteles.

1866 5428 2177 5484 Secundum
2218 5447 2452 5499 namque
2483 5431 2747 5496 rationes,
2782 5431 2977 5499 inquit,
3019 5445 3139 5497 qua:
3171 5445 3236 5488 ex
3262 5430 3441 5484 scien-

1866 5516 1976 5581 tiis,
2000 5519 2210 5587 species
2236 5530 2395 5574 erunt
2421 5520 2689 5583 omnium,
2724 5535 2953 5588 quorum
3016 5518 3261 5572 scientia:
3285 5530 3439 5574 sunt.

1866 5608 1991 5662 Sive
2036 5611 2279 5665 scientia:
2339 5610 2449 5664 sint.
2486 5625 2697 5673 earum,
2746 5624 2869 5679 qua:
2934 5624 3149 5679 semper:
3176 5620 3305 5664 sunt
3337 5628 3433 5678 per

1864 5701 2068 5769 seipsa,
2097 5702 2210 5758 sive
2248 5718 2438 5758 rursus
2486 5701 2594 5756 sint
2646 5717 2856 5769 carmn,
2908 5718 3027 5772 quae
3089 5718 3182 5772 per
3245 5703 3425 5773 seipsa
