3910 6202
420 272 527 335 923

1629 279 1674 335 G
1686 279 1885 341 EORG
1900 281 1957 338 Il
2002 278 2435 340 PLETHONIS

3546 279 3654 340 921

420 384 541 437 aliis
562 382 863 442 adhaerent,
893 380 1116 435 minime
1149 396 1279 436 sane
1312 383 1642 439 verebuntur
1667 386 1701 439 ii
1739 387 1831 455 qui
1859 401 1979 455 spe-

2092 387 2324 456 ἕκλειψιν
2378 388 2667 456 πεποίηκε.
2722 387 2833 439 Καὶ
2884 387 2913 440 ὀ
2966 387 3129 456 νόμος
3187 386 3243 439 δὲ
3298 389 3323 441 ὁ
3369 391 3494 456 περὶ
3540 393 3654 444 τῶν

420 474 531 527 cies
582 473 919 525 constituunt
986 472 1276 538 afﬁrmare,
1329 476 1458 543 quin
1493 479 1685 531 horum
1731 480 1974 533 omnium

421 579 527 617 non
566 562 674 616 sint
700 561 932 629 species,
966 578 1070 617 non
1105 571 1283 620 tamen
1312 568 1565 622 similiter
1586 570 1852 633 omnium,
1881 571 1976 626 sed

419 666 604 705 eorum
633 650 852 718 quidem
922 669 1048 722 qua?
1079 654 1166 709 hic
1193 655 1245 709 in
1266 658 1475 726 species
1512 660 1690 714 ﬁnitas
1716 660 1973 715 dividun.

426 752 531 803 tur,
594 741 836 809 singulas
873 758 993 799 esse
1035 746 1088 798 in
1151 746 1381 817 singulis
1407 751 1699 819 generibus
1738 752 1973 820 species,

421 844 606 884 eorum
632 847 780 893 vero,
817 847 937 901 qua;
967 833 1033 887 ad
1076 834 1395 891 inﬁnitatem
1418 841 1709 907 quamdam
1746 840 1857 909 jam
1892 856 1978 895 re-

421 920 626 983 cidunt,
656 936 817 975 unam
854 924 1113 977 duntaxat
1147 925 1199 978 in
1226 927 1483 984 omnibus
1517 928 1762 985 inﬁnitis.
1797 928 1971 995 Quam

422 1009 654 1077 primum
680 1012 844 1073 enim,
872 1015 1103 1081 exempli
1132 1018 1327 1085 gratia,
1368 1020 1515 1073 omni
1580 1022 1671 1088 qui
1721 1021 1808 1076 hic
1871 1033 1973 1088 est,

404 1110 653 1154 'numero
701 1112 921 1171 propter
980 1106 1323 1175 inﬁnitatem,
1360 1128 1521 1166 unam
1568 1128 1689 1182 qua:
1742 1114 1854 1169 illic
1897 1123 1981 1170 est

425 1190 649 1245 formam
685 1195 984 1262 praeﬁciunt
1041 1215 1162 1266 quin
1190 1211 1243 1255 et
1271 1204 1343 1257 sit
1372 1205 1552 1269 unica,
1578 1214 1631 1259 et
1665 1206 1976 1275 singillatim

422 1284 1066 1354 comprehendatomnia,
1109 1306 1443 1362 quaecunque
1477 1310 1705 1350 numero
1746 1298 1837 1367 qui
1891 1298 1979 1353 hic

422 1381 498 1423 est
532 1371 823 1427 diSlillclitll
865 1386 919 1429 et
946 1393 1039 1445 per
1061 1395 1119 1434 se
1147 1384 1488 1454 contingunt.
1524 1386 1722 1442 Eadem
1750 1404 1974 1455 quoque

423 1470 505 1514 est
535 1464 673 1515 ratio
703 1479 912 1528 eorum,
946 1483 1067 1536 qua!
1090 1471 1234 1526 circa
1304 1484 1521 1531 nostras
1571 1480 1978 1546 magnitudines

423 1552 898 1625 dimensionesque
924 1559 1200 1623 accidunt,
1248 1574 1308 1618 ut
1341 1565 1449 1619 illic
1478 1567 1651 1622 forma
1708 1573 1983 1639 magnitu-

423 1640 566 1694 dinis
594 1644 838 1699 situnica
876 1661 1046 1715 eaque
1074 1648 1371 1709 individua.
1405 1656 1484 1710 Ab
1518 1658 1623 1712 illis
1654 1673 1814 1725 Porro
1871 1660 1980 1716 for-

426 1730 527 1783 mis
548 1733 783 1787 animum
809 1745 1050 1789 nostrum
1077 1739 1437 1798 illuminatum
1493 1762 1749 1804 numeros
1776 1751 1983 1806 mathe-

426 1826 651 1879 maticos
686 1833 739 1879 et
765 1828 1164 1895 magnitudines
1205 1836 1613 1893 mathematicas
1664 1843 1981 1907 explicatius

426 1916 743 1986 intelligere,
775 1932 894 1986 qua:
925 1929 1051 1974 sunt
1090 1923 1273 1977 multa:
1301 1930 1545 1993 quedam
1581 1940 1634 1985 et
1691 1934 1985 1991 simulacra

427 2004 865 2076 intelligihilium,
903 2014 1082 2082 itaque
1121 2016 1187 2068 ab
1248 2018 1328 2072 his
1365 2020 1435 2073 ita
1490 2026 1889 2091 repraesentari,
1932 2034 1985 2083 et

426 2099 491 2149 ah
520 2098 603 2152 his
665 2116 784 2167 qum
811 2103 863 2155 in
903 2104 1057 2172 aquis
1103 2110 1537 2165 suntsimnlacra
1573 2122 1735 2182 atque
1769 2117 1977 2173 umbra:

425 2204 603 2242 rerum
639 2193 819 2246 sensui
854 2198 1298 2266 pcreeptibilium.
1347 2203 1460 2271 ipsa
1524 2205 1832 2267 referuntur
1857 2223 1984 2263 seu-

425 2282 620 2337 sibilia.
658 2284 727 2337 Ita
765 2300 982 2356 quoque
1017 2306 1138 2360 quae
1181 2293 1247 2347 ab
1304 2295 1617 2353 hominibus
1653 2314 1813 2354 manu
1858 2316 1985 2371 pos—

424 2385 549 2427 sunt
574 2379 870 2441 contici,ea
903 2381 1089 2436 dicunt
1120 2384 1174 2440 in
1223 2385 1391 2441 forma
1454 2390 1692 2447 hominis
1723 2393 1825 2447 illis
1874 2396 1985 2451 sin-

425 2463 646 2530 gillatim
679 2472 1081 2538 comprehendi,
1102 2476 1239 2528 unde
1262 2479 1481 2545 opiﬁces
1507 2483 1688 2536 animo
1717 2484 1819 2537 alia
1844 2486 1985 2542 alios

428 2557 732 2625 concipere,
767 2570 819 2613 et
874 2562 1209 2633 singulorum
1246 2568 1727 2627 instrumentorum
1781 2578 1988 2643 species

428 2647 574 2708 prius
609 2648 879 2705 intellectu
937 2657 1050 2720 ipso
1084 2657 1135 2709 in
1193 2661 1386 2723 s‘ipsis
1438 2662 1754 2730 informare,
1787 2669 1985 2726 deinde

431 2736 591 2789 rebus
626 2737 777 2805 ipsis,
814 2758 933 2808 quae
955 2759 1119 2799 sensu
1157 2749 1553 2817 percipiuntur,
1612 2770 1830 2809 manum
1887 2774 1984 2813 ac-

427 2820 795 2886 commodare.
855 2832 928 2888 De
963 2836 1030 2888 iis
1065 2852 1266 2903 autem,
1291 2857 1411 2908 qua:
1436 2858 1529 2910 per
1552 2847 1809 2902 accidens
1867 2866 1989 2904 eve-

427 2921 604 2984 niunt,
634 2922 676 2977 si
712 2924 872 2977 etiam
915 2925 983 2979 sit
1037 2928 1261 2983 scientia
1306 2933 1594 3001 quaepiam,
1650 2936 1990 3004 quandoqui-

2078 479 2394 549 Ὀλυμπίων
2410 480 2531 533 καθ’
2551 478 2715 533 αὐτόν
2738 478 2806 532 τὰ
2834 479 3109 548 Ὀλύμπια
3144 480 3521 550 ἐνομοθέτησε.
3543 484 3654 539 Καὶ

2080 574 2182 642 μὲν
2225 572 2290 643 δὴ
2344 574 2438 626 καὶ
2493 572 2586 627 τοῦ
2633 571 2689 635 ἐς
2737 574 2800 626 τδ
2834 573 2966 627 αὐτὸ
3003 573 3465 642 πμπεπτωκέναι
3495 577 3563 629 τά
3596 593 3653 629 τε

2094 664 2367 732 Ὀλύμπια
2413 663 2507 716 καὶ
2541 662 2788 731 ἔκλειψιν
2819 664 2920 730 τὴν
2949 664 3044 717 τοῦ
3076 664 3229 733 ἡλίου
3263 666 3322 718 τό
3354 683 3415 730 γε
3446 684 3656 734 συμμε-

2078 752 2328 820 τρεῖσθαι
2387 751 2525 821 πρὸς
2588 751 2825 821 ἀλλήλας
2883 754 2989 815 τὰς
3041 753 3316 821 ἑκατέρων
3370 755 3654 821 περιόδους

2077 845 2252 897 αίτιον
2302 843 2517 912 γέγονε,
2546 846 2640 897 καὶ
2688 841 2879 897 τούτου
2928 840 2997 897 αὖ
3045 844 3231 913 ἕτερον
3279 845 3311 912 ἠ
3351 845 3538 915 ἑτέρα,
3583 839 3654 900 ὧν

2080 934 2313 989 ἕκαστον
2342 934 2466 988 καθ’
2496 934 2632 989 αὐτὸ
2678 936 2944 1005 προσεχὲς
2980 935 3339 1005 ἀπεργάζοιτ’
3376 939 3463 992 ἄν.
3493 938 3654 990 Ὥστε

2081 1027 2311 1086 παῦσαι,
2344 1027 2519 1093 φαῖεν,
2560 1025 2959 1097 ’Δριστότελες,
2989 1025 3203 1080 ἅπαντα
3235 1026 3350 1096 ἦτοι
3380 1027 3651 1097 οὖσίας.ῆ

2083 1117 2227 1171 κατά
2262 1118 2610 1186 συμδεδηκδς
2653 1117 2840 1180 αὐταῖς
2876 1118 3281 1187 προσγινόμενα
3330 1117 3654 1186 βιαζόμενος

2080 1209 2423 1276 ἀποφαίνειν,
2454 1209 2550 1261 καὶ
2579 1209 2649 1260 τὰ
2686 1209 2831 1261 κατά
2861 1208 3215 1279 συμὸεδηκδς
3244 1204 3310 1262 αὖ
3341 1209 3513 1261 ταῦτα
3544 1210 3655 1261 τῶν

2082 1300 2204 1351 καθ’
2227 1299 2365 1352 αὑτά
2398 1302 2575 1354 πάντα
2601 1300 2968 1370 ἀπορρηγνύς.
3008 1301 3128 1353 Ἔτι
3162 1303 3347 1368 φησὶν,
3375 1302 3434 1353 El
3463 1301 3567 1369 μὲν
3600 1302 3655 1353 τὸ

2081 1387 2216 1439 αὐτὸ
2245 1385 2383 1450 εἶδος
2412 1389 2523 1441 τῶν
2552 1407 2612 1443 τι
2652 1390 2804 1443 ίδεῶν
2838 1392 2931 1443 καὶ
2965 1390 3076 1442 τῶν
3104 1392 3466 1465 μετεχόντων,
3498 1392 3655 1444 ἔσται

2083 1494 2136 1529 τι
2163 1479 2359 1530 κοινόν.
2400 1480 2463 1531 El
2485 1478 2543 1532 δὲ
2573 1480 2649 1549 μὴ
2673 1481 2735 1533 τὸ
2770 1482 2902 1534 αὐτὸ
2931 1477 3095 1544 εἶδος,
3124 1483 3389 1547 ὁμώνυμα
3433 1482 3500 1535 ἂν
3541 1483 3653 1551 εἴη,

2085 1568 2178 1619 καὶ
2224 1570 2324 1621 οὐκ
2366 1569 2441 1622 ἔτ’
2486 1570 2553 1623 ἂν
2589 1571 2820 1639 οὐδεμία
2851 1573 3107 1625 κοινωνία
3140 1573 3225 1641 εἴη
3264 1572 3466 1626 αὐτῶν.
3511 1574 3656 1627 Ἀλλ’

2082 1658 2207 1712 οὔτε
2236 1659 2329 1712 τοῦ
2358 1659 2569 1731 ἑτέρου,
2601 1662 2853 1731 φήσουσι,
2889 1664 3071 1717 διοινοῦ
3116 1664 3197 1716 δεῖ
3247 1664 3423 1726 εἴδους
3472 1683 3654 1735 παρα-

2082 1750 2338 1818 δείγματι
2371 1768 2433 1805 τε
2474 1754 2570 1805 καὶ
2597 1754 2787 1818 είκόνι,
2816 1753 2939 1807 οὔτε
2979 1756 3027 1806 εί
3052 1753 3316 1822 ὁμώνυμὰ
3345 1755 3516 1818 ἐστιν,
3544 1756 3656 1809 ῶσ-

2083 1858 2193 1910 περ
2234 1839 2329 1896 οὖν
2355 1844 2449 1896 καὶ
2482 1843 2653 1908 ἔστιν,
2685 1846 2784 1897 οὐκ
2812 1844 2887 1898 ἐτ’
2925 1846 2993 1898 ἂν
3020 1846 3241 1913 οὐδεμία
3281 1850 3534 1902 κοινωνία
3572 1849 3652 1915 εἴη

2086 1930 2284 1993 αὐτῶν,
2342 1932 2375 2001 ἢ
2422 1934 2510 1996 σὺ,
2548 1934 2836 2001 φήσουσιν,
2883 1929 2928 1989 ὦ
2985 1932 3383 2005 Ἀριστότελες,
3427 1942 3498 1991 τὰ
3528 1941 3653 1991 ὄντα

2085 2023 2355 2093 ὁμώνυμα
2386 2024 2555 2090 ἀξιῶν
2580 2022 2721 2081 slva:
2767 2029 2860 2079 καὶ
2900 2029 3157 2096 οὐδεμίαν
3186 2031 3368 2095 αὐτοῖς
3410 2033 3653 2101 ἀλλήλων

2087 2112 2371 2166 κοινωνίαν
2397 2112 2652 2177 ἀξιώσεις
2680 2110 2819 2167 εἶναι
2840 2132 2856 2182 ;
2900 2117 3041 2168 Ἀλλ’
3072 2116 3165 2171 ἀτε
3199 2122 3376 2189 φήσας
3396 2123 3456 2172 τὸ
3478 2122 3652 2174 τοιοῦ-

2085 2218 2177 2254 τον
2205 2202 2460 2270 οὐδαμοῦ,
2509 2205 2611 2257 οὐκ
2656 2205 2722 2258 ἄν
2764 2224 2895 2259 ποτε
2940 2208 3127 2277 φαίης,
3157 2209 3289 2263 ἀλλὰ
3321 2210 3416 2263 νῦν
3459 2231 3525 2280 7s
3555 2214 3651 2265 ὑπὸ

2089 2289 2389 2356 βασκανίας
2414 2293 2513 2361 τῆς
2543 2293 2678 2362 πρὸς
2705 2296 2853 2363 ἡμᾶς
2884 2301 3151 2367 προσποιῇ
3181 2300 3415 2365 ἀγνοεῖν,
3447 2302 3526 2364 ὡς
3549 2303 3649 2354 τῶν

2086 2383 2396 2452 ὁμωνύμων
2428 2385 2497 2438 τὰ
2530 2385 2627 2452 μὲν
2677 2386 2736 2438 οὐ
2786 2390 3032 2441 κοινωνεῖ
3082 2390 3351 2459 ἀλλήλοις,
3381 2393 3449 2446 τὰ
3490 2394 3546 2447 δέ
3581 2410 3647 2462 πη

2088 2475 2182 2527 καὶ
2214 2478 2482 2540 κοινωνεῖ,
2510 2476 2606 2529 καὶ
2636 2478 2663 2529 ὁ
2689 2478 2913 2546 ἀνδριὰς
2944 2481 2972 2531 ὁ
2997 2480 3322 2550 Λυσάνδρου
3341 2483 3418 2551 τῷ
3445 2485 3651 2538 Λυσάν-

2087 2565 2196 2632 δρῳ
2230 2566 2330 2618 οὐκ
2358 2566 2740 2638 ἀκοινώνητος.
2770 2569 2894 2622 οὐδέ
2915 2587 2979 2637 γε
3005 2570 3170 2623 είκὼν
3192 2572 3394 2643 ἑκάστη
3428 2577 3507 2642 τῷ
3535 2578 3652 2628 ἑαυ-

2087 2657 2186 2725 τῆς
2211 2658 2637 2728 παραδείγματι.
2671 2660 2792 2712 Ἔτι
2822 2660 2874 2713 τί
2920 2679 3072 2725 ποτε,
3110 2666 3264 2732 φησὶ,
3290 2667 3652 2732 συμῦἀλλεται

2087 2747 2156 2798 τὰ
2191 2747 2330 2817 εἴδη,
2364 2749 2397 2817 ἢ
2437 2751 2548 2810 τοῖς
2578 2749 2767 2812 ἀϊδίοις
2797 2750 2906 2803 τῶν
2933 2751 3231 2821 αίσθητῶν,
3261 2755 3293 2824 ἢ
3333 2756 3446 2814 τοίς
3478 2772 3653 2822 γιγνοο

2094 2838 2278 2905 μένοις
2327 2856 2384 2890 τε
2434 2840 2525 2892 καὶ
2573 2839 2992 2911 φθειρομένοις;
3048 2842 3170 2895 οὔτε
3228 2844 3337 2914 γὰρ
3390 2846 3654 2916 κινήσεώς

2090 2933 2260 2995 ἐστιν,
2292 2931 2417 2984 οὔτε
2462 2934 2766 3002 μεταϐολῆς
2811 2936 3069 3005 οὐδεμιᾶς
3117 2940 3267 2991 αἴτια
3296 2940 3501 2999 αὐτοῖς.
3544 2941 3651 2993 Ἐν-

424 3014 542 3067 dem
563 3017 826 3085 ejusmodi
849 3020 1079 3087 plurium
1100 3036 1390 3078 causarum
1413 3042 1682 3083 concursu
1701 3031 1985 3101 accidunt,

2092 3024 2263 3076 ταῦθα
2308 3024 2471 3094 δῆλον
2529 3024 2834 3094 πεποίηκεν
2876 3025 3272 3097 Ἀριστοτέλης,
3323 3030 3447 3081 ὅτου
3491 3030 3652 3082 ἕνεκα

424 3124 652 3175 quarum
675 3126 864 3169 rursus
896 3131 1233 3187 nuaqumque
1264 3117 1410 3185 illuc,
1442 3120 1702 3187 refertur,
1735 3124 1978 3179 animum

426 3208 669 3253 nostrum
728 3202 875 3256 illine
929 3185 1092 3257 etiam
1149 3214 1371 3273 accepto
1450 3207 1653 3264 lumine
1714 3212 1982 3279 ejusmodi

426 3292 704 3344 scientiam
738 3294 983 3362 adipisci.
1014 3298 1138 3351 Hec
1194 3299 1376 3366 itaque
1410 3305 1799 3367 responderent
1830 3305 1895 3358 ad
1924 3321 1985 3360 ea

427 3395 546 3441 nine
585 3383 902 3439 Aristoteles
932 3386 1113 3455 objicit
1135 3388 1200 3441 de
1234 3390 1396 3445 variis
1428 3391 1779 3445 scientiarum
1813 3393 1984 3447 ratio-

431 3473 609 3528 nibus.
673 3473 752 3526 Ad
802 3475 929 3528 illud
998 3485 1175 3531 autem
1230 3479 1373 3545 quod
1436 3480 1613 3549 inquit
1668 3484 1989 3548 (secundum

431 3579 558 3617 vero
591 3581 753 3618 unum
780 3564 831 3619 in
864 3567 1046 3621 multis
1074 3577 1127 3620 ct
1160 3574 1520 3639 negattonciu)
1570 3572 1699 3626 nihil
1736 3589 1989 3628 necessa-

431 3655 568 3707 rium
595 3657 838 3710 concludi
871 3659 1273 3725 responderent.
1311 3661 1454 3714 Illam
1487 3679 1718 3731 namque
1757 3666 1991 3722 hominis

430 3748 686 3815 speciem,
748 3764 868 3815 qnze
944 3749 1052 3802 illic
1109 3752 1365 3817 exsistit,
1431 3754 1849 3825 quibuscuuque
1929 3773 1993 3813 ca

433 3841 665 3908 scipsam
704 3841 1077 3909 impertivcrit.
1114 3844 1220 3897 illis
1277 3845 1533 3899 nimirum
1597 3862 1819 3901 causam
1880 3849 1995 3904 fore

434 3940 492 3985 ut
525 3932 633 3987 sint
664 3933 932 3990 homines.
965 3935 1384 4005 quibuscuuque
1409 3946 1586 3993 autem
1622 3940 1854 4009 seipsam
1888 3958 1991 3995 non

431 4024 802 4093 impertiverit,
834 4042 894 4080 ea
921 4028 1101 4081 omnia
1144 4027 1197 4081 in
1226 4028 1442 4084 diverso
1506 4046 1703 4099 genere
1732 4033 1990 4102 relinqui,

430 4125 486 4168 ut
514 4116 767 4170 nimirum
816 4133 921 4171 non
959 4119 1066 4172 sint
1124 4119 1389 4174 homines.
1428 4119 1665 4192 Denique
1725 4123 1792 4178 ad
1836 4124 1988 4191 illud,

427 4207 570 4270 (μιοά
604 4209 697 4271 ait,
736 4224 799 4263 ac
821 4209 1116 4263 secundum
1148 4210 1291 4279 quod
1319 4211 1649 4283 intelligetur
1674 4217 1981 4286 quippiam,

430 4313 495 4351 co
550 4310 807 4368 corrupto
839 4302 1000 4354 etiam
1067 4304 1537 4371 corruptibilium;
1579 4291 1982 4377 respondebunt

2097 3113 2209 3172 τοῖς
2238 3111 2402 3164 είδεσι
2432 3112 2675 3180 πολεμεῖ.
2722 3111 2861 3164 ’Υπδ
2894 3115 2999 3180 γὰρ
3026 3113 3121 3167 τοῦ
3152 3115 3287 3185 μήτε
3312 3116 3526 3169 οἴεσθαι
3560 3119 3655 3187 μή-

2095 3217 2154 3253 τε
2178 3200 2462 3270 βούλεσθαι
2491 3198 2627 3255 εἶναί
2654 3221 2708 3255 τι
2735 3205 2844 3266 τοῖς
2870 3204 3061 3267 ἀϊδίοις
3098 3206 3275 3258 αἴτιον
3304 3206 3398 3258 τοῦ
3437 3204 3577 3261 εἶναί
3602 3206 3656 3259 τε

2095 3293 2189 3345 καὶ
2214 3278 2534 3361 ὑφεστάναι,
2583 3293 2723 3364 πλήν
2751 3312 2815 3363 γε
2843 3296 2909 3364 δὴ
2934 3295 3027 3349 τοῦ
3052 3298 3322 3351 κινεῖσθαι
3357 3298 3520 3361 μόνου
3554 3300 3657 3359 τοῖς

2092 3383 2256 3434 εἴδεσι
2286 3383 2528 3453 πολεμεῖ.
2552 3386 2619 3438 Ἦ
2647 3386 2700 3437 τί
2730 3403 2858 3439 ποτε
2878 3388 3027 3457 αὐτῷ
3054 3387 3300 3457 βούλεται
3327 3390 3409 3455 τό,
3444 3390 3508 3443 Τί
3533 3408 3657 3443 ποτε

2096 3474 2464 3543 συμϐάλλεται
2496 3478 2569 3529 τὰ
2594 3478 2705 3547 εἴδη
2738 3480 2770 3549 ἢ
2802 3481 2917 3542 τοῖς
2949 3480 3140 3543 ἀϊδίοις
3167 3481 3274 3533 τῶν
3302 3482 3597 3550 αἰσθητῶν,
3626 3483 3656 3549 ἢ

2093 3569 2206 3629 τοῖς
2231 3569 2578 3637 γιγνομένοις
2607 3587 2666 3621 τε
2697 3571 2792 3623 καὶ
2827 3572 3243 3641 φθειρομένοις;
3277 3574 3412 3626 Οὔτε
3453 3574 3556 3641 γάρ
3584 3591 3660 3625 κιο

2094 3658 2303 3726 νήσεὼς
2335 3661 2508 3725 ἐστιν,
2542 3665 2667 3715 οὔτε
2716 3663 3023 3733 μεταδολῆς
3074 3656 3331 3734 οὐδεμιᾶς
3376 3664 3526 3718 αἴτια
3569 3665 3659 3717 azi-

2094 3752 2243 3816 τοῖς;
2274 3752 2304 3817 ῆ
2335 3750 2495 3820 δῆλον
2542 3752 2614 3814 ὡς
2656 3753 2778 3807 ἐπεὶ
2815 3757 2928 3816 τοῖς
2960 3756 3060 3824 μὲν
3102 3758 3445 3824 γιγνομένας
3480 3774 3538 3808 τε
3576 3757 3662 3808 καὶ

2098 3839 2469 3911 φθειρομένοις
2518 3842 2626 3896 τῶν
2647 3860 2703 3897 τε
2736 3844 2993 3913 ὁμοειδῶν
3027 3846 3093 3898 τὰ
3124 3846 3423 3912 γεννῶντα,
3455 3847 3545 3898 καὶ
3576 3847 3664 3897 τὸν

2098 3931 2250 4001 ἥλιον
2271 3931 2456 3984 ίκανὸν
2487 3932 2657 3985 οίεται
2689 3934 2853 3996 αὐτὸς
2883 3936 3030 3988 atria
3055 3936 3376 3999 ἀποδώσειν,
3405 3937 3475 3989 τὰ
3503 3938 3550 3989 δ’
3580 3935 3663 3987 ἀϊ-

2100 4023 2187 4074 δια
2231 4023 2341 4076 τῶν
2382 4021 2655 4092 αἰσθητῶν
2687 4026 2953 4078 κινεῖσθαι
2979 4026 3078 4093 μὲν
3108 4028 3270 4089 αὐτὸς
3322 4027 3384 4081 οὗ
3416 4045 3549 4097 φησι
3582 4030 3664 4080 διὰ

2103 4116 2168 4170 τά
2191 4117 2327 4186 είδη,
2359 4120 2415 4181 ἐς
2444 4117 2501 4170 δὲ
2527 4118 2625 4187 τὴν
2659 4120 2848 4172 οὐσίαν
2878 4121 2970 4173 καὶ
3003 4122 3062 4173 τὸ
3086 4118 3222 4175 εἶναι
3246 4122 3345 4174 οὐκ
3375 4125 3546 4175 οίεται
3580 4124 3664 4175 al-

2106 4208 2221 4261 τίου
2255 4209 2569 4264 οὐδοτουοῦν
2594 4211 2819 4274 δεῖσθαι,
2853 4212 2943 4265 διὰ
2999 4212 3179 4279 τοῦτο,
3213 4213 3279 4267 Τί
3312 4232 3441 4267 ποτε
3462 4254 3477 4276 ,
3511 4215 3661 4283 φησὶ,

2111 4301 2475 4371 συμϐάλλεται
2514 4302 2698 4365 αὐτοῖς
2719 4302 2787 4356 τά
2805 4304 2920 4373 εἴδη
2946 4321 2961 4370 ;
3006 4305 3164 4359 Ἀλλὰ
3203 4305 3334 4374 φαίη
3372 4308 3438 4359 ἄν
3461 4324 3566 4366 τις,
3590 4307 3662 4365 ὡς

431 4404 592 4442 unam
630 4390 771 4444 illam
804 4393 1057 4457 speciem,
1106 4409 1225 4462 qua:
1250 4397 1507 4451 omnibus
1537 4401 1983 4468 corruptibilibus

2094 4392 2174 4462 τῷ
2204 4392 2562 4461 πρεσϐυτάτῳ
2601 4393 2721 4462 Θεῷ
2756 4397 2903 4463 μόνῳ
2932 4397 3103 4448 οἴεται
3132 4396 3336 4463 ταύτην
3362 4397 3427 4449 ἂν
3456 4398 3663 4465 προσή-

430 4480 485 4533 ίιι
528 4495 631 4534 una
680 4483 977 4552 eademque
1026 4485 1142 4539 idea
1194 4496 1403 4554 praeest,
1453 4504 1561 4542 non
1616 4491 1797 4545 minus
1846 4494 1991 4546 sutil-

429 4588 550 4626 ccrc
598 4573 662 4625 ad
716 4588 881 4626 unum
950 4574 1179 4642 quodvis
1208 4577 1353 4643 prius
1386 4594 1488 4631 non
1511 4581 1803 4647 exsistens,
1846 4598 1990 4637 nunc

430 4663 646 4716 demum
688 4667 740 4716 in
787 4663 960 4719 lucem
1015 4667 1448 4734 producendum,
1482 4686 1642 4733 quam
1672 4673 1833 4725 etiam
1868 4688 1992 4727 eor-

431 4764 592 4824 rupto
648 4757 843 4818 quovis
891 4772 1099 4821 eorum,
1150 4775 1269 4828 qua:
1310 4762 1587 4830 "quotidie
1647 4762 1995 4819 dissolutinni

431 4856 557 4903 sunt
615 4848 873 4913 obnoxia,
934 4850 1002 4903 ad
1038 4852 1397 4905 renovandam
1461 4855 1515 4907 in
1554 4856 1751 4909 animis
1787 4858 1991 4927 aliquid

432 4940 497 4993 dc
533 4940 651 5007 ipso
680 4940 1056 5007 cogitantium,
1102 4942 1345 5011 ejusdem
1378 4945 1694 5015 imaginem.
1732 4946 1850 5001 "iL'C
1893 4949 1996 5001 itas

431 5047 538 5099 que
576 5032 632 5093 ii,
658 5030 748 5099 qui
780 5031 989 5100 species
1018 5033 1380 5099 conStituunt,
1409 5033 1674 5102 ejusmodi
1709 5054 1913 5107 argunn
1938 5056 1999 5091 n-

436 5125 522 5188 tis,
555 5123 750 5193 quibus
812 5124 1128 5180 Aristoteles
1176 5127 1319 5194 ipsos
1347 5138 1645 5195 oppugnat,
1705 5131 2001 5197 responde-

437 5218 592 5277 bunt,
627 5217 1060 5286 persolventque,
1095 5219 1145 5270 in
1163 5218 1362 5285 quibus
1386 5217 1519 5271 nihil
1546 5236 1649 5272 non
1672 5224 2002 5275 conveniens

437 5307 569 5359 nihil
600 5322 706 5360 non
738 5322 848 5360 sua:
877 5308 1112 5376 ipsorum
1140 5307 1397 5363 doctrina:
1419 5321 1844 5365 consentaneum
1878 5326 2002 5380 pro-

439 5397 630 5450 ferent.
659 5395 763 5450 Sed
788 5398 899 5466 jam
942 5400 1002 5450 ad
1033 5414 1116 5461 ea,
1150 5415 1271 5467 qua:
1324 5410 1452 5454 sunt
1489 5402 1643 5469 digna
1681 5415 2002 5467 memoratu,

440 5489 693 5555 deinceps
762 5495 1122 5543 transeamus.
1172 5487 1440 5542 Prmterea
1501 5492 1721 5553 accidit,
1788 5501 1844 5544 ut
1893 5506 2002 5545 non

444 5577 686 5629 binarius
721 5578 788 5629 sit
821 5578 1046 5645 primus,
1078 5580 1168 5633 sed
1199 5596 1481 5635 numerus.
1508 5584 1689 5648 Atqui,
1725 5583 2002 5645 inquient,

446 5666 573 5731 quid
613 5669 913 5737 prohibeat,
942 5686 1047 5737 que
1081 5672 1260 5727 minus
1301 5688 1579 5739 numerus,
1620 5676 1709 5742 qui
1747 5675 1852 5728 illic
1902 5684 2003 5740 est,

2098 4501 2213 4537 xsw
2245 4485 2341 4553 τὴν
2365 4484 2563 4537 αἰτίαν.
2608 4485 2766 4538 Ἀλλά
2804 4487 2962 4539 τοῦτο
3000 4486 3144 4558 ἄλλῳ
3174 4488 3273 4556 μέν
3317 4505 3394 4555 τῳ
3422 4487 3573 4555 ἀνείη
3599 4489 3662 4539 a.

2096 4577 2292 4637 εἰπεῖν,
2326 4575 2682 4646 Ἀριστοτέλει
2712 4578 2757 4630 δ’
2784 4579 2884 4631 οὐκ
2911 4578 3057 4632 ἐστιν
3086 4580 3280 4632 είπείν.
3305 4580 3402 4631 Διὰ
3427 4579 3480 4630 τί
3503 4597 3517 4645 ;
3546 4580 3662 4631 Ὀτι

2097 4668 2262 4732 αὐτὸς
2306 4668 2375 4723 ἂν
2427 4669 2516 4737 ὑφ’
2559 4668 2728 4722 αὑτοῦ
2786 4672 3149 4742 περιτραπείη
3206 4674 3254 4723 εί
3301 4672 3458 4724 τοῦτο
3505 4673 3659 4723 εἴποι.

2100 4758 2451 4829 Πυνθάνομαι
2489 4760 2599 4829 γὰρ
2627 4761 2691 4829 δὴ
2722 4761 2976 4815 τοσοῦτον
3006 4762 3114 4814 τῶν
3152 4762 3305 4831 αὑτῷ
3345 4762 3663 4831 προσχειμέ-

2099 4870 2229 4916 νων,
2260 4851 2312 4904 τί
2341 4852 2404 4923 δή
2433 4869 2565 4906 ποτε
2594 4854 2654 4905 οὐ
2696 4854 2772 4921 τῷ
2804 4855 2953 4924 αὐτῷ
2981 4853 3102 4924 Θεῷ
3131 4855 3226 4916 τὰς
3258 4855 3500 4923 κινήσεις
3532 4854 3665 4906 ana.

2103 4959 2201 5005 σας
2233 4942 2331 5006 τὰς
2363 4944 2484 4997 κατ’
2507 4945 2731 5015 οὐρανὸν
2762 4946 3079 5013 ἀπένειμεν,
3106 4946 3222 4998 ἀλλ’
3257 4946 3384 4999 ἄλλο
3428 4946 3563 5015 ἄλλῃ
3590 4963 3666 4997 κι-

2101 5034 2225 5086 νοῦν
2258 5036 2467 5103 κινήσει
2500 5036 2821 5105 ὲφίστησιν;
2861 5037 2893 5105 ἢ
2926 5036 3081 5103 δῆλον
3102 5037 3187 5105 δὴ,
3216 5038 3297 5089 ὅτι
3319 5037 3386 5089 δι’
3422 5040 3591 5090 ἐκεῖνο
3610 5033 3667 5085 τὸ

2103 5128 2339 5195 ἀξίωμα,
2367 5126 2470 5180 κᾶν
2505 5128 2674 5181 πλείω
2712 5130 2952 5181 πλεῗοσιν
2988 5127 3175 5191 οὔσαις
3207 5132 3329 5186 ταῖς
3363 5130 3558 5189 ἁίδίαις
3582 5130 3668 5179 οὐ·

2106 5217 2247 5279 σίαις
2278 5216 2471 5287 ἐφίστη
2519 5218 2586 5269 τὰ
2630 5220 2968 5287 πιρὰγοντα,
3004 5220 3054 5271 εί
3095 5236 3155 5285 γε
3210 5215 3349 5270 εἷναί
3401 5237 3453 5269 τι
3499 5218 3668 5269 αὐτῶν

2103 5309 2239 5370 ὅλως
2290 5308 2462 5362 αἴτιον
2514 5308 2690 5379 (fisco;
2737 5312 2785 5361 sl
2833 5310 2911 5369 δὲ,
2943 5311 3269 5371 ὃτιείκόνας
3305 5310 3511 5362 ἑαυτῶν
3539 5325 3668 5375 παρ-

2107 5401 2341 5466 ἀγοντα;
2377 5401 2439 5452 οὐ
2473 5402 2581 5470 γὰρ
2609 5401 2673 5453 ἂν
2714 5402 2946 5471 πάμπαν
2989 5420 3049 5469 γε
3083 5403 3377 5455 ἀπεοικὸτα
3408 5401 3511 5454 κᾶν
3543 5401 3671 5453 αὐτά

2109 5489 2532 5559 παραδείγματα
2592 5488 2658 5561 ἦν
2712 5492 2923 5553 α’ὺτοῖς.
2968 5494 3074 5544 Kal
3120 5493 3292 5555 οὕτως
3351 5494 3416 5544 ἂν
3467 5493 3538 5560 τῷ
3570 5491 3670 5543 τῶν

2109 5581 2261 5632 εἰδῶν
2290 5582 2434 5649 λόγῳ
2465 5583 2559 5633 καὶ
2586 5584 2747 5647 αὐτὸς
2780 5583 3013 5637 ἐνταῦθα
3042 5585 3173 5650 γοῦν
3221 5586 3536 5653 συνεχώρει.
3566 5585 3672 5635 Νῦν

2111 5674 2164 5723 δὲ
2194 5673 2346 5741 δῆλός
2385 5676 2529 5727 ἐστιν
2566 5676 2661 5728 οὐκ
2703 5677 2943 5745 οἰόμενος
2989 5673 3126 5731 εἷναί
3172 5695 3219 5729 τι
3274 5678 3447 5731 αἴτιον
3493 5676 3663 5729 αὐτῶν
