3858 6202
178 302 296 365 9‘25

822 262 957 359 ⁸ΒΕ
994 297 1425 360 PLATONICA
1459 299 1556 360 ET
1588 298 2163 365 ARISTOTELICA
2198 303 2735 368 PHILOSOPHIA.

3328 300 3431 367 926

180 413 541 485 παραγωγδν,
572 411 688 466 ἀλλ’
720 410 862 466 οὕτω
894 431 953 467 τε
985 413 1079 465 καὶ
1112 413 1368 477 τοιαύτας
1394 414 1501 467 ἀπὸ
1529 414 1623 468 τοῦ
1658 416 1757 468 αύ-

1867 436 1973 481 tum
2010 424 2080 483 sit
2101 425 2396 496 singularis
2417 434 2530 478 tum
2560 424 2679 494 ipso
2703 423 2917 478 binario
2978 423 3129 491 prior
3161 421 3432 476 exsistat?

178 508 421 577 τομάτου
451 505 760 576 εὑρημένας
809 506 1081 558 κινεῖσθαι
1133 505 1293 573 μόνον
1345 504 1481 574 πρός
1510 523 1562 558 τι
1603 506 1759 570 τέλος

181 602 283 653 καὶ
310 599 401 652 τὸν
423 596 579 651 Θεόν.
618 596 778 649 Ἀλλὰ
805 596 932 665 μὴν,
962 599 1147 666 φησὶν,
1178 595 1305 649 οὔτε
1339 598 1478 667 πρὸς
1500 598 1600 668 τὴν
1637 600 1762 651 επι-

183 693 405 761 στήμην
429 689 582 743 οὐδὲν
616 689 801 759 βοηθεῖ
831 690 929 757 τὴν
976 690 1080 742 τῶν
1113 689 1308 755 ἄλλων,
1357 691 1419 743 o6
1469 692 1577 759 γὰρ
1604 690 1761 743 οὐσία.

181 782 371 835 ικεῖνα
406 780 634 833 τούτων.
679 780 769 832 'Ev
801 778 1011 841 τούτοις
1059 780 1168 849 γὰρ
1202 780 1269 833 ἂν
1298 776 1388 849 ἦν,
1430 778 1545 833 οὔτ’
1586 782 1667 842 εἰς
1700 780 1761 833 τὸ

138 924 143 929 ,
181 867 327 926 εἶναι
357 871 432 943 μὴ
454 870 827 940 ἐνυπάρχοντά
848 886 913 937 γε
933 872 1046 933 τοῖς
1071 871 1377 941 μετέχουσι.
1407 872 1503 934 Τίς
1528 873 1645 925 ποτ’
1667 866 1761 926 οὖν

188 964 325 1033 περί
355 961 562 1024 εἰκόνος
584 962 809 1031 ἄμεινον
828 961 1183 1027 διαγνώσεται
1206 978 1221 1028 ;
1254 962 1319 1014 Ἀ
1331 964 1378 1030 ρ’
1398 963 1496 1031 οὐχ
1528 965 1555 1015 6
1582 963 1760 1016 καὶτὸ

182 1053 539 1121 παράδειγμα
592 1050 746 1114 εἰδώς
771 1068 787 1118 ;
821 1053 899 1105 ού”
912 1054 1019 1123 γάρ
1045 1068 1149 1105 που
1193 1055 1221 1105 6
1250 1053 1409 1106 τοῦτο
1440 1054 1653 1119 ἀγνοῶν
1682 1054 1760 1124 τῷ

141 1169 153 1183 ι
180 1161 249 1212 γε
284 1144 446 1197 εἰδότι
473 1144 531 1210 ἐξ
564 1144 681 1197 τσου
714 1145 841 1212 περί
870 1146 969 1214 τῆς
998 1146 1206 1208 εἰκόνος
1234 1147 1480 1216 διαγνοίη
1516 1148 1603 1201 ἄν.
1638 1147 1761 1210 Πῶς

181 1234 230 1289 δ’
265 1235 442 1297 οὐδεὶς
473 1236 533 1288 τὸ
561 1233 702 1289 εἶναι
750 1238 863 1299 τοῖς
905 1236 1084 1297 ἄλλοις
1122 1237 1288 1307 βοηθῇ
1322 1238 1390 1291 ἂν
1430 1241 1533 1293 κᾶν
1570 1238 1644 1310 μὴ
1674 1239 1759 1290 ὲν-

180 1326 495 1395 υπάρχῃ,εῖ
517 1343 580 1395 γε
598 1326 747 1379 αἰτία
783 1326 869 1396 εἰη
903 1326 1110 1394 αύτῶν;
1140 1328 1259 1381 Ἔτι
1287 1329 1469 1401 φησὶν,
1498 1330 1572 1384 O6
1600 1331 1760 1397 μόνον

180 1416 298 1469 τῶν
320 1416 596 1487 αἰσθητῶν
644 1418 1064 1487 παραδείγματα
1098 1419 1170 1471 τὰ
1198 1418 1339 1488 εῖδη,
1373 1419 1511 1473 ἀλλὰ
1538 1423 1635 1476 καὶ
1664 1413 1786 1475 αύ-’

180 1509 320 1573 τῶν,
356 1504 468 1563 οἷον
497 1510 559 1562 τδ
606 1510 762 1577 γένος
789 1509 901 1563 τῶν
932 1510 1008 1574 ῶς
1037 1511 1232 1580 γένους
1282 1511 1461 1565 εἰδῶν.
1496 1512 1661 1566 Ὥστε
1700 1512 1760 1565 τὸ

180 1601 323 1655 αὐτὸ
357 1600 509 1653 ἔσται
537 1601 895 1671 παράδειγμα
937 1603 1035 1655 καὶ
1072 1602 1258 1656 εἰκῶν.
1302 1602 1447 1655 Ἀλλ’
1472 1603 1520 1655 εἰ
1555 1603 1653 1672 μὲν
1682 1602 1760 1673 τῷ

178 1692 341 1761 αὐτῷ
386 1691 481 1746 τοῦ
530 1692 700 1746 αὐτοῦ
745 1692 1157 1763 παραδείγματί
1195 1709 1254 1745 τε
1293 1692 1387 1746 καὶ
1410 1694 1579 1746 είκόνι
1618 1688 1757 1746 εἶναι

1872 516 2141 573 Binarins
2192 526 2371 571 autem
2429 508 2501 571 sit
2553 515 2760 583 primus
2802 515 2973 569 nostri
3003 514 3163 581 lmjus
3192 513 3431 577 numeri,

1868 610 1959 679 qui
1992 608 2206 663 dilatari
2250 607 2471 675 potest?
2496 608 2584 660 Ait
2613 607 2765 669 item.
2797 607 2841 662 si
2899 608 3106 676 species
3136 621 3232 671 per
3276 607 3431 660 acci-

1867 699 2003 755 dens
2030 717 2135 754 non
2166 700 2579 767 participentur,
2610 700 2970 755 essentiarum
2994 699 3255 753 duntaxat
3273 703 3429 748 erunt

1868 776 2097 861 species.
2128 790 2206 845 lla
2225 791 2443 859 quidem
2462 790 2877 856 respondebunt
2924 790 3023 848 illi.
3054 792 3096 844 si
3134 791 3313 843 omnia
3338 799 3427 843 aut

1867 893 2051 937 essent
2103 885 2380 943 essentite.
2415 892 2507 937 aut
2531 897 2626 950 per
2660 883 2913 937 accidens
2952 881 3206 936 essentiis
3256 881 3421 934 adhue

1866 984 2076 1040 rerent,
2144 984 2259 1027 tum
2287 989 2417 1027 vero
2442 974 2620 1027 locum
2654 975 2885 1041 aliquem
2928 972 3161 1027 fortasse
3210 972 3428 1025 haberet

1863 1065 1921 1120 id
1954 1064 2097 1131 quod
2133 1064 2365 1133 profers.
2398 1062 2553 1119 Nunc
2580 1076 2754 1117 autem
2787 1079 2907 1117 cum
2959 1064 3012 1116 in
3051 1064 3213 1117 rebus
3262 1061 3428 1117 exsis-

1865 1168 1986 1212 tant
2016 1156 2216 1227 aliqua.
2248 1170 2370 1224 qum
2424 1156 2587 1209 etiam
2635 1171 2729 1225 per
2759 1171 2817 1210 se
2848 1155 3103 1211 essentiis
3144 1153 3432 1216 inhaarent,

1868 1248 2058 1318 quanti
2103 1247 2317 1301 demum
2374 1247 2635 1301 momenti
2696 1248 2797 1300 erit
2838 1255 2928 1301 tua
2983 1244 3072 1298 illa
3106 1243 3282 1298 ratio?
3329 1240 3433 1310 Tag

1867 1342 2028 1398 metsi
2063 1342 2211 1397 enim
2264 1356 2475 1406 eorum,
2522 1355 2643 1410 quae
2690 1354 2787 1409 per
2847 1340 3101 1395 accidens
3153 1336 3433 1396 eveniunt,

1865 1434 2305 1502 unumquodque
2333 1432 2400 1488 iis
2439 1431 2907 1501 quibusproxime
2927 1430 3256 1490 continetur,
3324 1440 3433 1478 non

1867 1524 2008 1579 adsit
2038 1539 2135 1593 per
2163 1539 2244 1587 se,
2277 1538 2386 1579 non
2433 1533 2612 1578 tamen
2647 1527 2715 1577 ab
2761 1522 2849 1585 iis.
2880 1535 2999 1589 qua:
3030 1535 3127 1589 per
3164 1532 3223 1571 se
3258 1514 3437 1577 exsis-

1863 1622 2006 1675 tunt.
2034 1623 2116 1670 est
2171 1629 2393 1684 prorsus
2468 1614 2767 1675 diversum.
2820 1612 3087 1682 siquidem
3162 1604 3436 1677 ejusmodi

1870 1708 2049 1761 omnia
2063 1706 2295 1777 plurium
2314 1721 2602 1761 causarum
2619 1720 2886 1760 concursu
2908 1703 3177 1761 eveniant.
3196 1713 3429 1769 quarum

181 1783 526 1847 συνέϐαινεν,
579 1785 637 1847 ἐς
682 1784 881 1839 ἄτοπον
926 1783 994 1837 ἂν
1044 1800 1098 1836 τι
1140 1781 1218 1853 τῷ
1263 1784 1378 1837 δντι
1443 1783 1689 1853 ἀπήγετο
1732 1785 1761 1836 6

1868 1772 2208 1866 unaquaeque
2237 1812 2333 1865 per
2358 1812 2417 1851 se
2452 1794 2605 1859 facit,
2630 1794 2891 1864 quidquid
2928 1794 3076 1855 iacit,
3100 1804 3277 1858 neque
3305 1802 3435 1841 vero

178 1874 366 1941 λόγος,
422 1874 609 1943 ὥσπερ
653 1876 721 1928 ἂν
762 1875 811 1927 εἰ
852 1874 932 1944 τῷ
997 1874 1145 1944 αὐτῷ
1192 1873 1286 1927 τοῦ
1337 1871 1502 1927 αὐτοῦ
1555 1873 1763 1943 μείζονί

177 1982 240 2021 τε
288 1965 410 2036 ἅμα
458 1960 597 2019 εἶναι
646 1966 739 2018 καὶ
766 1966 938 2035 μείονι
972 1965 1307 2019 συνέϐαινεν.
1342 1965 1454 2019 Νῦν
1493 1964 1550 2017 δὲ
1580 1964 1632 2017 τί
1658 1981 1765 2015 κω-

179 2057 306 2111 λύει
354 2058 413 2110 τὸ
468 2056 599 2110 αὐτὸ
645 2056 833 2125 ἑτέρου
870 2058 969 2127 μὲν
993 2058 1198 2120 εἰκόνα,
1247 2058 1434 2127 ἑτέρου
1477 2058 1533 2110 δὲ
1582 2058 1765 2126 παρά-

176 2151 389 2219 δειγμα
442 2146 620 2216 clvas;
650 2152 722 2203 Ἥ
774 2151 876 2203 ούκ
906 2150 1222 2220 ἀνδριάντος
1256 2150 1465 2214 εἰκόνος
1498 2149 1652 2213 ὄντος
1691 2152 1764 2204 εί-

179 2245 324 2297 κόνα
378 2241 667 2312 ζωγράφος
720 2242 973 2313 γράψειε,
1014 2246 1110 2297 καί
1151 2243 1359 2313 ταύτης
1387 2244 1469 2296 ἔτι
1513 2245 1573 2296 6v
1610 2243 1764 2296 ὕδατι

177 2334 413 2388 εἴδωλον
440 2334 507 2388 ἄν
538 2351 591 2386 τι
631 2334 881 2401 γένοιτο;
927 2335 1091 2388 Ἀλλὰ
1120 2335 1278 2389 τοῦτο
1311 2336 1411 2405 μὲν
1447 2334 1762 2404 Ἀριστοτέ-

179 2426 319 2486 λους
336 2427 546 2478 τοιοῦτο
565 2425 625 2479 τδ
649 2426 975 2495 τερέτισμα.
1018 2427 1134 2494 Ἐφ’
1154 2427 1342 2496 ἕτερον
1370 2426 1416 2480 δ’
1438 2427 1604 2481 αὑτοῦ
1639 2444 1766 2496 μετ-

184 2517 386 2587 ίωμεν.
410 2517 530 2570 Ἔτι
573 2519 724 2588 φησί,
748 2518 873 2571 Τῶν
901 2536 959 2571 τε
1001 2518 1155 2572 εἰδῶν
1176 2519 1345 2573 ὄντων
1368 2519 1518 2590 ὅμως
1543 2520 1602 2572 ού
1624 2522 1766 2587 γίνε-

180 2625 270 2685 ται
302 2610 373 2662 τὰ
400 2609 657 2678 γινόμενα
676 2610 742 2663 ἂν
767 2606 894 2682 μὴῇ
925 2613 985 2663 τὸ
1013 2614 1255 2676 κινῆσον,
1279 2611 1375 2666 καλ⁵
1404 2612 1575 2664 πολλὰ
1605 2610 1759 2678 γίνε-

181 2718 273 2755 ται
308 2700 491 2771 ἕτερα,
533 2695 647 2753 οἷον
705 2701 851 2753 οἰκία
916 2702 1009 2754 καὶ
1040 2703 1341 2769 δακτύλιος,
1378 2696 1454 2758 ὧν
1506 2703 1567 2756 οὔ
1602 2720 1766 2771 φασιν

182 2791 329 2848 εἶναι
360 2795 497 2863 εἴδη,
530 2794 672 2847 ὥστε
738 2794 895 2865 δῆλον
941 2796 1023 2847 ὅτι
1078 2797 1353 2865 ἐνδέχεται
1402 2797 1631 2849 κάκεῖ-ια
1690 2789 1765 2851 ὧν

186 2904 359 2956 φασιν
414 2886 557 2947 ἰδέας
605 2883 768 2952 εἰναι,
830 2888 924 2941 καὶ
985 2883 1124 2941 εἶναι
1182 2888 1275 2943 καὶ
1334 2888 1621 2957 γίγνεσθαι
1676 2888 1764 2941 διὰ

183 2976 442 3039 τοιαύτας
494 2975 673 3038 αἰτίας
726 2978 844 3040 οῖας
887 2979 981 3031 καί
1033 2977 1102 3030 τὰ
1167 2976 1404 3048 ρηθέντα
1452 2978 1594 3053 ἕνῦν,
1649 2978 1762 3031 ἀλλ’

184 3072 243 3123 o6
276 3072 368 3123 διὰ
394 3069 460 3123 τὰ
481 3068 614 3139 εῖδη.
651 3069 795 3122 Ἀλλ’
828 3070 950 3123 οὐδὲ
980 3070 1149 3124 ταῦτα
1182 3069 1448 3141 φήσουσιν
1477 3072 1525 3122 οἰ
1548 3070 1614 3123 τὰ
1648 3069 1762 3139 εῖδη
1794 3116 1836 3172 c

185 3164 471 3231 τιθέμενοι
509 3163 639 3216 ἄνευ
671 3162 1134 3232 παραδειγμάτων
1160 3160 1443 3229 γίγνεσθαι
1480 3163 1528 3213 εἰ
1562 3162 1651 3215 καί
1688 3162 1762 3229 μὴ

185 3253 316 3309 καθ’
355 3256 523 3308 ἑαυτὰ
554 3254 957 3325 ὑφεστηκότων.
982 3254 1231 3321 Γίγνεται
1260 3254 1370 3323 γὰρ
1391 3251 1479 3306 διὰ
1514 3253 1580 3306 τὰ
1601 3253 1767 3323 νοητὰ

187 3349 253 3401 τὰ
285 3348 346 3399 iv
370 3346 477 3398 τῶν
504 3346 851 3416 δημιουργῶν
901 3348 1022 3408 ταῖς
1050 3345 1248 3416 ψυχαῖς
1287 3347 1535 3398 ἑκάστων
1585 3362 1767 3416 παρα-

185 3440 475 3508 δείγματα.
511 3440 603 3491 Δεῖ
638 3438 695 3490 δέ
723 3454 850 3503 που,
880 3438 1137 3508 φήσουσι,
1166 3437 1262 3490 καὶ
1286 3438 1352 3491 τὰ
1375 3438 1437 3509 δή
1464 3456 1567 3492 που
1586 3439 1768 3505 γιγνέ-

194 3548 355 3599 μενα,
384 3530 445 3582 ού
473 3531 631 3599 μόνον
662 3530 720 3581 o6
746 3528 951 3599 χείρονι
976 3530 1087 3582 τῶν
1118 3530 1437 3583 σκευαστῶν
1467 3531 1640 3600 τούτῳ
1678 3532 1768 3584 ai-

189 3622 280 3693 τίᾳ
306 3620 567 3692 χρώμενα
586 3621 894 3691 γίγνεσθαι,
911 3622 1024 3676 ἀλλ’
1046 3621 1168 3675 οὐδὲ
1186 3622 1300 3693 ἴση,
1332 3621 1447 3675 ἀλλ’
1470 3622 1565 3675 ἅτε
1592 3623 1770 3693 κρείτ-

193 3731 270 3768 τω
304 3715 483 3767 αὐτῶν
512 3715 702 3779 ὄντων,
738 3714 1004 3783 κρείττονι
1058 3716 1150 3768 καὶ
1194 3716 1261 3783 τῇ
1312 3714 1461 3784 αἰτία
1507 3714 1766 3783 χρῆσθαι.

204 3804 369 3857 Ἀλλὰ
398 3804 529 3874 φαίη
561 3804 626 3857 ἂν
658 3804 790 3865 ῐσως
828 3803 1229 3874 Ἀριστοτέλης,
1262 3807 1319 3856 ὲν
1368 3804 1448 3875 τῷ
1489 3805 1641 3874 ἡλίου
1691 3805 1769 3875 νῷ

194 3895 517 3951 καὶτούτων
565 3895 982 3964 παραδείγματα
1034 3894 1361 3963 ύφεστάναι,
1414 3896 1510 3948 καὶ
1549 3896 1646 3948 οὐκ
1689 3896 1768 3949 ἔτι

193 3986 301 4039 δεῖν
333 3985 524 4054 ἑτέρου
556 3984 1000 4051 παραδείγματος
1028 3983 1152 4035 καθ’
1186 3984 1347 4037 ἑαυτὸ
1404 3984 1770 4051 ύφεστηκότος

194 4078 405 4131 οὐδένα.
437 4077 608 4145 Δῆλον
630 4075 741 4145 γὰρ
770 4075 845 4138 ὡς
865 4074 954 4127 τὸν
985 4074 1136 4145 ἥλιον
1155 4075 1265 4128 τῶν
1298 4076 1641 4145 γιγνομένων
1668 4079 1767 4144 τῆς

196 4169 464 4235 γενέσεως
524 4167 907 4235 Ἀριστοτέλης
959 4166 1134 4219 αῖτιον
1185 4165 1415 4221 τίθεται.
1474 4167 1619 4235 Πρὸς
1676 4164 1771 4221 οὖν

194 4260 365 4313 ταῦτα
391 4276 493 4312 που
515 4261 562 4311 οἰ
590 4261 655 4311 τὰ
675 4258 792 4325 εἴδη
823 4257 1099 4328 τιθέμενοι
1133 4256 1373 4327 ἐροῦσιν,
1415 4257 1562 4310 Ἀλλ’
1585 4260 1631 4311 εἰ
1667 4259 1770 4327 μὲν

198 4353 481 4423 εωρῶμεν,
531 4345 577 4404 ὦ
618 4350 1008 4419 Ἀριστότελες,
1037 4350 1298 4413 ὡσαύτως
1352 4350 1421 4403 τά
1452 4367 1511 4404 τε
1574 4369 1770 4404 σκευα-

1865 1891 2011 1954 talia,
2029 1906 2149 1961 qua:
2163 1907 2227 1946 ex
2246 1889 2559 1956 huiusmodi
2574 1888 2756 1942 causis
2776 1886 3078 1956 procedunt
3094 1885 3161 1938 ab
3181 1883 3272 1938 illo
3291 1881 3436 1952 quod

1865 1982 1935 2037 sit
1972 1994 2067 2049 per
2088 1996 2167 2042 se.
2187 1981 2412 2035 omnino
2431 1980 2758 2045 discrepant.
2781 1994 2881 2031 nec
2898 1978 3023 2030 item
3044 1976 3087 2030 si
3105 1991 3208 2044 qua
3229 1990 3325 2044 per
3346 1989 3437 2028 ac-

1866 2074 2052 2128 cidens
2066 2072 2344 2134 eveniunt,
2364 2087 2484 2124 cum
2501 2070 2565 2123 iis
2582 2084 2701 2138 qum
2720 2085 2813 2138 per
2831 2084 2887 2121 se
2904 2068 3058 2131 llunt,
3076 2066 3292 2135 penitus
3312 2066 3435 2117 nul-

1866 2166 1973 2218 lam
1997 2165 2194 2219 habent
2225 2164 2693 2224 communitatem,
2740 2162 2831 2215 sed
2862 2158 2950 2212 illa
2978 2160 3065 2211 his
3092 2148 3221 2225 ipsis
3255 2156 3435 2210 conti-

1866 2265 2086 2319 nentur,
2105 2264 2267 2324 atque
2292 2254 2527 2309 invicem
2551 2253 2783 2320 quadam
2814 2251 3075 2304 allinilate
3102 2250 3434 2317 junguntur.

1865 2343 2067 2409 Quodsi
2094 2342 2239 2398 enim
2260 2324 2388 2396 dum
2412 2343 2519 2397 ludi
2538 2342 2800 2413 Olympici
2818 2342 3103 2400 instarent.
3123 2340 3203 2393 sol
3222 2338 3435 2393 defece-

1866 2437 1956 2498 rit,
1977 2452 2083 2491 non
2106 2448 2391 2506 pr0pterea
2418 2435 2557 2505 quod
2578 2436 2652 2488 illi
2677 2436 2965 2491 instarent.
2988 2434 3065 2485 sol
3091 2431 3311 2490 defecit.
3338 2445 3435 2486 nec

1867 2531 1994 2585 item
2018 2531 2159 2599 quod
2182 2529 2261 2583 sol
2283 2528 2560 2589 defecerit,
2586 2524 2953 2595 Olympiorum
2974 2534 3184 2593 tempus
3201 2523 3438 2577 instabat

1867 2629 1928 2673 ut
1956 2621 2056 2673 hac
2079 2618 2294 2688 quidem
2313 2619 2521 2671 ratione
2542 2616 2619 2669 sol
2641 2630 2747 2669 non
2768 2630 2862 2683 per
2880 2630 2936 2667 se
2953 2629 3015 2666 eo
3039 2616 3155 2681 ipso
3177 2612 3439 2668 defecerit

1870 2717 2130 2779 tempore,
2160 2724 2271 2778 quo
2312 2706 2567 2762 adessent
2609 2706 2875 2777 Olympia.
2911 2704 3014 2759 Sed
3043 2713 3223 2758 tamen
3257 2719 3439 2759 causae

1866 2800 1970 2854 illa:
2003 2803 2226 2869 propter
2252 2814 2390 2869 quas
2432 2799 2511 2854 sol
2535 2799 2716 2855 deﬁcit
2738 2813 2833 2869 per
2873 2813 2931 2853 se
2951 2797 3436 2891 defectmncﬂ'eee-

1866 2899 2016 2956 runt,
2031 2891 2180 2945 etlex
2202 2892 2313 2945 sive
2330 2892 2639 2945 institutum
2662 2898 2813 2942 vetus
2831 2890 2896 2943 de
2913 2890 3250 2942 celebrandis
3263 2887 3439 2957 Olym-

1866 2982 1972 3051 piis
1998 2999 2090 3050 per
2112 2998 2168 3035 se
2187 2983 2320 3037 tales
2344 2982 2502 3035 ludos
2522 2982 2809 3035 ordinavit.
2834 2981 2987 3045 Quod
3020 2990 3200 3033 autem
3219 2994 3325 3031 uno
3342 2992 3437 3031 eo—

1868 3075 2097 3142 demque
2114 3083 2357 3144 tempore
2368 3083 2423 3127 et
2440 3074 2702 3143 Olympici
2721 3072 2827 3125 ludi
2847 3080 2897 3125 et
2911 3069 3154 3124 defectus
3170 3072 3300 3123 solis
3315 3085 3435 3141 con-

1868 3165 2107 3234 tigerint.
2135 3166 2251 3231 ejus
2278 3166 2350 3219 rei
2372 3180 2534 3219 causa
2577 3164 2785 3219 exstitit
2813 3162 3093 3231 mqualitas
3145 3164 3258 3217 sive
3292 3177 3439 3215 com-

1867 3258 2075 3311 mensio
2120 3258 2353 3311 ambitus
2380 3256 2694 3324 reditusque
2761 3256 3045 3309 amborum
3087 3254 3227 3307 inter
3274 3267 3349 3316 se,
3378 3258 3434 3306 et

1867 3350 2029 3419 hujus
2049 3366 2236 3405 rursus
2254 3349 2576 3419 aequalitatis
2594 3347 2696 3401 alia
2715 3347 2815 3401 fuit
2835 3346 3139 3411 causa,sive
3154 3344 3432 3411 alias,qua-

1866 3457 1989 3499 rum
2024 3456 2360 3509 nnaqumquc
2400 3455 2493 3509 per
2519 3456 2578 3494 se
2611 3440 2664 3494 id
2700 3439 2843 3509 quod
2883 3438 2947 3492 ad
2996 3454 3053 3493 se
3078 3438 3274 3492 attinet
3308 3437 3436 3493 επε-

1868 3536 2027 3589 cerit.
2066 3532 2414 3601 ﬂincltaque
2443 3538 2685 3600 apparet,
2722 3544 2756 3585 o
2825 3529 3166 3594 Aristoteles,
3204 3539 3255 3580 te
3314 3530 3435 3582 vio-

1867 3624 2067 3678 lentam
2100 3621 2276 3676 lacere
2314 3621 2718 3675 conclusionem
2752 3619 2881 3673 dum
2960 3616 3219 3680 afﬁrmas,
3254 3617 3439 3671 omnia

1868 3726 1966 3771 aut
2017 3714 2288 3770 essentias
2323 3712 2528 3777 facere,
2576 3722 2669 3767 aut
2721 3726 2817 3783 per
2875 3711 3131 3766 accidens
3184 3709 3440 3763 essentiis

1869 3807 2147 3868 attributa,
2200 3814 2253 3861 et
2300 3805 2386 3859 illa
2422 3820 2633 3866 rursus,
2686 3820 2805 3874 quae
2859 3814 2989 3873 sunt
3054 3818 3150 3872 per
3184 3802 3441 3856 accidens

1869 3900 1937 3953 ab
1966 3901 2029 3953 iis
2057 3914 2177 3967 qua:
2213 3905 2339 3951 sunt
2370 3911 2462 3963 per
2508 3912 2586 3959 se,
2606 3896 2823 3964 penitus
2862 3895 3160 3963 abrumpis.
3208 3892 3440 3947 Prtcter-

1869 4006 1931 4045 ea
1985 3990 2187 4059 inquis,
2224 3986 2279 4041 Si
2338 3987 2525 4041 eadem
2593 3987 2662 4039 sit
2726 3985 2931 4054 species
2990 3993 3043 4038 et
3094 3984 3336 4037 idearum
3386 3992 3440 4037 et

1872 4098 2075 4147 rerum,
2128 4080 2329 4150 quibus
2380 4079 2483 4132 illa:
2544 4085 2671 4133 sunt
2730 4076 3088 4144 participatm.
3151 4076 3255 4128 erit
3307 4088 3438 4129 sane

1875 4177 2142 4246 quaepiam
2204 4173 2344 4227 inter
2374 4172 2488 4240 ipsa
2519 4167 2908 4223 communitas.
2961 4167 3056 4219 Sin
3093 4176 3276 4219 autem
3328 4180 3438 4219 non

1870 4267 2057 4321 eadem
2121 4264 2193 4318 sit
2260 4262 2494 4331 species.
2526 4267 2691 4313 erunt
2754 4266 2899 4313 certe
2963 4256 3264 4325 mquit'oca,
3340 4272 3439 4311 nec

1869 4359 1981 4429 jam
2040 4355 2282 4424 aliquam
2338 4352 2481 4405 inter
2536 4366 2595 4405 se
2624 4348 2902 4403 habebunt
2957 4340 3489 4406 communitatem.’

199 4446 299 4497 στα
320 4443 493 4497 ταῦτα
528 4443 643 4527 ὑπὸ.
659 4442 767 4494 τῶν
798 4442 1075 4509 σφετέρων
1108 4441 1456 4509 δημιουργῶν
1507 4442 1764 4511 δημιουρ-

1874 4451 1978 4505 Sed
2062 4445 2471 4517 respondebunt
2543 4443 2805 4497 Platonici
2891 4457 3065 4509 neque
3158 4441 3441 4509 exemplar

196 4537 436 4605 γούμενα
466 4535 562 4588 καὶ
602 4534 669 4587 τὰ
726 4531 885 4600 φύσει
938 4542 1235 4599 γιγνόμενα
1293 4532 1401 4583 ὑπὸ
1445 4532 1538 4584 τοῦ
1586 4533 1760 4601 ἡλίου,

199 4625 611 4692 συνεχωροῦμεν
644 4622 710 4674 ἄν
748 4637 841 4672 σου
866 4618 943 4685 τῷ
1007 4618 1172 4687 λόγῳ.
1231 4619 1369 4670 Νυνί
1428 4619 1487 4671 δὲ
1546 4619 1764 4688 ὁρῶμεν

196 4718 264 4770 τὰ
295 4716 395 4784 μὲν
437 4714 716 4767 σκευαστὰ
743 4713 934 4776 ταῦτα,
967 4709 1068 4769 ἕως
1103 4710 1204 4777 μὲν
1239 4709 1306 4762 ἂν
1360 4710 1465 4762 ὑπὸ
1514 4712 1620 4763 τῶν
1667 4712 1764 4781 δη-

202 4806 479 4875 μιουργῶν
503 4806 920 4875 δημιουργεῖται
951 4802 1243 4870 παρόντων
1296 4805 1388 4855 καί
1442 4804 1765 4871 ἁπτομένων

200 4899 306 4952 τῶν
327 4900 501 4969 ἔργων
525 4900 616 4950 καὶ
647 4897 785 4950 αύτὰ
812 4894 1206 4965 προχωροῦντα
1237 4897 1293 4957 ἐς
1323 4896 1422 4966 τὴν
1454 4897 1765 4967 τελειότητα

202 4994 298 5060 τὴν
320 4992 549 5052 ἑαυτῶν,
586 4989 1019 5056 καταλειφθέντα
1050 4988 1094 5039 δ’
1123 4988 1354 5057 ἡμιτελῆ
1385 4987 1490 5041 ὑπὸ
1535 4990 1644 5042 τῶν
1669 4990 1765 5060 δηο

208 5082 629 5152 μιουργούντων,
657 5081 756 5132 οὐκ
798 5080 876 5132 ἔτι
909 5078 1299 5148 προχωροῦντα
1343 5081 1400 5140 ὲς
1452 5080 1626 5145 οὐδὲν,
1671 5081 1765 5134 an

201 5175 305 5227 τῶν
331 5172 809 5242 δημιουργούντων
837 5172 897 5223 o6
929 5171 1026 5232 τὰς
1061 5172 1249 5239 χεῖρας
1283 5171 1465 5237 μόνον,
1499 5172 1633 5242 ᾴλλὰ
1676 5172 1767 5223 καὶ

201 5267 265 5319 τὰ
304 5267 725 5336 παραδείγματα
782 5266 953 5317 ταῦτα
1009 5265 1221 5326 ἑαυτοῖς
1259 5265 1761 5333 συναποφερόντων.

202 5360 316 5412 Τῶν
340 5361 396 5414 δὲ
429 5359 587 5429 φύσει
637 5359 975 5427 γιγνομὲνων
1006 5358 1074 5409 τὰ
1124 5358 1351 5411 πλεῖστα
1398 5358 1615 5425 ὁρῶμεν
1672 5359 1766 5411 καὶ

201 5451 290 5504 τοῦ
320 5452 472 5521 ἡλίου
503 5450 992 5519 ἀποκεχωρηκότος
1024 5449 1161 5501 αὐτὰ
1185 5448 1264 5501 ἔτι
1291 5450 1346 5512 ὲς
1378 5449 1478 5518 τὴν
1494 5448 1767 5519 τελειότη-

202 5558 268 5597 τα
314 5544 414 5613 τὴν
462 5544 670 5597 ἑαυτῶν
734 5541 1144 5612 προχωροῦντα,
1180 5541 1207 5593 ὃ
1260 5542 1493 5609 μάλιστα
1552 5541 1766 5609 ἔνδηλον

204 5637 442 5703 γίγνεται
503 5638 563 5688 ἐν
620 5638 732 5698 τοῖς
784 5636 920 5703 ταχὺ
980 5634 1377 5703 τελειουμένοις
1432 5637 1620 5701 φυτοῖς
1679 5636 1767 5685 καὶ

204 5732 448 5793 καρποῖς.
489 5730 554 5782 ’Λ
586 5730 676 5781 καὶ
702 5727 915 5797 νύκτωρ
966 5726 1117 5780 οὑδὶν
1152 5723 1367 5796 ἦττονῆ
1404 5726 1521 5796 μεθ’
1556 5726 1764 5796 ἡμέραν

1869 4544 1983 4598 sive
2051 4539 2341 4608 imaginem
2412 4536 2653 4603 indigere
2705 4534 2873 4587 altera
2938 4532 3186 4601 quapiam
3255 4535 3439 4602 specie

1868 4630 2166 4693 communi,
2222 4642 2400 4694 neque
2455 4626 2503 4680 si
2555 4628 2665 4679 sint
2718 4625 3018 4693 aequivoca,
3070 4624 3212 4678 sicut
3250 4640 3440 4679 revera

1868 4732 2018 4788 sunt,
2061 4721 2261 4775 nullam
2296 4718 2497 4772 idcirco
2542 4716 2783 4785 ipsorum
2819 4729 2939 4769 esse
2969 4716 3435 4781 communitatem,

1870 4824 1963 4869 aut
2014 4821 2161 4868 certe
2210 4808 2628 4877 intermgabunt
2685 4821 2947 4868 curnam.
2990 4821 3023 4859 ο
3068 4806 3388 4861 Aristoteles
3421 4845 3439 4871 ,

1867 4908 2012 4961 entia
2048 4904 2263 4975 jndicas
2295 4915 2415 4955 esse
2442 4900 2745 4967 mquivoca,
2781 4908 2835 4953 et
2876 4899 3021 4952 nulla
3052 4908 3229 4951 tamen
3267 4900 3438 4954 senlis

1870 4996 2011 5048 inter
2042 5008 2100 5047 se
2126 4990 2623 5044 communicatione
2650 4986 2885 5042 sociari?
2915 4988 3024 5041 Nec
3063 4989 3275 5055 inquies
3322 4987 3435 5039 for-

1870 5098 2034 5147 tasse.
2077 5093 2130 5139 te
2169 5085 2269 5137 hoc
2305 5082 2494 5136 nullibi
2520 5080 2742 5134 dixisse.
2769 5080 2825 5133 Id
2853 5082 2993 5148 quod
3015 5079 3192 5148 possis
3222 5088 3436 5147 propter

1868 5178 2052 5232 odium
2091 5174 2232 5243 quod
2267 5189 2390 5241 erga
2423 5188 2521 5226 nos
2548 5172 2845 5240 concepisti
2883 5172 3253 5231 dissimulare.
3288 5170 3432 5237 quod

1870 5266 2125 5321 nimirum
2167 5264 2443 5333 arquivoca
2493 5263 2544 5315 in
2586 5262 2910 5330 quibusdam
2963 5277 3065 5313 non
3127 5260 3435 5313 communi-

1869 5365 1992 5411 cent
2036 5358 2180 5409 inter
2232 5370 2311 5419 se,
2365 5354 2420 5407 in
2454 5353 2777 5421 quibusdam
2828 5366 2957 5405 vero
3004 5351 3433 5405 communicent.

1868 5446 2002 5500 Nam
2061 5461 2233 5515 neque
2284 5444 2548 5515 Lysandri
2596 5452 2775 5497 statua
2827 5458 2949 5495 cum
2995 5442 3110 5510 ipso
3156 5441 3437 5512 LySandro

1868 5538 2326 5605 nullamqtrorsus
2379 5536 2539 5588 habet
2568 5533 3013 5586 communitatem
3049 5549 3224 5602 neque
3258 5534 3436 5605 imago

1869 5647 1989 5685 cum
2014 5643 2111 5682 suo
2134 5626 2304 5697 ipsius
2327 5625 2715 5691 exemplariAt
2741 5625 2940 5691 inquis,
2964 5634 3243 5691 praeterea,
3263 5626 3432 5692 Quid-

1872 5738 1994 5777 nam
2030 5721 2147 5790 opis
2189 5718 2441 5773 adferunt
2476 5715 2683 5785 species
2748 5724 2840 5769 aut
2872 5716 3031 5771 rebus
3060 5716 3432 5787 sempiternis,
