3910 6202
457 276 560 336 9‘27

1686 248 2014 309 GEORGII
2056 250 2409 312 PLETHUN
2418 253 2489 312 IS

3599 250 3710 312 928

611 370 793 426 sensui
827 375 954 423 sunt
992 364 1270 433 subjecta),
1310 372 1403 419 aut
1443 362 1568 417 aliis
1611 362 2034 433 quibuscunque

2145 362 2391 429 φαίνεται
2421 366 2790 434 τελειούμενα.
2820 363 2923 417 Τὸν
2949 363 3049 433 μὲν
3082 362 3174 417 οὖν
3224 360 3374 432 ηλίου
3425 363 3550 415 νοῦν
3597 366 3703 416 οὔκ

460 479 583 534 qua:
629 473 681 515 et
721 466 1045 529 generantur
1076 467 1129 511 et
1180 456 1485 510 intereunt?
1530 470 1708 524 neque
1737 454 1879 508 enim
1912 453 2030 508 eili-

462 556 632 612 ciunt,
667 560 724 603 ut
754 549 858 602 illa:
886 546 970 601 vel
1009 558 1349 610 moveantur,
1387 545 1469 600 vel
1505 552 1801 619 mutentur.
1837 540 1935 596 Hic
1976 557 2036 597 se

460 644 565 709 jam
614 642 790 711 prodit
817 639 1158 704 Aristoteles,
1207 636 1668 705 manifestumque
1717 634 1844 688 facit
1872 648 2034 702 quam

461 735 533 789 ob
588 749 806 788 causam
864 732 1063 787 bellum
1118 731 1380 786 adversus
1430 730 1579 785 ideas
1637 727 1888 782 moverit.
1944 726 2038 782 lllc

463 841 707 894 Iamque
748 839 851 879 nec
910 823 1075 879 sentit
1133 836 1235 877 nec
1280 822 1430 885 vult,
1486 821 1662 875 inesse
1728 819 2036 888 quampiam

467 915 628 970 rebus
676 915 1027 983 sempiternis
1079 927 1300 968 causam
1338 914 1459 982 ejus
1522 910 1665 981 quod
1716 911 1826 965 sint
1879 917 2041 977 atque

465 1007 761 1069 exsistant,
800 1016 994 1074 praeter
1027 1005 1079 1060 id
1111 1004 1260 1074 quod
1285 1014 1593 1068 moventur,
1623 1015 1853 1070 eamque
1876 998 2041 1054 nimi-

466 1115 584 1152 rum
616 1100 686 1153 ob
720 1112 943 1154 causam
976 1112 1099 1151 cum
1130 1096 1425 1153 Platonicis
1456 1098 1750 1165 praeiiatur.
1783 1095 2038 1162 Alioquin

467 1190 596 1258 quid
634 1191 731 1244 sibi
771 1190 946 1254 vellet,
1001 1190 1127 1243 dum
1176 1190 1369 1259 inquit,
1406 1189 1673 1256 Quidnam
1721 1189 1837 1257 opis
1890 1188 2043 1242 adfe-

468 1293 595 1337 runt
642 1284 854 1350 species
900 1292 995 1335 aut
1042 1285 1203 1338 rebus
1258 1283 1606 1351 sempiternis
1666 1298 1788 1351 qua:
1851 1281 2035 1336 sensui

468 1383 598 1429 sunt
650 1374 929 1442 subjects,
987 1383 1081 1429 aut
1132 1375 1254 1429 aliis
1302 1376 1760 1446 quibuscunque,
1818 1389 1939 1443 quat
1985 1381 2038 1430 et

439 1476 795 1532 generantur
827 1474 879 1521 et
911 1466 1232 1521 intereunt?
1274 1482 1448 1535 neque
1477 1468 1622 1521 enim
1662 1464 1931 1528 efﬁciunt,
1983 1470 2039 1516 nt

471 1557 574 1610 illae
599 1556 683 1610 vel
724 1563 1051 1611 moveantur
1089 1557 1174 1611 vel
1207 1557 1521 1612 mutentur?
1551 1564 1646 1610 aut
1695 1564 1842 1609 certe
1890 1552 2039 1622 quod

472 1646 560 1699 ille
585 1647 651 1701 ad
683 1648 1087 1718 generationem
1124 1657 1177 1701 et
1219 1647 1624 1715 corruptionem
1661 1660 1843 1699 rerum
1889 1644 2043 1698 simi-

468 1737 571 1793 lem
620 1738 935 1793 habentium
969 1739 1204 1807 speciem
1234 1746 1294 1792 ut
1318 1736 1382 1792 iis
1404 1752 1525 1807 quae
1552 1744 1814 1807 generant
1833 1745 1887 1791 et
1918 1736 2039 1805 ipso

470 1828 601 1890 sole,
639 1827 1000 1894 sufficientes,
1041 1828 1288 1898 satisque
1337 1828 1564 1883 idoneas
1601 1828 1876 1883 existimet
1905 1844 2040 1883 cau-

470 1930 559 1968 sas
585 1915 867 1979 constitni;
898 1924 952 1967 at
975 1931 1063 1969 res
1096 1916 1455 1983 sempiternas
1486 1917 1738 1971 sensibus
1768 1916 2041 1983 subjectas

472 2007 675 2059 moveri
705 2008 920 2075 quidem
951 2023 1057 2061 non
1104 2008 1303 2061 sentiat
1332 2018 1552 2077 pr0pter
1582 2008 1812 2079 species.
1843 2024 1942 2063 nec
1973 2010 2040 2064 ad

468 2100 757 2152 essentiam
801 2109 852 2154 et
902 2100 1314 2168 productionem
1368 2099 1601 2169 alicujus
1651 2100 1726 2154 rei
1770 2101 1874 2154 alia
1907 2116 2043 2171 qna-

468 2190 611 2260 piam
662 2206 786 2245 esse
849 2206 1035 2253 causa,
1095 2191 1297 2254 idcirco
1348 2192 1547 2261 inquil,
1604 2192 1870 2259 Quidnam
1926 2194 2043 2262 opis

468 2282 701 2336 afferunt
735 2282 866 2351 ipsis
894 2283 1146 2351 species?
1175 2282 1278 2337 Sed
1319 2284 1463 2338 dicet
1512 2283 1742 2338 fortasse
1769 2286 2040 2353 quispiam

466 2373 610 2441 quod
649 2373 921 2428 existimet
954 2385 1006 2428 et
1036 2373 1359 2429 Aristoteles
1394 2372 1501 2429 Deo
1538 2374 1636 2428 soli
1671 2375 1762 2444 qui
1796 2374 1867 2428 sit
1897 2374 2043 2430 anti-

469 2465 783 2529 quissimus,
817 2466 955 2517 hanc
979 2465 1272 2520 convenire
1300 2480 1541 2520 causam.
1572 2464 1653 2520 Ad
1685 2466 1789 2520 hoc
1816 2480 2043 2535 respon-

468 2557 660 2610 demus
688 2555 754 2610 de
782 2554 888 2611 alio
919 2557 1134 2625 quidem
1170 2559 1421 2626 quopiam
1460 2559 1561 2613 hoc
1593 2558 1768 2626 ipsum
1819 2558 2045 2627 cogitari

471 2660 652 2714 posse,
674 2647 766 2702 sed
796 2648 1016 2701 minime
1035 2650 1098 2703 de
1114 2649 1405 2703 Aristotele
1421 2650 1507 2703 cui
1534 2649 1667 2702 nihil
1689 2648 1791 2702 tale
1813 2648 1865 2701 in
1898 2664 2045 2701 men-

472 2745 577 2790 tem
612 2738 777 2790 venit.
809 2736 871 2789 Et
896 2752 1120 2792 cumam
1159 2738 1342 2792 istud?
1396 2739 1490 2792 llle
1528 2752 1763 2807 namque
1803 2738 1907 2794 sibi
1942 2736 2043 2807 ipsi

467 2831 955 2893 contrariusloret,
982 2830 1026 2884 si
1050 2831 1151 2885 hoc
1175 2832 1399 2885 diceret.
1436 2829 1783 2899 lnterrogabo
1800 2830 1943 2885 enim
1978 2830 2045 2884 ab

470 2917 601 2982 illis,
631 2919 721 2986 qui
756 2919 856 2972 hoc
890 2918 1147 2987 allingunt
1178 2918 1304 2988 ipsi,
1338 2934 1439 2974 cur
1474 2936 1578 2975 non
1629 2920 1717 2975 ille
1753 2922 1898 2974 hunc
1941 2917 2045 2989 ipsi

2137 454 2206 508 ἀν
2229 454 2369 509 αὐτὰ
2400 455 2480 509 έτι
2528 455 2792 510 τελειοῦν.
2852 455 2928 509 Οὐ
2988 454 3097 525 γὰρ
3134 454 3201 508 ἂν
3241 453 3367 517 τοὺς
3416 452 3713 523 μεθεκτοῢς

2137 543 2359 606 τούτους
2379 545 2507 607 νοῦς
2531 545 2660 599 ἄνευ
2675 545 2785 597 τῶν
2811 545 2963 615 σφίσι
3002 544 3271 598 συνόντων
3298 545 3570 613 σωμάτων
3624 547 3713 599 οὐ·

2138 632 2353 686 δοτιοῦν
2387 634 2520 703 δρᾷν
2551 633 2608 697 ἐς
2626 651 2687 701 γε
2734 633 2900 706 ἕτερα
2949 632 3197 700 σώματα.
3252 634 3335 686 Τὰ
3375 634 3431 686 δέ
3490 634 3713 701 σώματα

2142 724 2319 777 πάντα
2349 726 2444 777 καὶ
2475 723 2677 787 θέσεώς
2705 740 2852 785 τινος
2899 722 3105 776 δεῖσθαι
3141 723 3234 776 καὶ
3262 723 3543 791 σχήματος
3579 726 3713 792 πρὶς

2139 817 2207 869 τὰ
2259 815 2582 885 πεισόμενα,
2642 815 2742 869 ὅσα
2789 813 2896 867 τότ’
2946 813 3012 867 ἂν
3042 814 3130 865 τὸν
3186 813 3337 883 ῆλϊσν
3375 815 3509 883 πρὸς
3576 817 3713 869 αὑτὰ

2144 909 2349 978 μηκέτι
2373 907 2543 978 ἔχειν.
2570 907 2736 959 Ὥστε
2768 907 2964 975 μηκέτι
2995 904 3101 958 ὑπὸ
3125 904 3219 957 τοῦ
3254 904 3406 973 ἡλίου
3428 905 3537 957 τότ’
3558 906 3626 959 ἂν
3653 908 3714 960 τὰ

2142 996 2366 1050 τοιαῦτα
2386 995 2760 1065 τελειούμενα,
2777 995 2888 1048 οὐδ’
2909 994 2976 1047 ἂν
3008 994 3148 1047 αὐτά
3172 995 3242 1047 δι’
3267 995 3406 1049 αὐτὰ
3434 995 3551 1048 τελε
3562 998 3713 1061 ιοῖτο,

2142 1089 2400 1159 οὐδεμίαν
2430 1088 2538 1157 γὰρ
2567 1087 2797 1158 δύναμιν
2856 1088 2915 1151 ἐς
2947 1088 3227 1155 ἐνέργειαν
3279 1090 3589 1157 προχωρεῖν
3645 1092 3713 1157 μὴ

2141 1184 2241 1251 οὐχ
2265 1180 2356 1249 ὑφ’
2380 1182 2575 1250 ἐτέρας
2598 1178 2879 1249 ἐνεργείας
2917 1178 3407 1249 προϐιϐαζομένην.
3433 1180 3554 1234 Οὐδ’
3586 1181 3716 1233 αὐτὸ

2143 1271 2372 1341 δυνάμει
2394 1271 2600 1324 τέλειον
2655 1271 2749 1323 καὶ
2798 1269 2944 1340 ἔργῳ
2992 1268 3121 1321 ποτὲ
3173 1270 3377 1322 τέλειον
3433 1270 3715 1337 γίγνεσθαι

2114 1375 2127 1387 ’
2145 1364 2224 1433 μὴ
2257 1364 2355 1434 οὐχ
2384 1363 2475 1432 ὑφ’
2499 1363 2689 1433 ἐτέρου
2717 1380 2810 1416 του
2854 1362 3003 1431 ἔργῳ
3032 1361 3357 1431 τελειοτέρου
3391 1362 3717 1431 προόιὸαζόο

2149 1473 2331 1526 μενον.
2367 1455 2468 1507 Διὰ
2523 1453 2704 1508 ταῦτα
2755 1455 2943 1524 ἡμεῖς,
2998 1454 3255 1520 φήσουσι,
3287 1453 3385 1519 τὴν
3436 1454 3714 1523 ἐνέργειαν

2145 1550 2356 1615 ταύτην
2381 1546 2481 1616 τήν
2514 1544 2733 1614 τότεδὴ
2765 1544 2832 1598 τὰ
2887 1542 3112 1597 τοιαῦτα
3146 1542 3457 1595 τελειοῦσαν
3482 1544 3595 1605 τοῖς
3644 1542 3717 1595 εί-

2146 1639 2271 1693 δεσι»
2302 1638 2515 1699 τούτοις
2571 1636 2937 1705 ἀπονέμομεν.
2986 1636 3097 1689 Καὶ
3133 1635 3256 1706 διχῆ
3310 1636 3378 1688 τά
3428 1634 3715 1704 σύμπαντα

2139 1722 2379 1800 χωριστὰ
2407 1729 2519 1798 εῐδη
2554 1727 2882 1797 διαιροῦντες
2908 1726 2965 1790 ές
3002 1743 3059 1779 τε
3122 1727 3282 1779 ἱκανά
3327 1726 3466 1779 αὐτά
3518 1726 3588 1779 δι’
3623 1726 3715 1778 αὖ·

2143 1821 2252 1874 τῶν
2281 1821 2351 1873 τὰ
2414 1819 2550 1890 ἔργα
2602 1817 3015 1888 ἐξεργάζεσθαι,
3083 1816 3141 1881 ές
3202 1834 3262 1870 τε
3309 1818 3409 1887 οὐχ
3460 1817 3715 1881 ὡσαύτως

2143 1910 2326 1973 ίκανὰ,
2359 1912 2541 1963 ἐκεῖνα
2573 1909 2672 1978 μὲν
2697 1911 2808 1971 τοῖς
2838 1908 2963 1978 τῇδε
3003 1908 3189 1970 ἀϊδίοις
3208 1909 3637 1979 παραδείγματά
3659 1926 3712 1963 τε

2144 2004 2402 2057 καὶαίτια
2430 2004 2754 2071 ἐφίσταμεν,
2783 2000 2958 2055 ταῦτα
2997 2000 3054 2054 δὲ
3106 2003 3220 2064 τοῖς
3263 2000 3392 2070 τῇδε
3434 2002 3709 2072 φθαρτοῖς,

2142 2094 2373 2163 δεόμενα
2423 2092 2521 2163 μὲν
2549 2094 2645 2147 καὶ
2689 2092 2790 2162 τῆς
2856 2091 3009 2161 ἡλίου
3059 2091 3378 2161 συνεργείας
3432 2093 3531 2162 τὴν
3585 2094 3712 2162 ὓλην

2144 2188 2328 2250 αὐτοῖς
2378 2184 2765 2255 προσάξοντος,
2827 2180 3017 2252 ἐπειδὴ
3053 2183 3108 2236 δὲ
3154 2182 3372 2238 λάϐοιτο
3424 2184 3523 2254 τῆς
3565 2184 3709 2254 ὖλης,

2144 2276 2354 2345 δρῶντα
2385 2276 2478 2329 καὶ
2512 2274 2651 2329 αὐτὰ
2677 2274 2745 2328 δι’
2772 2274 2951 2328 αὐτῶν
2998 2274 3079 2326 ἐτι
3136 2276 3194 2338 ἐς
3262 2276 3453 2343 αὐτήν.
3509 2276 3614 2329 Καὶ
3654 2276 3710 2329 οὐ

2145 2365 2591 2435 καινοποιοῦμεν,
2620 2366 2906 2436 φήσουσιν,
2929 2365 3037 2420 οὐδ’
3069 2367 3250 2428 αἰτίας
3281 2367 3472 2429 καινάς
3496 2410 3513 2433 ,
3545 2368 3621 2430 ὡς
3650 2367 3710 2418 σὺ

2147 2458 2275 2529 φῂς,
2340 2458 2756 2529 ἐφευρίσκομεν,
2813 2457 2953 2512 ἀλλά
3004 2458 3093 2509 τὸν
3152 2458 3261 2511 τῶν
3320 2458 3511 2511 αίτιῶν
3563 2458 3710 2525 λόγον

2146 2550 2307 2618 ἡμεῖς
2341 2552 2441 2619 μὲν
2471 2549 2649 2621 πλήρη
2682 2550 2792 2611 τοῖς
2813 2548 2965 2603 οὖσιν
2989 2550 3332 2619 ἀποδίδομεν,
3362 2551 3426 2603 σὺ
3460 2548 3502 2603 δ’
3542 2548 3709 2616 ἐνδεῆ.

2146 2639 2347 2692 Διελὼν
2379 2641 2487 2711 γάρ
2510 2657 2612 2692 που
2662 2640 2757 2693 καὶ
2795 2640 2859 2693 σὺ
2876 2642 2933 2703 ἐς
2963 2640 3201 2711 τέτταρα
3236 2640 3303 2693 τὰ
3367 2639 3476 2693 τῶν
3528 2640 3711 2693 αἰτιῶν

2146 2732 2284 2797 εἴδη,
2319 2733 2430 2795 τοῖς
2459 2731 2559 2802 μὲν
2591 2732 2737 2801 τρισὶ
2768 2731 2941 2804 φαίνῃ
2975 2730 3040 2801 δὴ
3080 2730 3173 2784 καὶ
3201 2730 3364 2793 αὐτὸς
3407 2730 3708 2802 χρώμενος,

2146 2824 2225 2894 τῷ
2252 2823 2469 2893 τελικῷ.
2503 2824 2600 2878 καὶ
2649 2823 2729 2892 τῷ
2759 2823 2857 2893 τῆς
2886 2823 3161 2892 κινήσεως
3200 2824 3434 2895 ἀρχικῷ,
3491 2826 3589 2876 καὶ
3637 2822 3710 2892 τῷ

2150 2918 2339 2988 ὕλικῷ,
2372 2916 2450 2986 τῷ
2478 2917 2533 2970 δέ
2563 2933 2627 2984 γε
2683 2914 2853 2985 λοιπῷ
2883 2914 2961 2984 τῷ
3018 2913 3204 2984 εἰδικῷ
3237 2915 3297 2967 οὐ
3322 2914 3463 2968 πάνυ
3493 2932 3600 2970 τοι.
3653 2916 3711 2968 Ei

475 3010 583 3062 Deo
615 3024 831 3063 summo
856 3010 1347 3091 a‘ntiquissimoque
1380 3028 1571 3067 omnes
1613 3014 1855 3067 omnium
1886 3012 2041 3066 cade-

2148 3010 2258 3079 γάρ
2293 3026 2373 3063 τοι
2401 3002 2518 3063 τῶν
2548 3008 2824 3077 αἰσθητῶν
2858 3007 3075 3076 ἑκάστῳ
3109 3006 3324 3075 φύσεως
3370 2999 3512 3072 εἶδος
3573 3008 3711 3060 τοῦτ’

467 3102 630 3157 stium
662 3103 873 3158 orbium
895 3112 1074 3158 motus
1099 3103 1475 3173 assignaverit,
1494 3106 1584 3161 sed
1606 3106 1768 3161 alium
1797 3105 2040 3173 singilla-

469 3193 562 3246 tim
613 3193 700 3247 alii
753 3195 1085 3249 motui?aut
1126 3205 1275 3251 certe
1326 3197 1516 3266 liquet,
1554 3199 1731 3266 ipsum
1759 3198 2038 3267 dignitatis

465 3285 751 3352 cujusdam
783 3289 976 3356 gratia,
1030 3289 1232 3357 plures,
1267 3291 1614 3359 sempiternis
1648 3290 1754 3344 illis
1782 3288 2039 3345 essentiis

467 3388 590 3427 cum
646 3376 754 3430 sint
804 3377 1005 3444 plures,
1061 3379 1364 3448 prtefecisse
1420 3392 1824 3449 propagatores,
1875 3390 2039 3448 atque

472 3464 629 3517 fateri
681 3466 824 3534 ipsos
855 3458 1089 3537 aliquam
1123 3471 1345 3524 omnino
1375 3469 1585 3525 illarum
1621 3486 1740 3525 esse
1767 3486 1989 3525 causam
2015 3470 2037 3523 ?

471 3556 579 3610 Aut
616 3567 759 3612 certe
796 3559 938 3628 quod
993 3560 1256 3631 imagines
1312 3563 1583 3629 putaverit
1634 3563 2039 3631 propagalrices

472 3650 555 3706 sui
588 3650 845 3719 ipsarum,
896 3666 1076 3721 neque
1107 3652 1249 3705 enim
1290 3653 1341 3705 id
1376 3654 1601 3707 omnino
1652 3661 1800 3707 esset
1852 3654 2040 3708 incon-

473 3751 819 3806 sentaneum,
874 3758 997 3796 cum
1047 3743 1338 3797 habuerint
1386 3744 1490 3798 illae
1542 3759 1641 3799 sua
1684 3745 2036 3815 exemplaria.

472 3835 646 3902 Atque
681 3840 784 3890 hoc
820 3836 1039 3901 quidem
1082 3835 1241 3889 modo
1273 3836 1433 3889 etiam
1472 3835 1560 3890 ille
1601 3839 1889 3892 sententiae
1922 3838 2040 3892 Pla-

472 3922 665 3977 tonicze
723 3925 786 3978 de
835 3923 991 3978 ideis'
1016 3924 1364 3979 subscribere
1414 3925 1709 3991 videretur,
1744 3935 1797 3980 et
1836 3936 2039 3982 nostrae

472 4013 606 4079 parti
647 4014 915 4082 accipere.
962 4011 1119 4067 Nunc
1164 4022 1347 4067 autem
1399 4024 1549 4069 certo
1578 4024 1810 4079 constat,
1858 4017 2036 4086 ipsum

472 4121 580 4158 non
613 4104 817 4159 sentire
848 4104 1086 4174 aliquam
1119 4119 1241 4159 esse
1274 4104 1487 4158 illarutn
1520 4118 1740 4160 causam
1764 4105 2040 4161 deductri-

470 4211 614 4258 cem.
671 4195 764 4251 sed
798 4204 850 4249 et
879 4198 979 4249 boe
1012 4195 1175 4249 modo
1215 4195 1336 4249 illas
1369 4205 1421 4249 et
1471 4195 1625 4262 tales,
1658 4196 1843 4264 quales
1886 4207 2036 4264 sunt,

470 4302 500 4339 a
532 4286 724 4356 seipsis
758 4296 1078 4356 propagatas
1128 4288 1330 4341 moveri
1358 4295 1563 4340 tantum
1615 4287 1681 4341 ad
1734 4289 1895 4343 linem
1936 4289 2039 4343 ali-

470 4392 658 4447 quem,
699 4386 750 4431 et
784 4378 958 4444 ipsum
1013 4375 1215 4430 Deum;
1263 4377 1331 4431 At
1391 4376 1557 4442 enim,
1609 4378 1806 4449 inquit,
1856 4394 2039 4449 neque

472 4464 553 4522 ad,
593 4469 874 4523 scientiam
925 4468 1151 4521 aliarum
1202 4484 1381 4523 rerum
1410 4470 1701 4539 quidquam
1767 4474 2043 4542 prosunt?

477 4576 654 4628 neque
704 4561 849 4615 enim
907 4559 1037 4628 ipsa:
1090 4569 1217 4615 sunt
1277 4561 1513 4615 essentia
1575 4563 1811 4628 illarum,
1860 4573 2044 4619 essent

476 4654 619 4705 enim
655 4651 705 4703 in
738 4650 840 4703 illis
893 4651 1048 4718 ipsis,
1104 4666 1278 4719 neque
1335 4650 1579 4721 easdem,
1618 4662 1677 4708 ut
1731 4653 1840 4708 sint
1888 4655 2045 4724 quid-

475 4756 637 4808 quam
669 4741 881 4808 juvant,
909 4739 1170 4809 siquidem
1204 4744 1255 4795 in
1305 4742 1373 4798 iis
1407 4760 1513 4798 non
1560 4755 1689 4801 sunt
1714 4747 1913 4816 quibus
1958 4764 2045 4803 sc-

478 4834 623 4899 ipsas
682 4830 1030 4899 participant.
1088 4832 1221 4897 Quis
1268 4833 1431 4902 igitur
1466 4835 1533 4889 de
1568 4836 1801 4906 imagine
1850 4839 2045 4895 melius

471 4924 738 4997 jndicabit
768 4923 790 4976 ?
816 4940 992 4979 nonne
1027 4924 1072 4979 is
1130 4926 1222 4993 qui
1247 4927 1410 4980 etiam
1438 4929 1714 4996 exemplar
1754 4930 1914 4985 habet
1951 4947 2048 4986 co—

474 5014 727 5084 gnitum?
759 5028 934 5083 neque
994 5014 1138 5067 enim
1176 5014 1221 5067 is
1240 5016 1331 5084 qui
1359 5017 1635 5085 exemplar
1656 5034 1762 5072 non
1794 5024 2047 5090 cognovit

474 5105 666 5158 eodem
703 5104 861 5175 plane
890 5104 1049 5158 modo
1098 5115 1432 5173 perspectam
1464 5117 1623 5177 atque
1658 5118 1838 5163 notam
1877 5112 2044 5166 liabe—

479 5199 557 5252 bit
618 5200 935 5268 imaginem,
1002 5213 1111 5266 quo
1168 5200 1326 5263 alter,
1383 5200 1474 5268 qui
1535 5201 1710 5268 ipsum
1771 5206 2044 5273 cognovit,

494 5294 756 5363 juomodo
808 5303 985 5345 autem
1027 5290 1146 5343 aliis
1198 5292 1266 5346 ad
1314 5292 1415 5347 hoc
1450 5303 1503 5345 ut
1548 5294 1679 5360 sint,
1720 5311 1825 5349 non
1877 5300 2048 5366 prosit

475 5387 779 5455 quippiam,
831 5395 889 5439 ut
936 5385 1149 5439 etiamsi
1207 5385 1260 5438 in
1318 5385 1424 5440 illis
1480 5386 1610 5455 ipsis
1649 5402 1757 5440 non
1808 5390 1898 5455 sit,
1953 5392 2045 5444 sed

480 5493 644 5530 causa
700 5486 877 5531 tamen
934 5478 1003 5530 sit
1052 5476 1313 5530 illorum?
1358 5478 1621 5532 Praeterea
1676 5480 1894 5549 inquit,
1932 5479 2048 5534 Non

482 5568 656 5620 solum
703 5584 883 5622 rerum
917 5570 1250 5633 sensibilium
1288 5572 1613 5638 exemplaria
1649 5582 1777 5626 sunt
1809 5572 2045 5641 species,

483 5657 576 5708 sed
620 5658 779 5711 etiam
829 5660 913 5713 sui
939 5660 1200 5729 ipsarum,
1238 5663 1378 5717 sicut
1405 5678 1574 5731 genus
1607 5680 1793 5718 carum
1843 5664 2049 5735 Specie-

2143 3095 2281 3153 είναί
2309 3116 2392 3153 σοι
2422 3099 2482 3153 τὸ
2529 3097 2769 3152 τοιοῦτον
2807 3097 2977 3151 αἴτιον
3020 3098 3185 3162 δοκεῖ,
3234 3096 3393 3150 τοῦτο
3449 3098 3548 3166 μέν
3611 3115 3709 3151 που

2144 3191 2460 3258 σαφέστατα
2493 3189 2595 3243 οὐκ
2625 3189 2776 3243 ἐστιν
2818 3191 3013 3252 αἴτιον,
3037 3187 3153 3243 ἀλλ’
3198 3188 3357 3260 ἔργον
3417 3188 3483 3241 ἂν
3529 3189 3709 3259 ἐτέρου

2140 3299 2235 3334 του
2269 3284 2355 3352 είη
2377 3282 2555 3336 αίτίου
2581 3283 2673 3336 καὶ
2710 3281 3079 3349 ἀποτέλεσμα,
3143 3279 3343 3350 ῶσπερ
3379 3298 3485 3334 που
3543 3284 3638 3333 καὶ
3679 3283 3709 3350 ἡ

2142 3374 2354 3444 ἑκάστῳ
2392 3373 2491 3445 ὕλη
2523 3375 2624 3444 τῆς
2657 3374 2750 3428 τοῦ
2782 3375 2981 3436 παντὸς
3007 3373 3243 3443 οὐρανοῦ
3293 3372 3425 3442 ὕλης
3485 3374 3713 3439 ἀπόκρι-

2143 3468 2221 3538 μά
2248 3484 2307 3520 τε
2330 3469 2424 3521 καὶ
2474 3468 2845 3535 ἀποτέλεσμα.
2885 3463 3076 3533 Ἦμεῖς
3134 3463 3342 3537 μέντοι,
3378 3463 3588 3533 ἐροῦσι,
3633 3463 3708 3531 τῷ

2142 3559 2241 3629 μὲν
2272 3560 2489 3612 πάντων
2513 3558 2721 3628 βασιλεί
2754 3555 2872 3627 Θεῷ
2903 3556 2966 3608 τὸ
2989 3553 3201 3608 τελικόν
3222 3571 3279 3607 τε
3313 3554 3711 3625 καὶκράτιστον

2138 3653 2248 3704 τῶν
2279 3651 2474 3705 αἰτιῶν
2504 3650 2849 3713 ἀποδιδόντες
2874 3645 3034 3713 εἶδος,
3064 3646 3166 3700 οὐκ
3187 3648 3282 3701 ἐπὶ
3314 3651 3435 3711 ταῖς
3464 3649 3707 3717 κινήσεσι

2143 3744 2301 3814 μόνον
2331 3743 2468 3798 ἀλλά
2495 3744 2587 3797 καὶ
2613 3746 2729 3806 ταῖς
2753 3743 2960 3807 οὐσίαις
3012 3743 3105 3797 καὶ
3132 3744 3244 3805 τοῖς
3275 3740 3394 3798 οὖσι
3449 3746 3601 3797 πᾶσι.
3636 3742 3713 3795 Τά

2138 3834 2182 3887 δ’
2209 3834 2324 3905 εἴδη
2366 3834 2540 3888 ταῦτα
2572 3834 2990 3905 παραδείγματα
3033 3840 3146 3901 τοῖς
3178 3837 3328 3890 οὖσιν
3364 3836 3711 3904 ἐφιστάντες,

2143 3926 2205 3979 τὸ
2237 3926 2292 3979 δέ
2316 3928 2415 3995 τῆς
2447 3927 2716 3996 κινήσεως
2757 3927 2985 3997 ἀρχικὸν
3020 3930 3084 3998 τῇ
3120 3930 3267 3998 ψυχῇ
3305 3930 3371 3998 τῇ
3416 3926 3569 3980 τοῦδε
3621 3925 3713 3976 τοῦ

2139 4019 2375 4089 οὐρανοῦ
2441 4019 2721 4090 ἡγουμένῃ
2746 4019 3135 4090 ἀπονέμοντες,
3172 4020 3268 4074 καὶ
3310 4021 3372 4072 τὸ
3403 4020 3586 4072 ὑλικὸν
3651 4019 3713 4087 τῇ

2139 4109 2234 4164 τοῦ
2252 4111 2449 4173 παντὸς
2486 4110 2637 4162 τοῦδε
2660 4110 2754 4163 τοῦ
2783 4110 3017 4178 οὐρανοῦ
3061 4110 3185 4183 ὕλῃ,
3219 4109 3363 4165 οὖτω
3392 4110 3580 4179 πλήρη
3607 4112 3714 4170 τοῖς

2141 4201 2260 4255 οὖσι
2297 4202 2365 4254 τὰ
2391 4201 2499 4253 τῶν
2548 4201 2738 4255 αίτιῶν
2792 4202 2910 4271 εῐδη
2949 4202 3302 4272 ἀποδίδομεν.
3363 4201 3551 4254 Ταῦτα
3623 4200 3717 4267 μέν

2142 4309 2244 4346 που
2273 4293 2323 4345 οἱ
2358 4292 2425 4344 τὰ
2449 4291 2561 4362 είδη
2605 4293 2876 4361 τιθέμενοι
2926 4293 3157 4363 φήσουσι
3216 4293 3286 4345 τὰ
3346 4292 3445 4361 μὲν
3513 4290 3715 4342 ἑαυτῶν

2149 4384 2362 4454 συνῳδὰ
2387 4386 2508 4446 ταῖς
2567 4384 2863 4453 σφετέραις
2932 4382 3255 4439 ὑποθέσεσιν
3302 4383 3713 4452 ἀποφαίνοντες,

2159 4475 2501 4547 Ἀριστοτέλη
2531 4474 2677 4527 δὲτὰ
2729 4476 2830 4544 μέν
2880 4475 3345 4545 συκοφαντοῦντα,
3380 4476 3451 4528 τὰ
3481 4474 3527 4527 δ’
3570 4472 3717 4527 οὐδὲν

2148 4567 2496 4638 περαίνοντα,
2524 4566 2593 4620 τὰ
2613 4565 2670 4619 δέ
2696 4568 2793 4620 καὶ
2824 4568 2953 4637 περὶ
2977 4567 3044 4621 τὰ
3073 4567 3325 4637 μεγίστα
3355 4565 3717 4636 ἀμαθαίνοντα

2149 4661 2481 4730 ἐλέγχοντες.
2516 4658 2640 4722 Πῶς
2666 4660 2776 4727 γὰρ
2811 4660 2873 4712 οὐ
2907 4659 3034 4732 περὶ
3088 4660 3158 4712 τὰ
3214 4661 3449 4727 μέγιστα
3507 4655 3717 4727 ἀμαθής

2161 4750 2578 4821 Ἀριστοτέλης,
2626 4751 2835 4820 συχνῶν
2867 4767 2924 4803 τε
2952 4749 3127 4802 ἄλλων
3178 4742 3253 4803 ὧν
3309 4750 3522 4818 ἔφαμεν
3560 4749 3716 4801 ἕνεκα

2152 4844 2245 4896 καὶ
2273 4843 2506 4911 μάλιστά
2531 4859 2591 4895 τε
2618 4841 2713 4894 τοῦ
2737 4843 2993 4909 μέγιστου
3039 4841 3140 4910 τῆς
3171 4841 3277 4894 τῶν
3301 4841 3488 4894 ἀϊδίων
3527 4838 3717 4893 οὐσιῶν

2150 4935 2210 4987 οὐ
2242 4934 2602 5004 παραγωγῆς,
2637 4933 2743 4985 οὐδ’
2786 4933 2873 4999 ἐφ’
2934 4932 3053 4994 ἐνὸς
3091 4931 3200 4983 τῶν
3249 4932 3465 4996 πάντων
3512 4929 3605 4984 τοῦ
3656 4946 3716 4996 γε

2151 5026 2289 5081 εἶναι
2322 5027 2482 5079 ἕνεκα
2503 5026 2798 5093 ἀναφορᾶς,
2827 5024 2924 5094 οὐχ
2969 5022 3156 5093 ὥσπερ
3188 5024 3414 5076 Πλάτων
3448 5040 3506 5076 τε
3542 5023 3632 5075 καὶ
3669 5021 3715 5073 οί

2154 5120 2284 5187 περὶ
2343 5116 2604 5170 Πλάτωνα
2660 5116 2751 5168 τὸν
2780 5116 2997 5167 πάντων
3023 5115 3247 5185 βασιλέα
3277 5114 3409 5167 Θεὸν
3438 5117 3549 5177 τοῖς
3576 5112 3717 5166 οὖσιν

2153 5201 2503 5277 ἐφιστάνιῖες,
2544 5206 2732 5261 τοῦτον
2767 5207 3101 5277 παραγωγόν
3125 5223 3183 5258 τε
3227 5206 3580 5275 παραγωγῶν
3629 5204 3717 5256 καὶ

2152 5300 2482 5371 δημιουργὸν
2507 5299 2857 5369 δημιουργῶν
2889 5297 3135 5361 ἁξοῦσιν
3173 5294 3310 5350 εἶναι
3337 5298 3491 5350 οὐδὲν
3517 5299 3597 5351 ὅτι
3626 5296 3719 5349 οὐκ

2154 5391 2243 5442 ἐπ’
2299 5393 2507 5444 ἐκεῖνον
2547 5392 2935 5461 ἀναφέροντες.
2984 5392 3219 5444 Κάκεῖνο
3266 5389 3320 5442 δὲ
3382 5391 3578 5459 ῥητέον
3633 5387 3717 5439 ἐπὶ

2155 5484 2343 5547 πᾶσιν,
2375 5484 2451 5547 ὡς
2486 5482 2711 5536 Πλάτων
2758 5483 2858 5552 μὲν
2907 5484 3016 5535 τῶν
3060 5483 3165 5552 πρὸ
3234 5481 3397 5535 αὑτοῦ
3452 5485 3565 5545 τοῖς
3624 5481 3716 5550 μὲν

2157 5577 2439 5645 ἑπόμενος,
2473 5577 2582 5637 τοῖς
2608 5573 2650 5625 δ’
2680 5574 2983 5641 ἀντιλέγων
3016 5575 3292 5643 φαίνεται.
3340 5573 3713 5643 Ἀριστοτέλης

2155 5670 2211 5722 δὲ
2258 5670 2419 5723 πᾶσιν
2471 5667 2879 5737 ἐναντιούμενος
2926 5668 3018 5720 καὶ
3063 5668 3266 5731 πάντας
3330 5667 3584 5735 κολούων,
3625 5664 3709 5716 καὶ
