3858 6202
171 325 301 387 9:39

878 326 974 385 DE
999 327 1424 389 PLATONICA
1462 329 1555 388 ΕΤ
1583 328 2135 391 ARISTOTELICA
2179 329 2733 391 PHILOSOPHIA.

3325 331 3431 393 930

159 434 289 487 οὐδ’
331 434 396 486 ἂν
426 433 532 484 τῶν
563 451 670 488 τισι
698 435 806 488 τῶν
868 438 1134 506 πρότερον
1196 439 1504 507 εἰρημένων
1546 457 1747 508 κεχρη-

1859 439 1953 491 tali
1985 447 2225 508 tempore
2274 441 2486 494 adesse.
2540 439 2715 509 Atque
2763 439 2843 492 sic
2883 453 2968 494 res
3020 440 3284 508 ejusmodi
3312 455 3430 509 qua!

163 529 342 592 μένος
367 525 473 591 εἴη,
507 525 722 593 ένδηλός
757 529 873 578 ἐστι
904 530 1006 580 κὰν
1035 529 1248 592 τούτοις
1283 531 1346 582 οὐ
1380 529 1522 583 πάνυ
1565 530 1754 598 βουλό-

165 631 344 682 μενος
392 616 625 683 φανερὸς
660 612 798 670 εἶναι
828 619 1038 688 ἑτέροις
1071 620 1390 687 εἰρημένοις
1445 620 1752 690 χρώμενος,

161 707 318 758 πάνυ
345 707 658 772 σοφιστικὸν
712 708 869 760 τοῦτο
903 710 1072 762 ποιῶν
1104 712 1197 763 καὶ
1233 712 1523 778 φιλοσόφου
1550 712 1754 780 τρόπου

161 796 626 865 ἀλλοτριώτατον,
658 796 769 852 οἷον
792 803 883 853 καὶ
905 803 1078 854 ἐκεῖνο
1104 802 1270 869 αὑτοῦ
1297 802 1357 854 τὸ
1401 803 1494 854 ἐπὶ
1525 803 1750 874 τελευτῇ

160 887 283 941 τῶν
319 888 554 954 λογικῶν
583 891 876 958 αὐχοῦντός
905 909 962 944 τε
989 893 1063 954 ὡς
1095 893 1156 945 τὸ
1205 894 1314 946 πᾶν
1345 893 1510 946 αὐτοῦ
1540 894 1624 962 εἴη
1655 896 1754 964 τῆς

167 980 408 1048 μεθόδου
439 980 639 1049 ταύτης
701 983 795 1034 καὶ⁷
833 984 1154 1049 ἐπάγοντος,
1183 982 1258 1046 ὡς
1283 984 1487 1053 ταύτης
1514 985 1616 1054 τῆς
1659 1002 1756 1054 μευ

165 1073 332 1124 Θόδου
369 1075 432 1126 οὐ
459 1075 516 1126 τὸ
547 1075 646 1141 μὲν
673 1070 760 1142 ἦν,
787 1076 848 1127 τὸ
866 1075 911 1128 δ’
939 1079 1038 1128 οὐκ
1059 1071 1146 1145 ἦν,
1173 1075 1309 1129 ἀλλὰ
1345 1077 1626 1138 παντελῶς
1656 1077 1756 1128 οὐκ

164 1159 261 1232 ἦν.
317 1167 426 1217 Καὶ
477 1166 651 1218 ταῦτα
719 1167 984 1236 Ἀρχύτου
1040 1184 1102 1220 τε
1165 1168 1274 1237 πρὸ
1335 1168 1502 1220 αὐτοῦ
1560 1168 1754 1234 λογικέι

171 1255 650 1323 συγγεγραφότος,
682 1250 758 1308 ὧν
814 1273 924 1308 τισι
954 1257 1049 1308 καὶ
1097 1257 1260 1319 αὐτὸς
1318 1257 1610 1325 κέχρηται,
1658 1258 1755 1310 καὶ

185 1347 481 1408 Πλάτωνος
509 1345 672 1398 αὐτοῦ
700 1346 861 1398 τοῦτο
886 1346 985 1415 μὲν
1008 1345 1116 1398 τῶν
1162 1346 1397 1412 λογικῶν
1428 1345 1602 1414 ἀρχὰς
1649 1361 1754 1397 πα-

178 1437 511 1504 ραδιδόντος.
541 1436 696 1490 τοῦτο
727 1437 782 1489 δὲ
814 1436 1091 1505 πανταχοῦ
1119 1441 1231 1499 τοῖς
1275 1437 1453 1504 λόγοις
1487 1436 1588 1488 οὐκ
1619 1437 1752 1492 ἄνευ

172 1529 381 1595 τέχνης
405 1526 712 1595 χρωμένου,
749 1528 844 1580 καὶ
874 1527 1048 1595 λόγων
1079 1529 1303 1597 μέθοδον
1332 1527 1624 1589 καλοῦντος
1677 1532 1754 1592 ὡς

173 1620 346 1671 οὖσαν
374 1636 436 1686 γε
465 1620 584 1687 οὐχὶ
621 1619 694 1688 μὴ
736 1618 900 1671 οὖσαν
931 1618 1051 1671 οὐδὲ
1082 1620 1158 1682 ὡς
1183 1620 1392 1672 οὐδέπω
1425 1619 1750 1688 εὑρημένην

176 1710 320 1760 ἀλλὰ
343 1710 438 1762 καὶ
461 1712 601 1762 πάνυ
635 1711 697 1777 δὴ
729 1713 784 1762 ὲν
815 1712 1012 1780 χρήσει
1043 1707 1227 1764 οὖσαν.
1262 1713 1328 1764 Τί
1351 1707 1443 1764 οὖν
1497 1712 1564 1764 ἂν
1617 1711 1750 1779 φαίη

1857 529 2116 597 quidem,
2187 532 2231 584 si
2291 531 2385 584 uni
2458 530 2742 598 eidemque
2789 530 3058 584 diceretur
3095 533 3430 599 contingere,

1859 631 1920 675 ut
1970 623 2133 676 unius
2187 621 2535 690 ejusdemque
2595 631 2738 676 esset
2800 631 2855 674 et
2907 622 3084 691 imago
3133 632 3183 676 et
3239 638 3424 677 exeni-

1856 712 2019 780 plar,
2087 722 2200 765 tum
2270 723 2415 767 certe
2479 712 2774 768 absurdum
2812 712 2932 776 ,hoc
2989 722 3154 772 esset.
3186 714 3260 767 'et
3326 714 3422 767 mi-

1855 804 2001 858 nime
2019 803 2210 858 rationi
2233 810 2685 868 consentaneum,
2707 815 2961 872 tanquam
2990 805 3034 858 si
3061 819 3227 858 unum
3261 805 3427 860 idem-

1855 909 1962 962 que
2029 895 2239 948 dicatur
2295 908 2416 948 esse
2474 909 2580 948 una
2636 896 2935 970 eademque
3009 911 3067 949 re
3127 895 3292 950 simul
3373 906 3428 950 et

1856 986 2032 1052 majus
2066 994 2118 1040 et
2148 985 2327 1039 minus
2361 1002 2374 1038 :
2414 1001 2559 1040 nunc
2585 996 2766 1040 autem
2808 987 2936 1055 quid
2971 987 3224 1055 prohibet
3258 1003 3428 1041 unum

1855 1072 2110 1140 idemque
2177 1073 2404 1128 alterius
2461 1089 2582 1128 esse
2637 1075 2955 1144 imaginem,
3011 1077 3236 1131 alterius
3295 1091 3426 1132 vero

1854 1163 2169 1232 exemplar?
2203 1163 2395 1218 Annon
2432 1175 2624 1219 statuae
2657 1166 2961 1234 cujuspiam
2988 1183 3108 1237 qua:
3139 1169 3252 1236 ipsa
3287 1183 3428 1236 quo-

1854 1269 1960 1322 que
1984 1255 2162 1324 imago
2187 1265 2292 1318 est,
2325 1255 2484 1309 aliam
2512 1258 2636 1310 item
2661 1257 2950 1326 imaginem
2984 1259 3158 1327 pictor
3186 1259 3429 1314 efficiet?

1855 1341 1922 1396 Et
1947 1357 2123 1397 nonne
2149 1344 2391 1412 ejusdem
2446 1354 2638 1401 stature
2666 1347 2717 1401 in
2752 1362 2890 1417 aqua
2923 1349 3274 1403 simulacrum
3320 1351 3427 1404 ali-

1853 1434 1998 1501 quod
2027 1433 2315 1488 reddetur?
2345 1437 2520 1505 Atque
2554 1439 2667 1493 haec
2705 1440 2920 1508 quidem
2970 1440 3269 1508 impostura
3301 1439 3428 1492 Ari-

1854 1525 2065 1580 stotelis
2099 1535 2181 1580 est
2233 1527 2576 1595 huiusmodi.
2607 1530 2975 1585 Transeamus
3000 1546 3128 1586 vero
3163 1532 3229 1585 ad
3260 1533 3420 1587 aliam

1856 1615 2024 1683 ipsius
2050 1618 2338 1671 rationem.
2375 1618 2662 1684 Praeterea,
2699 1621 2890 1689 inquit,
2922 1622 3136 1676 etiamsi
3169 1623 3272 1676 sint
3306 1638 3429 1692 spe-

1855 1705 1988 1763 cies.
2017 1723 2120 1759 non
2157 1719 2334 1761 tamen
2371 1709 2505 1762 ﬁunt
2534 1725 2596 1764 ea
2629 1727 2750 1779 quae
2776 1713 2932 1776 ﬁunt,
2967 1715 3070 1768 nisi
3102 1714 3174 1768 sit
3200 1714 3426 1782 aliquid,

175 1819 264 1861 τις
292 1819 304 1864 ;
337 1804 438 1854 οὐκ
461 1802 586 1866 ἄξια
613 1804 678 1855 τὰ
704 1803 1104 1870 Ἀριστοτέλους
1136 1803 1312 1873 βιϐλία
1341 1803 1606 1870 μετιέναι;
1637 1802 1748 1854 Καὶ

1859 1799 1998 1866 quod
2031 1808 2264 1854 moveat.
2292 1799 2356 1854 Et
2382 1801 2548 1854 multa
2583 1803 2716 1856 ﬁunt
2769 1802 2895 1867 alia,
2928 1813 2985 1857 ut
3017 1805 3209 1858 domus
3235 1815 3290 1859 et
3326 1820 3429 1858 an-

181 1893 349 1953 πὰνυ,
367 1891 472 1944 τῶν
486 1909 546 1958 γε
566 1893 623 1944 ιν
641 1893 821 1955 αὐτοῖς
839 1891 1122 1961 χρησίμων
1143 1893 1325 1954 ἕνεκα,
1345 1891 1550 1945 alo/nuc
1568 1891 1753 1958 μέντοι

178 1983 260 2043 ὡς
288 1983 453 2050 συχνὰ
482 1983 663 2044 αὐτοῖς
692 1986 784 2034 καὶ
817 1983 996 2051 φαῦλα
1026 1981 1522 2051 ἐγκαταμέμικται.

184 2094 327 2141 rum,
366 2094 486 2146 quae
522 2095 710 2133 rursus
754 2079 930 2134 locum
992 2079 1239 2135 obtinent
1281 2077 1516 2145 generis.
1548 2076 1625 2129 lta
1685 2089 1750 2127 ea

182 2184 306 2236 quie
342 2185 482 2223 nunc
505 2170 648 2224 dicta
682 2180 830 2246 sunt,
862 2185 969 2224 non
1005 2177 1182 2224 autem
1209 2177 1427 2238 propter
1457 2169 1601 2236 ipsas
1628 2180 1755 2233 spe-

181 2258 318 2314 cies.
347 2260 450 2313 Sed
489 2276 555 2313 ne
581 2262 679 2314 ista
703 2262 917 2328 quidem
955 2260 990 2314 ii
1022 2261 1111 2328 qui
1142 2260 1351 2328 species
1382 2260 1751 2320 constituunt,

182 2352 486 2404 concedent
503 2352 620 2404 sine
643 2353 757 2405 suis
776 2352 1174 2420 exemplaribus
1199 2351 1308 2403 ﬁeri
1341 2349 1554 2403 etiamsi
1579 2365 1670 2417 per
1697 2363 1754 2401 se

182 2454 298 2493 non
338 2440 654 2495 consistant.
689 2442 847 2495 Fiunt
875 2443 1016 2495 enim
1056 2457 1149 2511 per
1180 2443 1290 2502 illa,
1321 2455 1441 2510 quae
1472 2441 1525 2493 in
1556 2441 1755 2494 animis

185 2529 523 2600 singulorum
554 2532 805 2599 opiﬁcum
839 2542 996 2586 antea
1021 2543 1147 2586 sunt
1174 2540 1458 2600 concepta,
1485 2530 1756 2599 exempla-

191 2620 293 2672 ria.
327 2618 446 2690 (σν.
475 2621 571 2674 col.
600 2620 704 2675 925
727 2621 788 2691 C)
815 2623 1036 2691 Oportet
1059 2633 1260 2686 autem,
1290 2623 1491 2683 dicent,
1511 2623 1672 2674 etiam
1691 2636 1755 2674 ea

187 2727 311 2780 qua:
338 2721 528 2764 natura
550 2712 680 2765 ﬁunt
707 2727 810 2766 non
834 2714 1008 2767 solum
1028 2729 1132 2766 non
1156 2714 1439 2767 deterioris
1462 2727 1636 2766 causa:
1655 2726 1752 2765 usu

194 2802 618 2870 ministerioque,
647 2818 808 2872 quam
843 2804 1136 2857 artiﬁciosa
1167 2804 1356 2858 isthmc
1391 2802 1531 2866 ﬁeri,
1566 2807 1659 2856 sed
1687 2815 1754 2854 ne

190 2895 414 2962 mqualis
440 2895 686 2964 quidem,
725 2895 834 2950 imo
864 2897 1064 2964 potius,
1094 2911 1215 2964 qua!
1263 2905 1391 2951 sunt
1423 2896 1755 2964 praestantis-

193 2989 344 3042 simae
387 2989 628 3042 melioris
671 2988 831 3042 etiam
869 3005 1048 3043 causa:
1088 3005 1185 3043 usu
1233 2990 1426 3045 conﬁci
1459 2997 1756 3044 consenta-

194 3094 376 3132 neum.
433 3079 558 3147 Sed,
595 3080 737 3135 dicet
797 3080 1026 3136 forsitan
1081 3081 1421 3144 Aristoteles,
1463 3082 1518 3133 in
1577 3089 1757 3133 mente

1857 1890 2038 1952 nulus,
2081 1905 2314 1958 quorum
2344 1905 2463 1946 esse
2493 1893 2705 1960 species
2739 1905 2958 1963 negant,
2997 1905 3052 1948 ut
3093 1897 3164 1949 ita
3206 1897 3273 1950 sit
3305 1911 3425 1964 per-

1852 1983 2124 2047 spicuum,
2192 1981 2356 2036 licere
2406 1983 2570 2036 etiam
2623 1983 2713 2037 illa
2763 2000 2998 2054 quorum
3059 2002 3180 2042 esse
3237 1989 3426 2041 dicunt

1856 2076 2004 2129 ideas
2035 2085 2088 2130 et
2118 2091 2239 2132 esse
2269 2086 2322 2131 et
2352 2077 2464 2132 ﬁeri
2494 2081 2693 2134 talibus
2727 2081 2794 2134 de
2827 2083 3030 2145 causis,
3077 2083 3144 2137 de
3174 2083 3427 2150 qualibus

1856 2169 2178 2223 naturaliter
2243 2169 2379 2222 ﬁunt
2431 2179 2595 2235 atque
2630 2186 2659 2224 a
2687 2173 2802 2224 sole
2851 2171 3067 2239 penitus
3101 2187 3208 2226 non
3248 2173 3428 2226 absol-

1855 2269 2076 2320 vuntur,
2106 2275 2172 2312 ne
2199 2273 2227 2313 a
2259 2260 2452 2328 seipsis
2501 2262 2720 2331 quidem
2758 2263 3138 2331 perﬁciuntur.
3211 2263 3420 2317 Nullam

1856 2351 1999 2402 enim
2040 2351 2338 2418 potentiam
2367 2354 2419 2406 in
2456 2363 2636 2407 actum
2683 2356 2975 2422 procedere
3005 2355 3108 2408 nisi
3151 2355 3218 2408 ab
3253 2357 3425 2409 altero

1857 2441 2110 2510 quopiam
2140 2451 2260 2495 actu
2291 2442 2591 2512 vijquadam
2629 2445 2997 2513 protrudatur,
3027 2461 3093 2500 ne
3115 2461 3201 2513 lue
3235 2461 3424 2503 rursus

1858 2533 1908 2585 id
1937 2533 2077 2600 quod
2111 2534 2224 2586 sola
2265 2534 2315 2587 vi
2351 2534 2552 2588 latente
2575 2535 2688 2590 sive
2717 2537 2953 2604 potentia
2983 2538 3292 2592 absolutum
3320 2551 3424 2600 est.
3449 2589 3454 2594 .

1858 2621 1910 2674 id
1941 2623 2103 2676 etiam
2138 2624 2313 2692 reipsa
2343 2624 2651 2678 absolutum
2689 2629 2938 2686 eradere,
2975 2628 3081 2680 nisi
3115 2630 3182 2682 ab
3246 2631 3421 2683 altero

1858 2714 2134 2781 quopiam,
2170 2718 2316 2783 quod
2364 2718 2435 2770 sit
2464 2716 2639 2784 reipsa
2669 2717 2981 2784 perfectius,
3016 2729 3421 2787 promereatur.

1859 2801 1954 2857 His
1979 2803 2046 2857 de
2069 2806 2249 2860 causis
2276 2822 2396 2874 nos,
2427 2808 2541 2876 (Cr.
2575 2811 2676 2863 col.
2707 2809 2810 2864 9‘28
2845 2811 2908 2876 Α)
2944 2811 3212 2880 inquient,
3245 2823 3424 2867 actum

1859 2892 2034 2961 illum,
2059 2912 2169 2965 quo
2229 2900 2350 2951 talia
2381 2910 2507 2953 tunc
2547 2901 2724 2957 solent
2762 2902 2971 2970 perﬁci,
3001 2904 3284 2971 speciebus
3320 2905 3430 2958 illis

1859 2996 2021 3053 atque
2045 2989 2469 3057 exemplaribus.
2508 2992 2572 3044 Et
2603 2980 2697 3044 has
2719 3007 2745 3044 a
2776 2991 2939 3046 rebus
2965 2994 3312 3048 sensibilibus
3337 3009 3429 3048 se-

1861 3089 2076 3145 paratas
2117 3079 2326 3146 species
2357 3079 2606 3134 bifariam
2649 3082 3063 3151 distinguentes,
3102 3093 3213 3137 tum
3251 3084 3304 3138 in
3339 3099 3430 3138 eas

193 3172 320 3225 solis
366 3171 527 3225 etiam
582 3171 830 3233 istarum,
893 3187 1011 3236 qua:
1071 3183 1391 3230 nascuntur.
1426 3171 1754 3238 exemplaria
1787 3169 1828 3225 C
1861 3183 1982 3236 qua:
2010 3182 2104 3235 per
2140 3182 2200 3222 se
2227 3169 2291 3226 ad
2319 3169 2595 3224 eﬁicienda
2619 3185 2784 3238 Opera
2809 3181 2936 3226 sunt
2965 3174 3191 3236 idoneae,
3225 3183 3336 3226 tum
3374 3173 3428 3226 in

194 3265 478 3329 contineri,
511 3280 606 3320 nec
638 3264 760 3318 ullis
779 3273 1034 3332 prieterea
1071 3265 1309 3334 indigere
1330 3262 1755 3332 exemplaribus,

193 3373 311 3424 qua:
338 3371 429 3424 per
463 3358 639 3424 Seipsa
670 3357 995 3410 consistant.
1025 3356 1250 3410 Constat
1281 3355 1425 3410 enim
1454 3355 1521 3408 ab
1553 3355 1763 3407 Aristo-

193 3450 297 3502 tele
326 3449 493 3503 solem
527 3451 894 3518 generationis
942 3463 1130 3502 eorum
1168 3463 1288 3516 qua:
1343 3447 1500 3511 ﬁunt,
1537 3459 1756 3498 causam

195 3540 470 3592 constitui.
501 3539 538 3592 li
573 3540 752 3609 igitur,
784 3540 876 3608 qui
903 3542 1110 3607 species
1132 3539 1472 3592 constituunt
1497 3536 1759 3588 adversus

196 3631 318 3698 ista,
343 3631 446 3685 hoc
468 3631 666 3694 dicent,
699 3631 772 3684 lta
800 3632 1039 3700 quidem,
1065 3632 1108 3683 si
1133 3630 1458 3694 videremus,
1489 3643 1520 3681 ο
1550 3627 1760 3681 Aristo-

195 3725 344 3789 teles,
371 3725 483 3777 haec
516 3723 808 3777 artiﬁciosa
839 3738 869 3776 a
901 3722 1014 3775 suis
1043 3721 1344 3776 artiﬁcibus
1376 3721 1563 3775 eodem
1599 3719 1760 3772 modo

198 3817 331 3882 ﬁeri,
363 3833 470 3886 quo
502 3817 588 3871 illa
625 3814 890 3870 naturalia
918 3829 946 3867 a
979 3815 1093 3868 sole
1125 3815 1442 3882 gignuntur,
1472 3823 1584 3864 tum
1623 3825 1756 3865 sane

197 3909 298 3963 tuis
328 3909 504 3963 verbis
531 3909 685 3961 ﬁdem
733 3907 1058 3961 haberemus
1085 3921 1099 3970 ;
1131 3920 1272 3958 nunc
1304 3911 1481 3958 autem
1514 3904 1758 3957 videmus

196 4000 482 4055 artiﬁciosa
509 4000 715 4064 isthaac,
748 3998 1007 4068 quamdiu
1035 4006 1332 4067 praesentes
1367 3996 1567 4050 habent
1622 3997 1758 4050 arti-

197 4092 340 4156 ﬁces,
387 4092 454 4145 ah
507 4092 809 4159 iisdemque
866 4103 1024 4142 manu
1080 4086 1444 4153 attinguntur,
1496 4085 1761 4151 tantisper

194 4185 492 4252 proﬁcere.
544 4194 595 4236 et
658 4183 724 4237 ad
795 4181 1182 4251 perfectionem
1243 4179 1759 4246 absolutionemque

195 4289 341 4327 suam
381 4273 620 4335 tendere.
649 4273 793 4342 quod
819 4273 864 4325 si
911 4270 1049 4326 forte
1098 4271 1371 4333 inchoata,
1428 4270 1759 4338 dimidiaque

196 4366 380 4419 saltem
413 4380 474 4418 ex
508 4375 659 4433 parte
711 4363 980 4428 absoluta,
1017 4363 1398 4432 relinquantur
1430 4361 1497 4415 ab
1526 4361 1756 4414 artiﬁci-

197 4458 314 4520 bus,
351 4472 454 4508 non
480 4455 587 4524 jam
617 4455 888 4522 acceptius
920 4453 1218 4522 quidquam
1255 4453 1584 4523 promoveri,
1643 4461 1759 4505 tan-

196 4565 354 4617 quam
405 4547 793 4602 anferentilus.
857 4547 1055 4599 Eorum
1098 4554 1278 4599 autem
1336 4558 1510 4613 quaea
1562 4552 1766 4596 natura

197 4645 329 4693 fiunt
357 4640 610 4706 pleraque
638 4639 882 4693 videmus
912 4639 1073 4691 etiam
1143 4637 1430 4691 recedente
1474 4636 1584 4690 sole
1627 4633 1762 4688 nihil

197 4729 547 4783 nihilominus
576 4729 756 4797 perﬁci
804 4739 859 4782 et
889 4729 952 4782 ad
986 4728 1382 4782 absolutionem
1447 4742 1600 4781 suam
1635 4741 1760 4794 pro-

196 4824 363 4891 gredi,
403 4822 452 4874 id
483 4823 624 4889 quod
653 4821 884 4873 maxime
918 4820 969 4873 iu
1006 4819 1072 4873 iis
1098 4825 1152 4871 et
1172 4819 1427 4871 arborum
1459 4827 1511 4870 et
1545 4817 1758 4884 frugum

193 4911 476 4980 generibus
502 4919 722 4979 apparet
757 4927 876 4978 qua:
929 4909 1039 4962 cito
1070 4908 1443 4962 absolvuntur.
1493 4907 1567 4961 Ea
1613 4923 1766 4960 nam-

192 5015 296 5068 que
328 5015 432 5053 non
468 4999 645 5052 minus
679 5009 837 5051 noctu
891 5012 1052 5064 quant
1123 4994 1368 5047 interdiu
1402 4993 1650 5046 videmus
1683 4994 1764 5044 in-

193 5101 518 5144 crementum
547 5091 790 5157 accipere
813 5097 979 5155 atque
1001 5086 1206 5155 perﬁci.
1244 5086 1391 5138 Illam
1420 5089 1604 5152 itaque
1629 5085 1761 5138 solis

195 5192 422 5235 mentem
458 5181 620 5244 hujus
680 5179 1054 5246 perfectionis,
1086 5193 1205 5245 quae
1238 5178 1328 5229 tali
1384 5177 1441 5227 ﬁt
1494 5185 1757 5244 tempore,

195 5287 297 5324 non
349 5286 509 5339 posse
552 5285 772 5323 causam
839 5268 1122 5330 constitui,
1169 5282 1342 5334 neque
1402 5268 1544 5319 enim
1596 5265 1757 5318 etiam

194 5364 568 5430 partieipautes
621 5362 740 5414 illas
792 5370 995 5413 mentes
1027 5360 1143 5412 sine
1175 5361 1290 5413 suis
1325 5375 1446 5428 qua
1479 5357 1587 5411 sibi
1629 5372 1762 5411 cou-

189 5453 366 5520 juncta
394 5451 611 5513 habent,
644 5450 963 5517 corporibus
995 5449 1290 5516 quidquam
1325 5448 1538 5502 ellicere
1589 5461 1760 5516 posse

199 5544 248 5594 in
279 5543 480 5612 reliqua
510 5560 758 5612 corpora.
793 5542 1018 5596 Cunctis
1052 5558 1195 5596 enim
1228 5543 1548 5610 corporibus
1575 5551 1626 5595 et
1649 5545 1756 5595 situ

199 5635 370 5702 aliquo
392 5646 444 5688 et
475 5636 642 5703 figura
673 5652 808 5703 opus
847 5652 989 5698 esse,
1025 5651 1093 5689 ad
1135 5651 1196 5690 ca
1223 5652 1342 5704 qua:
1372 5644 1496 5689 sunt
1529 5651 1758 5702 passura

200 5725 412 5795 aliquid,
451 5728 642 5781 horum
677 5738 854 5781 autem
888 5729 1021 5781 nihil
1055 5728 1158 5783 soli
1219 5727 1285 5782 ad
1338 5728 1426 5783 illa
1481 5727 1751 5781 naturalia

1864 3258 2022 3322 alias,
2049 3274 2169 3327 qua:
2190 3259 2420 3326 idipsum
2459 3275 2564 3315 non
2627 3273 2857 3330 possunt
2920 3264 3191 3328 similiter,
3221 3265 3430 3332 priores

1864 3349 1984 3402 illas
2005 3350 2193 3403 harum
2221 3367 2401 3405 rerum
2427 3354 2881 3422 sempiternarum
2905 3372 3027 3424 quae
3051 3362 3232 3411 sensui
3251 3358 3432 3426 subje-

1863 3449 1964 3494 cta:
1986 3449 2115 3495 sunt
2144 3456 2334 3496 causas
2371 3452 2425 3497 et
2446 3446 2770 3514 exemplaria
2802 3447 3223 3501 constituimus:
3270 3449 3432 3502 hasce

1862 3549 1989 3588 vero
2011 3536 2335 3604 posteriores
2363 3551 2542 3590 rerum
2569 3552 2688 3606 qua:
2707 3540 2789 3592 hic
2809 3549 2941 3592 sunt
2960 3540 3426 3605 corruptibilium,

1863 3629 2034 3697 ipsius
2065 3627 2285 3697 quidem
2327 3629 2456 3684 solis
2485 3646 2584 3697 ope
2616 3632 2930 3700 auxilioque
2962 3632 3288 3701 indigentes,
3333 3633 3429 3701 qui

1863 3720 1995 3788 ipsis
2052 3722 2334 3774 materiam
2381 3721 2683 3788 admoveat,
2735 3722 2825 3776 ubi
2883 3737 3010 3776 vero
3059 3721 3336 3778 materiam
3395 3737 3426 3774 a

1862 3815 1976 3868 sole
2016 3813 2346 3882 acceperint,
2395 3814 2544 3882 ipsas
2593 3830 2812 3884 quoque
2866 3831 2960 3884 per
3002 3830 3061 3870 se
3107 3817 3212 3868 vim
3269 3831 3426 3870 exero

1861 3914 2048 3960 centes
2093 3905 2146 3958 in
2194 3907 2360 3959 illam.
2403 3903 2591 3973 Neque
2634 3920 2762 3960 vero
2821 3921 3020 3960 novum
3073 3908 3429 3976 philosophia

1863 4011 2034 4065 genus
2061 3995 2414 4063 jinducimus,
2469 3998 2735 4065 inquient,
2785 4012 2960 4066 neque
2999 4014 3168 4052 novas
3209 4014 3427 4064 causas,

1863 4097 1924 4141 ut
1966 4098 2020 4140 tu
2061 4087 2218 4152 dicis,
2250 4097 2581 4150 scrutamur,
2625 4089 2717 4142 sed
2750 4103 3035 4142 causarum
3085 4092 3267 4157 potius
3315 4091 3428 4156 ple-

1862 4189 1994 4228 num
2023 4175 2442 4244 absolutumque
2468 4191 2756 4230 numerum
2787 4177 2949 4231 rebus
2974 4192 3092 4245 qua:
3118 4186 3244 4232 sunt
3271 4179 3425 4230 attri-

1863 4267 2097 4330 buimus,
2166 4281 2326 4335 quem
2402 4277 2455 4320 tu
2533 4267 2912 4335 imperfectum
2991 4269 3430 4337 diminutumque

1861 4356 2061 4410 reddis.
2097 4357 2230 4410 Cum
2267 4358 2410 4411 enim
2441 4367 2494 4410 tu
2525 4359 2649 4412 item
2683 4373 2880 4412 causas
2902 4358 2954 4412 in
2984 4370 3217 4427 quatuor
3234 4375 3425 4427 genera

1863 4448 2092 4511 dividas,
2118 4448 2279 4502 trium
2315 4449 2530 4517 quidem
2561 4462 2724 4516 opera
2750 4449 2910 4504 etiam
2947 4452 3063 4519 ipse
3099 4451 3174 4504 uti
3205 4449 3424 4512 videris,

1867 4550 1979 4594 tum
2009 4539 2217 4602 ﬁnalis.
2262 4549 2375 4593 tum
2409 4541 2526 4607 ejus
2549 4555 2669 4608 qua:
2711 4539 2922 4594 initium
2948 4541 3193 4595 movendi
3227 4543 3426 4610 prabet

1865 4633 2180 4696 materialis,
2237 4631 2480 4687 formalis
2527 4642 2704 4687 autem
2739 4649 2859 4702 quae
2890 4634 3112 4704 ,reliqua
3150 4643 3251 4696 est,
3301 4647 3428 4685 nus-

1864 4739 2025 4793 quam
2074 4723 2317 4777 omnino.
2357 4722 2489 4776 Nam
2529 4725 2573 4778 si
2621 4724 2912 4793 cujuslibet
2959 4726 3033 4779 rei
3080 4725 3260 4779 sensui
3296 4723 3426 4777 sub-

1861 4814 2019 4884 jectae
2051 4813 2286 4881 speciem
2328 4814 2442 4866 sive
2471 4813 2724 4881 formam,
2757 4815 3022 4884 ejusmodi
3053 4830 3171 4868 esse
3202 4829 3419 4867 causam

1864 4905 2090 4966 dixeris,
2124 4905 2211 4958 illa
2238 4920 2369 4958 sane
2403 4905 2846 4960 manifestissime
2877 4922 2980 4959 non
3009 4913 3090 4958 est
3111 4919 3294 4966 causa,
3329 4903 3421 4956 sed

1863 4991 2086 5045 alterius
2107 4992 2408 5059 cujuspiam
2433 5008 2611 5046 causae
2636 4993 2859 5048 eﬁ‘cctus
2880 4995 2993 5047 sive
3012 5007 3163 5060 opus.
3181 4991 3290 5044 Nos
3305 4990 3420 5056 qni-

1863 5085 2009 5148 dem,
2028 5083 2229 5147 dicent,
2259 5085 2408 5146 (ibid.
2428 5083 2488 5148 C)
2515 5087 2674 5139 linem
2695 5086 3047 5155 ipsunt,quod
3075 5092 3156 5136 est
3183 5083 3416 5134 omnium

1863 5187 2152 5227 causarum
2218 5174 2724 5240 praestantissimum
2789 5189 2957 5242 genus
3011 5187 3116 5224 non
3177 5176 3413 5223 motuum

1864 5263 2060 5328 solum,
2087 5263 2180 5317 sed
2214 5265 2374 5317 etiam
2407 5265 2764 5318 essentiaruin
2795 5275 2847 5318 et
2881 5263 3118 5316 omnium
3158 5273 3418 5328 quaecun-

1863 5369 1968 5422 que
1996 5363 2142 5415 suut,
2177 5370 2394 5410 summo
2423 5357 2495 5409 illi
2531 5369 2708 5410 rerum
2741 5355 2952 5422 praesidi
2984 5363 3144 5420 atque
3177 5354 3279 5418 regi
3307 5349 3416 5401 Deo

1864 5447 2237 5511 attribuintus,
2269 5448 2480 5515 species
2506 5458 2683 5502 autem
2720 5448 2835 5502 illas
2867 5446 2980 5500 sive
3007 5446 3202 5496 formas
3237 5433 3415 5493 rerum

1861 5556 1980 5608 qua:
1997 5551 2123 5593 sunt
2147 5541 2475 5607 exemplaria
2500 5541 2913 5601 constituimus;
2942 5546 2995 5590 at
3029 5548 3246 5588 causam
3273 5530 3415 5584 illam

1861 5649 1980 5701 quae
2030 5633 2278 5684 ιιιονι-ιιιιί
2317 5633 2527 5685 initium
2559 5633 2784 5702 praebet,
2815 5631 3003 5682 animae
3039 5628 3110 5680 illi
3136 5639 3255 5694 quae
3290 5623 3416 5676 huic

1862 5725 2000 5780 uelo
2040 5723 2290 5792 praelecta
2317 5733 2419 5788 est,
2447 5722 2774 5777 matetialeni
2805 5721 3052 5783 denique,
3089 5717 3320 5771 matr-rite
3347 5727 3414 5766 ex
