3858 6202
547 328 651 393 931

1666 322 1669 329 ί
1757 316 2089 380 GEORGII
2130 274 2573 376 PLE’l‘HONlS
3608 314 3682 376 932

550 451 659 506 qua
679 437 986 491 universum
1005 429 2123 499 hocconstatcoelum,assignamus,atque
2150 452 2195 507 Α
2221 427 2489 494 quosdam
2529 440 2595 479 ex
2641 423 2913 479 veteribus
2962 430 3237 485 secutum,
3278 421 3559 490 quibusdam
3593 440 3682 480 vero

551 534 631 581 ste
646 526 810 581 rebus
828 538 948 593 qua:
968 532 1092 578 sunt
1114 523 1266 593 plena
1289 522 1563 577 reddimus
1578 535 1775 590 genera
1796 533 2112 574 causarum.

553 615 701 669 Talia
743 617 924 683 itaque
962 614 1143 668 dicent
1173 612 1289 684 (Gr.
1314 612 1544 667 eol.928
1577 610 1639 680 C)
1685 611 1721 665 ii
1776 613 1868 680 qui
1906 610 2118 679 species

551 700 891 760 constituunt
926 715 1274 760 occurrentes
1305 704 1707 774 objectionibus
1734 700 2121 765 Aristotelieis,

552 797 642 852 ubi
680 812 812 852 sane
855 812 885 851 a
919 797 1037 852 suis
1066 798 1310 866 ipsorum
1339 795 1618 864 principiis
1649 790 1757 848 non
1797 794 2115 862 discrepant

551 889 870 956 quidquam,
913 888 1257 942 Aristotelem
1313 896 1497 955 autem
1547 885 1880 939 convincunt
1920 885 2115 952 partim

552 978 859 1040 calumniis,
893 978 991 1043 uti,
1018 978 1210 1045 partim
1236 991 1357 1044 ‘non
1381 976 1435 1029 id
1457 976 1723 1030 conﬁcere
1760 975 1905 1043 quod
1937 972 2113 1038 vellet,

550 1078 667 1123 tum
711 1071 951 1122 maxime
988 1070 1176 1137 ipsum
1211 1069 1265 1122 in
1313 1068 1502 1122 multis
1549 1065 1912 1135 ignorantiam
1957 1078 2115 1118 suam

557 1159 810 1227 prodere.
850 1158 918 1211 Et
964 1172 1197 1226 quanam
1230 1158 1448 1212 tandem
1500 1158 1710 1211 ratione
1742 1153 2119 1223 reprehensio-

555 1262 675 1299 nem
709 1247 1027 1314 ignorantiae
1056 1246 1275 1317 ell‘ugiet
1298 1247 1618 1301 Aristoteles
1645 1246 1703 1300 in
1733 1249 1895 1301 rebus
1925 1245 2115 1298 mni-

555 1337 663 1391 mis
691 1345 745 1392 et
790 1338 976 1392 multis
1016 1338 1157 1400 aliis,
1183 1340 1317 1407 lquae
1340 1338 1455 1407 jam
1491 1338 1839 1393 recitavimus
1872 1346 1926 1391 et
1958 1351 2116 1390 cum-

554 1427 765 1495 primis,
822 1427 966 1495 quod
1032 1428 1384 1498 sempiternis
1437 1429 1688 1485 essentiis
1741 1429 1855 1482 sive
1905 1429 2118 1482 naturis

555 1516 765 1586 nullum
837 1527 1114 1571 auctorem
1178 1520 1292 1573 sive
1371 1530 1781 1587 propagatorem
1852 1517 2115 1586 assignet,

554 1620 736 1674 neque
796 1606 919 1661 illas
984 1622 1051 1662 ex
1124 1610 1378 1663 omnibus
1437 1610 1715 1678 cuiquam,
1776 1608 1923 1678 quod
1987 1608 2115 1671 sint,

557 1705 837 1765 acceptum
890 1696 1031 1751 ferre
1082 1698 1249 1752 velit?
1299 1699 1351 1754 id
1402 1698 1549 1767 quod
1604 1699 1757 1752 Plato
1810 1713 1916 1751 non
1966 1696 2114 1758 fecit,

556 1871 858 1939 principem
902 1873 1049 1927 illum
1101 1874 1459 1943 omniumque
1506 1892 1685 1944 regem
1738 1876 1904 1930 Deum
1961 1877 2127 1929 rebus

560 1974 680 2025 quae
726 1971 856 2015 sunt
897 1962 1275 2029 praeﬁcientes,
1315 1963 1460 2019 hunc
1505 1965 1685 2032 ipsum
1716 1965 1958 2019 omnium
1990 1965 2126 2018 alio-

560 2065 704 2112 rum,
751 2067 871 2116 quat
900 2052 1110 2121 possint
1140 2053 1342 2122 aliquid
1374 2069 1636 2123 generare
1677 2063 1885 2123 patrem
1912 2063 1966 2108 et
2000 2068 2127 2124 pro-

558 2148 859 2194 creatorem
891 2144 1136 2199 omnium
1166 2158 1507 2212 quaecunque
1534 2144 1761 2201 consilio
1792 2144 2126 2212 certoquip-

560 2227 704 2295 piam
744 2228 979 2284 elIiciant
1016 2231 1355 2305 conditorem
1391 2241 1554 2302 atque
1582 2232 1886 2288 eﬂ'ectorem
1917 2234 2127 2288 consti-

559 2327 738 2386 tuunt,
783 2320 1024 2389 nihilque
1069 2323 1228 2389 plane
1267 2338 1482 2388 eorum,
1549 2339 1670 2393 quae
1715 2334 1864 2388 sunt,
1899 2341 2005 2380 non
2055 2326 2125 2379 ad

562 2408 713 2464 illum
742 2411 999 2465 referunt.
1035 2413 1170 2471 Illud
1198 2427 1412 2483 quoque
1439 2416 1660 2470 silentio
1708 2418 2130 2486 prastermittere

564 2514 670 2555 non
720 2516 942 2570 possum
990 2501 1272 2559 Platonem
1312 2506 1365 2558 in
1419 2506 1639 2575 scriptis
1692 2508 1811 2565 suis
1852 2506 2008 2561 lateri
2065 2522 2129 2563 se

586 2720 3579 2745 ..Μὴ-ΜΝ

2220 528 2329 568 non
2377 513 2656 568 assentiri.
2680 512 2751 565 At
2800 510 3138 574 Aristoteles,
3189 509 3310 563 licet
3350 511 3564 565 omnibus
3595 528 3682 578 pro-

2221 608 2430 662 miscue
2455 607 2816 672 contradicat,
2848 618 3155 673 omnesque
3175 602 3522 670 reprehendat,
3537 604 3680 657 nullum

2218 709 2398 754 tamen
2450 700 2715 763 nominat,
2747 697 2905 766 cujus
2933 710 2997 751 se
3032 694 3364 750 institutione
3382 694 3605 747 eruditum
3634 695 3683 746 la-

2221 799 2417 852 teatur,
2465 803 2532 842 ex
2580 803 2691 857 quo
2726 791 2978 857 {apparet
3026 790 3227 856 ,ipsum
3270 800 3325 839 se
3367 784 3573 837 omnium
3606 800 3684 853 qua

2220 880 2440 949 scripsit
2471 878 2816 932 inventorem
2854 877 3098 932 Voluisse
3139 877 3324 936 videri,
3350 875 3398 927 id
3425 874 3549 941 quod
3579 875 3685 941 plane

2218 980 2303 1025 est
2324 969 2687 1038 sophistlcum
2714 978 2769 1024 et
2794 970 3033 1022 alienum
3065 980 3096 1019 a
3124 964 3360 1018 moribus
3386 964 3485 1015 veri
3510 963 3684 1031 philoa»

2220 1062 2334 1131 phi,
2376 1077 2486 1130 quo
2515 1062 2681 1117 etiam
2711 1060 2841 1115 illud
2874 1058 3131 1127 pertinet,
3168 1055 3309 1124 quod
3346 1053 3396 1106 in
3427 1061 3518 1107 ttae
3549 1054 3685 1120 logico-

2220 1167 2341 1207 rum
2390 1154 2656 1221 gloriatur
2700 1166 2862 1205 suum
2899 1162 3025 1203 esse
3065 1157 3237 1202 totum
3263 1160 3389 1214 opus
3416 1145 3477 1199 de
3507 1144 3687 1197 iuethodo

2219 1242 2530 1307 dialectica,
2557 1248 2612 1296 et
2633 1241 2802 1305 addit,
2841 1239 2990 1293 illius
3017 1236 3256 1291 methodi
3289 1250 3389 1289 non
3410 1234 3508 1288 haec
3532 1234 3684 1303 quidem

2219 1346 2350 1400 pars
2381 1340 2498 1385 erat
2520 1304 2836 1400 explorata,
2865 1329 2955 1382 illa
2988 1342 3125 1381 vero
3172 1341 3280 1379 non
3321 1333 3444 1387 erat,
3490 1325 3567 1377 sed
3590 1326 3687 1377 nulla

2219 1435 2449 1490 prorsus
2474 1430 2610 1475 erat.
2648 1423 2718 1474 At
2761 1427 2977 1473 constat
3021 1418 3312 1486 Archytam
3339 1426 3452 1469 ante
3486 1416 3619 1483 ipsum
3642 1414 3688 1466 Io-

2220 1512 2395 1581 gicam
2447 1521 2618 1579 artem
2681 1509 3067 1575 contexuisse,
3132 1507 3287 1574 cujus
3333 1506 3578 1575 prmeeptis
3616 1505 3689 1572 ipse

2221 1602 2545 1657 Aristoteles
2597 1614 2729 1655 usus
2793 1599 2917 1662 fuit,
2975 1598 3113 1669 quin
3168 1598 3327 1653 etiam
3380 1596 3513 1649 Plato
3556 1595 3685 1663 partim

2223 1688 2491 1757 principia
2527 1686 2951 1756 disciplinarum
2993 1686 3293 1755 logicarum
3321 1681 3531 1744 tradidit,
3556 1682 3685 1747 partim
3780 1681 3781 1757 ξ

556 1800 733 1853 neque
781 1786 858 1839 illi
898 1786 991 1855 qui
1015 1786 1295 1841 Platonem
1341 1796 1667 1855 sequuntur,
1704 1787 1795 1855 qui
1836 1786 2114 1849 nimirum,
2150 1797 2195 1855 Β
2221 1781 2390 1836 etiam
2434 1780 2504 1833 iis
2558 1779 2695 1849 ipsis
2738 1794 2847 1833 non
2895 1779 3016 1833 sine
3061 1786 3183 1831 arte
3214 1775 3269 1830 in
3298 1776 3409 1830 suis
3448 1774 3685 1843 scriptites
3780 1776 3781 1803 θ

2224 1886 2382 1937 usus,
2413 1880 2466 1925 et
2497 1879 2673 1925 artem
2703 1869 2936 1939 logicam
2967 1876 3129 1924 vocat
3159 1876 3407 1937 tanquam
3437 1864 3684 1934 exploratam

2224 1965 2318 2020 sed
2372 1961 2613 2016 nondum
2662 1962 3029 2030 exploratam,
3086 1972 3264 2028 neque
3303 1965 3465 2012 tamen
3506 1964 3681 2021 tanqua
3780 1961 3781 2021 ξ

2227 2069 2455 2125 prorsus
2489 2069 2598 2106 non
2630 2052 2905 2106 inventam
2931 2050 3028 2105 sed
3052 2049 3165 2119 jam
3201 2048 3413 2102 omnino
3440 2045 3487 2098 in
3514 2058 3591 2098 usu
3611 2056 3685 2094 vet-

2224 2155 2456 2201 sentem.
2502 2143 2643 2210 Quid
2668 2142 2834 2213 igitur
2877 2141 3028 2195 dicat
3072 2138 3372 2209 quispiam?
3412 2132 3681 2190 nonessedi-

2231 2250 2373 2306 gnos
2392 2235 2700 2289 Aristotelis
2727 2234 2905 2287 libros
2935 2233 3033 2300 qui
3062 2231 3345 2299 legantur;
3376 2228 3521 2282 etiam
3537 2226 3682 2278 omnino

2235 2334 2454 2396 propter
2479 2324 2635 2380 utilia
2665 2338 2787 2389 qua:
2840 2324 2893 2377 in
2939 2322 3012 2376 iis
3061 2322 3196 2391 ipsis
3220 2319 3549 2377 continentur.
3585 2313 3681 2367 modo

2231 2415 2408 2469 sinitis
2460 2426 2732 2470 memores
2779 2411 2985 2466 multos
3033 2422 3153 2463 esse
3202 2409 3385 2465 iisdem
3417 2418 3590 2461 errores
3607 2415 3682 2471 μοι·
3780 2436 3781 2447 ς

2229 2506 2445 2560 mistos.

1122 2888 1506 2976 INDEX
1613 2887 2139 2976 CAPITUM
2231 2889 2617 3007 HUJUS
2709 2888 3234 2976 LlBELLl.

629 3257 919 3313 Primulo
942 3256 999 3309 in
1022 3270 1128 3323 qua
1159 3253 1444 3308 disseritur
1470 3254 1538 3308 de
1562 3256 1966 3323 comparatione
1999 3252 2125 3307 Pla-
2147 3283 2193 3345 Ο
2224 3272 2347 3309 xum
2372 3273 2504 3323 esse,
2522 3260 2604 3312 hic
2625 3267 2879 3328 quantum
2904 3269 3124 3326 possunt
3145 3259 3258 3327 ejus
3282 3255 3483 3309 rationes
3501 3254 3679 3301 terrarum

562 3354 707 3405 tonis
726 3360 784 3404 et
812 3350 1143 3409 Aristotelis.
1180 3349 1481 3404 secundum
1503 3348 1769 3418 judicium
1803 3354 2046 3402 veterum
2071 3355 2126 3401 et

563 3443 953 3496 recentiorum.
992 3440 1109 3494 Non
1141 3455 1363 3511 possum
1395 3451 1579 3495 autem
1620 3440 1708 3495 hic
1738 3454 1844 3494 non
1878 3455 2123 3494 comme-

562 3548 780 3588 morare
815 3534 1057 3601 quaedam
1081 3506 1204 3602 quae
1230 3533 1297 3587 de
1319 3506 1424 3585 v’ita
1448 3532 1799 3600 moribusque
1820 3531 2127 3586 Aristotelis

561 3626 917 3694 prodiderunt
948 3625 1166 3694 quidam
1192 3624 1396 3694 antiqui
1440 3631 1494 3676 et
1536 3623 1872 3678 celeberrimi
1898 3624 2129 3691 scripto-

562 3732 670 3781 res,
692 3733 800 3785 quo
826 3717 1129 3772 evidentius
1150 3724 1410 3784 appareat
1428 3729 1537 3769 non
1557 3730 1744 3770 omnes
1766 3716 1931 3786 huius
1954 3721 2129 3789 philo-

560 3809 719 3876 s0phi
753 3810 1153 3877 assumptiones
1176 3822 1272 3877 pro
1301 3807 1445 3863 veris
1464 3823 1679 3878 semper
1703 3810 2128 3879 amplectendam,

565 3899 802 3968 ideoque
829 3916 856 3952 a
890 3897 1133 3957 Gemistu
1168 3915 1275 3952 non
1300 3910 1503 3956 temere
1527 3901 1821 3957 confutari.
1856 3902 1992 3957 Nam
2020 3919 2129 3972 quo

561 3991 754 4045 melior
786 3991 869 4044 vir
904 3992 1027 4061 quis
1078 4000 1318 4059 putatur,
1393 3993 1496 4050 hoc
1540 3992 1804 4048 similiora
1857 4010 1988 4050 vero
2052 3998 2130 4049 via

548 4082 760 4136 dentur
794 4098 917 4154 qua
956 4084 1142 4139 sentit.

632 4172 1009 4229 'l‘neodoretus
1030 4173 1288 4246 Cyrensls
1310 4175 1600 4246 episcopus
1622 4177 1761 4231 libro
1784 4187 1971 4233 contra
2004 4193 2133 4249 gen-

546 4264 684 4319 ’tilcs
716 4264 938 4321 Graecos
970 4267 1294 4323 duodecimo
1349 4268 1421 4322 ita
1455 4270 1645 4323 scribit
1703 4288 1718 4324 :
1776 4269 1974 4325 Morem
2013 4288 2130 4324 eum

560 4357 725 4421 fuisse
744 4358 1014 4411 Aristoteli
1040 4366 1097 4411 ut
1122 4360 1295 4412 oleum
1323 4359 1559 4413 venderet
1582 4376 1683 4429 quo
1711 4362 1883 4416 calido
1908 4378 1962 4415 se
1985 4366 2132 4430 prius

562 4450 913 4512 pertraxisset.
938 4449 1171 4519 Cumque
1196 4452 1238 4503 is
1261 4451 1385 4502 olim
1408 4451 1460 4503 in
1482 4450 1786 4505 Chalcidem
1811 4455 2128 4522 navigasset,

566 4537 868 4601 publicanos
895 4536 1170 4605 explorate
1201 4540 1315 4605 ejus
1341 4540 1551 4608 nauigio
1574 4541 1829 4594 invenisse
1862 4541 1996 4595 ollas
2016 4542 2130 4611 ejus

561 4624 664 4675 olei
702 4637 929 4693 quatuor
964 4638 1011 4681 et
1048 4630 1378 4695 septuaginta
1410 4630 1487 4684 rel
1533 4639 1589 4683 ut
1618 4632 1711 4684 alii
1743 4633 1975 4700 referunt
2020 4642 2122 4687 tre-
2154 4638 2205 4698 ο

564 4729 655 4766 seu
664 4723 765 4767 tas.

638 4801 781 4855 lilem
816 4804 951 4859 libro
980 4807 1170 4875 quinto
1196 4825 1211 4862 :
1236 4809 1544 4863 Aristoteles
1572 4822 1743 4864 autem
1777 4811 1991 4866 Platoni
2023 4814 2131 4867 ad-

564 4898 667 4949 huc
699 4897 882 4949 uiuenti
904 4899 1178 4967 manifeste
1201 4903 1563 4957 adversarium
1598 4920 1652 4956 se
1683 4904 1905 4971 praebuit
1936 4916 2124 4959 contra

570 4988 904 5040 Academiam
927 4989 1058 5044 bello
1088 5003 1346 5060 suscepto,
1374 5010 1535 5062 neque
1565 4995 1827 5050 doctrinae
1862 4997 1941 5050 illi
1967 4997 2128 5050 Itono-

570 5094 676 5130 nm
704 5079 870 5132 ullum
895 5083 1144 5147 rependit,
1171 5099 1329 5152 quam
1370 5084 1742 5139 liberalissima
1791 5086 1915 5140 olim
1951 5105 2129 5157 perce-

568 5170 666 5235 pit,
693 5183 842 5231 neque
860 5173 1172 5225 celeberrimi
1201 5175 1299 5225 viri
1329 5175 1552 5242 gloriam
1572 5184 1645 5228 est
1671 5180 1943 5239 reveritus,
1971 5194 2132 5247 neque

570 5258 853 5317 Platonica:
886 5260 1186 5331 eloquentiae
1220 5266 1321 5317 vim
1366 5266 1656 5333 pertimuit,
1688 5269 1778 5320 sed
1806 5270 2133 5336 impudenter

552 5347 649 5406 _illi
685 5352 1039 5405 adversarium
1088 5371 1138 5407 se
1167 5357 1323 5425 gessit
1352 5395 1367 5420 ,
1399 5372 1519 5409 cum
1571 5367 1747 5410 tamen
1802 5376 2129 5429 nequaquam

561 5442 841 5495 meliorum
860 5449 1180 5511 dogmalum,
1206 5449 1292 5501 80d
1316 5448 1482 5500 multo
1505 5449 1741 5517 pejorum
1767 5466 1924 5517 quam
1949 5450 2128 5515 Plato,

571 5531 683 5597 ipse
707 5545 890 5586 auctor
921 5538 1198 5592 exstiterit.
1232 5538 1371 5592 Nam
1399 5556 1515 5593 cum
1550 5540 1635 5593 ille
1670 5544 1900 5595 animam
1934 5544 2130 5597 dixerit

573 5619 940 5685 immortalem,
976 5628 1056 5680 hic
1107 5645 1214 5684 esse
1250 5635 1524 5699 mortalem
1568 5634 1701 5686 dixit
1732 5673 1746 5696 ,
1780 5650 2001 5701 cumque
2033 5636 2125 5690 ille

569 5711 763 5767 dixerit
805 5716 964 5771 Deum
1012 5735 1091 5774 res
1128 5738 1300 5778 omnes
1337 5726 1675 5789 providentia:
1715 5742 1842 5781 cura
1895 5728 2122 5797 comple-

2225 3349 2399 3402 orbem
2433 3351 2623 3405 diuinis
2660 3352 3003 3419 providentia:
3026 3361 3288 3405 exsortem
3315 3346 3451 3417 facit.

2280 3462 2607 3518 ‘Snbscribit
2650 3462 2992 3519 Theodoreto
3028 3462 3342 3517 Laurentius
3370 3458 3497 3515 Valla
3534 3449 3679 3522 ρτοΙοίο

2228 3556 2281 3609 in
2310 3554 2652 3610 Dialecticam
2687 3571 2863 3611 suam.
2892 3555 3024 3621 Qiue
3046 3555 3310 3624 eonipilal,
3337 3550 3502 3617 inquit,
3524 3558 3599 3597 non
3616 3538 3680 3589 illi:

2228 3648 2386 3717 refert
2421 3657 2632 3714 accepta
2674 3666 2704 3701 a
2740 3649 2928 3717 quibus
2957 3648 3211 3716 sumpsit.
3242 3645 3328 3699 sed
3352 3642 3441 3696 sibi
3463 3635 3630 3691 vindicat
3650 3632 3678 3675 τι

2228 3738 2523 3809 ubicunque
2555 3739 2762 3793 easdem
2786 3755 3028 3807 peccasse
3054 3740 3315 3806 opinatur,
3339 3734 3474 3786 citius
3498 3724 3679 3779 ardentm
3780 3754 3781 3809 1

2228 3832 2500 3900 ﬂammam
2532 3847 2622 3885 ore
2659 3832 2923 3885 continere
2952 3847 3106 3899 posse
3150 3844 3303 3899 quam
3343 3840 3433 3879 non
3473 3815 3678 3872 nominare-

2298 3920 2482 3975 Csru'r
2516 3920 2556 3975 l.
2589 3919 2728 3988 Quid
2767 3918 2919 3974 Plato
2962 3920 3029 3973 de
3075 3920 3184 3975 Deo
3229 3930 3279 3972 et
3326 3927 3483 3969 rerum
3516 3904 3680 3961 omiiiun

2231 4012 2527 4079 creatione,
2580 4014 2725 4081 quod
2771 4012 3097 4069 Aristoteles
3146 4008 3382 4068 senserit.
3422 4004 3520 4067 Quo
3545 3996 3584 4048 ia
3604 3990 3682 4081 loco

2231 4102 2393 4155 etiam
2431 4102 2756 4171 explicatur,
2787 4105 3067 4172 quomodo
3105 4102 3253 4158 Plato
3283 4099 3491 4153 animam
3523 4080 3681 4155 genitam

2232 4201 2285 4248 et
2319 4193 2619 4260 ingenitam
2652 4196 3026 4264 appellaverit.

2302 4306 2482 4362 Carm
2517 4307 2580 4364 ll.
2620 4307 3057 4377 Reprelienditnr
3104 4302 3404 4362 Aristoteles
3427 4290 3544 4364 quod
3568 4284 3678 4377 Deli“?

2233 4415 2507 4454 summum
2542 4401 2786 4454 omnium
2837 4401 3121 4471 prmsidem
3164 4412 3226 4450 ac
3275 4403 3435 4462 "589'"
3474 4388 3601 4436 “""m

2235 4493 2498 4547 movenda
2530 4491 2714 4545 omnia
2766 4454 3017 4545 idoneum
3054 4506 3160 4544 non
3194 4487 3426 4541 censeat,
3454 4476 3598 4524 verum
3631 4454 3676 4507 ιιῐι

2237 4570 2414 4639 socias
2446 4582 2701 4637 movendi
2742 4581 2878 4635 alias
2904 4581 3165 4653 quasdam
3205 4582 3398 4659 mentes
3418 4559 3629 4630 adjtlﬂi"°

2301 4695 2481 4749 Carus
2509 4693 2598 4748 lll.
2630 4693 2858 4747 Illumne
2905 4693 2975 4747 sit
3002 4705 3174 4760 genus
3200 4683 3422 4742 omnium
3460 4676 3603 4728 earum
3620 4669 3675 4760 te:

2228 4807 2350 4847 rum
2382 4795 2673 4859 quae'sunt,
2698 4791 2749 4844 id
2776 4799 2861 4845 est
2883 4805 2951 4845 an
2975 4805 3075 4846 ens
3098 4788 3168 4842 sit
3196 4783 3296 4841 tale
3316 4770 3564 4848 quippiam.
3581 4746 3673 4859 (ιυοέ

2231 4856 2420 4938 decem
2455 4884 2629 4951 prima
2662 4896 2860 4952 genera
2896 4885 3129 4936 univoce
3174 4890 3278 4932 non
3322 4865 3557 4935 aequivoce
3578 4856 3677 4900 com-

2234 4975 2524 5044 plectatur.
3526 5016 3536 5029 ι
3614 5024 3637 5044 _,

2307 5067 2483 5123 tum
2518 5067 2602 5121 IV.
2643 5066 2831 5121 Utrum
2865 5066 3183 5121 Aristoteles
3232 5067 3412 5130 genera
3449 5053 3494 5099 ει

2240 5169 2389 5213 recte
2418 5158 2689 5213 secundas
2718 5175 2734 5211 :
2767 5159 3054 5213 individua
3080 5170 3208 5211 vero
3232 5150 3415 5221 primas
3436 5114 3676 5221 summi“:

2239 5250 2616 5319 appellaverit,
2663 5251 2765 5303 hoc
2799 5259 2903 5307 est.
2935 5265 3003 5302 an
3054 5259 3246 5317 genera
3270 5249 3319 5294 et
3349 5226 3528 5319 ερεεὶεε

2232 5302 2343 5397 sint
2372 5356 2535 5411 quam
2571 5302 2897 5412 singularia,
2930 5350 2987 5396 et
3036 5302 3267 5395 abeundo
3290 5332 3397 5385 loco
3421 5318 3477 5373 ad
3497 5302 3671 5366 essent"

2234 5435 2499 5489 rationem
2538 5435 2849 5503 pertineant
2883 5447 2952 5486 an
2980 5441 3188 5488 contra.

2304 5546 2490 5601 CAPUT
2519 5546 2579 5600 V.
2632 5544 2825 5600 Utrum
2871 5546 3183 5599 universum
3232 5534 3464 5591 rationem
3506 5501 3671 5604 omni“?

2236 5638 2497 5702 materiae,
2522 5638 2707 5692 formae
2731 5649 2910 5692 autem
2941 5653 3089 5707 pars,
3114 5634 3164 5689 id
3191 5638 3286 5690 est,
3309 5640 3369 5677 an
3390 5616 3447 5671 ad
3472 5601 3669 5665 materiari!

2237 5739 2443 5800 Spectet
2477 5731 2790 5788 universum
2823 5731 3006 5801 potius
3038 5741 3193 5800 quam
3223 5733 3352 5792 pars.
