3858 6202
211 291 314 355 933

891 305 986 365 DE
1020 307 1443 369 PLATONICA
1492 310 1586 369 ET
1621 311 2187 377 ARISTOTEle
2230 320 2776 384 PHILOSOPHIA.

3341 326 3447 393 934

285 409 466 464 Csrur
500 409 587 465 VI.
626 411 879 470 Sensune
926 419 1206 487 antiquius
1247 422 1320 476 sit
1359 424 1409 476 id
1438 424 1583 490 quod
1612 439 1777 479 sensu
1802 441 1852 501 Α
1953 430 2135 485 (ΣΑιιυτ
2173 429 2263 486 XI.
2296 434 2489 487 Anima
2525 436 2671 490 sitne
2702 434 3030 492 inmortalis
3060 438 3200 507 apud
3232 437 3447 495 Aristo-

209 516 329 566 ipso
365 504 568 572 percipi
599 516 791 573 potest,
820 508 963 576 quod
993 520 1187 566 vocant
1214 514 1472 569 sensibile
1506 530 1573 569 an
1617 516 1779 571 simul

207 599 500 660 atrumque
532 602 745 650 natura.
781 597 900 663 Quo
931 599 985 654 in
1027 600 1146 657 Ioco
1184 603 1533 659 relativorum
1583 614 1781 663 natura

204 683 372 737 simul
406 684 740 742 declaratur.
776 682 777 685 “

274 776 456 831 Caru'r
499 777 605 832 VII.
640 781 937 839 Indeﬁnitse
966 787 1359 855 propositionis
1385 799 1579 846 natura
1614 802 1780 862 atque

202 869 510 934 proprietas
541 871 849 926 declaratur
880 884 933 929 et
956 881 1224 944 quaeritur
1246 897 1509 937 verumne
1536 884 1607 938 sit
1630 886 1775 953 quod

200 955 435 1009 docetur
469 959 608 1026 apud
650 960 1067 1031 Peripateticos,
1101 970 1347 1023 eamdem
1399 972 1546 1025 illam
1590 987 1775 1028 veram

200 1052 315 1099 tam
348 1047 706 1104 allirmantem
744 1068 908 1121 quam
936 1069 1220 1126 negantem
1255 1061 1486 1117 inveniri
1517 1070 1699 1134 pesse.

271 1139 456 1195 Cum
489 1143 621 1198 VIII.
656 1144 795 1200 Num
836 1151 1149 1206 necessaria
1178 1153 1466 1211 conclusio
1507 1166 1773 1224 sequatur

200 1244 267 1283 ex
298 1231 514 1287 duobus
544 1238 860 1304 praemissis,
885 1254 1116 1309 quarum
1150 1242 1319 1297 altera
1344 1244 1413 1299 sit
1437 1250 1769 1313 necessaria,

198 1321 659 1391 alterasimplex,
704 1342 773 1381 an
808 1344 937 1385 vero
965 1332 1194 1403 simplex
1226 1335 1512 1390 duntaxat.
1552 1336 1655 1395 Ubi
1692 1340 1768 1395 si-

199 1412 314 1464 mul
362 1421 557 1467 natura
611 1417 779 1471 medii
830 1421 1046 1476 termini
1087 1434 1141 1478 et
1183 1426 1595 1495 preloqniorum
1654 1429 1768 1482 sive

196 1502 609 1569 pramissarum
635 1510 1001 1565 examinatur.

270 1590 454 1645 Ctrur
491 1591 582 1649 IX.
614 1596 915 1652 Discrimen
952 1600 1068 1663 Dei,
1098 1604 1361 1657 mentium
1410 1606 1525 1660 sive
1570 1605 1767 1661 intelli-

195 1683 503 1751 gentiarum
533 1693 587 1739 et
636 1687 832 1743 anima:
891 1692 1218 1757 declaratur,
1251 1704 1306 1747 et
1352 1695 1411 1747 τὸ
1444 1696 1765 1766 ὐπερούσιον

1887 520 2082 585 telem,
2119 532 2175 575 et
2213 538 2343 576 num
2388 524 2570 594 aliqua
2608 527 2748 583 bona
2795 535 2920 597 post
2958 537 3184 583 mortem
3233 533 3443 583 co.tsti-

1885 608 2084 664 tuenda
2113 611 2243 664 sint.

1890 714 1903 735 ι
1950 697 2135 757 Ctrur
2165 699 2286 757 XII.
2322 701 2463 759 Num
2492 704 2723 759 virtutes
2751 704 3013 775 qualitate
3053 716 3107 764 et
3141 708 3443 778 quantitate

1879 791 1991 845 sint
2043 792 2334 848 metienda:
2398 802 2453 849 et
2502 810 2572 850 an
2626 796 3034 854 mediocritates
3080 799 3353 863 dicendae,
3388 808 3445 853 ut

1877 883 2160 937 contendit
2188 884 2529 942 Aristoteles.

1946 992 2132 1049 Caru'r
2163 992 2300 1048 XIII.
2342 995 2498 1061 Quod
2546 995 2617 1051 sit
2660 1011 2935 1052 summum
3003 995 3207 1051 bonum
3256 1004 3312 1050 et
3371 1011 3439 1049 an

1876 1084 2198 1145 Aristoteles
2231 1095 2376 1142 recte
2408 1101 2676 1143 summam
2706 1087 3026 1143 felicitatem
3071 1089 3126 1141 in
3169 1086 3441 1156 voluptate

1874 1176 2290 1245 contemplativa
2319 1178 2689 1235 colioeaverit.

1944 1288 2123 1344 CAPUT
2150 1288 2291 1344 XIV.
2333 1290 2544 1345 leum
2578 1307 2701 1346 esse
2752 1293 2920 1364 ignea:
2982 1301 3191 1346 natura-
3222 1299 3278 1346 et
3321 1290 3437 1345 dari

1873 1395 1981 1437 non
2016 1390 2268 1450 oportere
2296 1383 2546 1451 quintum
2579 1384 2850 1454 quoddam
2882 1396 3085 1455 corpus
3114 1394 3311 1455 prater
3330 1382 3438 1437 ele-

1873 1483 2055 1527 menta
2091 1483 2349 1542 quatuor.

1944 1584 2128 1639 Cum
2170 1584 2285 1638 XV.
2328 1586 2401 1641 De
2455 1585 2831 1641 immobilitate
2875 1586 3115 1640 siderum
3169 1594 3221 1639 et
3274 1599 3436 1653 quam

1873 1686 2020 1733 recte
2050 1676 2371 1732 Aristotcles
2400 1691 2634 1748 corpora
2664 1677 2908 1733 cmlestia
2948 1677 3187 1733 animata
3226 1677 3438 1731 consti-

197 1776 422 1844 qnidem
454 1792 573 1832 esse
614 1780 935 1849 simpliciter
966 1799 1156 1851 unum,
1184 1784 1284 1841 hoc
1304 1796 1405 1851 est,
1438 1798 1497 1841 ut
1519 1803 1769 1861 supremo
1799 1791 1843 1846 Β
1874 1772 2009 1819 ma"

200 1868 314 1921 Deo
339 1878 394 1922 et
418 1885 541 1926 esse
570 1881 623 1925 et
651 1887 811 1943 posse
841 1884 897 1929 et
922 1874 1154 1943 efﬁcere,
1199 1880 1316 1933 sive
1345 1882 1513 1952 magis
1556 1884 1729 1950 placet
1750 1920 1765 1945 ,

192 1962 491 2015 essentiam
524 1969 817 2031 potentiam
853 1977 905 2021 et
934 1979 1112 2023 actum
1149 1972 1297 2025 nullo
1328 1974 1485 2026 modo
1509 1974 1765 2027 distincta

191 2052 411 2121 haberi,
448 2056 549 2109 hoc
582 2066 666 2111 est
695 2065 752 2111 ut
790 2059 927 2113 alias
955 2061 1050 2126 sit,
1087 2062 1225 2118 alias
1270 2063 1467 2131 possit,
1496 2064 1633 2120 alias
1651 2064 1765 2118 eili-

185 2144 328 2205 ciat,
356 2146 451 2200 sed
488 2158 545 2202 ut
576 2149 739 2203 simul
770 2160 827 2204 et
859 2153 929 2205 sit
971 2163 1024 2206 et
1054 2154 1225 2221 possit
1273 2164 1327 2208 et
1356 2156 1573 2209 elIiciat.
1608 2155 1766 2213 Unde

184 2246 384 2302 postea
418 2239 832 2307 reprehenditur
860 2243 1201 2307 Aristoteles,
1228 2245 1320 2315 qui
1356 2248 1593 2300 animam
1626 2249 1762 2301 deii—

181 2328 395 2380 triverit
425 2343 547 2383 esse
581 2341 757 2384 actum
790 2349 806 2400 ;
855 2334 922 2388 de
964 2351 1067 2402 qua
1093 2352 1149 2390 re
1200 2336 1329 2390 libet
1362 2339 1523 2392 etiam
1574 2335 1763 2393 Jacobi

182 2417 427 2488 Ziegleri
456 2421 555 2473 viri
581 2422 725 2475 docti
750 2439 1034 2478 censuram
1063 2426 1378 2482 adscribere
1399 2428 1491 2496 qui
1524 2429 1606 2483 sic
1632 2430 1766 2483 scri-

182 2508 263 2561 bit
291 2507 538 2576 quodam
569 2510 621 2564 in
660 2513 781 2566 loco
810 2530 824 2566 :
861 2513 964 2569 Sed
991 2533 1150 2581 quant
1182 2528 1415 2571 sectatur
1441 2535 1566 2588 rago
1592 2520 1765 2589 (intel-

182 2600 357 2669 ligens
398 2601 756 2673 Aristotelem)
794 2606 1310 2661 demonstrationum
1357 2613 1719 2665 necessitatem
1745 2650 1761 2675 ,

185 2693 272 2759 qui
307 2709 340 2744 a
374 2694 580 2761 scriptis
616 2696 724 2747 suis
756 2694 889 2748 sicut
923 2696 1126 2750 libitum
1158 2707 1234 2751 est
1270 2700 1510 2757 discedit.
1536 2703 1641 2753 Aut
1669 2701 1763 2757 de-

187 2784 381 2852 ﬁniens
418 2785 687 2851 animant,
731 2788 1191 2854 ;demonstratione
1234 2807 1357 2844 usus
1409 2793 1533 2846 est?
1583 2795 1762 2845 anima

190 2874 413 2943 (inquit)
445 2886 517 2927 cst
551 2884 700 2928 actus
725 2879 957 2945 corporis
981 2881 1216 2948 organici
1243 2882 1463 2950 physici,
1496 2884 1652 2935 vitam
1675 2885 1762 2935 ha-

191 2965 360 3018 bentis
389 2964 439 3016 in
470 2968 723 3034 potentia.
754 2966 894 3037 Ergo
931 2970 1070 3022 alius
1103 2980 1310 3023 secutus
1337 2974 1631 3041 exemplum
1669 2977 1758 3028 de-

189 3057 373 3123 ﬁniat,
402 3058 588 3125 auriga
630 3068 705 3112 est
734 3071 882 3114 actor
913 3062 1165 3117 curriculi
1200 3072 1396 3116 motum
1440 3066 1674 3119 habentis
1706 3069 1760 3118 in

187 3147 451 3212 potentia.
480 3146 619 3199 Nunt
645 3150 732 3202 ille
758 3165 874 3218 quae
902 3150 970 3202 ad
999 3152 1349 3206 substantiam
1378 3155 1603 3209 hominis
1634 3158 1761 3209 atti-

190 3234 406 3292 nebant.
431 3236 545 3289 dico
569 3254 729 3307 genus
755 3250 801 3291 et
835 3242 1185 3308 ili/ferentium
1206 3246 1557 3316 essentialam,
1581 3264 1611 3301 a
1638 3250 1757 3317 qui-

189 3326 280 3379 bus
318 3327 519 3380 desumi
552 3328 902 3396 definitionem
928 3335 1236 3400 ,oportebat,
1268 3339 1471 3404 attigit.

255 3416 441 3472 CAPUT
490 3418 558 3472 X.
620 3420 967 3476 I'Iatonicum
1022 3426 1217 3495 dogma
1271 3408 1601 3494 defunditur,
1645 3446 1758 3500 quo

192 3507 423 3562 docetur
469 3513 678 3565 animas
727 3528 758 3567 e
808 3514 946 3571 ccelo
992 3518 1383 3577 descendentes
1446 3521 1749 3577 hauriendo

196 3597 531 3664 oblivionem
593 3620 775 3663 rerum
825 3607 1176 3676 divinarum,
1229 3629 1458 3682 quarum
1504 3616 1559 3669 in
1614 3618 1756 3673 cmlo

195 3703 354 3748 erant
402 3696 656 3760 consciae,
697 3698 834 3753 alias
875 3715 1004 3754 vero
1053 3704 1243 3769 magis,
1283 3705 1417 3761 alias
1456 3707 1664 3775 minus,
1697 3710 1753 3764 in

198 3788 357 3842 terris
399 3804 506 3843 non
542 3790 752 3847 discere
785 3795 878 3848 sed
924 3796 1199 3852 reminisci
1224 3834 1242 3862 ,
1281 3797 1428 3868 quod
1467 3800 1580 3856 illic
1625 3812 1751 3857 ante

197 3882 573 3950 cognoverint.

1940 1878 2118 1935 Carur
2147 1879 2288 1936 XVI.
2321 1880 2458 1934 Num
2496 1880 2738 1935 cmlestia
2777 1895 3007 1950 corpora
3051 1881 3102 1934 vi
3145 1888 3200 1934 et
3242 1886 3435 1933 natura

1872 1973 2023 2040 ignea
2053 1972 2517 2043 calefacianthazc
2547 1971 2824 2034 inferiora,
2860 1986 2927 2067 an
2962 1982 3110 2025 motu
3149 1970 3435 2024 duntaxat.

1937 2084 2113 2139 Carm
2147 2084 2311 2140 XVII.
2367 2086 2563 2140 Utrum
2603 2100 2694 2141 ars
2740 2095 2796 2140 et
2842 2094 3039 2139 natura
3087 2083 3432 2145 deliberent,

1867 2172 1999 2228 dum
2037 2176 2234 2243 aliquid
2280 2162 2471 2246 a'gnnt.

1936 2286 2116 2342 Caeur
2144 2286 2328 2343 XVIII.
2362 2285 2554 2343 Utrum
2583 2302 2701 2356 quae
2735 2288 2870 2344 ﬁunt
2897 2290 3078 2343 omnia
3104 2329 3118 2353 ,
3152 2288 3287 2341 ﬁant
3345 2302 3437 2339 ne-

1867 2379 2130 2442 cessario,
2169 2392 2234 2430 an
2269 2386 2322 2430 et
2348 2378 2525 2446 aliqua
2560 2380 2959 2446 contingenter,
2999 2390 3050 2433 et
3087 2391 3267 2435 utrum
3298 2381 3439 2435 dan-

1867 2471 1993 2527 dum
2028 2472 2101 2525 sit
2141 2471 2347 2540 aliquid
2391 2472 2446 2524 in
2490 2470 2556 2525 iis
2601 2486 2718 2539 qua:
2751 2471 2885 2524 tiunt
2927 2473 3068 2540 quod
3103 2490 3210 2527 non
3242 2474 3437 2529 habeat

1867 2579 2091 2619 causam
2127 2565 2209 2617 sui
2241 2579 2385 2618 esse.
2419 2563 2550 2616 'I‘ale
2590 2577 2719 2615 vero
2770 2571 2963 2616 tractat
2994 2574 3108 2619 toto
3138 2568 3315 2634 capite
3346 2584 3437 2620 ar-

1865 2662 2182 2723 gumentum
2214 2652 2511 2717 Gemistus,
2541 2656 2681 2721 quod
2714 2655 2760 2708 si
2793 2657 2913 2723 quis
2939 2654 2991 2707 in
3022 2665 3312 2724 conspectu
3343 2660 3437 2711 ha-

1864 2743 2005 2809 beat,
2049 2758 2162 2799 rem
2200 2746 2485 2813 perspicue
2530 2745 2813 2814 intelliget.

1934 2856 2105 2911 Omne
2130 2859 2271 2926 quod
2303 2859 2357 2911 [it
2389 2858 2454 2912 ab
2485 2858 2658 2927 aliqua
2690 2875 2853 2914 causa
2882 2898 2898 2921 ,
2932 2877 3157 2917 necesse
3184 2870 3265 2917 est
3294 2863 3431 2918 ﬁeri.

1866 2947 1970 2999 Sed
1997 2947 2177 3001 omnis
2204 2961 2368 3000 causa
2402 2960 2523 3014 quae
2560 2945 2762 3014 aliquid
2808 2947 2958 3013 facit,
2994 2949 3227 3018 idipsum
3254 2959 3307 3003 et
3338 2966 3435 3003 nc-

1866 3038 2104 3089 cessario
2122 3046 2342 3090 ctcerto
2365 3037 2516 3089 facit.
2546 3036 2685 3106 Ergo
2715 3037 2896 3090 omnia
2936 3038 3071 3091 liunt
3094 3041 3429 3096 necessario.

1787 3132 1829 3189 c
1865 3123 2126 3177 Minorem
2155 3125 2405 3177 concedit
2425 3124 2641 3191 quidem
2679 3125 3021 3187 Aristoteles,
3048 3126 3141 3179 sed
3170 3128 3431 3195 majorem

1870 3214 2084 3278 limitat,
2120 3214 2263 3268 unde
2300 3228 2329 3267 a
2373 3214 2619 3268 Gemisto
2653 3215 3087 3283 reprehenditur.

1936 3324 2117 3380 CAPUT
2157 3325 2297 3379 XIX.
2350 3325 2552 3380 Motum
2612 3327 2665 3381 in
2716 3326 2877 3381 rebus
2927 3329 3263 3385 naturalibus
3309 3346 3430 3389 esse

1866 3420 2201 3485 teqnivocum
2260 3428 2316 3473 et
2366 3434 2533 3473 unum
2595 3419 2826 3490 agendo,
2884 3420 3113 3476 alterum
3178 3425 3435 3491 patiendo

1865 3510 2004 3565 ﬁeri.

1940 3623 2123 3678 Carus
2155 3623 2273 3679 XX.
2320 3624 2397 3680 De
2441 3625 2577 3682 ideis
2610 3639 2629 3681 :
2666 3626 2846 3681 sintne
2911 3626 3082 3695 idem;
3133 3636 3246 3680 tum
3304 3628 3435 3696 quid

1865 3717 1998 3779 sint,
2035 3729 2088 3770 et
2121 3718 2452 3787 cuiusmodi,
2486 3728 2538 3773 et
2580 3720 2779 3790 quibus
2821 3720 3125 3776 rationibus
3167 3720 3288 3775 illas
3318 3719 3435 3773 Pla-

1869 3810 2036 3863 tonici
2067 3811 2328 3867 adversus
2357 3812 2701 3868 Aristotelem
2732 3808 3104 3867 adversarium
3139 3826 3301 3867 suum
3337 3811 3437 3866 de-

1868 3900 2110 3954 Iendant.
2676 3912 2681 3913 ’
