3858 6202
397 350 494 414 941

480 466 639 520 Ἀλλὰ
677 467 846 521 ταῦτα
881 468 980 538 μὲν
1009 471 1138 541 περὶ
1189 470 1283 540 τῆς
1340 470 1554 533 τελείας
1610 488 1668 524 τε
1722 474 1813 523 καὶ
1859 468 1977 539 μετ’
2006 476 2054 534 Α

397 561 705 631 ἐπιστήμης
749 562 951 631 ἀρετῆς
978 564 1064 633 εἴη
1103 564 1171 617 ἂν
1196 562 1458 635 είρηκὼς,
1488 559 1556 637 ἦς
1588 563 1683 617 καὶ
1710 564 1860 629 αὑτῷ
1884 580 1972 615 σο-

399 652 483 722 φῷ
506 651 620 705 δντι
658 652 850 723 μετῆν.
902 655 1237 726 Ἐπιστήμην
1268 656 1377 727 γὰρ
1414 650 1689 726 ἀνθρώπῳ
1731 670 1978 723 παραγε-

398 746 632 814 νομένην
682 745 899 815 ἀνάγκη
957 747 1219 802 ἁπάντων
1273 750 1496 819 κρατεῖν
1548 763 1607 801 τε
1671 750 1766 802 καὶ
1823 748 1976 815 ἄγειν

399 835 680 903 ἀσφαλῶς,
808 838 874 915 ἂν
903 838 1041 909 αὐτὴ
1066 838 1142 911 (6)
1170 840 1445 911 ὑφηγῆται
1481 844 1614 911 πρὸς
1653 839 1715 894 τὸ
1737 841 1824 894 ἀεὶ
1859 840 1977 909 βέλ-

396 942 601 980 τιστον.

477 1016 618 1086 Πρξς
657 1017 713 1071 δὲ
758 1020 987 1084 πολλοὺς
1032 1020 1141 1074 τῶν
1164 1020 1365 1091 ἀρετὴν
1396 1022 1844 1091 ἐπιτηδευόντων,
1881 1023 1978 1077 ἅτε

402 1106 666 1179 λογισμοῦ
712 1110 839 1166 ἄνευ
870 1110 1080 1179 ταύτην
1110 1111 1555 1182 ἐπιτηδεύοντας,
1584 1112 1709 1187 δόξῃ
1749 1114 1804 1167 δὲ
1843 1113 1977 1184 ὀρθῇ

399 1199 726 1269 ἀγομένους,
754 1202 891 1265 τέως
923 1203 1023 1271 μὲν
1066 1202 1238 1259 πολλὰ
1272 1204 1369 1259 κα)⁸
1412 1205 1626 1275 μεγάλα
1657 1205 1977 1274 κατορθοῦν,

398 1291 496 1343 καὶ
540 1292 749 1362 σφόδρα
793 1294 943 1349 ἐστιν
991 1296 1081 1348 ὅτε
1114 1297 1441 1365 εὐδοκιμεῖν.
1468 1298 1543 1350 Ού
1577 1297 1684 1367 μὴν
1715 1297 1852 1350 ἀλλὰ
1886 1299 1981 1349 καὶ

402 1383 615 1451 μεγάλα
653 1386 1051 1456 ἐξαμαρτάνειν
1096 1390 1243 1443 ἔστιν
1275 1391 1388 1454 ὅτε,
1420 1390 1517 1444 an
1564 1389 1799 1460 φαύλους
1830 1391 1982 1454 τινὰς

398 1463 605 1546 ἆρετῆς
660 1478 909 1546 φύλακας
956 1482 1052 1535 ὑπ’
1084 1483 1309 1551 ἀγνοίας
1362 1500 1467 1538 που
1511 1485 1759 1553 ὁπήποτε
1808 1484 1981 1553 ἁρετὴ

400 1569 606 1637 ἀγαθόν
661 1574 799 1638 ἐστι,
854 1575 954 1646 τὴν
986 1575 1043 1628 δὲ
1091 1576 1186 1631 τοῦ
1240 1578 1358 1647 βίου
1406 1576 1667 1648 τελευτὴν
1712 1579 1825 1639 τοῖς
1850 1577 1985 1639 τέως

404 1662 812 1735 ἀναμαρτήτοις
863 1667 1229 1736 διαγεγονόσι,
1287 1670 1489 1741 πολλὴν
1535 1670 1635 1740 τὴν
1680 1670 1985 1737 ἀσφάλειαν

403 1756 512 1809 τῶν
561 1758 663 1828 ἥδη
720 1759 900 1822 καλῶς
958 1762 1015 1813 ὲν
1084 1761 1162 1830 τῷ
1216 1760 1315 1832 βίῳ
1375 1762 1786 1830 πεπραγμένων
1843 1778 1984 1827 παρε-

405 1847 569 1916 ίχειν,
604 1848 678 1913 ὡς
706 1850 889 1903 οὐκέτ’
920 1850 988 1905 ἂν
1029 1848 1133 1905 ὕπὸ
1162 1852 1579 1923 ἁμαρτημάτων
1608 1852 1985 1923 ἀνατραπησο-

410 1942 610 2009 μένων.

480 2032 664 2103 Ταύτη
716 2051 796 2090 τοι
842 2035 938 2087 καὶ
976 2035 1084 2087 τῶν
1118 2036 1292 2105 λόγων
1323 2038 1401 2106 (7)
1434 2036 1559 2099 τοὺς
1582 2038 1904 2108 ἐπιταφίους
1932 2054 1988 2092 τε

407 2122 501 2174 καὶ
548 2123 895 2192 ὲπικηδείους
938 2125 1070 2181 πολὺ
1105 2126 1170 2181 ἄν
1205 2143 1288 2190 τις
1332 2127 1440 2179 τῶν
1484 2127 1661 2183 ἄλλων
1698 2129 1991 2197 ἐγκωμίων

409 2212 518 2266 τῶν
578 2214 719 2268 κατὰ
765 2215 1071 2285 ἀνθρώπων
1126 2218 1428 2285 γινομένων
1484 2219 1755 2289 ἡγήσαιτο
1815 2222 1992 2289 ἀσφαο

408 2305 717 2375 λεστέρους,
757 2306 839 2371 ὡς
873 2307 937 2363 ἂν
978 2308 1069 2364 ἐπὶ
1104 2308 1348 2380 βεϐαίαις
1384 2329 1444 2364 τε
1478 2310 1579 2383 ήδη
1628 2311 1861 2384 πράξεσι
1898 2314 1993 2365 καὶ

412 2396 615 2467 πολλὴν
674 2416 795 2451 τινα
847 2398 945 2470 τὴν
1002 2400 1303 2468 ἀσφάλειαν
1370 2401 1681 2475 είληφυίαις
1731 2403 1991 2473 γιγνομέ-

414 2504 536 2553 νους
567 2490 666 2561 (8).
700 2491 810 2544 Καὶ
857 2490 1131 2560 Ἀθηναῖοι
1175 2494 1313 2546 κατὰ
1350 2494 1476 2557 τοὺς
1507 2492 1601 2547 τοῦ
1637 2493 1875 2557 Σόλωνος
1907 2495 1995 2546 νό-

419 2598 553 2649 μους
604 2582 1032 2653 πολιτευόμενοι,
1085 2584 1153 2637 τὰ.
1186 2584 1356 2639 πολλὰ
1388 2586 1597 2650 τούτοις
1630 2587 1868 2656 μάλιστα
1900 2588 1995 2639 ἐπὶ

418 2676 530 2739 τοῖς
554 2673 733 2739 καλῶς
766 2677 1176 2748 τετελευτηκόσι
1199 2678 1434 2748 χρῆσθαι
1465 2679 1745 2750 ἐνόμισαν.

490 2848 599 2902 Καὶ
625 2847 689 2919 δὴ
716 2850 812 2903 καὶ
837 2851 998 2921 ἡμεῖς
1022 2851 1082 2916 ἐς
1106 2852 1255 2906 τόνδε
1287 2852 1378 2906 τὸν
1405 2853 1561 2924 λόγον
1595 2856 1686 2909 ἐπὶ
1722 2856 1817 2911 τοῦ
1854 2858 1995 2912 θειο-

417 2944 580 2997 τάτου
610 2945 769 3015 ἡμῶν
792 2948 1062 3016 ἡγεμόνος
1091 2949 1314 3018 γυναικὶ
1337 2950 1617 3022 οίχομένῃ,
1651 2953 1824 3005 εἰπεῖν
1856 2968 1963 3022 προ
1982 2982 1994 2992 ο

417 3037 687 3109 ήχθημεν,
722 3040 841 3108 ἅμα
882 3040 981 3112 μὲν
1019 3042 1186 3097 καλὸν
1235 3042 1573 3114 ἀπειληφυία
1628 3044 1764 3113 αὐτῇ
1818 3044 1995 3112 πέρας

415 3130 510 3183 τοῦ
546 3131 688 3201 βίου,
721 3134 819 3203 τὴν
850 3134 950 3205 τῆς
979 3136 1179 3206 ἀρετῆς
1230 3137 1359 3206 ἄχρι
1403 3136 1663 3206 τελευτῆς
1695 3136 1991 3207 σωτηρίαν,

1320 352 1716 415 LAUDATlO
1749 348 2136 416 FUNEBRIS
2181 343 2489 407 CLEOPJE
2526 338 2705 402 AUG.

3558 333 3661 397 942

2167 462 2271 519 Sed
2336 463 2449 517 lucc
2507 460 2729 530 quidem
2782 457 2847 510 de
2902 453 3140 525 perfecta
3184 462 3237 508 et
3268 468 3333 508 ea
3378 467 3500 522 quae
3535 465 3660 504 cum

2088 557 2317 612 scientia
2349 564 2431 610 est
2468 554 2666 607 virtute
2729 550 2953 614 dixerit,
3010 563 3131 618 quae
3184 556 3237 603 et
3292 546 3419 618 ipsi,
3480 554 3666 615 utpote

2088 648 2344 719 Sapienti,
2378 645 2573 701 inerat.
2618 642 2752 698 Nam
2802 642 2889 698 ubi
2920 641 3148 697 scientia
3180 639 3388 694 homini
3418 653 3668 695 accesse-

2088 742 2178 807 rit,
2210 753 2437 795 necesse
2475 747 2561 793 est
2594 752 2720 792 eam
2769 735 3015 790 omnium
3039 732 3200 804 potiri
3248 741 3302 788 et
3355 742 3667 788 constanter

2087 848 2268 903 agere,
2310 848 2419 903 qua
2453 832 2566 903 ipsa
2594 829 2879 897 direxerit,
2904 829 2972 883 ad
3006 812 3058 882 id
3092 826 3237 897 quod
3272 841 3489 896 semper
3521 824 3666 893 opti-

2089 941 2238 981 mum
2274 927 2365 982 sit.

2159 1018 2237 1072 Ad
2280 1017 2417 1081 haec,
2454 1014 2657 1070 multos
2687 1028 2875 1068 eorum
2935 1013 3029 1081 qui
3063 1013 3319 1067 virtutem
3362 1020 3667 1075 sectantur,

2089 1111 2191 1165 etsi
2249 1110 2461 1179 absque
2526 1118 2675 1165 certa
2716 1107 2935 1164 ratione
2988 1122 3109 1163 eam
3152 1114 3451 1170 sectentur,
3514 1116 3661 1159 recta

2090 1216 2221 1255 vero
2263 1200 2521 1269 Opinione
2552 1199 2770 1264 ductos,
2814 1198 3162 1269 aliquatenus
3211 1196 3431 1265 quidem
3502 1196 3672 1250 multa

2090 1306 2144 1348 et
2174 1308 2368 1363 magna
2419 1308 2631 1361 gerere,
2667 1291 2855 1347 videas
2894 1287 3167 1347 interdum
3211 1298 3267 1346 et
3295 1288 3449 1343 valde
3506 1289 3672 1343 incla-

2094 1400 2330 1442 rescere.
2360 1384 2703 1454 Quandoque
2736 1392 2917 1439 tamen
2963 1394 3019 1437 et
3080 1396 3272 1451 magna
3313 1386 3570 1452 peccant,
3616 1391 3673 1436 ut

2093 1478 2187 1549 qui
2244 1479 2353 1533 sint
2418 1478 2659 1548 imperiti
2718 1477 2943 1546 quidam
2983 1475 3243 1531 custodes
3275 1475 3513 1537 virtutis,
3549 1473 3673 1529 ideo

2094 1573 2236 1639 quod
2296 1572 2550 1627 nesciunt
2597 1570 2786 1640 utique
2816 1585 2926 1641 qua
2988 1569 3206 1625 ratione
3259 1569 3434 1624 virtus
3465 1569 3673 1624 bonum

2095 1664 2187 1728 sit,
2238 1664 2364 1718 vita:
2422 1678 2552 1718 vero
2581 1665 2745 1717 linem
2781 1664 2848 1719 iis
2896 1664 2989 1733 qui
3046 1672 3274 1718 eatenus
3303 1662 3421 1718 sine
3447 1675 3673 1731 peccato

2098 1767 2586 1828 perseveraverunt
2632 1756 2858 1811 multam
2883 1772 3073 1812 eorum
3114 1771 3236 1826 qua:
3266 1769 3360 1826 per
3389 1756 3674 1819 vitambo-

2088 1859 2240 1904 neste
2268 1848 2411 1905 facta
2440 1859 2565 1905 sunt
2592 1851 2941 1905 securitatem
2977 1848 3192 1915 silet-re,
3228 1863 3292 1905 ea
3331 1850 3535 1919 quippe
3569 1865 3667 1919 per

2093 1950 2312 2011 peccata
2338 1942 2449 2013 jam
2481 1942 2715 2013 perverti
2750 1958 2858 1997 non
2892 1952 3167 2013 poterunt.

2092 2033 2505 2104 QQuapropter
2584 2033 2841 2093 fttuebres
2914 2037 3321 2106 mortualesque
3370 2035 3673 2102 orationes,

2096 2142 2205 2196 pra:
2227 2127 2439 2185 caeteris
2472 2126 2875 2183 laudationibus
2925 2142 3048 2197 quae
3099 2129 3168 2185 de
3204 2128 3521 2183 hominibus
3578 2130 3677 2183 lia-

2098 2220 2318 2285 bentur,
2368 2219 2540 2275 multo
2590 2220 2858 2276 certiores
2906 2220 3142 2290 quisque
3196 2220 3471 2277 aestimare
3517 2222 3678 2285 solet,

2098 2310 2302 2380 quippe
2330 2324 2449 2379 qua:
2507 2312 2654 2366 circa
2701 2309 2815 2380 jam
2870 2310 3057 2369 lineas
3083 2311 3328 2368 actiones
3362 2322 3416 2369 et
3450 2313 3676 2367 multam

2100 2401 2390 2460 quamdam
2459 2401 2841 2459 certitudinem
2908 2401 3133 2471 adeptas
3218 2413 3527 2461 versentur.
3618 2404 3679 2459 Et

2096 2491 2480 2559 Athenienses,
2530 2492 2685 2562 juxta
2741 2490 2961 2549 Solonis
3016 2493 3165 2564 leges
3224 2508 3339 2550 rem
3406 2494 3680 2563 publicam

2099 2582 2572 2651 administrantes,
2610 2594 2668 2640 ut
2711 2585 3004 2654 plurimum
3040 2585 3097 2639 in
3142 2600 3239 2641 eos
3285 2586 3555 2656 praecipue
3584 2588 3677 2656 qui

2098 2674 2299 2727 decora
2336 2684 2513 2728 morte
2544 2674 2894 2744 interierunt,
2935 2676 3038 2732 hoc
3072 2677 3449 2733 laudationum
3484 2693 3683 2747 genere

2098 2764 2362 2819 utendum
2423 2781 2544 2822 esse
2606 2776 2931 2823 sanxerunt.

2170 2857 2281 2914 Nos
2320 2872 2539 2930 quoque
2574 2857 2627 2913 in
2660 2860 2867 2916 hancce
2904 2860 3207 2916 orationem
3255 2862 3323 2918 de
3354 2862 3682 2919 divinissiuti

2100 2951 2361 3021 principis
2398 2952 2568 3008 nostri
2612 2953 2867 3008 defuncta
2929 2968 3099 3009 uxore
3125 2954 3428 3010 habendam
3473 2958 3683 3023 prodii-

2099 3057 2244 3109 mus,
2273 3050 2385 3096 tum
2415 3041 2634 3107 quidem
2663 3058 2729 3097 ne
2752 3058 2869 3099 eam
2902 3060 3020 3113 quae
3050 3045 3344 3115 pulchrum
3371 3048 3491 3102 vita:
3524 3048 3683 3102 finem

2098 3142 2181 3188 est
2206 3141 2479 3197 assecuta,
2526 3133 2745 3189 virtutis
2786 3150 2979 3205 nempe
3026 3138 3094 3192 ad
3150 3138 3361 3193 obitum
3430 3155 3682 3209 perseve-

418 3224 513 3276 καὶ
558 3226 712 3280 αὐτοὶ
755 3229 1032 3298 κοσμῆσαι
1086 3229 1163 3297 τῷ
1204 3229 1348 3299 λόγῳ
1406 3230 1506 3283 οὐκ
1558 3230 1993 3295 ἀπαξιώσαντες,

2108 3223 2356 3288 rautiam,
2393 3223 2641 3279 oratione
2681 3234 2869 3281 nostra
2900 3227 3168 3285 decorare
3198 3246 3534 3299 recusemus,
3568 3244 3681 3288 tum

420 3315 537 3385 ἅμα
566 3316 624 3369 δὲ
650 3318 746 3372 καὶ
778 3319 886 3388 ίδίᾳ
916 3320 1078 3390 χάριν
1104 3321 1243 3391 αὐτῇ
1268 3320 1471 3391 ταύτην
1501 3322 1863 3388 ὲκτιννύντες,
1898 3323 1998 3392 τῆς

417 3424 479 3459 τε
518 3408 703 3472 αἰδοῦς
755 3410 851 3465 καὶ
899 3412 1137 3477 εὐνοίας,
1176 3413 1244 3482 ἢν
1284 3413 1393 3466 ale!
1429 3414 1561 3483 ἡμῖν
1604 3413 1995 3484 ἔνδεικνυμένη

416 3499 660 3554 διετέλει.

505 3591 720 3664 Ἐκείνη
754 3597 863 3666 γὰρ
894 3597 959 3648 ὲκ
997 3597 1097 3666 μὲν
1141 3596 1324 3667 χώρας
1357 3597 1431 3669 (9)
1459 3596 1561 3666 τῆς
1608 3598 1839 3661 Ἰταλίας
1878 3601 2001 3667 ἐγε-

418 3686 587 3751 γόνει,
625 3680 696 3757 ἧς
748 3687 876 3750 τοὺς
914 3689 1207 3758 οἰκήτορας
1260 3688 1418 3755 ίσμεν
1479 3689 1771 3761 Ῥωμαίοις
1831 3694 1999 3747 πάλαι

424 3776 725 3845 ἑπομένους
758 3778 960 3849 πολλῆς
1007 3780 1101 3832 καὶ
1132 3778 1229 3849 τῆς
1258 3780 1495 3852 ἀρίστης
1536 3782 1720 3852 σχεδὸν
1765 3782 1864 3852 τῆς
1892 3785 1999 3839 πά-

423 3886 523 3939 σης
550 3870 879 3941 οἰκουμένης
907 3871 1105 3941 μοίρας
1130 3874 1567 3941 κεκρατηκότας.
1604 3875 1712 3927 Καὶ
1743 3877 1869 3938 τοὺς
1902 3878 2001 3946 τῆς

423 3961 733 4030 ὴμεμονίας
783 3963 957 4030 αὐτῆς
1008 3965 1170 4033 ὄρους
1222 3963 1361 4032 πρὸς
1403 3963 1502 4032 μὲν
1548 3963 1751 4033 ἄρκτον
1777 3965 1998 4035 Ἴστρῳ,

430 4054 565 4123 πρὸς
600 4054 656 4107 δὲ
686 4055 1037 4127 μεσημϐρίαν
1066 4054 1273 4124 Λιϐύης
1302 4057 1413 4117 τοῖς
1445 4056 1741 4126 ἀοικήτοις,
1782 4056 1916 4126 πρὸς
1945 4058 2002 4109 δὲ

424 4147 662 4217 ἑσπέραν
695 4146 956 4215 Ὠκεανῷ,
987 4146 1080 4200 καὶ
1115 4147 1250 4216 πρὸς
1278 4147 1353 4200 ἕω
1382 4147 1614 4219 Τίγρητι
1652 4150 1883 4218 ποταμῷ
1908 4166 2002 4200 πε-

426 4240 779 4307 ποιημένους.
817 4237 1023 4291 Γονέων
1053 4238 1167 4307 (10)
1202 4238 1247 4293 δ’
1273 4239 1455 4293 αὐτῶν
1481 4238 1582 4307 ἔφυ
1616 4241 1784 4311 ἀρετῇ
1813 4258 1872 4293 τε
1906 4241 2002 4294 καὶ

426 4330 691 4401 ἐμπειρία
727 4328 1026 4399 πολεμικῇ,
1066 4330 1225 4383 τοῦτο
1254 4330 1355 4399 μὲν
1375 4323 1451 4382 ὧν
1481 4326 1655 4401 ἦρξαν
1682 4331 1888 4383 πόλεων
1916 4348 2003 4383 κε-

425 4421 801 4490 κρατηκότων,
838 4419 949 4473 αἰεὶ
977 4418 1033 4472 δὲ
1070 4419 1208 4491 πρὸς
1239 4422 1483 4484 ἅπαντας
1520 4421 1649 4491 περὶ
1680 4422 1746 4474 τὰ
1778 4420 2002 4475 τοιαῦτα

426 4512 882 4584 εὐδοκιμούντων.

2102 3329 2232 3370 vero
2278 3324 2338 3369 ut
2395 3316 2649 3386 privatim
2688 3319 2829 3375 hanc
2876 3320 2925 3375 el
2964 3331 3172 3391 partem
3220 3326 3569 3383 exsolvamus
3599 3346 3684 3383 re-

2102 3404 2368 3460 verentiae
2431 3416 2485 3461 et
2533 3405 2932 3466 benevolentiae
2984 3428 3149 3482 quam
3206 3416 3362 3472 nobis
3423 3420 3683 3475 exhibere

2103 3512 2380 3565 nunquam
2404 3497 2633 3554 destitit.

2175 3589 2266 3645 Illa
2296 3592 2442 3646 enim
2485 3609 2547 3648 ex
2582 3593 2769 3650 Italica
2815 3596 3034 3665 regione
3059 3607 3177 3653 orta
3210 3609 3350 3666 cra},
3401 3604 3558 3674 cujus
3604 3609 3683 3660 in-

2103 3679 2251 3735 colas
2276 3680 2530 3736 novimus
2556 3681 2836 3740 Romanos
2867 3686 2995 3740 olim
3051 3689 3353 3745 continenti
3388 3709 3677 3762 pFOgI‘CSStI

2105 3771 2366 3841 majorem
2408 3772 2799 3845 melioremque
2855 3774 2972 3831 fere
3038 3779 3188 3834 orbis
3242 3782 3479 3839 universi
3514 3787 3686 3856 impe-

2105 3864 2186 3917 rio
2215 3863 2538 3933 subjugasse
2587 3866 2876 3934 etimperii
2908 3872 3171 3926 terminos
3214 3873 3379 3943 hujus
3433 3878 3498 3931 ad
3559 3895 3682 3949 sep-

2109 3954 2437 4008 tentrionem
2491 3955 2654 4019 lstro,
2728 3956 2796 4011 ad
2850 3959 3140 4018 meridiem
3228 3964 3679 4026 iuhabitabilibus

2105 4044 2287 4115 Libya:
2313 4046 2578 4115 partibus,
2614 4046 2679 4100 ad
2738 4047 3077 4103 Occidentem
3113 4066 3320 4107 oceano
3347 4064 3401 4109 et
3427 4059 3493 4111 ad
3526 4073 3687 4113 auro-

2108 4152 2220 4191 ram
2252 4136 2397 4209 Tigri
2432 4137 2656 4195 ﬂumine
2692 4138 2957 4196 deﬁnitos
3029 4142 3134 4197 sibi
3170 4147 3545 4205 constituisse.
3588 4151 3687 4205 Pn-

2106 4238 2285 4284 rentes
2317 4239 2497 4283 autem
2537 4246 2602 4285 ex
2637 4231 2836 4301 quibus
2862 4242 2946 4289 est
2983 4244 3123 4300 orta,
3155 4238 3354 4293 virtute
3380 4250 3432 4294 et
3462 4243 3685 4297 militari

2106 4322 2301 4393 peritia
2336 4339 2429 4394 per
2458 4338 2622 4393 quam
2673 4324 3010 4392 civitatibus,
3047 4329 3247 4397 quibus
3275 4330 3686 4402 imperitabant,

2109 4418 2265 4488 potiti
2328 4428 2478 4485 sunt,
2530 4435 2745 4490 semper
2798 4423 2939 4491 apud
2973 4430 3165 4478 omnes
3224 4425 3277 4502 in
3319 4426 3482 4485 rebus
3521 4430 3684 4501 hujus

2106 4511 2323 4581 generis
2368 4511 2691 4565 inclaruere.

495 4602 654 4659 Οὕτω
681 4603 739 4656 δὲ
792 4605 858 4657 ὲκ
895 4602 1155 4658 τοιούτων
1183 4604 1351 4672 φῦσα,
1388 4604 1517 4675 τῇδέ
1563 4621 1621 4657 τε
1663 4605 1896 4659 ἐλθοῦσα
1932 4606 1995 4677 τιῖ

2188 4602 2414 4657 Talibus
2441 4603 2604 4673 igitur
2628 4615 2769 4672 orta,
2804 4616 3089 4677 postquam
3120 4608 3225 4665 huc
3259 4614 3523 4680 venisset,
3553 4617 3693 4671 divi-

425 4693 687 4763 θειοτάτῳ
713 4695 869 4764 ἡμῶν
890 4694 1204 4765 συνῴκησεν
1226 4696 1478 4764 ἡγεμόνι,
1506 4696 1657 4768 καλῷ
1687 4715 1745 4749 τε
1771 4697 1885 4750 δντι
1912 4702 2007 4752 καὶ

426 4786 618 4857 ἀγαθῴ
648 4787 787 4858 καλή
812 4804 871 4840 τε
905 4787 1148 4857 κάγαθὴ,
1179 4788 1350 4841 πολύν
1378 4806 1437 4841 τε
1484 4791 1577 4842 καὶ
1625 4791 1879 4861 λαμπρὸν
1910 4794 1997 4843 κό-

426 4898 564 4951 σμον
591 4883 865 4952 φερομένη
898 4883 1043 4936 κατὰ
1070 4899 1130 4934 τε
1180 4884 1336 4952 σῶμα
1386 4884 1477 4935 καὶ
1507 4884 1718 4954 ψυχήν⁵
1753 4884 2003 4954 σώματος

429 4972 528 5043 μὲν
589 4973 785 5036 κάλλος
827 4974 918 5027 καὶ
973 4974 1224 5043 μέγεθος,
1264 4974 1442 5043 ψυχῆς
1469 4974 1524 5026 δὲ
1562 4976 1623 5027 τὸ
1657 4976 1790 5044 πρὸς
1822 4978 2005 5029 πᾶσαν

426 5065 628 5135 ἀρετὴν
677 5062 735 5119 εὖ
784 5067 1050 5135 πεφυκός.
1084 5066 1265 5121 Ἕνιαι
1310 5067 1409 5135 μὲν
1448 5067 1556 5138 γὰρ
1585 5066 1694 5120 τῶν
1731 5069 2007 5135 γυναικῶν

428 5157 657 5220 κάλλους
718 5156 971 5227 σώματος
1027 5156 1288 5229 τυχοῦσαι
1331 5156 1524 5209 ἔπειτα
1569 5157 1704 5211 πολύ
1742 5175 1793 5209 τι
1830 5157 2009 5227 ψυχῆς

432 5242 623 5316 αἶσχος
646 5247 821 5319 τούτῳ
843 5248 1201 5302 ἀντιτιθεῖσαι
1236 5248 1514 5319 ἄχρηστον
1537 5248 1689 5317 αὐτὸ,
1721 5248 1920 5318 μᾶλλον
1950 5250 2005 5300 δὲ

496 5393 573 5463 (θ)
603 5393 646 5465 ις
674 5412 729 5465 q.
766 5393 1047 5464 ἐξηγῆταιο

500 5462 577 5532 (7)
608 5462 824 5528 Cicero,
850 5462 929 5519 ’De
950 5466 1050 5536 leg.
1086 5465 1151 5532 ll,
1184 5466 1277 5529 εδ,
1304 5464 1399 5520 24.

501 5539 577 5605 (8)
608 5535 831 5607 Confer.
872 5535 1082 5607 quide
1131 5539 1413 5607 sculptura
1470 5548 1711 5591 veterum
1768 5537 2004 5603 scripse-

430 5617 582 5669 runt,
620 5605 914 5672 Queusted,
951 5605 1272 5676 Gyraldum,
1311 5605 1661 5667 Gutltcrium.
1714 5606 1917 5661 Nicolai
1957 5624 2003 5659 υ.

433 5695 483 5733 a.
523 5677 595 5732 De
626 5677 835 5748 origine
869 5678 1067 5748 parum
1106 5678 1414 5748 orationum
1451 5678 1557 5732 vid.
1596 5678 1817 5748 Dionys.
1864 5677 2012 5730 llali.

430 5764 588 5821 earn.
632 5747 813 5814 Antiq.
860 5746 1010 5803 Rom.
1062 5749 1099 5803 Ι.
1136 5764 1190 5815 v,
1221 5765 1272 5818 p.
1312 5747 1410 5802 154
1454 5750 1561 5821 (ed.
1611 5746 2011 5819 LatIVignon,

432 5816 612 5887 nias).

2115 4693 2351 4748 nissime
2416 4694 2649 4765 principi
2705 4708 2895 4752 nostro
2942 4700 3125 4768 nupsit
3183 4704 3411 4772 pulchra
3461 4719 3513 4761 et
3547 4709 3689 4763 bona

2115 4784 2343 4852 pulchro
2367 4796 2417 4839 et
2451 4786 2613 4851 bono,
2658 4788 3003 4858 multumque
3034 4803 3087 4844 ct
3109 4796 3451 4861 splendidum
3484 4813 3689 4867 corpo-

2113 4878 2188 4931 ris
2212 4886 2265 4931 et
2295 4877 2463 4932 animi
2497 4880 2751 4935 decorem
2783 4896 2969 4937 secum
3001 4884 3256 4950 all'erens,
3298 4891 3547 4959 corporis
3576 4892 3694 4958 qui-

2112 4971 2233 5022 dem
2256 4970 2703 5038 pulchritudinem
2754 4982 2808 5026 et
2849 4978 3294 5044 magnitudinem,
3335 4981 3501 5033 animi
3566 4996 3692 5034 vero

2113 5061 2352 5116 indolem
2387 5061 2451 5115 ad
2510 5078 2725 5119 omnem
2758 5064 3015 5121 virtutem
3070 5084 3098 5119 a
3160 5076 3356 5123 natura
3412 5085 3693 5140 compara-

2121 5168 2254 5210 tam.
2287 5156 2639 5214 chiuarum
2666 5159 2811 5213 enim
2842 5161 3092 5229 quaedam
3161 5163 3409 5232 corporis
3442 5178 3696 5222 venusta-

2125 5256 2229 5299 tem
2297 5249 2525 5311 sortitae,
2572 5252 2664 5303 sed
2715 5250 2841 5303 huic
2899 5252 3123 5305 multam
3188 5254 3355 5308 animi
3391 5254 3691 5312 fteditatem

2185 5394 2261 5462 (9)
2297 5394 2543 5449 Umbria.

2187 5469 2297 5531 (I0)
2335 5465 2465 5518 Filia
2500 5467 2600 5517 luit
2626 5463 2913 5517 Malatestae
2940 5464 3094 5519 ducis
3131 5464 3408 5522 Marcliiaa.
3433 5467 3694 5525 Pltraulz.

2115 5537 2150 5589 l.
2184 5551 2233 5588 c.
2265 5535 2326 5589 11.
2357 5534 3131 5611 cap._lo._l)e_Malatestarutu
3159 5538 3581 5611 drimiueusium
3606 5561 3699 5611 ge-

2117 5623 2245 5659 uere
2286 5604 2435 5659 conf.
2491 5606 2641 5656 Ιέιιιι.
2696 5604 2988 5658 llamusius
3058 5608 3109 5659 in
3173 5606 3414 5664 Dedicat.
3476 5604 3695 5665 Itoni-"vti

2118 5677 2347 5749 Vullurii
2383 5676 2456 5749 De
2505 5692 2557 5729 re
2594 5674 2841 5749 militari,
2886 5673 3061 5730 Paris.
3119 5693 3207 5749 ap.
3259 5677 3503 5735 Wecltel.
3560 5680 3696 5736 1554

2115 5747 2211 5815 (fol
2260 5748 2339 5815 ‘2).
2375 5748 2649 5799 Pontanus
2682 5744 2746 5799 ad
2780 5747 3100 5801 l’hraulzam
3132 5744 3170 5803 Ιξ
3206 5764 3253 5803 c.
3294 5751 3361 5805 ad
3395 5750 3693 5804 Leandrum

2115 5817 2389 5871 Albcrtum
2425 5818 2476 5872 iu
2512 5815 2818 5873 ﬂoumtula
2856 5816 3036 5873 Descr.
3069 5817 3204 5876 Ital.
3241 5822 3473 5891 delc-gat.
