3858 6202
1579 169 1732 185 ιη’-κιο

465 306 573 372 945

1388 320 1776 382 LAUDATIO
1821 319 2213 381 FUNEBRIS
2255 322 2569 382 CLEOPxE
2617 325 2790 386 AUG.

3609 305 3714 380 0l6

533 423 856 498 Γενναιότης
885 429 998 502 δὶή
1034 435 1160 505 περὶ
1183 435 1358 490 ταῦτα
1399 441 1575 493 πάντα
1615 441 1893 512 καμάτους
1938 443 2021 495 κα)

2205 438 2550 496 Generositas
2583 451 2757 496 autem
2800 442 2963 495 animi
3037 442 3148 496 haec
3171 440 3310 496 erat'
3341 450 3399 494 ut
3429 455 3490 494 ea
3529 444 3712 494 omnia

465 515 658 582 πόνους
682 519 744 572 οὐ
773 522 1009 588 φαύλους
1038 523 1229 596 ἔχοντα
1251 527 1353 582 οὐκ
1386 530 1623 598 ἔκλυσις.

529 698 689 754 Οὕτω
717 700 774 754 δὲ
806 702 899 755 καὶ
923 703 1060 772 μετά
1080 704 1338 761 τοιούτων
1369 709 1818 782 ἐπιτηδευμάτων
1842 717 2032 786 βιοῦσα

460 792 554 844 καὶ
598 792 772 846 ταῦτα
823 794 1068 849 ἀσκοῦσα
1112 799 1206 852 καὶ
1255 801 1538 867 μελετῶσα
1587 805 1729 860 καλά
1758 825 1816 860 τε
1847 809 2032 874 καλοῖς

457 883 545 936 ἀεὶ
597 884 975 954 προστιθεῖσα,
1009 887 1101 943 ἐπὶ
1156 890 1484 966 θυγατριδίῳ
1538 897 1689 966 καλῷ
1745 916 1805 952 τε
1853 902 2030 969 κάγα-

458 973 536 1042 θῷ
572 974 664 1027 καὶ
691 977 804 1029 τῶν
837 978 1041 1044 γονέων
1073 980 1228 1052 ἀξίῳ,
1284 986 1343 1038 ἐν
1377 987 1514 1059 αὐτῇ
1565 991 1630 1059 τῇ
1681 992 1780 1060 τῆς
1813 993 2031 1062 ἡλικίας

455 1063 633 1135 ἀκμῇ,
665 1068 963 1139 προσθείην
989 1071 1033 1123 δ’
1066 1073 1152 1139 ἀν,
1187 1075 1268 1128 δτι
1311 1079 1406 1130 κα).
1451 1080 1560 1133 τῶν
1591 1083 1879 1153 ἡμετέρων
1912 1086 2033 1155 ἐορ-

455 1156 565 1207 τῶν
611 1174 671 1210 τε
710 1159 805 1212 καὶ
853 1161 1018 1232 ἱερῶν
1078 1168 1192 1230 τοῖς
1235 1168 1560 1237 ἁγιωτάτοις
1609 1173 1733 1244 ἄρτι
1775 1176 1884 1246 (14)
1935 1180 2030 1232 τοῦ

456 1250 770 1315 ἀγιωτάτου
818 1255 928 1309 τῶν
971 1259 1258 1331 ἡμετέρων
1299 1265 1659 1336 μετειληφυῖα
1691 1272 2026 1341 μυστηρίων,

456 1341 603 1434 νόσῳ(
627 1361 686 1396 τε
716 1345 970 1420 ὀξυτάτῃ,
1011 1352 1105 1405 καὶ
1149 1353 1420 1422 κρείττονι
1449 1359 1629 1428 πάσης
1667 1361 1912 1433 ἰατρικῆς
1943 1369 2030 1434 ἐγ-

457 1432 759 1503 χειρήσεως
790 1438 888 1490 τοῦ
918 1440 1043 1508 τῇδε
1078 1441 1196 1510 βίου
1226 1443 1559 1518 ὑπεκχωρεϊ.
1609 1449 1696 1513 Ὠς
1723 1432 1817 1506 καὶ
1851 1432 2030 1508 ἐντεῦ-

456 1522 547 1575 θεν
581 1523 804 1614 θεοφιλῆ
831 1529 943 1600 (15)
981 1533 1048 1587 ἂν
1083 1536 1310 1601 εἰκότως
1349 1539 1547 1603 δοκεῖν,
1582 1544 1639 1595 ἐν
1671 1545 1900 1614 τοιούτῳ
1933 1548 2029 1601 τοῦ

455 1613 647 1684 καιροῦ
702 1617 808 1670 ὑπὸ
864 1619 1001 1674 Θεοῦ
1059 1625 1487 1698 ἀνιιλημμένην,
1528 1632 1731 1702 πολλὴν
1776 1613 1878 1705 μὲν
1917 1643 2029 1704 τοῖς

454 1708 720 1823 ύπηκόοις
746 1714 1068 1823 funestam
1103 1717 1360 1788 πλείστην
1393 1723 1448 1774 δὲ
1474 1724 1549 1794 τῷ
1580 1725 1846 1800 θειοτάτῳ
1870 1734 2026 1801 ἡμῶν
2053 1764 2100 1823 Β

455 1801 687 1893 ἡγεμόνι
741 1803 1085 1863 ἀπολιποῦσα
1138 1811 1376 1884 ἀθυμίαν
1423 1816 1515 1868 ἐπὶ
1562 1820 1626 1888 τῇ
1659 1821 1859 1893 ἑαυτῆς
1887 1825 2026 1879 ἀπο-

456 1891 608 1962 ϐολῇ.

537 1983 677 2038 Ἀλλ’
709 1987 758 2040 εί
796 1989 898 2058 μὲν
928 1992 1096 2061 μηδέν
1134 2013 1184 2048 τι
1213 1993 1282 2068 ἦν
1313 2000 1370 2052 ἐν
1397 2002 1472 2071 τῷ
1513 2004 1788 2077 ἀνθρώπῳ
1822 2008 2027 2062 ἀθάνα-

451 2092 582 2170 τον,Δ
621 2078 924 2170 ἀνήκεστον
954 2084 1021 2136 ἀν
1051 2081 1121 2156 ἦν
1163 2091 1308 2143 κατὰ
1353 2091 1415 2144 τὸ
1455 2096 1602 2157 είκὸς
1641 2097 1734 2150 καὶ
1767 2100 1795 2166 η
1830 2100 1924 2153 ἐπὶ
1953 2101 2028 2170 τῷ

453 2166 670 2260 θανάτῳ
697 2169 904 2240 ἀθυμία
928 2188 944 2206 ·
997 2174 1092 2228 νῦν
1127 2177 1242 2248 (16)
1274 2179 1319 2231 δ’
1347 2181 1376 2233 ὃ
1415 2201 1468 2235 τι
1511 2187 1711 2256 φαμὲν,
1747 2191 1806 2242 τὸ
1854 2193 1952 2260 μέν

456 2257 612 2326 ἡμῶν
665 2261 858 2330 θνητὸν
911 2262 1072 2333 εἶναι,
1113 2269 1174 2321 τὺ
1225 2270 1269 2322 δ’
1299 2271 1584 2342 ἀθάνατον,
1631 2278 1769 2347 δῆλα
1803 2257 1904 2347 dii;
1945 2285 2026 2338 ὅτι

453 2349 597 2402 τοῦτ’
636 2351 701 2404 ἂν
745 2353 805 2406 τὸ
840 2357 1177 2424 κυριώτατον
1225 2363 1382 2432 ἡμῶν
1436 2369 1530 2421 καὶ
1571 2370 1600 2422 ὃ
1653 2372 1888 2440 μάλιστα
1929 2377 2024 2430 ἄν·

455 2443 670 2537 θρωπος
715 2447 816 2537 εἴη,
843 2447 904 2499 τὸ
939 2449 1224 2518 ἀθάνατον,
1261 2456 1321 2508 τὸ
1350 2457 1406 2510 δὲ
1450 2441 1644 2530 θνητὸν
1687 2469 1837 2519 τουτὶ
1866 2486 2029 2537 χιτω-

452 2535 566 2586 νίου
601 2537 743 2679 ⁴Ξινὸς
769 2536 946 2609 δίκην,
984 2541 1062 2613 τῷ
1091 2544 1346 2616 ἀθανάτῳ
1383 2549 1450 2604 ἀν
1475 2553 1634 2621 ἡμῶν
1665 2558 1750 2624 εἴη
1786 2535 2027 2630 προσηρ-

455 2641 601 2679 μοσυ.
637 2645 748 2679 νον.

453 2641 748 2696 μοσμενον.

524 2806 616 2899 "ﬂ;
649 2827 749 2861 που
784 2811 888 2864 κᾶν
911 2812 1024 2882 ἔχοι
1053 2817 1256 2884 καλῶς,
1291 2823 1380 2875 ἐπὶ
1412 2827 1476 2895 τῇ
1509 2828 1601 2880 τοῦ
1628 2832 1876 2899 χιτω·.·ίου
1904 2835 2022 2888 τοῦ-

447 2893 503 2945 δε
538 2893 802 2966 ἀποϐολῇ,
829 2898 948 2951 οὔθ’
971 2901 1110 2968 ὑπὲρ
1140 2909 1172 2974 ἡ
1183 2907 1300 2975 μῶν
1330 2912 1530 2978 αὐτῶν,
1561 2917 1684 2971 οὔτε
1717 2922 1824 2974 τῶν
1853 2925 2022 2992 φίλων

451 2990 657 3060 σφόδρα
685 3009 739 3044 τι
760 2993 1016 3064 ἀθυμεῖν,
1048 2998 1152 3062 ἕως
1191 3001 1256 3056 ἂν
1285 3003 1344 3057 τὸ
1377 3011 1714 3077 κυριώτατον
1740 2990 1894 3084 ἡμῶν
1926 3021 2021 3072 καὶ

2135 543 2252 596 qum
2317 531 2531 587 labores
2594 549 2701 587 non
2757 532 2997 587 modicos
3052 542 3106 588 ct
3179 532 3708 602 defatigationcsha-

2136 620 2262 675 bent
2323 637 2427 675 non
2477 622 2749 678 deﬁceret.

2206 710 2496 782 Postquam
2539 729 2664 767 eum
2705 714 2772 768 ad
2814 715 3028 767 modum
3057 722 3108 768 et
3141 714 3340 768 talibus
3359 729 3480 767 cum
3509 713 3707 792 studiis

2137 803 2362 859 vixisset
2390 814 2444 859 et
2475 805 2558 860 his
2587 807 2824 861 exercita
2861 807 3009 860 curis
3045 809 3185 860 bona
3222 807 3376 860 bonis
3405 806 3707 860 addidisset

2133 896 2376 960 assidue,
2431 907 2553 964 pou
2589 897 2842 950 tcn‘cllam
2883 894 3076 960 tiliam,
3116 898 3396 966 pulchram
3439 912 3591 965 reque
3641 913 3701 949 ac

2145 986 2344 1040 bonam
2375 985 2706 1056 dignamque
2738 987 3078 1057 parentibus,
3113 989 3165 1042 in
3195 988 3310 1057 ipso
3341 989 3515 1043 aetatis
3553 988 3701 1051 ﬂore,

2132 1085 2205 1142 et,
2235 1087 2293 1131 ut
2351 1078 2401 1132 id
2438 1094 2658 1148 quoque
2699 1079 3021 1145 addiderim,
3088 1082 3357 1150 perceptis
3403 1062 3573 1149 nuper
3613 1097 3702 1134 sa-

2134 1171 2480 1225 cratissimas
2510 1171 2653 1224 intra
2691 1172 3064 1227 solemnitates
3092 1185 3308 1226 nostras
3346 1181 3399 1227 et
3427 1174 3706 1240 augustis-

2134 1262 2268 1317 sima
2331 1262 2598 1317 sacriﬁcia
2641 1265 3004 1318 sanctissimis
3041 1264 3332 1334 mysteriis,
3393 1264 3711 1316 acutissimo

2137 1352 2326 1406 morbo
2365 1354 2455 1422 qui
2492 1368 2706 1405 munem
2753 1352 3038 1407 medicinae
3097 1353 3468 1422 operationem
3540 1367 3718 1418 supe-'

2133 1453 2281 1500 raret
2319 1445 2608 1508 exstincta,
2645 1460 2708 1498 ex
2753 1445 2854 1498 hac
2889 1445 2995 1498 vita
3024 1445 3283 1499 decessit.
3337 1444 3413 1498 lta
3454 1445 3700 1497 utetiam

2138 1537 2263 1590 inde
2297 1552 2327 1589 a
2353 1535 2461 1590 Deo
2505 1537 2699 1590 dilecta
2730 1538 2923 1590 merito
2972 1546 3261 1590 censeatur
3322 1551 3442 1604 quae
3481 1536 3549 1589 ab
3589 1535 3706 1604 ipso

2134 1627 2187 1680 in
2222 1627 2314 1680 tali
2342 1628 2604 1696 temporis
2677 1628 3086 1697 Opportunitate
3113 1627 3182 1681 sit
3222 1635 3528 1694 assumpta,
3568 1626 3710 1678 mulo
3757 1695 3760 1700 ι

2135 1725 2247 1770 tum
2317 1717 2533 1785 quidem
2594 1716 2824 1770 sulnlitis
2881 1730 3195 1781 mmrorem,
3254 1715 3545 1784 plurimam
3624 1729 3712 1768 ve-

2135 1823 2195 1863 ro
2216 1807 2561 1862 divinissimo
2590 1808 2819 1878 principi
2844 1816 3030 1861 nostro
3049 1807 3326 1861 tristitiam
3364 1808 3699 1877 relinquens.

2203 1984 2362 2051 Quod
2400 1985 2446 2038 si
2498 1999 2624 2038 vero
2665 1985 2796 2037 nihil
2853 1993 2998 2037 esset
3031 1983 3337 2038 immortale
3373 1984 3425 2037 in
3467 1985 3705 2048 homine,

2131 2080 2554 2158 irremediabilis
2594 2092 2742 2136 esset
2788 2082 2911 2150 jure
2953 2081 3147 2134 merito
3181 2081 3247 2133 de
3281 2091 3456 2134 morte
3499 2083 3709 2135 maesti-

2132 2173 2226 2227 tia.
2254 2173 2407 2228 Nunc
2451 2182 2630 2226 autem
2673 2172 2786 2242 (15)
2813 2172 2957 2240 quod
3000 2172 3314 2240 profitemur
3359 2182 3564 2239 partem
3602 2189 3703 2225 no-

2135 2266 2232 2320 stri
2306 2265 2530 2318 alteram
2583 2278 2704 2318 esse
2759 2263 3066 2324 mortalem,
3138 2263 3501 2317 immortalem
3566 2279 3694 2317 vero

2131 2357 2380 2419 alteram,
2412 2354 2695 2408 evidenter
2723 2355 3081 2422 consequitur
3107 2353 3160 2407 id
3195 2353 3348 2421 quod
3393 2355 3701 2406 immortale

2129 2450 2460 2521 praecipuam
2499 2447 2668 2501 nostri
2711 2461 2834 2501 esse
2892 2457 3102 2513 partem
3160 2456 3212 2498 et
3264 2444 3481 2512 proprie
3529 2446 3703 2499 ho‘mi-

2129 2556 2274 2602 nem,
2300 2541 2400 2593 hoc
2425 2547 2604 2592 autem
2643 2537 2784 2605 quod
2825 2546 2904 2589 est
2948 2535 3197 2595 mortale,
3226 2536 3479 2588 tunicula:
3505 2537 3666 2604 cujus
3685 2566 3697 2578 -

2127 2633 2250 2686 dam
2330 2633 2524 2695 instar,
2578 2630 2642 2682 ad
2714 2629 2764 2681 id
2815 2627 2960 2697 quod
3031 2627 3208 2681 estin
3273 2627 3431 2682 nobis
3495 2630 3695 2682 mortis

2127 2724 2370 2777 nescium
2431 2721 2742 2789 adaptatum
2790 2733 2931 2772 esse.

2204 2813 2394 2883 itaque
2456 2813 2591 2866 bene
2641 2825 2700 2864 se
2737 2825 2820 2864 res
2861 2810 3076 2873 haheat,
3136 2813 3205 2875 si,
3258 2811 3466 2878 ahjccta
3532 2812 3696 2865 haece

2127 2906 2390 2968 tunicula,
2422 2919 2596 2972 neque
2625 2903 2692 2956 de
2727 2903 2885 2955 nobis
2918 2902 3048 2970 ipsis
3099 2917 3272 2970 neque
3301 2904 3368 2957 de
3414 2904 3556 2957 caris
3609 2919 3706 2956 no-

2127 2999 2260 3053 stris
2285 2997 2638 3051 vehenientcr
2667 2995 2972 3061 lugeamus,
3001 2993 3442 3061 quandoquidem
3471 2994 3612 3062 quod
3639 2996 3691 3048 in

447 3082 475 3135 ὅ
503 3083 566 3153 δὴ
599 3085 750 3138 αὐτοί
779 3087 969 3156 ἐσμεν,
1012 3091 1073 3142 οὖ
1129 3092 1291 3160 μόνον
1323 3104 1645 3171 συνεστήκοι
1691 3082 1883 3163 τεκαὶ⁹
1923 3112 2021 3162 σώ-

2134 3089 2282 3141 nohis
2311 3095 2394 3140 est
2426 3086 2752 3153 pt'mcipuum
2810 3083 3030 3151 etquod
3077 3083 3178 3152 ipsi
3214 3099 3404 3139 sumus
3461 3100 3569 3138 non
3603 3101 3692 3138 so-

449 3175 614 3268 ζοιτο,
652 3178 789 3233 ἀλλά
841 3180 934 3266 καὶ
982 3182 1115 3250 πρὸς
1157 3186 1407 3252 ἀμείνοσι
1457 3191 1762 3264 διατριϐαῖς
1803 3202 2026 3268 γεγονὸς

447 3267 534 3335 εἴη
562 3268 669 3319 τῶν
701 3270 823 3339 τῇδε
849 3285 862 3299 ·
931 3270 1026 3324 ἆτε
1061 3273 1284 3340 ἄμεινόν
1321 3294 1378 3328 τε
1427 3280 1521 3332 καὶ
1566 3283 2026 3353 εἰλικρινέστατον

446 3363 513 3426 τῇ
545 3359 636 3412 τοῦ
664 3361 863 3432 θνητοῦ
890 3363 984 3416 καὶ
1011 3365 1247 3431 γεώδους
1271 3369 1424 3423 τοῦδε
1461 3375 1866 3444 περιϐλήματος
1890 3383 2024 3436 ἀπο-

449 3450 596 3502 θέσει
638 3451 1014 3518 ἐφαπτόμενόν
1045 3471 1102 3506 τε
1141 3457 1247 3509 τῶν
1276 3459 1436 3528 θείων
1474 3465 1567 3516 καὶ
1594 3465 1886 3525 ἀπολαῦον.
1915 3475 2024 3526 Καὶ

453 3539 689 3632 μάλιστα
712 3541 765 3594 εί
788 3540 864 3612 τῴ
889 3561 972 3608 τις
1003 3544 1095 3598 καὶ
1127 3547 1378 3602 ἐντεῦθεν
1410 3554 1608 3623 μελέτη
1639 3559 1728 3610 καὶ
1763 3563 2024 3632 συνήθεια

448 3631 535 3699 εἴη
563 3632 698 3700 πρὸς
722 3633 883 3699 αὐτὰ,
907 3635 1037 3689 οἴων
1066 3639 1158 3690 καὶ
1179 3639 1277 3710 τὴν
1308 3643 1404 3696 νῦν
1427 3645 1714 3717 οἰχομένην
1738 3631 2021 3718 τεύξεσθαι

447 3722 758 3791 ἐλπίζομεν,
789 3724 850 3814 εῗῦ
896 3727 996 3796 μὲν
1051 3728 1405 3800 βεϐιωκυῖαν,
1452 3736 1510 3790 εὖ
1543 3739 1598 3792 δὲ
1629 3741 1762 3795 Θεὸν
1797 3746 2020 3814 τεθερα-

449 3815 735 3908 πευκυῖαν,
773 3813 834 3867 εὖ
882 3815 938 3869 δὲ
997 3820 1130 3887 πρὸς
1175 3821 1272 3886 τὰς
1306 3825 1487 3878 ἐκεῖσε
1517 3829 1804 3900 διατριϐάς
1853 3813 2022 3908 παρε-

447 3907 848 3976 σκευασμένην.

527 3996 586 4049 Ὃ
635 3997 692 4050 δέ
733 4015 799 4065 γε
847 3999 1098 4054 ἐντεῦθεν
1147 4003 1370 4058 ἐκείνων
1417 4007 1751 4080 ἀμελέτητος
1792 4017 2021 4082 εἰκότως

445 4088 624 4140 ἐκεῖσε
650 4088 983 4158 ἀφικόμενος
1012 4091 1260 4163 ἱλιγγιῴη
1293 4111 1351 4146 τε
1381 4095 1447 4148 ἂν
1483 4099 1573 4150 καὶ
1599 4100 2018 4176 ἀποστρέφοιτο,

445 4179 539 4232 ἅτε
576 4180 876 4250 ἀλλοτρίοις
905 4199 966 4235 τε
1001 4183 1087 4238 διὰ
1112 4184 1211 4254 τὴν
1242 4186 1502 4256 ἀλήθειαν
1539 4193 1630 4244 καὶ
1669 4193 1729 4245 ού
1766 4198 1904 4251 πάνυ
1937 4217 2018 4252 τοι

445 4271 624 4342 ἑαυτῷ
695 4275 1036 4345 προσήκουσι
1099 4279 1420 4348 πράγμασιν
1489 4285 1857 4356 ἐντυγχάνων.
1917 4296 2019 4347 Λο-

442 4365 658 4431 γιστέον
685 4364 729 4416 δ’
757 4366 824 4418 ἂν
866 4365 955 4436 εἴη
1005 4369 1133 4438 περὶ
1174 4369 1270 4422 τοῦ
1301 4371 1556 4442 θανάτου,
1591 4379 1839 4450 καθάπερ
1872 4383 1937 4435 ἂν
1969 4388 2016 4438 εἰ

441 4457 572 4524 περὶ
593 4457 902 4528 ἀποδημίας
938 4463 1177 4531 μακρᾶς,
1210 4464 1305 4518 καὶ
1330 4467 1537 4536 ταύτης
1566 4471 1658 4522 ἐπὶ
1693 4473 1826 4527 πολὺ
1855 4475 2018 4544 ἀμεί-

440 4563 586 4598 νςσιν
617 4547 682 4600 ἀν
713 4549 898 4601 ἐλπίσι
945 4553 1294 4623 γιγιομένης.
1327 4557 1388 4608 Oi
1424 4557 1530 4627 γὰρ
1564 4560 1748 4614 πολλοὶ
1789 4563 1878 4617 καὶ
1928 4567 2019 4618 δα-

440 4637 703 4707 κρύουσιν
726 4640 1152 4710 ἀποδημούντων
1179 4645 1291 4698 τῶν
1316 4646 1676 4718 φιλουμένων,
1708 4655 2014 4722 ἐννοοῦντες

437 4731 608 4802 δήπου
638 4731 740 4802 τὴν
770 4734 827 4785 ἐν
849 4732 925 4802 τῷ
957 4735 1186 4804 παρόντι
1215 4737 1462 4808 ἀλλήλων
1485 4740 1786 4800 διάστασιν.
1825 4749 2014 4818 Ὅμως

441 4822 628 4890 μέντοι
663 4822 1024 4894 λογιζόμενοι,
1058 4826 1144 4895 ἐφ’
1169 4827 1307 4891 οῖαις
1347 4830 1542 4883 ἐκεῖνοι
1589 4837 1900 4892 στέλλονται
1933 4841 2015 4891 ἐλ-

439 4916 576 4973 πίσι.
605 4914 702 4968 καὶ
724 4918 1114 4987 συγχαίρουσιν
1136 4935 1150 4948 °
1184 4920 1259 4983 ὠς
1292 4921 1441 4987 δῆλοι
1472 4925 1748 4994 γίγνονται
1780 4930 1856 4999 τῷ
1888 4934 2015 4985 συλ-

437 5006 737 5072 λαμϐάνειν
781 5009 929 5062 ἔστιν
970 5009 1058 5061 ὅτε
1091 5010 1297 5076 αὐτοῖς,
1346 5017 1473 5084 περὶ
1515 5020 1684 5089 συχνά
1731 5022 1840 5074 τῶν
1875 5025 2014 5092 πρὸς

438 5096 752 5166 ἀποδημίαν
786 5099 1078 5167 φερόντων.
1118 5098 1276 5152 Οὕτω
1315 5101 1380 5172 δὴ
1407 5102 1500 5156 καὶ
1529 5106 1622 5157 ἐπὶ
1649 5107 1736 5158 τοῦ
1782 5109 2012 5163 θανάτου

438 5188 545 5239 τῶν
598 5189 939 5258 φιλουμένων
984 5190 1245 5260 ἄχθεσθαι
1305 5195 1406 5261 μὲν
1450 5198 1598 5266 ἡμᾶς
1629 5200 1762 5268 πρὸς
1807 5199 2008 5268 ὀλίγον,

437 5280 661 5334 ἐκείνων
695 5281 1223 5351 ἀπολελειμμένους,
1253 5284 1339 5336 ἐπ’
1360 5287 1498 5358 αὐτῇ
1522 5291 1586 5358 τῇ
1611 5289 1915 5358 ἀπολείψει,
1947 5293 2006 5343 ού

439 5371 579 5424 πάνυ
611 5391 662 5426 τι
694 5373 760 5427 ἂν
800 5373 884 5443 είη
921 5373 1124 5428 ἄτοπον
1145 5390 1160 5405 °
1188 5376 1572 5448 λογιζομένους
1616 5381 1823 5451 μέντοι,
1862 5383 2007 5434 ἐκεί-

513 5528 626 5595 (14)
654 5529 878 5583 Sacram
914 5532 1162 5586 missam.

511 5599 631 5675 (15)
645 5603 907 5675 maeuii;
932 5603 1310 5675 iclighcatus.
1331 5605 1395 5656 (le
1417 5623 1502 5665 co,
1522 5605 1612 5671 qui
1637 5615 1780 5658 ιρι-ιε
1803 5611 2010 5675 agetido

439 5671 816 5746 κατορθοῦται.
846 5671 992 5746 inde
1035 5671 1265 5738 θάνατος
1309 5675 1712 5746 Οεοῳὶέστερος
1767 5671 1862 5746 ap:
1905 5681 2010 5735 Xe—

439 5742 606 5810 uoph.
648 5742 802 5795 Mem.
843 5741 929 5808 IV,
969 5743 1022 5807 8,
1054 5745 1104 5797 ὖ.

2134 3184 2242 3236 lum
2271 3181 2536 3234 consistat
2558 3189 2613 3230 et
2642 3186 2908 3238 servetur,
2935 3176 3029 3230 sed
3065 3185 3118 3230 et
3153 3176 3218 3230 ad
3278 3177 3501 3232 meliora
3537 3194 3704 3246 quam

2130 3290 2251 3343 qua:
2283 3272 2370 3324 hic
2404 3267 2823 3322 suntlransieril
2854 3284 2867 3319 :
2927 3267 3124 3321 melius
3170 3267 3372 3337 quippe
3410 3279 3462 3322 et
3515 3270 3697 3323 since-

2128 3365 2264 3423 rius,
2293 3362 2543 3428 deposito
2606 3359 2817 3412 mortali
2863 3359 2968 3412 hoc
2993 3352 3079 3412 'et
3112 3360 3355 3414 terrestri
3389 3360 3700 3421 involucra.

2125 3457 2310 3512 divina
2332 3453 2548 3522 attingit
2575 3452 2767 3514 hisque
2797 3448 3021 3513 fruitur,
3063 3451 3106 3504 si
3137 3451 3226 3504 cui
3264 3452 3567 3520 prmscrtim
3587 3453 3701 3520 jam

2123 3557 2177 3602 et
2237 3551 2362 3601 hinc
2411 3543 2724 3598 exercitatio
2768 3541 2932 3595 fuerit
2981 3551 3034 3595 et
3098 3544 3438 3598 consuetudo
3507 3547 3573 3597 ad
3635 3559 3698 3597 ea

2129 3639 2309 3711 qualia
2329 3647 2751 3691 consecuturam
2782 3649 2901 3687 esse
2934 3648 3217 3700 speramus
3246 3650 3364 3688 eam
3399 3651 3520 3704 quas
3544 3637 3704 3688 ntodo

2123 3732 2374 3788 defuncta
2442 3738 2544 3793 est,
2607 3740 2836 3796 quaeque
2864 3727 3066 3794 optime
3120 3728 3275 3792 vixit,
3327 3727 3532 3797 optime
3586 3728 3697 3781 Deo

2123 3822 2376 3878 servierit
2420 3832 2472 3874 ct
2515 3818 2720 3889 optime
2753 3829 3002 3884 superna:
3043 3817 3116 3871 illi
3149 3817 3556 3874 conversationi
3584 3833 3704 3873 sese

2125 3914 2467 3983 prmparavit.

2193 3998 2296 4066 Qui
2319 4009 2500 4054 autem
2538 3999 2626 4054 hic
2652 4001 2760 4054 illis
2791 4003 2843 4054 in
2878 4002 3042 4054 rebus
3069 3999 3233 4054 fuerit
3271 3999 3691 4062 inexercitatus,

2123 4093 2253 4149 illuc
2283 4109 2404 4148 cum
2431 4095 2757 4162 pervenerit,
2794 4095 3080 4160 vertigine,
3113 4102 3172 4146 ut
3211 4107 3308 4161 par
3347 4101 3452 4158 est,
3487 4092 3698 4146 tenebi-

2124 4196 2212 4241 tur
2243 4187 2714 4254 aversabitnrqne,
2746 4193 2804 4238 ut
2838 4186 2932 4253 qui
2969 4185 3034 4238 ad
3060 4184 3239 4238 aliena
3273 4197 3399 4236 vere
3465 4192 3519 4236 et
3549 4183 3698 4236 nullo

2124 4278 2285 4332 modo
2324 4277 2389 4331 ad
2418 4291 2474 4330 se
2507 4276 2829 4346 pertinentia
2856 4275 3179 4330 occurrerit.
3221 4274 3390 4328 Porro
3427 4273 3493 4328 de
3522 4285 3700 4329 morte

2125 4371 2196 4424 ita
2227 4369 2566 4424 sentiendum
2600 4369 2761 4422 l'nerit
2785 4370 2937 4438 quasi
2970 4368 3037 4421 de
3060 4368 3353 4440 longinqua
3383 4366 3698 4436 peregrina-

2132 4464 2298 4529 tione,
2342 4479 2461 4531 qua:
2494 4463 2559 4515 ad
2586 4477 2712 4531 spes
2749 4460 3193 4515 multomeiiores
3229 4460 3420 4513 initur.
3458 4459 3595 4512 Nam
3644 4469 3698 4514 ct

2131 4554 2400 4624 plerique,
2439 4553 2914 4623 proﬁciscentibus
2951 4553 3166 4614 amicis,
3203 4551 3596 4621 lacrymantur,
3646 4551 3697 4604 in

2119 4645 2376 4716 prmsenti
2416 4645 2604 4712 utique
2645 4655 2890 4697 mutuam
2923 4642 3321 4712 scparationem
3355 4643 3539 4696 animo
3580 4644 3698 4694 vol-

2120 4746 2328 4791 ventes.
2359 4732 2547 4805 Neque
2576 4751 2640 4788 eo
2664 4738 2865 4796 minus,
2903 4743 3221 4802 reputantes
3278 4749 3413 4803 quas
3443 4733 3513 4787 ob
3571 4750 3696 4802 spes

2119 4829 2186 4881 ad
2211 4829 2312 4881 iter
2339 4841 2461 4880 sese
2495 4827 2775 4894 accingant
2819 4825 2917 4887 illi,
2956 4826 3324 4893 congaudent,
3391 4823 3536 4892 quod
3569 4824 3693 4890 qni-

2117 4919 2237 4973 dem
2273 4926 2422 4987 patet
2452 4917 2580 4969 dum
2608 4917 2680 4987 iis.
2715 4917 3054 4970 collaborant
3089 4915 3381 4978 aliquando
3409 4915 3462 4965 in
3523 4913 3692 4964 multa

2117 5027 2237 5080 qua:
2272 5013 2338 5064 ad
2391 5003 2878 5078 peregrinationem
2935 5008 3240 5061 conterunt.
3304 5005 3395 5058 Sic
3457 5005 3694 5071 igitnrct

2120 5120 2218 5158 nos
2262 5104 2328 5157 de
2361 5112 2536 5156 morte
2565 5103 2859 5154 charon-um
2896 5100 3075 5153 dolere
3122 5101 3190 5151 ab
3223 5096 3326 5150 illis
3375 5096 3687 5158 derelictos,

2120 5195 2223 5249 sub
2247 5193 2419 5263 ipsam
2457 5191 2886 5251 derelictionem,
2924 5203 3264 5256 nequaquam
3299 5187 3689 5240 inconveniens

2121 5285 2303 5340 fuerit.
2334 5283 2756 5338 Considerantes
2787 5292 2960 5334 tamen
2982 5282 3172 5348 quales
3193 5283 3257 5334 ad
3305 5281 3464 5333 sedes
3495 5281 3690 5348 migra.

2119 5381 2294 5436 verint
2324 5377 2413 5432 isti
2449 5386 2504 5430 et
2537 5379 2786 5429 meliores
2815 5376 3244 5440 diviniorcsqnc,
3297 5389 3505 5442 nosque
3541 5373 3689 5442 ipsos

2197 5536 2310 5602 (16)
2343 5534 2416 5585 Τὸ
2459 5530 2778 5596 ὑπολειφθὲν
2812 5529 2996 5602 σῶμα,
3031 5514 3317 5602 γεῷδεζὸν
3346 5529 3437 5580 καὶ
3472 5529 3689 5598 ἄλογον,

2118 5599 2217 5659 οὐκ
2252 5598 2400 5656 ἔστιν
2429 5606 2456 5654 ό
2487 5604 2792 5669 ἀνθρωποέ.
2834 5599 3028 5670 Ἡμεῖς
3059 5598 3156 5670 μὲν
3185 5600 3289 5666 γάρ
3323 5602 3488 5669 ἐσμεν
3515 5602 3687 5670 ψυχὴ,

2119 5678 2258 5736 ζῶον
2322 5667 2610 5732 ἀθάνατον,
2674 5671 2728 5720 ἐν
2765 5668 2944 5737 θνητῷ
2994 5667 3398 5736 καθειργμένον
3425 5667 3686 5740 φρουρίῳ.

2121 5745 2369 5805 .‘Escltin.
2407 5743 2535 5797 Dial.
2567 5757 2643 5800 tu,
2674 5740 2726 5794 5.
