3858 6202
236 253 340 318 947

1472 245 1796 308 GEORGII
1843 243 2277 307 PLETHONIS

3379 226 3472 294 9i8

237 375 395 445 quasi
426 370 493 427 ad
540 374 703 427 breve
732 380 945 441 tempus
979 366 1047 420 ab
1112 363 1218 418 iliis
1265 361 1534 426 desertos,
1591 374 1841 446 rursum‘

1950 377 2037 423 ους
2068 377 2126 413 τε
2164 356 2298 424 πρὸς
2324 355 2462 418 οἵαις
2491 354 2740 423 γένοιντο
2769 350 3080 420 διατριϐαῖς
3131 347 3204 409 ὡς
3242 347 3472 415 ἀμείνοσι

236 465 438 521 melius
458 472 511 519 et
546 464 614 518 ad
639 462 880 518 beatiora
914 471 1104 513 eorum
1139 453 1318 511 socios
1346 452 1484 518 fore,
1518 451 1810 505 maximam

238 558 443 614 doloris
474 565 685 627 partem
713 563 971 610 excutere
998 557 1213 620 oportet
1246 557 1299 603 et
1334 560 1497 616 quam
1527 544 1815 600 mitissime

237 651 603 705 calamitatem
651 645 821 703 lerre.

311 912 591 970 Fortassis
621 911 733 976 abs,
750 925 808 964 re
836 923 942 964 non
976 908 1082 963 erit
1110 907 1178 964 de
1211 907 1376 961 animi
1407 907 1820 962 immortalitate

239 1016 294 1061 et
321 1005 624 1062 :eternitate
653 1016 828 1072 pauca
871 1001 1122 1070 quaedam
1145 1005 1204 1053 et,
1230 1013 1352 1069 qua:
1381 997 1554 1068 magis
1612 995 1722 1050 sint
1750 995 1817 1050 ad

244 1114 462 1154 manum
503 1097 798 1153 disserere.
826 1093 1080 1148 Forsitan
1110 1090 1255 1147 enim
1290 1089 1458 1160 aliqui
1517 1096 1670 1154 sunt,
1726 1086 1820 1157 qui

242 1189 311 1244 de
345 1189 448 1244 hoc
482 1189 598 1258 ipso
627 1184 986 1243 dubitandum
1023 1197 1145 1239 esse
1174 1190 1433 1237 censeant
1461 1189 1518 1235 et
1577 1184 1824 1234 metuant

246 1297 338 1345 ne,
376 1289 661 1350 postquam
701 1276 968 1332 interierit
1001 1275 1178 1339 homo,
1211 1283 1265 1327 et
1299 1273 1411 1342 ipse
1453 1272 1669 1328 animus
1699 1285 1822 1326 cum

244 1370 414 1424 itacce
440 1367 583 1422 mole
606 1366 938 1421 dissolvatur
994 1372 1050 1420 et
1112 1363 1300 1419 nullus
1352 1362 1504 1417 uliibi
1562 1361 1823 1433 supersit.

245 1460 488 1525 Quorum
515 1473 579 1514 ex
616 1460 800 1512 animo
826 1456 929 1512 nisi
961 1464 1166 1512 metum
1221 1455 1366 1508 hunc
1421 1454 1678 1520 auferas,
1760 1467 1826 1506 ex

244 1551 453 1608 caeteris
469 1558 614 1605 certe
630 1548 974 1606 sermonibus
991 1547 1192 1603 nullam
1213 1555 1308 1601 aut
1321 1544 1592 1600 modicam
1612 1546 1826 1614 capient

248 1645 561 1698 utilitatem.

317 1755 686 1812 Immortalem
722 1755 868 1810 enim
930 1767 1052 1808 esse
1103 1751 1343 1807 hominis
1400 1750 1668 1814 animum,
1718 1765 1824 1803 non
1859 1748 1898 1801 Β

251 1858 434 1900 nostra
458 1857 668 1902 tantum
693 1855 776 1902 est
805 1845 1074 1911 doctrina,
1141 1857 1320 1913 neque
1346 1857 1411 1899 ex
1475 1842 1681 1899 recenti
1737 1841 1822 1896 vel

249 1939 412 1993 etiam
443 1938 495 1993 in
520 1939 705 1993 multis
746 1939 933 2008 utique
956 1937 1105 1993 orbis
1154 1937 1426 2007 partibus,
1475 1938 1571 1990 sed
1601 1933 1822 2002 antiqua

251 2038 304 2084 et
335 2045 400 2084 ex
429 2031 658 2100 antiquo
679 2039 735 2085 et
782 2043 999 2100 semper
1051 2029 1194 2100 apud
1250 2028 1408 2098 longe
1456 2026 1722 2095 plurimas
1771 2035 1828 2078 et

251 2122 718 2178 celebratissimas
739 2122 1022 2178 hominum
1058 2131 1249 2190 gentes
1282 2129 1335 2174 et
1376 2119 1574 2174 tradita
1605 2128 1660 2174 et
1692 2131 1828 2186 prae-

251 2213 450 2279 dicata,
511 2214 622 2270 imo
674 2229 806 2270 vero
862 2215 932 2268 ita
984 2214 1097 2268 l‘ere
1129 2211 1386 2268 omnibus
1468 2211 1696 2273 credita,
1771 2217 1830 2263 ut

254 2307 528 2376 propalam
551 2306 620 2362 sit
637 2321 829 2362 omnes
855 2305 1084 2361 omnino.
1102 2303 1350 2359 homines
1373 2302 1495 2358 ideo
1513 2303 1565 2357 in
1583 2311 1830 2358 mortuos

254 2400 518 2469 obsequia
545 2399 792 2470 quaedam
813 2400 1082 2461 conferre,
1105 2397 1248 2462 quod
1275 2410 1600 2466 persuasum
1629 2393 1832 2448 habent

254 2508 317 2547 ca
349 2508 455 2546 non
488 2494 644 2562 quasi
677 2495 750 2550 iis
774 2493 866 2563 qui
889 2494 1000 2563 jam
1037 2493 1170 2546 nihil
1231 2491 1363 2555 sint,
1425 2489 1521 2544 sed
1575 2488 1734 2558 quasi
1764 2486 1833 2542 iis

255 2586 349 2653 qui
408 2586 521 2640 sint
565 2601 726 2656 quam
789 2586 1025 2640 maxime
1080 2593 1134 2639 et
1193 2584 1508 2639 consistant
1569 2579 1833 2651 impendi.

257 2677 488 2733 Constat
511 2677 655 2732 enim
687 2678 939 2732 homines
959 2678 1208 2732 eumdem
1233 2677 1300 2730 ad
1326 2678 1545 2730 modum
1571 2684 1624 2729 ct
1643 2676 1710 2729 de
1734 2674 1837 2729 lide

259 2770 432 2826 divini
485 2768 727 2824 numinis
788 2779 843 2825 et
896 2769 963 2824 de
1016 2767 1425 2823 immortalitate
1489 2767 1654 2821 animi
1717 2781 1838 2822 sese

261 2865 484 2919 habere.
520 2864 652 2917 Esse
681 2860 825 2915 cnitn
862 2861 1108 2915 divinum
1168 2873 1368 2915 numen
1419 2870 1606 2914 tenent
1647 2873 1838 2914 onmcs

263 2963 318 3010 et
344 2953 492 3025 juxta
520 2953 769 3007 decretas
803 2951 906 3006 sibi
943 2952 1089 3022 leges
1115 2950 1323 3015 colunt,
1345 2963 1668 3018 omnesque,
1724 2947 1834 3002 fato

267 3046 470 3102 iunctis
489 3045 803 3101 hominibus
831 3046 1089 3114 obsequia
1112 3043 1442 3107 deferentes,
1467 3042 1568 3098 hos
1586 3056 1839 3110 superes-

265 3155 324 3197 se
352 3151 404 3196 et
429 3137 728 3196 consistere
763 3141 937 3209 pa'am
969 3140 1318 3208 proﬁtentur,
1349 3138 1418 3191 ita
1453 3148 1511 3193 ut
1556 3137 1840 3207 aequaliter

270 3244 500 3303 utraque
528 3232 714 3302 Opinio
742 3242 944 3286 cet-tam
967 3231 1166 3303 habeat
1188 3231 1369 3285 linem.
1392 3229 1545 3296 Quod
1578 3230 1623 3286 si
1654 3230 1840 3298 utique

269 3328 334 3381 de
361 3302 728 3396 qualicunque
776 3340 834 3380 re
875 3302 1364 3388 sit'dubitantlum,
1397 3333 1453 3376 at
1481 3331 1628 3376 certe
1658 3321 1726 3377 de
1758 3322 1842 3375 his

267 3433 389 3488 qua:
411 3416 862 3472 manifestissime
913 3425 966 3471 et
1011 3416 1286 3470 communi
1316 3413 1526 3469 calculo
1549 3423 1604 3469 et
1631 3427 1842 3482 semper

269 3510 410 3580 apud
442 3523 632 3565 omnes
659 3508 911 3564 homines
947 3518 1070 3564 sunt
1106 3511 1322 3563 decreta
1356 3521 1636 3575 nunquam
1686 3506 1844 3559 dubi-

273 3608 385 3651 tare
410 3597 588 3653 liceat.

343 3714 424 3768 Ad
449 3715 564 3770 haec
585 3715 1022 3779 autem,nuiium
1059 3730 1121 3768 ex
1187 3715 1561 3769 animant-ibus
1615 3715 1845 3771 rationis

271 3806 589 3878 expertibus
622 3823 824 3862 numen
857 3807 1072 3876 aliquod
1103 3808 1363 3862 exsistere
1427 3807 1680 3870 credidit,
1725 3809 1846 3864 ideo

274 3902 418 3970 quod
443 3917 663 3958 causam
720 3918 824 3957 non
887 3901 1152 3970 intelligit,
1195 3916 1374 3972 neque
1417 3901 1847 3956 immortalitatis

274 3993 544 4052 desiderio
576 3995 714 4050 allici
751 4003 948 4063 potest,
975 3995 1101 4064 quia
1141 4011 1246 4048 non
1279 3993 1422 4063 capit
1474 3994 1792 4050 inlinitatetn
1829 4012 1846 4061 ;

277 4087 420 4161 quod
450 4089 495 4145 si
523 4088 845 4144 inﬁnitatem
889 4103 994 4142 non
1046 4088 1211 4157 capit,
1276 4104 1377 4141 nec
1433 4089 1790 4143 aiternitatem
1833 4106 1847 4142 :

278 4183 371 4238 sed
400 4181 648 4238 rationali
714 4187 921 4237 naturae
982 4180 1107 4245 soli,
1170 4191 1364 4248 pra!le
1402 4188 1600 4234 caetera
1659 4181 1849 4245 multa,

279 4275 404 4331 data
431 4284 514 4332 est
541 4285 594 4330 et
622 4290 800 4331 causae
818 4284 870 4329 et
893 4273 1177 4329 inﬁnitatis
1195 4273 1454 4342 cognitio,
1470 4289 1573 4344 qua
1594 4275 1852 4344 praeditus

280 4378 331 4423 et
378 4369 571 4435 homo,
593 4377 778 4439 utpote
800 4366 1123 4422 rationalem
1148 4365 1395 4420 animum
1434 4383 1462 4419 a
1491 4369 1599 4421 Deo
1623 4367 1852 4422 sortitus

1916 452 2009 504 καὶ
2041 449 2358 520 θειοτέραις,
2386 445 2616 509 ἑαυτούς
2644 463 2702 498 τε
2737 445 2812 506 ὼς
2863 443 3000 512 πρὸς
3051 441 3230 509 ὀλίγον
3273 439 3474 492 ἐκείνων

1916 528 2401 614 ἀπολελειμμένοι,
2435 536 2594 602 αὖθις
2636 537 2857 607 ἄμεινόν
2899 551 2960 587 τε
3009 533 3104 586 καὶ
3135 531 3220 585 ἐπ’
3247 530 3472 600 ἀμείνοσι

1919 639 2211 708 πράγμασι
2259 630 2642 704 συνεσοίμεθα,
2688 627 2781 683 τοῦ
2814 645 2874 680 τε
2923 623 3123 680 πολλοῦ
3175 624 3271 694 τῆς
3319 624 3475 690 λύπης

1919 730 1998 784 δεῖ
2034 729 2292 800 ἀφαιρεῖν
2341 727 2436 778 καὶ
2463 723 2651 794 φέρειν
2701 721 2767 774 ἂν
2801 721 2876 783 ὡς
2908 718 3195 790 πραότατα
3236 715 3329 786 τὴν
3359 733 3479 786 συμ-

1923 823 2121 891 φοράν.

1997 917 2156 979 Ἴσως
2215 914 2260 968 δ’
2312 914 2412 967 οὐκ
2471 910 2538 964 ἂν
2588 909 2820 978 ἄκαιρον
2875 907 2958 977 εἴη
3009 905 3104 958 καὶ
3157 902 3284 972 περὶ
3320 901 3482 972 ψυχῆς

1925 1008 2325 1068 ἀθανασίας-τε
2361 1005 2454 1059 καὶ
2497 1002 2804 1072 ἀῖδιότητος
2855 997 3038 1070 βραχέ’
3072 998 3206 1050 ἄττα
3238 996 3329 1048 καὶ
3356 995 3484 1047 αὐτὰ

1924 1104 1993 1157 τὰ
2024 1100 2430 1172 προχειρότατα
2473 1095 2725 1151 διελθεῖν.
2764 1095 2924 1156 Ἴσως
2958 1091 3071 1162 γὰρ
3103 1090 3168 1144 ἀν
3197 1105 3334 1152 τινες
3363 1085 3482 1152 εἶεν,

1926 1199 1976 1252 οἳ
2023 1197 2121 1251 καὶ
2178 1195 2309 1263 περὶ
2365 1193 2530 1248 αὑτοῦ
2569 1189 2762 1244 τούτου
2794 1186 3092 1251 ἐνδοιάζειν
3137 1186 3203 1237 ἂν
3229 1183 3484 1248 ἀξιοῦντες

1927 1291 2020 1345 καὶ
2067 1290 2319 1353 δεδιότες,
2353 1286 2451 1357 μὴ,
2485 1283 2706 1338 ἐπειδὰν
2733 1281 2978 1353 ἀποθάνῃ
3014 1281 3043 1334 6
3073 1279 3376 1349 ἄνθρωπος,
3402 1275 3486 1329 καὶ

1929 1388 1962 1456 ἡ
1989 1385 2137 1454 ψυχὴ
2160 1382 2296 1453 τῷδε
2323 1382 2403 1451 τῷ
2438 1382 2588 1449 ὖγκῳ
2623 1375 3008 1448 συνδιαλύηταῑ
3031 1393 3095 1442 γε
3124 1374 3217 1428 καὶ
3239 1373 3382 1428 οὐδὲν
3412 1372 3484 1426 ίτι

1928 1474 2166 1544 οὐδαμοῦ
2219 1473 2498 1542 λείπηται.
2530 1464 2631 1522 Ὧν
2660 1469 2725 1538 ῆν
2758 1470 2832 1540 μή
2877 1485 2961 1531 τις
2993 1464 3153 1536 ἐξέλῃ
3195 1467 3290 1534 τῆς
3325 1464 3486 1532 ψυχῆς

1929 1568 2088 1621 τοῦτο
2113 1565 2172 1619 τὺ
2207 1563 2484 1631 δέος,-τῶν
2513 1581 2576 1632 γε
2599 1562 2776 1617 ἄλλων
2805 1561 3025 1617 πάντων
3061 1558 3238 1627 λόγων
3260 1555 3402 1611 οὐδὲν
3428 1556 3488 1610 ἂν

1933 1662 1965 1731 ἢ
2003 1659 2237 1729 σμικρόν
2262 1674 2316 1712 τι
2351 1657 2568 1727 γένοιτο
2584 1654 2799 1726 ὄφελος.

2012 1775 2102 1837 Ὦς
2151 1773 2264 1845 γὰρ
2291 1772 2558 1828 ἀθάνατον
2607 1769 2756 1840 ψυχὴ
2807 1771 2841 1839 ἡ
2893 1769 3217 1842 ἀνθρωπίνη
3255 1766 3488 1842 (17),οὑχ

1931 1867 2201 1938 ἡμέτερος
2232 1865 2392 1935 μόνον
2421 1866 2449 1918 6
2469 1863 2624 1927 λόγος
2646 1862 2754 1915 οὐδ’
2779 1865 2842 1916 ὲκ
2871 1863 2993 1915 νέου
3029 1863 3063 1930 ἢ
3089 1865 3182 1916 καὶ
3209 1864 3264 1917 ὲν
3297 1861 3488 1924 πολλοῖς

1927 1976 2010 2012 τοι
2035 1957 2135 2026 τῆς
2164 1955 2493 2026 οἰκουμένης
2526 1951 3200 2024 μέρισιςτεθρυλλημένος,
3242 1953 3370 2006 ἀλλὰ
3394 1969 3487 2005 πα·

1928 2049 2077 2112 λαιός
2103 2065 2162 2102 τε
2192 2047 2288 2100 καὶ
2321 2047 2386 2098 ὲκ
2416 2045 2672 2108 παλαιοῦ,
2701 2045 2798 2098 καὶ
2819 2045 2930 2098 nisi
2964 2046 3078 2106 τοῖς
3109 2043 3374 2106 πλείστοις
3401 2041 3501 2096 καὶ·

1927 2139 2392 2210 εὐδοκιμωτάτοις
2426 2138 2534 2192 τῶν
2568 2135 2707 2189 κατὰ
2737 2137 2839 2206 τὴν
2867 2136 3198 2206 οἰκουμένην
3225 2134 3387 2204 γενῶν
3409 2134 3487 2187 λε-

1928 2233 2160 2304 γόμενός
2183 2249 2244 2286 τε
2270 2231 2365 2285 καὶ
2389 2229 2669 2301 ᾁδόμενος,
2697 2225 2885 2297 σχεδὸν
2907 2228 2964 2281 δὲ
2996 2231 3168 2283 πᾶσιν
3197 2227 3485 2298 ἀνθρώποις

1932 2327 2073 2380 οὕτω
2107 2341 2199 2379 ποι
2237 2322 2431 2395 δοκῶν.
2471 2320 2567 2384 Ὠς
2624 2316 2774 2387 δῆλοι
2825 2319 3113 2388 γίγνονται
3161 2321 3391 2380 ἅπαντες
3442 2319 3486 2370 oi

1934 2419 2235 2487 ἄνθρωποι,
2272 2413 2568 2485 θεραπείας
2607 2412 2765 2474 τινὰς
2793 2413 2904 2474 τοῖς
2937 2411 3247 2482 οἰχομένοις
3273 2411 3488 2481 rapaces-

1941 2525 2074 2580 ρειν,
2104 2505 2417 2578 νομίζοντες
2448 2503 2547 2574 οὐχ
2581 2502 2657 2565 ὼς
2688 2502 2872 2556 οὐκέτι
2930 2501 2996 2574 δὴ
3056 2497 3175 2557 οὖσι
3225 2503 3283 2554 τδ
3324 2499 3488 2571 μηδὲν.

1937 2601 2050 2654 ἀλλ’
2074 2600 2149 2662 ὡς
2185 2601 2267 2652 ὅτι
2302 2596 2539 2666 μάλιστα
2578 2590 2698 2648 οὖσί
2730 2597 2789 2648 τέ
2818 2594 2912 2648 καὶ
2939 2594 3261 2648 συνεστῶσι.
3292 2591 3493 2646 Φαίνον-

1938 2711 2030 2746 ται
2062 2692 2171 2760 γὰρ
2202 2690 2252 2743 οἰ
2278 2687 2558 2759 ἄνθρωποι
2598 2684 3003 2758 παραπλησίως
3042 2685 3178 2754 πρός
3211 2700 3265 2736 τε
3294 2680 3382 2752 τὴν
3408 2680 3487 2733 τοῦ

1939 2784 2098 2836 θείου
2145 2780 2303 2847 δόξαν
2335 2782 2427 2834 καὶ
2455 2780 2556 2850 τὴν
2595 2778 2696 2848 τῆς
2735 2776 2916 2849 ψυχῆς
2939 2775 3242 2831 ἀθανασίαν
3280 2774 3487 2844 ἔχοντες.

1942 2872 2097 2930 Εἶναί
2125 2890 2185 2927 τε
2216 2874 2325 2943 γάρ
2362 2888 2415 2926 τι
2449 2871 2591 2924 θεῖον
2637 2870 2879 2933 ἅπαντες
2902 2869 3192 2936 νομίζουσι
3230 2867 3318 2920 καὶ
3348 2863 3489 2934 θερα-

1942 2967 2170 3019 πεύουσι
2200 2963 2342 3018 κατά
2387 2963 2455 3016 τὰ
2480 2963 2778 3034 δεδογμένα
2800 2959 2996 3036 σφίσι,
3035 2961 3133 3015 καὶ
3170 2961 3276 3022 τοῖς
3301 2955 3490 3027 οἰχομέ-

1867 3095 1909 3150 c
1944 3075 2056 3120 νοις
2101 3056 2210 3109 τῶν
2243 3053 2550 3122 ἀνθρώπων
2581 3051 2878 3124 θεραπείας
2908 3051 3155 3113 ἅπαντες
3189 3047 3491 3120 προσφέρον-

1946 3165 2036 3213 τες
2096 3148 2245 3216 δῆλοί
2305 3148 2443 3200 είσιν
2477 3144 2552 3209 ὡς
2607 3145 2907 3215 περιόντων
2933 3160 2993 3198 τε
3043 3143 3222 3198 αὐτῶν
3263 3139 3350 3194 καὶ
3387 3153 3494 3189 σνν-

1948 3239 2199 3295 εστὼτων
2253 3238 2566 3306 δοξάζοντες
2617 3237 2752 3308 (18).
2802 3235 2954 3290 Ὦστ’
3008 3236 3082 3290 ἂν
3130 3226 3491 3302 παραπλησίως

1948 3333 2154 3401 ταύτην
2181 3349 2241 3385 τε
2273 3331 2537 3400 κάκείνην
2560 3329 2660 3400 τὴν
2688 3327 2848 3394 δόξαν
2875 3328 2936 3382 τδ
2963 3329 3158 3382 πιστὸν
3188 3327 3341 3396 ἔχειν.
3365 3321 3419 3373 Ei
3445 3316 3492 3369 δέ

1951 3445 2013 3495 γε
2042 3423 2334 3490 ινδοιάζειν
2367 3426 2480 3495 χρὴ
2513 3421 2642 3495 περὶ
2671 3422 2831 3493 δόξης
2860 3420 3197 3492 ἡστινοσοῦν,
3231 3415 3338 3472 ἀλλ’
3368 3408 3492 3466 οὗτοι

1951 3519 2083 3591 περὶ
2111 3518 2220 3572 τῶν
2250 3517 2394 3572 οὕτω
2432 3515 2751 3589 περιφανῶς
2782 3517 2880 3572 mi.
2906 3515 3064 3586 κοινῇ
3099 3513 3190 3568 καὶ
3217 3511 3320 3566 αίεὶ
3351 3507 3490 3562 πᾶσιν

1951 3609 2265 3684 ἀνθρώποις
2298 3609 2640 3680 δεδογμένων
2661 3607 2956 3674 ἐνδοιάζειν
2986 3610 3122 3680 χρὴ.

2029 3729 2152 3780 Ἔτι
2176 3725 2221 3779 δ’
2252 3725 2406 3779 οὐδὲν
2443 3724 2551 3778 τῶν
2580 3723 2790 3791 ἀλόγων
2823 3722 2946 3776 οὔτε
2969 3722 3121 3776 θείου
3147 3741 3197 3776 τι
3219 3717 3490 3788 νενόμικεν,
3586 3735 3590 3738 ·

1954 3820 2036 3873 ὅτι
2077 3818 2153 3887 μὴ
2205 3818 2381 3879 αἰτίας
2417 3814 2666 3884 συνίησιν
2709 3813 2820 3867 οὔτ’
2849 3813 2916 3868 ἂν
2959 3813 3257 3883 ἀῖδιότητος
3295 3808 3488 3878 ἐφίοιτοσ

1959 3911 2041 3963 ὅτι
2075 3909 2197 3979 μηδ’
2227 3908 2490 3978 ἀπειρίας
2523 3907 2806 3977 συνίησιν·
2842 3907 2890 3959 εἰ
2920 3907 2976 3960 δὲ
3007 3907 3084 3976 μὴ
3111 3906 3367 3974 ἀπειρίας,
3391 3894 3492 3951 οὐδὲ

1959 4003 2282 4072 ἀῖδιότητος.
2335 3998 2495 4054 Ἀλλὰ
2525 4001 2662 4071 μόνῃ
2710 4001 2774 4070 τῇ
2806 3998 2994 4069 λογικῇ
3034 4000 3194 4069 φύσει
3237 3993 3360 4064 πρὸς
3389 3988 3493 4042 πολ·

1959 4096 2069 4159 λοῖς
2093 4095 2292 4160 ἄλλοις,
2334 4094 2428 4147 καὶ
2462 4092 2496 4164 ἥ
2535 4110 2595 4145 τε
2627 4095 2723 4162 τῆς
2748 4093 2928 4154 αἰτίας
2957 4091 3051 4144 καὶ
3095 4094 3128 4164 η
3157 4090 3249 4160 τῆς
3273 4081 3494 4154 ἀπειρῐας

1959 4188 2170 4243 δέδοται
2224 4187 2448 4255 γνῶσις,
2482 4181 2550 4256 ἧς
2597 4188 2690 4238 καὶ
2723 4187 2751 4238 6
2797 4184 3106 4254 ἅνθρωπος,
3158 4184 3249 4238 an
3297 4174 3495 4244 λογικῆς

1960 4279 2135 4350 ψυχῆς
2163 4278 2299 4348 πρὸς
2333 4277 2429 4330 τοῦ
2460 4275 2596 4330 Θεοῦ
2632 4274 2968 4346 τετυχηκὼς,
3003 4279 3099 4330 τοῦ
3140 4292 3197 4328 τε
3225 4271 3366 4326 Θείου
3391 4282 3494 4319 συν·

1967 4373 2077 4440 ίησι
2100 4371 2192 4426 καὶ
2223 4370 2523 4440 ἁῖδιότητος
2555 4368 2764 4440 συνίησι
2793 4386 2852 4421 τε
2883 4368 2998 4437 ἅμα
3031 4369 3129 4423 καὶ
3157 4366 3354 4437 ἐφίεται
3375 4377 3387 4390 ·
3413 4357 3495 4408 οὐκ

281 4472 329 4513 et
356 4459 600 4514 divinum
636 4475 836 4514 numen
872 4459 1144 4529 intelligit,
1193 4459 1431 4528 itemque
1466 4458 1718 4529 intelligit
1754 4457 1841 4514 imi

1959 4465 2024 4519 ἂν
2046 4463 2141 4518 τὸν
2172 4462 2306 4517 Θεὸν
2355 4460 2474 4515 οὔτ’
2503 4463 2567 4515 ἂν
2601 4459 2862 4532 ἀλλοτρίᾳ
2891 4475 2950 4514 τε
2999 4460 3174 4530 πάντη
3225 4457 3312 4510 καὶ
3351 4447 3495 4516 θνητῇ

283 4551 686 4614 mortalitatem,
729 4566 961 4620 eamque
988 4549 1147 4605 simul
1175 4550 1380 4625 appetit
1413 4568 1426 4604 :
1459 4550 1625 4605 Deum
1659 4564 1856 4620 nempe

282 4658 620 4713 nequaquam
653 4643 780 4697 huic
811 4652 1019 4697 natura:
1037 4659 1157 4713 quae
1179 4645 1247 4697 sit
1278 4643 1501 4698 omnino
1532 4658 1560 4698 a
1589 4659 1648 4700 se
1679 4645 1853 4701 aliena

282 4745 332 4789 et
379 4736 625 4791 mortalis
676 4733 760 4789 sui
815 4736 1172 4806 cognoscendi
1215 4735 1528 4790 facultatem
1597 4738 1852 4792 daturum

283 4844 422 4894 esse,
447 4829 539 4883 sed
575 4829 624 4884 ei
647 4844 768 4900 qua:
789 4829 861 4884 sit
887 4829 989 4883 sibi
1020 4829 1370 4899 aliquatenus
1401 4837 1632 4898 cognata
1663 4846 1679 4896 ;
1710 4844 1856 4884 com-

284 4921 566 4978 municare
602 4921 771 4984 enim.
799 4921 842 4976 si
877 4922 1200 4991 oportuerit,
1229 4921 1279 4976 id
1317 4921 1461 4991 quod
1495 4919 1779 4992 cognoscit
1805 4922 1853 4976 ei

283 5016 425 5082 quod
457 5014 834 5086 cognoscitur,
856 5029 977 5070 oua:
1001 5028 1132 5070 vero
1157 5014 1299 5069 inter
1320 5029 1381 5069 se
1423 5016 1854 5079 communicant,

360 5205 471 5275 (Π)
507 5204 762 5262 Soiemne
802 5205 1380 5275 hocargumentorum
1435 5218 1625 5273 genus,
1659 5218 1768 5272 quo
1807 5212 1860 5258 et

289 5273 643 5331 immortalem
680 5291 800 5331 esse
839 5273 1107 5338 animum,
1149 5284 1202 5329 et
1238 5273 1408 5327 Deum
1442 5290 1584 5336 esse,
1620 5275 1860 5343 antiqui—

290 5359 377 5403 tus
408 5347 640 5414 probare
675 5347 968 5400 voluerunt
1003 5345 1299 5412 sapientes,
1327 5343 1554 5408 scimus,
1593 5353 1858 5413 quantum

287 5418 469 5470 valere
503 5416 714 5471 debeat.
736 5416 918 5482 _anla
953 5425 1036 5470 est
1069 5416 1214 5470 enim
1262 5415 1603 5482 opinionum,
1644 5414 1720 5467 uti
1760 5414 1861 5467 lto-

293 5487 522 5549 minum,
580 5478 887 5540 vener'anda
933 5496 1212 5549 senectus,
1268 5478 1443 5551 neque
1488 5486 1712 5538 omnino
1760 5484 1863 5537 hoc

293 5565 668 5623 argumentum
719 5556 862 5609 aliud
909 5557 1206 5625 quidquam
1243 5555 1459 5625 probat,
1499 5566 1692 5624 praeter
1737 5555 1862 5619 hoc,

303 5640 495 5679 omnes
574 5626 824 5680 hemina
869 5641 897 5678 ιι
953 5624 1314 5680 remutissima
1370 5624 1496 5680 inde
1542 5625 1861 5685 antiquitate

308 5695 763 5751 immortalitatem
806 5705 859 5750 et
889 5711 1089 5751 numen
1141 5706 1399 5766 optasse:
1445 5697 1600 5766 cujus
1648 5696 1723 5751 rei
1774 5696 1863 5763 qui

1963 4557 2124 4626 φύσει
2155 4555 2346 4609 ἑαυτὸν
2368 4555 2680 4624 γνωρίζειν,
2711 4553 2846 4606 ἀλλά
2874 4571 2949 4624 πη
2976 4554 3072 4607 καὶ
3103 4552 3292 4619 οἰκείᾳ.
3316 4547 3496 4601 Κοινω-

1962 4652 2071 4704 νεῖν
2094 4649 2201 4720 γάρ
2233 4648 2300 4703 ἂν
2328 4646 2505 4718 δέῃτὸ
2535 4645 2805 4716 γινῶσκον
2829 4645 2907 4716 τῷ
2935 4645 3331 4714 γινωσκομένῳ.
3358 4635 3430 4688 Τὰ
3450 4628 3497 4683 δὲ

1962 4738 2323 4794 κοινωνοῦντα
2360 4737 2453 4791 καὶ
2495 4738 2672 4792 οἰκεῖά
2701 4754 2777 4807 πη
2815 4736 3065 4806 ἀλλήλοις
3101 4737 3206 4789 δέοι
3248 4731 3307 4786 ἂν
3354 4721 3494 4780 εἷναιο

1963 4835 2088 4890 Οὔτ’
2121 4835 2188 4889 ἂν
2221 4835 2521 4904 ἀῖδιότητος
2571 4828 2869 4899 ἐπιθυμίαν
2896 4831 3180 4899 ἐνθέμενον
3215 4825 3288 4896 τῷ
3317 4814 3498 4887 ἀνθρώ-

1969 4947 2078 4999 πῳ,
2127 4928 2319 4982 ἔπειτα
2357 4926 2522 4994 ἀτελῆ
2560 4944 2618 4979 τε
2657 4927 2722 4980 ἂν
2751 4924 2922 4994 αὐτὴν
2963 4925 3058 4977 καὶ
3090 4922 3307 4990 μάταιον
3338 4909 3496 4999 ducit-

1964 4995 2107 5072 πεῖν.
2154 5015 2292 5072 Οὐδὲ
2327 5021 2436 5086 γὰρ
2475 5016 2603 5070 ἄλλο
2633 5017 2784 5071 οὐδὲν
2815 5015 2922 5068 τῶν
2968 5014 3217 5085 μεγάλων
3263 5005 3349 5061 και
3379 4995 3498 5055 κατὰ

1971 5219 2102 5258 usus
2133 5203 2284 5275 sitin
2314 5203 2505 5260 morali
2537 5203 2950 5275 argumentandi
2987 5215 3204 5271 genere.
3235 5209 3332 5274 non
3365 5200 3470 5275 οοιξξ

1970 5274 2296 5330 tetnnendus
2329 5275 2419 5330 ille
2469 5272 2733 5342 profecto,
2767 5272 2971 5328 norunt
2993 5287 3200 5336 omnes,
3229 5272 3313 5338 qui
3357 5276 3383 5316 ε
3407 5272 3496 5313 ειίο

1973 5345 2371 5415 ιὶοιιεγίοιηιιιια
2404 5345 2775 5415 philosophari
2807 5344 3012 5397 sciunt.

2044 5414 2155 5483 (18)
2188 5432 2208 5464 ι
2244 5397 2371 5469 Pius
2395 5397 2536 5485 apud
2566 5397 3026 5483 mea‘utiqnorum
3053 5397 3493 5485 auctoritasuvalf}:

1970 5473 2060 5539 vel
2088 5473 2400 5540 nostrorum
2432 5473 2724 5554 majorum,
2757 5473 2849 5554 qui
2884 5485 3116 5538 mortuis
3139 5491 3238 5534 tam
3276 5473 3494 5554 τοιῇμὶοῇ

1967 5557 2092 5624 jura
2143 5556 2456 5628 tribuerunt
2491 5545 2690 5628 {quod
2713 5545 2830 5628 ιιὸιε
2855 5555 3134 5628 iecissent
3176 5545 3414 5628 prof}:ng

1974 5605 2106 5708 nihil
2145 5605 3225 5722 'iaj;i;;s"ie‘m'.{c};"ixionis-em.»
3282 5613 3379 5670 Cic.
3433 5605 3493 5659 Dc

1971 5714 2151 5760 (ινιιση
2174 5716 2218 5752 ι’.
2254 5714 2304 5752 4.
