3858 6202
293 290 414 356 949

1259 296 1657 360 LAUDATIO
1695 299 2087 362 FUNEBR‘IS
2124 302 2432 366 (ῖιΕῡΡιΕ
2479 310 2659 371 AUG.

3474 309 3581 372 950

304 407 469 471 φύσιν
492 406 678 473 ἀτελὲς
706 408 772 462 ἂν
795 408 1087 465 ἀπολιπεῖν
1117 411 1210 464 τὸν
1238 411 1392 475 Θεὸν,
1426 413 1565 467 ἀλλά
1587 413 1892 484 τελεσφόρα

2000 432 2063 497 ex
2089 421 2419 477 necessitate
2455 425 2559 479 sibi
2617 424 2848 480 invicem
2885 427 3065 496 aliqua
3099 428 3312 482 ratione
3350 437 3581 489 cognata

303 517 361 551 τε
397 499 576 552 πάντα
621 502 794 554 ποιεῖν
823 500 964 555 κατά
994 502 1056 556 τὺ
1089 502 1258 568 είκδς,
1291 504 1386 560 καὶ
1434 505 1491 557 εί
1517 522 1570 558 τι
1610 506 1892 576 προσῆκον

304 591 516 652 ἑαυτοῖς
547 590 721 660 πέρας
749 593 902 646 ἐσαεὶ
951 594 984 664 ἢ
1023 593 1103 659 ὡς
1151 596 1446 651 ἐπιτοπολὺ
1493 598 1623 665 γοῦν
1655 598 1886 652 ἀποδαί·

303 700 485 736 νοντα.
521 682 679 738 ’Ὢστ’
706 684 774 737 ἂν
808 687 902 738 καὶ
951 689 1075 741 κατ’
1105 688 1278 757 ἄμφω
1309 688 1510 756 τούτω,
1549 693 1742 761 τήντε
1792 691 1888 744 τοῦ

302 775 464 828 Θείου
495 775 675 841 δόξαν,
708 778 808 846 τήν
851 795 907 830 τε
958 781 1059 848 τῆς
1090 780 1413 852 ἀίδιότητοςκ
1437 782 1760 848 ἐπιθυμίαν,
1807 785 1893 838 ἀΐ-

302 866 414 917 διον
445 864 512 918 ἂν
539 867 641 936 τήν
667 883 730 934 γε
771 867 1124 940 ἀνθρωπίνην
1169 867 1309 926 εἶναι
1353 871 1552 943 ψυχὴν,
1587 873 1668 927 ἔτι
1699 873 1755 927 δὲ
1789 873 1891 927 κᾶν

302 958 411 1010 ἀπὺ
443 956 554 1009 τῶν
595 957 943 1029 αὐθαιρέτων
987 961 1238 1016 θανάτων
1271 963 1430 1017 τοῦτό
1461 982 1544 1028 τις
1588 964 1886 1035 λογίσαιτο.

304 1047 475 1101 Οὐδὲν
507 1049 614 1118 γάρ
640 1051 751 1104 τῶν
783 1051 999 1118 ἀλόγων
1031 1053 1163 1107 αὐτὸ
1196 1055 1375 1124 (αὐτὸ)
1399 1056 1648 1124 φαίνεται
1680 1059 1892 1111 κτεῖνον

301 1143 366 1193 ἐκ
403 1143 662 1212 προνοίας
699 1145 716 1213 (
726 1145 834 1204 19).
859 1145 980 1199 Τῶν
1003 1147 1049 1200 δ’
1071 1147 1168 1201 ἀνθ
1179 1148 1378 1215 ρώπων
1401 1152 1559 1214 εἰσὶν,
1584 1151 1636 1204 οἶ
1659 1151 1891 1213 ἑαυτοὺς

301 1234 742 1291 ἀποκτείνουσιν.
785 1237 850 1291 Ei
888 1237 945 1291 δέ
975 1239 1146 1308 μηδέν
1183 1241 1353 1302 ἐστιν,
1387 1241 1416 1294 δ
1447 1240 1515 1295 ἂν
1551 1241 1648 1296 τοῦ
1693 1241 1890 1297 ἑαυτοῦ

299 1323 527 1394 ὀλέθρου
559 1327 789 1393 ἐφίοιτο,
817 1328 888 1383 τὰ
919 1331 1028 1400 γὰρ
1059 1329 1254 1401 ἄλογα,
1287 1333 1336 1385 εί
1364 1333 1456 1388 καὶ
1485 1333 1560 1404 μὴ
1588 1333 1891 1404 ἀῖόιότητος

299 1414 425 1480 ὲφίε
441 1431 520 1467 rat.
567 1416 657 1469 διὰ
689 1417 750 1470 τὸ
788 1417 863 1489 μὴ
905 1420 1145 1474 συνιέναι
1183 1420 1278 1474 τοῦ
1307 1423 1580 1487 τοιούτου,
1632 1423 1750 1476 ἀλλ’
1777 1423 1890 1476 οὐδ’

301 1506 396 1557 ἐπὶ
421 1507 511 1559 τὶν
535 1507 733 1562 ἑαυτοῦ
764 1509 988 1581 ὄλεθρον
1017 1512 1236 1566 σπεύδει
1260 1514 1455 1568 ἑκόντα
1491 1512 1631 1568 εἶναι
1653 1532 1667 1546 ⁸
1697 1515 1797 1569 ούκ
1823 1515 1890 1570 ἂν

299 1596 396 1649 οὖν
426 1599 539 1652 οὐδ’
572 1602 601 1671 ἡ
642 1601 845 1674 ψυχὴή
876 1605 1196 1676 ἀνθρωπίνη
1226 1608 1320 1660 ἐπί
1348 1625 1401 1659 τι
1429 1609 1672 1661 τοιοῦτον
1705 1607 1886 1678 ὥρμα,

300 1690 359 1742 εῐ
400 1707 464 1757 γε
516 1694 614 1746 καὶ
664 1695 802 1766 αὐτῇ
861 1696 1084 1764 ὄλεθρον
1128 1701 1318 1769 φέρειν
1363 1699 1430 1753 ἂν
1457 1701 1484 1752 ὁ
1510 1699 1601 1753 τοῦ
1635 1699 1890 1768 σώματος

297 1781 498 1852 ἔμελλε
523 1784 774 1852 θάνατος.
817 1787 960 1840 Ἀλλ’
986 1789 1205 1845 ἐπειδὰν
1233 1790 1428 1860 μηκέτ’
1450 1790 1516 1846 ἂν
1542 1792 1710 1862 ἑαυτῇ
1739 1792 1894 1845 λυσι-
1926 1786 1964 1839 Β

299 1875 478 1927 τελεῖν
506 1875 596 1929 τὸν
632 1879 770 1948 μετᾶ
801 1878 894 1933 τοῦ
929 1881 1182 1950 σώματος
1216 1883 1419 1956 νομίσῃ
1451 1883 1590 1952 βίον,
1629 1884 1890 1938 κτείνασα

297 1964 555 2038 τοῦτοοῆ
603 1970 698 2024 καὶ
746 1974 862 2036 τοῖς
923 1973 1134 2028 κτεῖναι
1192 1974 1258 2028 ἂν
1300 1975 1545 2028 ἐθέλουσι
1587 1977 1886 2045 προεμένη,

301 2057 453 2127 ὑπὲρ
509 2059 603 2112 τοῦ
655 2063 824 2132 μηδέν
871 2080 922 2116 τι
981 2065 1088 2118 τῶν
1133 2066 1376 2137 αἰσχρῶν
1428 2069 1520 2120 καὶ
1571 2066 1778 2137 βλάδην
1822 2068 1890 2122 ἂν

302 2149 474 2220 ἑαυτῇ
506 2152 766 2209 οἰσόντων
823 2158 1204 2228 συγχωρῆσαι,
1257 2159 1396 2230 αὑτὴ
1437 2157 1638 2228 δηλαδὴ
1681 2161 1890 2231 οἴχεται

301 2241 564 2298 ἀπιοῦσα.

1999 523 2156 576 esse,
2187 528 2388 583 neque,
2413 523 2703 586 postquam
2759 517 3189 573 immortalitatis
3250 518 3582 572 desiderium

2002 601 2214 656 homini
2245 603 2388 661 Deus
2422 607 2737 676 ingesserit,
2767 610 2896 663 illud
2926 610 3123 665 deinde
3190 611 3451 665 inlectum
3490 625 3585 664 va-

1996 712 2241 767 numque
2268 699 2662 756 destituturum
2688 718 2810 758 esse
2840 720 2864 772 ;,
2892 719 2990 759 nec
3020 704 3164 759 enim
3234 704 3404 759 ullum
3438 704 3586 758 aliud

1996 804 2058 843 ex
2089 791 2180 854 iis,
2212 809 2335 862 qua:
2362 810 2558 862 magna
2620 805 2750 852 sunt
2817 807 2873 854 et
2934 799 3239 854 secundum
3305 807 3584 861 naturam,

1998 880 2262 936 infectum
2321 898 2352 937 a
2393 882 2506 939 Deo
2569 901 2810 954 unquam
2873 888 3198 956 derelinqui,
3251 887 3344 942 sed
3401 888 3470 941 ab
3518 902 3586 941 eo

1996 974 2204 1040 omnia,
2235 983 2293 1029 ut
2329 991 2428 1044 par
2457 987 2559 1039 est,
2587 978 2811 1034 allectui
2847 989 2970 1049 apta
3031 981 3169 1043 lieri,
3232 989 3286 1034 et
3343 979 3387 1034 si
3457 979 3582 1048 quis

1995 1072 2078 1118 est
2111 1064 2232 1120 linis
2260 1067 2393 1134 ipsis
2419 1067 2670 1132 idoneus,
2705 1085 2943 1138 semper,
2989 1080 3084 1124 aut
3113 1079 3261 1125 certe
3301 1079 3360 1124 ut
3410 1069 3588 1138 pluri-

1995 1169 2165 1216 mum,
2208 1170 2332 1209 eum
2368 1157 2528 1211 linem
2586 1160 2961 1227 assequentia,
2994 1160 3237 1230 adeoque
3289 1159 3432 1214 haud
3465 1159 3588 1212 irrio

1998 1259 2108 1302 tum
2141 1249 2262 1304 esse
2294 1250 2398 1304 hoc
2423 1263 2741 1321 utrumque,
2767 1268 2885 1306 eam
2945 1255 3139 1319 nempe
3194 1267 3316 1320 quae
3379 1259 3464 1306 est
3515 1251 3585 1306 de

1993 1340 2179 1396 dirino
2230 1343 2451 1396 numine
2513 1343 2670 1399 ﬁdem
2709 1355 2762 1399 et
2790 1344 3216 1400 immortalitatis
3263 1343 3583 1414 appetitum.

1995 1430 2060 1485 Et
2119 1447 2248 1488 vero
2308 1434 2669 1489 immortalem
2734 1451 2856 1492 esse
2921 1435 3159 1488 hominis
3215 1436 3482 1497 animum,
3529 1435 3584 1489 itl

1995 1523 2160 1578 etiam
2188 1540 2255 1579 ex
2277 1525 2600 1581 voluntariis
2625 1529 2897 1582 mortibus
2934 1543 3164 1597 arguere
3189 1527 3335 1581 licet.
3361 1525 3581 1581 Nullum

1995 1619 2139 1670 enim
2172 1617 2315 1671 inter
2349 1604 2686 1673 irrationalia
2716 1620 2905 1674 videas
2921 1620 3066 1690 quod
3089 1621 3331 1687 seipsum
3362 1619 3584 1673 eonsul-

1995 1715 2051 1760 to
2072 1708 2287 1762 occidat
2411 1727 2425 1764 :
2463 1725 2528 1764 ex
2557 1711 2875 1766 hominibus
2897 1721 3076 1768 autem
3103 1722 3228 1766 sunt
3254 1711 3346 1779 qui
3371 1711 3584 1780 seipsos

1996 1799 2338 1855 interimunt.
2366 1802 2535 1858 Porro
2570 1804 2614 1857 si
2680 1804 2814 1858 nihil
2865 1805 2936 1859 sit
2985 1805 3126 1875 quod
3182 1807 3284 1858 sibi
3343 1814 3577 1861 mortem

1995 1899 2216 1959 appetat
2244 1889 2329 1958 (ea
2359 1892 2505 1946 enim
2539 1907 2661 1962 qua:
2701 1897 2915 1952 ratione
2952 1904 3142 1950 carent
3167 1895 3440 1958 animalia,
3480 1893 3583 1949 etsi

1998 1994 2108 2033 non
2141 1980 2856 2049 cupiantimmortalitatem
2912 1993 3193 2053 preptcrea
3231 1981 3376 2051 quod
3447 1981 3584 2036 nihil

1998 2085 2061 2124 ea
2089 2071 2153 2124 de
2187 2087 2244 2125 re
2277 2070 2604 2142 intelligant,
2639 2090 2920 2144 nunquam
2958 2085 3139 2128 tamen
3197 2075 3262 2128 ad
3303 2073 3581 2143 proprium

1996 2162 2282 2220 interitum
2313 2163 2459 2218 ultro
2497 2165 2751 2220 videntur
2780 2167 3118 2236 properare),
3146 2183 3210 2221 ex
3243 2179 3584 2233 consequen-

1997 2255 2060 2321 ti,
2093 2269 2269 2323 ncquc
2296 2255 2480 2310 anima
2512 2255 2754 2310 humana
2790 2257 2855 2310 ad
2911 2270 3142 2312 mortem
3205 2256 3370 2324 hujus
3422 2268 3586 2324 gene-

302 2337 386 2391 ris
408 2347 710 2407 spontaneo
735 2342 938 2420 impetu
975 2353 1176 2409 rueret,
1210 2345 1258 2402 si
1316 2353 1370 2400 et
1431 2346 1869 2415 ipsi‘interitum
1911 2351 2162 2420 corporis
2213 2351 2421 2408 occisio
2481 2360 2625 2406 esset
2696 2353 2932 2406 illatura.
2965 2352 3100 2407 Cum
3150 2367 3277 2406 vero
3303 2365 3409 2405 non
3465 2349 3580 2418 jam

306 2430 608 2499 quidquam
639 2417 889 2489 utilitatis
911 2435 1016 2490 sibi
1085 2436 1230 2492 hanc
1279 2452 1404 2493 cum
1441 2453 1674 2508 corpore
1725 2439 1889 2494 vitam
1931 2443 2184 2497 conferre
2226 2443 2637 2507 existimaverit,
2705 2445 2806 2500 hoc
2873 2445 3163 2500 interfecto
3231 2445 3311 2500 vel
3363 2443 3430 2499 iis
3468 2417 3580 2512 iqui

304 2523 560 2579 occidere
587 2525 856 2582 voluerint
877 2527 1145 2599 proiecto,
1175 2544 1244 2586 ne
1265 2529 1390 2600 quid
1414 2534 1559 2601 quod
1587 2540 1682 2585 aut
1711 2531 1974 2603 pudorem
2003 2534 2198 2591 alIerat
2227 2545 2323 2590 aut
2384 2545 2778 2592 nocumentum
2837 2536 3123 2602 concedat,
3210 2537 3324 2606 ipsa
3393 2535 3583 2606 utique

306 2621 460 2677 abire
499 2631 777 2693 properat.
965 2616 976 2624 ’

381 2761 493 2812 Καὶ
515 2762 645 2831 περὶ
680 2763 783 2832 μὲν
807 2763 1014 2819 τούτων
1044 2766 1109 2820 ἐκ
1143 2766 1403 2821 πλειόνων
1430 2785 1488 2821 τε
1514 2769 1610 2822 καὶ
1633 2769 1893 2837 μειζόνων

2070 2769 2137 2824 Ει
2159 2772 2226 2826 de
2250 2769 2338 2825 his
2359 2769 2578 2840 quidem
2611 2783 2674 2821 ex
2703 2769 2956 2838 pluribus
2983 2777 3036 2821 et
3057 2765 3392 2821 firmioribus
3416 2781 3584 2836 argu-

309 2855 488 2920 λόγων
514 2856 676 2909 ἱκανὰ
702 2858 798 2911 καὶ
822 2857 995 2912 ταῦτα
1030 2859 1088 2913 ιν
1112 2876 1174 2928 γε
1206 2861 1286 2930 τῷ
1312 2862 1569 2932 παρόντι.
1602 2861 1828 2932 Ταύτης
1851 2861 1893 2916 δ’

2000 2862 2196 2918 utentis
2221 2861 2312 2916 illa
2347 2861 2838 2932 impraesentiarum
2868 2858 3165 2914 sufﬁciant.
3188 2859 3367 2923 Quum
3399 2865 3581 2910 autem

311 2949 446 3014 ἡμῖν
483 2949 848 3021 ὑποκειμένης
880 2951 1104 3020 βεϐαίας
1142 2955 1244 3020 τῆς
1283 2955 1462 3023 δόξης,
1509 2956 1584 3021 ὡς
1625 2956 1893 3022 ἀθάνατος

2000 2953 2156 3009 nobis
2178 2960 2431 3022 suppetat
2460 2949 2847 3005 l‘undatissima
2877 2949 2996 3002 haec
3051 2946 3238 3016 opinio
3289 2946 3582 2998 immorta-

311 3041 470 3109 ἡμῶν
502 3043 650 3095 ἐστιν
688 3043 721 3114 ἠ
749 3042 918 3114 ψυχὴ,
956 3044 1024 3096 τά
1055 3061 1115 3097 τε
1145 3045 1280 3099 ἄλλα
1302 3050 1669 3117 γενναιότεροι
1700 3049 1768 3102 ἂν
1799 3049 1893 3102 καὶ

2000 3047 2096 3100 lem
2131 3053 2369 3100 nostram
2388 3058 2510 3098 esse
2526 3042 2786 3105 animam,
2807 3050 2859 3096 et
2884 3040 2938 3093 in
2954 3046 3181 3093 caeteros
3202 3035 3580 3106 generosiorcs

310 3133 571 3202 ἀμείνους
625 3133 840 3204 εἴημεν,
892 3136 989 3190 καὶ
1037 3136 1138 3201 τὰς
1189 3137 1401 3190 τοιάσδε
1467 3141 1760 3210 συμφορὰς
1817 3139 1893 3204 ὡς

2000 3145 2043 3190 et
2077 3136 2332 3190 meliores
2383 3134 2581 3199 simus,
2617 3133 2830 3201 basque
2863 3130 3002 3184 tales
3041 3128 3381 3184 calamitates
3415 3141 3578 3197 quam

312 3227 601 3296 πραότατα
630 3227 696 3280 ἂν
721 3227 1010 3298 φέροιμεν.

2000 3226 2367 3282 libentissime
2398 3224 2664 3290 feramus.

381 3337 557 3404 Ὠστ’,
587 3337 634 3392 ὦ
680 3338 925 3393 θειότατε
974 3339 1130 3409 ἡμῶν
1161 3340 1388 3412 ἡγεμδν,
1422 3341 1634 3408 τούτοις
1671 3361 1731 3397 τε
1779 3346 1892 3408 τοῖς

309 3431 491 3498 λόγοις
523 3431 723 3484 σαυτὸν
757 3432 1252 3502 παραμυθούμενος
1279 3434 1342 3488 τδ
1377 3435 1513 3489 πολὺ
1540 3436 1638 3506 τῆς
1657 3435 1894 3506 ἀθυμίας

312 3527 562 3596 ἀφανρει,
600 3530 692 3580 καὶ
723 3527 804 3580 ἔτι
845 3528 1026 3582 ἐκεῖνο
1072 3527 1442 3598 λογιζόμενος,
1471 3530 1547 3593 ὡς
1587 3531 1646 3585 σὲ
1681 3532 1763 3584 δεῖ
1792 3531 1894 3602 ἤδη

311 3619 449 3687 πρὸς
473 3621 583 3683 τοῖς
617 3621 908 3688 πράγμασι
939 3622 1224 3688 γινόμενον
1249 3622 1444 3687 σώζειν
1474 3623 1540 3676 τὰ
1575 3624 1752 3687 κοινὰ,
1784 3625 1817 3694 ή
1848 3620 1896 3676 δ’

311 3711 518 3781 ἀθυμία
547 3713 765 3778 μάλιστ’
791 3711 858 3765 ἂν
890 3711 1144 3781 ἐμποδὼν
1173 3714 1252 3784 τῷ
1292 3715 1520 3786 τοιούτῳ
1550 3716 1639 3770 ἀεὶ
1684 3715 1893 3784 γίγνοι-

310 3816 389 3852 το.
431 3799 596 3870 Ὁρᾷς
643 3801 770 3872 γὰρ,
798 3795 869 3854 οἷ’
892 3803 1028 3871 ἡμῖν
1059 3801 1126 3857 τὰ
1157 3803 1304 3856 δεινά
1346 3803 1768 3876 προκεχώρηκε,
1799 3806 1895 3859 καὶ

311 3891 388 3954 ὡς
438 3893 495 3946 ἐν
527 3892 752 3962 μεγάλῳ
783 3892 1014 3964 κινδύνῳ
1043 3894 1111 3948 τὰ
1136 3895 1384 3965 ἡμέτετά
1417 3897 1555 3958 ἐστι,
1595 3898 1688 3950 καὶ
1722 3897 1896 3967 μεγά-

311 3982 412 4046 λης
443 3985 526 4038 δεῖ
550 3985 648 4053 τῆς
679 3985 1020 4054 ἐπιμελείας.
1055 3985 1184 4040 ὥστ’
1221 3987 1288 4041 ἂν
1321 3987 1558 4059 σωθῆναί
1580 4007 1637 4042 τε
1662 3990 1756 4042 καὶ
1792 3987 1896 4042 σώ-

315 4075 528 4139 ζεσθαι.
579 4079 666 4130 Ἔν
693 4078 748 4131 δέ
787 4095 870 4131 σοι
909 4077 971 4130 τὸ
1005 4079 1244 4132 τοιοῦτόν
1292 4080 1429 4146 ἐστι,
1470 4080 1564 4134 καὶ
1603 4078 1698 4133 σοῦ
1730 4081 1892 4150 μόνου

314 4169 752 4239 ἐπιμελουμένου
783 4188 841 4223 τε
873 4170 960 4236 ἂν,
997 4171 1071 4234 ὡς
1103 4172 1200 4234 δεῖ,
1229 4172 1446 4226 ἕποιντο
1480 4173 1590 4243 γὰρ
1622 4173 1690 4227 ἂν
1720 4174 1815 4227 καὶ
1845 4173 1896 4227 οἱ

314 4263 466 4316 ἄλλοι
499 4263 724 4328 πάντες,
751 4263 1088 4334 σωζοίμεθα,
1114 4265 1209 4318 ἐὰν
1261 4265 1354 4319 καὶ
1405 4264 1539 4329 Θεὸς
1585 4264 1712 4330 διδῷ
1738 4279 1753 4294 '
1801 4266 1896 4318 καὶ

316 4355 739 4424 ρᾳθυμήσαντος
783 4353 848 4409 ἂν
912 4355 1116 4423 μείζων
1165 4357 1193 4408 ὀ
1235 4354 1504 4418 κίνδυνος.
1541 4353 1775 4423 Λογίζου
1814 4354 1892 4420 δὲ,

316 4447 410 4500 καὶ
435 4449 538 4511 ὅτι,
574 4447 638 4502 ἄν
663 4447 721 4501 τέ
746 4465 798 4500 τι
824 4448 1029 4515 φαῦλον
1060 4449 1263 4519 ἀποϐῇ,
1303 4448 1331 4501 δ
1372 4447 1446 4518 μὴ
1471 4447 1703 4516 γένοιτο,
1727 4448 1807 4510 είς
1837 4445 1894 4500 σὲ

314 4541 376 4592 τὸ
406 4541 656 4595 πλεῖστον
682 4541 779 4610 τῆς
811 4542 988 4604 αίτξας
1014 4529 1254 4604 ἅπαντες
1296 4540 1604 4595 ἀνοίσουσιν
1630 4555 1644 4570 ο
1674 4539 1727 4592 εί
1751 4537 1810 4591 τέ
1843 4555 1895 4591 τι

2072 3340 2278 3411 Itaque,
2307 3338 2651 3394 divinissime
2686 3337 2942 3408 princeps
2976 3343 3185 3402 noster,
3214 3334 3368 3390 hisce
3407 3332 3579 3386 ratie-

1996 3436 2161 3492 nibus
2192 3434 2408 3503 teipsun
2441 3432 2652 3487 solatus
2690 3431 2913 3485 nimiam
2950 3429 3110 3484 istam
3169 3425 3424 3483 maeroris
3457 3439 3581 3495 par~

1997 3533 2104 3581 tem
2129 3539 2290 3588 exue,
2325 3533 2380 3579 et
2408 3521 2539 3578 illud
2573 3524 2797 3590 insuper
2827 3522 3022 3576 animo
3073 3527 3271 3590 reputa
3337 3517 3416 3572 tui
3462 3517 3576 3585 jam

1994 3630 2117 3672 esse
2147 3613 2306 3669 cilicii
2339 3621 2563 3668 uttotus
2594 3613 2830 3682 negotiis
2865 3612 3114 3666 intentus
3148 3625 3261 3665 rem
3303 3607 3578 3677 publicam

1995 3721 2202 3769 serves,
2237 3705 2514 3760 tristitiam
2552 3719 2678 3758 vero
2705 3717 2866 3774 quam
2928 3702 3167 3757 maximo
3200 3698 3294 3766 tali
3348 3694 3581 3749 admini-

1997 3804 2251 3865 strationi
2310 3802 2704 3873 impedimento
2789 3815 2912 3856 esse
2965 3799 3164 3853 solere.
3214 3792 3382 3848 Vides
3431 3791 3578 3845 enim

1996 3911 2284 3970 quousque
2335 3896 2495 3955 nobis
2559 3893 2786 3948 adversa
2839 3889 3217 3960 processerint
3271 3895 3325 3941 et
3373 3891 3581 3951 quanto

1996 3997 2183 4047 nostra
2213 3989 2324 4045 sint
2355 3987 2408 4042 in
2436 3985 2679 4056 periculo
2712 3992 3027 4052 quantaque
3048 3995 3186 4048 opus
3211 3979 3283 4032 sit
3313 3975 3582 4030 sollicitu-

2006 4083 2137 4137 dine
2169 4090 2228 4135 ut
2258 4079 2393 4135 salvi
2433 4085 2488 4130 et
2514 4074 2818 4130 incolumes
2847 4072 3044 4127 simus.
3078 4069 3136 4122 ln
3173 4078 3227 4122 te
3256 4077 3438 4120 autem
3475 4067 3581 4119 hoc

2000 4181 2172 4228 totum
2201 4179 2286 4226 est
2319 4179 2478 4239 teque
2505 4183 2618 4221 uno
2653 4181 2841 4219 curam
2881 4172 3102 4233 gerente
3131 4175 3294 4231 quam
3322 4166 3538 4226 oportet
3563 4175 3577 4221 ;

2000 4275 2050 4320 te
2064 4262 2211 4317 enim
2237 4262 2428 4329 reliqui
2452 4274 2642 4313 omnes
2665 4267 2985 4327 sequentur,
3003 4265 3056 4308 et
3079 4256 3124 4308 si
3155 4253 3294 4307 Deus
3311 4251 3580 4320 bettlgnus

1999 4354 2232 4417 dederit,
2288 4351 2422 4408 salvi
2473 4352 2683 4405 erimus
2735 4365 2752 4403 :
2810 4347 2854 4403 si
2909 4362 3036 4400 vero
3099 4343 3319 4414 segnius
3381 4343 3580 4413 egeris,

2004 4446 2184 4514 majus
2219 4443 2325 4498 erit
2361 4440 2684 4512 periculum.
2717 4437 2771 4492 ld
2797 4453 3017 4507 quoque
3074 4436 3338 4506 recogita,
3371 4435 3417 4488 si
3453 4433 3578 4503 quid

2005 4537 2136 4592 mali
2169 4534 2454 4599 acciderit,
2483 4533 2627 4603 quod
2661 4533 2827 4595 absit,
2860 4530 3189 4601 praecipuam
3244 4542 3467 4582 causam
3527 4529 3579 4580 in

318 4635 411 4684 καὶ
439 4634 705 4703 σωτήριον
735 4633 999 4700 γίγνοιτο,
1031 4633 1095 4686 σὺ
1145 4634 1242 4694 καί
1275 4633 1466 4686 τούτου
1515 4632 1638 4703 οἴσῃ
1671 4631 1770 4697 τὴν
1808 4630 1893 4683 δό-

2006 4642 2058 4686 te
2086 4642 2276 4684 omnes
2298 4627 2614 4690 collaturus,
2637 4635 2691 4681 et
2716 4624 2759 4680 si
2793 4623 2944 4694 quid,
2968 4623 3111 4692 quod
3135 4621 3226 4684 sit,
3249 4621 3313 4675 ad
3347 4621 3579 4674 salutem

317 4726 435 4792 ξαν.
472 4727 562 4788 Ὠς
597 4722 691 4779 οὖν
725 4727 887 4790 αὐτὸς
918 4727 1016 4794 τὴν
1059 4725 1321 4796 μεγίστην
1361 4724 1448 4778 ἐπ’
1474 4724 1762 4793 ἀμφότερα
1808 4723 1897 4776 δό-

320 4819 416 4884 ξεν
443 4820 748 4889 οἰσόμενος,
780 4819 896 4890 ἅμα
920 4819 975 4873 δὲ
1001 4822 1094 4872 καὶ
1118 4819 1236 4887 Θεῷ
1263 4817 1419 4872 τοῦτο
1447 4817 1702 4887 ὀφείλων,
1727 4817 1783 4880 ὃς
1817 4833 1898 4869 σοι

320 4916 418 4980 τὴν
451 4913 730 4982 ἡμετέραν
763 4913 922 4981 τήνδε
950 4912 1269 4965 ἐπίστευσεν
1293 4911 1615 4982 ἠγεμονίαν,
1647 4910 1897 4981 ἐρρωμε-

320 5008 472 5058 νέστε
485 5005 576 5074 ρόν
611 5021 670 5057 τε
702 5003 797 5057 καὶ
825 5004 1246 5074 ἐπιμελέστερον
1279 5003 1387 5057 τῶν
1416 5003 1612 5058 κοινῶν
1657 5003 1896 5072 πρόστη-

322 5099 398 5153 θι.
436 5098 543 5152 Καί
580 5115 663 5151 σοι
689 5097 820 5161 Θεὸς
846 5095 1018 5166 διδοίη
1046 5096 1271 5160 σώζοντι
1315 5095 1383 5150 τὰ
1413 5096 1572 5149 κοινὰ
1614 5092 1901 5164 ἐπιμελείᾳ

399 5278 511 5347 (19)
549 5277 679 5344 Mira
742 5295 871 5334 sane
931 5272 1354 5351 argumentatio,
1416 5293 1542 5351 qua,
1581 5279 1898 5351 Apostolius

323 5365 542 5417 qttmltte
595 5351 812 5406 utitur:
863 5349 1024 5418 quam
1079 5349 1338 5403 nimirum
1395 5350 1585 5404 nescio
1615 5365 1682 5403 an
1741 5350 1901 5403 hodie

319 5434 448 5486 (ιιι-ε
497 5421 719 5487 impune
752 5451 816 5461 ε-
846 5421 992 5490 quod
1037 5435 1144 5474 non
1175 5420 1242 5474 de
1279 5419 1641 5488 philosophis,
1682 5420 1791 5490 sed
1833 5422 1900 5472 de

327 5490 593 5558 ιΙιρυΙοῧίε
639 5488 876 5543 maxime
906 5492 1030 5544 dico
1068 5520 1137 5528 —
1170 5491 1414 5558 proferre
1446 5489 1631 5556 possit.
1666 5488 1741 5542 Ac
1778 5505 1902 5557 pro-

324 5559 468 5614 fecto
499 5559 626 5629 quid
659 5560 915 5630 ineptius,
937 5576 1100 5630 quant
1133 5576 1198 5615 ex
1232 5575 1319 5623 eo,
1349 5559 1492 5628 quod
1525 5559 1766 5613 nonnulli
1803 5559 1900 5611 bo-

2002 4720 2328 4791 contigerit,
2358 4717 2523 4784 hujus
2593 4726 2645 4771 te
2693 4717 2922 4787 gloriam
2987 4731 3109 4770 esse
3153 4723 3577 4784 reportaturum.

2006 4815 2142 4868 Citm
2176 4813 2344 4882 igitur
2381 4810 2649 4880 praecipua
2675 4809 2928 4878 utrinque
2967 4809 3152 4877 Opinio
3183 4809 3249 4862 ad
3277 4818 3325 4862 te
3352 4815 3578 4876 spectet,

2001 4905 2282 4975 simulque
2314 4903 2447 4969 illud
2481 4905 2590 4957 Deo
2621 4903 2820 4956 debeas
2856 4902 2946 4970 qui
3010 4903 3103 4956 tibi
3166 4902 3312 4956 hunc
3368 4901 3421 4953 in
3481 4913 3580 4951 nos

2001 4997 2364 5068 principatum
2411 4995 2710 5056 commisit,
2747 4995 2829 5049 fac
2880 4995 2956 5050 rei
3015 4995 3290 5049 communi
3347 4991 3580 5044 validius

2002 5091 2400 5160 sollicitiusque
2433 5087 2737 5158 provideas.
2778 5087 2984 5157 Detque
3013 5086 3107 5142 tibi
3135 5085 3277 5138 Deu‘s
3301 5098 3396 5152 per
3432 5092 3576 5137 tuam

2005 5277 2417 5350 mines,insani
2454 5277 2800 5350 plerumque,
2849 5287 2907 5350 se
2938 5268 3429 5350 ipsiﬁinterliciant,
3475 5267 3579 5321 im-

2005 5339 2391 5402 mortalitatem
2417 5339 2587 5401 animi
2616 5339 2753 5398 velle
2783 5339 3012 5412 probare
3034 5342 3056 5394 ?
3077 5339 3225 5393 Talia
3259 5339 3577 5412 neutiquam

2004 5427 2202 5473 curant
2235 5420 2316 5472 sui
2373 5417 2750 5472 interfectores
2787 5411 2806 5466 ξ
2862 5428 2984 5464 nam
3027 5412 3072 5463 si
3126 5420 3401 5474 curarent,
3442 5411 3582 5466 bane

2005 5489 2180 5554 ipsam
2217 5489 2402 5546 vitam,
2437 5493 2488 5539 in
2520 5501 2623 5555 qua
2659 5486 2897 5538 futuram
2929 5484 3125 5536 mereri
3153 5481 3442 5547 docentur,
3473 5496 3580 5536 non

2005 5559 2301 5625 abjicerent
2335 5558 2436 5624 (τι).

396 5751 471 5818 (ιι)
504 5748 730 5829 Confer,
768 5747 810 5804 si
850 5747 1023 5814 iubet,
1069 5745 1133 5802 cl.
1174 5747 1246 5802 De
1277 5745 1480 5801 Butiald
1511 5745 1562 5801 in
1598 5760 1760 5817 opere
1795 5745 1938 5816 qttud
1982 5741 2321 5810 iusexibitur.
2362 5738 2674 5797 live/territes
2710 5740 3151 5814 philosophiqttes.
3188 5737 3344 5796 EDIT.
