3858 6202
251 257 356 323 953

991 265 1380 328 LAUDATIO
1411 266 1794 330 FUNEBRIS

1912 250 2164 334 ELENzE
2201 273 2791 337 PAL/EOLOGlNE.

3386 271 3489 336 9.74

249 370 321 423 Τὸ
354 368 409 421 δὲ
441 386 645 440 μουσας
674 372 847 444 τιμῶν
876 373 1028 438 ἔθνος
1057 378 1156 432 οὐκ
1189 380 1455 449 ἄμουσον,
1486 382 1606 435 οὐδὲ
1652 381 1807 436 ἀπαί-

1927 390 2101 446 musis
2132 407 2474 463 nequaquam
2505 393 2680 447 aliena
2727 399 2844 446 erat
2876 389 3227 460 animumque
3257 387 3330 445 ob
3353 389 3486 446 insi-

246 464 431 517 δευτον
469 463 591 517 οὐδέ
622 481 688 533 γε
744 466 803 519 τὸ
840 466 1016 538 ψυχῆς
1047 470 1394 542 ἀνθρωπίνης
1428 474 1495 542 τῇ
1542 475 1813 544 ἀθανασίᾳ

255 553 478 621 νομίζον
517 555 732 623 ἀγενές.
766 556 970 610 Τούτου
1009 558 1102 612 τοῦ
1153 561 1365 628 γένους,
1397 566 1425 616 δ
1454 564 1553 632 τῆς
1577 563 1703 634 ἀρτι
1749 563 1814 634 δὴ

250 645 652 716 μετηλλαχυίας
677 648 767 701 τὸν
795 648 925 718 βίον,
950 649 1223 720 βασιλίδος
1245 654 1429 726 πατὴρ
1454 647 1521 726 ἦν
1549 655 1729 726 χώρας
1753 671 1814 708 τε

248 739 432 806 ἄρχων
458 739 520 790 οὐ
540 739 690 810 παρὰ
729 739 904 807 Ἀξιὸν
929 743 1192 812 ποταμὸν,
1213 738 1274 798 οὗ
1299 746 1359 798 τὸ
1391 745 1534 817 ὕδωρ
1565 749 1622 800 ὲν
1650 763 1812 800 ποτα-

251 830 422 897 μείων
479 829 687 884 ὑδάτων
737 833 848 894 τοῖς
896 831 1213 903 κρατίστοις
1269 838 1364 889 καὶ
1420 837 1812 904 ὑγιεινοτάτοις

246 921 422 974 πίνειν
447 920 585 987 ἐστὶ,
618 920 711 973 καὶ
749 921 910 984 αὐτδς
947 925 1004 976 ὲν
1032 923 1242 994 ἀνδρῶν
1266 929 1380 990 τοῖς
1409 928 1812 998 ἀνδρειοτάτοις

203 1019 208 1022 ’
245 1013 341 1064 καὶ
395 1011 757 1084 δικαιοτάτοις
795 1016 1100 1085 τυγχάνων,
1145 1019 1240 1071 καὶ
1287 1019 1354 1073 τά
1404 1037 1466 1086 γε
1515 1021 1650 1088 πρὸς
1685 1022 1813 1087 τούς

246 1103 436 1173 φίλους
467 1106 807 1168 πιστότατος.
840 1091 1098 1161 Τοιούτου
1143 1109 1200 1162 δὲ
1249 1111 1454 1179 πατρὸς
1487 1115 1746 1181 γεγονυῖα
1777 1116 1810 1184 ἡ

246 1192 356 1245 τῶν
400 1194 688 1264 ἡμετέρων
743 1194 1012 1264 βασιλέων
1065 1216 1125 1251 τε
1179 1202 1274 1254 καὶ
1327 1203 1612 1271 ἡγεμόνων
1668 1203 1810 1275 αῦτη

251 1285 461 1356 μήτηρ,
489 1286 569 1354 τῷ
593 1285 802 1340 τούτων
837 1289 1010 1358 πατρὶ
1038 1290 1289 1360 ἐγήματο
1323 1292 1502 1362 πολλῷ
1535 1295 1809 1367 κρείττονι

242 1379 346 1447 τήν
369 1395 429 1431 τε
473 1378 629 1442 ἀξίαν
657 1379 828 1450 τύχην
855 1381 888 1452 ἢ
926 1380 1068 1435 κατὰ
1097 1387 1225 1446 τοὺς
1253 1385 1453 1456 ἑαυτῆς
1497 1388 1688 1454 γονέας
1713 1389 1810 1441 καὶ

244 1470 396 1541 αὐτῷ
439 1487 501 1524 τε
552 1469 702 1540 καλῷ
752 1471 981 1541 κάγαθῷ
1039 1474 1275 1544 βασιλεῖ,
1321 1480 1418 1531 καὶ
1471 1479 1570 1532 οὐκ
1612 1479 1810 1548 ὀλίγων

241 1563 508 1617 τοιούτων
556 1563 825 1634 βασιλέων
885 1565 1141 1637 ἀπογόνῳ
1206 1567 1546 1638 βασιλεύοντι
1601 1589 1660 1624 τε
1713 1574 1808 1625 τοῦ

240 1655 514 1726 ἡμετέρου
546 1654 734 1709 τούτου
762 1656 854 1710 τοῦ
905 1657 1190 1727 Ῥωμαίων
1220 1660 1433 1729 γένους,
1464 1655 1524 1717 οὗ
1555 1663 1683 1734 περὶ
1709 1663 1809 1732 τῆς

242 1748 416 1802 πάλαι
456 1747 712 1820 εὐτυχίας
739 1764 799 1802 τε
834 1749 951 1819 ἅμα
991 1751 1082 1803 καὶ
1107 1753 1163 1814 ἐς
1205 1752 1376 1807 πλείω
1416 1754 1807 1826 διακεκριμένη

237 1839 416 1907 γένει,
443 1839 601 1910 ἡμῶν
641 1841 739 1910 μὲν
765 1840 1054 1911 κρείττων,
1082 1842 1298 1896 ἐκείνου
1347 1844 1402 1898 δέ
1434 1862 1486 1898 τι
1525 1847 1664 1901 πάνυ
1700 1847 1809 1902 λειο

239 1932 481 2002 πομένη.
512 1933 625 1986 Οὐκ
669 1932 818 1986 ἐστιν
858 1929 924 1986 αὐ
951 1932 1009 1996 ὃς
1039 1933 1100 1986 οὐ
1151 1935 1247 1988 καὶ
1289 1935 1446 1988 τοῦτο
1497 1940 1698 2007 νομιεῖ.
1728 1939 1803 1992 Οὐ

236 2023 353 2095 γὰρ
395 2024 618 2090 ἀξιώσει
660 2041 744 2087 τις
776 2024 886 2080 τῶν
914 2024 1010 2078 τοῦ
1037 2025 1174 2078 Θεοῦ
1211 2027 1389 2098 ἔργων
1419 2027 1479 2080 τδ
1516 2030 1809 2098 κράτιστον

235 2116 394 2183 ἡμᾶς
423 2132 482 2168 τε
506 2109 667 2181 εἶναι,
689 2115 892 2179 ταύτας
908 2115 974 2187 δὴ
996 2116 1094 2180 τὰς
1119 2119 1276 2188 ἡμῶν
1304 2119 1587 2188 κρῖίττους
1619 2119 1809 2188 φύσεις

235 2205 414 2270 οὐδεὶς
468 2207 618 2269 ὅστις
669 2208 731 2261 οὐ
775 2206 900 2271 νοῦς
948 2207 1014 2262 ἂν
1051 2209 1184 2280 φαίη
1241 2207 1571 2281 εἶναιῆκαὶ
1631 2213 1808 2283 ψυχάς

232 2313 394 2358 τινας
449 2297 558 2350 τῶν
613 2299 905 2369 ¹ἡμετέρων
961 2300 1284 2370 κρείττους·
1345 2305 1393 2356 εί
1442 2303 1498 2356 δὲ
1561 2303 1806 2357 τοιαῦται

235 2389 453 2442 ἐκεῖναι
482 2387 694 2457 φύσεις,
724 2389 778 2441 τί
813 2391 878 2444 ἂν
907 2389 1036 2444 ἄλλο
1061 2392 1240 2445 αὐτῶν
1270 2393 1328 2446 τὺ
1360 2396 1692 2465 κυριώτατον
1719 2399 1802 2464 εἴη

233 2480 536 2549 ἔργον··καὶ
571 2480 833 2550 πρᾶξιςῆ
881 2482 914 2552 ή
965 2482 1072 2534 τῶν
1113 2483 1285 2535 ὄντοιν
1317 2483 1538 2555 θεωρία,
1575 2493 1668 2539 καὶ
1721 2487 1805 2540 ἐπ’

233 2573 380 2642 αὐτῇ
423 2574 456 2644 ή
490 2571 586 2626 τοῦ
627 2573 736 2626 τῶν
779 2573 917 2627 ὅλων
952 2576 1300 2646 Δημιουργού
1350 2578 1548 2644 ἔννοια,
1601 2575 1668 2652 ἧς
1700 2581 1812 2644 τοῖς

233 2664 538 2733 τυγχάνειν
563 2666 890 2733 πεφυκόσιν,
923 2666 1147 2736 οὐδεμία
1185 2685 1268 2730 τις
1314 2667 1380 2722 ἂν
1417 2668 1550 2738 ἄλλη
1601 2670 1811 2737 γένοιτο

236 2757 511 2828 κρείττων
544 2755 743 2827 πρᾶξις
775 2758 895 2810 οὐδὲ
929 2759 1350 2830 μακαριωτέρα,
1381 2754 1448 2832 ἦς
1476 2761 1568 2812 καὶ
1600 2760 1813 2830 ἅνθρω·

235 2865 342 2911 πος
386 2848 521 2918 πρὸς
561 2851 632 2919 τῇ
676 2848 809 2922 ἄλλῃ
841 2851 948 2903 τῶν
977 2851 1147 2904 ὄντων
1180 2852 1406 2923 θεωρίᾳ,
1461 2853 1553 2906 καὶ
1605 2851 1810 2923 ταύτης

236 2937 402 3010 δῆλός
440 2941 555 2992 ἐστι
579 2941 890 3009 τυγχάνων.
923 2942 1132 2996 Οὐκοῦν
1164 2945 1224 2996 οὐ
1269 2946 1430 3014 μόνον
1462 2943 1811 3016 τοῖςθηρίων

1921 493 2032 537 tam
2069 485 2540 541 immortalitatem
2583 485 2806 554 plurimi
2840 481 3486 552 faciebat.lmperatricis

1914 586 2095 644 aujem
2161 587 2363 632 nostra:
2418 592 2542 646 quae
2584 592 2728 631 nunc
2783 575 3018 631 maxime
3077 583 3325 630 emortua
3379 584 3484 638 est,

1912 675 2065 737 pater
2091 667 2363 738 regionem
2400 683 2510 723 non
2573 668 2735 723 vilem
2809 681 2978 736 prope
3031 665 3230 721 Axium
3283 663 3483 720 flumen

1911 759 2155 829 regebat,
2181 759 2339 829 cujus
2388 775 2530 830 aqua
2567 759 2958 830 potabilissima
2988 758 3179 814 eadem
3231 767 3287 812 et
3337 756 3485 811 salu-

1909 848 2146 905 berrima
2193 857 2467 906 censetur.
2503 849 2620 907 Rex
2665 851 2781 921 ipse
2819 848 3150 905 fortissimus
3171 846 3484 918 etjustissi-

1913 956 2035 996 mus
2069 941 2313 996 virorum
2354 951 2410 996 et
2436 957 2564 1013 erga
2595 942 2802 998 amicos
2855 940 3160 996 fidissimus
3187 939 3308 994 fuit.
3336 938 3484 992 Talis

1911 1029 2076 1099 igitur
2102 1031 2344 1099 parentis
2401 1031 2509 1085 ﬁlia
2564 1031 2952 1101 imperatorum
3009 1044 3074 1084 ac
3128 1030 3324 1084 dueum
3386 1043 3487 1082 no-

1911 1129 2150 1176 strorum
2184 1132 2378 1188 mater,
2414 1123 2604 1178 horum
2645 1122 2876 1192 genitori
2903 1131 3164 1191 nupserat
3194 1121 3286 1191 qui
3321 1135 3482 1188 gene-

1912 1210 1988 1266 ris
2026 1210 2310 1268 nobilitate
2360 1223 2414 1268 et
2462 1213 2695 1268 fortunat
2730 1213 2926 1282 opibus
2983 1212 3155 1266 multo
3196 1210 3396 1266 clarior
3426 1215 3487 1262 ut

1909 1315 1965 1360 et.
1993 1306 2250 1360 virtutum
2274 1305 2446 1376 gloria
2479 1307 2533 1360 in
2563 1306 2908 1361 Romteorum
2937 1305 3136 1374 populo
3161 1303 3482 1365 excellebat,

1910 1396 2158 1466 quamvis
2188 1396 2429 1452 inferiori
2461 1397 2577 1467 ipsa
2615 1397 2733 1452 loco
2780 1397 3010 1451 oriunda
3055 1405 3222 1460 esset,
3251 1394 3305 1448 id
3341 1392 3483 1462 quod

1911 1489 2055 1545 inter
2111 1503 2300 1545 omnes
2344 1497 2576 1543 constat.
2634 1487 2956 1557 Quicunque
3010 1488 3153 1542 enim
3210 1485 3482 1540 hominem

1910 1579 2422 1647 praestantissimum
2447 1578 2718 1634 Creatoris
2757 1593 2896 1649 opus
2930 1577 3227 1640 existimat,
3264 1574 3486 1629 minime

1916 1669 2127 1725 animas
2157 1669 2368 1740 aliquas
2399 1669 2601 1725 nostris
2631 1671 2886 1725 meliores
2907 1684 3028 1725 esse
3063 1664 3485 1738 negabit.'Quod

1915 1760 1962 1817 si
1995 1761 2067 1815 ita
2115 1768 2218 1827 est,
2244 1761 2372 1830 quid
2401 1761 2679 1831 antiquius
2735 1775 2858 1816 esse
2902 1769 3077 1829 potest
3110 1774 3272 1829 quam
3304 1758 3487 1827 opinio

1912 1867 2034 1922 quae
2060 1867 2124 1907 ex
2159 1867 2339 1908 rerum
2375 1862 2682 1907 creatarum
2734 1851 3172 1907 consideratione
3203 1849 3398 1913 oritur,
3432 1856 3488 1900 et

1913 1944 2020 1998 fine
2042 1959 2204 2012 quem
2230 1943 2466 1998 universi
2496 1945 2746 2000 conditor
2763 1943 2867 1998 sibi
2893 1942 3191 2013 proposuit,
3216 1954 3322 2009 quo
3351 1938 3487 1992 nihil

1913 2037 2130 2103 melius,
2163 2038 2238 2091 nil
2275 2039 2488 2093 beatius
2522 2038 2749 2108 cogitari
2788 2045 2986 2107 potest,
3027 2044 3080 2091 et
3109 2034 3264 2104 cujus
3323 2032 3488 2086 homo

1915 2129 2031 2198 ipse
2087 2127 2374 2183 manifeste
2423 2129 2690 2197 particeps
2719 2138 2821 2184 est.
2849 2128 3014 2199 Igitur
3045 2142 3151 2181 non
3187 2133 3396 2178 tantum
3429 2132 3488 2174 nt

1919 2227 2106 2274 caetera
2135 2218 2390 2272 animalia
2421 2227 2736 2289 cperaretur
2772 2219 2957 2281 homo,
2988 2216 3086 2271 sed
3111 2213 3486 2269 nobilissimo:

1919 2327 2036 2366 rum
2064 2312 2228 2366 simul
2255 2325 2422 2381 penes
2453 2327 2553 2365 nos
2586 2325 2843 2381 generum
2901 2308 3208 2377 exemplum
3259 2306 3313 2359 in
3355 2319 3488 2372 ope-

1915 2403 2087 2456 rando
2136 2411 2190 2458 et
2234 2415 2358 2456 cum
2415 2401 2538 2456 aliis
2567 2400 2910 2458 subsistendo
2953 2408 3293 2470 sequeretur.
3326 2395 3486 2449 Rela-

1919 2492 2118 2547 tionem
2185 2492 2330 2546 enim
2391 2501 2591 2546 certam
2671 2489 3002 2545 intercedere
3064 2496 3280 2557 oportet
3345 2487 3487 2540 inter

1913 2583 2290 2639 exsistentiam
2341 2592 2395 2638 et
2449 2582 2642 2652 agendi
2685 2582 2998 2638 facultatem
3053 2590 3106 2635 et
3161 2580 3278 2633 vice
3311 2591 3483 2632 versa.

1915 2675 2069 2740 Quod
2105 2675 2150 2730 si
2195 2674 2318 2744 quis
2379 2675 2655 2728 hominem
2717 2689 2823 2744 qua
2868 2672 3096 2727 bestiam
3153 2669 3484 2734 considerat,

1915 2766 2195 2822 hestialem
2222 2781 2352 2820 sane
2385 2766 2434 2820 ei
2471 2774 2722 2820 naturam
2782 2779 2906 2820 esse
2963 2763 3246 2829 fatebitur,
3279 2776 3380 2816 nec
3406 2768 3486 2816 ta-

1915 2873 2036 2911 men
2094 2856 2333 2912 melioris
2369 2872 2492 2911 eum
2522 2867 2730 2911 natura:
2774 2863 3077 2925 compotem
3117 2855 3356 2926 negabit,
3389 2869 3487 2908 nec

1917 2948 2204 3003 mirabitur
2253 2948 2397 3018 quod
2432 2963 2595 3015 opera
2639 2961 2844 3002 natura:
2894 2963 3007 3004 sum
3055 2963 3296 3018 congrua
3339 2945 3486 3000 facit.

237 3033 428 3103 ἔργοις
453 3034 702 3086 κοινωνοί
724 3031 790 3086 ἂν
821 3032 1105 3103 ἄνθρωπος
1139 3035 1234 3088 καὶ
1265 3035 1330 3088 τὰ
1359 3037 1526 3104 θηρία
1557 3037 1806 3107 πράττοι,

1917 3039 2060 3094 Duas
2083 3039 2226 3094 enim
2251 3038 2456 3094 homini
2489 3040 2758 3094 essentias
2789 3041 2967 3095 inesse
2990 3038 3092 3094 sibi
3112 3038 3485 3108 persuadebit,

237 3127 384 3181 ἀλλὰ
421 3128 515 3182 καὶ
555 3129 669 3191 τοῖς
709 3126 820 3180 τῶν
855 3126 1184 3199 κρειττόνων
1237 3129 1393 3199 ἡμῶν
1425 3129 1598 3197 γενῶν
1635 3132 1684 3182 εἰ
1710 3130 1810 3198 τῆς

237 3219 416 3285 αὐτῆς
439 3219 622 3281 αὐτοῖς
649 3217 882 3287 θεωρίας
914 3219 970 3280 ἐς
993 3217 1227 3287 δύναμιν
1258 3220 1348 3271 καὶ
1371 3219 1534 3282 αὐτὸς
1556 3219 1806 3284 ἅπτεται,

235 3314 310 3367 τὰ
353 3311 411 3365 δὲ
463 3311 825 3365 κοινωνοῦντα
877 3313 991 3373 τοῖς
1044 3312 1247 3382 ἔργοις,
1287 3312 1380 3365 καὶ
1419 3314 1540 3374 ταῖς
1598 3312 1810 3374 οὐσίαις

219 3401 461 3472 ’ἀνάγκη
510 3405 809 3456 κοινωνεῖν.
859 3402 1148 3469 Ἀνάλογον
1183 3402 1289 3470 γὰρ
1329 3403 1410 3455 δεῖ
1451 3401 1594 3472 ἔχειν
1625 3403 1810 3466 οὐσίας

236 3512 300 3548 τε
333 3496 534 3564 ἔργοις,
590 3496 684 3548 καὶ
729 3491 867 3565 ἔργα
908 3493 1136 3558 οὐσίαις,
1186 3493 1374 3564 ὥσπερ
1427 3493 1520 3546 οὐν
1567 3511 1650 3555 τις
1698 3497 1809 3555 τοῖς

240 3585 449 3658 θηρίων
474 3585 654 3656 ἔργοις
687 3585 1046 3639 κοινωνοῦντα
1077 3585 1365 3654 ἄνθρωπον
1419 3587 1582 3655 ὁρῶν,
1619 3587 1808 3638 οὐσίαν

240 3680 308 3748 τῇ
358 3676 564 3747 θηρίων
605 3675 994 3747 παραπλησίαν
1027 3675 1236 3728 τίθεται
1278 3675 1442 3729 αὐτὸν
1484 3675 1802 3745 κεκτῆσθαι,

239 3769 425 3832 καλῶς
453 3767 622 3832 ἀξιῶν
658 3769 748 3820 καὶ
793 3769 906 3831 τοῖς
939 3766 1045 3820 τῶν
1081 3767 1404 3837 κρειττόνων
1447 3769 1604 3837 ἡμῶν
1634 3768 1808 3836 γενῶν

239 3861 600 3915 κοινωνοῦντα
634 3859 778 3929 δρῶν
819 3857 1003 3929 ἔργοις
1040 3861 1134 3911 καὶ
1183 3858 1372 3911 οὐσίαν
1420 3857 1806 3929 παραπλησίαν

237 3956 305 4024 τῇ
336 3951 564 4006 ἐκοίνων
596 3951 717 4027 ἐκεί
751 3949 1004 4016 ἀξιούτω,
1027 3949 1103 4012 ὡς
1141 3951 1240 4018 οὐχ
1269 3944 1380 4002 οἷόν
1411 3965 1469 4000 τε
1495 3949 1554 4000 ὃν
1588 3949 1662 4019 μὴ
1707 3949 1807 4002 οὐκ

238 4050 347 4104 ἀπὸ
384 4049 790 4122 παραπλησίων
833 4049 935 4117 τῆς
987 4047 1175 4110 οὐσίας
1216 4048 1575 4126 παραπλήσια
1612 4047 1707 4101 καί⁵
1741 4047 1808 4100 τὰ

239 4144 374 4212 ἔργα
403 4139 561 4204 εἶναι,
595 4144 690 4195 καὶ
727 4143 792 4193 ὲκ
823 4140 971 4192 δυοῖν
1000 4140 1192 4193 οὐσίαν
1218 4140 1308 4192 τὸν
1339 4140 1628 4210 ἄνθρωπον
1655 4156 1807 4210 νομι-

238 4234 378 4298 ζέτω
427 4231 822 4292 συντεθεῖσθαι,
883 4230 981 4301 τῆς
1039 4231 1136 4300 μὲν
1193 4230 1342 4293 Θείας
1387 4231 1550 4294 τινὸς,
1599 4230 1695 4298 τῆς
1749 4229 1806 4281 δὲ

238 4324 561 4396 θηριώδους,
608 4323 702 4376 καὶ
753 4321 954 4388 ταύτης
1007 4322 1105 4389 μὲν
1158 4322 1381 4392 θνητῆς,
1423 4323 1522 4391 τῆς
1560 4322 1617 4374 δὲ
1655 4321 1805 4385 Θείας

236 4419 396 4488 ἡμῶν
421 4399 713 4481 ἀθανάτου,
752 4415 806 4467 εί
847 4431 910 4483 γε
954 4415 1048 4467 καὶ
1079 4415 1111 4484 ἡ
1145 4414 1254 4467 τῶν
1286 4415 1613 4484 κρειττόνων
1644 4415 1804 4484 ἡμῶν

1913 3130 2151 3184 divinam
2213 3129 2712 3199 immortalemque,
2786 3139 2841 3184 et
2921 3130 3201 3200 bestialem
3259 3143 3487 3199 eamque

1913 3221 2218 3279 mei-talem.
2252 3221 2492 3289 Cogitari
2545 3223 2688 3276 enim
2730 3237 3009 3292 nunquam
3072 3229 3249 3291 potest
3315 3221 3483 3275 Deum

1911 3312 2123 3367 infinite
2154 3313 2353 3367 bonum
2385 3321 2440 3367 et
2469 3322 2622 3368 extra
2668 3328 2884 3368 omnem
2916 3314 3173 3368 invidiam
3228 3314 3486 3382 positum,

1911 3420 2018 3459 non
2053 3415 2259 3475 partem
2316 3405 2551 3473 aliquam
2616 3405 2814 3460 divinae
2881 3415 3089 3460 naturae
3142 3403 3497 3470 mortalibus,

1910 3494 2374 3548 immortalitatem
2406 3488 2637 3561 scilicet,
2690 3496 2971 3553 indidisse.
3003 3495 3291 3567 Nunquam
3339 3508 3486 3553 certe

1909 3586 2053 3654 quod
2117 3585 2344 3640 mortale
2390 3595 2472 3640 est
2522 3587 2984 3642 immortalitatem
3039 3589 3386 3644 nanciscetur
3417 3589 3486 3643 ob

1908 3677 2126 3746 liniitesj
2155 3686 2359 3732 naturae
2409 3677 2659 3733 humanae
2694 3680 2920 3747 positos,
2953 3679 3044 3750 qui
3086 3696 3187 3735 nos
3217 3679 3486 3750 perfectos

1907 3784 2028 3824 esse
2079 3785 2187 3824 non
2240 3770 2448 3838 sinunt,
2492 3772 2593 3827 etsi
2647 3788 2747 3827 nos
2783 3774 2928 3843 ipsos
2985 3783 3203 3843 propter
3262 3788 3484 3828 causam

1907 3864 2143 3933 aliquam
2202 3871 2294 3917 aut
2345 3864 2464 3919 sine
2520 3881 2684 3920 causa
2723 3867 3120 3933 interimamus,
3158 3883 3264 3937 qua
3317 3867 3383 3922 de
3429 3882 3486 3921 re

1910 3969 2054 4008 nunc
2095 3954 2243 4022 loqui
2287 3955 2614 4023 superfluum
2667 3968 2814 4012 esset
2848 3974 3035 4012 coram
3073 3968 3152 4013 tot
3183 3960 3312 4013 viris
3365 3958 3484 4027 ejus

1911 4045 2056 4100 baud
2089 4046 2320 4117 ignaris.
2351 4044 2504 4100 Nune
2535 4061 2663 4100 vero
2695 4046 2810 4115 ejus
2845 4050 2918 4102 rei
2940 4051 3267 4102 mentionem
3307 4049 3484 4103 facere

1912 4137 2059 4192 haud
2092 4137 2428 4192 fastidiosum
2485 4139 2610 4203 erit,
2646 4139 2914 4208 siquidem
2944 4155 3005 4194 ex
3049 4152 3122 4195 tot
3157 4157 3276 4208 qua-
3305 4155 3483 4210 quon-

1909 4229 2032 4283 dam
2068 4229 2300 4284 florucre
2328 4231 2650 4286 civitatibus
2693 4231 2908 4287 diflicile
2958 4233 3202 4288 invenias
3233 4233 3482 4296 alteram,

1909 4323 1962 4376 in
2026 4337 2131 4392 qua
2183 4324 2359 4376 virtus
2424 4332 2479 4378 et
2549 4324 2768 4378 fortuna
2824 4324 3053 4379 feliciori
3114 4340 3274 4394 quam
3342 4325 3483 4393 apud

1839 4393 1880 4447 θ
1909 4412 2160 4469 Rommos
2197 4416 2397 4469 unione
2433 4417 2737 4486 gaudebant
2769 4432 2832 4472 ac
2865 4417 3068 4472 diutius
3095 4393 3412 4472 floruerunt.

236 4510 410 4580 γενῶν
441 4510 708 4570 ἀθάνατος
731 4523 747 4538 θ
790 4506 1002 4576 οὐδαμῆ
1035 4508 1144 4577 γὰρ
1173 4507 1240 4560 ἂν
1289 4506 1510 4576 εὐλογον
1551 4510 1659 4574 εἴη,
1689 4509 1874 4578 ἄκρως
1907 4508 2130 4577 ἀγαθῶν
2164 4507 2291 4560 ὅντα
2316 4507 2406 4560 τὸν
2435 4509 2567 4564 Θεὸν
2601 4511 2694 4563 καὶ
2725 4511 2920 4580 φθόνου
2949 4511 3052 4576 ἔξω
3082 4511 3282 4573 παντὸς
3308 4511 3384 4580 μὴ
3421 4511 3483 4562 οὐ

239 4603 376 4672 πρὸς
428 4601 775 4674 τοῖςιᾶλλοις
819 4616 872 4652 τι
901 4600 1201 4662 ἀθανάτους
1252 4602 1352 4664 τὰς
1384 4601 1666 4668 ἐγγυτέρω
1708 4602 1902 4656 ἑαυτοῦ
1959 4601 2146 4665 οὐσίας
2211 4605 2556 4670 παραγαγεῖν
2592 4620 2606 4635 ·

2661 4605 2710 4656 εἰ
2775 4605 2821 4657 δ’
2853 4606 3058 4658 ἐκεῖναι
3093 4605 3350 4659 ἀθάνατοι
3383 4605 3484 4659 κᾶν

236 4698 394 4770 ἡμῶν
419 4699 543 4752 ὅσον
569 4698 664 4766 τῆς
689 4694 875 4758 οὐσίας
896 4694 1089 4756 αὐταῖς
1125 4695 1531 4763 παραπλήσιον,
1562 4697 1829 4750 ἀθάνατον
1864 4697 1950 4768 εἴη
1976 4714 1989 4727 ·
2023 4696 2146 4749 ἐπεὶ
2177 4696 2287 4748 οὐδ’
2312 4696 2378 4750 ἄν
2404 4714 2532 4750 ποτε
2562 4698 2771 4765 γένοιτο
2799 4698 2988 4768 θνητὸν
3015 4700 3268 4770 ἀθανάτῳ
3303 4718 3479 4769 παρα-

239 4795 465 4864 πλήσιΟν
486 4791 593 4845 οὐδ’
617 4791 700 4859 ἐφ’
719 4786 960 4851 ὀσονοῦν,
991 4787 1052 4839 τὸ
1076 4789 1503 4858 πεπερασμένην
1534 4806 1596 4854 γε
1626 4789 1749 4859 ἔχον
1770 4792 1866 4860 τὴν
1890 4791 1984 4844 τοῦ
2017 4787 2158 4844 εἶναι
2187 4789 2417 4860 δύναμιν
2443 4791 2537 4843 καὶ
2561 4791 2970 4857 ἐπιλείπουσαν,
2995 4794 3071 4857 τῷ
3094 4797 3481 4851 ἀνεπίλειπτον

237 4891 412 4959 ἔχοντι
444 4886 540 4938 καὶ
570 4884 798 4953 ἄπειρον
822 4897 837 4912 ο
876 4885 970 4937 καὶ
1005 4885 1104 4955 μὲν
1133 4884 1194 4952 δὴ
1225 4884 1326 4935 κᾶν
1356 4883 1404 4933 οἱ
1432 4883 1586 4936 αὐτοὶ
1611 4883 1808 4948 αὐτοὺς
1837 4884 2256 4948 ἀποκτιννύντες
2286 4887 2396 4938 εἴτε
2444 4884 2650 4954 ἀρετῆς
2700 4889 2993 4958 περίεργον
3042 4891 3110 4944 ἂν
3159 4892 3244 4959 εἴη
3299 4891 3482 4958 λέγειν

238 4981 564 5051 παμπόλλων
619 4976 868 5030 εἰδότωνο
906 4977 1042 5030 ἀλλά
1085 4975 1337 5028 τοσοῦτον
1391 4977 1564 5028 εἰπεῖν
1618 4977 1676 5028 έν
1717 4979 1794 5045 τῷ
1842 4979 2072 5048 παρόντι
2133 4981 2192 5032 ού
2231 4980 2510 5049 φορτικὸν,
2565 4981 2648 5032 ὅτι
2705 4980 2913 5034 πολλῶν
2956 4984 3246 5035 πολιτειῶν
3285 4999 3344 5034 τε
3383 4983 3478 5034 καὶ

237 5075 521 5146 βασιλειῶν
575 5072 869 5140 γεγονυιῶν
916 5072 973 5123 ἐν
1025 5071 1186 5124 παντὶ
1227 5070 1302 5140 τῷ
1349 5071 1406 5123 ὲν
1463 5072 1649 5141 μνήμῃ
1694 5073 1871 5142 χρόνῳ
1905 5072 2140 5141 χαλεπὸν
2177 5075 2324 5125 ἐστιν
2358 5073 2560 5143 εὐρεῖν,
2595 5074 2730 5129 ὅπου
2774 5075 2940 5144 ἀρετὴ
2993 5091 3052 5132 τε
3105 5077 3199 5126 καὶ
3253 5073 3480 5142 εὐτυχία

235 5173 319 5222 ἐπ’
350 5168 484 5222 αὐτὸ
512 5163 957 5234 συνεληλυθέτην,
979 5163 1054 5226 ὡς
1090 5167 1147 5217 ὲν
1178 5167 1244 5234 τῇ
1273 5163 1437 5216 πάλαι
1472 5164 1760 5234 Ῥωμαίων
1793 5165 2054 5236 πολιτείᾳ,
2081 5164 2196 5234 ἅμα
2223 5166 2277 5218 δὲ
2303 5167 2395 5219 καὶ
2420 5168 2510 5219 ἐπὶ
2545 5167 2680 5220 πολὺ
2711 5166 2805 5218 τοῦ
2840 5168 3034 5236 χρόνου
3065 5167 3379 5234 διαρκέσαν.

303 5264 380 5331 Τῇ
444 5261 500 5314 δὲ
553 5261 648 5313 νῦν
705 5256 1018 5329 ὐμνουμέεαῃ
1086 5257 1317 5327 βασιλίδι
1373 5257 1531 5310 τοῦτο
1581 5259 1798 5328 πρῶτον

238 5353 455 5421 εὐτυχὲς
489 5349 698 5419 ὑπῆρξε
725 5349 785 5401 τὸ
823 5349 939 5417 ἅμα
991 5348 1087 5416 μὲν
1116 5348 1172 5412 ἐξ
1204 5349 1426 5414 ἀγαθῶν
1457 5347 1574 5416 ἅμα
1605 5349 1650 5400 δ’
1701 5349 1801 5400 οὐκ

238 5446 335 5496 ὀισῇ
348 5461 461 5514 μων
485 5442 681 5512 φῦσαν,
710 5441 921 5493 πολλῶν
947 5440 1254 5507 κρείττονος
1282 5439 1315 5508 ἦ
1343 5439 1462 5491 καθ’
1492 5439 1688 5508 ἑαυτὴν
1707 5439 1799 5491 τοῦ

236 5538 412 5604 γάμου
472 5536 658 5604 τυχεῖν
713 5531 923 5601 βασιλεῖ
971 5531 1255 5598 Ῥωμαίων
1302 5531 1596 5600 γημαμένη
1629 5548 1641 5560 ο
1674 5531 1798 5601 ἄρτι

234 5626 328 5695 τὴν
363 5625 639 5694 βασιλείαν
670 5623 807 5692 μετὰ
835 5624 934 5692 τὴν
957 5622 1051 5673 τοῦ
1076 5623 1277 5690 πατρὸς
1311 5623 1569 5691 τελευτὴν
1605 5640 1798 5692 παρει-

234 5717 443 5784 ληφότι,
475 5717 542 5770 τά
581 5716 635 5768 δὲ
680 5715 816 5792 μετά
865 5714 1037 5767 ταῦτα
1069 5714 1167 5767 οὐκ
1199 5714 1413 5784 ἀμιγεῖς
1444 5716 1497 5766 αἱ
1551 5716 1794 5783 εὐτυχίαι

1987 5257 2121 5313 lluic
2175 5269 2370 5312 nostra:
2397 5259 2610 5327 quidem
2643 5259 2971 5326 imperatriei
3005 5256 3147 5312 felici
3188 5273 3315 5313 casu
3343 5257 3478 5310 obti-

1911 5351 1987 5420 git
2040 5360 2097 5405 ut
2141 5351 2297 5406 bonis
2354 5352 2529 5416 iisque
2585 5349 2857 5404 nobilibus
2913 5358 3191 5418 procreata
3243 5350 3479 5419 parenti-

1909 5444 2011 5498 bus
2057 5443 2397 5498 Rommorum
2442 5444 2758 5512 imperatori
2808 5456 3003 5510 genere
3055 5443 3306 5496 nobiliori
3356 5451 3482 5496 nato

1911 5538 2174 5599 nuberet;
2215 5537 2304 5606 qui
2335 5536 2472 5604 patri
2507 5537 2762 5589 defuncto
2795 5535 3081 5600 successit,
3112 5535 3276 5605 inque
3311 5552 3480 5600 regno

1907 5642 2006 5680 suo
2049 5643 2171 5681 cum
2236 5626 2380 5680 varia
2428 5626 2641 5679 fortuna
2705 5625 2917 5679 luctans
2974 5625 3283 5689 inyasioucs
3348 5626 3478 5680 Bar-

1903 5717 2155 5773 barorum
2204 5734 2264 5772 ac
2315 5715 2662 5773 obscssioncs
2703 5714 2914 5770 urbium
2956 5724 3207 5776 expertus
3243 5727 3324 5771 est
3367 5733 3473 5772 non
