3858 6202
475 260 583 326 939

1712 268 2041 329 GEORGII
2079 268 2506 332 PLETIIONIS
2564 338 2591 351 ι

1789 596 2414 723 ΠΙΝΑΞ

2030 844 2167 899 ΤΗΣ

911 952 1244 1103 ’λίπον
1318 1013 1950 1103 ΠΛΗΘΩΝΟΣ
2026 1013 2429 1099 ΝΟΜΩΝ
2512 1013 3186 1102 ΣΥΓΓΡΑΦΗΣ.

688 1353 759 1406 Δί
793 1350 900 1405 τοῦ
938 1351 1174 1429 πρώτου
1218 1350 1452 1408 Βιϐλίου
1480 1351 1832 1417 ὑποθέσεις.

474 1448 546 1500 α’.
605 1445 740 1515 Περὶ
769 1446 1035 1516 διαφορᾶς
1065 1444 1175 1499 τῶν
1227 1444 1357 1515 περὶ
1386 1444 1493 1497 τῶν
1528 1444 1805 1512 μεγίστων
1837 1443 2047 1512 ἀνθρώ-

682 1553 804 1598 ποις
833 1537 1021 1602 δοξῶν.

472 1624 551 1693 βί
608 1628 742 1699 Περὶ
770 1629 1051 1699 ἡγεμόνων
1076 1628 1183 1682 τῶν
1212 1628 1502 1697 βελτίστων
1536 1629 1735 1695 λόγων.

470 1715 540 1784 γ’.
607 1719 742 1788 Περὶ
783 1723 898 1774 τοῖν
946 1723 1093 1775 δυοῖν
1125 1723 1393 1775 ἐναντίοιν
1440 1721 1640 1787 λόγοιν,
1680 1721 1773 1773 τοῦ
1808 1738 1862 1771 τε
1897 1720 2049 1787 Πρω-

680 1815 970 1884 ταγορείου
1004 1817 1097 1868 καὶ
1123 1813 1216 1867 τοῦ
1246 1816 1617 1887 Πυρρωνείου.

517 1945 533 1961 .
615 1907 703 1971 Ἐς
739 1907 897 1970 θεοὺς
931 1909 1057 1971 τοὺς
1087 1908 1299 1976 λογίους
1326 1909 1480 1979 εὐχή.

519 2038 533 2052 .
606 2000 779 2053 Κοινὰ
813 2001 939 2069 περὶ
969 2001 1108 2055 θεῶν
1143 2001 1410 2070 δόγματα.

514 2089 550 2148 ἰ
604 2093 743 2162 Περὶ
767 2095 891 2157 Διὸς
922 2093 1017 2149 τοῦ
1048 2094 1339 2164 βασιλέως.

522 2228 535 2240 .
605 2187 740 2256 Περὶ
771 2186 908 2239 θεῶν
944 2187 1050 2241 τῶν
1081 2188 1513 2258 ὑπερουρανίων.

524 2318 537 2332 .
603 2279 675 2330 Πε
688 2266 744 2346 pf
770 2278 909 2333 θεῶν
938 2280 1046 2334 τῶν
1076 2280 1228 2343 ἐντὸς
1258 2280 1514 2351 οὐρανοῦ.

520 2409 534 2424 .
604 2371 740 2442 Περὶ
769 2372 869 2441 τῆς
897 2372 1006 2426 τῶν
1037 2374 1175 2427 θεῶν
1218 2375 1556 2444 συμπάντων
1584 2376 1907 2446 ἀϊδιότητος.

599 2465 734 2535 Περὶ
760 2466 860 2534 τῆς
889 2467 1229 2530 Ποσειδῶνός·
1244 2485 1305 2521 τε
1346 2468 1438 2521 καὶ
1468 2469 1575 2522 τῶν
1606 2468 1782 2522 ἀλλων
1815 2470 2049 2539 ὑπερου-

678 2559 879 2626 ρανίων
913 2558 1053 2611 θεῶν
1083 2559 1372 2628 γενέσεως.

529 2651 562 2702 '.
610 2648 746 2718 Περὶ
788 2652 889 2719 τῆς
929 2650 1037 2705 τῶν
1084 2651 1236 2714 ἐντὸς
1289 2652 1520 2721 οὐρανοῦ
1563 2654 1718 2707 τοῦδε
1764 2655 2047 2712 ἀθανάτων

679 2740 967 2807 γενέσεως.

522 2838 553 2886 ’.
601 2832 737 2901 Περὶ
764 2832 865 2901 τῆς
885 2832 996 2885 τῶν
1026 2832 1236 2904 θνητῶν
1266 2833 1554 2902 γενέσεως.

539 2964 554 2981 .
597 2924 733 2995 Περὶ
760 2925 1049 2995 ἀνθρώπου
1082 2926 1373 2995 γενέσεως.

530 3058 544 3073 .
590 3020 726 3091 Περὶ
772 3020 869 3090 τῆς
916 3021 1004 3075 ἐπ’
1046 3022 1333 3093 ἀμφότερα
1391 3024 1686 3093 ἀνθρώπου
1752 3032 1874 3082 τοτὲ
1939 3028 2038 3100 μὲν

670 3112 976 3183 ἀμείνονος,
1008 3115 1130 3168 τοτέ
1161 3115 1216 3167 δέ
1242 3114 1486 3185 χείρονος
1519 3118 1837 3183 διαθέσεως.
1858 3157 1872 3170 .

510 3202 546 3259 '.
589 3204 725 3275 Περὶ
747 3204 850 3274 τῆς
883 3206 1056 3284 αὐτῆς
1082 3208 1191 3260 τῶν
1224 3207 1583 3262 καθεστώτων
1612 3212 1804 3279 μονῆς.

546 3336 560 3350 .
595 3298 728 3367 Περὶ
755 3301 853 3369 τῆς
883 3298 977 3351 τοῦ
1008 3299 1172 3368 ῆθους
1204 3299 1436 3369 ἀρίστης
1472 3303 1883 3366 καταστάσεως.

533 3428 545 3442 .
590 3390 725 3456 Περὶ
756 3388 963 3452 οἰκείας
997 3393 1405 3456 καταστάσεως.

519 3485 553 3532 ’.
593 3479 729 3551 Περὶ
764 3480 1165 3551 κληρονομιῶν.

533 3610 549 3625 .
587 3570 723 3642 Περὶ
751 3569 859 3623 τῶν
890 3572 1028 3643 πρὸς
1056 3572 1326 3643 ἀλλήλους
1356 3575 1661 3640 συμϐολῶν.

516 3705 529 3718 .
589 3664 723 3733 Περὶ
751 3661 1049 3727 πολιτείας.

534 3761 569 3809 ⁸.
589 3755 723 3824 Περὶ
754 3754 891 3808 θεῶν
914 3754 1232 3824 θεραπείας.

533 3854 565 3901 ’.
591 3847 727 3915 Περὶ
761 3847 953 3917 ἱερέων
986 3849 1084 3902 καὶ
1118 3848 1235 3919 βίου
1266 3850 1467 3905 αὑτῶν.

459 3938 564 4006 κγ’.
590 3940 726 4011 Περὶ
756 3940 1079 4011 καθαρμῶν.

458 4031 554 4086 κδ’.
589 4034 720 4102 Περὶ
743 4034 928 4089 δικῶν.

458 4123 557 4179 κε’.
587 4128 721 4197 Περὶ
757 4128 960 4197 ταφῆς.

458 4225 571 4281 κς’.
594 4220 726 4286 Περὶ
756 4221 1049 4292 θεραπείας
1076 4223 1185 4276 τῶν
1210 4223 1531 4294 οίχομένων.

457 4306 559 4374 κζ’.
589 4311 722 4380 Περὶ
754 4312 849 4365 τοῦ
884 4314 947 4366 ἐκ
976 4312 1143 4367 τῶνδε
1185 4315 1251 4370 ἂν
1279 4333 1388 4369 των
1416 4316 1599 4387 νόμων
1632 4321 2027 4389 περιγιγνομέ-

663 4420 753 4457 νου
788 4404 1019 4473 ἀγαθοῦ.

456 4500 559 4562 κη’.
588 4496 862 4565 Διαίρεσις
891 4496 986 4550 τοῦ
1021 4497 1198 4560 ὄντος.

455 4586 557 4639 κο’.
586 4588 721 4658 Περὶ
752 4589 1017 4661 διαφορᾶς
1057 4592 1269 4645 αἰτίων.

452 4674 515 4727 λ’.
582 4680 714 4747 Περὶ
744 4681 983 4749 ἀνάγκης
1005 4682 1112 4735 τῶν
1144 4685 1354 4740 αἰτίων.

453 4766 554 4823 λα’.
590 4771 659 4823 Πε
673 4773 724 4843 pl
756 4772 1040 4843 ὀνομάτων
1070 4774 1177 4828 τῶν
1209 4779 1602 4846 πρεσϐυτὶτων
1637 4777 1797 4834 θεῶν.

751 4864 819 4916 Al
858 4861 1048 4927 τοῦβ¹
1085 4866 1332 4927 βιϐλίου
1364 4867 1713 4934 ὑποθέσεις.

470 1905 525 1961 δ’.

470 1996 525 2052 ε’.

472 2089 525 2155 ς,ο

469 2183 525 2247 ζ’

467 2276 517 2344 η.

468 2370 525 2424 θ’⁴

469 2463 525 2518 ι’.

332 4975 343 4985 ·
452 4960 521 5009 α’.
592 4954 727 5025 Περὶ
770 4957 1057 5028 κριτηρίου
1109 4958 1203 5013 τοῦ
1245 4959 1339 5012 ἐπὶ
1370 4960 1471 5033 τὴν
1508 4961 1616 5014 τῶν
1646 4964 2024 5033 προκειμένων

664 5049 875 5119 σκέψιν.

453 5142 519 5211 β’.
589 5141 866 5212 Πρόληψις
902 5144 1120 5198 ἐννοιῶν
1148 5142 1364 5198 κοινῶν.

599 5236 686 5297 Ὦς
721 5236 830 5289 εἰσὶ
870 5235 1002 5291 θεοί.

587 5327 723 5396 Περὶ
750 5329 1007 5396 προνοίας
1036 5328 1214 5383 θεῶν.¹

598 5418 685 5480 Ὠς
714 5418 776 5471 οὐ
814 5419 996 5474 κακῶν
1026 5420 1075 5472 οί
1104 5420 1216 5474 θεοὶ
1247 5421 1433 5473 αἴτιοι.

460 5519 535 5575 ς’.
586 5514 721 5581 Περὶ
751 5514 1112 5584 εἱμαρμένης.

457 5603 523 5667 ζ’.
590 5606 722 5674 Περὶ
762 5606 998 5675 πλήθους
1027 5614 1135 5659 τῶν
1170 5608 1327 5662 θεῶν.

459 5702 531 5764 η’.
594 5698 727 5765 Περὶ
752 5699 1010 5768 διαφορᾶς
1050 5700 1157 5752 τῶν
1188 5701 1292 5754 τῶν
1320 5701 1457 5754 θεῶν
1486 5700 1679 5769 γενῶν.

450 5232 518 5302 γ’.

450 5326 511 5378 δ’.

454 5436 478 5469 ε
503 5457 515 5469 .

2076 1347 2127 1409 Α

2054 4045 2095 4102 C
2130 4036 2189 4091 ε’.

2054 5390 2104 5449 D

2157 1356 2222 1411 θ’.
2284 1355 2421 1425 Περὶ
2452 1358 2549 1426 τῆς
2588 1354 2727 1408 κατὰ
2763 1355 3050 1423 Κούρητας
3082 1349 3412 1413 θεοσεϐείας.

2154 1458 2205 1505 ι’.
2278 1448 2412 1519 Περὶ
2460 1447 2598 1501 θεῶν
2643 1447 2754 1500 τῶν
2783 1464 2842 1500 τε
2890 1445 3029 1499 ἐπτά
3066 1441 3451 1514 πρεσϐυτάτων
3496 1441 3594 1493 καὶ
3624 1440 3726 1494 τῶν

2360 1539 2536 1594 ἄλλων
2569 1538 3002 1607 ὑπερουρανίων.

2154 1630 2241 1687 ια’.
2296 1633 2433 1703 Περὶ
2454 1632 2551 1701 τῆς
2573 1633 2679 1685 τῶν
2710 1630 2862 1694 ἐντὸς
2888 1630 3120 1699 οὐρανοῦ
3155 1628 3294 1681 θεῶν
3321 1628 3619 1696 γενέσεως.

2155 1725 2243 1794 ιβ’.
2294 1726 2463 1795 Κοινή
2522 1743 2605 1787 τις
2662 1724 2940 1788 ἀπόδειξις
2995 1723 3104 1775 τῶν
3160 1723 3260 1793 τῆς
3316 1722 3493 1791 ψυχῆς
3556 1720 3719 1790 τριῶν

2362 1819 2541 1874 εἱδῶν.

2154 1920 2242 1978 ιγ’.
2289 1912 2425 1982 Περὶ
2449 1912 2558 1965 τῶν
2583 1912 2693 1964 τῶν
2721 1911 2936 1980 ἄστρων
2968 1908 3146 1961 εἰδῶν.

2153 2006 2235 2059 ιδ’.
2290 2005 2424 2075 Περὶ
2449 2006 2557 2058 τῶν
2587 2006 2695 2058 τῶν
2724 2005 2863 2056 ἐτττά
2890 2003 3137 2070 ἀστέρων
3163 2000 3479 2069 δυνὰμεων.·

2155 2098 2234 2153 ιε’.
2287 2099 2421 2170 Περὶ
2459 2097 2569 2152 τῶν
2597 2097 2705 2150 τῶν
2738 2097 2984 2166 ἀστέρων
3016 2094 3162 2148 ἰδίων
3193 2093 3397 2162 φορῶν.

2154 2190 2251 2256 ις’.
2285 2191 2420 2260 Περὶ
2475 2188 2574 2257 τῆς
2629 2191 2815 2259 κοινῆς
2860 2192 3076 2259 ἄστρων
3125 2205 3184 2239 τε
3236 2186 3329 2239 καὶ
3372 2184 3467 2239 τοῦ
3515 2183 3709 2245 παντὸς

2359 2284 2580 2353 αἰθέρος
2614 2282 2941 2352 περιφορᾶς.

2153 2375 2237 2440 ιζ’.
2280 2376 2416 2445 Περὶ
2441 2374 2536 2443 τῆς
2572 2373 2683 2426 τῶν
2711 2373 2927 2455 ἄστρων
2953 2371 3150 2441 ψυχῆς.

2152 2476 2244 2538 ιη’.
2293 2469 2382 2532 Ὠς
2412 2468 2519 2522 εἰσὶ
2549 2468 2824 2538 δαίμονες.

2154 2558 2237 2614 ιθ’.
2291 2559 2376 2623 Ὦς
2410 2559 2472 2611 οὐ
2507 2561 2737 2629 πονηροὶ
2765 2562 2812 2611 οἱ
2848 2557 3099 2628 δαίμονές
3130 2557 3289 2609 εἰσιν.

2286 2653 2538 2724 Ἔλεγχοι
2567 2652 2678 2706 τῶν
2704 2652 2847 2705 κατά
2880 2650 3149 2720 δαιμόνων
3172 2645 3461 2702 διαϐολῶν.

2285 2746 2421 2815 Περὶ
2450 2745 2719 2813 δαιμόνων
2746 2745 3035 2813 διαφορᾶς.

2287 2838 2421 2909 Περὶ
2452 2836 2750 2899 ἀθανασίας
2780 2835 2963 2905 ψυχῆς
2995 2836 3096 2904 τῆς
3129 2834 3502 2903 ἀνθρωπίνης.

2286 2931 2422 3002 Περὶ
2455 2930 2554 2999 τῆς
2586 2928 2693 2982 τῶν
2726 2927 2937 2997 θνητῶν
2973 2925 3356 2997 δημιουργίας.

2146 3026 2246 3081 κδ’.
2284 3024 2416 3094 Περὶ
2450 3022 2551 3091 τῆς
2580 3019 2674 3075 τοῦ
2708 3019 3052 3090 ἀνθρωπίνου
3084 3014 3286 3084 θνητοῦ
3327 3013 3709 3083 δημιουργίας.

2146 3125 2242 3173 κε’.
2282 3118 2416 3187 Περὶ
2444 3113 2749 3185 αἰσθήσεών
2785 3129 2843 3164 τε
2878 3110 2972 3163 καὶ
3000 3108 3108 3161 τῶν
3139 3107 3264 3162 καθ’
3305 3108 3571 3169 ἑκάστας.

2145 3208 2257 3276 κς’.
2284 3207 2422 3278 Περὶ
2462 3206 2571 3259 τῶν
2617 3204 2725 3257 τῶν
2758 3203 2962 3273 θηρίων
3009 3200 3171 3263 ἐνίοις
3205 3198 3347 3252 κατά
3388 3197 3543 3266 λόγον
3576 3196 3711 3265 δραι·

2358 3300 2557 3370 μένων.

2144 3390 2245 3459 κζ’.
2278 3392 2417 3462 Περὶ
2441 3391 2538 3457 τῆς
2578 3387 2672 3442 τοῦ
2705 3388 2909 3448 παντὸς
2936 3385 3264 3453 ἀῖδιότητος.

2448 3484 2517 3536 Al
2550 3479 2656 3536 τοῦ
2702 3486 2750 3549 γ’
2778 3479 3023 3543 βιϐλίου
3063 3475 3401 3540 ὑποθέσεις.

2294 3574 2584 3643 Ἀνάληψις
2620 3571 2713 3625 τοῦ
2745 3573 2874 3640 περὶ
2907 3569 3245 3639 εἱμαρμένης
3275 3568 3458 3632 λόγου.

2286 3664 2578 3735 Ἀνάληψις
2614 3662 2706 3715 τοῦ
2740 3662 2871 3732 περὶ
2900 3660 3080 3731 ψυχῆς
3112 3658 3460 3729 ἀνθρωπίνης
3506 3653 3705 3710 ἀθανα-

2352 3757 2473 3818 σίας
2500 3755 2683 3823 λόγου.

2140 3859 2208 3920 γ’.
2276 3851 2408 3918 Περὶ
2433 3849 2613 3909 τέλους
2639 3846 2734 3900 τοῦ
2774 3845 2913 3914 βίου.

2138 3946 2202 4000 δ’.
2275 3946 2409 4015 Περὶ
2444 3940 2759 4013 φρονήσεώς
2797 3957 2853 3993 τε
2900 3937 2997 3991 καὶ
3026 3936 3137 3989 τῶν
3182 3933 3498 4005 φρονήσεως
3530 3934 3703 3988 εἱδων.

2268 4039 2340 4090 Πε
2351 4037 2401 4106 pl
2438 4034 2647 4087 παίδων
2682 4033 2926 4100 ἀγωγῆς.

2140 4124 2214 4191 ς’.
2274 4128 2408 4194 Περί⁵
2434 4124 2531 4193 τῆς
2560 4122 2834 4186 πολιτείας
2863 4121 3141 4192 σχήματος

2136 4218 2199 4282 ζ’.
2274 4220 2408 4285 Περὶ
2439 4216 2711 4285 ἀνδρείας.

2133 4310 2203 4382 η’.
2274 4310 2407 4378 Περὶ
2437 4307 2544 4364 τῶν
2574 4308 2660 4376 ἐφ’
2693 4309 2824 4378 ἡμῖν
2855 4310 2949 4361 καὶ
2975 4310 3074 4361 οὐκ
3099 4310 3185 4377 ἐφ’
3213 4310 3367 4379 ἡμῖν,
3402 4309 3491 4361 διὰ
3539 4308 3702 4377 μέσης

2344 4400 2445 4470 τῆς
2473 4401 2604 4468 περὶ
2632 4400 2883 4471 ἀνδρείας
2916 4401 3248 4465 ὑποθέσεως.

2132 4496 2198 4551 θ’.
2269 4494 2404 4566 Περὶ
2434 4491 2589 4547 εἱδῶν
2620 4493 2891 4562 ἀνδρείας.

2135 4597 2190 4646 ι’.
2269 4590 2404 4659 Περὶ
2435 4586 2813 4657 σωφροσύνης.

2134 4682 2225 4737 ια’.
2266 4681 2404 4751 Περὶ
2435 4682 2633 4751 μέτρου
2667 4696 2726 4732 τε
2761 4680 2855 4733 καὶ
2887 4680 3255 4749 συμμετρίας.

2132 4771 2222 4841 ιβ’.
2264 4774 2395 4842 Περὶ
2426 4773 2583 4826 εἱδῶν
2612 4772 2990 4842 σωφροσύνης.

2131 4863 2216 4932 ιγ’.
2261 4865 2396 4934 Περὶ
2425 4865 2731 4935 δυνάμεως,
2758 4864 2847 4918 διὰ
2903 4865 3072 4933 μέσης
3116 4864 3214 4933 τῆς
3245 4865 3373 4932 περὶ
3413 4863 3570 4916 εἰδῶν
3600 4877 3693 4914 σω-

2337 4957 2615 5029 φροσύνης
2646 4958 2977 5020 ὑποθέσεως.

2130 5053 2212 5106 ιδ’.
2255 5054 2392 5122 Περὶ
2426 5054 2526 5119 τῆς
2555 5054 2665 5106 τῶν
2690 5054 2893 5121 γονέων
2924 5055 3169 5121 ἐκγόνοις
3206 5054 3270 5105 οὐ
3300 5053 3529 5120 μίξεως.

2129 5146 2207 5200 ιε’.
2253 5147 2387 5216 Περὶ
2418 5146 2557 5199 θεῶν
2579 5146 2867 5212 γενέσεως,
2888 5145 2975 5197 διὰ
3005 5144 3179 5213 μέσης
3208 5144 3307 5211 τῆς
3337 5146 3469 5213 περὶ
3499 5142 3690 5209 γονέων

2340 5239 2587 5306 ἐκγόνοις
2613 5239 2673 5291 οὐ
2710 5238 2907 5309 μίξεως
2935 5236 3272 5297 ὑποθέσεως.

2132 5331 2231 5397 ις’.
2266 5334 2402 5400 Περὶ
2433 5331 2532 5400 τῆς
2579 5330 2661 5382 ἐν).
2707 5329 2861 5399 ἀνδρὶ
2907 5328 3184 5395 γυναικῶν
3227 5328 3495 5381 πλειόνων
3529 5340 3687 5379 συνοιο

2345 5425 2577 5491 κήσεως.

2134 5516 2219 5580 ιζ’.
2269 5516 2402 5583 Περὶ
2435 5516 2532 5585 τῆς
2564 5514 2757 5568 κοινῶν
2784 5514 3057 5583 γυναικῶν
3086 5516 3351 5583 χρήσεως.

2135 5613 2227 5675 ιη’.
2268 5607 2400 5676 Περὶ
2427 5606 2603 5675 κρεῶν
2635 5606 2854 5675 ἐδωδῆς.

2136 5699 2219 5753 ιθ’.
2266 5699 2397 5767 Περὶ
2428 5700 2555 5765 μιᾶς
2588 5698 2684 5767 τῆς
2716 5698 2772 5750 ἐν
2804 5698 2949 5768 οἰκίᾳ
2972 5700 3035 5768 τῇ
3064 5697 3199 5767 αὐτῇ
3239 5697 3506 5767 κτήσεως.

2152 2651 2219 2705 κ’.

2147 2752 2253 2799 κα’.

2145 2836 2249 2908 κβ’.

2146 2938 2252 3001 κγ’.

2141 3577 2211 3631 α’.

2142 3665 2205 3736 β’.
