3858 6202
429 342 533 407 967
1618 320 1950 382 GEORGII
1989 318 2422 379 PLETHONIS
3516 318 3597 381 953

437 475 563 521 τως.
594 451 828 521 Μοιχούς
859 466 920 517 γε
959 448 1063 516 μὴν
1092 445 1287 525 αὐτοὺς
1319 442 1414 513 μὲν
1481 438 1741 500 ὡσαύτως
1800 436 2000 497 καίειν,
2036 440 2078 495 Α
2112 431 2437 495 θάπτεσθαι,
2465 428 2528 481 οὗ
2555 429 2617 497 δὴ
2650 430 2741 481 καὶ
2778 429 2900 491 τοὺς
2928 424 3092 499 ἦττον
3127 428 3331 493 ἐναγεῖς
3359 427 3617 496 τολμῶντας

439 551 533 603 καὶ
567 542 920 616 προαγωγοὺς
946 539 1083 609 πρδς
1113 536 1315 597 αὐτοῖς,
1357 532 1420 587 ἀν
1464 549 1523 583 τε
1555 531 1767 599 ἄνδρες,
1827 530 1891 581 ἄν
1948 544 2005 579 τε

440 641 697 709 γυναῖκες
749 630 1049 688 αἰτινεσοῦν
1097 622 1221 682 ὧσι.
1278 626 1547 685 Γυναῖκας
1600 622 1655 674 δὲ
1705 620 1768 691 δὴ
1824 619 1917 683 τάς
1949 634 2011 682 γε

444 727 792 801 μοιχευτρίας
815 728 880 795 τῇ
911 724 1017 777 τῶν
1072 720 1284 791 πορνῶν
1333 716 1711 787 προεστηκυίᾳ
1772 712 2015 783 περικεί-

446 836 642 891 ραντας
673 815 1045 887 παραδιδόναι,
1082 813 1174 865 τὸν
1207 811 1394 864 λοιπὸν
1442 804 1846 876 πορνευσούσας
1876 801 2011 871 βίον,

444 913 532 967 ἵνα
563 911 676 965 ἀνθ’
702 904 775 963 ὧν
803 907 1001 968 ἑαυτάς
1064 904 1370 975 μονολεχεῖς
1422 898 1503 964 οἷς
1559 898 2016 967 καθωμολόγηντο

443 1007 543 1058 οὐκ
572 1003 859 1072 ἐφύλαξαν,
891 1001 1001 1061 τοῖς
1030 998 1233 1060 ἄλλοις,
1264 998 1385 1049 ὅσον
1412 994 1471 1047 τὸ
1507 991 1592 1045 ἐπ’
1636 991 1849 1052 αὐταῖς,
1919 1004 2017 1056 μο-

445 1096 681 1162 νολεχεῖς
735 1092 833 1154 τὰς
907 1087 1444 1156 καθωμολογημένας
1507 1083 1746 1147 σώζωσι,
1793 1083 1857 1148 τῇ
1909 1078 2019 1130 τῶν

447 1184 585 1248 πρὸς
610 1181 810 1246 ταύτην
842 1180 906 1230 ἂν
932 1175 1185 1246 μαλακῶς
1216 1176 1446 1244 ἐχόντων
1468 1171 1565 1240 τὴν
1595 1167 1887 1238 ἐπιθυμίαν
1920 1166 2021 1218 οὐκ

453 1274 635 1339 ἐναγεί
661 1288 763 1322 τινι
796 1269 1081 1337 θεραπείᾳ.
1151 1265 1341 1318 Καίειν
1374 1262 1419 1316 δ’
1451 1261 1732 1326 ὡσαύτως,
1774 1258 1876 1311 κάν
1940 1275 2023 1320 τις

451 1364 685 1430 γυναῖκα
712 1355 958 1427 ἡντινοῦν
995 1355 1271 1425 βιάσηται,
1312 1351 1453 1421 πλὴν
1488 1351 1714 1420 πόρνης,
1748 1350 1853 1403 κᾶν
1882 1350 2023 1401 ἐται-

456 1450 646 1520 ροῦσα,
683 1447 906 1518 μηδέπω
946 1444 1373 1513 πεπορνευκυῖα,
1395 1440 1648 1509 ἐλεγχθῇ.
1679 1440 1791 1492 Καὶ
1816 1438 2026 1507 πόρνην

453 1542 507 1594 δέ
534 1538 859 1609 βιασάμενόν
892 1554 1020 1590 ποτε
1043 1535 1239 1599 καίειν,
1275 1534 1341 1604 ἡν
1362 1550 1423 1602 γε
1446 1532 1771 1601 αἱμορροίας
1800 1532 1899 1601 τῆς
1930 1547 2028 1595 γυ-

454 1632 628 1694 ναιξὶν
663 1626 918 1690 εἰωθυίας
978 1626 1038 1678 οὐ
1088 1624 1503 1692 καθαρεύουσαν
1564 1622 1842 1692 βιάσηται.
1893 1618 2030 1671 Τού·

456 1738 576 1782 τους
645 1719 741 1786 μὲν
793 1716 885 1770 οῦν
931 1716 1159 1782 πάντας,
1210 1714 1305 1767 ἀτε
1351 1715 1444 1766 καὶ
1487 1710 1904 1775 ἐναγεστάτους,
1969 1710 2025 1760 ἐν

2112 522 2220 574 τῶν
2251 522 2449 590 φόνων.
2477 520 2692 582 Βιαίους
2734 520 2789 572 δὲ
2814 521 2876 589 δὴ
2908 520 3004 573 καὶ
3033 519 3253 588 μοιχοὺς
3294 519 3352 572 οὐ
3382 521 3517 587 μόνον
3534 522 3620 573 δια-

2114 616 2538 687 πεπραγμένους
2577 613 2830 683 ζημιοῦν,
2892 614 3029 666 ἀλλά
3092 612 3192 665 κάν
3238 629 3319 674 τις
3359 611 3620 682 βιαζόμενος

2119 709 2238 779 μὲν,
2272 708 2330 761 οὐ
2366 706 2546 775 τυχὼν
2574 707 2654 770 δὲ,
2681 706 2995 773 ἁλίσκηται,
3033 706 3066 773 ἢ
3100 704 3297 773 πειρῶν
3329 705 3435 772 μὲν,
3460 705 3511 757 ού
3538 706 3624 756 δια-

2117 798 2503 867 πεπραγμένος
2536 796 2613 859 δέ,
2644 795 2739 847 καί.
2789 793 2975 846 τοῦτον
3014 792 3167 846 οὐδὲν
3220 788 3369 863 ἦττον
3419 796 3477 862 τῇ
3520 793 3623 863 αὐτῇ

2118 888 2291 957 ζημίᾳ
2337 885 2590 956 ζημιοῦν.
2647 886 2726 955 Τῇ
2776 889 2884 953 γὰρ
2939 884 3135 953 γνώμῃ
3156 886 3249 937 καὶ
3276 884 3418 944 οὗτος
3442 884 3625 955 βίαιοςὴ

2124 980 2305 1047 μοιχὸς
2336 979 2486 1032 οὐδὲν
2518 972 2681 1050 ἦττον
2721 976 2817 1030 τοῦ
2861 977 3358 1046 διαπεπραγμένου.
3400 976 3627 1045 Ἀξιοῦμεν

2119 1071 2163 1123 δ’
2193 1072 2373 1140 ἡμεῖς,
2398 1071 2465 1140 ἢν
2483 1069 2740 1137 γυναικός
2767 1086 2847 1128 τις
2885 1068 3059 1139 ἑτέρῳ
3110 1069 3311 1138 ὁτῳοῦν
3364 1068 3620 1135 καθωμολο-

2121 1164 2372 1235 γημένης
2428 1163 2593 1232 ἔρωτι
2657 1160 2850 1215 ἐαυτοῦ
2907 1161 3269 1230 ἁλισκομένου
3346 1159 3627 1227 αἰσθάνηται,

2126 1254 2256 1325 παρ’
2277 1254 2548 1323 ἐξηγητὴν
2580 1270 2637 1307 τε
2672 1253 2837 1316 εὐθὺς
2874 1254 3021 1308 ἰόντα
3052 1255 3148 1306 καὶ
3196 1252 3256 1304 τὸ
3285 1252 3439 1312 πάθος
3484 1250 3631 1317 ἐξαγο-

2129 1347 2377 1417 ρεύοντα,
2413 1346 2702 1416 καθαρμόν
2732 1363 2793 1398 τε
2824 1346 2990 1399 αὐτοῦ
3015 1344 3114 1398 τοῦ
3140 1344 3338 1405 πάθους
3374 1344 3538 1405 αἰτεῖν,
3565 1342 3632 1392 καὶ

2127 1439 2223 1492 τοῦ
2281 1440 2357 1508 μὴ
2397 1440 2452 1501 ἐς
2512 1439 2697 1508 μεῖζον
2754 1439 3114 1507 ἐμπεσεῖσθαι
3169 1434 3333 1489 κακὸν
3372 1434 3630 1503 ἀσφάλειαν,

2129 1534 2504 1604 κρατήσαντος
2536 1530 2600 1585 ἂν
2634 1532 2727 1584 τοῦ
2754 1531 2960 1592 πάθους
2994 1530 3091 1598 τῆς
3120 1528 3316 1597 ψυχῆς,
3338 1528 3422 1579 καὶ
3448 1528 3524 1578 ἐπὶ
3545 1525 3633 1595 {api

2134 1626 3632 1698 βαδίζοντα..............

2136 1757 2154 1774 ο
2231 1755 2246 1771 ο
2323 1758 2338 1773 ο
2422 1753 2438 1769 ο
2516 1755 2531 1770 ο
2611 1756 2624 1771 ι
2705 1756 2721 1771 ο
2799 1754 2815 1771 ο
2894 1756 2909 1771 ο
2990 1756 3005 1769 ι
3086 1755 3103 1771 ο
3191 1754 3207 1771 ο
3282 1755 3296 1769 ο
3382 1754 3397 1768 ι
3477 1757 3489 1771 ο
3553 1753 3567 1767 ο
3624 1749 3636 1762 ⁸

462 1811 608 1872 ἰδίοις
639 1812 779 1861 τισὶν
808 1808 1120 1873 ἀπάγοντας
1164 1803 1537 1873 πολυανδρίοις
1569 1800 1765 1862 καίειν,
1822 1802 1882 1850 οὐ
1914 1800 2025 1861 τοῖς
2058 1802 2100 1860 Β
2128 1829 2160 1863 κ
2168 1812 2223 1865 αἱ
2253 1811 2467 1880 θανάτῳ
2496 1809 2597 1880 ἤδη
2629 1808 2880 1880 ζημιοῦν,
2905 1809 3030 1861 Τῶν
3056 1808 3099 1861 δ’
3127 1808 3456 1877 ἀδικημάτων
3478 1807 3637 1872 “me.

460 1905 677 1963 κοινοῖς.
708 1901 909 1971 Τριττὰ
942 1900 1050 1967 γὰρ
1077 1894 1167 1951 οὖν
1198 1904 1291 1950 καὶ
1328 1893 1467 1949 εἰναι
1502 1894 1803 1965 ἑκασταχοῦ
1828 1895 1895 1948 τά
1930 1909 2029 1945 πο-

462 1993 737 2061 λυάνδρια,
776 1991 919 2058 ὅροις
947 1989 1188 2058 εὐδήλοις
1218 1988 1280 2059 δή
1308 2004 1450 2041 τισιν
1493 1988 1736 2057 ἀλλήλων
1762 1988 2029 2057 διακρινό-

466 2101 621 2149 μενα,
654 2082 710 2133 ἓν
745 2083 839 2151 μέν
897 2080 1151 2149 ἱερεῦσιν,
1194 2080 1378 2149 ἕτερον
1412 2080 1469 2132 δέ
1522 2080 1598 2149 τῷ
1642 2078 1785 2149 ἄλλῳ
1850 2080 2028 2147 δήμῳ,

463 2175 590 2227 ἄλλο
610 2175 663 2225 δὲ
692 2172 751 2223 τὸ
780 2174 889 2233 τοῖς
923 2172 1140 2239 ἐναγέσι
1188 2171 1421 2235 τούτοις,
1475 2162 1534 2222 οῦ
1588 2171 1680 2221 καὶ
1738 2170 2029 2238 σοφιστῶν,

464 2267 530 2332 ἦν
559 2281 640 2325 τις
673 2263 821 2333 παρά
848 2264 945 2325 τάς
976 2264 1248 2331 ἡμετέρας
1270 2262 1467 2324 ταύτας
1499 2260 1655 2324 δόξας
1682 2262 2034 2330 σοφιζόμενος

464 2356 597 2425 ἁλῷ,
648 2356 754 2419 ζῶν
801 2357 897 2407 καὶ
954 2351 1108 2418 οὗτος
1166 2356 1515 2408 κεκαύσεται.
1554 2354 1661 2407 Καὶ
1697 2354 1763 2422 ἣν
1804 2352 2035 2423 θυγατρί

462 2464 543 2509 τις
570 2448 602 2517 ἢ
633 2448 792 2518 μητρί
818 2447 932 2514 ἀλῷ
968 2448 1180 2517 μιχθεὶς
1207 2448 1239 2515 ἡ
1277 2463 1383 2499 τινι
1410 2446 1520 2499 τῶν
1553 2445 1664 2500 ἄνω
1684 2462 1740 2497 τε
1766 2446 1859 2498 καί⁸
1885 2445 2035 2498 κάτω

464 2539 689 2594 τούτων.
733 2541 833 2593 Ἦν
868 2539 923 2590 δὲ
957 2540 1062 2591 τῶν
1089 2556 1194 2591 τινι
1222 2539 1393 2591 ἄλλων
1444 2538 1679 2601 οἰκείων,
1710 2538 2038 2605 ἀπορρήτων

470 2632 654 2701 μέντοι
676 2632 768 2684 καὶ
804 2630 1006 2693 αὐτῶν,
1041 2630 1404 2698 προσμιχθείς
1434 2629 1681 2697 τιςιάλῷ,
1731 2629 1924 2699 ἀτιμίᾳ
1980 2646 2037 2680 τε

469 2722 820 2791 ζημιοῦσθαι,
853 2722 1072 2790 ἕωσπερ
1110 2722 1173 2773 ἂν
1228 2723 1425 2784 ἱκανῶς
1470 2722 1743 2791 καθαρθῇ,
1783 2720 2041 2788 καὶπρὸς

469 2818 540 2883 τῇ
568 2812 759 2883 ἀτιμίᾳ
787 2814 879 2865 καὶ
912 2812 1073 2881 ἱερῶν
1104 2813 1435 2880 συμπάθτων
1460 2812 1761 2882 εἴργεσθαι.
1800 2810 1889 2863 Ἐν
1921 2810 2041 2862 τού-

468 2921 546 2974 τῳ
603 2903 711 2954 τῶν
760 2903 967 2969 ἐναγῶν
1020 2901 1098 2971 τῷ
1154 2902 1490 2971 πολυανδρίῳ
1552 2903 1645 2953 καὶ
1718 2904 2041 2972 ἀνδροφόνον

470 2996 664 3061 καίειν,
697 2996 752 3058 ὃς
790 3012 917 3047 ποτε
954 2995 1020 3047 ἂν
1048 2995 1154 3047 τῶν
1186 3012 1306 3048 τινα
1334 2995 1705 3064 ἐναγεστέρων
1735 2995 1907 3063 φόνων
1937 2995 2042 3047 ὑπὸ

470 3086 577 3137 τῶν
608 3085 883 3154 ἀρχόντων
908 3084 1296 3155 τετολμηκέναι
1317 3086 1507 3155 κριθῇ.
1536 3088 1636 3139 Ἢν
1674 3086 1744 3155 δέΔ
1787 3086 2044 3156 παρθένῳ

469 3195 576 3241 τις,
604 3177 636 3247 ἢ
664 3178 757 3230 καί
780 3195 885 3230 τινι
911 3179 1267 3249 κεκινημένη,
1303 3179 1459 3248 ἀνδρὶ
1488 3180 1583 3249 μὲν
1635 3180 1693 3233 οὐ
1728 3179 2046 3249 καθωμολο-

471 3271 708 3339 γημένῃ,
735 3269 838 3320 ὐπδ
864 3269 917 3321 δέ
942 3271 1115 3338 κυρίῳ
1155 3270 1232 3339 τῷ
1280 3270 1418 3333 τέως
1460 3273 1787 3343 τρεφομένῃ,
1848 3273 2045 3343 ἑκούσῃ

478 3362 689 3428 μιχθεὶς
722 3360 890 3421 οὕτως
920 3362 1052 3430 ἁλῷ,
1086 3361 1211 3415 ὥστ’
1241 3362 1304 3414 ἂν
1338 3364 1430 3415 καὶ
1458 3363 1688 3417 θάνατον
1730 3364 1876 3433 αὐτῴ
1906 3361 2049 3417 εἶναι

477 3456 572 3523 τὴν
622 3454 853 3524 ζημίαν,
905 3456 961 3508 ἐν
1012 3456 1089 3526 τῷ
1144 3457 1307 3527 κυινῷ
1359 3458 1697 3529 πολυανδρίῳ
1760 3460 2050 3529 καιόμενον

2134 1904 2297 1969 ϐητου
2307 1903 2502 1968 μένων,
2529 1902 2643 1962 ταῖς
2671 1899 2909 1953 πλείοσιν
2932 1900 3001 1953 ἂν
3033 1898 3143 1952 τῶν
3164 1899 3349 1968 ψήφων
3364 1898 3443 1949 τὸν
3463 1895 3636 1964 φεύγον-

2133 2011 2201 2046 τα
2224 1992 2560 2047 ἁλίσκεσθαι.
2600 1992 2956 2045 Ἀπολύεσθαι
2989 1992 3146 2062 δὲμὴ
3193 1993 3405 2055 ἀδικεῖν,
3433 1990 3487 2043 οὐ
3519 1989 3637 2056 μόνον

2134 2084 2227 2138 ἀπ’
2250 2085 2549 2138 ἐλαττόνων
2575 2085 2681 2138 τῶν
2704 2083 3260 2153 καταψηφιζομένων,
3285 2082 3409 2135 ἀλλά
3436 2080 3521 2132 κᾶν
3566 2094 3635 2128 τις·

2135 2177 2192 2230 τέ
2226 2194 2311 2231 πω
2344 2176 2455 2228 ἴσαι
2477 2177 2765 2244 γένωνται.
2805 2178 2925 2229 Ἔτι
2961 2178 3147 2247 μέντοι
3180 2176 3389 2229 κάκεῖνο
3431 2172 3497 2242 τῷ
3545 2172 3637 2237 περὶ

2138 2269 2301 2322 δικῶν
2320 2270 2464 2338 λόγῳ
2498 2268 2860 2337 προσκείσθω,
2887 2268 2963 2331 ὡς
2990 2269 3089 2321 ἐὰν
3117 2265 3433 2337 ἀδικήματός
3463 2281 3531 2325 τις
3554 2279 3633 2314 τοι·

2138 2359 2294 2412 οὐτου
2322 2358 2475 2426 παρά
2502 2363 2579 2428 τῷ
2606 2358 2868 2428 συνεδρίῳ
2896 2357 3237 2427 κρινόμενος,
3265 2356 3355 2426 οἴῳ
3383 2356 3440 2408 ἂν
3461 2355 3634 2406 θάνατον

2138 2452 2234 2519 τὴν
2258 2434 2462 2520 ζημίαν
2492 2450 2821 2511 ἐπικεῖσθαι,
2855 2451 3000 2503 καλὰ
3029 2452 3163 2504 ἀττα
3190 2448 3361 2517 ἐαυτῷ
3382 2449 3500 2515 ἔργα
3538 2459 3636 2512 1:90-

2140 2543 2503 2613 πεπραγμένα
2556 2542 2817 2612 ἐπιδείξῃ,
2858 2541 3150 2611 μεγέθειῆ
3202 2540 3383 2609 πλήθει
3431 2534 3640 2604 ὐπερὸἀλ-

2140 2636 2252 2689 λειν
2278 2638 2337 2688 τὸ
2370 2635 2612 2703 ἀδίκημα
2635 2635 2917 2699 δοκοῦντα,
2946 2635 3159 2701 τοῦτον,
3193 2634 3265 2697 ὡς
3281 2632 3442 2686 οὐκέτ’
3473 2632 3527 2683 ἂν
3548 2630 3639 2680 δνσ-

2142 2726 2400 2795 όρθωτον,
2447 2725 2568 2777 οὐδὲ
2622 2726 2719 2795 τὴν
2775 2725 2937 2793 φύσιν
2995 2725 3187 2789 κακὸν,
3238 2724 3475 2792 δυστυχίᾳ
3517 2719 3560 2772 δὲ
3596 2717 3641 2784 δὴ

2124 2817 2248 2868 -τῶν
2282 2816 2457 2870 ἀλλων
2486 2817 2822 2886 κεχρημένον
2850 2816 2955 2868 τινὶ
2998 2819 3094 2869 καὶ
3122 2816 3361 2877 παιδείας
3407 2811 3568 2878 ἐνδείᾳ,
3589 2808 3641 2875 μὴ

2144 2911 2207 2979 δὴ
2232 2910 2445 2979 θανάτῳ
2472 2910 2574 2974 ἔτι,
2625 2910 2760 2963 ἀλλά
2821 2909 3047 2979 δεσμοῖς
3097 2927 3237 2963 τισιν
3294 2908 3509 2961 εὐθύνειν
3553 2916 3645 2971 χρο-

2145 3004 2300 3066 νίοις.
2345 3004 2507 3055 Ἀλλά
2525 3004 2653 3073 περί
2693 3003 2790 3072 μὲν
2819 3004 2930 3056 τῶν
2961 3006 3227 3057 τοιούτων
3258 3002 3393 3064 ἃλις.
3416 3000 3471 3053 Εἰ
3497 2996 3581 3065 γάρ
3608 3010 3645 3045 τι

2148 3095 2277 3163 ἡμῖν
2310 3094 2400 3147 καί
2436 3094 2891 3164 παραλέλειπται,
2925 3094 3048 3146 ἀλλ’
3084 3094 3177 3148 οὖν
3214 3094 3277 3148 τά
3303 3111 3359 3162 γε
3386 3093 3437 3143 ἐν
3462 3090 3541 3157 ὅλῃ
3569 3086 3642 3155 ἠδη

2153 3189 2218 3254 τῇ
2252 3185 2419 3256 βίϐλῳ
2468 3188 2732 3256 εἰρημένα
2791 3186 2973 3251 ἰκανά,
3024 3186 3166 3240 θεῶν
3215 3186 3279 3239 ἂν
3326 3174 3652 3249 συλλαμϐανόν-

2155 3294 2283 3339 των,
2314 3275 2569 3346 τοιαύτην
2606 3278 2720 3338 τοῖς
2765 3278 3064 3347 ἡμετέροις
3124 3278 3373 3347 ἄρχουσιν
3416 3269 3649 3341 ἐμποιῆσαι

2156 3368 2290 3431 ἕξιν,
2318 3368 2455 3432 οἵαν,
2486 3369 2581 3420 καί¹
2604 3367 2730 3438 περὶ
2760 3361 2833 3426 ὧν
2859 3370 2958 3439 οὐχ
2979 3370 3119 3438 ἡμῖν
3159 3368 3536 3435 διασεσάφηται,
3581 3357 3651 3410 αὐ-

2161 3461 2284 3523 τοὺς
2316 3460 2498 3523 καλῶς
2524 3476 2587 3512 τε
2620 3461 2714 3514 καὶ
2745 3460 2803 3514 εὖ
2834 3462 3239 3530 διαγινώσκειν.

510 3671 3644 3701 .__...._.______________________________________________.

1738 3831 2293 3918 ΕΠΙΝΟΜΙΣ
2373 3824 2478 3913 (¹).

558 4176 625 4227 Ἀ
683 4172 782 4243 μὲν
836 4166 928 4226 οῦν
982 4171 1079 4242 τῆς
1143 4170 1325 4243 βίϐλου
1385 4171 1443 4224 ἐν
1494 4173 1634 4243 ἀρχῇ
1711 4172 1839 4243 ύμῖν
1896 4174 2058 4242 τῆσδε

484 4268 776 4337 προύτέθη,
803 4264 1148 4335 ἐξείργασταί
1180 4281 1239 4316 τε
1297 4264 1393 4328 σὺν
1444 4264 1551 4318 τῶν
1610 4266 1747 4318 θεῶν
1789 4269 1898 4329 τοῖς
1948 4266 2058 4319 τῶν

482 4359 737 4413 τοιούτων
761 4358 996 4428 ἐφόροις,
1034 4356 1117 4425 ἐφ’
1147 4354 1239 4418 οὐς
1268 4355 1331 4425 δὴ
1359 4357 1516 4426 ἡμεῖς
1544 4358 1636 4408 καὶ
1679 4358 1917 4411 Ποσειδῶ
1967 4375 2062 4410 κο-

490 4451 714 4518 ρυφαῖον
756 4449 915 4517 τήνδε
943 4447 1287 4515 ἀναφέρομεν
1316 4448 1412 4513 τὴν
1449 4447 1792 4517 συγγραφὴν,
1827 4449 1921 4499 καὶ
1949 4450 2062 4500 δια-

488 4540 794 4607 πεπέραταί
821 4555 882 4606 γε
909 4537 1130 4600 ἰκανῶς.
1165 4535 1559 4590 Ἐπιδέδεικται
1586 4526 1703 4606 ’γὰρ
1749 4540 1902 4608 ἡμῖν,
1936 4540 2061 4609 ἥτις

489 4647 547 4682 τε
577 4629 718 4698 ἀρχὴ
751 4630 859 4681 τῶν
896 4630 1111 4683 πάντων
1153 4628 1244 4681 καὶ
1274 4630 1329 4679 ὲν
1362 4631 1475 4691 τοῖς
1510 4631 1675 4682 πᾶσιν
1703 4629 1771 4684 αὖ
1799 4633 1940 4695 τίνες
1969 4633 2066 4701 μὲν

450 4754 461 4799 ἐ,
492 4718 705 4789 πρῶταί
736 4734 793 4769 τε
824 4716 1013 4785 φύσεις
1041 4718 1134 4769 καὶ
1180 4721 1243 4787 τῇ
1275 4720 1415 4788 ἀρχῇ
1451 4722 1761 4789 προσεχεῖς,
1820 4722 1965 4782 τίνες
2013 4720 2071 4773 δὲ

492 4809 763 4880 δεύτεραι,
792 4808 936 4871 τίνες
972 4808 1028 4861 δέ
1060 4808 1237 4879 τρίται
1290 4811 1387 4862 καὶ
1430 4810 1674 4879 ἔσχαται,
1706 4812 1732 4863 ὃ
1766 4828 1824 4863 τε
1860 4812 2072 4882 ιῖινθρω⁹

496 4918 593 4963 πος
623 4901 679 4952 ὲν
707 4901 892 4963 αὐταῖς
921 4900 1041 4952 τίνα
1064 4900 1192 4951 ποτὲ
1224 4900 1321 4970 τὴν
1345 4900 1526 4970 χώραν
1551 4902 1757 4971 εἴληχε,
1782 4904 1879 4953 καὶ
1900 4904 1962 4953 ἐκ
1994 4903 2073 4953 τί-

495 5013 601 5045 νων
664 4992 1016 5063 συνέστηκεν,
1068 4992 1167 5063 οἴῳ
1216 5010 1276 5045 τε
1334 4994 1446 5046 ὄντι
1482 4994 1629 5063 αὐτῷ
1657 4990 1767 5055 οἷος
1809 4994 1902 5047 καὶ
1962 4995 2075 5064 βίος

497 5087 782 5157 προσήκει,
803 5084 941 5139 ὥστε
964 5086 1029 5155 δὴ
1057 5088 1150 5139 καί
1178 5086 1511 5157 εὐδαιμόνως
1553 5087 1675 5157 ζῇν.
1705 5080 1779 5141 Οῦ
1828 5088 1915 5159 δὴ,
1974 5105 2073 5139 κυ-

500 5182 761 5248 ριωτάτου
796 5195 852 5230 τε
888 5180 1039 5240 ὄντος
1071 5180 1163 5230 καὶ
1196 5178 1374 5233 κοινοῦ
1404 5178 1850 5249 ἐπιθυμήματος,
1895 5179 2072 5233 ἆπαν-

496 5290 591 5334 τες
626 5271 723 5340 μὲν
756 5269 1031 5341 ἅνθρωποι
1064 5264 1333 5340 ἐφίενται,
1360 5269 1583 5338 ζητοῦσι
1619 5271 1664 5322 δ’
1707 5271 1835 5323 αὐτὸ
1865 5272 1964 5323 οὐκ
2020 5274 2076 5324 ἐν

498 5362 576 5430 τῷ
610 5363 753 5430 αὐτῴ
785 5364 1020 5425 ἅπαντες
1054 5363 1174 5433 βίῳ,
1207 5363 1321 5415 ἀλλ’
1355 5358 1397 5430 ᾧ
1437 5403 1449 5416 .
1534 5401 1547 5416 .
1627 5402 1640 5416 .
1694 5364 2076 5418 ἀποδέδεικται

499 5456 705 5506 ἐιαστα
738 5454 830 5507 ἀπ’
868 5456 1087 5508 ἐννοιῶν
1120 5472 1179 5507 τε
1207 5457 1302 5507 καί
1324 5454 1653 5524 ἀξιωμάτων
1686 5457 1786 5508 οὐκ
1831 5457 2077 5509 ἀσθενῶν

500 5562 658 5599 τινων
687 5548 778 5599 καὶ
810 5548 1151 5616 ἀμφιλόγων,
1182 5549 1356 5602 ἀλλων
1386 5566 1441 5601 τε
1472 5548 1554 5619 δὴ,
1595 5550 1688 5602 καὶ
1744 5549 1912 5619 τριῶν
1972 5566 2073 5617 με-

2168 4178 2371 4244 γίστων
2396 4176 2637 4239 ἐκείνων,
2672 4175 2787 4239 ἐνδς
2824 4177 2943 4246 μὲν,
2979 4178 3076 4231 τοῦ
3098 4178 3173 4243 ὡς
3201 4181 3231 4247 ἡ
3258 4176 3388 4248 ἀρχὴ
3423 4174 3539 4241 αὕτη
3578 4170 3659 4221 τῶν

2168 4267 2406 4326 πάντων,
2445 4267 2472 4317 ὁ
2498 4265 2748 4333 μέγιστος
2779 4265 2923 4330 θεὸς,
2946 4268 3004 4321 ὃν
3028 4285 3092 4334 γε
3121 4270 3278 4339 ἡμεῖς
3319 4265 3506 4335 πατρίῳ
3530 4260 3662 4329 φωνῇ.

2168 4361 2263 4409 Δία
2294 4356 2583 4425 καλοῦμεν,
2607 4359 2789 4426 ἄκρως
2813 4359 3013 4425 ἀγαθός
3044 4362 3214 4425 ἐστιν,
3263 4359 3493 4428 οὐδεμιᾶς
3546 4346 3657 4412 αὐτῷ

2149 4439 2370 4516 ’ἀγαθοῦ
2398 4447 2699 4517 ὑπερϐολῆς
2728 4449 2801 4519 μὴ
2830 4451 2926 4503 οὐκ
2946 4450 3002 4513 ἐς
3031 4453 3156 4505 ὅσον
3208 4449 3315 4503 οἷό]
3359 4466 3411 4500 τε
3463 4442 3665 4515 βελτίστῳ

2170 4536 2306 4593 εἶναι
2338 4539 2665 4608 λειπομένης
2697 4556 2711 4571 ο
2753 4541 2940 4610 ἐτέρου
2979 4541 3058 4604 δὲ,
3085 4542 3177 4595 τοῦ
3201 4541 3295 4603 τάς
3314 4555 3369 4591 τε
3393 4535 3553 4593 οὐσίας
3576 4527 3665 4584 ταῖς

2170 4632 2586 4702 γεννήσεσιταῖς
2627 4632 2824 4697 αὐτῶν,
2880 4633 2973 4685 καὶ
3016 4633 3117 4696 τὰς
3166 4630 3433 4701 γεννήσεις
3467 4625 3565 4682 ταῖς
3603 4617 3667 4668 οὗ·

2176 4726 2318 4788 σίαις
2354 4724 2611 4793 ἀνάλογον
2640 4723 2791 4795 ἔχειν’
2810 4726 2922 4778 δεῖν
2958 4742 2971 4756 ·
3011 4727 3103 4778 καί
3153 4725 3353 4795 τρίτου,
3404 4718 3484 4773 τοῦ
3513 4714 3585 4767 καὶ
3622 4707 3667 4761 τὶ

2175 4816 2312 4885 ἔργα
2344 4819 2461 4879 ταῖς
2492 4816 2717 4883 οὐσίαις,
2753 4819 2844 4870 καὶ
2875 4816 2969 4878 τάς
3003 4807 3189 4880 οὐᾶας
3233 4817 3339 4877 τοῖς
3387 4811 3545 4881 ἔργοις
3591 4800 3670 4854 τοῖἷ

2180 4906 2460 4976 σφετέροις
2489 4908 2752 4974 ἀνάλογον
2776 4908 2883 4960 δεῖν
2909 4908 2999 4961 καὶ
3042 4908 3183 4961 αὐτά
3204 4906 3364 4977 ἔχειν.

2249 4998 2465 5051 Τούτων
2488 5002 2595 5069 γάρ
2616 5000 2986 5069 ὑποκειμένων
3016 5000 3335 5069 ἀξιωμάτων
3385 4991 3598 5067 βεδαίωνι
3626 4985 3671 5033 ἐκ

2182 5088 2279 5157 μὲν
2308 5087 2399 5139 τοῦ
2427 5087 2665 5158 πρώτου,
2697 5089 2832 5143 ἀλλα
2864 5106 2922 5142 τε
2962 5092 3090 5160 ἡμῖν
3131 5089 3237 5142 τῶν
3279 5086 3447 5147 καλῶς
3497 5076 3672 5149 ἐχόντων

2182 5181 2465 5248 δογμάτων
2513 5180 2916 5244 ἀποδείκνυται,
2979 5183 3072 5235 καὶ
3131 5183 3206 5247 ὡς
3250 5182 3308 5235 τὸ
3338 5180 3436 5231 πᾶν
3477 5173 3573 5239 ἅμα
3601 5164 3672 5232 μὲν

2183 5271 2353 5325 ἀΐδιον
2377 5270 2453 5340 τῷ
2475 5270 2556 5323 Διῒ
2580 5271 2820 5338 γέγονεν,
2855 5272 2971 5341 ἆμα
2999 5272 3055 5325 δὲ
3089 5272 3183 5325 καὶ
3216 5272 3243 5324 ὅ
3272 5288 3321 5322 τι
3365 5268 3423 5333 δὴ
3448 5258 3673 5316 κάλλιστον

2185 5364 2248 5414 ἐκ
2270 5362 2376 5414 τῶν
2404 5364 2627 5415 ἐνόντων
2660 5363 2903 5429 γεγονὸς,
2944 5364 2999 5415 ἐν
3035 5366 3098 5433 τῇ
3154 5363 3287 5429 αὐτῇ
3350 5356 3483 5425 μένει
3524 5358 3572 5409 ις
3613 5341 3677 5433 τδν

2186 5453 2362 5504 πάντα
2396 5452 2565 5504 αἰῶνα
2602 5454 2952 5514 καταστάσει,
2986 5454 3048 5506 ἐκ
3074 5470 3134 5520 γε
3152 5452 3216 5520 δὴ
3248 5450 3336 5503 τοῦ
3358 5436 3578 5500 καθάπαξ
3604 5431 3669 5485 αὖ·
3713 5482 3721 5497 ι

2184 5545 2260 5614 τῷ
2285 5544 2728 5612 ἀποδεδειγμένου
2767 5547 3040 5614 σχήματος
3080 5542 3485 5613 ἀπαρακίνητυν.
3512 5530 3573 5579 οὗ
3600 5522 3678 5589 γάί

575 5689 651 5757 (ἱ)
687 5690 979 5765 Ωοῃοίιιείο
1008 5693 1218 5747 scilicet
1250 5693 1375 5748 libri
1441 5693 1515 5748 De
1550 5694 1775 5765 legibus,
1815 5694 1972 5763 cujus
2018 5707 2141 5762 cap.
2174 5690 2206 5745 6
2265 5689 2384 5743 libri
2417 5703 2477 5752 ιι,
2509 5687 2583 5742 De
2636 5687 2769 5755 fato,
2803 5696 2855 5745 et
2883 5703 3003 5759 cap.
3044 5689 3103 5743 δι
3145 5686 3264 5741 libri
3295 5699 3373 5750 ιη,
3404 5679 3468 5733 ορ
3493 5662 3677 5743 judxiis.

504 5775 666 5829 supra
695 5760 1065 5816 exhibuimus.
