3956 6200
381 392 519 455 1015

1565 397 1932 458 SYNOPSIS
1970 398 2015 455 Ii
2031 399 2079 456 Il
2093 400 2459 461 ETORICAZ.

3490 398 3626 461 1046

375 524 489 567 τοις
519 508 999 574 προσεπειπόντες,
1041 511 1288 581 μεγάλην
1333 510 1429 582 τὴν
1481 512 1827 567 λυσιτέλειαν
1861 529 1926 565 πε

2059 513 2181 566 dam
2220 514 2345 577 alia,
2377 530 2496 583 qua:
2533 522 2761 584 possunt
2792 526 3041 579 magnam
3092 510 3284 565 atl'erre
3340 512 3628 567 utilitatem

375 601 575 667 ριέχειν
603 598 935 668 δεδυνημένα
972 603 1080 663 τοῖς
1116 603 1433 673 ῥητορεύειν
1464 603 1712 657 ἐθέλουσι
1766 621 1946 673 τεχνι-

373 690 508 756 κῶς,
537 692 627 743 τὸν
676 690 785 745 τῶν
829 694 1132 764 ῥητορικῶν
1162 695 1540 762 προεκθέσεων
1569 696 1725 762 λόγον
1762 695 1949 749 λοιπὸν

372 780 841 850 καταπαύσωμεν.
885 783 1045 835 Ἀλλά
1075 786 1219 846 τίνες
1274 785 1371 855 μὲν
1405 786 1698 855 ῥητορικῆς
1728 788 1947 856 όρισμοὶ

374 874 474 927 καὶ
504 872 795 927 καθολικοῦ
826 875 920 926 καὶ
972 874 1267 949 ῥητορικοῦ
1310 877 1833 946 προγυμνὰσματος,
1869 876 1948 929 ol-

373 967 521 1020 δατε⁸
561 968 747 1030 στάσις
785 967 843 1021 δέ
891 969 1039 1022 ἐστιν
1088 970 1501 1039 ἀμφισόἡτησις
1530 968 1723 1039 λογικὴ
1762 973 1855 1025 κα).
1884 971 1946 1024 ὲκ

377 1060 509 1129 μιᾶς
568 1059 822 1126 φράσεως
873 1060 985 1131 (5|)
1044 1059 1562 1129 χαρακτηριζομένη
1602 1061 1710 1113 τῶν
1759 1062 1818 1113 ὲν
1869 1061 1946 1132 τῷ

374 1150 947 1221 πολιτικῷγζητὴματι
983 1151 1097 1223 (52)
1132 1153 1425 1222 κειμένων,
1463 1151 1586 1205 καθ’
1624 1152 1690 1222 ἢν
1732 1154 1765 1223 ἡ
1808 1153 1944 1206 διαί-

374 1255 524 1308 ρεσις
561 1239 675 1309 (55)
704 1238 954 1308 γίγνεται
991 1240 1101 1292 τῶν
1153 1240 1465 1307 κεφαλαίων
1493 1239 1601 1293 τῶν
1630 1241 1711 1302 είς
1759 1238 1944 1291 πίστιν

372 1331 777 1399 κομιζομένων.
816 1331 1047 1399 Εὖρεσίς
1076 1332 1224 1385 ἐστιν
1253 1333 1465 1386 ἐπίνοια
1506 1333 1794 1397 νοημάτων
1830 1330 1943 1401 (δι)

369 1422 649 1491 άρμοδίων
701 1421 779 1491 τῷ
838 1424 1184 1492 ὑποκειμένῳ
1242 1424 1556 1493 πράγματι.
1612 1424 1722 1475 Καὶ
1770 1422 1944 1483 ἄλλως

371 1512 658 1583 νοημάτων
717 1515 810 1567 κα).
844 1513 1295 1584 ἐπιχειρημάτων
1354 1515 1626 1583 περιέχων
1682 1515 1944 1581 εὐπορίαν

368 1605 642 1673 ἀρμοδξων
670 1604 749 1674 τῷ
779 1606 1126 1677 ὑποκειμένῳ
1174 1607 1480 1675 πράγματι.
1524 1606 1659 1659 Ἰδέα
1694 1605 1803 1675 (55)
1827 1605 1943 1658 ἐστὶ

372 1697 594 1767 ποιότης
613 1697 773 1764 λόγου
803 1698 1060 1767 ἁρμόδιος
1086 1700 1199 1761 τοῖς
1222 1696 1607 1765 ὑποκειμένοις
1628 1697 1942 1765 προσώποις

366 1804 425 1839 τε
461 1787 554 1839 καὶ
605 1788 897 1858 πράγμασι
952 1787 1094 1841 κατά
1133 1806 1192 1840 τε
1246 1787 1456 1840 ἔννοιαν
1486 1786 1619 1857 (56),
1666 1787 1759 1839 καὶ
1793 1786 1941 1849 λέξιν

2053 604 2177 670 illis,
2212 606 2303 675 qui
2340 606 2637 661 secundum
2669 613 2837 659 artem
2869 604 3063 659 sectari
3118 603 3306 655 volunt
3361 604 3626 671 eloquen-

2052 696 2202 759 tiam,
2245 697 2577 767 reliquarum
2611 697 2921 763 regularum
2992 694 3406 748 Rhetoricarum
3454 693 3628 747 tradi-

2049 784 2249 837 tionem
2286 785 2551 839 faciemus
2605 786 2851 839 missam.
2912 783 3018 838 Sed
3084 783 3314 851 primum
3361 782 3625 852 quasdam

2048 874 2352 930 Rhetorica:
2376 876 2426 929 in
2457 877 2773 931 universum
2805 884 2858 930 et
2888 875 3199 930 Rhetorica:
3217 874 3628 928 exercitationis

2046 966 2225 1021 videte
2252 966 2623 1023 deﬁnitiones.
2658 966 2849 1020 Status
2879 976 2962 1018 est
2992 963 3365 1019 controversia
3390 963 3628 1016 rationa-

2046 1054 2191 1121 bilis,
2214 1064 2265 1110 et
2289 1073 2352 1110 ex
2393 1073 2497 1111 una
2537 1057 2815 1112 locutione
2848 1057 3077 1112 formata
3114 1070 3331 1117 eorum,
3358 1069 3479 1124 qua!
3500 1060 3629 1108 sunt

2046 1149 2098 1201 in
2128 1149 2427 1218 quaestione
2457 1149 2625 1213 civili,
2661 1148 2960 1204 secundum
2984 1162 3148 1216 quam
3172 1145 3366 1201 divisio
3388 1146 3626 1214 capitum

2045 1240 2374 1305 instituitur,
2408 1256 2527 1309 qua:
2558 1239 2627 1293 ad
2682 1240 2839 1293 ﬁdem
2896 1237 3201 1292 faciendam
3256 1237 3622 1291 adducuntur.

2044 1331 2284 1386 InVentiO
2309 1341 2388 1385 est
2414 1333 2740 1402 excogitatio
2772 1332 3081 1385 noématum
3125 1338 3375 1398 aptorum
3400 1329 3473 1383 rei
3497 1328 3628 1383 sub-

2038 1423 2194 1493 jectae
2223 1440 2239 1489 ;
2271 1424 2396 1478 item
2446 1424 2602 1476 aliter
2634 1438 2648 1475 :
2680 1430 2991 1475 noematum
3020 1430 3073 1474 et
3119 1420 3625 1488 epiclteiremauun,

2043 1515 2287 1583 subjecto
2317 1514 2531 1583 negotio
2560 1517 3002 1581 congruentium,
3032 1515 3245 1581 copiam
3274 1513 3328 1566 in
3359 1528 3414 1565 se
3469 1528 3624 1567 com-

2043 1602 2406 1672 prehendens.
2467 1599 2590 1655 Idea
2627 1610 2708 1653 est
2731 1600 2968 1669 qualitas
2986 1599 3273 1663 orationis,
3298 1598 3626 1652 conveniens

2043 1693 2286 1763 personis
2308 1702 2361 1746 et
2391 1693 2620 1760 negotiis
2649 1691 2930 1759 subjectis,
2966 1690 3265 1746 secundum
3295 1689 3621 1743 sententiam

2044 1790 2098 1837 et
2121 1782 2414 1837 dictionem
2451 1792 2503 1835 et
2543 1790 2715 1834 totum
2770 1781 3067 1836 harmonia:
3116 1795 3455 1836 contextum.
3510 1778 3622 1830 Me.-

370 1876 463 1928 xal.
493 1875 591 1943 τὴν
623 1876 751 1945 ὅλην
789 1876 893 1944 τῆς
928 1875 1197 1944 ἁρμονίας
1246 1873 1549 1943 διαπλοκήν
1580 1872 1716 1941 (5'7).
1770 1870 1931 1925 Μέθο

2053 1875 2248 1929 thodus
2282 1883 2361 1929 est
2401 1872 2807 1927 administratio
2829 1882 2883 1926 et
2903 1873 3149 1940 quzedam
3180 1872 3335 1943 quasi
3372 1870 3623 1941 ﬁguratio

366 1967 454 2029 δός
482 1965 595 2036 (58)
627 1969 741 2018 ἐστι
770 1966 1034 2035 διοίκησις
1063 1968 1159 2019 καὶ
1196 1964 1351 2028 ποιὸς
1380 1963 1764 2034 σχηματισμὸς
1793 1962 1943 2025 ἐξαι-

369 2059 539 2127 ρέτως
584 2060 714 2127 περὶ
761 2058 861 2125 τὴν
922 2058 1154 2123 ἔννοιαν,
1198 2058 1292 2109 καὶ
1325 2056 1494 2109 τᾶλλα
1522 2071 1537 2087 ο
1599 2054 1813 2123 mssa;
1858 2051 1947 2105 εὖ·

365 2166 564 2211 τακτος
594 2148 730 2218 πρὸς
755 2149 815 2202 τδ
839 2151 1035 2202 οίκεῖον
1054 2149 1334 2217 συμφέρον
1350 2146 1808 2216 οἰκονομουμένη,
1834 2143 1945 2196 Καὶ

366 2239 542 2296 ἄλλως
576 2238 793 2307 μέθοδός
841 2242 960 2293 εστι
997 2241 1199 2309 τρόπος
1240 2238 1666 2307 ὲπιστημονικδς
1703 2236 1818 2303 (59)
1847 2233 1942 2287 τοῦ

367 2326 484 2387 πῶς
512 2328 592 2379 δεῖ
621 2329 690 2381 τά
731 2330 978 2397 νοήματα
1011 2328 1229 2393 ἐξάγειν
1252 2344 1267 2356 ·
1316 2327 1404 2379 διὰ
1443 2326 1611 2378 ποίων
1655 2324 1940 2385 πτώσεων,

365 2419 684 2485 ἐγκλίσεων,
716 2420 1036 2481 διαθέσεων,
1090 2419 1406 2487 σχημάτων,
1466 2416 1796 2485 προσώπων,
1850 2413 1941 2466 καὶ

370 2512 476 2564 τῶν
503 2510 729 2579 ὁμοίων,
786 2509 1074 2581 πόρρωθεν
1106 2509 1372 2578 ἄρχεσθαι
1401 2507 1443 2577 ζῆ
1482 2504 1737 2574 ἐγγύθεν,
1773 2508 1941 2559 ὲπιειυ

365 2604 475 2664 κῶς
504 2604 536 2673 ἢ
566 2603 868 2674 παρρησίᾳ.
918 2603 1076 2654 Κατὰ
1129 2604 1283 2655 ποῖον
1316 2601 1490 2663 πάθος
1525 2601 1619 2651 καὶ
1660 2594 1812 2663 ἦθος,
1842 2598 1947 2677 καὶ»

367 2697 491 2752 καθ’
512 2700 667 2759 ὅσους
686 2700 924 2767 τρόπους
950 2699 982 2767 ἠ
1016 2696 1177 2765 φύσις
1204 2695 1303 2766 τὴν
1332 2696 1519 2768 φωνὴν
1538 2695 1653 2765 (60)
1684 2694 1939 2766 προΐσχε-

365 2807 477 2842 ται.
514 2789 807 2856 Προοίμιόν
842 2790 957 2842 ἐστι
997 2790 1153 2856 λόγος
1190 2788 1632 2857 παρασκευάζων
1686 2788 1801 2855 (61)
1846 2789 1937 2840 τὸν

364 2881 645 2951 ἀκροατὴν
674 2882 752 2943 είς
787 2881 1058 2950 ὑποδοχὴν
1100 2881 1199 2950 τῆς
1240 2881 1553 2942 ὑποθέσεως
1586 2879 1683 2934 καὶ
1720 2879 1939 2943 οίκείως

363 2973 455 3024 τὸν
511 2974 874 3042 ὑποκείμενον
929 2973 1087 3042 λόγον
1136 2973 1400 3037 διατιθείς
1457 2973 1594 3043 (62).
1675 2973 1937 3043 Διήγησίς

433 3177 545 3262 (δ’)
584 3174 700 3262 Ἐκ.
718 3174 879 3262 eis,
901 3172 1346 3262 aeteae-,5“;
1364 3172 1636 3262 95954599“
1662 3173 1929 3262 Elateia:
1960 3204 2002 3262 c

365 3247 517 3302 Milo.
555 3254 636 3297 est
689 3245 919 3299 intentio
951 3244 1269 3300 adversarii.
1309 3244 1616 3305 Respondet
1668 3246 1785 3311 ipse
1832 3259 1929 3311 per

360 3314 753 3381 ἀντιπροὸολὴν
796 3329 888 3365 seu
945 3313 1323 3380 depulsionem
1361 3332 1372 3365 :
1410 3312 1615 3372 Occidi,
1639 3313 1729 3366 sed
1771 3323 1926 3369 recte.

362 3385 437 3438 Rx
466 3385 567 3437 huc
602 3386 802 3449 φράσει
830 3383 1002 3435 oritttr
1032 3392 1206 3436 status
1246 3397 1273 3435 a
1312 3390 1464 3447 parte
1499 3381 1710 3435 Milonis
1742 3400 1756 3435 :
1799 3381 1929 3435 Milo

365 3465 498 3508 recte
533 3454 728 3507 occidit
759 3453 1029 3506 Clodium.
1061 3450 1161 3504 Hic
1191 3452 1334 3504 enim
1381 3452 1524 3504 velut
1569 3452 1840 3510 consistit.
1877 3461 1931 3505 et

364 3532 566 3592 pugnat
630 3536 754 3576 cum
803 3530 1142 3582 accusatore.
1181 3522 1358 3575 allatis
1414 3522 1749 3592 argumentis
1783 3523 1929 3592 velut

362 3589 549 3654 armis,
584 3594 783 3661 quibus
828 3599 1115 3652 monstret,
1177 3603 1237 3643 se
1271 3598 1420 3644 recte
1474 3589 1723 3643 Clodium
1779 3590 1931 3644 occi-

360 3664 527 3715 disse.
1860 3682 1871 3692 '

432 3733 543 3801 (5‘2)
590 3733 694 3786 Ἑν
720 3731 800 3796 τῷ
829 3727 1115 3793 πολιτικῷ
1161 3729 1463 3801 ζητήματι.
1494 3729 1649 3794 Quod
1699 3728 1930 3793 conjun-

360 3799 633 3855 ctum'est
671 3816 795 3855 cum
820 3810 989 3856 statu.
1025 3808 1079 3851 et
1111 3799 1333 3865 respicit
1366 3808 1657 3865 utramque
1685 3807 1925 3861 panteui,

360 3883 415 3921 ut
452 3873 501 3922 iu
533 3872 860 3938 prter-edenti
906 3868 1179 3938 exemplo,
1207 3884 1274 3920 an
1334 3867 1462 3938 Milo
1510 3877 1646 3938 recte
1680 3866 1927 3920 Clodium

357 3935 722 4005 interfecerit?
750 3939 919 3992 Porro
953 3937 1307 4006 quaestionem
1363 3937 1503 3989 lianc
1559 3935 1927 4006 Hermogenes

358 4004 549 4063 definit
599 4012 669 4063 ita
699 4051 713 4073 ,
759 4009 903 4074 quod
959 4004 1028 4061 sit
1096 4006 1535 4073 Ἀμφισὸήτησις
1586 4004 1781 4071 λογικὴ
1831 4005 1927 4074 ἐπι

363 4080 581 4143 μέρους,
630 4081 694 4130 ἐκ
742 4073 851 4147 τῶν
886 4076 1015 4147 παρ’
1047 4077 1301 4147 ἑκάστοις
1347 4076 1646 4147 κειμέῌνωιη
1664 4074 1849 4147 νόμων
1890 4073 1924 4147 ᾖ

361 4142 521 4208 ἐθῶν,
553 4150 679 4212 περὶ
726 4146 821 4199 τοῦ
845 4142 1193 4209 νομισθέντος
1224 4144 1457 4215 δικαίου,
1554 4142 1649 4196 τοῦ
1683 4142 1853 4215 καλοῦ
1891 4143 1923 4215 ἢ

358 4217 453 4270 τοῦ
482 4210 876 4285 συμφέροντος,
909 4217 940 4284 ἢ
970 4216 1063 4265 καὶ
1086 4214 1302 4266 πάντων
1331 4213 1467 4285 ἄμα,
1501 4213 1533 4282 ἧ
1562 4210 1924 4285 τινωνεμεοηξ

356 4281 620 4340 ιτουεηῖα
653 4281 707 4339 in
755 4281 1056 4339 disserendo
1086 4285 1282 4351 posita.
1316 4283 1420 4336 sive
1473 4281 1675 4335 ratione
1718 4281 1927 4334 dicendi

351 4356 674 4423 expedienda
709 4357 783 4408 rei
810 4356 975 4423 finita:
996 4365 1044 4406 et
1082 4353 1369 4423 singularis
1406 4367 1469 4423 ea:
1496 4354 1646 4405 unius
1678 4352 1928 4419 cujusque

352 4422 536 4493 populi
566 4422 866 4479 constitutis
916 4426 1116 4493 legibus
1171 4422 1262 4475 aut
1288 4422 1556 4493 'moribus,
1587 4426 1647 4474 de
1676 4422 1926 4493 eo,qquod

2046 1964 2335 2034 singularis
2376 1962 2660 2015 sententia:
2685 1972 2739 2016 et
2768 1962 3022 2021 aliorum.
3057 1963 3161 2027 vel,
3194 1972 3278 2016 est
3307 1964 3440 2016 ordo
3488 1976 3621 2014 con-

2051 2055 2272 2109 veniens
2338 2055 2402 2107 ad
2471 2054 2757 2107 utilitatem
2816 2063 3018 2108 certam
3065 2062 3434 2108 constructus.
3490 2052 3619 2105 item

2052 2146 2213 2199 aliter
2242 2163 2256 2198 :
2292 2144 2580 2199 Methodus
2608 2152 2691 2199 est
2711 2144 2849 2197 ratio
2879 2145 3206 2208 artiﬁcialis,
3236 2160 3339 2211 qua
3372 2150 3621 2209 oporteat

2045 2243 2295 2288 noemata
2333 2234 2624 2298 adducere,
2654 2249 2745 2303 per
2773 2234 2961 2303 quales
2996 2250 3180 2300 casus,
3208 2235 3619 2298 declinationes,

2043 2327 2450 2396 dispositiones,
2477 2327 2698 2396 ﬁguras,
2733 2339 3017 2393 personas.
3048 2336 3100 2381 et
3154 2328 3374 2390 similia,
3425 2341 3554 2378 num
3589 2343 3617 2381 a

2044 2419 2270 2471 remotis
2296 2418 2556 2483 exordiri,
2592 2435 2659 2474 an
2693 2437 2757 2475 ex
2785 2420 3105 2489 propinquis
3136 2436 3226 2487 per
3251 2418 3617 2474 insimulatio-

2045 2526 2188 2575 nem,
2224 2528 2290 2564 an
2319 2521 2503 2579 aperte
2542 2529 2691 2581 μιυο
2717 2514 2886 2567 animi
2911 2521 3084 2571 motu,
3115 2514 3319 2581 quibus
3348 2513 3615 2573 moribus,

2043 2613 2095 2656 et
2124 2604 2425 2657 secundum
2460 2619 2596 2669 quos
2668 2604 2862 2658 modos
2918 2612 3115 2657 natura
3181 2619 3367 2656 vocem
3428 2603 3615 2672 exigit.

2044 2696 2333 2749 Exordium
2362 2702 2443 2749 est
2475 2696 2672 2761 oratio,
2707 2712 3017 2765 prmparaus
3043 2695 3345 2748 auditorem
3383 2696 3446 2749 ad
3494 2711 3619 2763 pro-

2042 2786 2313 2841 bationem
2337 2802 2538 2845 musae.
2569 2798 2621 2841 et
2650 2788 2938 2842 commode
2976 2787 3279 2840 orationem
3314 2787 3615 2855 subjectam

2039 2880 2355 2948 disponens.
2388 2878 2638 2933 Narratio
2666 2888 2747 2933 est
2781 2879 3046 2948 expositio
3076 2894 3256 2931 rerum
3318 2879 3369 2931 in
3423 2894 3612 2940 causa,

2036 2972 2119 3025 vel
2147 2986 2236 3026 res
2268 2972 2405 3040 ipsa,
2438 2986 2505 3025 ex
2543 2986 2652 3040 qua
2682 2986 2852 3025 causa
2898 2979 3131 3025 constat.
3185 2970 3471 3024 Contentio
3529 2980 3613 3025 est

2038 3176 2105 3229 ad
2135 3186 2452 3239 argumenta
2487 3182 2696 3228 tantum
2740 3174 3029 3243 pertinere,
3056 3170 3148 3227 sed
3185 3180 3239 3225 et
3289 3173 3448 3227 verba
3498 3175 3610 3228 elo-

2035 3246 2439 3309 cutiouentque.

2104 3315 2215 3379 (55')
2259 3314 2432 3369 Ἰδέα.
2473 3312 2548 3365 De
2598 3314 2797 3380 quibus
2834 3312 2975 3381 vide,
3029 3328 3151 3377 qua!
3209 3312 3388 3367 notavi
3422 3328 3606 3381 supra.

2106 3384 2220 3456 (56)
2255 3385 2413 3438 Kurd
2440 3384 2801 3456 castratur.
2832 3380 2947 3434 Non
2998 3392 3105 3436 tam
3150 3394 3445 3456 externam
3486 3399 3611 3439 scn-

2032 3452 2321 3509 tentiarum
2378 3454 2625 3517 intelligit
2680 3452 2927 3513 formam,
2995 3468 3158 3520 quam
3230 3468 3315 3507 res
3362 3453 3465 3505 sub
3528 3456 3610 3509 eis

2031 3524 2485 3592 comprehensas.
2515 3522 2659 3587 Vult,
2692 3522 2867 3576 ideam
2908 3522 3018 3576 duo
3060 3532 3189 3577 ante.
3218 3525 3404 3577 omnia
3433 3525 3608 3593 respi-

2030 3608 2174 3653 cere.
2207 3610 2291 3645 res
2317 3604 2364 3645 et
2401 3593 2584 3645 verba.

2074 3663 2214 3730 ’(57)
2274 3663 2587 3731 Ἁρμονίας
2632 3660 2993 3725 διαπλοκήν.
3049 3663 3160 3717 lloc
3216 3664 3461 3716 tertium~
3497 3674 3604 3727 est,

2030 3734 2174 3798 quod
2211 3733 2331 3786 Idea
2373 3732 2620 3800 requirit,
2660 3745 2855 3795 nempe
2890 3744 2945 3785 ut
2982 3748 3067 3787 res
3108 3742 3159 3787 et
3208 3735 3365 3787 verba
3404 3735 3605 3788 decen-

2029 3803 2121 3865 tia,
2157 3802 2412 3856 decenter
2469 3817 2566 3866 per
2598 3816 2790 3853 omnes
2845 3804 3112 3857 orationis
3164 3814 3345 3870 partes
3405 3818 3603 3871 propo-

2031 3881 2252 3933 nantur,
2296 3872 2601 3923 secundum
2658 3871 2755 3922 ista
2790 3881 3019 3934 Septem,
3053 3889 3173 3938 quae
3224 3874 3275 3926 in
3336 3873 3468 3925 ideis
3497 3875 3607 3925 sin-

2032 3939 2182 4059 tgulisi
2202 3941 2305 4021 alia
2331 3941 2545 4007 aliaque
2566 3953 2664 4006 pro
2683 3940 2998 3993 diversitate
3015 3956 3199 3993 earum
3234 3943 3604 4009 Hermogenes

2032 4022 2161 4059 reou
2192 4018 2279 4059 ιιι.

2028 4009 2279 4072 requirit.

2100 4077 2212 4144 (58)
2246 4078 2527 4142 Μέθοδος.
2587 4077 2699 4131 Non
2753 4091 2869 4128 eam
2922 4080 3010 4131 hic
3063 4080 3330 4147 intelligit,
3373 4095 3491 4145 qua!
3524 4092 3607 4132 est

2030 4162 2155 4215 pars
2210 4147 2379 4210 idere,
2430 4162 2616 4201 verum
2668 4148 2836 4208 illam,
2873 4163 3036 4213 quam
3088 4148 3139 4199 iu
3178 4148 3605 4215 praecedentibus

2029 4230 2154 4268 cum
2192 4215 2378 4270 addito
2413 4217 2626 4271 vocavit
2660 4215 2882 4281 μέθοδον
2916 4218 3240 4281 δεινότητος.

2101 4287 2212 4353 (59)
2246 4287 2464 4353 ΤρόπΟς
2508 4286 3001 4349 ἐπιστημονικός.
3035 4284 3201 4339 Habet
3262 4288 3365 4341 ista
3419 4289 3599 4341 omnia

2028 4370 2092 4409 ex
2126 4354 2481 4426 Hermogenis
2509 4357 2603 4409 lib.
2642 4372 2677 4408 ιι
2718 4354 2791 4407 De
2841 4354 3003 4417 Meis,
3035 4372 3152 4421 cap.
3187 4360 3242 4415 9.
3279 4374 3385 4426 quo
3421 4365 3600 4411 tamen

2032 4427 2154 4479 loco
2187 4424 2558 4494 Hermogenes
2593 4441 2695 4477 non
2740 4440 2835 4490 per
2874 4424 3309 4494 ἐπιστημονικόν
3342 4444 3394 4477 τι
3431 4442 3601 4492 expo-

355 4491 558 4587 t'iqetur
584 4512 717 4587 esse,
752 4505 843 4547 aut
868 4491 1095 4562 jusium,
1128 4491 1393 4587 qutuutile
1422 4508 1440 4544 :
1472 4493 1534 4543 de
1559 4492 1664 4587 .his
1700 4491 1775 4587 rei
1808 4506 1920 4542 om-

2044 4496 2132 4556 iit,
2167 4496 2263 4547 sed
2310 4491 2419 4577 per
2443 4495 2639 4587 χρῇσιν
2685 4491 3113 4587 ὀρθέγνιπάντωήν
3157 4496 3371 4576 είδεῶν,
3407 4491 3600 4549 rectum

354 4568 506 4619 nibus
532 4565 607 4618 vel
630 4566 810 4632 aliqua
830 4561 1009 4617 eorum
1036 4572 1206 4629 parte.
1230 4561 1467 4632 Vocatur
1485 4568 1665 4613 autem
1699 4561 1920 4632 ζήτημα

354 4635 651 4694 πολιτικὸν,
685 4627 772 4687 aut
803 4627 1043 4700 quaestio
1061 4632 1264 4693 civilis,
1305 4631 1358 4700 in
1417 4640 1669 4696 respectu
1717 4629 1783 4681 ad
1817 4627 1917 4700 ζη-

350 4706 571 4770 τήματα
597 4704 800 4771 φυσικά
824 4697 881 4757 et
905 4702 1118 4769 λογικά.
1144 4700 1295 4756 Adde
1316 4698 1564 4754 Cassiod.
1593 4714 1647 4768 p.
1679 4715 1750 4753 tn.
1780 4697 1916 4767 536,;

355 4774 507 4839 Sulp.
538 4774 831 4836 Victorem,
866 4788 923 4841 p.
952 4773 1079 4825 246.

425 4838 541 4912 (53)
589 4843 664 4897 Ἠ
694 4838 1004 4909 διαίρεσις.
1037 4841 1199 4893 Prout
1227 4841 1371 4893 enim
1399 4844 1575 4892 status
1610 4846 1730 4912 est._
1751 4838 1825 4892 ita
1864 4848 1919 4893 et

354 4908 628 4979 κεφάλαια
688 4908 1037 4966 adducuntur
1093 4926 1201 4979 seu
1255 4916 1598 4979 argumenta,
1651 4908 1816 4979 vela
1859 4924 1918 4962 re

353 4977 662 5051 desumpta,
700 4982 834 5035 vela
876 4995 1129 5051 persona.
1164 4978 1319 5033 Unde
1354 4977 1723 5051 Hermogenes
1746 4977 1851 5051 ψ).
1876 4994 1916 5041 ι,

356 5061 497 5127 part.
531 5045 740 5127 eam},
774 5045 1216 5127 ’ᾼμξρισὸήτησιν
1238 5051 1351 5127 τοῖς
1404 5045 1709 5127 ἐπιγνοῦσι,
1731 5046 1917 5127 ράδιον

356 5123 457 5189 ἤδη
504 5116 613 5190 τὰς’
657 5116 954 5190 διαιρέσεις
1015 5116 1247 5171 συνιδεῖν
1288 5118 1385 5190 τάς
1418 5118 1499 5190 εἰς
1546 5119 1614 5166 τὰ
1645 5116 1917 5190 κεφάλαια

352 5186 463 5242 τῶν
495 5186 851 5259 ζητημάτων.
878 5190 1234 5252 ραωειὲοηεηι
1279 5189 1324 5240 si
1356 5187 1445 5259 qui
1498 5197 1727 5249 teneant,
1764 5186 1917 5259 facile

353 5256 592 5327 deinceps
617 5256 719 5313 erit
748 5260 1059 5325 partitiones
1087 5259 1243 5313 simul
1270 5258 1581 5325 intelligere,
1608 5271 1724 5323 qua:
1746 5256 1917 5324 appli-

352 5343 542 5382 cantur
574 5330 851 5396 capitibus.

424 5399 555 5469 (54)
598 5400 945 5467 Νοημάτων.
998 5398 1161 5451 Addit
1218 5412 1361 5469 Amos
1399 5401 1493 5452 καὶ
1549 5399 1917 5469 ἐπιχειρημά-

350 5467 479 5523 των.
514 5467 689 5538 Vulgo
719 5471 784 5522 de
809 5468 1073 5522 ttoétuatis
1103 5469 1175 5520 nil
1218 5467 1302 5520 llic
1350 5467 1668 5538 loquuntur.
1712 5468 1915 5521 Intelli-

350 5539 429 5605 git
485 5536 665 5593 autem
715 5550 899 5591 noster
954 5554 1048 5603 per
1095 5538 1365 5595 noémata.
1423 5553 1543 5605 qua:
1588 5536 1914 5606 llertnogeni

350 5610 513 5661 etiam
579 5609 821 5672 ἔννοιαι,
893 5609 995 5661 hoc
1046 5615 1126 5662 est
1190 5609 1536 5675 pronuntiata
1588 5622 1916 5675 quacunque

354 5678 554 5739 forma,
579 5686 633 5731 et
665 5680 729 5730 de
763 5692 822 5731 re
847 5693 1174 5746 quacunque
1207 5694 1220 5728 :
1255 5692 1375 5743 qua:
1408 5688 1535 5731 sunt
1584 5678 1749 5730 Veluti
1799 5693 1917 5729 tua-

355 5748 490 5798 teria
524 5748 793 5811 idearum,
829 5758 883 5801 et
907 5749 971 5801 ad
1010 5748 1374 5801 elocutionem
1411 5748 1546 5800 alias
1578 5746 1910 5801 referuntur.

357 5817 428 5870 lix
470 5833 579 5881 quo
626 5827 780 5883 putes
807 5817 1061 5874 Nostrum
1086 5816 1365 5884 statuisse,
1402 5816 1771 5874 inventionem
1804 5833 1912 5873 non

2025 4580 2179 4617 nsunt
2206 4566 2439 4616 omnium
2480 4566 2744 4616 idearnm.
2773 4565 2877 4617 Sed
2906 4580 3100 4629 nempe
3122 4581 3278 4619 nemo
3301 4567 3372 4617 uti
3404 4577 3597 4630 potest,

2022 4635 2126 4686 nisi
2162 4634 2254 4701 qui
2288 4637 2424 4687 sciat
2457 4634 2554 4687 uti.
2589 4634 2757 4698 Igitur
2784 4643 2833 4687 et
2870 4633 2984 4700 ipse
3034 4633 3397 4703 Hermogenes
3432 4638 3483 4687 in
3517 4652 3604 4690 sc-

2020 4704 2316 4769 quentibus
2345 4720 2360 4769 ;
2395 4704 2551 4771 Ἐστι
2574 4703 2631 4756 δὲ
2658 4704 2817 4755 τοῦτο
2852 4704 3093 4771 μεγάλης
3136 4704 3226 4755 καὶ
3265 4703 3602 4769 τελειοτάτης

2021 4768 2357 4844 ἐπιστήμης,
2394 4768 2575 4844 οἶμαι,
2604 4773 2666 4826 τὸ
2708 4768 2945 4842 χρῆσθαι
2972 4768 3083 4837 τοῖς
3121 4777 3354 4844 καιροῖς,
3406 4768 3600 4828 εἰδέναι

2019 4858 2077 4892 τε
2116 4845 2209 4893 καὶ
2235 4843 2521 4896 δύνασθαι.

2092 4910 2206 4979 (60)
2245 4911 2363 4977 Τὴν
2398 4915 2628 4980 φωνήν.
2662 4910 2734 4963 De
2780 4913 2881 4966 liae
2911 4914 3043 4966 nihil
3072 4914 3475 4981 Hermogenes:
3509 4928 3599 4965 ra—

2021 4982 2116 5043 tio,
2156 4981 2280 5046 quia
2314 4982 2555 5047 δεινότης
2581 4981 2815 5045 pertinet
2838 4986 2901 5037 ad
2928 4986 3287 5037 elocutionem
3322 5000 3335 5035 :
3368 4994 3419 5034 at
3447 4981 3599 5049 φωνὴ

2022 5049 2073 5101 iu
2109 5051 2338 5104 Aetione
2367 5067 2460 5103 seu
2504 5052 2954 5118 pronuntiatione
2999 5051 3415 5107 Considerauda.
3463 5053 3598 5102 I’uto

2022 5118 2125 5173 hoc
2158 5131 2405 5174 nostrum
2459 5121 2737 5175 addidisse
2789 5124 2855 5176 de
2894 5140 3015 5187 suo,
3062 5124 3268 5188 absque
3301 5119 3505 5185 judicio
3546 5130 3600 5173 et

2021 5202 2208 5242 causa.
3074 5198 3079 5203 ’

2094 5258 2208 5323 (61)
2250 5252 2443 5326 Λόγος
2470 5261 2959 5328 παρασκευάζων.
2990 5259 3065 5311 Ita
3094 5258 3426 5311 Sclioliastcs
3455 5259 3603 5328 Apll-

2024 5328 2223 5393 monii,
2263 5339 2321 5382 ιιι
2350 5327 2579 5385 testatur
2615 5333 2765 5384 \oss.
2793 5332 2923 5384 Inst.
2959 5348 3038 5382 or.
3076 5330 3167 5382 lib.
3203 5343 3281 5391 ιιι,
3311 5344 3361 5384 c.
3392 5328 3446 5392 2,
3478 5327 3597 5397 §2;

2019 5415 2071 5458 et
2104 5398 2321 5459 Cicero,
2355 5398 2369 5450 I
2407 5400 2554 5453 Rhet.
2593 5418 2642 5453 ν.
2674 5401 3036 5453 Victorinum.

2095 5469 2210 5537 (62)
2238 5471 2547 5534 Διατιθείς.
2586 5470 2801 5523 Exordii
2851 5470 3086 5522 ofﬁcium
3128 5483 3270 5531 esse,
3307 5474 3365 5520 ιιι
3388 5467 3597 5521 oratio-

2020 5557 2143 5595 neut
2186 5539 2462 5607 disponat,
2515 5556 2621 5591 non
2660 5539 2879 5592 memini
2930 5554 3015 5592 me
3046 5539 3180 5592 alias
3226 5540 3424 5608 legere.
3460 5537 3599 5591 For-

2018 5612 2161 5666 sitan
2224 5612 2459 5676 respexit
2488 5624 2554 5661 eo
2602 5619 2807 5671 noster,
2852 5610 2996 5675 quod
3046 5609 3267 5677 partitio
3317 5608 3593 5662 interdum

2020 5680 2278 5747 praemitti
2317 5679 2455 5731 solet
2485 5679 2803 5731 narratiOui.
2840 5678 2944 5731 Sed
2986 5678 3088 5731 hoc
3127 5694 3308 5731 rarum
3343 5688 3444 5739 est,
3495 5694 3596 5732 nec

2022 5751 2147 5802 ideo
2186 5764 2312 5815 pars
2341 5749 2549 5801 exordii
2584 5748 2764 5802 vocari
2804 5757 2996 5816 potest.
3038 5748 3239 5803 Deinde
3283 5750 3443 5802 etiam
3480 5748 3593 5799 διά-

2020 5820 2167 5873 θεσιν
2197 5818 2544 5888 partitionem
2591 5818 2699 5874 dici
2732 5834 2841 5875 non
2876 5821 3151 5877 existimo.
3201 5818 3342 5876 Puto
3382 5817 3587 5886 aliquid
