3956 6200
292 234 423 300 1061

1316 234 1814 294 LAMENTATIO
1841 234 1937 295 DE
1976 233 2197 294 crum
2224 233 2479 295 CAPTA.

3390 230 3535 292 1052

284 349 554 418 κυούμενα
582 346 769 416 μόνον,
813 346 949 402 ἀλλά
1002 349 1095 402 καὶ
1143 348 1205 400 τὸ
1235 346 1396 417 σῶμα
1429 348 1721 413 κόπτοντα,
1760 349 1834 403 κα

1956 346 2333 403 acerbissima.
2386 345 2521 400 Nam
2554 345 2773 401 visurus
2825 356 2942 401 erat
2980 356 3126 401 certe
3174 347 3287 413 illa,
3322 362 3443 417 quae
3477 357 3531 401 et

282 441 503 509 μυρίαις
566 438 697 490 αὐτὸ
746 437 1147 508 ταλαιπωρίαις
1192 437 1706 515 καθυποϐἀλλοντα,
1760 439 1854 491 νύ-

278 549 426 601 κτωρ
453 531 548 584 καὶ
583 529 924 599 μεθημέραν.
952 529 1028 584 Οὑ
1058 530 1123 600 δὴ
1150 530 1333 600 θρηνῶ
1364 548 1467 600 μου
1496 530 1584 582 τὴν
1613 532 1851 602 πατέρα,

277 619 393 688 ἃμα
431 618 530 688 μὲν
570 618 806 687 πατρίδι·
839 616 1240 685 συνεαλωκότα,
1292 619 1387 673 καὶ
1442 619 1650 673 δούλιον
1695 617 1854 693 ἦμαρ

278 712 482 772 ίδόντα,
506 711 811 779 ποιητικῶς
846 710 1043 773 εἰπεῖν,
1077 709 1193 779 ἅμα
1237 710 1293 763 δὲ
1331 714 1398 780 τῇ
1449 710 1699 783 αἰσθήσει
1750 712 1849 780 τῆς

275 803 545 871 ἀδοκήτου
600 802 693 855 καὶ
730 801 1127 871 χαλεπωτάτης
1166 802 1378 873 ἐκείνης
1411 804 1655 868 δουλείας
1692 806 1851 857 πολε-

278 895 380 967 μίᾳ
442 894 587 963 χειρὶ
629 893 689 944 τὸ
754 892 855 961 ζῇν
905 892 1324 960 ἀπολελοιπότα,
1359 895 1495 965 πρὶν
1555 894 1663 949 τῶν
1712 895 1853 964 μετά

272 984 450 1038 ταῦτα
486 986 684 1052 πεῖραν
717 984 908 1037 λαϐεῖν
958 984 1172 1048 δεινῶν,
1217 985 1503 1054 ἑπομένων
1548 987 1761 1040 πολλῶν
1792 1004 1848 1040 τε

271 1078 372 1129 καὶ
406 1075 684 1145 μεγάλων⁸
729 1074 865 1128 ἀλλὰ
897 1076 993 1127 καὶ
1024 1076 1378 1147 παραμυθίας
1416 1076 1548 1131 αὐτὸ
1576 1079 1643 1148 δὴ
1689 1079 1851 1133 τοῦτο

279 1167 539 1235 ποιοῦμαι
564 1166 819 1218 ὑπόθεσιν
846 1168 903 1219 ὲν
935 1168 1053 1229 ταῖς
1082 1166 1497 1238 κατειληφυίαις
1525 1171 1673 1240 ἡμᾶς
1710 1188 1851 1241 συμ-

277 1260 491 1326 φοραῖς.
524 1258 586 1310 Εί
614 1258 669 1310 δέ
692 1275 769 1327 τῳ
799 1257 998 1326 πικρὸν
1025 1259 1173 1313 δοκεῖ
1223 1261 1284 1315 τὸ
1320 1260 1413 1332 βίᾳ
1440 1262 1539 1331 τῆς
1564 1264 1850 1333 παρούσης

276 1348 420 1417 ζωῆς
448 1348 781 1420 ὑπεξελθεῖν,
802 1347 967 1421 [forte
996 1350 1322 1423 πολεμίους]
1340 1352 1611 1423 πολεμούς
1633 1370 1692 1406 τε
1718 1354 1850 1407 ἰδεῖν

276 1439 659 1507 ἐσπασμένους
695 1440 992 1511 μαχαίρας,
1036 1440 1257 1508 φονικὸν
1302 1442 1401 1496 καὶ
1453 1442 1715 1507 πνέοντας
1753 1443 1850 1497 καὶ

276 1531 539 1603 ὁρῶντας,
560 1532 656 1582 καὶ
671 1532 886 1600 πληγὰς
907 1532 1263 1598 ἑντείνοντας,
1286 1532 1319 1603 ἢ
1344 1535 1482 1588 κατά
1498 1534 1604 1588 τῶν
1620 1554 1847 1607 καιριω-

275 1623 475 1689 τάτων,
512 1621 602 1677 ἴνα
623 1622 688 1693 δὴ
715 1623 907 1677 θᾶττον
928 1625 1170 1696 ἀπολίπῃ
1210 1626 1268 1679 τὸ
1296 1626 1395 1697 ζῇν
1421 1628 1449 1680 ὁ
1480 1628 1847 1699 πληττόμενος

1955 436 2080 491 aliis
2137 436 2469 501 acciderent,
2499 443 2552 490 et
2584 436 2631 489 ei
2659 435 2761 504 ipsi
2795 436 3115 491 sustinenda
3153 437 3409 504 fuissent,
3436 454 3525 492 su-

1956 528 2070 583 bito
2129 526 2183 581 in
2212 536 2419 582 tantam
2443 527 2567 581 vitae
2587 527 3074 582 commutationem
3112 528 3479 597 pracipitatus
3509 545 3524 582 τ

1954 634 2075 691 quae
2107 620 2244 674 mala
2268 634 2373 674 non
2407 620 2472 673 ad
2501 620 2747 673 animum
2778 620 2954 674 solum
2993 628 3315 689 perventura
3344 631 3526 681 erant,

1953 710 2049 767 sed
2076 726 2279 780 corpus
2322 711 2483 766 etiam
2512 710 2801 777 alllictura,
2835 722 2888 765 et
2917 710 3220 765 innumeris
3266 710 3524 763 mrumnis
3576 704 3579 707 ’

1953 807 2291 877 subiectura,
2315 806 2480 876 idque
2514 805 2629 860 dies
2664 813 2718 859 et
2746 812 2953 867 noctes.
2989 801 3109 857 Non
3137 801 3301 873 igitur
3337 801 3522 869 lugeo,

1953 900 2199 969 inquam,
2242 907 2448 968 patrem
2483 912 2685 961 meum,
2707 894 2853 963 quod
2891 909 2992 948 una
3029 894 3243 963 quidem
3276 908 3399 947 cum
3433 908 3524 961 pa-

1952 990 2054 1046 tria
2077 998 2291 1059 captus,
2314 988 2594 1045 servitutis
2618 987 2830 1041 initium
2856 984 3085 1041 viderit:
3116 984 3298 1037 statim
3320 990 3523 1047 autem,

1951 1092 2011 1136 ut
2078 1081 2413 1150 inapinatam
2472 1080 2619 1134 illam
2680 1077 3135 1146 durissimamque
3200 1076 3523 1130 servitutem

1949 1188 2114 1230 sensu
2152 1171 2415 1242 percepit,
2457 1169 2639 1225 hostili
2672 1168 2853 1239 gladio
2908 1168 3274 1239 interemptus
3333 1167 3522 1233 fuerit,

1950 1263 2268 1334 priusquam
2294 1268 2623 1317 consecutas
2644 1260 2843 1315 exinde
2861 1274 3136 1315 aerumnas
3155 1258 3523 1329 experiretur,

1951 1356 2151 1411 multas
2178 1366 2234 1409 et
2270 1368 2497 1423 magnas
2529 1368 2545 1408 :
2576 1353 2671 1408 sed
2726 1353 2829 1407 hoc
2856 1352 2972 1422 ipso
2992 1394 3006 1414 ,
3038 1367 3139 1423 pro
3196 1362 3523 1420 argumento

1948 1445 2340 1502 consolationis
2363 1452 2509 1509 utor,
2539 1444 2668 1500 dum
2689 1443 2756 1498 ad
2787 1443 3216 1513 magnitudinem
3244 1444 3526 1499 involven-

1952 1536 2089 1591 tium
2122 1552 2224 1592 nos
2254 1537 2626 1591 calamitatum
2682 1535 2916 1605 respicio
2986 1534 3139 1601 Quod
3167 1536 3213 1591 si
3247 1536 3333 1591 cui
3362 1551 3520 1590 acer-

1948 1628 2075 1684 bum
2108 1627 2342 1689 videtur,
2370 1627 2607 1682 violenta
2635 1635 2811 1681 morte
2840 1641 2907 1681 ex
2940 1625 3043 1681 hac
3076 1627 3185 1681 vita
3218 1628 3521 1695 discedere,

275 1712 307 1783 ἦ
342 1712 449 1767 τῶν
476 1706 638 1784 ἦττον
662 1713 941 1780 τοιούτων,
968 1713 1035 1767 ἶν’
1067 1716 1324 1770 ὲπιπλέον
1362 1716 1752 1788 αίσθανόμενος
1780 1718 1834 1773 τὸ

1943 1733 2067 1774 cum
2098 1719 2281 1773 hostes
2301 1718 2481 1773 videat
2531 1718 2729 1787 aliquis
2784 1718 2996 1773 eductis
3055 1718 3277 1789 gladiis,
3316 1708 3517 1774 caedem

274 1805 553 1875 θνήσκειν,
580 1804 969 1876 ὀδυνηρότερον
998 1808 1219 1874 γίνοιτο,
1249 1807 1659 1879 φιλανθρωπίας
1692 1812 1792 1881 μὲν
1814 1814 1842 1865 ὁ

273 1894 512 1958 τοιοῦτος
534 1895 813 1967 λογισμὸς,
846 1897 1050 1951 καὶτὸν
1079 1899 1307 1952 τοιαῦτα
1338 1899 1724 1982 διανοςύμενον
1739 1901 1842 1971 τῆς

274 1988 410 2058 πρὸς
442 1988 539 2058 τὴν
561 1987 722 2054 φύσιν
773 1989 1105 2059 ἀποδέχομαι
1142 1992 1513 2059 συμπαθείας.
1551 1994 1625 2048 Τὸ
1655 1994 1841 2061 μέντοι

271 2079 372 2132 οὐκ
420 2079 807 2148 άμισθον,οὐδ’
858 2080 1087 2151 ἀκερδὲς
1147 2082 1241 2136 τοῦ
1297 2085 1547 2138 τοιούτου
1584 2086 1838 2153 θανάτου,

270 2170 466 2235 πείθει,
510 2171 583 2240 μὴ
627 2172 828 2240 μᾶλλον
874 2172 1162 2243 ὀδύρεσθαι
1209 2174 1403 2241 ταῦτα,
1450 2175 1483 2245 ἢ
1532 2178 1721 2245 πράως
1754 2178 1845 2247 φό-

273 2279 407 2331 ρειν,
440 2256 585 2337 ᾗπερ
627 2262 775 2325 εἰκὸς
814 2264 1209 2335 μεταχωρῆσαι
1250 2266 1343 2319 τὸν
1368 2265 1512 2321 οὕτω
1544 2268 1643 2338 τῆς
1693 2269 1841 2337 ζωῆς

270 2354 617 2406 ὑπεκστάντα
661 2353 1066 2425 διανοούμενον,
1105 2357 1198 2410 καὶ
1253 2358 1511 2428 μάλιστα,
1544 2360 1593 2414 εί
1636 2361 1839 2429 μετιὼν

268 2443 571 2514 ἐτύγχανεν
629 2447 833 2517 ἀρετὴν
874 2447 969 2500 καὶ
999 2448 1130 2519 παρ’
1171 2450 1291 2503 ὅλον
1321 2450 1412 2503 τδν
1445 2451 1595 2522 αὐτῷ
1635 2470 1841 2524 μιτρη-

269 2537 433 2591 θέντα
475 2538 589 2607 βίον
634 2538 801 2609 αὐτὴν
849 2539 997 2610 αὑτῷ
1054 2541 1525 2612 προστησάμενος.
1567 2539 1693 2607 Οἷός
1748 2561 1839 2613 μοι

266 2628 295 2679 ὁ
326 2628 509 2696 πατὴρ
548 2628 720 2697 μυρία
748 2628 1099 2699 συνεσχηκὼς
1122 2629 1316 2701 ἀρετῇ,
1352 2633 1445 2684 καὶ
1475 2632 1616 2701 μετά
1637 2632 1840 2703 ταύτης

264 2719 787 2773 ἀποθανώνφῐιολλὰ
814 2721 870 2775 δὲ
898 2721 1047 2791 αύτῷ
1072 2722 1170 2793 τῆς
1196 2724 1397 2794 ἀρετῆς
1425 2725 1493 2778 τὰ
1525 2727 1835 2801 μαρτύρια,

265 2808 501 2871 καὶτοῖς
540 2809 699 2863 αὐτὸν
724 2810 887 2864 είδόσι
931 2811 1189 2881 γνώριμα
1230 2812 1426 2867 πάντα.
1463 2816 1572 2869 Καί
1604 2834 1694 2886 μοι
1728 2831 1832 2869 πε..

264 2896 488 2964 ρίεργον
509 2897 945 2967 ἀπαριθμετσθαι
984 2900 1161 2953 πάντα
1193 2902 1293 2954 ὅσα
1325 2918 1382 2955 τε
1415 2903 1472 2956 ἐν
1525 2920 1835 2975 πτωχοτρο-

1947 1810 2194 1865 trucibus
2221 1810 2398 1865 oculis
2422 1809 2767 1873 anhelantes,
2801 1817 2855 1863 et
2904 1812 3129 1864 vulnera
3186 1812 3517 1881 inﬂigeutes,

1944 1914 2119 1970 eaque
2173 1899 2256 1956 vel
2286 1900 2615 1970 opportunis
2648 1899 2894 1969 partibus
2923 1902 3267 1971 corporibus,
3322 1905 3524 1972 quibus

1944 1982 2243 2063 percussis,
2271 1993 2377 2047 cita
2405 2008 2549 2047 mors
2574 1992 2839 2063 sequitur;
2866 1996 2945 2048 vel
2972 2004 3030 2050 et
3057 1996 3178 2049 aliis
3219 1996 3405 2053 minus
3433 2014 3523 2065 pe-

1945 2082 2219 2149 riculosis,
2262 2091 2321 2137 ut
2381 2098 2581 2139 sensus
2644 2084 2848 2139 doloris
2906 2084 3225 2139 diuturnior
3286 2096 3514 2140 mortem

1943 2180 2133 2235 aﬂ‘erat
2176 2180 2514 2236 acerbiorem
2576 2181 2991 2241 :humanitatis
3061 2184 3312 2253 equidem
3387 2185 3514 2239 talis

1945 2279 2031 2326 est
2062 2271 2325 2341 cogitatio
2358 2290 2371 2327 :
2404 2274 2644 2343 eumq‘ue
2668 2274 2762 2343 qui
2793 2273 2896 2329 hoc
2930 2274 3113 2331 animo
3167 2286 3273 2343 est,
3324 2276 3517 2339 laudo,

1941 2363 2088 2435 quod
2142 2365 2391 2445 humana
2427 2375 2638 2420 natura:
2666 2367 3145 2423 commiseratione
3195 2369 3459 2424 alliciatur
3499 2386 3513 2422 :

1941 2454 2260 2519 sedtamen,
2284 2455 2410 2525 quia
2468 2472 2615 2512 mors
2672 2457 2983 2527 huiusmodi
3041 2475 3145 2514 suo
3192 2462 3415 2528 praztuio
3460 2470 3523 2514 et

1945 2545 2102 2602 lucro
2156 2563 2266 2601 non
2318 2558 2489 2613 caret,
2518 2564 2626 2604 non
2659 2558 2765 2604 tam
2797 2549 2862 2603 ad
2920 2552 3324 2607 lamentandum
3349 2568 3513 2623 quam

1940 2642 2007 2694 ad
2040 2641 2315 2695 moderate
2363 2640 2479 2696 haec
2503 2640 2785 2697 ferendum
2819 2641 3083 2706 adducor,
3118 2643 3247 2696 dum
3298 2660 3515 2698 mecum

1939 2732 2215 2801 perpendo
2274 2732 2640 2788 conditionem
2675 2748 2826 2802 :qua
2876 2732 3004 2787 hinc
3033 2732 3352 2789 discessisse
3381 2750 3513 2804 pro-

1941 2824 2115 2879 habile
2149 2835 2231 2879 est
2253 2839 2377 2879 eum
2408 2824 2499 2892 qui
2522 2825 2603 2880 sic
2637 2826 2802 2879 vitam
2837 2824 3094 2891 reliquit;
3151 2827 3387 2881 maxime
3437 2831 3511 2889 si,

1936 2913 2157 2969 virtutis
2203 2914 2385 2968 studio
2435 2915 2678 2979 deditus,
2736 2931 2856 2970 eam
2898 2918 3002 2970 sibi
3052 2932 3151 2985 per
3186 2926 3359 2971 totum
3393 2919 3518 2971 vitae

260 2988 436 3056 φίαις,
462 2987 563 3040 ὅσα
592 2991 649 3040 ὲν
675 2988 908 3060 ὑποδοχῇ
959 2991 1152 3058 ξένων,
1194 2994 1510 3064 συμπαθείᾳ
1536 2996 1831 3065 δεομένων,

1939 3017 2051 3058 sua:
2074 3004 2408 3058 curriculqu
2466 3000 2799 3074 sequendam
2869 3006 3045 3060 duxit.
3103 3005 3251 3061 Talis
3325 3017 3510 3060 autem

259 3080 359 3130 καὶ
415 3078 558 3148 ἅπερ
607 3077 790 3142 ἁπλῶς
823 3082 916 3132 τὸν
969 3083 1235 3152 ἐλεήμονα
1280 3087 1702 3155 χαρακτηρίζει,
1742 3091 1834 3143 καὶ

1939 3108 2094 3147 meus
2131 3102 2283 3163 pater
2319 3095 2555 3157 exstitit,
2578 3096 2672 3166 qui
2715 3096 3023 3151 indivulsus
3058 3097 3281 3152 virtutis
3335 3106 3510 3152 sectu-

256 3169 495 3230 δίκαιον,
551 3168 933 3240 εὐλαϐουμένῳ
974 3174 1033 3226 τὸ
1086 3176 1263 3228 δοκεῖν
1293 3178 1361 3231 τὰ
1389 3180 1565 3232 οίκετα
1613 3179 1832 3252 θαυμά-

255 3256 395 3321 ζειν,
444 3258 493 3309 εί
542 3260 808 3328 πατρικὸν
852 3261 941 3314 διὰ
984 3264 1198 3335 μακροῦ
1231 3266 1557 3337 διεξέλθοιμι
1586 3269 1830 3326 ἔπαινον.

255 3349 389 3419 (Καί
415 3344 581 3417 εῖχεν
602 3348 690 3402 ἔτι
715 3351 1007 3421 ἐγκώμιον
1035 3351 1185 3420 εἶτα,
1214 3356 1305 3411 ὅτι
1352 3360 1547 3428 ἱερεὺς
1572 3357 1649 3431 ἦν
1682 3362 1831 3417 Θεοῦ

252 3440 428 3505 ἄξιος
456 3457 468 3468 ο
498 3441 630 3510 μεθ’
683 3442 740 3509 d,
788 3444 880 3498 ὅτι
937 3449 1039 3500 καί
1063 3464 1223 3515 τινες
1268 3450 1530 3518 ἀναξίως
1562 3454 1833 3521 ἐτόλμων

252 3530 549 3600 ίῳᾶσθαι,
585 3534 682 3587 καί
736 3537 1111 3606 λειτουργεῖν
1148 3539 1290 3606 Θεῷ,
1328 3542 1429 3595 καί
1468 3542 1721 3612 ἔλεγεν·
1766 3546 1831 3599 Ὃ

256 3622 397 3693 πρὸς
428 3625 540 3688 τοῖς
566 3623 747 3688 ἄλλοις
799 3629 1119 3698 ἀτοπήμασι
1178 3631 1395 3696 πολλοῖς
1431 3635 1525 3687 καὶ
1570 3635 1830 3703 μεγάλοις

254 3713 530 3783 ὑπάρξασι
578 3718 719 3783 τότε,
751 3718 903 3771 οὐδὲν
933 3716 1117 3790 ἧττον,
1150 3723 1197 3775 εί
1225 3723 1303 3794 μὴ
1335 3725 1428 3777 καὶ
1470 3726 1695 3793 μᾶλλον,
1726 3726 1827 3797 τὴν

253 3805 485 3873 σιδηρᾶν
518 3806 648 3875 ἡμῖν
673 3802 748 3871 ὥς
798 3810 1087 3881 ἀστραπὴν
1118 3811 1405 3881 παρώξυνε
1443 3831 1501 3866 τε
1554 3816 1648 3868 καὶ
1706 3818 1827 3869 ἀνε-

252 3895 519 3949 στίλὸωσε
556 3898 773 3965 ράὅδον,
811 3901 902 3952 ἐπὶ
933 3902 1075 3955 ἑθνει
1117 3903 1361 3973 ἀσυνέτῳ
1392 3906 1829 3973 παροργίσαντος

250 3988 399 4056 ἡμᾶς
431 3987 714 4057 toti-8505,
751 3993 841 4044 καὶ
869 3992 968 4063 τὴν
996 3993 1106 4046 τῶν
1150 3995 1389 4063 ἀνομιῶν
1418 3997 1574 4066 ἡμῶν
1603 3998 1829 4051 ἐπίσκε-

248 4078 346 4146 ψιν
404 4080 786 4149 ἐργασαμένου
837 4085 898 4135 ἐν
948 4085 1225 4155 μάστιξιν,
1261 4087 1741 4159 ὄτιὲξεκαύθημεν
1768 4092 1827 4143 ἐν

1938 3197 2021 3240 tor
2051 3183 2155 3238 fuit
2191 3195 2245 3239 et
2275 3184 2402 3241 huic
2438 3187 2764 3242 immortuus
2792 3195 2895 3241 est.
2927 3187 3113 3256 Itaque
3136 3188 3306 3241 multa
3326 3204 3507 3243 rerum

1934 3275 2289 3330 laudabilium
2329 3276 2655 3332 documenta
2712 3278 2907 3333 dedit:
2944 3291 3070 3335 nota
3118 3279 3246 3344 illis,
3308 3279 3521 3349 quibus

1934 3375 2098 3420 notus
2128 3366 2250 3430 fuit,
2276 3366 2479 3421 omnia.
2502 3367 2611 3422 Nec
2640 3368 2775 3423 mihi
2805 3383 3031 3426 necesse
3052 3380 3157 3435 est,
3183 3383 3513 3422 enumerare

1932 3474 2055 3527 quae
2086 3459 2168 3513 vel
2199 3461 2252 3513 in
2312 3474 2579 3528 pauperes
2624 3464 2891 3531 erogavit,
2958 3460 3038 3515 vel
3069 3462 3121 3514 in
3176 3461 3515 3529 recipiendis,

1933 3550 2258 3621 hospitibus,
2306 3551 2931 3622 misericordiaeindigis,
2965 3552 3195 3621 benigne
3223 3551 3355 3607 fecit
3419 3551 3503 3604 vel

1932 3643 2021 3696 illa
2047 3643 2248 3712 quibus
2316 3642 2515 3711 aliquis
2540 3646 2892 3713 cegnoscitur
2935 3644 3015 3697 vir
3045 3644 3221 3698 bonus
3253 3653 3308 3698 et
3340 3644 3507 3697 mise-

1931 3735 2127 3789 ricors.
2188 3731 2391 3788 Vereor
2441 3736 2611 3797 enim,
2646 3750 2713 3790 ne
2771 3750 2887 3790 mea
2914 3734 3112 3789 .videar
3138 3735 3416 3799 admirari,
3451 3736 3500 3788 si

1930 3837 2190 3893 paternas
2219 3827 2373 3895 leuga
2405 3826 2655 3879 oratione
2694 3842 3042 3895 percenseam
3078 3827 3288 3883 laudes.
3316 3827 3381 3881 Et
3405 3830 3506 3881 ad-

1927 3918 2186 3970 debantur
2207 3915 2362 3984 plura
2418 3918 2473 3968 in
2506 3918 2685 3969 eadem
2714 3918 2957 3984 cpistola,
2996 3919 3065 3971 ad
3122 3919 3329 3972 laudem
3356 3920 3507 3973 illius

1926 4007 2028 4060 uiri
2058 4020 2078 4058 :
2111 4014 2190 4069 ut,
2223 4005 2362 4070 quod
2396 4006 2643 4058 sacerdos
2696 4005 2882 4074 [uisset
2940 4005 3047 4058 Deo
3100 4006 3312 4072 dignus.
3371 4007 3508 4060 Huic

1930 4098 2046 4151 loco
2084 4096 2330 4148 additum
2358 4096 2621 4164 quosdam
2660 4110 2739 4159 se,
2765 4111 2889 4150 cum
2924 4095 3072 4165 digni
3136 4111 3243 4149 non
3294 4108 3501 4160 esseut,

248 4170 370 4231 ταῖς
419 4169 742 4241 ίπιθυμίαις
773 4175 956 4244 ἡμῶν,
1005 4177 1099 4230 καὶ
1152 4178 1475 4249 ἀπέστημεν
1528 4178 1623 4232 τοῦ
1659 4180 1823 4250 μόνου

1938 4190 1981 4240 iu
2006 4187 2301 4241 sacerdotii
2331 4188 2651 4256 dignitatem
2684 4188 3002 4257 ingessisse,
3048 4197 3103 4242 et
3165 4202 3323 4241 sacra
3354 4187 3501 4241 cele-

246 4258 547 4327 δυναμένου
575 4264 771 4328 σώζειν
798 4267 966 4336 ἡμᾶς.
993 4266 1104 4323 Καὶ
1124 4264 1273 4334 εἶτα,
1298 4271 1449 4339 μετὰ
1470 4272 1536 4324 τὸ
1557 4271 1826 4336 ἐξειπεῖν

1938 4280 2135 4333 brasse.
2174 4277 2275 4333 Ubi
2339 4280 2566 4332 addebat
2608 4295 2625 4332 :
2663 4277 2776 4333 Hoc
2801 4280 2964 4333 etiam
3025 4287 3222 4348 praeter
3269 4279 3375 4331 alia
3407 4280 3504 4331 ab-

246 4350 348 4404 καί
379 4352 538 4406 ἄλλα
567 4355 703 4423 περί
730 4356 836 4411 τοῦ
869 4360 1097 4427 πατρὸς
1128 4359 1311 4425 αὐτῷ,
1344 4360 1571 4431 ἐπάγει·

1938 4372 2118 4436 surda,
2154 4387 2279 4440 qua:
2305 4373 2475 4429 multa
2510 4387 2815 4442 magnaque
2847 4382 2976 4428 tunc
3009 4373 3354 4436 exstiterunt,
3389 4385 3498 4425 non

246 4452 428 4507 minus
451 4450 580 4515 illis,
641 4452 752 4505 imo
808 4453 982 4507 multo
1039 4456 1235 4523 magis,
1298 4454 1530 4511 ferream
1592 4460 1821 4530 virgam,
1856 4469 2109 4533 tanquam
2144 4460 2342 4536 fulgur,
2372 4468 2428 4521 in
2490 4482 2590 4524 nos
2623 4468 2853 4524 irritavit
2922 4478 2976 4523 et
3028 4468 3317 4524 vibravit:
3390 4474 3510 4522 sto-

242 4548 407 4604 lidam
461 4549 574 4602 Deo
597 4558 811 4615 gentem
878 4547 1017 4603 irate
1059 4552 1976 4629 iunosimmittente,ﬂagellisque
2008 4572 2225 4619 nostras
2299 4564 2619 4635 iniquitates
2682 4567 2957 4633 vlsitaute,
3024 4570 3170 4637 quod
3228 4567 3504 4635 cupidita-

246 4644 393 4698 tibus
424 4645 631 4700 nostris
679 4660 1085 4709 exarseramus,
1121 4646 1191 4700 ab
1256 4645 1460 4716 illoque
1522 4648 1617 4717 qui
1677 4650 1830 4704 solus
1891 4666 2220 4711 conservare
2284 4672 2385 4713 nos
2418 4668 2652 4729 poterat,
2709 4659 3110 4715 defeceramus.
3156 4659 3251 4713 His
3306 4661 3383 4715 ita
3433 4661 3505 4714 de

240 4746 393 4806 patre
418 4738 593 4806 dictis,
626 4748 675 4793 et
700 4740 819 4793 aliis
846 4738 1203 4808 superadditis
1235 4738 1395 4805 infert
1418 4755 1437 4793 :

309 4830 563 4884 Τοιούτου
594 4831 775 4885 rdvuv
815 4832 967 4892 ὄντος
999 4848 1093 4899 μοι
1125 4829 1219 4883 τοῦ
1246 4830 1450 4900 πατρός
1476 4846 1491 4862 ο
1518 4832 1567 4883 εί
1590 4832 1822 4901 σφαγεὶς

238 4914 431 4993 ᾧχὲτο,
498 4926 546 4976 εί
596 4923 805 4991 ἄταφος
865 4925 1143 4991 ἔρριπται,
1205 4925 1252 4975 εἰ
1304 4923 1379 4993 μὴ
1446 4924 1544 4993 τῆς
1608 4941 1820 4993 νενομι-

238 5017 445 5087 σμένης
478 5016 779 5085 τετύχηκεν
822 5017 997 5079 ὁσίας,
1032 5015 1080 5067 εί
1118 5016 1192 5084 μὴ
1223 5015 1290 5068 τά
1341 5016 1527 5069 είκότα
1554 5015 1818 5087 τεθρήνη-

238 5126 349 5174 ται,
382 5108 553 5163 ταῦτα
580 5108 645 5178 δὴ
668 5107 736 5162 τὰ
759 5107 867 5160 τῶν
898 5106 1236 5177 μικρολόγων
1280 5108 1376 5160 καὶ
1423 5107 1803 5178 μικροψύχων,

237 5206 285 5259 τί
343 5204 445 5274 τῆς
495 5205 645 5267 θείας
692 5204 911 5273 ἐκείνης
967 5202 1146 5273 ψυχῆς
1203 5203 1301 5256 καὶ
1354 5203 1810 5273 μεγαλοψυχίαςς

235 5292 444 5350 Οὔκουν
501 5295 610 5348 οὐδ’
638 5295 839 5365 ηκουσὲ
902 5294 1005 5361 μού
1042 5310 1146 5357 τις,
1199 5293 1311 5347 οὐδ’
1356 5294 1673 5359 ἀκούσεται,
1716 5295 1811 5348 τὸν

231 5386 469 5441 τοιοῦτον
520 5386 877 5456 όδυρομᾶνου,
921 5386 1031 5438 οὐδ’
1075 5388 1132 5438 ὲν
1184 5384 1345 5455 δεινῷ
1389 5384 1675 5455 τιθεμένου
1718 5386 1811 5439 τὸν

232 5480 428 5547 τρόπον
480 5479 581 5547 τῆς
632 5479 913 5548 τελευτῆς.
962 5478 1104 5532 Ἀλλ’
1164 5479 1371 5532 ἐκεῖνον
1395 5479 1493 5548 μὲν
1526 5480 1619 5532 ἐπὶ
1669 5482 1805 5533 πᾶσι

234 5569 469 5639 ἡγοῦμαί
502 5586 562 5623 τε
614 5573 710 5625 καὶ
763 5568 1018 5640 ὀνομάζω
1076 5571 1367 5640 μακάριον,
1420 5570 1514 5623 καὶ
1578 5572 1801 5641 μνήμης

232 5663 579 5735 μαρτυρικῆς
612 5662 767 5729 ἀξιῶ,
803 5662 976 5726 οὕτως
1021 5662 1162 5731 ὑπὲρ
1189 5660 1474 5724 εὐσεϐείας
1520 5662 1801 5716 ἀπολελοι-

1997 4835 2145 4891 Talis
2176 4837 2342 4907 igitur
2384 4852 2510 4892 cum
2582 4837 2713 4891 mihi
2779 4836 2942 4891 fuerit
2997 4846 3195 4907 pater:
3229 4836 3275 4892 si
3331 4835 3501 4891 etiam

1924 4927 2227 4983 trucidatus
2252 4927 2440 4997 periit.
2480 4929 2526 4981 si
2563 4928 2877 4982 inhumatus
2931 4929 3208 4998 projectus
3252 4927 3376 4991 fuit,
3450 4929 3503 4981 si

1915 5018 2081 5088 justis
2134 5018 2412 5088 exsequiis
2468 5018 2668 5083 caruit,
2707 5018 2755 5073 si
2788 5034 2897 5073 non
2968 5019 3036 5072 de
3067 5032 3218 5071 more
3268 5017 3499 5071 deﬂetus

1918 5120 2022 5176 cst,
2056 5111 2185 5179 quid
2218 5110 2353 5175 haec,
2390 5124 2513 5180 qua
2543 5110 2793 5164 homines
2817 5112 2869 5165 in
2905 5112 3085 5180 parvis
3117 5112 3282 5165 rebus
3327 5122 3497 5163 occu-

1913 5205 2049 5274 pati.
2091 5213 2147 5258 et
2180 5203 2379 5273 pusillo
2435 5204 2626 5257 animo
2682 5204 2916 5272 prmditi,
2976 5212 3232 5271 reputare
3294 5202 3495 5266 solent,

1914 5299 1981 5351 ad
2019 5298 2167 5351 illam
2230 5297 2402 5351 divini
2439 5297 2606 5352 animi
2660 5296 3005 5351 altitudinem
3035 5293 3312 5349 attinent?
3342 5296 3481 5359 Quo-

1912 5385 2058 5440 circa
2092 5400 2194 5439 nec
2222 5384 2409 5440 audita
2435 5394 2519 5441 est
2550 5401 2649 5439 vos
2679 5399 2795 5438 mea
2818 5384 2887 5438 ab
2922 5385 3055 5448 ullo,
3083 5398 3179 5437 nec
3212 5383 3489 5448 audietur,

1913 5477 2062 5531 hunc
2096 5478 2251 5531 talem
2284 5476 2619 5546 deplorantis
2656 5486 2709 5530 ct
2770 5476 3017 5529 dolenter
3073 5474 3263 5529 mortis
3315 5490 3492 5543 genus

1909 5567 2155 5623 ferentis.
2190 5568 2469 5634 Quiuimo,
2506 5569 2557 5621 in
2599 5568 2685 5622 his
2712 5567 2963 5621 omnibus
2988 5566 3139 5619 illum
3167 5578 3220 5619 et
3238 5566 3495 5620 existimo

1909 5671 1964 5716 et
1993 5662 2216 5721 nomino
2246 5662 2464 5719 beatqu
2500 5674 2513 5711 :
2551 5660 2777 5729 parique
2829 5674 2953 5713 cum
2992 5659 3325 5729 martyribus
3374 5673 3489 5729 mc-
