3956 6200
474 254 614 318 1063

1658 244 2028 305 MA'l‘TH/EI
2068 244 2533 305 CAMARIOTAL

3580 255 3739 317 100i

472 366 643 420 inuria
699 362 918 435 dignum
955 362 1165 431 judico,
1230 361 1319 427 qui
1357 359 1432 412 ita
1486 355 1698 411 fortiter
1724 371 1820 425 pro
1848 358 2051 426 pietate

2169 354 2293 407 πότα
2314 354 2375 406 τὸ
2400 355 2522 424 ζῇν.
2558 354 2821 424 Ἐμαυτον
2845 356 2899 409 δὲ
2944 356 3308 427 ἁποδύρομαι,
3343 367 3420 432 μὴ
3463 380 3712 418 κεκοινω

475 457 779 511 Christiana
811 456 975 509 vitam
1002 452 1324 522 profuderit.
1360 450 1434 505 De
1469 465 1555 504 me
1588 449 1772 519 potius
1801 449 2043 517 deploro,

479 547 570 614 qui
608 560 717 600 non
774 544 956 598 socius
987 543 1033 596 ei
1071 541 1264 595 mortis
1292 538 1485 593 fu‘erim
1524 553 1624 592 nec
1659 537 1861 607 dignus
1896 536 2050 590 habi-

476 648 564 692 tus
586 648 641 690 ut
696 652 819 689 cum
853 634 941 689 illo
973 634 1224 687 similiter
1276 648 1306 687 e
1339 632 1447 684 vita
1481 629 1687 684 abirem
1723 646 1738 683 :
1778 639 1837 681 ut
1866 643 1933 682 ne
1961 627 2050 682 hic

478 728 745 782 moriendi
780 727 974 780 modus
1009 726 1140 780 mihi
1170 725 1393 793 praemio
1421 723 1789 786 caruisset,ut
1815 721 1893 775 sic
1923 735 2053 773 onc-

479 836 540 873 re
563 835 929 873 :erumnarum
976 818 1241 872 liberatus
1289 831 1487 878 essem,
1542 822 1596 869 et
1643 813 2049 882 insequentium

479 910 731 963 dolorum
764 925 928 963 sensu
967 909 1209 978 privatus
1244 923 1382 977 quos
1407 914 1460 961 et
1488 907 1598 960 huc
1645 920 1817 974 usque
1855 918 2051 973 passus

482 1019 627 1064 sum,
662 1012 714 1057 et
748 1003 976 1071 posthac
1009 1000 1207 1054 talibus
1231 998 1572 1067 temporibus
1602 997 1794 1065 patiar.
1828 996 1961 1049 Nam
1987 1010 2053 1049 ne

482 1106 607 1160 spes
636 1092 851 1159 quidem
882 1091 987 1143 ulla
1022 1090 1263 1142 melioris
1297 1089 1558 1155 deinceps
1598 1087 1830 1140 furtunae
1867 1087 2053 1140 relicta

480 1192 586 1237 est.
611 1183 758 1236 Adeo
801 1183 997 1251 quippe
1032 1197 1118 1234 res
1146 1180 1458 1235 Christiana
1501 1187 1771 1249 prostrata
1824 1180 1968 1249 jacet
1999 1190 2057 1234 ut

483 1274 556 1327 illi
590 1275 680 1342 qui
714 1273 1147 1327 Christianorum
1213 1285 1407 1324 nomen
1449 1278 1667 1343 gerunt,
1725 1270 1887 1339 hujus
1944 1272 2051 1323 vim

482 1381 711 1435 prorsus
770 1364 1179 1434 abnegaverint,
1212 1362 1340 1416 dum
1371 1376 1433 1415 ea
1473 1361 1657 1415 cuncti
1710 1361 1910 1414 audent
1935 1375 2056 1428 quae

480 1457 651 1510 Deum
678 1456 742 1509 ad
780 1454 1209 1523 indignationem
1235 1446 1567 1521 provocant:
1603 1460 1683 1516 ut,
1704 1452 1860 1518 cujus
1894 1452 2055 1505 bene-

482 1548 602 1602 ticia
638 1558 691 1601 et
736 1546 1090 1614 multiplicem
1151 1544 1379 1599 sanandi
1420 1543 1718 1597 bonitatem
1754 1558 1862 1596 non
1887 1558 2056 1612 agno-

481 1647 703 1698 verunt,
729 1637 848 1707 ejus
875 1638 1008 1690 iram
1030 1636 1208 1705 justas
1234 1650 1426 1704 poenas
1454 1635 1521 1688 de
1580 1634 1836 1701 peccatis,
1871 1649 1897 1685 a
1927 1636 2051 1703 qui-

2151 443 2358 513 νηκότα
2399 444 2500 514 τῆς
2554 446 2813 514 τελευτῆς
2871 446 2946 516 τῷ
2984 450 3170 519 πατρὶ,
3207 452 3343 519 μηδὲ
3402 454 3555 519 ἄξιον
3612 474 3749 525 κρι-

2153 532 2339 597 θέντα,
2381 536 2787 604 παραπλησίως
2822 539 3015 605 ἐκείνῳ
3045 540 3137 592 τοῦ
3184 540 3283 611 ζῇν
3311 542 3416 607 ἔξω
3448 548 3745 614 γενέσθαι,

2153 624 2238 676 ἴνα
2268 625 2332 693 δὴ
2369 625 2443 696 μὴ
2498 626 2729 695 ἄμισθος
2761 631 2788 681 ὁ
2840 631 3037 697 τρόπος
3071 650 3161 701 μοι
3204 637 3301 704 τῆς
3355 637 3619 709 τελευτῆς
3649 635 3744 711 ἦν,

2152 714 2245 767 τοῦ
2273 732 2333 767 τε
2362 718 2586 784 φορτίου
2624 720 2733 769 τῶν
2770 721 2959 773 παθῶν
2996 723 3460 793 ὑποτεμνόμενος,
3496 730 3595 782 καὶ
3629 733 3747 783 τῶν

2153 806 2419 873 ἀλγεινῶν
2471 809 2580 860 τῶν
2630 809 2768 877 μετὰ
2833 813 3005 866 ταῦτα
3058 816 3567 889 ἀπαλλαττόμενος,
3604 824 3646 876 ἆ
3682 842 3742 876 τε

2155 896 2396 968 ὑπέστην
2425 901 2481 961 ὲς
2512 900 2693 970 δεῦρο,
2724 903 2818 954 καὶ
2869 904 3012 976 ἅπερ
3046 907 3103 959 ἐν
3136 910 3363 976 τοιούτῳ
3396 913 3579 986 καιρῷ
3613 916 3751 974 ὑετο-

2158 990 2451 1057 στήσομαι.
2484 990 2562 1045 Οὑ
2627 994 2733 1063 γὰρ
2770 994 2880 1048 οὐδ’
2907 996 3062 1061 ἐλπὶς
3114 1002 3247 1070 ἡμῖν
3287 1003 3473 1059 λοιπὸν
3520 1010 3747 1075 οὐδενος

2163 1079 2451 1143 τεύξεσθαι
2479 1088 2867 1156 χρηστοτέρου.
2898 1089 3053 1143 Οὕτω
3095 1093 3163 1145 τὰ
3208 1094 3560 1163 Χριστιανῶν
3598 1104 3748 1170 ἄγαν

2156 1174 2321 1237 νοσεῖ,
2352 1173 2435 1224 ὅτι
2480 1175 2541 1226 τὸ
2579 1174 2932 1245 Χριστιανῶν
2978 1181 3145 1250 ὄνομα
3190 1188 3595 1257 περικείμενοι,
3648 1194 3749 1260 τὴν

2157 1261 2250 1313 τοῦ
2281 1262 2539 1332 ὀνόματος
2576 1270 2925 1323 παντάπασιν
2963 1273 3228 1343 ήρνηνται
3262 1278 3513 1345 δύναμιν,
3540 1286 3738 1337 ἐκεῖνα

2159 1353 2364 1414 πάντες
2389 1356 2699 1425 τολμῶντες
2737 1361 2773 1414 ἃ
2815 1362 2909 1432 τὴν
2950 1364 3042 1418 τοῦ
3080 1366 3216 1419 Θεοῦ
3252 1373 3393 1422 κινεῖ
3418 1373 3748 1444 ἀγανάκτη-

2161 1460 2267 1507 σιν,
2299 1445 2406 1511 ἵνα,
2433 1446 2491 1499 ὃν
2531 1450 2948 1520 εὐεργετοῦντα,
2986 1456 3080 1508 καὶ
3112 1460 3373 1522 ποικίλως
3402 1462 3747 1531 θεραπεῦον-

2158 1552 2247 1599 τα,
2299 1537 2396 1589 οῦκ
2429 1539 2775 1608 ἐπέγνωσαν,
2814 1544 3003 1600 τοῦτον
3064 1548 3219 1612 δίκας
3270 1542 3748 1624 εἰσπραττόμενον

2161 1628 2453 1697 ὲπιγνοῖεν,
2499 1627 2573 1686 ὢν
2631 1634 3068 1707 ἀμεταμελήτως
3120 1640 3583 1710 πλημμελοῦντες
3646 1648 3748 1700 οὶκ

484 1730 589 1785 bus
624 1729 998 1798 paenitentiam
1048 1727 1256 1795 agendo
1313 1742 1370 1780 se
1436 1734 1683 1779 avertere
1740 1725 2057 1791 noluerunt,

2169 1721 2594 1792 ἐπεστρέφοντο·
2628 1727 2739 1779 οὐδ’
2771 1730 2828 1779 ὲν
2852 1728 2929 1798 τῷ
2992 1732 3279 1799 μαστίζειν
3312 1718 3627 1803 ’πατρικῶς
3653 1739 3747 1789 τοῦ

484 1821 773 1889 exigentis,
808 1828 1135 1888 cognoscant
1163 1833 1178 1871 :
1214 1817 1306 1887 qui
1340 1826 1518 1870 tamen
1556 1831 1622 1869 ne
1653 1816 1794 1869 inter
1825 1818 2061 1885 punien-

486 1912 612 1965 dum
636 1910 875 1979 quidem,
909 1918 1195 1978 paternum
1245 1910 1489 1985 animum
1531 1922 1558 1960 a
1600 1918 1784 1962 nostra
1820 1908 2056 1965 utilitate

485 2003 683 2056 avertit
719 2020 732 2056 :
768 2017 891 2065 quae
919 2009 1065 2056 certe
1095 2001 1148 2055 in
1186 2001 1501 2053 universum
1570 2001 1708 2054 ratio
1763 2011 1847 2055 est
1876 2002 2058 2056 omnis

486 2094 675 2161 virgae,
709 2109 871 2161 quam
903 2093 1046 2147 Deus
1080 2092 1357 2147 concutit:
1384 2092 1509 2145 dum
1543 2101 1637 2145 aut
1680 2092 1809 2146 vitia
1864 2107 2060 2161 ampu-

486 2192 584 2246 tat,
616 2193 710 2237 aut
742 2193 1056 2251 peccatores
1082 2182 1385 2251 corrigitet
1438 2181 1670 2236 reducit.
1716 2181 2056 2248 Quamquam

487 2290 554 2329 ne
582 2275 828 2344 ﬂagellati
859 2276 1075 2344 quidem
1111 2274 1356 2343 plerique
1388 2274 1457 2327 ad
1496 2273 1779 2328 meliorem
1817 2282 2055 2328 mentem

486 2366 664 2421 redire
702 2367 910 2429 volunt,
939 2366 1098 2435 plane
1122 2365 1263 2420 vitiis
1311 2380 1370 2419 se
1424 2365 1705 2428 dedentes,
1733 2366 1805 2418 ita
1839 2374 1898 2419 ut
1951 2366 2060 2420 sint

486 2458 835 2512 incurabiles.
867 2458 1006 2523 Quid
1038 2472 1169 2527 ergo
1220 2458 1413 2510 mirum
1448 2457 1545 2521 sit,
1581 2457 1778 2511 talibus
1816 2458 2059 2525 quotidie

485 2549 761 2616 tantisque
781 2547 971 2615 subjici
1010 2547 1208 2600 malis?
1235 2547 1306 2599 De
1328 2561 1412 2599 me
1434 2546 1615 2615 itaque
1632 2546 1827 2600 merito
1854 2549 2057 2600 lamen-

489 2646 573 2689 tor
596 2636 667 2689 ob
718 2636 853 2694 haec.
912 2644 1115 2702 patrem
1156 2648 1285 2688 vero
1320 2634 1374 2687 in
1406 2648 1693 2687 numerum
1746 2646 1936 2686 eorum
1968 2635 2059 2702 qui

486 2726 747 2795 urar-tyrio
784 2725 1121 2793 reliquerunt
1151 2726 1339 2786 vitam,
1374 2725 1572 2788 refero,
1610 2738 1717 2777 non
1753 2725 1913 2777 modo
1938 2739 2062 2793 pro-

486 2820 606 2878 pter
637 2826 809 2879 genus
840 2811 1052 2873 mortis,
1082 2810 1175 2864 sed
1203 2811 1366 2863 etiam
1399 2818 1612 2879 propter
1630 2812 1752 2864 vita:
1806 2812 2066 2865 innocen-

488 2902 619 2955 tiam
652 2910 704 2955 et
731 2902 944 2971 longam
975 2899 1169 2953 animae
1198 2899 1643 2967 prmparatimiem
1666 2900 1732 2951 ad
1753 2899 1923 2953 illam.
1950 2898 2062 2954 Hac

489 3008 622 3062 ergo
649 2992 982 3061 cogitatione
1022 2990 1338 3044 memoriam
1409 2989 1530 3059 ejus
1569 3005 1776 3058 usurpo
1808 2991 2061 3059 diemque

2168 1810 2477 1876 λυσιτελοῦς
2512 1815 2885 1887 ἀφιστάμενον
2910 1835 2925 1851 ’
2959 1820 3017 1883 ὂς
3060 1820 3123 1891 δὴ
3158 1824 3387 1876 καθόλου
3424 1826 3613 1893 λόγος,
3649 1831 3749 1880 παι

2174 1919 2273 1971 σης
2301 1904 2565 1973 μάστινς
2604 1910 2953 1979 κινουμένης,
3007 1906 3274 1983 θεόθεν,ῆ
3331 1918 3745 1988 περιαιροῦσης

2170 1992 2270 2062 τὴν
2297 1996 2516 2059 κακίαν,
2543 1995 2576 2064 ἢ
2615 1998 2743 2060 τοὺς
2758 2000 3210 2070 πλημμελοῦντας
3236 2007 3653 2077 ὲπανορθούσης
3690 2028 3743 2062 τε

2170 2084 2265 2136 καὶ
2333 2086 2747 2157 ἀνακτωμένης.
2812 2089 3007 2143 Καίτοι
3072 2092 3192 2145 οὐδὲ
3248 2098 3647 2165 μαστιζὸμενοι
3698 2102 3745 2154 οἱ

2172 2174 2438 2239 πλείονες,
2482 2177 2580 2246 οὑχ
2639 2179 2926 2248 αἱροῦνται
2974 2185 3400 2256 σωφρονέστεροι
3459 2191 3740 2258 γενέσθαι,

2169 2266 2422 2333 καθάπαξ
2464 2267 2657 2321 ἑαυτοῦ
2688 2269 2766 2339 τῷ
2796 2271 2888 2324 τοῦ
2942 2272 3149 2338 πάθους
3181 2277 3386 2347 ἀνιάτῳ
3435 2280 3742 2335 ἐκδεδωκόο

2168 2372 2280 2417 τες.
2309 2360 2401 2411 Διὸ
2437 2361 2530 2412 καὶ¹
2560 2360 2669 2412 τῶν
2701 2364 2958 2416 τοιούτων
2994 2365 3144 2418 ἔστιν
3173 2371 3469 2439 ὁσημέραι,
3519 2376 3626 2427 καὶ
3665 2392 3744 2427 το-

2173 2448 2384 2501 σούτων
2417 2451 2717 2521 πειρᾶσθαι
2768 2452 2979 2508 δεινῶν.
3024 2456 3289 2526 Ἐμαυτὸν
3350 2461 3448 2527 μὲν
3479 2461 3578 2515 οὖν
3608 2465 3749 2517 εἰκό-

2169 2557 2275 2604 τως
2306 2542 2678 2613 ἀποκλαίομαι
2711 2546 2803 2597 ἐπὶ
2844 2547 3053 2609 τούτοις
3078 2563 3091 2577 ·
3131 2549 3220 2600 τὸν
3273 2550 3329 2602 δὲ
3392 2553 3612 2624 πατέρα
3640 2558 3750 2618 τοῖς

2174 2631 2530 2700 μαρτυρικῶς
2564 2633 2950 2688 ἁπολελοιπόαι
3003 2636 3094 2689 τὸν
3126 2636 3237 2706 βίον
3273 2641 3515 2695 ὲντάττω
3561 2644 3629 2695 οὗ
3674 2645 3750 2712 τῷ

2170 2721 2357 2791 τρόπῳ
2395 2723 2553 2790 μόνον
2595 2724 2694 2793 τῆς
2741 2725 3019 2796 τελευτῆς,
3068 2728 3207 2782 ἀλλὰ
3244 2732 3339 2782 κα)⁴
3386 2735 3455 2802 τῇ
3508 2735 3751 2801 καθαρό-

2168 2827 2291 2881 τητι
2322 2813 2418 2865 τοῦ
2452 2813 2591 2881 βίου,
2621 2816 2715 2868 καὶ
2765 2819 2830 2887 τῇ
2884 2818 3019 2886 πρὸς
3045 2819 3216 2889 αὐτὴν
3260 2822 3322 2873 ἐκ
3378 2823 3602 2892 μακροῦ
3645 2842 3751 2877 πα-

2174 2907 2414 2974 ρασκευῇ
2450 2906 2550 2973 τῆς
2576 2904 2774 2975 ψυχῆς.
2804 2909 2914 2962 Καὶ
2947 2908 3121 2972 οὕτως
3159 2911 3322 2963 αὑτοῦ
3354 2914 3585 2983 μνήμην
3634 2934 3753 2969 ποι-

2170 2997 2362 3067 οῦμαι,
2417 2999 2512 3051 καὶ
2576 2998 2675 3068 τὴν
2736 3003 2949 3071 ἡμέραν
2997 3004 3162 3073 τιμῶ,
3216 3005 3340 3075 ἥτις
3383 3010 3600 3061 ἐκεῖνον
3644 3005 3753 3065 εἶδε

490 3084 644 3136 illum
678 3085 888 3137 honoro
915 3082 1006 3151 qui
1036 3082 1214 3151 gladio
1251 3093 1590 3151 peremptum
1662 3082 1836 3136 vidit:
1866 3082 2060 3151 gladio,

2175 3090 2450 3159 μαχαίρας
2517 3091 2678 3160 ἔργον
2717 3094 3083 3162 γεγενημένον
3126 3097 3419 3165 μαχαίρας,
3473 3102 3507 3170 ἡ
3560 3101 3755 3155 δεινῶν

488 3177 577 3244 qui
604 3176 958 3230 intolerandis
987 3190 1111 3229 eum
1145 3174 1305 3228 malis
1338 3175 1609 3240 liberavit,
1635 3174 1729 3242 qui
1766 3175 1818 3228 in
1850 3184 2068 3231 sanctos

490 3274 755 3335 martyres
786 3265 968 3319 retulit
988 3264 1194 3333 qui,'ut
1225 3265 1443 3318 credere
1468 3279 1563 3333 par
1589 3270 1694 3326 est,
1748 3265 1796 3318 ei
1835 3274 1886 3319 et
1914 3280 2069 3320 coro-

489 3368 615 3408 nam
668 3364 926 3408 aeternam
954 3356 1231 3423 imposuit,
1264 3363 1315 3408 et
1360 3355 1696 3409 sacerdotem
1758 3355 2063 3410 victimam-

488 3459 596 3513 que
639 3459 783 3498 vero
814 3446 1085 3512 unicoque
1127 3444 1386 3498 Pontilici
1414 3445 1633 3499 Christo
1660 3443 1768 3499 Deo
1791 3446 2013 3500 adduxit
2052 3463 2067 3499 :

488 3550 650 3605 quem
681 3535 1025 3590 desiderabat
1063 3543 1118 3589 et
1185 3538 1447 3604 spirabat,
1507 3536 1595 3588 cui
1666 3537 1904 3601 vivebat,
1972 3553 2070 3607 pro

488 3642 600 3695 quo
624 3629 758 3682 obiit
783 3644 797 3694 ;
825 3628 890 3682 ad
922 3643 1081 3697 quem
1118 3636 1375 3694 tanquam
1409 3641 1440 3680 e
1467 3626 1769 3680 diversorio
1795 3628 2068 3696 discessit,

488 3734 753 3785 cumquo
781 3727 1085 3772 versatur:
1151 3717 1289 3770 idem
1356 3724 1514 3783 antea
1584 3718 1862 3783 sacerdos,
1922 3720 2063 3774 idem

488 3821 763 3879 postremo
788 3826 931 3863 nunc
969 3809 1211 3863 victima.

559 3900 637 3955 Illi
669 3917 821 3967 Sane,
850 3902 939 3955 tali
970 3901 1109 3965 viro,
1147 3902 1283 3957 bene
1334 3902 1645 3957 consultum
1695 3914 1798 3969 est,
1851 3907 1942 3976 qni
1993 3909 2059 3963 ad

488 3993 733 4046 crelestia
764 3993 901 4045 bona
935 3992 1214 4046 transierit
1245 4009 1258 4045 :
1291 3993 1449 4047 nobis
1479 4008 1629 4058 vero,
1662 3996 1753 4063 qui
1780 3997 1832 4049 in
1865 3997 2066 4052 miser-

490 4084 629 4136 rima
652 4083 915 4137 servitute
950 4083 1123 4138 relicti
1152 4100 1364 4151 sumus,
1427 4085 1610 4139 omnia
1664 4102 1723 4141 se
1776 4102 1966 4142 omnes
2016 4091 2069 4144 in

490 4187 671 4248 partes
692 4176 832 4231 male
861 4177 1081 4231 habent.
1110 4176 1172 4230 Et
1200 4178 1418 4246 quidem
1447 4179 1537 4232 illa
1562 4194 1681 4248 qua:
1701 4184 2066 4236 communiter

486 4282 676 4321 omnes
704 4278 756 4321 et
789 4268 985 4335 singuli
1018 4269 1161 4337 passi
1190 4283 1403 4333 sumus,
1434 4269 1488 4322 in
1520 4270 1804 4335 praesentia
1836 4288 2071 4329 comme-

2172 3179 2463 3249 ἀφορήτων
2492 3182 2893 3254 ἁπήλλαξεν,ἣ
2942 3188 3054 3244 τοῖς
3104 3189 3345 3256 μάρτυσι
3405 3196 3757 3263 συνηριθμη.

2174 3286 2285 3335 σεν,
2306 3271 2474 3341 ἥπερ,
2510 3273 2584 3335 ὡς
2609 3274 2773 3342 εἰκὸς,
2809 3277 3170 3349 περιέστεψεν
3193 3282 3447 3348 αίωνῐως,
3471 3287 3569 3338 καὶ
3599 3288 3752 3356 ἱερέα

2172 3363 2263 3413 καὶ
2288 3362 2484 3432 ἱερεῖον
2506 3364 2585 3433 τῷ
2605 3365 2843 3435 ἀληθινῷ
2876 3368 2971 3422 καὶ
3001 3368 3146 3439 μόνῳ
3167 3370 3411 3441 ἀρχιερεῖ
3429 3373 3663 3444 Χριστῷ
3682 3377 3755 3445 τῷ

2170 3452 2290 3521 Θεῷ
2342 3456 2724 3524 παρέστησεν·
2755 3456 2814 3509 ὃν
2850 3459 3038 3513 ἐπόθει
3094 3462 3190 3513 καὶ
3220 3462 3393 3527 ἔπνει,
3426 3457 3585 3534 ᾧπερ
3634 3467 3752 3534 ἔζη,

2172 3543 2343 3613 οὗπερ
2409 3546 2702 3612 τέ’)νηκενο
2765 3549 2902 3618 πρὸς
2953 3550 3013 3600 ὃν
3056 3551 3334 3617 ἀνέλυσεν,
3399 3548 3442 3621 ᾧ
3486 3556 3749 3611 σύνεστι·

2173 3633 2340 3703 θύτης
2383 3638 2672 3706 πρότερον,
2703 3640 2794 3691 καὶ
2844 3640 2993 3710 θῦμὰ
3024 3658 3082 3694 τε
3125 3643 3460 3712 τελευταῖον,
3499 3650 3526 3701 ὁ
3581 3651 3751 3713 αὐτὸς

2170 3725 2426 3794 γεγονώς.

2250 3906 2411 3961 Ἀλλὰ
2445 3909 2523 3979 τῷ
2554 3909 2653 3979 μὲν
2677 3912 2905 3982 τοιούτῳ
2935 3913 3077 3966 πάνυ
3128 3916 3313 3981 καλῶς
3347 3921 3378 3989 ἠ
3416 3922 3751 3992 μεταφοίτη-

2174 4013 2255 4060 σις
2290 4000 2369 4060 είς
2409 3999 2476 4051 τὰ
2509 4002 2688 4052 ἐκεῖσε
2725 4003 2907 4069 ἀγαθά
2930 4019 2945 4036 ³
2977 4006 3110 4074 ἡμῖν
3154 4007 3233 4073 δὲ,
3269 4009 3384 4061 ὅσοι
3420 4012 3750 4081 περίεσμεν,

2170 4087 2249 4139 ἔτι
2281 4088 2379 4158 τὴν
2439 4092 2643 4159 πικρὰν
2698 4095 2957 4163 φέροντες
3013 4097 3281 4163 δουλείαν,
3335 4100 3512 4154 πάντα
3573 4105 3754 4175 πάντη

2170 4180 2446 4250 δυστυχῶς
2474 4182 2606 4252 ἔχει.
2643 4183 2744 4237 Καὶ
2775 4186 2843 4237 τὰ
2869 4187 2968 4255 μὲν
2998 4190 3152 4242 κοινὰ
3180 4194 3369 4257 πᾶσιν,
3398 4195 3497 4246 ὅσα
3517 4195 3753 4258 ἕκαστος

2173 4271 2394 4334 ἔπαθεν,
2443 4274 2501 4325 ἐν
2546 4274 2624 4344 τῷ
2660 4276 2888 4345 παρόντι
2920 4278 3227 4347 ὀδύρεσθαι,
3264 4285 3354 4336 καὶ
3404 4286 3756 4357 ὲπεκδιηγεῖ-

491 4358 755 4410 morando
788 4359 1068 4426 deplorare
1096 4373 1562 4427 supervacaneum
1591 4369 1693 4413 est.
1728 4361 1784 4418 Si
1813 4377 1942 4417 vero
1995 4365 2059 4417 ad

2176 4362 2301 4415 σθαι
2337 4365 2613 4432 περιττόνο
2662 4369 2710 4418 εἰ
2755 4368 2813 4419 δὲ
2857 4369 2926 4421 τὰ
2970 4370 3142 4423 οἰκεῖα
3183 4375 3481 4443 ποιήσομαι
3530 4378 3753 4459 θρῆνον,

489 4450 711 4515 prOpria
739 4456 793 4501 et
821 4449 1116 4502 domestica
1152 4458 1471 4503 convertam
1509 4451 1736 4517 luctum,
1774 4454 1886 4508 hare
1932 4470 2068 4523 quo-

490 4551 597 4604 que
625 4540 932 4590 communis
963 4540 1207 4591 oumium
1229 4539 1450 4607 querela
1476 4543 1739 4611 est,quod
1769 4558 2067 4598 acommu-

491 4627 653 4681 nione
676 4628 837 4694 hujus
867 4629 1044 4682 luctus
1105 4632 1355 4683 exclusus
1381 4630 1450 4685 sit
1471 4646 1647 4686 nemo.
1674 4633 1882 4688 Cuncta
1912 4637 2067 4692 nobis

492 4718 743 4786 prasidia
776 4728 828 4772 ct
858 4731 1179 4774 ornamenta
1227 4721 1389 4775 simul
1460 4739 1569 4778 uno
1623 4724 1826 4795 impetu
1884 4738 2068 4796 erepta

493 4818 640 4862 sunt.
669 4807 847 4864 Patria
871 4808 1025 4879 eapta
1048 4821 1152 4875 est,
1187 4812 1343 4882 cujus
1373 4815 1503 4869 urbs
1533 4816 1587 4869 in
1626 4820 1818 4880 terris.
1870 4819 2069 4874 similis

493 4899 665 4965 nulla,
700 4900 792 4955 sed
823 4902 1092 4969 ejusmodi
1120 4919 1240 4973 quae
1274 4920 1377 4958 non
1409 4906 1646 4960 humana
1677 4909 1914 4977 potuerit
1975 4926 2070 4965 ex-

492 4991 625 5045 strui
668 5005 852 5044 manu.
882 4991 1101 5055 Eadem,
1134 4995 1511 5061 magnitudine
1555 5005 1610 5050 et
1662 4997 2065 5065 pulchritudine

498 5082 847 5149 praestabilis,
898 5081 1008 5135 situ
1068 5093 1119 5137 ct
1169 5096 1452 5140 venustate
1509 5089 1856 5157 splendens:
1897 5108 2062 5162 quant

492 5174 762 5228 atIirmare
787 5179 1030 5231 omnium
1057 5178 1266 5246 uspiam
1324 5180 1539 5235 urbium
1594 5182 1885 5237 mammam
1947 5187 2065 5254 pul-

493 5265 935 5337 cherrimamque
960 5271 1157 5333 ausim,
1178 5286 1342 5339 quam
1376 5288 1535 5329 uuam
1563 5288 1752 5330 omnes
1774 5278 2067 5346 sperabant

492 5368 545 5410 et
570 5358 885 5424 credebant,
925 5362 977 5415 in
1007 5372 1324 5431 perpetuum
1351 5369 1419 5417 ab
1454 5367 1706 5422 omnibus
1746 5384 2061 5425 mansuram

494 5449 985 5519 inexpugnabilem,
1062 5456 1149 5508 cui
1205 5458 1502 5511 secundum
1570 5458 1759 5524 Deum,
1828 5463 2067 5518 universi

492 5539 720 5591 salutem
755 5544 1048 5597 credebant
1079 5558 1231 5598 suam
1275 5560 1288 5594 :
1316 5562 1437 5616 qua:
1468 5547 1513 5602 si
1538 5548 1727 5603 oculus
1757 5552 2065 5619 appelletur

495 5628 644 5684 orbis
677 5640 848 5699 terrae,
880 5643 970 5688 aut
1016 5650 1130 5701 cor,
1164 5652 1192 5692 a
1220 5653 1347 5693 vero
1378 5654 1482 5695 non
1515 5641 1818 5710 aberretur,
1848 5646 1911 5697 de
1950 5660 2055 5713 qua

2171 4454 2326 4505 κοινὰ
2376 4455 2471 4506 καὶ
2518 4455 2690 4510 ταῦτα
2724 4460 2891 4511 πᾶσιν
2930 4455 3073 4513 εἶναι
3120 4463 3443 4533 συμϐαίνει·
3472 4468 3553 4522 ὅτι
3601 4470 3673 4533 δὴ
3700 4454 3758 4523 τέ

2170 4544 2302 4597 αὐτὸ
2335 4548 2487 4615 κοινῇ
2520 4548 2721 4609 πάντες
2762 4550 3114 4619 πεπόνθαμεν
3150 4556 3365 4616 πένθος.
3403 4558 3586 4611 Πάντα
3620 4564 3753 4630 ἡμῖν

2170 4636 2366 4704 ἁθρόον
2429 4638 2602 4708 ᾡχετο
2630 4643 2698 4694 τὰ
2730 4642 2887 4697 καλά.
2934 4643 2999 4696 Ἦ
3029 4648 3230 4715 πατρὶς
3279 4649 3443 4711 ἑάλω,
3483 4652 3639 4713 πόλι;
3695 4637 3758 4706 οὐ.

2171 4730 2313 4781 κατὰ
2344 4731 2440 4792 τὰς
2474 4734 2532 4785 ὲν
2562 4737 2632 4803 γῇ
2663 4735 2846 4797 πόλεις
2877 4738 3117 4805 ἁπάσας,
3157 4740 3293 4794 ἀλλὰ
3323 4743 3511 4811 σχεδὸν
3541 4746 3753 4816 ἀνθρω-

2172 4819 2333 4889 πίνης
2362 4822 2630 4890 κρείττων
2656 4826 2855 4895 χειρός.
2895 4826 2960 4881 Ἢ
2989 4829 3149 4899 αὕτη,
3178 4834 3386 4904 μεγάλη
3405 4852 3462 4887 τε
3486 4838 3581 4889 καὶ
3604 4839 3749 4905 καλὴ

2174 4907 2320 4962 θέσει
2353 4912 2448 4963 καὶ
2479 4915 2666 4981 χάρισι
2692 4915 3100 4986 διαλάμπουσα,
3129 4922 3223 4974 καὶ
3246 4925 3422 4975 εἰπεῖν
3454 4924 3563 4976 τῶν
3598 4927 3657 4976 ὲν
3685 4931 3750 4995 τῇ

2172 5002 2365 5055 πασῶν
2396 5006 2627 5074 μεγίστη
2662 5024 2721 5058 τε
2755 5011 2849 5059 καὶ
2893 5013 3155 5081 καλλίστη
3178 5033 3193 5045 ·
3245 5015 3311 5085 ἢν
3345 5018 3515 5085 μόνην
3550 5017 3749 5077 πάντες

2171 5091 2239 5144 δι’
2272 5093 2467 5156 αἰῶνος
2523 5096 2750 5166 ἠλπιζόν
2804 5117 2863 5152 τε
2896 5104 2989 5153 καὶ
3039 5105 3328 5158 ἐπίστευον
3362 5107 3635 5161 ἀνάλωτον
3690 5111 3753 5159 ἐκ

2172 5188 2389 5238 πάντων
2420 5189 2856 5258 διαγενήσεσθαι·
2947 5196 3086 5262 μετὰ
3115 5196 3249 5250 Θεὸν
3274 5200 3371 5267 τὴν
3403 5200 3619 5253 ἑαυτῶν
3646 5217 3749 5251 σω-

2178 5281 2373 5349 τηρίαν
2405 5282 2688 5335 ἐπίστευον
2722 5284 2985 5348 ἅπαντες.
3011 5287 3077 5356 ἢν
3103 5287 3378 5358 ὀφθαλμόν
3408 5307 3493 5352 τις
3525 5307 3750 5360 προσει-

2175 5370 2297 5423 πὼν
2323 5372 2419 5441 τῆς
2451 5374 2548 5442 γῆς
2569 5411 2583 5437 ,
2614 5374 2646 5443 ἦ
2693 5376 2920 5445 καρδίαν
2954 5379 3046 5429 τοῦ
3079 5382 3449 5451 προσήκοντος
3475 5383 3576 5433 οὐκ
3617 5384 3754 5433 ἁπε-

2171 5462 2520 5531 νεχθήσεται·
2554 5466 2637 5532 ἐφ’
2669 5461 2701 5541 ᾖ
2743 5469 2879 5520 πᾶσι
2914 5471 3056 5537 μέγα
3088 5474 3309 5540 φρονεῖν
3339 5468 3404 5540 ἦν
3427 5488 3441 5502 ·
3471 5474 3565 5524 καὶ
3603 5468 3669 5545 ἦς
3692 5475 3748 5523 τὸ

2176 5554 2444 5624 κληθῆναι
2480 5557 2706 5627 πολίτην
2754 5560 2851 5628 οὐχ
2900 5562 2932 5629 ἡ
2968 5561 3206 5630 τυχοῦσα
3250 5563 3505 5624 ὑπόθεσις
3542 5567 3621 5624 εἰς
3660 5564 3749 5616 λό-

2172 5661 2267 5714 γον
2313 5648 2630 5720 φιλοτιμίας
2657 5666 2670 5681 ·
2709 5653 2741 5721 ἡ
2785 5653 3008 5722 τοιαύτη
3061 5652 3239 5707 τοίνυν
3280 5656 3409 5724 ἡμῖν
3434 5655 3606 5721 Ἑάλω,
3653 5655 3747 5707 καὶ
