3956 6200
324 276 462 341 ῙΟ65

1346 266 1844 331 LAMENTATIO
1869 266 1968 327 DE
1997 266 2217 327 CPOLI
2257 265 2522 326 CAPTA.

3448 265 3579 332 1066

319 388 649 460 τηλικαύτη,
678 386 897 459 πατρίς’
937 386 969 456 ἡ
1014 384 1304 454 Ῥωμαίων
1337 382 1581 437 ἐκποδὼν
1633 384 1900 453 βασιλεία·

2020 381 2212 435 nemini
2248 396 2353 435 non
2369 379 2588 449 gloriari
2621 378 2907 444 licebat,in
2942 392 3049 449 qua
3081 378 3255 434 civem
3285 379 3584 448 ascriptum

322 479 588 551 βασιλεία,
621 478 682 533 τὸ
713 478 909 548 σεμνὶν
938 478 1032 530 καὶ
1072 478 1306 548 πρᾶγμα
1341 478 1434 539 καὶ
1479 476 1670 546 ὄνομα.
1703 476 1777 529 Τὸ
1801 477 1899 545 τῆς

333 570 667 641 Ἐκκλησίας
722 569 906 623 ἕνθεόν
962 586 1022 622 τε
1083 569 1180 622 καὶ⁵
1236 568 1443 639 ὑψηλὸν
1495 567 1899 638 καταϐέϐληται

323 665 531 732 σχῆμαο
567 664 595 715 ὀ
642 661 749 714 ἀπὸ
780 660 884 730 γῆς
921 659 1089 729 ὒμνος
1131 659 1249 727 Θεῷ
1298 660 1781 729 ἀναπεμπόμενος,
1832 660 1900 730 τῇ

324 752 594 821 ἁγγελικῇ
634 748 1162 822 προσαμιλλώμενος
1204 751 1449 819 πολιτείᾳ
1497 749 1591 801 καὶ
1641 749 1898 819 μελῳδίᾳ,

324 841 722 912 κατεσιγάσθη.
768 842 832 895 Οἱ
887 842 1005 894 ναοὶ
1049 841 1095 894 οξ
1147 840 1281 894 θεῖοι
1313 839 1797 910 κατεστράφησαν,
1834 838 1903 893 τὰ

328 934 692 1005 θυσιαστήρια
727 934 1119 1005 βεϐεϐἠλωται,
1144 932 1499 1003 κατεπατήθη
1547 932 1617 985 τὰ
1651 932 1794 1013 ἱερά.
1839 932 1902 986 Ἠ

326 1026 489 1080 πολιὰ
522 1027 1030 1097 καταπεφρόνηται,
1076 1027 1108 1098 η
1156 1025 1346 1095 νεότης
1384 1024 1733 1094 διέφθαρται.
1782 1023 1904 1078 Τῶν

324 1120 386 1171 ὲν
413 1116 601 1189 ἡλικίᾳ
632 1119 693 1172 τὸ
725 1119 885 1172 πλέον
918 1118 1194 1189 μαχαίρας
1247 1116 1372 1189 (φεῦ
1397 1116 1436 1188 ί)
1471 1116 1633 1187 ἔργου
1676 1116 1906 1185 γεγόνα-

327 1228 434 1265 σιν*
470 1212 520 1263 οἱ
548 1211 603 1262 δὲ
634 1210 849 1281 δουλείᾳ
878 1208 1338 1280 διακαρτεροῦσιν
1369 1210 1592 1279 αἰσχρᾷ.
1626 1210 1691 1262 Al
1718 1209 1907 1275 γυναῖ-

328 1320 449 1366 κες,
483 1305 539 1355 ιν
570 1303 799 1373 ἀτιμίᾳο
831 1304 939 1354 τῶν
968 1301 1191 1368 παίδων,
1218 1302 1277 1354 οὗ
1317 1302 1377 1354 τὸ
1406 1301 1540 1369 θῆλυ
1570 1301 1753 1368 μόνον,
1773 1301 1909 1353 ἀλλὰ

328 1395 426 1448 καὶ
452 1393 581 1447 αὐτὸ
612 1394 674 1445 τὸ
701 1395 891 1464 ἄρρεν,
924 1393 1332 1460 ὲνασελγαίνειν
1366 1392 1515 1461 αὖτῷ
1544 1393 1668 1455 τοὺς
1704 1391 1909 1462 βαρϐά-

334 1507 459 1560 ρους
486 1488 784 1543 ἐκδὲδοται.
818 1489 891 1540 Τὸ
922 1489 978 1543 δὲ
1012 1489 1108 1541 καὶ
1140 1488 1272 1558 πρὸς
1302 1486 1400 1555 τὴν
1425 1486 1687 1539 ἀσέϐειαν
1737 1487 1906 1539 ὲλεει·

330 1582 438 1645 νῶς
474 1579 876 1651 μετατὲθειται.
903 1580 983 1632 Τά
1012 1580 1191 1632 πάντα
1233 1581 1291 1630 ὲν
1322 1576 1591 1649 ἀπωλείᾳ,
1624 1580 1681 1631 ὲν
1711 1578 1909 1647 ἀτιμίᾳ

332 1674 399 1727 τὰ
419 1673 601 1743 τίμια.
648 1672 708 1725 '0
741 1670 1024 1742 βοηθήσων
1056 1670 1255 1733 οὐδείς.
1296 1669 1364 1723 Ἦ
1400 1670 1667 1739 σύμπασα
1697 1670 1910 1741 πλήρης

2001 486 2143 534 esse,
2175 487 2283 526 non
2308 487 2497 543 parum
2565 471 2868 542 argumenti
2927 472 2995 525 ad
3058 473 3585 528 commendationem

2000 565 2341 636 gloriamque
2377 566 2632 621 habebat.
2661 565 2755 619 Illa
2791 565 2959 633 igitur
2988 566 3110 621 talis
3142 581 3204 619 ac
3232 574 3379 620 tanta
3415 566 3588 635 patria

2002 666 2190 713 nostra
2221 665 2376 727 capta
2409 666 2491 712 est
2517 674 2532 712 :
2567 655 2940 711 Romanorum
2966 655 3243 710 sublatum
3272 666 3355 710 est
3414 656 3584 725 impe-

2004 747 2147 802 rium
2177 766 2190 802 :
2219 747 2431 817 imperii
2460 747 2649 813 decus,
2682 757 2735 802 et
2762 761 2819 801 re
2849 755 2904 800 et
2950 747 3172 801 nomine
3193 750 3584 802 venerandum.

2004 838 2261 895 Ecclesiae
2290 838 2476 895 divina
2503 849 2558 895 et
2609 839 2863 894 sublimis
2890 868 2891 873 π
2919 839 3126 910 dejecta
3184 848 3269 893 est
3327 840 3535 908 Species
3572 856 3587 893 :

2004 931 2265 1003 hymnus,
2300 933 2392 1002 qui
2417 949 2447 987 e
2475 941 2620 987 terra
2651 947 2869 986 sursum
2904 932 2970 986 ad
3010 932 3174 986 Deum
3245 932 3585 997 mittebatur,

2005 1034 2211 1080 etcum
2247 1026 2491 1095 angelica
2522 1026 2765 1081 certabat
2798 1028 2906 1079 vita
2957 1032 3012 1079 et
3071 1034 3258 1092 cantu,
3313 1026 3588 1080 consiluit.

2007 1118 2231 1188 Templa
2265 1118 2360 1172 Dei
2392 1134 2581 1173 eversa
2614 1126 2763 1184 sunt,
2823 1119 3019 1171 altaria
3066 1117 3377 1187 profanata,
3436 1133 3592 1173 sacra

2007 1210 2609 1267 conculcata.Canities
2630 1219 2939 1279 contempta
2968 1221 3069 1272 est,
3092 1210 3354 1278 juventus
3384 1212 3595 1281 disper-

2009 1300 2145 1356 dita.
2175 1301 2278 1367 Qui
2311 1316 2404 1371 per
2425 1302 2602 1356 mtatis
2635 1302 2877 1372 vigorem
2913 1318 3063 1355 arma
3101 1302 3243 1357 ferre
3274 1314 3588 1373 potuerunt,

2013 1408 2200 1448 eorum
2232 1409 2361 1463 pars
2392 1393 2568 1462 major
2602 1393 2746 1449 ferro
2779 1394 2995 1449 concisa
3028 1393 3192 1465 jacet,
3231 1394 3324 1449 alii
3361 1397 3595 1451 servitu-

2013 1494 2120 1540 tem
2196 1496 2408 1555 turpem
2479 1485 2729 1540 tolerant.
2785 1485 3045 1541 Matrona:
3103 1487 3460 1542 dedecoratae.
3517 1488 3594 1541 Ex

2012 1575 2185 1645 prole,
2217 1592 2325 1631 non
2361 1575 2577 1631 [culinae
2607 1584 2843 1641 tantum,
2878 1579 2969 1633 sed
2998 1580 3224 1635 masculi
3258 1582 3446 1645 etiam,
3472 1581 3597 1636 libi-

2014 1669 2128 1723 dini
2170 1669 2526 1723 barbarorum
2559 1669 2750 1724 dediti.
2787 1668 2994 1725 Horum
3049 1671 3205 1726 multi
3267 1652 3479 1742 quoque
3528 1674 3597 1728 ad

330 1767 440 1821 τῶν
477 1735 552 1819 ’ὲκ
602 1764 701 1835 τῆς
735 1735 1012 1834 ημετέρας
1058 1761 1269 1823 πόλεως
1315 1735 1910 1832 προσαιτούντωνξκαὶ

2020 1761 2244 1830 impium
2314 1758 2607 1814 Mahometi
2664 1760 2871 1815 cultum
2932 1762 3210 1818 conversi.
3263 1735 3475 1818 Cuncta
3528 1769 3597 1817 ad

333 1861 500 1913 πᾶσιν
549 1861 606 1910 ὲν
638 1856 933 1926 ὀφθαλμοῖς
980 1857 1113 1925 ἡμῖν
1163 1856 1229 1908 τά
1272 1853 1446 1908 δεινά.
1498 1855 1707 1917 Πάντες
1754 1854 1910 1924 ἡμῶν

330 1953 428 2014 τὰς
466 1951 751 2018 συμφοράς
782 1948 1081 2011 ἐλεοῦντες,
1118 1947 1421 2016 ὀδύρονταιο
1477 1947 1537 2000 οὐ
1584 1946 1807 2000 δύναται
1855 1946 1911 2000 δὲ

334 2041 829 2114 παραμυθήσεσθαι
853 2040 1003 2109 ὅμως
1033 2038 1229 2103 οὐδείς.
1268 2038 1673 2109 Ἐπιχαίρουσιν
1706 2040 1754 2091 oi
1780 2039 1911 2109 βάρ-

332 2136 492 2206 ϐαροι
514 2135 590 2203 τῇ
616 2132 861 2203 ἀπωλείᾳ
892 2131 1070 2202 ἡμῶν·
1093 2129 1305 2200 τρυφὴν
1331 2129 1611 2184 ποιοῦνται
1634 2131 1733 2193 τὰς
1756 2129 1911 2201 ἡμῶν

335 2227 661 2297 συμφοράς·
695 2224 1076 2294 ἐγκαυχῶνται
1132 2226 1196 2293 τῇ
1248 2223 1458 2276 ἑαυτῶν
1509 2222 1766 2293 ἀσεϐείᾳ·
1814 2222 1913 2292 τῆς

332 2319 611 2388 ἡμετέρας
636 2315 919 2378 εὐσεϐείας
967 2314 1496 2377 κατεξανίττανταν
1538 2314 1912 2383 ἐνυϐρίζουσιν

336 2406 497 2477 ημῶν
525 2408 641 2469 τοῖς
672 2406 914 2474 σεμνοῖς.
958 2403 1031 2456 Τὸ
1063 2403 1157 2457 τοῦ
1190 2403 1327 2456 Θεοῦ
1357 2403 1445 2456 διὰ
1485 2403 1582 2473 τὴν
1628 2402 1785 2473 ἡμῶν
1818 2420 1913 2456 κα-

336 2497 460 2550 κίαν
504 2496 676 2567 ὄνομα
721 2494 1153 2565 βλασφημεῖται.
1217 2490 1569 2558 ’Δλαλάζουσι
1622 2492 1767 2546 κατὰ
1814 2491 1915 2562 τῆς

336 2588 612 2658 ἡμετέρας
644 2586 962 2659 θρησκείας.
988 2580 1064 2641 0’3
1103 2584 1181 2656 τῷ
1209 2584 1453 2654 ἀληθινῷ
1478 2583 1598 2655 Θεῷ
1652 2583 1750 2654 τὴν
1779 2584 1913 2654 ἁλη-

336 2678 489 2750 θινὴν
540 2679 799 2751 λατρείαν
857 2678 1187 2749 ἐκτελοῦμεν
1242 2679 1404 2749 ἡμεῖς
1434 2714 1450 2740 ,
1521 2675 1752 2731 ινταῦθα
1821 2675 1915 2729 νῦν

336 2773 510 2837 ἑστὼς
544 2770 605 2824 τὸ
649 2773 745 2841 τῆς
778 2770 1112 2843 ἐρημώσεως
1158 2770 1432 2839 βδέλυγμα
1481 2770 1798 2838 καθορᾶται.
1849 2770 1912 2823 Ἦ

336 2862 677 2934 Χριστιανῶν
748 2862 902 2925 πόλις
947 2862 1049 2932 ἤδη
1101 2862 1209 2914 τῶν
1267 2860 1517 2913 ἀσεϐῶνο
1553 2861 1653 2913 οὐκ
1696 2860 1775 2913 ἔτι
1822 2877 1917 2929 με-

338 2956 479 3025 γάλη
539 2955 627 3007 ὶπ’
686 2953 949 3021 ἀγαθοῖς,
995 2952 1133 3006 ἀλλά
1179 2953 1411 3021 μεγίστη
1461 2952 1519 3003 ἐν
1579 2954 1910 3021 συμφοραῖς.

338 3045 494 3115 Ὄσῳ
528 3045 887 3115 λαμπροτέρα
918 3038 1010 3115 ἦν,
1043 3044 1281 3115 τοσούτῳ
1310 3042 1406 3097 νῦν
1450 3042 1611 3095 ἀθλία
1652 3043 1917 3112 καθέστη-

339 3150 458 3188 κεν.
508 3132 888 3202 Οὐδὲν-αὐτῆς
944 3133 1363 3200 μακαριώτερον
1403 3131 1703 3202 πρότερον,
1764 3130 1918 3184 οὐδὲν

340 3229 706 3296 ιλεεινότερον
737 3226 833 3279 νῦν
863 3225 991 3294 ἐξῆν
1014 3225 1186 3294 αὐτὴν
1237 3226 1335 3278 καὶ
1383 3223 1599 3294 οὐρανῷ
1634 3224 1917 3293 παραϐάλ-

338 3320 475 3375 λειν·
501 3319 576 3381 ὡς
603 3319 781 3389 ἥλιον,
810 3319 905 3372 καὶ
930 3318 1184 3389 σελήνην,
1204 3316 1297 3369 καὶ
1325 3314 1583 3387 ἀστέρας,
1609 3316 1675 3369 τὰ
1700 3315 1919 3370 ποικίλα

340 3413 453 3467 τῶν
485 3411 651 3475 ναῶν,
686 3410 776 3462 καὶ
808 3409 919 3461 τῶν
963 3408 1140 3463 ἄλλων
1190 3407 1568 3478 περιϐλέπτων
1600 3406 1921 3477 οἰκημάτων

343 3503 795 3574 προϐαλλομένην
822 3501 994 3571 κάλλη
1024 3517 1081 3552 τε
1113 3500 1207 3552 καὶ
1246 3500 1475 3569 μεγέθη,
1504 3499 1719 3553 πάντων
1752 3500 1920 3567 ἁσὺγ-

341 3611 505 3665 κριτα
556 3593 752 3647 ἄλλων.
813 3591 972 3643 Ἀλλὰ
1007 3589 1100 3642 νῦν
1136 3590 1235 3642 οὐκ
1270 3585 1386 3654 οἷδ’,
1442 3589 1468 3659 ὅ
1515 3606 1567 3641 τι
1618 3606 1700 3652 τις
1754 3590 1921 3659 αὐτὴν

343 3686 535 3751 εἰπὼν,
569 3688 669 3739 οὐκ
695 3683 1131 3753 ἀπενεχθήσεται
1170 3681 1265 3733 τοῦ
1315 3682 1704 3751 προσήκοντος.
1737 3682 1923 3737 Πάντα

345 3780 455 3848 γὰρ
484 3778 622 3845 αὐτῇ
658 3775 845 3827 λοιπὸν
877 3773 1113 3843 ἁρμόζει
1146 3773 1213 3824 τὰ
1245 3773 1435 3842 χείρω.
1474 3772 1713 3841 Ἀμείνω
1739 3774 1804 3827 ἂν
1830 3770 1921 3844 ἦν,

305 3872 394 3937 ,εί
449 3870 560 3938 πῦρ
610 3867 778 3935 αὐτὴν
832 3865 1205 3934 κατενεμήθη,
1251 3864 1283 3935 ἢ
1323 3864 1465 3931 ὕδωρ
1510 3864 1836 3931 ἐπέκλυσεν,
1889 3867 1922 3936 ἢ

347 3961 568 4030 σεισμδς
612 3958 1002 4027 κατηδάφισεν,
1057 3956 1240 4018 αὐτοῖς
1295 3956 1564 4019 πολίταις,
1615 3959 1708 4008 καὶ
1756 3959 1923 4010 πᾶσιν

345 4052 463 4119 ἅμα
497 4051 697 4122 τιμίοις
728 4066 785 4103 τε
814 4050 908 4102 καὶ
935 4047 1174 4116 σεμνοῖς,
1212 4046 1245 4118 ᾗ
1287 4045 1577 4115 σωζομένη
1609 4062 1669 4098 τε
1702 4044 1805 4111 ἔτι,
1829 4047 1924 4100 καὶ

345 4146 443 4199 ἐπὶ
472 4143 577 4212 γῆς
608 4142 882 4213 ὁρωμένη,
930 4139 1057 4193 ἄνευ
1091 4131 1165 4191 ὧν
1196 4133 1310 4206 εἶχε
1358 4137 1557 4205 τιμίων
1591 4153 1648 4190 τε
1694 4135 1788 4191 καὶ
1819 4154 1922 4190 κα-

344 4237 475 4290 λῶν.
506 4234 658 4301 Μέγα
690 4232 1037 4302 Χριστιανοῖς
1067 4229 1292 4293 ὄνειδος,
1324 4230 1433 4298 ὅσῳ
1480 4228 1615 4297 πρὶν
1646 4230 1924 4299 φιλοτιμία

349 4327 586 4398 μεγάλη.
623 4325 811 4393 Πάσης
862 4320 1146 4385 ἐλπίζουσι
1193 4320 1663 4390 καταδραμεῖσθαι
1704 4321 1803 4390 τῆς
1851 4321 1925 4374 ol-

2014 1853 2291 1908 interitum
2355 1852 2569 1907 redacta
2649 1852 2716 1905 ad
2773 1852 3244 1924 ignominiamque
3334 1856 3599 1910 honorata

2013 1956 2189 2009 erant,
2216 1959 2318 1999 nec
2357 1944 2447 2012 qui
2467 1954 2754 1999 succurrat
2786 1946 3110 2015 quisquam.
3133 1946 3427 2001 Terrarum
3448 1948 3603 2002 orbis

2016 2037 2298 2092 hominum
2334 2050 2399 2091 ex
2431 2045 2615 2091 nostra
2647 2037 2867 2092 civitate
2896 2037 3271 2107 dispersorum
3331 2046 3385 2093 et
3442 2054 3597 2092 men-

2014 2129 2249 2184 dicando
2283 2127 2486 2182 victum
2523 2129 2881 2196 quaerentium
2942 2129 3181 2199 plenus;
3246 2130 3299 2193 in
3350 2131 3599 2186 omnium

2017 2227 2263 2273 nostrum
2296 2218 2471 2273 oculis
2494 2232 2751 2272 aerumnae
2784 2218 2993 2288 positae.
3035 2218 3260 2287 Omnes,
3323 2220 3599 2275 excidium

2014 2317 2264 2363 nostrum
2304 2309 2651 2371 miserantes,
2686 2308 2920 2376 plorant,
2952 2308 3050 2364 sed
3109 2323 3269 2364 nemo
3321 2312 3599 2367 consolari

2016 2399 2271 2454 miserias
2310 2406 2512 2469 potest.
2558 2396 2829 2453 lnsultant
2891 2399 3111 2454 barbari
3167 2410 3368 2457 nostrae
3418 2402 3603 2472 perni-

2018 2490 2143 2555 ciei,
2170 2489 2329 2545 ludos
2361 2490 2568 2544 faciunt
2609 2499 2826 2545 nostras
2855 2491 3216 2558 calamitates,
3254 2493 3306 2547 iu
3351 2510 3447 2548 sua
3498 2496 3603 2549 im-

2018 2583 2218 2653 pietate
2252 2582 2583 2654 gloriantur,
2617 2583 2673 2637 in
2710 2583 3037 2653 religionem
3067 2593 3312 2640 nostram
3350 2586 3493 2655 piam
3519 2588 3603 2640 in-

2021 2674 2278 2744 Surgunt,
2312 2674 2658 2729 contumeliis
2691 2675 2743 2728 in
2805 2685 3021 2731 nostras
3084 2691 3174 2732 res
3234 2658 3494 2733 honestas
3550 2688 3605 2732 rt

2021 2776 2240 2823 sanctas
2274 2766 2628 2822 invehuntur.
2668 2766 2929 2820 Sanctum
2969 2766 3058 2821 Dei
3101 2784 3322 2832 nomen,
3388 2782 3605 2839 propter

2020 2860 2370 2913 vitiositatem
2450 2869 2716 2923 nostram,
2780 2859 2921 2911 male
2986 2858 3159 2912 audit.
3224 2860 3605 2916 Vociferantur

2020 2961 2209 3004 comra
2244 2958 2491 3004 nostram
2548 2950 2889 3018 religionem.
2937 2950 3145 3016 Quibus
3187 2951 3243 3005 in
3295 2952 3432 3006 locis
3475 2969 3605 3006 vero

1944 3069 1988 3128 ο
2022 3038 2134 3097 Deo
2160 3055 2345 3094 verum
2375 3054 2476 3094 nos
2504 3041 2709 3093 cultqu
2730 3040 3147 3109 praestabamus,
3170 3041 3243 3094 ibi
3276 3058 3420 3097 nunc
3442 3042 3605 3099 deso-

2023 3128 2247 3184 lationis
2312 3129 2650 3184 abominatio
2719 3139 2873 3184 stans
2926 3131 3285 3201 conSpiciIur.
3333 3132 3604 3189 Christia-

2021 3235 2217 3275 norum
2241 3230 2399 3275 antea
2433 3221 2563 3277 urbs
2626 3238 2773 3277 nunc
2826 3223 3117 3292 impiorum
3165 3224 3295 3278 urbs
3340 3236 3423 3279 est
3454 3244 3466 3280 :
3496 3243 3606 3285 non

2018 3313 2131 3383 jam
2170 3315 2409 3384 amplius
2444 3331 2635 3385 magna
2678 3315 2841 3371 rebus
2868 3317 3028 3372 bonis
3057 3328 3112 3371 et
3144 3317 3305 3381 lmtis,
3339 3319 3434 3374 sed
3455 3320 3607 3374 cala-

2023 3407 2304 3463 mitatibus
2337 3418 2390 3462 et
2422 3408 2659 3463 miseriis
2690 3409 2947 3463 maxima.
2970 3409 3091 3475 Quo
3113 3412 3450 3480 splendidior
3473 3414 3601 3467 olim

2021 3510 2159 3564 erat,
2197 3510 2348 3556 tanto
2376 3517 2519 3554 nunc
2555 3502 2809 3556 miserior
2848 3503 3065 3557 redacta
3099 3511 3203 3557 est.
3238 3503 3607 3570 Quemadmo-

2023 3592 2151 3646 dum
2188 3593 2320 3647 nihil
2353 3594 2441 3647 illa
2472 3593 2680 3648 beatius
2708 3603 2886 3658 antea,
2922 3594 2993 3648 ita
3025 3606 3215 3650 contra
3268 3598 3401 3651 nihil
3459 3614 3604 3653 nunc

2023 3682 2211 3736 eadem
2247 3682 2523 3737 miserius.
2559 3682 2778 3738 Poterat
2807 3683 2923 3749 ipsa
2953 3684 3035 3739 vel
3059 3687 3203 3740 eode
3268 3690 3601 3757 cmnparari,

2026 3783 2213 3842 utpote
2253 3790 2374 3843 qua:
2431 3784 2689 3843 tanquam
2724 3775 2837 3831 sole
2870 3786 2922 3830 et
2954 3776 3077 3831 luna
3125 3790 3177 3833 et
3226 3781 3418 3843 stellis,
3458 3783 3607 3836 varia

2026 3865 2353 3931 templorum
2406 3874 2460 3918 et
2506 3865 2737 3918 aliorum
2796 3867 3147 3922 aediﬁciorum
3200 3872 3604 3938 splendidorum

2026 3955 2430 4024 pulchritudine
2476 3965 2531 4009 et
2581 3957 2959 4024 amplituliue,
2988 3960 3245 4015 omnibus
3298 3962 3421 4016 aliis
3453 3974 3607 4017 extra

2026 4060 2244 4101 clunem
2284 4048 2713 4116 comparationis
2741 4048 2912 4103 aleam
2938 4057 3262 4106 antestaret.
3290 4051 3445 4105 Nunc
3478 4068 3608 4107 vero

2028 4140 2210 4194 nescio
2240 4140 2369 4209 quid
2405 4141 2472 4195 de
2504 4140 2617 4209 ipsa
2646 4141 2751 4194 dici
2779 4150 2943 4210 queat
2994 4150 3049 4195 ut
3099 4157 3204 4197 non
3252 4144 3537 4199 aberretur
3575 4161 3605 4198 a

2026 4244 2178 4285 vero.
2211 4229 2421 4285 Cuncta
2456 4246 2691 4299 namque
2738 4230 3007 4287 deteriora
3067 4233 3321 4305 deinceps
3378 4236 3428 4288 in
3484 4249 3604 4290 eam

2028 4320 2325 4391 quadram.
2393 4319 2685 4377 Prwstaret
2747 4337 2865 4375 eam
2917 4324 3167 4378 incendio
3227 4337 3604 4395 consumptam

347 4419 622 4487 κουμὲνης
651 4416 702 4469 οῖ
736 4414 942 4483 ταύτην
970 4412 1527 4482 ἐκπολιορκήσαντες,
1550 4412 1643 4465 καὶ
1674 4411 1918 4475 εἰκότως.

2030 4427 2173 4475 esse,
2210 4422 2304 4466 aut
2337 4413 2693 4468 inundatione
2721 4429 2989 4483 aquarum
3014 4417 3312 4485 abreptam,
3348 4428 3439 4471 aut
3494 4429 3606 4474 ter-

353 4506 458 4560 Ἦν
488 4506 597 4576 γὰρ
626 4505 794 4576 μόνην
820 4501 888 4557 δι’
909 4501 1104 4565 αἰῶνος
1128 4500 1361 4571 ἡγοῦντο
1389 4500 1661 4554 ἀνάλωτον
1683 4500 1923 4567 ἔσεσθαι,

348 4600 423 4661 ὡς
467 4594 767 4668 κρείττωῆ
819 4596 960 4647 κατὰ
1004 4593 1102 4655 τὰς
1138 4595 1194 4645 ὲν
1242 4594 1311 4661 γῇ
1354 4592 1535 4660 πόλεις
1569 4593 1808 4656 ἁπάσας,
1861 4594 1926 4655 ἃς

354 4687 671 4758 ἀνθρωπίνη
721 4684 843 4754 χεὶρ
892 4683 1138 4752 ἦγειρεν,
1188 4681 1235 4731 εί
1290 4678 1430 4749 αὕτη
1466 4682 1559 4732 νῦν
1595 4681 1777 4744 αὐτοῖς
1822 4682 1925 4751 ήδη
1986 4704 1989 4707 ·

356 4782 509 4850 παρὰ
566 4780 745 4831 πᾶσαν
796 4775 986 4828 ἐλπίδα
1039 4773 1431 4844 πεπόρθηται,
1487 4773 1538 4823 τί
1584 4772 1768 4825 λοιπδν
1806 4776 1928 4853 τῶν

359 4875 579 4926 πάντων
612 4871 970 4931 ἁνέλπιστονς
1022 4865 1187 4916 Ὅθεν
1236 4863 1331 4915 καὶ⁵
1367 4863 1507 4933 μέγα
1534 4864 1674 4915 κατὰ
1708 4864 1928 4918 πάντων

362 4963 641 5035 φρονοῦσι,
677 4961 770 5014 καὶ
802 4958 937 5027 μετά
963 4957 1311 5031 φρονήματος
1366 4956 1601 5023 μεγάλου
1634 4956 1727 5008 καὶ
1760 4959 1931 5025 φορᾶς

357 5052 685 5110 ἀνυποίστου
718 5051 887 5103 πᾶσιν
939 5049 1174 5100 ἐπίασιν.
1218 5047 1279 5098 Ἣ
1329 5044 1533 5115 ταύτης
1583 5048 1930 5111 κατάπτωσις

356 5147 414 5199 τδ
450 5144 668 5197 πάντων
699 5139 1076 5208 καταϐέϐληκε
1111 5138 1386 5208 φρόνημα·
1426 5141 1515 5190 καὶ
1545 5139 1675 5209 περὶ
1718 5140 1931 5191 ἑαυτῶν

360 5236 549 5312 λοιπὸν
601 5232 806 5287 δεδίασι
859 5233 1081 5292 πάντες.
1132 5229 1329 5282 Οὐκέτι
1385 5229 1557 5292 οὐδεὶς
1611 5231 1677 5300 τῇ
1739 5231 1931 5285 ἑαυτοῦ

360 5325 646 5396 ἐλευθερίᾳ
681 5325 896 5396 θαρῤεῖ·
938 5322 1137 5383 πάντες
1167 5320 1362 5385 αὐτοὺς
1399 5321 1812 5391 ὲπιδραμείσθαι
1842 5328 1933 5376 τὸν

362 5418 638 5491 βάρϐαρον
672 5413 1063 5486 προσδοκῶσιν.
1100 5412 1264 5464 Ὅθεν
1315 5413 1411 5465 καὶ
1464 5413 1527 5465 οί-
1570 5414 1667 5481 μὲν
1698 5414 1771 5483 τῷ
1824 5414 1933 5466 δέει

362 5510 565 5579 φόρους
590 5504 836 5559 τελοῦσιν
865 5500 1035 5571 αὐτῷ,
1067 5500 1176 5555 οὐδ’
1201 5500 1343 5554 οὓτω
1370 5502 1511 5555 πάνυ
1542 5500 1766 5573 θαρρεῖν
1788 5501 1934 5573 ἔχων.

361 5618 472 5664 τες·
507 5601 557 5653 οῖ
598 5599 643 5652 δ’
670 5598 879 5667 ἕτοιμοι
914 5593 1074 5648 τοῦτο
1108 5596 1301 5659 ποιεῖν,
1360 5596 1408 5647 εί
1464 5595 1538 5665 μὴ
1582 5612 1937 5669 προαναρπά-

365 5692 537 5748 σθεῖεν
570 5691 667 5762 τῆς
696 5689 821 5758 γῆς.
863 5688 950 5750 Ὠς
985 5685 1156 5757 πυρὸς
1187 5685 1389 5756 ῥύμην,
1426 5686 1558 5758 ὕλην
1604 5688 1801 5760 πολλὴν
1842 5690 1933 5743 καὶ

643 5786 890 5846 Ρλτιιυι
963 5783 1075 5841 Gn.
1120 5781 1286 5845 CLX.

2030 4512 2268 4558 raemotu
2301 4502 2449 4556 humi
2493 4514 2841 4573 prostratam,
2877 4523 3038 4577 quam
3079 4507 3258 4563 adhuc
3288 4520 3523 4573 exstare,
3555 4521 3611 4567 et

2030 4593 2082 4646 in
2110 4603 2250 4647 terra
2282 4594 2543 4662 conspici,
2575 4594 2841 4664 dignitate
2873 4613 2971 4651 sua
3000 4606 3053 4651 ct
3086 4605 3428 4654 ornamentis
3478 4619 3608 4671 spo-

2032 4687 2236 4740 liatam.
2260 4685 2449 4755 Magna
2471 4688 2791 4743 Christiano
2821 4691 3029 4744 nomini
3069 4691 3366 4761 ignominia
3400 4710 3463 4749 ex
3489 4699 3609 4763 ejus

2030 4778 2326 4833 amissione
2347 4780 2564 4843 accidit,
2593 4769 2797 4850 quanto
2830 4783 3033 4836 scilicet
3068 4792 3230 4837 antea
3281 4786 3429 4840 salus
3485 4788 3607 4854 ejus

2034 4870 2226 4939 majori
2257 4872 2441 4941 gloria:
2475 4882 2614 4927 erat.
2652 4872 2769 4927 Non
2806 4874 2919 4943 jam
2952 4875 3224 4939 dubitant,
3279 4880 3371 4945 qui
3432 4879 3603 4946 ipsam

2030 4974 2498 5031 expugnaverunt,
2537 4967 2589 5018 in
2619 4975 2790 5019 totum
2845 4976 3112 5021 terrarum
3182 4970 3366 5021 Orbem
3419 4986 3610 5023 excur-

2032 5055 2214 5111 sioncs
2231 5053 2408 5111 facere
2432 5071 2663 5125 eumque
2689 5057 2979 5126 subjicere.
3009 5062 3179 5125 Quam
3211 5060 3406 5115 etc-nim
3437 5065 3606 5116 solam

2034 5147 2086 5199 in
2110 5162 2269 5203 omne
2296 5149 2555 5203 saeculum
2592 5151 2846 5205 invictam
2876 5152 3287 5215 existimabant,
3320 5164 3374 5204 ut
3399 5155 3609 5207 caeteris

2034 5238 2086 5291 in
2129 5250 2270 5295 terra
2296 5242 2523 5296 urbibus
2557 5243 2788 5295 humana
2825 5258 2986 5295 manu
3024 5244 3319 5297 exstructis
3389 5246 3607 5312 praecel-

2032 5330 2232 5385 lentem
2267 5334 2539 5395 omnibus,
2591 5347 2715 5385 cum
2777 5332 2891 5386 haec
2942 5332 3054 5401 jam
3111 5333 3180 5388 ab
3228 5333 3361 5401 ipsis
3418 5346 3610 5405 praeter

2035 5436 2249 5476 omnem
2278 5438 2427 5492 spem
2474 5433 2626 5492 capta
2673 5430 2728 5476 et.
2774 5424 2982 5492 direpta
3035 5425 3125 5489 sit,
3170 5426 3301 5495 quid
3352 5426 3611 5499 deinceps

2036 5516 2281 5568 omnium
2311 5529 2369 5568 se
2400 5530 2507 5567 non
2539 5514 2864 5570 subacturos
2888 5518 3152 5586 sperent?
3184 5517 3336 5573 Unde
3390 5537 3613 5591 quoque

2039 5620 2259 5674 magnos
2285 5616 2650 5673 conceperant
2671 5604 2907 5674 animos,
2945 5608 3230 5679 minasque
3256 5623 3442 5666 contra
3493 5617 3615 5670 uni-

2038 5709 2225 5749 versos
2256 5694 2484 5764 spirant,
2515 5703 2567 5748 et
2602 5710 2792 5764 magna
2831 5700 3239 5768 conten‘tptione
3265 5716 3454 5757 eorum
3511 5704 3616 5760 im-

3226 5792 3301 5852 34
