3956 6200
432 328 454 387 1
466 325 562 387 (‘67

1598 311 1960 373 ΜΛΤὙΙΙᾸΞΙ
2005 309 2468 371 (ΣΑΜΑΒΙΟΤΕ

3550 298 3682 358 1063

427 448 660 507 petoque
693 434 1034 490 intolerando
1090 431 1313 502 quosvis
1342 430 1622 485 invadunt.
1660 428 1831 496 llujus
1855 428 2003 496 priu-

2121 427 2391 495 ςυνηρεφῆ
2426 423 2780 493 νεμηϐέντος,
2838 419 3010 483 οὕτως
3046 418 3166 473 οὐδὲ
3199 418 3299 486 τὴν
3341 415 3690 485 βαρϐαρικὴν

429 530 563 597 ripis
596 529 745 581 urbis
774 526 931 580 ruina
958 525 1200 578 omnium
1235 523 1448 577 animos
1475 522 1672 591 deiecit
1706 531 1758 575 tt
1791 521 2002 585 afﬂixit,

431 638 490 674 :tc
556 618 779 688 proinde.
830 617 930 672 sibi
984 626 1235 670 metuunt
1284 630 1494 669 omnes.
1548 613 1717 668 Nemo
1774 612 2004 681 amplius

431 712 664 767 libertati
696 726 809 765 sua:
840 709 1090 772 confidit,
1119 708 1212 762 sed
1245 707 1428 762 cuneti
1457 723 1486 761 a
1514 707 1747 761 barbaro
1810 720 1869 759 se
1918 705 2004 758 in-

432 818 619 856 vasutn
663 801 729 854 iri
767 809 1036 854 metuunt.
1072 797 1207 851 llinc
1242 798 1298 851 fit
1334 808 1387 851 ut
1419 797 1614 865 partim
1667 812 1857 850 eorum
1911 796 2006 849 tri-

433 898 620 948 butum
657 894 705 946 ei
741 890 997 961 pendant,
1034 905 1139 958 qua
1179 906 1248 943 ne
1278 890 1393 959 ipsa
1428 889 1648 957 quidem
1681 903 1737 939 re
1770 903 1829 940 se
1858 894 2005 940 tutos

434 1000 721 1039 mansuros
776 983 1094 1048 confidunt;
1158 983 1249 1036 alii
1319 997 1445 1036 vero
1506 982 1608 1034 hoc
1663 988 1831 1048 pat‘att
1882 988 2009 1031 sunt

434 1080 630 1140 facere,
661 1076 764 1129 nisi
794 1083 917 1128 ante
953 1074 1221 1141 oppressi,
1250 1074 1315 1127 de
1368 1084 1509 1126 terra
1563 1070 1722 1124 deleti
1788 1071 2007 1123 fuerint.

433 1170 583 1222 Sicut
618 1168 763 1222 enim
799 1167 941 1236 ignis
974 1167 1226 1220 violentia
1256 1167 1455 1233 passim
1484 1165 1547 1216 ad
1601 1178 1817 1216 omnem
1874 1178 2005 1215 con-

434 1273 633 1329 gestam
666 1260 990 1325 obviamque
1019 1258 1298 1311 materiam
1341 1266 1641 1323 grassatur,
1674 1257 1743 1309 ita
1773 1254 2012 1308 barbari-

433 1373 554 1408 cum
622 1357 675 1406 in
725 1368 918 1407 omnes
973 1352 1237 1420 impetum
1290 1366 1452 1404 nemo
1505 1348 1761 1402 cohibere
1810 1356 2007 1415 potest.

435 1450 659 1515 Semper
697 1445 763 1499 ad
790 1444 996 1513 majora
1029 1444 1292 1497 barbarus
1345 1440 1703 1508 cogitationes
1757 1438 2010 1502 intendit,

432 1538 781 1604 cupiditatem
814 1551 969 1590 suam
995 1536 1059 1589 ad
1091 1544 1329 1588 extrema
1364 1549 1537 1601 usque
1560 1541 1716 1586 terra:
1743 1530 2010 1594 extendit,

434 1636 486 1681 ct
516 1643 625 1696 quo
658 1630 836 1679 minus
873 1626 927 1681 in
964 1640 1153 1679 omnes
1184 1639 1329 1677 caeco
1358 1624 1561 1691 impetu
1596 1623 1858 1682 incurrat,
1905 1631 2013 1674 ter-

436 1722 581 1773 mino
612 1726 821 1771 velatur
852 1716 1027 1770 nullo.
1060 1716 1141 1769 Ah
1170 1716 1336 1769 altera
1370 1724 1541 1782 parte,
1576 1725 1721 1767 metu
1751 1711 2013 1781 prostrati

2113 518 2255 571 κατὰ
2302 521 2522 571 πάντων
2571 515 2758 583 ἔφοδον
2811 515 2871 566 οὔ
2920 513 3141 564 δύναται
3188 509 3366 569 οὐδεὶς
3415 508 3690 571 ἐπισχεῖν.

2122 611 2232 663 Ἀεὶ
2266 609 2481 679 μείζοσι
2518 606 2789 677 βάρϐαρος
2841 604 3104 671 ἐγχειρεῖ,
3132 602 3225 654 καῖ
3257 601 3357 660 τὴν
3387 597 3691 666 sudiupr

2112 701 2193 759 είς
2233 701 2299 752 τὰ
2326 700 2427 765 γῆς
2465 698 2673 767 πέρατα
2709 694 3048 762 παρατείνει·
3082 692 3175 746 καὶ
3204 693 3331 761 ὄρος
3369 690 3521 758 αὖτῷ
3566 690 3698 751 τοὺς

2111 793 2202 845 ἐπὶ
2234 794 2309 861 τῷ
2357 792 2531 845 πάντα
2570 790 2927 857 κατατρέχειν
2971 788 3166 850 οὐδείς.
3211 787 3422 846 Πάντες
3461 784 3519 836 δὲ
3552 798 3696 835 κτίτ-

2111 886 2383 954 επτήχασι
2428 900 2440 913 '
2487 885 2578 936 καὶ
2607 884 2701 935 τοῦ
2728 880 2851 934 καθ’
2884 881 3075 935 ἑαυτὸν
3106 878 3413 949 φροντίζων
3434 876 3699 938 ἕκαστος,

2114 975 2388 1044 κάθηνται
2452 976 2511 1025 τὸ
2555 974 2748 1043 μέλλον
2798 969 3267 1031 ἀποσκοποῦντες,
3321 968 3440 1022 δέον
3488 968 3697 1038 ὁρμᾷιο,

2117 1068 2373 1138 σύστημα
2400 1068 2725 1135 γενομένους
2765 1067 2843 1128 ἓν,
2888 1064 3050 1117 αὐτὸν
3097 1066 3253 1131 κοινῇ
3294 1065 3503 1124 πάντας
3551 1060 3703 1127 ἀμῦ-

2115 1162 2333 1223 νασθαι,
2364 1162 2458 1214 καὶ
2506 1160 2664 1227 δίκην
2709 1159 2841 1228 παρ’
2879 1159 3044 1212 αἱτοῦ
3075 1158 3282 1218 λαϐεῖν,
3318 1150 3390 1208 ὧν
3445 1156 3525 1215 εἰς
3552 1151 3703 1221 Χρι-

2116 1254 2370 1317 στιανοὺς
2417 1254 2515 1306 καὶ
2560 1254 2619 1305 τὸ
2667 1252 2908 1323 Χριστοῦ
2958 1252 3153 1319 ὄνομα,
3209 1250 3303 1302 καὶ
3356 1247 3547 1317 ὕϐριζε
3604 1245 3707 1296 καὶ

2117 1349 2357 1417 ὑϐρίζων
2409 1346 2757 1415 καθεκάστην
2793 1347 2854 1397 οὐ
2911 1344 3170 1398 παύεται.
3226 1341 3389 1395 Ἀλλὰ
3421 1338 3581 1391 τοῦτο
3637 1354 3703 1401 γε

2115 1439 2227 1492 οὔτ’
2264 1438 2494 1507 ἐμέλησέ
2525 1455 2612 1490 πω
2640 1437 2835 1501 οὐδενὶ,
2874 1435 2998 1488 οὔτε
3030 1434 3276 1503 μελήσει,
3320 1431 3458 1500 πλὴν
3488 1431 3537 1481 εξ
3563 1430 3705 1488 Θεὲις

2118 1530 2352 1599 Θελήσει.
2385 1530 2552 1593 ἀξίων
2581 1528 2882 1597 γινομένων
2922 1527 3102 1596 ήμῶν.
3134 1528 3244 1580 Καὶ
3273 1526 3508 1584 ἕκαστος
3539 1521 3707 1573 τοῦτο

2118 1621 2569 1692 παρακερδαίνει,
2619 1621 2679 1673 τὸ
2733 1622 2847 1683 τοῖς
2915 1620 3108 1682 δεινοῖς
3158 1618 3386 1688 ὕστερος
3440 1614 3704 1685 ἡγεῖσθαι

2117 1714 2603 1785 ταμιευοήσεσθαι,
2653 1710 2943 1777 ἐξαπατῶν
2987 1712 3181 1766 ἑαυτὸν
3229 1714 3296 1782 τῇ
3357 1708 3701 1778 ἰδιοπραγία,

435 1820 563 1865 sunt
589 1825 803 1873 omnes,
837 1820 890 1863 et
922 1824 1020 1877 pro
1060 1823 1118 1863 se
1155 1808 1390 1875 quisque
1421 1805 1665 1871 solliciti,
1724 1813 2011 1873 exspecta-

2121 1810 2210 1861 καὶ
2255 1810 2318 1878 τῇ
2356 1806 2602 1877 ἀπωλείᾳ
2631 1807 2739 1859 τῶν
2769 1807 2965 1871 ἀλλων,
3018 1806 3050 1877 ἢ
3095 1806 3190 1860 καὶ
3223 1805 3303 1875 τῷ
3334 1806 3409 1875 μὴ
3448 1802 3518 1858 ἂν
3548 1804 3705 1871 ἥξειν

437 1905 582 1957 tione
614 1904 810 1967 futuri,
841 1917 1078 1972 quonam
1112 1916 1199 1956 res
1228 1914 1478 1954 evasura:
1497 1899 1628 1960 sint,
1696 1899 2013 1968 languentes

440 2003 680 2059 cessant,
708 2009 830 2049 cum
858 2004 1049 2050 contra
1084 2003 1362 2063 Oportet-et
1397 1994 1449 2045 in
1479 2005 1644 2044 unum
1696 1990 2014 2059 conspirare

438 2086 742 2150 universos,
764 2085 1261 2154 communibusque
1294 2084 1487 2152 opibus
1520 2091 1576 2136 et
1605 2082 1772 2135 armis
1801 2081 2011 2135 hostem

437 2179 744 2247 populsare,
784 2192 847 2232 ac
877 2192 1067 2247 pmnas
1100 2177 1367 2231 scelerum
1398 2191 1519 2244 quae
1549 2176 1601 2229 in
1666 2172 2012 2229 Christianos

435 2270 749 2338 Christique
804 2283 996 2321 nomen
1052 2267 1446 2321 contumeliose
1478 2277 1527 2320 et
1579 2263 1909 2334 perpetravit
1962 2271 2016 2315 et

436 2363 680 2431 quotidie
710 2371 1021 2431 perpetrare
1049 2376 1156 2413 non
1183 2360 1412 2419 desistit.
1446 2360 1512 2413 de
1537 2359 1629 2412 illo
1646 2372 1880 2411 sumere.
1906 2354 2013 2410 Sed

439 2460 543 2509 hoc
588 2454 790 2509 nemini
846 2468 993 2507 nunc
1028 2468 1175 2506 cura:
1216 2461 1317 2514 est,
1350 2465 1524 2519 neque
1576 2448 1803 2518 posthac
1848 2447 2012 2500 etiam

439 2561 584 2599 curae
608 2544 733 2609 erit,
758 2544 861 2597 nisi
894 2541 1271 2611 tum,quando
1304 2539 1446 2594 Deus
1476 2537 1812 2603 volet,nobis
1840 2536 2017 2604 dignis

441 2638 616 2691 laetis.
652 2635 863 2705 Singuli
893 2648 1041 2696 vero,
1080 2648 1139 2686 se
1196 2640 1502 2700 postremos
1555 2630 1622 2683 ad
1680 2629 2016 2682 calamitates

443 2734 776 2781 reservatum
814 2725 877 2777 iri
908 2732 1186 2793 putantes.
1210 2722 1352 2775 male
1373 2721 1580 2774 interea
1614 2720 1716 2774 hoc
1771 2733 1938 2771 morte
1960 2719 2015 2771 in

441 2820 593 2872 lucro
624 2825 855 2886 ponunt.
890 2812 993 2869 Ubi
1023 2822 1169 2868 certe
1197 2812 1409 2881 seipsos
1434 2811 1733 2880 decipiunt,
1789 2824 2015 2865 suarum

442 2922 623 2961 rerum
653 2906 853 2969 studio,
882 2915 940 2958 ut
968 2903 1315 2974 negligentia,
1351 2903 1472 2957 aliis
1522 2901 1728 2955 interea
1789 2915 2018 2965 pereun-

443 3004 608 3067 tibus,
637 3000 874 3056 autdum
907 3014 1185 3070 nunquam
1216 2998 1280 3054 ad
1307 3013 1365 3053 se
1396 3009 1621 3050 ventura
1652 2995 1849 3050 similia
1875 2995 2013 3050 mala

442 3105 654 3165 putant,
685 3104 780 3149 aut
810 3103 937 3148 tunc
981 3092 1201 3147 demum
1257 3106 1316 3145 se
1359 3104 1511 3145 arma
1549 3098 1603 3145 ct
1640 3088 2014 3143 defensionem

2125 1899 2255 1953 ποτὲ
2287 1900 2382 1953 καὶ
2416 1901 2496 1962 είς
2530 1901 2693 1953 αὑτὸν
2746 1899 2953 1953 οἴεσθαι
2994 1900 3064 1953 τὰ
3124 1899 3276 1951 δεινά
3303 1914 3316 1931 ’
3364 1897 3398 1967 ἢ
3430 1896 3555 1950 τότε
3588 1897 3705 1949 δια-

2124 1992 2416 2060 νοούμενος
2449 1991 2799 2062 διεγερθῆναί
2848 2009 2907 2045 τε
2955 1991 3049 2045 καὶ
3099 1990 3436 2058 ἀμύνασθαι,
3482 1991 3573 2043 ὅτε
3602 1988 3704 2044 καὶ

2123 2082 2212 2137 ἐπ’
2242 2083 2403 2136 αὐτὸν
2434 2084 2462 2136 ὁ
2496 2083 2765 2153 βάρϐαρος
2809 2083 2886 2153 ῐῃο
2933 2082 3065 2151 πρὶν
3110 2082 3165 2135 δὲ
3212 2080 3367 2134 τοῦτο
3415 2080 3694 2149 γενέσθαι,

2126 2178 2248 2245 μηδ’
2285 2176 2351 2229 ἃν
2398 2176 2452 2229 εί
2491 2194 2543 2231 τι
2583 2179 2677 2230 καὶ
2726 2177 2934 2244 γένοιτό
3009 2194 3140 2230 ποτε
3187 2176 3695 2247 διεγερθησόμενλς·

2122 2270 2241 2322 οὐδὲ
2269 2269 2461 2321 τοῦτον
2492 2268 2623 2337 γοῦν
2651 2269 2865 2332 οὐδενὸς
2892 2268 3267 2339 λογιζομένου,
3309 2269 3383 2340 μὴ
3415 2287 3698 2341 προαναρ-

2125 2360 2403 2429 πασθῆναι
2443 2361 2673 2429 φθάσαι,
2704 2363 2834 2431 πρίν
2859 2380 2981 2415 τινα
3014 2362 3201 2431 σχεδὸν
3228 2362 3416 2415 λαϐεῖν
3445 2362 3701 2431 αἴσθησιν

2124 2452 2231 2505 τῶν
2255 2452 2469 2505 δεινῶν.
2505 2454 2676 2507 Τοῦτο
2704 2454 2749 2507 δ’
2779 2456 3029 2519 ἑκάστοις
3052 2458 3197 2508 ποιεῖ
3220 2455 3250 2525 ἦ
3275 2472 3333 2507 τε
3363 2455 3501 2525 άλλη
3526 2457 3699 2518 πᾶσα,

2123 2537 2158 2617 ᾖ
2196 2545 2460 2609 συζῶσιν,
2502 2545 2823 2615 άϐελτηρία,
2884 2547 2977 2599 καὶ
3018 2544 3078 2598 τὸ
3132 2547 3198 2599 δι’
3248 2545 3417 2614 αὐτὴν
3446 2547 3549 2615 τὴν
3593 2547 3701 2598 τῶν

2126 2634 2334 2687 πολλῶν
2373 2636 2594 2705 ἀγάπην
2650 2636 2912 2705 ψυγῆναι,
2965 2638 3059 2691 καὶ
3104 2638 3425 2706 ἐξαφανίσαι
3466 2641 3560 2693 τὸν
3605 2641 3698 2693 ἐπὶ

2123 2726 2223 2794 τῆς
2255 2729 2492 2791 πίστεως
2532 2729 2712 2799 ζῆλον.
2753 2729 2813 2783 Ei
2842 2729 2886 2783 δ’
2918 2730 3169 2796 ἕκαστος,
3218 2732 3694 2802 ἀποστρεφόμενος

2124 2821 2191 2875 τὰ
2225 2823 2438 2887 πονηρὰ
2468 2820 2624 2889 ἔργα,
2666 2821 2733 2872 τὰ
2780 2821 2891 2875 τῶν
2930 2821 3274 2889 Χριστιανῶν
3304 2821 3538 2874 ἑκάστου
3589 2823 3695 2875 ὑπὸ

2124 2915 2231 2967 τῶν
2256 2912 2469 2967 ἀσεϐῶν
2520 2914 2667 2983 πάθη
2729 2914 2837 2967 ῐδια
2891 2915 3191 2981 ἐλογίζετο,
3243 2916 3337 2968 καὶ
3368 2914 3528 2984 ζῆλον
3554 2915 3697 2983 ὑπὲρ

2123 3006 2218 3058 τοῦ
2263 3004 2501 3073 Χριστοῦ
2554 3004 2820 3073 ὀνόματος
2874 3006 3216 3075 ἀνελάμϐανε
3272 3008 3575 3078 πρέποντα,
3627 3009 3701 3077 μὴ

2125 3098 2260 3151 ἄλλα
2286 3098 2467 3159 ἄλλοις
2499 3090 2772 3163 ἐγκαλῶν,
2803 3092 2884 3161 οἷς
2911 3098 2969 3150 οὐ
3004 3098 3183 3168 Θέμις·
3216 3099 3275 3151 οὗ
3314 3101 3474 3166 μόνον
3507 3101 3609 3152 οὐκ
3638 3100 3701 3152 ἂν

439 3200 798 3260 ειεερειηυιοε
860 3187 1123 3257 cogitant,
1158 3186 1375 3255 quando
1407 3186 1461 3238 itt
1496 3185 1641 3251 ipsos
1674 3183 1835 3238 etiam
1887 3183 2014 3237 bar-

2123 3189 2274 3241 αὑτολ.
2302 3188 2396 3241 τὸν
2434 3187 2711 3258 βάρϐαρον
2770 3189 3066 3254 ἐδεδίεσαν,
3121 3189 3242 3242 ἀλλ’
3289 3190 3399 3243 οὐδ’
3436 3190 3504 3244 ἂν
3540 3194 3699 3261 ἡμεῖς

440 3286 605 3338 barus
639 3282 901 3336 invaserit
937 3281 1296 3349 ;priusquam
1332 3294 1458 3333 vero
1487 3278 1588 3331 hoc
1611 3276 1723 3341 liat,
1780 3290 1839 3330 se
1874 3290 2015 3329 nun-

439 3391 627 3443 quam,
661 3374 926 3444 quidquid
980 3372 1142 3427 etiam
1176 3371 1288 3435 fiat,
1316 3380 1664 3426 surrecturos
1693 3370 2019 3424 vindictam-

438 3483 545 3533 que
575 3476 884 3534 paraturos.
941 3462 1052 3518 Nec
1089 3465 1304 3517 interim
1344 3463 1446 3517 hoc
1478 3462 1670 3517 saltem
1724 3463 2015 3531 quisquam

439 3558 662 3623 cogitat,
696 3557 795 3611 sibi
819 3560 1122 3611 cavendum
1185 3570 1329 3619 esse,
1388 3568 1455 3608 ne
1507 3562 1630 3607 ante
1682 3554 2019 3622 opprimatur

440 3666 600 3716 quam
636 3648 747 3703 fere
786 3648 953 3701 ullum
995 3662 1216 3702 sensum
1274 3647 1453 3715 capiat
1510 3645 1785 3699 interitus.
1838 3644 2016 3701 Causa

442 3744 602 3809 hujus
630 3742 754 3794 mali
787 3751 868 3793 est
899 3755 1024 3795 cum
1061 3740 1268 3806 reliqua
1303 3738 1503 3803 omnis,
1532 3752 1655 3791 cum
1692 3752 1798 3806 qua
1829 3751 2020 3792 conse-

440 3841 693 3896 ltt'sCttltl,
727 3832 999 3886 Stoliditas
1030 3839 1084 3883 et
1114 3830 1390 3893 socordia,
1453 3840 1567 3882 ttttn
1602 3829 1746 3898 quod
1767 3830 1892 3883 hinc
1909 3831 2019 3898 ρίου

442 3936 735 3991 roremque
763 3921 927 3977 etiam
958 3920 1199 3975 charitas
1225 3919 1458 3982 refrixit,
1486 3930 1539 3973 et
1570 3920 1846 3989 religionis
1872 3921 2020 3976 zelus

437 4016 691 4069 exolevit.
719 4014 872 4079 Quod
909 4011 955 4066 si
999 4012 1400 4080 unusquisque,
1462 4011 1705 4078 improha
1765 4010 1904 4064 facta
1966 4019 2021 4065 et

436 4109 640 4163 scelera
672 4108 997 4171 detestatus,
1039 4108 1178 4159 mala
1232 4106 1433 4170 quibus
1494 4104 1693 4172 singuli
1747 4102 2022 4158 Christia-

438 4213 630 4253 norum
659 4200 727 4252 ah
758 4197 921 4266 impia
952 4206 1109 4266 gente
1139 4196 1472 4259 afﬁciuntur,
1497 4211 1594 4252 sua
1627 4196 2018 4259 existimasset,

436 4289 945 4359 annoiationemque
971 4303 1069 4357 pro
1087 4289 1285 4342 Christi
1321 4288 1539 4342 nomine
1567 4304 1627 4343 se
1656 4287 1873 4357 dignam
1904 4298 2021 4341 sus"

436 4383 697 4450 cepisset,
748 4396 859 4435 non
885 4391 1066 4436 autem
1086 4380 1315 4435 crimina
1347 4381 1453 4434 alia
1485 4380 1605 4433 aliis
1636 4376 1855 4446 indigne
1873 4377 2022 4446 obje-

438 4474 623 4538 cissct,
659 4488 764 4527 nou
802 4483 1013 4528 tantum
1045 4474 1145 4543 ipsi
1202 4473 1488 4527 barbarum
1519 4488 1661 4526 nunc
1692 4487 1799 4526 non
1852 4473 2021 4526 refor-

2120 3295 2183 3346 γε
2208 3278 2514 3349 τηλικαύτῃ
2546 3280 3093 3349 περιεπεπτιῖικειμεν
3116 3284 3391 3352 συμφορᾷ,
3428 3284 3520 3336 καὶ
3548 3282 3699 3351 δίκην

2120 3374 2219 3438 τὴν
2270 3370 2427 3435 ἀξίαν
2488 3372 2654 3425 πάλαι
2683 3373 2775 3428 ,ἂν
2802 3373 2830 3423 ὁ
2862 3371 3139 3443 βάρϐαρος
3190 3373 3460 3429 ἐδεδώκει.
3500 3374 3615 3427 Νῦν
3646 3373 3698 3427 δὲ

2120 3463 2208 3516 διὰ
2237 3462 2298 3514 τὸ
2335 3463 2537 3533 μηδένα
2576 3462 2669 3515 τοῦ
2711 3464 3087 3534 προσήκοντος
3130 3462 3383 3534 ἐθελῆσαι
3420 3464 3693 3532 γενέσθαι,

2122 3554 2218 3605 καὶ
2248 3553 2346 3623 τὴν
2378 3553 2528 3607 θείαν
2562 3555 2957 3622 ἐγκαταλιπεῖν
2987 3555 3139 3626 ἡμᾶς
3164 3558 3443 3626 πρόνοιαν,
3474 3558 3695 3619 ἑκόντας

2122 3647 2644 3715 ἀποσχοινισοέντας
2692 3647 2883 3716 αὐτῆς,
2917 3649 3010 3701 ἐπὶ
3043 3650 3244 3719 πολλῆς
3282 3666 3341 3702 τε
3392 3650 3487 3704 τοῦ
3515 3651 3692 3704 κωλῦ-

2123 3754 2311 3800 σοντος
2346 3736 2603 3806 ἐρημίας,
2633 3737 2665 3807 ἢ
2699 3736 2794 3790 καὶ
2818 3737 2953 3801 ὅλως
2979 3738 3073 3792 τοῦ
3106 3741 3473 3811 ἀμυνομένου.
3512 3742 3609 3811 τήν
3640 3752 3694 3794 τε

2124 3830 2280 3882 πόλιν
2310 3830 2467 3898 ἡμῶν
2502 3828 2609 3899 (εἴη
2660 3830 2719 3882 δὲ
2777 3830 2870 3883 καὶ
2915 3832 3102 3902 κοινὴν
3158 3834 3392 3903 πατρίδα
3425 3834 3534 3887 τῶν
3561 3835 3695 3903 Χριο

2125 3920 2359 3974 στιανῶν
2392 3921 2650 3974 ἁπάντων
2678 3920 2874 3991 εἰπεῖν)
2898 3923 2926 3974 ὁ
2956 3921 3232 3994 βάρϐαρος
3262 3925 3692 3994 κατεστρέψατο,

2123 4015 2272 4083 ἡμᾶς
2316 4029 2374 4063 τε
2432 4011 2945 4081 ἐξηνδραποδίσατο,
3004 4016 3098 4068 καὶ
3152 4017 3326 4068 πάντα
3379 4017 3593 4085 διέθηκε
3634 4020 3699 4069 τά

2124 4104 2426 4169 δεινότατα,
2461 4105 2555 4156 καὶ
2588 4107 2703 4167 τοῖς
2733 4104 2941 4171 λοιποῖς
2997 4110 3134 4177 μετά
3191 4107 3387 4161 πολλοῦ
3433 4109 3527 4162 τοῦ
3574 4110 3695 4181 Θρά-

2126 4214 2253 4259 σους
2285 4195 2376 4248 καὶ
2411 4194 2653 4264 μεγάλου
2686 4196 3004 4266 ἐπέρχεται.
3037 4198 3134 4251 Διὰ
3164 4201 3337 4251 ταῦτα
3380 4202 3471 4253 καὶ
3514 4202 3696 4270 66-390-

2128 4306 2248 4359 μαι,
2284 4289 2379 4340 καὶ
2409 4287 2633 4359 δακρύω
2667 4325 2681 4350 ,
2732 4293 2825 4340 καὶ
2858 4288 2953 4341 τοῦ
2999 4290 3257 4360 δακρύειν
3300 4292 3360 4343 οὐ
3399 4291 3700 4361 παύσομαι,

2124 4382 2227 4443 ἕως
2258 4379 2323 4434 ἂν
2348 4379 2447 4450 τὴν
2476 4379 2595 4443 τῶν,
2610 4379 2827 4434 ἀσεϐῶν
2853 4381 2994 4433 κατὰ
3024 4381 3368 4452 Χριστιανῶν
3402 4384 3698 4453 εὐημερίαν

2126 4474 2260 4543 ὁρῶ.

440 4568 729 4630 nudarent,
769 4569 861 4622 sed
895 4584 963 4623 ne
994 4584 1094 4623 nos
1122 4567 1338 4637 quidem
1366 4567 1475 4635 jam
1509 4568 1559 4619 iu
1595 4575 1796 4620 tantam
1849 4566 2231 4622 incidissemus
2272 4569 2657 4635 calamitatem,
2689 4581 2880 4638 poenas
2929 4576 3107 4621 autem
3156 4567 3477 4636 jamdudum
3533 4566 3696 4622 hnsus

440 4677 495 4716 se
528 4664 719 4731 dignas
738 4662 999 4715 dedisset.
1024 4660 1184 4713 Nunc
1210 4675 1362 4723 vero,
1392 4663 1649 4729 quoniam
1677 4674 1834 4715 nemo
1864 4659 2031 4714 voluit
2069 4658 2305 4714 cilicium
2338 4660 2538 4725 facere,
2602 4661 2907 4729 divinaeque
2974 4675 3074 4715 nos
3123 4660 3473 4727 providentia:
3534 4662 3699 4716 destt.

442 4756 538 4809 tuti
574 4755 774 4808 luimus
822 4767 948 4824 ope,
980 4755 1107 4808 dum
1137 4763 1321 4808 nostra
1347 4754 1503 4825 culpa
1537 4757 1679 4811 ultro
1711 4770 1812 4811 nos
1845 4755 1912 4809 ab
1940 4771 2000 4810 ea
2064 4758 2395 4812 exclusimus
2429 4775 2442 4811 :
2476 4755 2734 4823 quoniam
2756 4756 2881 4809 item
2911 4771 3103 4824 magna
3151 4756 3549 4825 prohibentium
3606 4756 3695 4810 ho-

439 4864 599 4914 stem,
632 4858 725 4902 aut
786 4849 975 4904 saltem
1035 4848 1430 4913 resiStcntiutn,
1491 4850 1716 4919 penuria
1774 4851 2004 4914 exstitit.
2046 4851 2248 4906 factum
2282 4860 2384 4916 cst,
2422 4859 2481 4904 ut
2505 4857 2560 4903 et
2588 4850 2777 4904 urbem
2848 4858 3117 4914 nostram,
3168 4850 3279 4905 imo
3357 4867 3697 4906 communem

440 4947 820 5001 universorum
896 4942 1336 4997 Christianorum
1414 4944 1669 5012 patriam,
1751 4944 2018 5000 barbarus
2057 4942 2332 5007 everterit,
2405 4943 2693 5010 omnisque
2757 4941 2974 5012 generis
3018 4943 3284 4995 horrenda
3347 4944 3593 5014 exempla
3648 4945 3696 4997 in

439 5058 539 5098 nos
565 5041 797 5097 ediderit
829 5046 1040 5108 captos,
1077 5040 1460 5092 etiucasteros
1512 5051 1705 5106 magna
1770 5034 1997 5088 audacia
2037 5033 2570 5092 elfrcnateiuvadat.
2606 5030 2701 5087 His
2767 5032 2832 5085 de
2917 5029 3102 5086 causis
3160 5046 3262 5101 ego
3321 5032 3594 5105 lacrymor
3649 5043 3699 5088 et

440 5139 614 5210 ploro,
645 5154 744 5193 nec
772 5134 1106 5204 Iacrymandi
1143 5131 1302 5185 linem
1345 5130 1559 5195 faciam,
1620 5129 1860 5198 quandiu
1914 5128 2200 5199 impiorum
2228 5125 2412 5183 felices
2440 5136 2631 5181 contra
2652 5124 2998 5182 Christianos
3029 5141 3318 5182 successus
3346 5126 3558 5181 videbo.

511 5237 752 5303 Augetur
785 5232 949 5285 etiam
980 5242 1131 5282 meus
1156 5224 1311 5281 dolor
1343 5240 1409 5279 ex
1441 5240 1505 5278 eo
1530 5223 1675 5293 quod
1731 5224 1875 5277 circa
1928 5222 2014 5277 do-

2213 5218 2508 5272 ⁹Επιτείνει
2530 5217 2585 5271 δέ
2614 5234 2707 5287 μοι
2733 5217 2796 5271 τὸ
2818 5216 2991 5281 πάθος
3016 5218 3108 5272 καὶ
3136 5218 3194 5270 τὸ
3215 5216 3311 5269 ἐπὶ
3340 5220 3450 5280 τοῖς
3481 5217 3700 5280 οἰκείοις

438 5328 697 5380 mesticos
727 5333 778 5378 et
814 5330 1076 5390 cognatos
1096 5334 1243 5374 meos
1274 5318 1476 5371 factum
1501 5325 1604 5370 cst.
1638 5315 1848 5370 Etenim
1880 5314 2023 5369 alius

439 5420 631 5471 horum
662 5417 789 5477 alio,
833 5414 1018 5470 nescio
1045 5428 1153 5483 quo
1184 5421 1457 5466 terrarum
1508 5408 1733 5479 singuli,
1786 5406 2020 5477 dispersi

439 5520 584 5563 sunt.
617 5508 870 5562 Nonnulli
900 5521 1141 5576 quoque,
1177 5520 1301 5558 vera
1330 5503 1596 5572 religione
1629 5504 1917 5568 abnegata,
1951 5499 2017 5553 ad

439 5600 767 5667 impietatem
792 5595 1211 5651 defecerunt.Ac
1241 5594 1305 5649 de
1323 5604 1641 5648 cmterorum
1669 5592 1883 5663 quidem
1907 5606 2023 5643 om-

440 5692 589 5742 nitttu
622 5690 838 5741 fortuna
898 5687 1348 5755 singulorumque
1403 5686 1581 5739 dicere
1614 5698 1721 5737 non
1746 5697 1967 5750 possunt
2002 5698 2015 5737 :

439 5777 532 5835 scd
564 5778 874 5837 dequatuor
897 5776 1083 5829 iratris
1105 5776 1209 5829 mci
1230 5776 1374 5838 filiis,
1407 5788 1528 5828 cum
1556 5784 1663 5827 tres
1691 5771 1799 5839 (hei
1824 5769 1955 5825 tnihi
1979 5770 2020 5837 l)

2126 5313 2217 5367 καὶ
2248 5310 2537 5381 συγγενέσι
2583 5312 2974 5382 γεγενημένον.
3028 5310 3224 5374 ’Λλλος
3254 5311 3363 5379 γάρ
3410 5310 3571 5383 ἄλλῃ,
3608 5311 3702 5362 οὐκ

2127 5399 2222 5458 οἷδ’
2256 5406 2361 5476 ὅπη
2403 5401 2529 5472 γῆς,
2566 5401 2941 5473 διεσπάρησαν
2979 5399 3235 5464 ἕκαστος.
3274 5402 3336 5453 Οί
3370 5400 3429 5455 δὲ
3476 5399 3573 5454 καὶ
3605 5400 3702 5470 τὴν

2127 5495 2431 5566 ἀμώμητον
2469 5493 2651 5547 πίστιν
2676 5492 2941 5563 ἦμειψαν,
2984 5495 3076 5547 ἐπὶ
3105 5493 3203 5563 τὴν
3234 5491 3492 5546 ἀσέϐειαν
3544 5507 3705 5561 μεταο

2132 5586 2336 5651 Οέντες.
2369 5584 2475 5638 Καὶ
2502 5584 2626 5645 τοὺς
2664 5583 2763 5654 μὲν
2789 5584 2984 5643 ἄλλους
3021 5582 3269 5647 ἅπαντας
3319 5582 3445 5636 καο’
3476 5582 3702 5635 ἕκαστον

2125 5675 2305 5743 λέγειν
2334 5676 2436 5727 οὐκ
2470 5672 2535 5726 ἂν
2569 5667 2679 5735 οἷός
2722 5689 2780 5723 τε
2820 5668 2909 5744 ἦν’
2948 5672 3062 5725 ἀλλ’
3094 5671 3391 5740 ἀδελφιδῶν
3432 5688 3529 5740 μοι
3579 5686 3703 5722 τεσ·

2128 5769 2332 5836 σάρων,
2368 5767 2477 5822 τῶν
2529 5766 2713 5835 τριῶν,
2767 5766 2901 5834 φεῦί
2952 5765 3332 5834 μεταθεμένων
3364 5761 3555 5825 δεινῶς
3580 5805 3594 5825 ,
3632 5760 3703 5828 τῷ
