3956 6200
301 218 433 280 1069

1325 215 1814 277 LAMENTATIO
1844 213 1944 274 DE
1975 213 2194 275 CPOLI
2223 215 2479 277 CAPTA.

3416 218 3544 281 10'0

296 335 498 405 σφόδρα
561 333 735 403 νεαρῷ
790 332 888 402 τῆς
931 332 1165 404 ἡλικίας,
1222 334 1318 386 καὶ
1366 333 1528 387 ἄλλου
1568 332 1703 404 ἄλλη
1735 332 1872 385 ἀπε-

1986 330 2030 383 itt
2065 331 2372 386 calamitate
2405 333 2561 386 fidem
2595 332 2973 388 adolescentia:
2996 334 3283 402 tragiLtate
3322 334 3544 402 relique-

295 428 598 500 νεχθέντος,
635 427 786 497 μόλις
812 420 893 490 εἷς
927 443 1017 495 μοι
1049 424 1477 495 περισέσωσται,
1508 425 1668 487 ὤνιος
1697 426 1870 495 ἀργυ-

297 523 456 590 ρὶοις,
515 519 609 571 καὶ
662 518 1014 589 ταλαιπωρία
1047 517 1239 588 πολλῇ·
1282 517 1382 570 οὐκ
1418 517 1483 570 ἂν
1533 516 1664 578 ῐσως
1712 514 1872 569 τοῦτο

299 613 515 682 συμϐὰν
544 613 741 677 οὕτως,
773 612 822 665 εί
849 613 876 665 ό
903 610 1085 682 πατὴρ
1122 610 1222 679 μὲν
1243 602 1318 665 ἀὐ
1333 613 1457 675 τοῖς,
1483 611 1606 680 ἐμοὶ
1636 609 1692 663 δὲ
1713 609 1870 663 ἀδελ-

297 703 394 770 φὸς
428 705 647 773 περιῆν.
675 702 824 773 Ταχύ
850 703 959 773 γὰρ
991 697 1057 756 ἂν
1084 702 1280 765 αὐτοὺς
1312 702 1659 770 ἀναζητήσας
1687 716 1874 769 περιε-
1893 707 1904 724 ⁸

295 795 531 857 σώσατο,
560 793 654 848 τοῦ
681 795 844 846 πόνου
877 812 970 863 μοι
999 794 1402 864 συναράμενος.
1428 793 1542 846 Νῦν
1567 793 1622 845 δὲ
1646 793 1706 845 τὸ
1731 783 1901 845 ἐκεί-ι’

294 904 421 949 νους
455 887 554 957 μὲν
586 887 642 953 ἐξ
667 885 974 958 ἀνθρώπων
1008 885 1286 954 γενέσθαι,
1320 885 1421 954 ἐμὲ
1449 884 1506 937 δὲ
1543 884 1705 954 μόνον
1731 885 1869 955 πρὸς

295 981 472 1034 πάντα
511 979 586 1051 μὴ
625 979 912 1049 ἐξαρκεῖν,
965 978 1140 1040 ἄλλως
1190 995 1249 1030 τε
1311 977 1404 1030 καὶ
1463 978 1869 1052 ἀπραγμοσύνῃ

295 1072 636 1142 συνεζηκότα
693 1071 862 1142 πολλῇ
919 1071 1008 1142 (δι’
1048 1070 1117 1140 ἢν
1162 1069 1300 1139 πρὸς
1339 1071 1516 1123 πάντα
1565 1069 1724 1122 πόνον
1776 1072 1871 1123 καὶ

255 1183 268 1192 ··
296 1163 516 1232 πρᾶξιν,
554 1162 694 1233 πλὴν
741 1165 835 1217 τοῦ
888 1163 1028 1217 κατά
1088 1163 1213 1227 τούς
1277 1163 1509 1230 λόγους,
1558 1163 1869 1217 συνέϐαινεν

295 1256 442 1324 ἔχειν
470 1255 734 1326 ἀπείρως)
767 1255 942 1310 αἴτιον
974 1255 1162 1319 αὐτοῖς
1209 1254 1306 1324 τῆς
1351 1255 1609 1326 τοιαύτης
1643 1257 1871 1324 μεταῦο·

294 1347 416 1418 λῆς.
458 1345 599 1401 Οὐτε
641 1346 749 1419 γὰρ
801 1348 980 1417 εὑρεῖν
1011 1347 1227 1412 αὐτοὺς,
1259 1348 1367 1417 ὅπη
1413 1348 1538 1417 γῆς,
1568 1348 1751 1418 ῥᾴδιον
1783 1344 1870 1416 ἦν,

295 1441 419 1495 οὐδὲ
452 1441 560 1494 τῶν
594 1440 770 1494 ἄλλων
799 1439 991 1493 οὐδένα
1025 1440 1329 1508 συγγενῶν,
1370 1441 1588 1493 πάντων
1623 1440 1870 1504 ἐλεεινῶς

295 1536 406 1596 τοῖς
441 1531 737 1604 βαρϐάροις
779 1531 872 1584 ἀπ’
903 1531 1154 1600 ἀλλήλων
1184 1531 1604 1601 γεγενημένων,
1653 1532 1747 1584 καὶ
1779 1531 1872 1586 ἄλ·-

295 1625 391 1678 λου
431 1623 566 1695 ἄλλῃ
588 1623 1003 1694 ἀπενεχθέντοςο
1037 1622 1130 1674 καὶ
1153 1622 1180 1674 ό
1202 1621 1464 1673 ἑκάστοτε
1488 1620 1543 1674 δὲ
1578 1622 1676 1674 σὺν
1700 1621 1868 1689 πολλῇ

296 1715 652 1786 ταλαιπωρίᾳ
689 1732 779 1786 μοι
829 1712 1218 1784 εὑρισκόμενος
1251 1706 1404 1764 εἷλκε
1460 1711 1599 1780 πρὸς
1653 1711 1870 1766 ἑαυτόν.

300 1807 524 1879 Πρῶτον
560 1806 653 1860 οὖν
682 1805 1064 1874 περιτυγχὰνω
1087 1805 1153 1870 τῇ
1189 1797 1413 1870 ἀδελφῇ,
1451 1795 1570 1853 εἶτα
1598 1803 1662 1869 τῇ
1701 1801 1872 1870 μητρὶ

300 1899 557 1967 ἀλλαχοῦ,
580 1898 660 1968 τῷ
683 1894 948 1966 ἀδελφιδῷ
972 1894 1098 1948 ’ὐστε
1107 1911 1219 1964 ρον·
1247 1895 1342 1948 καὶ
1371 1893 1582 1956 τούτοις
1603 1891 1701 1962 τὴν
1724 1891 1876 1944 ἐλευ-

301 1993 490 2062 θερίαν
513 1991 618 2044 ὐπδ
647 1988 767 2059 Θεῷ
799 1989 956 2059 αἰτίῳ
981 1985 1398 2058 περιποιοῦμαι,
1423 1986 1577 2051 τάξιν
1601 1986 1874 2055 ὑπηρέτου

303 2084 495 2148 σώζων
528 2067 711 2148 αὐτὺς,
755 2084 850 2136 καὶ
885 2081 944 2135 τὸ
996 2080 1198 2149 σφόδρα
1232 2080 1470 2150 χαλεπὸν
1513 2079 1615 2146 τῆς
1654 2080 1763 2132 τῶν
1788 2079 1877 2130 λύ-

299 2195 446 2245 τρων
481 2175 773 2246 εὑρέσεως·
808 2175 873 2244 ἥν
923 2173 1058 2242 ἐλέῳ
1090 2171 1236 2240 μόνῳ
1275 2171 1412 2224 Θεοῦ
1459 2169 1768 2242 ὲκτὼμεθα,
1806 2171 1874 2224 δι’

308 2270 375 2338 ἢν
400 2267 508 2322 τῶν
536 2266 894 2337 παρεχόντων
948 2265 1046 2317 καὶ⁸
1070 2264 1363 2316 ἐλεούντων
1393 2266 1426 2334 ή
1459 2263 1576 2316 θεία
1611 2263 1877 2326 ἀντίδοσις

310 2359 709 2432 μυριοπλασίας
754 2355 1169 2428 ἀποδοθήσεται.
1207 2355 1385 2409 Μόνον
1417 2355 1511 2409 νῦν
1559 2357 1698 2425 είμι,
1750 2373 1880 2424 συγ-

305 2451 486 2522 γενέσι
520 2449 732 2514 πολλοῖς
761 2448 1010 2516 πολλαχῆ
1039 2447 1486 2516 διεσπαρμένοις,
1522 2448 1615 2500 καὶ
1640 2445 1878 2516 οὐδαμοῦ

305 2543 429 2597 οὐδὲ
462 2541 654 2596 σύνδυο
693 2539 1132 2612 εὑρισκομένοις,
1189 2540 1246 2593 ἐν
1292 2541 1496 2610 ἀπορίᾳ
1556 2539 1725 2608 πολλῇ
1783 2540 1879 2592 καὶ

304 2631 652 2704 ταλαιπωρίᾳ
687 2632 922 2702 μεγάλῃ.
978 2630 1147 2684 Τοῦτό
1205 2647 1273 2700 με
1325 2632 1416 2683 καὶ
1466 2629 1586 2683 λίαν
1634 2629 1878 2697 ἀλγύνει,

304 2722 466 2777 τοῦτο
490 2723 634 2776 ποιεῖ
662 2723 722 2776 τδ
753 2722 852 2792 ζῇν
883 2722 1274 2792 ἀπολέγεσθαι.
1307 2721 1455 2791 Αὕτη
1485 2739 1575 2791 μοι
1607 2722 1882 2791 συμφορὰ,

308 2813 668 2888 παραμυθίας
707 2815 963 2868 ὑπόθεσιν
996 2815 1258 2884 οὐδεμίαν
1312 2816 1704 2884 ὑποφαίνουσα.
1768 2815 1884 2868 Μία

311 2928 404 2979 μοι
441 2910 604 2978 μόνον
637 2907 986 2979 παραμυθία,
1021 2908 1081 2960 τὸ
1117 2908 1244 2969 τοὺς
1293 2907 1607 2975 ἁδελφιδοὺς
1653 2906 1885 2975 ἁνακλη·

1973 422 2102 488 rint,
2129 423 2379 494 aliusque
2403 425 2514 479 alio
2541 425 2852 481 abstractus
2884 428 2977 491 sit,
3005 426 3090 480 vix
3125 441 3268 480 unus
3302 426 3436 480 mtlti
3467 441 3547 480 re-
3574 413 3579 418 ’

1972 525 2102 582 atat,
2134 527 2358 590 argento
2418 520 2650 584 venalis,
2711 536 2908 590 magna
2957 519 3278 576 difﬁcultate
3329 511 3552 574 conﬂic-

1972 615 2094 662 tans
2123 627 2135 662 :
2172 609 2312 677 quod
2348 608 2578 665 fortasse
2609 626 2716 664 non
2750 610 3070 677 accidisset,
3105 611 3148 665 si
3215 619 3365 680 pater
3397 611 3550 678 ipsis,

1971 709 2024 756 et
2061 702 2189 756 mibi
2220 701 2407 767 frater,
2433 715 2760 773 superesset.
2796 704 2951 760 Brevi
2971 706 3113 760 enim
3138 719 3232 760 eos
3271 705 3551 774 requirens

1972 807 2368 860 conservasset,
2399 796 2603 852 laboris
2645 798 2776 851 milti
2817 799 3022 854 socius.
3058 799 3215 852 Nune
3248 813 3393 861 vero,
3444 797 3554 851 illis

1971 882 2040 937 de
2070 885 2176 940 vita
2203 889 2480 942 communi
2509 890 2762 948 sublatis.
2789 905 3021 955 quorum
3056 905 3222 959 opera
3257 889 3386 943 mibt
3415 904 3548 959 opus

1973 987 2110 1039 erat.
2132 994 2256 1033 cum
2288 994 2388 1051 ego
2428 977 2579 1036 solus'
2608 983 2754 1036 omni
2794 983 2967 1038 labori
2990 983 3211 1038 ferendo
3233 1000 3336 1036 non
3351 998 3550 1044 essem.

1974 1072 2272 1139 praesertim
2304 1081 2461 1127 aetate
2495 1075 2547 1128 itt
2581 1074 3024 1141 otiolitterisque
3073 1084 3194 1130 aeta
3251 1074 3422 1146 (unde
3486 1075 3551 1129 ad

1965 1177 2193 1236 omnem
2226 1165 2464 1222 laborem
2483 1180 2527 1222 e'
2557 1167 2846 1228 at-tionem.
2869 1177 3228 1237 praeterquam
3251 1169 3314 1221 ad
3349 1167 3551 1229 studia,

1976 1256 2129 1310 rudis
2157 1266 2212 1312 et
2241 1257 2458 1326 ineptus
2485 1260 2653 1328 sum),
2692 1275 2854 1315 causa
2899 1260 3010 1315 bmc
3048 1260 3152 1314 illis
3187 1267 3348 1313 tanta:
3385 1267 3553 1312 muta.

1976 1351 2140 1407 tionis
2170 1351 2386 1407 accidit.
2417 1349 2603 1419 Neque
2635 1353 2802 1415 enim,
2853 1353 3072 1407 ubinam
3131 1352 3232 1421 ipsi
3285 1361 3553 1405 terrarum

1974 1449 2176 1505 essent,
2207 1451 2422 1513 repertu
2459 1442 2844 1497 facileserant:
2879 1457 3052 1510 neque
3077 1451 3395 1495 caeterorum
3421 1455 3554 1494 ean-

1977 1533 2398 1603 sanguineorum
2461 1534 2602 1588 ullus
2648 1553 2660 1587 :
2713 1534 2857 1604 quod
2911 1534 3111 1604 singuli
3174 1531 3555 1587 miserabiliter

1979 1639 2005 1674 a
2055 1625 2298 1679 barbaris
2332 1624 2579 1680 distracti
2619 1641 2648 1679 a
2679 1640 2738 1680 se
2767 1626 2997 1680 invicem
3056 1632 3259 1688 essent,
3307 1624 3556 1694 aliusque

1977 1717 2084 1770 alio
2118 1718 2417 1786 abreptus:
2444 1717 2516 1770 ita
2546 1726 2597 1770 ιιι
2633 1718 2866 1786 quisque
2895 1718 3160 1784 ipsorum,
3203 1717 3289 1770 vix
3336 1707 3476 1784 aegri:
3523 1731 3554 1766 a

1979 1805 2376 1861 tnediversoin
2405 1805 2525 1860 loco
2565 1813 2829 1873 repertus,
2890 1820 2976 1858 me
3036 1805 3091 1859 in
3146 1819 3205 1858 se
3263 1804 3558 1873 quaerendo

1979 1906 2304 1967 occupatum
2357 1906 2582 1952 teneret.
2617 1897 2798 1951 Primo
2832 1896 3016 1967 itaque
3072 1896 3364 1950 nanciscor
3408 1909 3558 1950 soro-

1981 2005 2116 2050 rem,
2145 1988 2344 2044 deinde
2381 1999 2610 2044 matrem
2650 1989 2756 2043 alio
2793 1989 2846 2042 in
2884 1989 3023 2055 loco,
3083 1999 3195 2042 tum
3255 1989 3436 2044 fratris
3498 1990 3560 2041 li-

1981 2082 2111 2135 lium
2150 2100 2163 2136 :
2198 2081 2397 2152 quibus
2424 2081 2756 2145 libertatem,
2791 2081 2900 2135 Deo
2922 2079 3164 2148 iuvante,
3203 2079 3417 2150 peperi:
3447 2081 3562 2149 ipse

1983 2174 2342 2230 ministerium
2392 2190 2554 2228 omne
2613 2173 2823 2237 obiens,
2873 2170 3294 2241 diﬁicillimeque
3331 2171 3561 2242 pretium

1982 2267 2284 2322 redimendi
2325 2282 2621 2337 corrogans
2661 2283 2674 2319 :
2718 2264 2860 2334 quod
2895 2265 3008 2320 sola
3041 2264 3134 2320 Dei
3175 2263 3551 2319 misericordia

1983 2357 2261 2411 consecuti
2289 2371 2479 2410 sumus
2515 2372 2530 2413 :
2556 2372 2652 2426 pro
2670 2371 2777 2425 quo
2800 2355 2907 2410 illis
2927 2355 3042 2423 qui,
3064 2369 3148 2408 no-
3167 2359 3305 2407 trum
3330 2354 3561 2422 m'serti,

1984 2451 2348 2515 contulerunt,
2363 2449 2540 2503 divina
2560 2437 2860 2518 b’cnignitas
2882 2446 3312 2503 cumulatissime
3333 2447 3564 2516 gratiam

1986 2548 2204 2600 referet.
2254 2542 2411 2596 Nune
2445 2545 2595 2594 solus
2653 2557 2773 2596 sum
2805 2559 2818 2594 :
2857 2539 3297 2609 consanguineis,
3330 2554 3564 2608 quoruut

1989 2649 2216 2704 magnus
2247 2649 2531 2697 numerus,
2559 2633 2612 2685 in
2638 2632 2783 2686 varia
2811 2633 2924 2685 loca
2953 2630 3238 2700 dispersis,
3267 2646 3334 2685 ne
3356 2630 3566 2686 duobus

1985 2729 2202 2799 quidem
2236 2729 2445 2796 uspiam
2481 2741 2589 2780 una
2611 2724 2982 2786 manentibus,
3011 2723 3065 2794 in
3100 2737 3293 2792 magna
3325 2731 3569 2791 egestate

1980 2831 2039 2875 et
2059 2823 2340 2876 aerumnis.
2377 2819 2487 2872 lloe
2511 2818 2688 2887 ipsum
2714 2824 2816 2878 est,
2855 2814 3001 2882 quod
3033 2812 3192 2867 valde
3220 2827 3306 2868 me
3357 2812 3568 2867 discru-

1987 2916 2112 2976 ciet,
2144 2914 2245 2966 boc
2274 2912 2518 2964 animum
2555 2921 2611 2963 ut
2637 2908 3004 2976 despondeam
3055 2903 3202 2967 facit,
3265 2904 3378 2959 bznc
3421 2904 3568 2958 cala-

309 3001 504 3063 θέντας
546 3000 695 3064 ἰδεῖν,
737 2999 832 3053 καὶ
887 3004 1021 3069 πρὸς
1073 2999 1135 3051 τὸ
1171 2999 1400 3067 πάτριον
1452 2997 1619 3060 σέϐας
1660 2997 1882 3051 ἐπανελ-

1989 3007 2153 3060 ntitas
2193 3004 2369 3060 solatii
2427 3003 2692 3056 rationem
2747 3001 2954 3054 nullam
3016 2997 3280 3053 ostendit.
3333 2995 3567 3051 Unicum

311 3094 527 3156 θόντας.
563 3094 628 3145 ⁸0
670 3092 900 3159 γένοιτο,
934 3093 1028 3144 καὶ
1063 3093 1252 3161 μεῖζον
1277 3092 1357 3154 εἰς
1394 3091 1751 3159 παραμυθίας
1799 3106 1889 3158 μοι

309 3187 468 3254 λόγον
500 3185 700 3256 οὐδὲνῆ
735 3185 830 3238 καὶ
859 3184 950 3238 τοῦ
985 3184 1083 3254 ζῇν
1107 3184 1212 3250 ἔξω
1242 3184 1526 3255 γενοίμην,
1557 3183 1641 3237 ἵνα
1672 3181 1767 3236 καὶ
1794 3181 1887 3235 τοῦ

309 3279 516 3348 ἀλγεῖν.
559 3278 724 3333 Ἀλλά
777 3278 1010 3342 δέδοικα,
1072 3277 1276 3347 μήκαὶ
1326 3275 1518 3331 τούτου
1577 3277 1887 3346 γινομένου,

314 3373 579 3443 μειζόνως
609 3372 833 3442 ἀλγήσω
865 3372 896 3441 ἢ
929 3372 1069 3424 κατὰ
1102 3370 1198 3442 τὴν
1229 3369 1326 3422 νῦν
1383 3371 1692 3439 συμφορὰν,
1734 3369 1893 3420 κολά-

313 3480 466 3516 σεσιν
500 3463 880 3532 ἀτελευτήτοις
913 3460 1261 3530 ὐποδληθθὶς,
1293 3461 1360 3512 δι’
1385 3460 1443 3512 ὃν
1480 3461 1764 3528 ὲπίκειμαι
1794 3459 1891 3527 τῆς

309 3556 489 3627 ψυχῆς
521 3557 824 3624 μολυσμόν.
867 3554 1026 3607 Ἀλλὰ
1056 3553 1283 3607 καὶτῶν
1319 3553 1415 3606 νῦν
1454 3554 1774 3623 συμφορῶν,
1800 3553 1892 3604 καὶ

311 3647 420 3698 τῶν
443 3647 523 3704 εἰς
553 3646 615 3696 τὸ
663 3643 860 3711 μέλλον
891 3643 1266 3712 ἂπαλλαγείην
1299 3642 1594 3709 κολάσεων,
1624 3642 1719 3694 τοῦ
1752 3639 1890 3695 Θεοῦ

315 3753 407 3806 μοι
444 3736 573 3790 litato
633 3734 728 3788 νῦν
772 3734 994 3796 ιδόντος,
1026 3735 1120 3787 καὶ
1161 3734 1239 3803 τῷ
1289 3733 1459 3804 πατρὶ
1521 3733 1892 3802 συγγενοίμην

314 3829 410 3882 καὶ
457 3828 695 3898 ἀδελφῷ,
734 3828 784 3880 εί
849 3827 944 3879 καὶ
1005 3826 1081 3896 μὴ
1129 3826 1228 3893 τῆς
1285 3825 1654 3893 καθαρότητος
1708 3825 1892 3886 αὐτοῖς

315 3919 579 3973 κοινωνῶ.
618 3919 743 3972 Εἴθε
777 3919 835 3971 δὲ
865 3921 898 3989 ἡ
925 3914 1171 3988 ¹Χριστοῦ
1203 3915 1363 3986 χάρις
1392 3919 1456 3985 τῇ
1486 3917 1608 3983 ἐμοὶ
1637 3917 1894 3984 μετανο⁷ᾳ

318 4012 414 4066 καὶ
451 4014 590 4082 ῥοπῇ
623 4014 688 4082 τῇ
718 4010 856 4081 πρὸς
896 4009 964 4062 τὰ
997 4007 1139 4062 καλά
1184 4007 1293 4059 τῶν
1349 4009 1526 4060 ἐκεῖσε
1563 4005 1894 4070 ἀπαλλάξειε

316 4105 711 4175 κολαστηρίων,
746 4103 838 4156 τὸν
869 4101 977 4156 τῶν
1017 4099 1206 4154 παθῶν
1237 4099 1428 4168 ἐσμὸν,
1457 4097 1516 4151 δν
1546 4099 1893 4168 περίκειμαι,

317 4199 644 4270 παριδοῦσα.
682 4198 934 4267 Ζήσομαι
961 4196 1163 4258 τοίνυν,
1199 4191 1306 4256 ἓως
1336 4193 1401 4245 ἃν
1430 4191 1523 4262 ἐξῇ
1563 4191 1686 4262 ζῇν,
1717 4191 1896 4256 ἀλγῶν

318 4295 413 4347 καὶ
463 4292 719 4362 δακρύων
773 4293 823 4343 εί
879 4289 952 4360 μή
995 4305 1045 4341 τι
1071 4286 1434 4360 χρηστότερον
1466 4284 1526 4347 ἐξ
1558 4285 1898 4339 ἀνελπίστων

1994 3100 2122 3154 mihi
2153 3099 2404 3152 Solatium
2440 3106 2629 3162 restat,
2657 3096 2700 3150 si
2731 3105 2956 3163 nepotes
2978 3109 3039 3145 cx
3069 3091 3236 3145 fratre
3275 3103 3567 3158 recupera-

1993 3201 2079 3247 tos
2105 3190 2338 3252 rideam,
2401 3189 2578 3244 et-ad
2631 3188 2860 3257 patriam
2920 3184 3234 3254 religionem
3288 3184 3569 3236 reductos.

1994 3283 2212 3338 Utinam
2247 3284 2348 3337 ltoc
2382 3283 2510 3336 fiat!
2570 3281 2742 3349 major
2800 3277 2929 3332 mibi
2995 3279 3059 3330 ad
3115 3274 3369 3328 solatium
3435 3273 3572 3328 ratio

1993 3376 2136 3429 nulla
2173 3374 2289 3426 dari
2324 3381 2520 3443 potest.
2556 3372 2665 3424 Ant
2695 3385 2824 3424 sane
2845 3385 2908 3424 ex
2935 3368 3040 3421 vita
3058 3381 3276 3436 quoque
3296 3366 3573 3419 discedere

1992 3470 2290 3537 continget,
2331 3465 2499 3520 utsic
2528 3465 2692 3519 etiam
2757 3459 3077 3533 aegritudine
3132 3459 3298 3511 animi
3354 3458 3574 3512 liberer.

1994 3561 2175 3615 Metuo
2200 3571 2381 3612 tamen
2409 3574 2496 3623 ne,
2531 3557 2577 3612 si
2611 3557 2710 3610 ltoc
2739 3554 2942 3609 factum
2983 3552 3169 3616 fuerit,
3233 3553 3287 3605 in
3344 3551 3575 3619 majores

1993 3652 2251 3716 incidam,
2272 3665 2434 3719 quam
2469 3656 2700 3718 quantos
2719 3663 2783 3700 ex
2813 3645 3175 3716 praesentibus
3204 3642 3360 3698 malis
3379 3643 3576 3699 sentio.

1995 3742 2230 3805 dolores,
2268 3740 2606 3793 cruciatibus
2639 3737 2860 3792 maternis
2900 3745 3125 3806 prepter
3174 3734 3369 3788 anima:
3445 3750 3578 3788 "10:13

1996 3833 2404 3899 inquinamenta
2434 3829 2745 3882 mandatus.
2783 3828 2887 3881 Sed
2924 3829 3129 3881 utinam
3183 3839 3236 3880 et
3293 3828 3578 3894 pt'msrnti-

2001 3922 2100 3975 bus
2123 3919 2382 3985 miseriis,
2408 3930 2461 3973 et
2496 3917 2693 3972 futurae
2728 3919 2848 3972 vitrc
2879 3921 3081 3988 pmnis,
3124 3918 3231 3971 Deo
3265 3934 3352 3971 me
3396 3920 3580 3988 propi-

2003 4011 2089 4062 tiis
2121 4008 2297 4063 oculis
2325 4008 2645 4088 aspiciente,
2693 4008 2912 4070 liberer,
2969 4007 3354 4073 ιύιιδοειίοιμιο
3413 4011 3580 4074 patris

2000 4114 2053 4157 et
2085 4101 2267 4156 fratris
2296 4102 2466 4168 fruar,
2507 4101 2633 4154 licet
2662 4115 2768 4154 non
2801 4116 2863 4155 ea
2889 4102 3145 4169 puritate,
3175 4115 3280 4168 qua
3309 4100 3430 4168 ipsi,
3451 4103 3581 4154 sint.

1999 4191 2140 4264 Opto
2168 4209 2296 4248 vero
2327 4191 2526 4247 Christi
2553 4192 2806 4262 gratiam,
2840 4202 2896 4244 ιιι
2929 4208 2991 4244 ea
3024 4205 3131 4253 me,
3164 4192 3480 4260 poenitentia
3514 4193 3581 4244 ad

2003 4286 2176 4340 bonas
2201 4284 2452 4339 actiones
2484 4283 2938 4353 propetnlentetn,
3004 4280 3307 4336 inferorum
3375 4284 3581 4336 crucia-

319 4353 622 4456 ἀναφανείη
649 4382 832 4448 ποθὲν,
861 4353 1030 4452 τιμὴν
1064 4353 1286 4433 ἀπασαν
1320 4353 1602 4445 τιθέμενος
1648 4374 1778 4445 παρ’
1807 4375 1882 4428 οὑ‹

2005 4377 2205 4432 mentis
2237 4376 2451 4440 liberet,
2474 4390 2580 4429 non
2621 4375 2806 4428 habito
2833 4389 3119 4444 pravorum
3189 4374 3483 4429 alltctuutn
3530 4385 3584 4429 et

319 4482 409 4534 δὲν
439 4481 546 4534 τῶν
588 4481 708 4548 οὐκ,
741 4479 828 4547 ἐφ’
875 4477 1009 4549 ἡμῖν
1040 4470 1227 4538 οὖσαν,
1260 4474 1355 4528 καὶ
1398 4472 1553 4526 οὐδὲν
1601 4474 1738 4541 πρὸς
1774 4473 1892 4541 ἐμέο

319 4573 422 4628 κᾶν
439 4590 581 4636 τινες
605 4569 868 4626 τάναντία
890 4567 1234 4639 ψηφίζοιντο,
1253 4561 1434 4632 κάμοῦ
1467 4561 1714 4630 μέλλοιεν
1739 4561 1898 4629 ἐσλοὶ·

320 4680 421 4734 την
457 4661 892 4731 καταγινώσκειν
929 4655 1287 4726 ἀϐελτηρίαν,
1335 4652 1493 4706 τοῦτό
1527 4667 1591 4720 γε
1627 4652 1811 4715 αὐτοῖς
1836 4652 1895 4704 οὐ

323 4758 664 4828 ουνᾴδοντος.

2007 4477 2376 4538 peccatorum,
2416 4484 2652 4538 quorum
2707 4467 2962 4522 satellitio
3013 4470 3248 4537 stipatus
3300 4483 3446 4530 sunt,
3495 4482 3585 4522 re-

2006 4567 2216 4630 spectu.
2251 4557 2442 4614 Vivam
2472 4561 2654 4631 igitur,
2686 4560 2866 4629 qttOud
2924 4559 3105 4615 vivere
3148 4564 3494 4626 concedetur,
3531 4561 3586 4615 in

2006 4653 2199 4708 dolore
2249 4660 2304 4708 et
2349 4652 2659 4722 lacrytnish
2691 4654 2794 4707 nisi
2843 4651 2973 4721 quid
3029 4653 3307 4723 insperato
3345 4655 3589 4707 melioris

2007 4747 2238 4802 fortuna:
2259 4746 2508 4802 alicunde
2539 4760 2624 4800 me
2657 4748 2958 4813 respexerit
2987 4761 3002 4799 :
3035 4761 3253 4799 omnem
3293 4746 3456 4814 hujus
3487 4761 3590 4799 saa-

324 4849 434 4906 culi
459 4852 718 4905 honorem
755 4863 852 4920 pro
872 4848 1043 4902 niltilo
1083 4853 1304 4917 putans,
1332 4855 1457 4896 cum
1489 4841 1536 4896 is
1561 4854 1671 4895 non
1725 4838 1798 4894 sit
1841 4839 1896 4892 itt
1974 4849 2247 4910 potestate
2271 4851 2480 4906 nostra,
2550 4855 2648 4893 nec
2707 4839 2776 4892 atl
2844 4854 2929 4892 tne
2976 4840 3205 4893 attineat
3263 4839 3586 4907 quidquam,

323 4944 575 5016 quamvis
600 4942 767 5012 aliqui
805 4943 859 4996 in
891 4939 1163 4997 contraria
1191 4937 1302 4994 sint
1329 4937 1624 5000 sententia,
1683 4933 1914 5002 ideoque
1951 4950 2058 4999 tne,
2095 4936 2311 5005 quodin
2345 4935 2448 4988 ltoc
2481 4935 2613 5004 ipsis
2673 4951 2779 4988 tton
2821 4935 3110 4998 assentiar,
3174 4942 3428 4988 extrema:
3494 4934 3589 4988 de-

326 5039 539 5095 mentia:
575 5038 796 5118 nomine
819 5033 1258 5092 condemnaturi.
