  <div class='ocr_page' id='page_1' title='image "/cluster/home/n/w/nwhite01/storage/ocr_20150623/160/hvd.32044073502692/543.png"; bbox 0 0 3956 6200; ppageno 0'>
   <div class='ocr_carea' id='block_1_1' title="bbox 574 408 737 416">
    <p class='ocr_par' dir='ltr' id='par_1_1' title="bbox 574 408 737 416">
     <span class='ocr_line' id='line_1_1' title="bbox 574 408 737 416; baseline 0.006 -1"><span class='ocrx_word' id='word_1_1' title='bbox 574 408 737 416; x_wconf 44' lang='grc' dir='ltr'><strong>κ-ρ--ι-νη</strong></span> 
     </span>
    </p>
   </div>
   <div class='ocr_carea' id='block_1_2' title="bbox 924 489 3257 770">
    <p class='ocr_par' dir='ltr' id='par_1_2' title="bbox 924 489 3257 770">
     <span class='ocr_line' id='line_1_2' title="bbox 924 489 3257 770; baseline -0.003 -5"><span class='ocrx_word' id='word_1_2' title='bbox 924 489 1804 768; x_wconf 79' lang='lat' dir='ltr'><strong>MARCUS</strong></span> <span class='ocrx_word' id='word_1_3' title='bbox 1930 578 3257 766; x_wconf 84' lang='lat' dir='ltr'><strong>EUGENICUS-</strong></span> 
     </span>
    </p>
   </div>
   <div class='ocr_carea' id='block_1_3' title="bbox 1579 926 2490 988">
    <p class='ocr_par' dir='ltr' id='par_1_3' title="bbox 1579 926 2490 988">
     <span class='ocr_line' id='line_1_3' title="bbox 1579 926 2490 988; baseline -0.003 -3"><span class='ocrx_word' id='word_1_4' title='bbox 1579 930 1921 988; x_wconf 81' lang='lat' dir='ltr'><strong>EPIIESIUS</strong></span> <span class='ocrx_word' id='word_1_5' title='bbox 1973 926 2490 985; x_wconf 82' lang='lat' dir='ltr'><strong>METROPOLITA.</strong></span> 
     </span>
    </p>
   </div>
   <div class='ocr_carea' id='block_1_4' title="bbox 805 1248 2367 1355">
    <p class='ocr_par' dir='ltr' id='par_1_4' title="bbox 805 1257 2354 1355">
     <span class='ocr_line' id='line_1_4' title="bbox 805 1257 2354 1355; baseline -0.006 -2"><span class='ocrx_word' id='word_1_6' title='bbox 805 1260 1319 1355; x_wconf 86' lang='lat' dir='ltr'><strong>NOTITIA</strong></span> <span class='ocrx_word' id='word_1_7' title='bbox 1436 1257 2095 1351; x_wconf 80' lang='lat' dir='ltr'><strong>HISTORICA</strong></span> <span class='ocrx_word' id='word_1_8' title='bbox 2204 1257 2354 1345; x_wconf 81' lang='lat' dir='ltr'><strong>ET</strong></span> 
     </span>
    </p>
   </div>
   <div class='ocr_carea' id='block_1_5' title="bbox 1703 1248 3265 1355">
    <p class='ocr_par' dir='ltr' id='par_1_5' title="bbox 1703 1248 3265 1351">
     <span class='ocr_line' id='line_1_5' title="bbox 1703 1248 3265 1351; baseline -0.009 0"><span class='ocrx_word' id='word_1_9' title='bbox 1703 1257 2095 1351; x_wconf 75' lang='lat' dir='ltr'><strong>‘ORICA</strong></span> <span class='ocrx_word' id='word_1_10' title='bbox 2204 1257 2354 1345; x_wconf 81' lang='lat' dir='ltr'><strong>ET</strong></span> <span class='ocrx_word' id='word_1_11' title='bbox 2481 1248 3265 1343; x_wconf 80' lang='lat' dir='ltr'><strong>LI&#39;TTERARIA.</strong></span> 
     </span>
    </p>
   </div>
   <div class='ocr_carea' id='block_1_6' title="bbox 1421 1430 2639 1513">
    <p class='ocr_par' dir='ltr' id='par_1_6' title="bbox 1421 1430 2639 1513">
     <span class='ocr_line' id='line_1_6' title="bbox 1421 1430 2639 1513; baseline -0.005 -11"><span class='ocrx_word' id='word_1_12' title='bbox 1421 1451 1637 1513; x_wconf 83' lang='lat' dir='ltr'><strong>(Fabric.</strong></span> <span class='ocrx_word' id='word_1_13' title='bbox 1658 1430 1895 1502; x_wconf 85' lang='lat' dir='ltr'><strong>Biblioth.</strong></span> <span class='ocrx_word' id='word_1_14' title='bbox 1920 1448 2008 1500; x_wconf 92' lang='lat' dir='ltr'><strong>Gr.</strong></span> <span class='ocrx_word' id='word_1_15' title='bbox 2038 1446 2118 1498; x_wconf 90' lang='lat' dir='ltr'><strong>ed.</strong></span> <span class='ocrx_word' id='word_1_16' title='bbox 2167 1444 2366 1507; x_wconf 85' lang='lat' dir='ltr'><strong>llarles,</strong></span> <span class='ocrx_word' id='word_1_17' title='bbox 2399 1446 2521 1494; x_wconf 84' lang='lat' dir='ltr'><strong>tom.</strong></span> <span class='ocrx_word' id='word_1_18' title='bbox 2556 1444 2639 1505; x_wconf 77' lang='grc' dir='ltr'><strong>ιι.)</strong></span> 
     </span>
    </p>
   </div>
   <div class='ocr_carea' id='block_1_7' title="bbox 481 1746 3681 1824">
    <p class='ocr_par' dir='ltr' id='par_1_7' title="bbox 481 1746 3681 1824">
     <span class='ocr_line' id='line_1_7' title="bbox 481 1746 3681 1824; baseline -0.003 -15"><span class='ocrx_word' id='word_1_19' title='bbox 481 1755 698 1810; x_wconf 81' lang='lat' dir='ltr'><strong>Marcus</strong></span> <span class='ocrx_word' id='word_1_20' title='bbox 728 1754 1059 1823; x_wconf 75' lang='lat' dir='ltr'><strong>Eugenicus,</strong></span> <span class='ocrx_word' id='word_1_21' title='bbox 1099 1754 1295 1823; x_wconf 77' lang='lat' dir='ltr'><strong>Ephesi</strong></span> <span class='ocrx_word' id='word_1_22' title='bbox 1332 1754 1697 1824; x_wconf 89' lang='lat' dir='ltr'><strong>metropolita,</strong></span> <span class='ocrx_word' id='word_1_23' title='bbox 1727 1753 2045 1808; x_wconf 89' lang='lat' dir='ltr'><strong>Latinorum</strong></span> <span class='ocrx_word' id='word_1_24' title='bbox 2080 1751 2133 1806; x_wconf 91' lang='lat' dir='ltr'><strong>in</strong></span> <span class='ocrx_word' id='word_1_25' title='bbox 2166 1751 2424 1816; x_wconf 87' lang='lat' dir='ltr'><strong>concilio,</strong></span> <span class='ocrx_word' id='word_1_26' title='bbox 2475 1750 2562 1805; x_wconf 90' lang='lat' dir='ltr'><strong>cui</strong></span> <span class='ocrx_word' id='word_1_27' title='bbox 2614 1765 2720 1805; x_wconf 85' lang='lat' dir='ltr'><strong>non</strong></span> <span class='ocrx_word' id='word_1_28' title='bbox 2766 1747 3119 1819; x_wconf 88' lang='lat' dir='ltr'><strong>subscripsit,</strong></span> <span class='ocrx_word' id='word_1_29' title='bbox 3146 1746 3489 1813; x_wconf 87' lang='lat' dir='ltr'><strong>Florentino,</strong></span> <span class='ocrx_word' id='word_1_30' title='bbox 3527 1762 3681 1803; x_wconf 83' lang='lat' dir='ltr'><strong>anno</strong></span> 
     </span>
    </p>
   </div>
   <div class='ocr_carea' id='block_1_8' title="bbox 412 1835 3679 1913">
    <p class='ocr_par' dir='ltr' id='par_1_8' title="bbox 412 1835 3679 1913">
     <span class='ocr_line' id='line_1_8' title="bbox 412 1835 3679 1913; baseline -0.002 -15"><span class='ocrx_word' id='word_1_31' title='bbox 412 1844 571 1907; x_wconf 77' lang='lat' dir='ltr'><strong>M59,</strong></span> <span class='ocrx_word' id='word_1_32' title='bbox 609 1855 774 1911; x_wconf 89' lang='lat' dir='ltr'><strong>atque</strong></span> <span class='ocrx_word' id='word_1_33' title='bbox 808 1843 1066 1913; x_wconf 78' lang='lat' dir='ltr'><strong>deinceps</strong></span> <span class='ocrx_word' id='word_1_34' title='bbox 1099 1844 1165 1897; x_wconf 91' lang='lat' dir='ltr'><strong>ad</strong></span> <span class='ocrx_word' id='word_1_35' title='bbox 1210 1844 1418 1896; x_wconf 82' lang='lat' dir='ltr'><strong>obitum</strong></span> <span class='ocrx_word' id='word_1_36' title='bbox 1457 1859 1630 1911; x_wconf 82' lang='lat' dir='ltr'><strong>usque</strong></span> <span class='ocrx_word' id='word_1_37' title='bbox 1663 1840 2019 1897; x_wconf 90' lang='lat' dir='ltr'><strong>adversarius</strong></span> <span class='ocrx_word' id='word_1_38' title='bbox 2050 1841 2376 1906; x_wconf 86' lang='lat' dir='ltr'><strong>acerrimus,</strong></span> <span class='ocrx_word' id='word_1_39' title='bbox 2408 1840 2761 1908; x_wconf 86' lang='lat' dir='ltr'><strong>unionisque,</strong></span> <span class='ocrx_word' id='word_1_40' title='bbox 2795 1852 2958 1907; x_wconf 90' lang='lat' dir='ltr'><strong>quam</strong></span> <span class='ocrx_word' id='word_1_41' title='bbox 3016 1851 3141 1891; x_wconf 90' lang='lat' dir='ltr'><strong>cum</strong></span> <span class='ocrx_word' id='word_1_42' title='bbox 3195 1835 3304 1891; x_wconf 89' lang='lat' dir='ltr'><strong>illis</strong></span> <span class='ocrx_word' id='word_1_43' title='bbox 3334 1850 3679 1905; x_wconf 84' lang='lat' dir='ltr'><strong>componere</strong></span> 
     </span>
    </p>
   </div>
   <div class='ocr_carea' id='block_1_9' title="bbox 410 1920 3671 1999">
    <p class='ocr_par' dir='ltr' id='par_1_9' title="bbox 410 1920 3671 1999">
     <span class='ocr_line' id='line_1_9' title="bbox 410 1920 3671 1999; baseline -0.003 -15"><span class='ocrx_word' id='word_1_44' title='bbox 410 1929 648 1985; x_wconf 87' lang='lat' dir='ltr'><strong>Joannes</strong></span> <span class='ocrx_word' id='word_1_45' title='bbox 678 1930 1016 1999; x_wconf 67' lang='lat' dir='ltr'><strong>Palaeologus</strong></span> <span class='ocrx_word' id='word_1_46' title='bbox 1053 1931 1183 1999; x_wconf 91' lang='lat' dir='ltr'><strong>imp.</strong></span> <span class='ocrx_word' id='word_1_47' title='bbox 1219 1929 1563 1994; x_wconf 78' lang='lat' dir='ltr'><strong>instituebat,</strong></span> <span class='ocrx_word' id='word_1_48' title='bbox 1604 1942 1801 1997; x_wconf 86' lang='lat' dir='ltr'><strong>magna</strong></span> <span class='ocrx_word' id='word_1_49' title='bbox 1838 1942 2096 1993; x_wconf 88' lang='lat' dir='ltr'><strong>remora;</strong></span> <span class='ocrx_word' id='word_1_50' title='bbox 2134 1943 2308 1983; x_wconf 86' lang='lat' dir='ltr'><strong>novus</strong></span> <span class='ocrx_word' id='word_1_51' title='bbox 2360 1928 2482 1982; x_wconf 91' lang='lat' dir='ltr'><strong>ideo</strong></span> <span class='ocrx_word' id='word_1_52' title='bbox 2528 1926 2759 1980; x_wconf 87' lang='lat' dir='ltr'><strong>Photius</strong></span> <span class='ocrx_word' id='word_1_53' title='bbox 2791 1927 2972 1979; x_wconf 88' lang='lat' dir='ltr'><strong>dictus</strong></span> <span class='ocrx_word' id='word_1_54' title='bbox 3008 1923 3229 1977; x_wconf 85' lang='lat' dir='ltr'><strong>Horatio</strong></span> <span class='ocrx_word' id='word_1_55' title='bbox 3252 1920 3574 1976; x_wconf 84' lang='lat' dir='ltr'><strong>Justiniano</strong></span> <span class='ocrx_word' id='word_1_56' title='bbox 3614 1923 3671 1975; x_wconf 88' lang='lat' dir='ltr'><strong>in</strong></span> 
     </span>
    </p>
   </div>
   <div class='ocr_carea' id='block_1_10' title="bbox 411 2009 3671 2085">
    <p class='ocr_par' dir='ltr' id='par_1_10' title="bbox 411 2009 3671 2085">
     <span class='ocr_line' id='line_1_10' title="bbox 411 2009 3671 2085; baseline -0.002 -15"><span class='ocrx_word' id='word_1_57' title='bbox 411 2019 562 2073; x_wconf 84' lang='lat' dir='ltr'><strong>Actis</strong></span> <span class='ocrx_word' id='word_1_58' title='bbox 593 2017 814 2071; x_wconf 77' lang='lat' dir='ltr'><strong>concilii</strong></span> <span class='ocrx_word' id='word_1_59' title='bbox 845 2015 991 2072; x_wconf 88' lang='lat' dir='ltr'><strong>Flor.</strong></span> <span class='ocrx_word' id='word_1_60' title='bbox 1016 2034 1030 2083; x_wconf 85' lang='lat'>;</span> <span class='ocrx_word' id='word_1_61' title='bbox 1060 2016 1199 2071; x_wconf 84' lang='lat' dir='ltr'><strong>idern</strong></span> <span class='ocrx_word' id='word_1_62' title='bbox 1234 2031 1379 2070; x_wconf 88' lang='lat' dir='ltr'><strong>anno</strong></span> <span class='ocrx_word' id='word_1_63' title='bbox 1410 2015 1567 2078; x_wconf 72' lang='grc'><strong>1447,</strong></span> <span class='ocrx_word' id='word_1_64' title='bbox 1598 2015 1759 2070; x_wconf 90' lang='lat' dir='ltr'><strong>morti</strong></span> <span class='ocrx_word' id='word_1_65' title='bbox 1791 2014 2035 2082; x_wconf 81' lang='lat' dir='ltr'><strong>vicinus,</strong></span> <span class='ocrx_word' id='word_1_66' title='bbox 2060 2013 2293 2085; x_wconf 82' lang='lat' dir='ltr'><strong>Georgio</strong></span> <span class='ocrx_word' id='word_1_67' title='bbox 2327 2014 2613 2069; x_wconf 79' lang='lat' dir='ltr'><strong>Scholario</strong></span> <span class='ocrx_word' id='word_1_68' title='bbox 2646 2012 2845 2067; x_wconf 86' lang='lat' dir='ltr'><strong>tuenda</strong></span> <span class='ocrx_word' id='word_1_69' title='bbox 2887 2010 3091 2067; x_wconf 62' lang='lat' dir='ltr'><strong>Graecae</strong></span> <span class='ocrx_word' id='word_1_70' title='bbox 3123 2009 3383 2066; x_wconf 65' lang='lat' dir='ltr'><strong>Ecclesiae</strong></span> <span class='ocrx_word' id='word_1_71' title='bbox 3413 2011 3671 2080; x_wconf 76' lang='lat' dir='ltr'><strong>dogmata</strong></span> 
     </span>
    </p>
   </div>
   <div class='ocr_carea' id='block_1_11' title="bbox 412 2098 3667 2175">
    <p class='ocr_par' dir='ltr' id='par_1_11' title="bbox 412 2098 3667 2175">
     <span class='ocr_line' id='line_1_11' title="bbox 412 2098 3667 2175; baseline -0.002 -17"><span class='ocrx_word' id='word_1_72' title='bbox 412 2118 467 2158; x_wconf 83' lang='lat' dir='ltr'><strong>et</strong></span> <span class='ocrx_word' id='word_1_73' title='bbox 493 2104 747 2159; x_wconf 87' lang='lat' dir='ltr'><strong>unionem</strong></span> <span class='ocrx_word' id='word_1_74' title='bbox 779 2103 1087 2175; x_wconf 79' lang='lat' dir='ltr'><strong>fugiendam</strong></span> <span class='ocrx_word' id='word_1_75' title='bbox 1115 2103 1453 2174; x_wconf 78' lang='lat' dir='ltr'><strong>gravissimis</strong></span> <span class='ocrx_word' id='word_1_76' title='bbox 1501 2102 1680 2158; x_wconf 83' lang='lat' dir='ltr'><strong>verbis</strong></span> <span class='ocrx_word' id='word_1_77' title='bbox 1711 2100 2115 2157; x_wconf 87' lang='lat' dir='ltr'><strong>commendavit</strong></span> <span class='ocrx_word' id='word_1_78' title='bbox 2162 2119 2177 2157; x_wconf 90' lang='lat'><strong>:</strong></span> <span class='ocrx_word' id='word_1_79' title='bbox 2220 2102 2488 2173; x_wconf 77' lang='lat' dir='ltr'><strong>Georgius</strong></span> <span class='ocrx_word' id='word_1_80' title='bbox 2539 2100 2730 2165; x_wconf 89' lang='lat' dir='ltr'><strong>etiam,</strong></span> <span class='ocrx_word' id='word_1_81' title='bbox 2758 2101 2886 2165; x_wconf 91' lang='lat' dir='ltr'><strong>Deo,</strong></span> <span class='ocrx_word' id='word_1_82' title='bbox 2921 2100 3128 2168; x_wconf 76' lang='lat' dir='ltr'><strong>angelis</strong></span> <span class='ocrx_word' id='word_1_83' title='bbox 3178 2110 3232 2153; x_wconf 90' lang='lat' dir='ltr'><strong>et</strong></span> <span class='ocrx_word' id='word_1_84' title='bbox 3262 2098 3582 2153; x_wconf 85' lang='lat' dir='ltr'><strong>hominibus</strong></span> <span class='ocrx_word' id='word_1_85' title='bbox 3614 2098 3667 2151; x_wconf 89' lang='lat' dir='ltr'><strong>in</strong></span> 
     </span>
    </p>
   </div>
   <div class='ocr_carea' id='block_1_12' title="bbox 414 2183 3669 2257">
    <p class='ocr_par' dir='ltr' id='par_1_12' title="bbox 414 2183 3669 2257">
     <span class='ocr_line' id='line_1_12' title="bbox 414 2183 3669 2257; baseline -0.003 -11"><span class='ocrx_word' id='word_1_86' title='bbox 414 2193 785 2247; x_wconf 87' lang='lat' dir='ltr'><strong>testimonium</strong></span> <span class='ocrx_word' id='word_1_87' title='bbox 814 2191 1118 2255; x_wconf 85' lang='lat' dir='ltr'><strong>advocatis,</strong></span> <span class='ocrx_word' id='word_1_88' title='bbox 1150 2191 1251 2244; x_wconf 87' lang='lat' dir='ltr'><strong>hoc</strong></span> <span class='ocrx_word' id='word_1_89' title='bbox 1298 2205 1357 2244; x_wconf 88' lang='lat' dir='ltr'><strong>se</strong></span> <span class='ocrx_word' id='word_1_90' title='bbox 1415 2188 1830 2244; x_wconf 77' lang='lat' dir='ltr'><strong>observaturum</strong></span> <span class='ocrx_word' id='word_1_91' title='bbox 1888 2196 2077 2243; x_wconf 86' lang='lat' dir='ltr'><strong>sancte</strong></span> <span class='ocrx_word' id='word_1_92' title='bbox 2121 2189 2350 2257; x_wconf 89' lang='lat' dir='ltr'><strong>juravit,</strong></span> <span class='ocrx_word' id='word_1_93' title='bbox 2410 2186 2833 2257; x_wconf 86' lang='lat' dir='ltr'><strong>observavitque</strong></span> <span class='ocrx_word' id='word_1_94' title='bbox 2882 2186 3079 2240; x_wconf 85' lang='lat' dir='ltr'><strong>deinde</strong></span> <span class='ocrx_word' id='word_1_95' title='bbox 3127 2183 3577 2253; x_wconf 83' lang='lat' dir='ltr'><strong>diligentissime.</strong></span> <span class='ocrx_word' id='word_1_96' title='bbox 3609 2192 3669 2236; x_wconf 86' lang='lat' dir='ltr'><strong>ct</strong></span> 
     </span>
    </p>
   </div>
   <div class='ocr_carea' id='block_1_13' title="bbox 414 2271 3667 2357">
    <p class='ocr_par' dir='ltr' id='par_1_13' title="bbox 414 2271 3667 2357">
     <span class='ocr_line' id='line_1_13' title="bbox 414 2271 3667 2357; baseline -0.004 -23"><span class='ocrx_word' id='word_1_97' title='bbox 414 2280 655 2336; x_wconf 79' lang='lat' dir='ltr'><strong>Marcum</strong></span> <span class='ocrx_word' id='word_1_98' title='bbox 718 2280 993 2335; x_wconf 86' lang='lat' dir='ltr'><strong>doctorem</strong></span> <span class='ocrx_word' id='word_1_99' title='bbox 1034 2294 1191 2333; x_wconf 91' lang='lat' dir='ltr'><strong>suum</strong></span> <span class='ocrx_word' id='word_1_100' title='bbox 1256 2278 1573 2333; x_wconf 82' lang='lat' dir='ltr'><strong>defunctum</strong></span> <span class='ocrx_word' id='word_1_101' title='bbox 1620 2291 1717 2345; x_wconf 92' lang='lat' dir='ltr'><strong>pro</strong></span> <span class='ocrx_word' id='word_1_102' title='bbox 1774 2276 1974 2357; x_wconf 55' lang='lat' dir='ltr'><strong>funere.</strong></span> <span class='ocrx_word' id='word_1_103' title='bbox 2021 2275 2287 2331; x_wconf 74' lang='lat' dir='ltr'><strong>laudavit.</strong></span> <span class='ocrx_word' id='word_1_104' title='bbox 2337 2274 2552 2345; x_wconf 85' lang='lat' dir='ltr'><strong>Scripta</strong></span> <span class='ocrx_word' id='word_1_105' title='bbox 2603 2275 2722 2344; x_wconf 83' lang='lat' dir='ltr'><strong>ejus</strong></span> <span class='ocrx_word' id='word_1_106' title='bbox 2778 2283 3170 2344; x_wconf 79' lang='lat' dir='ltr'><strong>oppugnarunt</strong></span> <span class='ocrx_word' id='word_1_107' title='bbox 3231 2271 3409 2327; x_wconf 66' lang='lat' dir='ltr'><strong>Graeci</strong></span> <span class='ocrx_word' id='word_1_108' title='bbox 3454 2272 3667 2323; x_wconf 73' lang='grc' dir='ltr'><strong>λατινό-</strong></span> 
     </span>
    </p>
   </div>
   <div class='ocr_carea' id='block_1_14' title="bbox 411 2358 3663 2439">
    <p class='ocr_par' dir='ltr' id='par_1_14' title="bbox 411 2358 3663 2439">
     <span class='ocr_line' id='line_1_14' title="bbox 411 2358 3663 2439; baseline -0.003 -19"><span class='ocrx_word' id='word_1_109' title='bbox 411 2386 609 2439; x_wconf 75' lang='grc' dir='ltr'>φρονες</span> <span class='ocrx_word' id='word_1_110' title='bbox 650 2366 920 2439; x_wconf 69' lang='grc' dir='ltr'><strong>Ιοερρὶιιιε</strong></span> <span class='ocrx_word' id='word_1_111' title='bbox 974 2366 1366 2429; x_wconf 77' lang='lat' dir='ltr'><strong>Methoncnsis.</strong></span> <span class='ocrx_word' id='word_1_112' title='bbox 1397 2367 1695 2437; x_wconf 82' lang='lat' dir='ltr'><strong>Gregorius</strong></span> <span class='ocrx_word' id='word_1_113' title='bbox 1728 2364 2189 2419; x_wconf 89' lang='lat' dir='ltr'><strong>hieromonachus</strong></span> <span class='ocrx_word' id='word_1_114' title='bbox 2221 2363 2679 2434; x_wconf 87' lang='lat' dir='ltr'><strong>protosynccllus,</strong></span> <span class='ocrx_word' id='word_1_115' title='bbox 2712 2360 2961 2417; x_wconf 86' lang='lat' dir='ltr'><strong>Bessario</strong></span> <span class='ocrx_word' id='word_1_116' title='bbox 2990 2370 3044 2416; x_wconf 90' lang='lat' dir='ltr'><strong>et</strong></span> <span class='ocrx_word' id='word_1_117' title='bbox 3072 2360 3165 2430; x_wconf 87' lang='lat' dir='ltr'><strong>qui</strong></span> <span class='ocrx_word' id='word_1_118' title='bbox 3191 2358 3382 2414; x_wconf 87' lang='lat' dir='ltr'><strong>Latine</strong></span> <span class='ocrx_word' id='word_1_119' title='bbox 3410 2360 3663 2429; x_wconf 84' lang='lat' dir='ltr'><strong>scripsit,</strong></span> 
     </span>
    </p>
   </div>
   <div class='ocr_carea' id='block_1_15' title="bbox 411 2453 2125 2525">
    <p class='ocr_par' dir='ltr' id='par_1_15' title="bbox 411 2453 2125 2525">
     <span class='ocr_line' id='line_1_15' title="bbox 411 2453 2125 2525; baseline -0.002 -14"><span class='ocrx_word' id='word_1_120' title='bbox 411 2458 656 2512; x_wconf 76' lang='lat' dir='ltr'><strong>Andreas</strong></span> <span class='ocrx_word' id='word_1_121' title='bbox 683 2457 1049 2512; x_wconf 79' lang='lat' dir='ltr'><strong>Colossensis.</strong></span> <span class='ocrx_word' id='word_1_122' title='bbox 1084 2456 1217 2521; x_wconf 87' lang='lat' dir='ltr'><strong>Ejus</strong></span> <span class='ocrx_word' id='word_1_123' title='bbox 1240 2458 1441 2525; x_wconf 85' lang='lat' dir='ltr'><strong>scripta</strong></span> <span class='ocrx_word' id='word_1_124' title='bbox 1472 2456 1590 2511; x_wconf 77' lang='lat' dir='ltr'><strong>lucc</strong></span> <span class='ocrx_word' id='word_1_125' title='bbox 1624 2453 1753 2508; x_wconf 91' lang='lat' dir='ltr'><strong>mihi</strong></span> <span class='ocrx_word' id='word_1_126' title='bbox 1785 2454 2073 2510; x_wconf 83' lang='lat' dir='ltr'><strong>innotuere</strong></span> <span class='ocrx_word' id='word_1_127' title='bbox 2111 2470 2125 2507; x_wconf 90' lang='lat'><strong>:</strong></span> 
     </span>
    </p>
   </div>
   <div class='ocr_carea' id='block_1_16' title="bbox 486 2535 2048 2613">
    <p class='ocr_par' dir='ltr' id='par_1_16' title="bbox 486 2541 2045 2613">
     <span class='ocr_line' id='line_1_16' title="bbox 486 2541 2045 2613; baseline -0.004 -14"><span class='ocrx_word' id='word_1_128' title='bbox 486 2548 535 2599; x_wconf 84' lang='grc'><strong>1.</strong></span> <span class='ocrx_word' id='word_1_129' title='bbox 566 2546 803 2612; x_wconf 79' lang='lat' dir='ltr'><strong>Epistqu</strong></span> <span class='ocrx_word' id='word_1_130' title='bbox 847 2548 914 2598; x_wconf 68' lang='lat' dir='ltr'><strong>azl</strong></span> <span class='ocrx_word' id='word_1_131' title='bbox 973 2544 1230 2597; x_wconf 82' lang='lat' dir='ltr'><strong>Joannem</strong></span> <span class='ocrx_word' id='word_1_132' title='bbox 1286 2541 1674 2613; x_wconf 72' lang='lat' dir='ltr'><strong>Palwologum,</strong></span> <span class='ocrx_word' id='word_1_133' title='bbox 1729 2541 1924 2609; x_wconf 84' lang='lat' dir='ltr'><strong>incipit</strong></span> <span class='ocrx_word' id='word_1_134' title='bbox 1958 2557 1974 2599; x_wconf 85' lang='lat'><strong>:</strong></span> <span class='ocrx_word' id='word_1_135' title='bbox 2008 2542 2045 2592; x_wconf 87' lang='lat' dir='ltr'><strong>A</strong></span> 
     </span>
    </p>
   </div>
   <div class='ocr_carea' id='block_1_17' title="bbox 2101 2535 3663 2613">
    <p class='ocr_par' dir='ltr' id='par_1_17' title="bbox 2101 2535 3663 2608">
     <span class='ocr_line' id='line_1_17' title="bbox 2101 2535 3663 2608; baseline -0.003 -15"><span class='ocrx_word' id='word_1_136' title='bbox 2101 2539 2191 2608; x_wconf 80' lang='grc' dir='ltr'><strong>ρόν</strong></span> <span class='ocrx_word' id='word_1_137' title='bbox 2217 2557 2295 2593; x_wconf 86' lang='grc' dir='ltr'><strong>τοι.</strong></span> <span class='ocrx_word' id='word_1_138' title='bbox 2333 2537 2492 2591; x_wconf 81' lang='grc' dir='ltr'>τοῦτο</span> <span class='ocrx_word' id='word_1_139' title='bbox 2545 2536 2759 2607; x_wconf 84' lang='grc' dir='ltr'><strong>μικρόν.</strong></span> <span class='ocrx_word' id='word_1_140' title='bbox 2816 2535 3030 2592; x_wconf 89' lang='lat' dir='ltr'><strong>Citalur</strong></span> <span class='ocrx_word' id='word_1_141' title='bbox 3080 2536 3148 2591; x_wconf 83' lang='lat' dir='ltr'><strong>ab</strong></span> <span class='ocrx_word' id='word_1_142' title='bbox 3190 2535 3390 2590; x_wconf 76' lang='lat' dir='ltr'><strong>Allalio</strong></span> <span class='ocrx_word' id='word_1_143' title='bbox 3444 2535 3516 2589; x_wconf 82' lang='lat' dir='ltr'><strong>de</strong></span> <span class='ocrx_word' id='word_1_144' title='bbox 3569 2549 3663 2606; x_wconf 58' lang='grc' dir='ltr'><strong>εἷο</strong></span> 
     </span>
    </p>
   </div>
   <div class='ocr_carea' id='block_1_18' title="bbox 414 2622 1976 2703">
    <p class='ocr_par' dir='ltr' id='par_1_18' title="bbox 414 2627 1976 2701">
     <span class='ocr_line' id='line_1_18' title="bbox 414 2627 1976 2701; baseline -0.002 -16"><span class='ocrx_word' id='word_1_145' title='bbox 414 2634 559 2686; x_wconf 90' lang='lat' dir='ltr'><strong>nodo</strong></span> <span class='ocrx_word' id='word_1_146' title='bbox 585 2647 700 2696; x_wconf 82' lang='lat' dir='ltr'><strong>viti,</strong></span> <span class='ocrx_word' id='word_1_147' title='bbox 731 2647 851 2701; x_wconf 85' lang='lat' dir='ltr'><strong>pag.</strong></span> <span class='ocrx_word' id='word_1_148' title='bbox 907 2631 1030 2685; x_wconf 76' lang='grc'><strong>515.</strong></span> <span class='ocrx_word' id='word_1_149' title='bbox 1070 2630 1244 2684; x_wconf 70' lang='grc' dir='ltr'><strong>ΕΑιιιι.</strong></span> <span class='ocrx_word' id='word_1_150' title='bbox 1281 2630 1515 2700; x_wconf 75' lang='grc' dir='ltr'><strong>Μοδιιιιω</strong></span> <span class='ocrx_word' id='word_1_151' title='bbox 1549 2633 1601 2684; x_wconf 92' lang='lat' dir='ltr'><strong>in</strong></span> <span class='ocrx_word' id='word_1_152' title='bbox 1654 2630 1777 2684; x_wconf 92' lang='lat' dir='ltr'><strong>cod.</strong></span> <span class='ocrx_word' id='word_1_153' title='bbox 1816 2627 1976 2700; x_wconf 84' lang='lat' dir='ltr'><strong>synod</strong></span> 
     </span>
    </p>
   </div>
   <div class='ocr_carea' id='block_1_19' title="bbox 2098 2622 3660 2703">
    <p class='ocr_par' dir='ltr' id='par_1_19' title="bbox 2098 2622 3660 2694">
     <span class='ocr_line' id='line_1_19' title="bbox 2098 2622 3660 2694; baseline -0.004 -13"><span class='ocrx_word' id='word_1_154' title='bbox 2098 2626 2182 2693; x_wconf 73' lang='lat'><strong>93,</strong></span> <span class='ocrx_word' id='word_1_155' title='bbox 2236 2626 2301 2679; x_wconf 88' lang='lat' dir='ltr'><strong>ad</strong></span> <span class='ocrx_word' id='word_1_156' title='bbox 2338 2622 2536 2678; x_wconf 83' lang='lat' dir='ltr'><strong>Joann.</strong></span> <span class='ocrx_word' id='word_1_157' title='bbox 2586 2623 2970 2692; x_wconf 65' lang='lat' dir='ltr'><strong>Palaeologum,</strong></span> <span class='ocrx_word' id='word_1_158' title='bbox 3025 2624 3385 2694; x_wconf 78' lang='grc' dir='ltr'><strong>ἀπορήσαντα</strong></span> <span class='ocrx_word' id='word_1_159' title='bbox 3424 2624 3536 2692; x_wconf 73' lang='grc' dir='ltr'><strong>πρὸ</strong></span> <span class='ocrx_word' id='word_1_160' title='bbox 3567 2622 3660 2675; x_wconf 73' lang='grc' dir='ltr'><strong>τοῦ</strong></span> 
     </span>
    </p>
   </div>
   <div class='ocr_carea' id='block_1_20' title="bbox 414 2708 1976 2788">
    <p class='ocr_par' dir='ltr' id='par_1_20' title="bbox 414 2712 1976 2788">
     <span class='ocr_line' id='line_1_20' title="bbox 414 2712 1976 2788; baseline 0 -16"><span class='ocrx_word' id='word_1_161' title='bbox 414 2719 736 2787; x_wconf 83' lang='grc' dir='ltr'><strong>λατινισμοῦ</strong></span> <span class='ocrx_word' id='word_1_162' title='bbox 758 2736 773 2750; x_wconf 80' lang='lat'><strong><em>°</em></strong></span> <span class='ocrx_word' id='word_1_163' title='bbox 808 2721 917 2773; x_wconf 84' lang='lat' dir='ltr'><strong>inc.</strong></span> <span class='ocrx_word' id='word_1_164' title='bbox 961 2721 1031 2772; x_wconf 80' lang='grc' dir='ltr'><strong>Σὺ</strong></span> <span class='ocrx_word' id='word_1_165' title='bbox 1070 2719 1191 2787; x_wconf 82' lang='grc' dir='ltr'><strong>μὲν,</strong></span> <span class='ocrx_word' id='word_1_166' title='bbox 1224 2712 1268 2771; x_wconf 79' lang='grc' dir='ltr'><strong>ὦ</strong></span> <span class='ocrx_word' id='word_1_167' title='bbox 1299 2718 1542 2772; x_wconf 82' lang='grc' dir='ltr'><strong>θειότατε</strong></span> <span class='ocrx_word' id='word_1_168' title='bbox 1566 2718 1786 2788; x_wconf 82' lang='grc' dir='ltr'><strong>βασι.λεῦ</strong></span> <span class='ocrx_word' id='word_1_169' title='bbox 1807 2732 1823 2748; x_wconf 84' lang='lat'><strong><em>°</em></strong></span> <span class='ocrx_word' id='word_1_170' title='bbox 1860 2748 1931 2759; x_wconf 95' lang='lat'>—</span> <span class='ocrx_word' id='word_1_171' title='bbox 1961 2733 1976 2772; x_wconf 84' lang='grc' dir='ltr'>ε</span> 
     </span>
    </p>
   </div>
   <div class='ocr_carea' id='block_1_21' title="bbox 2101 2708 3663 2788">
    <p class='ocr_par' dir='ltr' id='par_1_21' title="bbox 2102 2708 3663 2783">
     <span class='ocr_line' id='line_1_21' title="bbox 2102 2708 3663 2783; baseline -0.004 -16"><span class='ocrx_word' id='word_1_172' title='bbox 2102 2716 2209 2768; x_wconf 89' lang='lat' dir='ltr'><strong>itur</strong></span> <span class='ocrx_word' id='word_1_173' title='bbox 2240 2712 2485 2783; x_wconf 82' lang='lat' dir='ltr'><strong>ejusdem</strong></span> <span class='ocrx_word' id='word_1_174' title='bbox 2528 2712 2820 2783; x_wconf 83' lang='lat' dir='ltr'><strong>explicatio</strong></span> <span class='ocrx_word' id='word_1_175' title='bbox 2873 2715 2973 2783; x_wconf 82' lang='grc' dir='ltr'><strong>τῆς</strong></span> <span class='ocrx_word' id='word_1_176' title='bbox 3017 2708 3489 2782; x_wconf 56' lang='lat' dir='ltr'><strong>exstinctam-uri};</strong></span> <span class='ocrx_word' id='word_1_177' title='bbox 3536 2711 3663 2763; x_wconf 76' lang='grc' dir='ltr'><strong>ἁκο-</strong></span> 
     </span>
    </p>
   </div>
   <div class='ocr_carea' id='block_1_22' title="bbox 413 2797 1975 2874">
    <p class='ocr_par' dir='ltr' id='par_1_22' title="bbox 413 2801 1975 2874">
     <span class='ocr_line' id='line_1_22' title="bbox 413 2801 1975 2874; baseline -0.002 -14"><span class='ocrx_word' id='word_1_178' title='bbox 413 2806 636 2868; x_wconf 81' lang='grc' dir='ltr'><strong>λουθίας</strong></span> <span class='ocrx_word' id='word_1_179' title='bbox 658 2822 671 2836; x_wconf 81' lang='lat'><strong>&#39;</strong></span> <span class='ocrx_word' id='word_1_180' title='bbox 706 2805 828 2860; x_wconf 88' lang='lat' dir='ltr'><strong>init.</strong></span> <span class='ocrx_word' id='word_1_181' title='bbox 857 2806 1006 2859; x_wconf 74' lang='grc' dir='ltr'><strong>Ἔδει</strong></span> <span class='ocrx_word' id='word_1_182' title='bbox 1040 2806 1138 2874; x_wconf 78' lang='grc' dir='ltr'><strong>μὲν</strong></span> <span class='ocrx_word' id='word_1_183' title='bbox 1162 2805 1303 2859; x_wconf 79' lang='grc' dir='ltr'><strong>κατὰ</strong></span> <span class='ocrx_word' id='word_1_184' title='bbox 1330 2806 1429 2874; x_wconf 77' lang='grc' dir='ltr'><strong>τὴν</strong></span> <span class='ocrx_word' id='word_1_185' title='bbox 1456 2805 1807 2860; x_wconf 79' lang='grc' dir='ltr'><strong>κελεύουσαν.</strong></span> <span class='ocrx_word' id='word_1_186' title='bbox 1836 2802 1901 2858; x_wconf 75' lang='grc' dir='ltr'><strong>ν.</strong></span> <span class='ocrx_word' id='word_1_187' title='bbox 1931 2801 1975 2857; x_wconf 76' lang='grc' dir='ltr'><strong><em>Μ</em></strong></span> 
     </span>
    </p>
   </div>
   <div class='ocr_carea' id='block_1_23' title="bbox 2093 2797 3655 2874">
    <p class='ocr_par' dir='ltr' id='par_1_23' title="bbox 2093 2797 3655 2869">
     <span class='ocr_line' id='line_1_23' title="bbox 2093 2797 3655 2869; baseline -0.002 -14"><span class='ocrx_word' id='word_1_188' title='bbox 2093 2804 2167 2856; x_wconf 69' lang='lat' dir='ltr'><strong>itei</strong></span> <span class='ocrx_word' id='word_1_189' title='bbox 2194 2799 2364 2857; x_wconf 87' lang='lat' dir='ltr'><strong>Notit.</strong></span> <span class='ocrx_word' id='word_1_190' title='bbox 2408 2799 2569 2855; x_wconf 85' lang='lat' dir='ltr'><strong>codd.</strong></span> <span class='ocrx_word' id='word_1_191' title='bbox 2605 2797 2699 2853; x_wconf 91' lang='lat' dir='ltr'><strong>Gr.</strong></span> <span class='ocrx_word' id='word_1_192' title='bbox 2736 2797 2915 2869; x_wconf 83' lang='lat' dir='ltr'><strong>Mosq.</strong></span> <span class='ocrx_word' id='word_1_193' title='bbox 2966 2815 3022 2869; x_wconf 93' lang='lat' dir='ltr'><strong>p.</strong></span> <span class='ocrx_word' id='word_1_194' title='bbox 3054 2800 3183 2862; x_wconf 77' lang='grc'><strong>249,</strong></span> <span class='ocrx_word' id='word_1_195' title='bbox 3214 2815 3270 2854; x_wconf 89' lang='grc' dir='ltr'><strong>ιι.</strong></span> <span class='ocrx_word' id='word_1_196' title='bbox 3303 2801 3355 2864; x_wconf 86' lang='grc'><strong>1,</strong></span> <span class='ocrx_word' id='word_1_197' title='bbox 3392 2801 3449 2866; x_wconf 89' lang='grc'><strong>2,</strong></span> <span class='ocrx_word' id='word_1_198' title='bbox 3481 2799 3655 2853; x_wconf 71' lang='lat' dir='ltr'><strong>Paris.</strong></span> 
     </span>
    </p>
   </div>
   <div class='ocr_carea' id='block_1_24' title="bbox 414 2886 3659 2965">
    <p class='ocr_par' dir='ltr' id='par_1_24' title="bbox 414 2886 3659 2965">
     <span class='ocr_line' id='line_1_24' title="bbox 414 2886 3659 2965; baseline -0.002 -15"><span class='ocrx_word' id='word_1_199' title='bbox 414 2897 467 2950; x_wconf 89' lang='lat' dir='ltr'><strong>in</strong></span> <span class='ocrx_word' id='word_1_200' title='bbox 494 2896 627 2950; x_wconf 85' lang='lat' dir='ltr'><strong>bibl.</strong></span> <span class='ocrx_word' id='word_1_201' title='bbox 664 2895 814 2965; x_wconf 85' lang='lat' dir='ltr'><strong>pubi.</strong></span> <span class='ocrx_word' id='word_1_202' title='bbox 848 2909 1038 2949; x_wconf 90' lang='lat' dir='ltr'><strong>novem</strong></span> <span class='ocrx_word' id='word_1_203' title='bbox 1067 2893 1228 2949; x_wconf 92' lang='lat' dir='ltr'><strong>codd.</strong></span> <span class='ocrx_word' id='word_1_204' title='bbox 1257 2902 1475 2949; x_wconf 79' lang='lat' dir='ltr'><strong>exstant</strong></span> <span class='ocrx_word' id='word_1_205' title='bbox 1497 2894 1663 2949; x_wconf 84' lang='lat' dir='ltr'><strong>Marci</strong></span> <span class='ocrx_word' id='word_1_206' title='bbox 1691 2893 1949 2965; x_wconf 81' lang='lat' dir='ltr'><strong>Eugenici</strong></span> <span class='ocrx_word' id='word_1_207' title='bbox 1990 2888 2265 2959; x_wconf 73' lang='lat' dir='ltr'><strong>Epistolas.</strong></span> <span class='ocrx_word' id='word_1_208' title='bbox 2311 2886 2373 2942; x_wconf 85' lang='lat' dir='ltr'><strong>V.</strong></span> <span class='ocrx_word' id='word_1_209' title='bbox 2410 2887 2580 2942; x_wconf 87' lang='lat' dir='ltr'><strong>ludic.</strong></span> <span class='ocrx_word' id='word_1_210' title='bbox 2616 2889 2681 2942; x_wconf 87' lang='lat' dir='ltr'><strong>ad</strong></span> <span class='ocrx_word' id='word_1_211' title='bbox 2748 2889 2854 2943; x_wconf 83' lang='lat' dir='ltr'><strong>vol.</strong></span> <span class='ocrx_word' id='word_1_212' title='bbox 2891 2887 2933 2941; x_wconf 88' lang='lat' dir='ltr'><strong>ll</strong></span> <span class='ocrx_word' id='word_1_213' title='bbox 2962 2887 3082 2943; x_wconf 89' lang='lat' dir='ltr'><strong>Cat.</strong></span> <span class='ocrx_word' id='word_1_214' title='bbox 3108 2903 3242 2944; x_wconf 89' lang='lat' dir='ltr'><strong>mss.</strong></span> <span class='ocrx_word' id='word_1_215' title='bbox 3272 2887 3453 2943; x_wconf 85' lang='lat' dir='ltr'><strong>Paris.</strong></span> <span class='ocrx_word' id='word_1_216' title='bbox 3486 2887 3659 2958; x_wconf 72' lang='lat' dir='ltr'><strong>Regg.</strong></span> 
     </span>
    </p>
   </div>
   <div class='ocr_carea' id='block_1_25' title="bbox 415 2975 3667 3050">
    <p class='ocr_par' dir='ltr' id='par_1_25' title="bbox 415 2975 3667 3050">
     <span class='ocr_line' id='line_1_25' title="bbox 415 2975 3667 3050; baseline -0.001 -15"><span class='ocrx_word' id='word_1_217' title='bbox 415 2982 770 3050; x_wconf 80' lang='lat' dir='ltr'><strong>Singulorum</strong></span> <span class='ocrx_word' id='word_1_218' title='bbox 826 2982 970 3036; x_wconf 88' lang='lat' dir='ltr'><strong>enim</strong></span> <span class='ocrx_word' id='word_1_219' title='bbox 1001 2981 1164 3036; x_wconf 86' lang='lat' dir='ltr'><strong>codd.</strong></span> <span class='ocrx_word' id='word_1_220' title='bbox 1224 2982 1680 3036; x_wconf 88' lang='lat' dir='ltr'><strong>commemoratio</strong></span> <span class='ocrx_word' id='word_1_221' title='bbox 1714 2982 1939 3036; x_wconf 85' lang='lat' dir='ltr'><strong>molesta</strong></span> <span class='ocrx_word' id='word_1_222' title='bbox 1998 2975 2496 3035; x_wconf 85' lang='lat' dir='ltr'><strong>foret.—Addam</strong></span> <span class='ocrx_word' id='word_1_223' title='bbox 2549 2975 2914 3045; x_wconf 79' lang='lat' dir='ltr'><strong>quorumdam</strong></span> <span class='ocrx_word' id='word_1_224' title='bbox 2966 2976 3201 3030; x_wconf 87' lang='lat' dir='ltr'><strong>aliorum</strong></span> <span class='ocrx_word' id='word_1_225' title='bbox 3259 2975 3476 3046; x_wconf 80' lang='lat' dir='ltr'><strong>Ephesii</strong></span> <span class='ocrx_word' id='word_1_226' title='bbox 3530 2977 3667 3034; x_wconf 69' lang='lat' dir='ltr'><strong>libr.‘</strong></span> 
     </span>
    </p>
   </div>
   <div class='ocr_carea' id='block_1_26' title="bbox 414 3062 3665 3132">
    <p class='ocr_par' dir='ltr' id='par_1_26' title="bbox 414 3062 3665 3132">
     <span class='ocr_line' id='line_1_26' title="bbox 414 3062 3665 3132; baseline -0.002 -7"><span class='ocrx_word' id='word_1_227' title='bbox 414 3070 599 3125; x_wconf 85' lang='lat' dir='ltr'><strong>minus</strong></span> <span class='ocrx_word' id='word_1_228' title='bbox 627 3070 862 3124; x_wconf 87' lang='lat' dir='ltr'><strong>dilucide</strong></span> <span class='ocrx_word' id='word_1_229' title='bbox 904 3069 1265 3123; x_wconf 82' lang='lat' dir='ltr'><strong>iudicatorum</strong></span> <span class='ocrx_word' id='word_1_230' title='bbox 1313 3067 1570 3123; x_wconf 83' lang='lat' dir='ltr'><strong>Notitiam</strong></span> <span class='ocrx_word' id='word_1_231' title='bbox 1608 3069 1898 3125; x_wconf 81' lang='lat' dir='ltr'><strong>:Vcnetiis</strong></span> <span class='ocrx_word' id='word_1_232' title='bbox 1961 3068 2014 3122; x_wconf 91' lang='lat' dir='ltr'><strong>in</strong></span> <span class='ocrx_word' id='word_1_233' title='bbox 2071 3066 2205 3121; x_wconf 89' lang='lat' dir='ltr'><strong>bibl.</strong></span> <span class='ocrx_word' id='word_1_234' title='bbox 2252 3063 2544 3118; x_wconf 87' lang='lat' dir='ltr'><strong>Justinian.</strong></span> <span class='ocrx_word' id='word_1_235' title='bbox 2577 3062 2741 3117; x_wconf 81' lang='lat' dir='ltr'><strong>Marci</strong></span> <span class='ocrx_word' id='word_1_236' title='bbox 2797 3062 3055 3131; x_wconf 84' lang='lat' dir='ltr'><strong>Ephesini</strong></span> <span class='ocrx_word' id='word_1_237' title='bbox 3108 3077 3271 3132; x_wconf 86' lang='lat' dir='ltr'><strong>opera</strong></span> <span class='ocrx_word' id='word_1_238' title='bbox 3320 3064 3492 3130; x_wconf 80' lang='lat' dir='ltr'><strong>varia,</strong></span> <span class='ocrx_word' id='word_1_239' title='bbox 3527 3074 3665 3120; x_wconf 86' lang='lat' dir='ltr'><strong>teste</strong></span> 
     </span>
    </p>
   </div>
   <div class='ocr_carea' id='block_1_27' title="bbox 413 3149 3659 3225">
    <p class='ocr_par' dir='ltr' id='par_1_27' title="bbox 413 3149 3659 3225">
     <span class='ocr_line' id='line_1_27' title="bbox 413 3149 3659 3225; baseline -0.002 -14"><span class='ocrx_word' id='word_1_240' title='bbox 413 3152 709 3213; x_wconf 78' lang='lat' dir='ltr'><strong>Montfauc.</strong></span> <span class='ocrx_word' id='word_1_241' title='bbox 744 3156 885 3211; x_wconf 85' lang='lat' dir='ltr'><strong>Bibl.</strong></span> <span class='ocrx_word' id='word_1_242' title='bbox 924 3156 1167 3211; x_wconf 77' lang='lat' dir='ltr'><strong>biblioth.</strong></span> <span class='ocrx_word' id='word_1_243' title='bbox 1194 3172 1323 3210; x_wconf 76' lang='lat' dir='ltr'><strong>mss.</strong></span> <span class='ocrx_word' id='word_1_244' title='bbox 1363 3171 1416 3218; x_wconf 83' lang='grc' dir='ltr'><strong>ι).</strong></span> <span class='ocrx_word' id='word_1_245' title='bbox 1449 3156 1555 3209; x_wconf 73' lang='grc'><strong>485</strong></span> <span class='ocrx_word' id='word_1_246' title='bbox 1592 3154 1657 3210; x_wconf 82' lang='grc' dir='ltr'><strong>ι).</strong></span> <span class='ocrx_word' id='word_1_247' title='bbox 1687 3185 1756 3195; x_wconf 92' lang='lat'>—</span> <span class='ocrx_word' id='word_1_248' title='bbox 1788 3154 1922 3210; x_wconf 89' lang='lat' dir='ltr'><strong>lbid.</strong></span> <span class='ocrx_word' id='word_1_249' title='bbox 1957 3171 2012 3225; x_wconf 94' lang='lat' dir='ltr'><strong>p.</strong></span> <span class='ocrx_word' id='word_1_250' title='bbox 2070 3154 2176 3208; x_wconf 86' lang='lat'><strong>772</strong></span> <span class='ocrx_word' id='word_1_251' title='bbox 2230 3152 2293 3207; x_wconf 87' lang='lat' dir='ltr'><strong>E.</strong></span> <span class='ocrx_word' id='word_1_252' title='bbox 2330 3152 2508 3206; x_wconf 87' lang='lat' dir='ltr'><strong>Paris.</strong></span> <span class='ocrx_word' id='word_1_253' title='bbox 2541 3152 2597 3204; x_wconf 89' lang='lat' dir='ltr'><strong>in</strong></span> <span class='ocrx_word' id='word_1_254' title='bbox 2632 3149 2755 3204; x_wconf 92' lang='lat' dir='ltr'><strong>cod.</strong></span> <span class='ocrx_word' id='word_1_255' title='bbox 2808 3149 3029 3204; x_wconf 87' lang='lat' dir='ltr'><strong>cardiu.</strong></span> <span class='ocrx_word' id='word_1_256' title='bbox 3070 3150 3372 3220; x_wconf 87' lang='lat' dir='ltr'><strong>Radulphi,</strong></span> <span class='ocrx_word' id='word_1_257' title='bbox 3410 3152 3659 3221; x_wconf 70' lang='lat' dir='ltr'><strong>quadam</strong></span> 
     </span>
    </p>
   </div>
   <div class='ocr_carea' id='block_1_28' title="bbox 412 3236 3658 3316">
    <p class='ocr_par' dir='ltr' id='par_1_28' title="bbox 412 3236 3658 3316">
     <span class='ocr_line' id='line_1_28' title="bbox 412 3236 3658 3316; baseline -0.002 -15"><span class='ocrx_word' id='word_1_258' title='bbox 412 3247 575 3301; x_wconf 77' lang='lat' dir='ltr'><strong>Marci</strong></span> <span class='ocrx_word' id='word_1_259' title='bbox 599 3245 839 3316; x_wconf 85' lang='lat' dir='ltr'><strong>Ephesii.</strong></span> <span class='ocrx_word' id='word_1_260' title='bbox 869 3276 940 3286; x_wconf 91' lang='lat'><strong>-—</strong></span> <span class='ocrx_word' id='word_1_261' title='bbox 969 3244 1103 3299; x_wconf 88' lang='lat' dir='ltr'><strong>Ibid.</strong></span> <span class='ocrx_word' id='word_1_262' title='bbox 1140 3259 1194 3314; x_wconf 91' lang='lat' dir='ltr'><strong>p.</strong></span> <span class='ocrx_word' id='word_1_263' title='bbox 1229 3244 1365 3299; x_wconf 79' lang='grc'><strong>1526</strong></span> <span class='ocrx_word' id='word_1_264' title='bbox 1386 3243 1455 3300; x_wconf 89' lang='lat' dir='ltr'><strong>D.</strong></span> <span class='ocrx_word' id='word_1_265' title='bbox 1487 3244 1539 3298; x_wconf 92' lang='lat' dir='ltr'><strong>in</strong></span> <span class='ocrx_word' id='word_1_266' title='bbox 1573 3244 1706 3299; x_wconf 89' lang='lat' dir='ltr'><strong>bibl.</strong></span> <span class='ocrx_word' id='word_1_267' title='bbox 1735 3243 1802 3299; x_wconf 92' lang='lat' dir='ltr'><strong>de</strong></span> <span class='ocrx_word' id='word_1_268' title='bbox 1831 3244 2029 3298; x_wconf 85' lang='lat' dir='ltr'><strong>Mesme</strong></span> <span class='ocrx_word' id='word_1_269' title='bbox 2054 3241 2274 3312; x_wconf 84' lang='lat' dir='ltr'><strong>Ephesii</strong></span> <span class='ocrx_word' id='word_1_270' title='bbox 2300 3239 2528 3295; x_wconf 87' lang='lat' dir='ltr'><strong>scholia.</strong></span> <span class='ocrx_word' id='word_1_271' title='bbox 2553 3266 2622 3276; x_wconf 94' lang='lat'><strong>-—</strong></span> <span class='ocrx_word' id='word_1_272' title='bbox 2646 3237 2882 3306; x_wconf 73' lang='lat' dir='ltr'><strong>Mosquze</strong></span> <span class='ocrx_word' id='word_1_273' title='bbox 2910 3238 2962 3289; x_wconf 91' lang='lat' dir='ltr'><strong>in</strong></span> <span class='ocrx_word' id='word_1_274' title='bbox 2994 3236 3113 3291; x_wconf 90' lang='lat' dir='ltr'><strong>cod.</strong></span> <span class='ocrx_word' id='word_1_275' title='bbox 3141 3237 3337 3308; x_wconf 83' lang='lat' dir='ltr'><strong>synod.</strong></span> <span class='ocrx_word' id='word_1_276' title='bbox 3370 3240 3476 3294; x_wconf 77' lang='lat'><strong>555</strong></span> <span class='ocrx_word' id='word_1_277' title='bbox 3510 3240 3613 3293; x_wconf 76' lang='lat' dir='ltr'><strong>n.l</strong></span> <span class='ocrx_word' id='word_1_278' title='bbox 3640 3256 3658 3307; x_wconf 88' lang='lat'><strong>;</strong></span> 
     </span>
    </p>
   </div>
   <div class='ocr_carea' id='block_1_29' title="bbox 412 3325 1974 3403">
    <p class='ocr_par' dir='ltr' id='par_1_29' title="bbox 412 3331 1974 3403">
     <span class='ocr_line' id='line_1_29' title="bbox 412 3331 1974 3403; baseline -0.002 -16"><span class='ocrx_word' id='word_1_279' title='bbox 412 3335 587 3403; x_wconf 86' lang='lat' dir='ltr'><strong>ejusd.</strong></span> <span class='ocrx_word' id='word_1_280' title='bbox 622 3333 868 3397; x_wconf 78' lang='grc' dir='ltr'><strong>Διάλεξις</strong></span> <span class='ocrx_word' id='word_1_281' title='bbox 913 3335 1049 3401; x_wconf 75' lang='grc' dir='ltr'><strong>μετὰ</strong></span> <span class='ocrx_word' id='word_1_282' title='bbox 1080 3333 1191 3385; x_wconf 81' lang='grc' dir='ltr'><strong>τῶν</strong></span> <span class='ocrx_word' id='word_1_283' title='bbox 1220 3332 1505 3403; x_wconf 74' lang='grc' dir='ltr'><strong>πρέσϐεων</strong></span> <span class='ocrx_word' id='word_1_284' title='bbox 1537 3331 1631 3385; x_wconf 84' lang='grc' dir='ltr'><strong>τοῦ</strong></span> <span class='ocrx_word' id='word_1_285' title='bbox 1685 3331 1845 3384; x_wconf 84' lang='grc' dir='ltr'><strong>πὰπα</strong></span> <span class='ocrx_word' id='word_1_286' title='bbox 1866 3348 1880 3362; x_wconf 79' lang='grc'><em>’</em></span> <span class='ocrx_word' id='word_1_287' title='bbox 1915 3346 1974 3385; x_wconf 80' lang='lat' dir='ltr'><strong>ca</strong></span> 
     </span>
    </p>
   </div>
   <div class='ocr_carea' id='block_1_30' title="bbox 2098 3325 3660 3403">
    <p class='ocr_par' dir='ltr' id='par_1_30' title="bbox 2113 3325 3660 3397">
     <span class='ocr_line' id='line_1_30' title="bbox 2113 3325 3660 3397; baseline -0.008 -13"><span class='ocrx_word' id='word_1_288' title='bbox 2113 3330 2271 3384; x_wconf 86' lang='lat' dir='ltr'><strong>initio</strong></span> <span class='ocrx_word' id='word_1_289' title='bbox 2297 3344 2312 3380; x_wconf 88' lang='lat'><strong>:</strong></span> <span class='ocrx_word' id='word_1_290' title='bbox 2338 3338 2393 3382; x_wconf 81' lang='lat' dir='ltr'><strong>et</strong></span> <span class='ocrx_word' id='word_1_291' title='bbox 2425 3344 2479 3381; x_wconf 92' lang='lat' dir='ltr'><strong>n.</strong></span> <span class='ocrx_word' id='word_1_292' title='bbox 2519 3327 2606 3393; x_wconf 73' lang='grc'><strong>12,</strong></span> <span class='ocrx_word' id='word_1_293' title='bbox 2636 3326 2840 3396; x_wconf 79' lang='lat' dir='ltr'><strong>sylloge</strong></span> <span class='ocrx_word' id='word_1_294' title='bbox 2890 3325 3144 3396; x_wconf 82' lang='grc' dir='ltr'>χρήσεων</span> <span class='ocrx_word' id='word_1_295' title='bbox 3173 3327 3469 3397; x_wconf 71' lang='grc' dir='ltr'><strong>γριφικιῖιν</strong></span> <span class='ocrx_word' id='word_1_296' title='bbox 3500 3344 3660 3395; x_wconf 75' lang='grc' dir='ltr'>γεγο-</span> 
     </span>
    </p>
   </div>
   <div class='ocr_carea' id='block_1_31' title="bbox 411 3412 1973 3491">
    <p class='ocr_par' dir='ltr' id='par_1_31' title="bbox 411 3416 1941 3491">
     <span class='ocr_line' id='line_1_31' title="bbox 411 3416 1941 3491; baseline 0.001 -20"><span class='ocrx_word' id='word_1_297' title='bbox 411 3424 532 3473; x_wconf 85' lang='grc' dir='ltr'><strong>νυία</strong></span> <span class='ocrx_word' id='word_1_298' title='bbox 570 3422 721 3491; x_wconf 81' lang='grc' dir='ltr'><strong>παρὰ</strong></span> <span class='ocrx_word' id='word_1_299' title='bbox 768 3421 863 3473; x_wconf 80' lang='grc' dir='ltr'><strong>τοῦ</strong></span> <span class='ocrx_word' id='word_1_300' title='bbox 901 3420 1150 3488; x_wconf 75' lang='grc' dir='ltr'><strong>Ἐφέσου,</strong></span> <span class='ocrx_word' id='word_1_301' title='bbox 1187 3422 1253 3474; x_wconf 89' lang='lat' dir='ltr'><strong>de</strong></span> <span class='ocrx_word' id='word_1_302' title='bbox 1305 3419 1658 3489; x_wconf 82' lang='lat' dir='ltr'><strong>processione</strong></span> <span class='ocrx_word' id='word_1_303' title='bbox 1703 3416 1941 3489; x_wconf 88' lang='lat' dir='ltr'><strong>Spiritus</strong></span> 
     </span>
    </p>
   </div>
   <div class='ocr_carea' id='block_1_32' title="bbox 2095 3412 3657 3491">
    <p class='ocr_par' dir='ltr' id='par_1_32' title="bbox 2102 3412 3657 3486">
     <span class='ocr_line' id='line_1_32' title="bbox 2102 3412 3657 3486; baseline -0.001 -15"><span class='ocrx_word' id='word_1_304' title='bbox 2102 3417 2173 3471; x_wconf 91' lang='lat' dir='ltr'><strong>cti</strong></span> <span class='ocrx_word' id='word_1_305' title='bbox 2235 3431 2303 3472; x_wconf 79' lang='lat' dir='ltr'><strong>ex</strong></span> <span class='ocrx_word' id='word_1_306' title='bbox 2354 3415 2470 3471; x_wconf 85' lang='lat' dir='ltr'><strong>solo</strong></span> <span class='ocrx_word' id='word_1_307' title='bbox 2532 3412 2715 3469; x_wconf 85' lang='lat' dir='ltr'><strong>Patre.</strong></span> <span class='ocrx_word' id='word_1_308' title='bbox 2786 3413 2903 3469; x_wconf 87' lang='lat' dir='ltr'><strong>luc.</strong></span> <span class='ocrx_word' id='word_1_309' title='bbox 2950 3412 3172 3485; x_wconf 80' lang='grc' dir='ltr'><strong>Ἐπειδὴ</strong></span> <span class='ocrx_word' id='word_1_310' title='bbox 3242 3414 3380 3482; x_wconf 82' lang='grc' dir='ltr'><strong>μετὰ</strong></span> <span class='ocrx_word' id='word_1_311' title='bbox 3430 3416 3532 3486; x_wconf 80' lang='grc' dir='ltr'><strong>τῆς</strong></span> <span class='ocrx_word' id='word_1_312' title='bbox 3562 3414 3657 3469; x_wconf 78' lang='grc' dir='ltr'><strong>τοῦ</strong></span> 
     </span>
    </p>
   </div>
   <div class='ocr_carea' id='block_1_33' title="bbox 411 3504 1834 3576">
    <p class='ocr_par' dir='ltr' id='par_1_33' title="bbox 411 3504 1834 3576">
     <span class='ocr_line' id='line_1_33' title="bbox 411 3504 1834 3576; baseline -0.001 -17"><span class='ocrx_word' id='word_1_313' title='bbox 411 3510 649 3576; x_wconf 73' lang='grc' dir='ltr'><strong>κόσμου’</strong></span> <span class='ocrx_word' id='word_1_314' title='bbox 691 3507 750 3561; x_wconf 85' lang='lat' dir='ltr'><strong>V.</strong></span> <span class='ocrx_word' id='word_1_315' title='bbox 783 3505 1031 3560; x_wconf 76' lang='lat' dir='ltr'><strong>Matt/ta&#39;i</strong></span> <span class='ocrx_word' id='word_1_316' title='bbox 1061 3507 1098 3561; x_wconf 93' lang='lat' dir='ltr'><strong>l.</strong></span> <span class='ocrx_word' id='word_1_317' title='bbox 1132 3522 1183 3561; x_wconf 90' lang='lat' dir='ltr'><strong>c.</strong></span> <span class='ocrx_word' id='word_1_318' title='bbox 1219 3505 1401 3576; x_wconf 67' lang='lat' dir='ltr'><strong>p.234</strong></span> <span class='ocrx_word' id='word_1_319' title='bbox 1423 3514 1473 3560; x_wconf 91' lang='lat' dir='ltr'><strong>et</strong></span> <span class='ocrx_word' id='word_1_320' title='bbox 1503 3505 1629 3559; x_wconf 81' lang='grc'><strong>255.</strong></span> <span class='ocrx_word' id='word_1_321' title='bbox 1663 3504 1834 3558; x_wconf 75' lang='grc' dir='ltr'><strong>ΙΙΑιιι..</strong></span> 
     </span>
    </p>
   </div>
   <div class='ocr_carea' id='block_1_34' title="bbox 479 3589 3649 3663">
    <p class='ocr_par' dir='ltr' id='par_1_34' title="bbox 479 3589 3649 3663">
     <span class='ocr_line' id='line_1_34' title="bbox 479 3589 3649 3663; baseline -0.001 -16"><span class='ocrx_word' id='word_1_322' title='bbox 479 3596 533 3650; x_wconf 79' lang='grc'><strong>2.</strong></span> <span class='ocrx_word' id='word_1_323' title='bbox 566 3594 844 3651; x_wconf 72' lang='lat' dir='ltr'><strong>Orationes</strong></span> <span class='ocrx_word' id='word_1_324' title='bbox 875 3597 991 3647; x_wconf 70' lang='lat' dir='ltr'><strong>dum</strong></span> <span class='ocrx_word' id='word_1_325' title='bbox 1021 3595 1080 3648; x_wconf 75' lang='grc' dir='ltr'><strong>ἀι</strong></span> <span class='ocrx_word' id='word_1_326' title='bbox 1103 3594 1432 3663; x_wconf 71' lang='grc' dir='ltr'><strong>ριιιραιοιὶο,</strong></span> <span class='ocrx_word' id='word_1_327' title='bbox 1465 3591 1731 3646; x_wconf 69' lang='lat' dir='ltr'><strong>Ferraria:</strong></span> <span class='ocrx_word' id='word_1_328' title='bbox 1756 3591 1971 3659; x_wconf 64' lang='lat' dir='ltr'><strong>scripta</strong></span> <span class='ocrx_word' id='word_1_329' title='bbox 1991 3598 2044 3646; x_wconf 89' lang='lat' dir='ltr'><strong>et</strong></span> <span class='ocrx_word' id='word_1_330' title='bbox 2068 3592 2248 3647; x_wconf 88' lang='lat' dir='ltr'><strong>adhuc</strong></span> <span class='ocrx_word' id='word_1_331' title='bbox 2274 3592 2510 3646; x_wconf 68' lang='lat' dir='ltr'><strong>ineditaz.</strong></span> <span class='ocrx_word' id='word_1_332' title='bbox 2530 3590 2665 3647; x_wconf 80' lang='lat' dir='ltr'><strong>Vide</strong></span> <span class='ocrx_word' id='word_1_333' title='bbox 2690 3590 2971 3650; x_wconf 89' lang='lat' dir='ltr'><strong>Allatium.</strong></span> <span class='ocrx_word' id='word_1_334' title='bbox 2996 3589 3075 3645; x_wconf 84' lang='lat' dir='ltr'><strong>De</strong></span> <span class='ocrx_word' id='word_1_335' title='bbox 3097 3592 3429 3662; x_wconf 81' lang='lat' dir='ltr'><strong>purgaton&#39;o,</strong></span> <span class='ocrx_word' id='word_1_336' title='bbox 3454 3605 3504 3661; x_wconf 89' lang='lat' dir='ltr'><strong>p.</strong></span> <span class='ocrx_word' id='word_1_337' title='bbox 3523 3591 3649 3658; x_wconf 73' lang='grc'><strong>241,</strong></span> 
     </span>
    </p>
   </div>
   <div class='ocr_carea' id='block_1_35' title="bbox 410 3677 3656 3750">
    <p class='ocr_par' dir='ltr' id='par_1_35' title="bbox 410 3677 3656 3750">
     <span class='ocr_line' id='line_1_35' title="bbox 410 3677 3656 3750; baseline -0.001 -16"><span class='ocrx_word' id='word_1_338' title='bbox 410 3690 463 3735; x_wconf 84' lang='lat' dir='ltr'><strong>et</strong></span> <span class='ocrx_word' id='word_1_339' title='bbox 495 3681 652 3737; x_wconf 85' lang='lat' dir='ltr'><strong>Rich.</strong></span> <span class='ocrx_word' id='word_1_340' title='bbox 685 3680 987 3746; x_wconf 84' lang='lat' dir='ltr'><strong>Simonem,</strong></span> <span class='ocrx_word' id='word_1_341' title='bbox 1021 3689 1151 3736; x_wconf 85' lang='lat' dir='ltr'><strong>toni.</strong></span> <span class='ocrx_word' id='word_1_342' title='bbox 1187 3677 1252 3730; x_wconf 89' lang='lat' dir='ltr'><strong>IV</strong></span> <span class='ocrx_word' id='word_1_343' title='bbox 1288 3677 1430 3731; x_wconf 85' lang='lat' dir='ltr'><strong>Bibl.</strong></span> <span class='ocrx_word' id='word_1_344' title='bbox 1463 3679 1683 3743; x_wconf 79' lang='lat' dir='ltr'><strong>criticw,</strong></span> <span class='ocrx_word' id='word_1_345' title='bbox 1744 3693 1866 3748; x_wconf 83' lang='lat' dir='ltr'><strong>pag.</strong></span> <span class='ocrx_word' id='word_1_346' title='bbox 1898 3679 1990 3733; x_wconf 79' lang='grc'><strong>21.</strong></span> <span class='ocrx_word' id='word_1_347' title='bbox 2025 3678 2195 3743; x_wconf 85' lang='lat' dir='ltr'><strong>Infra,</strong></span> <span class='ocrx_word' id='word_1_348' title='bbox 2228 3695 2285 3734; x_wconf 87' lang='grc' dir='ltr'><strong>ιι.</strong></span> <span class='ocrx_word' id='word_1_349' title='bbox 2326 3679 2412 3733; x_wconf 97' lang='grc'><strong>16.</strong></span> <span class='ocrx_word' id='word_1_350' title='bbox 2449 3677 2616 3733; x_wconf 68' lang='grc' dir='ltr'><strong>ΕΑιςιι.</strong></span> <span class='ocrx_word' id='word_1_351' title='bbox 2663 3678 2955 3733; x_wconf 82' lang='lat' dir='ltr'><strong>Mediolani</strong></span> <span class='ocrx_word' id='word_1_352' title='bbox 2990 3680 3044 3733; x_wconf 92' lang='lat' dir='ltr'><strong>in</strong></span> <span class='ocrx_word' id='word_1_353' title='bbox 3076 3680 3217 3734; x_wconf 91' lang='lat' dir='ltr'><strong>bibl.</strong></span> <span class='ocrx_word' id='word_1_354' title='bbox 3246 3680 3503 3735; x_wconf 82' lang='lat' dir='ltr'><strong>Ambros.</strong></span> <span class='ocrx_word' id='word_1_355' title='bbox 3532 3695 3656 3750; x_wconf 68' lang='lat' dir='ltr'><strong>quae</strong></span> 
     </span>
    </p>
   </div>
   <div class='ocr_carea' id='block_1_36' title="bbox 412 3765 3654 3840">
    <p class='ocr_par' dir='ltr' id='par_1_36' title="bbox 412 3765 3654 3840">
     <span class='ocr_line' id='line_1_36' title="bbox 412 3765 3654 3840; baseline 0 -17"><span class='ocrx_word' id='word_1_356' title='bbox 412 3780 542 3824; x_wconf 89' lang='lat' dir='ltr'><strong>sunt</strong></span> <span class='ocrx_word' id='word_1_357' title='bbox 575 3784 700 3838; x_wconf 81' lang='lat' dir='ltr'><strong>upp.</strong></span> <span class='ocrx_word' id='word_1_358' title='bbox 730 3769 907 3837; x_wconf 84' lang='lat' dir='ltr'><strong>ejusd.</strong></span> <span class='ocrx_word' id='word_1_359' title='bbox 944 3768 1017 3821; x_wconf 88' lang='lat' dir='ltr'><strong>ita</strong></span> <span class='ocrx_word' id='word_1_360' title='bbox 1053 3781 1081 3820; x_wconf 90' lang='lat' dir='ltr'><strong>a</strong></span> <span class='ocrx_word' id='word_1_361' title='bbox 1129 3765 1428 3820; x_wconf 79' lang='lat' dir='ltr'><strong>Montfauc.</strong></span> <span class='ocrx_word' id='word_1_362' title='bbox 1463 3765 1518 3820; x_wconf 90' lang='lat' dir='ltr'><strong>in</strong></span> <span class='ocrx_word' id='word_1_363' title='bbox 1573 3765 1713 3820; x_wconf 81' lang='lat' dir='ltr'><strong>Bibl.</strong></span> <span class='ocrx_word' id='word_1_364' title='bbox 1764 3766 2002 3822; x_wconf 81' lang='lat' dir='ltr'><strong>bibliotli.</strong></span> <span class='ocrx_word' id='word_1_365' title='bbox 2054 3784 2181 3821; x_wconf 76' lang='lat' dir='ltr'><strong>nus.</strong></span> <span class='ocrx_word' id='word_1_366' title='bbox 2235 3782 2287 3836; x_wconf 90' lang='lat' dir='ltr'><strong>p.</strong></span> <span class='ocrx_word' id='word_1_367' title='bbox 2322 3767 2416 3821; x_wconf 82' lang='grc'><strong>501</strong></span> <span class='ocrx_word' id='word_1_368' title='bbox 2454 3766 2522 3832; x_wconf 91' lang='lat' dir='ltr'><strong>D,</strong></span> <span class='ocrx_word' id='word_1_369' title='bbox 2583 3776 2957 3822; x_wconf 88' lang='lat' dir='ltr'><strong>memorantur</strong></span> <span class='ocrx_word' id='word_1_370' title='bbox 2994 3767 3208 3823; x_wconf 73' lang='lat' dir='ltr'><strong>:Marci</strong></span> <span class='ocrx_word' id='word_1_371' title='bbox 3256 3768 3654 3840; x_wconf 85' lang='lat' dir='ltr'><strong>archiepiscopi</strong></span> 
     </span>
    </p>
   </div>
   <div class='ocr_carea' id='block_1_37' title="bbox 412 3852 3658 3925">
    <p class='ocr_par' dir='ltr' id='par_1_37' title="bbox 412 3852 3658 3925">
     <span class='ocr_line' id='line_1_37' title="bbox 412 3852 3658 3925; baseline 0.002 -19"><span class='ocrx_word' id='word_1_372' title='bbox 412 3854 693 3922; x_wconf 83' lang='lat' dir='ltr'><strong>Ephesini,</strong></span> <span class='ocrx_word' id='word_1_373' title='bbox 728 3855 864 3908; x_wconf 90' lang='lat' dir='ltr'><strong>alias</strong></span> <span class='ocrx_word' id='word_1_374' title='bbox 891 3854 1144 3908; x_wconf 86' lang='lat' dir='ltr'><strong>monachi</strong></span> <span class='ocrx_word' id='word_1_375' title='bbox 1177 3862 1229 3908; x_wconf 92' lang='lat' dir='ltr'><strong>et</strong></span> <span class='ocrx_word' id='word_1_376' title='bbox 1290 3853 1504 3909; x_wconf 90' lang='lat' dir='ltr'><strong>abbatis</strong></span> <span class='ocrx_word' id='word_1_377' title='bbox 1560 3855 1999 3923; x_wconf 76' lang='lat' dir='ltr'><strong>congregationis</strong></span> <span class='ocrx_word' id='word_1_378' title='bbox 2054 3855 2393 3910; x_wconf 84' lang='lat' dir='ltr'><strong>Cassinensis</strong></span> <span class='ocrx_word' id='word_1_379' title='bbox 2427 3854 2483 3909; x_wconf 85' lang='lat' dir='ltr'><strong>S.</strong></span> <span class='ocrx_word' id='word_1_380' title='bbox 2513 3852 2741 3909; x_wconf 62' lang='lat' dir='ltr'><strong>Iustina:</strong></span> <span class='ocrx_word' id='word_1_381' title='bbox 2793 3854 2863 3910; x_wconf 89' lang='lat' dir='ltr'><strong>de</strong></span> <span class='ocrx_word' id='word_1_382' title='bbox 2902 3854 3108 3918; x_wconf 85' lang='lat' dir='ltr'><strong>Padua,</strong></span> <span class='ocrx_word' id='word_1_383' title='bbox 3166 3870 3355 3925; x_wconf 85' lang='lat' dir='ltr'><strong>opera,</strong></span> <span class='ocrx_word' id='word_1_384' title='bbox 3387 3857 3423 3910; x_wconf 93' lang='lat' dir='ltr'><strong>i.</strong></span> <span class='ocrx_word' id='word_1_385' title='bbox 3450 3871 3503 3912; x_wconf 91' lang='lat' dir='ltr'><strong>e.</strong></span> <span class='ocrx_word' id='word_1_386' title='bbox 3536 3871 3658 3912; x_wconf 84' lang='lat' dir='ltr'><strong>ora-</strong></span> 
     </span>
    </p>
   </div>
   <div class='ocr_carea' id='block_1_38' title="bbox 413 3939 3655 4013">
    <p class='ocr_par' dir='ltr' id='par_1_38' title="bbox 413 3939 3655 4013">
     <span class='ocr_line' id='line_1_38' title="bbox 413 3939 3655 4013; baseline 0.001 -18"><span class='ocrx_word' id='word_1_387' title='bbox 413 3944 488 3994; x_wconf 90' lang='lat' dir='ltr'><strong>tio</strong></span> <span class='ocrx_word' id='word_1_388' title='bbox 523 3942 701 3996; x_wconf 87' lang='lat' dir='ltr'><strong>habita</strong></span> <span class='ocrx_word' id='word_1_389' title='bbox 728 3942 794 3995; x_wconf 88' lang='lat' dir='ltr'><strong>de</strong></span> <span class='ocrx_word' id='word_1_390' title='bbox 834 3943 1152 4013; x_wconf 76' lang='lat' dir='ltr'><strong>purgatorio</strong></span> <span class='ocrx_word' id='word_1_391' title='bbox 1208 3944 1258 3996; x_wconf 92' lang='lat' dir='ltr'><strong>in</strong></span> <span class='ocrx_word' id='word_1_392' title='bbox 1313 3940 1559 4011; x_wconf 86' lang='lat' dir='ltr'><strong>synodo;</strong></span> <span class='ocrx_word' id='word_1_393' title='bbox 1592 3970 1662 3980; x_wconf 90' lang='lat'>—</span> <span class='ocrx_word' id='word_1_394' title='bbox 1689 3939 1995 4009; x_wconf 81' lang='lat' dir='ltr'><strong>Responsio</strong></span> <span class='ocrx_word' id='word_1_395' title='bbox 2046 3944 2111 3997; x_wconf 87' lang='lat' dir='ltr'><strong>ad</strong></span> <span class='ocrx_word' id='word_1_396' title='bbox 2166 3944 2477 4013; x_wconf 87' lang='lat' dir='ltr'><strong>propositas</strong></span> <span class='ocrx_word' id='word_1_397' title='bbox 2521 3943 2930 4013; x_wconf 85' lang='lat' dir='ltr'><strong>dubitationes;</strong></span> <span class='ocrx_word' id='word_1_398' title='bbox 2960 3943 3346 4000; x_wconf 83' lang='lat' dir='ltr'><strong>—Confessio</strong></span> <span class='ocrx_word' id='word_1_399' title='bbox 3393 3944 3542 4000; x_wconf 86' lang='lat' dir='ltr'><strong>edita</strong></span> <span class='ocrx_word' id='word_1_400' title='bbox 3603 3946 3655 3998; x_wconf 91' lang='lat' dir='ltr'><strong>in</strong></span> 
     </span>
    </p>
   </div>
   <div class='ocr_carea' id='block_1_39' title="bbox 411 4027 3654 4100">
    <p class='ocr_par' dir='ltr' id='par_1_39' title="bbox 411 4027 3654 4100">
     <span class='ocr_line' id='line_1_39' title="bbox 411 4027 3654 4100; baseline 0 -17"><span class='ocrx_word' id='word_1_401' title='bbox 411 4029 643 4084; x_wconf 80' lang='lat' dir='ltr'><strong>concilio</strong></span> <span class='ocrx_word' id='word_1_402' title='bbox 671 4028 1033 4097; x_wconf 85' lang='lat' dir='ltr'><strong>Florentino;</strong></span> <span class='ocrx_word' id='word_1_403' title='bbox 1062 4059 1128 4069; x_wconf 95' lang='lat'><strong><em>—</em></strong></span> <span class='ocrx_word' id='word_1_404' title='bbox 1157 4027 1347 4099; x_wconf 86' lang='lat' dir='ltr'><strong>Capita</strong></span> <span class='ocrx_word' id='word_1_405' title='bbox 1376 4027 1622 4096; x_wconf 64' lang='lat' dir='ltr'><strong>quaedam</strong></span> <span class='ocrx_word' id='word_1_406' title='bbox 1661 4039 1851 4081; x_wconf 90' lang='lat' dir='ltr'><strong>contra</strong></span> <span class='ocrx_word' id='word_1_407' title='bbox 1890 4027 2156 4094; x_wconf 88' lang='lat' dir='ltr'><strong>Latinos;</strong></span> <span class='ocrx_word' id='word_1_408' title='bbox 2188 4057 2255 4068; x_wconf 90' lang='lat'>—</span> <span class='ocrx_word' id='word_1_409' title='bbox 2291 4027 2553 4098; x_wconf 82' lang='lat' dir='ltr'><strong>Apologia</strong></span> <span class='ocrx_word' id='word_1_410' title='bbox 2610 4027 2780 4092; x_wconf 84' lang='lat' dir='ltr'><strong>dicta.</strong></span> <span class='ocrx_word' id='word_1_411' title='bbox 2815 4027 2870 4082; x_wconf 80' lang='grc' dir='ltr'><strong>ἰιι</strong></span> <span class='ocrx_word' id='word_1_412' title='bbox 2916 4029 3033 4099; x_wconf 90' lang='lat' dir='ltr'><strong>ejus</strong></span> <span class='ocrx_word' id='word_1_413' title='bbox 3079 4038 3283 4096; x_wconf 86' lang='lat' dir='ltr'><strong>morte;</strong></span> <span class='ocrx_word' id='word_1_414' title='bbox 3311 4058 3385 4072; x_wconf 76' lang='grc' dir='ltr'><strong>-υ-</strong></span> <span class='ocrx_word' id='word_1_415' title='bbox 3415 4029 3654 4100; x_wconf 81' lang='lat' dir='ltr'><strong>Epistula</strong></span> 
     </span>
    </p>
   </div>
   <div class='ocr_carea' id='block_1_40' title="bbox 412 4115 3655 4188">
    <p class='ocr_par' dir='ltr' id='par_1_40' title="bbox 412 4115 3655 4188">
     <span class='ocr_line' id='line_1_40' title="bbox 412 4115 3655 4188; baseline 0.001 -18"><span class='ocrx_word' id='word_1_416' title='bbox 412 4119 475 4172; x_wconf 88' lang='lat' dir='ltr'><strong>ad</strong></span> <span class='ocrx_word' id='word_1_417' title='bbox 515 4118 896 4186; x_wconf 78' lang='lat' dir='ltr'><strong>Scholarium;</strong></span> <span class='ocrx_word' id='word_1_418' title='bbox 927 4148 997 4157; x_wconf 93' lang='lat'><strong><em>—</em></strong></span> <span class='ocrx_word' id='word_1_419' title='bbox 1028 4118 1334 4188; x_wconf 82' lang='lat' dir='ltr'><strong>Responsio</strong></span> <span class='ocrx_word' id='word_1_420' title='bbox 1365 4116 1432 4170; x_wconf 90' lang='lat' dir='ltr'><strong>ad</strong></span> <span class='ocrx_word' id='word_1_421' title='bbox 1464 4115 1725 4186; x_wconf 85' lang='lat' dir='ltr'><strong>quasdam</strong></span> <span class='ocrx_word' id='word_1_422' title='bbox 1760 4115 2169 4181; x_wconf 80' lang='lat' dir='ltr'><strong>dubitationes;</strong></span> <span class='ocrx_word' id='word_1_423' title='bbox 2205 4146 2267 4157; x_wconf 91' lang='lat'><strong><em>—</em></strong></span> <span class='ocrx_word' id='word_1_424' title='bbox 2301 4116 2555 4171; x_wconf 83' lang='lat' dir='ltr'><strong>Canones</strong></span> <span class='ocrx_word' id='word_1_425' title='bbox 2587 4116 2983 4182; x_wconf 87' lang='lat' dir='ltr'><strong>astronomici;</strong></span> <span class='ocrx_word' id='word_1_426' title='bbox 3021 4144 3086 4157; x_wconf 83' lang='lat'>-</span> <span class='ocrx_word' id='word_1_427' title='bbox 3127 4118 3328 4187; x_wconf 91' lang='lat' dir='ltr'><strong>Opusc.</strong></span> <span class='ocrx_word' id='word_1_428' title='bbox 3364 4121 3429 4173; x_wconf 90' lang='lat' dir='ltr'><strong>de</strong></span> <span class='ocrx_word' id='word_1_429' title='bbox 3459 4133 3655 4173; x_wconf 78' lang='lat' dir='ltr'><strong>conse-</strong></span> 
     </span>
    </p>
   </div>
   <div class='ocr_carea' id='block_1_41' title="bbox 411 4203 3656 4275">
    <p class='ocr_par' dir='ltr' id='par_1_41' title="bbox 411 4203 3656 4275">
     <span class='ocr_line' id='line_1_41' title="bbox 411 4203 3656 4275; baseline -0.001 -14"><span class='ocrx_word' id='word_1_430' title='bbox 411 4209 651 4261; x_wconf 86' lang='lat' dir='ltr'><strong>cratione</strong></span> <span class='ocrx_word' id='word_1_431' title='bbox 689 4205 1247 4261; x_wconf 82' lang='lat' dir='ltr'><strong>altarium.——Marci</strong></span> <span class='ocrx_word' id='word_1_432' title='bbox 1301 4204 1558 4275; x_wconf 80' lang='lat' dir='ltr'><strong>Eugenici</strong></span> <span class='ocrx_word' id='word_1_433' title='bbox 1611 4205 2012 4273; x_wconf 72' lang='lat' dir='ltr'><strong>Spvciilatioiics</strong></span> <span class='ocrx_word' id='word_1_434' title='bbox 2069 4203 2124 4256; x_wconf 91' lang='lat' dir='ltr'><strong>in</strong></span> <span class='ocrx_word' id='word_1_435' title='bbox 2191 4220 2478 4257; x_wconf 87' lang='lat' dir='ltr'><strong>numerum</strong></span> <span class='ocrx_word' id='word_1_436' title='bbox 2534 4205 2866 4259; x_wconf 87' lang='lat' dir='ltr'><strong>talentorum</strong></span> <span class='ocrx_word' id='word_1_437' title='bbox 2920 4213 2975 4260; x_wconf 85' lang='lat' dir='ltr'><strong>et</strong></span> <span class='ocrx_word' id='word_1_438' title='bbox 3033 4207 3319 4273; x_wconf 75' lang='lat' dir='ltr'><strong>parabolas</strong></span> <span class='ocrx_word' id='word_1_439' title='bbox 3373 4205 3656 4275; x_wconf 77' lang='lat' dir='ltr'><strong>Evangelii</strong></span> 
     </span>
    </p>
   </div>
   <div class='ocr_carea' id='block_1_42' title="bbox 411 4290 3658 4365">
    <p class='ocr_par' dir='ltr' id='par_1_42' title="bbox 411 4290 3658 4365">
     <span class='ocr_line' id='line_1_42' title="bbox 411 4290 3658 4365; baseline -0 -17"><span class='ocrx_word' id='word_1_440' title='bbox 411 4293 577 4364; x_wconf 86' lang='lat' dir='ltr'><strong>(conf.</strong></span> <span class='ocrx_word' id='word_1_441' title='bbox 602 4294 666 4348; x_wconf 88' lang='lat' dir='ltr'><strong>ad</strong></span> <span class='ocrx_word' id='word_1_442' title='bbox 693 4309 747 4348; x_wconf 90' lang='grc' dir='ltr'><strong>ιι.</strong></span> <span class='ocrx_word' id='word_1_443' title='bbox 782 4295 859 4365; x_wconf 80' lang='lat'><strong>7).</strong></span> <span class='ocrx_word' id='word_1_444' title='bbox 888 4323 959 4334; x_wconf 94' lang='lat'><strong>—</strong></span> <span class='ocrx_word' id='word_1_445' title='bbox 992 4292 1173 4347; x_wconf 76' lang='lat' dir='ltr'><strong>Paris.</strong></span> <span class='ocrx_word' id='word_1_446' title='bbox 1200 4294 1254 4346; x_wconf 91' lang='lat' dir='ltr'><strong>in</strong></span> <span class='ocrx_word' id='word_1_447' title='bbox 1284 4291 1416 4346; x_wconf 92' lang='lat' dir='ltr'><strong>bibl.</strong></span> <span class='ocrx_word' id='word_1_448' title='bbox 1452 4290 1599 4360; x_wconf 90' lang='lat' dir='ltr'><strong>publ.</strong></span> <span class='ocrx_word' id='word_1_449' title='bbox 1636 4291 1757 4346; x_wconf 87' lang='lat' dir='ltr'><strong>cod.</strong></span> <span class='ocrx_word' id='word_1_450' title='bbox 1798 4292 1955 4356; x_wconf 91' lang='grc'><strong>1218,</strong></span> <span class='ocrx_word' id='word_1_451' title='bbox 1989 4292 2338 4347; x_wconf 80' lang='lat' dir='ltr'><strong>continentur</strong></span> <span class='ocrx_word' id='word_1_452' title='bbox 2368 4292 2547 4361; x_wconf 89' lang='lat' dir='ltr'><strong>plura,</strong></span> <span class='ocrx_word' id='word_1_453' title='bbox 2581 4308 2704 4362; x_wconf 74' lang='lat' dir='ltr'><strong>qure</strong></span> <span class='ocrx_word' id='word_1_454' title='bbox 2738 4292 2869 4363; x_wconf 75' lang='lat' dir='ltr'><strong>huc</strong></span> <span class='ocrx_word' id='word_1_455' title='bbox 2905 4293 3202 4362; x_wconf 87' lang='lat' dir='ltr'><strong>pertinent,</strong></span> <span class='ocrx_word' id='word_1_456' title='bbox 3243 4308 3433 4364; x_wconf 83' lang='lat' dir='ltr'><strong>opera,</strong></span> <span class='ocrx_word' id='word_1_457' title='bbox 3477 4294 3658 4348; x_wconf 79' lang='lat' dir='ltr'><strong>brevi-</strong></span> 
     </span>
    </p>
   </div>
   <div class='ocr_carea' id='block_1_43' title="bbox 411 4377 3656 4451">
    <p class='ocr_par' dir='ltr' id='par_1_43' title="bbox 411 4377 3656 4451">
     <span class='ocr_line' id='line_1_43' title="bbox 411 4377 3656 4451; baseline -0 -16"><span class='ocrx_word' id='word_1_458' title='bbox 411 4385 539 4436; x_wconf 88' lang='lat' dir='ltr'><strong>tatis</strong></span> <span class='ocrx_word' id='word_1_459' title='bbox 565 4382 747 4437; x_wconf 91' lang='lat' dir='ltr'><strong>studio</strong></span> <span class='ocrx_word' id='word_1_460' title='bbox 792 4381 954 4437; x_wconf 87' lang='lat' dir='ltr'><strong>simul</strong></span> <span class='ocrx_word' id='word_1_461' title='bbox 1004 4382 1356 4436; x_wconf 84' lang='lat' dir='ltr'><strong>memoranda</strong></span> <span class='ocrx_word' id='word_1_462' title='bbox 1393 4396 1407 4433; x_wconf 88' lang='lat'><strong>:</strong></span> <span class='ocrx_word' id='word_1_463' title='bbox 1442 4381 1588 4442; x_wconf 85' lang='lat' dir='ltr'><strong>seil.,</strong></span> <span class='ocrx_word' id='word_1_464' title='bbox 1645 4395 1699 4433; x_wconf 73' lang='grc' dir='ltr'><strong>ι).</strong></span> <span class='ocrx_word' id='word_1_465' title='bbox 1735 4381 1788 4445; x_wconf 92' lang='grc'><strong>1,</strong></span> <span class='ocrx_word' id='word_1_466' title='bbox 1813 4377 2079 4451; x_wconf 81' lang='lat' dir='ltr'><strong>Anonymi</strong></span> <span class='ocrx_word' id='word_1_467' title='bbox 2135 4380 2311 4434; x_wconf 87' lang='lat' dir='ltr'><strong>oratio</strong></span> <span class='ocrx_word' id='word_1_468' title='bbox 2345 4379 2589 4434; x_wconf 82' lang='lat' dir='ltr'><strong>funebris</strong></span> <span class='ocrx_word' id='word_1_469' title='bbox 2628 4379 2680 4434; x_wconf 93' lang='lat' dir='ltr'><strong>in</strong></span> <span class='ocrx_word' id='word_1_470' title='bbox 2738 4380 2953 4434; x_wconf 85' lang='lat' dir='ltr'><strong>laudem</strong></span> <span class='ocrx_word' id='word_1_471' title='bbox 2987 4379 3157 4451; x_wconf 80' lang='lat' dir='ltr'><strong>Marci</strong></span> <span class='ocrx_word' id='word_1_472' title='bbox 3186 4381 3468 4450; x_wconf 79' lang='lat' dir='ltr'><strong>Eugenici.</strong></span> <span class='ocrx_word' id='word_1_473' title='bbox 3495 4410 3566 4420; x_wconf 94' lang='lat'><strong>—</strong></span> <span class='ocrx_word' id='word_1_474' title='bbox 3596 4380 3656 4450; x_wconf 78' lang='lat'><strong>2)</strong></span> 
     </span>
    </p>
   </div>
   <div class='ocr_carea' id='block_1_44' title="bbox 412 4450 3657 4540">
    <p class='ocr_par' dir='ltr' id='par_1_44' title="bbox 412 4450 3657 4540">
     <span class='ocr_line' id='line_1_44' title="bbox 412 4450 3657 4540; baseline 0.001 -17"><span class='ocrx_word' id='word_1_475' title='bbox 412 4468 587 4540; x_wconf 83' lang='lat' dir='ltr'><strong>llujns</strong></span> <span class='ocrx_word' id='word_1_476' title='bbox 611 4468 847 4525; x_wconf 84' lang='lat' dir='ltr'><strong>llomilia</strong></span> <span class='ocrx_word' id='word_1_477' title='bbox 877 4471 1051 4539; x_wconf 85' lang='lat' dir='ltr'><strong>prima</strong></span> <span class='ocrx_word' id='word_1_478' title='bbox 1077 4469 1143 4523; x_wconf 89' lang='lat' dir='ltr'><strong>de</strong></span> <span class='ocrx_word' id='word_1_479' title='bbox 1175 4467 1519 4539; x_wconf 79' lang='lat' dir='ltr'><strong>purgatorio,</strong></span> <span class='ocrx_word' id='word_1_480' title='bbox 1556 4463 1822 4522; x_wconf 67' lang='lat' dir='ltr'><strong>Ferrariae</strong></span> <span class='ocrx_word' id='word_1_481' title='bbox 1848 4450 2030 4522; x_wconf 85' lang='lat' dir='ltr'><strong>habita</strong></span> <span class='ocrx_word' id='word_1_482' title='bbox 2064 4482 2250 4523; x_wconf 85' lang='lat' dir='ltr'><strong>coram</strong></span> <span class='ocrx_word' id='word_1_483' title='bbox 2280 4484 2495 4524; x_wconf 87' lang='lat' dir='ltr'><strong>summo</strong></span> <span class='ocrx_word' id='word_1_484' title='bbox 2526 4469 2805 4538; x_wconf 82' lang='lat' dir='ltr'><strong>pontifice,</strong></span> <span class='ocrx_word' id='word_1_485' title='bbox 2834 4450 3208 4526; x_wconf 71' lang='lat' dir='ltr'><strong>cardinalibns</strong></span> <span class='ocrx_word' id='word_1_486' title='bbox 3246 4479 3300 4525; x_wconf 92' lang='lat' dir='ltr'><strong>et</strong></span> <span class='ocrx_word' id='word_1_487' title='bbox 3324 4470 3445 4525; x_wconf 88' lang='lat' dir='ltr'><strong>aliis</strong></span> <span class='ocrx_word' id='word_1_488' title='bbox 3468 4471 3657 4526; x_wconf 64' lang='lat' dir='ltr'><strong>Eccleo</strong></span> 
     </span>
    </p>
   </div>
   <div class='ocr_carea' id='block_1_45' title="bbox 411 4546 1973 4628">
    <p class='ocr_par' dir='ltr' id='par_1_45' title="bbox 411 4546 1973 4625">
     <span class='ocr_line' id='line_1_45' title="bbox 411 4546 1973 4625; baseline -0.001 -15"><span class='ocrx_word' id='word_1_489' title='bbox 411 4558 504 4610; x_wconf 66' lang='lat' dir='ltr'><strong>size</strong></span> <span class='ocrx_word' id='word_1_490' title='bbox 532 4548 655 4612; x_wconf 85' lang='lat' dir='ltr'><strong>Lat.</strong></span> <span class='ocrx_word' id='word_1_491' title='bbox 692 4555 1038 4611; x_wconf 87' lang='lat' dir='ltr'><strong>Doctoribus.</strong></span> <span class='ocrx_word' id='word_1_492' title='bbox 1067 4546 1179 4609; x_wconf 78' lang='lat' dir='ltr'><strong>lnc.</strong></span> <span class='ocrx_word' id='word_1_493' title='bbox 1220 4552 1442 4623; x_wconf 77' lang='grc' dir='ltr'><strong>Ἐπειδὴ</strong></span> <span class='ocrx_word' id='word_1_494' title='bbox 1474 4553 1613 4619; x_wconf 77' lang='grc' dir='ltr'><strong>μετὰ</strong></span> <span class='ocrx_word' id='word_1_495' title='bbox 1663 4554 1909 4625; x_wconf 78' lang='grc' dir='ltr'><strong>ἀγάπης.</strong></span> <span class='ocrx_word' id='word_1_496' title='bbox 1940 4584 1973 4595; x_wconf 95' lang='grc'><strong><em>-</em></strong></span> 
     </span>
    </p>
   </div>
   <div class='ocr_carea' id='block_1_46' title="bbox 2088 4546 3650 4628">
    <p class='ocr_par' dir='ltr' id='par_1_46' title="bbox 2126 4554 3650 4628">
     <span class='ocr_line' id='line_1_46' title="bbox 2126 4554 3650 4628; baseline 0.004 -19"><span class='ocrx_word' id='word_1_497' title='bbox 2126 4555 2315 4623; x_wconf 82' lang='lat' dir='ltr'><strong>Ejusd.</strong></span> <span class='ocrx_word' id='word_1_498' title='bbox 2373 4554 2605 4609; x_wconf 83' lang='lat' dir='ltr'><strong>Homilia</strong></span> <span class='ocrx_word' id='word_1_499' title='bbox 2661 4557 2901 4611; x_wconf 85' lang='lat' dir='ltr'><strong>secunda</strong></span> <span class='ocrx_word' id='word_1_500' title='bbox 2932 4556 2999 4611; x_wconf 88' lang='lat' dir='ltr'><strong>de</strong></span> <span class='ocrx_word' id='word_1_501' title='bbox 3051 4558 3240 4613; x_wconf 90' lang='lat' dir='ltr'><strong>eodem</strong></span> <span class='ocrx_word' id='word_1_502' title='bbox 3276 4569 3650 4628; x_wconf 66' lang='lat' dir='ltr'><strong>argumento:</strong></span> 
     </span>
    </p>
   </div>
   <div class='ocr_carea' id='block_1_47' title="bbox 412 4640 1974 4717">
    <p class='ocr_par' dir='ltr' id='par_1_47' title="bbox 412 4640 1974 4714">
     <span class='ocr_line' id='line_1_47' title="bbox 412 4640 1974 4714; baseline -0.003 -16"><span class='ocrx_word' id='word_1_503' title='bbox 412 4645 523 4698; x_wconf 91' lang='lat' dir='ltr'><strong>Inc.</strong></span> <span class='ocrx_word' id='word_1_504' title='bbox 557 4643 765 4712; x_wconf 82' lang='grc' dir='ltr'><strong>Πολλῆς</strong></span> <span class='ocrx_word' id='word_1_505' title='bbox 799 4644 900 4714; x_wconf 82' lang='grc' dir='ltr'><strong>μὲν</strong></span> <span class='ocrx_word' id='word_1_506' title='bbox 922 4642 996 4706; x_wconf 83' lang='grc' dir='ltr'><strong>ὡς</strong></span> <span class='ocrx_word' id='word_1_507' title='bbox 1019 4642 1255 4713; x_wconf 80' lang='grc' dir='ltr'><strong>ἀληθῶς.</strong></span> <span class='ocrx_word' id='word_1_508' title='bbox 1290 4641 1435 4712; x_wconf 77' lang='grc'><strong>-4)</strong></span> <span class='ocrx_word' id='word_1_509' title='bbox 1467 4640 1596 4711; x_wconf 86' lang='lat' dir='ltr'><strong>Ejus</strong></span> <span class='ocrx_word' id='word_1_510' title='bbox 1642 4642 1930 4710; x_wconf 86' lang='lat' dir='ltr'><strong>responsio</strong></span> <span class='ocrx_word' id='word_1_511' title='bbox 1962 4655 1974 4694; x_wconf 82' lang='grc' dir='ltr'><strong>ι</strong></span> 
     </span>
    </p>
   </div>
   <div class='ocr_carea' id='block_1_48' title="bbox 2093 4640 3655 4717">
    <p class='ocr_par' dir='ltr' id='par_1_48' title="bbox 2096 4644 3655 4717">
     <span class='ocr_line' id='line_1_48' title="bbox 2096 4644 3655 4717; baseline 0.003 -20"><span class='ocrx_word' id='word_1_512' title='bbox 2096 4644 2414 4714; x_wconf 87' lang='lat' dir='ltr'><strong>bjcctiones,</strong></span> <span class='ocrx_word' id='word_1_513' title='bbox 2447 4644 2648 4713; x_wconf 78' lang='lat' dir='ltr'><strong>quibus</strong></span> <span class='ocrx_word' id='word_1_514' title='bbox 2681 4660 2780 4700; x_wconf 88' lang='lat' dir='ltr'><strong>sua</strong></span> <span class='ocrx_word' id='word_1_515' title='bbox 2813 4645 2881 4700; x_wconf 86' lang='lat' dir='ltr'><strong>de</strong></span> <span class='ocrx_word' id='word_1_516' title='bbox 2913 4645 3041 4717; x_wconf 86' lang='lat' dir='ltr'><strong>igne</strong></span> <span class='ocrx_word' id='word_1_517' title='bbox 3083 4648 3401 4717; x_wconf 82' lang='lat' dir='ltr'><strong>purgatorio</strong></span> <span class='ocrx_word' id='word_1_518' title='bbox 3431 4657 3655 4703; x_wconf 86' lang='lat' dir='ltr'><strong>sentcn-</strong></span> 
     </span>
    </p>
   </div>
   <div class='ocr_carea' id='block_1_49' title="bbox 413 4728 1975 4806">
    <p class='ocr_par' dir='ltr' id='par_1_49' title="bbox 413 4728 1970 4798">
     <span class='ocr_line' id='line_1_49' title="bbox 413 4728 1970 4798; baseline -0.001 -13"><span class='ocrx_word' id='word_1_519' title='bbox 413 4734 507 4798; x_wconf 84' lang='lat' dir='ltr'><strong>tia,</strong></span> <span class='ocrx_word' id='word_1_520' title='bbox 537 4747 659 4785; x_wconf 90' lang='lat' dir='ltr'><strong>cum</strong></span> <span class='ocrx_word' id='word_1_521' title='bbox 692 4746 721 4784; x_wconf 90' lang='lat' dir='ltr'><strong>a</strong></span> <span class='ocrx_word' id='word_1_522' title='bbox 753 4731 1121 4785; x_wconf 85' lang='lat' dir='ltr'><strong>cardinalibus</strong></span> <span class='ocrx_word' id='word_1_523' title='bbox 1156 4742 1268 4784; x_wconf 92' lang='lat' dir='ltr'><strong>tum</strong></span> <span class='ocrx_word' id='word_1_524' title='bbox 1294 4730 1361 4785; x_wconf 89' lang='lat' dir='ltr'><strong>ab</strong></span> <span class='ocrx_word' id='word_1_525' title='bbox 1393 4729 1650 4785; x_wconf 63' lang='lat' dir='ltr'><strong>Ecclesia:</strong></span> <span class='ocrx_word' id='word_1_526' title='bbox 1696 4728 1814 4782; x_wconf 79' lang='lat' dir='ltr'><strong>Lat.</strong></span> <span class='ocrx_word' id='word_1_527' title='bbox 1846 4730 1970 4783; x_wconf 85' lang='lat' dir='ltr'><strong>theo</strong></span> 
     </span>
    </p>
   </div>
   <div class='ocr_carea' id='block_1_50' title="bbox 2091 4728 3653 4806">
    <p class='ocr_par' dir='ltr' id='par_1_50' title="bbox 2091 4731 3653 4806">
     <span class='ocr_line' id='line_1_50' title="bbox 2091 4731 3653 4806; baseline 0.003 -21"><span class='ocrx_word' id='word_1_528' title='bbox 2091 4747 2113 4785; x_wconf 87' lang='lat' dir='ltr'><strong>s</strong></span> <span class='ocrx_word' id='word_1_529' title='bbox 2156 4742 2467 4801; x_wconf 80' lang='lat' dir='ltr'><strong>oppugnata</strong></span> <span class='ocrx_word' id='word_1_530' title='bbox 2501 4731 2680 4786; x_wconf 89' lang='lat' dir='ltr'><strong>fuerat</strong></span> <span class='ocrx_word' id='word_1_531' title='bbox 2712 4749 2726 4787; x_wconf 89' lang='lat'><strong>:</strong></span> <span class='ocrx_word' id='word_1_532' title='bbox 2757 4732 2869 4788; x_wconf 91' lang='lat' dir='ltr'><strong>inc.</strong></span> <span class='ocrx_word' id='word_1_533' title='bbox 2919 4734 3145 4806; x_wconf 80' lang='grc' dir='ltr'><strong>Ἐπειδὴ</strong></span> <span class='ocrx_word' id='word_1_534' title='bbox 3184 4735 3548 4803; x_wconf 72' lang='grc' dir='ltr'><strong>σαφέστερον.</strong></span> <span class='ocrx_word' id='word_1_535' title='bbox 3583 4763 3653 4775; x_wconf 80' lang='lat'><strong>~—</strong></span> 
     </span>
    </p>
   </div>
   <div class='ocr_carea' id='block_1_51' title="bbox 414 4816 1976 4889">
    <p class='ocr_par' dir='ltr' id='par_1_51' title="bbox 414 4817 1960 4882">
     <span class='ocr_line' id='line_1_51' title="bbox 414 4817 1960 4882; baseline -0.002 -7"><span class='ocrx_word' id='word_1_536' title='bbox 414 4820 474 4875; x_wconf 82' lang='grc' dir='ltr'><strong>Ν.</strong></span> <span class='ocrx_word' id='word_1_537' title='bbox 508 4820 540 4876; x_wconf 90' lang='grc'>9</span> <span class='ocrx_word' id='word_1_538' title='bbox 565 4829 647 4875; x_wconf 87' lang='lat' dir='ltr'><strong>est</strong></span> <span class='ocrx_word' id='word_1_539' title='bbox 676 4820 901 4875; x_wconf 85' lang='lat' dir='ltr'><strong>secuud.</strong></span> <span class='ocrx_word' id='word_1_540' title='bbox 929 4820 1174 4874; x_wconf 88' lang='lat' dir='ltr'><strong>ordinem</strong></span> <span class='ocrx_word' id='word_1_541' title='bbox 1229 4817 1446 4875; x_wconf 79' lang='lat' dir='ltr'><strong>Fabric.</strong></span> <span class='ocrx_word' id='word_1_542' title='bbox 1480 4835 1535 4876; x_wconf 82' lang='grc' dir='ltr'><strong>ιι.</strong></span> <span class='ocrx_word' id='word_1_543' title='bbox 1571 4820 1658 4873; x_wconf 79' lang='grc'><strong>15.</strong></span> <span class='ocrx_word' id='word_1_544' title='bbox 1684 4850 1752 4861; x_wconf 94' lang='grc'><strong><em>-</em></strong></span> <span class='ocrx_word' id='word_1_545' title='bbox 1781 4818 1847 4875; x_wconf 87' lang='grc' dir='ltr'><strong>Ν.</strong></span> <span class='ocrx_word' id='word_1_546' title='bbox 1876 4818 1960 4882; x_wconf 88' lang='grc'><strong>10,</strong></span> 
     </span>
    </p>
   </div>
   <div class='ocr_carea' id='block_1_52' title="bbox 2089 4816 3651 4889">
    <p class='ocr_par' dir='ltr' id='par_1_52' title="bbox 2092 4816 3651 4887">
     <span class='ocr_line' id='line_1_52' title="bbox 2092 4816 3651 4887; baseline 0.001 -16"><span class='ocrx_word' id='word_1_547' title='bbox 2092 4818 2144 4873; x_wconf 82' lang='lat' dir='ltr'><strong>id</strong></span> <span class='ocrx_word' id='word_1_548' title='bbox 2175 4816 2393 4874; x_wconf 85' lang='lat' dir='ltr'><strong>Fabric.</strong></span> <span class='ocrx_word' id='word_1_549' title='bbox 2422 4820 2615 4874; x_wconf 88' lang='lat' dir='ltr'><strong>etiam.</strong></span> <span class='ocrx_word' id='word_1_550' title='bbox 2637 4836 2694 4875; x_wconf 92' lang='grc' dir='ltr'><strong>ιι.</strong></span> <span class='ocrx_word' id='word_1_551' title='bbox 2730 4820 2820 4874; x_wconf 89' lang='grc'><strong>10.</strong></span> <span class='ocrx_word' id='word_1_552' title='bbox 2852 4850 2925 4859; x_wconf 93' lang='grc'><strong><em>-</em></strong></span> <span class='ocrx_word' id='word_1_553' title='bbox 2951 4818 3015 4875; x_wconf 89' lang='grc' dir='ltr'><strong>Ν.</strong></span> <span class='ocrx_word' id='word_1_554' title='bbox 3060 4820 3146 4887; x_wconf 93' lang='grc'><strong>11,</strong></span> <span class='ocrx_word' id='word_1_555' title='bbox 3185 4820 3501 4878; x_wconf 89' lang='lat' dir='ltr'><strong>Solutiones</strong></span> <span class='ocrx_word' id='word_1_556' title='bbox 3546 4823 3651 4877; x_wconf 89' lang='lat' dir='ltr'><strong>du-</strong></span> 
     </span>
    </p>
   </div>
   <div class='ocr_carea' id='block_1_53' title="bbox 411 4906 1973 4981">
    <p class='ocr_par' dir='ltr' id='par_1_53' title="bbox 411 4906 1973 4978">
     <span class='ocr_line' id='line_1_53' title="bbox 411 4906 1973 4978; baseline -0.005 -15"><span class='ocrx_word' id='word_1_557' title='bbox 411 4910 625 4963; x_wconf 85' lang='lat' dir='ltr'><strong>biorum</strong></span> <span class='ocrx_word' id='word_1_558' title='bbox 657 4906 1040 4978; x_wconf 85' lang='lat' dir='ltr'><strong>quorumdam,</strong></span> <span class='ocrx_word' id='word_1_559' title='bbox 1078 4908 1175 4976; x_wconf 87' lang='lat' dir='ltr'><strong>ipsi</strong></span> <span class='ocrx_word' id='word_1_560' title='bbox 1209 4908 1611 4977; x_wconf 83' lang='lat' dir='ltr'><strong>pr0p0sitorum</strong></span> <span class='ocrx_word' id='word_1_561' title='bbox 1645 4924 1659 4961; x_wconf 93' lang='lat'><strong>:</strong></span> <span class='ocrx_word' id='word_1_562' title='bbox 1693 4909 1815 4961; x_wconf 87' lang='lat' dir='ltr'><strong>init.</strong></span> <span class='ocrx_word' id='word_1_563' title='bbox 1849 4907 1910 4961; x_wconf 91' lang='lat'><strong>&#39;0</strong></span> <span class='ocrx_word' id='word_1_564' title='bbox 1965 4912 1973 4955; x_wconf 73' lang='grc' dir='ltr'><strong>ι</strong></span> 
     </span>
    </p>
   </div>
   <div class='ocr_carea' id='block_1_54' title="bbox 2090 4906 3652 4981">
    <p class='ocr_par' dir='ltr' id='par_1_54' title="bbox 2090 4907 3652 4981">
     <span class='ocr_line' id='line_1_54' title="bbox 2090 4907 3652 4981; baseline 0.001 -21"><span class='ocrx_word' id='word_1_565' title='bbox 2090 4925 2097 4968; x_wconf 81' lang='lat'><em>;</em></span> <span class='ocrx_word' id='word_1_566' title='bbox 2134 4907 2325 4978; x_wconf 80' lang='grc' dir='ltr'><strong>σχῆμα</strong></span> <span class='ocrx_word' id='word_1_567' title='bbox 2362 4908 2461 4961; x_wconf 82' lang='grc' dir='ltr'><strong>οὐκ</strong></span> <span class='ocrx_word' id='word_1_568' title='bbox 2494 4908 2634 4981; x_wconf 60' lang='grc' dir='ltr'><strong>ἔχει.</strong></span> <span class='ocrx_word' id='word_1_569' title='bbox 2679 4938 2749 4950; x_wconf 90' lang='grc'><strong><em>-</em></strong></span> <span class='ocrx_word' id='word_1_570' title='bbox 2778 4908 2865 4962; x_wconf 81' lang='grc'><strong>12.</strong></span> <span class='ocrx_word' id='word_1_571' title='bbox 2903 4909 2977 4963; x_wconf 89' lang='lat' dir='ltr'><strong>De</strong></span> <span class='ocrx_word' id='word_1_572' title='bbox 3030 4909 3305 4965; x_wconf 84' lang='lat' dir='ltr'><strong>additione</strong></span> <span class='ocrx_word' id='word_1_573' title='bbox 3356 4923 3384 4962; x_wconf 82' lang='lat' dir='ltr'><strong>a</strong></span> <span class='ocrx_word' id='word_1_574' title='bbox 3444 4909 3652 4963; x_wconf 84' lang='lat' dir='ltr'><strong>Latinis</strong></span> 
     </span>
    </p>
   </div>
   <div class='ocr_carea' id='block_1_55' title="bbox 412 4995 1974 5068">
    <p class='ocr_par' dir='ltr' id='par_1_55' title="bbox 412 4995 1974 5067">
     <span class='ocr_line' id='line_1_55' title="bbox 412 4995 1974 5067; baseline -0.001 -17"><span class='ocrx_word' id='word_1_575' title='bbox 412 4997 670 5067; x_wconf 81' lang='lat' dir='ltr'><strong>Synibolo</strong></span> <span class='ocrx_word' id='word_1_576' title='bbox 697 4998 944 5051; x_wconf 88' lang='lat' dir='ltr'><strong>inserta:</strong></span> <span class='ocrx_word' id='word_1_577' title='bbox 976 5009 1092 5049; x_wconf 89' lang='lat' dir='ltr'><strong>acc.</strong></span> <span class='ocrx_word' id='word_1_578' title='bbox 1127 4995 1193 5049; x_wconf 86' lang='lat' dir='ltr'><strong>ad</strong></span> <span class='ocrx_word' id='word_1_579' title='bbox 1252 4996 1549 5065; x_wconf 79' lang='lat' dir='ltr'><strong>marginem</strong></span> <span class='ocrx_word' id='word_1_580' title='bbox 1606 4995 1813 5050; x_wconf 80' lang='lat' dir='ltr'><strong>scholia</strong></span> <span class='ocrx_word' id='word_1_581' title='bbox 1869 5011 1974 5064; x_wconf 71' lang='lat' dir='ltr'><strong>am]</strong></span> 
     </span>
    </p>
   </div>
   <div class='ocr_carea' id='block_1_56' title="bbox 2094 4995 3656 5068">
    <p class='ocr_par' dir='ltr' id='par_1_56' title="bbox 2098 4996 3656 5068">
     <span class='ocr_line' id='line_1_56' title="bbox 2098 4996 3656 5068; baseline 0.001 -18"><span class='ocrx_word' id='word_1_582' title='bbox 2098 4998 2226 5051; x_wconf 88' lang='lat' dir='ltr'><strong>ima.</strong></span> <span class='ocrx_word' id='word_1_583' title='bbox 2261 4997 2374 5052; x_wconf 91' lang='lat' dir='ltr'><strong>Inc.</strong></span> <span class='ocrx_word' id='word_1_584' title='bbox 2434 4996 2730 5068; x_wconf 76' lang='grc' dir='ltr'><strong>Θαυμάςω,</strong></span> <span class='ocrx_word' id='word_1_585' title='bbox 2779 4996 2897 5061; x_wconf 86' lang='grc' dir='ltr'><strong>πῶς</strong></span> <span class='ocrx_word' id='word_1_586' title='bbox 2939 4998 3073 5067; x_wconf 77' lang='grc' dir='ltr'>ἡμῖν</span> <span class='ocrx_word' id='word_1_587' title='bbox 3098 4997 3173 5067; x_wconf 90' lang='lat' dir='ltr'><strong>(v.</strong></span> <span class='ocrx_word' id='word_1_588' title='bbox 3209 4998 3279 5052; x_wconf 82' lang='lat' dir='ltr'><strong>ad</strong></span> <span class='ocrx_word' id='word_1_589' title='bbox 3310 5013 3366 5054; x_wconf 92' lang='lat' dir='ltr'><strong>n.</strong></span> <span class='ocrx_word' id='word_1_590' title='bbox 3407 4998 3441 5052; x_wconf 83' lang='lat'>5</span> <span class='ocrx_word' id='word_1_591' title='bbox 3499 5009 3656 5053; x_wconf 81' lang='lat' dir='ltr'><strong>nota-</strong></span> 
     </span>
    </p>
   </div>
   <div class='ocr_carea' id='block_1_57' title="bbox 409 5081 1971 5167">
    <p class='ocr_par' dir='ltr' id='par_1_57' title="bbox 409 5081 1971 5155">
     <span class='ocr_line' id='line_1_57' title="bbox 409 5081 1971 5155; baseline -0.001 -16"><span class='ocrx_word' id='word_1_592' title='bbox 409 5087 569 5155; x_wconf 88' lang='lat' dir='ltr'><strong>tum).</strong></span> <span class='ocrx_word' id='word_1_593' title='bbox 596 5114 666 5124; x_wconf 92' lang='lat'><strong>——-</strong></span> <span class='ocrx_word' id='word_1_594' title='bbox 695 5084 759 5139; x_wconf 87' lang='grc' dir='ltr'><strong>Ν.</strong></span> <span class='ocrx_word' id='word_1_595' title='bbox 788 5083 879 5146; x_wconf 85' lang='grc'><strong>26,</strong></span> <span class='ocrx_word' id='word_1_596' title='bbox 902 5084 970 5137; x_wconf 84' lang='grc'><strong>27</strong></span> <span class='ocrx_word' id='word_1_597' title='bbox 993 5092 1045 5137; x_wconf 87' lang='lat' dir='ltr'><strong>et</strong></span> <span class='ocrx_word' id='word_1_598' title='bbox 1070 5082 1161 5148; x_wconf 85' lang='lat'><strong>28,</strong></span> <span class='ocrx_word' id='word_1_599' title='bbox 1195 5084 1434 5138; x_wconf 86' lang='lat' dir='ltr'><strong>citantur</strong></span> <span class='ocrx_word' id='word_1_600' title='bbox 1457 5084 1524 5138; x_wconf 84' lang='lat' dir='ltr'><strong>ad</strong></span> <span class='ocrx_word' id='word_1_601' title='bbox 1558 5081 1834 5149; x_wconf 79' lang='lat' dir='ltr'><strong>Fabricio,</strong></span> <span class='ocrx_word' id='word_1_602' title='bbox 1872 5102 1927 5138; x_wconf 81' lang='grc' dir='ltr'><strong>ιι.</strong></span> <span class='ocrx_word' id='word_1_603' title='bbox 1960 5086 1971 5137; x_wconf 68' lang='grc' dir='ltr'>τ</span> 
     </span>
    </p>
   </div>
   <div class='ocr_carea' id='block_1_58' title="bbox 2091 5081 3653 5167">
    <p class='ocr_par' dir='ltr' id='par_1_58' title="bbox 2103 5085 3653 5167">
     <span class='ocr_line' id='line_1_58' title="bbox 2103 5085 3653 5167; baseline 0 -28"><span class='ocrx_word' id='word_1_604' title='bbox 2103 5096 2158 5140; x_wconf 83' lang='lat' dir='ltr'><strong>ct</strong></span> <span class='ocrx_word' id='word_1_605' title='bbox 2195 5088 2277 5141; x_wconf 73' lang='grc'><strong>14.</strong></span> <span class='ocrx_word' id='word_1_606' title='bbox 2306 5116 2376 5127; x_wconf 81' lang='lat'><strong>~—</strong></span> <span class='ocrx_word' id='word_1_607' title='bbox 2407 5086 2545 5167; x_wconf 77' lang='lat' dir='ltr'><strong>lbid.</strong></span> <span class='ocrx_word' id='word_1_608' title='bbox 2584 5086 2638 5140; x_wconf 93' lang='lat' dir='ltr'><strong>in</strong></span> <span class='ocrx_word' id='word_1_609' title='bbox 2668 5085 2791 5143; x_wconf 91' lang='lat' dir='ltr'><strong>cod.</strong></span> <span class='ocrx_word' id='word_1_610' title='bbox 2827 5086 2992 5150; x_wconf 78' lang='grc'><strong>1261,</strong></span> <span class='ocrx_word' id='word_1_611' title='bbox 3027 5101 3079 5139; x_wconf 88' lang='grc' dir='ltr'><strong>ιι.</strong></span> <span class='ocrx_word' id='word_1_612' title='bbox 3122 5085 3175 5140; x_wconf 89' lang='grc'><strong>1.</strong></span> <span class='ocrx_word' id='word_1_613' title='bbox 3206 5085 3519 5164; x_wconf 69' lang='lat' dir='ltr'><strong>Responsio</strong></span> <span class='ocrx_word' id='word_1_614' title='bbox 3544 5088 3653 5141; x_wconf 84' lang='lat' dir='ltr'><strong>du-</strong></span> 
     </span>
    </p>
   </div>
   <div class='ocr_carea' id='block_1_59' title="bbox 408 5170 3653 5243">
    <p class='ocr_par' dir='ltr' id='par_1_59' title="bbox 408 5170 3653 5243">
     <span class='ocr_line' id='line_1_59' title="bbox 408 5170 3653 5243; baseline 0 -18"><span class='ocrx_word' id='word_1_615' title='bbox 408 5174 526 5242; x_wconf 80' lang='lat' dir='ltr'><strong>plex</strong></span> <span class='ocrx_word' id='word_1_616' title='bbox 562 5174 626 5227; x_wconf 85' lang='lat' dir='ltr'><strong>de</strong></span> <span class='ocrx_word' id='word_1_617' title='bbox 657 5172 779 5241; x_wconf 78' lang='lat' dir='ltr'><strong>igne</strong></span> <span class='ocrx_word' id='word_1_618' title='bbox 809 5172 1147 5241; x_wconf 86' lang='lat' dir='ltr'><strong>purgatorio.</strong></span> <span class='ocrx_word' id='word_1_619' title='bbox 1177 5201 1245 5210; x_wconf 96' lang='lat'><strong>—</strong></span> <span class='ocrx_word' id='word_1_620' title='bbox 1271 5170 1330 5225; x_wconf 85' lang='grc' dir='ltr'><strong>Ιιι</strong></span> <span class='ocrx_word' id='word_1_621' title='bbox 1364 5171 1486 5226; x_wconf 83' lang='lat' dir='ltr'><strong>cod.</strong></span> <span class='ocrx_word' id='word_1_622' title='bbox 1521 5172 1681 5238; x_wconf 79' lang='grc'><strong>1286,</strong></span> <span class='ocrx_word' id='word_1_623' title='bbox 1721 5189 1775 5227; x_wconf 93' lang='grc' dir='ltr'><strong>ιι.</strong></span> <span class='ocrx_word' id='word_1_624' title='bbox 1810 5174 1863 5238; x_wconf 92' lang='grc'><strong>1,</strong></span> <span class='ocrx_word' id='word_1_625' title='bbox 1888 5184 1973 5227; x_wconf 89' lang='lat' dir='ltr'><strong>est</strong></span> <span class='ocrx_word' id='word_1_626' title='bbox 2022 5172 2164 5243; x_wconf 89' lang='lat' dir='ltr'><strong>apud</strong></span> <span class='ocrx_word' id='word_1_627' title='bbox 2196 5171 2413 5227; x_wconf 88' lang='lat' dir='ltr'><strong>Fabric.</strong></span> <span class='ocrx_word' id='word_1_628' title='bbox 2445 5189 2500 5227; x_wconf 94' lang='lat' dir='ltr'><strong>n.</strong></span> <span class='ocrx_word' id='word_1_629' title='bbox 2528 5172 2583 5226; x_wconf 83' lang='lat'><strong>7.</strong></span> <span class='ocrx_word' id='word_1_630' title='bbox 2614 5201 2683 5212; x_wconf 88' lang='lat'><strong>—-</strong></span> <span class='ocrx_word' id='word_1_631' title='bbox 2718 5172 2778 5227; x_wconf 86' lang='grc' dir='ltr'><strong>Ν.</strong></span> <span class='ocrx_word' id='word_1_632' title='bbox 2811 5171 2863 5236; x_wconf 87' lang='grc'><strong>8,</strong></span> <span class='ocrx_word' id='word_1_633' title='bbox 2921 5170 3084 5226; x_wconf 76' lang='lat' dir='ltr'><strong>Marci</strong></span> <span class='ocrx_word' id='word_1_634' title='bbox 3121 5173 3402 5243; x_wconf 82' lang='lat' dir='ltr'><strong>Epliesini,</strong></span> <span class='ocrx_word' id='word_1_635' title='bbox 3424 5171 3653 5237; x_wconf 70' lang='lat' dir='ltr'><strong>Iuliani,</strong></span> 
     </span>
    </p>
   </div>
   <div class='ocr_carea' id='block_1_60' title="bbox 405 5263 3653 5337">
    <p class='ocr_par' dir='ltr' id='par_1_60' title="bbox 405 5263 3653 5337">
     <span class='ocr_line' id='line_1_60' title="bbox 405 5263 3653 5337; baseline 0 -19"><span class='ocrx_word' id='word_1_636' title='bbox 405 5266 636 5320; x_wconf 73' lang='lat' dir='ltr'><strong>Andreae</strong></span> <span class='ocrx_word' id='word_1_637' title='bbox 657 5264 879 5330; x_wconf 85' lang='lat' dir='ltr'><strong>Rhodii,</strong></span> <span class='ocrx_word' id='word_1_638' title='bbox 912 5263 1251 5320; x_wconf 80' lang='lat' dir='ltr'><strong>Bessarionis</strong></span> <span class='ocrx_word' id='word_1_639' title='bbox 1283 5273 1337 5319; x_wconf 87' lang='lat' dir='ltr'><strong>et</strong></span> <span class='ocrx_word' id='word_1_640' title='bbox 1363 5265 1595 5319; x_wconf 88' lang='lat' dir='ltr'><strong>aliorum</strong></span> <span class='ocrx_word' id='word_1_641' title='bbox 1635 5266 1902 5337; x_wconf 87' lang='lat' dir='ltr'><strong>Disputat.</strong></span> <span class='ocrx_word' id='word_1_642' title='bbox 1938 5267 2137 5322; x_wconf 75' lang='lat' dir='ltr'><strong>habitae</strong></span> <span class='ocrx_word' id='word_1_643' title='bbox 2189 5267 2243 5321; x_wconf 89' lang='lat' dir='ltr'><strong>in</strong></span> <span class='ocrx_word' id='word_1_644' title='bbox 2297 5267 2530 5322; x_wconf 90' lang='lat' dir='ltr'><strong>concilio</strong></span> <span class='ocrx_word' id='word_1_645' title='bbox 2574 5264 2913 5321; x_wconf 86' lang='lat' dir='ltr'><strong>Florentino.</strong></span> <span class='ocrx_word' id='word_1_646' title='bbox 2943 5296 3011 5304; x_wconf 93' lang='lat'><strong>—</strong></span> <span class='ocrx_word' id='word_1_647' title='bbox 3040 5264 3105 5320; x_wconf 80' lang='grc' dir='ltr'><strong>Ν.</strong></span> <span class='ocrx_word' id='word_1_648' title='bbox 3144 5266 3229 5333; x_wconf 90' lang='grc'><strong>10,</strong></span> <span class='ocrx_word' id='word_1_649' title='bbox 3258 5268 3403 5336; x_wconf 83' lang='lat' dir='ltr'><strong>apud</strong></span> <span class='ocrx_word' id='word_1_650' title='bbox 3432 5265 3653 5320; x_wconf 82' lang='lat' dir='ltr'><strong>Fabric.</strong></span> 
     </span>
    </p>
   </div>
   <div class='ocr_carea' id='block_1_61' title="bbox 404 5352 3653 5425">
    <p class='ocr_par' dir='ltr' id='par_1_61' title="bbox 404 5352 3653 5425">
     <span class='ocr_line' id='line_1_61' title="bbox 404 5352 3653 5425; baseline 0 -19"><span class='ocrx_word' id='word_1_651' title='bbox 404 5366 484 5409; x_wconf 84' lang='lat' dir='ltr'><strong>est</strong></span> <span class='ocrx_word' id='word_1_652' title='bbox 521 5370 579 5408; x_wconf 87' lang='grc' dir='ltr'><strong>ιι.</strong></span> <span class='ocrx_word' id='word_1_653' title='bbox 611 5353 665 5409; x_wconf 88' lang='grc'><strong>6.</strong></span> <span class='ocrx_word' id='word_1_654' title='bbox 690 5352 846 5407; x_wconf 85' lang='grc' dir='ltr'><strong>-Ν.</strong></span> <span class='ocrx_word' id='word_1_655' title='bbox 889 5354 973 5421; x_wconf 89' lang='grc'><strong>12,</strong></span> <span class='ocrx_word' id='word_1_656' title='bbox 1009 5352 1160 5424; x_wconf 90' lang='lat' dir='ltr'><strong>Opus</strong></span> <span class='ocrx_word' id='word_1_657' title='bbox 1210 5354 1477 5409; x_wconf 88' lang='lat' dir='ltr'><strong>adversus</strong></span> <span class='ocrx_word' id='word_1_658' title='bbox 1533 5354 1782 5411; x_wconf 88' lang='lat' dir='ltr'><strong>Latinos.</strong></span> <span class='ocrx_word' id='word_1_659' title='bbox 1827 5357 1916 5411; x_wconf 91' lang='lat' dir='ltr'><strong>ubi</strong></span> <span class='ocrx_word' id='word_1_660' title='bbox 1971 5357 2037 5410; x_wconf 90' lang='lat' dir='ltr'><strong>de</strong></span> <span class='ocrx_word' id='word_1_661' title='bbox 2086 5355 2322 5425; x_wconf 81' lang='lat' dir='ltr'><strong>Spiritus</strong></span> <span class='ocrx_word' id='word_1_662' title='bbox 2352 5354 2528 5409; x_wconf 89' lang='lat' dir='ltr'><strong>sancti</strong></span> <span class='ocrx_word' id='word_1_663' title='bbox 2562 5355 2936 5423; x_wconf 83' lang='lat' dir='ltr'><strong>processione,</strong></span> <span class='ocrx_word' id='word_1_664' title='bbox 2964 5353 3032 5406; x_wconf 85' lang='lat' dir='ltr'><strong>de</strong></span> <span class='ocrx_word' id='word_1_665' title='bbox 3074 5352 3304 5423; x_wconf 79' lang='lat' dir='ltr'><strong>azymis.</strong></span> <span class='ocrx_word' id='word_1_666' title='bbox 3333 5354 3401 5408; x_wconf 86' lang='lat' dir='ltr'><strong>de</strong></span> <span class='ocrx_word' id='word_1_667' title='bbox 3426 5355 3653 5407; x_wconf 81' lang='lat' dir='ltr'><strong>Sahbati</strong></span> 
     </span>
    </p>
   </div>
   <div class='ocr_carea' id='block_1_62' title="bbox 400 5441 3657 5515">
    <p class='ocr_par' dir='ltr' id='par_1_62' title="bbox 400 5441 3657 5515">
     <span class='ocr_line' id='line_1_62' title="bbox 400 5441 3657 5515; baseline 0.001 -23"><span class='ocrx_word' id='word_1_668' title='bbox 400 5443 634 5512; x_wconf 62' lang='lat' dir='ltr'><strong>jejunio,</strong></span> <span class='ocrx_word' id='word_1_669' title='bbox 663 5443 730 5497; x_wconf 89' lang='lat' dir='ltr'><strong>dc</strong></span> <span class='ocrx_word' id='word_1_670' title='bbox 756 5443 876 5512; x_wconf 83' lang='lat' dir='ltr'><strong>igne</strong></span> <span class='ocrx_word' id='word_1_671' title='bbox 936 5443 1269 5513; x_wconf 65' lang='lat' dir='ltr'><strong>purgator-io,</strong></span> <span class='ocrx_word' id='word_1_672' title='bbox 1321 5445 1387 5500; x_wconf 87' lang='lat' dir='ltr'><strong>de</strong></span> <span class='ocrx_word' id='word_1_673' title='bbox 1414 5445 1695 5510; x_wconf 82' lang='lat' dir='ltr'><strong>beatitate,</strong></span> <span class='ocrx_word' id='word_1_674' title='bbox 1734 5447 1801 5500; x_wconf 91' lang='lat' dir='ltr'><strong>de</strong></span> <span class='ocrx_word' id='word_1_675' title='bbox 1834 5444 2091 5515; x_wconf 80' lang='lat' dir='ltr'><strong>baptismi</strong></span> <span class='ocrx_word' id='word_1_676' title='bbox 2127 5443 2305 5496; x_wconf 86' lang='lat' dir='ltr'><strong>verbis</strong></span> <span class='ocrx_word' id='word_1_677' title='bbox 2358 5452 2410 5496; x_wconf 87' lang='lat' dir='ltr'><strong>ct</strong></span> <span class='ocrx_word' id='word_1_678' title='bbox 2438 5442 2641 5511; x_wconf 90' lang='lat' dir='ltr'><strong>nuptiis</strong></span> <span class='ocrx_word' id='word_1_679' title='bbox 2677 5441 3041 5507; x_wconf 87' lang='lat' dir='ltr'><strong>sacerdotum,</strong></span> <span class='ocrx_word' id='word_1_680' title='bbox 3095 5441 3163 5495; x_wconf 89' lang='lat' dir='ltr'><strong>de</strong></span> <span class='ocrx_word' id='word_1_681' title='bbox 3213 5454 3421 5511; x_wconf 70' lang='lat' dir='ltr'><strong>quartae</strong></span> <span class='ocrx_word' id='word_1_682' title='bbox 3454 5443 3561 5496; x_wconf 80' lang='lat' dir='ltr'><strong>diei</strong></span> <span class='ocrx_word' id='word_1_683' title='bbox 3600 5448 3657 5497; x_wconf 67' lang='lat' dir='ltr'><strong>at</strong></span> 
     </span>
    </p>
   </div>
   <div class='ocr_carea' id='block_1_63' title="bbox 405 5520 1967 5602">
    <p class='ocr_par' dir='ltr' id='par_1_63' title="bbox 405 5520 1965 5602">
     <span class='ocr_line' id='line_1_63' title="bbox 405 5520 1965 5602; baseline 0.001 -20"><span class='ocrx_word' id='word_1_684' title='bbox 405 5532 734 5584; x_wconf 71' lang='lat' dir='ltr'><strong>l&#39;arasccves</strong></span> <span class='ocrx_word' id='word_1_685' title='bbox 754 5520 996 5599; x_wconf 75' lang='lat' dir='ltr'><strong>jéjnniis,</strong></span> <span class='ocrx_word' id='word_1_686' title='bbox 1039 5541 1093 5585; x_wconf 89' lang='lat' dir='ltr'><strong>ct</strong></span> <span class='ocrx_word' id='word_1_687' title='bbox 1120 5531 1187 5587; x_wconf 83' lang='lat' dir='ltr'><strong>de</strong></span> <span class='ocrx_word' id='word_1_688' title='bbox 1228 5533 1399 5585; x_wconf 88' lang='lat' dir='ltr'><strong>trilms</strong></span> <span class='ocrx_word' id='word_1_689' title='bbox 1425 5533 1882 5602; x_wconf 81' lang='lat' dir='ltr'><strong>quadragesiniis.</strong></span> <span class='ocrx_word' id='word_1_690' title='bbox 1911 5536 1965 5584; x_wconf 68' lang='lat' dir='ltr'><strong>li;</strong></span> 
     </span>
    </p>
   </div>
   <div class='ocr_carea' id='block_1_64' title="bbox 2087 5520 3649 5602">
    <p class='ocr_par' dir='ltr' id='par_1_64' title="bbox 2087 5529 3649 5600">
     <span class='ocr_line' id='line_1_64' title="bbox 2087 5529 3649 5600; baseline 0 -15"><span class='ocrx_word' id='word_1_691' title='bbox 2087 5532 2385 5600; x_wconf 77' lang='grc' dir='ltr'><strong>Ιαράκλητε</strong></span> <span class='ocrx_word' id='word_1_692' title='bbox 2416 5531 2607 5597; x_wconf 81' lang='grc' dir='ltr'><strong>Κύριε.</strong></span> <span class='ocrx_word' id='word_1_693' title='bbox 2634 5559 2704 5569; x_wconf 93' lang='grc'><strong><em>-</em></strong></span> <span class='ocrx_word' id='word_1_694' title='bbox 2728 5530 2791 5583; x_wconf 85' lang='grc' dir='ltr'><strong>Ν.</strong></span> <span class='ocrx_word' id='word_1_695' title='bbox 2832 5531 2917 5594; x_wconf 90' lang='grc'><strong>19,</strong></span> <span class='ocrx_word' id='word_1_696' title='bbox 2971 5547 3018 5584; x_wconf 83' lang='lat' dir='ltr'><strong>v.</strong></span> <span class='ocrx_word' id='word_1_697' title='bbox 3058 5532 3219 5595; x_wconf 65' lang='lat' dir='ltr'><strong>infra,</strong></span> <span class='ocrx_word' id='word_1_698' title='bbox 3252 5546 3309 5584; x_wconf 92' lang='grc' dir='ltr'><strong>ιι.</strong></span> <span class='ocrx_word' id='word_1_699' title='bbox 3358 5529 3452 5592; x_wconf 76' lang='grc'><strong>28,</strong></span> <span class='ocrx_word' id='word_1_700' title='bbox 3484 5546 3542 5584; x_wconf 84' lang='grc' dir='ltr'><strong>ιι.</strong></span> <span class='ocrx_word' id='word_1_701' title='bbox 3574 5530 3649 5585; x_wconf 74' lang='grc'><strong>20</strong></span> 
     </span>
    </p>
   </div>
   <div class='ocr_carea' id='block_1_65' title="bbox 401 5616 3652 5689">
    <p class='ocr_par' dir='ltr' id='par_1_65' title="bbox 401 5616 3652 5689">
     <span class='ocr_line' id='line_1_65' title="bbox 401 5616 3652 5689; baseline 0 -18"><span class='ocrx_word' id='word_1_702' title='bbox 401 5629 453 5671; x_wconf 88' lang='lat' dir='ltr'><strong>ct</strong></span> <span class='ocrx_word' id='word_1_703' title='bbox 474 5618 531 5681; x_wconf 83' lang='lat'><strong>2,</strong></span> <span class='ocrx_word' id='word_1_704' title='bbox 562 5628 690 5672; x_wconf 91' lang='lat' dir='ltr'><strong>sunt</strong></span> <span class='ocrx_word' id='word_1_705' title='bbox 721 5634 815 5687; x_wconf 86' lang='lat' dir='ltr'><strong>ap.</strong></span> <span class='ocrx_word' id='word_1_706' title='bbox 868 5618 1088 5675; x_wconf 83' lang='lat' dir='ltr'><strong>Fabric.</strong></span> <span class='ocrx_word' id='word_1_707' title='bbox 1135 5637 1190 5675; x_wconf 87' lang='grc' dir='ltr'><strong>ιι.</strong></span> <span class='ocrx_word' id='word_1_708' title='bbox 1228 5620 1315 5673; x_wconf 85' lang='grc'><strong>16.</strong></span> <span class='ocrx_word' id='word_1_709' title='bbox 1343 5620 1569 5675; x_wconf 87' lang='lat' dir='ltr'><strong>—lbid.</strong></span> <span class='ocrx_word' id='word_1_710' title='bbox 1607 5623 1656 5674; x_wconf 90' lang='lat' dir='ltr'><strong>in</strong></span> <span class='ocrx_word' id='word_1_711' title='bbox 1703 5624 1824 5675; x_wconf 78' lang='lat' dir='ltr'><strong>col.</strong></span> <span class='ocrx_word' id='word_1_712' title='bbox 1862 5621 2021 5685; x_wconf 72' lang='lat'><strong>1327,</strong></span> <span class='ocrx_word' id='word_1_713' title='bbox 2065 5638 2121 5675; x_wconf 87' lang='grc' dir='ltr'><strong>ιι.</strong></span> <span class='ocrx_word' id='word_1_714' title='bbox 2152 5622 2240 5681; x_wconf 78' lang='grc'><strong>51,</strong></span> <span class='ocrx_word' id='word_1_715' title='bbox 2279 5619 2446 5689; x_wconf 83' lang='lat' dir='ltr'><strong>Epist.</strong></span> <span class='ocrx_word' id='word_1_716' title='bbox 2505 5618 2778 5688; x_wconf 83' lang='lat' dir='ltr'><strong>encyclica</strong></span> <span class='ocrx_word' id='word_1_717' title='bbox 2825 5617 2893 5672; x_wconf 89' lang='lat' dir='ltr'><strong>de</strong></span> <span class='ocrx_word' id='word_1_718' title='bbox 2934 5617 3145 5688; x_wconf 87' lang='lat' dir='ltr'><strong>synodo</strong></span> <span class='ocrx_word' id='word_1_719' title='bbox 3179 5616 3499 5685; x_wconf 86' lang='lat' dir='ltr'><strong>Florentina</strong></span> <span class='ocrx_word' id='word_1_720' title='bbox 3542 5633 3652 5673; x_wconf 90' lang='lat' dir='ltr'><strong>non</strong></span> 
     </span>
    </p>
   </div>
   <div class='ocr_carea' id='block_1_66' title="bbox 400 5703 3650 5773">
    <p class='ocr_par' dir='ltr' id='par_1_66' title="bbox 400 5703 3650 5773">
     <span class='ocr_line' id='line_1_66' title="bbox 400 5703 3650 5773; baseline -0.001 -9"><span class='ocrx_word' id='word_1_721' title='bbox 400 5708 750 5767; x_wconf 63' lang='lat' dir='ltr'><strong>suscipiendi!</strong></span> <span class='ocrx_word' id='word_1_722' title='bbox 784 5707 993 5765; x_wconf 78' lang='lat' dir='ltr'><strong>(forsan</strong></span> <span class='ocrx_word' id='word_1_723' title='bbox 1036 5725 1089 5766; x_wconf 91' lang='grc' dir='ltr'><strong>ιι.</strong></span> <span class='ocrx_word' id='word_1_724' title='bbox 1132 5710 1184 5772; x_wconf 76' lang='lat'><strong>5,</strong></span> <span class='ocrx_word' id='word_1_725' title='bbox 1215 5710 1355 5772; x_wconf 87' lang='lat' dir='ltr'><strong>apud</strong></span> <span class='ocrx_word' id='word_1_726' title='bbox 1383 5708 1740 5773; x_wconf 73' lang='lat' dir='ltr'><strong>Fabricium).</strong></span> <span class='ocrx_word' id='word_1_727' title='bbox 1788 5740 1851 5750; x_wconf 89' lang='lat'><strong>--</strong></span> <span class='ocrx_word' id='word_1_728' title='bbox 1886 5707 1950 5763; x_wconf 85' lang='lat' dir='ltr'><strong>N.</strong></span> <span class='ocrx_word' id='word_1_729' title='bbox 1987 5709 2074 5771; x_wconf 73' lang='lat'><strong>&#39;52,</strong></span> <span class='ocrx_word' id='word_1_730' title='bbox 2123 5707 2361 5771; x_wconf 78' lang='lat' dir='ltr'><strong>Epistula</strong></span> <span class='ocrx_word' id='word_1_731' title='bbox 2388 5705 2454 5761; x_wconf 85' lang='lat' dir='ltr'><strong>ad</strong></span> <span class='ocrx_word' id='word_1_732' title='bbox 2489 5704 2781 5768; x_wconf 75' lang='lat' dir='ltr'><strong>Georgium</strong></span> <span class='ocrx_word' id='word_1_733' title='bbox 2811 5703 3156 5762; x_wconf 81' lang='lat' dir='ltr'><strong>Scholarium</strong></span> <span class='ocrx_word' id='word_1_734' title='bbox 3193 5716 3387 5761; x_wconf 84' lang='lat' dir='ltr'><strong>contra</strong></span> <span class='ocrx_word' id='word_1_735' title='bbox 3427 5706 3566 5760; x_wconf 87' lang='lat' dir='ltr'><strong>ritus</strong></span> <span class='ocrx_word' id='word_1_736' title='bbox 3594 5714 3650 5760; x_wconf 83' lang='lat' dir='ltr'><strong>et</strong></span> 
     </span>
    </p>
   </div>
  </div>
