3956 6200
230 365 368 441 una
1226 362 1544 423 MARCUS
1576 361 1792 423 EPHE:

1922 363 1985 421 S.
2022 387 2092 396 —
2122 361 2463 423 NOTlTlA.
3349 357 3484 424 1074

225 472 493 530 sacrilicia
525 471 786 529 Romana:
814 476 1192 532 Ecclesi:e.‘-—
1228 477 1292 534 N.
1322 480 1411 543 55,
1439 479 1505 533 ad
1541 479 1795 535 eumdem
1832 477 2075 547 Epistula
2136 480 2520 551 gratulatoria,
2551 479 2694 550 quod
2748 495 2775 532 a
2824 476 3035 533 Latinis
3066 479 3374 535 desciverit.
3416 514 3489 523 -

225 560 289 613 Ν.
322 560 413 619 54,
447 570 531 614 est
554 576 644 630 ap.
680 561 898 619 Fabric.
936 581 992 619 ιι.
1030 566 1118 620 17.
1160 596 1230 607 --
1269 565 1334 621 N.
1365 568 1457 633 55,
1485 567 1550 622 ad
1583 566 1809 621 Latinos
1837 565 2143 635 Responsio
2179 568 2244 623 de
2286 568 2409 637 igne
2446 568 2784 638 purgatorio.
2813 596 2877 611 --
2906 567 3044 620 Ibid.
3080 567 3133 619 in
3165 568 3289 620 cod.
3329 567 3485 628 1572,

226 666 281 702 ιι.
320 650 374 711 5,
402 648 569 704 Marci
602 650 890 721 Eugenici,
924 655 1015 723 qui
1050 655 1286 710 concilio
1336 655 1659 711 Florentino
1713 656 1988 718 interluit,
2041 670 2179 725 opus
2241 657 2309 709 de
2365 656 2491 723 igne
2541 655 2882 724 purgatorio.
2919 656 3188 710 adversus
3236 653 3486 716 Latinos,

225 736 533 802 ineditam;
589 754 642 791 ιι.
676 740 733 801 4,
760 738 1067 809 Expositio,
1101 744 1243 812 apud
1276 742 1495 799 Fabric.
1520 761 1574 798 ιι.
1610 746 1697 799 14.
1746 776 1787 789 --

1924 744 1977 798 d.
2013 743 2067 797 in
2105 741 2233 797 cod.
2279 743 2438 806 1589,
2489 758 2545 796 ιι.
2574 743 2630 796 2.
2666 742 2822 796 Orat.
2860 742 2982 795 dum
3026 742 3093 795 dc
3128 742 3255 811 igne
3286 756 3486 809 purga-

226 826 389 886 torio,
417 824 643 891 eaedem,
672 841 792 892 qum
826 845 880 882 ιι.
915 830 1003 896 16,
1031 845 1120 900 ap.
1150 830 1311 886 Fabr.
1338 848 1354 897 ;
1386 839 1440 885 ct
1490 848 1548 888 ιι.
1581 832 1636 897 5,
1681 831 1961 901 Expositio
1992 832 2046 885 in
2108 845 2329 886 sacram
2365 829 2694 899 Liturgiam.
2724 857 2795 869 --
2831 830 2889 883 In
2942 830 3065 884 cod.
3097 829 3325 883 Coislin.
3360 828 3487 892 289,

228 909 462 965 Ilomilia
497 912 657 968 dicta.
678 913 941 971 Ferrarius
968 918 1032 973 ad
1066 919 1375 975 cardinales
1414 930 1468 975 et
1517 921 1759 989 reliquos

1927 934 2114 974 norum
2148 919 2401 974 doctores
2439 918 2570 988 περὶ
2610 916 2706 970 τοῦ
2738 917 3104 993 δοξαζομένου
3139 917 3272 985 παρ’
3305 917 3489 977 αὐτοῖς

226 999 528 1067 καθαρσίου
570 1002 742 1071 πυρός
812 1006 917 1073 (est
936 1007 1079 1075 apud
1109 1006 1269 1063 Fabr.
1303 1025 1357 1063 ιι.
1396 1009 1482 1074 16,
1509 1008 1658 1079 prior
1692 1024 1788 1075 res:

1930 1008 2031 1077 io).
2081 1005 2146 1061 V.
2178 1006 2369 1063 Montl.
2406 1005 2544 1059 Bibl.
2581 1003 2743 1059 Coisl.
2788 1021 2840 1074 p.
2878 1005 3005 1061 406.
3038 1038 3110 1047 -—
3133 1003 3487 1058 Sec..Montf.

228 1087 283 1141 in
314 1087 456 1143 Bibl.
496 1088 738 1148 biblioth.
789 1109 919 1149 mss.
950 1111 1001 1163 p.
1037 1097 1473 1161 1352,cexstant
1522 1100 1575 1152 in
1638 1097 1775 1153 Cod.
1819 1097 2026 1151 Mazar.
2065 1093 2166 1147 124
2202 1111 2216 1147 :
2266 1110 2322 1148 ιι.
2363 1093 2415 1158 1,
2470 1092 2661 1147 Oratio
2698 1091 2964 1146 Ferrarire
2994 1091 3177 1145 habita
3228 1091 3293 1144 ad
3324 1091 3487 1145 Card.

227 1176 474 1248 aliosque
503 1178 727 1237 Latinos
759 1181 826 1236 de
851 1167 973 1252 igne
1000 1187 1339 1255 purgatorio.
1370 1217 1445 1228 —
1480 1184 1544 1242 Ν.
1574 1186 1629 1250 2,
1660 1186 2066 1254 Responsiones
2098 1184 2164 1239 ad
2194 1183 2536 1254 objectioncs
2569 1183 2617 1237 ei
2651 1181 2849 1236 factas.
2879 1209 2949 1222 -
2979 1179 3045 1236 N.
3073 1181 3129 1243 6,
3158 1181 3300 1251 quod
3348 1181 3489 1235 idem

227 1274 335 1326 εει,
374 1281 437 1321 ac
472 1266 688 1324 Fabric.
746 1286 802 1326 ιι.
837 1271 904 1326 15
952 1274 1124 1341 citat;
1157 1302 1227 1317 -ι
1254 1273 1323 1331 Ν.
1374 1276 1429 1339 7,
1461 1274 1693 1332 Joannis
1747 1272 2011 1343 Eugenici
2076 1272 2343 1327 adversus
2376 1270 2748 1325 deﬁnitionem
2794 1268 3013 1323 concilii
3050 1268 3351 1323 Florentini
3376 1285 3392 1335 ;
3422 1297 3494 1308 -—

112 1419 125 1425 _
228 1351 295 1405 N.
338 1354 427 1419 15,
451 1356 647 1424 synodi
679 1360 1029 1426 praesentium
1061 1362 1221 1418 CPoli
1254 1364 1641 1433 episcoporum
1667 1362 1938 1431 apologis,
1976 1361 2125 1431 quod
2165 1360 2540 1416 Florentinam
2582 1358 2854 1430 synodum
2905 1373 3011 1410 non
3042 1358 3346 1427 receperint
3378 1373 3391 1423 ;
3421 1386 3493 1399 —-

228 1436 296 1493 Ν.
343 1440 432 1503 15.
464 1441 630 1498 Marci
666 1443 884 1515 Ephesii
940 1448 1204 1506 adversus
1242 1450 1616 1515 scholarium;
1650 1480 1717 1490 ---
1744 1466 1800 1504 ιι.
1830 1450 1915 1514 16,
1950 1450 2231 1505 Adversus
2288 1449 2537 1508 Latinos.
2563 1448 2745 1515 capita
2788 1446 3125 1516 syllogistica
3152 1444 3301 1515 (add.
3338 1462 3393 1500 ιι.
3434 1445 3489 1509 7,

229 1543 320 1597 ap.
352 1527 615 1603 Fabric.).
644 1564 713 1575 —
740 1538 1004 1607 Apologia
1040 1554 1138 1607 pro
1169 1540 1393 1605 unione,
1422 1541 1559 1595 citra
1596 1540 1716 1609 ejus
1785 1539 2117 1595 sententiam
2185 1536 2479 1592 Florentiae
2526 1536 2709 1590 habita
2737 1552 2751 1601 ;
2784 1542 2841 1589 et
2898 1550 2951 1589 ιι.
2990 1534 3079 1598 19,
3113 1534 3289 1602 ejusd.
3343 1533 3492 1588 Con-

232 1612 425 1679 fessio,
455 1617 508 1671 in
547 1621 753 1689 synodo
787 1621 1105 1680 Florentius
1137 1626 1284 1681 edita
1312 1625 1564 1681 Barlaam
1599 1627 1880 1689 monachi,
1908 1626 2206 1696 procedere
2254 1624 2518 1693 Spiritum
2554 1632 2807 1679 sanctum
2843 1639 2912 1677 ex
2966 1624 3083 1677 solo
3111 1622 3292 1675 Patre.
3330 1621 3491 1676 Conf.

232 1718 399 1770 supra
432 1705 485 1758 in
513 1708 567 1762 h.
600 1708 709 1763 vol.
736 1724 791 1777 p.
818 1711 946 1775 468,
979 1729 1116 1779 un,
1156 1721 1211 1767 et
1238 1713 1305 1767 de
1335 1714 1458 1783 igne
1490 1716 1830 1782 purgatorio,
1854 1724 1961 1769 etc.
1988 1744 2059 1754 —-
2092 1712 2149 1767 In
2183 1712 2569 1782 Banmgarten.
2601 1712 2919 1765 Naclcrichl.
2958 1728 3056 1766 von
3120 1712 3491 1779 merkwiirdig.

232 1787 496 1859 Bithern,
535 1803 665 1851 tom.
701 1797 787 1864 \ll,
816 1813 867 1867 p.
909 1800 1037 1864 451,
1072 1799 1258 1865 ibique
1286 1811 1397 1857 not.
1436 1802 1477 1857 ἰ.
1515 1800 1685 1856 ΙΙΑιιι..

306 1878 361 1935 5.
399 1877 779 1950 Responsiones
814 1888 883 1940 ad
916 1892 1231 1957 quwstioues
1256 1890 1636 1955 cardinalium,
1670 1907 1798 1946 mss.
1825 1888 1882 1943 In
1911 1891 2099 1945 codice
2123 1889 2297 1961 Regio
2328 1888 2503 1944 Paris.
2534 1888 2663 1943 250.
2701 1890 2860 1953 1218,
2888 1891 2939 1944 in
2988 1889 3120 1944 bibl.
3159 1890 3311 1960 publ.
3348 1908 3401 1946 ιι.
3438 1893 3492 1957 4,

234 1978 288 2021 et
318 1984 372 2031 ν,
403 1972 467 2025 ad
502 1988 557 2025 ιι.
591 1972 645 2036 2,
672 1972 849 2028 ιεὶάιε
878 1976 1023 2032 inter
1053 1962 1179 2033 cod.
1226 1977 1480 2035 Vossian.
1516 1996 1567 2034 ν.
1600 1979 1773 2034 Catal.

1226 1977 1480 2035 Vossian.
1516 1996 1567 2034 ν.
1600 1979 1773 2034 Catal.
1802 1977 1934 2033 bibl.
1967 1976 2124 2031 Leid.
2158 1992 2211 2046 p.
2244 1977 2368 2043 597,
2393 1994 2451 2031 ιι.
2486 1978 2574 2032 57.
2605 1977 2776 2032 "sub.

304 2056 357 2110 4.
399 2057 604 2113 Salutio
629 2061 861 2117 duarum
892 2067 1242 2134 quaestionum
1272 2068 1426 2138 παρὰ
1458 2070 1554 2120 τοῦ
1586 2067 1850 2137 βασιλέως

1929 2067 1956 2120 b
2000 2067 2322 2133 imperatore
2356 2065 2588 2131 (Joanne
2619 2064 2949 2134 I’alaeologo)
2984 2066 3397 2132 propositarum.
3433 2067 3490 2120 lu

232 2146 422 2200 codice
446 2146 616 2219 Regio
640 2150 804 2217 2016,
843 2159 981 2208 teste
1026 2155 1243 2210 Labbeo
1273 2172 1396 2227 pag.
1429 2155 1497 2211 88
1547 2155 1682 2212 bibl.
1717 2170 1870 2211 novae
1931 2168 2063 2209 mss.
2105 2152 2289 2225 [Conl.
2356 2153 2481 2208 cod.
2545 2152 2865 2222 Mosqucns.
2917 2153 3042 2219 555,
3068 2155 3156 2218 41,
3191 2164 3243 2208 et
3283 2154 3334 2208 in
3366 2154 3490 2209 cod.

236 2230 506 2290 Escorial.
544 2252 667 2293 mox
700 2240 921 2296 citanda
953 2250 1151 2298 exstat.
1183 2243 1361 2300 Πιιιι..

307 2322 361 2379 5.
390 2323 634 2394 Epistola
668 2333 930 2401 encyclica
961 2334 1030 2386 ad
1054 2350 1229 2389 omnes
1258 2333 1597 2388 Christianos
1630 2333 1696 2387 de
1738 2328 1949 2402 synodo
1986 2328 2300 2383 Florentina
2357 2342 2465 2380 non
2512 2326 2891 2396 suscipienda,
2944 2344 3066 2398 qua:
3114 2345 3238 2385 cum
3269 2329 3491 2397 Iosephi

242 2409 606 2470 Mcthouensis
633 2420 988 2486 responsione
1015 2421 1215 2487 legitur
1244 2432 1367 2491 post
1392 2431 1509 2475 acta
1537 2419 1753 2474 concilii
1788 2417 1939 2471 Flor.
1992 2425 2124 2470 tom.
2162 2414 2303 2479 XIII,
2338 2415 2564 2479 Labbei,
2598 2430 2720 2483 pag.
2770 2416 2910 2483 677;
2949 2427 3004 2472 et
3054 2427 3188 2471 tom.
3214 2418 3319 2483 IX;
3358 2419 3494 2471 llar-

237 2500 391 2554 duin.
440 2517 561 2571 pag.
596 2504 718 2559 549.
778 2505 1020 2575 Incipit:
1066 2507 1208 2574 Ἐγὼ
1266 2508 1353 2562 διὰ
1375 2508 1474 2579 τὴν
1506 2506 1774 2575 επιταγὴν

1960 2504 2058 2574 τὴν
2093 2506 2303 2574 χρείαν.
2368 2504 2554 2558 Graece
2607 2512 2659 2557 ct
2702 2504 2892 2558 Latine
2944 2521 3067 2560 cum
3123 2508 3379 2561 versione
3404 2506 3490 2562 Jo.

238 2587 475 2644 Mattha‘i
512 2591 861 2665 CaryOpbyli.
895 2593 1061 2649 Fsan.
1100 2594 1303 2651 Matriti
1360 2596 1413 2649 in
1450 2595 1573 2650 cod.
1612 2593 1781 2663 Regio
1820 2593 1910 2659 77,
1974 2593 2069 2646 fol.
2126 2593 2250 2653 509.
2285 2601 2599 2661 sequuntur
2648 2592 2825 2659 ejusd.
2884 2593 3161 2649 Professio
3202 2596 3348 2657 lidci,
3402 2612 3493 2663 ap.

237 2675 453 2733 Fabric.
492 2694 549 2733 ιι.
584 2679 671 2735 17.
701 2710 769 2723 -
794 2682 1122 2753 Excerplum
1175 2685 1336 2739 breve
1383 2698 1449 2737 ex
1504 2683 1624 2752 ejus
1677 2698 1798 2751 cap.
1850 2680 2202 2749 syllogisticis
2240 2680 2319 2750 (ιι.
2370 2679 2422 2743 7,
2458 2696 2546 2748 ap.
2578 2678 2821 2747 Fabric.)
2846 2712 2915 2721 -ο
2941 2682 3079 2735 Tum
3143 2685 3494 2752 opusculum,

237 2766 383 2835 quod
408 2773 493 2821 est
522 2782 613 2837 ap.
644 2767 857 2825 Fabric.
892 2788 947 2826 ιι.
984 2773 1071 2828 15.
1106 2803 1177 2814 -σ
1216 2772 1351 2826 Dein
1384 2787 1573 2841 Opusc.
1625 2769 1789 2839 cujus
1835 2769 2115 2824 rarissime
2148 2770 2207 2823 lit
2247 2772 2452 2823 mentio
2491 2769 2558 2823 de
2606 2769 2841 2824 terminis
2872 2772 2995 2824 vita:
3060 2772 3169 2841 (est
3224 2782 3403 2827 tamen
3442 2776 3493 2825 in

238 2854 359 2908 cod.
396 2854 658 2911 Escorial.
718 2868 771 2914 et
801 2858 853 2913 in
892 2860 1013 2914 cod.
1080 2860 1393 2930 Mosquensi
1432 2860 1560 2926 594,
1609 2875 1666 2913 ιι.
1713 2858 1800 2914 12.

1944 2856 2182 2912 Matt/rari
2213 2857 2247 2910 Ι.
2283 2871 2331 2909 c.
2368 2872 2420 2925 p.
2453 2856 2606 2923 252).
2647 2857 2761 2911 Inc.
2796 2856 2920 2909 Οὖτ*
2956 2860 3121 2921 αὐτὸς
3166 2861 3417 2930 ἠπόρεις,
3448 2856 3493 2913 ὦ

240 2944 479 3011 μακάριε
512 2946 771 3012 δέσποτα,
808 2948 904 3001 τοῦ
936 2946 1276 3019 ζητουμένου
1304 2949 1406 3019 τὴν
1427 2948 1583 3002 λύσιν
1614 2947 1801 3017 ἔξευρε

1934 2962 1943 2997 ε
1991 2946 2084 2997 καὶ
2120 2944 2439 2998 ἀποδοῦναι.
2469 2972 2538 2981 ——
2569 2944 2807 3012 Epistula
2840 2947 2905 3000 ad
2942 2946 3239 3014 Georgium
3293 2950 3373 3017 (ιι.
3406 2949 3496 3012 11,

238 3042 325 3095 ap.
362 3028 628 3100 Fabric.).
658 3062 726 3072 —
755 3034 872 3087 Alia
917 3036 979 3087 ad
1015 3036 1264 3089 eumdem
1297 3045 1350 3091 et
1384 3035 1574 3090 eadem
1608 3050 1731 3089 esse
1767 3034 1999 3094 videtur,
2038 3046 2157 3100 qua:
2186 3042 2269 3086 cst
2324 3046 2410 3099 ap.
2462 3030 2624 3084 Fabr.
2664 3046 2720 3084 ιι.
2775 3032 2858 3097 10,
2893 3042 2946 3086 et
2972 3050 3135 3102 quam
3165 3034 3403 3104 Cangitls
3438 3036 3491 3089 in

239 3115 483 3169 Glossar.
510 3116 604 3172 Gr.
632 3120 739 3174 vol.
771 3120 837 3184 11,
868 3122 974 3176 col.
1008 3122 1171 3185 1281,
1211 3124 1366 3177 velut
1395 3122 1656 3177 ineditam
1722 3131 2012 3182 memorat,
2052 3130 2425 3188 provocatque
2454 3119 2522 3172 ad
2563 3120 2687 3174 eod.
2717 3121 2847 3173 bibl.
2890 3120 3067 3176 Paris.
3116 3123 3299 3192 Regia:
3326 3124 3491 3189 5118,

240 3204 332 3266 qui
364 3204 416 3257 in
456 3205 617 3261 catal.
651 3223 781 3261 mss.
821 3207 955 3264 bibl.
997 3211 1148 3279 pubi.
1206 3209 1378 3267 Paris.
1444 3219 1765 3264 numeratur
1800 3206 1961 3272 1218,
2004 3207 2097 3262 ubi
2152 3207 2331 3261 locum
2363 3216 2597 3275 Occupat
2649 3206 2942 3261 decimum.
2990 3209 3065 3263 De
3124 3210 3207 3262 bis
3240 3212 3496 3267 omnibus

240 3291 394 3359 plura
436 3290 681 3360 disputat
713 3293 905 3350 Iriarte
931 3296 984 3351 in
1012 3296 1134 3353 Cat.
1171 3298 1330 3353 codd.
1372 3297 1467 3353 Gr.
1502 3296 1703 3351 Matrit.
1732 3312 1786 3365 p.
1822 3294 1927 3351 285
1958 3311 2075 3366 seq.
2118 3327 2182 3337 ——
2227 3296 2284 3349 Ιιι
2316 3295 2478 3349 codd.
2516 3293 3006 3359 Escorialcnsibus,
3043 3296 3099 3351 in
3125 3300 3333 3365 quibus
3365 3310 3493 3354 sunt

239 3380 486 3437 nitzedam
514 3397 543 3435 a
573 3380 823 3436 Fabricio
854 3398 962 3438 non
997 3385 1284 3440 observata
1313 3383 1403 3455 (V.
1433 3384 1611 3439 Plucri
1639 3384 1895 3439 ltinerar.
1926 3402 2019 3454 per
2069 3384 2298 3451 llispan.
2333 3399 2385 3453 p.
2439 3382 2585 3452 180),
2625 3394 2977 3439 asscrvantur
3014 3385 3179 3441 Marci
3237 3387 3497 3455 Eugenici

242 3468 481 3536 Epistola
517 3470 587 3523 αλ
618 3469 936 3525 orthodozos
964 3470 1319 3539 Christianos,
1373 3473 1577 3543 ubique
1636 3474 1882 3541 gentium
1932 3482 1986 3527 et
2040 3472 2345 3528 insularum
2405 3470 2663 3541 degentes
2693 3487 2708 3537 ;
2746 3501 2813 3511 —
2838 3472 2905 3525 de
2939 3475 3349 3528 resurrectione
3372 3517 3388 3542 ,
3426 3505 3499 3515 —-

242 3559 312 3609 de
344 3555 595 3612 terminis
630 3559 752 3611 vine
778 3558 842 3611 ad
874 3557 1184 3626 Isidorum;
1225 3591 1286 3600 —
1314 3562 1379 3615 ad
1416 3562 1551 3630 imp.
1580 3559 1785 3615 Joann.
1819 3558 2215 3632 Palmologum,
2250 3561 2593 3616 dubitantem
2632 3559 2699 3614 de
2753 3559 3075 3635 Latinorum
3120 3565 3251 3626 ritu,
3281 3581 3491 3619 sermo-

244 3661 340 3699 nes
367 3645 509 3707 duo;
541 3674 613 3688 —
636 3644 870 3702 Humilia
904 3647 957 3700 in
989 3647 1374 3704 dormitioncm
1430 3646 1489 3702 S.
1527 3647 1743 3703 Macarii
1804 3650 2033 3705 Corona:
2067 3649 2241 3720 (conf.
2268 3650 2335 3704 ad
2388 3665 2445 3703 ιι.
2476 3648 2529 3717 7)
2560 3667 2574 3713 ;
2603 3679 2671 3689 -—
2699 3647 3164 3718 Interrogatioues
3198 3654 3262 3705 ad
3302 3669 3497 3721 quem-

244 3734 370 3788 dam
401 3734 778 3803 dubitantem;
806 3736 1183 3793 —Conlessio
1208 3747 1371 3791 rectm
1404 3737 1525 3791 01(ιὶ
1561 3736 1854 3793 Florentiae
1893 3738 2057 3800 facta.
2093 3737 2396 3794 secundum
2435 3736 2705 3806 synodum
2751 3734 3070 3792 Latinorum
3102 3755 3223 3793 cum
3262 3738 3498 3811 Chryso-

244 3833 461 3886 stomo;
495 3849 563 3861 —-
606 3822 768 3879 Marci
798 3823 1055 3892 Epistolas
1086 3824 1206 3877 dua:
1242 3824 1309 3877 ad
1367 3826 1723 3893 praepositum
1766 3828 1819 3879 in
1859 3825 1917 3879 ὃ.
1956 3835 2138 3878 monte
2198 3823 2574 3884 habitationis,
2616 3821 2974 3893 Batopedium
3017 3825 3056 3879 I.
3090 3856 3157 3866 —
3185 3827 3262 3879 Ad
3304 3844 3498 3897 quem-

245 3908 370 3961 dam
412 3906 756 3965 Scholarium
794 3911 1200 3980 phi1050phum,
1241 3913 1431 3966 altera.
1464 3942 1529 3952 —
1566 3912 1777 3967 Monac.
1814 3914 1866 3967 in
1903 3914 2027 3968 cod.
2083 3913 2274 3967 Bavar.
2310 3912 2433 3966 145.
2469 3911 2567 3965 fol.
2606 3911 2733 3974 188,
2766 3913 2858 3965 ubi
2902 3926 3206 3981 sequuntur
3237 3916 3500 3985 Profusio

246 3996 413 4066 (apud
442 3996 673 4073 Fabric”
693 4014 747 4053 ιι.
788 3999 869 4067 10)
899 4007 1013 4053 tum
1068 4000 1239 4054 altera
1283 4000 1448 4066 epist.
1480 4001 1755 4071 encyclica

1961 4018 2013 4054 ιι.
2059 3998 2140 4070 6).
2172 4030 2241 4039 —
2278 3998 2534 4070 Dialogus
2567 3996 2742 4052 Graeci
2775 4007 2829 4052 et
2867 3998 3070 4063 Latini,
3105 4016 3199 4054 scu
3238 4004 3301 4055 de
3342 4008 3498 4055 ιιιιίέί-

246 4096 387 4137 ttone
408 4085 462 4137 in
495 4085 734 4155 symbolo
764 4100 782 4139 :
814 4086 983 4155 incip.
1009 4085 1290 4157 Θαυμάζω
1315 4086 1430 4149 πῶς
1460 4087 1594 4155 ἡμῖν
1628 4088 1808 4155 ἐγκιλι

1938 4103 1953 4117 ·
1982 4087 2036 4142 in
2068 4087 2171 4139 line
2200 4092 2444 4149 notatur,
2476 4082 2742 4152 scriptum
2766 4098 2890 4138 esse
2919 4101 2991 4138 ιιι.
3022 4087 3192 4154 April.
3214 4104 3301 4141 an.
3336 4090 3496 4154 6951,

248 4189 345 4228 seu
383 4188 489 4227 arra
519 4182 707 4229 nostra
738 4173 897 4240 1445,
929 4174 1121 4229 indict.
1153 4190 1227 4228 γι.
1266 4172 1421 4227 Ilunc
1445 4174 1720 4245 dialogum
1768 4174 1928 4229 etiam
1965 4170 2154 4225 omisit
2204 4171 2507 4235 Fabricius,
2543 4168 2648 4222 nisi
2698 4168 2790 4236 sit,
2825 4169 3084 4239 opinante
3112 4171 3358 4234 llardtio,
3403 4192 3500 4227 εκ-

247 4272 490 4331 cerptum
517 4264 756 4331 capitum
784 4263 1053 4334 syllogisl.
1084 4262 1185 4333 (τι).
1230 4292 1301 4304 ——
1334 4262 1603 4330 Posthaec,
1637 4262 1800 4317 Marci
1821 4262 2023 4332 Ephes.
2055 4267 2287 4329 metrop.
2321 4259 2383 4312 ad
2407 4274 2599 4314 omnes
2636 4262 2833 4330 ubique
2868 4271 3141 4318 terrarum
3201 4272 3256 4317 et
3293 4263 3499 4317 insula-

251 4367 375 4405 rum
429 4352 767 4407 orthodoxos
824 4351 1169 4406 Christianos
1206 4370 1218 4405 :
1259 4351 1418 4420 cujus
1472 4353 1693 4421 quidem
1732 4350 1813 4419 Ep‘

1938 4363 1983 4401 .e
2041 4348 2257 4401 initium
2312 4356 2396 4401 est
2429 4363 2444 4400 :
2480 4347 2610 4411 Τοῖς
2670 4349 2985 4419 ἅπανταχοῦ
3026 4350 3128 4420 τῆς
3163 4351 3263 4419 γῆς
3290 4366 3306 4382 ο
3352 4351 3496 4403 illam

252 4438 550 4508 Epistolam
588 4440 788 4509 excipit
811 4441 1070 4511 Apologia
1100 4440 1348 4507 Gregorii
1381 4439 1789 4495 hieromonachi
1818 4447 1871 4491 et
1900 4438 2314 4510 protosyncelli,
2348 4450 2545 4516 postea.
2575 4440 2924 4507 patriarchte,
2958 4439 3146 4495 Romae
3176 4440 3395 4510 sepulti,
3440 4442 3493 4493 in

251 4527 504 4597 Ephesim‘
532 4527 813 4595 epistolam
839 4543 868 4581 e
913 4528 1079 4583 variis
1111 4529 1314 4581 sanctis
1349 4543 1362 4579 :
1396 4527 1518 4583 init.
1554 4527 1626 4579 Τὸ
1662 4528 1759 4596 μὲν
1798 4546 1813 4577 τ

1938 4526 2085 4595 ίμιον
2115 4526 2210 4579 τοῦ
2238 4526 2546 4597 αἰδεσίμου.
2578 4556 2649 4567 -
2671 4526 2809 4581 Ibid.
2841 4527 2892 4580 in
2946 4527 3070 4581 cod.
3100 4527 3193 4588 54,
3220 4528 3340 4582 cad’.
3374 4527 3500 4597 Epi-

249 4616 390 4672 SIola
423 4631 545 4668 cum
581 4614 844 4682 Apologia
870 4623 977 4669 etc.
1024 4615 1183 4670 Conl.
1212 4615 1281 4669 cl.
1317 4613 1506 4669 llardt.
1544 4616 1596 4669 in
1647 4613 1849 4668 Aretini
1880 4612 2209 4683 Beytraegcn,
2245 4623 2352 4669 etc.
2404 4629 2495 4667 an.
2544 4612 2703 4676 1804,
2742 4622 2884 4682 pert.
2914 4613 3003 4679 10,
3039 4628 3162 4684 pag.
3193 4615 3259 4668 19
3284 4630 3406 4683 sqq.
3449 4626 3503 4669 ct

252 4711 391 4772 part.
428 4720 465 4765 ι,
500 4720 551 4769 ιι.
591 4702 660 4756 25
688 4717 805 4772 seq.
842 4731 910 4743 --
934 4701 1133 4757 Eadem
1189 4702 1416 4771 epistola
1464 4716 1589 4756 cum
1624 4701 1814 4771 Gregm

1948 4702 2160 4771 pologia
2222 4702 2275 4756 io
2313 4702 2436 4757 cod.
2471 4701 2788 4772 Mosquensi
2838 4703 3035 4773 synod.
3087 4702 3216 4767 552,
3255 4719 3309 4756 ιι.
3346 4704 3400 4757 5.
3437 4702 3502 4761 ν.

252 4790 495 4845 Mauhazi
528 4786 640 4844 not.
670 4790 762 4843 cit.
796 4804 847 4857 p.
880 4789 987 4845 228
1026 4804 1169 4858 seq.,
1206 4800 1368 4859 atque
1395 4804 1449 4858 p.
1481 4790 1607 4853 252,
1643 4804 1697 4845 ιι.
1735 4790 1824 4854 22,
1861 4790 1984 4843 cod.
2028 4789 2154 4853 594,
2190 4789 2418 4858 epistola
2474 4789 2777 4857 encyclica.
2814 4819 2876 4829 ——
2923 4788 3214 4845 Florentiae
3274 4791 3327 4843 in
3368 4791 3499 4845 bibl.

253 4877 570 4931 monasterii
608 4877 1081 4931 Benedictinorum
1113 4875 1174 4931 Β.
1209 4877 1410 4941 Mariae,
1436 4876 1683 4946 Josephi,
1715 4865 1958 4946 episcopi
2014 4877 2315 4943 Methones,
2350 4876 2595 4947 apologia
2647 4877 2713 4932 ad
2748 4877 2991 4932 libellum
3020 4877 3186 4932 Marci
3215 4876 3499 4947 Ephesini.

256 4964 318 5019 V.
352 4965 644 5020 Montl’auc.
674 4965 814 5018 Bibl.
850 4964 1097 5019 biblioth.
1128 4980 1264 5019 mss.
1299 4980 1353 5034 p.
1392 4964 1495 5019 415
1525 4963 1584 5027 C,
1626 4976 1679 5019 et
1714 4963 1779 5017 ad
1814 4980 1818 5016 ι

606 4980 644 5019 c.
674 4965 814 5018 Bibl.
850 4964 1097 5019 biblioth.
1128 4980 1264 5019 mss.
1299 4980 1353 5034 p.
1392 4964 1495 5019 415
1525 4963 1584 5027 C,
1626 4976 1679 5019 et
1714 4963 1779 5017 ad
1814 4980 1870 5017 ιι.
1901 4964 1953 5018 7.
1994 4962 2168 5018 Ηλιιι..

321 5051 375 5106 6.
420 5050 663 5120 Epistola
695 5050 960 5117 encyclica
984 5052 1052 5104 ad
1077 5068 1254 5106 omnes
1280 5052 1465 5120 ubique
1494 5062 1757 5105 terrarum
1786 5058 2047 5119 degentes,
2082 5052 2150 5105 de
2190 5051 2381 5106 eodem
2412 5065 2754 5122 argumento,
2791 5069 2912 5124 quae
2953 5070 3075 5109 cum
3137 5052 3496 5122 responsione

255 5140 499 5209 Gregorii
531 5138 925 5210 Protosyncelli
959 5148 1135 5195 exstat
1171 5150 1302 5194 tom.
1337 5139 1454 5195 Xlll
1483 5134 1688 5197 Concil.
1716 5139 1938 5202 Labbei,
1965 5154 2087 5209 pag.
2126 5140 2248 5199 740.
2291 5148 2346 5194 et
2374 5148 2507 5194 tom.
2551 5140 2619 5193 IX
2684 5140 2972 5203 Harduin.,
3008 5156 3061 5208 p.
3096 5139 3222 5194 601.
3255 5139 3448 5206 Incipit
3483 5156 3497 5191 :

255 5227 319 5282 Ol
354 5229 455 5298 τὴν
495 5229 671 5299 κακὴν
702 5230 849 5298 ἡμᾶς
875 5226 1261 5297 αἰχμαλωσίαν
1292 5228 1815 5298 αἰχμαλωτεύσαντε

1934 5229 2091 5283 lraece
2131 5238 2186 5283 et
2225 5227 2417 5283 Latine
2458 5246 2584 5284 cum
2630 5231 2880 5285 versione
2912 5230 3261 5298 CaryOphyli,
3289 5244 3341 5295 p.
3373 5229 3496 5280 610.

257 5315 417 5369 [τιοιι.
479 5315 609 5370 Mss.
639 5315 878 5386 Mosquze
906 5316 959 5370 in
984 5316 1144 5371 cedd.
1176 5316 1370 5385 synod.
1401 5316 1466 5369 15
1496 5323 1549 5369 et
1583 5314 1707 5380 554,
1749 5331 1804 5368 n.

1939 5312 1989 5370 V.
2022 5316 2259 5371 Matthaei
2331 5314 2502 5370 Notil.
2537 5318 2635 5371 cit.
2670 5332 2720 5385 p.
2758 5317 2828 5371 50
2862 5327 2914 5370 et
2946 5318 3072 5370 252.
3111 5345 3177 5354 -
3211 5316 3501 5369 Mediolani

256 5420 308 5456 ιιι
334 5403 467 5458 bibl.
504 5402 759 5458 Ambros.
792 5412 875 5459 est
897 5403 1033 5460 liber
1058 5403 1314 5474 anonymi
1350 5403 1627 5457 Adversus
1657 5411 2061 5473 argumentum,
2092 5419 2202 5473 quo
2242 5404 2295 5458 in
2332 5406 2527 5474 primis
2561 5406 2635 5457 uti
2671 5405 2881 5459 solebat
2909 5403 3172 5459 adversus
3196 5404 3499 5456 catholicos

258 5488 494 5557 Marcus,
526 5491 883 5563 Ephesiorum
917 5492 1167 5548 antistes.
1192 5490 1259 5547 V.
1294 5491 1591 5548 Montiauc.
1624 5491 1761 5547 Bibl.
1790 5491 2037 5548 biblioth.
2075 5507 2211 5548 mss.
2240 5507 2296 5564 p.
2339 5493 2465 5549 519.
2499 5492 2561 5546 C.
2597 5520 2664 5531 —
2704 5494 2839 5548 Add.
2871 5508 3037 5561 supra
3091 5493 3157 5545 ad
3195 5507 3249 5545 ιι.
3282 5492 3315 5543 2
3354 5501 3405 5545 et
3448 5491 3501 5553 Si,

257 5781 271 5797 ο
329 5716 409 5782 (α)
440 5716 1358 5797 Idemtameuopusc.cnureodem
1400 5720 1663 5791 principio
1711 5731 1819 5777 cxst

1963 5720 2205 5777 etiamin
2268 5717 2387 5773 cod.
2431 5716 2559 5771 bibl.
2660 5717 2803 5787 publ.
2862 5716 3031 5771 Paris.
3092 5716 3224 5772 1218
3274 5734 3326 5770 ιι.
3416 5715 3504 5782 12,

257 5790 361 5855 iam
384 5803 545 5860 supra
575 5790 1074 5860 animadvertimus,
1098 5791 1161 5846 ad
1196 5808 1248 5846 ιι.
1281 5790 1333 5847 2.
