3956 6200
433 362 567 420 1615
1368 362 1678 424 ΝΛΜ]υὸ
1702 362 2087 424 EPHESIUS
2109 361 2679 425 METROPOLITA.
3380 364 3381 367 “
3546 354 3688 418 1616

429 480 480 523 ct
506 469 818 522 θυινθυε-ιιι»
859 466 1001 523 Ilist.
1035 468 1240 524 Ercles.
1269 471 1561 526 Christian.
1594 483 1735 542 part.
1763 488 1949 537 xxxiv,
1988 488 2044 542 p.
2090 471 2355 530 591-417.
2383 505 2453 516 —
2484 473 2707 542 Joscphi
2753 470 3127 526 Methonensis
3159 480 3214 523 et
3267 469 3514 536 Gregorii
3556 469 3694 520 Ilia.

432 571 573 610 rom.
603 555 1007 625 Responsiones
1035 559 1099 612 ad
1136 574 1220 628 ep.
1274 560 1437 614 Marci
1474 560 1720 630 Ephesii,
1755 560 1876 615 Lat.
1900 560 1959 613 in
1993 569 2196 615 sanctae
2251 563 2525 633 generalis
2585 558 2916 615 Florentium
2978 558 3173 629 synodi
3227 565 3361 611 tom.
3393 554 3460 621 II,
3490 572 3545 625 p.
3578 556 3683 610 271

435 658 592 712 seqq.
632 641 693 699 V.
735 643 1122 714 Baumgarten,
1155 649 1251 701 cit.
1305 645 1684 714 Nacltricltten,
1724 658 1857 703 tom.
1898 646 1983 715 VI,
2023 663 2078 717 p.
2116 648 2242 704 452.
2289 652 2463 705 Ηιιιι..

500 735 555 788 7.
588 735 776 802 Capita
800 736 1122 806 sgllogistica
1140 747 1323 793 contra
1343 740 1558 793 Latinos
1572 739 1635 791 de
1658 739 1988 807 processione
2006 735 2062 805 Si

2132 737 2234 790 ilus
2256 736 2342 802 8.,
2365 738 2639 803 κειράλαια
2657 734 3065 803 συλλογιστικὰ,
3084 748 3204 803 qum.
3227 747 3405 801 usque
3430 733 3497 785 ad
3520 742 3693 800 caput

343 840 350 848 ι
431 822 498 879 17
530 821 826 893 Gregorius
891 824 1349 898 Protosyncellus,
1383 837 1577 881 caatera
1609 827 1858 882 Bessario

2125 826 2246 879 ινὶι.
2305 825 2500 896 Incipit
2530 842 2545 879 :
2589 822 2882 894 Ἕρώμεοα
2916 822 3049 883 τοὺς
3082 821 3372 881 Λατίνους.
3404 819 3687 891 [Floreat

432 914 487 966 in
520 914 640 967 cod.
676 913 936 978 Laurent,
962 914 1103 981 XIV,
1134 933 1187 970 ιι.
1218 916 1305 981 14,
1342 916 1477 986 plut.
1518 914 1605 969 10.
1634 913 1698 970 V.
1734 915 1963 971 Bandin.
1998 915 2121 971 Cat.
2157 913 2317 969 codd.
2354 913 2453 968 Gr.
2480 912 2646 967 Laur.
2675 911 2716 975 I,
2755 924 2808 981 p',
2843 908 2997 981 181.]
3032 909 3103 965 De
3129 909 3319 964 eodem
3359 919 3693 978 argmuento

433 1001 538 1056 alia
577 1002 742 1056 Marci
786 1002 1041 1074 Ephesini
1075 1004 1251 1073 capita
1292 1004 1621 1075 syllogistica
1652 1014 1916 1058 memorat
1981 1003 1995 1057 l

2131 1003 2292 1057 δείξω
2335 998 2465 1066 VH,
2509 1017 2564 1071 ρ.
2596 1002 2629 1055 5
2657 999 2757 1071 (II).
2792 1000 2866 1051 Τὸ
2901 997 3124 1067 Πνεῦμα
3180 998 3242 1050 τὸ
3278 998 3434 1063 ἅγιον
3477 999 3543 1049 ἐκ
3581 999 3693 1050 [1a-

429 1089 583 1155 τρός.
626 1090 784 1144 Aliud
839 1092 968 1144 item
998 1092 1263 1160 scriptum
1302 1091 1362 1146 V.
1395 1107 1447 1160 p.
1493 1089 1620 1147 227.
1677 1091 1850 1161 lncip.
1886 1093 1989 1144 Και

2128 1092 2173 1154 i;
2230 1093 2381 1144 ἐστιν
2413 1091 2489 1152 ὡς
2542 1088 2779 1160 ἀληθῶς.
2839 1086 2994 1141 Adde
3062 1085 3319 1142 eumdem
3358 1082 3423 1149 V,
3461 1100 3513 1155 ρ.
3556 1084 3686 1138 256.

431 1166 592 1231 Fami.
629 1176 685 1230 S.
718 1193 770 1247 p.
795 1177 922 1233 467.
957 1178 1169 1233 Kollar.
1219 1178 1344 1233 cod.
1398 1179 1527 1235 280.
1556 1208 1631 1231 σ-
1666 1179 1745 1233 11).
1787 1195 1839 1249 p.
1874 1178 1993 1242 510,

2133 1178 2188 1243 6,
2241 1177 2531 1233 οοι1.294.
2591 1176 2753 1229 Marci
2808 1173 3197 1245 Fragmentum
3261 1172 3689 1228 schismaticum

431 1272 623 1319 contra
660 1266 880 1343 Latinos
915 1265 983 1320 de
1010 1267 1357 1335 processione
1382 1266 1530 1336 Spir.
1564 1268 1774 1332 sancti;
1810 1268 1930 1321 init.
1965 1268 1993 1322 Ε

2143 1268 2238 1321 καὶ
2260 1267 2351 1319 τδν
2393 1266 2569 1337 μέγαν
2604 1264 2879 1334 Κύριλλον
2912 1265 3240 1332 συνηγορεῖν
3272 1263 3459 1324 αὐτοῖς
3484 1262 3688 1329 λέγου-

435 1366 520 1405 σιν
555 1353 769 1407 Ἰταλοί.
808 1382 878 1394 -
904 1353 1165 1424 Mosquae,
1205 1356 1256 1409 in
1288 1356 1414 1410 cod.
1452 1356 1645 1426 synod.
1684 1355 1808 1418 594,
1842 1372 1896 1409 ιι.
1931 1356 1982 1419 1,
2008 1356 2200 1410 eadem
2258 1369 2417 1424 capp.
2448 1369 2572 1408 cum
2612 1353 2974 1421 responsione
3012 1350 3257 1420 Gregorii
3291 1349 3586 1403 Scholarii.
3622 1380 3695 1387 —

433 1437 498 1492 N.
522 1439 576 1501 3,
621 1437 786 1495 Marci
828 1439 1087 1511 Eugenici
1119 1440 1185 1493 In
1212 1458 1487 1496 numerum
1520 1442 1840 1495 talentorum
1871 1444 1923 1496 in
1958 1442 1995 1495 Ε

2128 1443 2215 1513 gel.
2247 1441 2503 1512 parabola
2540 1440 2796 1510 Θεωρίας
2840 1441 2950 1516 inc.
3029 1438 3091 1491 '0
3126 1438 3197 1491 τὰ
3225 1438 3385 1489 πέντε
3413 1437 3690 1490 τάλαντα.

435 1524 613 1596 (Cani.
643 1528 707 1580 ad
748 1544 804 1583 η.
832 1528 911 1596 2.)
943 1558 1013 1572 --
1042 1527 1107 1585 Ν.
1140 1528 1192 1594 ι,
1234 1529 1415 1599 cjusd.
1449 1530 1654 1599 ἀπορία
1683 1532 1825 1598 μετὰ
1855 1530 1997 1584 λύσει

2136 1532 2256 1586 iuit.
2292 1532 2355 1585 Ei
2387 1532 2481 1585 καὶ
2509 1532 2542 1599 ἡ
2579 1530 2923 1599 σμικροτάτη
2983 1528 3189 1589 πίστις.
3245 1556 3313 1567 -
3362 1525 3424 1580 Ν.
3456 1527 3512 1589 9,
3545 1524 3696 1579 Grc-

433 1614 593 1679 gorii,
636 1616 958 1683 patriarcha:
986 1616 1149 1671 Cl’ol.
1185 1618 1434 1687 apologia
1470 1626 1659 1672 contra
1729 1617 1985 1685 Ephesini
2047 1619 2435 1689 bomologiam.
2467 1649 2537 1659 -
2571 1614 2637 1672 N.
2676 1618 2763 1680 15,
2818 1617 2981 1670 Marci
3040 1615 3297 1686 Eugenici
3355 1612 3600 1667 Mamilia
3644 1616 3697 1665 in

430 1702 799 1758 rlorntitionem
836 1706 892 1760 S.
927 1705 1156 1760 Macarii
1180 1706 1273 1760 τοῦ
1305 1707 1567 1775 Κορωνᾶο
1599 1708 1707 1760 inc.
1756 1708 1893 1775 Ὀδῷ
1932 1724 1992 1759 τι⁴

2136 1724 2264 1758 ιικεν
2309 1706 2476 1772 (σοιιῆ
2512 1706 2575 1759 ad
2606 1723 2661 1758 ιι.
2711 1705 2793 1771 ὕ).
2830 1732 2901 1745 --
2929 1702 2995 1757 Ν.
3048 1701 3133 1765 16,
3187 1701 3369 1771 ejusd.
3408 1700 3547 1768 Περὶ
3584 1698 3698 1748 τῶν

437 1791 836 1861 ἐμφερομένων
866 1796 932 1864 τῇ
965 1794 1082 1863 Otia
1118 1795 1255 1865 εὐχῇ
1289 1795 1578 1864 ῥημάτων,
1621 1796 1790 1863 ἤγουν
1820 1794 1938 1856 τοῦ,
1972 1794 2145 1866 Κύριε
2181 1795 2363 1864 Ἰησοῦ
2393 1794 2624 1863 Χριστὲ,
2648 1794 2747 1847 Υἱὲ
2773 1792 2867 1845 τοῦ
2911 1792 3069 1855 Θεοῦ,
3101 1792 3362 1859 ἐλέησονς
3403 1791 3515 1843 inc.
3547 1789 3698 1856 Ὀση

437 1886 536 1955 μὲν
576 1889 606 1953 ἡ
645 1887 745 1954 τῆς
771 1888 965 1956 εὐχῆς.
1017 1918 1087 1929 —
1123 1887 1189 1943 N.
1219 1890 1311 1953 20,
1372 1891 1545 1959 ejustl.
1583 1891 1945 1944 ἐπιτελεύτιοι
1994 1890 2204 1960 ὁμιλίαι
2268 1888 2555 1961 παρούσης
2606 1889 2706 1958 τῆς
2740 1888 2852 1944 τῶν
2884 1887 3185 1958 ὀροοδὸξων
3231 1886 3532 1950 συνάξεως.
3579 1896 3691 1940 etc.

436 1975 556 2028 iuit.
596 1974 869 2043 Βούλομαι
905 1975 1244 2047 πλατύτερον
1273 1977 1371 2046 τὴν
1418 1979 1586 2046 ἐμήν,
1625 1978 1807 2048 (Conf.
1844 1980 1906 2031 ad
1944 1996 1998 2033 ιι.

2130 2008 2131 2019 ι
2179 1988 2230 2034 et
2264 1994 2319 2031 ιι.
2372 1979 2437 2032 21
2470 1997 2485 2030 :
2549 1976 2820 2031 Scholarii
2875 1974 3189 2044 ἐπικήδειος
3227 1974 3463 2043 μονῳδία
3500 1976 3593 2025 ἐπὶ
3629 1976 3692 2041 τῇ

435 2062 688 2131 κοιμήσει
711 2062 770 2116 8.
810 2060 1006 2128 Marci,
1038 2066 1277 2136 arcbiep.
1317 2067 1535 2137 Ephesi.
1562 2066 1881 2136 ἀνεγνώσθη
1914 2068 1997 2121 ἐπὶ

2133 2068 2191 2119 ὲν
2211 2066 2291 2137 τῷ
2321 2066 2562 2135 λειψάνῳ
2589 2067 2725 2132 ναῷ,
2754 2065 2860 2118 inc.
2904 2062 3015 2116 Φεῢ
3061 2063 3180 2125 νῦν,
3215 2056 3259 2116 ὦ
3286 2064 3585 2131 παρόντες.
3626 2059 3690 2113 ν.

435 2148 623 2204 Matth.
660 2151 815 2204 uutit.
854 2153 948 2206 cit.
984 2168 1033 2222 p.
1062 2155 1187 2216 250,
1220 2170 1342 2223 sqq.
1374 2186 1440 2197 --
1474 2155 1601 2208 Par.
1637 2155 1690 2208 in
1718 2155 1848 2209 bibl.
1886 2156 2033 2225 publ.
2068 2155 2229 2210 codd.
2272 2155 2431 2220 1218,
2463 2155 2622 2210 1261.
2653 2154 2833 2209 Oxon.
2878 2155 2931 2207 in
2967 2153 3102 2207 bibl.
3139 2152 3343 2208 Butllci.
3373 2154 3501 2205 cod.
3530 2153 3623 2217 78,
3658 2154 3692 2205 8

434 2254 553 2307 sqq.
586 2238 730 2294 Guil.
757 2238 953 2301 Lrtudi,
993 2257 1038 2295 s.
1078 2258 1135 2296 ιι.
1170 2242 1291 2302 720.
1326 2244 1445 2298 Cat.
1481 2259 1612 2298 mss.
1641 2242 1847 2313 Augliae
1875 2253 2001 2304 etc,
2023 2244 2130 2296 vol.
2161 2242 2202 2308 1,
2236 2242 2400 2297 Marci
2431 2243 2635 2313 Eugen.
2669 2242 2883 2296 llelatiu
2912 2242 2979 2294 de
3004 2242 3211 2310 synodo
3238 2238 3554 2293 Florentius
3580 2257 3596 2303 ;
3624 2267 3693 2279 —

436 2327 607 2397 Episl.
640 2330 705 2382 ad
739 2328 1029 2399 Georgiu‘u
1072 2332 1361 2399 quemdam
1398 2332 1774 2403 presbyterum
1809 2334 1863 2385 in
1896 2330 2205 2386 Mathonem
2261 2332 2461 2396 missa;
2495 2361 2563 2372 —
2592 2330 2835 2400 Epismla
2868 2329 2933 2383 ad
2983 2329 3369 2393 Sclmlarium;
3402 2327 3691 2381 Confessio

434 2417 860 2484 extemporaria,
891 2404 991 2472 sub
1025 2428 1253 2473 mortem
1293 2420 1467 2483 facta;
1496 2421 1561 2474 ad
1612 2420 1956 2474 Scholarium
1993 2420 2332 2482 archontem,
2384 2418 2653 2487 Imjusqne
2716 2416 3064 2485 Responsio;
3114 2414 3433 2486 Syllugisvui
3498 2428 3689 2468 contra

436 2498 661 2557 Latinus
694 2506 758 2558 dc
786 2508 1136 2574 processionc
1159 2508 1399 2577 Spiritus
1434 2510 1606 2563 sancti
1637 2522 1758 2562 Cum
1802 2509 2182 2573 Responsione
2207 2506 2471 2561 Gennadii
2509 2506 2798 2560 Scholarii.
2827 2536 2896 2545 —
2926 2504 3165 2559 chetiis
3199 2505 3250 2557 in
3284 2505 3405 2559 cod.
3439 2503 3689 2557 Naniauo

443 2592 568 2654 127,
596 2609 650 2645 ιι.
678 2590 733 2653 4,
760 2595 1095 2663 syllogistica
1127 2611 1247 2665 cap.
1280 2598 1385 2651 inc.
1418 2596 1493 2649 Τὸ
1521 2596 1745 2665 Πνεῦμα
1774 2597 1834 2649 τὸ
1867 2595 2005 2664 ἆγιοι

2120 2625 2138 2634 -
2165 2592 2231 2646 Ν.
2270 2594 2321 2657 5,
2348 2592 2585 2647 Theoria
2632 2592 2684 2646 in
2735 2593 3009 2662 parabolae
3041 2592 3363 2659 evangelica,-
3394 2606 3682 2643 numerum

439 2682 789 2733 talentorum.
822 2712 861 2721 -
916 2681 977 2734 N.
1009 2683 1063 2744 6.
1103 2684 1175 2735 De
1233 2686 1415 2738 anima
1452 2687 1737 2739 brutorum
1786 2686 2014 2752 qua'stio
2056 2694 2112 2738 ct
2153 2682 2459 2751 responsio.
2512 2680 2673 2734 Coul‘.
2725 2691 2833 2734 cat.
2894 2680 3052 2733 codd.
3089 2678 3185 2734 Gr.
3213 2679 3347 2735 Nan.
3378 2696 3430 2745 p.
3458 2680 3585 2733 280.
3623 2708 3690 2717 —

440 2764 653 2820 Monac.
690 2769 741 2820 in
777 2768 899 2821 cod.
942 2767 1135 2824 Bavar.
1164 2771 1254 2834 27,
1291 2771 1453 2825 Marci
1498 2772 1627 2839 Eug.
1666 2772 1834 2840 Capp.
1874 2771 2203 2843 syllogistica
2226 2786 2349 2824 cum
2380 2769 2596 2837 Georgii
2625 2767 2894 2820 Scholarii
2936 2767 3405 2820 confutatiouibus
3445 2771 3686 2835 priurum

442 2867 601 2922 capp.
627 2851 785 2918 XVII,
814 2864 870 2909 et
900 2854 1238 2910 Bcssarionis
1275 2858 1543 2912 couintat.
1573 2874 1602 2911 a
1656 2874 1777 2926 cap.
1812 2859 1895 2912 18.
1926 2857 1993 2913 ν.
2036 2858 2204 2912 Ilardt
2250 2859 2302 2912 in
2348 2858 2558 2912 Aretini
2592 2857 2917 2927 Beytreegcn,
2950 2866 3055 2910 etc.
3085 2870 3212 2908 ann.
3247 2857 3405 2915 1803.
3436 2866 3576 2923 part.
3614 2872 3687 2919 tv,

438 2957 492 3011 p.
533 2942 602 2994 12
636 2958 754 3010 seq.
795 2953 846 2997 et
881 2960 1046 3011 supra
1085 2945 1134 2996 in
1174 2944 1275 2999 hoc
1308 2945 1414 2999 vol.
1455 2962 1505 3015 p.
1539 2947 1665 3010 572,
1714 2957 1850 3002 sect.
1881 2948 1936 3011 Ξ,
1978 2956 2029 3001 et
2062 2962 2115 3014 p.
2145 2946 2269 3001 594.
2308 2954 2443 3000 sect.
2480 2946 2531 2998 4.
2558 2974 2627 2983 -
2657 2944 2970 2998 Secundum
3023 2953 3130 2998 cat.
3184 2946 3343 2997 codd.
3372 2943 3546 2996 Gneo.
3584 2942 3691 2995 Ba-

437 3044 557 3082 var.
588 3046 640 3099 p.
675 3031 744 3084 50
772 3048 851 3100 sq.
882 3032 932 3085 in
972 3033 1094 3087 cod.
1122 3032 1242 3097 1I8,
1274 3035 1363 3091 (ab
1406 3035 1626 3090 Ilardtio
1685 3046 2005 3089 muneratur
2035 3024 2162 3098 256‘,
2202 3033 2297 3089 sed
2329 3034 2474 3087 illam
2508 3031 2630 3085 libri
2658 3048 2670 3084 :
2699 3030 2903 3085 Aretini
2940 3030 3227 3102 Beytra'ge,
3282 3040 3412 3095 elc.,
3456 3041 3686 3100 partem,

440 3120 495 3172 in
536 3136 641 3188 qua
683 3120 771 3173 ille
803 3120 925 3173 rod.
964 3133 1304 3183 t'cceusctur,
1335 3122 1574 3176 nondum
1618 3124 1790 3177 habeo
1832 3125 1883 3179 in
1918 3121 2197 3188 manibus)
2224 3132 2353 3176 sunt
2405 3120 2571 3174 Marci
2602 3117 2824 3187 Ephesii
2867 3119 2930 3171 ad
2961 3118 3249 3187 Georgium
3287 3120 3685 3189 presbyterum,

440 3208 660 3274 quando
694 3206 867 3262 Latini
896 3209 1196 3263 delectarint
1239 3224 1267 3261 a
1298 3220 1445 3265 recta
1478 3211 1617 3277 fide;
1646 3212 1821 3283 ejusd.
1866 3212 2202 3283 syllogistica
2232 3226 2393 3281 capp.
2419 3218 2612 3265 contra
2644 3207 2870 3262 Latinos
2917 3217 2972 3263 et
3023 3209 3169 3263 varia
3200 3208 3464 3277 Opuscula
3500 3217 3687 3263 contra

441 3292 687 3361 Latinos,
717 3295 844 3350 add.
910 3296 975 3351 ad
1002 3312 1055 3349 ιι.
1088 3296 1143 3351 2.
1176 3294 1346 3352 "ARL.

512 3384 568 3438 8.
609 3384 870 3453 Apologia
904 3385 966 3438 de
993 3386 1122 3454 fuga
1156 3402 1278 3438 sua.
1318 3386 1533 3441 Citatur
1563 3401 1589 3439 a
1624 3383 1744 3440 Nic.
1774 3385 2054 3441 Cmuneno

1584 3406 1589 3437 ι
1624 3383 1744 3440 Nic.
1774 3385 2054 3441 Coumeno
2087 3402 2211 3456 pag.
2250 3385 2376 3455 525,
2412 3386 2812 3456 praenotionum
2848 3394 3146 3456 mystagog.

510 3472 566 3527 9.
601 3470 804 3526 Contra
838 3473 1161 3541 encyclicam
1195 3474 1552 3539 Bessarionis,
1587 3476 1663 3528 id.
1698 3490 1751 3544 p.
1785 3475 1907 3529 172.

512 3559 602 3614 10.
637 3558 881 3628 Epistola
922 3560 993 3612 ad
1042 3560 1320 3631 Georgium
1354 3559 1714 3626 Srltolarinm,
1740 3578 1845 3631 qua
1900 3577 2024 3616 eum
2057 3562 2425 3633 reprehendit,
2466 3564 2612 3633 quod
2646 3563 2712 3617 ad
2754 3561 2981 3618 Latinos
3034 3561 3338 3618 deﬂexerit.
3362 3561 3429 3615 ν.
3457 3562 3523 3615 ad
3543 3580 3596 3615 ιι.
3629 3563 3684 3624 2,

441 3646 477 3704 Β
510 3657 565 3703 et
599 3649 653 3715 7,
683 3664 848 3718 supra
883 3648 935 3702 in
973 3648 1073 3703 hoc
1100 3650 1205 3703 vol.
1243 3664 1297 3715 p.
1352 3646 1480 3710 572,
1520 3658 1653 3702 sect.
1690 3650 1744 3703 5.
1772 3678 1842 3689 -—-
1870 3648 2051 3705 Paris.
2081 3653 2133 3705 in
2178 3653 2314 3708 bibl.
2382 3654 2535 3722 publ.
2574 3656 2704 3707 eod.
2772 3652 2909 3707 1218
2954 3653 3030 3720 (in
3074 3668 3180 3723 quo
3233 3653 3356 3707 cod.
3389 3655 3532 3723 plura
3560 3668 3686 3708 esse

442 3734 606 3789 Marci
644 3734 845 3805 Eugen.
881 3735 1162 3803 opuscula,
1193 3736 1303 3803 jam
1340 3747 1497 3789 antea
1531 3737 1990 3806 observavimus),
2027 3755 2082 3792 ιι.
2120 3741 2209 3796 10.
2236 3771 2309 3781 -—-
2332 3739 2621 3796 Florentiae
2669 3742 2720 3795 in
2773 3740 2895 3795 cod.
2951 3740 3208 3795 Laurent.
3262 3740 3403 3802 XIII,
3434 3759 3486 3795 ιι.
3514 3743 3600 3807 43,
3631 3752 3686 3797 et

442 3839 499 3876 n.
538 3825 745 3886 4'2,cst
806 3824 983 3893 ejusl.
1038 3823 1189 3892 εὐχὴ,
1253 3822 1441 3877 Oratio
1501 3825 1611 3878 inc.
1640 3824 2004 3893 Ἐθαυμαστώ

2130 3831 2162 3899 ἡ
2219 3828 2422 3896 γνῶσίς
2454 3846 2550 3881 σου
2580 3828 2637 3895 ἐξ
2674 3827 2831 3897 ἐμοῦ.
2872 3826 2939 3881 ν.
2975 3827 3208 3883 Bandin.
3242 3828 3364 3883 Cat.
3396 3829 3567 3884 Codd.
3606 3845 3682 3898 gr.

443 3910 609 3966 Laur.
652 3909 735 3971 Ill,
766 3928 816 3981 p.
853 3910 976 3966 110.
1005 3941 1072 3949 —
1101 3912 1325 3965 'I‘auriu.
1359 3912 1411 3964 in
1446 3914 1568 3968 cod.
1597 3912 1729 3983 Reg.
1764 3914 1886 3981 161,
1917 3917 2086 3986 Epist.
2120 3918 2183 3971 ad
2212 3916 2410 3987 Georg.
2455 3916 2705 3972 Schdlar.
2742 3916 2809 3971 ν.
2845 3917 2964 3971 Cat.
2996 3917 3153 3972 codd.
3195 3933 3275 3986 gr.
3306 3916 3473 3970 Taur.
3501 3934 3555 3986 p.
3586 3919 3687 3973 215

443 4014 561 4069 seq.
588 3999 699 4053 Inc.
741 4001 923 4068 Ὀσης
960 4001 1105 4070 ἡμᾶς
1139 3999 1443 4069 ἐνέπλησας
1470 4001 1684 4069 ἡδονῆς.
1723 4000 1918 4055 Eadem
1950 4016 2005 4056 es

2142 4006 2260 4057 cod.
2290 4001 2600 4073 Mosquensi
2633 4013 2839 4074 typOgr.
2874 4003 3074 4075 synod.
3129 4004 3219 4071 24,
3262 4022 3317 4062 ιι.
3358 4005 3444 4070 11,
3475 4010 3543 4060 ad
3566 4008 3687 4077 phi-

442 4090 658 4159 losnpb.
687 4090 975 4159 quemdam
1014 4090 1390 4152 Scholarium;
1446 4106 1501 4144 v.
1526 4090 1785 4152 Matthzei,
1814 4090 1853 4144 I.
1891 4106 1942 4145 c.
1980 4107 2004 4160 p

843 4090 975 4143 [dam
1014 4090 1390 4152 Scholarium;
1446 4106 1501 4144 v.
1526 4090 1785 4152 Matthzei,
1814 4090 1853 4144 I.
1891 4106 1942 4145 c.
1980 4107 2032 4160 p.
2067 4092 2192 4147 51.1.
2236 4091 2405 4145 "ARL.

518 4177 603 4232 11.
644 4176 885 4245 Epistola
908 4183 975 4231 ad
998 4176 1281 4247 Georgium
1315 4178 1675 4249 presbyterum
1705 4178 2095 4249 (Scholarium)
2122 4188 2307 4232 contra
2338 4181 2469 4232 ritus
2502 4188 2553 4232 et
2582 4179 2851 4247 sacriﬁcia
2876 4177 3128 4235 Romana;-
3148 4178 3418 4246 Ecclesite,
3459 4182 3641 4252 incipit
3674 4202 3689 4240 :

444 4268 556 4337 Τὴν
587 4269 806 4338 γραφήν
837 4284 931 4320 σου
962 4268 1275 4335 δεξάμενος.
1317 4265 1468 4319 Hanc
1500 4267 1829 4337 oppugnavit
1858 4266 2006 4321 Andr

2130 4266 2474 4321 Colossensis
2514 4265 2567 4319 in
2600 4267 2817 4336 dialogo
2849 4266 2915 4320 ad
2951 4270 3094 4320 cives
3124 4269 3521 4333 Methoncnses,
3554 4281 3691 4327 teste

442 4356 664 4415 Allatio.
692 4371 744 4423 p.
794 4355 911 4409 I62.
943 4365 1134 4408 contra
1162 4353 1565 4424 Creyghtonum
1621 4361 1675 4407 et
1712 4353 1781 4407 de
1821 4368 2116 4416 consensu.
2152 4370 2205 4424 p.
2237 4354 2365 4410 935.
2408 4352 2574 4408 Fann.
2611 4351 2734 4407 Vid.
2773 4355 2839 4409 ad
2894 4370 2952 4408 ιι.
3000 4354 3050 4420 7,
3093 4367 3147 4409 et
3188 4356 3410 4412 Gerium
3433 4360 3497 4413 ad
3526 4359 3691 4414 Cavci

443 4444 584 4499 Hist.
618 4446 722 4496 litt.
759 4441 860 4497 SS.
898 4441 1012 4494 EE.
1051 4444 1085 4495 I.
1113 4458 1161 4496 c.
1205 4458 1259 4512 p.
1296 4441 1422 4513 138.
1470 4441 1639 4495 11Αιιι..

515 4531 603 4585 12.
624 4531 1050 4583 'Antirrhelicum
1078 4538 1265 4583 contra
1294 4528 1559 4581 Andream
1589 4526 1969 4582 Colossensem.
2006 4525 2217 4582 Citatur
2245 4544 2274 4582 a
2301 4525 2426 4582 Nic.
2459 4526 2746 4593 Contncno,
2777 4544 2830 4599 p.
2864 4529 2956 4593 42,
2989 4531 3114 4594 556,
3149 4530 3273 4586 420.

516 4618 604 4670 15.
638 4618 760 4669 Ὀτι
795 4618 854 4669 οὐ
890 4616 1050 4684 μόνον
1080 4616 1185 4667 ἁπδ
1217 4617 1401 4684 φωνῆς
1424 4615 1532 4667 τῶν
1556 4615 1895 4668 δεσποτικῶν
1923 4616 2078 4684 ρημάη

2132 4634 2183 4669 ον
2219 4618 2541 4685 ἁγιάζονται
2567 4623 2637 4670 τὰ
2666 4617 2789 4671 θεῖα
2818 4620 2989 4689 δῶρα.
3024 4620 3178 4683 Quod
3204 4622 3503 4676 divinorum
3526 4623 3694 4677 dono-

446 4721 566 4758 rum
594 4704 918 4757 consecratio
959 4716 1060 4756 non
1088 4703 1255 4755 solum
1298 4703 1358 4771 fit
1396 4702 1560 4756 verbis
1594 4702 1906 4766 Dominicis,
1957 4710 2047 4757 sed
2082 4706 2244 4757 etiam
2288 4722 2321 4757 α
2351 4704 2557 4773 Spiritu
2602 4716 2788 4760 saneto
2851 4722 2942 4776 per
2975 4724 3149 4776 preces
3180 4718 3230 4762 et
3284 4709 3692 4765 benedictionem

444 4793 752 4847 sacerdotis.
792 4789 1030 4859 Incipit:
1074 4790 1265 4858 Ἡμεῖς
1299 4793 1363 4843 ὲκ
1400 4790 1509 4841 τῶν
1571 4790 1733 4857 ἱερῶν
1797 4791 2006 4843 auom

2127 4835 2133 4848 .
2183 4794 2370 4849 Graece
2429 4797 2494 4848 ad
2525 4798 2731 4850 calcem
2797 4798 3140 4866 liturgiarum
3177 4798 3233 4851 S.
3266 4798 3479 4863 Jacobi,
3514 4801 3689 4856 Basilii

445 4888 499 4933 et
524 4880 923 4949 Chrysostomi,
967 4894 1023 4947 p.
1060 4878 1332 4944 158-111;
1364 4877 1537 4932 Paris.
1576 4878 1714 4931 1560
1750 4876 1844 4930 fol.
1880 4890 1933 4932 et
1961 4866 2153 4935 Latine
2179 4883 2229 4935 in
2258 4883 2554 4952 Liturgicis
2588 4883 2801 4938 Claudii
2830 4884 2898 4937 de
2924 4884 3195 4949 Saiuctes,
3220 4885 3501 4957 Antwcrp.
3534 4887 3692 4957 1562,

444 4971 501 5034 8,
532 4986 651 5039 pag.
682 4969 773 5023 82.
810 4968 974 5023 FABR.
1006 4968 1068 5023 Υ.
1111 4969 1177 5023 ad
1212 4986 1265 5024 ιι.
1296 4968 1351 5022 2.
1384 4998 1453 5007 --
1488 4967 1662 5021 Paris.
1694 4968 1745 5019 iu
1773 4966 1904 5021 b.bl.
1942 4971 2090 5038 publ.
2119 4971 2280 5023 codd.
2311 4970 2478 5035 1261,
2508 4987 2564 5025 ιι.
2600 4973 2657 5034 2,
2691 4982 2746 5026 et
2774 4971 2936 5037 1218,
2966 4988 3021 5027 ιι.
3046 4972 3099 5027 9.
3131 5001 3202 5014 —
3224 4972 3283 5027 In
3309 4976 3432 5030 cod.
3466 4975 3694 5030 Cois-lin.

444 5059 571 5115 290.
608 5058 672 5114 V.
699 5058 1001 5112 Moutfauc.
1031 5056 1168 5110 Bibl.
1203 5054 1369 5109 Coisl.
1395 5071 1449 5125 p.
1472 5055 1598 5109 106.
1631 5054 1799 5108 “ARL.

516 5148 605 5202 11.
641 5145 918 5214 Expositio
950 5146 1049 5215 τῆς
1078 5144 1542 5214 ὲκκὶησιαστικῆς
1597 5140 1922 5204 ἀκιλονοίας
1981 5142 2078 5196 edit

2172 5141 2361 5199 GI"ch
2396 5144 2461 5200 ad
2497 5148 2701 5203 calcem
2757 5164 2984 5219 operum
3019 5150 3294 5207 Simeonis
3342 5150 3698 5207 Thessaloni-

446 5239 647 5301 censis,
670 5235 834 5289 Jassii
868 5237 919 5287 iu
950 5234 1212 5287 Moldavia
1243 5232 1398 5295 1685,
1433 5231 1525 5284 fol.
1560 5228 1729 5283 Fanu.
1758 5227 1820 5297 γ.
1859 5230 1923 5281 all
1961 5245 2017 5283 ιι.
2058 5231 2107 5295 1,
2139 5231 2195 5293 2,
2232 5232 2469 5301 Musquaa
2529 5235 2583 5289 in
2616 5236 2736 5301 cod,
2767 5238 2963 5307 synod.
2991 5238 3120 5304 395,
3156 5255 3211 5295 ιι.
3236 5236 3295 5294 ⁷2.
3334 5238 3395 5293 ν.
3434 5238 3696 5311 Matthxi,

448 5324 486 5377 l.
522 5340 573 5379 c.
604 5340 657 5393 p.
698 5323 841 5385 219,-
865 5322 1038 5376 Paris.
1075 5323 1127 5374 in
1166 5320 1295 5373 bibl.
1331 5318 1478 5387 pubi.
1516 5316 1840 5371 codd.1218
1864 5326 1917 5371 ct
1948 5317 2105 5372 1261.
2136 5349 2205 5359 -—
2229 5319 2390 5375 Conf.
2452 5339 2617 5393 supra
2661 5325 2713 5378 in
2766 5325 2821 5379 Ιι.
2882 5326 2987 5380 vol.
3020 5344 3074 5395 p.
3108 5327 3200 5383 80.
3236 5358 3303 5369 -—
3338 5327 3534 5384 Gerius
3569 5312 3609 5384 1'.
3647 5346 3695 5385 c.

451 5417 782 5484 suspicatur,
822 5416 961 5470 hanc
984 5413 1374 5482 expositionem
1416 5426 1523 5464 non
1550 5408 1769 5464 dili'errc
1804 5425 1832 5461 a
1868 5410 2027 5465 Marci
2057 5412 2190 5480 Eug.
2231 5413 2555 5483 Parapbrasi
2608 5417 2657 5471 in
2695 5416 3185 5476 Pentecostariutu.
3214 5419 3382 5476 ΒΑΜ..

525 5504 611 5558 15.
656 5503 983 5572 Puraphaeis
1009 5504 1060 5554 in
1096 5501 1567 5555 Pentecoslarium.
1603 5499 1766 5552 Allal.
1794 5499 1927 5552 diss.
1957 5514 2015 5561 ll,
2044 5515 2168 5569 pag.
2198 5501 2325 5565 280,
2367 5504 2436 5557 de
2466 5504 2621 5560 libris
2656 5506 2861 5562 Eccles,
2897 5506 3232 5563 ϐτεηςοηιιη,

523 5592 607 5645 16.
644 5591 926 5659 Responsio
957 5590 1151 5658 duplex
1184 5589 1251 5641 ad
1284 5575 1501 5641 Latinos
1520 5589 1582 5640 de
1620 5588 1948 5656 purgatorio.
1998 5587 2098 5642 Ms.
2128 5589 2180 5641 in
2226 5589 2352 5649 bibl.
2375 5591 2642 5647 C‘rsarea.
2667 5594 2859 5665 Incipit
2892 5596 3141 5670 εἘπειδὴ
3178 5600 3319 5667 peri
3355 5600 3603 5674 ἀγάπης.
3640 5602 3703 5658 Et

524 5797 598 5863 (ὁ)
631 5796 687 5849 S.
724 5796 991 5864 [415.253.
1026 5796 1223 5849 liuliar.
1261 5798 1396 5863 n.6,
1432 5800 1551 5853 cod.
1585 5796 1669 5851 63.
1704 5799 1874 5850 llam.
