3956 6200
355 255 496 311 lU't't
1776 246 2111 306 NOTITIA.
3479 232 3615 296 illis

351 358 545 417 ἐπειδὴ
566 376 898 429 σαφεστερον
916 360 1059 430 ἡμᾶς
1077 360 1375 415 ἀπαιτεῖτε.
1397 359 1649 415 Lambec.
1674 358 1784 423 VII,
1802 373 1913 427 pag.

2070 371 2179 423 seq.
2208 356 2285 426 [p.
2305 353 2564 423 237,5eq.
2592 352 2725 406 Knll.
2750 369 2806 408 ιι.
2827 352 2979 407 5014
3007 350 3125 404 οοιι.
3161 349 3274 419 68.]
3294 348 3466 417 Supra
3487 364 3539 400 n.
3558 347 3615 417 2,

422 446 597 501 Etiam
662 448 884 503 libellus
933 448 1001 504 de
1053 450 1389 519 purgatorio,
1428 450 1607 504 editus
1670 449 1773 503 sub
1828 445 1932 500 Nili
1988 443 2244 508 nomine,
2302 442 2481 497 Marco
2549 448 2737 494 nostro
2812 455 2840 494 a
2893 439 3216 508 quibusdam
3280 438 3610 491 viml'catur.

352 536 520 590 1·“Αιιιι.
585 534 644 590 1η
704 535 827 592 cod.
869 536 1178 608 Mosquensi
1243 539 1439 609 synod.
1490 538 1593 595 591
1654 548 1784 593 sunt
1830 546 1911 589 tre

2055 532 2406 602 esponsiones
2457 529 2522 584 ad
2582 528 2761 582 Latin.
2824 546 2880 583 ιι.
2940 529 2992 583 6.
3042 528 3153 581 Inc.
3200 526 3419 592 Ἐπειδὴ
3479 524 3617 595 μετά

351 626 573 697 ἀγάπης
600 646 612 691 ;
646 643 700 680 n.
742 629 773 682 ’1
825 628 941 681 inc.
970 628 1178 697 Πολλῆς
1225 628 1325 697 μὲν
1362 630 1437 692 ὡς
1470 627 1689 698 ἀληθῶς
1710 642 1727 659 ⁶
1759 644 1813 682 n.
1847 627 1901 691 8,

2084 622 2303 692 Ἐπειδὴ
2349 621 2705 691 σαφέστερον.
2765 620 2825 673 V.
2861 619 3118 682 Mattliaei,
3150 619 3183 672 l.
3217 632 3264 671 c.
3307 632 3360 685 p.
3390 616 3523 705 251.
3548 641 3617 656 -ο

353 713 409 765 In
434 713 552 768 Cat.
584 728 716 770 mss.
760 714 985 786 Angliaz,
1017 726 1123 771 etc.
1158 716 1267 770 vol.
1302 716 1369 779 ll,
1425 732 1475 786 p.
1508 717 1597 780 61,
1639 732 1693 770 n.
1722 716 1885 777 2255,
1917 712 1986 767 de
2049 711 2173 767 cod.
2200 710 2469 765 Vossiano
2507 711 2629 773 142,
2697 711 2807 763 Ιιιοο
2862 718 2985 762 nota
3033 706 3209 762 Vossii
3266 706 3559 760 adducitur
3598 723 3611 758 :

362 822 379 854 ι
416 802 584 857 Marci
612 803 937 873 arcliiepisc.
984 802 1240 874 Epliesini
1274 812 1440 858 oratt.
1474 804 1542 858 de
1568 803 1810 859 Latinor.
1841 803 2183 875 purgatorio,
2218 815 2280 856 ac
2335 800 2401 855 de
2435 801 2502 855 iis
2533 816 2654 870 quae
2692 806 2921 853 tractata
2964 798 3114 852 luere
3150 798 3202 851 in
3255 796 3462 867 synodo
3487 794 3615 848 Flu-

360 891 597 944 rentina.
628 890 705 944 Ex
753 891 838 945 his
894 890 1114 961 colligo,
1162 891 1419 962 anonymi
1453 890 1769 945 Orationem
1820 892 1884 945 de
1944 889 2277 962 purgatorio,
2316 904 2344 942 a
2383 888 2658 943 Salmasio
2716 886 2867 958 operi
2913 886 2976 940 de
3010 884 3250 938 Primatu
3286 884 3615 945 subnexam,

362 975 526 1031 Marci
554 975 813 1046 Ephesini
855 993 962 1032 non
998 992 1136 1044 esse,
1170 987 1229 1032 ut
1287 992 1460 1045 nuper
1518 978 1711 1045 scripsi
1775 977 1828 1030 in
1898 976 2169 1031 Observat.
2215 978 2379 1030 sacris
2427 984 2482 1029 et
2516 974 2570 1028 in
2620 973 2945 1027 Bibliotheca
2982 972 3197 1027 selecto.
3249 969 3614 1036 Quaerendum

362 1067 568 1133 itaque,
611 1063 769 1129 cujus
798 1064 911 1119 haec
946 1064 1124 1119 oratio
1178 1065 1249 1120 sit
1296 1064 1559 1119 auctoris.
1593 1064 1700 1118 Alii
1750 1078 1883 1118 sane
1940 1059 2168 1120 Nicolao
2221 1063 2510 1129 Cabasilae,
2549 1062 2641 1116 alii
2672 1060 2794 1114 Nilo
2844 1059 3327 1113 Thcssalonicensi
3360 1073 3477 1111 eam
3514 1056 3616 1109 tri-

365 1152 559 1204 buunt.
596 1168 614 1201 ι
655 1150 820 1205 Hanc.

436 1240 504 1292 17
563 1237 836 1308 Professio
868 1240 993 1308 ﬁdei
1030 1239 1079 1292 in
1113 1237 1350 1293 concilio
1381 1238 1703 1294 Florentino
1730 1240 1937 1309 pridem
1967 1241 2197 1309 scripta,
2244 1239 2337 1294 sed
2399 1238 2619 1291 demum
2659 1237 2824 1305 paulo
2858 1244 2983 1291 ante
3032 1235 3241 1290 obitum
3286 1235 3455 1297 edita,
3484 1233 3615 1287 inci-

365 1327 446 1395 pit
474 1342 489 1380 :
534 1325 677 1394 Ἐγὼ
711 1327 777 1397 τῇ
802 1327 897 1379 τοῦ
924 1325 1061 1379 Θεοῦ
1098 1325 1281 1397 χάριτι
1308 1327 1579 1394 δόγμασιν
1608 1328 1903 1396 ἐντραφεὶς

2060 1326 2238 1381 ϐέσιν.
2269 1325 2622 1396 Oppugnavit
2658 1323 2957 1393 Gregorius
2988 1323 3451 1393 Protosyneellns.
3488 1319 3620 1373 Vide

365 1414 642 1478 Allatium,
676 1413 752 1469 De
780 1430 1057 1479 consensu,
1093 1430 1218 1485 pag.
1256 1414 1381 1478 951,
1412 1414 1518 1470 955
1547 1423 1602 1470 et
1627 1416 1756 1483 280,
1785 1415 1909 1480 285,

2056 1457 2061 1471 .
2098 1414 2262 1470 Fusa.
2288 1414 2530 1483 Mosquzn
2589 1414 2644 1467 in
2682 1414 2840 1469 codd.
2875 1412 3071 1483 synod.
3111 1414 3176 1466 15
3216 1423 3269 1466 et
3311 1413 3436 1477 554,
3476 1429 3529 1465 ιι.
3563 1412 3618 1463 2.

370 1504 431 1558 V.
464 1502 699 1558 Mattliaai
739 1503 776 1557 I.
805 1518 854 1558 c.
889 1519 944 1574 p.
984 1504 1053 1559 29
1083 1512 1136 1558 et
1162 1504 1291 1570 252,
1322 1503 1410 1558 ubi
1460 1504 1544 1559 bis
1594 1514 1931 1559 memoratur

2056 1520 2196 1574 2mpe
2252 1519 2307 1557 ιι.
2360 1503 2417 1569 2,
2452 1501 2620 1556 Marci
2647 1532 2717 1541 —
2742 1500 3003 1570 Eugeniei
3059 1500 3156 1553 καὶ
3186 1501 3307 1553 νέου
3340 1500 3618 1567 θεολόγον,

366 1590 461 1644 τοῦ
500 1590 906 1661 ἀνατρέψαντος
957 1592 1055 1662 τὴν
1085 1592 1323 1661 ἄθεσμον
1376 1592 1434 1645 ὲν
1482 1592 1794 1663 Φλωρεντξᾳ
1826 1592 2061 1656 σύνοδον,
2096 1593 2359 1661 ὁμολογία
2416 1593 2693 1653 πίστεως’
2742 1590 2886 1656 Ἐγὼ
2921 1591 2988 1659 τῇ
3014 1588 3109 1641 τοῦ
3145 1588 3281 1640 Θευῦ
3312 1588 3529 1659 χάριτισ
3558 1604 3623 1640 at:

370 1696 425 1732 ιι.
459 1678 514 1733 4.
551 1678 659 1730 Τοῦ
689 1679 857 1731 αὐτοῦ
882 1680 1047 1750 ἑτέρα
1081 1680 1343 1747 ὁμολογία
1371 1678 1607 1741 πίστεως
1631 1694 1650 1714 ο
1700 1680 1840 1746 Ἐγὼ
1865 1684 1930 1751 τῇ

2090 1680 2226 1732 Θεοῦ
2259 1680 2466 1749 χάριτι.
2495 1678 2550 1732 In
2583 1678 2887 1748 posteriore
2914 1678 3037 1732 cod.
3068 1686 3153 1732 est
3186 1692 3405 1746 quoque
3434 1693 3490 1729 ιι.
3536 1675 3619 1740 ll,

372 1765 543 1820 Marci
580 1766 781 1836 Eugen.
806 1766 1069 1837 διαθήκη·
1112 1766 1222 1821 inc.
1257 1766 1533 1836 Βούλομαι
1563 1766 1934 1836 πλατύτερονι

2058 1768 2191 1837 ἐμὴν
2212 1770 2460 1835 γνώμην.
2500 1765 2683 1835 (Gonl.
2718 1765 2784 1818 ad
2837 1782 2888 1818 n.
2922 1766 3002 1835 7.)
3032 1794 3101 1807 --
3156 1763 3356 1819 Oxonii
3398 1765 3452 1817 in
3486 1763 3620 1818 bibl.

370 1854 577 1909 Bodlei.
602 1854 721 1909 cod.
760 1854 984 1909 Barocc.
1019 1853 1143 1909 IH.
1172 1882 1241 1893 —
1267 1854 1404 1910 ibid.
1438 1855 1490 1909 in
1516 1855 1640 1910 cod.
1672 1854 1757 1912 Io.
1793 1855 1932 1910 Seldt

2058 1852 2139 1919 17,
2202 1853 2256 1919 5,
2308 1854 2424 1910 sive
2453 1870 2510 1909 ιι.
2540 1853 2703 1919 5577,
2754 1852 2877 1908 Cat.
2932 1867 3066 1907 mss.
3116 1852 3324 1921 Anglia:
3363 1851 3471 1905 vol.
3503 1850 3541 1917 I,
3572 1859 3620 1903 ct

370 1961 423 2013 p.
461 1943 587 2007 268,
618 1959 671 1996 ιι.
711 1945 773 1998 11
799 1953 853 1998 et
890 1944 976 2007 l5,
1016 1946 1069 1997 in
1097 1944 1442 2000 Adversariis
1470 1943 1598 1999 Ger.
1643 1943 1931 2014 Langbacni

2059 1944 2133 1998 Id.
2186 1944 2249 1997 ad
2295 1960 2351 1998 ιι.
2378 1946 2429 2011 5,
2476 1953 2530 1997 et
2559 1957 2752 2012 supra,
2809 1943 2861 1996 in
2899 1943 2953 1996 Ιι.
3009 1942 3118 1999 vol.
3147 1957 3203 2011 p.
3234 1942 3362 2007 591,
3388 1950 3526 1997 sect.
3570 1943 3621 1996 4.

372 2033 548 2086 I’aris.
613 2032 669 2085 in
724 2032 857 2087 bibl.
920 2032 1070 2103 publ.
1132 2033 1185 2087 in
1248 2034 1494 2103 quinque
1552 2033 1714 2088 codd.
1774 2034 1932 2101 partit

2062 2033 2370 2096 temoratis,
2424 2048 2479 2084 ιι.
2518 2030 2675 2096 1218,
2747 2030 2909 2095 I259,
2968 2029 3127 2095 1527,
3159 2028 3304 2082 2075
3348 2038 3403 2083 et
3462 2029 3624 2083 5101.

374 2118 545 2174 Ilum.

443 2207 531 2262 18.
558 2206 845 2277 ΕεμΙιναεὶε
877 2208 1118 2261 animam
1144 2208 1367 2277 agentia.
1398 2206 1542 2261 Citat
1593 2206 1825 2260 Allatius
1859 2208 1923 2261 de
1956 2207 2166 2276 synodo
2214 2218 2427 2270 octava,
2470 2222 2589 2277 pag.
2647 2206 2773 2262 511.
2828 2204 2920 2277 [ν.
2956 2207 3192 2261 Bandin.
3251 2205 3375 2261 Cat.
3410 2205 3505 2259 cit.
3538 2203 3623 2267 Ill,

374 2311 427 2363 ιι.
466 2295 588 2357 105,
620 2304 676 2350 et
703 2314 757 2349 η.
789 2297 858 2349 27
885 2295 1009 2366 cit.|

444 2386 530 2440 19.
566 2384 767 2440 Ultima
801 2387 953 2440 verba
983 2388 1052 2439 ad
1111 2387 1441 2442 (.‘ennadium
1484 2385 1847 2444 Sclrulariu'm.
1883 2386 2015 2440 Vide
2061 2399 2225 2451 supra
2274 2399 2394 2453 pag.
2442 2383 2546 2436 536
2619 2382 2695 2454 [et
2732 2391 2850 2438 not.
2890 2385 3057 2453 supra
3106 2384 3174 2438 ad
3206 2382 3448 2448 initium,
3480 2389 3534 2437 et
3561 2381 3626 2434 ad

375 2484 431 2522 ιι.
471 2468 555 2539 7|.
594 2469 837 2524 Meminit
871 2470 1189 2526 Gennadius
1213 2473 1331 2540 ipse
1359 2489 1549 2542 supra,
1578 2486 1630 2541 p.
1657 2472 1783 2526 567.

445 2557 535 2612 20.
572 2556 897 2623 Qua'stiones
944 2559 1248 2628 theologica:
1295 2574 1398 2614 ms.
1438 2560 1491 2614 in
1544 2560 1670 2613 bibl.
1706 2560 1911 2614 (la-sar.
1957 2559 2007 2612 in

2061 2559 2122 2625 ip.
2166 2560 2229 2612 Ἠ
2267 2560 2359 2612 τοῦ
2420 2558 2548 2612 Υὶοῦ
2603 2559 2952 2631 προσηγορία
3001 2559 3095 2613 δύο
3125 2558 3302 2611 ταῦτα
3342 2558 3623 2628 σημαίνει.

374 2645 632 2701 Lambec.
662 2646 771 2710 VII,
813 2662 866 2716 p.
905 2648 939 2702 5
992 2646 1065 2719 [p.
1099 2649 1223 2703 259.
1258 2649 1398 2704 Kell.
1459 2667 1513 2703 n.
1568 2649 1624 2715 5,
1655 2650 1774 2703 eod.
1812 2649 1901 2713 68,

2064 2649 2295 2702 Bandin.
2357 2646 2477 2702 Cat.
2541 2645 2815 2713 eitat.lll,
2853 2663 2906 2715 p.
2952 2647 3076 2712 I06,
3110 2662 3166 2701 ιι.
3201 2646 3295 2712 21,
3340 2646 3464 2701 cod.
3538 2646 3626 2712 15,

378 2735 515 2804 plut.
550 2733 663 2806 71].

448 2822 537 2877 21.
569 2820 759 2889 Capita
790 2822 881 2876 LX
895 2822 1046 2887 VIII,
1076 2834 1261 2877 contra
1287 2824 1510 2878 Ittvresin
1544 2824 2010 2895 Acindynistarum

2068 2839 2143 2877 ns.
2176 2824 2228 2877 in
2257 2824 2386 2877 bibl.
2420 2823 2690 2884 Cmsarca,
2724 2822 2890 2889 incip.
2925 2824 3068 2892 Κεφ.
3101 2830 3171 2887 α’,
3204 2823 3265 2877 El
3296 2824 3630 2877 ταυτόνὲστι

372 2910 513 2967 θεοῦ
547 2912 704 2964 οὐσία
740 2915 836 2973 καὶ
864 2900 1136 2981 ὲνέργέια.
1179 2910 1433 2967 Lambec.
1482 2910 1544 2975 V,
1580 2928 1701 2981 pag.
1730 2912 1835 2966 226
1876 2916 1933 2982 [ρ

2068 2912 2119 2965 6.
2158 2913 2366 2967 ΚοΙΙ.ιι·.
2396 2927 2449 2964 n.
2491 2913 2537 2973 l,
2579 2910 2706 2965 eotl.
2739 2910 2897 2982 278].
2955 2912 3122 2967 Marci
3156 2912 3401 2981 arcliiep.
3432 2912 3626 2979 Ephesi

377 3008 571 3052 contra
607 3001 919 3061 haereticos,
980 2999 1167 3063 Venet.
1233 3001 1284 3053 in
1352 2999 1485 3054 bibl.
1534 3000 1703 3059 Marc,
1763 3016 1877 3054 sec.
1944 2997 2245 3055 Muntlauc.
2281 3000 2422 3055 Bibl.
2467 3000 2707 3053 biblioth.
2763 3018 2890 3054 mss.
2939 3017 2995 3072 p.
3038 3001 3163 3065 469,
3225 3001 3389 3055 E.-—-
3421 3001 3477 3054 In
3504 3003 3629 3055 cod.

382 3083 607 3141 Coislin.
641 3085 769 3149 288,
798 3085 968 3139 Marci
1006 3087 1250 3140 manat/ti
1284 3086 1552 3140 adversus
1582 3087 1830 3141 Barlaam
1865 3094 1917 3140 et
1957 3087 2302 3158 Acindynum
2360 3103 2552 3157 npnsc.
2592 3086 2738 3159 quod
2782 3104 2863 3159 gr.
2915 3099 2968 3143 et
3002 3088 3095 3143 lat.
3129 3088 3296 3143 edidit
3331 3087 3630 3143 Montl’auc.

382 3173 436 3227 in
465 3172 597 3227 bibl.
642 3172 871 3229 Coislin.
904 3189 956 3244 p.
984 3174 1109 3239 401,
1146 3190 1267 3241 sqq.
1298 3173 1458 3227 Gnnl.
1494 3190 1685 3240 supra,
1725 3176 1775 3227 in
1809 3174 1866 3229 Ιι.
1900 3191 1944 3228 ιιι

1146 3190 1267 3241 sqq.
1298 3173 1458 3227 Cunl.
1494 3190 1685 3240 supra,
1725 3176 1775 3227 in
1809 3174 1866 3229 Ιι.
1900 3174 2005 3229 vel.
2046 3191 2097 3245 p.
2136 3175 2260 3228 507.
2298 3174 2464 3230 Ιιλιιι..
2656 3158 2671 3173 ’

447 3260 537 3314 22.
579 3260 820 3317 Canones
852 3272 969 3317 octo
1001 3264 1057 3316 in
1090 3260 1148 3316 8.
1192 3260 1462 3331 Virginem
1516 3261 1803 3330 Deiparam
1850 3270 1904 3315 et
1960 3262 2063 3315 duo
2093 3263 2302 3315 cantica
2351 3262 2405 3314 in
2449 3260 2507 3316 S.
2555 3251 2894 3327 Trinitatem,
2957 3278 3061 3317 ms.
3094 3262 3147 3318 in
3194 3264 3329 3319 bibl.
3359 3266 3632 3329 Caesarea,

383 3347 548 3418 incip.
575 3349 905 3419 ’Δρχόμενος
932 3352 1174 3420 σήμερον
1210 3349 1303 3401 τοῦ
1337 3349 1673 3402 τελευταίου.
1713 3349 1945 3403 Lambec

2081 3388 2095 3412 ,
2131 3364 2183 3418 p.
2222 3349 2328 3403 281
2377 3348 2454 3419 [p.
2497 3348 2620 3413 599,
2650 3364 2742 3420 seq
2795 3349 2931 3405 Koll.
2969 3354 3091 3405 cod.
3153 3350 3309 3425 3:25].
3361 3353 3538 3407 Paris.
3580 3354 3632 3405 in

382 3435 513 3492 bibl.
547 3436 695 3506 publ.
726 3436 889 3500 2075,
934 3437 1086 3505 plura
1148 3447 1303 3497 sunt.
1336 3454 1457 3506 qua:
1489 3438 1802 3492 summatim
1831 3435 2107 3503 indicabo,
2135 3454 2191 3490 ιι.
2226 3435 2319 3498 25,
2361 3436 2523 3490 Marci
2556 3437 2753 3507 Ephesi
2790 3438 3028 3505 Epistola
3063 3441 3126 3493 ad
3170 3456 3443 3495 summum
3506 3456 3636 3510 pon-

382 3524 602 3579 tiﬁcem.
634 3556 701 3567 -—-
737 3522 805 3578 Ν.
848 3524 939 3586 26,
990 3524 1265 3579 Prolessio
1321 3524 1442 3578 lidei
1468 3543 1481 3589 ;
1512 3555 1578 3565 ——
1608 3525 1667 3578 Ν.
1703 3525 1794 3589 27,
1862 3524 2118 3579 Carmina
2153 3524 2302 3578 varia
2357 3524 2423 3577 ad
2489 3522 2848 3594 Euthymium
2887 3525 3254 3594 patriarcbam
3283 3544 3298 3588 ;
3329 3555 3397 3564 —
3429 3524 3495 3579 N.
3544 3526 3635 3589 28,

381 3610 665 3681 Expositio
695 3611 967 3681 symboli;
1004 3628 1060 3664 ιι.
1100 3611 1193 3674 29,
1225 3610 1414 3682 hymni
1456 3612 1509 3665 in
1551 3610 1875 3679 Deiparam;
1907 3642 1975 3654 —
2008 3612 2074 3667 N.
2107 3612 2198 3678 50,
2248 3609 2481 3666 Ilomilia
2542 3614 2595 3665 in
2636 3615 2939 3667 orationem
2990 3612 3356 3667 Dominicam.
3414 3613 3472 3666 in
3510 3614 3634 3667 eod.

382 3698 507 3753 cod.
545 3699 714 3753 multa
750 3696 979 3753 Joannis
1006 3697 1266 3768 Eugenici
1298 3713 1496 3769 opusc.
1543 3699 2048 3769 deprehenduntur.

466 3785 660 3842 Versus
720 3788 800 3850 si;
854 3788 1024 3855 τάφον
1075 3787 1170 3840 τοῦ
1219 3788 1543 3841 διδασκάλου
1598 3788 1769 3858 κυροῦ
1814 3790 2013 3858 Ἰωσὴφ

2079 3788 2139 3840 οὖ
2188 3789 2517 3859 Bpuswiou;
2554 3790 2664 3848 inc.
2700 3791 2870 3843 Οὐδέν
2912 3809 2961 3842 τι
2997 3792 3186 3844 και-’όν
3213 3807 3229 3857 ;
3261 3795 3315 3847 in
3341 3792 3465 3847 cod.
3492 3793 3635 3847 Mos-

383 3876 580 3946 qnensi
614 3876 809 3947 synod.
842 3874 968 3936 297.
1000 3892 1056 3929 ιι.
1082 3876 1137 3929 2.
1166 3875 1229 3929 V.
1262 3875 1519 3940 Mattbaai,
1552 3877 1587 3929 Ι.
1623 3892 1669 3932 c.
1706 3893 1759 3946 p.
1796 3878 1915 3931 I92.
1951 3876 2125 3931 Hanc.

454 3962 546 4016 25.
584 3960 766 4016 Sermo
800 3963 853 4015 in
900 3960 956 4016 8.
994 3960 1130 4016 Elia:
1164 3961 1298 4031 festo
1342 3961 1395 4016 in
1450 3963 1617 4030 ofﬁcio
1649 3964 1921 4032 legendus,
1954 3964 2008 4016 in

2075 3977 2123 4032 p.
2158 3963 2307 4015 Ἔδει
2347 3964 2445 4032 μὲν
2469 3963 2690 4033 ἀληθῶς
2732 3966 2860 4033 ἡμῖν
2912 3966 3320 4034 οὐρανοδρὸμου
3350 3969 3443 4020 τοῦ
3477 3968 3637 4035 λόγου

393 4050 817 4119 συνεπαρθῆναι.
850 4049 996 4104 Citat
1026 4049 1323 4119 Gregorius
1360 4050 1798 4119 protosyncellus
1829 4050 2089 4119 Apologia
2116 4059 2307 4104 contra
2336 4050 2579 4105 Marcum
2608 4052 2805 4118 pres.
2839 4060 2970 4104 tom.
3001 4050 3141 4115 XIII,
3178 4052 3379 4106 Concil.
3417 4054 3638 4120 Labbci,

386 4153 441 4207 p.
481 4138 606 4201 802,
635 4147 689 4193 et
717 4139 1037 4208 rogantibus
1065 4138 1237 4194 Cretae
1268 4139 1461 4194 incolis
1492 4138 1756 4208 scriptum
1794 4140 1863 4193 ab
1886 4153 1951 4193 eo
1987 4145 2216 4191 testatur
2249 4138 2351 4208 (ιι).

460 4227 552 4281 21.
585 4226 661 4280 De
691 4226 925 4282 hominis
956 4227 1322 4282 imbecillitate
1352 4235 1619 4283 tractatus
1649 4225 1746 4297 (c).
1787 4226 1885 4282 Ms.
1922 4226 1977 4281 in
2005 4225 2138 4280 bibl.
2167 4226 2511 4297 Augustana.
2546 4226 2636 4297 [V.
2680 4227 2892 4281 Ileiseri
2926 4226 3043 4281 Iud.
3074 4243 3207 4281 mss.
3245 4228 3375 4282 bibl.
3406 4226 3635 4299 August.

392 4331 447 4383 p.
476 4314 566 4370 89.
606 4314 797 4386 Ilum]

457 4403 551 4458 25.
582 4405 643 4458 In
674 4407 965 4458 oratiouna
1014 4404 1346 4459 Dominicam
1415 4421 1519 4462 ms.
1557 4405 1613 4460 In
1648 4405 1780 4461 bibl.
1846 4406 2120 4469 Cznsarca,
2156 4413 2294 4459 teste
2354 4402 2624 4459 Nesseliu.
2689 4402 2855 4459 Fusa.
2901 4405 3045 4461 Part.
3099 4422 3169 4473 tv,
3204 4422 3258 4476 p.
3292 4408 3416 4475 110,
3453 4426 3507 4463 ιι.
3553 4409 3637 4475 15,

390 4492 513 4545 cod.
548 4491 670 4546 I95.
700 4492 839 4545 Add.
876 4492 966 4545 ad.
1005 4509 1059 4545 ιι.
1090 4491 1182 4546 22.
1226 4492 1396 4546 ΙΙΑιιι..

459 4577 549 4632 26.
592 4577 779 4648 Imago
808 4580 1142 4633 dormitionis
1178 4579 1239 4635 S.
1273 4579 1531 4647 Epitraim
1560 4580 1704 4650 Syri.
1734 4581 1847 4636 Inc.
1894 4582 2005 4633 Καὶ

1560 4580 1704 4650 Syri.
1734 4581 1847 4636 Inc.
1894 4582 2005 4633 Καὶ
2036 4579 2229 4649 νεκρὸν
2261 4579 2405 4632 ἐστιν
2433 4582 2671 4634 ἐνταῦθα
2722 4581 2850 4633 1δεί)
2870 4597 2883 4611 ⁸
2920 4583 3046 4636 item
3081 4600 3095 4636 :

458 4666 549 4720 27.
583 4665 767 4737 Imago
798 4671 1048 4739 martyris
1076 4670 1312 4723 coronati
1340 4686 1360 4724 :
1419 4668 1543 4725 Init.
1574 4670 1781 4739 Χαρίεν
1825 4672 1924 4740 μὲν
1954 4671 2020 4722 ἰδε

2076 4687 2084 4715 ι
2118 4670 2214 4721 καὶ
2234 4668 2676 4737 ἀγωνιζομένους
2696 4685 2709 4698 ·
2750 4668 3079 4725 Florentium:
3111 4672 3164 4725 in
3200 4672 3321 4727 cod.
3353 4672 3517 4729 Laur.
3547 4674 3638 4741 21,

390 4769 450 4809 ιι.
482 4754 507 4807 1
537 4764 591 4808 et
621 4754 675 4814 2.
701 4756 839 4824 plut.
870 4755 924 4809 4.
962 4755 1020 4809 ν.
1057 4754 1312 4822 Bandiui,
1345 4754 1467 4809 Cat.
1500 4755 1596 4810 cit.
1638 4756 1745 4809 vol.
1788 4755 1833 4816 I,
1868 4772 1919 4824 p.
1959 4755 2063 4811 545
2094 4771 2213 4825 seq.
2244 4785 2313 4795 —
2350 4754 2504 4809 Prior
2535 4758 2709 4825 imago
2762 4766 2845 4811 est
2875 4774 3088 4827 quoque
3122 4760 3253 4814 ibid.
3297 4761 3352 4815 in
3384 4762 3508 4817 cod.
3548 4764 3634 4825 15,

394 4858 452 4897 ιι.
492 4843 580 4908 11,
608 4844 744 4912 plut.
779 4843 867 4898 75.
906 4843 968 4897 V.
1005 4841 1232 4898 Batidin.
1262 4844 1297 4896 l.
1336 4858 1388 4898 e.
1424 4844 1514 4908 Ill,
1546 4860 1600 4913 p.
1634 4843 1757 4907 l05,
1786 4843 1878 4897 ubi
1903 4844 2179 4912 opinatur,
2216 4844 2364 4898 illam
2396 4859 2518 4899 csse
2554 4846 2715 4909 forte,
2745 4861 2864 4915 qua:
2910 4863 2938 4900 a
2979 4845 3233 4903 Fabrici.)
3262 4857 3453 4903 nostro
3494 4851 3635 4916 loco,

392 4945 450 4985 n.
485 4930 572 4995 18,
613 4933 716 4987 sub
750 4932 929 4993 titulo,
959 4932 1255 5001 Ecphrasis
1294 4932 1530 4986 animam
1563 4933 1765 5002 agentis
1802 4946 1954 4985 recen

1309 4932 1530 4986 mimum
1563 4933 1765 5002 agentis
1802 4942 2137 4986 recensetur.
2180 4931 2348 4986 ΙΙΑιιι..
2844 4962 2871 4991 ο

344 5074 349 5080 ,
461 5020 555 5074 28.
588 5020 841 5091 Epilogus
879 5020 1128 5075 adversus
1178 5020 1420 5075 Latinos.
1472 5022 1587 5075 Ine.
1620 5021 1794 5073 Τοῦτο
1838 5020 1898 5072 τὸ

2079 5018 2253 5086 5ο).ον;
2284 5019 2465 5074 Paris.
2508 5021 2560 5074 in
2607 5022 2740 5075 bibl.
2784 5023 2931 5089 publ.
2976 5022 3135 5076 codd.
3175 5021 3329 5084 I286,
3364 5039 3417 5075 ιι.
3462 5022 3548 5087 19,
3590 5033 3641 5076 et

398 5106 554 5169 1295,
587 5124 642 5161 ιι.
665 5107 715 5161 9.
761 5110 817 5161 In
849 5120 1082 5177 utroque
1118 5108 1306 5163 codice
1345 5108 1449 5161 alia
1473 5107 1637 5161 Marci
1670 5107 1802 5176 Eug.
1843 5108 2106 5175 opuscula
2144 5108 2512 5178 reperiuntur,
2544 5118 2598 5163 et
2640 5111 2912 5178 qumdam,
2948 5127 2975 5165 a
3015 5109 3268 5165 Fabricio
3308 5110 3535 5176 omissa,
3573 5112 3641 5166 ad

395 5210 451 5250 ιι.
484 5193 537 5262 7,
570 5203 621 5250 et
644 5196 842 5264 passim
875 5196 1131 5250 iudicavi.
1160 5224 1227 5235 —
1261 5196 1333 5250 De
1364 5196 1602 5249 terminis
1632 5196 1770 5259 rilar,
1807 5214 1857 5250 v.
1892 5196 1957 5248 ad
1995 5211 2046 5247 η.
2164 5194 2331 5249 llam"

456 5374 526 5484 (ξ)
559 5374 628 5425 Ex
654 5376 762 5427 cod.
800 5376 1080 5424 Monaeeusi
1107 5376 1373 5426 novissime
1399 5377 1557 5426 edidit
1582 5378 1696 5427 Alli.
1719 5379 1941 5426 Jabnins.

459 5439 475 5484 l
522 5440 535 5484 I
571 5437 701 5484 Citat.
734 5439 883 5484 etiam
925 5437 1428 5484 Pseudo-Gennadius
1459 5442 1508 5484 In
1545 5439 1781 5484 Apologia
1818 5451 1904 5484 nro
1940 5451 2078 5484 conc.
2121 5440 2363 5484 Flore-nt.
2396 5440 2544 5484 caniti

459 5437 535 5499 (ά)
571 5437 701 5487 Citat
734 5439 883 5488 etiam
925 5437 1428 5489 Pseudo-Genuadius
1459 5442 1508 5489 Io
1544 5439 1781 5502 ApoIOgia
1818 5451 1904 5499 pro
1940 5451 2078 5489 conc.
2121 5440 2363 5500 Floreat,
2396 5440 2574 5503 capitis
2608 5441 2635 5489 4
2671 5446 2795 5491 sect.
2824 5443 2872 5491 5.
