3956 6200
260 284 398 352 1081

1148 238 1153 239 ί
1181 285 1282 346 DE
1311 283 1666 349 CORPORE
1701 289 1799 351 ET
1829 286 2229 351 SANGUINE
2270 289 2610 358 CHRISTI.

3390 286 3527 355 1082

258 422 377 468 σας.
408 402 609 457 ἔδωκεν
630 402 815 466 αὐτοῖς
843 401 1018 472 λέγων
1046 417 1060 433 ·
1098 403 1269 458 Πίετε
1291 405 1361 468 ἐξ
1386 405 1573 459 αὐτοῦ
1594 405 1837 472 πάντες.
1865 455 1868 465 1

1977 420 2031 460 ει
2060 421 2081 460 :
2122 406 2206 461 hic
2247 415 2326 461 est
2351 408 2570 479 sanguis
2592 422 2760 474 meus,
2800 405 2892 477 qui
2914 420 3011 475 pro
3037 400 3217 459 multis
3246 404 3528 476 eﬁ'unditur

256 496 438 551 τοῦτό
465 496 598 550 ἐστι
629 498 695 548 τὸ
727 490 871 564 αἷμά
909 512 1030 564 μου
1057 496 1126 550 τὸ
1146 498 1279 565 περὶ
1316 498 1562 552 πολλῶν
1588 497 1841 568 ἑκχυνδ-

254 604 446 656 μενον
468 588 557 651 εις
579 586 804 655 ἄφεσιν
824 584 1124 654 ἁμαρτιῶν
1141 602 1156 617 ·
1183 589 1360 642 τοῦτο
1387 588 1607 642 ποιεῖτε
1626 591 1712 654 είς
1729 589 1843 655 τὴν

259 678 417 749 ἐμὴν
445 678 813 747 ἀνάμνησιν.
858 680 1215 751 Μεμνημένοι
1260 680 1445 733 τοίνυν
1502 681 1596 733 τοῦ
1636 680 1846 743 πάθους

261 771 429 825 αὐτοῦ
456 771 551 823 καὶ
579 769 672 824 τοῦ
710 770 968 835 θανάτου,
994 772 1208 842 καὶτῆς
1237 772 1591 836 ἀναστάσεως
1616 774 1714 826 καὶ
1743 772 1844 842 τῆς

260 864 340 927 είς
372 864 633 931 οὐρανοὺς
687 863 969 928 ἐπανόδου,
1026 864 1120 917 καὶ
1173 864 1273 934 τῆς
1328 864 1629 935 μελλούσης
1675 865 1843 920 αὐτοῦ

263 955 522 1025 δευτέρας
544 956 871 1027 παρουσίας,
896 958 953 1010 ὲν
1047 956 1267 1027 ἔρχεται
1298 959 1477 1025 κρῖναι
1513 958 1723 1021 ζῶντας
1756 958 1848 1013 καὶ

262 1047 492 1116 νεκροὺς
519 1048 614 1101 καὶ
646 1046 940 1102 ἀποδοῦναι
969 1047 1186 1119 ἑκάστῳ
1215 1049 1359 1103 κατά
1389 1048 1457 1102 τά
1485 1049 1626 1119 ἔργα
1654 1048 1844 1113 αὑτοῦ,

259 1138 648 1207 προσφέρομέν
690 1154 772 1191 σοι
802 1137 881 1207 τῷ
921 1138 1135 1208 βασιλεῖ
1161 1138 1255 1193 καὶ
1285 1138 1404 1209 Θεῷ
1434 1140 1577 1194 κατὰ
1618 1141 1715 1210 τὴν
1749 1141 1849 1194 αὐ-

258 1228 353 1282 τοῦ
378 1229 623 1296 διάταξιν
644 1230 736 1284 τὸν
765 1231 929 1301 ἄρτον
955 1230 1145 1285 τοῦτον
1178 1232 1272 1287 καὶ
1292 1234 1353 1286 rb
1380 1234 1641 1304 ποτήριον
1662 1232 1845 1299 τοῦτο,

259 1318 711 1390 εὐχαριστοῦντές
760 1339 843 1375 σοι
886 1320 955 1376 δι’
990 1322 1182 1388 αὐτοῦ,
1225 1322 1313 1392 ἐφ’
1361 1318 1443 1387 οἷς
1500 1324 1849 1395 κατηξίωσας

260 1414 411 1482 ἡμᾶς
440 1413 663 1468 ἑστάναι
712 1413 943 1467 ἐνώπιόν
986 1431 1079 1468 σου
1130 1408 1227 1468 καὶ
1257 1415 1564 1484 ἱερατεύειν
1597 1433 1679 1469 σοι
1706 1432 1722 1447 σ
1754 1417 1850 1470 καὶ

262 1505 528 1576 ἀξιοῦμέν
562 1522 619 1559 σε
653 1506 803 1569 ὅπως
849 1507 1095 1577 εὐμενῶς
1140 1508 1454 1579 ὲπιϐλέψοις
1486 1507 1580 1560 ἐπὶ
1608 1507 1676 1561 τά
1720 1525 1853 1578 προ-

264 1597 495 1667 κείμενα
542 1598 689 1667 δῶρα
739 1597 913 1651 ταῦτα
963 1598 1196 1652 ἐνώπιόν
1246 1617 1363 1660 σου,
1420 1599 1484 1651 σὺ
1523 1599 1551 1650 δ
1597 1597 1852 1668 ἀνενδεὴς

264 1689 416 1751 Θεὸς.
450 1690 545 1742 καὶ
577 1690 886 1759 εὐδοκήσας
919 1690 1005 1742 ἐπ’
1036 1690 1222 1752 αὐτοῖς
1260 1690 1339 1752 είς
1377 1689 1543 1758 τιμὴν
1586 1687 1680 1740 τοῦ
1720 1690 1853 1758 Χριο

1953 498 2008 551 in
2032 497 2393 553 remissionem
2416 508 2787 566 peccatorum;
2808 496 2902 551 hac
2929 498 3089 565 facite
3120 497 3173 550 in
3201 512 3370 549 nteant
3393 512 3505 549 com

1950 592 2412 646 memorationem.
2466 591 2737 646 Mem‘orcs
2817 589 2984 659 igitur
3039 588 3313 659 passionis
3385 587 3526 653 eius,

1948 682 2163 744 mortis,
2196 682 2639 746 resurrectionis,
2698 681 2908 738 reditus
2963 681 3016 734 in
3052 680 3244 740 cmlos,
3274 687 3331 732 et
3363 677 3527 731 futuri

1948 772 2068 842 eius
2103 774 2646 836 secundiadventus,
2680 774 2733 827 in
2791 788 2900 843 quo
2952 773 3129 827 veniet
3185 770 3531 849 jutlicaturus

1948 865 2101 921 vivos
2118 876 2171 920 et
2199 876 2464 930 mortuos,
2520 866 2949 935 redditurusque
2989 863 3192 933 cuique
3225 860 3525 917 secundum

1951 972 2115 1025 opera
2148 973 2266 1020 sua.
2294 956 2574 1013 all‘erimus
2606 958 2702 1013 tibi
2745 956 2878 1026 Regi
2939 971 3004 1012 ac
3051 955 3181 1020 Deo.
3232 952 3530 1009 secundum

1949 1050 2069 1119 ejus
2121 1048 2541 1116 institutionem,
2573 1064 2765 1117 panem
2804 1048 2971 1113 hunc,
3004 1056 3057 1102 et
3098 1047 3244 1101 hunc
3274 1043 3530 1105 calicem,

1950 1139 2153 1207 gratias
2185 1138 2279 1193 tibi
2319 1154 2413 1209 per
2454 1154 2578 1194 eum
2636 1147 2880 1208 agentes,
2938 1136 3085 1206 quod
3118 1151 3218 1191 nos
3280 1134 3536 1203 dignatus

1953 1231 2123 1287 fuerts
2158 1242 2339 1287 astare
2378 1246 2562 1285 coram
2614 1240 2689 1293 te,
2747 1240 2803 1286 et
2865 1230 2960 1284 tibi
3018 1228 3352 1283 sacriﬁcare.
3385 1223 3452 1279 Et
3480 1233 3538 1280 te
3580 1210 3591 1231 ³

1952 1332 2231 1394 rogamus,
2268 1330 2328 1377 ut
2349 1320 2582 1391 propitio
2611 1335 2916 1390 serenoque
2942 1319 3094 1374 vultu
3130 1314 3393 1388 respicias
3446 1332 3539 1371 su-

1956 1432 2052 1485 pra
2080 1416 2193 1468 ltzec
2223 1414 2503 1483 proposita
2543 1412 2681 1468 bona
2748 1427 2933 1468 coram
2972 1420 3044 1477 te,
3088 1419 3147 1465 tu
3191 1409 3283 1479 qui
3334 1410 3539 1465 nullius

1955 1506 2187 1575 indiges,
2230 1503 2375 1559 Deus
2406 1522 2418 1559 :
2453 1512 2505 1559 et
2530 1504 2622 1558 tibi
2646 1502 3026 1573 complacitum
3058 1503 3129 1557 sit
3158 1501 3211 1555 in
3242 1501 3320 1554 eis
3341 1499 3407 1554 ad
3439 1501 3541 1555 ho-

1956 1595 2143 1651 norem
2159 1596 2365 1651 Christi
2398 1596 2496 1658 tui,
2519 1605 2573 1650 et
2596 1597 2812 1650 mittere
2838 1595 3081 1661 digneris
3103 1602 3353 1649 sanctum
3387 1603 3540 1647 tuutn

1957 1682 2220 1752 Spiritum
2251 1698 2416 1752 super
2470 1683 2574 1739 hoc
2634 1684 2987 1745 sacriﬁcium,
3053 1692 3247 1738 testem
3325 1682 3543 1752 passio-

267 1782 396 1835 στοῦ
424 1800 515 1835 σου
548 1783 639 1835 καὶ
666 1782 1049 1850 καταπέμψοις
1082 1782 1142 1834 rb
1173 1782 1328 1850 ἅγιόν
1363 1800 1457 1835 σου
1492 1764 1718 1851 Πνεῦμα
1753 1781 1844 1834 ἐπὶ

1974 1790 2078 1831 tum
2136 1773 2347 1829 Domini
2371 1771 2524 1837 Jesu,
2586 1782 2645 1829 ut
2673 1772 2869 1828 eﬂiciat
2898 1788 3094 1844 panem
3147 1774 3292 1828 hunc
3332 1789 3533 1843 corpus

265 1872 366 1941 τὴν
407 1873 598 1926 θυσίαν
634 1873 860 1941 ταύτην,
890 1871 980 1925 τὸν
1020 1872 1277 1942 μάρτυρα
1306 1872 1385 1941 τῷ
1415 1872 1704 1943 παθήματι
1744 1870 1839 1925 τοῦ

1951 1864 2153 1921 Christi
2174 1865 2249 1919 tui
2271 1884 2285 1919 :
2306 1874 2359 1920 et
2376 1865 2600 1920 calicem
2628 1864 2773 1920 hunc
2795 1866 3112 1935 sanguinem
3141 1864 3345 1920 Christi
3405 1866 3537 1921 tui.»

266 1965 474 2033 Κυρίου
506 1965 701 2035 Ἰησοῦ,
747 1966 895 2026 ὅπως
944 1965 1212 2033 ἀποφήνοι
1246 1965 1337 2019 rbv
1381 1964 1545 2035 ἄρτον
1590 1961 1782 2019 τοῦτον
1814 1963 1975 2031 σῶμα
2008 1956 2102 2012 τοῦ
2139 1955 2379 2028 Χριστοῦ
2419 1974 2531 2024 σου,
2573 1956 2664 2009 καὶ
2694 1956 2755 2008 rb
2788 1957 3050 2025 ποτήριον
3084 1955 3244 2009 τοῦτο
3275 1951 3419 2025 αἷμα
3448 1954 3544 2010 τοῦ

268 2052 507 2121 Χριστοῦ
550 2072 644 2107 σου
672 2093 686 2108 .
717 2071 735 2106 ι

339 2146 526 2201 Ταῦτα
545 2146 640 2216 μὲν
656 2146 704 2198 oi
726 2147 857 2200 θεῖοι
873 2146 1256 2201 ἁπζστολοιδιά
1278 2147 1376 2217 τῆς
1407 2144 1734 2217 συγγραφῆς
1761 2162 1854 2199 του

274 2237 544 2308 μακαρίου
564 2238 875 2307 Κλήμεντος
896 2240 961 2308 τῇ
988 2238 1288 2309 Ἐκκλησία
1311 2238 1777 2307 παραδεδώκασιν.
1795 2234 1858 2291 Ὀ

271 2329 328 2382 δέ
345 2344 405 2395 γε
423 2328 562 2394 θεῖος
575 2327 830 2401 Ἰάκωϐος
844 2333 871 2382 ὁ
886 2330 983 2397 τῆς
995 2330 1260 2400 Ἰεροσολύ
1270 2348 1386 2399 μων
1412 2331 1623 2398 πρῶτος
1638 2329 1861 2382 ἐπίσκο-

273 2434 375 2481 πος
402 2420 496 2472 καὶ
520 2418 613 2472 τοῦ
645 2420 860 2488 πρώτου
890 2418 985 2472 καὶ
1026 2418 1262 2489 μεγάλου
1305 2420 1607 2490 ἀρχιερέως
1635 2419 1863 2487 ἁδελφὸς

275 2508 413 2577 ὁμοῦ
434 2508 797 2579 καὶδιάδοχος,
821 2509 917 2563 καὶ
934 2510 1094 2574 αὐτὸς
1111 2510 1209 2579 τὴν
1228 2509 1495 2581 μυστικὴν
1517 2510 1864 2579 ἐκτιθέμενος

277 2599 641 2670 λειτουργίαν,
657 2601 718 2652 ὲν
736 2600 810 2670 τῷ
832 2600 981 2669 αὐτῷ
1001 2601 1156 2671 μέρει
1184 2600 1321 2671 μετὰ
1336 2602 1397 2654 rb
1410 2601 1776 2672 διηγήσασθαι
1793 2599 1865 2653 τά

282 2691 593 2745 Δεσποτικὰ
615 2694 837 2765 ῥήματα
862 2694 1039 2747 τοιάδε
1073 2693 1273 2763 γράφει
1292 2710 1307 2727 ·
1333 2712 1351 2745 ι
1387 2692 1742 2763 Μεμνημένοι
1771 2686 1865 2747 οὖν

284 2784 381 2837 καὶ
410 2784 568 2852 ἡμεῖς
603 2784 652 2836 οἱ
680 2783 1001 2855 ἁμαρτωλοὶ
1043 2784 1151 2837 τῶν
1179 2784 1463 2848 ζωοποιῶν
1490 2784 1655 2838 αὑτοῦ
1691 2783 1868 2854 παθη-

289 2874 497 2944 μάτων,
535 2872 629 2929 τοῦ
657 2875 926 2944 σωτηρίου
959 2876 1219 2946 σταυροῦ,
1249 2878 1341 2929 καὶ
1365 2876 1461 2929 τοῦ
1486 2877 1744 2939 θανάτου,
1771 2874 1866 2929 καὶ

284 2968 386 3034 τῆς
415 2966 613 3035 ταφῆς,
644 2967 738 3019 καὶ
776 2967 875 3035 τῆς
909 2968 1210 3037 τριημέρου
1256 2969 1320 3020 ὲκ
1369 2967 1579 3037 νεκρῶν
1630 2968 1868 3021 ἁναστάο

2028 2136 2152 2195 Haec
2179 2140 2396 2210 quidem
2442 2138 2553 2194 divi
2599 2137 2837 2206 apostoli
2894 2153 2989 2205 per
3026 2137 3172 2193 beati
3235 2137 3536 2195 Clementis

1958 2232 2315 2301 scriptionem
2344 2229 2599 2285 Ecclesia
2636 2228 3007 2287 tradiderunt.
3034 2229 3198 2285 Divus
3227 2245 3357 2284 vero
3387 2229 3550 2285 Jaco-

1959 2324 2061 2379 bus
2086 2322 2590 2393 Hierosolymorum
2620 2321 2833 2392 primus
2887 2322 3197 2391 episcOpns,
3255 2336 3321 2376 ac
3385 2323 3549 2391 primi

1960 2414 2251 2486 magnique
2282 2414 2554 2485 pontiﬁcis
2586 2414 2754 2470 frater
2786 2412 2948 2468 simul
2971 2422 3024 2468 et
3051 2427 3365 2480 successor,
3430 2413 3549 2484 ipse

1960 2521 2180 2577 quoque
2237 2507 2526 2579 mysticam
2569 2521 2849 2577 exponens
2892 2504 3195 2577 Liturgiam
3256 2505 3311 2561 in
3359 2506 3549 2561 eadem

1961 2608 2139 2666 parte,
2167 2606 2289 2667 post
2319 2598 2699 2654 recitationem
2762 2598 3178 2680 Domi-uicorum
3236 2596 3550 2659 verborum,

1966 2690 2081 2745 bare
2114 2690 2305 2746 scribit
2337 2706 2354 2745 :
2397 2709 2415 2742 ι
2448 2688 2720 2746 Memores
2774 2689 2941 2759 igitur
2986 2698 3041 2743 et
3100 2703 3202 2744 nos
3231 2699 3552 2758 peccatores

1969 2784 2291 2854 passionum
2363 2783 2484 2853 ejus
2533 2781 2897 2844 viviﬁcarum,
2950 2780 3133 2836 crucis
3182 2780 3438 2835 salutaris
3490 2793 3554 2834 ac

1971 2879 2185 2944 mortis,
2241 2878 2475 2947 sepulcri
2513 2892 2577 2931 ac
2636 2875 3055 2931 resurrectionis
3084 2890 3113 2928 a
3145 2875 3375 2929 mortuis
3398 2874 3555 2927 tertio

1973 2970 2081 3032 die,
2108 2969 2447 3025 ascensionis
2504 2969 2556 3021 in
2595 2968 2784 3028 malos,
2834 2974 2887 3020 et
2926 2966 3257 3020 assessionis
3320 2965 3438 3033 ejus
3483 2964 3554 3019 ad

290 3075 450 3122 σεως,
479 3057 571 3111 καὶ
598 3058 696 3127 τῆς
725 3058 805 3120 εις
828 3058 1090 3127 οὐρανοὺς
1114 3059 1323 3121 ἀνόδου,
1349 3060 1443 3112 καὶ
1467 3060 1566 3127 τῆς
1593 3063 1657 3111 ἐκ
1683 3059 1868 3124 δεξιῶν

1977 3062 2255 3116 dexteram
2284 3069 2427 3115 tuam
2468 3059 2558 3114 Dei
2590 3068 2645 3114 et
2675 3058 2872 3122 Patris,
2914 3068 2967 3112 et
2997 3058 3218 3113 secundi
3244 3057 3467 3127 gloriosi
3501 3064 3554 3111 et

291 3167 388 3203 σου
421 3147 513 3202 τοῦ
543 3148 679 3201 Θεοῦ
704 3147 799 3201 καὶ
822 3147 1032 3217 Πατρος
1066 3149 1356 3220 καθέδρας,
1373 3151 1464 3202 καὶ
1488 3149 1589 3218 τῆς
1611 3150 1868 3217 δευτέρας

291 3241 503 3306 ινδόξου
547 3240 639 3293 καὶ
695 3239 933 3309 φοϐερᾶς
975 3240 1140 3293 αὑτοῦ
1188 3241 1523 3309 παρουσίας,
1564 3241 1692 3294 ὅταν
1743 3240 1871 3314 ἔλθῃ

296 3330 440 3403 μετὰ
482 3329 641 3399 δόξης
676 3332 858 3398 κρῖναι
894 3328 1103 3391 ζῶντας
1133 3330 1225 3380 καὶ
1254 3329 1507 3397 νεκροὺς,
1539 3328 1665 3380 ὅταν
1701 3326 1873 3397 μέλλῃ

293 3421 609 3477 ἀποδιδόναι
659 3420 874 3487 ἑκάστῳ
927 3421 1070 3472 κατὰ
1099 3417 1168 3470 τα
1209 3418 1346 3487 ἔργα
1388 3417 1579 3479 αὐτοῦ,
1630 3416 1873 3486 προσφέ-

300 3516 467 3586 ρομεν
502 3530 607 3576 σοι,
641 3514 912 3575 Δέσποτα,
942 3510 1042 3579 τὴν
1069 3510 1306 3580 φοϐερὰν
1340 3508 1546 3578 ταύτην
1577 3511 1671 3562 καὶ
1717 3508 1873 3562 ἀναί-

301 3616 508 3669 μακτον
551 3598 764 3653 θυσίαν.
793 3616 811 3649 ι
848 3599 955 3651 Καὶ
986 3597 1104 3666 μετ’
1134 3598 1289 3666 ὀλίγα
1314 3614 1330 3629 ο
1373 3616 1391 3649 ι
1422 3599 1674 3668 Ἐλέησον
1704 3598 1870 3666 ἡμᾶς,

300 3694 329 3746 ὸ
355 3691 507 3755 Θιδς,
536 3691 760 3744 κατὰτὸ
798 3690 942 3760 μέγα
992 3691 1138 3754 ἔλεός
1186 3707 1303 3753 σου,
1354 3692 1448 3743 καὶ
1494 3690 1875 3755 ἑξαπόστειλον

301 3784 388 3854 ἐφ’
423 3785 573 3853 ἡμᾶς
625 3784 719 3836 καὶ
762 3783 855 3835 ἐπὶ
890 3783 959 3834 τὰ
995 3782 1330 3851 προκείμενα
1368 3781 1499 3850 ἅγια
1526 3781 1676 3853 δῶρα
1699 3784 1875 3835 ταῦτα

302 3876 364 3932 rb
421 3877 647 3943 Πνεῦμα
706 3892 803 3928 σου
851 3874 913 3927 rb
963 3874 1245 3939 πανάγιον,
1284 3873 1344 3926 rb
1372 3872 1560 3940 κύριον
1607 3873 1705 3925 καὶ
1743 3872 1876 3936 ζωο-

306 3970 481 4035 ποιδν,
515 3969 575 4020 rb
604 3965 895 4037 σύνθρονον
928 3982 1009 4017 σοι
1038 3963 1115 4033 τῷ
1144 3963 1262 4033 Θεῷ
1309 3964 1397 4016 καὶ
1446 3963 1623 4031 “arpi.
1663 3963 1757 4016 καὶ
1798 3961 1876 4033 τῷ

312 4060 592 4131 μονογενεῖ
615 4076 707 4112 σου
737 4056 871 4127 Υίῷ,
905 4056 966 4109 rb
994 4054 1407 4124 συμϐασιλεῦον,
1436 4054 1497 4106 rb
1517 4051 1801 4122 δμοούσιόν
1819 4069 1877 4105 τε

308 4152 403 4205 καὶ
432 4149 718 4214 συναῖδιον,
744 4148 806 4202 τὸ
852 4147 1093 4215 λαλῆσαν
1144 4148 1201 4198 ἐν
1239 4147 1388 4214 νόμῳ
1430 4145 1523 4198 καὶ
1551 4146 1875 4215 προφήταις,

309 4241 405 4295 καὶ
435 4240 688 4309 τηκαινῇ
709 4254 801 4289 σου
833 4235 1099 4306 Διαθήκῃ,
1135 4236 1196 4287 rb
1224 4234 1464 4287 καταϐὰν
1494 4235 1551 4285 ὲν
1572 4234 1702 4285 είδει
1722 4249 1879 4302 περι-

313 4332 510 4400 στερᾶς
543 4329 637 4382 ἐπὶ
660 4329 749 4381 τὸν
780 4326 982 4396 Κύριον
1018 4325 1174 4396 ἡμῶν
1210 4325 1417 4395 Ἰησοῦν
1458 4325 1693 4395 Χριστὸν
1724 4325 1781 4377 ὲν
1803 4323 1879 4394 τῷ

1981 3149 2248 3205 tremendi
2277 3148 2397 3217 ejus
2420 3150 2707 3212 adventus,
2776 3164 2899 3203 cum
2959 3149 3140 3203 veniet
3204 3164 3329 3202 cum
3384 3149 3561 3219 gloria

1975 3241 2038 3294 ad
2062 3240 2431 3321 jndicandum
2464 3240 2614 3294 vivos
2642 3247 2697 3293 et
2728 3247 2997 3305 mortuos,
3061 3255 3183 3293 cum
3215 3240 3401 3294 reddet
3436 3240 3555 3294 nni-

1972 3333 2173 3401 cuiqne
2203 3331 2506 3387 secundum
2533 3346 2698 3401 opera
2728 3330 2871 3400 ejus,
2894 3330 3176 3386 oﬂerimus
3223 3331 3342 3395 tibi,
3380 3331 3554 3386 Domi-

1976 3439 2069 3486 ne,
2096 3424 2195 3478 hoc
2224 3422 2556 3478 sacriﬁcium
2586 3424 2884 3477 verendum
2921 3423 3367 3477 etiucruentnm.
3405 3441 3422 3473 ι
3492 3424 3556 3478 Et

1976 3526 2097 3585 post
2132 3530 2303 3584 pauca
2366 3530 2381 3568 :
2452 3532 2472 3567 ι
2502 3514 2761 3569 Miserere
2827 3515 3023 3579 nostri,
3065 3514 3230 3577 Deus,
3261 3516 3557 3569 secundum

1976 3620 2227 3674 magnam
2254 3606 2688 3661 misericordiam
2711 3616 2884 3670 tuam,
2914 3617 2968 3662 et
2998 3606 3221 3660 demitte
3244 3621 3409 3675 super
3438 3622 3558 3673 nos,

1976 3703 2030 3750 et
2061 3711 2225 3765 super
2248 3698 2364 3753 haec
2393 3708 2581 3754 sancta
2604 3699 2745 3754 dona
2781 3700 3065 3769 proposita
3098 3698 3361 3768 Spiritum
3404 3708 3559 3755 tuum

1977 3787 2382 3841 sanctissimum
2438 3788 2730 3843 Dominum
2780 3791 3071 3854 vivilicum,
3111 3807 3215 3844 una
3240 3799 3417 3847 tecum
3452 3791 3559 3845 Deo

1977 3876 2138 3931 Patre
2171 3887 2225 3931 et
2253 3879 2533 3947 unigenito
2563 3878 2704 3933 Filio
2739 3889 2833 3933 tuo
2865 3880 3221 3944 assidentem,
3271 3882 3437 3936 simul
3466 3898 3558 3937 rc-

1980 3984 2256 4044 gnantem,
2338 3974 2874 4028 consubstantialem
2937 3982 2992 4027 et
3051 3984 3405 4039 coarterttum,
3464 3975 3558 4045 qui

1980 4064 2190 4119 locutus
2223 4062 2388 4119 estin
2423 4064 2537 4134 lege
2585 4072 2639 4119 et
2696 4064 2973 4133 prophetis
3027 4079 3041 4116 :
3078 4074 3131 4118 et
3184 4065 3233 4116 in
3278 4080 3419 4118 novo
3468 4073 3559 4119 tuo

1981 4151 2348 4219 Testamento,
2383 4154 2475 4221 qui
2496 4153 2777 4207 descendit
2805 4153 2857 4205 in
2892 4153 3075 4222 specie
3105 4152 3369 4206 columba:
3395 4168 3559 4222 super

1982 4242 2270 4298 Datninum
2322 4251 2568 4298 nostrum
2616 4241 2805 4298 Jcsum
2876 4244 3153 4297 Christum
3222 4246 3273 4296 in
3324 4242 3560 4298 Iordane

1984 4334 2169 4400 ﬂuvio,
2204 4343 2257 4389 et
2282 4336 2478 4389 mansit
2498 4351 2664 4405 super
2706 4350 2827 4389 eum
2868 4352 2881 4387 :
2916 4338 3008 4403 qui
3064 4334 3348 4389 descendit
3402 4351 3560 4404 super

324 4421 568 4494 Ἰορδάνῃ
594 4418 820 4489 ποταμῷ
854 4420 948 4472 καὶ
981 4420 1171 4486 μεῖναν
1205 4416 1290 4469 ἐπ’
1319 4416 1501 4481 αὐτὸν,
1542 4416 1603 4469 rb
1636 4415 1868 4468 καταϐαι

1986 4436 2205 4482 sanctos
2240 4428 2750 4492 apostolostuosin
2789 4428 2967 4497 specie
3021 4428 3300 4497 ignearum
3352 4429 3556 4498 lingua-

313 4516 406 4567 ἰπὶ
439 4514 562 4575 τοὺς
604 4511 793 4579 ἁγίους
844 4526 938 4562 σου
985 4508 1316 4572 ἀποστόλους
1353 4509 1411 4559 ὲν
1454 4508 1583 4561 εἴδει
1642 4507 1883 4574 πυρίνων

313 4604 576 4674 γλωσσῶν
607 4604 667 4656 ὲν
696 4602 772 4672 τῷ
798 4601 1032 4671 ὑπερῴῳ
1060 4601 1156 4669 τῆς
1190 4600 1349 4667 ἁγίας
1375 4600 1471 4652 καὶ
1508 4599 1718 4664 ἐνδόξου
1749 4599 1887 4653 Σιὼν

317 4698 375 4750 ιν
426 4697 492 4765 τῇ
542 4694 728 4764 ἡμέρα
779 4693 877 4761 τῆς
935 4692 1097 4762 ἁγίας
1148 4691 1570 4760 Πιντηκοστῆςο
1628 4691 1761 4745 αὐτὸ
1827 4692 1888 4744 rb

318 4786 544 4856 Πνεῦμά
568 4803 661 4838 σου
685 4785 745 4839 rb
776 4785 1041 4851 πανάγιον
1066 4782 1453 4852 κατάπεμψον,
1487 4784 1761 4847 Δέσποτα,
1801 4783 1889 4851 ἐφ’

318 4881 350 4948 ἡ
361 4881 487 4948 μᾶς,
516 4879 611 4931 καὶ
639 4878 730 4930 ὲπὶ
770 4876 840 4929 τά
873 4876 1209 4946 προκείμενα
1239 4874 1371 4938 am
1404 4873 1551 4943 δῶρα
1581 4873 1772 4938 ταῦτα,
1804 4874 1890 4926 ἵνα

319 4970 681 5038 ἐπιφοιτῆσαν
733 4971 797 5038 τῇ
843 4966 976 5039 ἁγίᾳ
1019 4968 1113 5021 καὶ
1141 4964 1322 5036 ἀγαθῇ
1369 4966 1464 5018 καὶ
1498 4966 1691 5035 ἐνδόξῳ
1725 4964 1890 5018 αὐτοῦ

322 5060 615 5130 παρουσίᾳ,
648 5056 875 5128 ἁγιάσῃ,
910 5056 1003 5107 καὶ
1040 5055 1241 5125 ποιήσῃ
1288 5056 1380 5106 τὸν
1418 5053 1519 5123 μὲν
1572 5052 1738 5121 ἄρτον
1769 5053 1894 5107 τοῦι

320 5169 414 5205 τον
462 5150 623 5219 σῶμα
653 5148 806 5216 ἁγιον
844 5145 938 5201 τοῦ
971 5144 1210 5211 Χριστοῦ
1244 5160 1360 5205 σου,
1390 5146 1481 5197 καὶ
1525 5144 1586 5197 rb
1632 5145 1894 5215 ποτήριον

322 5242 482 5295 τοῦτο
510 5235 647 5309 αἷμα
677 5238 857 5306 τίμιον
899 5235 991 5290 τοῦ
1015 5234 1249 5304 Χριστοῦ
1288 5252 1401 5287 σου.
1442 5252 1462 5287 ι

395 5333 439 5384 Τ
442 5334 618 5393 οὑτοις
634 5327 1047 5389 ἀκολουθοῦντες
1070 5327 1162 5379 καὶ
1187 5325 1235 5377 οἱ
1261 5326 1399 5395 μετὰ
1424 5326 1592 5379 ταῦτα
1614 5327 1707 5396 τὴν
1725 5327 1895 5397 αὐτὴν

325 5420 663 5490 λειτουργίαν
706 5418 1076 5487 ἔπι-τεμόντες,
1102 5417 1129 5469 ὃ
1162 5432 1219 5469 τε
1253 5416 1421 5484 μέγας
1469 5417 1766 5481 Βασίλειος,
1803 5419 1898 5471 καὶ

330 5513 448 5584 μετ’
475 5512 636 5566 αὑτὸν
654 5513 681 5565 ὁ
711 5511 1090 5581 Χρυσόστομος
1106 5509 1377 5578 Ἰωάννης,
1403 5512 1429 5561 ὁ
1466 5509 1562 5577 μὲν
1594 5513 1717 5578 περὶ
1744 5510 1898 5563 τοῦτο

328 5604 387 5653 rb
410 5604 474 5670 μέ
484 5618 573 5672 ρος
587 5603 895 5670 γενόμενος,
916 5601 1008 5652 καὶ
1023 5599 1181 5662 αὐτὸς
1198 5599 1383 5667 διηγοῦ
1392 5615 1547 5667 μενος
1565 5598 1662 5667 τὴν
1674 5599 1898 5669 πρώτην

332 5692 547 5763 ὲκείνην
569 5690 880 5762 ἱερουργίαν
904 5691 1006 5744 ὑπὸ
1026 5689 1119 5743 τοῦ
1139 5689 1403 5742 Aequorea
1428 5688 1892 5762 παραδεδομένην,

1988 4533 2132 4580 rum,
2183 4518 2237 4571 in
2290 4518 2574 4573 caenaculo
2606 4528 2810 4573 sancta:
2837 4529 2891 4571 et
2926 4517 3179 4587 gloriosae
3210 4517 3364 4580 Sion.
3396 4520 3449 4572 in
3478 4519 3562 4575 die

1988 4618 2190 4664 sancta:
2220 4607 2571 4665 Pentecostes
2599 4626 2613 4664 :
2647 4610 2823 4680 ipsum
2858 4609 3124 4679 Spiritum
3156 4618 3304 4663 tuum
3333 4610 3562 4665 sanctis~

1990 4700 2189 4755 simum
2215 4699 2439 4754 demitte
2473 4714 2620 4754 nunc
2649 4714 2883 4768 quoque,
2910 4698 3157 4764 Domine,
3188 4699 3243 4753 in
3271 4716 3392 4765 nos,
3424 4709 3478 4754 et
3507 4699 3563 4754 in
3590 4760 3601 4765 ,ί

1992 4791 2105 4846 haec
2136 4794 2278 4846 dona
2329 4800 2520 4845 sancta
2551 4792 2851 4860 proposita,
2888 4802 2944 4845 ut
2978 4793 3402 4861 superveniens,
3438 4805 3561 4845 san-

1992 4891 2077 4936 cta
2129 4891 2183 4936 et
2212 4882 2352 4937 bona
2386 4891 2443 4936 et
2490 4881 2725 4951 gloriosa
2783 4891 2873 4935 tua
2927 4881 3212 4950 przesentia
3264 4881 3561 4936 sanctiﬁcat

1992 4981 2046 5027 et
2105 4973 2301 5027 efﬁciat
2351 4973 2496 5026 hunc
2555 4987 2746 5040 panem
2806 4986 3006 5041 corpus
3072 4979 3321 5024 sanctum
3359 4967 3562 5024 Christi

1996 5060 2096 5127 tui,
2131 5069 2186 5117 et
2227 5060 2450 5116 calicem
2480 5060 2627 5116 hunc
2688 5062 2983 5132 pretiosum
3033 5059 3355 5131 sanguinem
3407 5057 3562 5114 Chri-

1997 5152 2065 5207 sti
2100 5152 2201 5207 tui.
2230 5171 2249 5205 ι

2069 5330 2164 5386 His
2215 5341 2610 5401 consequentes
2658 5332 2822 5400 etqni
2857 5337 3041 5399 postea
3070 5329 3365 5398 Liturgiam
3389 5330 3563 5398 ipsam

1999 5424 2355 5477 concisiorcm
2407 5422 2713 5488 ediderunt,
2771 5430 2883 5475 tum
2916 5437 3147 5492 magnus
3192 5422 3277 5476 ille
3307 5420 3562 5485 Basilius,

2001 5522 2111 5567 tum
2135 5525 2255 5585 post
2278 5529 2400 5569 eum
2432 5514 2671 5569 Joannes
2701 5514 3135 5584 Chrysustomus
3178 5532 3193 5571 :
3228 5512 3563 5583 illequidem

2001 5606 2064 5658 ad
2097 5608 2233 5658 hanc
2262 5612 2465 5674 partem
2490 5620 2611 5658 cum
2631 5606 2881 5670 accessit,
2910 5605 3023 5673 ipse
3048 5622 3288 5675 quoque,
3328 5605 3563 5659 recitatis

2004 5697 2229 5764 primani
2262 5696 2404 5751 illam
2438 5696 2895 5752 consecrationem
2925 5713 2953 5752 a
3001 5697 3228 5753 Domino
3277 5696 3559 5759 traditam.
