3984 6202
352 328 489 388 1085

1229 336 1332 399 DE
1363 338 1717 402 CORPORE
1744 343 1840 411 ΕΤ
1862 346 2266 412 SANGUINE
2296 353 2634 418 CHRISTI.

3471 369 3607 430 1086

350 433 436 488 καὶ
461 431 556 503 τὴν
573 432 661 486 τοῦ
685 432 839 504 ἁγίου
856 437 1167 509 Πνεύματος
1190 443 1573 503 ἐπικαλοῦνται
1590 450 1768 520 χάριν,
1790 453 1929 509 ῶστε

2037 473 2358 530 secrantur;
2394 474 2581 536 postea
2610 483 2740 524 vero
2768 471 3073 528 orationem
3098 474 3373 539 adhibent,
3394 484 3450 531 et
3476 490 3607 532 san-

347 524 515 592 αὑτὴν
536 524 809 590 ἐλθοῦσαν,
833 529 899 581 τὰ
918 531 1180 598 εἰρημένα
1199 534 1319 586 τότε
1342 539 1453 599 τοῖς
1476 538 1571 591 νῦν
1598 542 1930 611 ἐφαρμόσαι,

348 616 441 669 καὶ
472 614 539 668 τὰ
567 617 895 688 προκείμενα
918 621 1223 689 τελειῶσαι,
1256 626 1351 678 καὶ
1378 628 1513 697 πρὶς
1540 630 1933 697 τὸιδεσποτικὸν

347 708 507 777 σῶμα
528 709 620 762 καὶ
643 705 780 778 αἷμα
810 714 1175 784 μεταποιῆσαι
1195 732 1210 750 ο
1238 716 1389 788 αὕτη.
1533 688 1627 774 καί
1655 723 1711 775 ὲν
1739 726 1806 793 τῇ
1830 726 1933 795 μή-

345 815 450 869 τρα
479 800 576 871 τῆς
602 802 877 873 Παρθένου
898 805 997 875 τὴν
1021 806 1280 878 θεοφόρον
1303 811 1518 881 ἐκείνην
1563 817 1932 885 συνεστήσατο

348 891 549 962 σάρκα,
583 896 722 948 κατά
770 897 830 950 τὸ
861 898 1152 969 εἰρημένον
1180 902 1317 971 πρὸς
1348 903 1517 975 αὐτὴν
1559 906 1663 958 ύπδ
1701 907 1795 960 τοῦ
1832 911 1931 976 ἀγ·

346 984 508 1051 γέλου
535 1000 550 1016 ·
618 988 863 1057 Πνεῦμα
913 990 1087 1061 ἅγιον
1116 993 1512 1051 ἐπελεύσεται
1553 998 1649 1051 ἐπὶ
1697 999 1794 1064 σὲ,
1831 1001 1931 1055 και

345 1074 601 1146 δύναμις
641 1080 941 1148 ’Υψίστου
973 1083 1318 1141 ἐπισκιάσει
1353 1104 1475 1142 σοι.
1509 1090 1607 1142 Διὰ
1638 1090 1800 1145 τοῦτο
1832 1090 1927 1144 καὶ

346 1168 375 1220 ό
418 1167 591 1235 μέγας
644 1170 942 1239 Βασίλειος,
985 1174 1121 1239 μετὰ
1175 1173 1235 1226 τὸ
1287 1177 1460 1229 εἰπεῖν
1508 1177 1577 1231 τὰ
1630 1178 1927 1234 δεσποτικὰ

350 1260 575 1328 ῥήματα
608 1260 1028 1332 διηγηματικῶς
1059 1265 1134 1329 ὡς
1164 1267 1299 1337 παρ’
1334 1268 1499 1321 αὐτοῦ
1538 1272 1803 1341 εἰρημένα
1834 1274 1926 1325 ἐπὶ

344 1351 440 1403 τυῦ
471 1351 631 1418 ἁγίου
674 1353 925 1423 σώματος
953 1357 1045 1410 καὶ
1078 1358 1326 1427 αἵματος,
1362 1360 1630 1415 ἀντίτυπα
1668 1364 1823 1417 καλεῖ
1856 1366 1925 1419 τὰ

346 1444 707 1514 προκείμενα,
759 1446 917 1516 δῆλον
963 1447 1038 1512 ὡς
1081 1450 1248 1521 μήπω
1295 1453 1657 1521 τετελεσμένα
1687 1455 1774 1510 διὰ
1818 1458 1926 1511 τῶν

351 1534 617 1604 ῥημάτων
669 1537 917 1604 ἐκείνων,
953 1540 1069 1593 ἀλλ’
1106 1541 1185 1594 ἔτι
1229 1543 1400 1596 τύπον
1441 1546 1561 1599 τινὰ
1610 1547 1705 1599 καὶ
1740 1549 1925 1603 εἰκόνα

348 1629 606 1695 φέροντα.
649 1630 760 1684 Καὶ
816 1629 988 1695 οὕτως
1031 1634 1193 1698 εὐθὺς
1228 1638 1423 1703 ἐφεξῆς
1474 1637 1535 1691 τὸ
1582 1639 1803 1709 Πνεῦμα
1862 1642 1924 1693 τὸ

347 1716 503 1786 ἅγιον
533 1721 707 1775 ἐλθεῖν
732 1723 1044 1795 ἐπεύχεται,
1087 1726 1178 1779 καὶ
1203 1728 1474 1791 ἀναδεῖξαι
1511 1729 1602 1781 τὸν
1630 1734 1729 1798 μὲν
1760 1731 1924 1800 ἄρτον

347 1811 481 1865 αὐτὸ
515 1813 576 1867 τὸ
621 1814 801 1885 τίμιον
843 1816 1023 1884 σῶμα,
1066 1817 1126 1870 τὸ
1158 1818 1214 1871 δὲ
1266 1820 1527 1890 ποτήριον
1558 1821 1691 1874 αὐτὸ
1745 1822 1805 1874 τὸ
1838 1822 1921 1875 τί·
1956 1818 1997 1875 Β

350 1919 473 1972 μιον
505 1898 666 1975 αἷμα.
712 1909 821 1963 Καὶ
867 1892 1043 1962 τοῦτό
1077 1928 1139 1978 γε
1180 1911 1301 1964 λίαν
1351 1914 1575 1976 είκότως
1601 1930 1615 1944 ·
1670 1914 1922 1986 καθάπερ

349 2000 459 2067 γὰρ
494 1998 586 2051 ἐπὶ
615 2001 713 2069 τῆς
751 2000 972 2070 πρώτης
994 2003 1209 2074 ἐκείνης
1236 2003 1600 2075 δημιουργίας
1631 2006 1793 2059 ἔλαϐε
1823 2008 1923 2075 μὲν

347 2090 380 2160 ἡ
412 2091 484 2159 γῆ
517 2092 613 2163 τὴν
645 2097 738 2146 τοῦ
788 2094 1109 2164 βλαστάνειν
1152 2098 1220 2151 τὰ
1251 2098 1307 2162 ἐξ
1351 2099 1524 2169 αὐτῆς
1571 2098 1805 2169 δύναμιν
1837 2100 1924 2155 διὰ

349 2185 444 2238 τοῦ
477 2188 621 2240 οείου
658 2190 1107 2258 προστάγματος,
1140 2192 1236 2244 καὶ
1266 2193 1326 2245 τὸ
1356 2192 1691 2264 πρόσταγμα
1724 2196 1922 2263 ἐκεῖνο,

349 2279 492 2333 καθά
540 2298 707 2351 φησιν
745 2283 772 2335 ὁ
824 2283 988 2346 αύτδς
1039 2285 1384 2351 διδάσκαλος,
1441 2288 1808 2358 ἑναπομεῖναν
1857 2290 1922 2360 τῇ

348 2376 443 2444 γῇ,
478 2373 575 2443 τὴν
608 2373 701 2427 τοῦ
753 2373 1076 2443 βλαστάνειν
1121 2378 1255 2447 αὐτῇ
1310 2378 1579 2445 διηνεκῶς
1625 2380 1925 2450 παρέχεται

348 2467 581 2538 δύναμιν
605 2484 620 2500 ο
653 2466 813 2537 χρεία
841 2468 899 2521 δὲ
936 2468 1085 2537 ὅμως
1133 2469 1226 2522 καὶ
1260 2470 1539 2538 ἡμετέρας
1578 2471 1921 2540 ἐπιμελείας,

348 2560 444 2615 καὶ
466 2559 791 2631 γεωργικῶν
826 2560 1027 2630 χειρῶν
1060 2563 1137 2623 είς
1164 2564 1221 2613 τὸ
1264 2560 1664 2633 τελεσιουργεῖν
1694 2565 1764 2617 τὰ
1790 2565 1922 2632 φυόο

351 2667 491 2720 μενα
514 2669 527 2684 ⁸
562 2652 653 2705 τὸν
697 2651 862 2706 αὑτὸν
912 2652 1113 2721 τρόπον
1144 2653 1237 2706 καὶ
1288 2654 1316 2705 ό
1352 2653 1511 2722 λόγος
1561 2653 1741 2720 οὗτος,
1778 2656 1923 2723 ἅπαξ

350 2743 537 2813 ῥηθεὶς
566 2744 670 2798 ὑπὸ
701 2744 794 2797 τοῦ
824 2744 1101 2815 Σωτῆρος,
1133 2744 1207 2808 ώς
1236 2746 1329 2797 καὶ
1362 2748 1389 2799 ό
1429 2745 1569 2808 Οεῖός
1614 2764 1749 2817 φησι
1778 2748 1925 2818 Χρυ-

351 2835 640 2906 σόστομος,
681 2835 769 2890 διὰ
820 2839 1022 2901 παντὸς
1067 2838 1317 2907 ἐνεργεῖ⁸
1370 2842 1628 2909 συνεργεῖ
1676 2841 1734 2895 δὲ
1775 2841 1925 2910 ὅμως

348 2931 442 2982 καὶ
473 2931 505 2999 ἡ
531 2930 629 2999 τῆς
667 2929 816 2989 θείας
866 2928 1171 3001 ἱερωσύνης
1210 2930 1441 3001 δύναμις
1491 2931 1577 2984 διὰ
1615 2933 1715 3002 τῆς
1756 2934 1922 3003 εὐχῆς

348 3023 446 3073 καὶ
471 3023 567 3086 τῆς
598 3020 849 3088 εὐλογίας
881 3023 960 3084 είς
993 3021 1095 3092 τὴν
1135 3024 1242 3075 τῶν
1273 3024 1658 3091 προκειμένων
1703 3024 1923 3076 τελείω-

2039 552 2108 607 cti
2142 554 2378 621 Spiritus
2400 560 2631 627 gratiam
2660 561 2933 628 invocant,
2999 578 3056 621 ut
3109 582 3170 619 ea
3234 570 3518 635 accedens,
3542 586 3608 625 ea

2034 655 2292 712 qumtum
2317 648 2461 702 dicta
2482 663 2627 715 sunt,
2663 654 2831 710 rebus
2887 658 3249 725 prazsemibus
3300 676 3611 725 accommo-

2033 730 2143 796 det,
2168 742 2222 787 et
2247 739 2524 806 proposita
2552 741 2717 797 dona'
2751 745 3016 812 perﬁciat,
3062 748 3228 816 inque
3263 748 3607 807 Dominicum

2032 839 2228 894 Corpus
2259 836 2313 882 et
2362 834 2685 898 sanguinem
2749 848 3054 892 convertat.
3087 840 3208 910 ipsa
3258 841 3402 897 enim
3445 850 3499 897 et
3554 844 3607 897 in

2034 926 2190 975 utero
2277 922 2517 992 Virginis
2585 927 2845 984 deiferam
2912 931 3058 985 illam
3131 934 3439 1001 procreavit
3491 947 3610 987 car-

2033 1014 2354 1084 nem,juxta
2386 1019 2543 1085 illud,
2570 1022 2713 1090 quod
2741 1023 2789 1076 ei
2853 1025 2921 1078 ab
2983 1027 3176 1093 angelo
3230 1026 3434 1080 dictum
3472 1037 3557 1081 est
3585 1046 3600 1082 :

2036 1125 2056 1160 ι
2084 1109 2325 1177 Spiritus
2378 1124 2600 1170 sanctus
2631 1118 2977 1183 superveniet
3032 1119 3082 1172 in
3116 1130 3191 1184 te,
3237 1129 3291 1175 et
3316 1121 3490 1175 virtus
3515 1121 3609 1174 Al-

2032 1201 2226 1257 tissimi
2258 1204 2606 1261 obumbrabit
2630 1210 2753 1263 tibi.
2782 1229 2800 1261 ι
2840 1211 3044 1266 Idcirco
3104 1220 3159 1265 et
3195 1227 3423 1279 magnus
3447 1212 3607 1266 Basi-

2028 1294 2153 1358 lius,
2212 1306 2334 1366 post
2387 1301 2609 1355 recitata
2646 1302 2859 1356 Domini
2939 1306 3123 1366 verba,
3174 1314 3234 1360 ut
3294 1320 3323 1359 a
3372 1320 3431 1359 se
3462 1304 3607 1359 dicta

2028 1402 2192 1455 super
2219 1397 2410 1444 sancto
2453 1406 2685 1461 corpore
2717 1402 2772 1447 et
2815 1394 3102 1463 sanguine,
3135 1396 3379 1465 antitypa
3448 1405 3607 1453 vocat

2028 1481 2305 1549 proposita
2336 1483 2500 1545 dona,
2551 1485 2811 1539 nimirum
2859 1487 3015 1554 quasi
3069 1486 3309 1541 nondum
3364 1486 3607 1557 perfecta

2027 1587 2122 1641 per
2187 1587 2249 1626 ea
2329 1573 2520 1640 verba,
2614 1591 2801 1629 verum
2886 1577 3065 1630 adhuc
3157 1585 3346 1646 typum
3415 1592 3608 1646 quem-

2026 1663 2151 1717 dam
2185 1675 2239 1719 et
2270 1665 2560 1736 imaginem
2596 1665 2846 1721 ferentia.
2877 1667 3064 1736 Itaque
3096 1668 3356 1736 deinceps
3418 1670 3604 1723 statim

2030 1754 2268 1823 Spiritus
2310 1765 2533 1812 sanctus
2565 1758 2817 1812 adveniat
2850 1771 3124 1827 precatur,
3188 1758 3463 1828 faciatque
3507 1774 3605 1827 pa-

2028 1863 2149 1902 nem
2194 1848 2416 1918 quidem
2480 1849 2661 1919 ipsum
2716 1849 3029 1918 pretiosum
3093 1865 3311 1920 corpus,
3374 1852 3601 1919 calicem

2026 1949 2206 1995 autem
2271 1941 2455 2009 ipsum
2517 1941 2825 2010 pretiosum
2880 1942 3220 2009 sanguinem.
3248 1941 3416 2009 quue
3460 1951 3607 1997 certe

2020 2032 2144 2100 jure
2176 2034 2382 2099 optimo
2414 2049 2427 2085 :
2456 2047 2579 2091 nam
2611 2032 3197 2100 quemadmadmodum
3233 2033 3283 2086 in
3311 2034 3398 2086 illa
3431 2034 3605 2101 prima

2024 2124 2212 2178 mundi
2247 2123 2620 2189 fabricatione,
2668 2133 2807 2178 terra
2844 2124 3206 2194 germinandi,
3256 2139 3377 2193 quae
3428 2125 3498 2177 ab
3538 2140 3604 2179 ea

2026 2225 2331 2272 nascuntur
2374 2216 2481 2268 vim
2519 2223 2572 2269 et
2597 2213 2902 2283 potentiam
2936 2228 3033 2282 per
3062 2212 3303 2267 divinum
3362 2213 3605 2266 manda-

2029 2318 2142 2363 tum
2176 2308 2406 2377 accepit,
2467 2308 2631 2377 idque
2655 2308 2993 2367 mandatum,
3045 2303 3502 2375 quemadmodum
3529 2304 3604 2358 ait

2027 2404 2169 2457 idem
2213 2401 2425 2463 doctor,
2479 2399 2531 2453 in
2566 2399 2683 2468 ipsa
2715 2407 2859 2453 terra
2892 2412 3216 2466 permanens
3249 2395 3500 2460 insitum,
3553 2396 3605 2450 ei

2028 2496 2135 2548 vim
2166 2491 2515 2563 gertninandi
2561 2500 2825 2559 perpetuo
2863 2489 3065 2558 praebet
3098 2505 3112 2541 :
3142 2502 3277 2557 opus
3305 2495 3388 2542 est
3422 2495 3602 2542 tamen

2025 2595 2080 2641 et
2101 2592 2289 2640 nostra
2321 2598 2479 2647 cura,
2531 2581 2898 2651 agricolarum
2933 2579 3184 2637 manibus
3226 2577 3292 2631 ad
3326 2592 3387 2631 ea
3442 2577 3605 2645 perfi-

2027 2679 2214 2734 cienda
2242 2692 2361 2745 qua:
2394 2676 2689 2747 producit:
2738 2672 2929 2729 eodem
2977 2669 3139 2725 modo
3169 2680 3223 2724 et
3273 2684 3456 2725 sermo
3502 2669 3606 2724 iste

2026 2770 2192 2827 semel
2236 2764 2415 2826 editus
2454 2783 2484 2823 a
2521 2765 2832 2829 Servatore,
2869 2776 2926 2819 ut
2971 2763 3046 2819 ait
3088 2763 3246 2817 divus
3276 2761 3595 2831 Chrysosto-

2027 2879 2171 2927 mus,
2205 2877 2420 2930 semper
2462 2868 2724 2929 operatur
2757 2857 3024 2923 :adiuvat
3093 2863 3276 2907 tamen
3326 2862 3381 2907 et
3431 2853 3601 2906 divini

2028 2953 2321 3011 sacerdotii
2365 2951 2598 3006 facultas
2648 2947 3025 3004 intercedente
3055 2946 3304 3001 oratione
3331 2959 3395 2998 ac
3430 2945 3600 2998 bene-

2027 3047 2285 3110 dictione,
2309 3044 2375 3100 ad
2410 3043 2812 3113 propositorum
2848 3039 3264 3108 perfectionem.
3302 3037 3425 3105 ipsa
3454 3035 3601 3089 enim

351 3129 437 3167 σιν
453 3129 467 3144 ο
490 3113 631 3183 αὕτη
652 3113 758 3182 γὰρ
780 3114 873 3166 καὶ
898 3113 957 3166 τὸ
980 3114 1075 3168 τοῦ
1099 3113 1474 3185 βαπτίσματος
1496 3113 1638 3184 ὕδωρ
1664 3115 1723 3168 ὃν
1739 3115 1926 3178 ἁπλῶς

2031 3144 2085 3191 et
2114 3134 2457 3204 baptismatis
2481 3147 2701 3203 aquam,
2764 3148 2885 3201 qum
2913 3147 3052 3201 aqua
3110 3127 3436 3198 simpliciter
3461 3133 3603 3189 erat,

348 3210 414 3264 ἑκ
464 3208 561 3263 τοῦ
625 3209 951 3279 φαινομένου
1013 3208 1195 3279 πάσης
1252 3208 1529 3279 ἁμαρτίας
1594 3208 1925 3279 καθαρτικὸν

2030 3243 2127 3298 pro
2178 3242 2245 3281 eo
2317 3225 2459 3295 quod
2530 3226 2846 3295 apparebat,
2921 3221 3165 3283 omnium
3255 3226 3604 3287 peccatorum

348 3300 745 3373 ἀπεργάζεται,
777 3300 871 3354 τοῦ
906 3299 1052 3354 θείου
1091 3298 1407 3369 Πνεύματος
1441 3301 1775 3371 ἀθεωρήτως
1802 3320 1927 3354 συν-

346 3397 635 3467 τρέχοντος
660 3411 674 3426 ·
707 3395 848 3467 αὕτη
876 3396 970 3450 καὶ
994 3395 1055 3448 τὸ
1088 3395 1298 3465 χρίσμα
1340 3394 1434 3448 τοῦ
1471 3394 1646 3465 μύρου
1674 3394 1771 3446 καὶ
1797 3394 1926 3455 τοὺς

352 3490 519 3559 ἱερεῖς
549 3487 750 3552 αὐτοὺς
781 3487 874 3541 καὶ
902 3486 1074 3541 τᾶλλα
1118 3486 1299 3540 πάντα
1327 3486 1425 3555 τῆς
1465 3485 1791 3553 Ἐκκλησίας
1824 3502 1928 3554 μυ-

350 3583 551 3652 στήρια
596 3580 965 3651 τελεσιουργεῖ
1016 3577 1106 3631 διὰ
1145 3578 1245 3645 τῆς
1298 3576 1395 3629 τοῦ
1436 3577 1712 3653 παναγίου
1754 3578 1924 3629 Ilvati-

353 3692 523 3746 ματος
571 3673 817 3745 χάριτος.
867 3671 942 3726 Ού
974 3671 1154 3725 τοίνυν
1204 3671 1270 3740 τῇ
1305 3669 1553 3740 ἡμετέρᾳ
1607 3670 1742 3741 εὐχῇ
1793 3668 1937 3740 Bap?

354 3768 611 3839 ροῦντες,
671 3766 793 3819 οὐδὲ
846 3764 956 3818 τῶν
1010 3761 1274 3833 ῥημάτων
1331 3760 1557 3815 ἐκείνων
1621 3758 1928 3829 ἀδυναμίαν

349 3857 857 3929 καταγινώσκοντες
884 3894 900 3920 ,
943 3852 1294 3930 ξπευχόμεθα
1349 3853 1461 3916 τοῖς
1515 3851 1923 3929 προκειμένοις,

350 3955 447 4008 καὶ⁵
476 3924 647 4015 οῦτως
695 3949 839 4003 αὐτὰ
873 3924 1218 4001 τελειοῦσθαι
1268 3940 1623 4011 πιστεύομεν,
1654 3942 1791 3994 ἀλλὰ
1834 3924 1927 3995 καὶ

350 4047 420 4101 τὰ
448 4047 677 4115 ῥήματα
716 4041 813 4112 τὴν
846 4039 1058 4101 οἰκείαν
1090 4036 1289 4101 σώζειν
1326 4033 1709 4105 ὁμολογοῦμεν
1744 4033 1925 4110 ἰσχὺν,

350 4141 445 4195 καὶ
485 4142 585 4208 τὴν
614 4136 716 4207 τῆς
743 4134 895 4196 Θείας
933 4131 1234 4204 ἱερωσύνης
1256 4128 1641 4199 ἐπιδείκνυμεν
1669 4128 1922 4198 δύναμιν,

349 4233 708 4303 τελειωτικὴν
748 4229 915 4284 οὖσαν
952 4227 1157 4290 παντὸς
1208 4225 1513 4297 μυστηρίου
1542 4226 1606 4293 τῇ
1637 4222 1927 4291 ἐπικλήσει

349 4328 447 4382 τοῦ
473 4329 541 4382 δι’
582 4326 756 4395 αὐτῆς
790 4307 1144 4392 ἐνεργοῦντος
1183 4320 1339 4386 ἁγίου
1395 4318 1712 4387 Πνεύματος
1734 4332 1749 4348 ο
1784 4314 1927 4368 οὕτω

352 4418 460 4487 γὰρ
492 4417 586 4470 καὶ
633 4418 661 4468 ό
688 4416 830 4478 Gaio;
863 4411 1254 4484 Χρυσόστομος
1282 4409 1439 4471 αὖθις
1483 4411 1542 4462 ἐν
1573 4409 1653 4476 τῷ
1682 4405 1817 4475 Περί
1847 4407 1928 4460 ιε-

2028 3319 2380 3388 expiatricem
2418 3316 2565 3379 facit,
2619 3316 2809 3370 divino
2839 3315 3048 3383 Spiritu
3092 3310 3439 3366 invisibiliter
3467 3324 3605 3363 con-

2028 3421 2304 3467 currente.
2336 3409 2460 3464 liaec
2485 3420 2539 3464 et
2578 3409 2820 3463 chrisma
2855 3423 2965 3477 quo
3002 3406 3278 3473 ungimur,
3331 3412 3383 3456 et
3424 3415 3607 3456 sacer-

2027 3504 2179 3559 dotes
2210 3502 2378 3571 ipsos,
2404 3510 2457 3555 et
2478 3501 2582 3556 alia
2618 3500 2799 3555 omnia
2827 3498 3079 3553 Ecclesiae
3141 3492 3399 3566 mysteria
3434 3507 3599 3561 pera-

2028 3597 2124 3665 git,
2176 3600 2271 3664 per
2303 3593 2649 3660 sacrosancti
2683 3592 2921 3660 Spiritus
2983 3588 3238 3659 gratiam.
3299 3584 3464 3652 Atqui
3497 3598 3605 3637 non

2026 3685 2259 3742 orationi
2284 3698 2449 3752 quam
2489 3682 2769 3737 fundimus
2805 3680 3163 3742 confidentes,
3206 3692 3385 3746 neque
3425 3676 3609 3730 verbis

2027 3779 2136 3835 illis
2167 3789 2227 3833 ut
2270 3777 2670 3848 impotentibus
2710 3774 3079 3835 detrahentes.
3113 3771 3410 3840 propositis
3442 3769 3608 3825 donis

2028 3869 2412 3937 adprecamur,
2446 3866 2634 3931 itaque
2656 3864 2773 3932 ipsa
2828 3862 3024 3916 confici
3064 3859 3363 3922 credimus,
3428 3859 3519 3913 sed
3556 3868 3610 3911 et

2030 3958 2191 4013 verba
2225 3958 2340 4025 ipsa
2382 3955 2665 4023 preprium
2726 3942 2965 4005 retinere
3006 3951 3174 4003 robur
3204 3949 3500 4009 credimus,
3557 3957 3612 4001 et

2028 4048 2198 4105 divini
2227 4044 2519 4101 sacerdotii
2554 4041 2868 4097 facultatem
2894 4040 3117 4108 insuper
3138 4038 3607 4102 demonstramus,

2026 4135 2486 4208 quaeconiiciendi
2532 4131 2700 4187 totius
2760 4128 3006 4198 mysterii
3059 4143 3155 4197 per
3208 4125 3609 4181 invocationem

2028 4229 2265 4297 Spiritus
2340 4224 2512 4280 sancti
2570 4238 2664 4292 per
2713 4236 2833 4276 eam
2897 4220 3173 4289 operantis
3226 4219 3335 4271 vim
3391 4217 3611 4271 habeat.

2031 4319 2122 4374 Sic
2161 4318 2310 4372 enim
2370 4324 2424 4370 et
2479 4314 2637 4369 divus
2689 4314 3117 4383 Chrysostomus
3191 4309 3414 4378 pariter,
3473 4308 3612 4364 libro

2034 4412 2107 4466 De
2138 4410 2465 4472 Sacerdotio,
2511 4409 2612 4465 hac
2640 4409 2758 4478 ipsa
2790 4408 2856 4460 de
2904 4420 2961 4458 re
2989 4405 3113 4460 talia
3155 4403 3370 4473 inquit:
3410 4421 3428 4454 ι
3455 4403 3612 4457 Astat

351 4510 632 4577 ρωσύνης
670 4508 841 4579 τρίτῳ
883 4506 1014 4576 περὶ
1049 4503 1217 4559 αὑτοῦ
1263 4501 1454 4556 τούτου
1492 4502 1671 4554 τοιάδε
1716 4501 1881 4570 φησίν
1908 4517 1923 4532 ο

2033 4504 2312 4568 sacerdos,
2344 4516 2452 4556 non
2475 4501 2653 4570 ignem
2686 4499 3001 4560 demitteus,
3030 4495 3125 4550 sed
3169 4493 3431 4563 Spiritum
3488 4508 3612 4547 san-

361 4621 381 4655 t
424 4603 695 4669 Ἕστηκεν
743 4602 772 4655 ὁ
814 4598 1016 4668 ἱερεὺς,
1054 4597 1113 4650 ού
1146 4596 1259 4667 πῦρ
1298 4595 1648 4664 καταφέρων,
1685 4593 1825 4647 ἀλλὰ
1872 4592 1931 4644 τὸ

357 4694 579 4765 Πνεῦμα
606 4695 663 4745 τὸ
696 4694 870 4761 ἅγιον,
904 4692 997 4744 καὶ
1025 4690 1126 4760 τὴν
1158 4688 1442 4757 ἱκετηρίαν
1475 4688 1705 4740 ἐπιπολὺ
1761 4689 1933 4739 ποιεῖ-

353 4803 464 4848 ται,
514 4785 613 4852 οὐχ
653 4785 737 4835 ἵνα
759 4799 838 4844 τις
867 4780 1115 4849 λαμπὰς,
1166 4776 1373 4829 ἄνωθεν
1409 4777 1661 4843 ἁφθείσα,
1701 4792 1936 4827 κατανα-

357 4879 509 4950 λώσῃ
559 4878 627 4930 τὰ
662 4874 1021 4946 προκείμενα,
1066 4870 1180 4924 ἀλλ’
1211 4868 1277 4922 ἵν’
1308 4870 1341 4939 ἡ
1390 4868 1570 4936 χάρις,
1592 4864 1935 4925 ἐπιπεσοῦσα

355 4972 422 5040 τῇ
449 4967 630 5039 ουσία,
658 4967 723 5020 δι’
754 4964 964 5034 ἐκείνης
988 4963 1084 5026 τὰς
1111 4962 1366 5016 ἁπάντων
1401 4960 1579 5030 ἀνάψῃ
1607 4958 1804 5029 ψυχὰς,
1840 4958 1936 5011 καὶ

356 5064 626 5137 ἀργυρίου
648 5061 1039 5133 λαμπροτέρας
1062 5056 1318 5125 ἀποδείξῃ
1343 5054 1769 5121 πεπυρωμένου.
1790 5049 1934 5103 Ἀλλ’

356 5158 469 5212 οὐδ’
495 5156 829 5227 ἀμφιϐολίαν
862 5154 982 5207 τινὰ
1018 5150 1108 5207 καὶ
1135 5148 1359 5218 ἁδηλίαν
1404 5145 1737 5217 εὐχομένους
1786 5145 1935 5215 ἡμᾶς

359 5249 689 5305 ὑποπτεύειν
721 5246 920 5316 χρεὼν,
949 5242 1114 5298 αὑτοῦ
1148 5240 1240 5295 τοῦ
1269 5239 1589 5308 οειουμένου
1627 5239 1722 5289 καὶ
1762 5254 1933 5306 μετα-

359 5341 772 5413 λαμϐανοιένου
811 5338 1085 5391 Δεσπότου
1136 5332 1491 5393 κελεύσαντος
1542 5330 1702 5383 τοῦτο
1756 5329 1931 5382 ποιεῖν

361 5436 528 5505 ἡμᾶς’
585 5431 774 5487 Τοῦτο
825 5430 957 5499 γὰρ,
1008 5427 1160 5496 φησι,
1209 5423 1431 5479 ποιεῖτε
1484 5426 1570 5489 είς
1619 5421 1733 5490 τὴν
1780 5419 1936 5490 ἐμὴν

359 5526 750 5596 ἀνάμνησιν-ο
796 5524 893 5576 καὶ
938 5520 1409 5588 ἐπαγγειλαμένου
1459 5516 1655 5570 δώσειν
1708 5507 1961 5582 Πνεῦμα’

364 5623 520 5688 ἅγιον
564 5622 677 5682 τοῖς
724 5616 965 5671 αἰτοῦσιν
1013 5614 1143 5669 αὐτὸ
1198 5614 1389 5675 ἅπασι,
1440 5611 1568 5680 μήτι
1600 5626 1662 5675 γε
1704 5607 1931 5677 ἱερεῦσι,

366 5717 461 5768 καὶ
497 5714 702 5783 σφόδρα.
730 5728 794 5777 γε
839 5709 1164 5780 βουλομένου
1194 5706 1350 5758 τοῦτο
1380 5703 1501 5756 καθ’
1546 5701 1780 5770 ἑκάστην
1818 5701 1936 5752 ἑπι-

367 5808 637 5863 τελεῖσθιιι
671 5806 799 5870 παρ’
830 5804 1009 5875 ἡμῶν,
1063 5801 1134 5865 ὡς
1166 5803 1253 5854 διὰ
1286 5799 1499 5853 πάντων
1546 5796 1669 5863 ἑξῆς
1700 5793 1931 5863 ἂναςιαί-

2033 4608 2180 4653 ctum
2209 4611 2223 4648 :
2279 4610 2342 4651 ac
2394 4593 2621 4662 supplex
2649 4591 2739 4644 diu
2770 4598 3048 4659 precatur,
3092 4602 3196 4641 non
3228 4596 3287 4640 ut
3320 4586 3499 4655 aliqua
3527 4585 3612 4639 fax

2037 4687 2270 4755 desuper
2322 4698 2551 4738 accensa
2580 4689 2870 4737 consumat
2912 4678 3188 4749 proposita
3218 4677 3387 4743 dona,
3420 4676 3515 4732 sed
3557 4685 3613 4730 ut

2035 4781 2205 4851 gratia
2247 4780 2299 4833 in
2328 4776 2561 4831 hostiam
2617 4774 2862 4843 delapsa.
2917 4788 3015 4840 pcr
3057 4786 3176 4825 eam
3234 4771 3613 4823 universorqu

2035 4871 2249 4935 animas
2292 4867 2575 4931 accendat,
2627 4875 2681 4919 et
2735 4872 2959 4933 argento
2996 4862 3165 4932 ignito
3213 4860 3613 4931 splendidiores

2032 4962 2248 5019 efficiat.
2269 4960 2375 5017 Sed
2399 4974 2576 5028 neque
2599 4957 2866 5013 haesitatio
2891 4955 2996 5010 ulla
3017 4971 3081 5011 ac
3100 4953 3428 5010 incertitudo
3453 4950 3612 5003 nobis

2035 5054 2385 5124 precantibus
2417 5047 2760 5117 suSpicanda
2788 5056 2893 5111 est,
2913 5062 3037 5102 cum
3061 5046 3107 5101 is
3133 5044 3224 5113 qui
3254 5041 3538 5096 deificatur
3562 5049 3611 5093 et

1994 5138 1999 5143 ”
2034 5143 2387 5215 participatur
2410 5140 2673 5197 Dominus
2704 5141 2809 5195 hoc
2844 5154 2943 5193 nos
2982 5136 3162 5190 facere
3186 5132 3409 5204 jusserit
3444 5148 3459 5198 ;
3500 5130 3612 5184 lloc

2032 5233 2600 5304 enim,jnquit,facite
2631 5235 2687 5286 in
2734 5245 2904 5284 meum
2953 5224 3612 5287 ron:memorationem;et

2038 5330 2347 5398 promiserit
2375 5344 2434 5383 se
2460 5330 2717 5383 daturum
2774 5323 3040 5393 Spiritum
3068 5328 3319 5376 sanctum
3350 5316 3610 5377 omnibus

2042 5421 2133 5490 qui
2158 5421 2415 5491 petierint
2445 5436 2593 5485 eum,
2634 5418 2831 5473 nedum
2888 5413 3267 5471 sacerdotibus
3313 5426 3328 5466 :
3374 5410 3613 5477 velitque

2040 5516 2143 5570 huc
2172 5514 2400 5583 singulis
2438 5512 2629 5566 diebus
2653 5508 2846 5564 conﬁci
2912 5522 2942 5563 a
3011 5505 3191 5569 nobis,
3242 5514 3302 5557 ut
3350 5502 3612 5569 deinceps

2039 5624 2133 5678 per
2157 5607 2338 5662 omnia
2359 5611 2715 5659 monstratur.
2748 5599 2905 5657 Tune
2945 5599 3105 5655 etiam
3139 5595 3389 5653 fortassis
3419 5609 3481 5659 ex
3512 5592 3613 5647 hoc

2039 5701 2303 5770 baptisma
2331 5713 2545 5773 quoque
2591 5704 2907 5765 suspectum
2938 5695 3163 5757 habeas,
3187 5688 3330 5761 quod
3354 5685 3611 5758 precibus

2041 5792 2239 5855 pariter
2268 5797 2431 5860 atque
2467 5788 2907 5843 iuvocationibus
2937 5784 3247 5850 coniicitur,
3283 5790 3335 5837 et
3357 5786 3611 5852 prorato-
