3956 6200
350 375 489 439 1087

1340 370 1397 430 Μ
1405 368 1584 431 ARCI
1622 365 1941 431 EPHESII
1981 366 2541 430 METBOPOLlT/E

3458 350 3592 415 1088

353 498 475 538 rum
503 482 903 546 remissionem,
960 496 1027 535 an
1054 494 1181 535 vere
1212 480 1492 550 acceperis
1523 479 1919 534 dubitationem

2032 497 2196 537 νεται.
2226 481 2297 534 Ἢ
2327 480 2391 534 σύ
2425 497 2489 549 γε
2520 478 2680 548 τυχδν
2728 476 2791 530 ὲκ
2836 474 3049 536 τούτου,
3100 470 3195 523 καὶ
3219 468 3279 522 τδ
3312 467 3593 537 βᾶπτισμσ

358 575 601 642 aliquam
634 573 856 633 habeas.
886 587 1009 641 qum
1039 571 1133 625 tihl
1163 570 1485 625 sacerdotali
1512 570 1681 635 gratia
1722 580 1920 623 conce-

355 667 501 720 ditur
524 665 546 717 ?
567 664 807 730 itemque
836 664 940 717 alia
967 664 1148 717 omnia
1189 661 1559 717 ecclesiastica
1598 659 1921 730 praescribas

355 755 614 826 mysteria
640 756 664 808 ?
692 753 810 809 Non
838 755 913 809 ita
956 764 1039 811 est
1064 753 1327 825 profecto,
1360 768 1465 807 non
1497 753 1569 806 ita
1597 761 1721 818 est;
1751 751 1920 805 tidelis

351 850 496 901 enim
538 848 629 915 qui
678 848 926 917 promisit
981 862 1039 902 se
1096 847 1384 901 nobiscum
1434 845 1689 899 omnibus
1732 843 1922 897 diebus

354 938 619 1003 futurum,
650 951 824 1006 usque
852 938 919 992 ad
944 937 1469 993 consummationem
1513 933 1721 989 saeculi.
1745 935 1924 1003 Atque

353 1046 454 1085 nos
478 1030 697 1098 quidem
725 1030 838 1084 haec
874 1044 903 1084 a
929 1030 1138 1084 sanctis
1190 1028 1449 1097 apostolis
1478 1036 1531 1081 et
1573 1041 1763 1081 eorum
1792 1040 1922 1081 sue-

353 1122 665 1177 cessoribus
691 1122 1019 1191 accepimus,
1059 1130 1113 1174 et
1138 1121 1210 1174 ita
1235 1120 1553 1185 retinemus,
1583 1126 1687 1171 uta
1707 1126 1924 1172 senten-

355 1213 427 1265 tia
460 1213 562 1266 ltac
587 1201 857 1266 dimoveri
911 1226 1269 1279 nequeamus,
1335 1219 1385 1264 et
1433 1210 1697 1263 rationem
1729 1222 1921 1262 eorum

356 1302 657 1359 reddimus.
693 1321 711 1355 ι
745 1303 902 1369 Quod
951 1312 1131 1357 autem
1156 1302 1371 1357 Domini
1413 1303 1478 1357 de
1504 1301 1779 1375 mysteriis
1808 1315 1926 1355 ser-

358 1408 469 1457 mo,
496 1409 592 1462 per
628 1394 849 1461 modum
886 1393 1220 1448 recitationis
1273 1393 1539 1463 prolatus,
1559 1392 1625 1446 ad
1651 1392 1924 1446 donorum

356 1484 841 1541 sanctiﬁcationem
874 1484 1124 1551 subiciat,
1152 1500 1315 1540 nemo
1342 1482 1739 1553 apostolorum;
1765 1497 1926 1538 nemo

356 1577 656 1631 doctorum.
677 1578 879 1633 dixisse
894 1579 1159 1633 cernitur.
1187 1577 1382 1633 Verum
1419 1578 1564 1647 quod
1600 1577 1685 1631 ille
1707 1577 1923 1645 quidem

358 1665 525 1720 semel
551 1666 617 1720 ab
642 1665 733 1721 illo
756 1668 1026 1736 prolatus,
1053 1669 1153 1722 hoc
1171 1668 1288 1735 ipso
1312 1668 1456 1738 quod
1476 1668 1543 1723 ab
1576 1667 1663 1720 illo
1685 1681 1927 1736 pronun-

360 1759 529 1813 tiatus
573 1767 679 1823 est,
709 1759 932 1829 perinde
965 1768 1127 1828 atque
1173 1760 1226 1813 in
1251 1774 1429 1813 rerum
1452 1758 1805 1813 fabricatione
1835 1759 1927 1811 lia-

2024 573 2451 639 ὐποπτεύσειας,
2503 572 2573 626 δι’
2619 571 2797 641 εὐχῶν
2861 565 3064 638 ὁμοίως
3106 562 3202 615 καὶ
3256 560 3593 626 {mw-"2‘5""

2021 663 2419 732 τελειούμενον,
2473 664 2567 716 καὶ
2617 662 2717 731 τὴν
2765 658 2877 712 τῶν
2933 654 3217 727 ἁμαρτιῶν
3274 653 3489 720 ἄφεσιν,
3549 650 3596 699 εἰ

2022 756 2239 825 ἀληθῶς
2278 755 2462 821 ἐδέξω,
2498 751 2793 821 δισταγμὸν
2827 766 2949 803 τινα
2983 746 3170 818 σχοίης
3196 744 3286 798 διὰ
3320 742 3418 809 τῆς
3452 743 3595 809 ἱεραο

2022 848 2183 916 τικῆς
2202 848 2422 918 χάριτος
2448 844 2857 913 ὲπιδιδομένην,
2885 842 2979 894 καὶ
3012 839 3180 894 τᾶλλα
3211 835 3374 890 πάνθ’
3396 834 3598 901 ὁμοίως

2024 937 2457 1005 ἐκκλησιαστικά
2511 934 2791 1005 μυστήρια
2854 930 3238 1000 διαγράψειας.
3306 924 3449 978 Ἀλλ’
3499 924 3599 975 οὐκ

2023 1028 2140 1082 ἔστι
2170 1027 2367 1093 ταῦτα,
2396 1028 2495 1079 οὐκ
2521 1026 2659 1079 ἐστι’
2696 1022 2886 1086 πιστὸς
2916 1021 3022 1091 γὰρ
3054 1021 3081 1074 6
3110 1016 3600 1087 ἐπαγγειλάμενος,

2027 1120 2149 1190 μεθ’
2177 1118 2337 1189 ἡμῶν
2388 1117 2610 1171 ἔσεσθαι
2659 1116 2757 1178 τὰς
2792 1114 3007 1185 ἡμέρας
3040 1112 3284 1173 ἁπάσας,
3330 1109 3456 1178 ἄχρι
3498 1106 3600 1172 τῆς

2025 1211 2337 1272 συντελείας
2366 1210 2462 1264 τοῦ
2488 1209 2701 1272 αἰῶνος.
2742 1207 2936 1276 Ἡμεῖς
2974 1204 3076 1275 μὲν
3095 1201 3190 1256 οὖν
3225 1201 3398 1255 ταῦτα
3444 1197 3600 1268 napi

2023 1304 2133 1357 τῶν
2174 1302 2344 1371 ἁγίων
2368 1301 2686 1355 ἀποστόλων
2708 1298 2799 1352 καὶ
2820 1296 2929 1350 τῶν
2952 1295 3193 1357 έκείνους
3223 1290 3601 1361 ἐκδεξαμένων

2027 1394 2454 1465 παραλαϐόντες,
2514 1393 2610 1447 καὶ
2657 1391 2964 1460 κατέχομεν
3010 1385 3457 1457 ἀμεταποιήτως,
3506 1381 3600 1433 καὶ

2026 1487 2118 1541 τὸν
2151 1486 2478 1555 γιγνόμενον
2510 1482 2597 1537 ἐπ’
2631 1482 2818 1545 αὐτοῖς
2845 1479 3174 1547 ἀποδίδομεν
3218 1474 3399 1542 λόγον·
3434 1474 3517 1527 ὅτι
3546 1472 3602 1525 δὲ

2027 1568 2055 1633 6
2096 1578 2190 1631 τοῦ
2226 1576 2434 1645 Κυρίου
2468 1576 2597 1646 περὶ
2642 1575 2752 1627 τῶν
2800 1572 3117 1644 μυστηρίων
3148 1570 3326 1637 λόγος,
3367 1568 3425 1620 ὲν
3470 1566 3604 1617 εῖδει

2026 1670 2336 1740 διηγήσεως
2375 1666 2690 1737 λεγόμενος,
2727 1665 2863 1735 πρὸς
2895 1663 3166 1731 ἅγιασμδν
3198 1659 3387 1730 δώρων
3417 1659 3604 1727 ἀρκεῖ,

2028 1763 2201 1825 οὐδεὶς
2229 1759 2351 1814 οὐτε
2404 1759 2513 1812 τῶν
2565 1757 2903 1817 ἀποστόλων,
2946 1754 3069 1808 οὐτε
3112 1752 3223 1807 τῶν
3263 1750 3603 1805 διδασκάλων

360 1849 505 1904 bitus
542 1864 724 1904 sermo
748 1864 963 1919 semper
1018 1859 1295 1919 epcretur,
1349 1851 1452 1904 hoc
1503 1850 1577 1903 ait
1625 1865 1801 1903 aureaD
1840 1848 1928 1904 ille

2032 1853 2198 1905 εἰπὼν
2225 1850 2492 1920 φαίνεται.
2513 1848 2654 1904 Ἀλλ’
2688 1848 2770 1901 ὅτι
2810 1847 2907 1917 μὲν
2957 1845 3104 1909 ἅπαξ
3140 1844 3232 1898 ὐπ’
3264 1842 3476 1897 ἐκείνου
3510 1844 3597 1912 ρη-

360 1938 558 2008 linguze
580 1938 837 1995 Joannes.
860 1941 1015 2006 Quod
1045 1956 1173 1995 vero
1203 1957 1347 1996 nunc
1382 1957 1413 1997 a
1442 1942 1725 1996 sacerdote
1750 1941 1923 2010 prola-

364 2041 471 2095 tus,
506 2032 609 2085 hoc
654 2033 773 2099 ipso
823 2032 967 2100 quod
1021 2032 1088 2085 ab
1117 2047 1184 2086 eo
1236 2033 1467 2097 dicatur,
1529 2031 1636 2087 hoc
1678 2030 1872 2099 possit,
1899 2046 1930 2085 a

365 2121 512 2175 nullo
539 2122 663 2176 licet
693 2123 932 2177 ediscere
959 2140 975 2179 :
1037 2125 1476 2194 quandoquidem
1509 2139 1606 2179 nec
1636 2125 1751 2187 ipse
1776 2123 1932 2193 opili-

363 2214 445 2267 cis
483 2221 745 2281 operatur
770 2228 972 2277 sermo,
996 2214 1125 2283 quia
1157 2215 1209 2268 in
1241 2215 1492 2284 singulis,
1532 2229 1653 2285 qua:
1701 2215 1838 2268 ﬁunt
1864 2212 1931 2268 ab

361 2304 547 2374 aliquo
573 2304 791 2360 homine
827 2304 1094 2360 referatur
1127 2322 1142 2361 :
1176 2306 1269 2362 sed
1300 2308 1423 2376 quia
1450 2306 1618 2361 semel
1645 2315 1727 2361 est
1763 2321 1794 2361 a
1822 2304 1930 2360 Deo

362 2397 703 2452 enuntiatus.
754 2396 897 2463 Quin
962 2398 1127 2452 etiam
1179 2413 1280 2454 nec
1327 2398 1429 2469 ipsi
1479 2398 1699 2468 quidem
1750 2398 1933 2453 dicent

360 2486 952 2555 nperariDominicum
976 2490 1225 2553 verbum,
1280 2505 1309 2544 a
1356 2492 1553 2560 quovis
1608 2489 1930 2560 simpliciter

361 2577 655 2647 prolatum,
686 2595 863 2649 neque
893 2580 1098 2651 absque
1130 2582 1309 2637 altari.
1343 2583 1399 2637 Si
1456 2583 1619 2653 igitur
1650 2572 1934 2638 sacerdote

359 2678 448 2724 est
492 2686 628 2738 opus
673 2681 730 2727 et
791 2673 971 2736 altari,
1030 2684 1086 2729 et
1127 2673 1249 2731 aliis
1298 2691 1419 2746 quae
1439 2675 1609 2738 ad_id
1637 2676 1929 2746 pertinent,

361 2759 551 2830 quidni
575 2770 631 2817 et
652 2762 1345 2832 precibus,benedictione,
1383 2776 1439 2821 et
1467 2782 1560 2836 per
1582 2782 1700 2821 eam
1729 2766 1934 2821 adven-

362 2861 418 2907 tu
445 2854 617 2909 sancti
652 2852 916 2924 Spiritus,
947 2856 1244 2927 quiomnia
1269 2857 1483 2928 perﬁcit
1511 2868 1565 2913 et
1583 2867 1931 2914 consummat

361 2947 616 3017 mysteria
637 2948 659 3001 ?
677 2948 894 3011 Adliazc.
913 2965 1067 3005 sacer
1082 2950 1169 3004 ille
1195 2949 1483 3022 Dionysius
1501 2950 1808 3007 testimonio
1827 2968 1929 3008 suo

360 3054 409 3092 ιιι
434 3048 575 3095 stros
603 3039 738 3096 ritus
761 3042 1181 3097 confirmaturus
1213 3043 1455 3100 accedat.
1477 3043 1535 3099 lu
1563 3043 1767 3100 theoria
1783 3044 1925 3099 enim

360 3132 605 3201 mysterii
641 3150 909 3205 synaxeos
939 3150 953 3188 :
985 3154 1002 3187 ι
1031 3133 1132 3189 Ubi
1174 3150 1354 3199 sacra,
1386 3136 1581 3207 inquit,
1615 3136 1710 3192 Dei
1761 3151 1925 3207 opera

2033 1944 2166 2007 θεὶς,
2200 1943 2347 2013 αὐτῷ
2380 1942 2455 2012 τῷ
2486 1942 2580 1994 ὐπ’
2621 1940 2833 1994 ἐκείνου
2867 1938 3120 2009 ῥηθῆναι,
3157 1936 3404 2007 καθάπερ
3430 1938 3461 1987 6
3507 1935 3603 2004 δηο

2035 2032 2352 2103 μιουργικδς
2394 2032 2565 2098 Λόγος
2604 2032 2690 2083 ἀεὶ
2722 2032 2954 2101 ἐνεργεῖ,
3001 2027 3161 2081 τοῦτό
3211 2043 3376 2097 φησιν
3427 2028 3456 2080 6
3505 2025 3601 2096 τὴν

2030 2126 2276 2195 γλῶτταν
2324 2123 2558 2194 χρυσοῦς
2621 2123 2899 2190 Ἰωάννης.
2952 2122 3074 2175 Ὀτι
3112 2120 3167 2174 δὶ
3210 2119 3304 2173 νῦν
3355 2120 3461 2173 ὑπὸ
3509 2118 3601 2172 τοῦ

2035 2215 2222 2287 ἱερέως
2253 2215 2571 2286 λεγόμενος,
2607 2215 2695 2269 διὰ
2728 2213 2789 2267 τὸ
2835 2214 2928 2267 ὐπ’
2967 2210 3130 2267 αὐτοῦ
3158 2212 3414 2280 λέγεσθαι
3446 2210 3600 2264 τοῦτο

2032 2309 2278 2375 δύναται,
2312 2308 2614 2378 οὐδαμόθεν
2666 2307 2781 2360 ἐστι
2832 2306 3046 2377 μαθεῖν·
3085 2306 3209 2360 ἐπεὶ
3250 2305 3357 2358 οὐδ’
3388 2305 3550 2366 αὐτὸς
3576 2309 3603 2357 6

2031 2399 2427 2472 δημιουργικδς
2478 2398 2649 2467 Λόγος
2693 2399 2929 2469 ένεργεῖ,
2980 2399 3064 2452 ὅτι
3116 2395 3203 2467 ἐφ’
3234 2396 3449 2465 ἑκάστῳ
3496 2395 3602 2448 τῶν

2035 2491 2339 2561 γινομένων
2388 2490 2493 2544 ὐπό
2541 2506 2688 2550 τινος
2735 2489 3025 2558 ἀνθρώπου
3075 2489 3325 2557 λέγεταιο
3362 2488 3480 2541 ἀλλ’
3524 2488 3603 2540 ὅτι

2034 2586 2185 2638 ἐστὶν
2218 2584 2366 2650 ἅπαξ
2394 2584 2500 2638 ὐπὸ
2533 2584 2629 2637 τοῦ
2663 2583 2798 2638 Θεοῦ
2830 2583 3169 2654 εἰρημένοςπ
3194 2583 3302 2635 Καὶ
3338 2582 3445 2652 μὴν
3496 2581 3602 2634 οὐδ’

2032 2676 2188 2735 αὐτοὶ
2219 2680 2484 2749 φήσουσιν
2520 2679 2766 2748 ἐνεργεῖν
2796 2676 2892 2730 τὸν
2927 2675 3249 2730 δεσποτικὸν
3287 2676 3464 2743 λόγον,
3501 2674 3602 2727 ὑπὸ

2031 2773 2127 2826 τοῦ
2153 2770 2407 2842 τυχόντος
2436 2768 2624 2830 ἁπλῶς
2659 2767 2975 2837 λεγόμενος,
3002 2766 3111 2823 οὐδ’
3142 2766 3270 2821 ἄνευ
3305 2767 3603 2835 θυσιαστη-

2035 2865 2175 2939 ρίου.
2231 2864 2292 2917 Εἱ
2342 2862 2524 2915 τοίνυν
2560 2862 2753 2931 ἱερέως
2803 2860 3003 2914 δεῖκαὶ
3056 2858 3465 2930 θυσιαστηρίου,
3512 2860 3601 2911 καὶ

2033 2958 2142 3012 τῶν
2173 2956 2348 3010 ἄλλων
2382 2956 2485 3009 ὅσα
2518 2953 2651 3024 πρὸς
2678 2952 2836 3007 τοῦτο
2866 2952 3149 3019 συντείνει,
3194 2953 3280 3005 διὰ
3319 2952 3372 3005 τί
3407 2951 3479 3022 μή
3512 2952 3602 3004 καὶ

2031 3048 2208 3120 εὐχῶν
2252 3046 2468 3117 δεήσεις
2505 3044 2779 3115 εὐλογίας,
2811 3047 2907 3097 καὶ
2945 3043 3045 3114 τῆς
3088 3043 3157 3097 δι’
3191 3043 3359 3113 αὐτῆς
3394 3044 3605 3111 ἐπιφοι.

2031 3144 2241 3213 τήσεως
2283 3140 2379 3194 τοῦ
2411 3139 2568 3208 ἁγίου
2621 3137 2977 3208 Πνεύματος,
3013 3137 3136 3207 ἥτις
3186 3139 3363 3192 πάντα
3412 3137 3607 3191 uitato!

360 3223 641 3281 hierarclia
671 3228 984 3292 celebravit,
1012 3230 1075 3283 ad
1114 3231 1575 3286 consecrationem
1606 3230 1847 3297 accedit;
1879 3239 1928 3285 et

2037 3233 2105 3289 τὰ
2147 3232 2457 3304 μυστήριας
2508 3230 2653 3301 Πρὸς
2699 3228 2910 3293 τούτοις
2939 3230 2968 3281 6
3000 3228 3144 3299 ἱερὸς
3174 3228 3453 3292 Διονύσιος
3495 3230 3601 3283 ἑπι-

358 3316 508 3383 prius
529 3316 744 3385 quidem
768 3335 864 3387 pro
896 3334 955 3373 ca
979 3320 1388 3374 excusationem
1416 3318 1929 3375 aﬂ‘ertexclamaus:

365 3426 385 3459 ι
410 3407 485 3459 Tu
507 3408 692 3463 dixisti
716 3428 728 3462 :
753 3409 867 3462 Hoc
896 3411 1052 3479 Incite
1079 3413 1133 3464 in
1159 3428 1325 3465 meam
1352 3420 1932 3477 commemorationem;

359 3500 483 3553 dein
508 3499 575 3553 ad
604 3500 959 3557 imitationem
981 3503 1073 3557 Dei
1102 3504 1417 3575 compositae
1451 3504 1615 3573 hujus
1646 3518 1933 3559 consecra-

359 3591 738 3662 tionisdignus
816 3592 934 3646 fieri
995 3603 1250 3661 precatur
1303 3601 1359 3647 et
1405 3594 1471 3645 ad
1521 3591 1932 3648 similitudinem

360 3688 534 3755 ipsius
553 3685 756 3741 Christi
784 3685 967 3740 divina
1011 3699 1295 3754 peragere,
1322 3692 1376 3739 et
1414 3686 1678 3755 impertiri
1706 3686 1934 3740 sanctis-

239 3828 245 3834 .
358 3780 536 3834 sime:
570 3795 634 3834 ac
659 3793 813 3833 sacra
847 3785 1223 3846 percepturos,
1254 3786 1604 3833 sacrosancte
1634 3778 1931 3850 percipere.

361 3870 564 3924 Deinde
588 3869 669 3924 sic
700 3867 1039 3922 divinissima
1066 3868 1274 3937 peragit
1322 3883 1500 3933 sacra,
1536 3877 1705 3939 atque
1759 3872 1933 3927 oculis

358 3961 570 4030 objicit,
606 3975 728 4030 quae
753 3960 1048 4015 celebravit
1080 3975 1173 4029 per
1226 3975 1382 4017 sacra
1446 3962 1745 4030 proposita.
1798 3961 1931 4018 Nam

362 4070 501 4125 pane
524 4053 614 4124 qui
646 4061 871 4123 opertus
904 4064 1021 4108 erat
1054 4062 1109 4108 et
1137 4052 1427 4119 indivisus,
1465 4054 1734 4124 patefacto
1793 4064 1848 4110 et
1879 4058 1931 4112 in

361 4146 560 4200 multas
584 4154 763 4215 partes
791 4144 1101 4210 distributo,
1128 4145 1443 4215 unitateque
1468 4146 1655 4202 calicis
1682 4148 1936 4205 omnibus

358 4238 665 4307 dispertita,
732 4236 1045 4305 symbolica‘.
1096 4237 1362 4292 unitatem
1398 4239 1718 4309 multiplicat
1767 4250 1823 4295 et
1851 4240 1935 4295 di-

359 4330 600 4385 stribuit.
638 4347 656 4380 ι
696 4328 765 4383 Et
797 4336 918 4397 post
950 4334 1118 4398 pauca
1155 4345 1168 4383 :
1205 4347 1223 4380 ι
1255 4328 1515 4399 Percepta
1546 4346 1609 4385 ac
1631 4331 1755 4386 data
1786 4347 1934 4387 com-

360 4421 621 4476 munione
651 4419 935 4475 hierarcha
976 4419 1031 4474 in
1085 4435 1298 4476 sacram
1334 4423 1632 4491 gratiarum
1666 4424 1931 4480 actionem

359 4514 580 4569 desinit.
613 4532 632 4566 ι

2040 3323 2413 3395 μαρτυρήσων
2463 3319 2679 3390 παρίτω
2705 3322 2818 3384 τοῖς
2858 3318 2989 3389 παρ’
3025 3319 3187 3389 ήμῶν
3219 3319 3571 3389 τελουμένοις
3594 3334 3610 3350 ·

2035 3418 2093 3471 ὲν
2121 3416 2230 3487 γὰρ
2254 3419 2319 3487 τῇ
2340 3415 2548 3486 θεωρίᾳ
2571 3412 2665 3468 τοῦ
2683 3415 2783 3484 τῆς
2807 3413 3078 3479 συνάξεως
3108 3412 3432 3483 μυστηρίου,
3468 3412 3611 3475 ιΤᾶς

2036 3508 2212 3577 ἱερὰς,
2250 3510 2408 3578 φησὶ,
2442 3508 2727 3577 θεουργίας
2757 3509 2785 3560 6
2807 3506 3070 3577 ἱεράρχης
3095 3505 3363 3575 ὑμνήσας,
3391 3504 3485 3557 ἐπὶ
3513 3505 3610 3573 τὴν

2036 3600 2354 3668 ἱερουργίαν
2384 3600 2624 3669 ἔρχεταιυ
2655 3608 2749 3652 καὶ
2795 3598 3060 3669 πρότερον
3092 3596 3192 3667 μὲν
3224 3597 3366 3665 ὑπὲρ
3406 3596 3604 3664 ταύτης

2033 3690 2378 3758 ἀπολογεῖται
2409 3691 2503 3745 καὶ
2530 3690 2754 3761 ἀναϐοᾷ,
2803 3691 2875 3744 Σὺ
2917 3685 3097 3753 εἶπας,
3162 3688 3343 3743 Τοῦτο
3390 3688 3608 3742 ποιεῖτε

2036 3784 2124 3848 εις
2170 3783 2287 3851 τὴν
2327 3782 2482 3852 ἐμὴν
2528 3782 2911 3852 ἀνάμνησιν
2957 3778 3077 3834 εἶτα
3124 3781 3223 3851 τῆς
3270 3780 3613 3848 θεομιμήτου

2035 3875 2241 3946 ταύτης
2268 3875 2577 3947 ἱερουργίας
2609 3875 2758 3942 ἄξιος
2781 3874 2925 3927 αἰτεῖ
2949 3872 3225 3941 γενέσθαι,
3262 3871 3356 3924 κιιὶ⁵
3384 3874 3453 3941 τῇ
3476 3873 3615 3941 πρὸς

2035 3968 2271 4038 Χριστὸν
2310 3966 2652 4038 ἀφομοιώσει
2697 3964 2765 4019 τὰ
2794 3964 2912 4017 θεῖα
2936 3964 3227 4031 πανάγνως
3254 3962 3476 4015 τελέσαι
3520 3962 3615 4013 καὶ

2034 4059 2329 4125 διαδοῦναι,
2383 4058 2474 4112 καὶ
2527 4059 2653 4120 τοὺς
2690 4056 3018 4126 μεθέξοντας
3072 4053 3413 4126 ἱεροπρεπῶς
3452 4069 3616 4121 μετα·

2038 4153 2211 4221 σχεῖν.
2264 4145 2383 4204 Εἶθ’
2414 4148 2589 4212 οὕτως
2639 4148 2913 4219 ἱερουργεῖ
2958 4147 3028 4200 τὰ
3076 4146 3354 4210 θειότατα,
3396 4146 3491 4197 καὶ
3520 4144 3616 4198 ὑπ’

2035 4242 2158 4313 δψιν
2191 4245 2314 4311 ἄγει
2339 4240 2407 4295 τὰ
2442 4241 2733 4311 ὑμνημένα
2759 4240 2848 4294 διὰ
2877 4240 2989 4293 τῶν
3022 4238 3186 4310 ἱερῶς
3206 4237 3617 4309 προκειμένων

2034 4339 2128 4392 τὸν
2162 4338 2270 4409 γὰρ
2300 4337 2786 4405 ἐγκεκαλυμμένον
2819 4342 2913 4389 καὶ
2943 4334 3249 4404 ἀδιαίρετον
3280 4332 3448 4403 ἄρτον
3483 4334 3616 4384 ἁνα-

2036 4429 2304 4499 καλύψας,
2340 4430 2418 4491 είς
2456 4428 2631 4482 πολλὰ
2662 4426 2878 4492 διελὼν,
2928 4425 3111 4480 καὶτὸ
3152 4427 3354 4480 ἑνιαῖον
3382 4424 3477 4478 τοῦ
3513 4443 3617 4479 πο-

2035 4523 2225 4593 τηρίου
2260 4524 2394 4575 πᾶσι
2421 4521 2826 4590 καταμερίσας,
2858 4517 3202 4590 συμϐολικῶς
3246 4519 3346 4590 τὴν
3377 4517 3613 4589 ἑνότητα

359 4606 621 4675 πληθύνει
652 4608 745 4662 καὶ
772 4609 1038 4681 διανέμει*
1065 4628 1083 4663 ι
1106 4610 1199 4664 καὶ
1232 4609 1351 4680 μετ’
1376 4611 1555 4681 ὀλίγα·
1580 4630 1600 4665 ι
1629 4614 1933 4686 Μετασχὼν
1969 4616 2027 4670 δὲ
2050 4618 2148 4672 καὶ
2187 4616 2451 4689 μεταδοὺς
2479 4618 2507 4671 6
2576 4615 2859 4686 ἱεράρχης,
2910 4616 2991 4679 εἱς
3037 4615 3389 4687 εὐχαριστίαν
3458 4616 3619 4686 ἱερὰν

357 4699 689 4770 καταλήγει.
729 4718 749 4752 ι

430 4793 557 4849 Haec
588 4792 763 4848 cuivis
788 4792 991 4847 volenti
1023 4793 1269 4848 contueri
1325 4792 1467 4857 licet,
1535 4812 1660 4852 cum
1692 4796 1923 4868 quibus-

2104 4796 2289 4853 Ταῦτα
2322 4801 2554 4872 συνορᾷν
2589 4798 2765 4865 ἔξεστι
2821 4798 2897 4869 τῷ
2945 4797 3259 4869 βουλομένῳ
3293 4800 3475 4860 παντὶ,
3536 4798 3615 4850 τί·

314 4870 317 4873 λ
359 4900 485 4941 nam
540 4884 910 4951 consentiant,
960 4884 1098 4939 iisne
1131 4900 1253 4955 quae
1301 4900 1331 4940 a
1361 4888 1520 4943 nobis
1569 4897 1925 4959 peraguntur,

355 4980 453 5027 aut
500 4972 569 5027 iis
602 4986 723 5041 qua
756 4985 787 5026 a
819 4970 1047 5027 Latinis.
1082 4970 1193 5028 Nos
1216 4974 1359 5030 enim
1396 4986 1690 5047 sequentes
1740 4992 1929 5034 sacros

358 5064 635 5136 apostolos
659 5076 713 5119 et
750 5064 1022 5128 doctores,
1052 5065 1207 5135 juxta
1232 5067 1462 5125 traditas
1489 5068 1654 5125 abiis
1715 5072 1934 5140 exposi-

357 5158 535 5213 tiones
584 5167 640 5213 et
701 5158 846 5212 hunc
884 5158 1012 5213 item
1046 5173 1328 5215 sacrorum
1370 5161 1745 5233 interpretem,
1770 5179 1928 5220 sacra

359 5248 455 5305 Dei
479 5263 642 5319 Opera
670 5250 1035 5317 celebramus,
1076 5252 1129 5307 id
1164 5261 1271 5318 est,
1320 5263 1380 5309 ut
1417 5254 1520 5309 iste
1561 5258 1658 5317 ait.
1702 5257 1793 5312 Dei
1831 5272 1929 5327 pro

359 5342 518 5397 nobis
545 5341 1003 5411 incarnationem,
1044 5346 1160 5413 ejus
1191 5360 1289 5415 pro
1326 5346 1485 5401 nobis
1504 5356 1756 5413 mortem,
1789 5351 1931 5404 divi-

358 5448 483 5488 nam
512 5433 907 5505 baptizatorum
940 5439 1371 5507 generationem,
1400 5439 1643 5495 divinam
1681 5443 1931 5513 adeptio-

318 5544 322 5549 ·
356 5537 513 5589 nem,‘
530 5526 816 5581 servandis
837 5529 1108 5583 mandatis
1134 5529 1531 5584 deiticationem
1564 5549 1579 5586 :
1612 5532 1683 5587 ita
1737 5534 1930 5589 deinde

358 5618 424 5671 ad
458 5620 922 5675 consecrationem
951 5622 1253 5686 venientes,
1284 5624 1431 5692 prius
1448 5625 1666 5694 quidem
1714 5642 1810 5696 pro
1830 5628 1933 5683 hac

355 5711 772 5767 excusationem
797 5712 1097 5780 atl'crimus,
1122 5725 1176 5768 et
1205 5717 1576 5773 cxclamamus
1613 5719 1726 5790 ipsa
1753 5721 1933 5775 Domi-

361 5802 485 5857 nica
514 5804 698 5871 verba,
737 5821 858 5874 qua:
920 5817 1032 5861 tum
1088 5810 1394 5881 cuuntiauit
1450 5828 1462 5865 :
1516 5821 1567 5868 et
1623 5814 1929 5882 subdimus,

2039 4907 2125 4945 σιν
2184 4891 2302 4945 ιστὶ
2357 4890 2643 4961 σύμφωνα,
2695 4890 2809 4954 τοῖς
2871 4890 3004 4959 παρ’
3040 4889 3197 4959 ήμῶν
3243 4888 3615 4955 τελουμένοις,

2035 4984 2070 5056 ἢ
2128 4986 2242 5048 τοῖς
2298 4985 2470 5054 ’παρὰ⁸
2503 4984 2772 5038 Λατίνων.
2816 4982 3006 5054 Ἡμεῖς
3065 4984 3165 5050 μὲν
3223 4980 3331 5050 γὰρ
3386 4982 3616 5033 ἀκολου-

2037 5076 2258 5140 θοῦντες
2295 5078 2409 5140 τοῖς
2471 5077 2639 5148 ἱεροῖς
2681 5075 3006 5138 ἀποστόλοις
3071 5074 3168 5127 καὶ
3228 5073 3612 5137 διδασκάλοις,

2037 5170 2182 5223 κατὰ
2230 5169 2327 5233 τὰς
2376 5168 2469 5222 ὑπ’
2499 5168 2680 5221 αὐτῶν
2726 5166 3173 5240 παραδεδομένας
3218 5165 3486 5227 ἐκθέσεις,
3518 5170 3615 5218 καὶ

2038 5262 2215 5329 τούτῳ
2269 5260 2333 5327 δὴ
2395 5259 2471 5330 τῷ
2536 5261 2914 5331 ἱεροφάντορι,
2967 5258 3067 5322 τὰς
3116 5254 3267 5329 ἱερὰς
3324 5258 3616 5328 θεουργὲας

2040 5351 2336 5423 ὐμνοιῢμεν,
2369 5352 2667 5417 τουτέστιν,
2694 5353 2771 5416 ὡς
2821 5350 2983 5413 αὐτός
3024 5366 3179 5419 φησι,
3224 5348 3325 5417 τὴν
3355 5348 3423 5401 δι’
3461 5350 3615 5418 ἡμεῖς

2037 5445 2454 5517 ὲνανθρῶπησιν
2483 5445 2575 5499 τοῦ
2607 5444 2767 5510 Θεοῦ,
2811 5444 2903 5498 τὸν
2937 5444 3077 5512 ὑπὲρ
3114 5441 3271 5512 ήμῶν
3320 5440 3485 5494 αὐτοῦ
3512 5441 3615 5493 θά-

2036 5553 2217 5601 νατον,
2243 5537 2343 5606 τὴν
2368 5535 2713 5603 θεογενεσίαν
2733 5535 2841 5588 τῶν
2865 5532 3300 5604 βαπτιζομένων,
3332 5532 3432 5603 τὴν
3458 5532 3614 5586 θείαν

2040 5628 2335 5693 υἱοθεσίαν,
2364 5628 2465 5693 τὴν
2483 5626 2571 5680 διὰ
2603 5626 2698 5694 τῆς
2723 5626 2972 5695 φυλακῆς
2994 5625 3104 5679 τῶν
3131 5624 3362 5679 ἐντολῶν
3390 5624 3613 5677 θέωσιν·

2038 5716 2139 5773 εἷθ’
2168 5718 2341 5782 οὕτως
2375 5718 2469 5771 ἐπὶ
2498 5718 2596 5787 τὴν
2642 5718 2953 5787 ἱερουργίαν
2999 5716 3308 5786 ἐρχόμενοι,
3343 5716 3611 5785 πρότερον

2040 5813 2139 5883 μὲν
2193 5813 2332 5882 ὑπὲρ
2381 5810 2584 5881 ταύτης
2639 5808 3077 5880 ἀπολογούμεθα,
3134 5809 3231 5863 καὶ
3284 5807 3610 5876 ἀναϐοῶμεν
