3956 6200
433 284 576 350 1095

1428 270 1667 336 MARCI
1697 275 2013 337 EPHESII
2045 271 2623 336 METROPOLITA!

3542 259 3675 327 1096

430 394 693 448 honorem
732 392 788 447 in
834 391 999 447 rebus
1052 388 1312 445 inanibus
1372 398 1639 460 occupata
1742 387 2004 445 detines?

2136 390 2208 443 ιαὶ
2240 387 2522 459 φιλότιμον
2559 388 2616 440 ἐν
2653 386 2764 448 τοῖς
2799 382 3049 455 ματαίοις
3078 378 3409 448 άπασχολεῖς
3430 394 3468 475 ςΔ
3506 379 3691 475 Ide-19:

439 484 728 554 Usquequo
777 483 1015 539 somnia?
1042 482 1350 551 Aliquando
1369 482 1568 537 veritas
1598 482 1839 537 tibicura
1878 482 2000 536 erit.

436 575 580 646 Fuge
610 574 900 645 Egyptum
962 573 1247 630 irreversis
1287 573 1483 639 oculis,
1550 573 1672 642 fuge
1711 573 2004 629 Sodomam

435 678 487 722 et
531 666 937 722 Gomorrham!
998 663 1167 720 Serva
1229 673 1280 719 te
1341 664 1397 718 in
1452 673 1663 729 monte,
1719 677 1787 717 ne
1842 663 2005 719 simul

438 755 900 825 deprehendaris!
938 756 1162 821 '_Verum
1224 755 1513 824 occupavit
1546 764 1597 811 te
1648 753 1832 809 inanis
1896 754 2011 824 glo-

438 848 570 902 riola
596 856 650 901 et
684 849 979 902 mendaces
1008 846 1209 902 divitiae
1236 855 1289 901 et
1337 856 1567 917 compta:
1599 846 2011 917 splendideque

438 949 622 994 vestes
656 949 709 994 et
743 940 848 993 alia
872 938 1070 1009 quibus
1104 938 1264 1007 hujus
1296 939 1481 993 mundi
1513 937 1745 994 felicitas
1770 939 2009 995 fulcitur.

440 1030 582 1095 lleu,
626 1030 728 1084 heu
773 1046 882 1083 non
932 1028 1361 1099 philosOphicam
1404 1030 1705 1099 phi1080phi
1739 1029 2011 1084 mentem!

441 1122 671 1190 Respice
705 1122 922 1191 penitus
948 1136 1063 1184 eos,
1095 1121 1187 1190 qui
1223 1133 1351 1175 ante
1383 1129 1434 1176 te
1490 1121 1759 1175 similibus
1789 1120 2011 1174 honori-

442 1213 548 1267 bus
579 1213 790 1282 probati
822 1213 1065 1266 fuerunt.
1102 1211 1236 1266 Cras
1267 1210 1566 1266 descendes
1595 1222 1652 1265 tu
1696 1226 1914 1281 quoque
1948 1214 2017 1265 ad

444 1306 670 1369 inferos,
716 1304 927 1357 relictis
993 1304 1245 1359 omnibus
1297 1319 1461 1374 super
1526 1311 1777 1369 terram;
1834 1318 2017 1356 rerum

445 1409 574 1448 vero
607 1411 636 1447 a
671 1402 720 1448 te
747 1406 1021 1464 gestarum
1058 1394 1405 1449 exactissima
1440 1395 1580 1447 ratio
1606 1408 1635 1446 a
1676 1400 1729 1447 te
1763 1401 2020 1461 expostu-

446 1481 667 1548 labitur,
720 1484 1181 1551 quemadmodum
1247 1498 1276 1537 a
1339 1482 1461 1537 falsi
1522 1482 1762 1537 nominis
1815 1481 2021 1553 synodo

445 1573 886 1641 expostulabitur
939 1574 1163 1642 sanguis
1220 1573 1625 1643 deperditarum
1686 1572 2019 1636 animarum,

446 1677 638 1718 eorum
667 1664 760 1735 qui
788 1666 1105 1720 scandalum
1138 1667 1296 1736 passi
1327 1676 1457 1721 sunt
1494 1667 1547 1721 in
1581 1666 1840 1736 mysterio
1868 1665 2022 1730 ﬁdei,

446 1846 666 1917 dignam
696 1850 895 1904 animis
934 1849 1048 1904 suis
1096 1861 1448 1919 exceperunt,
1515 1865 1640 1919 quae
1690 1860 1773 1905 est
1832 1858 2023 1905 contra

450 1938 715 2008 Spiritum
748 1948 1023 2006 sanetum,
1060 1948 1115 1994 et
1141 1940 1193 1993 in
1225 1941 1334 1995 duo
1369 1941 1580 1995 referre
1614 1941 1877 2011 principia
1908 1940 2027 2011 ejus

449 2032 827 2087 exsistentiam
863 2032 1090 2096 audent,
1119 2047 1328 2097 eorum,
1349 2033 1441 2102 qui
1473 2031 1529 2087 iu
1560 2031 1755 2101 impias
1782 2042 1835 2087 et
1864 2032 2029 2104 perri-

449 2123 659 2177 diculas
722 2120 1043 2177 Latinorum
1107 2124 1537 2179 consuetudines
1616 2124 1796 2178 abacti
1874 2134 2025 2191 sunt,

448 2229 661 2278 eorum,
700 2214 792 2283 qui
826 2213 1234 2269 maledictiones
1265 2225 1319 2269 et
1375 2216 1726 2270 anathemata
1759 2215 2028 2271 innovatae

450 2302 573 2357 fidei
600 2304 652 2357 in
685 2317 782 2356 sua
816 2303 1063 2371 ipsorum
1137 2302 1318 2371 capita
1371 2311 1734 2356 attraxerunt.
1762 2319 1781 2352 ι
1809 2301 1917 2357 Sed
1972 2302 2027 2355 in

451 2392 924 2447 conﬁrmationem
975 2399 1030 2446 et
1088 2403 1439 2460 augmentum
1499 2393 1715 2461 generis
1768 2392 2031 2464 (nationis

451 2484 673 2552 nostrae)
697 2482 876 2537 futura
905 2483 1131 2538 estunio
1159 2482 1224 2537 ab
1247 2482 1453 2538 eisdem
1474 2482 1639 2537 facta.
1673 2482 1770 2538 sEt
1797 2484 2032 2537 maxime

450 2588 602 2626 vero.
637 2571 823 2627 Nonne
855 2571 1003 2627 vides
1033 2570 1227 2626 Crucis
1256 2573 1445 2626 hostes
1477 2572 1531 2625 in
1568 2570 1750 2641 fugam
1805 2587 2032 2627 conver-

453 2677 566 2726 sos,
599 2677 881 2732 unumque
912 2677 944 2716 e
976 2662 1181 2717 nostris
1222 2662 1371 2717 mille
1428 2663 1779 2732 dissipantem
1809 2674 1861 2720 et
1891 2664 2031 2721 duos

454 2754 640 2808 decem
670 2754 837 2808 millia
892 2753 1310 2824 dispergentes?
1357 2752 1750 2810 Verumtamen
1807 2764 2032 2812 contra-

453 2840 600 2896 rium
622 2842 964 2914 respicimus.
998 2841 1114 2896 Nisi
1139 2842 1401 2898 Dominus
1415 2844 1763 2919 aediﬁcaverit
1787 2854 2031 2902 nostrum

454 2930 770 3001 Imperium,
798 2932 1001 2989 frustra
1027 2932 1276 2988 laborant
1311 2933 1402 3003 qui
1434 2932 1705 2989 aedificant
1732 2933 1898 3001 illud;
1929 2934 2033 2991 nisi

455 3017 721 3079 Dominus
780 3022 1103 3079 custodierit
1155 3032 1400 3079 nostram
1468 3024 1764 3094 civitatem,
1828 3024 2031 3082 frustra

456 3113 699 3185 vigilant,
727 3116 818 3186 qui
852 3113 1010 3186 Papae
1036 3117 1280 3171 nummis
1308 3116 1492 3173 aureis
1531 3131 1651 3172 eam
1684 3117 2032 3174 custodiunt.

456 3205 624 3277 Igitur
668 3207 755 3261 eia
799 3221 896 3279 age
954 3222 1102 3262 nunc
1155 3210 1412 3277 temporis
1469 3219 1640 3265 totum
1692 3212 2035 3281 temetipsum

459 3308 790 3355 transmuta.
830 3301 964 3355 Sine
1018 3311 1263 3354 mortuos
1317 3301 1549 3372 sepelire
1576 3312 1824 3358 mortuos
1882 3319 2032 3361 suos.

459 3389 592 3454 Qua:
641 3389 873 3444 Caesaris
917 3398 1067 3454 sunt,
1132 3390 1378 3461 relinque
1428 3390 1651 3447 Caesari.
1687 3390 1870 3448 Redde
1927 3395 2037 3449 Deo

460 3481 699 3532 animam
741 3478 808 3532 ab
848 3493 913 3533 eo
943 3486 1182 3533 creatam
1215 3490 1268 3533 et
1307 3479 1650 3538 adornatam.
1686 3483 1862 3539 Mente
1886 3499 2042 3540 reco-

458 3574 592 3642 gita,
616 3582 940 3642 quantorum
961 3570 1034 3625 illi
1067 3572 1277 3627 debitor
1313 3576 1567 3640 exsistas,
1596 3574 1758 3630 redde
1803 3578 2041 3631 retribu-

462 3665 692 3717 tionem.
730 3663 868 3718 Vere
903 3678 1070 3717 exoro
1103 3673 1177 3728 te,
1233 3666 1565 3720 amicissime
1609 3676 1662 3720 et
1709 3667 2042 3731 doctissime.

463 3755 549 3809 I'ac
576 3766 635 3808 ut
663 3756 730 3809 de
761 3765 812 3808 te
853 3755 1117 3824 gaudeam
1152 3771 1166 3819 ;
1195 3758 1434 3811 concede
1492 3758 1648 3823 mihi,
1713 3768 1770 3813 ut
1813 3760 2041 3831 gloriam

464 3842 573 3896 Deo
606 3842 858 3909 referam,
895 3844 1065 3914 quite
1124 3854 1411 3902 conservet
1439 3847 1509 3902 ab
1570 3848 1833 3905 universa
1900 3867 2041 3907 noxa

463 3933 812 3991 incolumem.

546 4026 775 4084 llnmilis
830 4002 1171 4101 metropdlita
1222 4029 1420 4101 Ephesi
1471 4040 1525 4088 et
1570 4036 1840 4091 universa
1904 4037 2047 4095 Asia:

462 4119 703 4177 Marcus.

2106 479 2210 533 ποῦ
2246 477 2316 532 τά
2348 476 2617 541 ὲνύπνια;
2657 474 2769 528 Kal.
2802 474 2835 540 ή
2876 470 3099 539 ἀλήθειά
3128 487 3256 523 ποτε
3303 466 3693 535 σπουδασθήτω

2108 586 2217 624 σοι.
2247 567 2419 636 Φεῦγε
2465 566 2740 636 Αἴγυπτον
2789 563 3223 633 ἀμεταστρεπτὶ,
3254 560 3426 629 φεῦγε
3478 559 3695 624 Σόδομα

2109 664 2197 715 καί
2234 662 2271 713 Γ
2275 660 2522 731 όμορῤα·
2558 657 2690 728 πρὸς
2721 656 2782 709 τὸ
2814 656 2937 724 ὅρος
2972 652 3169 718 σώζου,
3208 654 3283 724 μὴ
3321 652 3703 722 συμπαραληο

2111 753 2248 824 φθῇς
2270 752 2405 823 (9.7).
2436 751 2594 805 ’Δλλά
2615 749 2835 819 κατέχει
2854 748 2965 819 (28)
2982 764 3040 799 σε
3058 747 3119 800 τὸ
3144 747 3298 799 κενδν
3321 744 3432 816 (29)
3449 744 3706 812 δοξάριον

2111 847 2207 901 καὶ
2229 848 2257 899 ὁ
2284 843 2637 915 ψευδώνυμος
2665 841 2894 905 πλοῦτος
2929 842 3024 894 καὶ
3058 840 3127 893 τά
3151 838 3338 909 κομψὰ
3371 840 3469 892 καὶ
3496 836 3711 905 εὐανθῆ

2113 937 2449 1009 χλανισκίδια
2471 936 2587 1007 (50)
2621 934 2715 988 καὶ
2742 935 2935 999 τάλλα,
2980 928 3061 996 οἷς
3092 934 3127 1001 ἡ
3163 932 3403 1002 κοσμικὴ
3431 930 3717 1000 εὐημερία

2114 1031 2212 1100 τὴν
2246 1030 2512 1101 ,σύστασιν
2559 1026 2694 1096 (xci.
2748 1026 2851 1078 Φεῦ
2904 1026 3004 1095 τῆς
3059 1024 3393 1093 άφιλοσόφου
3460 1022 3715 1083 διανοίας

2117 1123 2210 1176 τοῦ
2236 1120 2561 1189 φιλοσόφουι
2596 1118 2927 1189 Περὶσλεψον
2951 1117 3065 1187 (51)
3089 1116 3214 1178 τοὺς
3246 1115 3352 1184 πρὸ
3384 1113 3493 1183 (52)
3516 1112 3620 1165 σοῦ
3652 1114 3713 1164 έν

2117 1215 2234 1275 ταῖς
2267 1212 2478 1281 ὁμοίαις
2511 1210 2883 1281 περιφανείαις
2914 1207 3325 1273 έξετασθέντας.
3345 1204 3551 1274 Αὔριον
3608 1221 3709 1257 κα-

2119 1305 2334 1374 ταϐήσῃ
2385 1302 2497 1374 (55)
2526 1302 2623 1355 καὶ
2664 1301 2828 1364 αὐτὸς
2859 1303 2939 1365 είς
2972 1300 3124 1371 ᾅδου,
3148 1298 3327 1352 πάντα
3386 1296 3705 1350 καταλιπὼν

2122 1394 2262 1463 ὑπὲρ
2284 1393 2383 1461 τῆς
2399 1393 2508 1461 (54)
2530 1392 2635 1460 γῆς
2653 1404 2671 1422 ⁸
2706 1392 2794 1443 τὸν
2817 1390 2928 1460 (55)
2953 1391 3009 1443 δὲ
3050 1391 3157 1443 τῶν
3185 1388 3530 1459 βεϐιωμένων
3545 1386 3707 1453 λόγον

2123 1483 2475 1555 ἀπαιτηθήσῃ
2511 1485 2649 1553 μετά
2684 1481 2887 1549 πολλῆς
2941 1479 3248 1550 ἀκριϐείας,
3293 1479 3482 1546 ὥσπερ
3516 1479 3632 1547 (56)
3672 1478 3708 1546 ἡ

2123 1575 2475 1644 ψευδώνυμος
2530 1573 2747 1637 σύνοδος
2799 1573 3240 1644 άπαιτηθήσεται
3278 1570 3339 1624 τὸ
3400 1564 3540 1639 αἷμα
3595 1569 3711 1621 τῶν

2114 1666 2518 1737 ’ἀπολλυμένων
2556 1664 2749 1735 ψυχῶν
2785 1664 2896 1719 τῶν
2950 1663 3449 1718 σκανδαλισθέντων
3485 1662 3579 1713 ktl.
3623 1660 3704 1729 τῷ

334 1842 337 1843 ν
446 1757 542 1825 qui
608 1758 999 1826 blasphemiam
1078 1758 1474 1814 intolerabilem
1533 1760 1791 1829 nullaque
1858 1758 2020 1812 venia

2136 1758 2418 1829 μυστηρίῳ
2446 1758 2546 1827 τῆς
2579 1758 2839 1823 πίστεως,
2867 1756 2979 1810 τῶν
3027 1756 3128 1826 τὴν
3159 1754 3434 1824 ἀφόρητον
3461 1752 3714 1823 βλασφη-

2133 1851 2260 1921 μίαν
2286 1852 2378 1905 καὶ
2397 1849 2786 1921 ἀσυγχώρητον
2798 1852 2917 1912 ταῖς
2938 1849 3137 1919 ψυχαῖς
3162 1846 3577 1914 ὑποδεξαμένων
3593 1843 3713 1911 (ετ)

2130 1944 2232 2012 τὴν
2259 1942 2402 1999 κιατά
2426 1942 2520 1995 τοῦ
2550 1942 2709 2010 άγίου
2742 1940 3058 2010 Πνεύματος
3100 1941 3192 1993 καὶ
3234 1940 3314 2002 είς
3342 1938 3435 1993 δύο
3465 1937 3717 2007 τολμῶν,

2129 2050 2238 2090 των
2267 2034 2441 2104 ἀρχάς
2487 2034 2779 2104 ἀναφέρειν
2809 2032 2908 2105 τὴν
2951 2031 3119 2086 αὑτοῦ
3145 2032 3398 2101 ὓπαρξιν,
3432 2032 3545 2085 τῶν
3567 2032 3717 2084 ὑπα-

2130 2126 2369 2196 χθέντων
2398 2128 2509 2190 τοῖς
2540 2126 2799 2195 ἀθέσμοις
2825 2125 2923 2179 καὶ
2960 2124 3389 2194 καταγελάστοις
3409 2124 3717 2187 λατινικοῖς

2131 2216 2300 2281 ἔθεσι,
2332 2215 2439 2268 τῶν
2470 2216 2569 2277 τάς
2593 2216 2732 2286 άράς
2767 2218 2862 2268 καὶ
2882 2217 2952 2269 τά
2984 2217 3304 2286 ἀναθέματα
3332 2218 3430 2284 τῆς
3460 2233 3714 2268 καινοτο-

2135 2308 2263 2377 μίας
2298 2309 2396 2376 τῆς
2426 2307 2660 2371 πίστεως
2690 2308 2782 2361 ἐπὶ
2815 2310 2913 2372 τὰς
2942 2309 3153 2363 ἑαυτῶν
3184 2310 3425 2377 κεφαλάς
3451 2308 3717 2361 ἑλκυσάν-

2132 2413 2262 2452 των.
2321 2397 2462 2452 Ἀλλ’
2490 2401 2570 2461 είς
2625 2398 2887 2453 σύστασιν
2940 2399 3094 2455 ἔσται
3142 2400 3232 2453 τοῦ
3273 2403 3462 2469 γένους
3511 2403 3604 2454 καὶ
3640 2404 3722 2464 είς

2135 2490 2377 2543 ἐπίδοσιν
2431 2491 2465 2560 ἡ
2513 2492 2778 2561 γενομένη
2814 2491 2942 2562 παρ’
2975 2492 3155 2546 αὐτῶν
3191 2491 3405 2556 ἓνωσις.
3440 2493 3588 2546 Πάνυ
3619 2495 3720 2560 μὲν

2133 2580 2249 2637 οὖν.
2266 2584 2377 2653 Οὐχ
2394 2584 2525 2653 ὁρᾷς
2544 2584 2668 2647 τοὺς
2688 2583 2914 2655 ἐχθροὺς
2935 2585 3029 2638 τοῦ
3051 2584 3288 2655 σταυροῦ
3313 2584 3611 2654 φεύγοντας
3625 2588 3720 2639 καὶ

2135 2674 2234 2729 ἕνα
2254 2677 2285 2744 η
2295 2675 2411 2744 μῶν
2443 2675 2647 2743 χιλίους
2676 2676 2939 2729 διώκοντα
2964 2681 3060 2730 καὶ
3082 2676 3175 2730 δύο
3199 2677 3468 2747 μυριάδας
3493 2692 3718 2747 μετακε-

2133 2765 2355 2828 νοῦντας
2383 2766 2494 2838 (58)
2517 2781 2534 2831 ;
2563 2766 2884 2821 Τούναντίον
2908 2767 3006 2838 μὲν
3048 2763 3145 2822 οὖν
3167 2768 3314 2822 ἀπαν
3342 2768 3454 2838 (59)
3479 2769 3720 2839 ὁρῶμεν.

2147 2853 2274 2908 Ἐἀν
2306 2856 2382 2927 μὴ
2410 2854 2611 2924 Κύριος
2631 2855 2961 2929 οἰκοδομήσῃ
2987 2857 3088 2926 τὴν
3114 2858 3392 2928 ἡμετέραν
3426 2859 3619 2929 ἀρχὴν,
3645 2860 3722 2921 είς

2138 2948 2313 3021 μάτην
2363 2949 2663 3003 ὲκοπίασαν
2714 2948 2766 3004 οἱ
2794 2949 3199 3020 οἰκοδομοῦντες
3227 2967 3241 2980 ·
3272 2952 3368 3004 ιάν
3401 2951 3479 3020 μὴ
3518 2949 3723 3020 Κύριος

2139 3039 2353 3111 φυλάξῃ
2382 3042 2481 3111 τὴν
2510 3041 2788 3112 ἡμετέραν
2812 3040 3007 3104 πτόλιν,
3039 3042 3122 3103 είς
3145 3041 3325 3111 μάτην
3353 3042 3721 3112 ἠγρύπνησαν

2142 3133 2191 3185 οἱ
2224 3132 2313 3185 διὰ
2342 3130 2451 3185 τῶν
2479 3131 2720 3202 χρυσίων
2737 3133 2850 3203 (ιο)
2868 3135 2964 3187 τοῦ
2995 3134 3158 3188 flaua
3179 3134 3383 3205 ταύτην
3416 3135 3723 3202 φυλάσσον-

2142 3241 2255 3289 τες.
2297 3225 2455 3278 Ἀλλά
2485 3224 2645 3297 δεῦρο
2664 3226 2850 3280 λοιπὸν
2881 3227 3001 3280 ὅλον
3044 3227 3269 3280 σεαυτὸν
3299 3227 3529 3297 μετάθες
3554 3229 3647 3281 ἐπὶ
3667 3228 3723 3281 τὲ

2145 3316 2242 3370 νῦν
2271 3318 2383 3388 (εΗ)
2407 3334 2421 3347 ο
2442 3317 2577 3388 άφες
2611 3319 2735 3381 τοὺς
2753 3319 2978 3388 νεκροὺς
2999 3318 3225 3373 θάπτειν
3245 3319 3372 3382 τοὺς
3400 3320 3613 3372 ἑαυτῶν
3642 3337 3723 3373 νε-

2145 3409 2308 3477 κρούς
2332 3424 2347 3439 ο
2378 3409 2513 3478 ἄφες
2535 3410 2604 3463 τά
2634 3409 2910 3480 Καίσαρος
2945 3409 3218 3480 Καίσαρι·
3251 3410 3339 3473 δὸς
3368 3410 3444 3480 τῷ
3466 3411 3588 3480 Θεῷ
3629 3412 3723 3482 τὴν

2147 3497 2276 3569 παρ’
2321 3499 2488 3553 αὐτοῦ
2520 3501 2834 3555 κτισθεῖσαν
2869 3503 2964 3555 καὶ
3002 3503 3370 3573 κοσμηθεῖσαν
3390 3504 3589 3574 ψυχήν.
3610 3504 3723 3557 Ἐν-

2146 3590 2359 3658 νόησον,
2383 3592 2522 3644 ὅσων
2554 3593 2666 3662 (42)
2696 3593 2977 3666 ὀφειλέτης
3000 3596 3149 3665 αὐτῷ
3170 3598 3458 3666 τυγχάνεις
3478 3613 3491 3626 ·
3521 3597 3722 3657 ἀπόδος

2146 3682 2244 3743 τὰς
2270 3682 2529 3748 ἀμοιϐάς.
2561 3683 2670 3736 Nai.
2691 3685 2827 3755 (45),
2849 3688 3176 3755 παρακαλῶ,
3201 3689 3424 3757 φίλτατε
3442 3691 3528 3741 καί
3546 3689 3723 3754 σοφῶ-

2145 3783 2295 3833 τατε,
2323 3768 2410 3832 δός
2443 3788 2536 3840 μοι
2584 3772 2823 3846 χαρῆνξιι
2852 3776 2946 3826 ἐπὶ
2990 3777 3094 3839 σοὶ,
3133 3777 3221 3840 δός
3267 3795 3360 3847 μοι
3406 3778 3523 3849 Θεῷ
3564 3778 3722 3843 δίεαν

2150 3858 2484 3927 ἀνενεγκεῖν,
2514 3863 2573 3925 ὃς
2620 3880 2678 3915 σε
2702 3865 3049 3934 διαφυλάττοι
3076 3867 3188 3939 (Η)
3222 3870 3493 3941 ἀνώτερον
3522 3873 3721 3934 παντὸς

2149 3952 2371 4023 ἀνιαροῦ
2406 3955 2832 4025 συναντήματος.

2231 4046 2291 4098 ’0
2340 4049 2593 4110 ταπεινὸς
2654 4051 3056 4125 μητροπολίτης
3119 4054 3347 4124 Ἐφέσου
3408 4057 3505 4110 καὶ
3545 4058 3722 4128 πάσης

2160 4137 2342 4203 Ἀσίας
2379 4140 2573 4208 Mdpr
2585 4159 2624 4201 _:.

470 4567 710 4637 Epistola
731 4568 798 4623 D.
822 4568 994 4625 Marci
1020 4569 1160 4641 Eph.
1202 4572 1268 4626 ad
1293 4572 1651 4643 Theophanem
1705 4578 2017 4631 incltae/tum

2164 4584 2494 4656 Ἐπιστολὴ
2551 4591 2746 4668 κυροῆ
2796 4593 3040 4668 Μάρκου
3095 4599 3205 4652 τοῦ
3266 4599 3524 4668 Ἐφέσου
3581 4599 3727 4668 πρὸς

542 4717 974 4777 Honoratissime
991 4727 1045 4777 in
1068 4724 1503 4783 hieromonachis
1521 4738 1572 4783 et
1595 4730 1726 4785 mihi
1748 4730 1798 4783 in
1819 4730 2049 4787 Domino

467 4812 931 4871 desideratissime
961 4824 1013 4871 et
1053 4819 1500 4876 revertendissime
1554 4833 1709 4892 pater
1759 4831 1809 4878 et
1858 4823 2048 4881 frater.

563 4945 653 5012 26)
681 4946 788 5003 All.
826 4948 1127 5003 ἐπισκοτεῖ.

564 5016 655 5089 (ξῖ)
686 5017 848 5089 ᾼΙιοι.
886 5021 1279 5089 καταληφθείς.

803 5089 947 5144 Mon.
975 5108 990 5154 ;
1020 5086 1181 5165 Allat.
1215 5095 1470 5165 κατέσχε.

569 5157 654 5216 29)
689 5159 856 5212 Allat.
880 5162 1085 5216 καινόν.

686 5226 830 5300 Mon.
861 5229 1225 5300 χλανιδεσκια.

688 5296 997 5378 ᾼίίυιζείοξ
1030 5300 1176 5359 Men.
1208 5304 1556 5378 περίΰλεψαι.

543 5365 653 5441 (ἓὲ)
690 5367 854 5441 ᾼηει.
892 5365 1053 5441 “95:-

544 5437 657 5506 (55)
687 5437 849 5494 Allat.
880 5437 1196 5503 καταδύσει.

542 5506 658 5648 (54)
686 5508 795 5576 Τῆς
825 5513 976 5565 omit.
1000 5514 1162 5571 Allat.

545 5577 637 5647 (55
698 5577 859 5635 Allat.
888 5580 1018 5637 τῶν.

545 5577 658 5647 (55)
698 5577 859 5635 Allat.
888 5580 1018 5637 τῶν.

543 5715 619 5787 (α)
666 5718 799 5776 Cod.
838 5721 982 5780 non.
1011 5723 1137 5793 εδδ,
1170 5727 1211 5784 r.
1248 5726 1354 5787 279
1379 5728 1436 5785 b.

2712 4665 3026 4733 Θεοφάνην
3065 4669 3167 4735 (α).

2224 4749 2533 4820 Τιμιὼτατε
2589 4755 2644 4807 ὲν
2696 4756 3075 4830 ίερομονάχοις
3130 4764 3230 4814 καὶ
3287 4762 3408 4831 ἐμοὶ
3448 4764 3505 4815 ὲν
3539 4763 3729 4833 Κυρίῳ

2155 4840 2503 4896 ποθεινότατε
2534 4847 2630 4899 καὶ
2655 4849 3055 4919 αἱδεσιμώτατε
3090 4854 3265 4924 πάτερ
3291 4858 3387 4908 καὶ
3407 4854 3622 4924 ἀδελφέ.

2231 4978 2343 5049 (56)
2382 4979 2489 5034 Οὒν
2525 4980 2696 5035 addit.
2729 4982 2875 5039 Men.

2376 5050 2586 5134 lli-ortae.
2623 5051 3046 5134 ὑποδεξάμενον.

2210 5118 2333 5202 ¹(58)
2368 5120 2532 5202 éllat.
2595 5118 3005 5190 μετακινοῦντα.
3040 5125 3178 5183 llinc
3211 5128 3376 5184 vertit
3408 5146 3422 5185 :
3460 5138 3513 5185 et
3537 5130 3730 5202 viginti

2150 5189 2324 5260 millia
2354 5189 2777 5260 dispergentent.

2244 5258 2333 5327 59)
2364 5257 2466 5314 All.
2496 5257 2641 5313 ἆέαν
2674 5257 2784 5316 οὖν.

2247 5327 2337 5401 40)
2363 5329 2574 5384 Monac.
2631 5334 2923 5401 χρυσίνων.

2370 5401 2584 5478 Ranae.
2619 5399 2713 5478 ἑλιτὶ
2734 5403 2824 5478 τὴν
2847 5406 3067 5478 κύριον.

2223 5469 2337 5541 {42)
2371 5471 2552 5541 Ὄσων
2584 5472 2758 5528 omitt.
2796 5469 2965 5536 Allat.

2251 5540 2341 5609 ιε)
2371 5539 2535 5596 Allat.
2554 5542 2669 5596 καί.

2252 5609 2341 5680 44)
2371 5611 2529 5668 Allat.
2569 5612 2942 5684 διαφυλάττει.
