3956 6200
343 305 478 370 1097

1202 291 1572 360 EPISTOLA
1612 291 1711 357 Al)
1761 286 2286 357 ΤΠΕΟΡΠΑΝΕΜ
2325 287 2780 383 ΜΟΝΛΟΠΗΜδ

3465 285 3603 362 1098

405 415 676 476 Γίνωσκε,
712 413 793 465 ὅτι
827 414 963 480 μετὰ
989 411 1051 466 τδ
1076 412 1332 466 ἀπελθεῖν
1357 414 1497 482 ἡμᾶς
1527 413 1607 474 εἰς
1637 411 1736 481 τὴν
1768 412 1920 464 Κων-

2110 410 2361 473 Noreris,
2407 427 2522 473 me,
2548 422 2836 480 postquam
2891 407 3420 480 Constantinopolim
3455 413 3610 466 abie—

339 504 803 568 σταντινούπολιν,
838 504 1136 568 ἀναϐάντος
1166 507 1245 565 είς
1277 505 1338 557 τὸ
1379 507 1766 575 πατριαρχεῖον
1797 505 1915 566 ἑνὸς

335 600 445 652 τῶν
505 597 941 668 ὑπογραψάντων
974 597 1370 666 λατινοφρόιων
1427 599 1523 651 καὶ
1574 596 1914 665 ἐνοχλοῦντος

335 694 516 759 ἡμᾶς,
555 692 800 758 ἀπῆλθον
827 692 905 752 είς
930 691 1029 759 τὴν
1054 691 1348 759 ἐκκλησίαν
1385 707 1508 758 μου.
1550 689 1697 741 Ἐκεῖ
1727 689 1782 741 δὲ
1813 691 1913 742 πά.

335 782 416 833 λιν
446 780 719 849 μηδεμίαν
751 779 927 848 εὑρὼν
956 779 1260 832 ἀνάπαυσιν
1287 780 1379 832 καὶ
1406 779 1657 848 χαλεπῶς
1678 780 1912 849 νοσήσας

339 876 434 927 καὶ
462 870 826 940 ζημιούμενος
868 872 1017 939 παρά
1067 871 1175 923 τῶν
1221 871 1437 922 ἀσεϐῶν
1470 870 1564 922 καὶ
1587 872 1919 940 πειραζόμε-

337 983 446 1029 νος,
477 965 612 1016 διότι
649 965 722 1032 μὴ
748 959 894 1031 εἶχον
922 963 1153 1031 ὁρισμὸν
1187 963 1524 1025 αὐθεντικὸν,
1556 963 1782 1032 ἐξῆλθον
1814 964 1917 1015 κά-

337 1057 514 1109 κεῖθεν
548 1057 638 1108 ἐπὶ
671 1055 858 1124 σκοπῷ
907 1055 1001 1107 τοῦ
1059 1054 1314 1106 ἀπελθεῖν
1373 1058 1452 1117 εἰς
1497 1054 1555 1107 τί)
1583 1056 1738 1122 ἅγιον
1771 1055 1914 1123 ὅρκι’.

336 1149 681 1217 Διαπεράσας
729 1147 823 1200 οὖν
851 1150 929 1210 εἰς
957 1149 1057 1216 τὴν
1087 1147 1418 1200 Καλλίπολιν
1447 1149 1540 1201 καὶ
1567 1147 1914 1216 διερχόμενος

335 1241 422 1294 διὰ
451 1242 546 1308 τῆς
578 1241 803 1309 Λήμνου
860 1240 1172 1308 ὲκρατὴθην
1231 1240 1464 1290 ἐνταῦθα
1509 1240 1602 1290 καὶ
1662 1238 1918 1308 περιωρί-

337 1334 468 1402 σθην
502 1333 654 1399 παρὰ
703 1331 796 1384 τοῦ
845 1330 1128 1397 βασιλέως.
1196 1330 1336 1382 Ἀλλ’
1383 1333 1410 1382 ό
1459 1330 1611 1396 λόγος
1653 1329 1746 1382 τοῦ
1779 1328 1915 1382 Θεοῦ

337 1425 428 1476 καὶ
476 1426 509 1493 ἡ
563 1423 661 1490 τῆς
716 1423 973 1491 ἀληθείας
1009 1422 1241 1491 δύναμις
1261 1422 1335 1491 ,οὐ
1385 1421 1916 1492 δέδεται,τρέχειδὲ

340 1517 540 1585 μᾶλλον
570 1517 663 1568 καὶ
685 1515 995 1579 εὐοδοῦται,
1036 1517 1134 1568 καὶ
1167 1517 1217 1568 oi
1245 1510 1491 1580 πλείονες
1518 1514 1628 1568 τῶν
1667 1513 1915 1583 ἀδελφῶν

334 1612 399 1677 τῇ
431 1611 536 1678 ἐμῇ
589 1608 772 1679 ἐξορίᾳ
825 1608 1156 1679 θαρροῦντες
1209 1607 1464 1676 βάλλουσι
1510 1610 1623 1666 τοῖς
1671 1607 1916 1675 ἐλέγχοις

335 1700 464 1761 τοὺς
492 1697 802 1766 ἀλιτηρίους
846 1699 940 1750 καὶ
968 1699 1294 1766 παραϐάτας
1319 1697 1418 1765 τῆς
1470 1697 1638 1766 ὀρθῆς
1673 1696 1913 1759 πίστεως

2026 519 2180 564 ram,
2245 506 2576 557 ascendente
2650 504 2702 556 in
2774 503 3184 573 patriam-halent
3262 504 3445 558 sedem
3497 514 3606 558 uno

2023 610 2083 647 ex
2163 595 2276 657 iis,
2347 596 2441 664 qui
2509 595 2962 664 subscripserunt
3018 611 3138 647 eum
3209 594 3416 649 Latinis
3484 611 3579 648 seu

2025 683 2242 744 tientes,
2294 697 2358 735 ac
2413 699 2513 737 nos
2568 685 2911 744 molestante,
2977 685 3028 736 in
3093 685 3380 738 ecclesiam
3430 701 3605 738 lllt‘alll

2022 773 2220 828 abiisse
2253 775 2328 844 (ιι)
2379 774 2448 828 lbi
2483 792 2613 829 vero
2648 777 2796 830 nulla
2827 793 3040 829 rursum
3073 765 3296 846 reperta
3348 777 3533 845 requie
3556 785 3610 832 et

2023 867 2259 933 graviter
2317 866 2621 921 infirmatus
2681 876 2844 937 atque
2902 870 3135 923 alliictus
3199 870 3265 923 ab
3326 870 3506 937 impiis
3553 881 3609 925 et

2025 966 2286 1024 tentatus,
2323 960 2450 1027 quia
2483 977 2587 1014 non
2622 961 2783 1015 habui
2833 963 3206 1016 autltentiram
3268 963 3604 1016 determina-

2026 1052 2247 1115 tionem,
2316 1053 2540 1106 discessi
2605 1055 2768 1108 etiam
2838 1056 3059 1118 exinde,
3113 1056 3340 1109 consilio
3411 1056 3610 1108 ductus

2025 1143 2259 1196 abeundi
2311 1144 2365 1197 in
2429 1154 2667 1198 montem
2721 1156 2995 1202 sanctum.
3072 1146 3355 1204 Profectus
3440 1149 3610 1217 igitur

2025 1233 2328 1301 Callipolim
2365 1242 2419 1288 et
2450 1238 2824 1304 pet-transiens
2857 1231 2952 1307 per
3019 1240 3284 1294 Lemnum
3345 1242 3606 1298 detentus

2026 1337 2146 1378 sum
2183 1326 2254 1378 ibi
2305 1326 2626 1382 etiuclusus
2677 1330 2744 1381 ab
2797 1329 3144 1397 imperatore.
3215 1331 3317 1384 Sed
3383 1334 3606 1387 verbum

2026 1413 2119 1468 Dei
2151 1425 2201 1468 et
2230 1417 2476 1471 veritatis
2523 1418 2692 1473 virtus
2750 1435 2856 1472 non
2911 1433 3037 1473 sunt
3094 1421 3330 1491 aliigata,
3384 1429 3611 1478 cun-unt

2027 1506 2230 1575 potius,
2261 1522 2516 1577 prospere
2543 1510 2864 1576 procedunt,
2885 1523 3046 1580 atque
3070 1514 3248 1580 plures
3269 1529 3332 1567 ex
3348 1514 3609 1567 fratribus

2030 1613 2147 1651 meo
2169 1599 2361 1652 exsilio
2387 1600 2726 1655 confidentes
2776 1602 3197 1658 refutariooibus
3259 1615 3611 1673 prosternunt

2027 1691 2325 1746 seeleratos
2372 1694 2494 1747 illos
2525 1702 2577 1746 ct
2611 1707 2769 1747 rectae
2806 1696 2925 1746 fidei
2953 1697 3606 1764 [internarumquelegunt

337 1793 433 1841 καὶ
461 1790 568 1841 τῶν
599 1789 884 1860 πατρικῶν
909 1789 1148 1858 θε,ι]·ί,ι,ι”ῥν⁹
1182 1790 1278 1840 καὶ
1305 1787 1595 1841 ἐλαύνουσι
1642 1790 1915 1858 πανταχό-
1953 1803 1992 1857 Β
2026 1787 2475 1850 transgressores,
2511 1795 2564 1837 Cl
2599 1786 2966 1854 υιιιΙοιιιιτιιιιιθ
3029 1803 3124 1840 COS
3157 1797 3438 1839 ιὊιιιιιγριιι
3466 1787 3612 1838 γυιηι

338 1881 429 1932 θεν
459 1881 650 1943 αὐτοὺς
671 1881 744 1942 ὼς
775 1881 1124 1950 καθάρματα,
1161 1883 1298 1950 μήτε
1350 1880 1786 1950 συλλειτουργεῐν
1818 1881 1915 1932 αὐ-

337 1975 450 2034 τοῖς
497 1973 832 2040 ἀνεχόμενοι,
870 1974 1006 2043 μήτε
1043 1973 1404 2042 μνημονεύειν
1453 1974 1590 2035 ὅλως
1618 1973 1798 2026 αὐτῶν
1838 1973 1916 2033 ῶς

338 2061 700 2130 Χριστιανῶν.
752 2064 1024 2116 Μανθάνω
1074 2065 1170 2124 δὲ,
1215 2065 1295 2116 ὅτι
1328 2063 1712 2134 ἐχειροτονήθη
1759 2063 1915 2133 παρᾶ

337 2154 446 2205 τῶν
488 2149 888 2224 λατιιιορρόνων
920 2155 1327 2225 μητροπολίτης
1381 2156 1625 2225 Ἀθηνῶν
1677 2156 1914 2209 κοπελύ-

336 2248 484 2314 δριόν
513 2264 564 2299 τι
597 2247 690 2300 τοῦ
722 2247 1130 2317 Μονεμόασίας,
1161 2249 1298 2316 ὅπερ
1336 2247 1528 2300 αὐτόθι
1569 2247 1756 2316 διάγον
1786 2247 1913 2299 συλι

335 2338 643 2409 λειτουργεῖ
678 2343 789 2402 τοῖς
818 2341 1071 2402 Λατίνοις
1129 2341 1456 2410 ἀδιακρίτως
1493 2343 1588 2395 καὶ
1619 2343 1920 2411 χειροτονεί

339 2435 663 2504 παρανόμως
685 2436 844 2496 ὅσους
880 2434 948 2486 ἂν
977 2431 1114 2506 εῦρῃ
1143 2435 1235 2486 καὶ
1274 2434 1439 2496 οἴους.
1477 2433 1640 2499 ’Δξιῶ
1696 2429 1788 2486 οὖν
1818 2435 1916 2502 τὴν

337 2527 648 2594 ἁγιωσύνην
680 2543 796 2588 σου,
834 2527 922 2579 ἵνα
952 2527 1044 2578 τὸν
1074 2527 1215 2594 ὑπὲρ
1237 2525 1380 2578 Θεοῦ
1413 2523 1574 2593 ζῆλον
1604 2524 1916 2586 ἀναλαϐὼν,

339 2619 411 2679 ὼς
437 2619 721 2688 ἅνθρωπος
763 2619 858 2671 τοῦ
913 2618 1049 2671 Θεοῦ
1085 2619 1306 2690 καὶτῆς
1332 2618 1593 2688 ἀληθείας
1638 2619 1790 2686 φίλος
1819 2619 1918 2671 καὶ

337 2710 430 2761 τοῦ
481 2711 638 2776 ἁγίου
698 2709 970 2780 Ίσιδώρου
1019 2712 1241 2782 γνήσιος
1285 2712 1531 2781 μαθητὴς
1587 2711 1920 2781 παραινέσῃς

338 2799 450 2860 τοῖς
477 2798 570 2850 τοῦ
608 2799 743 2850 Θεοῦ
799 2800 1058 2869 ἱερεῦσιν,
1114 2801 1407 2868 ἐκφεύγειν
1468 2803 1642 2854 ἀπασι
1699 2803 1919 2871 τρόποις

338 2889 436 2959 τὴν
468 2892 753 2944 κοινωνίαν
781 2892 946 2944 αὐτοῦ
979 2895 1074 2946 καὶ
1111 2894 1248 2962 μήτε
1288 2894 1722 2965 συλλειτουργεῖν
1772 2894 1920 2963 αύτῷ

343 2983 480 3051 μήτε
515 2986 870 3050 μνημονεύειν
904 2985 1040 3045 ὅλως
1097 2985 1288 3047 αὑτοῦ,
1329 2988 1466 3054 μήτε
1500 2986 1762 3055 ἀρχιερέα
1794 2985 1920 3038 τοῦ-

338 3090 452 3133 τον,
487 3075 622 3127 ἀλλά
655 3077 816 3128 λύκον
855 3076 948 3128 καὶ
999 3076 1270 3145 μισθωτὸν
1297 3077 1568 3145 ἡγεῖσθαι,
1622 3078 1760 3147 μήτε
1807 3078 1921 3130 λει-

338 3169 588 3235 τουργεῖν
637 3169 772 3230 ὅλως
802 3170 859 3222 ὲν
903 3173 1022 3232 ταῖς
1067 3171 1375 3232 ’λατινικαῖς
1432 3170 1772 3239 ἐκκλησίαις,
1833 3169 1919 3223 ἵνα

345 3261 420 3327 μὴ
451 3261 578 3331 ἔλθῃ
629 3263 722 3313 καὶ
774 3262 857 3328 ἐφ’
890 3261 1033 3325 ὑμᾶς
1136 3261 1434 3312 ἐπελθοῦσα
1461 3261 1600 3331 ὀργὴ
1632 3261 1727 3314 τοῦ
1784 3260 1918 3313 Θεοῦ

339 3356 406 3424 τῇ
443 3354 1009 3409 Κωνσταντινουπόλει
1055 3355 1139 3407 διὰ
1197 3353 1291 3415 τὰς
1325 3355 1440 3405 ἐκεῖ
1497 3354 1787 3422 γ.νομέιιας
1820 3371 1922 3405 πα-

344 3449 626 3518 ρανομίας.
663 3448 903 3501 Γίνωσκε
938 3447 995 3500 δὲ
1042 3449 1122 3500 ὅτι
1161 3448 1196 3517 ἡ
1225 3442 1583 3514 ψευδὸἑνωσις
1616 3447 1740 3499 ὅσον
1767 3447 1920 3498 οὔπω

341 3543 410 3609 τῇ
455 3540 548 3594 τοῦ
584 3541 719 3594 Θεοῦ
781 3540 963 3610 χάριτι
1009 3540 1102 3593 καὶ
1140 3538 1366 3609 δυνάμει
1405 3539 1790 3608 διαλυθήσεται
1827 3541 1922 3592 καὶ

341 3632 401 3684 τὸ
426 3629 604 3699 δόγμα
628 3631 734 3683 τῶν
763 3632 1008 3685 Λατίνων
1037 3633 1155 3684 ἀντὶ
1191 3631 1284 3683 τοῦ
1325 3631 1791 3702 βεϐαιωθῆναιδιά
1823 3631 1920 3700 τῆς

341 3723 572 3792 ψευδοῦς
613 3725 854 3785 συνόδου,
894 3726 1030 3794 ὅπερ
1074 3724 1165 3776 ἀεὶ
1211 3723 1564 3790 ἐσπούδαζον,
1607 3725 1687 3777 ἐτι
1721 3725 1920 3794 μᾶλλον

344 3819 623 3886 ἀνετράπη
661 3818 757 3869 καὶ
803 3817 1046 3885 ἠλέγχθη
1085 3816 1177 3867 καὶ
1207 3816 1281 3877 ῶς
1318 3816 1638 3885 βλάσφημον
1669 3819 1762 3868 καὶ
1796 3817 1922 3868 δυσ-

347 3905 503 3968 σεϐὲς
545 3907 822 3975 πανταχοῦ
873 3905 1276 3974 στηλιτεύεται.
1330 3904 1424 3956 καὶ
1465 3906 1514 3956 οἱ
1546 3904 1704 3956 τοῦτο
1744 3903 1920 3972 κυρώ-

347 4017 536 4062 σαντες
562 3999 681 4050 οὐδὲ
713 4001 896 4069 διᾶραι
943 3999 1119 4067 στόμα
1151 3999 1424 4066 τολμῶσιν
1459 3998 1598 4066 ὑπὲρ
1626 3996 1812 4050 αὑτοῦ.
1860 3995 1919 4048 '0

345 4092 474 4160 γοῦν
490 4092 791 4162 καλόγηρος
812 4091 1066 4161 (Datum?)
1097 4089 1189 4143 τοῦ
1209 4090 1474 4160 ὑμετέρου
1509 4089 1803 4158 μισθωτοῦ,
1830 4091 1922 4144 καὶ

344 4186 464 4256 οὐχὶ
519 4185 800 4255 ποιμένος,
831 4187 858 4237 ό
895 4186 1054 4246 ἄνους
1097 4183 1487 4253 Μονεμϐασίας
1541 4182 1720 4235 λαϐὼν
1769 4183 1920 4252 παρὰ

344 4275 438 4330 τοῦ
473 4275 742 4346 βασιλέως
770 4275 832 4327 τὸ
879 4272 973 4326 τοῦ
1019 4274 1325 4344 προδρόμου
1384 4276 1740 4342 ἡγουμενεῖον
1795 4271 1918 4323 οῦεε

346 4367 745 4439 μνημονεύεται
786 4367 939 4436 παρά
970 4367 1076 4417 τῶν
1098 4365 1420 4434 καλογήρων
1469 4365 1636 4418 αὑτοῦ
1673 4363 1797 4418 οὔτε
1829 4365 1921 4415 θυ-

347 4464 538 4532 μιᾶται
562 4460 698 4522 ὅλως
729 4459 804 4521 ὡς
859 4457 1184 4528 Χριστιανός
1206 4473 1221 4487 ·
1251 4457 1365 4509 ἀλλ⁹
1394 4456 1612 4526 ἔχουσιν
1645 4457 1807 4511 αὐτὸν
1840 4460 1919 4519 εἰς

345 4556 414 4608 τὰ
444 4553 743 4624 πράγματα
796 4552 957 4622 μόνον
1000 4548 1187 4620 ῶσπερ
1225 4551 1349 4601 τινὰ
1405 4547 1724 4601 κόνσουλον·
1780 4551 1874 4601 καὶ
1903 4552 1930 4602 ὁ

346 4645 601 4717 βασιλεὺς
650 4643 822 4696 ταῦτα
876 4640 1165 4710 μανθάνων
1221 4639 1415 4693 οὐδένα
1471 4640 1627 4708 λόγον
1660 4641 1924 4702 ποιεῖται,

345 4739 482 4793 ἀλλὰ
527 4739 624 4791 καὶ
658 4737 944 4807 μετανοεῖν
991 4734 1247 4804 ὁμολογεῖ
1293 4731 1547 4801 φανερῶς
1602 4734 1692 4784 ἐπὶ
1725 4730 1804 4801 τῷ
1835 4749 1927 4799 γε-

347 4831 526 4898 γονότι
564 4830 653 4882 καὶ
696 4829 786 4881 ἐπὶ
815 4827 941 4890 τοὺς
990 4810 1396 4893 καταθεμὲνους
1430 4825 1522 4876 καὶ
1572 4823 1926 4895 ὑπογράψαν-

347 4941 443 4986 τας
470 4920 788 4991 μετατθησι
819 4919 917 4989 τὴν
946 4918 1142 4972 αίτίαν.
1200 4915 1434 4983 Φεύγετε
1466 4910 1559 4968 οὖν
1593 4917 1690 4967 καὶ
1745 4917 1927 4985 ὑμεῖς,

348 5015 588 5083 ἀδελφοὶ,
631 5014 729 5082 τὴν
764 5011 898 5080 πρὸς
923 5009 1050 5071 τοὺς
1077 5005 1478 5077 ἁκοινωνήτους
1517 5006 1804 5061 κοινωνίαν
1833 5008 1929 5061 καὶ

346 5107 408 5157 τὸ
433 5107 777 5176 μνημόσυνον
803 5102 910 5154 τῶν
942 5099 1393 5171 ἀμνημονεύτων.
1431 5099 1534 5152 Ἰδε
1563 5097 1674 5166 ἐγὼ
1699 5099 1928 5168 Μάρκος

349 5200 377 5250 ὁ
412 5195 749 5268 ἁμαρτωλὸς.
785 5194 930 5262 λέγω
989 5195 1136 5262 ὑμῖν,
1202 5195 1280 5245 ὃτι
1334 5195 1362 5244 ὁ
1424 5193 1782 5261 μνημονεύων
1827 5192 1924 5246 τοῦ

351 5290 552 5343 πάππα
585 5288 660 5352 ῶς
690 5288 970 5358 ὀρθοδόξου
1009 5285 1304 5356 ἀρχιερέως
1347 5284 1530 5354 ἔνοχός
1587 5287 1704 5338 ἐστι
1743 5287 1921 5339 πάντα

349 5382 457 5434 τῶν
493 5382 737 5434 Λατίνων
767 5379 1122 5449 ὲκπὶηρῶσαι
1155 5379 1318 5448 μέχρι
1353 5381 1447 5430 καὶ
1469 5379 1638 5445 αὐτῆς
1666 5378 1766 5448 τῆς
1802 5395 1927 5430 κου-

352 5478 449 5543 pd;
472 5473 578 5526 τῶν
604 5477 849 5540 γενείων,
873 5474 965 5525 καὶ
983 5470 1010 5521 ό
1035 5470 1433 5539 λατινοφρονῶν
1464 5473 1601 5539 μετά
1624 5470 1731 5522 τῶν
1762 5470 1930 5523 Λατίά

449 5635 499 5704 a)
531 5635 589 5688 id
632 5643 738 5698 est,
782 5631 955 5685 electo
989 5627 1357 5704 Metrophane
1383 5644 1569 5704 mense
1624 5627 1764 5682 maio
1796 5629 1923 5682 anui

352 5695 514 5767 NN,
542 5707 594 5757 iu
614 5695 768 5757 suam
803 5703 1042 5754 diocesin
1075 5695 1290 5767 Marcus
1311 5698 1465 5752 abiit.
1705 5713 1709 5716 ·

426 5765 508 5847 (Ι)
547 5774 810 5831 Usitatius
839 5771 1159 5837 καλόγερος.
1195 5765 1369 5822 Graeci
1417 5769 1668 5824 monachi
1699 5768 1927 5839 καλογὲ-

696 5872 967 5936 Ριτιιοι.
1005 5869 1123 5932 Gn.
1153 5863 1343 5947 CLX.

2024 1872 2266 1940 abiectos
2312 1885 2366 1929 et
2393 1876 2661 1946 impuros,
2724 1895 2953 1933 uecuna
2979 1895 3100 1931 eum
3163 1880 3240 1932 eis
3297 1880 3606 1932 Suet-ilium:

2025 1965 2379 2031 sustinentes,
2403 1982 2574 2036 neque
2600 1984 2788 2023 eorum
2819 1986 3042 2037 prorsus
3088 1980 3143 2023 ut
3171 1971 3606 2033 Christiannrmu

2028 2058 2358 2112 mentionem
2426 2060 2626 2116 facere.
2669 2060 2958 2129 Comperio
2991 2071 3168 2114 autem
3216 2078 3242 2112 ιι
3287 2061 3607 2114 Latinorum

2026 2150 2252 2205 asseclis
2287 2151 2625 2206 Athenarum
2669 2154 3070 2221 ntetropolitam
3129 2152 3439 2205 onlinatum
3481 2169 3605 2206 esse

2027 2238 2280 2294 infamem
2365 2244 2656 2311 quamdam
2712 2254 3024 2299 Creatturam
3098 2244 3605 2306 Monembasiensis,

2027 2348 2148 2400 qua:
2183 2333 2251 2387 ibi
2283 2349 2630 2390 conunoraus
2668 2353 2787 2390 cum
2827 2336 3036 2392 Latinis
3083 2338 3355 2392 sacrificat
3405 2338 3612 2407 absque

2028 2427 2350 2483 discrimine
2399 2441 2450 2483 et
2484 2430 2764 2500 illegaliter
2795 2432 3008 2485 ordinat
3044 2441 3175 2500 quot
3207 2443 3257 2486 et
3282 2433 3609 2498 qualescun-

2028 2538 2133 2592 que
2174 2523 2466 2576 invenerit.
2501 2525 2653 2593 [lugu
2688 2525 2871 2593 itaque
2906 2527 3255 2579 sanctitatem
3315 2534 3486 2590 tuam,
3552 2537 3610 2578 ut

2035 2617 2211 2670 zelum
2248 2633 2342 2685 pro
2374 2617 2481 2671 Deo
2513 2633 2801 2672 resumens
2828 2629 3084 2690 tanquam
3114 2621 3194 2673 vir
3226 2619 3317 2674 Dei
3348 2632 3400 2674 et
3419 2622 3613 2674 veritas

2025 2708 2097 2762 tis
2146 2711 2356 2764 anticus
2387 2720 2445 2765 et
2488 2711 2662 2765 sancti
2700 2710 2890 2766 lsidori
2961 2728 3254 2783 germanus
3311 2715 3614 2784 discipulus

2025 2803 2333 2858 exltorleris
2386 2803 2481 2858 Dei
2572 2805 2904 2868 sacerdotes,
2983 2813 3040 2860 ut
3090 2804 3301 2876 fugiant
3353 2807 3610 2861 omnibus

2030 2896 2206 2949 modis
2250 2897 2422 2964 ipsius
2457 2895 2920 2959 communionem,
2979 2910 3154 2964 neque
3182 2911 3305 2948 eum
3337 2910 3402 2948 eo
3453 2910 3608 2948 sacra

2027 2989 2321 3050 celebrent,
2363 3001 2540 3056 neque
2588 3001 2812 3054 prorsus
2865 2985 2988 3054 ejus
3028 2986 3605 3040 commemorationem

2028 3079 2252 3144 faciant,
2281 3095 2457 3149 neque
2485 3095 2760 3133 summum
2802 3082 3141 3134 sacerdotem
3181 3096 3303 3132 eum
3344 3081 3602 3140 habeant,

2027 3187 2214 3226 verum
2250 3173 2435 3241 lupum
2507 3182 2561 3227 et
2606 3174 3002 3228 mercenarium
3037 3191 3053 3239 ;
3088 3189 3260 3244 neque
3293 3174 3510 3228 demum
3556 3176 3609 3227 iu

2028 3263 2237 3319 Latinis
2275 3265 2521 3320 ecelesiis
2551 3265 2856 3330 celebrent,
2899 3283 2965 3318 ne
3020 3267 3198 3320 veniat
3236 3267 3394 3320 etiam
3448 3271 3612 3334 supet‘

2028 3373 2122 3410 vos
2162 3359 2241 3410 ira
2288 3357 2402 3420 Dei,
2465 3374 2584 3426 qua:
2628 3373 2792 3426 super
2841 3358 3375 3427 Constantinopolim
3460 3360 3611 3413 venit

2029 3461 2248 3519 propter
2277 3465 2390 3513 eas,
2425 3465 2543 3516 qum
2601 3449 2672 3501 ibi
2709 3450 2863 3513 liunt,
2903 3453 3375 3518 praevaricationes
3455 3452 3609 3505 Scito

2029 3551 2230 3603 autem,
2255 3543 2569 3596 ementitum
2601 3542 2747 3596 illam
2779 3544 3060 3606 unionem,
3094 3546 3147 3596 iit
3177 3554 3436 3612 quantum
3469 3561 3609 3598 non-

2029 3632 2158 3687 dum
2193 3635 2458 3687 dissoluta
2489 3646 2592 3696 est,
2616 3633 2704 3688 Dei
2741 3635 2915 3704 gratia
2950 3650 3014 3689 ac
3047 3637 3248 3690 virtute
3275 3636 3605 3692 dissolutum

2034 3727 2213 3789 iri,ct
2277 3734 2487 3781 tantum
2544 3727 2733 3781 abesse
2786 3735 2844 3783 ut
2891 3727 3210 3782 Latinorum
3263 3725 3456 3797 dogma
3515 3737 3611 3799 per

2031 3819 2219 3872 falsam
2271 3818 2539 3888 synodum
2584 3820 2967 3872 confirmaturn
3003 3820 3185 3884 fuerit,
3222 3823 3366 3889 quod
3393 3837 3609 3890 semper

2029 3911 2242 3964 invotis
2275 3911 2564 3976 habebant,
2601 3919 2659 3963 ιιι
2694 3913 2864 3980 magis
2886 3914 3073 3986 .adhuc
3107 3928 3356 3966 eversum
3393 3927 3443 3967 et
3469 3916 3612 3968 refu-

2029 4011 2199 4056 tatum
2240 4002 2406 4055 fuerit
2442 4012 2494 4056 et
2536 4012 2592 4056 ut
2621 4003 2998 4070 blusphemum
3038 4014 3092 4056 et
3128 4005 3354 4072 impium
3412 4009 3611 4076 ubique

2030 4094 2370 4157 traducatur,
2395 4104 2448 4147 et
2477 4095 2568 4162 qui
2603 4095 2732 4146 illttd
2757 4095 3175 4162 confirmarunt,
3235 4098 3273 4151 ii
3329 4114 3504 4165 neque
3547 4115 3611 4154 os

2032 4201 2129 4253 pro
2180 4201 2244 4238 eo
2305 4187 2516 4254 aperire
2565 4186 2819 4240 audeant.
2879 4187 3170 4256 Calogerus
3221 4190 3382 4260 igitur
3434 4191 3611 4259 ipsius

2031 4277 2189 4332 vestri
2242 4276 2589 4340 mercenarii,
2617 4287 2669 4331 et
2731 4294 2836 4331 non
2867 4279 3127 4346 pastoris,
3162 4281 3433 4348 insipiens
3494 4282 3610 4333 Mo-

2033 4368 2446 4432 netnbasiensis,
2540 4369 2633 4436 qui
2703 4368 2772 4421 ab
2852 4369 3180 4436 imperatore
3253 4373 3616 4425 Prmenrsmis

2036 4458 2310 4513 abbatiam
2339 4462 2571 4528 accepit,
2609 4475 2785 4527 neque
2819 4462 3396 4515 commemorationem
3450 4465 3613 4517 asuis

2042 4549 2325 4604 monachis
2377 4551 2606 4614 obtinet,
2678 4564 2852 4617 neque
2916 4552 3215 4603 honoratur
3267 4567 3491 4619 prorsus
3556 4564 3612 4605 ut

2037 4642 2403 4705 Christianus,
2440 4643 2534 4696 sed
2562 4643 2759 4695 habent
2789 4657 2913 4695 eum
2947 4643 3121 4696 solum
3160 4659 3257 4709 pro
3291 4659 3470 4696 rerum
3509 4661 3537 4699 a
3563 4653 3606 4695 t-

2039 4734 2460 4797 ntinistratione,
2503 4745 2559 4786 ut
2617 4735 2904 4800 quemdam
2940 4733 3220 4786 consulem
3254 4752 3268 4797 ;
3301 4744 3464 4803 atque
3517 4735 3618 4787 int-

2030 4836 2244 4897 perator
2302 4826 2404 4880 hoc
2442 4835 2722 4892 comperto
2788 4841 2855 4878 ne
2905 4825 3130 4879 verbum
3183 4825 3400 4893 quidem
3464 4825 3612 4882 facit.

2028 4922 2139 4975 into
2209 4921 2408 4974 fatetur
2458 4929 2640 4987 aperte
2703 4921 2969 4988 paaullere
3001 4934 3060 4972 se
3119 4926 3294 4970 rerum
3320 4917 3612 4981 factarum,-

2030 5021 2084 5067 et
2112 5013 2167 5067 in
2196 5026 2314 5074 eos,
2350 5012 2444 5080 qui
2475 5011 2686 5066 assensi
2721 5019 2848 5064 sunt
2876 5019 2930 5063 et
2991 5010 3457 5076 subscripserunt,
3493 5009 3611 5062 cul-

2033 5121 2159 5176 pam
2207 5105 2487 5159 transfert.
2513 5103 2701 5171 Fugite
2732 5103 2896 5173 igitur
2924 5112 3110 5163 etros,
3131 5099 3348 5166 fratres,
3374 5115 3618 5154 οοιιιιιιιιε

2035 5199 2252 5252 nionem
2289 5214 2412 5251 cttut
2450 5196 2555 5257 his,
2601 5180 2802 5265 quibus
2830 5209 2891 5247 ea
2944 5192 3191 5261 neganda
3221 5201 3327 5257 est,
3355 5201 3410 5244 et
3467 5206 3614 5246 com-

2034 5294 2480 5347 memoratiottcm
2549 5305 2781 5354 eorum,
2829 5289 2918 5355 qui
2991 5285 3450 5341 commemorandi
3509 5301 3616 5339 non

2039 5392 2194 5439 Sunt.
2230 5383 2368 5436 Ecce
2399 5398 2499 5447 ego
2552 5381 2762 5434 Marcus
2789 5387 3039 5446 peccator
3070 5377 3194 5430 dico
3250 5376 3422 5442 vobis,
3463 5391 3614 5440 eum,

2038 5475 2130 5543 qui
2158 5472 2732 5528 commemorationem
2773 5471 2900 5524 facit
2947 5482 3096 5538 papa:
3129 5479 3403 5538 tamquam
3434 5468 3622 5522 orthua

2034 5648 2161 5704 ρους
2193 5633 2352 5699 quasi
2386 5631 2585 5704 καλοὺς
2606 5630 2895 5698 γέροντας,
2921 5629 3094 5682 bonos
3119 5641 3300 5704 senes.
3324 5635 3622 5704 se-_-_mtttu_d

2032 5696 2250 5766 iocant,
2285 5714 2347 5754 ut
2385 5701 2590 5756 virtute
2620 5696 3125 5755 cettsenescentes.
3171 5698 3339 5752 Goar.
3389 5696 3620 5751 Euchol;

2030 5773 2124 5828 Gr.
2169 5789 2221 5841 p.
2259 5771 2387 5828 493.

3177 5865 3262 5924 35ι
3531 5899 3677 5940 ,ᾠὰ
