3956 6200
252 311 257 316 ’
322 326 455 388 1107

1411 327 1784 392 GENNADII
1823 324 1910 394 (ΖΡ
1971 335 2482 402 ΡΑΤΒῘΛΠΟΠᾹΞ
2679 345 2702 357 “

3419 334 3561 404 1108

316 431 664 502 ὑψηλοτέρων
706 435 878 486 ποιεῖν
913 436 1006 488 καὶ
1058 437 1122 489 τά
1171 438 1244 508 μὴ
1299 440 1560 504 ὁμοειδεῖς
1614 445 1890 512 ποιοῦντα,
1922 462 1966 518 Α
1997 455 2095 522 τὴν
2121 455 2211 506 τοῦ
2258 455 2474 522 πρώτου
2525 451 2801 516 ποιοῦντος
2851 452 3099 522 δύναμιν.
3151 452 3407 508 Ἔκείνων
3458 455 3558 519 μὲν

319 525 555 591 μάλιστα
590 526 654 578 ἂν
677 526 855 578 αὑτῶν
877 529 1022 580 αἴτια
1059 529 1141 598 εἴη
1165 531 1292 598 ἄχρι
1331 533 1391 602 δὴ
1446 535 1539 586 καὶ
1565 536 1734 603 αὐτῆς
1789 538 1887 603 τῆς

315 613 537 682 πρώτης
563 615 758 680 αἰτίας,
791 615 824 684 ἢ
858 617 1230 683 πάμπλειστον
1258 621 1355 688 μὲν
1407 621 1727 689 ὑπέρκειται
1777 624 1886 675 τῶν

312 701 585 771 γεννητῶν
613 704 706 754 καὶ
735 704 985 771 φθαρτῶν
1035 706 1259 770 τούτων,
1318 709 1611 779 αἰτιωτάτη
1655 711 1712 763 δέ
1774 714 1887 764 ἐστι

316 794 429 852 τοῖς
465 794 783 861 προσεχέσιν
815 795 1009 858 αἰτίοις
1053 797 1231 850 αὐτῶν
1264 800 1356 851 τοῦ
1404 792 1476 863 ’ἐξ
1524 801 1701 853 αὑτῶν
1750 802 1890 855 αὑτὰ

315 884 578 950 γίνεσθαι.
602 885 746 955 Αὐτὴ
783 887 890 954 γάρ
917 891 1083 952 ἐστιν,
1114 892 1147 958 ή
1184 892 1279 953 τάς
1308 891 1564 959 δυνάμεις
1604 892 1710 944 τῶν
1754 893 1892 946 ἅνω-

314 975 489 1044 τέρων
517 977 732 1029 πάντων
765 979 974 1044 αἰτίων,
1025 981 1120 1034 καὶ
1170 981 1333 1034 αὑτοῦ
1367 981 1460 1034 τοῦ
1493 984 1769 1052 προσεχῶς
1795 983 1890 1036 καὶ

315 1069 637 1132 τελευταίως
661 1072 1000 1140 παράγοντος
1029 1073 1088 1125 τὸ
1111 1074 1415 1141 γινόμενον,
1481 1075 1628 1142 αὑτῷ
1679 1077 1888 1145 προσά-

319 1177 491 1226 γουσα
529 1161 604 1229 τῷ
629 1162 918 1228 γινομένῳ,
951 1164 1045 1214 καὶ
1091 1163 1216 1216 ἄνευ
1242 1164 1341 1232 τῆς
1365 1164 1644 1232 δυνάμεως
1675 1167 1889 1236 ἐκείνης

321 1249 473 1300 οὐδὲν
497 1249 561 1303 ἂν
596 1251 802 1316 γένοιτο
834 1251 890 1314 ἐξ
943 1252 1217 1307 ἀπάντων.
1259 1255 1338 1306 Δι’
1377 1255 1404 1306 ὃ
1440 1257 1532 1308 καὶ
1570 1256 1681 1308 τῶν
1734 1258 1891 1326 ἐσχά-

320 1342 672 1422 τωνιάμέσως
728 1345 1006 1413 ποιητικός
1060 1347 1209 1398 ἐστιν
1257 1347 1284 1397 6
1315 1347 1444 1409 Θεὸς
1496 1347 1647 1401 οὐδὲν
1702 1342 1888 1420 ἦττον,

323 1433 498 1486 καίτοι
528 1436 619 1488 καὶ.
640 1433 708 1487 δι’
727 1435 900 1489 ἄλλων
924 1437 1110 1489 αἰτίων
1142 1440 1558 1506 παραγομένων.

393 1521 578 1575 Ταῦτα
609 1523 787 1576 τοίνυν
816 1525 881 1575 τὰ
915 1524 1104 1594 δντκᾶ
1133 1527 1226 1579 καὶ
1274 1527 1407 1580 αὐτὰ
1465 1530 1573 1580 τῶν
1617 1529 1889 1596 γεννητῶν

323 1613 460 1664 εἰσιν
496 1614 663 1678 αἴτια,
693 1616 938 1684 κινήσεσι
1001 1617 1095 1667 καὶ
1141 1616 1400 1685 δυνάμεσι
1446 1621 1540 1672 καὶ
1590 1619 1888 1687 ἐνεργείαις

323 1704 618 1773 διαφόροις,
647 1707 786 1758 κατᾶ
823 1707 919 1774 τὴν
955 1709 1012 1758 ἐν
1042 1708 1119 1771 τῷ
1153 1709 1315 1759 παντὶ
1361 1708 1512 1780 τάξιν
1565 1708 1765 1772 αὐτῶν,
1796 1710 1889 1760 καὶ

329 1793 388 1844 τὸ
411 1794 653 1854 αἰτιῶδες
679 1795 812 1862 πρὸς
842 1795 907 1844 τὰ
945 1796 1144 1863 ἔσχατα
1179 1793 1353 1847 ταῦτα
1386 1797 1598 1864 ἔχουσιν
1635 1798 1890 1866 εἰληφότα
1917 1789 1964 1850 Β

327 1883 433 1935 ἀπὸ
475 1882 631 1944 Θεοῦ,
655 1883 790 1935 ὥστε
832 1885 1058 1937 ἑκάστου
1088 1888 1194 1937 τῶν
1224 1888 1522 1954 γινομένων
1552 1887 1727 1939 πάντα
1756 1886 1892 1957 ὁμοῦ

330 1975 467 2042 μετά
490 1991 632 2036 τινος
668 1976 872 2040 τάξεως
923 1977 1068 2028 αίτια
1102 1971 1238 2028 εἶναι
1277 1992 1292 2009 ⁶
1339 1977 1476 2042 ζώου
1513 1980 1611 2046 μὲν
1665 1979 1770 2046 γὰρ
1813 1979 1897 2032 αἴ-

325 2085 441 2120 τιον
473 2067 531 2118 τδ
558 2069 612 2119 ἐν
642 2067 788 2135 αὑτῷ
825 2069 955 2120 εῖδει
979 2069 1138 2132 ζῶον,
1172 2070 1337 2132 ἵππος
1366 2071 1550 2131 ἵππου,
1588 2071 1682 2124 καὶ
1744 2072 1894 2124 λέον-

328 2177 416 2222 τος
439 2161 498 2213 τὸ
530 2161 794 2228 ὁμοειδὲς,
828 2164 922 2215 καὶ
955 2162 1130 2230 ἰχθύος
1157 2162 1209 2214 δὲ
1243 2163 1521 2229 ὡσαύτως,
1553 2166 1646 2216 καὶ
1685 2165 1894 2234 πτηνοῦ

330 2254 427 2305 καὶ
452 2253 619 2320 φυτοῦ
645 2269 657 2285 ο
690 2254 836 2305 αἴτια
854 2253 908 2304 δὲ
944 2251 1107 2305 αὐτοῦ
1126 2253 1201 2304 τά·
1227 2256 1456 2321 στοιχεῖα
1483 2270 1496 2285 ⁶
1526 2255 1674 2306 αἴτια
1699 2256 1759 2325 δὴ
1801 2255 1894 2308 καὶ

334 2345 530 2413 σελήνη
587 2345 677 2396 καὶ
712 2345 760 2396 οἰ
792 2345 939 2398 ἄλλοι
962 2347 1187 2412 ἀστέρες
1220 2347 1312 2399 καὶ
1342 2347 1490 2416 ἥλιος
1519 2349 1772 2415 μάλιστα,
1801 2348 1895 2399 καὶ

334 2437 557 2504 οὐρανὸς
617 2436 754 2506 ὑπὲρ
798 2435 986 2500 ταῦτα,
1019 2431 1090 2490 ὧν
1139 2440 1347 2505 ἑκάστῳ
1401 2441 1498 2508 μὲν
1532 2442 1674 2492 ἐστιν
1713 2440 1897 2492 αἰτιῶ-

339 2544 518 2596 τερον,
546 2527 607 2579 τὸ
639 2526 966 2594 συνώνυμον,
1012 2528 1194 2589 ἁπλῶς
1221 2529 1276 2579 δέ
1304 2530 1361 2580 τὸ
1394 2529 1714 2598 κοινότερον.
1774 2529 1897 2581 Ὅτι

333 2633 390 2669 τε
419 2618 675 2668 πλειόνων
706 2619 842 2680 ἐστὶ,
862 2617 954 2668 καὶ
970 2617 1114 2685 αὑτῷ
1144 2618 1219 2686 τῷ
1252 2621 1462 2686 ἐσχάτῳ
1489 2620 1786 2688 παράγοντι
1805 2619 1896 2672 tui}

335 2721 395 2757 τε
424 2705 676 2770 γενέσθαι
708 2706 798 2757 καὶ
834 2701 969 2757 εἶναι
992 2706 1082 2756 τοῦ
1113 2723 1170 2756 τε
1203 2709 1369 2757 ποιεῖν
1393 2707 1580 2759 αἴτιον.

405 2794 730 2856 Κοινότατος
760 2793 814 2845 δέ
839 2799 930 2845 καί
961 2793 1184 2861 ἔσχατος
1208 2795 1373 2856 αἴτιος
1397 2795 1422 2845 6
1455 2795 1583 2856 Θεός
1621 2811 1635 2825 ·
1660 2794 1900 2864 ἔστιγὰρ

334 2884 442 2937 τῶν
469 2885 737 2955 δευτέρων
785 2886 1000 2938 πάντων
1033 2885 1335 2953 ποιητικὸς,
1369 2888 1461 2938 καὶ
1491 2886 1772 2954 δυνάμεως
1805 2886 1900 2937 αὑ-

334 2977 445 3029 τῶν
474 2978 709 3045 ἀπάσης,
745 2978 836 3030 καὶ
868 2979 1167 3046 ἐνεργείας,
1199 2977 1292 3028 καὶ
1324 2979 1389 3046 τῇ
1452 2976 1612 3029 αὑτοῦ
1675 2978 1900 3045 δυνάμει

337 3072 517 3122 ἐκεῖνα
549 3071 727 3122 πάντα
759 3069 1020 3132 ποιοῦσιν,
1047 3069 1105 3119 οὐ
1142 3067 1218 3136 τῷ
1263 3067 1407 3131 ἅπαξ
1439 3067 1655 3136 δοθῆναι
1716 3068 1898 3131 αὑτοῖς

335 3161 434 3230 τὴν
463 3159 554 3214 τοῦ
589 3163 759 3212 ποιεῖν
781 3158 1007 3228 δύναμιν
1042 3161 1220 3227 μόνον,
1251 3159 1384 3210 ἀλλὰ
1415 3162 1506 3211 καὶ
1536 3159 1612 3228 τῷ
1658 3159 1898 3226 διηνεκὲς

338 3256 436 3325 τὴν
469 3254 637 3325 αὐτὴν
673 3253 852 3316 αὑτοῖς
886 3253 1138 3316 δίδοσθαι,
1168 3254 1283 3316 ἐνὸς
1334 3253 1484 3316 ὄντος
1543 3255 1671 3324 περὶ
1721 3255 1900 3306 αὐτῶν

337 3347 428 3401 τοῦ
468 3347 609 3399 Οείου
636 3346 972 3416 βουλήματος
1003 3347 1058 3410 ἐξ
1099 3347 1219 3397 ὅτου
1254 3345 1581 3413 ὑπέστησαν,
1641 3345 1734 3398 καί¹
1763 3346 1904 3397 ἐκεῖ-

337 3443 429 3493 Οεν
461 3444 539 3503 εἰς
562 3441 687 3500 τοὺς
732 3439 935 3500 αἰῶνας
986 3439 1338 3499 διατείνοντος
1391 3437 1632 3507 ἐνεργοῦ.
1683 3438 1788 3488 Καὶ
1843 3436 1902 3488 τὸ

339 3529 620 3599 βούλεσθαι
652 3531 741 3582 τὶν
779 3529 911 3581 Θεὸν
939 3528 1003 3580 τὰ
1028 3529 1164 3581 αὑτά
1185 3529 1363 3589 αὐτοῖς
1385 3529 1488 3590 ἀεὶ,
1523 3528 1615 3578 καὶ
1649 3527 1826 3578 αὑτῶν
1849 3528 1903 3605 ἐν

335 3625 446 3684 τοῖς
487 3624 669 3684 αὑτοῖς
695 3622 780 3673 ἀεὶ
813 3619 1004 3672 ὄντων.
1057 3621 1129 3671 Ο)
1163 3620 1269 3686 γάρ
1297 3618 1372 3684 τῷ
1404 3618 1698 3684 πεφυκέναι
1731 3616 1903 3669 ἐποίει

336 3715 525 3778 ταῦτα,
557 3715 688 3766 ἀλλὰ
716 3713 793 3782 τῷ
832 3711 1114 3781 βούλεσθαι
1148 3727 1162 3742 ο
1192 3710 1256 3763 δι’
1290 3709 1319 3762 ὃ
1367 3712 1460 3762 καὶ
1521 3708 1752 3780 κρείττω
1799 3709 1902 3761 εἰσὶ

335 3808 520 3876 γήρως
551 3823 608 3858 τε
642 3807 736 3858 καὶ
763 3805 985 3874 φθορᾶς,
1020 3804 1110 3856 καὶ
1139 3802 1238 3868 τῆς
1271 3805 1333 3856 ἐκ
1367 3802 1460 3854 τοῦ
1489 3802 1680 3870 χρόνου
1748 3802 1907 3854 ἀσθε-

343 3900 487 3961 νείας
515 3900 571 3949 ἐν
595 3897 670 3967 τῷ
696 3899 888 3959 ποιεῖν,
917 3896 1024 3948 εἴτε
1054 3894 1291 3970 ἔμψυχα
1319 3893 1468 3960 ὄντα,
1515 3894 1624 3946 εἴτε
1678 3895 1906 3964 σώματα

343 3995 524 4064 μόνον,
557 3990 662 4042 εἴτε
721 3989 823 4042 ὑπὸ
865 3988 1145 4060 χωριστῶν
1190 3987 1386 4040 οὐσιῶν
1453 3985 1762 4056 κινούμενα,
1808 3987 1906 4056 τὴν

339 4084 525 4153 χρείαν
550 4082 623 4150 τῷ
657 4081 818 4134 παντὶ
850 4080 1150 4148 παρέχεται
1171 4076 1399 4142 ἕκαστα,
1435 4076 1534 4148 τὴν
1572 4078 1635 4129 ἐκ
1667 4075 1757 4129 τοῦ
1791 4092 1910 4129 ποι-

340 4175 470 4244 ητοῦ
503 4176 593 4226 καὶ
641 4169 898 4225 δεσπότου
951 4171 1133 4237 σφίσιν
1181 4169 1590 4240 ἀφωρισμένην.
1649 4169 1908 4222 Kal-163‘:

343 4267 585 4336 ἐσχάτως
618 4265 673 4318 δὲ
704 4263 1000 4317 ποιούντων
1029 4262 1276 4325 ἕκαστον,
1317 4261 1456 4328 φημὶ
1483 4259 1538 4311 δέ
1568 4259 1674 4318 τῶν
1727 4261 1785 4312 ἐν
1819 4278 1910 4328 γεο

345 4356 809 4424 νέσει,τάσοενοῦν
853 4357 909 4414 ἐν
960 4355 1038 4425 τῷ
1087 4356 1287 4420 ποιεῖν,
1335 4353 1640 4405 τελευταῖον
1672 4351 1767 4423 τὴν
1815 4351 1906 4405 τοῦ

345 4456 516 4509 ποιεῖν
545 4451 839 4505 ἀποσάλλει
869 4446 1118 4515 δύναμιν,
1141 4447 1236 4499 καὶ
1261 4445 1321 4496 τὸ
1349 4442 1508 4498 εἶναι.

415 4547 504 4616 ’ΐῷ
541 4547 721 4616 μέντοι
754 4560 815 4610 γε
845 4539 1118 4607 ξύμπαντι
1149 4538 1327 4590 αὐτῶν
1363 4538 1489 4589 εἴδει
1528 4537 1626 4605 τὴν
1656 4535 1911 4606 τοιαύτην

342 4641 572 4705 δῦναμιν
614 4639 642 4688 6
698 4635 824 4696 Θεὸς
859 4634 922 4684 ἐκ
981 4631 1228 4698 διαδοχῆς
1288 4626 1616 4696 διαρκοῦσαν
1672 4628 1908 4690 δίδωσιν,

345 4725 800 4798 ὑπηρετουμένων
874 4722 982 4774 τῶν
1047 4719 1391 4788 ὑψηλοτέρων
1449 4718 1786 4786 κτισμάτων,
1845 4723 1910 4786 τῇ

345 4823 466 4890 θεία
501 4817 751 4885 βουλήσει
782 4811 878 4880 τὴν
909 4809 1256 4879 ἐκπλήρωσιν
1305 4809 1405 4878 τῆς
1435 4809 1738 4878 δυνάμεως,
1813 4801 1912 4858 Ὧν

341 4915 399 4966 δὲ
425 4913 523 4964 οὑκ
553 4909 610 4971 ἐξ
644 4907 857 4975 ἀτόμων
879 4904 912 4972 ἠ
938 4901 1168 4969 γένεσις,
1203 4899 1317 4952 ἀλλ’
1365 4901 1430 4952 ἐκ
1482 4901 1578 4970 τῆς
1622 4899 1729 4950 τῶν
1775 4916 1912 4951 στοι-

348 4997 507 5073 χείων
567 4999 718 5068 ὕλης,
779 4996 898 5050 οὐδέ
937 4991 1138 5047 τούτων
1167 4993 1407 5046 ἐκλείπει
1457 4993 1519 5044 τὸ
1566 4986 1726 5056 εἶδος,
1775 4990 1916 5043 κατὰ.

348 5094 616 5163 διαδοχὴν,
657 5092 755 5160 τῆς
798 5091 854 5142 ἐν
873 5091 934 5156 τῇ
969 5085 1068 5156 ὕλῃ
1097 5088 1377 5156 δυνάμεως
1418 5089 1482 5138 ἐκ
1517 5082 1650 5154 Θεοῦ
1681 5085 1746 5154 τῇ
1787 5082 1914 5152 δρά-

348 5206 431 5241 σει
454 5187 559 5239 τῶν
590 5185 759 5236 ἀνωτέ
771 5200 879 5252 ρων
914 5197 1209 5249 ποιητικῶν
1238 5177 1615 5247 διατιθεμένης
1642 5178 1914 5246 ἐγκαίρως

349 5281 486 5348 πρὸς
514 5277 613 5343 τήν
637 5275 840 5328 τούτων
876 5272 1236 5342 παραγωγήν.
1263 5271 1323 5322 Εἰ
1348 5268 1438 5321 καὶ
1463 5269 1717 5338 ποιητικὰ
1738 5272 1916 5321 τοίνυν

345 5370 435 5424 διὰ
447 5367 604 5423 τοῦτο
620 5366 860 5429 λέγονται
878 5363 981 5414 τῶν
1000 5361 1295 5429 γινομένων
1313 5359 1379 5411 τά
1398 5358 1524 5410 ὄντα
1543 5357 1618 5424 τῷ
1631 5359 1726 5426 τῆς
1743 5360 1916 5420 αἰτίας

345 5460 509 5526 γένει,
529 5439 640 5510 ἀλλ’
661 5455 948 5524 ὀργανικόν
973 5457 1084 5506 ἐστι
1103 5454 1163 5504 τὸ
1184 5453 1425 5514 αἰτιῶδες
1442 5452 1637 5504 αὐτῶν.
1657 5451 1915 5504 Ἐκάστου

346 5567 405 5602 τε
432 5551 539 5616 γὰρ
567 5548 786 5616 αὑτῶνή
805 5547 1058 5616 ποιητικὴ
1083 5543 1306 5614 δύναμις
1327 5546 1392 5612 τῇ
1415 5542 1506 5594 τοῦ
1520 5543 1791 5611 ἀνωτέρου
1821 5559 1920 5596 πα-

354 5640 725 5709 ραϐαλλομένη
757 5639 1018 5709 ὀργανική
1053 5639 1165 5690 ἐστι
1201 5636 1333 5704 πρὸς
1353 5635 1538 5704 αὑτήν.
1564 5636 1672 5687 Καὶ
1704 5633 1917 5701 πάντων

354 5731 468 5800 ἅμα
493 5730 545 5784 αἰ
573 5731 828 5798 δυνάμεις
862 5728 1148 5799 ὀργανικαί
1179 5731 1282 5780 εἰσι
1311 5727 1489 5795 πολλῷ
1524 5725 1722 5795 μᾶλλον
1781 5727 1915 5793 πρὸς

1991 545 2100 614 γὰρ
2129 546 2363 598 ’ἑκαστον
2393 545 2490 613 τὴν
2521 542 2614 596 τοῦ
2647 544 2962 612 κατωτέρου
2989 543 3216 612 δύναμιν
3273 543 3333 594 οὑ
3392 543 3555 602 ποιεῖ,

1991 632 2107 683 ἀλλ’
2128 633 2191 682 ἐκ
2226 631 2361 684 Θεοῦ
2389 631 2732 700 πεποιημένη
2768 630 2967 700 χρῆται
2995 631 3173 699 μόνον.
3227 632 3564 700 Δημιουργεῖ

1989 717 2046 768 δὲ
2076 718 2102 768 6
2132 717 2264 780 Θεὸς
2294 720 2509 779 καὶτὰς
2538 721 2756 772 πάντων
2785 718 3044 787 δυνάμεις
3098 719 3236 789 μετὰ
3296 720 3408 773 τῶν
3467 721 3558 772 οὑ-

1993 808 2146 863 σιῶν.
2183 809 2293 861 Καὶ
2325 809 2653 879 δημιουργὸς
2687 811 2784 879 μέν
2820 829 2901 874 τις
2927 812 2984 864 ἐν
3016 810 3319 880 ἀνθρώποις
3362 812 3559 880 τέχνης

1989 900 2132 962 τινὸς
2162 902 2438 969 ποιήσειεν
2462 903 2526 956 ἃν
2557 903 2616 955 τδ
2643 905 2742 971 τῆς
2765 903 2960 973 τέχνης
2981 903 3230 970 δργανον,
3290 899 3409 956 εἶτα
3459 903 3556 954 καὶ

1991 990 2326 1060 χρήσαιτο,ἥ
2360 994 2624 1060 χρήσαιτο
2653 993 2712 1060 ἐξ
2740 993 2898 1047 ἄλλου
2938 993 3116 1046 λαϐών
3149 1009 3164 1024 ·
3194 992 3307 1047 ἀλλ’
3338 994 3437 1046 οὑκ
3492 993 3560 1045 ἄν

1993 1096 2122 1132 ποτε
2154 1081 2245 1132 καὶ
2268 1082 2501 1148 ὀργάνου
2533 1083 2704 1153 χωρὶς
2723 1084 3073 1137 ἀποτελέσειέ
3101 1074 3153 1136 τι
3175 1083 3281 1136 τῶν
3303 1085 3366 1150 τῇ
3395 1083 3555 1152 τέχνῃ

1990 1170 2224 1225 οἰκείων.
2267 1173 2326 1226 '0
2349 1174 2403 1227 δέ
2444 1174 2575 1238 Θεὸς
2600 1177 2727 1229 ἄνευ
2768 1174 3002 1245 ὀργάνου
3041 1176 3214 1227 ποιεῖν
3261 1174 3553 1240 δυνάμενος
3579 1169 3646 1229 ,5³

1989 1261 2193 1315 ἕκαστα
2214 1263 2310 1315 καὶ
2343 1265 2512 1316 ποιῶν
2554 1265 2701 1318 ἐστιν
2741 1265 2775 1320 a
2805 1266 2872 1319 τὰ
2909 1265 3045 1319 αὑτά
3078 1265 3169 1317 καὶ
3213 1264 3280 1317 δι’
3307 1263 3554 1333 ὀργάνων
3597 1272 3607 1284 ”

1992 1355 2137 1405 ποιεῖ
2160 1355 2444 1424 περιουσίᾳ
2481 1356 2672 1424 σοφίας
2701 1358 2794 1409 καὶ
2821 1356 3177 1425 ἀγαθότητος,
3217 1355 3284 1408 τὰ
3332 1357 3388 1408 ἐν
3441 1358 3558 1417 τοῖς

1992 1449 2270 1514 γεννητοῖς
2307 1448 2572 1518 δηλονότι.
2607 1449 2794 1522 Ταύτῃ
2821 1467 2902 1502 τοι
2930 1451 3025 1503 καὶ
3074 1451 3143 1502 τά
3199 1450 3326 1501 ὄντα
3375 1449 3554 1501 πάντα

1993 1540 2270 1605 ποιήματα
2297 1540 2558 1606 γεγονότα
2592 1540 2757 1593 αὑτοῦ
2785 1543 3035 1594 κοινωνεῖ
3070 1541 3165 1610 μὲν
3212 1541 3306 1608 τῆς
3369 1540 3555 1608 ὁμοιό-

1991 1645 2151 1697 τητος
2182 1629 2348 1682 αὑτοῦ
2372 1631 2676 1704 ἁμωσγέπη
2709 1647 2726 1664 ο
2757 1632 2838 1685 δεῖ
2879 1632 2987 1703 γὰρ
3015 1633 3075 1686 τὸ
3124 1631 3280 1700 ἔργον
3325 1633 3560 1686 ἐοικέναι

1993 1735 2068 1786 πη
2095 1718 2170 1789 τῷ
2191 1721 2426 1791 τεχνίτῃ,
2451 1723 2543 1774 καὶ
2576 1724 2640 1776 τά
2674 1724 2770 1793 μὲν
2798 1724 2855 1777 ἐν
2879 1723 3108 1789 πλείοσι,
3135 1724 3199 1776 τὰ
3224 1724 3280 1777 δὲ
3311 1726 3368 1777 ἐν
3405 1725 3566 1778 ἐλάτ-

1993 1828 2105 1864 τοσι
2134 1815 2379 1866 κοινωνεῖ
2404 1815 2541 1867 κατά
2580 1815 2676 1882 τὴν
2719 1814 2878 1882 φύσιν
2925 1815 3018 1868 τοῦ
3050 1815 3222 1878 εἴδους
3270 1814 3379 1866 εἴτε
3411 1815 3565 1866 πλείο

1995 1921 2088 1964 ους
2153 1904 2321 1974 αὑτῷ,
2373 1905 2482 1956 εἴτε
2527 1904 2782 1966 ἐλάττους
2837 1906 3171 1974 τελειότητες
3216 1907 3430 1968 ἔνεισιν,
3497 1907 3564 1958 ἐκ

1995 1993 2094 2059 τῆς
2116 1993 2226 2045 τῶν
2257 1993 2607 2064 τελειοτήτων
2647 1995 2968 2048 ἀνεικάστου
3007 1997 3209 2065 πηγῆς.
3268 1995 3565 2064 Ὧμοίωται

1996 2080 2050 2133 δέ
2095 2100 2168 2152 πη
2199 2084 2291 2135 καὶ
2324 2085 2401 2150 τῶ
2435 2085 2722 2151 παράγειν,
2778 2078 2858 2143 οἷς
2911 2085 3064 2138 τοῦτο
3126 2085 3313 2149 ἔδωκε,
3359 2080 3428 2137 τά
3463 2085 3565 2154 μὲν

1997 2174 2283 2240 πλειόνων,
2319 2173 2386 2226 τὰ
2416 2176 2471 2228 δέ
2501 2176 2795 2229 ἐλαττόνων
2815 2177 2941 2229 ὅντα
2964 2177 3261 2247 πρακτικὰ,
3295 2177 3435 2229 κατὰ
3464 2175 3565 2244 τὴν

1996 2268 2053 2319 ἐν
2077 2268 2154 2335 τῷ
2191 2268 2349 2318 παντὶ
2377 2267 2557 2320 αὐτῶν
2590 2267 2760 2330 τάξιν,
2799 2268 2986 2320 Πάντα
3034 2267 3078 2318 δ’
3110 2267 3246 2335 ὁμοῦ
3296 2266 3405 2320 ἀπὸ
3454 2266 3566 2317 τῶν

1999 2359 2343 2428 ὑψηλοτέρων
2403 2359 2496 2411 ἐπὶ
2557 2361 2624 2410 τὰ
2670 2359 2869 2427 ἔσχατα
2927 2358 3164 2410 κατιόντι
3217 2357 3377 2409 δοῦλά
3430 2357 3570 2408 εἰσιν

1998 2452 2216 2520 ὁμοίως,
2249 2451 2341 2502 καὶ
2368 2451 2519 2503 οὐδέν
2547 2451 2660 2502 ἐστι
2711 2450 2980 2515 Θειότητος
3032 2450 3088 2502 ἐν
3131 2450 3330 2515 αὑτοῖς,
3363 2449 3412 2500 εί
3436 2449 3510 2517 μὴ
3541 2446 3571 2499 ὃ

1999 2542 2269 2607 ποιήμασι
2305 2540 2399 2591 καὶ
2438 2539 2641 2602 δούλοις
2673 2539 2765 2592 τοῦ
2821 2539 3042 2610 ἀρίστου
3088 2537 3424 2612 δημιουργοῦ
3473 2538 3572 2591 καὶ

1998 2627 2258 2679 δεσπότου
2286 2627 2508 2696 πρέποι.

2071 2718 2363 2788 Ταὺτη.τοι
2390 2721 2482 2772 καὶ
2514 2701 2793 2786 ποιητικὸν
2816 2720 2986 2773 αἴτιον
3030 2721 3187 2785 αὐτός
3222 2724 3337 2776 ἐστι
3385 2724 3571 2791 μόνος,

2001 2811 2049 2861 εί
2084 2811 2288 2879 κυρίως
2311 2811 2616 2878 βουλόμεθα
2649 2811 2849 2878 λέγειν,
2875 2813 2940 2864 τὰ
2978 2812 3032 2864 δὲ
3058 2812 3189 2866 ἄλλα
3226 2814 3463 2867 δουλεύει
3491 2814 3574 2878 ὡς

2003 2902 2232 2971 ὄργανα.
2263 2904 2371 2956 Καὶ
2405 2902 2625 2971 πρώτην
2658 2904 2755 2972 μὲν
2789 2903 2967 2955 αἰτίαν
3020 2904 3203 2967 αὑτὸν,
3239 2907 3308 2956 τὰ
3367 2906 3422 2957 δέ
3479 2906 3574 2959 λέ-

2003 3011 2191 3062 γοντες
2213 2995 2362 3048 αἴτια
2388 2995 2616 3066 δεύτερα
2637 2998 2746 3056 τοῖς
2775 2995 2997 3064 ὀνόμασι
3031 2997 3127 3065 τῆς
3167 2997 3370 3061 τάξεως
3399 3015 3573 3051 κατα-

2005 3085 2284 3154 χρώμεθα.
2315 3086 2394 3138 Τά
2431 3087 2529 3154 μὲν
2558 3086 2666 3156 γὰρ
2697 3089 2808 3148 τοῖς
2865 3089 3311 3156 συντεταγμένοις
3359 3107 3415 3142 τε
3477 3093 3576 3144 καὶ

2007 3175 2305 3241 συστοίχοις
2337 3176 2620 3244 προσήκει.
2681 3175 2738 3227 '0
2761 3176 2820 3227 δὲ
2845 3176 3059 3229 πάντων
3095 3177 3383 3246 ἀπειράκις
3418 3179 3578 3232 ἀπεί-

2005 3281 2112 3332 ρως
2140 3263 2395 3334 ἐξῄρηται
2448 3265 2696 3333 ἐνεργείᾳ
2717 3265 2809 3316 καὶ
2835 3263 3061 3332 δυνάμει
3107 3268 3204 3319 καὶ
3235 3266 3415 3334 φύσει.
3444 3269 3522 3319 Δι’
3549 3268 3580 3320 ὃ

2004 3356 2095 3407 καὶ
2127 3354 2281 3421 μόνος
2319 3353 2478 3416 αὑτός
2501 3354 2616 3404 ἐστι
2666 3353 2794 3415 Θεός
2848 3370 2906 3405 τε
2953 3354 3046 3405 καὶ
3070 3354 3169 3405 ὅσα
3219 3355 3296 3423 τῷ
3348 3355 3579 3424 ὀνόματι

2003 3442 2177 3512 τούτῳ
2222 3443 2471 3510 νοοῦμεν,
2519 3442 2612 3492 καὶ
2660 3439 2810 3502 τέλος
2854 3440 3016 3502 αὑτός
3066 3441 3180 3493 ἐστι
3244 3442 3457 3493 πάντων
3483 3444 3581 3492 κα)ι

2005 3535 2226 3602 ἀγαθὸν,
2245 3535 2336 3586 καὶ
2357 3526 2415 3586 οὗ
2443 3533 2616 3585 πάντα
2639 3533 2870 3600 ἐφίεται.
3255 3585 3258 3588 ,

2078 3626 2156 3696 Τῇ
2194 3625 2331 3693 αὑτῇ
2366 3623 2421 3676 δὲ
2442 3622 2736 3692 ἀγαθότητι
2768 3623 2861 3675 καὶ
2900 3623 3125 3693 δυνάμει
3177 3622 3250 3685 ὡς
3277 3622 3336 3687 ἐξ
3365 3624 3464 3676 οὑκ
3490 3623 3576 3674 δν-

2005 3734 2111 3769 των
2140 3716 2430 3784 πεποίηκε,
2459 3714 2556 3766 καὶ
2599 3716 2816 3784 προνοεῖ
2865 3715 3034 3784 δήπου
3063 3715 3242 3767 αὑτῶν
3287 3716 3428 3769 κατὰ
3480 3714 3581 3776 τὰς

2009 3809 2252 3862 ἑκάστων
2277 3807 2465 3878 φύσεις
2503 3822 2516 3836 ·
2544 3811 2637 3860 καὶ
2669 3807 2914 3876 βούλεται
2948 3807 3046 3875 μὲν
3097 3807 3302 3882 ἑκάστῃ
3332 3806 3491 3874 φύσει
3519 3807 3584 3858 τὸ

2008 3899 2235 3968 ἀγαθὸν,
2261 3900 2289 3952 ὅ
2317 3915 2448 3950 ποτε
2485 3898 2647 3960 αὐτὸς
2673 3896 2936 3968 ἐϐουλήθη
2970 3897 3181 3968 ἑκάστῳ
3211 3897 3412 3964 ἀγαθὸν
3441 3892 3588 3948 εἶναι

2009 3993 2104 4046 καὶ
2136 3991 2308 4056 τέλος,
2357 3989 2559 4057 ἀγαθὸς
2591 3987 2686 4052 ὢν,
2720 3989 2813 4042 καὶ
2840 3988 3068 4056 ἀγαπῶν
3092 3987 3127 4042 ἃ
3169 3987 3413 4055 ἐποίησε.
3443 3987 3592 4039 Τάτ-

2008 4100 2090 4135 τει
2119 4081 2176 4134 δὲ
2208 4081 2344 4150 πρὶς
2390 4080 2450 4133 τὸ
2475 4082 2669 4133 οἰκεῖον
2719 4079 2928 4132 ἕκαστα
2966 4079 3114 4142 τέλος
3153 4079 3425 4145 πάνσοφος
3485 4077 3587 4141 ῶν,

2009 4173 2082 4237 ὡς
2119 4174 2218 4226 οὑκ
2245 4174 2308 4226 ἂν
2331 4171 2504 4235 ἄλλως
2530 4172 2949 4242 ταχοησομένων
2975 4187 2988 4201 ο
3023 4171 3121 4240 τὴν
3173 4171 3232 4246 δέ
3258 4171 3465 4224 τοιάνδε
3491 4173 3590 4223 τά-

2013 4263 2092 4328 ξιν
2129 4264 2437 4332 ἀποπληροῖ
2472 4264 2645 4315 πάντα
2671 4262 2982 4332 δυνάμενος.
3037 4262 3242 4315 Αὐτίκα
3275 4261 3381 4330 γὰρ
3448 4279 3588 4331 προ-

2011 4356 2121 4406 νοεῖ
2150 4354 2254 4406 τῶν
2289 4352 2562 4422 γεννητῶν
2615 4351 2820 4405 τούτων
2868 4353 3108 4417 πάντων,
3152 4353 3211 4406 οὑ
3275 4353 3431 4420 μόνον
3483 4353 3588 4420 τῆς

1935 4441 1990 4501 D
2017 4445 2158 4498 κατὰ
2180 4443 2428 4514 διαδοχὴν
2460 4445 2515 4494 ἐν
2547 4442 2621 4511 τῷ
2665 4444 2793 4496 εῖδει
2827 4441 3086 4511 διαμονῆς
3123 4441 3318 4505 αὐτῶν,
3358 4441 3462 4503 ἕως
3517 4442 3586 4494 ἂν

2012 4533 2108 4587 καὶ
2134 4535 2168 4602 ἡ
2201 4533 2499 4602 ἀνθρώπων
2525 4532 2733 4600 γένεσις
2761 4528 2816 4604 ᾗ,
2860 4533 2993 4600 πρὸς
3027 4535 3095 4602 ἣν
3151 4533 3456 4600 τεταγμένα
3508 4532 3588 4582 εἰ·

2015 4626 2120 4688 σίν,
2147 4625 2286 4677 ἀλλὰ
2319 4625 2411 4678 καὶ
2441 4625 2540 4688 τῆς
2568 4624 2901 4694 προσκαίρου
2949 4622 3211 4693 διαμονῆς
3237 4624 3342 4676 τῶν
3373 4626 3429 4675 ἐν
3457 4624 3589 4674 ἐκά-

2015 4734 2124 4786 στῳ
2148 4715 2278 4768 εἴδει
2297 4716 2536 4784 ἀτόμων.

2101 4807 2167 4858 Ἦ
2198 4808 2304 4876 γάρ
2337 4808 2562 4874 πρόνοια
2611 4809 2714 4876 τῆς
2761 4784 3117 4860 ἀδιαλείπτοᾶ
3167 4808 3431 4877 κινήσεως
3491 4808 3582 4859 τοῦ

2016 4903 2221 4963 παντὸς
2245 4898 2436 4951 τούτου
2473 4900 2564 4950 καὶ
2599 4900 2708 4950 τῶν
2738 4898 2902 4951 αὑτοῦ
2935 4899 3116 4968 μερῶν
3159 4891 3235 4952 ὧν
3265 4903 3326 4951 ἐκ
3347 4900 3446 4966 τῆς
3478 4916 3586 4951 τοιο

2017 4993 2141 5046 ἆσδε
2161 4992 2425 5059 κινήσεως
2452 4991 2589 5043 αὐτὰ
2619 4989 2828 5056 γίνεταί
2857 5007 2914 5042 τε
2941 4988 3188 5043 ὁπωσοῦν
3215 4991 3310 5042 καὶ
3341 4989 3430 5060 ζῇ,
3490 4992 3588 5042 καὶ

2015 5088 2114 5155 τῆς
2138 5087 2314 5140 αὐτῶν
2343 5085 2605 5175 γενέρως
2640 5086 2728 5136 καὶ
2751 5083 2892 5152 ζωῆς
2919 5085 3034 5136 ἐστι
3069 5083 3310 5152 πρόνοια,
3334 5084 3588 5146 ἑκάστοις

2017 5177 2326 5246 ἀμερίστως
2348 5177 2801 5246 συνδιανεμομένη
2856 5177 3107 5244 γνώσεως
3164 5177 3431 5246 ὑπερϐολῇ
3491 5179 3590 5229 καὶ

2017 5268 2323 5335 δυνάμεως,
2352 5269 2446 5321 ἅτε
2466 5269 2562 5335 τῆς
2595 5268 2946 5337 ὑπεραγάθου
2977 5270 3250 5338 Θελήσεως
3301 5270 3587 5336 ἀκάματον

2018 5357 2124 5410 ἀπὸ
2155 5356 2261 5408 τῶν
2294 5355 2638 5425 ὑψηλοτέρων
2690 5359 2850 5427 μέχρι
2901 5359 2996 5410 καὶ
3043 5358 3151 5411 τῶν
3202 5359 3444 5426 ἐσχάτων
3494 5362 3587 5410 τὸν

2020 5448 2217 5516 ἑαυτῆς
2249 5447 2447 5516 δρόμον
2478 5447 2807 5516 ἐξαντο-ᾅσης
2835 5449 2891 5499 ἐν
2918 5449 3124 5516 ἑκάστῃ
3174 5449 3364 5517 χρόνον
3415 5450 3581 5517 ῥοπῇ,
3610 5441 3615 5446 ’

2018 5541 2073 5602 ὂς
2103 5541 2216 5591 ἐστι
2246 5543 2304 5589 τὸ
2329 5539 2433 5590 ὑπὸ
2469 5540 2684 5590 πάντων
2706 5537 2820 5606 ἅμα
2847 5540 3173 5608 μετέχεσοαι
3207 5539 3345 5591 κατὰ
3366 5537 3464 5606 τὴν
3490 5537 3586 5590 ἀπ’

2019 5631 2191 5700 αὐτῆς
2231 5631 2446 5700 ἑκάστῳ
2479 5631 2759 5701 διδομένην
2788 5631 2879 5682 τοῦ
2915 5631 3164 5700 μετέχειν
3229 5631 3380 5699 ἰσχὺν
3445 5630 3584 5697 μετὰ

2021 5725 2116 5793 τῆς
2149 5726 2203 5775 ἐν
2236 5724 2311 5794 τῷ
2348 5725 2508 5777 παντὶ
2554 5725 2766 5776 πάντων
2824 5723 3204 5789 εὐαρμοστὶας.
3271 5722 3582 5775 Ἰδιαίτευον
