3956 6200
324 237 330 245 ’
409 258 551 323 ιιοιι

1465 276 1563 336 DE
1607 256 2342 349 PMDESTINATIONE
2397 288 2542 351 LIB.
2573 290 2622 350 ι.

3516 297 3651 360 1110

407 371 506 438 μὲν
523 370 700 424 τοίνυν
734 375 840 430 τῶν
871 377 1089 450 ἀτόμων
1122 385 1487 456 προμηθεῖται
1541 394 1785 459 ἐκείνων,
1832 397 1976 467 ἅπερ
2012 403 2047 456 Α
2080 401 2292 468 σώματι
2312 402 2601 472 ἀνθρώπου
2623 379 2748 458 νέαν
2768 406 2940 471 κτίζει
2973 406 3168 479 ψυχὴν,
3215 407 3302 461 ἵνα
3339 408 3473 478 μήτε
3521 408 3652 470 ἔξω·

405 461 628 529 ἀμέσως
659 467 738 528 εἰς
767 468 931 522 αὑτὸν
963 473 1248 534 τάττονται
1288 482 1380 534 καὶ
1403 483 1624 551 ἀμέσως
1650 487 1814 541 αὐτοῦ
1842 507 1974 542 ποτε

405 552 658 608 δύνανται
686 559 997 628 ἀπολαύειν,
1031 563 1118 620 οἷα
1142 569 1204 638 δὴ
1238 571 1303 624 τά
1355 575 1452 638 τῆς
1508 576 1731 648 λογικῆς
1798 581 1976 651 ἄτομα

404 643 642 708 φύσεως.
672 648 780 701 Καὶ
812 652 898 705 διὰ
929 654 1088 708 τοῦτο
1112 657 1213 710 ποῦ
1252 661 1348 729 μὲν
1392 662 1498 716 τῶν
1529 643 1722 734 λογίων
1748 671 1866 723 ἐστὶ
1901 643 1977 724 ’τὸ

402 734 572 803 χωρὶς
599 736 690 788 τοῦ
723 739 866 793 θείου
900 735 1201 814 θελῆματος
1257 752 1391 821 μηδὲ
1424 759 1706 822 στρουθίον
1761 765 1825 829 τῇ
1875 780 1976 817 πα-

401 825 508 889 γίδι
539 827 854 896 ἐμπίπτειν,
887 836 988 888 ποῦ
1019 837 1076 889 δὲ
1107 839 1168 892 τὸ
1198 843 1365 911 μηδὲν
1397 845 1474 915 τῷ
1517 848 1634 918 Θεῷ
1689 825 1825 922 περί.
1866 856 1975 908 τῶν

405 916 542 985 βοῶν
567 919 772 985 μέλειν,
808 925 948 977 πάνυ
979 928 1332 997 ἀληθεύοντος
1394 916 1678 1010 ἐκατέρου.
1743 916 1830 1006 Ὦς
1867 951 1974 1018 γὰρ

401 1009 543 1060 κατά
575 1010 716 1064 θεῖον
741 1013 952 1084 θέλημα
1010 1023 1287 1089 στρουθίον
1343 1025 1646 1095 ἁλίσκεται,
1696 1031 1837 1088 οὕτω

401 1095 523 1164 βόες
551 1099 846 1169 τρέφονταί
874 1122 933 1158 τε
965 1106 1056 1159 ὑπ’
1105 1111 1408 1184 ἀνθρώπων
1454 1117 1548 1172 καὶ
1584 1119 1824 1177 θύονται.
1874 1126 1972 1179 Ὃν

396 1187 452 1239 δὲ
480 1190 680 1258 τρόπον
705 1193 765 1244 ού
797 1195 946 1263 μέλει
972 1198 1050 1269 τῷ
1077 1199 1196 1271 Θεῷ
1238 1206 1369 1274 περὶ⁵
1414 1208 1519 1261 τῶν
1570 1209 1730 1279 βοῶν,
1784 1215 1972 1270 τοῦτον

396 1278 518 1331 οὐδὲ
553 1281 660 1333 τῶν
690 1288 986 1354 στρουθίων
1025 1291 1173 1362 αὐτῷ
1203 1296 1380 1364 μέλει.
1443 1278 1610 1354 Μέλει
1663 1305 1771 1373 γὰρ
1820 1306 1970 1376 αὐτῷ

399 1372 524 1439 περὶ
561 1373 742 1428 αὐτῶν
771 1376 908 1430 ὥστε
941 1382 1281 1438 ἀπολαύοντα
1307 1387 1400 1440 τοῦ
1435 1387 1594 1452 εἶναι,
1626 1395 1704 1456 είς
1732 1396 1854 1448 ὅσον
1878 1398 1971 1448 αὐ-

396 1461 506 1520 τοῖς
539 1463 938 1532 ἀρμόττει,καὶ
995 1471 1070 1535 ὡς
1105 1476 1252 1544 αύτῷ
1312 1479 1475 1549 ἤρεσε
1532 1484 1822 1553 κηρύττειν
1877 1488 1970 1540 καὶ

397 1552 634 1618 σιγῶντα
666 1556 758 1610 τὸν
790 1563 1042 1631 ποιητὴν,
1069 1569 1178 1629 τοῖς
1209 1568 1366 1637 λόγου
1401 1578 1713 1647 περιουσίᾳ,
1758 1581 1851 1633 καὶ
1912 1580 1971 1644 ἐξ

395 1640 573 1694 αὐτῶν
596 1643 911 1715 δυναμένοις
935 1652 1264 1725 φιλοσοφεῖν,
1303 1663 1393 1713 καὶ
1426 1664 1506 1726 είς
1557 1665 1739 1734 ἔρωτά
1770 1686 1826 1721 τε
1877 1674 1968 1724 καὶ

395 1732 578 1802 θαῦμα
609 1737 708 1804 τῆς
740 1743 1014 1811 πανσόφου
1037 1747 1320 1818 δυνάμεώς
1378 1769 1436 1805 τε
1494 1732 1597 1808 καὶ.
1639 1758 1971 1829 ἀγαθότητος
2005 1762 2044 1816 Β

397 1826 762 1892 προκόπτουσι
785 1832 1061 1888 τελεῖσθαι
1096 1853 1110 1868 ο
1161 1843 1254 1894 καὶ
1283 1842 1424 1895 ὥστε
1464 1846 1538 1914 μὴ
1575 1847 1856 1917 εἴργεσθαι
1874 1851 1970 1920 τὴν

399 1913 572 1984 ίδικὴν
629 1920 755 1988 περί
814 1926 911 1992 τῆς
961 1927 1308 2002 ἀνθρωπίνης
1373 1913 1534 2006 ζωῆς
1580 1913 1866 2006 πρόνοιαν,
1910 1913 1970 1998 οὗ

391 2005 550 2074 χάριν
571 2007 639 2062 τά
665 2012 887 2068 πλεῖστα
912 2017 1027 2072 ἔστι
1060 2023 1151 2074 καὶ
1193 2025 1421 2091 γίνεται,
1472 2005 1567 2084 καὶ
1617 2005 1677 2084 οὗ
1712 2036 1776 2103 τῇ
1811 2035 1970 2106 χρείᾳ

387 2096 662 2154 δουλεύειν
713 2103 970 2162 τέτακται
1030 2112 1123 2164 καὶ
1175 2113 1485 2185 ὑπηρετεῖν,
1531 2122 1637 2174 Καὶ
1678 2096 1776 2176 ἔτι..
1811 2096 1968 2194 ’μέλε-ι

388 2188 740 2258 περὶαύτῶν,
777 2196 916 2252 ὥστε
971 2201 1070 2271 τὴν
1125 2205 1220 2258 τοῦ
1287 2207 1576 2279 ἀνθρώπου
1624 2215 1969 2283 συμπάθειαν

387 2280 487 2332 κάν
536 2283 651 2347 τοῖς
713 2287 892 2352 ἄλλοις
946 2291 1368 2368 διαφαινομένην
1425 2302 1577 2372 όρᾷν,
1613 2303 1670 2356 ὃν
1699 2280 1968 2372 προνοεῖν

387 2373 584 2441 χρῆναι
623 2376 714 2428 τὸν
759 2379 1046 2450 ἄνθρωπον
1095 2384 1200 2448 ἓως
1253 2388 1319 2440 ἂν
1363 2390 1535 2444 αὑτοῦ
1603 2392 1783 2456 ζῶντα
1849 2401 1968 2462 ταῖς

387 2463 595 2532 χρείαις
629 2466 893 2541 ύπηρετῇ.

459 2557 700 2613 Τοιαῦτα
735 2563 811 2632 τῷ
843 2562 962 2633 Θεῷ
994 2567 1122 2636 περὶ
1150 2569 1331 2626 αὐτῶν
1366 2574 1539 2644 μέλει,
1595 2580 1853 2636 ἐπέκεινα
1909 2583 1964 2636 δὲ

388 2647 561 2714 ιύδὶν,
595 2651 676 2704 ὅτι
709 2655 872 2720 μηδὲν
907 2657 1165 2712 ἐπέκεινα
1219 2666 1316 2732 τῆς
1379 2667 1611 2722 ἐνταῦθα
1659 2672 1802 2739 ζωῆς
1854 2678 1964 2738 τοῖς

386 2740 646 2804 τοιούτοις
677 2743 825 2808 τέλος
847 2747 1012 2811 ἐστὶν,
1051 2752 1170 2804 οὐδὲ
1204 2755 1374 2822 αὐτῆς
1416 2759 1627 2827 αἱρέσει
1683 2764 1789 2814 τινὶ
1820 2765 1965 2830 ἐφιε-

397 2828 602 2895 μένοις,
645 2831 760 2883 ἀλλ’
788 2835 932 2906 ὁρμῇ
968 2843 1170 2910 φυσικῇ
1225 2843 1383 2910 μόνον
1413 2860 1426 2875 ⁸
1459 2845 1583 2899 οὗτε
1613 2847 1778 2902 εἰδόσι
1834 2828 1964 2920 γοῦν

383 2918 464 2977 είς
490 2919 541 2970 τί
573 2937 702 2973 ποτε
748 2923 988 2997 αὐτοῖςή
1032 2931 1368 3003 πρόσκαιρος
1411 2935 1522 3006 ζωὴ
1549 2939 1722 3008 φέρει.
1763 2918 1871 2994 Καλ
1901 2945 1958 2996 οὐ

2081 491 2170 543 θεν
2193 495 2607 565 είσκρινομένης
2637 498 2805 552 πολλά
2835 500 2901 553 τά
2932 500 3106 555 ἄτοπα
3161 503 3254 554 καὶ
3302 501 3541 555 ἀδύνατα
3591 497 3649 574 ᾖ.

2081 585 2216 650 μήτε
2249 586 2511 656 συνούσης
2543 587 2618 658 τῷ
2654 590 2929 658 σπέρματι
2978 591 3072 644 καὶ
3110 591 3328 662 διαδοχῇ
3377 595 3650 661 γεννωμέ-

2078 691 2174 743 νης
2198 676 2368 745 χείρω
2401 679 2740 752 ἀκολουθοίη.
2782 685 2891 737 Καὶ
2939 684 3014 746 ὡς
3046 685 3199 754 μὲνὴ
3228 686 3286 739 ἐν
3317 685 3504 755 τοιῷδε
3548 685 3650 738 σώ-

2081 781 2210 833 ματι
2240 769 2332 820 τοῦ
2357 769 2650 840 ἀνθρώπου
2679 774 2791 842 ζωὴ
2811 775 2904 829 νῦν
2928 776 3077 846 παρά
3104 776 3204 845 τὴν
3257 776 3315 841 ἐξ
3347 776 3520 845 ἀρχῆς
3553 775 3646 829 τοῦ

2075 853 2210 908 Θεοῦ
2240 861 2366 927 περὶ
2395 859 2560 913 αὑτοῦ
2580 863 2692 916 ἐστι
2720 861 2970 934 βούλησιν
3002 867 3096 920 καλ¹
3125 867 3196 929 ὡς
3222 867 3376 936 δίκην
3403 865 3523 921 τινὰ
3553 865 3649 936 τὴν

2075 945 2132 996 έν
2160 947 2306 1016 αὐτῷ
2325 949 2521 1021 ζωὴνη
2555 953 2700 1025 ψυχὴ
2723 957 2961 1025 πονηρᾶς
2988 975 3115 1010 ποτε
3156 959 3250 1010 καὶ
3279 959 3474 1025 ἀλόγου
3531 961 3649 1010 ἐπι-

2075 1034 2274 1109 θυμίας
2301 1056 2316 1073 ·
2341 1041 2420 1094 ὅτι
2447 1059 2505 1095 τε
2541 1045 2573 1113 ἡ
2606 1047 2906 1112 σπουδαίως
2929 1049 3054 1119 τῇδε
3085 1048 3326 1119 βιώσασα
3378 1052 3467 1104 καὶ
3516 1051 3647 1103 καθ-

2073 1129 2297 1199 αρθεῖσα
2328 1133 2401 1195 ὡς
2433 1131 2625 1190 οἷόντε
2664 1138 2928 1203 ἑκουσίως
2977 1143 3057 1205 είς
3107 1142 3199 1194 τδν
3242 1142 3644 1212 ἡτοιμασμένον

2071 1223 2130 1272 ἐν
2159 1221 2404 1290 οὐρανοῖς
2429 1225 2562 1296 αὐτῇ
2615 1228 2779 1284 τόπον
2810 1230 3096 1285 ἀνίπταται
3155 1233 3314 1296 εὐθὺς
3367 1234 3643 1288 ἀπαλλατ-

2071 1314 2292 1381 τομένη,
2326 1316 2392 1368 τὰ
2446 1317 2670 1372 τοιαῦτα
2699 1320 3096 1391 ὡμολογημένα
3137 1326 3236 1377 οὐκ
3282 1327 3644 1396 ἐπεξεργάζε-

2074 1403 2195 1455 σθαι
2226 1406 2354 1474 χρή.
2382 1408 2486 1460 Καὶ
2513 1409 2593 1462 ὅτι
2617 1410 2678 1462 τὺ
2706 1410 2857 1474 τέλος
2892 1412 3199 1483 ἀνθρώπου,
3240 1417 3269 1486 ἡ
3302 1415 3393 1468 τοῦ
3416 1417 3643 1486 ἐσχάτου

2072 1493 2275 1559 ἀγαθοῦ
2317 1499 2574 1564 μετουσία
2598 1501 2804 1552 ἔνεστιν
2849 1504 2905 1554 ἐν
2948 1503 3026 1572 τῷ
3063 1505 3318 1575 ἀμυδρῶς
3370 1506 3465 1559 καὶ
3521 1507 3642 1559 κατ’

2073 1581 2210 1647 εἶδος
2237 1589 2376 1638 νοεῖν
2395 1589 2483 1640 τὸν
2514 1590 2666 1651 Θεὸν,
2695 1592 2857 1646 αὐτὸν
2880 1594 3004 1646 ὅντα
3023 1594 3121 1664 τὴν
3142 1594 3363 1665 πρώτην
3382 1595 3642 1664 ἀλήθειαν

2073 1677 2163 1725 καὶ
2187 1676 2246 1726 τὸ
2272 1675 2496 1746 ἔσχατον
2529 1680 2756 1747 ἀγαθόν.
2893 1690 2895 1692 ’

2157 1763 2314 1818 ’Λλλά
2346 1771 2472 1836 περὶ
2505 1769 2598 1822 τοῦ
2631 1771 2778 1834 ὅπως
2809 1776 3026 1842 προνοεῖ
3052 1774 3214 1828 αὐτοῦ
3253 1775 3281 1827 ό
3313 1776 3446 1839 Θεὸς
3499 1777 3640 1829 οὕτω
3731 1787 3739 1792 '

2071 1870 2126 1904 τε
2164 1855 2258 1906 καὶ
2293 1857 2357 1908 ἐκ
2389 1857 2640 1912 τοιούτων
2669 1861 3166 1932 δημιουργουμένου
3197 1865 3431 1931 λέγομεν
3459 1866 3641 1936 μόνον.

2074 1944 2297 2014 Προνοεῖ
2325 1948 2424 2014 μὲν
2452 1949 2518 2000 δι’
2535 1950 2719 2018 αὐτοῦ,
2744 1945 2928 2018 ἁπλῶς
2947 1957 3142 2022 εἰπεῖν,
3171 1959 3414 2026 κρεῖττον
3445 1957 3475 2025 ἢ
3503 1957 3642 2010 κατά

2073 2035 2247 2088 πάντα
2278 2037 2343 2090 τά
2375 2057 2430 2092 τε
2455 2040 2582 2094 ὅντα
2602 2043 2669 2095 τά
2694 2061 2749 2096 τε
2776 2046 3058 2116 γινόμενα,
3088 2048 3183 2116 οὐχ
3219 2049 3300 2100 ὅτι
3329 2049 3474 2116 αὐτῷ
3505 2049 3643 2117 μᾶλ-

2071 2124 2160 2176 λον
2215 2127 2369 2196 μέλει
2402 2131 2463 2181 τδ
2509 2131 2674 2184 αὐτοῦ
2731 2134 2997 2205 ἀγαθὸνῆ
3049 2136 3276 2200 ἐκείνοις
3331 2137 3390 2189 τὸ
3442 2140 3642 2190 οίκεῖον

2070 2216 2340 2281 ἑκάστοις,
2374 2219 2488 2271 ἀλλ’
2510 2223 2593 2273 ὅτι
2639 2225 2698 2276 τὸ
2728 2223 3012 2294 ἀνθρώπου
3043 2227 3244 2293 ἀγαθὸν
3297 2227 3480 2296 μεῖζον
3544 2229 3642 2296 μὲν

2070 2302 2215 2356 ἔστιν
2246 2305 2277 2374 ἢ
2312 2309 2450 2359 κατά
2475 2309 2541 2360 τὰ
2567 2310 2721 2377 ἄλλα,
2758 2313 2923 2384 πολλῇ
2954 2315 3010 2368 δὲ
3037 2315 3353 2388 ἀνθρωπίνῃ
3406 2317 3634 2386 σπουδῇ,

2070 2397 2168 2448 καὶ.
2196 2397 2397 2452 πλείονι
2416 2404 2480 2470 τῇ
2511 2403 2573 2454 ἐκ
2593 2403 2728 2456 Θεοῦ
2767 2407 2906 2476 ῥοπῇ
2938 2409 3186 2470 ἀνυστὸν,
3206 2410 3293 2461 διὰ
3323 2411 3420 2472 τὰς
3448 2410 3638 2462 συνού-

2072 2504 2163 2550 σας
2195 2490 2271 2556 τῷ
2308 2491 2631 2563 ἀνθρωπίνῳ
2665 2496 2764 2567 βίῳ
2795 2498 3128 2569 δυσχερείας.
3186 2502 3348 2555 Ὅθεν
3396 2501 3559 2554 αὐτοῦ
3591 2505 3639 2555 οἱ

2068 2581 2284 2644 πλείους
2349 2583 2785 2656 ἀποτυγχάνουσι
2842 2590 2909 2642 δι’
2955 2591 3323 2658 ὲθελοκακίας,
3373 2594 3492 2646 οὐδὲ
3542 2593 3640 2662 τῆς

2067 2668 2216 2731 θείας
2242 2671 2552 2741 ἀξιούμενοι
2586 2677 2902 2745 συνεργείας
2927 2678 3021 2730 σὺν
3047 2679 3193 2749 δίκῃ.

2137 2760 2256 2812 Τῶν
2289 2763 2386 2828 μὲν
2425 2764 2532 2835 γάρ
2563 2765 2735 2818 ἄλλων
2763 2768 3036 2836 γεννητῶν
3085 2769 3181 2840 οὐχ
3211 2770 3356 2831 ὅπως
3411 2770 3496 2821 ἀεὶ
3552 2767 3640 2839 εἴη

2067 2857 2302 2920 προνοεῖ,
2332 2855 2619 2926 ἀνθρώπου
2647 2859 2703 2910 δὲ
2737 2859 2884 2921 ὅπως
2907 2877 2962 2912 τε
2995 2862 3100 2929 εῖη,
3133 2861 3228 2912 καὶ
3257 2861 3475 2929 ἄμεινον
3508 2861 3592 2928 εῖη
3621 2876 3636 2891 ⁸

2064 2945 2296 3014 ούρανοῦ
2328 2947 2381 2998 δὲ
2421 2948 2516 3000 καὶ
2545 2950 2652 3002 τῶν
2683 2949 2858 3003 ἄλλων
2895 2953 3160 3020 σωμάτων
3186 2953 3283 3020 οὐχ
3313 2954 3460 3012 ὅπως
3483 2954 3639 3020 ἀμει-

388 3010 549 3072 μνῖνον
584 3012 856 3085 ἀνθρώπῳ
879 3016 1060 3070 ’ταῦτα
1089 3021 1360 3076 δουλεύειν
1393 3027 1676 3094 τέτακται,
1705 3031 1839 3083 ἀλλὰ
1867 3034 1961 3085 καὶ
1989 3055 2030 3112 C
2063 3025 2153 3086 νον
2215 3035 2352 3104 ἔχοι,
2402 3037 2514 3090 ἀλλ’
2542 3031 2689 3100 ὅπως
2735 3041 2821 3092 ἀεὶ
2875 3043 3034 3109 μόνον
3067 3041 3172 3109 εἴη,
3218 3043 3310 3094 καὶ
3370 3040 3636 3108 μηδέποτε

347 3155 351 3158 η
384 3099 442 3148 ὲν
473 3101 656 3168 σφίσιν
688 3104 873 3169 αὐτοῖς
897 3110 964 3162 τὰ
1015 3110 1384 3182 ἀσθενέστερα
1442 3119 1556 3181 τοῖς
1591 3121 1964 3190 ἰσχυροτέροις

380 3193 556 3260 τροφὴ
595 3196 823 3261 γίνεται.
852 3199 961 3250 Καὶ
1004 3199 1087 3252 ὕει
1121 3201 1221 3272 μὲν
1243 3207 1270 3255 ὁ
1297 3205 1429 3266 Θεὸς
1464 3207 1550 3260 ἵνα
1583 3209 1786 3280 βοτάνη
1829 3215 1961 3284 φύῃ·

380 3283 454 3336 ὲῶ
480 3285 588 3354 γάρ
628 3287 696 3339 δι’
730 3289 870 3343 ὅσων
905 3293 998 3344 καὶ
1026 3293 1088 3345 τὸ
1141 3295 1257 3350 ὕειν
1315 3301 1496 3351 ποιεῖ·
1546 3300 1738 3368 φύεται
1789 3304 1842 3356 δὲ
1879 3283 1964 3356 ἵνα

379 3377 560 3445 τραφῇ
595 3377 690 3429 καὶ
721 3380 1016 3460 πρόςατον,
1053 3388 1312 3440 πεινῶντι
1349 3389 1403 3442 δὲ
1427 3391 1557 3455 ἄκος
1592 3393 1724 3447 αὐτὸ
1756 3398 1964 3464 γίνεται

382 3463 549 3535 λύκῳ,
573 3469 667 3520 καὶ
697 3469 859 3533 λύκος
892 3475 1092 3541 ὁμοίως
1127 3477 1318 3534 λέοντι.
1343 3482 1416 3534 Τὸ
1443 3483 1501 3535 δὲ
1527 3485 1637 3538 τῶν
1657 3463 1964 3558 ἀνθρώπων

378 3561 616 3628 πρᾶγμα
654 3563 751 3629 ούχ
781 3564 983 3631 ὁμοίως
1010 3570 1122 3631 τοῖς
1148 3569 1327 3632 ἄλλοις
1363 3579 1641 3645 γεννητοῖς
1671 3581 1764 3631 καὶ
1792 3580 1964 3651 φθαρ-

379 3653 494 3711 τοῖς
525 3650 658 3718 ἔχει,
691 3651 826 3704 ἀλλά
853 3653 1136 3722 σύγκειται
1178 3660 1277 3726 μὲν
1304 3662 1367 3714 ἐκ
1396 3661 1591 3732 θνητοῦ
1632 3668 1724 3719 καὶ
1764 3650 1964 3722 ἀθανά-

387 3758 481 3794 του
516 3731 622 3812 την
646 3743 819 3812 ἀρχὴν
866 3745 1154 3813 ἄνθρωπος
1187 3764 1201 3779 ⁶
1229 3731 1706 3826 ἀπαλλαττόμενος
1741 3759 1796 3812 δέ
1836 3780 1962 3814 ποτε

378 3834 471 3886 τοῦ
502 3833 698 3903 θνητοῦ
729 3835 806 3904 τῷ
834 3838 1086 3904 ἀθανάτῳ
1131 3840 1196 3910 ζῇ
1255 3844 1436 3912 μόνῳ·
1486 3849 1577 3899 καὶ
1624 3853 1674 3903 εί
1721 3868 1848 3903 ποτε
1907 3855 1964 3904 τδ

381 3925 576 3995 θνητὸν
610 3929 924 3998 ἀναλήψειει
958 3931 1224 4001 ἠλλοιώθη
1257 3936 1382 4004 ἤδη,
1422 3936 1559 3991 ὥστε
1591 3942 1688 4007 τὴν
1744 3945 1838 3996 σὺν
1865 3947 1960 3997 αύ-

377 4018 455 4086 τῷ
481 4018 626 4088 ζωὴν
658 4021 821 4089 μηδὲν
849 4023 1123 4093 διαφέρειν
1154 4027 1289 4093 πρός
1339 4045 1400 4094 γε
1447 4031 1546 4101 τὴν
1570 4035 1761 4101 νοεράν
1807 4040 1950 4090 ὲκεί-

377 4126 476 4177 νην
509 4109 856 4178 εὐδαιμονίαν
895 4113 995 4183 τῆς
1031 4115 1109 4184 τῷ
1149 4115 1406 4188 ἀθανάτῳ
1438 4123 1582 4191 μόνῳ
1628 4125 1773 4193 ζωῆς
1823 4129 1961 4200 πλὴν

375 4201 456 4251 ὅτι
489 4199 701 4261 τελείας
729 4201 900 4271 αὐτῆς
934 4205 1299 4260 ἀπολαύσεται
1332 4225 1344 4238 ·
1373 4212 1487 4277 εἴγε
1523 4213 1645 4266 κατ’
1680 4216 1813 4269 αὐτὸ
1858 4220 1958 4287 μὲν

379 4289 706 4354 συντίθεται,
743 4293 1115 4363 συμϐεϐηκότι
1146 4297 1200 4349 δὲ
1247 4299 1544 4368 διαλύεται,
1595 4304 1622 4356 ὅ
1647 4306 1730 4359 δεῖ
1767 4309 1840 4378 μὴ
1869 4310 1956 4363 ἀϊ-

2068 3127 2334 3179 παύσαιτο
2362 3130 2582 3182 τοιαῦτά
2610 3147 2668 3183 τε
2698 3131 2824 3184 ὅντα
2855 3135 2948 3185 καὶ
2965 3135 3288 3202 ἐνεργουντα
3313 3135 3427 3186 ὡδί.
3466 3133 3640 3186 Ἐκεί-

2069 3233 2173 3269 νων
2236 3218 2335 3286 μὲν
2391 3220 2496 3290 γάρ
2525 3222 2779 3292 οὐδέτερα
2813 3242 2936 3278 νουν
2992 3225 3100 3292 ἔχει
3125 3226 3217 3275 καὶ
3249 3227 3346 3292 τὴν
3375 3223 3638 3276 συνοῦσαν

2067 3306 2332 3375 ἀνθρώπῳ
2365 3311 2752 3379 προαιρετικὴν
2776 3310 3000 3379 δύναμιν
3027 3330 3040 3340 ο
3083 3311 3214 3362 ἀλλᾶ
3237 3312 3305 3363 τὰ
3348 3310 3443 3379 μὲν
3464 3312 3629 3362 κινεῖ·-
3653 3355 3656 3358 ,

2068 3415 2155 3449 ται
2180 3398 2263 3448 ἀεὶ
2296 3397 2430 3464 πρὸς
2457 3398 2516 3449 τὸ
2537 3400 2717 3461 αὐτοῖς
2746 3399 3020 3468 βέλτιστον
3068 3397 3324 3459 τοιούτοις
3371 3397 3521 3450 οὖσιν
3568 3397 3634 3448 ὲκ

2068 3489 2162 3557 τῆς
2195 3488 2341 3549 θείας
2374 3488 2592 3556 ἀμέσως
2629 3488 2959 3560 βουλήσεως,
3023 3491 3055 3560 ἢ
3104 3493 3166 3544 ἐκ
3199 3510 3356 3545 τινων
3404 3505 3638 3558 κεχωριο

2072 3580 2285 3648 σμένων
2319 3581 2515 3632 ούσιῶν
2547 3581 2828 3649 δυνάμεως
2853 3585 3057 3651 ἐπαφῇ,
3096 3584 3231 3652 μήτε
3275 3583 3450 3635 είδίτα
3499 3579 3636 3648 μήτε

2069 3672 2495 3742 προαιρούμενα.
2526 3675 2587 3726 Εἰ
2615 3674 2670 3727 δέ
2701 3691 2828 3727 ποτε
2877 3673 3168 3742 μεταϐαλεῖ
3225 3673 3318 3726 καὶ
3379 3670 3518 3725 αύτά
3573 3669 3634 3720 ού

2068 3766 2205 3817 κατά
2239 3766 2416 3832 φύσιν,
2448 3769 2565 3827 ταῖς
2593 3767 2648 3818 δὲ
2677 3768 2922 3835 κινήσεσι
2958 3764 3053 3819 καὶ
3093 3767 3212 3828 ταῖς
3242 3764 3487 3833 δράσεσι,
3541 3763 3638 3813 καὶ

2065 3855 2222 3906 τοῦτο
2249 3855 2430 3906 εἵνεκα
2465 3855 2560 3921 τῆς
2583 3856 2691 3907 τῶν
2740 3855 3041 3924 ἀνθρώπων
3077 3855 3406 3924 βελτιώσεως
3455 3850 3643 3909 αὐτοῖς

2068 3961 2196 3995 ποτε
2263 3943 2435 3997 ἔσται.
2493 3945 2572 3997 Τά
2623 3945 2678 3996 δὲ
2733 3947 2962 3996 κινεῖται
3023 3946 3125 4005 ἕως
3167 3945 3232 3996 ἂν
3324 3941 3456 4010 μηδὲ
3499 3939 3638 3993 αὐτὰ.

2064 4035 2198 4095 ὅλως
2239 4035 2615 4104 προῃρημένα.
2650 4035 2965 4103 Ἀνθρωπος
2996 4036 3052 4086 δὲ
3073 4034 3385 4104 προαιρέσει
3444 4047 3498 4080 τε
3549 4045 3642 4080 κε-

2066 4125 2334 4194 χρημένος
2375 4125 2466 4176 καὶ
2497 4126 2767 4194 ἀφορμαῖς
2793 4125 3000 4178 πλείοσι
3041 4124 3179 4176 κατὰ
3202 4125 3287 4175 τὸν
3315 4123 3426 4191 βίον
3462 4118 3650 4219 συνὼν.

2064 4215 2159 4266 τοῦ
2185 4231 2240 4266 τε
2278 4215 2668 4285 προαιρεῖσθαι
2699 4217 2785 4269 ἀεὶ
2806 4217 2872 4270 τά
2893 4218 2970 4280 είς
3001 4215 3230 4283 τάγαθὸν
3259 4217 3510 4282 φέροντα,
3540 4215 3633 4262 τοῦ

2064 4321 2122 4354 τε
2169 4306 2409 4356 συνεῖναι
2445 4307 2556 4368 τοῖς
2589 4307 2890 4373 ἀφιστῶσιν
2912 4307 3073 4361 αὐτοῦ
3100 4307 3186 4359 διὰ
3207 4307 3265 4357 τὸ
3307 4307 3380 4375 μὴ
3425 4303 3500 4372 νῷ
3535 4303 3634 4370 μό-

374 4380 487 4433 διον
531 4379 691 4436 είναι.
727 4383 912 4436 Ταῦτα
942 4387 1049 4455 γὰρ
1079 4387 1338 4458 ἀξιοῦμεν
1377 4395 1439 4445 ἐκ
1479 4397 1576 4465 τῆς
1635 4384 1744 4452 τῶν
1794 4401 1953 4467 ίερῶν
1993 4379 2031 4432 Ι)
2059 4413 2132 4464 νῳ
2163 4397 2254 4447 καὶ
2296 4396 2504 4466 διανοίᾳ
2558 4399 2677 4466 ζῇν.
2717 4397 2849 4448 ἀλλᾶ
2898 4399 2991 4450 καὶ
3050 4395 3369 4466 φαντασίαις
3416 4411 3480 4462 γε
3540 4395 3634 4446 καὶ

375 4470 715 4537 ἀξιοπιστίας
742 4475 958 4544 λογίων,
990 4473 1070 4537 οἷς
1096 4483 1186 4532 καὶ
1210 4483 1269 4534 τὸ
1300 4483 1521 4552 εὔλογον
1544 4487 1724 4543 ἱκανὸν
1755 4491 1949 4548 ἔνεστι.

379 4565 480 4615 Διά
512 4563 670 4616 τοῦτο
698 4565 1024 4638 δημιουργεῖ
1055 4572 1152 4640 μὲν
1175 4573 1258 4639 ξτά
1312 4575 1628 4645 ἀνθρώπινα
1678 4581 1903 4648 σώματα
1927 4586 1955 4636 ὁ

374 4655 528 4719 Θεὸς,
622 4657 685 4725 δὴ
716 4659 810 4710 καὶ
837 4659 904 4711 τά
930 4659 1037 4712 τῶν
1064 4663 1266 4715 λοιπῶν
1296 4665 1451 4727 ζώων
1480 4669 1572 4720 καὶ
1623 4670 1720 4722 ὅσα
1761 4673 1817 4724 ὲν
1844 4676 1954 4735 τοῖς

374 4750 652 4817 γεννητοῖς
685 4749 750 4818 ζῇ
810 4750 871 4802 ἐκ
929 4753 1240 4822 σπέρματος
1294 4757 1386 4808 καὶ
1444 4757 1551 4810 τῶν
1605 4759 1954 4831 ὑψηλοτέρων

375 4840 698 4909 ποιητικῶν,
725 4843 920 4896 ταυτὸν
951 4846 1005 4897 δὲ
1030 4846 1231 4911 εἰπεῖν,
1271 4851 1334 4918 τῇ
1380 4850 1482 4918 ὁδῷ
1511 4851 1611 4920 τῆς
1665 4853 1879 4920 φύσεως

371 4931 439 4982 τὰ
468 4931 566 4999 μὲν
592 4936 754 4999 ποιεῖ,
782 4934 851 4988 τὰ
879 4935 936 4987 δὲ
960 4937 1171 5002 γίνεται
1208 4954 1222 4969 ⁸
1283 4940 1609 5011 δημιουργεῖ
1654 4945 1710 4996 δὲ
1742 4947 1951 5013 ἑκάστῳ

373 5017 588 5087 σώματι
623 5022 864 5088 ἀμέσως,
895 5024 966 5085 ὡς
997 5025 1094 5086 τὰς
1127 5029 1538 5097 κεχωρισμένας
1577 5032 1759 5091 οὐσίας
1795 5034 1949 5086 ἐποί-

371 5125 470 5178 ησε
502 5109 784 5178 πρότερον.
813 5110 986 5164 Τοῦτο
1049 5114 1156 5182 γάρ
1207 5116 1320 5168 ἐστι
1380 5120 1439 5170 τὸ
1491 5119 1748 5172 πλάττειν
1790 5123 1950 5175 αὑτὸν

373 5201 519 5252 κατά
551 5202 716 5269 μόνας
749 5203 846 5264 τὰς
876 5203 981 5255 τῶν
1011 5204 1313 5272 ἀνθρώπων
1353 5208 1600 5277 καρδίας,
1636 5214 1726 5262 καὶ
1754 5213 1813 5262 τὸ
1848 5213 1950 5275 ἕως

371 5294 496 5360 ἄρτι
527 5293 858 5360 ἐργάζεσθαι
902 5299 1030 5364 περ)⁸
1051 5297 1355 5366 ἀνθρώπων
1398 5301 1743 5371 είδικὼτερον
1801 5305 1948 5374 εἴρη-

368 5400 481 5450 ται,
508 5386 568 5436 ού
605 5387 764 5454 μόνον
783 5387 1301 5458 δημιουργουμένων
1326 5391 1538 5444 πάντων
1562 5395 1622 5444 ὲκ
1651 5394 1790 5455 νέου,
1816 5396 1952 5448 ἀλλὰ

373 5476 437 5527 ὲκ
469 5479 735 5546 πονηρίας
770 5478 1039 5551 ὁσημέραι
1064 5481 1144 5542 είς
1180 5481 1381 5551 ἀρετὴν
1439 5485 1948 5554 ἁναπλαττομένων,

371 5565 486 5617 ὅσοι
519 5567 737 5629 ἑαυτοὺς
767 5568 1013 5636 ἑτοίμους
1040 5569 1392 5639 παρέχουσιν.

456 5659 595 5710 Ἀλλ’
648 5659 857 5722 ὲκείνας
889 5660 987 5728 μὲν
1039 5661 1172 5730 ὁμοῦ
1218 5662 1479 5730 ιιιαιρῆγεκ⁸
1523 5663 1576 5718 ἐν
1635 5663 1844 5736 ἑκάστῳ
1893 5670 1946 5722 δὲ

2061 4487 2372 4557 αἰσθήσεσι,
2415 4489 2510 4541 καὶ
2538 4488 2749 4559 ὀρέξεσι
2774 4490 3067 4554 τοιαύταις,
3096 4488 3130 4542 ἃ
3153 4489 3216 4557 δὴ
3270 4490 3332 4541 ἐκ
3385 4486 3478 4540 τοῦ
3510 4503 3642 4538 συν-

2064 4580 2318 4649 ημμένου
2354 4579 2560 4648 ἀνίσχει
2606 4578 2876 4650 σώματος,
2908 4581 2999 4632 καὶ
3040 4579 3074 4633 ἆ
3130 4580 3264 4649 πρὸς
3331 4577 3390 4630 τὸ
3449 4578 3636 4638 αὐτοῖς

2058 4670 2282 4735 ἀγαθὸν,
2308 4669 2467 4722 τοῦτο
2501 4671 2556 4723 δέ
2593 4673 2708 4723 ἐστι
2742 4671 2800 4723 τὸ
2853 4672 3076 4741 μερικὸν
3102 4674 3201 4738 τὴν
3234 4671 3327 4723 τοῦ
3356 4669 3631 4738 ἀνθρωπί-

2057 4782 2148 4816 νου
2177 4765 2335 4829 λόγου
2369 4762 2610 4833 βιάζεται
2640 4765 3057 4833 συγκατάθεσιν,
3089 4765 3155 4818 ἂν
3190 4765 3263 4833 μὴ
3310 4764 3512 4832 σφόδρα
3536 4763 3630 4833 ὲῤ-

2057 4856 2299 4924 ρωμένος
2327 4851 2388 4928 ᾗ,
2423 4856 2563 4908 ὥστε
2591 4857 2730 4911 αύτά
2757 4857 2969 4927 ἄγχειν,
3002 4856 3112 4910 ἀλλ’
3163 4856 3302 4908 ἔχων
3347 4855 3625 4921 ἐκλύηται.

2127 4946 2385 5009 Τοιοῦτος
2403 4949 2583 5001 τοίνυν
2613 4946 2707 5013 ὢν,
2740 4949 2838 5000 οὐκ
2863 4948 2928 5001 ἀν
2964 4965 3091 5001 ποτε
3132 4947 3494 5015 ὑπερϐαίνων.
3529 4945 3626 5006 τάς

2055 5038 2373 5106 δυσχερείας
2407 5039 2606 5104 πάσας,
2640 5040 2734 5094 καὶ
2760 5041 2826 5094 τά
2860 5041 3037 5108 ἀγαθά
3064 5040 3150 5092 ἀεὶ
3175 5035 3624 5107 προαιρούμενος,

2055 5129 2149 5180 καὶ
2185 5129 2325 5182 κατά
2355 5146 2410 5182 τε
2443 5130 2597 5198 λόγον
2620 5132 2713 5183 καὶ
2736 5132 2898 5200 νόμον
2936 5131 3025 5184 τὸν
3061 5132 3123 5182 ὲκ
3159 5128 3292 5180 Θεοῦ
3352 5127 3477 5192 ζῶν,
3533 5130 3627 5180 καὶ

2056 5218 2166 5270 τῶν
2195 5220 2294 5286 μὲν
2337 5222 2580 5290 μερικῶν
2611 5223 2705 5275 καὶ
2733 5221 3080 5290 προσκαίρων
3105 5221 3319 5273 πάντων
3347 5220 3626 5289 ὑπερορῶν

2055 5309 2295 5375 ἀγαθῶν,
2323 5313 2369 5363 εί
2408 5314 2482 5382 μὴ
2511 5314 2633 5366 ὅσον
2661 5314 2872 5381 ἀνάγκη
2904 5311 3138 5381 χρῆσθαι
3164 5312 3237 5373 ὡς
3259 5311 3496 5381 ὀχήμασι
3530 5313 3626 5365 καὶ

2058 5397 2328 5464 ὀργάνοις,
2360 5400 2494 5467 πρὸς
2526 5400 2580 5450 δὲ
2616 5403 2676 5450 τὸ
2698 5399 2863 5462 ὅντως
2889 5401 3089 5466 ἀγαθὸν
3126 5400 3496 5469 ἐπειγόμενος,
3529 5403 3622 5454 καί¹

2055 5485 2196 5538 οὕτω
2249 5489 2646 5558 καθαιρόμενός
2697 5506 2755 5540 τε
2791 5489 2882 5542 καὶ
2922 5490 3017 5557 τῆς
3050 5488 3204 5557 δίκης
3235 5489 3624 5561 ἀπολυόμενος,

2054 5577 2322 5647 ὁσημέραι
2361 5579 2509 5642 ἄξιος
2542 5581 2744 5646 γίνοιτο
2778 5583 2855 5643 εἰς
2899 5581 2960 5632 τὸ
2988 5583 3185 5634 οἰκεῖον
3215 5585 3386 5655 πέρας
3424 5585 3618 5654 ἐλθεῖν,

2063 5669 2134 5740 μὴ
2168 5668 2426 5738 προνοίας
2458 5667 2753 5738 ξδιαιτάτης
2870 5671 3002 5724 Θεοῦ
3037 5673 3338 5743 τυγχάνων.
