3984 6202
243 276 371 341 1121
1298 279 1397 338 DE

1464 278 2204 343 l‘R/EDESTINATIONE
2244 282 2393 340 LlB.
2446 282 2498 340 Ι.

3352 279 3489 345 1122

241 387 336 437 καὶ
372 386 448 471 μὴ
476 388 684 452 εἰδότας
720 386 1245 455 συναναγκάζεσθαι,
1274 388 1361 440 ἵνα
1408 390 1476 441 τά
1528 390 1811 457 πεφυκότα
1843 398 1888 454 Α
1921 398 2069 464 μένοι
2094 399 2187 449 καὶ
2218 396 2545 467 πράξαντες.
2589 394 2749 449 Ἀλλὰ
2782 394 2841 447 τὸ
2866 393 3177 465 προορίζειν
3211 393 3335 445 ἀντὶ
3384 394 3485 461 τῆς

236 478 301 530 ἐκ
347 479 720 547 προαιρέσεως
747 478 1178 549 καὶένδεχόμενα
1204 478 1452 545 γίνεσθαι
1488 485 1561 550 μὴ
1592 481 1810 549 γίνηται
1913 488 2158 557 ἀνάγκης
2193 487 2581 556 λαμϐάνουσιν,
2634 487 2695 540 οὐ
2739 488 2880 539 πάνυ
2923 486 3021 554 μὲν
3077 484 3317 553 ἀκριϐῶς
3366 484 3488 552 ἐφι-

236 566 427 633 οῦτως,
458 568 489 636 ἢ
520 569 570 620 οί
606 570 908 638 πεφυκότες
944 572 1119 622 ποιεῖν
1159 570 1300 622 οὕτω
1349 569 1425 640 μὴ
1456 568 1598 621 οῦτω
1642 571 1809 622 ποιῶο

1914 578 2149 640 στῶντες
2192 580 2272 648 τῷ
2333 578 2714 648 σημαινομένῳ
2746 578 2843 647 τῆς
2898 576 3114 641 λέξεως,
3145 575 3383 645 ἀκριϐῶς
3432 574 3488 627 δὲ

237 677 339 712 σιν.
369 660 539 729 Δῆλον
575 662 630 713 δὲ
677 662 769 714 καὶ
799 664 880 714 ὅτι
924 662 1127 714 τούτων
1160 660 1332 724 οὕτως
1368 663 1598 730 ἐχόντων
1655 662 1808 716 οὐδὲν
1912 670 2056 721 πάνυ
2081 669 2428 737 φρονοῦντες,
2456 671 2531 734 ὡς
2569 673 2594 723 ὁ
2622 670 2763 732 θεῖος
2793 668 3127 738 προορισμδς
3156 666 3255 719 οὐκ
3316 667 3487 732 ἀναγ-

235 754 370 821 πρὸς
400 752 492 804 τοῦ
528 752 741 805 ἑλέσθαι
769 752 828 804 τὸ
882 752 1086 821 βέλτιον
1118 752 1320 818 ὠφελεῖ
1371 755 1399 806 ὁ
1459 751 1600 814 θεῖος
1641 770 1808 823 προο-

234 845 429 932 ριξμὸς
448 846 571 907 τοὺς
596 846 1032 917 προῃρημένους,
1059 846 1105 896 εἰ
1141 844 1216 914 μὴ
1250 844 1370 897 ὅσον
1395 845 1702 915 προώριστο
1737 848 1802 915 τῇ

1910 766 2065 828 κάζει
2095 765 2153 817 τ’)
2184 765 2549 831 αὐτεξούσιον,
2577 765 2651 827 ὡς
2683 764 2813 833 μηδέ
2857 763 3068 816 τοιοῦτο
3110 761 3297 815 λοιπὸν
3318 752 3484 814 εἶναι.

1910 857 2074 909 Ὥστε
2105 859 2197 908 καὶ
2222 856 2374 909 αὐτοὶ
2399 858 2475 925 τῷ
2509 857 2704 926 πλήθει
2739 854 2845 909 τῶν
2884 854 3061 909 ἄλλων
3118 852 3320 906 ἐνθέων
3390 851 3485 905 καὶ

234 936 550 1008 ἀνθρωπίνῃ
582 940 743 1007 φύσει
768 938 984 1001 κοινῶς,
1012 938 1073 990 τὸ
1103 936 1212 990 δεῖν
1244 938 1384 991 κατά
1432 937 1587 1005 λόγον
1620 955 1677 989 τε
1710 938 1803 991 καὶ
1906 948 1986 1016 τῷ
2020 948 2203 1000 κανόνι
2225 948 2322 1016 τῆς
2354 948 2609 1018 ἀληθείας
2654 946 2962 1017 συνᾴδουσι.

231 1028 395 1095 νόμον
455 1028 624 1098 βιοῦν,
675 1030 768 1081 καὶ¹
826 1028 968 1081 οὕτω
1019 1026 1266 1097 βιοῦντας
1318 1027 1584 1095 θεοφιλεῖς
1640 1024 1800 1095 εἶναι,

231 1120 501 1182 τοιούτους
524 1122 579 1173 δέ
605 1121 762 1183 ὂντας
796 1121 1018 1188 ἄμεινον
1042 1118 1303 1189 ζήσεσθαι
1338 1119 1395 1171 ἐν
1417 1120 1493 1188 τῷ
1535 1119 1798 1188 μέλλοντι.

230 1211 416 1265 Ταῦτα
437 1213 546 1282 γάρ
582 1214 677 1268 καὶ
702 1216 844 1268 πάνυ
876 1213 1055 1275 καλῶς
1086 1213 1289 1266 οίδασιν
1322 1214 1376 1265 οἵ
1401 1194 1794 1280 γε’σπουδαῖοι.

241 1302 379 1354 Ἀλλ’
407 1305 465 1355 οὐ
499 1304 585 1356 διὰ
612 1306 672 1355 τὸ
698 1305 894 1357 εἰδέναι
926 1304 1083 1373 μόνον
1127 1303 1357 1356 τοιοῦτοί
1380 1305 1519 1356 εἰσιν
1548 1320 1563 1333 ·
1614 1304 1799 1355 πολλοὶ

225 1394 333 1464 γάρ
351 1397 529 1457 καλῶς
556 1398 753 1459 εἰδότες
791 1397 884 1448 καὶ
909 1397 1101 1457 ἄλλους
1129 1395 1402 1456 πείθοντες
1428 1395 1580 1447 αὐτοὶ
1632 1412 1798 1464 πονη-

139 1488 147 1493 ’
229 1490 310 1556 ροὶ
334 1487 591 1557 ἐθέλομεν
614 1487 753 1542 εἶναι
787 1506 799 1519 ’
828 1489 941 1541 ἀλλ’
972 1489 1050 1540 ὅτι
1076 1488 1191 1557 ᾔδει
1241 1488 1334 1540 καλ⁵
1358 1486 1583 1548 τούτους
1609 1489 1635 1539 ό
1664 1486 1796 1548 Θεὸς

226 1582 293 1630 τά
324 1581 494 1647 χείρω
522 1568 937 1649 αἱρησομένους,
975 1581 1069 1631 καὶ
1091 1579 1401 1646 προώριστο
1440 1576 1596 1629 τοῦτο
1622 1575 1795 1638 οὕτως

225 1671 285 1722 ἐν
320 1672 386 1739 τῇ
411 1668 530 1740 θείᾳ
559 1672 685 1740 περὶ
708 1671 892 1723 αὐτῶν
915 1670 1134 1738 γνώσει,
1179 1670 1298 1721 οὐδὲ
1334 1668 1486 1721 αὐτοὶ
1538 1666 1792 1720 ἐπίσταν-

224 1777 335 1822 ται,
363 1760 554 1812 οὐκοῦν
580 1761 698 1813 οὐδὲ
729 1762 952 1830 βλάπτει
980 1762 1177 1822 αὐτοὺς
1208 1759 1366 1812 τοῦτό
1388 1776 1472 1826 γε.

307 1853 554 1917 Ἐκόντες
586 1853 690 1923 ἄρα
718 1853 994 1923 αἱροῦνται
1017 1853 1338 1923 ἀμφότεροι,
1366 1852 1526 1904 ὁπότε
1580 1850 1795 1921 αἱροῦν-

222 1962 313 1998 ται
332 1961 345 1974 ·
376 1944 444 1997 δι’
475 1945 502 1997 ὂ
535 1945 629 1998 καὶ
658 1947 705 1997 οἱ
736 1950 833 2013 μὲν
865 1944 1277 2014 στεφανοῦνται,
1304 1947 1351 1996 οῖ
1374 1944 1429 1997 δὲ
1454 1943 1790 2007 κολάζονται,

224 2038 298 2100 ὡς
321 2038 419 2111 ὅλῃ
469 2037 648 2091 αὐτῶν
687 2036 1003 2107 προαιρέσει
1059 2036 1252 2088 τοιοίδε
1317 2034 1788 2096 ἁποτελεσθέντες.

225 2129 335 2183 Καὶ
360 2130 536 2190 ὁΘεὸς
571 2130 624 2181 ἐν
653 2122 733 2190 οἷς
756 2128 854 2197 μὲν
888 2128 1033 2179 εστιν
1058 2126 1251 2189 αἴτιος,
1286 2129 1342 2179 ἐν
1394 2120 1471 2186 οἷς
1529 2125 1587 2177 δὲ
1643 2126 1794 2176 ἀναί-

222 2242 353 2288 τιος.
406 2224 465 2276 Εἰ
512 2223 567 2275 δέ
624 2224 719 2276 καὶ
754 2221 972 2274 πάντων
1024 2218 1215 2282 αἴτιος,
1270 2218 1382 2270 ἀλλ’
1412 2217 1667 2285 οὐδεμιᾶς
1725 2234 1787 2285 γε

221 2314 463 2382 ἀνάγκης
497 2315 552 2364 ἐν
576 2316 685 2374 τοῖς
707 2313 1043 2380 προαιρετοῖς
1079 2327 1089 2341 ⁸
1133 2309 1204 2370 ὡς
1254 2308 1360 2379 γάρ
1408 2308 1599 2375 ἔμελλε
1648 2308 1791 2375 γίνε-

222 2407 346 2459 σθαι
368 2407 458 2458 καὶ
478 2406 549 2469 ὡς
582 2403 845 2474 ἐπεφύκει
866 2403 1068 2455 ἕκαστα
1090 2400 1334 2468 γίνεσθαι
1365 2399 1395 2468 ἢ
1422 2402 1611 2463 ποιεῖν,
1649 2399 1790 2452 οὕτω

220 2499 566 2566 προέγνωστο
622 2498 699 2565 τῷ
748 2494 867 2563 Θεῷ
922 2494 1018 2544 καὶ
1072 2490 1401 2560 προιῦριστο,
1449 2492 1541 2541 καὶ
1588 2490 1662 2553 ὡς
1692 2492 1790 2559 τὴν

219 2588 371 2641 θείαν
409 2589 533 2658 περὶ
590 2587 845 2640 ἁπάντων
875 2584 1128 2653 βούλησιν
1177 2580 1321 2643 εἰκός
1385 2583 1534 2633 ἐστιν
1586 2581 1790 2649 ἐμπλέ-

220 2680 410 2733 κεσθαι
442 2681 551 2740 τοῖς
574 2677 855 2738 τοιούτοις,
882 2676 1022 2729 ὅπου
1069 2674 1166 2742 μὲν
1198 2674 1298 2725 οὐκ
1353 2672 1787 2741 ἁναγκάζουσαν,

217 2774 350 2824 ὅπου
387 2771 442 2823 δέ
470 2768 835 2839 συνεργοῦσαν
872 2767 1051 2835 μόνον,
1100 2766 1232 2817 ὅπου
1283 2764 1339 2818 δέ
1400 2765 1788 2835 συγχωροῦσαν

215 2863 302 2914 ἐπ’
335 2861 588 2931 ὠφελείᾳ,
621 2862 753 2913 ὅπου
786 2858 841 2910 δέ
871 2848 1375 2926 ἐγκαταλείπουσαν
1404 2857 1605 2909 τέλεον.

288 2954 349 3007 Εἰ
378 2954 433 3006 δέ
464 2971 606 3015 τινες
666 2952 769 3003 τῶν
817 2950 1013 3003 ἐνθέων
1063 2950 1382 3018 χωρίζοντες
1404 2949 1472 3000 τὰ
1516 2948 1599 3015 ἐφ’
1654 2948 1786 3018 ἡμῖν

1976 1037 2192 1090 Τούτων
2225 1039 2476 1091 ἁπάντων
2501 1037 2641 1090 οὕτω
2667 1037 2986 1106 τιθεμένων,
3021 1036 3102 1090 ὅτι
3150 1036 3302 1090 οὐδὲν
3330 1035 3483 1091 ἀναι-

1908 1133 2081 1198 ρεῖται
2106 1130 2213 1181 τῶν
2242 1131 2714 1199 ὁμολογουμένων,
2760 1129 2933 1198 σαφές
2981 1131 3140 1182 ἐστι’
3187 1129 3334 1197 μένει
3386 1131 3483 1199 μέν

1903 1222 2010 1293 γάρ
2039 1224 2099 1275 τὸ
2129 1223 2187 1285 ἐξ
2221 1224 2465 1292 ἀνάγκης
2491 1224 2692 1288 καλῶς,
2720 1224 2872 1292 μένει
2901 1223 2957 1276 δὲ
3006 1222 3068 1276 τὸ
3133 1222 3483 1292 ἐνδεχόμενον

1902 1314 1959 1365 ἐν
1980 1315 2095 1375 τοῖς
2126 1312 2318 1376 αἰτίοις
2345 1330 2402 1366 τε
2438 1315 2531 1367 καὶ
2558 1316 2665 1374 τοῖς
2693 1314 2749 1377 ἐξ
2774 1314 2954 1368 αὐτῶν
2978 1312 3299 1381 γινομένοις,
3330 1313 3481 1381 μένει

1900 1405 1956 1458 δὲ
1997 1404 2059 1458 τὸ
2088 1404 2436 1473 συμϐεϐηκὸς
2475 1409 2529 1458 ἐν
2561 1408 2674 1468 τοῖς
2704 1405 3017 1475 πράγμασι.
3071 1403 3256 1457 Πάντα
3280 1402 3387 1470 γάρ
3422 1403 3480 1454 ἐν

1898 1500 1966 1568 τῇ
1998 1497 2151 1561 τάξει
2171 1499 2267 1567 τῆς
2295 1498 2443 1560 θείας
2471 1498 2744 1566 προνοίας,
2772 1496 2847 1559 ὡς
2870 1497 3106 1566 εἴρηται,
3140 1493 3476 1564 περιέχεται,

1898 1590 1993 1641 καὶ
2030 1589 2203 1641 πάντα
2235 1591 2433 1658 ήτάξις
2456 1589 2589 1657 αὐτὴ
2620 1588 2974 1659 διαλαμϐάνει
2993 1586 3192 1649 καλῶς,
3228 1585 3366 1654 μετὰ
3381 1583 3475 1637 τοῦ

1826 1730 1868 1784 Β
1898 1678 2113 1748 ἑκάστῳ
2146 1679 2205 1731 τὸ
2240 1682 2434 1733 οἰκεῖον
2462 1680 2768 1748 φυλάττειν.
2812 1678 2973 1732 Ἀλλὰ
3005 1679 3103 1749 μέν
3132 1678 3229 1730 καὶ
3251 1677 3309 1728 τὸ
3334 1676 3473 1745 χρή-

1904 1786 2059 1838 σιμον
2089 1769 2198 1821 τῶν
2236 1771 2410 1839 εὐχῶν
2429 1772 2530 1824 οὐκ
2561 1769 2880 1822 ἐκϐάλλεται
2897 1767 3094 1831 οὕτως,
3125 1767 3183 1818 οὐ
3214 1766 3372 1834 μόνον
3397 1763 3474 1826 ὡς

1901 1861 1992 1913 καὶ
2016 1861 2196 1912 αὐτῶν
2225 1861 2330 1914 ὐπὸ
2362 1863 2458 1931 τὴν
2477 1859 2628 1924 τάξιν
2650 1859 2843 1918 οὐσῶν,
2870 1857 2945 1919 ὡς
2973 1858 3030 1909 ἐν
3058 1857 3135 1923 τῷ
3164 1854 3255 1907 τοῦ
3286 1852 3470 1907 Ἰωάν-

1900 1968 1992 2002 νου
2026 1951 2395 2020 ὑποδείγματι
2426 1953 2680 2021 εἴρηται·
2713 1949 2827 2001 ἀλλ’
2853 1949 2935 2002 ὃτι
2972 1947 3066 2002 καὶ
3118 1945 3291 1999 πολλὰ
3318 1944 3472 2013 παρά

1898 2044 1995 2115 τὴν
2046 2045 2199 2111 τάξιν
2233 2044 2339 2098 τῶν
2387 2044 2784 2113 ταπεινοτέρων
2841 2042 3030 2097 αἰτίων
3071 2043 3099 2095 ὁ
3138 2041 3270 2099 Θεὸς
3311 2040 3468 2092 εῐωοε
3542 2098 3551 2107 ο

1898 2136 2159 2205 πράττειν
2177 2137 2266 2189 τὸν
2288 2135 2629 2207 ἀνθρώπινον
2665 2134 2778 2204 βίον
2803 2134 3127 2202 οίκονομῶν,
3164 2133 3196 2185 ἃ
3219 2133 3316 2201 τὴν
3337 2131 3465 2198 ὃλην

1895 2222 2139 2278 διάθεσιν
2180 2226 2279 2293 τῆς
2313 2225 2482 2280 αὐτοῦ
2528 2225 2782 2292 προνοίας
2811 2224 2903 2276 καὶ
2937 2222 3034 2291 τὴν
3060 2223 3240 2276 πάντα
3281 2218 3468 2288 περιέ-

1898 2327 2098 2383 νουσαν
2125 2315 2277 2378 τάξιν
2299 2316 2358 2369 οὐ
2393 2314 2721 2384 μεταϐάλλει
2755 2313 2868 2368 οὗθ’
2904 2312 3240 2383 ὑπερϐαίνει.
3300 2311 3466 2365 Οὐδὲν

1894 2407 1985 2463 οὖν
2015 2410 2209 2462 κωλύει
2234 2406 2457 2460 τοιαῦτα
2486 2408 2659 2460 ποιεῖν
2684 2404 2778 2458 καὶ
2806 2406 2924 2467 ταῖς
2946 2403 3337 2477 εὐσεϐέσιθτῶν
3374 2404 3467 2455 ἀν-

1895 2500 2127 2571 θρώπων
2166 2501 2416 2571 αίτήσεσι
2464 2499 2848 2568 χαριζόμενον,
2890 2496 2948 2560 ὃς
3007 2497 3064 2548 τὸ
3112 2495 3325 2565 θέλημα
3357 2495 3465 2548 τῶν

1892 2591 2242 2661 φοϐουμένων
2307 2592 2468 2645 αὑτὸν
2504 2593 2674 2645 ποιεῖν
2708 2592 2951 2658 λέγεται,
3005 2588 3096 2640 καὶ
3133 2586 3232 2657 τῆς
3284 2585 3463 2639 αὐτῶν

1890 2684 2124 2754 δεήσεως
2180 2684 2506 2747 ἐπακούειν,
2568 2684 2659 2737 καὶ
2722 2683 2983 2752 διηνεκῶς
3036 2682 3182 2750 ἡμᾶς
3229 2679 3466 2749 προτρές

1891 2793 2050 2830 πεται
2098 2778 2190 2829 ἐπὶ
2232 2777 2291 2829 τὸ
2346 2778 2548 2844 ζητεῖν.
2603 2775 2955 2828 ’Λπολέλυται
3014 2774 3123 2842 γὰρ
3166 2773 3465 2842 ὁμολογου-

1893 2866 2067 2936 μένως
2095 2867 2276 2935 πάσης
2315 2867 2577 2934 ἀνάγκης,
2607 2868 2671 2934 ἣν
2697 2865 2856 2926 αὐτὸς
2885 2864 3108 2934 ἐνέθηκε
3138 2865 3252 2924 τοῖς
3298 2865 3463 2929 ποιή-

1893 2975 2048 3025 μασι,
2085 2962 2174 3011 καὶ
2222 2957 2308 3009 διὰ
2362 2958 2519 3009 τοῦτο
2583 2950 2763 3008 πᾶσαν
2824 2955 3137 3023 ὡρισμένην
3182 2953 3238 3018 ἐξ
3293 2952 3465 3005 αὑτοῦ

216 3044 615 3114 προγινώσκειν
645 3045 865 3145 ξέῖξὶυσι
914 3040 1308 3145 τὸὶθιθεὺννωθὶὲ
1355 3039 1680 3145 πρξξρίζξιν,
1727 3039 1856 3145 τδρ
1890 3052 2002 3112 τοῖς
2072 3052 2317 3118 μερικοῖς
2389 3048 2581 3109 αἰτίοις
2656 3048 2901 3114 ἀνάγκην
2972 3047 3255 3115 μεταποιεῖ
3302 3044 3460 3113 θελή-

216 3136 618 3203 ὲπαναγκάζειν
653 3133 928 3202 βούλονται
972 3132 1172 3200 λέγειν.
1209 3131 1378 3182 Τοῦτο
1425 3131 1481 3182 δέ
1513 3131 1605 3182 καὶ
1652 3132 1785 3199 ἡμῖν

217 3228 453 3297 εἴρηται,
521 3228 599 3279 ὅτι
649 3226 707 3277 ἐν
759 3227 869 3286 τοῖς
925 3224 1137 3293 θελήσει
1172 3224 1416 3275 ποιοῦσιν
1445 3223 1596 3275 οὐδὲν
1628 3221 1785 3275 πλέον

216 3318 460 3386 ἀνάγκης
507 3315 701 3382 ἐπάγει
748 3314 809 3366 τὸ
842 3313 1250 3381 προοεγνὼσθαι
1320 3314 1412 3366 καὶ
1448 3311 1785 3382 προωρίσθαι

218 3410 391 3465 πάντα
429 3409 530 3462 ὑπὸ
552 3408 707 3472 Θεοῦ,
740 3408 771 3477 ἢ
795 3409 840 3459 εἰ
868 3408 1006 3475 μετὰ
1034 3407 1094 3459 τὸ
1129 3407 1387 3475 πράττειν
1410 3405 1605 3464 αὐτοὺς
1636 3404 1786 3454 ἐλευ-

218 3504 407 3571 θέρως,
452 3499 566 3553 ἃττ’
590 3500 655 3551 ἂν
690 3502 1054 3567 προαιροῖντο,
1083 3499 1400 3566 ἐγίνωσκεν,
1428 3498 1507 3548 ὅτι
1538 3495 1661 3548 τάδε
1689 3493 1786 3545 πέ-

219 3609 457 3661 πρακται
492 3591 581 3642 ὑπ’
611 3591 810 3644 αὐτῶν.
867 3590 939 3641 Τὸ
970 3589 1067 3657 μέν
1100 3589 1204 3657 γὰρ
1247 3585 1612 3653 γινώσκεσθαι
1646 3583 1784 3636 αὑτά

221 3703 347 3739 ποτε
378 3689 471 3739 καὶ
498 3685 556 3749 ἐξ
581 3684 758 3737 αὐτῶν
780 3686 927 3736 ἐστιν
955 3698 969 3714 ·
996 3683 1067 3744 ὡς
1096 3684 1203 3751 γὰρ
1240 3680 1553 3748 ὑπάρχοντα
1582 3681 1671 3730 καὶ
1700 3694 1782 3743 γι.

217 3776 485 3829 νώσκεται
516 3791 528 3805 ο
576 3774 634 3826 τὸ
662 3775 718 3827 δὲ
751 3772 1127 3845 προεγνῶσθαι
1168 3769 1419 3823 τοσοῦτον
1452 3769 1641 3840 χρόνον
1688 3769 1780 3820 τοῦ

219 3866 496 3937 περιόντος
524 3865 620 3934 τῆς
642 3865 788 3924 θείας
827 3864 1133 3931 ἐπιστήμης
1171 3862 1336 3913 ἐστίν.
1361 3858 1569 3914 Οὔκουν
1593 3877 1781 3911 συντε-

217 3958 298 4009 λεῖ
318 3958 495 4018 αὐτοῖς
522 3956 553 4024 ἢ
578 3955 859 4023 ἐμποδίζει
890 3955 947 4006 τδ
972 3950 1369 4023 προεγνῶσθαι,
1392 3950 1493 4013 ἕως
1514 3950 1576 4002 ἂν
1597 3950 1670 4020 μὴ
1694 3948 1783 4001 καί

215 4066 296 4111 τις
333 4049 436 4116 ἐπῇ
469 4047 678 4114 ἀνάγκη
706 4045 769 4097 ἐκ
798 4043 890 4096 τοῦ
940 4040 1427 4113 προγινώσκοντος,
1474 4039 1613 4090 ὦττε
1663 4036 1782 4089 οὐδέ

213 4135 274 4188 τὸ
313 4134 670 4205 προωρίσθαι.
726 4133 976 4185 Συντελεῖ
1029 4131 1084 4183 δέ
1135 4129 1211 4197 τῷ
1272 4125 1668 4198 προγινώσκειν
1723 4127 1784 4180 τδ

215 4228 621 4298 προωρισμένον
642 4225 931 4295 γινώσκειν
951 4240 965 4257 ν
1003 4224 1267 4291 ἀορίστων
1295 4221 1402 4290 γάρ
1432 4220 1530 4272 οὐκ
1562 4218 1627 4271 ἄν
1652 4234 1780 4271 ποτε

212 4320 415 4387 γίνοιτο
445 4319 644 4387 γνῶσις
669 4317 790 4386 Θεῷ
828 4318 1136 4386 πρέπουσα.
1157 4313 1369 4365 Οὐκοῦν
1398 4312 1477 4364 δεῖ
1518 4311 1618 4381 μὲν
1651 4310 1782 4381 ὡρίο

1893 3158 1988 3202 σας
2021 3142 2155 3209 πρὸς
2205 3141 2305 3207 τὴν
2352 3139 2629 3208 σωτηρίαν
2664 3137 2771 3189 τῶν
2808 3133 3050 3196 εὐσεϐῶς
3087 3135 3468 3203 καταφευγόν-

1888 3247 1995 3285 των
2044 3232 2136 3282 καὶ
2195 3229 2473 3296 ἑπιμόνως
2548 3227 3056 3297 προσεδρευόντων,
3114 3226 3146 3294 ἤ
3200 3226 3336 3295 ὑπὲρ
3385 3219 3460 3277 ὧν

1891 3322 2257 3385 ἱκετεύουσιν,
2326 3315 2399 3374 ὧν
2469 3319 2723 3373 ἁπάντων
2778 3320 2811 3388 ή
2867 3317 3108 3388 σωτηρία
3164 3317 3261 3387 τῆς
3327 3316 3460 3385 περὶ

1889 3414 2083 3475 αὐτοὺς
2106 3414 2382 3482 προνοίας,
2407 3413 2504 3477 τῆς
2544 3412 2635 3464 καὶ
2666 3410 2752 3465 διὰ
2783 3410 2891 3464 τῶν
2924 3410 3097 3464 ἄλλων
3143 3410 3457 3478 κτισμάτων

1889 3506 2359 3575 ὑπουργουμένης,
2426 3504 2581 3566 τέλος
2635 3503 2799 3555 ἐστίν.
2857 3503 2996 3555 Οὐδέ
3048 3503 3154 3570 γὰρ
3206 3502 3453 3570 διαφέρει

1887 3596 2037 3664 ήλιον
2060 3595 2253 3661 στῆσαι
2286 3594 2547 3663 τρέχοντα
2577 3591 2802 3645 δικαίων
2840 3592 3045 3661 εὐχαῖς,
3090 3590 3123 3660 ἦ
3160 3594 3216 3644 ἐν
3251 3606 3454 3647 πανσε·

1886 3684 2029 3754 λήνῳ
2051 3685 2273 3754 ποιῆσαι
2310 3685 2471 3737 αὐτὸν
2496 3684 2763 3747 ἐκλιπεῖν,
2790 3682 2850 3735 τὸ
2890 3681 3342 3749 παραδοξότερον,
3362 3682 3459 3733 καὶ

1889 3774 2111 3842 μηδενὸς
2172 3772 2467 3841 εὐξαμένου
2533 3772 2690 3826 τοῦτό
2745 3790 2832 3840 γε,
2892 3772 2979 3824 ἵνα
3036 3788 3088 3824 τι
3116 3771 3455 3840 ἑκατέρωθεν

1887 3864 2088 3931 ἀγαθὸν
2134 3862 2570 3933 καταπράξηται.
2638 3863 2727 3914 Ἑν
2754 3863 2998 3931 ἐκατέρῳ
3029 3863 3138 3931 γὰρ
3185 3864 3290 3915 τῶν
3322 3862 3465 3916 θαυ-

1889 3954 2074 4023 μάτων
2107 3951 2205 4022 τὴν
2252 3952 2566 4022 ὡρισμένην
2623 3953 2869 4019 ἀνάγκην
2915 3954 3049 4021 ἦγχε
3080 3956 3143 4021 τῇ
3190 3954 3461 4005 ἀπολελυο

1889 4046 2023 4116 μένῃ
2055 4044 2203 4116 [sic],
2241 4046 2335 4097 καὶ
2366 4044 2456 4097 τὸν
2482 4044 2813 4111 φονευθέντα
2851 4043 2917 4096 ἂν
2950 4046 3007 4095 ἐν
3042 4042 3195 4111 ὕπνῳ
3222 4044 3328 4094 ὐπὸ
3360 4044 3454 4114 λῃ-

1888 4138 2028 4191 στῶν
2058 4136 2427 4205 ἐξαναστήσας
2458 4138 2555 4187 καὶ
2596 4133 2813 4203 κρύψας
2845 4150 2949 4186 που
2977 4133 3287 4201 ἀπήλλαξεν
3314 4133 3461 4184 ἑτοί-

1891 4248 1998 4300 μης
2026 4228 2192 4295 οὔσης
2216 4228 2312 4297 τῆς
2343 4228 2649 4296 συμφοράς,
2684 4226 2770 4278 ῐνα
2797 4245 2848 4279 τι
2898 4226 3027 4293 περὶ
3051 4224 3212 4278 αὐτὸν
3242 4224 3459 4295 βέλτιον

1885 4323 1918 4391 ἢ
1951 4322 2077 4392 περὶ
2108 4321 2299 4383 ἄλλους
2353 4322 2418 4390 τῇ
2468 4318 2756 4390 προσθήκῃ
2810 4318 2902 4371 τοῦ
2929 4318 3046 4387 βίου
3095 4315 3466 4386 οίκονομηθῇ.

214 4408 337 4506 σθαι
365 4408 428 4459 τὰ
463 4408 835 4476 γινωσκόμενα
879 4405 1065 4467 ἁπλῶς
1111 4422 1168 4457 τε
1194 4404 1282 4506 καὶ
1319 4402 1657 4506 ὡρισμένως.
1692 4402 1860 4506 iisin
1899 4413 2058 4468 Ἀλλά
2104 4414 2194 4465 καὶ
2245 4414 2376 4482 εὖχῇ
2418 4409 2730 4481 ἀπήλλαξεν
2783 4409 2970 4479 ὁμοίαν
3035 4407 3204 4460 κακοῦ
3262 4408 3461 4477 ἕτερον,

208 4499 267 4552 δὲ
292 4501 387 4552 καὶ
425 4498 767 4569 προωρίσθαι
811 4499 879 4550 τὰ
913 4495 1360 4565 προεγνωσμένα,
1421 4495 1517 4547 καὶ
1549 4493 1780 4563 ὡρίσθαι

210 4610 273 4662 γε
307 4593 406 4645 οὐκ
430 4592 653 4645 ἄλλοθεν
684 4591 714 4660 ἦ
749 4590 839 4642 ὑπ’
877 4588 1063 4653 αὐτοῦ,
1100 4585 1321 4654 ποιητοῦ
1365 4584 1582 4637 πάντων
1631 4585 1780 4647 ὃντος

212 4684 305 4737 καὶ
334 4683 519 4745 τέλους
551 4683 802 4752 ἐσχάτου,
833 4681 1018 4751 Ταύτῃ
1049 4680 1155 4748 γὰρ
1179 4678 1238 4742 ἐξ
1262 4676 1427 4730 αὐτοῦ
1456 4677 1549 4730 καὶ
1575 4677 1653 4739 είς
1684 4675 1781 4729 αὐ-

189 4768 300 4827 τὸν
332 4771 472 4828 εἶναι
495 4775 712 4842 λέγεται
748 4774 923 4827 πάντα
968 4772 1041 4832 ὡς
1072 4770 1234 4823 αὐτοῦ
1282 4787 1346 4837 γε
1401 4768 1549 4831 ὄντος
1594 4769 1688 4821 τοῦ
1722 4786 1781 4821 τε

209 4866 491 4929 τάττοντος
534 4866 762 4930 ἕκαστα,
798 4864 891 4919 καὶ
936 4865 1013 4927 εἰς
1044 4863 1103 4915 ὃν
1138 4860 1310 4912 πάντα
1354 4860 1597 4929 ἐσχάτως
1649 4860 1776 4912 τάτο

209 4974 413 5019 τονται,
448 4955 740 5009 κάντεῦθεν
765 4952 1073 5007 ἀκολουθεῖν
1097 4952 1157 5003 τὸ
1185 4951 1276 5004 καὶ
1327 4952 1402 5014 είς
1433 4950 1498 5002 τά
1538 4950 1778 5020 προσεχῆ

210 5049 388 5099 αὐτῶν
417 5048 543 5118 τέλη
572 5049 776 5101 ἕκαστα
811 5046 901 5098 ὑπ’
922 5045 1084 5097 αὐτοῦ
1118 5042 1421 5103 τάττεσθαι.

286 5138 397 5191 Οὐκ
425 5133 516 5192 οῦν
555 5135 661 5190 οὐδ’
698 5137 890 5188 ἐκεῖνοι
922 5135 1009 5187 τὸν
1051 5135 1192 5187 θεῖον
1232 5132 1563 5201 προορισμδν
1598 5135 1691 5185 καὶ
1723 5135 1779 5185 ἐν

208 5233 319 5292 τοῖς
346 5232 426 5299 ἐφ’
453 5232 584 5299 ἡμῖν
614 5227 900 5295 ἀγνοοῦσιν
935 5226 1008 5288 ὡς
1051 5225 1224 5297 μόνων
1272 5222 1380 5276 τῶν
1424 5222 1779 5293 ἀνθρωπίνων

210 5321 503 5389 ἐνεργειῶν
532 5320 563 5389 ἦ
589 5320 661 5389 τῷ
694 5320 903 5389 χείρους
932 5313 1070 5371 εἶναι
1099 5318 1202 5369 τῶν
1226 5316 1400 5370 ἄλλων
1446 5318 1543 5386 οὐχ
1597 5316 1775 5385 ὁριζοι

212 5416 409 5482 μένων,
437 5414 468 5482 ἢ
500 5412 575 5481 τῷ
604 5413 740 5465 πάνυ
770 5411 1005 5480 βελτίους
1034 5406 1191 5473 εἶναι,
1227 5407 1361 5480 μηδέ
1491 5407 1610 5478 θεία
1638 5407 1778 5476 γνώ-

180 5506 292 5557 ’σει
324 5504 893 5574 περιλαμϐανομένων.
933 5503 1165 5553 ’Ἤκουον
1191 5501 1297 5569 γάρ
1334 5518 1435 5552 που
1477 5498 1569 5552 τοῦ
1595 5499 1774 5566 λογίου

207 5596 540 5666 κεκληκέναι
571 5596 660 5649 τὸν
683 5596 834 5659 Θεὸν,
893 5593 985 5657 οὓς
1025 5594 1275 5663 προέγνω
1305 5594 1397 5646 καὶ
1453 5590 1727 5661 προώρισε
1761 5607 1773 5620 ·

206 5684 351 5744 οῦτοι
377 5689 429 5742 δὲ
458 5684 597 5759 ἦσαν
618 5689 664 5742 οί
696 5688 793 5741 ὅσα
820 5684 884 5759 ἦν
915 5687 1002 5741 ἐπ’
1031 5687 1213 5751 αὐτοῖς
1238 5685 1497 5755 θεοφιλῶς
1533 5701 1775 5755 προῃρη-

1888 4503 2064 4557 ίδόντοι
2094 4503 2245 4557 ἐπιὸν
2272 4504 2513 4572 ἄφυκτον
2539 4501 2602 4553 τὸ
2628 4502 2821 4564 δεινὸν,
2848 4501 2942 4553 καὶ
2975 4500 3069 4552 ἐπὶ
3098 4500 3189 4552 τὸν
3220 4497 3456 4566 δυνάμει

1883 4614 1971 4650 νον
1996 4594 2194 4659 σώζειν
2228 4594 2628 4662 καταφυγόντα.
2669 4593 2859 4646 Ἔστιν
2882 4593 2969 4645 ὅτε
2994 4590 3132 4661 μετὰ
3156 4590 3248 4643 τοῦ
3281 4591 3460 4643 σῶσαι

1883 4688 1978 4741 καὶ
2006 4686 2202 4748 αὐτοὺς
2238 4685 2748 4755 μεταϐεϐλημένους
2792 4683 2919 4746 τοὺς
2969 4684 3178 4736 κτεῖναι
3207 4696 3449 4753 προῃρηι

1887 4779 2101 4848 μένους,
2132 4778 2228 4831 καὶ
2267 4775 2626 4844 φονευθέντοις
2652 4776 2748 4845 μὲν
2780 4776 2847 4829 ἂν
2878 4775 2982 4827 ὑπδ
3013 4773 3121 4826 τῶν
3150 4772 3455 4843 τυράννων,

1882 4871 2007 4934 τοὺς
2032 4869 2194 4940 μέχρι
2223 4868 2454 4923 θανάτου
2490 4867 2628 4936 ὑπὲρ
2662 4871 2760 4937 τῆς
2809 4867 3045 4928 πίστεως
3078 4864 3450 4932 ἀπολογουμέ-

1883 4977 2004 5022 νους
2059 4959 2342 5029 διεφύλαξε
2396 4957 2494 5011 καὶ
2560 4958 2634 5025 μὴ
2668 4956 2983 5025 δεηθέντας,
3028 4953 3452 5023 οίβυθιζόμενοι

1881 5054 1981 5106 οὐκ
2014 5054 2399 5122 ἀπεπνίγοντο,
2427 5052 2518 5104 καὶ
2544 5051 2957 5120 ἐμπιπράμενοι
2981 5050 3039 5101 οὐ
3077 5046 3449 5105 κοτεκαίοντο,

1882 5147 1973 5197 καὶ
2022 5145 2227 5215 θηρίων
2283 5145 2669 5213 ἐπαφιεμένων
2720 5142 2844 5196 οὔτε
2892 5141 3224 5195 ἐϐλάπτοντο
3247 5135 3448 5202 ὁτιοῦν,

1882 5238 1973 5289 καὶ
2022 5236 2287 5306 ἐτιμῶντο
2333 5238 2407 5301 ὡς
2440 5239 2505 5292 ἂν
2550 5235 2663 5308 εἶχε
2696 5238 2859 5306 τιμᾷν
2887 5235 2954 5288 τὰ
2989 5232 3172 5300 θηρία,
3234 5230 3326 5283 καὶ
3360 5230 3453 5297 δη-

1881 5328 2298 5399 λητηριούμενοι
2350 5331 2451 5384 οὐκ
2497 5324 3192 5399 άπέθνησκον.Δεηθέντας
3219 5323 3275 5375 δέ
3321 5338 3453 5373 ποτε

1879 5422 2070 5484 ἄλλους
2114 5422 2252 5491 μετὰ
2278 5426 2378 5492 τὴν
2409 5423 2718 5493 παρρησίαν
2749 5422 2840 5475 καὶ
2860 5420 3051 5480 ἄθλους
3077 5416 3302 5478 πολλοὺς
3323 5415 3453 5467 ἀπο-

1878 5511 2250 5579 δεδειγμένους
2288 5512 2383 5565 σὺν
2413 5514 2607 5586 είρήνῃ
2640 5514 2802 5583 ἐξῆγε
2842 5510 2935 5565 τοῦ
2970 5509 3107 5580 βίου,
3132 5507 3227 5561 καὶ⁵
3283 5503 3455 5575 χωρίς

1878 5619 2020 5665 τινος
2054 5602 2233 5665 αἰτίας
2275 5604 2510 5671 φυσικῆς
2560 5604 2666 5659 τῶν
2700 5606 2765 5660 τὰ
2791 5602 3013 5658 τοιαῦτα
3066 5600 3194 5667 τέλη
3226 5599 3283 5652 ἐν
3331 5596 3445 5657 τοῖς

1877 5693 2185 5761 ἀνθρώποις
2214 5693 2619 5761 ἐργαζομένων.
