3984 6202
383 269 520 332 1129

1371 273 1466 331 DE
1507 271 2261 336 PRIEDESTINATIONE
2295 279 2527 338 LIBER
2565 280 2674 340 lll'.

3504 286 3637 349 1130

374 382 430 434 δὲ
454 382 512 432 16
547 381 935 449 προστίθεσθαι
967 383 1061 434 καὶ
1092 383 1445 454 ἀφαιρεῖσθαι
1484 387 1790 456 ὡρισμένον
1815 392 1958 441 ποιεῖ
1989 403 2031 455 Α
2065 393 2337 459 ηργμένον
2387 391 2414 442 ὃ
2447 393 2583 459 πρὸς
2629 392 2865 458 τάγαθὸν
2923 398 3116 448 ποιείνι
3149 397 3305 450 εἴωθε
3354 398 3538 467 μόνον.
3565 403 3636 454 T6

375 475 434 524 16
465 466 508 540 ᾧ
546 476 921 542 προστίθεται,
979 477 1074 528 καὶ
1124 477 1183 526 16
1205 469 1264 527 οῦ
1316 479 1651 549 ἀφαιρεῖται,
1698 481 1751 532 ετ
1783 497 1844 548 γε
1878 485 1953 552 μὴ

374 566 460 633 εἴη
526 567 557 633 ἡ
624 567 916 636 προσθήκη
983 568 1211 637 ἄπειρος
1258 571 1356 621 καὶ
1407 571 1684 641 ἀόριστος.
1751 574 1956 644 Ἀλλ’ἡ

374 658 667 724 πρόσθεσις
685 659 780 722 τῆς
799 659 1036 712 ἐνταῦθα
1057 659 1252 732 ζωῆςῆ
1281 662 1509 731 μείωσις
1533 664 1842 735 ὡρισμένον
1901 668 1955 719 ἕ-

372 762 456 815 χει
476 748 536 800 τὸ
560 748 779 816 μέτρον,
795 747 936 801 ὥστε
960 749 1054 802 καὶ
1073 751 1132 802 16
1159 751 1224 802 πέ
1236 768 1355 818 ρας.
1382 752 1454 805 Τὸ
1479 753 1535 805 δὲ
1555 755 1686 807 αὐτὸ
1706 757 1878 824 πέρας
1895 775 1953 811 τε

372 840 464 890 καὶ
484 841 609 908 ὅρος
636 840 734 907 τῆς
759 840 996 894 ἐνταῦθα
1018 841 1164 910 ζωῆς
1191 845 1424 896 ἐστικαὶ
1447 847 1590 916 ἀρχὴ
1613 847 1706 917 τῆς
1731 849 1956 915 μελλού-

371 932 618 997 σης,εῑτε
656 932 952 1002 δυστυχοῦς
985 934 1095 985 εἴτε
1126 935 1470 1004 εὐδαίμονος.
1511 940 1622 991 Καὶ
1645 940 1806 993 τοῦτό
1835 942 1951 994 ἐστι

367 1023 426 1075 16
453 1025 623 1092 πέρας
652 1028 679 1078 6
715 1026 945 1088 θάνατος
971 1023 1088 1080 εἶτα
1123 1029 1190 1081 τά
1227 1029 1325 1098 μὲν
1358 1032 1412 1082 ἐν
1449 1033 1514 1101 τῇ
1539 1035 1739 1103 γαστρὶ
1763 1034 1951 1087 τελευ-

303 1169 312 1174 ,
366 1115 545 1168 τῶντα
581 1116 756 1188 βρέφη
793 1122 1007 1181 σκοπεῖ,
1066 1122 1190 1183 τοὺς
1225 1122 1281 1174 δὲ
1315 1123 1421 1176 ἀπὸ
1455 1126 1690 1196 γαστρὸς
1743 1128 1948 1199 μητρὸς

376 1209 682 1278 ἑπομένους
729 1210 854 1273 τοὺς
882 1212 947 1264 ἐκ
980 1207 1192 1276 κοιλίας
1240 1216 1446 1286 μητρὸς
1476 1221 1948 1288 προωρισμένους,

361 1301 491 1364 τοὺς
523 1303 630 1354 ἀπὸ
672 1304 891 1374 μήτρας
923 1307 1320 1376 ἡγιασμένους,
1349 1310 1475 1373 τοὺς
1505 1311 1564 1376 ἐξ
1599 1311 1948 1380 ἐπαγγελιῶν

363 1397 749 1463 γεννωμένους
786 1399 844 1449 οὑ
882 1396 1098 1464 σκοπεῖ,
1129 1403 1178 1453 εἰ
1218 1401 1315 1454 καὶ⁸
1345 1397 1412 1470 ἦν
1463 1419 1516 1453 τι
1567 1402 1627 1455 16
1678 1403 1809 1472 περὶ
1837 1405 1948 1457 τῶν

360 1487 584 1556 βρεφῶν
625 1490 762 1557 πρὸς
793 1490 884 1542 τὸν
917 1490 1078 1558 λόγον
1114 1494 1204 1545 τόν
1237 1510 1294 1545 τε
1344 1494 1713 1564 προκείμενον
1738 1513 1754 1560 ;
1781 1495 1944 1549 Ἀλλά

358 1577 532 1630 ταῦτα
591 1579 882 1651 παρῶμεν.
915 1579 1284 1657 Εἷτα”λῃστὴν
1325 1588 1537 1653 εἰσάγει
1587 1591 1682 1642 καὶ
1731 1588 1942 1641 διδόντα

2065 485 2118 534 δὲ
2160 483 2432 552 πονηροὺς
2494 483 2559 534 ἂν
2610 487 2705 551 ἀφ’
2755 485 2963 538 ἑαυτῶν
3014 490 3339 557 γενομένους
3392 495 3488 548 καὶ
3542 493 3638 562 τὴν

2065 574 2254 642 ποινὴν
2281 574 2348 627 ἂν
2380 575 2682 644 ὑποστῆναι
2716 579 2812 628 καὶ
2843 576 2964 631 λίαν
2999 573 3066 650 ἦν
3099 581 3156 630 ἐν
3203 583 3268 649 τῇ
3310 581 3515 649 γνώσει
3542 582 3636 636 τοῦ

2062 667 2290 732 ποιητοῦ
2341 667 2668 738 ὡρισμένον.
2729 672 2841 725 Καὶ
2885 675 2935 727 εί
2979 673 3054 742 μὴ
3104 673 3276 737 οὕτως
3313 671 3403 746 ἦν,
3433 679 3532 730 οὐκ
3569 678 3636 732 ἂν

2060 758 2394 826 προελέγετο
2417 761 2494 823 ὡς
2591 761 2657 816 ἂν
2691 765 2878 834 ἡμέρᾳ
2919 767 3202 833 φάγωνται
3232 769 3295 822 ἐκ
3329 769 3420 821 τοῦ
3452 769 3636 834 ξύλου,

2061 851 2279 921 Θανάτῳ
2337 855 2768 921 ἀποθανοῦνται,
2815 859 2926 912 οὐδ’
2974 859 3040 912 ἂν
3097 859 3273 923 οῦτως
3332 861 3629 926 ἐξέϐαινεν.

2061 943 2382 1014 Προρρηθὲν
2408 946 2464 998 δὲ
2489 946 2634 1000 οὕτω
2670 950 2762 1000 καὶ
2794 951 3020 1017 γεγονὸς
3054 954 3148 1005 καὶ
3180 955 3237 1006 ἐν
3267 957 3332 1023 τῇ
3357 953 3475 1023 θείᾳ
3499 954 3632 1022 ὤρι·

2058 1051 2150 1086 στο
2187 1035 2408 1102 γνώσει.
2447 1039 2556 1091 Καὶ
2596 1039 2690 1092 τὸν
2727 1040 2825 1107 μὲν
2867 1044 3099 1108 φυσικὸν
3130 1044 3342 1096 τουτονὶ
3376 1045 3632 1107 θάνατον,

2047 1107 2153 1197 ζτὴν
2207 1129 2304 1182 τοῦ
2372 1132 2724 1201 συνημμένου
2769 1135 3043 1202 διαίρεσιν
3101 1137 3344 1204 δηλονότι
3389 1140 3482 1190 καὶ
3535 1139 3633 1208 τὴν

2055 1223 2316 1292 στέρησιν
2361 1226 2459 1294 τῆς
2523 1226 2758 1278 ἐνταῦθα
2817 1227 2963 1296 ζωῆς
3022 1231 3426 1298 σπερματικῆς,
3467 1231 3630 1292 εὐθὺς

2054 1317 2349 1383 ὑφίσταντο
2375 1320 2536 1385 μόνον
2569 1320 2642 1382 ὡς
2670 1321 2762 1373 ἐπὶ
2791 1321 2960 1392 πόνῳ,
2998 1323 3111 1392 ζωῇ
3137 1325 3229 1374 καὶ
3253 1327 3401 1394 γήρᾳ
3434 1324 3528 1377 καὶ
3545 1326 3633 1377 νό-

2054 1425 2166 1471 σοις
2211 1410 2629 1479 ἐπισυμϐαίνειν
2673 1413 2938 1480 ἀφύκτως
2974 1414 3240 1482 μέλλοντά
3281 1434 3412 1469 ποτε
3446 1417 3631 1479 αὑτοῖς

2051 1517 2109 1552 τε
2153 1502 2248 1553 καὶ
2286 1505 2399 1564 τοῖς
2445 1505 2502 1565 ἐξ
2551 1503 2730 1557 αὐτῶν
2771 1506 3071 1574 ἐσομένοις,
3103 1508 3224 1560 ἀντὶ
3274 1509 3370 1577 τῆς
3425 1510 3630 1561 ἀπονου

2049 1594 2195 1662 ζωῆς
2241 1596 2338 1648 καὶ
2378 1596 2670 1658 ἀθανάτοις
2711 1599 3025 1668 πρεπούσης
3071 1599 3139 1670 ἢν
3181 1601 3631 1668 ἀποϐεϐληκότας

358 1672 714 1742 δηλητήριον,
766 1675 828 1726 οὑ
884 1676 1117 1746 διαιρῶν
1149 1678 1294 1739 τίνες
1339 1679 1387 1731 οί
1430 1679 1828 1749 λῃστευόμενοι
1848 1681 1940 1731 καὶ
1974 1704 2013 1757 Β
2055 1685 2256 1752 μᾶλλον
2302 1687 2596 1757 ἐγνώρισε·
2636 1690 2726 1742 16v
2779 1692 2837 1742 δέ
2871 1691 3102 1759 ψυχικὸν
3146 1696 3210 1744 ἐκ
3245 1692 3344 1762 τῆς
3391 1693 3627 1763 ἀληθοῦς

357 1767 502 1826 τίνες
541 1768 590 1816 οἱ
621 1765 1115 1838 δηλητηριούμενοι
1136 1770 1230 1821 καὶ
1254 1769 1418 1821 τίνων
1447 1769 1629 1822 ἕνεκα.
1651 1771 1937 1833 Αίτιατέος

357 1857 463 1908 δὲὸ
493 1857 625 1921 Θεὸς
673 1859 812 1930 ὑπὲρ
861 1861 1195 1931 οὐδετέρων,
1247 1862 1386 1916 ἀλλὰ
1422 1865 1521 1930 τῆς
1575 1863 1936 1933 ὀφειλομένης

357 1949 594 2017 ἀμοιϐῆς
646 1953 760 2014 τοῖς
802 1952 944 2022 ὑπὲρ
997 1953 1289 2018 εὐσεϐείας
1348 1955 1445 2008 καὶ
1497 1956 1701 2024 ἀρετῆς
1761 1954 1936 2007 ταῦτα

357 2045 821 2114 προαιρουμένοις
854 2046 886 2116 ἢ
922 2045 1174 2099 ὁπωσοῦν
1196 2047 1371 2108 ἄλλως
1403 2047 1704 2117 πάσχουσιν
1746 2048 1779 2120 ἢ
1808 2049 1938 2101 ὑπο-

366 2135 535 2203 μονῆς
567 2139 662 2188 καὶ
697 2139 796 2206 τῆς
815 2139 924 2192 τῶν
945 2139 1206 2192 τοιούτων
1227 2140 1469 2194 εὐσεϐῶν
1493 2141 1822 2212 προθυμίας,
1841 2143 1937 2197 καὶ

357 2227 478 2280 λίαν
510 2230 924 2301 ὑπερδοξάσεως
957 2234 990 2304 ἢ
1024 2235 1136 2294 τοῖς
1173 2233 1313 2300 ὑπὲρ
1337 2232 1505 2285 αὑτοῦ
1553 2232 1934 2304 θανουμένοις,

356 2319 474 2372 ἀνθ’
504 2320 630 2372 ὅτου
661 2321 761 2382 τάς
788 2322 890 2390 τῆς
922 2324 1227 2392 καρτερίας
1268 2323 1505 2394 ἀμοιϐὰς
1533 2325 1934 2393 ἐπαγγέλλεται

358 2410 435 2480 μὴ
494 2411 823 2482 βουλόμενος
872 2415 1072 2477 αὐτοὺς
1122 2413 1270 2468 οὕτω
1319 2416 1631 2485 φιλοσοφετδ
1665 2419 1760 2471 καὶ
1804 2419 1933 2490 θνή-

356 2519 508 2557 σκειν
540 2506 679 2575 ὑπὲρ
713 2507 902 2571 αὑτοῦ,
934 2509 1132 2577 μᾶλλον
1153 2509 1209 2563 δὲ
1237 2509 1379 2580 ὑπὲρ
1400 2511 1635 2567 ἑαυτῶν.
1672 2516 1781 2568 Καὶ
1815 2515 1932 2579 πῶς

355 2599 696 2666 ἀπήλλαττεν
746 2601 851 2663 ἓως
904 2601 1160 2654 ἐϐούλετο
1217 2603 1469 2656 θανάτων
1528 2611 1935 2677 φανερωτάτων

355 2690 496 2744 ὥστε
535 2696 765 2758 ἀπορεῖν
793 2697 916 2756 τοὺς
957 2696 1261 2763 ἐπάγοντας
1315 2698 1406 2748 καὶ
1447 2700 1512 2767 τῇ
1552 2699 1735 2752 πίστει
1764 2717 1933 2774 προσ-

355 2785 603 2838 τίθεσθαι
662 2789 803 2856 μετὰ
836 2788 930 2841 τοῦ
963 2788 1138 2842 θέλειν
1182 2792 1380 2854 αὑτοὺς
1435 2795 1542 2846 πᾶν
1580 2794 1761 2846 ὁτιοῦν
1793 2797 1934 2865 ὑπὲρ

355 2882 452 2948 τῆς
485 2882 714 2949 ἀληθοῦς
744 2884 1076 2952 ὑφίστασθαι
1113 2885 1383 2951 πίστεως;
1413 2887 1688 2956 ἐγκαίιιως
1719 2889 1775 2940 δὲ
1806 2907 1932 2944 συν·

355 2975 546 3040 έχώρει
573 2975 972 3042 στεφανοῦσθαι
1006 2981 1070 3047 τῇ
1098 2981 1322 3046 τελευτῇ
1366 2979 1504 3045 μετὰ
1532 2978 1629 3048 τὴν
1670 2981 1930 3045 γενναίαν

2043 1773 2185 1844 ζωῆς
2213 1781 2615 1847 χωρισάμενον,
2639 1779 2775 1847 φεῦι
2805 1782 2899 1833 καὶ
2924 1782 3022 1849 τὴν
3049 1782 3140 1834 τοῦ
3159 1783 3414 1851 κειμένου
3438 1783 3629 1846 τέλους

2041 1869 2362 1920 ἀπόπτωσιν
2395 1869 2486 1920 τὸν
2520 1869 2704 1939 πολλῷ
2740 1872 2835 1924 τοῦ
2872 1873 3145 1944 προτέρου
3176 1875 3346 1944 χείρω
3387 1874 3623 1929 θάνατον

2042 1959 2198 2011 αὐτοί
2224 1976 2280 2011 τε
2311 1959 2474 2023 εὑθὺς
2518 1961 2843 2031 ὑπέστησαν
2887 1964 3035 2033 ἔργῳ
3072 1964 3166 2018 καὶ
3204 1968 3319 2028 τοίς
3351 1965 3410 2031 ἐξ
3445 1965 3626 2019 αὐτῶν

2040 2051 2402 2118 γεννωμένοις
2432 2051 2669 2116 ἀνιάτως
2727 2055 3100 2124 παρέπεμπον
3149 2057 3281 2126 ἄχρι
3311 2056 3406 2109 τοῦ
3436 2058 3625 2124 φιλαν-

2042 2140 2397 2208 θρωποτάτου
2429 2144 2548 2213 ἅμα
2586 2148 2679 2198 καὶ
2718 2145 3034 2215 σοφωτάτου
3076 2149 3176 2218 τῆς
3211 2148 3363 2210 θείας
3407 2152 3619 2202 οἰκονο-

2044 2237 2172 2306 μίας
2205 2239 2525 2308 φαρμάκου.
2550 2241 2657 2293 Καὶ
2687 2240 2795 2310 μὴν
2826 2240 2936 2294 οὐδ’
2962 2242 3080 2293 ἐστι
3111 2259 3194 2304 τις
3225 2245 3252 2295 6
3284 2242 3458 2310 λέγων
3480 2242 3621 2296 ὅλων

2041 2326 2184 2381 εἶναι
2208 2331 2308 2400 τὴν
2349 2333 2682 2400 πρόγνωσιν,
2717 2335 2766 2386 εί
2801 2335 2877 2403 μὴ
2929 2335 3020 2386 καὶ
3069 2334 3285 2403 κίνησιν
3319 2336 3491 2389 ἐθέλοι
3535 2335 3620 2388 λέ-

2039 2438 2159 2489 γειν
2187 2423 2247 2475 16
2280 2425 2378 2492 τῆς
2414 2426 2682 2492 κινήσεως
2719 2427 2914 2496 πέρας.
2938 2428 3120 2481 Αἴτιον
3165 2428 3220 2479 δέ
3259 2445 3376 2489 πως
3417 2427 3620 2496 μᾶλλον

2039 2514 2140 2582 τῆς
2173 2517 2538 2585 προγνώσεως
2566 2519 2594 2570 6
2627 2518 2758 2588 ὅρος
2800 2519 2950 2571 ἐστί·
2995 2520 3192 2573 ’τούτου
3221 2521 3332 2590 γὰρ
3380 2523 3624 2591 προὺπο-

2039 2606 2327 2674 τιθεμένου
2381 2609 2606 2662 δύναται
2674 2610 3157 2679 προγινώσκεσθαι
3209 2613 3286 2683 τῷ
3345 2613 3617 2682 τοσαύτην

2040 2699 2216 2769 ἔχοντι
2261 2701 2512 2770 δύναμιν,
2559 2704 2707 2766 ὅπως
2755 2705 2876 2756 τόδε
2929 2723 2982 2758 τι
3032 2705 3289 2770 τεύξεται
3344 2707 3438 2760 τοῦ
3486 2709 3616 2778 ὅρου

2040 2793 2179 2861 πρὸς
2209 2795 2421 2846 ἐκεῖνον
2460 2797 2842 2866 φερόμένον,ἣ
2890 2798 3220 2868 ἀτευκτήσει
3255 2799 3331 2867 μῆ
3356 2800 3606 2876 ⁹φερόμε-

2040 2901 2152 2948 νον,
2179 2887 2272 2937 καὶ
2303 2885 2422 2948 πῶς
2457 2886 2488 2954 ἢ
2544 2887 2676 2940 πότε
2736 2888 3009 2950 τεύξεται.
3062 2888 3250 2942 Ταῦτα
3290 2890 3389 2957 μὲν
3426 2889 3518 2943 οῦν
3554 2893 3608 2941 ἐκ

2039 2977 2359 3045 περιουσίας
2409 2980 2610 3047 μᾶλλον
2647 2982 2837 3048 χρείας
2872 2981 3092 3049 εἴρηται
3119 2997 3134 3012 ·
3165 2983 3452 3044 ἀνοικείως
3501 2983 3606 3052 γὰρ

354 3063 464 3112 τῶν
499 3063 727 3128 ἀγώνων
759 3064 1040 3128 ἐπίδειξιν.
1096 3065 1410 3134 Εὑρυτέρας
1436 3065 1492 3116 δὲ
1527 3064 1660 3134 πρὸς
1704 3067 1774 3118 τὰ
1805 3067 1934 3134 περὶ
1963 3076 2005 3132 c
2038 3069 2103 3134 τῇ
2139 3067 2398 3136 περὶτῶν
2429 3070 2573 3138 ὅρων
2608 3073 2708 3139 τῆς
2741 3071 2889 3139 ζωῆς
2917 3071 3176 3124 ὑποθέσει
3202 3074 3299 3126 καὶ
3331 3073 3426 3127 τοῦ
3461 3072 3614 3126 θείου

356 3157 568 3225 λῃστῶν
603 3158 694 3209 καὶ
725 3159 1074 3228 δηλητηρίων
1106 3159 1202 3212 νῦν
1245 3158 1479 3228 θεωρίας
1513 3159 1574 3211 οῦ
1601 3157 1784 3227 χρεία,
1814 3157 1927 3211 ἀλλ’

354 3250 434 3298 ὅτι
471 3247 634 3315 μόνον
663 3250 785 3318 είκῆ
815 3250 884 3300 τὰ
914 3247 1144 3312 τοιαῦτα
1191 3248 1452 3317 συνείρει.
1491 3248 1657 3300 ’Λλλά
1695 3249 1763 3300 τά
1795 3247 1930 3301 ἀλλα

353 3339 544 3392 τούτου
572 3341 850 3409 παρίημιο
889 3343 921 3410 ὴ
956 3341 1012 3394 δὲ
1049 3333 1385 3410 πρόγνωσις,
1419 3342 1607 3408 φησὶν,
1646 3342 1746 3393 οὑκ
1781 3340 1934 3394 ἔστιν

353 3434 512 3500 ὅρος·
551 3434 930 3502 προιγίνωσκε
981 3435 1090 3503 γάρ
1117 3435 1145 3486 ὁ
1175 3433 1308 3497 Θεὸς
1356 3432 1453 3503 τὴν
1492 3434 1810 3502 παράϐασιν
1836 3435 1932 3487 τοῦ

364 3525 537 3593 Ἀδὰμ
571 3529 668 3577 καὶ
699 3524 798 3595 τὴν
825 3524 918 3577 τοῦ
965 3524 1223 3589 διαϐόλου
1262 3525 1496 3592 τροπὴν,
1537 3527 1634 3578 καὶ
1673 3524 1774 3588 τάς
1803 3527 1933 3578 ἐπι⁴

352 3620 507 3688 χειρή
519 3635 630 3681 σεις
654 3621 760 3671 τῶν
777 3620 1123 3689 ἀνδροφόντην
1155 3617 1252 3672 καὶ
1278 3619 1388 3671 τῶν
1413 3617 1629 3671 ἀσεϐῶν
1663 3618 1765 3688 τὴν
1793 3619 1930 3673 πλά-

350 3731 470 3783 νην,
505 3714 599 3766 καὶ
626 3714 788 3776 αὑτὸς
817 3713 987 3783 ὥρισε
1037 3714 1224 3767 λοιπον
1254 3713 1480 3776 τούτους
1532 3713 1813 3776 τοιούτους
1846 3714 1932 3790 γί-

353 3805 562 3860 νεσθαι.
603 3806 768 3859 Ἀλλά
802 3807 962 3859 τοῦτο
995 3806 1214 3868 ἀσεϐὲς,
1241 3807 1398 3874 φησὶ,
1432 3807 1595 3861 νοεῖν.
1635 3805 1794 3874 Ἐξῆν
1826 3809 1928 3874 μὲν

350 3897 446 3954 οὖν
479 3919 583 3954 τινι
615 3901 794 3968 λέγειν
839 3901 976 3970 πρὸς
1013 3898 1176 3952 αὑτὸν
1221 3897 1410 3965 ὥσπερ
1443 3897 1926 3967 ἀντεπηρεάζοντι,

353 3994 461 4046 Καὶ
497 3995 546 4044 εί
579 3993 655 4063 μὴ
693 3991 916 4062 ὥρισεν,
955 3990 1235 4060 ἄνθρωπε,
1260 3987 1376 4040 ἀλλ’
1404 3987 1518 4040 οὐδ’
1541 3987 1788 4040 ἐκώλυσε
1817 4005 1928 4038 κωο

285 4092 289 4094 ’
350 4086 500 4139 λύειν
527 4087 850 4155 δυνάμενος.
887 4085 945 4136 Ὀ
981 4083 1284 4152 δυνάμενος
1327 4082 1383 4136 δὲ
1421 4081 1666 4133 κωλῦσαι
1713 4081 1809 4132 καὶ
1856 4080 1930 4148 μὴ

351 4177 578 4231 κωλύων
606 4177 768 4241 αὑτὸς
807 4179 955 4230 δοκεῖ
1003 4179 1288 4244 πράττειν.
1323 4171 1735 4242 ’Ἃληθέστερον
1768 4169 1813 4222 δ’
1863 4171 1930 4224 ἂν

349 4268 474 4324 εἶπέ
503 4289 585 4332 τις
619 4272 753 4340 1:96;
785 4270 948 4322 αὐτὸν
980 4270 1074 4323 καὶ
1099 4269 1221 4320 λίαν
1253 4267 1493 4329 οίκείως,
1525 4265 1588 4317 Et
1617 4265 1716 4334 μὲν
1737 4263 1929 4332 ὥρισε,

347 4363 410 4416 16
443 4361 746 4432 προσέταξε
780 4363 985 4429 λέγεις,
1028 4354 1074 4414 ὦ
1107 4361 1240 4413 καλὲ
1289 4360 1398 4412 τῶν
1442 4357 1604 4411 θείων
1657 4359 1927 4428 ἐξηγητά.

348 4457 382 4527 ἢ
412 4459 764 4527 ἐπηνάγκασε
793 4471 806 4484 ·
835 4458 929 4507 καὶ
958 4455 1042 4516 τίς
1075 4456 1226 4505 ἐστιν
1251 4452 1279 4503 6
1309 4449 1467 4502 τοῦτο
1492 4449 1706 4519 φρονῶν
1756 4448 1789 4519 ἢ
1842 4449 1932 4501 λέ-

347 4567 463 4615 γων
490 4567 504 4613 ;
535 4551 583 4601 εἰ
616 4549 674 4601 δὲ
726 4548 787 4600 16
822 4548 960 4616 πρὸς
1007 4550 1097 4599 τὸν
1129 4546 1256 4614 ὅρον
1310 4545 1405 4596 καὶ
1444 4543 1506 4594 τὸ
1561 4543 1714 4604 τέλος
1767 4542 1928 4604 ἔταξε

251 4672 254 4675 -
346 4643 532 4710 λέγεις
576 4643 643 4711 τῇ
696 4640 830 4710 παρ’
882 4639 1076 4692 ἑαυτοῦ
1138 4637 1399 4708 χορηγίᾳ,
1432 4635 1562 4688 οὑδὲ·
1606 4635 1765 4688 τοῦτο
1800 4636 1930 4705 περὶ

347 4735 440 4787 τοῦ
494 4735 669 4806 ’Λδᾶμ
705 4734 940 4788 καὶτῶν
974 4733 1154 4787 ἄλλων
1211 4733 1327 4801 ἐρεῖ
1359 4745 1475 4792 τις·
1521 4728 1658 4798 πρὸς
1690 4727 1799 4796 γὰρ
1838 4727 1931 4780 16v

345 4828 474 4896 ὅρον
526 4828 618 4878 καὶ
675 4827 737 4878 16
791 4825 948 4886 τέλος
981 4817 1043 4877 οὗ
1092 4822 1254 4892 χάριν
1307 4817 1570 4888 παρήχθη
1601 4816 1725 4870 οὕτε
1768 4818 1931 4879 αὐτὸς

346 4921 579 4991 ἠθέλησε
616 4919 904 4990 ὁρισθῆναι
934 4919 1058 4970 οῦτε
1101 4917 1201 4983 τῆς
1240 4913 1341 4966 τοῦ
1373 4911 1580 4982 ὁρίζειν
1623 4910 1929 4978 δυναμένου

347 5012 639 5082 συνεργίας
662 5013 858 5082 ἐδεήθη
889 5009 986 5063 καὶ
1019 5009 1268 5075 ὁδηγίας,
1308 5004 1424 5058 ἀλλ’
1455 5002 1619 5064 εὐθὺς
1645 5001 1932 5072 γινόμενον

349 5107 656 5175 ἀφηνίασεν
681 5119 694 5134 ·
722 5105 844 5158 ὅθεν
876 5105 988 5166 τοῖς
1038 5103 1169 5170 περὶ
1216 5099 1329 5152 τῶν
1371 5095 1807 5167 προωρισμένων
1841 5096 1930 5147 λό-

348 5216 481 5266 γους
508 5200 628 5251 οὑδὲ
669 5199 846 5251 κοινὸν
875 5199 972 5250 καὶ
1013 5201 1126 5256 τοῖς
1183 5191 1419 5263 πρώτοις
1479 5188 1790 5258 ἀνθρώποις
1829 5187 1888 5238 ὃν
1916 5223 1928 5236 .

361 5291 608 5363 Ὠρίσθαι
634 5293 691 5345 δὲ
720 5291 894 5352 ἄλλως
924 5292 982 5342 ἐν
1022 5292 1086 5358 τῇ
1143 5287 1264 5356 θείᾳ
1304 5284 1500 5353 γνώσει
1531 5301 1590 5335 τε
1643 5285 1764 5335 κατ’
1788 5281 1932 5334 ὲκεί-

349 5403 475 5447 νους
516 5389 610 5439 καὶ
643 5386 762 5437 λίαν
793 5383 940 5436 ἐστὶν
978 5381 1178 5451 ἀληθές
1199 5397 1211 5409 °
1259 5379 1534 5451 πονηροὺς
1566 5377 1664 5448 μὲν
1698 5378 1805 5445 γάρ
1835 5391 1931 5443 γε·

349 5481 540 5533 νέσθαι
568 5481 660 5532 τὸν
720 5477 892 5546 ’Λδάμ
927 5478 1022 5528 καὶ
1072 5479 1172 5543 τὴν
1217 5469 1368 5527 Εῦαν
1421 5471 1671 5540 οὐδαμῶς
1703 5466 1770 5540 ἦν
1800 5470 1934 5538 ὡρι-

354 5573 552 5642 σμένον
583 5572 646 5624 ἐκ
691 5571 786 5623 τοῦ
819 5568 956 5623 Θεοῦ
985 5567 1098 5622 οὗθ’
1143 5568 1216 5630 ὡς
1257 5557 1765 5638 προστεταγμένον,
1793 5563 1929 5615 ὅπου

351 5683 414 5733 γε
461 5666 584 5718 οὐδὲ
645 5665 785 5734 πρὸς
832 5663 1073 5730 τάγαθὸν
1129 5657 1381 5730 βιάζεται
1433 5657 1534 5723 τὴν
1582 5655 1932 5725 ἀνθρωπίνην

352 5760 694 5830 προαίρεσιν,
726 5755 929 5818 οὑθ¹ώς
960 5754 1391 5821 συντεταγμένον
1426 5750 1659 5811 ἐκείνοις
1695 5747 1757 5798 16
1801 5762 1949 5814 ouv~_

671 5857 962 5948 Ριιτιιοιι.¹
985 5853 1099 5910 Gn.
1146 5848 1304 5912 CLX.

2041 3160 2378 3230 προορισμοῦ
2439 3162 2690 3233 Διοδώρῳ
2743 3180 2804 3215 τε
2867 3163 3146 3233 ἠπόρηται
3188 3164 3461 3233 πρότερον
3519 3171 3610 3222 καὶ

2036 3253 2172 3320 ἡμῖν
2211 3251 2306 3304 νῦν
2361 3253 2646 3323 διατριϐῆς
2702 3253 2862 3323 χάριν
2918 3254 3269 3324 ὲπεστατήθη
3299 3271 3313 3286 ·
3347 3257 3510 3326 ἤρκει
3556 3257 3613 3312 δὲ

2035 3342 2293 3394 τοσοῦτον
2317 3345 2492 3396 εἰπεῖν
2526 3343 2601 3406 ὡς
2635 3346 2830 3416 ἀγνοίᾳ
2858 3345 2952 3398 τοῦ
2983 3346 3116 3416 ὅρου
3151 3348 3245 3400 καὶ
3271 3346 3364 3399 τοῦ
3389 3363 3608 3416 προορι-

2039 3435 2180 3504 σμοῦ
2216 3436 2306 3488 καὶ
2324 3435 2421 3488 τοῦ
2456 3437 2768 3508 προορίζιιν
2791 3439 2884 3490 καὶ
2907 3437 3006 3506 τῆς
3036 3437 3315 3506 προνοίας,
3347 3439 3612 3508 μᾶλλονδὲ

2035 3527 2230 3594 ἀγνοίᾳ
2249 3525 2448 3596 πολλῆς
2466 3527 2568 3597 τῆς
2583 3529 2930 3598 ἀνθρωπίνης
2944 3547 3003 3582 τε
3023 3533 3119 3583 καὶ
3137 3531 3287 3594 θείας
3304 3533 3516 3602 σοφίας,
3529 3535 3607 3588 οῦ·

2033 3620 2124 3683 τός
2156 3636 2212 3671 τε
2235 3620 2262 3671 6
2289 3619 2555 3688 Διόδωρος
2587 3620 2682 3672 καί
2709 3637 2853 3683 τινες
2883 3621 3033 3675 ἄλλοι
3056 3625 3153 3693 οὐχ
3180 3616 3283 3676 οἷοί
3337 3639 3398 3678 τε
3451 3631 3610 3697 γεγόο

2037 3728 2192 3764 νασιν
2216 3712 2456 3782 ἐγκύψαι
2490 3711 2567 3781 τῷ
2598 3710 2758 3780 βάθει
2789 3713 2884 3783 τῆς
2924 3713 3237 3780 ὑποθέσεως
3269 3719 3362 3772 καὶ
3389 3718 3466 3789 τῷ
3501 3724 3610 3774 τῶν

2033 3803 2371 3858 διδασκάλων
2429 3806 2655 3874 σκοπῷ’
2708 3807 2860 3860 δοκεῖ
2913 3808 3022 3876 γὰρ
3095 3808 3254 3872 οὖτος
3293 3811 3483 3881 ἢὸρον
3509 3815 3612 3880 τὴν

2033 3897 2282 3965 ἀνάγκην
2312 3897 2451 3948 νοεῖν
2495 3899 2590 3949 καὶ
2628 3897 2727 3967 τὴν
2759 3899 3058 3967 πρόσταξιν
3099 3901 3240 3953 πάνυ
3291 3904 3609 3975 χυδαίως,ἢ

2032 3989 2173 4055 ὅρων
2221 3985 2322 4054 τῆς
2374 3986 2728 4056 ἀνθρωπίνης
2787 3987 2938 4057 ζωῆς
3000 3991 3176 4058 πέρας
3221 4009 3276 4043 τι
3325 3993 3610 4061 βούλεσθαι

2033 4082 2174 4131 νοεῖν
2205 4079 2303 4147 τῆς
2345 4078 2492 4148 ζωῆς
2518 4079 2874 4148 τεταγμένων
2907 4081 3124 4150 ἑκάστῳ
3162 4083 3272 4134 τῶν
3302 4085 3612 4156 ἀνθρώπων

2034 4171 2282 4239 φυσικῶς
2331 4172 2752 4241 ἀπαραίτητον·
2803 4174 2901 4225 καί¹
2945 4173 3035 4226 διὰ
3089 4172 3247 4226 τοῦτό
3299 4192 3507 4244 φησιν·
3546 4179 3610 4232 El

2032 4263 2157 4332 ὅρος
2185 4258 2251 4333 ῆν
2279 4264 2380 4330 τῆς
2421 4264 2591 4332 ζωῆς,
2624 4263 2743 4324 πῶς
2773 4264 3119 4334 ἐμακρύνετο
3159 4265 3224 4319 ἂν
3259 4266 3362 4319 ὑπὸ
3392 4267 3530 4322 Θεοῦ
3575 4273 3608 4340 ἠ

2036 4353 2143 4405 τῶν
2185 4355 2491 4420 ἀνθρώπων
2536 4353 2694 4422 {cui};
2748 4354 2996 4416 καὶπῶς
3043 4354 3467 4423 συνεστέλλετος
3512 4361 3608 4413 καὶ

1961 4429 2010 4487 1)
2041 4446 2154 4507 πῶς
2191 4445 2266 4512 ἂν,
2297 4446 2530 4516 ἠδύνατό
2561 4464 2644 4508 τις
2672 4446 2766 4498 τὸν
2799 4448 2922 4516 ὅρον
2953 4445 3295 4500 διασαλεύειν
3345 4447 3546 4519 χείρων
3575 4451 3608 4522 ἢ

2034 4539 2272 4605 ἀμείνων
2313 4539 2638 4608 γινόμενος;
2704 4538 3102 4608 Ἀπλούστερον
3141 4537 3199 4590 δὲ
3249 4540 3435 4593 καὶτὸ
3467 4540 3611 4595 οὕτω

2031 4629 2403 4685 διανοεῖσθαι·
2447 4631 2571 4699 ὅρος
2604 4630 2713 4700 γὰρ
2758 4630 2922 4698 φύσει
2951 4629 3049 4697 τῆς
3084 4628 3432 4702 ἀνθρωπίνης
3466 4630 3610 4701 ζωῆς

2033 4722 2209 4783 οὑδείς
2243 4723 2391 4774 ἐστιν
2424 4723 2456 4791 ἢ
2504 4721 2714 4774 πολλῶν
2761 4722 2982 4774 αἰτιῶνο
3029 4722 3108 4775 διὸ
3144 4723 3236 4776 καὶ
3279 4725 3497 4794 εῐρηται
3524 4727 3610 4790 τὸ,

2033 4814 2426 4884 Γρηγορεῖτεο
2474 4815 2562 4868 ὅτι
2605 4818 2718 4868 οὐκ
2765 4815 2969 4869 οἴδατε
3012 4818 3153 4882 ποίᾳ
3211 4817 3460 4886 φυλακῇ
3505 4817 3613 4883 τῆς

2034 4909 2258 4975 νυκτὸς
2283 4912 2316 4963 ό
2359 4910 2624 4975 κλέπτης
2644 4908 2907 4976 ἔρχεται.
2933 4908 2994 4960 El
3030 4908 3086 4961 δὲ
3117 4903 3185 4977 ῆν
3211 4909 3520 4976 ὡρισμένον
3555 4910 3612 4961 ἐν

2033 5005 2100 5072 τῇ
2131 5001 2292 5071 φύσει
2332 5001 2392 5055 τὸ
2414 5000 2588 5070 πέρας
2619 5001 2719 5070 τῆς
2746 5001 2980 5055 ἐνταῦθα
3016 5001 3161 5066 ζωῆς
3186 5039 3201 5065 ,
3243 4999 3300 5050 ἒν
3329 4999 3395 5051 ἂν
3420 4994 3488 5067 ῆν
3519 5000 3613 5050 καὶ

2034 5094 2236 5146 ταυτὸν
2268 5091 2494 5146 ἆπασιν.
2532 5093 2594 5146 Ιοίί
2627 5093 2683 5144 δὲ
2707 5086 2817 5145 οἷόν
2846 5109 2905 5144 τε
2939 5088 3005 5160 ῆν
3037 5088 3194 5157 φύσει
3229 5089 3324 5140 καὶ
3353 5087 3610 5156 διάφορον

2035 5181 2199 5250 εἶναι,
2247 5184 2562 5253 ἐγινώσκετ’
2617 5184 2683 5238 ἂν
2735 5185 2839 5236 ὑπὸ
2878 5184 2990 5236 τῶν
3040 5179 3364 5250 ἀνθρώπων,
3419 5181 3610 5234 τοὺλά-

2035 5295 2220 5353 χιστον
2260 5279 2364 5331 ὑπὸ
2413 5279 2520 5330 τῶν
2552 5279 2756 5345 σοφῶν,
2790 5276 2899 5330 τῶν
2943 5274 3036 5327 καὶ
3068 5273 3238 5326 τᾶλλα
3266 5275 3365 5342 τῆς
3394 5272 3611 5341 φύσεως

2036 5359 2384 5439 ἐξητακότων
2441 5370 2579 5440 ἔργα
2642 5371 2782 5422 πάνυ
2840 5365 3049 5430 καλῶς.
3116 5364 3241 5422 Ἐπὶ
3301 5366 3362 5418 16
3423 5365 3611 5434 μεῖζον

2038 5463 2197 5531 μόνον
2226 5462 2340 5514 ἔστι
2384 5479 2501 5524 πως
2529 5461 2714 5513 λαϐεῖν
2761 5462 2884 5529 ὅρον
2918 5461 3016 5527 τῆς
3055 5457 3406 5528 ἀνθρωπίνης
3439 5457 3609 5528 ζωῆς.

2035 5557 2130 5608 καὶ
2155 5554 2347 5608 τοῦτον
2372 5553 2735 5622 ἐνδεχομένως
2760 5568 2819 5604 τε
2840 5552 2932 5604 καὶ
2963 5551 3228 5614 σπανίως,
3259 5551 3333 5613 ῶς
3367 5550 3610 5604 σπανίων

2035 5648 2197 5700 τινῶν
2247 5649 2341 5700 ἐπὶ
2404 5645 2594 5697 τοῦτον
2654 5637 3088 5713 ὲφικνουμένων,
3162 5642 3308 5697 καθά
3367 5659 3536 5711 φησιν
3566 5647 3611 5695 σέ

2035 5739 2219 5805 Δαυῖδ,
2275 5740 2331 5794 ἐν
2373 5736 2720 5799 δυναστείαις
2756 5737 2848 5790 καὶ
2887 5738 3041 5807 μόλις
3082 5738 3160 5798 είς
3199 5739 3287 5787 16v
3315 5735 3608 5807 ὀγδοηκον-

3183 5829 3256 5892 36
