3956 6200
314 377 317 380 ’
416 357 552 424 1M3

1435 357 1797 420 GENNADII
1837 361 1944 420 (ΞΡ.

2086 357 2496 421 ΤίίίΑΠΕΠΕ
3536 355 3673 418 1144

416 478 592 545 μόνων
619 477 775 545 ἄρχει
805 476 934 539 Θεὸς
1020 475 1125 528 τῶν
1147 475 1374 539 πιστῶν,
1398 476 1534 529 ἀλλὰ
1559 479 1654 530 καὶ
1681 477 1788 529 τῶν
1814 478 1988 539 ἄλλως
2016 479 2063 539 Α
2095 477 2263 546 σκεύη
2319 478 2396 538 είς
2449 473 2676 544 ἀτιμίαν
2709 472 2896 538 ξύλινα
2955 475 3048 526 καὶ
3105 473 3426 542 ὀστράκινα,
3478 473 3676 544 ῶσπερ

412 566 790 636 διακειμένων,
836 567 930 621 καί
964 585 1022 620 τε
1079 569 1173 620 καὶ
1227 571 1450 638 προνοεῖ
1498 571 1716 623 πάντων
1767 570 1860 622 καλ⁵
1912 570 1981 624 τά

413 660 690 729 ἑκατέρων
720 661 937 722 οἰκείως
969 659 1154 725 αὐτοῖς
1182 661 1512 732 διατίθησιν.
1566 660 1632 716 Εἰ
1666 663 1722 717 δὲ
1764 665 1986 734 προνοεῖ

413 750 506 802 καὶ
535 747 728 819 ὁρίζει,
779 753 1062 820 προορίζει
1108 771 1164 806 τε
1205 755 1305 822 μὲν
1353 755 1462 807 τῶν
1509 757 1732 821 ἀγαθῶν
1767 755 1985 811 ἅπαντα

412 839 503 891 ἐπὶ
547 839 608 892 τὸ
653 840 837 904 αὐτοῖς
870 840 1102 910 βέλτιον,
1168 844 1238 896 τὰ
1288 843 1345 896 δὲ
1399 844 1509 898 τῶν
1555 845 1733 910 ἄλλως
1779 847 1986 899 διακει-

415 929 594 996 μένων
635 930 702 984 τά
749 930 850 998 μὲν
881 932 974 985 ἐπὶ
1014 934 1074 986 τὸ
1106 932 1318 1003 βέλτιον
1351 935 1421 989 τὰ
1469 935 1513 988 δ’
1566 937 1659 989 ἐπὶ
1692 938 1750 990 τὸ
1800 941 1984 1007 χεῖρον

411 1021 617 1088 αὐτοῖς,
654 1023 854 1093 μᾶλλον
885 1023 943 1078 δὲ
967 1024 1145 1078 πάντα
1170 1027 1264 1078 ἐπὶ
1303 1027 1363 1080 τὸ
1395 1030 1578 1097 χεῖρον
1609 1029 1791 1093 αὐτοῖς
1819 1030 1983 1083 ὁπότε

411 1116 506 1168 καὶ
531 1113 629 1184 τῆς
661 1117 1000 1186 προσκαίρου
1025 1117 1230 1188 ταύτης
1265 1120 1358 1172 καὶ
1388 1120 1804 1189 ἐπιεικεστάτης
1828 1123 1986 1193 κηδε-

413 1207 604 1273 μονίας
641 1208 854 1261 τίσουσι
882 1208 1061 1272 δίκας,
1091 1211 1200 1263 οὐδ’
1235 1211 1326 1263 ὐπ’
1359 1211 1529 1279 αὐτῆς
1562 1212 1716 1265 οὐδὲν
1747 1213 1984 1282 βελτιοῦ-

413 1298 540 1354 σθαι
575 1301 930 1370 θελήσαντες.
971 1300 1186 1364 Ἀπλῶς
1217 1301 1271 1355 δὲ
1305 1303 1398 1356 ἐπὶ
1431 1304 1490 1356 τὸ
1541 1303 1752 1372 βέλτιον
1792 1308 1886 1360 καὶ
1921 1305 1986 1359 τὰ

411 1389 690 1460 ἑκατέρων
739 1393 767 1445 ὁ
821 1391 954 1454 Θεὸς
1009 1393 1356 1462 διατίθησιν·
1422 1396 1624 1461 ἀγαθὸν
1675 1397 1784 1466 γάρ
1838 1398 1988 1450 ἐστιν

415 1476 661 1547 ἁπλῶςὴ
700 1478 799 1547 τῆς
849 1479 1002 1542 θείας
1055 1481 1406 1549 δικαιοσύνης
1459 1483 1806 1553 ἐκπλήρωσις
1855 1487 1987 1555 περὶ

408 1568 536 1632 τούς
565 1567 748 1633 ἀξίους
770 1572 869 1640 τῆς
901 1571 1051 1634 θείας
1083 1573 1434 1642 ἀποστρορῆς
1479 1575 1571 1628 καὶ
1601 1575 1700 1644 τῆς
1737 1576 1988 1630 ἐντεῦθεν

409 1660 591 1722 αὐτοῖς
647 1662 998 1730 συναντώσης
1049 1662 1244 1730 δίκης,
1299 1663 1402 1718 κᾶν
1465 1665 1539 1733 μή
1593 1668 1987 1739 προηγουμένη

407 1748 562 1802 τοῦτο
593 1749 810 1820 θελήσει
833 1751 959 1823 θέλῃ
984 1753 1134 1817 Θεὸς,
1161 1756 1224 1823 τῇ
1247 1757 1485 1825 πατρικῇ
1516 1773 1572 1807 τε
1598 1759 1987 1827 καὶεύποιητι-

408 1842 478 1908 κῇ
502 1879 516 1892 .
536 1840 677 1892 Ἀλλ’
704 1842 736 1908 ή
769 1843 1002 1910 πονηρία
1024 1844 1130 1894 τῶν
1152 1845 1358 1896 τέκνων
1377 1845 1579 1916 ταύτην
1606 1847 1704 1916 μὲν
1728 1848 1895 1918 ἀργὸν
1927 1852 1988 1903 ἐν

407 1933 592 2010 αὐτοῖς
620 1934 780 1998 ποιεῖ,
820 1933 1043 2003 ἐνεργὸν
1095 1936 1153 1986 δέ
1184 1937 1282 2004 τὴν
1318 1936 1637 2001 δικαστικὴν
1682 1940 1878 2007 ῥάϐδον
1909 1941 1984 2004 ὡς

411 2025 688 2092 πολεμίων
717 2022 872 2090 τάξιν
916 2026 1036 2078 ἀντὶ
1073 2027 1204 2080 υίῶν
1252 2029 1558 2097 εἰλήφασιν.
1609 2030 1684 2084 Ού
1732 2031 1892 2100 μόνον
1928 2033 1984 2085 δέ

407 2117 479 2168 τά
529 2119 659 2186 περὶ
708 2118 809 2188 τῆς
841 2119 986 2187 ζωῆς
1037 2120 1220 2173 αὐτῶν
1273 2120 1621 2176 διατάττεται
1669 2123 1745 2185 ὡς
1790 2124 1854 2194 δὴ
1884 2125 1984 2194 τῆς

411 2207 562 2272 θείας
592 2211 854 2278 προνοίας
889 2211 971 2272 είς
1013 2211 1224 2274 πάντας
1258 2211 1650 2284 διατρεχούσης
1703 2214 1984 2278 εὐτάκτως

410 2296 478 2352 δι’
515 2301 824 2370 ὑπερϐολὴν
851 2301 1209 2371 ἀγαθότητος,
1243 2303 1377 2356 ἀλλὰ
1409 2304 1463 2356 δὲ
1499 2305 1592 2357 καὶ
1623 2305 1692 2358 τὰ
1720 2305 1848 2374 περὶ
1883 2305 1983 2374 τῆς

409 2390 707 2458 τελευτῆς’
741 2393 790 2444 εί
842 2392 950 2462 γὰρ
1000 2393 1137 2461 πρὸς
1202 2393 1293 2446 τὸν
1349 2395 1663 2449 τελευταῖον
1709 2398 1834 2465 ὅρον
1883 2397 2005 2466 οὐκ,

409 2481 559 2534 ἔστιν
591 2482 766 2535 ἐλθεῖν
793 2481 906 2536 οὔτ’
930 2485 1479 2556 ἀποδοκιμασθέντας
1501 2488 1792 2558 ἀποτυχεῖν
1817 2487 1981 2542 αὐτοῦ

408 2573 537 2626 ἄνευ
567 2576 663 2644 τῆς
692 2575 841 2638 θείας
869 2577 1197 2645 διακρίσεως
1226 2579 1369 2630 κατὰ
1392 2579 1492 2646 τὴν
1522 2579 1686 2643 ἀξίαν
1711 2582 1980 2645 ἑκάστων,

409 2661 522 2716 οὐδ’
574 2668 602 2718 δ
658 2667 850 2736 καιρὸς
886 2667 986 2734 τῆς
1033 2667 1284 2721 ἐντεῦθεν
1329 2671 1652 2739 ἀπαλλαγῆς
1681 2673 1850 2740 χωρὶς
1881 2673 1982 2740 τῆς

413 2753 564 2816 θείας
589 2752 888 2818 διατάξεως
917 2755 1120 2807 δύναιτ’
1156 2757 1222 2808 ἂν
1252 2757 1522 2823 γίνεσθαι,
1554 2758 1646 2810 τοῦ
1680 2758 1983 2829 προσεχοῦς

411 2843 539 2910 ὅρου
568 2842 662 2912 τῆς
692 2842 948 2901 ἐντεῦθεν
977 2845 1160 2910 ἐξόδου
1204 2847 1440 2914 συνῳδοῦ
1480 2851 1618 2918 πρὸς
1656 2847 1746 2902 τὸν
1791 2850 1980 2902 τελευ-

409 2937 561 2988 ταῖον
619 2934 926 3002 ὀφείλοντος
977 2931 1118 2992 εἶναι
1174 2938 1270 2990 καὶ
1318 2939 1456 3008 πρὸς
1516 2941 1721 2993 ἐκεῖνον
1767 2942 1982 3005 οίκείως

322 3077 328 3090 η
411 3025 862 3097 συμϐαλλομένου
889 3043 902 3058 ο
935 3028 1017 3081 δεῖ
1063 3029 1173 3099 γὰρ
1204 3033 1270 3101 τῇ
1311 3031 1410 3095 μὲν
1449 3031 1560 3102 ζωῇ
1596 3032 1686 3084 τὸν
1736 3035 1980 3103 προσεχῆ

2088 568 2307 639 ἀργυρᾶ
2333 567 2500 635 σκεύη
2539 567 2631 619 καὶ
2662 568 2839 635 χρυσᾶ
2870 566 2996 627 τοὺς
3028 566 3460 636 ἐκλελεγμένους
3489 569 3676 633 καλεῖ,

2089 659 2371 729 εὔχρηστά
2399 677 2456 711 τε
2491 659 2582 712 καὶ
2616 659 2694 721 είς
2721 659 2830 711 πᾶν
2852 657 3056 725 ἀγαθὸν
3079 659 3240 729 ἔργον
3265 661 3676 728 ἡτοιμασμὲνα,

2087 743 2170 811 οἷς
2206 752 2339 804 πᾶσι
2375 749 2435 802 τὸ
2472 750 2575 819 μὲν
2607 749 2938 802 ἐσκευάσθαι
2987 749 3168 802 θέοθεν
3199 745 3290 820 ῆν,
3331 751 3434 818 ἡδ’
3466 753 3678 818 εὐχρη-

2087 841 2266 912 στίαῆ
2300 844 2569 913 ἀχρηστία
2618 842 2676 907 ἐξ
2711 841 2920 894 ἑαυτῶν
2955 841 3198 909 γέγονεν.
3244 840 3304 894 '0
3354 842 3413 895 δέ
3460 840 3678 908 Κύριος

2085 933 2242 1001 ήμῶν
2270 935 2362 986 καί
2398 932 2580 996 ἄλλοις
2635 933 2733 1001 μὲν
2761 932 3061 985 διαστέλλει
3102 932 3326 994 τούτους
3384 932 3676 998 ὀνόμασιν,

2090 1026 2229 1078 ἀλλά
2260 1026 2355 1078 καὶ
2387 1027 2453 1094 τῇ
2481 1025 2588 1077 τῶν
2621 1024 2913 1096 προϐάτων
2939 1041 2997 1076 τε
3050 1026 3144 1077 καὶ
3171 1025 3400 1096 ἐριφίων
3431 1025 3681 1096 διαφορᾷ

2087 1122 2183 1171 καὶ
2215 1121 2279 1187 τῇ
2316 1118 2466 1188 δεξιᾷ
2497 1135 2556 1170 τε
2582 1119 2677 1171 καὶ
2705 1117 2972 1187 εὐωνύμῳ
3009 1118 3217 1170 στάσει.
3251 1117 3444 1169 Καίτοι
3471 1117 3677 1186 βουλη-

2088 1207 2202 1270 θεὶς
2231 1207 2332 1276 μὲν
2365 1209 2431 1260 ἂν
2466 1207 2674 1270 πάντας
2722 1205 2821 1274 τῆς
2855 1207 3124 1276 βελτίονος
3156 1202 3294 1259 εἶναι
3337 1206 3587 1274 κλήσεως
3614 1223 3675 1258 τε

2090 1300 2184 1352 καὶ
2209 1301 2419 1366 τάξεως
2450 1303 2541 1352 καὶ
2569 1299 2762 1353 τούτου
2798 1299 2962 1370 χάριν
2997 1299 3231 1369 ποιήσας
3261 1300 3356 1351 καὶ
3387 1301 3577 1352 πᾶσαν
3605 1302 3673 1367 τῇ

2096 1387 2257 1455 φύσει
2303 1387 2440 1457 πρὸς
2465 1388 2704 1454 τάγαθὸν
2734 1389 3084 1457 συναρμόσας
3119 1388 3495 1458 παρασκευὴν,
3536 1389 3678 1441 ἀλλὰ

2089 1477 2235 1549 λόγῳ
2269 1479 2364 1530 καὶ
2389 1477 2711 1548 προαιρέσει
2736 1477 2949 1538 τούτοις
2980 1476 3168 1545 ἀνείθη
3201 1471 3348 1542 βιοῦν
3373 1478 3680 1543 οὐδαμόθεν

2093 1571 2457 1645 βιαζομένοις.
2486 1570 2560 1623 Οὐ
2597 1572 2662 1640 τῇ
2708 1569 2827 1638 ίερᾷ
2861 1568 2918 1621 δὲ
2968 1567 3157 1636 Γραφῇ
3193 1567 3377 1636 μόνον,
3407 1565 3548 1618 ἀλλὰ
3585 1567 3682 1618 καὶ

2092 1663 2168 1730 τῷ
2199 1661 2346 1732 λόγῳ
2377 1661 2741 1730 συμϐαίνουσι
2778 1661 2958 1713 ταῦτα
2992 1660 3242 1724 λέγοντες
3281 1659 3376 1710 καὶ
3409 1657 3680 1726 φρονοῦν-

2093 1772 2179 1816 τες
2211 1757 2259 1807 οί
2306 1753 2655 1807 διδάσκαλοι·
2686 1755 2737 1806 εἰ
2793 1752 2904 1823 γὰρ
2954 1755 3050 1806 καὶ
3100 1754 3306 1822 ἀμφοῖν
3341 1751 3677 1820 ἐπαληθεύει

2093 1846 2214 1904 ταῖς
2245 1845 2464 1913 μοίραις
2496 1845 2530 1914 ή
2559 1845 2789 1914 πρόνοια
2819 1843 2913 1897 τοῦ
2945 1843 3084 1896 Θεοῦ
3113 1844 3210 1898 καὶ
3242 1843 3555 1911 πρόγνωσις
3591 1849 3684 1894 καὶ

2091 1937 2119 1990 ὁ
2154 1938 2487 2006 προορισμὸς
2521 1938 2767 2000 ἀπάσαις
2814 1937 3086 2004 ἀνάγκαις
3129 1938 3230 1991 οὐκ
3271 1934 3684 2005 ἐξηπλωμένως

2091 2028 2376 2098 νοούμενα,
2408 2029 2542 2082 ἀλλά
2573 2030 3020 2099 συνεσταλμένως
3066 2031 3161 2082 καὶ
3191 2029 3428 2092 εἰδικῶς,
3471 2029 3682 2081 οἰκειό-

2090 2123 2247 2191 τερόν
2300 2124 2414 2174 ἐστι
2460 2124 2526 2192 τῇ
2565 2122 2836 2191 κρείττονι
2872 2123 3039 2194 μοίρᾳ.
3089 2123 3179 2176 τὸν
3226 2123 3453 2191 ὁρισμὸν
3493 2121 3682 2176 ἐπιλέ-

2093 2213 2307 2280 γεσθαι,
2339 2213 2493 2276 τέλος
2537 2214 2649 2283 γὰρ
2683 2215 2975 2284 ἀνθρώπου
3024 2216 3118 2268 καὶ
3165 2216 3288 2282 ὅρος
3327 2214 3550 2283 ἀληθῶς
3585 2216 3680 2266 καὶ

2096 2305 2299 2374 κυρίως
2325 2307 2357 2376 ἡ
2390 2305 2609 2370 αίὼνιός
2643 2308 2758 2360 ἐστι
2790 2308 2905 2375 ζωὴ
2932 2302 3004 2377 ἧς
3032 2307 3193 2376 χάριν
3226 2307 3474 2374 γέγονεν,
3505 2309 3610 2376 οὐχ
3647 2309 3681 2376 ἡ

2090 2394 2301 2465 ἐνᾷδου
2349 2395 2530 2467 ποινὴ,
2566 2397 2724 2460 τέλος
2781 2398 2880 2464 μὲν
2924 2394 3060 2452 οὖσα
3115 2399 3212 2451 καὶ
3244 2399 3385 2467 αὐτὴ
3440 2402 3513 2468 τῇ
3566 2401 3684 2451 τῶν

2090 2486 2349 2539 τοιούτων
2382 2488 2706 2558 προαιρέσει
2732 2490 2956 2554 οἰκεῖον,
3009 2491 3213 2560 κυρίως
3253 2490 3312 2542 δέ
3355 2489 3444 2542 τοῦ
3480 2489 3682 2552 τέλους

2091 2578 2298 2646 μᾶλλον
2334 2575 2654 2644 ἀπόπτωσις
2689 2580 2785 2633 τοῦ
2839 2581 3078 2649 ἀληθοῦς
3134 2584 3228 2636 καὶ
3283 2585 3540 2650 γνησίου,
3580 2585 3683 2636 καὶ

2087 2672 2175 2726 διά
2231 2673 2392 2727 τοῦτο
2440 2675 2646 2745 κυρίως
2677 2676 2850 2746 ὁρίζει
2905 2677 3002 2740 καὶ
3053 2677 3336 2746 προορίζει
3381 2678 3515 2740 Θεὸς
3545 2678 3683 2740 τοὺς

2090 2763 2223 2834 πρὸς
2247 2764 2335 2815 τὸν
2364 2763 2542 2834 ἀληθῆ
2566 2766 2659 2818 καὶ
2681 2768 2903 2836 γνήσιον
2932 2768 3230 2820 σπεύδοντα
3253 2769 3403 2837 ὅρον.
3427 2767 3686 2836 ὐρίζειν

2087 2855 2142 2908 δὲ
2178 2857 2314 2925 πρὸς
2359 2856 2455 2926 τὴν
2488 2858 2912 2928 κακοδαιμονίαν
2942 2859 3007 2912 οὐ
3051 2858 3268 2926 λέγεται
3297 2863 3420 2920 τοὺς
3459 2858 3685 2926 ταύτης

2088 2948 2294 3013 ἀξίους,
2348 2948 2484 3004 ἀλλὰ
2533 2949 2688 3002 αὐτοὶ
2721 2949 2922 3020 μᾶλλον
2956 2949 3094 3018 πρὸς
3130 2951 3233 3020 τὴν,
3275 2951 3685 3018 ἀντικειμένην

2090 3039 2314 3107 ἀγονται
2345 3043 2445 3108 τῆς
2495 3042 2814 3110 ἀθλιότητος
2863 3041 3038 3105 τάξιν.
3093 3041 3382 3104 Τοιούτους
3413 3042 3458 3092 δ’
3506 3042 3684 3104 ὄντας

411 3117 600 3171 τοῦτον
632 3119 758 3188 ὅρον
792 3119 1176 3187 ἐξομοιοῦσθαι
1212 3123 1331 3191 μετ’
1366 3122 1570 3192 ἀρετῆς
1602 3123 1982 3194 τελειούμενον
2009 3171 2055 3233 c
2091 3129 2599 3200 ἀποδοκιμάζεσθαι
2634 3133 2729 3184 τοῦ
2784 3133 2943 3199 φύσει
2992 3138 3245 3200 κειμένου
3277 3133 3465 3194 τέλους
3518 3135 3681 3185 πᾶσα

411 3211 439 3233 Ε
479 3212 748 3233 ---...-ἵ,ι.-
779 3211 805 3233 Σ
846 3209 972 3233 ,ίμη
998 3229 1011 3233 _
1072 3213 1171 3233 _‘S.M
1217 3213 1270 3233 ..θ
1342 3215 1364 3233 θ
1437 3219 1460 3233 Ψ
1583 3219 1602 3230 τ
1751 3216 1799 3233 ες
1845 3220 1866 3233 υ
1951 3218 1974 3233 n
2102 3225 2112 3233 ι
2173 3223 2184 3233 ι
2362 3224 2403 3233 ηι-
2458 3223 2470 3233 ι
2656 3224 2680 3233 .-
2762 3224 2784 3233 μ
2817 3223 2839 3233 Α
2969 3223 3006 3233 ιι
3173 3223 3183 3233 ι
3289 3224 3300 3233 ι
3419 3224 3443 3233 Α
3479 3226 3495 3233 ι
3590 3224 3605 3233 ι

411 3211 442 3276 ἣ
478 3211 809 3281 πονηρίαςῆ
841 3209 1032 3282 οὐσης,
1071 3213 1173 3265 κᾶν
1212 3213 1287 3283 μὴ
1337 3215 1467 3285 δοκῇ
1515 3219 1631 3278 τοῖς
1681 3216 1914 3281 πολλοῖς,
1946 3218 1976 3289 ἣ

408 3300 504 3352 καὶ
539 3303 673 3355 πᾶσι
706 3305 1086 3374 φανερουμένη
1099 3323 1142 3368 ς,
1168 3306 1244 3375 τῷ
1270 3307 1326 3358 δὲ
1351 3309 1462 3378 ὅρῳ
1488 3309 1664 3378 τούτῳ
1685 3310 1776 3362 τὸν
1809 3312 1979 3380 ἕσχαο

409 3400 501 3443 τον
533 3393 747 3454 οἰκείως
779 3395 1161 3449 ἐπακολουθεῖν
1205 3400 1331 3467 ὅρον
1401 3401 1678 3466 ἐπίτευξιν
1720 3403 1848 3454 ὅντα
1881 3404 1976 3455 τοῦ

407 3480 596 3544 τέλους
628 3482 660 3550 ἢ
693 3484 1008 3549 ἀπότευξιν.
1034 3487 1135 3539 Διά
1169 3489 1343 3542 ταῦτα
1387 3491 1484 3558 μὲν
1529 3491 1619 3544 οὖν
1647 3492 1880 3562 ὡρίσθαι
1920 3512 1979 3547 τε

409 3569 514 3640 ἔξω
562 3575 659 3628 καὶ
700 3577 986 3648 πόρρωθεν
1016 3578 1251 3649 ὡρίσθαι
1308 3584 1376 3636 τὰ
1418 3585 1517 3653 τῆς
1555 3585 1701 3654 ζωῆς
1738 3587 1830 3638 καὶ
1877 3587 1980 3656 τῆς

409 3661 672 3730 τελευτῆς
701 3664 797 3716 καὶ
827 3663 896 3716 τά
933 3666 1051 3734 μετ’
1081 3668 1254 3737 αὐτὴν
1285 3671 1487 3739 ὁμοίως
1516 3672 1626 3724 τῶν
1663 3688 1719 3725 τε
1755 3675 1978 3742 ἀγαθῶν

413 3752 506 3802 καὶ
537 3752 643 3804 τῶν
673 3754 914 3822 φαύλων,
949 3759 998 3807 οἱ
1025 3757 1334 3812 διδάσκαλοι
1356 3760 1627 3830 λέγουσιν,
1662 3765 1982 3834 ἐξηπλωμέ-

409 3856 515 3905 νως
541 3844 714 3896 ταῦτα
741 3846 1008 3910 νοοῦντες.
1083 3849 1313 3918 Ἐξῆσαν
1338 3852 1394 3904 δέ
1419 3869 1546 3905 ποτε
1570 3853 1669 3924 τὴν
1699 3858 1826 3925 περὶ
1855 3859 1978 3920 τοὺς

409 3933 648 4002 ἀγαθούς
676 3953 735 3990 τε
770 3939 864 3991 καὶ
893 3939 1132 4009 φαύλους
1163 3942 1311 3996 θείαν
1343 3943 1584 4009 διάταξιν
1615 3947 1982 4015 είδικωτέροις

406 4027 636 4098 ὀνόμασι
665 4029 901 4100 διαιρεῖν
942 4034 1040 4100 τὴν
1075 4034 1176 4103 μὲν
1212 4036 1342 4106 περὶ
1375 4037 1501 4100 τούς
1532 4038 1768 4104 ἀγαθοὺς
1796 4040 1978 4092 διάτα-

405 4121 489 4185 ξιν
514 4121 610 4175 τοῦ
639 4122 776 4176 Θεοῦ
807 4126 1142 4195 προορισμὸν
1175 4128 1420 4194 καλοῦσι,
1454 4129 1546 4182 καὶ
1589 4130 1804 4201 εἴρηται
1843 4133 1980 4185 ἀπο-

403 4211 776 4284 δοκιμασίανοι
820 4220 912 4270 καὶ
957 4219 1057 4288 τὴν
1109 4220 1237 4290 περὶ
1271 4223 1396 4283 τούς
1433 4223 1673 4290 φαύλους
1716 4227 1811 4276 καὶ
1851 4227 1978 4288 τοὺς

405 4303 868 4374 διατεταγμένους
918 4309 1115 4372 αὐτοὺς
1166 4311 1292 4372 τοὺς
1344 4314 1444 4380 μὲν
1492 4314 1572 4374 είς
1612 4314 1710 4384 τὴν
1759 4315 1979 4369 αἰώνιον

403 4397 851 4464 προωρισμένους
899 4399 1066 4468 ζωὴν,
1104 4400 1230 4461 τοὺς
1264 4399 1320 4452 δέ
1372 4402 1974 4474 ἀποδεδοκιμασμένους

2090 3223 2328 3292 ἀνάγκη.
2362 3223 2578 3286 Ταύτην
2613 3224 2722 3276 τῶν
2757 3223 3098 3278 διδασκάλων
3135 3223 3233 3294 τὴν
3278 3224 3684 3293 ἀκριϐολογίαν

2090 3298 2158 3367 οὐ⁸
2185 3315 2523 3386 συνορῶντες
2549 3318 2680 3370 ἐνιοι
2707 3319 2833 3377 τοὺς
2859 3318 3131 3386 πονηροὺς
3163 3318 3255 3370 καὶ
3288 3317 3554 3379 ἀπίστους
3576 3319 3679 3386 τῆς

2091 3407 2239 3468 θείας
2291 3408 2614 3461 ἐκϐάλλουσι
2663 3409 2921 3476 προνοίας
2959 3411 3050 3460 καὶ
3081 3410 3373 3472 διατάξεως
3407 3410 3486 3471 ὼς
3529 3413 3680 3477 μήτε

2087 3500 2236 3571 ζωῆς
2281 3501 2464 3554 αὐτῶν
2511 3501 2586 3570 τῷ
2618 3501 2736 3569 Θεῷ
2788 3504 2950 3570 μέλον
3005 3504 3144 3572 μήτε
3183 3502 3465 3570 τελευτῆς.
3503 3504 3567 3554 ΟΕ
3615 3503 3679 3555 δὲ

2089 3578 2431 3660 χυδαιότεροι
2485 3595 2576 3646 καὶ
2634 3595 2762 3662 περὶ
2828 3597 3046 3647 πάντων
3099 3592 3406 3663 ἀνθρώπων
3460 3594 3674 3661 ὁμοίως

2088 3678 2231 3730 οὕτω
2263 3679 2554 3747 φρονοῦσιν
2609 3682 2842 3752 ἀόριστά
2873 3699 2931 3735 τε
2969 3685 3062 3737 καὶ
3109 3687 3308 3753 τυχαῖα
3336 3685 3405 3736 τά
3441 3685 3536 3752 τῆς
3567 3687 3675 3735 ἀν-

2093 3771 2371 3845 θρωπίνης
2408 3773 2556 3844 ζωῆς
2587 3793 2646 3827 τε
2693 3778 2787 3831 καὶ
2821 3779 3080 3846 τελευτῆς
3112 3779 3390 3831 ἐθέλουσιν
3421 3774 3585 3843 εἶναι,
3620 3781 3676 3829 οῖ

2088 3881 2152 3932 γε
2186 3864 2366 3934 πολλῷ
2401 3867 2510 3918 τῶν
2559 3869 2842 3938 προτέρων
2875 3871 3090 3939 χείρους
3141 3871 3321 3923 εἰσίνο
3358 3873 3476 3924 ἐπεὶ
3527 3871 3677 3942 πρὸς

2087 3957 2268 4010 πᾶσαν
2325 3959 2423 4026 τὴν
2483 3960 2631 4029 ἱεράν
2663 3963 2889 4032 Γραφὴν
2921 3964 3189 4029 κωφεύειν
3222 3965 3367 4018 τοῦτ’
3420 3968 3541 4017 ἐστὶ
3573 3972 3676 4018 καὶ

2088 4047 2198 4100 τῶν
2237 4048 2334 4116 τῆς
2392 4049 2676 4114 εὐσεϐείας
2739 4054 3051 4122 ἀποχωρεῖν
3096 4055 3259 4122 ὅρων,
3315 4055 3391 4118 ῶς
3440 4073 3612 4126 νςησιν
3643 4059 3676 4107 ὁ

2091 4141 2263 4208 μέγας
2297 4141 2611 4206 Βασίλειοςο
2663 4147 2690 4197 ό
2748 4145 2858 4215 γὰρ
2913 4146 3091 4210 ἔνθεος
3144 4147 3379 4211 Παῦλος,
3434 4148 3496 4200 τὸ
3562 4149 3672 4201 τοῦ

2089 4230 2326 4300 Χριστοῦ
2361 4235 2561 4300 στόμα,
2591 4253 2607 4285 ι
2644 4235 2891 4300 Πάντων,
2922 4241 3077 4307 φησὶ,
3099 4238 3206 4291 τῶν
3229 4239 3538 4308 ἀνθρώπων
3561 4257 3674 4291 σω-

2087 4324 2191 4392 τήρ
2228 4324 2376 4377 ἐστιν
2408 4326 2436 4376 ό
2466 4325 2618 4388 Θεὸς,
2656 4327 2891 4396 μάλιστα
2916 4328 2971 4380 δὲ
3002 4330 3229 4395 πιστῶν,
3259 4348 3277 4381 ι
3312 4330 3373 4382 οὐ
3403 4332 3535 4400 περὶ
3567 4333 3672 4400 τῆς

2089 4414 2388 4486 μελλούσης
2439 4418 2716 4487 σωτηρίας
2760 4437 2816 4472 τε
2875 4422 2967 4473 καὶ
3003 4421 3151 4490 ζωῆς
3195 4424 3410 4475 αἰωνίου
3463 4423 3670 4490 λέγων,

401 4483 499 4536 ἀπ’
528 4485 702 4555 αὑτῆς
731 4487 949 4552 λέγουσι
976 4493 1041 4561 τῇ
1075 4491 1193 4559 ἱερᾷ
1224 4493 1414 4562 Γραφῇ
1452 4498 1547 4546 καὶ
1585 4494 1705 4547 λίαν
1741 4498 1974 4566 συμϐαί-
2011 4517 2048 4568 υ
2080 4506 2252 4566 οὐδεὶς
2307 4512 2410 4578 γὰρ
2469 4509 2576 4561 τῶν
2633 4511 2882 4563 ἀπίστων
2919 4513 3139 4580 ἐκείνης
3197 4514 3474 4578 τεύξεται,
3524 4516 3668 4568 ἀλλά

400 4591 579 4637 νοντες
601 4591 614 4606 '
650 4581 676 4629 ὁ
706 4579 815 4649 γὰρ
847 4580 1024 4644 ἔνθεος
1051 4583 1258 4645 Παῦλος
1287 4587 1411 4654 περὶ
1443 4585 1542 4653 μὲν
1577 4587 1674 4656 τῆς
1706 4587 1975 4661 βελτίονος

406 4666 603 4733 μοίρας
651 4667 936 4734 ἐξελέξατο
983 4674 1160 4741 ἡμᾶς’
1220 4693 1237 4724 ι
1286 4675 1346 4728 '0
1394 4677 1499 4744 γάρ
1551 4679 1607 4729 ἐν
1645 4677 1821 4748 ἑαυτῷ
1871 4681 1977 4748 πρὸ

403 4759 706 4829 καταϐολῆς
753 4763 1027 4828 κόσμου,,›
1073 4765 1236 4834 φησὶν
1285 4767 1340 4819 ἐν
1374 4771 1438 4838 τῇ
1489 4770 1625 4838 πρὸς
1668 4771 1974 4840 Ἐφεσίους,

404 4869 423 4901 ι
454 4853 745 4921 προορίσας
780 4855 926 4924 ἡμᾶς
960 4859 1040 4918 εἰς
1065 4857 1355 4912 υἱοθεσίαν*
1386 4879 1405 4912 ι
1437 4861 1528 4912 καὶ
1554 4861 1625 4914 αῦ
1657 4864 1714 4914 ἐν
1743 4867 1807 4934 τῇ
1838 4866 1976 4934 πρὸς

408 4940 735 5014 Ῥωμαίους,
771 4965 789 4998 ι
839 4947 945 5011 Οὓς
987 4949 1236 5018 προέγνω
1286 4953 1382 5007 καὶ
1437 4955 1716 5021 προῶρισε
1767 4962 1974 5026 συμφό-

401 5052 550 5104 ρους,
589 5055 609 5088 ι
654 5040 749 5091 καὶ
781 5038 847 5091 τὰ
879 5037 1028 5109 ἑξῆς,
1070 5061 1088 5092 ‹
1128 5043 1349 5105 τούτους
1383 5047 1476 5097 καὶ
1505 5046 1742 5110 ἐδόξασε.
1785 5067 1804 5100 ι
1839 5049 1975 5118 Περὶ

397 5126 455 5178 δὲ
490 5127 592 5197 τῆς
626 5131 868 5199 χείρονος
923 5133 1134 5201 μοίρας,
1177 5135 1265 5187 διὰ
1300 5136 1360 5187 τὸ
1417 5138 1744 5208 βουληθῆναι
1799 5141 1972 5209 αὐτὴν

312 5230 320 5240 '
399 5219 568 5286 χείρω
589 5222 866 5289 γενέσθαι,
896 5225 954 5276 ἐν
981 5229 1046 5295 τῇ
1082 5228 1214 5297 πρὸς
1251 5230 1556 5297 Ῥωμαίους
1587 5230 1728 5285 οὕτω
1763 5236 1931 5302 φησίν
1955 5251 1966 5263 ·

405 5323 422 5358 ι
464 5310 525 5364 El
555 5311 611 5364 δὲ
647 5313 818 5366 θέλων
867 5317 895 5366 ὁ
946 5315 1078 5380 Θεὸς
1122 5319 1457 5383 ἐνδείξασθαι
1507 5323 1603 5392 τὴν
1651 5323 1823 5393 ὀργὴν
1878 5326 1970 5378 καὶ

397 5404 666 5474 γνωρίσαι
719 5406 819 5474 τὴν
853 5407 1084 5479 δύναμιν
1137 5411 1338 5477 αὐτοῦ,
1399 5414 1632 5483 ἤνεγκεν
1685 5416 1743 5466 ἐν
1799 5416 1968 5488 πολλῇ

405 5496 762 5569 μακροθυμίᾳ
816 5503 985 5570 σκεύη
1025 5503 1195 5571 ὀργῆς
1244 5507 1658 5575 κατηρτισμένα
1710 5508 1788 5570 είς
1824 5509 1971 5561 ἀπώ-

400 5579 570 5650 λειαν,
610 5607 630 5641 ι
671 5591 765 5643 καὶ
796 5593 862 5643 τά
908 5590 1032 5661 ἐξῆς
1053 5610 1066 5625 ·
1100 5597 1225 5657 τοὺς
1255 5596 1300 5648 δ’
1326 5597 1520 5660 αὐτοὺς
1565 5598 1786 5662 τούτους
1813 5603 1869 5652 ἐν
1900 5604 1965 5672 τῇ

401 5679 533 5740 ’πρὸς
580 5682 862 5750 Ἐφεσίους
927 5686 1473 5758 ἁπηλλοτριι,ι›μένους
1534 5693 1629 5761 τῆς
1690 5692 1783 5745 τοῦ
1834 5694 1966 5746 Θεοῦ

398 5766 543 5840 ζωῆς
576 5774 728 5825 καλεῖ
753 5780 843 5830 καὶ
872 5781 932 5846 τῇ
963 5779 1158 5849 καρδίᾳ
1190 5797 1330 5832 π;τό
1355 5786 1500 5853 (ξομε
1520 5800 1649 5848 ινυς,

2084 4599 2212 4667 περὶ
2246 4599 2342 4668 τῆς
2379 4601 2437 4653 ἐν
2480 4604 2543 4670 τῇ
2599 4601 2713 4673 ζωῇ
2747 4603 2920 4676 ταύτῃ
2976 4606 3235 4675 προνοίας
3281 4609 3568 4676 ἑπομένως
3605 4610 3667 4662 δὲ

2081 4692 2174 4742 καὶ
2220 4691 2296 4762 τῷ
2329 4692 2429 4761 τῆς
2475 4692 2621 4762 ζωῆς
2671 4695 2845 4747 τέλει’
2902 4697 3099 4750 ταυτὸν
3132 4699 3236 4766 γάρ
3274 4701 3390 4750 ἐστι
3439 4701 3541 4770 τῆς
3601 4719 3664 4754 τε

2081 4783 2225 4852 ζωῆς
2260 4787 2354 4838 καὶ
2383 4786 2476 4838 τοῦ
2517 4787 2705 4848 τέλους
2737 4788 2910 4856 αὐτῆς
2941 4793 3211 4858 προνοεῖν,
3241 4791 3271 4860 ἢ
3304 4793 3589 4860 πατρικῶς
3625 4796 3659 4865 ἢ

2078 4871 2408 4936 δικαστικῶς
2434 4876 2494 4927 τὸ
2527 4881 2656 4946 περὶ
2700 4879 2961 4942 ἑκάστους
2992 4880 3110 4932 δέον
3153 4882 3184 4951 ἦ
3229 4885 3508 4949 συμφέρον
3542 4887 3662 4952 ὁρι-

2078 4965 2310 5031 ζομένης
2333 4966 2429 5034 τῆς
2457 4969 2632 5021 πάντα
2658 4971 2898 5039 ἀγούσης
2929 4974 3120 5040 σοφίας
3143 4992 3201 5026 τε
3223 4976 3316 5027 καὶ
3345 4975 3656 5044 δυνάμεως.

2077 5054 2152 5105 Οὐ
2180 5055 2359 5107 τοίνυν
2391 5056 2695 5126 ἐξαιρεῖται
2732 5061 2832 5128 τῆς
2879 5061 3030 5122 θείας
3065 5066 3189 5130 περὶ
3235 5065 3329 5116 τὸν
3374 5066 3661 5133 ἀνθρώπι-

2076 5163 2164 5197 νον
2201 5147 2314 5215 βίον
2359 5150 2668 5219 οἰκονομίας
2712 5153 2839 5214 τοὺς
2874 5156 3132 5218 ἀπίστους
3184 5158 3210 5209 ὁ
3270 5157 3500 5222 Παῦλος,
3546 5160 3662 5213 οὐδ’

2075 5237 2154 5291 ἔτι
2195 5241 2394 5308 μᾶλλον
2444 5243 2569 5304 τούς
2615 5245 2908 5314 πονηροὺς,
2958 5249 3004 5298 εί
3043 5249 3134 5300 καὶ
3180 5251 3379 5318 μᾶλλον
3426 5252 3660 5322 σωτῆρα

2072 5330 2180 5384 τῶν
2216 5331 2425 5386 πιστῶν
2477 5329 2618 5386 εἶναι
2668 5335 2872 5407 τίθησι.
2929 5339 3123 5392 Καίτοι
3213 5343 3309 5395 καὶ
3358 5357 3496 5413 προς
3550 5347 3654 5413 τὴν

2077 5422 2378 5490 μέλλουσαν
2431 5424 2776 5492 εὐδαιμονίαν
2829 5429 2891 5482 τό
2939 5449 3001 5499 γε
3035 5433 3126 5483 ἐπ’
3171 5432 3318 5502 αὐτῴ
3368 5437 3461 5487 καὶ
3521 5439 3653 5498 τοὺς

2076 5512 2336 5576 ἀπίστους
2369 5515 2528 5578 σώζει
2558 5516 2711 5582 Θεὸς,
2742 5518 2818 5582 ῶς
2845 5522 3014 5590 μηδὲν
3044 5523 3143 5590 τῆς
3173 5524 3254 5584 είς
3284 5524 3440 5576 τοῦτο
3469 5543 3656 5594 παρα-

2076 5605 2276 5675 σκευῆς
2335 5608 2517 5672 αὐτοῖς
2557 5610 2774 5678 ὐφιείς·
2835 5613 2971 5666 ἀλλά
3027 5615 3190 5679 σώζει
3247 5616 3448 5683 μᾶλλον
3499 5619 3652 5689 ἔργῳ

2072 5701 2195 5759 τοὺς
2250 5701 2350 5770 τὴν
2397 5711 2750 5773 παρασκευήν
2799 5709 3121 5777 δεχομένους
3178 5713 3269 5763 καὶ
3327 5713 3653 5781 χρωμένους

2075 5791 2211 5843 πάνυ
2248 5796 2443 5857 καλῶς.
2486 5796 2643 5850 Οὕτω
2678 5801 2770 5852 καὶ
2815 5804 3018 5867 πάντας
3055 5808 3271 5872 ἀγαπᾷν
3303 5808 3521 5874 λέγεται
3555 5825 3650 5860 πο·
