3984 6202
393 307 528 370 111'.

1381 318 1482 378 DE
1524 320 2290 394 PB/EDESTINATIONE
2333 336 2566 398 LIBER
2603 339 2698 400 IV.

3517 353 3649 418 13.46

387 420 583 530 νηρούς
619 421 811 530 rixa}.
847 423 1088 530 ἀγαθρύς
1124 426 1182 479 ἕν
1212 445 1274 526 γε
1314 431 1426 530 τοῖς
1465 434 1604 530 πρὸς
1652 435 1750 530 τὴν
1782 439 1973 509 χρείαν
2004 448 2044 502 Α
2077 465 2162 515 ροι
2197 451 2337 504 κατά
2377 453 2477 523 τὴν
2523 453 2635 507 τῶν
2669 456 2850 512 τόπων
2897 459 3180 530 διαφοράν.
3234 467 3334 520 Ἐκ
3364 467 3418 521 δὲ
3451 470 3560 522 τῶν
3593 474 3649 527 ὲν

387 515 482 578 τῆς
517 515 751 569 ἐνταῦθα
783 516 928 584 ζωῆς
983 520 1285 590 ἀνήκουσιν
1333 525 1395 577 οὐ
1455 528 1617 596 μόνον
1655 529 1869 600 βρέχων
1904 551 1964 585 τε

387 603 552 654 πᾶσιν
577 605 777 672 ὁμοίιος
800 606 894 658 καὶ
924 607 1016 660 τὸν
1046 609 1198 678 ἥλιον
1234 612 1439 680 φαίνων
1472 617 1566 684 καὶ
1599 619 1778 673 πάντα
1808 621 1870 692 δὴ
1898 625 1965 678 τὰ

386 695 612 749 τοιαῦτα
629 697 818 759 ποιῶν,
839 700 976 754 ἀλλά
999 705 1090 754 καί
1115 704 1374 758 κινδύνων
1398 712 1690 778 προφανῶν
1713 704 1964 784 ἐξαιρού-

389 803 566 854 μενος,
582 789 702 842 οὐδὲ
727 792 966 857 πιστοὺς,
995 797 1157 862 μόνον
1176 797 1313 850 ἀλλά
1330 801 1423 851 καί
1444 801 1706 867 ἀπίστους
1723 807 1825 859 ὐπὸ
1845 807 1960 876 φλ.

385 879 724 948 ανθρωπίας,
753 885 846 934 καὶ
871 885 1074 952 μᾶλλον
1097 888 1144 939 εἰ
1174 888 1399 952 δικαίως
1434 891 1599 960 βιοῖεν
1618 910 1631 924 ·
1670 895 1794 961 δόξα
1830 899 1958 968 γὰρ,

383 975 538 1038 φησί,
565 973 736 1026 ταῦτα
759 975 1002 1040 δηλονότι
1041 980 1132 1030 καὶ
1162 980 1446 1045 δικαίωσις
1478 987 1536 1036 ἐκ
1572 985 1708 1038 Θεοῦ
1739 987 1816 1056 τῷ
1867 988 1963 1058 ἐρ-

384 1062 674 1135 γαζομένῳ
696 1065 758 1118 τὸ
779 1067 1008 1134 ἁγαθδν,
1057 1070 1292 1139 μάλιστα
1329 1074 1427 1144 μὲν
1460 1077 1700 1149 Ἰουδαίῳ
1730 1078 1807 1148 τῷ
1832 1099 1896 1132 πε
1907 1082 1960 1150 ρὶ

383 1155 474 1207 τον
503 1157 600 1210 ’ἐνα
629 1158 764 1210 Θεὸν
795 1159 1134 1226 εὐσεϐοῦντι,
1163 1159 1282 1218 εἶτα
1326 1167 1424 1219 καί⁵
1462 1168 1685 1240 Ἕλληνι
1717 1172 1794 1242 τῷ
1829 1176 1959 1243 περὶ

381 1248 448 1298 τὰ
483 1249 603 1302 θεῖα
637 1251 1046 1324 πεπλανημένῳ
1071 1271 1084 1285 ·
1117 1253 1217 1318 τῆς
1255 1257 1354 1321 μὲν
1402 1262 1510 1329 γὰρ
1560 1262 1818 1328 ἀπιστίας
1843 1266 1960 1318 ἐκεῖ

380 1341 472 1392 τὸν
503 1343 602 1394 οὐκ
638 1343 838 1414 εὐτυχῆ
869 1345 1083 1414 καρπὸν
1125 1347 1384 1417 λήψεται,
1416 1351 1514 1419 τῆς
1545 1352 1589 1405 δ’
1627 1354 1792 1423 ἄλλης
1826 1357 1959 1422 ἀγα-

382 1434 639 1503 θοεργίας
691 1438 791 1490 οὐκ
841 1439 1072 1506 ἄμισθος
1140 1441 1376 1494 ἐνταῦθα
1431 1445 1952 1518 καταλειφθήσεται.

380 1525 599 1580 Μᾶλλον
631 1527 686 1579 δὲ
720 1529 848 1590 τούς
899 1531 1140 1594 ἀγαθοὺς
1191 1534 1416 1605 ἀγαπᾷν
1460 1535 1681 1602 λέγεται
1721 1541 1786 1608 τῇ
1821 1539 1955 1608 πρὸς

379 1619 480 1686 τὴν
528 1618 702 1688 ἀληθῆ
759 1639 818 1674 τε
873 1626 967 1676 καὶ
1008 1625 1312 1695 μέλλουσαν
1358 1627 1504 1697 ζωὴν
1543 1629 1846 1698 ἀποδλέψει
1881 1631 1956 1692 ὼς

380 1711 517 1779 πρὸς
560 1712 732 1782 αὐτὴν
774 1715 955 1781 μόνοις
991 1719 1273 1787 συνεργῶν
1314 1721 1430 1780 τοῖς
1473 1720 1714 1787 πρώτοις
1759 1721 1952 1789 ἐπιμε-

380 1802 609 1872 ληθῆναι
648 1807 962 1876 ἠγαπηκόσι
990 1813 1336 1881 συνεργήσας
1387 1812 1452 1865 ἂν
1490 1814 1586 1866 καὶ
1621 1814 1787 1865 πᾶσιν
1816 1811 1952 1880 είγε
1991 1802 2029 1859 Β

381 1899 684 1966 ἐϐούλοντο,
716 1901 916 1971 μᾶλλον
965 1901 1021 1954 δὲ
1056 1907 1148 1968 καὶ
1200 1904 1544 1972 συνεργήσας
1580 1904 1796 1966 οἰκείως
1850 1904 1955 1965 ἕως

384 1993 589 2059 ἔδειξαν
633 1995 691 2047 οὐ
740 1995 1039 2066 χρῄζοντες
1091 1995 1500 2063 συνεργεῖσθαι.
1533 1995 1636 2058 Τὰς
1692 1996 1738 2048 δ’
1789 1995 1955 2058 ἄλλας

307 2075 311 2079 ’
380 2086 479 2153 τῆς
532 2087 685 2155 ἱερᾶς
736 2087 966 2158 Γραρῆς
1014 2087 1321 2152 ἀποφάσεις
1377 2087 1650 2154 περὶτῶν
1680 2089 1778 2156 τῆς
1812 2085 1956 2154 ζωῆς

381 2178 523 2247 ὅρων
553 2178 608 2230 έν
637 2195 696 2230 τε
727 2182 838 2242 τοῖς
869 2179 1094 2247 ἀγαθοῖς
1147 2180 1242 2231 καὶ
1276 2180 1387 2242 τοῖς
1427 2178 1654 2248 φαύλοις
1701 2181 1793 2231 καὶ
1841 2181 1954 2242 τοῖς

381 2272 461 2332 εἰς
490 2270 587 2340 τὴν
627 2269 846 2323 αἰώνιον
882 2271 1320 2341 προωρισμένοις
1351 2271 1496 2341 ζωὴν
1519 2273 1611 2323 καὶ
1644 2274 1756 2332 τοῖς
1779 2271 1953 2338 αὐτῆς

379 2363 997 2434 ἀποδεδοκιμασμένοις,
1033 2364 1124 2415 καὶ
1155 2363 1227 2425 ὡς
1263 2363 1514 2432 ἑκάτεροι
1539 2361 1674 2416 Θεοῦ
1712 2365 1953 2431 προστά-

383 2455 458 2518 ξει
495 2455 586 2507 καὶ
615 2455 750 2519 ζῶσι
786 2457 878 2508 καὶ
929 2455 1255 2524 θνήσκουσιν
1289 2456 1346 2508 ἐν
1389 2459 1500 2517 τοῖς
1545 2457 1834 2526 προτέροις
1864 2457 1954 2509 λό-

379 2564 496 2612 γοις
529 2548 648 2617 ὂψει
678 2548 1163 2618 συνηθροισμένας.
1201 2547 1470 2602 Ἐνταῦθα
1502 2550 1559 2602 δὲ
1594 2552 1723 2618 ἡμῖν
1747 2552 1774 2603 6
1809 2553 1952 2614 θεῖος

379 2638 591 2702 Παῦλος
618 2642 804 2709 ἀρκεῖ.
841 2639 949 2691 Καὶ
993 2642 1119 2708 περὶ
1153 2641 1252 2709 μὲν
1295 2640 1393 2692 τοῦ
1423 2640 1570 2694 θείου
1612 2641 1950 2711 προορισμοῦ

378 2729 632 2782 τοσοῦτον
666 2732 724 2782 ὲν
756 2729 835 2799 τῷ
869 2731 1097 2800 παρόντι
1129 2729 1235 2783 τῶν
1264 2731 1438 2785 ἄλλων
1467 2748 1549 2783 σοι
1585 2733 1762 2800 λόγων
1803 2733 1953 2800 ἐχόν-

378 2837 488 2872 των
521 2822 696 2874 πάντα
725 2822 920 2892 δηλοῦν
968 2823 1003 2876 ἀ
1042 2825 1105 2892 τῇ
1151 2822 1278 2892 περὶ
1307 2822 1499 2876 τούτου
1555 2824 1744 2892 σκέψει
1779 2842 1949 2893 προσ-

377 2911 501 2980 ήκει
527 2928 540 2942 ·
578 2912 707 2965 ἄλλο
751 2913 803 2964 δέ
835 2929 888 2964 τι
937 2912 1032 2980 σῆς
1064 2913 1277 2976 εὐνοίας
1328 2915 1490 2982 χάριν
1522 2914 1893 2984 προστίθεμεν
1923 2916 1951 2968 ὃ

375 3005 470 3054 καὶ
499 3004 672 3071 πέρας
719 3005 876 3057 ἔσται
918 3006 1012 3056 τοῦ
1047 3006 1226 3071 λόγου.
1263 3007 1367 3058 Τὸν
1401 3008 1732 3075 φαινόμενον
1758 3009 1950 3061 τοῦτον

378 3093 519 3162 ὑπὲρ
547 3094 651 3162 γῆν
687 3094 891 3160 κόσμον
932 3095 1036 3147 ὐπὸ
1085 3097 1249 3164 νόμον
1279 3097 1402 3149 τινὰ
1434 3098 1740 3167 πεποίηκεν
1766 3101 1792 3150 ὁ
1819 3098 1952 3162 Θεὸς

377 3182 672 3253 πολυσχιδῆ
729 3184 821 3235 καὶ
881 3185 1076 3252 σοφίας
1126 3188 1328 3252 πολλῆς
1379 3188 1645 3254 γέμοντα,
1695 3189 1770 3250 ὼς
1818 3188 1946 3258 ἂνή

373 3273 633 3344 διάφορος
683 3276 789 3326 καὶ.
825 3275 1048 3346 ποικίλη
1080 3277 1188 3329 τῶν
1226 3278 1282 3328 ἐν
1316 3277 1463 3346 αὐτῷ
1512 3279 1698 3348 μερῶν
1733 3278 1948 3346 κίνησις

372 3369 465 3419 καὶ
495 3367 778 3429 διάστασίς
804 3386 862 3421 τε
900 3368 992 3421 καὶ
1025 3371 1326 3439 συνδρομὴ,
1358 3369 1687 3422 δουλεύουσα
1720 3370 1795 3438 τῷ
1822 3370 1951 3438 θείῳ

373 3460 662 3530 θελήματι,
688 3460 823 3529 πρδς
840 3462 937 3529 τὴν
969 3461 1076 3512 τῶν
1096 3462 1338 3528 γενητῶν
1358 3464 1451 3514 καὶ
1469 3463 1724 3530 φθαρτῶν
1739 3462 1946 3516 τούτων

373 3552 608 3620 ’ύπαρξιν
626 3553 720 3604 καὶ
736 3552 1007 3624 διαδοχὴν,
1033 3551 1068 3604 ἀ.
1086 3554 1264 3604 πάντα
1297 3553 1458 3622 χάριν
1484 3553 1644 3622 ήμῶν
1678 3555 1807 3619 εἰσι,
1837 3557 1947 3606 τῶν

374 3645 679 3713 ἀνθρώπων
723 3644 818 3697 καὶ
866 3644 1140 3716 διαφόρων
1172 3647 1642 3715 ἀποτελεσμάτων
1674 3648 1824 3698 αἰτία
1860 3648 1946 3713 γί-

371 3753 550 3804 νηται,
585 3739 683 3789 οὐκ
708 3737 927 3789 εἰδότων
961 3738 1060 3806 μὲν
1090 3741 1268 3790 αὐτῶν
1301 3739 1410 3789 τῶν
1460 3742 1550 3791 τοῦ
1609 3741 1812 3808 κόσμου
1851 3757 1946 3808 με-

376 3831 486 3901 ρῶν
534 3830 571 3884 ἃ.
614 3830 854 3894 ποιοῦσι,
898 3832 1017 3892 ταῖς
1049 3830 1107 3882 δὲ
1143 3830 1479 3892 ἐντεθείσαις
1521 3831 1706 3892 αὐτοῖς
1761 3831 1948 3883 θεόθεν

372 3923 773 3992 ὲπιτηδειότησι
803 3921 942 3990 πρὸς
991 3921 1051 3972 το
1101 3919 1327 3973 τοιαῦτα
1359 3922 1536 3973 ποιεῖν
1585 3921 1856 3984 ἀκουσίως
1889 3940 1946 3974 τε

374 4011 482 4076 καί
502 4012 745 4078 φυσικῶς
774 4011 1156 4066 δουλευόντων.
1197 4010 1362 4064 Ὅθεν
1391 4013 1506 4073 ταῖς
1535 4010 1815 4079 διαφόροις
1849 4012 1949 4078 μὲν

372 4099 576 4165 αὐτῶν,
609 4102 893 4164 εὐτάκτοις
938 4102 993 4155 δὲ
1027 4103 1310 4171 κινήσεσιν
1348 4102 1748 4171 ἐπιστήσαντες
1791 4103 1947 4164 ἔνιοι,

374 4190 494 4248 εἶτα
525 4195 636 4258 τοῖς
677 4194 956 4263 διαφόροις
990 4195 1173 4247 αὐτῶν
1223 4193 1667 4264 ἀποτελέσμασιν
1728 4197 1785 4246 ὲν
1834 4197 1949 4257 τοῖς

373 4285 629 4339 ὑποκάτω
660 4285 870 4349 τούτοις
898 4287 1012 4348 τοῖς
1041 4289 1292 4354 γενητοῖς
1320 4286 1520 4355 τέχνην
1563 4287 1666 4355 μὲν
1697 4286 1947 4338 ἐντεῦθεν

374 4377 777 4445 συνεστήσαντο
812 4377 953 4430 πάνυ
1011 4376 1271 4439 συνετῶς,
1301 4377 1366 4428 τά
1416 4376 1644 4429 τοιαῦτα
1681 4375 1948 4446 ζητοῦσαν

373 4471 467 4523 καί
499 4468 830 4531 σκοποῦσαν,
867 4470 1145 4531 ἀσυνέτως
1182 4470 1236 4522 δὲ
1268 4468 1529 4537 θεότητας
1581 4471 1694 4531 τοῖς
1722 4471 1818 4522 τοῦ
1852 4471 1944 4522 κό-

374 4577 513 4630 σμου
553 4562 744 4630 μέρεσι
773 4560 985 4622 τούτοις
1025 4561 1334 4627 ἀπένειμαν
1377 4561 1477 4629 τὴν
1510 4562 1817 4632 ὀργανικὴν
1845 4564 1942 4615 αὐ-

371 4654 477 4705 τῶν
509 4652 814 4720 ὑπουργίαν
848 4640 1172 4719 ἐπιστασίαν
1227 4654 1632 4722 δημιουργικὴν
1667 4655 1761 4708 καὶ
1792 4656 1945 4709 θείαν

369 4746 713 4810 δοξάσαντες.
760 4745 992 4814 Ὁμοίως
1024 4746 1118 4798 καὶ
1167 4747 1236 4798 τὰ
1266 4747 1471 4815 γενητὰ
1502 4745 1675 4801 ταῦτά
1715 4765 1772 4799 τε
1808 4750 1945 4818 πρὸς

368 4841 434 4909 τῇ
468 4840 538 4908 γῇ
575 4839 762 4905 νόμοις
836 4837 985 4898 ἰδίοις
1016 4836 1429 4905 ἀνεπαισθήτως
1477 4838 1820 4911 δουλεύουσιν
1850 4857 1948 4906 φυ-

369 4932 540 4993 σικῶς
572 4931 755 4991 αὐτοῖς
788 4928 1086 4982 ἐντεθεῖσιν
1121 4929 1225 4980 ὐπὸ
1261 4929 1415 4994 Θεοῦ,
1467 4931 1559 4983 καὶ
1611 4933 1642 4998 ἡ
1695 4932 1802 4982 τὼν
1851 4933 1945 4984 ἀν·

369 5023 606 5093 Ορώπων
639 5020 903 5078 ὡσαύτως
937 5019 1051 5090 ζωὴ
1101 5019 1364 5082 τοιούτοις
1417 5021 1567 5084 ἰδίοις
1603 5022 1798 5088 ἄγεται
1859 5022 1943 5073 νό-

373 5132 514 5184 μοις.
545 5114 686 5175 Τοὺς
716 5111 991 5173 τοιούτους
1039 5112 1218 5165 τοίνυν
1270 5114 1327 5164 ὲν
1360 5114 1494 5166 πᾶσι
1530 5115 1644 5174 τοῖς
1677 5114 1943 5184 κτίσμασι

368 5207 463 5260 τοῦ
495 5206 629 5260 Θεοῦ
659 5206 859 5275 νόμους
898 5205 1161 5270 φυσικοὺς
1189 5205 1408 5273 νόμους,
1447 5204 1520 5268 ὡς
1556 5201 1944 5272 ἐγκτισθέντας

369 5300 473 5352 ὐπδ
503 5298 638 5352 Θεοῦ
685 5299 752 5370 τῇ
805 5300 914 5350 τῶν
970 5297 1312 5367 πραγμάτων
1355 5297 1540 5366 φύσει,
1583 5298 1843 5349 καλοῦσιν
1893 5299 1942 5350 οἰ

368 5394 498 5461 περί
529 5389 703 5444 ταῦτα
737 5388 920 5442 δεινοί.
966 5390 1060 5441 Ἐκ
1105 5389 1202 5459 μὲν
1236 5389 1300 5457 δὴ
1357 5390 1464 5441 τῶν
1495 5391 1553 5440 ὲν
1588 5392 1700 5450 τοῖς
1743 5388 1942 5460 ὑψηλο-

367 5482 546 5550 τέροις
572 5480 753 5549 νόμων
783 5479 980 5550 ὄμϐροι
1017 5482 1110 5532 καὶ
1136 5480 1456 5550 ἀνομϐρίαι,
1490 5480 1637 5549 ψύχη
1677 5481 1771 5532 καὶ
1812 5481 1942 5532 καύ-

371 5591 515 5643 ματα
561 5575 619 5640 ἑξ
662 5567 736 5628 ὧν
778 5573 930 5637 αὐθις
962 5575 1200 5641 ὑγιειναί
1244 5576 1608 5634 καταστάσεις
1647 5576 1739 5626 καὶ
1773 5573 1942 5626 νοσώ-

370 5685 486 5730 σεις
517 5666 824 5738 ἀνθρώποις
860 5685 917 5721 τε
955 5669 1044 5721 καὶ
1072 5671 1182 5730 τοῖς
1220 5669 1398 5731 ἄλλοις
1428 5668 1589 5731 ζώοις
1624 5667 1939 5735 συμϐαίνει,

371 5764 464 5815 καὶ
491 5763 720 5832 καρπῶν
746 5762 995 5832 εὐφορίαι
1030 5764 1120 5816 καὶ
1155 5763 1400 5834 ἀφορίαι,
1430 5765 1522 5816 καὶ
1568 5756 1725 5815 αὗται
1755 5762 1938 5829 διαιρο-

2074 542 2186 601 τοῖς
2219 546 2465 610 γενητοῖς
2483 546 2695 610 τούτοις
2723 549 2904 619 νόμων
2930 553 2965 606 δι
3001 554 3109 606 τῶν
3152 556 3456 626 ἀνθρώπων
3487 563 3650 630 χάριν

2073 632 2315 700 γίνονται
2343 637 2439 689 καί
2469 640 2607 692 εἰσιν
2652 641 2708 693 αἰ
2738 642 2991 712 διάφοροι
3022 647 3133 699 τῶν
3174 649 3480 718 ἀνθρώπων
3513 655 3648 721 πρὸς

2069 726 2132 777 τὸ
2168 726 2266 796 ζῇν
2315 730 2934 802 χρεῖαιπληροῦνται·
2986 736 3251 800 ὡσαύτως
3307 741 3372 792 ὲκ
3428 743 3540 794 τῶν
3591 745 3650 794 ὲν

2069 819 2378 888 ἀνθρώποις
2415 823 2660 889 φυσικῶν
2693 824 2874 894 νόμων
2904 827 2935 893 ἡ
2964 827 3074 881 τῶν
3095 830 3403 901 ἀνθρώπων
3433 832 3646 886 διοικεῖ-

2068 928 2158 963 ται
2193 912 2305 979 ζωή
2331 928 2346 943 ·
2373 913 2495 966 οὐδὲ
2535 915 2854 969 συνίσταται
2902 919 3085 986 μόνον,
3131 921 3269 975 ἀλλὰ
3303 923 3396 978 καὶ
3429 924 3648 996 φθείρει

2067 1021 2180 1060 ται.
2228 1004 2660 1075 ’Υποδείγματος
2699 1011 2885 1080 χάριν,
2911 1012 3078 1081 νόμος
3130 1013 3247 1067 ἔστι
3292 1017 3523 1082 φυσικὸς
3551 1019 3646 1070 τοῦ

2067 1097 2415 1168 κυϐερνήτου
2451 1100 2632 1165 καλῶς
2663 1103 2867 1166 εἰδότος
2895 1104 3189 1175 κυϐερνᾷν,
3216 1110 3306 1161 καί
3327 1109 3420 1162 τοῦ
3446 1113 3649 1181 ναυάρ-

2067 1208 2163 1260 χου
2195 1191 2482 1262 νουνεχοῦς
2514 1193 2672 1256 ὄντος
2721 1194 2823 1264 τὴν
2863 1197 2995 1250 ναῦν
3043 1198 3432 1264 διασώζεσθαι,
3460 1202 3527 1255 ἂν
3571 1207 3644 1272 μὴ

2064 1284 2334 1353 κρείττων
2381 1284 2605 1353 ἁπάσης
2655 1285 2851 1356 τέχνης
2916 1290 3009 1342 καὶ
3065 1293 3338 1355 συνέσεως
3371 1295 3399 1345 6
3434 1294 3646 1348 κλύδων

2065 1375 2312 1443 γένηται.
2370 1378 2470 1430 ’Ἂν
2519 1378 2574 1430 δὲ
2628 1380 3025 1450 ἀνεπιστήμων
3084 1384 3112 1435 6
3165 1385 3447 1455 κυϐερνῶν
3548 1388 3580 1456 ἥ
3620 1392 3647 1441 6

2064 1469 2333 1538 ναύαρχος
2383 1473 2478 1523 καὶ
2508 1471 2670 1525 εἰδότι
2715 1474 2793 1542 τῷ
2824 1475 3136 1547 κυϐερνήτῃ
3168 1478 3242 1548 μὴ
3279 1479 3407 1551 θέλῃ
3442 1483 3644 1549 προσέ-

2064 1585 2180 1635 χειν
2215 1567 2337 1636 μηδ⁸
2372 1568 2481 1636 ἐῴη
2525 1568 2800 1639 κυϐερνᾷν
2827 1569 2994 1622 αὐτὸν
3027 1571 3102 1632 ὼς
3133 1571 3451 1634 ἐπίσταται,
3480 1575 3645 1641 νόμος

2063 1659 2179 1711 ἔστι
2209 1659 2305 1726 τὴν
2335 1659 2470 1712 ναῦν
2504 1660 2841 1714 ἀπόλλυσθαι
2886 1647 3161 1724 κλύδωνοξ
3199 1663 3518 1731 ἐγερθέντος
3550 1683 3645 1729 με-

2062 1749 2228 1815 γάλου
2261 1749 2292 1817 ἢ
2338 1751 2432 1801 καὶ
2460 1750 2730 1813 κλύδωνος
2762 1751 2912 1814 ἄνευ,
2944 1753 3003 1815 ἐξ
3042 1753 3218 1806 ἄλλων
3250 1755 3521 1822 δήπουθεν
3553 1758 3641 1809 αίο

2058 1831 2345 1897 τιῶν.”Εκ
2379 1843 2532 1896 τοῦδε
2557 1843 2650 1896 τοῦ
2687 1843 2857 1912 νόμου
2897 1846 3186 1914 συμϐαίνει
3217 1848 3492 1912 σώζεσθαι
3541 1851 3639 1916 μὲν

2059 1933 2348 1996 πλείστους
2389 1933 2552 1997 ὄντας
2601 1937 2729 1996 τούς
2774 1937 3049 2000 πλέοντας
3075 1939 3221 1992 δυοῖν
3268 1940 3436 1993 ἕνεκα
3458 1940 3641 2002 καλῶς

2059 2025 2324 2093 πράττειν
2361 2026 2604 2092 εἰδότων,
2650 2029 2992 2082 ἀπόλλυσθαι
3048 2030 3106 2083 δὲ
3161 2030 3308 2083 δυοῖν
3354 2032 3639 2084 ἀσυνέτων

2058 2117 2222 2170 ἕνεκα
2254 2119 2350 2172 καὶ
2379 2119 2857 2188 ἀνεπιστημόνων.
2892 2120 3030 2184 Τοὺς
3053 2123 3330 2185 τοιούτους
3356 2123 3456 2190 τῆς
3487 2124 3638 2186 θείας

2060 2208 2267 2271 τάξεως
2320 2209 2520 2272 νόμους
2571 2211 2621 2263 οἳ
2668 2209 2766 2278 τὴν
2821 2209 2984 2276 φύσιν
3028 2211 3369 2281 ἀμφέχουσιν
3419 2213 3641 2266 ἃπασαν

2056 2299 2272 2371 ἀνάγκη
2305 2303 2457 2352 πᾶσα
2492 2300 2766 2365 σώζεσθαι
2806 2303 2867 2353 τό
2924 2319 2987 2369 γε
3023 2303 3191 2374 μέρος
3243 2305 3344 2374 τῆς
3401 2306 3635 2371 φύσεως.

2059 2393 2168 2444 Καὶ
2196 2391 2418 2456 τούτους
2447 2396 2476 2446 6
2511 2393 2644 2455 Θεὸς
2676 2393 2948 2458 σώζεσθαι
2990 2396 3115 2459 τοὺς
3141 2398 3340 2464 νόμους
3390 2397 3465 2459 ὡς
3513 2400 3637 2450 ἐπί-

2060 2503 2168 2538 παν
2200 2488 2264 2556 ὲᾷ
2290 2486 2364 2555 μὴ
2405 2486 2719 2554 μεταποιῶν
2737 2501 2752 2517 ·
2776 2488 2836 2538 οὐ
2863 2486 2972 2555 γὰρ
3003 2484 3068 2540 ἀν
3095 2487 3276 2556 ἐαυτῷ
3297 2489 3391 2540 καί
3417 2491 3528 2552 τοῖς
3559 2492 3636 2542 οἰ-

2059 2578 2229 2640 κείοις
2274 2579 2654 2647 ἐπιτάγμασιν
2692 2568 2920 2647 ἔμελλεν
2976 2580 3329 2635 ἀντιϐαίνειν.
3391 2581 3532 2634 ’Λλλ“
3573 2583 3634 2634 οὐ

2056 2669 2298 2723 δουλεύει
2322 2672 2436 2732 τοῖς
2468 2670 2562 2722 ὐπ’
2589 2668 2756 2723 αὐτοῦ
2787 2669 3127 2738 τεθειμένοις
3149 2671 3341 2740 νόμοις
3378 2673 3635 2736 καθάπαξ

2057 2765 2168 2826 τοῖς
2204 2765 2446 2826 κτιστοῖς
2472 2764 2566 2815 καὶ
2599 2764 2739 2833 μετὰ
2775 2765 2886 2816 τῶν
2949 2765 3268 2834 κτισμάτων
3297 2767 3597 2834 ἠργμένοις
3621 2783 3634 2796 ·

2058 2857 2270 2924 καιροῖς
2313 2854 2372 2906 δὲ
2432 2855 2584 2917 ἰδίοις
2646 2853 2739 2906 καὶ
2785 2853 3183 2922 περιστάσεσιν
3222 2856 3380 2916 ἰδίαις
3410 2857 3634 2918 τούτους

2060 2948 2354 3012 μεταποιεῖ
2385 2946 2521 3014 πρὸς
2559 2945 2619 2996 τὸ
2652 2944 2862 3012 βέλτιον
2908 2945 2939 3013 ἢ
2974 2946 3036 2997 τὸ
3087 2948 3270 3016 χεῖρον
3311 2951 3423 3008 τοῖς
3457 2947 3631 2999 ὲντεῦ·

2060 3037 2151 3089 θεν
2202 3035 2714 3106 ὠφελησομένοιςῆ
2755 3036 3117 3105 βλαψομένοις
3154 3037 3322 3100 ἀξίως
3349 3055 3362 3067 ο
3400 3040 3495 3090 καὶ
3536 3041 3634 3104 τῆς

1981 3162 2021 3216 c
2059 3129 2248 3199 χρείας
2277 3128 2373 3180 τοῦ
2409 3130 2766 3200 προσκαίρως
2801 3130 3132 3197 μεταϐαλεῖν
3155 3129 3320 3189 εὐθυς
3352 3131 3631 3197 πεπαυμέ·

2056 3238 2154 3288 νης
2176 3219 2253 3279 ὡς
2281 3219 2378 3289 τὴν
2412 3221 2586 3289 ἀρχὴν
2620 3221 2927 3289 ἐτάχθησαν
2953 3216 3111 3282 αὖθις
3137 3219 3421 3282 σώζονται.
3451 3221 3630 3272 Τοιού-

2054 3327 2162 3362 των
2186 3308 2514 3379 τεραστίων,
2551 3311 2811 3362 τοιούτων
2834 3309 3134 3377 θαυμάτων
3164 3309 3376 3376 ἱστορία
3420 3310 3631 3377 πλήρης

2056 3399 2208 3450 πᾶσα
2239 3399 2333 3449 νέα
2364 3399 2457 3450 καὶ
2487 3398 2697 3450 παλαιά
2723 3413 2736 3426 ⁸
2767 3398 2839 3461 ὼς
2868 3400 2992 3466 ἱερά
3021 3399 3117 3450 καὶ
3157 3397 3267 3450 τῶν
3303 3398 3503 3461 ἔξωθεν
3539 3401 3632 3450 καὶ

2056 3489 2152 3542 νῦν
2190 3491 2400 3542 ἐλάττω
2435 3489 2536 3556 μὲν
2585 3490 2680 3544 καὶ
2716 3489 2911 3557 πλήθει
2962 3491 3056 3542 καὶ
3091 3489 3243 3554 τάξει
3293 3490 3400 3541 τῶν
3434 3489 3632 3557 προτέ-

2054 3594 2187 3645 ρων,
2244 3580 2473 3632 ἐκείνων
2511 3580 2558 3631 δ’
2593 3579 2660 3642 ἂς
2699 3579 2881 3643 αἰτίας
2936 3580 3197 3647 εὐλόγους
3245 3581 3303 3631 ἐν
3340 3581 3456 3648 ἰδίῳ
3489 3581 3632 3647 λόγῳ

2050 3667 2364 3737 δεδείχαμεν
2389 3671 2692 3730 σπουδαίως
2717 3672 3161 3741 ἐξειργασμένῳ.
3204 3672 3449 3723 Γίνονται
3475 3671 3519 3721 δ’
3543 3672 3630 3723 οὐν

2051 3761 2145 3813 καὶ
2177 3761 2348 3828 ὁρῶσι
2376 3763 2554 3824 καλῶς
2585 3766 2632 3815 οἱ
2669 3764 2806 3832 μετά
2841 3763 2978 3815 Θεοῦ
3010 3764 3076 3815 τὰ
3109 3764 3205 3816 τοῦ
3235 3763 3374 3816 Θεοῦ
3407 3764 3630 3833 βλέπονο

2050 3869 2142 3912 τες
2165 3868 2178 3882 ⁸
2214 3853 2378 3916 σώζει
2406 3854 2504 3920 μὲν
2527 3853 2636 3922 γὰρ
2661 3854 2729 3904 δι’
2764 3854 2965 3923 ἀρετὴν
2991 3854 3100 3905 τῶν
3124 3855 3474 3922 ἐμπλεόντων
3503 3855 3630 3909 ναῦν

2053 3942 2399 4010 βυθισθεῖσαν
2415 3943 2481 3996 ἂν
2501 3946 2565 4012 τῇ
2581 3942 2674 3995 τοῦ
2690 3946 2964 4012 ναυάρχου
2984 3961 3041 3994 τε
3063 3949 3157 3999 καὶ
3177 3948 3305 3998 κυϐε
3316 3951 3510 4015 ρνήτου
3533 3966 3630 4014 μων

2053 4037 2165 4105 ρία,
2187 4038 2464 4105 συγχωρεί
2479 4023 2685 4088 δέ’ποτε
2719 4036 2858 4104 μετὰ
2883 4036 3271 4104 πονηροτάτων
3302 4037 3411 4088 τῶν
3429 4040 3628 4104 ὲμπλεο

2049 4129 2221 4181 όντων
2237 4127 2462 4182 καὶτῶν
2481 4127 2760 4197 ἀρχόντων
2778 4129 2876 4196 τῆς
2905 4127 3032 4194 νηὸς
3064 4127 3327 4180 τοιούτων
3363 4129 3458 4181 καὶ
3492 4131 3630 4194 ἀγα.

2051 4219 2178 4282 θούς
2208 4237 2365 4282 τινας
2405 4221 2498 4273 ἐπὶ
2547 4221 2886 4289 συμφέροντι
2923 4218 3245 4286 βυθίζεσθαι
3279 4220 3389 4271 τῶν
3416 4221 3630 4273 οίκείων

2053 4309 2260 4380 ψυχῶν,
2325 4312 2419 4364 καὶ
2493 4308 2686 4372 ἄλλους
2759 4310 3101 4362 ἀπαλλάττει
3170 4309 3497 4380 παραδόξως
3560 4295 3630 4365 δι’

2051 4402 2300 4469 ἀγγέλων
2321 4402 2534 4465 ἐξάγων
2570 4402 2663 4454 τοῦ
2695 4401 2858 4472 βυθοῦ
2889 4402 3179 4470 μέλλοντας
3207 4404 3610 4471 ἀποπνίγεσθαι

1981 4504 2023 4559 ο
2053 4492 2246 4556 ἄλλους
2273 4493 2694 4562 ὲμπλεύσαντας
2738 4494 2806 4546 ἂν
2835 4496 2900 4561 τῇ
2943 4493 3220 4567 μελλούσῃ
3253 4496 3628 4561 κατάγνυσθαι

2049 4582 2140 4652 νηῒ
2185 4584 2217 4652 ἢ
2255 4582 2572 4652 βυθίζεσθαι
2629 4585 2717 4636 ἐπ’
2769 4583 3032 4653 αὐτῴτῷ
3086 4585 3305 4654 μέλλειν
3347 4586 3629 4654 ἐμϐαίνειν

2046 4675 2338 4744 αἰφνιδίοις
2395 4677 2489 4728 καὶ
2551 4676 2842 4745 ἀδοκήτοις
2897 4677 3074 4746 εἴργει
3144 4677 3454 4748 κωλύμασι.
3526 4683 3629 4734 Καὶ

2046 4766 2276 4834 ἀλγοῦσι
2312 4766 2412 4836 μὲν
2444 4767 2607 4829 εὐθὺς
2640 4769 2925 4838 εἰργμένοι
2956 4770 3049 4822 τοῦ
3076 4770 3236 4833 πλοῦ,
3272 4771 3364 4823 τὸν
3393 4773 3450 4824 δὲ
3485 4773 3628 4824 θεῖον

2045 4854 2226 4913 οἶκτον
2290 4859 2667 4928 ἐπεγνωκότες
2725 4860 2908 4922 καλῶς
2975 4862 3114 4929 μετὰ
3171 4863 3268 4914 τοῦ
3327 4863 3426 4929 τὴν
3483 4863 3628 4931 ζωὴν

2045 4952 2229 5013 αὐτοῖς
2255 4951 2619 5022 προστεθῆναι
2653 4952 2749 5005 καὶ⁹
2786 4954 2886 5022 τὴν
2927 4955 3106 5024 ψυχὴν
3137 4956 3217 5007 ἔτι
3272 4954 3622 5024 βελτιοῦνται

2044 5041 2121 5110 τῷ
2157 5041 2611 5112 θαύματιιοῦτω
2637 5043 2733 5096 καὶ
2769 5043 2928 5106 πόλις
2964 5043 3363 5113 παρανομοῦσα
3398 5041 3626 5110 φαύλοις

2044 5133 2309 5204 ἄρχουσιν
2364 5133 2752 5204 ἐγχειρίζεται,
2831 5137 2924 5188 καὶ
2995 5133 3311 5186 τούναντίον
3380 5134 3625 5197 πολίταις

2043 5221 2270 5288 ἀγαθοῖς
2292 5223 2587 5292 οἰκουμένη
2613 5239 2626 5254 ο
2669 5243 2687 5274 ι
2733 5223 2900 5276 Δώσω
2955 5223 3084 5292 γὰρ,
3129 5226 3316 5291 φησὶν.
3353 5225 3626 5292 ἄρχοντας

2043 5307 2172 5375 ὑμῖν
2203 5311 2348 5362 κατά
2431 5312 2528 5373 τὰς
2565 5311 2795 5381 καρδίας
2829 5311 3004 5378 ὑμῶν.
3041 5329 3057 5361 ι
3092 5312 3203 5365 Καὶ
3237 5312 3491 5380 βασιλεὺς
3527 5313 3624 5381 μὲν

2043 5398 2306 5452 ἀπολαύει
2336 5400 2432 5468 τῆς
2464 5399 2558 5454 τοῦ
2605 5400 2736 5453 λαοῦ
2788 5401 3056 5470 πονηρίας
3097 5403 3196 5471 τῆς
3239 5404 3410 5471 αὐτῆς
3470 5403 3621 5474 αὐτῷ

2042 5505 2100 5541 τε
2143 5495 2234 5542 καὶ
2267 5495 2381 5554 τοῖς
2424 5493 2752 5561 ἀρχομένοις
2785 5494 3000 5560 πληγῆς
3031 5493 3215 5546 θεόθεν
3261 5497 3504 5566 ἡκούσης
3535 5497 3619 5550 ὅτι

2041 5581 2341 5650 δυνάμενος
2409 5583 2650 5637 κωλῦσαι
2718 5584 2819 5651 τῆς
2883 5587 3152 5654 πονηρίας
3210 5588 3311 5640 οὐκ
3372 5589 3615 5641 ἐκώλυσε

2041 5674 2405 5742 χαριζόμενος
2431 5691 2443 5705 ·
2491 5675 2755 5728 ἀπολαύει
2791 5677 2846 5730 δὲ
2898 5680 2993 5730 καὶ
3027 5681 3152 5742 λαός
3187 5682 3282 5751 τῆς
3326 5682 3619 5752 βασιλικῆς

2045 5769 2306 5836 πονηρῖσς
2373 5769 2872 5838 συμπαιδευόμενος
2932 5772 3006 5835 ὡς
3065 5775 3185 5827 ἀντὶ
3227 5774 3322 5827 τοῦ
3365 5776 3597 5828 διδοίη-³·

3427 5996 3477 6025 κ
