3956 6200
441 418 578 483 1163

1851 414 2204 478 ADDENDA
2217 463 2230 477 .

3535 412 3664 478 1164

875 759 1438 912 ΑΒΒΕΝΒΛ
1546 757 1704 908 ΑΙ)
1799 740 2056 910 0PEI

2131 754 2184 904 l
2283 749 2653 906 Mllllﬂl
2742 751 3213 905 EPHESII

1437 1183 1574 1236 ΤΟΥ
1627 1179 2032 1234 ΣΩΦΩΤΑΤΟΥ
2070 1178 2189 1234 ΚΑΙ
2233 1177 2667 1233 ΔΟΓΙΩΤΔΤΟΥ

733 1349 1794 1530 ΜΑΡΚΟΥ
1933 1347 3358 1522 ΕΥΓΕΝΙΚΟΥ

1627 1617 2168 1674 ΜΕΤΡΟΠΟΛῙΤΟΥ
2227 1616 2488 1673 ΕΦΕΣΟΥ

627 1783 1178 1878 ΕΞΗΓΗΣΙΣ
1267 1789 1485 1873 ΤΗΣ
1615 1783 2599 1872 ΕΚΚΑΗΣΙΑΣΤΙΚΗΣ
2711 1785 3463 1876 ΑΚΟΛΟΥΘΙΑΣ.

2005 1991 2080 2013 ..Α

1516 2125 2022 2184 SAPIENTISSIMI
2055 2123 2599 2194 DOCTISSIMIQUE

1247 2312 1834 2470 MARCI
1921 2315 2841 2471 EUGENICI

1657 2581 1908 2640 EPHESI
1941 2581 2459 2640 METROPOLITE

948 2759 1618 2856 EXPOSITIO
1700 2759 2156 2854 OFFICII
2272 2760 3183 2857 ECCLESIASTICI.

808 2959 972 3017 (Edita
999 2960 1060 3010 ad
1083 2957 1268 3010 calcem
1295 2956 1512 3021 Operum
1541 2956 1804 3019 Symeonis
1831 2952 2056 3006 Thessale

2131 2957 2309 3015 censis,
2338 2957 2383 3004 ἐν
2419 2959 2452 3005 Γ
2457 2956 2598 3018 ιασίῳ
2622 2963 2705 3014 τῆς
2729 2958 3019 3015 Μολδοϐίας,
3052 2957 3186 3019 1683,
3207 2956 3308 3017 fol.)

508 3273 737 3328 Necesse
767 3271 986 3342 quidem
1013 3270 1172 3334 foret,
1218 3269 1369 3338 juxta
1409 3277 1763 3339 praeceptum,
1797 3267 2006 3323 indesi-
2035 3271 2084 3328 Δ

440 3375 634 3421 nenter
656 3380 816 3420 orare
846 3375 899 3420 et
929 3365 994 3419 ad
1024 3363 1192 3420 Deum
1228 3365 1604 3419 adorationem
1637 3364 1689 3416 in
1724 3362 1930 3432 Spiritu
1958 3371 2014 3416 et

442 3457 672 3509 veritate
702 3455 939 3522 dirigere
972 3469 988 3520 ;
1023 3455 1113 3507 sed
1153 3455 1438 3523 praesentis
1487 3453 1607 3506 vitae
1658 3454 1808 3506 curis
1866 3451 2012 3524 obje-

441 3548 564 3610 ctis,
595 3556 648 3602 et
670 3547 753 3600 bis
775 3562 896 3615 qua:
927 3545 1075 3599 circa
1108 3559 1309 3614 corpus
1357 3553 1646 3598 versantur
1678 3543 2017 3612 cogitationi-

442 3643 544 3693 bus
565 3638 962 3692 conﬂuentibus
990 3637 1359 3704 impediuntur
1378 3634 1652 3702 plerique;
1679 3641 2017 3687 removetur-

447 3749 551 3800 que
589 3745 813 3801 regnum
870 3729 962 3781 Dei
1011 3726 1157 3795 quod
1208 3726 1348 3778 intra
1391 3740 1489 3779 nos
1527 3732 1632 3788 est,
1673 3734 1733 3779 ut
1790 3723 2021 3791 requirit

445 3821 764 3875 Dominieus
793 3833 976 3874 sermo
1005 3834 1019 3884 ;
1057 3817 1525 3886 prohibenturque
1552 3830 1618 3870 ne
1640 3814 1904 3885 spirituali
1934 3829 2024 3870 as-

446 3914 641 3966 sistant
689 3910 872 3973 altari,
922 3907 1234 3977 spirituales
1289 3908 1340 3964 in
1398 3906 1528 3961 illud
1566 3914 1621 3961 et
1671 3904 2025 3960 rationabiles

450 4006 656 4058 hostias
691 4003 801 4056 Deo
833 3999 1141 4062 all‘erentes,
1180 4000 1482 4055 secundum
1516 3997 1765 4052 divinum
1793 3998 2023 4066 Aposto-

447 4099 582 4162 ltnn,
605 4096 865 4169 quoniam
905 4094 996 4148 Dei
1035 4093 1269 4147 viventis
1309 4092 1564 4160 templum
1599 4105 1790 4145 sumus
1821 4105 1942 4154 nos,
1967 4100 2024 4146 et

449 4189 686 4258 Spiritus
743 4186 864 4256 ejus
914 4184 1133 4239 divinus
1183 4185 1236 4238 in
1288 4183 1447 4239 nobis
1507 4183 1733 4238 habitat.
1771 4181 2024 4254 Nihilque

452 4283 646 4335 mirum
691 4279 742 4333 id
775 4279 820 4333 si
857 4277 911 4332 in
963 4278 1148 4331 multis
1195 4285 1247 4330 et
1287 4277 1432 4332 circa
1483 4291 1701 4331 carnem
1745 4276 2024 4346 occupatis

451 4375 701 4428 accidere
729 4373 889 4437 solet,
923 4387 1045 4426 cum
1073 4387 1264 4425 eorum
1302 4371 1394 4440 qui
1428 4385 1487 4425 se
1534 4371 1699 4439 hujus
1723 4372 1909 4425 saeculi
1942 4385 2025 4426 re-

460 4470 560 4520 bus
597 4466 1012 4526 abdicaverunt,
1047 4462 1340 4518 nonnullos
1361 4461 1610 4518 videmus
1635 4464 2029 4520 rationabiliter

455 4560 719 4612 adversus
757 4555 1076 4625 passionum
1106 4558 1436 4611 tentatlones
1461 4555 1810 4620 dimicantes,
1832 4557 2027 4611 exinde

456 4649 686 4703 multum
716 4649 960 4703 excitare
991 4647 1290 4715 pulverem,
1323 4649 1418 4717 qui
1480 4649 1649 4703 animi
1687 4649 2022 4705 intellectum

455 4742 732 4806 obcaecat;
774 4739 1122 4808 nomiumque
1145 4738 1210 4791 ad
1244 4753 1426 4793 veram
1453 4753 1669 4809 precem
1702 4740 2026 4796 eliciendam

457 4832 855 4902 pervenientes,
874 4830 978 4884 etsi
1012 4831 1265 4886 voluntas
1300 4845 1411 4885 non
1457 4831 1641 4897 desit;
1675 4833 1918 4902 jucunda
1947 4843 2030 4887 est

455 4929 507 4979 in
546 4925 708 4980 corde
731 4924 990 4978 continua
1029 4933 1081 4977 et
1123 4923 1440 4980 indesinens
1470 4923 1599 4980 Jesu
1655 4925 1919 4980 memoria
1975 4933 2030 4980 et

419 5013 429 5070 ’ς
457 5033 519 5071 ex
558 5032 618 5070 ea
652 5015 947 5072 ineil'abilis
980 5013 1331 5071 illuminatio.
1361 5015 1622 5072 ldeircoa
1653 5017 1861 5073 sanctis
1887 5017 2028 5072 divi-

421 5082 649 5191 gnisqne
678 5110 881 5164 nostris
911 5107 1189 5173 Patribus,
1222 5108 1317 5179 qui
1351 5124 1382 5162 a
1416 5108 1548 5165 Jesu
1577 5109 1797 5166 Christo
1835 5121 2031 5181 etapo-

458 5203 613 5257 stolis
638 5209 987 5270 acceperunt,
1016 5208 1219 5256 statuta
1249 5212 1378 5257 sunt
1397 5201 1470 5256 ad
1511 5203 1779 5257 orandum
1820 5211 2032 5273 tempus

458 5305 510 5346 et
545 5294 699 5346 lucus
724 5310 738 5356 ;
768 5307 892 5346 cum
925 5293 1079 5360 quasi
1109 5295 1477 5348 necessariam
1515 5296 1661 5348 hanc
1681 5305 1734 5349 et
1762 5299 2034 5364 praestitu-

464 5397 572 5436 tum
607 5381 934 5436 inducerent
974 5381 1270 5453 liturgiam.
1311 5385 1380 5439 ab
1427 5385 1496 5439 iis
1525 5385 1638 5438 Deo
1667 5387 2032 5454 pra-standum

462 5475 555 5544 qui
590 5488 694 5527 non
733 5487 960 5542 prorsus
990 5473 1227 5530 belluino
1257 5489 1407 5531 more
1437 5475 1625 5530 vivunt
1657 5493 1671 5544 ;
1705 5478 1815 5532 imo
1841 5489 1894 5533 et
1916 5494 2036 5533 cor-

464 5565 670 5633 poralis
698 5560 1075 5633 dispositionis
1105 5563 1340 5628 habitus,
1372 5571 1425 5618 et
1457 5564 1738 5621 inclinatio
1769 5567 1835 5621 ad
1867 5581 2030 5637 quam

465 5659 808 5713 intendentes
861 5667 1078 5728 oportet
1128 5673 1323 5726 orare;
1354 5669 1408 5716 et
1451 5664 1756 5731 praesertim
1793 5665 1912 5732 ejus
1943 5667 2037 5736 qui

2187 3269 2334 3323 Ἔδει
2370 3269 2468 3338 μὲν
2505 3268 2646 3321 κατὰ
2685 3268 2788 3335 τὴν
2834 3265 3162 3322 κελεύουσαν
3201 3266 3423 3336 ἐντολὴν
3457 3267 3696 3322 ἀδιαλεί-

2117 3380 2267 3425 πτως
2334 3364 2774 3434 προσεύχεσθαι,
2832 3363 2926 3415 καὶ
2979 3362 3076 3431 τὴν
3130 3365 3188 3415 ὲν
3248 3361 3530 3432 Πνεύματι
3595 3366 3696 3416 καὶ

2117 3457 2344 3528 ἀληθείᾳ
2399 3455 2772 3527 προσκύνησιν
2829 3454 2908 3521 τῷ
2962 3455 3079 3519 Θεῷ
3123 3454 3461 3524 ἀναφέρειν·
3499 3455 3619 3509 ἀλλ’
3663 3459 3694 3525 ὴ

2119 3551 2257 3619 πρὸς
2289 3549 2356 3601 τὰ
2399 3547 2627 3618 βιωτικά
2656 3547 2764 3600 τῶν
2787 3545 3064 3614 λογισμῶν
3093 3546 3338 3614 ἀσχολία,
3375 3547 3465 3598 καὶ
3509 3547 3536 3598 ὀ
3581 3545 3700 3600 τῶν

2119 3640 2248 3710 περὶ
2285 3639 2445 3707 σῶμα
2478 3638 2775 3708 φροντίδων
2810 3636 2994 3706 ἐσμὸς,
3037 3639 3237 3702 ἀπάγει
3270 3639 3396 3699 τοὺς
3435 3638 3700 3700 πολλοὺς,

2121 3732 2215 3783 καὶ
2258 3729 2520 3798 ἀφίστησι
2565 3730 2666 3800 τὴν
2715 3727 2995 3798 βασιλείαν
3035 3729 3129 3781 τοῦ
3161 3728 3318 3792 Θεοῦ,
3353 3730 3500 3792 ἐντὸς
3529 3729 3700 3798 ἡμῶν

2124 3822 2313 3885 οὖσαν,
2339 3821 2414 3885 ὡς
2449 3824 2477 3877 δ
2506 3824 2783 3890 Κυριακδς
2813 3822 2966 3891 λόγος
3002 3822 3268 3890 ἐπιζητεῖ,
3297 3823 3389 3876 καὶ
3422 3822 3498 3892 τῷ
3521 3824 3699 3891 νοητῷ

2129 3915 2518 3987 προσεδρεύειν
2547 3915 2942 3984 θυσιαστηρίῳ,
2974 3915 3074 3975 τὰς
3107 3913 3485 3982 πνευματικὰς
3513 3922 3570 3964 τε
3603 3913 3701 3963 καὶ

2123 4002 2350 4076 λογικὰς
2397 4008 2592 4071 Θυσίας
2647 4008 3062 4079 προσφέροντας
3106 4005 3194 4059 ἐπ’
3225 4005 3390 4059 αὑτοῦ
3444 4005 3520 4074 τῷ
3552 4003 3700 4072 Θεῷ,

2123 4097 2265 4152 κατὰ
2299 4097 2390 4150 τὸν
2425 4097 2568 4150 θεῖον
2597 4096 2949 4160 ’Λπόστολον,
2989 4096 3149 4164 εἴπερ
3186 4095 3352 4163 ἐσμὲν
3389 4094 3515 4155 ναὸς
3561 4093 3703 4144 Θεοῦ

2123 4189 2329 4254 ζῶντος
2361 4191 2542 4258 ἡμεῖς,
2581 4189 2678 4242 καὶ
2717 4189 2778 4241 τὸ
2809 4188 3031 4258 Πνεῦμα
3063 4187 3229 4240 αὐτοῦ
3283 4187 3346 4239 τὸ
3390 4187 3530 4238 θεῖον
3563 4186 3708 4236 οἰκεῖ

2125 4283 2184 4335 ὲν
2225 4283 2382 4351 ἡμῖν.
2427 4283 2537 4336 Καὶ
2573 4281 2892 4351 θαυμαστὸν
2937 4281 3111 4347 οὐδὲν⁹
3141 4283 3190 4332 εί
3222 4282 3313 4332 ἐπὶ
3353 4280 3460 4332 τῶν
3487 4279 3707 4331 πολλῶν

2128 4375 2223 4427 καὶ
2265 4377 2406 4428 κατὰ
2450 4373 2630 4444 σάρκα
2669 4373 2890 4439 ζώντων
2927 4373 3088 4427 τοῦτο
3133 4373 3454 4441 συμϐαίνειν
3486 4371 3704 4431 εἴωθεν,

2127 4468 2262 4519 ὅπου
2283 4483 2345 4535 γε
2369 4468 2464 4520 καὶ
2489 4468 2600 4520 τῶν
2623 4467 3056 4536 ἀποταξαμένων
3078 4466 3188 4527 τοῖς
3216 4466 3495 4531 κοσμικσιῖς
3528 4466 3706 4532 πράγ-

2134 4573 2300 4624 μασιν
2334 4559 2510 4620 ὲνίους
2549 4555 2770 4627 δρῶμεν
2811 4557 2899 4611 διὰ
2951 4555 3014 4611 τὸ
3068 4556 3391 4624 λογιστικῶς
3427 4554 3702 4622 μάχεσθαι

2127 4651 2243 4712 ταῖς
2299 4648 2602 4718 προλήψεσι
2649 4648 2762 4702 τῶν
2818 4648 3029 4714 παθῶν,
3081 4650 3178 4702 καὶ
3235 4647 3398 4700 πολὺν
3450 4645 3706 4698 ἐντεῦθεν

2130 4740 2697 4810 κονιορτὸψὲγείρειν,
2723 4741 3121 4795 ἐπισκοτοῦντα
3158 4740 3217 4793 τὸ
3244 4739 3433 4808 νοερὸν
3458 4738 3559 4814 τῆς
3593 4735 3703 4806 ψυ-

2131 4835 2250 4905 χῆς.
2276 4833 2429 4887 οὔπω
2457 4836 2790 4905 δυναμένους
2821 4835 3108 4904 ἐφικέσθαι
3137 4834 3239 4904 τῆς
3263 4832 3499 4904 ἀληθοῦς
3527 4843 3708 4900 προσ-

2131 4922 2320 4996 ευχῆς,
2363 4927 2670 4980 καὶπολλά
2725 4927 3107 4997 βουλομένους,
3163 4926 3291 4994 ἡδέα
3354 4925 3502 4977 ἐστὶν
3551 4923 3585 4993 ἡ
3648 4924 3710 4975 ὲν

2132 5018 2332 5090 καρδία
2365 5019 2599 5089 συνεχὴς
2627 5017 2722 5072 καὶ
2751 5020 3029 5078 ἄπαυστος
3064 5017 3241 5086 Ἰησοῦ
3275 5018 3490 5087 μνήμη.
3531 5015 3622 5068 καὶ
3683 5017 3710 5066 ὁ

2133 5113 2192 5174 ἐξ
2235 5111 2403 5178 αὐτῆς
2448 5111 2735 5180 γινόμενος
2783 5111 3022 5182 ἀρῤητος
3064 5109 3367 5178 φωτισμός.
3405 5110 3504 5160 Διὰ
3549 5109 3713 5158 τοῦτο

2133 5207 2243 5267 τοῖς
2275 5205 2440 5273 ἱεροῖς
2488 5204 2579 5255 καὶ
2622 5202 2788 5265 θείοις
2814 5203 2971 5273 ἡμῶν
3002 5202 3287 5273 Πατράσιν
3324 5204 3380 5267 ἐξ
3411 5201 3576 5254 αὐτοῦ
3613 5202 3709 5252 τοῦ

2137 5297 2378 5368 Χριστοῦ
2427 5299 2522 5350 καὶ
2579 5298 2688 5350 τῶν
2733 5299 3049 5352 ἀποστόλων
3098 5299 3492 5368 παρειληφόσιν
3530 5299 3715 5350 ἐπινε-

2138 5391 2324 5459 νόηται
2373 5389 2508 5460 πρὸς
2567 5390 2664 5461 τὴν
2713 5392 3026 5462 προσευχὴν
3068 5394 3256 5462 καιρός
3298 5409 3354 5445 τε
3398 5395 3492 5446 καὶ
3523 5393 3710 5454 τόπος,

2141 5485 2266 5546 τοὺς
2296 5483 2369 5552 μὴ
2406 5483 2582 5552 πάντη
2615 5483 2912 5553 κτηνώδεις
2943 5487 3230 5553 ἐνάγοντες
3263 5486 3512 5555 καθάπερ
3546 5486 3715 5552 ἀναγο

2142 5575 2306 5628 καίαν
2339 5575 2461 5627 τινὰ
2491 5575 2697 5643 ταύτην
2721 5576 2831 5636 ,καὶ
2861 5575 3248 5646 ὲμπρόοεσμον
3276 5575 3548 5645 εἰσφέρειν
3594 5576 3713 5644 Θεῷ

2143 5666 2507 5736 λειτουργίαν,
2540 5667 2621 5718 ἔτι
2671 5683 2731 5719 τε
2796 5669 3113 5737 σωματικῆς
3161 5669 3454 5732 διαθέσεως
3502 5667 3713 5739 σχῆμα,

465 5759 584 5806 orat
632 5752 801 5806 animi
834 5752 1138 5820 dispositio.
1201 5753 1404 5808 Locum
1449 5771 1597 5822 vero,
1657 5758 1927 5826 habitum,
1988 5772 2040 5816 et

2146 5759 2241 5812 κοιλ¹
2277 5760 2466 5826 κλίμα,
2507 5760 2643 5829 πρὸς
2700 5762 2728 5812 ὃ
2785 5761 2865 5812 δεῖ
2923 5762 3244 5829 ἀφορῶντας
3299 5761 3575 5831 εὔχεσθαι,
3620 5761 3712 5813 καὶ

467 5842 633 5896 animi
669 5841 1081 5910 dispositionem
1114 5843 1379 5899 describit
1431 5847 1587 5902 dirus
1623 5849 1916 5919 Apostolus
1951 5854 2030 5908 di-

2149 5853 2253 5923 πρὸ
2295 5854 2496 5905 τούτων
2523 5856 2554 5924 ἡ
2587 5854 2679 5906 τοῦ
2707 5855 2999 5926 εὐχομένου
3036 5857 3366 5920 κατάστασις
3387 5855 3486 5922 τῆς
3513 5851 3708 5925 ψυχῆς.
