3956 6200
403 376 557 442 ’1167

1896 393 2279 461 ADDENDA,
3328 406 3355 426 ’

3524 386 3669 452 1168

416 502 503 551 est
518 501 733 564 tempus
760 494 949 550 mediae
980 496 1175 554 noctis.
1200 496 1356 553 Tunc
1378 499 1524 554 cnim
1547 514 1576 554 e
1603 512 1796 555 somno
1817 501 1987 571 evigi-

2103 505 2262 573 ευχῶν
2296 506 2320 556 ὁ
2352 504 2442 557 τοῦ
2483 504 2841 571 μεσονυκτίου
2877 505 3087 573 καιρός.
3126 504 3217 558 Ἐν
3256 502 3406 572 αὐτῴ
3437 503 3545 574 γάρ
3576 497 3674 555 τοῦ

418 586 590 641 lantes
613 594 665 639 et
689 584 828 641 hanc
852 586 918 642 de
946 588 1188 647 tenebris
1217 592 1421 647 erroris
1444 592 1508 646 ad
1533 593 1754 648 liberam
1788 609 1987 649 secun—

414 676 541 730 dum
557 674 834 732 Christum
857 677 1237 751 lucentemque
1252 681 1415 737 vitam
1430 685 1841 741 conversionem
1862 685 1989 739 sub-

415 765 749 832 iudicamus,
785 783 850 824 ex
878 784 982 838 qua
1019 770 1129 828 Deo
1155 775 1361 829 servire
1392 775 1693 846 incepimus
1716 793 1730 831 :
1753 777 1987 847 Populus

408 858 571 925 enim,
612 859 710 923 ait,
742 863 923 915 sedens
958 863 1011 917 in
1041 865 1231 920 umbra
1264 868 1394 921 vidit
1438 867 1605 923 lucem
1641 886 1885 936 magnam
1921 871 1985 925 ¹³.

411 950 549 1005 Cum
570 954 715 1007 enim
753 954 807 1009 in
844 956 1021 1012 medio
1055 957 1156 1014 hac
1184 959 1347 1030 hujus
1378 961 1501 1016 vitae
1546 962 1716 1018 ellusa
1752 965 1985 1019 noctein

419 1043 685 1100 mundum
716 1048 1097 1117 peregrinatus
1130 1060 1215 1107 est
1248 1052 1502 1110 Salvator
1530 1063 1585 1108 et
1617 1068 1722 1109 una
1771 1054 1989 1125 (subin-

412 1134 683 1209 dicamus)
722 1139 874 1197 hunc
899 1142 1145 1199 futurum
1174 1146 1485 1213 adventum,
1528 1148 1748 1218 quando
1774 1149 1990 1203 anima-

416 1242 535 1283 rum
567 1245 809 1301 sponsus
842 1237 1017 1291 media
1057 1248 1216 1294 nocte
1244 1254 1429 1296 secum
1474 1242 1767 1310 prudentes
1819 1242 1991 1298 intro-

424 1323 633 1382 ducens
675 1327 728 1380 in
763 1329 1048 1400 impolluta
1077 1333 1348 1400 cubicula,
1383 1335 1474 1389 ubi
1521 1335 1657 1390 festa
1706 1336 1991 1392 celebran-

418 1414 551 1471 tium
578 1419 789 1474 clamor
815 1431 871 1477 et
895 1439 995 1479 vox
1014 1425 1364 1493 jubilationis
1396 1444 1501 1482 non
1536 1428 1786 1484 habentis
1807 1429 1986 1484 linem:

418 1507 608 1580 Surge.
634 1513 732 1576 ait,
766 1517 856 1585 qui
879 1518 1105 1584 dormis,
1130 1527 1177 1573 et
1211 1536 1432 1590 exsurge
1458 1538 1490 1574 a
1518 1522 1762 1588 mortuis,
1788 1530 1837 1576 et
1867 1521 1993 1576 illu-

416 1603 641 1657 minabit
678 1613 725 1659 te
765 1606 1011 1665 Christus
1052 1610 1118 1665 ”.
1143 1611 1249 1666 Sed
1281 1613 1447 1667 etiam
1472 1613 1603 1669 hinc
1626 1614 1768 1669 diem
1807 1629 1993 1670 resur-

415 1696 701 1763 rectionis,
775 1708 829 1755 et
877 1702 1093 1758 dierum
1159 1704 1568 1773 solemniorem,
1641 1723 1752 1764 uno
1796 1709 1986 1774 verbo,

415 1798 630 1840 omnem
658 1788 798 1843 diem
843 1791 1159 1861 incipimus,
1188 1793 1487 1849 abundanti
1520 1795 1645 1865 igne
1675 1796 1990 1871 obscurita-

2095 597 2263 649 ῦπνου
2289 596 2715 666 ἐξεγειρόμενοι,
2740 595 2839 665 τήν
2865 613 2923 648 τε
2954 598 3014 649 ὲκ
3041 596 3132 649 τοῦ
3164 597 3392 658 σκότους
3418 598 3513 663 τῆς
3540 596 3677 648 πλάο

2092 707 2190 758 νης
2224 690 2362 754 πρὸς
2389 689 2484 758 τὴν
2512 689 2654 741 κατὰ
2689 688 2927 757 Χριστὸν
2955 688 3248 758 ἐλευθέραν
3281 690 3377 742 καὶ
3405 688 3675 757 φωτεινὴν

2092 780 2238 851 ζωὴν
2272 782 2646 852 ὑποδηλοῦμεν
2682 782 2995 849 μετάθεσιν,
3034 781 3127 851 ἀφ’
3151 776 3217 853 ἦς
3267 778 3563 850 ἠρξάμεθα
3597 781 3676 850 τῷ

2091 875 2212 944 Θεῷ
2241 875 2548 944 λατρεύειν.
2592 878 2657 929 '0
2691 876 2845 940 λαὸς
2872 874 3002 944 γάρ,
3039 874 3225 945 φησὶν,
3259 877 3292 928 ὁ
3332 873 3678 942 καθήμενος

2091 966 2162 1020 ἐν
2187 968 2393 1021 σκότει
2444 967 2566 1021 εἶδε
2597 967 2716 1037 φῶς
2759 967 2936 1037 μέγα,
2977 966 3132 1019 Ἐπεὶ
3167 967 3263 1020 καὶ
3316 966 3371 1018 ὲν
3413 965 3491 1034 τῷ
3525 966 3676 1034 μέσῳ

2092 1060 2186 1113 τοῦ
2220 1059 2337 1130 βίου
2382 1060 2480 1128 τῆς
2512 1059 2823 1129 κεχυμένης
2852 1061 3016 1129 τῆσδε
3042 1058 3238 1123 νυκτὸς
3269 1058 3621 1131 ἐπεδήμησεν
3652 1059 3679 1109 ὁ

2092 1157 2282 1226 Σωτὴρ
2340 1157 2420 1218 είς
2475 1155 2565 1207 τὸν
2626 1155 2849 1224 κόσμον,
2911 1154 3004 1207 καὶ
3047 1155 3167 1220 ἅμα
3212 1153 3313 1223 τὴν
3372 1152 3677 1221 μέλλουσαν

2096 1250 2314 1319 ἐκείνην
2341 1250 2816 1315 ἀποκατάστασιν,
2857 1248 2945 1301 ὅτε
2990 1247 3017 1299 ὁ
3069 1246 3178 1298 τῶν
3222 1244 3408 1313 ψυχῶν
3443 1243 3680 1312 νυμφίος

2096 1342 2377 1396 ἐλεύσεται
2435 1342 2608 1412 μέσης
2661 1341 2877 1404 νυκτὸς,
2914 1337 3330 1405 συνεισαγαγὼν
3364 1336 3544 1406 ἑαυτῷ
3576 1336 3681 1397 τὰς

2095 1434 2397 1501 φρονίμους
2430 1434 2511 1495 είς
2532 1432 2847 1501 ἀκηράτους
2880 1431 3187 1494 παστάδας,
3219 1433 3351 1484 ὅπου
3389 1427 3680 1500 ἑορταζόν-

2097 1543 2201 1580 των
2238 1520 2372 1593 ἦχος
2418 1525 2513 1578 καὶ
2557 1523 2710 1593 φωνὴ
2739 1522 3139 1588 ἀγαλλιάσεως,
3170 1523 3270 1575 οὐκ
3316 1522 3550 1591 ἐχούσης
3582 1520 3684 1571 πέ-

2098 1632 2218 1686 ρας,
2253 1618 2540 1684 Ἕτειραι,
2568 1614 2757 1683 φησὶν,
2783 1616 2817 1667 ὁ
2844 1612 3177 1679 καθεύδων,
3212 1611 3311 1666 καὶ
3341 1610 3582 1665 ἀνάστα
3611 1612 3685 1664 ἐκ

2092 1708 2212 1761 τῶν
2244 1707 2492 1775 νεκρῶν,
2517 1707 2615 1761 καί
2645 1706 2970 1775 ἐπιφαύσει
3004 1722 3103 1760 σοι
3127 1707 3161 1759 ό
3192 1705 3469 1773 Χριστός.
3514 1703 3683 1760 Ἀλλὰ

2095 1800 2313 1868 καὶτῆς
2346 1798 2720 1868 ἀναστασίμου
2759 1799 2855 1852 καὶ
2883 1798 3085 1867 κυρίας
3128 1797 3236 1850 τῶν
3263 1795 3513 1866 ἡμερῶν,
3550 1812 3685 1847 ταυ-

418 1885 523 1931 tem
556 1880 733 1935 noctis
769 1882 1137 1940 illustrantes.
1179 1884 1248 1940 Et
1275 1888 1453 1943 adhuc
1480 1903 1616 1945 sane
1643 1904 1709 1944 ex
1744 1900 1916 1960 parte,
1937 1900 1991 1946 et

2103 1893 2187 1946 τὸν
2214 1891 2272 1946 δὲ
2317 1893 2512 1957 εἰπεῖν,
2557 1892 2775 1959 ἁπάσης
2807 1891 3022 1961 ἡμέρας
3070 1888 3323 1942 ἐντεῦθεν
3372 1886 3683 1957 ἀρχόμεθα,

416 1970 647 2026 minoris
675 1973 844 2040 partis
873 1976 1135 2045 temporis
1162 1977 1325 2035 divisi
1352 1980 1561 2036 scilicet
1586 1981 1858 2047 noctis,et
1880 1981 1989 2037 diei

423 2062 696 2118 manentis
723 2063 1112 2132 indivisi,hinc
1151 2070 1346 2125 merito
1380 2072 1705 2142 hymnorum
1739 2074 1791 2127 in
1823 2071 1989 2128 Deum

422 2150 639 2205 initium
676 2153 986 2212 faceremus
1019 2159 1160 2215 unde
1202 2161 1491 2233 vigilantes
1533 2179 1817 2219 manemus
1852 2180 1991 2235 quo-

424 2237 668 2309 adusque
707 2258 809 2296 nox
850 2247 1045 2301 iterum
1081 2251 1476 2318 superveniens
1498 2254 1563 2307 ad
1596 2255 1831 2322 quietem
1888 2269 1991 2310 nos

422 2343 663 2388 revocet.
724 2336 1047 2407 Exemplum
1098 2342 1343 2410 prmbent
1402 2353 1455 2397 et
1520 2345 1685 2399 David
1751 2346 1992 2401 dicens:

420 2420 601 2478 Media
653 2438 803 2482 nocte
872 2432 1149 2501 surgebam
1203 2436 1274 2488 ad
1304 2436 1660 2504 confitendum
1686 2439 1782 2491 tibi
1816 2440 1900 2503 ul;
1941 2448 1996 2492 ct

418 2513 640 2572 inNovo
667 2516 1019 2578 Testamento
1078 2524 1283 2582 Paulus
1326 2538 1381 2582 et
1430 2526 1572 2583 Silas
1607 2530 1783 2584 media
1837 2540 1995 2585 nocte

424 2607 641 2677 hymnis
669 2610 835 2665 Deum
871 2624 1119 2681 orantes,
1154 2618 1375 2686 quando
1411 2621 1631 2689 quidem
1668 2619 1872 2676 factum
1909 2630 1996 2676 est

421 2701 553 2753 illud
615 2718 868 2774 magnum
916 2706 1242 2764 miraculum
1275 2727 1381 2779 quo
1416 2711 1596 2765 soluta
1647 2723 1776 2768 sunt
1803 2728 1992 2767 eorum

425 2792 662 2859 vincula,
705 2805 759 2851 et
790 2798 856 2852 ad
884 2797 1045 2855 ﬁdem
1086 2814 1391 2857 conversus
1423 2815 1508 2858 est
1537 2813 1746 2859 custos.
1783 2804 1850 2861 Et
1882 2806 1997 2876 pri-

426 2899 573 2941 mum
605 2892 1030 2958 procumbentes
1080 2904 1160 2949 ter
1194 2895 1509 2963 adoramus,
1572 2897 1810 2953 demissa
1865 2915 1998 2957 voce

419 2977 664 3036 dicentes
700 2983 812 3036 haec
844 2981 1121 3041 Publiceni
1156 2987 1318 3044 verba
1346 3005 1362 3042 :
1395 2988 1555 3055 Deus,
1604 2993 1860 3059 propitius
1888 3002 1995 3048 esto

422 3072 550 3126 milii
603 3079 912 3143 peccatori;
944 3090 998 3135 et
1033 3080 1192 3138 istius
1248 3084 1467 3140 modum
1530 3086 1724 3141 orandi
1752 3088 1833 3142 vel
1880 3088 1998 3156 ipso

426 3167 612 3223 habitu
676 3170 1009 3229 imitantes:
1075 3174 1328 3243 Nolebat,
1383 3180 1551 3247 enim,
1589 3181 1666 3236 ait
1724 3181 1994 3248 Christus,

2099 1985 2313 2055 δαψιλεῖ
2348 1984 2423 2053 τῷ
2458 1985 2592 2065 πυρὶ
2634 1983 2694 2036 τὸ
2720 1984 2823 2053 τῆς
2847 1982 3043 2044 νυκτὸς
3080 1982 3330 2035 ελλεῖπον
3358 1980 3681 2045 καταφωτξο

2101 2078 2309 2142 ζοντες.
2342 2076 2455 2131 Καὶ
2486 2077 2622 2145 πρός
2668 2092 2732 2143 γε
2787 2074 2867 2127 ἔτι
2921 2075 3014 2128 τοῦ
3047 2074 3145 2142 μὲν
3188 2071 3431 2143 χείρονος
3479 2071 3681 2140 μέρους

2100 2169 2196 2225 τοῦ
2230 2171 2423 2241 χρόνου
2451 2168 2857 2239 διαιρουμένου,
2891 2166 3092 2238 δηλαδὴ
3124 2168 3225 2234 τῆς
3250 2164 3468 2228 νυκτὸς,
3493 2164 3594 2229 τῆς
3622 2162 3676 2213 δὲ

2099 2262 2317 2333 ἡμέρας
2347 2260 2659 2330 ἀδιαιρέτου
2696 2258 2986 2328 μενούσης,
3032 2257 3261 2318 εἰκότως
3309 2254 3379 2309 ἂν
3430 2254 3677 2307 ἐντεῦθεν

2103 2352 2395 2423 ποιοίμεθα
2431 2351 2532 2421 τὴν
2562 2350 2738 2420 ἀρχὴν
2766 2350 2875 2402 τῶν
2912 2349 3048 2419 πρὸς
3081 2347 3216 2400 eam
3244 2346 3456 2415 ὕμνων,
3487 2343 3584 2411 ἀφ’
3619 2335 3679 2395 οὗ

2103 2446 2197 2498 καὶ
2225 2445 2630 2514 γρηγοροῦντες
2660 2441 3038 2510 διατελοῦμεν,
3070 2440 3180 2493 ἔστ’
3210 2439 3277 2492 διν
3303 2439 3335 2508 ἡ
3368 2438 3465 2501 νὺξ
3496 2437 3684 2487 ἐπιλα-

2105 2536 2278 2589 δοῦσα
2310 2536 2497 2600 πάλιν,
2527 2537 2607 2598 εἰς
2633 2535 2734 2602 τὴν
2756 2535 3068 2589 ἀνάπαυσιν
3099 2529 3471 2601 παραπέμψῃ,
3514 2529 3686 2581 Ὑπό-

2103 2630 2304 2701 δειγμα
2333 2629 2389 2682 δὲ
2420 2629 2447 2681 ὃ
2480 2644 2538 2681 τε
2570 2628 2736 2681 Δαὸὶδ
2764 2628 2961 2694 λέγων,
3005 2625 3424 2680 Μεσονύκτιον
3454 2621 3689 2687 ἐξηγει-

2098 2722 2295 2791 ρόμην
2326 2721 2433 2775 τοῦ
2459 2716 2954 2788 ἐξομολογεῖσθαι
2999 2734 3118 2770 σοι.
3147 2716 3259 2768 Καὶ
3296 2716 3351 2766 έν
3390 2716 3455 2784 τῇ
3506 2716 3687 2782 Καινῇ

2105 2814 2321 2878 Παῦλος
2361 2814 2453 2867 καὶ
2478 2814 2659 2875 Σίλας,
2690 2812 2740 2865 οῗ
2771 2812 2912 2865 κατά
2953 2812 3011 2863 τὸ
3057 2808 3415 2879 μεσονύκτιον
3446 2823 3690 2877 προσευο

2105 2908 2327 2979 χόμενοι
2356 2905 2561 2974 ὕμνουν
2588 2906 2679 2959 τὸν
2704 2905 2857 2969 θεὸν,
2890 2905 2977 2957 ὅτε
3012 2902 3076 2972 δὴ
3099 2903 3194 2955 καὶ
3222 2901 3279 2953 τὸ
3307 2900 3449 2969 μέγα
3481 2897 3687 2966 γέγονε

2116 3002 2303 3072 θαῦμα
2330 3002 2430 3072 τῆς
2462 2999 2641 3054 αὐτῶν
2666 3000 2903 3060 ἀνέσεως
2936 2997 3043 3050 τῶν
3070 2994 3304 3063 δεσμῶν,
3337 2992 3431 3045 καὶ
3453 2992 3550 3060 τῆς
3584 2989 3687 3043 τοῦ

2107 3094 2518 3163 δεσμοφύλακος
2582 3092 2663 3152 είς
2728 3091 2830 3161 τὴν
2897 3088 3082 3141 πίστιν
3149 3085 3509 3155 ἐπιστροφῆς.
3575 3084 3689 3136 Καὶ

2110 3187 2305 3255 πρῶτα
2340 3187 2438 3252 μὲν
2470 3184 2872 3243 ὑποπίπτοντες
2910 3183 3004 3233 ἐπὶ
3040 3182 3193 3251 τρεῖς
3239 3174 3687 3247 προσκυνοῦμεν,

423 3253 505 3307 vel
550 3262 730 3311 oculos
772 3260 843 3312 ad
891 3261 1079 3318 cretum
1128 3263 1303 3320 levare
1334 3267 1401 3322 ιο.
1439 3268 1636 3325 Postea
1700 3272 1993 3330 inclinatos

2103 3253 2577 3347 ὑποφθεγγὸμενοι
2620 3276 2719 3339 τάς
2762 3274 3064 3335 τελωνικὰς
3115 3272 3334 3334 ὲκείνας
3378 3270 3582 3338 φωνάς’
3624 3270 3689 3320 Ὀ

424 3346 619 3400 iterum
660 3365 883 3421 surgere
911 3354 1250 3423 signiﬁcaret
1276 3360 1584 3415 animarum
1634 3363 1687 3417 in
1751 3363 1853 3419 hac
1883 3365 1995 3419 vita

422 3443 869 3499 constitutionem
915 3446 971 3502 in
1000 3448 1224 3506 modum
1272 3452 1465 3523 Euripi
1496 3455 1780 3513 reﬂuentis
1817 3461 1995 3515 etite-

423 3546 543 3585 rum
568 3533 885 3602 proﬂuentis
904 3541 1049 3609 quod
1074 3558 1182 3598 non
1199 3553 1417 3614 oportet
1441 3548 1495 3601 in
1521 3548 1729 3603 malitia
1750 3550 1999 3616 iacentes

426 3642 670 3693 manere,
700 3630 795 3685 sed
830 3648 1121 3705 assurgere
1144 3638 1438 3707 adiuvante
1465 3641 1672 3708 Spiritu
1708 3644 1764 3696 in
1795 3647 1999 3699 oratio-

424 3718 587 3775 nibus
610 3723 958 3779 inlirmitstes
985 3735 1227 3783 uestras.

2104 3371 2272 3438 Θεὸς,
2304 3371 2588 3434 ἱλάσθητί
2613 3387 2713 3437 μοι
2737 3366 2816 3433 τῷ
2842 3366 3192 3436 ἁμαρτωλῷ,
3224 3363 3555 3432 μιμούμενοι
3582 3362 3687 3414 κάν

2104 3461 2179 3529 τῷ
2211 3462 2454 3530 σχήματι
2476 3459 2577 3523 τῆς
2615 3458 2923 3527 προσευχῆς
2946 3457 3155 3509 ἐκείνου
3176 3456 3267 3507 τὸν
3294 3453 3493 3523 τρόπον
3511 3470 3524 3483 ·
3562 3454 3689 3506 Οὐκ

2104 3555 2286 3622 ἤθελε
2320 3554 2449 3621 γὰρ,
2488 3555 2675 3621 φησιν,
2704 3540 2848 3604 οὐδὲ
2900 3548 3045 3614 τοὺς
3073 3547 3424 3617 ὀφθαλμοὺς
3467 3546 3554 3610 είς
3580 3544 3690 3597 τὸν

2104 3644 2371 3713 οὐρανὸν
2412 3642 2665 3711 ἐπᾶραν
2715 3644 2907 3695 ἔπειτα
2954 3640 3046 3692 καὶ
3096 3639 3158 3692 τὸ
3191 3637 3689 3707 προσκλινομένους

2105 3737 2431 3792 ἀνίστασθαι
2477 3738 2642 3790 πάλιν
2691 3738 2919 3808 σημεῖον
2972 3735 3038 3789 ἂν
3095 3735 3180 3802 εἴη
3227 3735 3326 3803 τῆς
3362 3733 3418 3785 ἐν
3454 3730 3533 3800 τῷ
3582 3728 3688 3799 βίῳ

392 3815 595 3891 ,τούτῳ
624 3818 1014 3882 καταστάσεως
1048 3821 1159 3875 τῶν
1194 3822 1407 3893 ψυχῶν,
1438 3828 1679 3898 Εὐρίπου
1716 3829 1871 3898 δίκην
1909 3832 2002 3885 ἐπὶ
2043 3833 2101 3886 τὸ
2136 3832 2319 3903 χεῖρόν
2355 3850 2414 3885 τε
2451 3832 2891 3902 ὐποφερομένης,
2939 3830 3035 3882 καὶ
3093 3828 3247 3891 αὖθις
3320 3823 3687 3893 ἀνοιγομένης·

419 3909 495 3970 ὡς
524 3910 584 3962 οὐ
641 3909 763 3964 δέον
817 3913 1215 3984 ἐγκαταμένειν
1268 3921 1336 3989 τῇ
1391 3921 1629 3993 πονηρίᾳ
1714 3926 2022 3993 κειμένους,
2079 3926 2195 3980 ἀλλ’
2251 3927 2579 3980 ἀνίστασθαι
2656 3921 3291 3993 συναντιλαμὸανομένου
3365 3916 3459 3971 τοῦ
3518 3912 3690 3970 Πνεῦ-

422 4020 590 4072 ματος
616 4005 674 4060 ἐν
706 4009 769 4077 τῇ
803 4014 1078 4082 προσευχῇ
1111 4014 1232 4076 ταῖς
1257 4016 1567 4081 ἀσθενείαις
1594 4021 1771 4091 ἡμῶν.

492 4100 717 4158 Omnem
777 4103 941 4175 igitur
997 4112 1299 4168 orationem
1350 4116 1462 4172 sive
1510 4116 1831 4188 incipientes
1881 4120 1996 4175 sive

422 4196 671 4252 linientes
701 4199 783 4255 sic
824 4202 1061 4270 agimus,
1103 4206 1406 4264 indicantes
1441 4210 1599 4265 nobis
1640 4212 1704 4265 ad
1735 4212 1903 4267 Deum
1938 4215 1990 4268 in

424 4292 732 4347 humilitate
766 4296 1156 4365 accedendum,
1187 4310 1240 4355 et
1268 4302 1459 4357 eodem
1516 4305 1679 4360 modo
1714 4307 1780 4362 ad
1808 4308 1987 4363 debita

418 4396 580 4449 opera
606 4386 862 4442 euntibus
917 4388 989 4444 ab
1034 4404 1098 4445 eo
1149 4392 1578 4452 abscedendum'.
1623 4396 1990 4469 Protinusque

422 4488 545 4527 cum
600 4474 653 4527 in
713 4479 946 4533 ecclesia
996 4496 1189 4536 sumus
1232 4491 1286 4539 et
1328 4487 1666 4544 sacerdotem
1728 4491 1993 4549 habemus

419 4579 889 4637 eompreeantem,
917 4578 1221 4631 orationem
1254 4579 1478 4635 inchoat
1523 4583 1612 4636 ille
1656 4583 1763 4639 Deo
1805 4586 1993 4643 dicens

419 4667 474 4712 et
507 4673 626 4725 quas
658 4661 724 4715 ad
762 4664 962 4730 gratias
989 4668 1260 4735 agendum
1311 4686 1374 4725 ex
1406 4673 1585 4729 verbis
1619 4678 1993 4745 apostolorum

2174 4122 2367 4191 Πάσης
2398 4115 2492 4173 οὖν
2525 4117 2839 4190 προσευχῆς
2891 4112 3185 4185 ἀρχόμενοί
3229 4128 3288 4165 τε
3351 4109 3449 4163 καὶ
3491 4109 3691 4178 λήγον-

2100 4231 2193 4278 τες
2250 4212 2393 4266 οὕτω
2458 4210 2743 4280 ποιοῦμεν,
2796 4205 3086 4277 δηλοῦντες
3133 4204 3207 4267 ῶς
3269 4203 3328 4256 έν
3352 4201 3691 4254 ταπεινώσει

2102 4305 2397 4375 προσιτέον
2463 4300 2730 4371 σε’Θεῷ,
2798 4302 2892 4354 καὶ
2962 4296 3121 4359 αὖθις
3190 4293 3548 4358 ἀποστατέον,
3589 4292 3692 4342 ἐπὶ

2099 4402 2168 4453 τά
2226 4399 2576 4466 προσήκοντα
2631 4394 2741 4448 τῶν
2784 4395 2963 4462 ἔργων
2997 4387 3474 4460 μεταχωροῦντας.
3522 4384 3695 4453 Ἑξῆς

2101 4496 2158 4549 δὲ
2198 4496 2254 4546 ὲν
2313 4490 2578 4560 ἐκκλησίᾳ
2628 4488 2727 4558 μὲν
2783 4486 2956 4550 ὄντες,
3003 4484 3098 4538 καὶ
3148 4482 3343 4552 ἱερέως
3382 4479 3693 4550 εὐποροῦν-

2100 4604 2191 4647 τες
2255 4582 2676 4652 σνινευκομένου,
2733 4578 2920 4632 τοῦτον
2995 4576 3195 4647 ἔχομεν
3267 4572 3682 4643 προανακρούο-

2110 4693 2270 4743 μενον
2317 4675 2417 4743 τὴν
2480 4670 2666 4740 εὐχὴν,
2710 4669 2804 4722 καὶ
2865 4667 2935 4720 τὰ
2995 4666 3093 4733 τῆς
3151 4663 3512 4731 εὐχαριστίας
3570 4659 3696 4729 Θεῷ

421 4751 665 4819 arci-pit;
702 4755 1076 4823 apostolorum
1125 4760 1268 4813 enim
1314 4764 1635 4834 coryphaeus
1695 4766 1904 4829 Petrus,
1946 4768 1993 4820 in

2108 4763 2627 4835 προσφθεγγόμενον
2696 4761 2759 4812 ὲκ
2810 4758 2920 4810 τῶν
2989 4754 3369 4810 ἀποστολικῶν
3424 4751 3693 4822 ῥημάτων

423 4841 597 4910 prima
623 4846 853 4914 epistola
882 4849 1145 4906 catholica
1170 4852 1353 4908 statim
1379 4870 1408 4908 a
1440 4857 1705 4925 principio
1734 4874 1747 4911 :
1778 4856 2000 4911 Benedi-

426 4947 569 4999 ctus,
611 4937 707 5002 ait,
745 4937 885 4993 Deus
918 4949 966 4994 et
1015 4941 1179 4998 Pater
1233 4944 1449 5001 Domini
1482 4950 1650 5003 nostri
1682 4948 1810 5003 Jesu
1843 4948 2004 5003 Chri-

426 5028 493 5080 sti
524 5043 544 5092 ;
574 5037 628 5083 et
657 5032 846 5085 eadem
875 5034 1040 5089 etiam
1072 5037 1231 5092 divus
1257 5038 1458 5095 Paulus
1490 5041 1649 5095 habet
1694 5051 1748 5096 et
1804 5042 1854 5095 in
1917 5058 2003 5098 se-

423 5122 601 5176 cunda
630 5122 695 5176 ad
730 5124 1078 5195 Corinthios,
1118 5138 1165 5184 et
1211 5132 1265 5185 in
1303 5134 1465 5188 unica
1492 5136 1556 5188 ad
1581 5134 1855 5205 Ephesios
1876 5139 1999 5193 etin

422 5213 547 5268 aliis
578 5231 815 5287 quoque.
852 5250 924 5261 —
959 5220 1066 5276 Per
1090 5238 1267 5292 preces
1295 5235 1603 5280 sanctorum
1652 5227 1882 5284 Patrum
1911 5247 2003 5285 no-

423 5315 679 5364 strorum.
702 5340 773 5351 -—
798 5311 906 5382 lpsi
948 5324 1127 5371 autem
1157 5332 1280 5372 cum
1311 5320 1603 5387 separatim
1643 5336 1858 5387 sumus,
1892 5339 2000 5379 non

423 5398 534 5467 jam
572 5405 781 5473 gratias
836 5409 1048 5477 agimus
1093 5411 1187 5465 sed
1243 5413 1545 5469 orationem
1602 5415 1875 5484 supplices
1912 5416 2001 5471 in-

426 5491 715 5561 choamus,
746 5506 802 5554 et
830 5509 1053 5558 sanctos
1088 5500 1279 5559 Patres
1334 5516 1551 5562 nostros
1604 5507 2001 5563 intercessores

426 5589 481 5637 et
503 5586 834 5645 mediatores
869 5591 1213 5651 adhibemus.
1275 5594 1705 5652 Misericordiam
1739 5596 2001 5665 consequi

426 5689 588 5743 quam
624 5680 860 5749 petimus
911 5685 1121 5754 justum
1152 5697 1255 5743 est.
1314 5687 1585 5746 Sacerdos
1614 5690 1760 5744 enim
1817 5695 2004 5758 utpote

2105 4856 2445 4926 ἐξειληφότσ.
2507 4855 2710 4921 Πέτρος
2769 4849 2867 4920 μὲν
2923 4848 3031 4919 γὰρ
3094 4847 3121 4899 ὁ
3167 4846 3462 4914 κορυφαῖος
3519 4845 3577 4895 ἐν
3619 4846 3693 4911 τῆ

2103 4950 2212 5004 τῶν
2252 4946 2568 5001 Καθολικῶν
2626 4944 2817 5017 πρώτῃ
2868 4943 3004 5012 μετὰ
3057 4941 3156 5010 τὴν
3201 4938 3529 5009 προγριφὴν
3600 4938 3695 4987 εὖ.

2106 5041 2264 5103 θέως,
2296 5036 2667 5121 Εὐλογητὸς)
2711 5035 2895 5105 φησὶν,
2935 5036 2967 5086 ὀ
3008 5032 3154 5096 Θεὸς
3199 5030 3298 5083 καί
3351 5027 3552 5121 Πατὴρ
3584 5027 3698 5121 τοῦ

2104 5133 2333 5199 Κυρίου
2362 5130 2534 5199 ἡμῶν
2578 5119 2776 5196 Ἰησοῦ
2812 5124 3095 5194 Χριστοῦ.
3133 5122 3283 5176 Αὐτά
3322 5119 3573 5173 δὲταῦτα
3599 5119 3702 5172 καὶ

2106 5227 2135 5280 ὁ
2164 5224 2440 5287 θειότατος
2471 5222 2683 5283 Παῦλος
2718 5219 2777 5271 ἐν
2802 5237 2862 5272 τε
2897 5221 2963 5289 τῇ
2997 5216 3136 5287 πρὸς
3165 5212 3484 5284 Κορινθίους
3507 5211 3702 5262 δευτέ-

2111 5333 2201 5389 ρᾳ,
2235 5316 2330 5369 καὶ
2348 5317 2411 5384 τῇ
2441 5316 2579 5385 πρὸς
2625 5311 2931 5380 Ἐφεσίους,
2965 5310 3063 5363 καὶ
3112 5308 3176 5377 δὴ
3219 5306 3314 5360 καὶ
3373 5306 3429 5357 ὲν
3476 5301 3697 5363 ἄλλαις.

2106 5412 2261 5465 -Δι’
2287 5409 2485 5479 εὐχῶν
2518 5406 2637 5460 τῶν
2666 5406 2850 5474 ἁγίων
2882 5400 3161 5469 Πατέρων
3204 5397 3395 5467 ἡμῶν.
3427 5422 3497 5435 -—
3528 5396 3702 5448 Αὐτοὶ

2105 5504 2162 5558 δὲ
2196 5503 2319 5557 καθ’
2351 5500 2586 5562 ἑαυτοὺς
2652 5499 2827 5563 ὄντες,
2875 5495 3061 5548 οὐκέτι
3111 5491 3211 5557 μὲν
3251 5487 3700 5560 εὐχαριστήριον,

2112 5597 2319 5651 ἱκέσιον
2350 5594 2409 5648 δὲ
2440 5592 2751 5663 προᾴδομεν
2778 5589 2879 5660 τὴν
2938 5586 3122 5657 εὐχὴν,
3173 5585 3267 5638 καὶ
3334 5584 3460 5645 τοὺς
3503 5578 3702 5647 ἁγίους

2117 5689 2274 5760 ἡμῶν
2299 5687 2548 5756 Πατέρας
2575 5683 2800 5755 μεσίτας
2838 5682 2932 5734 καὶ
2958 5678 3220 5751 πρέσϐεις
3268 5672 3702 5746 παμλαμὸἀνδ-

502 5855 542 5886 ⁸³
570 5856 674 5913 lsa.
705 5873 781 5925 ix,
808 5857 879 5924 2;
908 5858 1093 5921 Matth.
1119 5865 1307 5933 ιν,16.
1385 5868 1427 5899 “
1457 5866 1654 5940 Ephes.
1684 5882 1738 5937 v,
1777 5870 1861 5925 M.
1928 5869 1971 5901 ¹⁵
1997 5865 2141 5923 Psal.
2171 5881 2362 5933 cxvm,
2390 5867 2479 5921 62.
2545 5865 2589 5896 ”
2609 5864 2742 5920 Luc.
2771 5877 2927 5926 xvm,
2956 5862 3044 5916 13.
