  <div class='ocr_page' id='page_1' title='image "/cluster/home/n/w/nwhite01/storage/ocr_20150623/160/hvd.32044073502692/592.png"; bbox 0 0 3956 6200; ppageno 0'>
   <div class='ocr_carea' id='block_1_1' title="bbox 315 273 449 339">
    <p class='ocr_par' dir='ltr' id='par_1_1' title="bbox 315 273 449 339">
     <span class='ocr_line' id='line_1_1' title="bbox 315 273 449 339; baseline 0.022 -4"><span class='ocrx_word' id='word_1_1' title='bbox 315 273 449 339; x_wconf 81' lang='grc'>1169</span> 
     </span>
    </p>
   </div>
   <div class='ocr_carea' id='block_1_2' title="bbox 1221 270 2633 339">
    <p class='ocr_par' dir='ltr' id='par_1_2' title="bbox 1221 270 2633 339">
     <span class='ocr_line' id='line_1_2' title="bbox 1221 270 2633 339; baseline -0.006 -8"><span class='ocrx_word' id='word_1_2' title='bbox 1221 273 1459 333; x_wconf 67' lang='lat' dir='ltr'><strong>MARCl</strong></span> <span class='ocrx_word' id='word_1_3' title='bbox 1500 272 1875 333; x_wconf 83' lang='lat' dir='ltr'><strong>EUGENICI</strong></span> <span class='ocrx_word' id='word_1_4' title='bbox 1917 271 2016 333; x_wconf 84' lang='lat' dir='ltr'><strong>DE</strong></span> <span class='ocrx_word' id='word_1_5' title='bbox 2052 270 2292 339; x_wconf 85' lang='lat' dir='ltr'><strong>OFFIC.</strong></span> <span class='ocrx_word' id='word_1_6' title='bbox 2341 270 2633 332; x_wconf 71' lang='lat' dir='ltr'><strong>ECCI.ES.</strong></span> 
     </span>
    </p>
   </div>
   <div class='ocr_carea' id='block_1_3' title="bbox 3423 273 3561 344">
    <p class='ocr_par' dir='ltr' id='par_1_3' title="bbox 3423 273 3561 344">
     <span class='ocr_line' id='line_1_3' title="bbox 3423 273 3561 344; baseline 0.014 -4"><span class='ocrx_word' id='word_1_7' title='bbox 3423 273 3561 344; x_wconf 81' lang='grc' dir='ltr'><strong>11Ἷο</strong></span> 
     </span>
    </p>
   </div>
   <div class='ocr_carea' id='block_1_4' title="bbox 316 379 1896 462">
    <p class='ocr_par' dir='ltr' id='par_1_4' title="bbox 316 379 1887 462">
     <span class='ocr_line' id='line_1_4' title="bbox 316 379 1887 462; baseline -0.002 -19"><span class='ocrx_word' id='word_1_8' title='bbox 316 406 435 462; x_wconf 87' lang='grc' dir='ltr'>μεν.</span> <span class='ocrx_word' id='word_1_9' title='bbox 486 379 564 443; x_wconf 78' lang='grc' dir='ltr'>Οὗ</span> <span class='ocrx_word' id='word_1_10' title='bbox 616 388 796 457; x_wconf 79' lang='grc' dir='ltr'><strong>τυχεῖν</strong></span> <span class='ocrx_word' id='word_1_11' title='bbox 829 387 1012 450; x_wconf 75' lang='grc' dir='ltr'>ἐλέους</span> <span class='ocrx_word' id='word_1_12' title='bbox 1070 384 1353 456; x_wconf 84' lang='grc' dir='ltr'>αἰτοῦμεν,</span> <span class='ocrx_word' id='word_1_13' title='bbox 1390 385 1638 449; x_wconf 77' lang='grc' dir='ltr'><strong>εἰκότως.</strong></span> <span class='ocrx_word' id='word_1_14' title='bbox 1694 386 1753 439; x_wconf 89' lang='grc' dir='ltr'>Ὁ</span> <span class='ocrx_word' id='word_1_15' title='bbox 1787 387 1887 456; x_wconf 80' lang='grc' dir='ltr'>μὲν</span> 
     </span>
    </p>
   </div>
   <div class='ocr_carea' id='block_1_5' title="bbox 2002 379 3564 462">
    <p class='ocr_par' dir='ltr' id='par_1_5' title="bbox 2002 384 3564 461">
     <span class='ocr_line' id='line_1_5' title="bbox 2002 384 3564 461; baseline 0.004 -19"><span class='ocrx_word' id='word_1_16' title='bbox 2002 388 2109 456; x_wconf 83' lang='lat' dir='ltr'><strong>ipse</strong></span> <span class='ocrx_word' id='word_1_17' title='bbox 2169 386 2438 441; x_wconf 75' lang='lat' dir='ltr'><strong>mediator</strong></span> <span class='ocrx_word' id='word_1_18' title='bbox 2468 384 2635 440; x_wconf 89' lang='lat' dir='ltr'><strong>Deum</strong></span> <span class='ocrx_word' id='word_1_19' title='bbox 2683 386 2822 442; x_wconf 88' lang='lat' dir='ltr'><strong>inter</strong></span> <span class='ocrx_word' id='word_1_20' title='bbox 2861 397 2915 443; x_wconf 85' lang='lat' dir='ltr'><strong>et</strong></span> <span class='ocrx_word' id='word_1_21' title='bbox 2964 387 3216 446; x_wconf 77' lang='lat' dir='ltr'><strong>homines</strong></span> <span class='ocrx_word' id='word_1_22' title='bbox 3245 387 3564 461; x_wconf 79' lang='lat' dir='ltr'><strong>Christique</strong></span> 
     </span>
    </p>
   </div>
   <div class='ocr_carea' id='block_1_6' title="bbox 314 474 1889 546">
    <p class='ocr_par' dir='ltr' id='par_1_6' title="bbox 314 474 1889 546">
     <span class='ocr_line' id='line_1_6' title="bbox 314 474 1889 546; baseline -0.001 -17"><span class='ocrx_word' id='word_1_23' title='bbox 314 477 425 545; x_wconf 76' lang='grc' dir='ltr'>γὰρ</span> <span class='ocrx_word' id='word_1_24' title='bbox 453 475 650 545; x_wconf 76' lang='grc' dir='ltr'>ἰερεὺς,</span> <span class='ocrx_word' id='word_1_25' title='bbox 678 474 837 537; x_wconf 72' lang='grc' dir='ltr'>αὐτὸς</span> <span class='ocrx_word' id='word_1_26' title='bbox 858 474 932 527; x_wconf 85' lang='grc' dir='ltr'>ὣν</span> <span class='ocrx_word' id='word_1_27' title='bbox 956 476 984 528; x_wconf 85' lang='grc' dir='ltr'>ὁ</span> <span class='ocrx_word' id='word_1_28' title='bbox 1021 475 1247 545; x_wconf 78' lang='grc' dir='ltr'><strong>μεσίτης</strong></span> <span class='ocrx_word' id='word_1_29' title='bbox 1281 476 1415 529; x_wconf 86' lang='grc' dir='ltr'>Θεοῦ</span> <span class='ocrx_word' id='word_1_30' title='bbox 1440 476 1531 530; x_wconf 85' lang='grc' dir='ltr'>καὶ</span> <span class='ocrx_word' id='word_1_31' title='bbox 1563 475 1889 546; x_wconf 83' lang='grc' dir='ltr'>ἀνθρώπων,</span> 
     </span>
    </p>
   </div>
   <div class='ocr_carea' id='block_1_7' title="bbox 315 568 1893 640">
    <p class='ocr_par' dir='ltr' id='par_1_7' title="bbox 315 568 1893 640">
     <span class='ocr_line' id='line_1_7' title="bbox 315 568 1893 640; baseline -0.001 -16"><span class='ocrx_word' id='word_1_32' title='bbox 315 571 503 624; x_wconf 73' lang='grc' dir='ltr'>εἰκόνα</span> <span class='ocrx_word' id='word_1_33' title='bbox 536 568 723 632; x_wconf 79' lang='grc' dir='ltr'>σώζων</span> <span class='ocrx_word' id='word_1_34' title='bbox 750 569 1012 637; x_wconf 79' lang='grc' dir='ltr'><strong>Χριστοῦ,</strong></span> <span class='ocrx_word' id='word_1_35' title='bbox 1036 569 1291 639; x_wconf 85' lang='grc' dir='ltr'>καθάπερ</span> <span class='ocrx_word' id='word_1_36' title='bbox 1316 570 1417 640; x_wconf 73' lang='grc' dir='ltr'>ἥδη</span> <span class='ocrx_word' id='word_1_37' title='bbox 1470 569 1697 639; x_wconf 78' lang='grc' dir='ltr'>βεὸαίαν</span> <span class='ocrx_word' id='word_1_38' title='bbox 1754 570 1893 639; x_wconf 73' lang='grc' dir='ltr'>ἔχων</span> 
     </span>
    </p>
   </div>
   <div class='ocr_carea' id='block_1_8' title="bbox 319 661 1893 734">
    <p class='ocr_par' dir='ltr' id='par_1_8' title="bbox 319 661 1893 734">
     <span class='ocr_line' id='line_1_8' title="bbox 319 661 1893 734; baseline 0.001 -19"><span class='ocrx_word' id='word_1_39' title='bbox 319 661 694 731; x_wconf 80' lang='grc' dir='ltr'><strong>πληροφορίαν</strong></span> <span class='ocrx_word' id='word_1_40' title='bbox 723 662 851 732; x_wconf 79' lang='grc' dir='ltr'>περὶ</span> <span class='ocrx_word' id='word_1_41' title='bbox 876 662 986 715; x_wconf 82' lang='grc' dir='ltr'>τῶν</span> <span class='ocrx_word' id='word_1_42' title='bbox 1039 664 1380 734; x_wconf 74' lang='grc' dir='ltr'><strong>αἰτημάτων,</strong></span> <span class='ocrx_word' id='word_1_43' title='bbox 1417 663 1734 734; x_wconf 82' lang='grc' dir='ltr'>εὐχαριστεῖ</span> <span class='ocrx_word' id='word_1_44' title='bbox 1794 666 1893 734; x_wconf 78' lang='grc' dir='ltr'>τῆς</span> 
     </span>
    </p>
   </div>
   <div class='ocr_carea' id='block_1_9' title="bbox 316 747 1894 825">
    <p class='ocr_par' dir='ltr' id='par_1_9' title="bbox 316 747 1894 825">
     <span class='ocr_line' id='line_1_9' title="bbox 316 747 1894 825; baseline 0.003 -20"><span class='ocrx_word' id='word_1_45' title='bbox 316 770 375 805; x_wconf 90' lang='grc' dir='ltr'><strong>τε</strong></span> <span class='ocrx_word' id='word_1_46' title='bbox 410 754 486 815; x_wconf 79' lang='grc' dir='ltr'><strong>εἰς</strong></span> <span class='ocrx_word' id='word_1_47' title='bbox 512 753 572 805; x_wconf 77' lang='grc' dir='ltr'><strong>τὸ</strong></span> <span class='ocrx_word' id='word_1_48' title='bbox 602 747 740 807; x_wconf 75' lang='grc' dir='ltr'>εἶναι</span> <span class='ocrx_word' id='word_1_49' title='bbox 787 753 945 824; x_wconf 82' lang='grc' dir='ltr'>ήμῶν</span> <span class='ocrx_word' id='word_1_50' title='bbox 1003 757 1344 825; x_wconf 73' lang='grc' dir='ltr'><strong>παραγωγῆς</strong></span> <span class='ocrx_word' id='word_1_51' title='bbox 1399 757 1580 823; x_wconf 76' lang='grc' dir='ltr'>ἕνεκα,</span> <span class='ocrx_word' id='word_1_52' title='bbox 1636 758 1731 813; x_wconf 76' lang='grc' dir='ltr'>καὶ</span> <span class='ocrx_word' id='word_1_53' title='bbox 1785 757 1894 810; x_wconf 80' lang='grc' dir='ltr'><strong>τῶν</strong></span> 
     </span>
    </p>
   </div>
   <div class='ocr_carea' id='block_1_10' title="bbox 315 845 1893 918">
    <p class='ocr_par' dir='ltr' id='par_1_10' title="bbox 315 845 1893 918">
     <span class='ocr_line' id='line_1_10' title="bbox 315 845 1893 918; baseline 0.002 -19"><span class='ocrx_word' id='word_1_54' title='bbox 315 846 558 916; x_wconf 81' lang='grc' dir='ltr'><strong>ἀρχῆθεν</strong></span> <span class='ocrx_word' id='word_1_55' title='bbox 608 845 775 900; x_wconf 84' lang='grc' dir='ltr'>αὑτοῦ</span> <span class='ocrx_word' id='word_1_56' title='bbox 834 848 972 918; x_wconf 77' lang='grc' dir='ltr'>πρὸς</span> <span class='ocrx_word' id='word_1_57' title='bbox 1018 850 1168 918; x_wconf 80' lang='grc' dir='ltr'>ἡμᾶς</span> <span class='ocrx_word' id='word_1_58' title='bbox 1214 849 1579 918; x_wconf 82' lang='grc' dir='ltr'>δωρημάτων,</span> <span class='ocrx_word' id='word_1_59' title='bbox 1640 850 1736 903; x_wconf 75' lang='grc' dir='ltr'>καὶ</span> <span class='ocrx_word' id='word_1_60' title='bbox 1785 851 1893 903; x_wconf 83' lang='grc' dir='ltr'><strong>τῶν</strong></span> 
     </span>
    </p>
   </div>
   <div class='ocr_carea' id='block_1_11' title="bbox 319 928 1894 1011">
    <p class='ocr_par' dir='ltr' id='par_1_11' title="bbox 319 928 1894 1011">
     <span class='ocr_line' id='line_1_11' title="bbox 319 928 1894 1011; baseline 0.003 -22"><span class='ocrx_word' id='word_1_61' title='bbox 319 928 546 1009; x_wconf 62' lang='grc' dir='ltr'>ὕστερον</span> <span class='ocrx_word' id='word_1_62' title='bbox 591 937 681 992; x_wconf 80' lang='grc' dir='ltr'>διὰ</span> <span class='ocrx_word' id='word_1_63' title='bbox 730 938 830 1006; x_wconf 82' lang='grc' dir='ltr'>τῆς</span> <span class='ocrx_word' id='word_1_64' title='bbox 870 939 978 1001; x_wconf 68' lang='grc' dir='ltr'>,τοῦ</span> <span class='ocrx_word' id='word_1_65' title='bbox 1028 940 1368 1008; x_wconf 82' lang='grc' dir='ltr'>Μονογενοῦς</span> <span class='ocrx_word' id='word_1_66' title='bbox 1420 943 1753 1011; x_wconf 86' lang='grc' dir='ltr'>σαρκώσεως</span> <span class='ocrx_word' id='word_1_67' title='bbox 1801 941 1894 994; x_wconf 82' lang='grc' dir='ltr'>καὶ</span> 
     </span>
    </p>
   </div>
   <div class='ocr_carea' id='block_1_12' title="bbox 317 1030 1894 1102">
    <p class='ocr_par' dir='ltr' id='par_1_12' title="bbox 317 1030 1894 1102">
     <span class='ocr_line' id='line_1_12' title="bbox 317 1030 1894 1102; baseline 0.004 -21"><span class='ocrx_word' id='word_1_68' title='bbox 317 1030 661 1097; x_wconf 78' lang='grc' dir='ltr'><strong>ἐπιφανείας,</strong></span> <span class='ocrx_word' id='word_1_69' title='bbox 692 1032 786 1084; x_wconf 80' lang='grc' dir='ltr'><strong>καί</strong></span> <span class='ocrx_word' id='word_1_70' title='bbox 832 1031 915 1084; x_wconf 78' lang='grc' dir='ltr'>ἐτι</span> <span class='ocrx_word' id='word_1_71' title='bbox 964 1033 1076 1086; x_wconf 83' lang='grc' dir='ltr'>τῶν</span> <span class='ocrx_word' id='word_1_72' title='bbox 1133 1033 1228 1086; x_wconf 87' lang='grc' dir='ltr'><strong>νῦν</strong></span> <span class='ocrx_word' id='word_1_73' title='bbox 1290 1034 1626 1102; x_wconf 78' lang='grc' dir='ltr'><strong>αἰτουμένων</strong></span> <span class='ocrx_word' id='word_1_74' title='bbox 1685 1050 1746 1087; x_wconf 87' lang='grc' dir='ltr'><strong>τε</strong></span> <span class='ocrx_word' id='word_1_75' title='bbox 1798 1035 1894 1088; x_wconf 70' lang='grc' dir='ltr'><strong>καὶ</strong></span> 
     </span>
    </p>
   </div>
   <div class='ocr_carea' id='block_1_13' title="bbox 318 1123 1896 1198">
    <p class='ocr_par' dir='ltr' id='par_1_13' title="bbox 318 1123 1896 1198">
     <span class='ocr_line' id='line_1_13' title="bbox 318 1123 1896 1198; baseline 0.004 -25"><span class='ocrx_word' id='word_1_76' title='bbox 318 1123 696 1191; x_wconf 68' lang='grc' dir='ltr'><strong>δοθησομένων</strong></span> <span class='ocrx_word' id='word_1_77' title='bbox 718 1140 733 1156; x_wconf 86' lang='grc'><strong>·</strong></span> <span class='ocrx_word' id='word_1_78' title='bbox 768 1123 959 1191; x_wconf 84' lang='grc' dir='ltr'>ὥσπερ</span> <span class='ocrx_word' id='word_1_79' title='bbox 998 1125 1162 1189; x_wconf 85' lang='grc' dir='ltr'>αὐτὸς</span> <span class='ocrx_word' id='word_1_80' title='bbox 1199 1127 1230 1179; x_wconf 81' lang='grc' dir='ltr'><strong>δ</strong></span> <span class='ocrx_word' id='word_1_81' title='bbox 1260 1126 1453 1197; x_wconf 81' lang='grc' dir='ltr'>Σωτὴρ</span> <span class='ocrx_word' id='word_1_82' title='bbox 1480 1128 1639 1196; x_wconf 75' lang='grc' dir='ltr'>ἡμῶν</span> <span class='ocrx_word' id='word_1_83' title='bbox 1695 1129 1788 1180; x_wconf 76' lang='grc' dir='ltr'>ὲπί</span> <span class='ocrx_word' id='word_1_84' title='bbox 1816 1128 1896 1198; x_wconf 81' lang='grc' dir='ltr'>τῷ</span> 
     </span>
    </p>
   </div>
   <div class='ocr_carea' id='block_1_14' title="bbox 318 1215 1895 1291">
    <p class='ocr_par' dir='ltr' id='par_1_14' title="bbox 318 1215 1895 1291">
     <span class='ocr_line' id='line_1_14' title="bbox 318 1215 1895 1291; baseline 0.006 -24"><span class='ocrx_word' id='word_1_85' title='bbox 318 1215 579 1284; x_wconf 79' lang='grc' dir='ltr'>Λαζάρῳ.</span> <span class='ocrx_word' id='word_1_86' title='bbox 609 1215 703 1268; x_wconf 70' lang='grc' dir='ltr'>καὶ</span> <span class='ocrx_word' id='word_1_87' title='bbox 734 1217 867 1284; x_wconf 73' lang='grc' dir='ltr'>πρὶν</span> <span class='ocrx_word' id='word_1_88' title='bbox 888 1218 1194 1288; x_wconf 82' lang='grc' dir='ltr'>ἀναστῆσαι</span> <span class='ocrx_word' id='word_1_89' title='bbox 1218 1222 1310 1271; x_wconf 70' lang='grc' dir='ltr'><strong>τὸν</strong></span> <span class='ocrx_word' id='word_1_90' title='bbox 1350 1221 1623 1289; x_wconf 84' lang='grc' dir='ltr'>κείμενον,</span> <span class='ocrx_word' id='word_1_91' title='bbox 1696 1224 1895 1291; x_wconf 80' lang='grc' dir='ltr'><strong>Εὐχα-</strong></span> 
     </span>
    </p>
   </div>
   <div class='ocr_carea' id='block_1_15' title="bbox 308 1308 1893 1383">
    <p class='ocr_par' dir='ltr' id='par_1_15' title="bbox 308 1308 1893 1383">
     <span class='ocr_line' id='line_1_15' title="bbox 308 1308 1893 1383; baseline 0.006 -24"><span class='ocrx_word' id='word_1_92' title='bbox 308 1308 501 1372; x_wconf 75' lang='grc' dir='ltr'>ριστῶ</span> <span class='ocrx_word' id='word_1_93' title='bbox 571 1323 693 1371; x_wconf 84' lang='grc' dir='ltr'>σοι,</span> <span class='ocrx_word' id='word_1_94' title='bbox 723 1310 861 1378; x_wconf 74' lang='grc' dir='ltr'>πρὸς</span> <span class='ocrx_word' id='word_1_95' title='bbox 928 1312 1021 1363; x_wconf 78' lang='grc' dir='ltr'>τὸν</span> <span class='ocrx_word' id='word_1_96' title='bbox 1097 1312 1321 1382; x_wconf 84' lang='grc' dir='ltr'>Πατέρα</span> <span class='ocrx_word' id='word_1_97' title='bbox 1381 1314 1568 1383; x_wconf 73' lang='grc' dir='ltr'>φησὶν,</span> <span class='ocrx_word' id='word_1_98' title='bbox 1616 1314 1707 1367; x_wconf 83' lang='grc' dir='ltr'>ὅτι</span> <span class='ocrx_word' id='word_1_99' title='bbox 1772 1333 1893 1382; x_wconf 80' lang='grc' dir='ltr'><strong>μου</strong></span> 
     </span>
    </p>
   </div>
   <div class='ocr_carea' id='block_1_16' title="bbox 315 1400 1895 1479">
    <p class='ocr_par' dir='ltr' id='par_1_16' title="bbox 315 1400 1895 1479">
     <span class='ocr_line' id='line_1_16' title="bbox 315 1400 1895 1479; baseline 0.005 -26"><span class='ocrx_word' id='word_1_100' title='bbox 315 1400 613 1468; x_wconf 81' lang='grc' dir='ltr'>ἤκουσας.</span> <span class='ocrx_word' id='word_1_101' title='bbox 662 1402 853 1472; x_wconf 87' lang='grc' dir='ltr'>Ἡμεῖς</span> <span class='ocrx_word' id='word_1_102' title='bbox 886 1404 942 1457; x_wconf 72' lang='grc' dir='ltr'>δὲ</span> <span class='ocrx_word' id='word_1_103' title='bbox 988 1406 1035 1457; x_wconf 85' lang='grc' dir='ltr'><strong>οἰ</strong></span> <span class='ocrx_word' id='word_1_104' title='bbox 1089 1406 1296 1469; x_wconf 69' lang='grc' dir='ltr'>πολλοὶ,</span> <span class='ocrx_word' id='word_1_105' title='bbox 1343 1406 1451 1459; x_wconf 80' lang='grc' dir='ltr'>τῶν</span> <span class='ocrx_word' id='word_1_106' title='bbox 1502 1407 1650 1461; x_wconf 86' lang='grc' dir='ltr'>ἰδίων</span> <span class='ocrx_word' id='word_1_107' title='bbox 1678 1409 1895 1479; x_wconf 81' lang='grc' dir='ltr'>μέτρων</span> 
     </span>
    </p>
   </div>
   <div class='ocr_carea' id='block_1_17' title="bbox 316 1495 1895 1567">
    <p class='ocr_par' dir='ltr' id='par_1_17' title="bbox 316 1495 1895 1567">
     <span class='ocr_line' id='line_1_17' title="bbox 316 1495 1895 1567; baseline 0.007 -22"><span class='ocrx_word' id='word_1_108' title='bbox 316 1495 691 1564; x_wconf 79' lang='grc' dir='ltr'>ἐπιγνώμονες</span> <span class='ocrx_word' id='word_1_109' title='bbox 711 1496 884 1560; x_wconf 75' lang='grc' dir='ltr'>ὄντες,</span> <span class='ocrx_word' id='word_1_110' title='bbox 926 1498 1215 1567; x_wconf 68' lang='grc' dir='ltr'>ἐλεηθῆναι</span> <span class='ocrx_word' id='word_1_111' title='bbox 1247 1499 1567 1567; x_wconf 83' lang='grc' dir='ltr'>αἰτούμεθα,</span> <span class='ocrx_word' id='word_1_112' title='bbox 1604 1502 1744 1555; x_wconf 77' lang='grc' dir='ltr'>κατὰ</span> <span class='ocrx_word' id='word_1_113' title='bbox 1803 1503 1895 1556; x_wconf 78' lang='grc' dir='ltr'>τὸν</span> 
     </span>
    </p>
   </div>
   <div class='ocr_carea' id='block_1_18' title="bbox 318 1586 1895 1660">
    <p class='ocr_par' dir='ltr' id='par_1_18' title="bbox 318 1586 1895 1660">
     <span class='ocr_line' id='line_1_18' title="bbox 318 1586 1895 1660; baseline 0.004 -21"><span class='ocrx_word' id='word_1_114' title='bbox 318 1586 515 1653; x_wconf 78' lang='grc' dir='ltr'>τυφλὸν</span> <span class='ocrx_word' id='word_1_115' title='bbox 544 1587 770 1650; x_wconf 74' lang='grc' dir='ltr'>ἐκεῖνον,</span> <span class='ocrx_word' id='word_1_116' title='bbox 834 1590 932 1658; x_wconf 82' lang='grc' dir='ltr'><strong>οὐχ</strong></span> <span class='ocrx_word' id='word_1_117' title='bbox 984 1589 1101 1642; x_wconf 79' lang='grc' dir='ltr'>υἰδν</span> <span class='ocrx_word' id='word_1_118' title='bbox 1165 1591 1350 1660; x_wconf 83' lang='grc' dir='ltr'>μέντοι</span> <span class='ocrx_word' id='word_1_119' title='bbox 1409 1592 1597 1653; x_wconf 70' lang='grc' dir='ltr'>Δαϐἶδ.</span> <span class='ocrx_word' id='word_1_120' title='bbox 1669 1593 1805 1645; x_wconf 85' lang='grc' dir='ltr'>Θεοῦ</span> <span class='ocrx_word' id='word_1_121' title='bbox 1839 1594 1895 1646; x_wconf 81' lang='grc' dir='ltr'>δὲ</span> 
     </span>
    </p>
   </div>
   <div class='ocr_carea' id='block_1_19' title="bbox 324 1676 1893 1747">
    <p class='ocr_par' dir='ltr' id='par_1_19' title="bbox 324 1676 1893 1747">
     <span class='ocr_line' id='line_1_19' title="bbox 324 1676 1893 1747; baseline 0.003 -20"><span class='ocrx_word' id='word_1_122' title='bbox 324 1676 453 1728; x_wconf 81' lang='grc' dir='ltr'>Υἰὸν</span> <span class='ocrx_word' id='word_1_123' title='bbox 483 1676 574 1730; x_wconf 70' lang='grc' dir='ltr'>τὸν</span> <span class='ocrx_word' id='word_1_124' title='bbox 601 1676 830 1747; x_wconf 78' lang='grc' dir='ltr'>Σωτῆρα</span> <span class='ocrx_word' id='word_1_125' title='bbox 863 1678 1022 1746; x_wconf 84' lang='grc' dir='ltr'>ήμῶν</span> <span class='ocrx_word' id='word_1_126' title='bbox 1053 1678 1437 1747; x_wconf 72' lang='grc' dir='ltr'>ὀνομάζοντες,</span> <span class='ocrx_word' id='word_1_127' title='bbox 1469 1680 1543 1741; x_wconf 85' lang='grc' dir='ltr'>ὼς</span> <span class='ocrx_word' id='word_1_128' title='bbox 1573 1680 1761 1747; x_wconf 73' lang='grc' dir='ltr'>ἕτερός</span> <span class='ocrx_word' id='word_1_129' title='bbox 1791 1696 1893 1731; x_wconf 89' lang='grc' dir='ltr'><strong>που</strong></span> 
     </span>
    </p>
   </div>
   <div class='ocr_carea' id='block_1_20' title="bbox 1999 478 3562 550">
    <p class='ocr_par' dir='ltr' id='par_1_20' title="bbox 1999 478 3562 550">
     <span class='ocr_line' id='line_1_20' title="bbox 1999 478 3562 550; baseline 0.005 -19"><span class='ocrx_word' id='word_1_130' title='bbox 1999 493 2287 547; x_wconf 87' lang='lat' dir='ltr'><strong>personam</strong></span> <span class='ocrx_word' id='word_1_131' title='bbox 2310 493 2529 547; x_wconf 75' lang='lat' dir='ltr'><strong>gerens,</strong></span> <span class='ocrx_word' id='word_1_132' title='bbox 2563 478 2719 547; x_wconf 81' lang='lat' dir='ltr'><strong>quasi</strong></span> <span class='ocrx_word' id='word_1_133' title='bbox 2751 479 2860 550; x_wconf 84' lang='lat' dir='ltr'><strong>jam</strong></span> <span class='ocrx_word' id='word_1_134' title='bbox 2889 489 3095 536; x_wconf 87' lang='lat' dir='ltr'><strong>certam</strong></span> <span class='ocrx_word' id='word_1_135' title='bbox 3152 481 3359 538; x_wconf 82' lang='lat' dir='ltr'><strong>habens</strong></span> <span class='ocrx_word' id='word_1_136' title='bbox 3401 482 3562 539; x_wconf 77' lang='lat' dir='ltr'><strong>ﬁdem</strong></span> 
     </span>
    </p>
   </div>
   <div class='ocr_carea' id='block_1_21' title="bbox 1996 570 3569 641">
    <p class='ocr_par' dir='ltr' id='par_1_21' title="bbox 1996 570 3569 641">
     <span class='ocr_line' id='line_1_21' title="bbox 1996 570 3569 641; baseline 0.003 -16"><span class='ocrx_word' id='word_1_137' title='bbox 1996 570 2063 626; x_wconf 86' lang='lat' dir='ltr'><strong>de</strong></span> <span class='ocrx_word' id='word_1_138' title='bbox 2081 570 2287 639; x_wconf 88' lang='lat' dir='ltr'><strong>petitis,</strong></span> <span class='ocrx_word' id='word_1_139' title='bbox 2317 572 2527 640; x_wconf 74' lang='lat' dir='ltr'><strong>gratias</strong></span> <span class='ocrx_word' id='word_1_140' title='bbox 2551 570 2661 641; x_wconf 78' lang='lat' dir='ltr'><strong>agit</strong></span> <span class='ocrx_word' id='word_1_141' title='bbox 2690 580 2745 625; x_wconf 88' lang='lat' dir='ltr'><strong>et</strong></span> <span class='ocrx_word' id='word_1_142' title='bbox 2778 570 2845 625; x_wconf 88' lang='lat' dir='ltr'><strong>de</strong></span> <span class='ocrx_word' id='word_1_143' title='bbox 2874 572 3151 628; x_wconf 82' lang='lat' dir='ltr'><strong>creatione</strong></span> <span class='ocrx_word' id='word_1_144' title='bbox 3180 579 3385 639; x_wconf 84' lang='lat' dir='ltr'><strong>nostra,</strong></span> <span class='ocrx_word' id='word_1_145' title='bbox 3412 582 3467 629; x_wconf 91' lang='lat' dir='ltr'><strong>et</strong></span> <span class='ocrx_word' id='word_1_146' title='bbox 3497 574 3569 630; x_wconf 88' lang='lat' dir='ltr'><strong>de</strong></span> 
     </span>
    </p>
   </div>
   <div class='ocr_carea' id='block_1_22' title="bbox 1995 661 3567 736">
    <p class='ocr_par' dir='ltr' id='par_1_22' title="bbox 1995 661 3567 736">
     <span class='ocr_line' id='line_1_22' title="bbox 1995 661 3567 736; baseline 0.003 -20"><span class='ocrx_word' id='word_1_147' title='bbox 1995 661 2157 717; x_wconf 86' lang='lat' dir='ltr'><strong>nobis</strong></span> <span class='ocrx_word' id='word_1_148' title='bbox 2209 661 2280 716; x_wconf 85' lang='lat' dir='ltr'><strong>ab</strong></span> <span class='ocrx_word' id='word_1_149' title='bbox 2312 661 2469 716; x_wconf 91' lang='lat' dir='ltr'><strong>initio</strong></span> <span class='ocrx_word' id='word_1_150' title='bbox 2513 662 2793 717; x_wconf 84' lang='lat' dir='ltr'><strong>concessis</strong></span> <span class='ocrx_word' id='word_1_151' title='bbox 2825 661 3004 726; x_wconf 90' lang='lat' dir='ltr'><strong>donis,</strong></span> <span class='ocrx_word' id='word_1_152' title='bbox 3033 670 3089 719; x_wconf 88' lang='lat' dir='ltr'><strong>et</strong></span> <span class='ocrx_word' id='word_1_153' title='bbox 3120 662 3193 719; x_wconf 85' lang='lat' dir='ltr'><strong>de</strong></span> <span class='ocrx_word' id='word_1_154' title='bbox 3247 672 3433 733; x_wconf 80' lang='lat' dir='ltr'><strong>postea</strong></span> <span class='ocrx_word' id='word_1_155' title='bbox 3467 679 3567 736; x_wconf 84' lang='lat' dir='ltr'><strong>per</strong></span> 
     </span>
    </p>
   </div>
   <div class='ocr_carea' id='block_1_23' title="bbox 1997 752 3566 826">
    <p class='ocr_par' dir='ltr' id='par_1_23' title="bbox 1997 752 3566 826">
     <span class='ocr_line' id='line_1_23' title="bbox 1997 752 3566 826; baseline 0.002 -18"><span class='ocrx_word' id='word_1_156' title='bbox 1997 752 2278 822; x_wconf 74' lang='lat' dir='ltr'><strong>Unigeniti</strong></span> <span class='ocrx_word' id='word_1_157' title='bbox 2308 752 2737 808; x_wconf 79' lang='lat' dir='ltr'><strong>incarnationem</strong></span> <span class='ocrx_word' id='word_1_158' title='bbox 2775 753 3281 826; x_wconf 85' lang='lat' dir='ltr'><strong>revelationemque</strong></span> <span class='ocrx_word' id='word_1_159' title='bbox 3309 756 3473 822; x_wconf 87' lang='lat' dir='ltr'><strong>datis,</strong></span> <span class='ocrx_word' id='word_1_160' title='bbox 3506 763 3566 812; x_wconf 89' lang='lat' dir='ltr'><strong>et</strong></span> 
     </span>
    </p>
   </div>
   <div class='ocr_carea' id='block_1_24' title="bbox 1996 844 3568 918">
    <p class='ocr_par' dir='ltr' id='par_1_24' title="bbox 1996 844 3568 918">
     <span class='ocr_line' id='line_1_24' title="bbox 1996 844 3568 918; baseline 0.003 -19"><span class='ocrx_word' id='word_1_161' title='bbox 1996 844 2179 900; x_wconf 85' lang='lat' dir='ltr'><strong>adhuc</strong></span> <span class='ocrx_word' id='word_1_162' title='bbox 2198 847 2261 899; x_wconf 91' lang='lat' dir='ltr'><strong>de</strong></span> <span class='ocrx_word' id='word_1_163' title='bbox 2290 845 2357 899; x_wconf 87' lang='lat' dir='ltr'><strong>iis</strong></span> <span class='ocrx_word' id='word_1_164' title='bbox 2376 861 2497 914; x_wconf 64' lang='lat' dir='ltr'><strong>qua:</strong></span> <span class='ocrx_word' id='word_1_165' title='bbox 2522 846 2574 899; x_wconf 90' lang='lat' dir='ltr'><strong>in</strong></span> <span class='ocrx_word' id='word_1_166' title='bbox 2603 846 2885 915; x_wconf 66' lang='lat' dir='ltr'><strong>praesentia</strong></span> <span class='ocrx_word' id='word_1_167' title='bbox 2906 847 3141 915; x_wconf 87' lang='lat' dir='ltr'><strong>petimus</strong></span> <span class='ocrx_word' id='word_1_168' title='bbox 3164 857 3219 903; x_wconf 87' lang='lat' dir='ltr'><strong>et</strong></span> <span class='ocrx_word' id='word_1_169' title='bbox 3250 863 3372 918; x_wconf 69' lang='lat' dir='ltr'><strong>quin</strong></span> <span class='ocrx_word' id='word_1_170' title='bbox 3409 848 3568 904; x_wconf 85' lang='lat' dir='ltr'><strong>nobis</strong></span> 
     </span>
    </p>
   </div>
   <div class='ocr_carea' id='block_1_25' title="bbox 1999 937 3567 1008">
    <p class='ocr_par' dir='ltr' id='par_1_25' title="bbox 1999 937 3567 1008">
     <span class='ocr_line' id='line_1_25' title="bbox 1999 937 3567 1008; baseline 0.001 -17"><span class='ocrx_word' id='word_1_171' title='bbox 1999 946 2125 991; x_wconf 89' lang='lat' dir='ltr'><strong>sunt</strong></span> <span class='ocrx_word' id='word_1_172' title='bbox 2152 937 2494 992; x_wconf 85' lang='lat' dir='ltr'><strong>concedenda</strong></span> <span class='ocrx_word' id='word_1_173' title='bbox 2528 953 2543 991; x_wconf 90' lang='lat'><strong>:</strong></span> <span class='ocrx_word' id='word_1_174' title='bbox 2586 938 2862 1008; x_wconf 86' lang='lat' dir='ltr'><strong>sicutipse</strong></span> <span class='ocrx_word' id='word_1_175' title='bbox 2888 938 3135 995; x_wconf 82' lang='lat' dir='ltr'><strong>Salvator</strong></span> <span class='ocrx_word' id='word_1_176' title='bbox 3169 947 3356 996; x_wconf 83' lang='lat' dir='ltr'><strong>noster</strong></span> <span class='ocrx_word' id='word_1_177' title='bbox 3383 941 3438 995; x_wconf 92' lang='lat' dir='ltr'><strong>in</strong></span> <span class='ocrx_word' id='word_1_178' title='bbox 3461 938 3567 994; x_wconf 85' lang='lat' dir='ltr'><strong>La-</strong></span> 
     </span>
    </p>
   </div>
   <div class='ocr_carea' id='block_1_26' title="bbox 1998 1029 3567 1098">
    <p class='ocr_par' dir='ltr' id='par_1_26' title="bbox 1998 1029 3567 1098">
     <span class='ocr_line' id='line_1_26' title="bbox 1998 1029 3567 1098; baseline 0.003 -16"><span class='ocrx_word' id='word_1_179' title='bbox 1998 1042 2150 1095; x_wconf 71' lang='lat' dir='ltr'><strong>zaro,</strong></span> <span class='ocrx_word' id='word_1_180' title='bbox 2190 1037 2245 1082; x_wconf 90' lang='lat' dir='ltr'><strong>et</strong></span> <span class='ocrx_word' id='word_1_181' title='bbox 2294 1029 2613 1098; x_wconf 79' lang='lat' dir='ltr'><strong>priusquam</strong></span> <span class='ocrx_word' id='word_1_182' title='bbox 2679 1030 2955 1097; x_wconf 88' lang='lat' dir='ltr'><strong>jacentem</strong></span> <span class='ocrx_word' id='word_1_183' title='bbox 2986 1031 3318 1093; x_wconf 78' lang='lat' dir='ltr'><strong>suscitaret:</strong></span> <span class='ocrx_word' id='word_1_184' title='bbox 3350 1030 3567 1087; x_wconf 74' lang='lat' dir='ltr'><strong>Gratias</strong></span> 
     </span>
    </p>
   </div>
   <div class='ocr_carea' id='block_1_27' title="bbox 1998 1118 3569 1191">
    <p class='ocr_par' dir='ltr' id='par_1_27' title="bbox 1998 1118 3569 1191">
     <span class='ocr_line' id='line_1_27' title="bbox 1998 1118 3569 1191; baseline 0.004 -19"><span class='ocrx_word' id='word_1_185' title='bbox 1998 1134 2100 1188; x_wconf 86' lang='lat' dir='ltr'><strong>ago</strong></span> <span class='ocrx_word' id='word_1_186' title='bbox 2132 1119 2248 1182; x_wconf 83' lang='lat' dir='ltr'><strong>tibi,</strong></span> <span class='ocrx_word' id='word_1_187' title='bbox 2300 1119 2365 1172; x_wconf 88' lang='lat' dir='ltr'><strong>ad</strong></span> <span class='ocrx_word' id='word_1_188' title='bbox 2401 1118 2617 1173; x_wconf 79' lang='lat' dir='ltr'><strong>Patrem</strong></span> <span class='ocrx_word' id='word_1_189' title='bbox 2656 1122 2752 1184; x_wconf 85' lang='lat' dir='ltr'><strong>ait,</strong></span> <span class='ocrx_word' id='word_1_190' title='bbox 2807 1123 2933 1191; x_wconf 81' lang='lat' dir='ltr'><strong>quia</strong></span> <span class='ocrx_word' id='word_1_191' title='bbox 2982 1139 3061 1176; x_wconf 87' lang='lat' dir='ltr'><strong>me</strong></span> <span class='ocrx_word' id='word_1_192' title='bbox 3113 1121 3423 1177; x_wconf 76' lang='lat' dir='ltr'><strong>audiisti&quot;.</strong></span> <span class='ocrx_word' id='word_1_193' title='bbox 3458 1121 3569 1179; x_wconf 83' lang='lat' dir='ltr'><strong>Nos</strong></span> 
     </span>
    </p>
   </div>
   <div class='ocr_carea' id='block_1_28' title="bbox 1996 1213 3569 1283">
    <p class='ocr_par' dir='ltr' id='par_1_28' title="bbox 1996 1213 3569 1283">
     <span class='ocr_line' id='line_1_28' title="bbox 1996 1213 3569 1283; baseline 0.002 -15"><span class='ocrx_word' id='word_1_194' title='bbox 1996 1222 2177 1268; x_wconf 82' lang='lat' dir='ltr'><strong>autem</strong></span> <span class='ocrx_word' id='word_1_195' title='bbox 2206 1213 2470 1283; x_wconf 83' lang='lat' dir='ltr'><strong>plerique,</strong></span> <span class='ocrx_word' id='word_1_196' title='bbox 2500 1214 2565 1267; x_wconf 87' lang='lat' dir='ltr'><strong>de</strong></span> <span class='ocrx_word' id='word_1_197' title='bbox 2594 1216 2829 1283; x_wconf 85' lang='lat' dir='ltr'><strong>propriis</strong></span> <span class='ocrx_word' id='word_1_198' title='bbox 2854 1215 3121 1270; x_wconf 88' lang='lat' dir='ltr'><strong>limitibus</strong></span> <span class='ocrx_word' id='word_1_199' title='bbox 3144 1216 3374 1280; x_wconf 88' lang='lat' dir='ltr'><strong>conscii,</strong></span> <span class='ocrx_word' id='word_1_200' title='bbox 3402 1216 3569 1271; x_wconf 85' lang='lat' dir='ltr'><strong>mise-</strong></span> 
     </span>
    </p>
   </div>
   <div class='ocr_carea' id='block_1_29' title="bbox 1998 1307 3569 1377">
    <p class='ocr_par' dir='ltr' id='par_1_29' title="bbox 1998 1307 3569 1377">
     <span class='ocr_line' id='line_1_29' title="bbox 1998 1307 3569 1377; baseline 0.002 -17"><span class='ocrx_word' id='word_1_201' title='bbox 1998 1307 2291 1360; x_wconf 90' lang='lat' dir='ltr'><strong>ricordiam</strong></span> <span class='ocrx_word' id='word_1_202' title='bbox 2326 1308 2560 1375; x_wconf 77' lang='lat' dir='ltr'><strong>petimus</strong></span> <span class='ocrx_word' id='word_1_203' title='bbox 2586 1324 2683 1375; x_wconf 83' lang='lat' dir='ltr'><strong>pro</strong></span> <span class='ocrx_word' id='word_1_204' title='bbox 2713 1325 2863 1362; x_wconf 87' lang='lat' dir='ltr'><strong>more</strong></span> <span class='ocrx_word' id='word_1_205' title='bbox 2899 1309 3054 1374; x_wconf 65' lang='lat' dir='ltr'><strong>caeci,</strong></span> <span class='ocrx_word' id='word_1_206' title='bbox 3075 1323 3182 1363; x_wconf 86' lang='lat' dir='ltr'><strong>non</strong></span> <span class='ocrx_word' id='word_1_207' title='bbox 3211 1308 3323 1377; x_wconf 87' lang='lat' dir='ltr'><strong>jam</strong></span> <span class='ocrx_word' id='word_1_208' title='bbox 3353 1308 3569 1363; x_wconf 89' lang='lat' dir='ltr'><strong>Davidis</strong></span> 
     </span>
    </p>
   </div>
   <div class='ocr_carea' id='block_1_30' title="bbox 1996 1398 3568 1471">
    <p class='ocr_par' dir='ltr' id='par_1_30' title="bbox 1996 1398 3568 1471">
     <span class='ocr_line' id='line_1_30' title="bbox 1996 1398 3568 1471; baseline 0.001 -18"><span class='ocrx_word' id='word_1_209' title='bbox 1996 1400 2191 1464; x_wconf 83' lang='lat' dir='ltr'><strong>tilium,</strong></span> <span class='ocrx_word' id='word_1_210' title='bbox 2222 1399 2315 1454; x_wconf 85' lang='lat' dir='ltr'><strong>sed</strong></span> <span class='ocrx_word' id='word_1_211' title='bbox 2341 1398 2430 1455; x_wconf 86' lang='lat' dir='ltr'><strong>Dei</strong></span> <span class='ocrx_word' id='word_1_212' title='bbox 2464 1401 2779 1455; x_wconf 85' lang='lat' dir='ltr'><strong>invocantes</strong></span> <span class='ocrx_word' id='word_1_213' title='bbox 2810 1400 3257 1471; x_wconf 84' lang='lat' dir='ltr'><strong>Salvatoretnqne</strong></span> <span class='ocrx_word' id='word_1_214' title='bbox 3292 1408 3568 1466; x_wconf 85' lang='lat' dir='ltr'><strong>nostrum,</strong></span> 
     </span>
    </p>
   </div>
   <div class='ocr_carea' id='block_1_31' title="bbox 1998 1492 3568 1562">
    <p class='ocr_par' dir='ltr' id='par_1_31' title="bbox 1998 1492 3568 1562">
     <span class='ocr_line' id='line_1_31' title="bbox 1998 1492 3568 1562; baseline -0.001 -15"><span class='ocrx_word' id='word_1_215' title='bbox 1998 1504 2058 1547; x_wconf 92' lang='lat' dir='ltr'><strong>ut</strong></span> <span class='ocrx_word' id='word_1_216' title='bbox 2090 1503 2144 1546; x_wconf 91' lang='lat' dir='ltr'><strong>et</strong></span> <span class='ocrx_word' id='word_1_217' title='bbox 2173 1492 2308 1547; x_wconf 79' lang='lat' dir='ltr'><strong>alter</strong></span> <span class='ocrx_word' id='word_1_218' title='bbox 2341 1492 2468 1547; x_wconf 82' lang='lat' dir='ltr'><strong>fecit</strong></span> <span class='ocrx_word' id='word_1_219' title='bbox 2502 1507 2681 1547; x_wconf 65' lang='lat' dir='ltr'><strong>caecus</strong></span> <span class='ocrx_word' id='word_1_220' title='bbox 2718 1503 3001 1561; x_wconf 89' lang='lat' dir='ltr'><strong>postquam</strong></span> <span class='ocrx_word' id='word_1_221' title='bbox 3030 1501 3140 1547; x_wconf 90' lang='lat' dir='ltr'><strong>tum</strong></span> <span class='ocrx_word' id='word_1_222' title='bbox 3172 1494 3418 1562; x_wconf 87' lang='lat' dir='ltr'><strong>corporis</strong></span> <span class='ocrx_word' id='word_1_223' title='bbox 3454 1501 3568 1546; x_wconf 91' lang='lat' dir='ltr'><strong>tum</strong></span> 
     </span>
    </p>
   </div>
   <div class='ocr_carea' id='block_1_32' title="bbox 1998 1584 3569 1639">
    <p class='ocr_par' dir='ltr' id='par_1_32' title="bbox 1998 1584 3569 1639">
     <span class='ocr_line' id='line_1_32' title="bbox 1998 1584 3569 1639; baseline 0.001 -1"><span class='ocrx_word' id='word_1_224' title='bbox 1998 1586 2163 1639; x_wconf 83' lang='lat' dir='ltr'><strong>animi</strong></span> <span class='ocrx_word' id='word_1_225' title='bbox 2204 1585 2379 1639; x_wconf 88' lang='lat' dir='ltr'><strong>oculis</strong></span> <span class='ocrx_word' id='word_1_226' title='bbox 2409 1584 2746 1638; x_wconf 88' lang='lat' dir='ltr'><strong>illuminatus</strong></span> <span class='ocrx_word' id='word_1_227' title='bbox 2779 1594 2883 1639; x_wconf 68' lang='lat' dir='ltr'><strong>est.</strong></span> <span class='ocrx_word' id='word_1_228' title='bbox 2912 1584 3200 1639; x_wconf 84' lang='lat' dir='ltr'><strong>Enimvero</strong></span> <span class='ocrx_word' id='word_1_229' title='bbox 3229 1599 3327 1639; x_wconf 91' lang='lat' dir='ltr'><strong>nos</strong></span> <span class='ocrx_word' id='word_1_230' title='bbox 3357 1599 3387 1639; x_wconf 89' lang='lat' dir='ltr'><strong>e</strong></span> <span class='ocrx_word' id='word_1_231' title='bbox 3416 1590 3569 1639; x_wconf 82' lang='lat' dir='ltr'><strong>lette-</strong></span> 
     </span>
    </p>
   </div>
   <div class='ocr_carea' id='block_1_33' title="bbox 1996 1674 3565 1741">
    <p class='ocr_par' dir='ltr' id='par_1_33' title="bbox 1996 1674 3565 1741">
     <span class='ocr_line' id='line_1_33' title="bbox 1996 1674 3565 1741; baseline -0.001 -12"><span class='ocrx_word' id='word_1_232' title='bbox 1996 1676 2109 1730; x_wconf 84' lang='lat' dir='ltr'><strong>bris</strong></span> <span class='ocrx_word' id='word_1_233' title='bbox 2139 1676 2312 1730; x_wconf 76' lang='lat' dir='ltr'><strong>vocati</strong></span> <span class='ocrx_word' id='word_1_234' title='bbox 2370 1691 2559 1730; x_wconf 85' lang='lat' dir='ltr'><strong>sumus</strong></span> <span class='ocrx_word' id='word_1_235' title='bbox 2620 1677 2671 1728; x_wconf 90' lang='lat' dir='ltr'><strong>in</strong></span> <span class='ocrx_word' id='word_1_236' title='bbox 2707 1676 3013 1730; x_wconf 76' lang='lat' dir='ltr'><strong>admirabili</strong></span> <span class='ocrx_word' id='word_1_237' title='bbox 3069 1675 3158 1730; x_wconf 90' lang='lat' dir='ltr'><strong>Dei</strong></span> <span class='ocrx_word' id='word_1_238' title='bbox 3195 1675 3423 1741; x_wconf 86' lang='lat' dir='ltr'><strong>lumine,</strong></span> <span class='ocrx_word' id='word_1_239' title='bbox 3473 1674 3565 1730; x_wconf 89' lang='lat' dir='ltr'><strong>sed</strong></span> 
     </span>
    </p>
   </div>
   <div class='ocr_carea' id='block_1_34' title="bbox 318 1766 1896 1839">
    <p class='ocr_par' dir='ltr' id='par_1_34' title="bbox 318 1767 1896 1839">
     <span class='ocr_line' id='line_1_34' title="bbox 318 1767 1896 1839; baseline 0.001 -21"><span class='ocrx_word' id='word_1_240' title='bbox 318 1767 519 1835; x_wconf 78' lang='grc' dir='ltr'>τυφλὸς</span> <span class='ocrx_word' id='word_1_241' title='bbox 547 1768 684 1837; x_wconf 82' lang='grc' dir='ltr'>μετὰ</span> <span class='ocrx_word' id='word_1_242' title='bbox 711 1768 769 1821; x_wconf 81' lang='grc' dir='ltr'><strong>τὸ</strong></span> <span class='ocrx_word' id='word_1_243' title='bbox 835 1767 1138 1837; x_wconf 75' lang='grc' dir='ltr'>ἀναϐλέψαι</span> <span class='ocrx_word' id='word_1_244' title='bbox 1204 1768 1422 1839; x_wconf 90' lang='grc' dir='ltr'>σύναμα</span> <span class='ocrx_word' id='word_1_245' title='bbox 1474 1770 1587 1832; x_wconf 83' lang='grc' dir='ltr'>τοῖς</span> <span class='ocrx_word' id='word_1_246' title='bbox 1623 1768 1896 1837; x_wconf 76' lang='grc' dir='ltr'>αἰσθητοῖς</span> 
     </span>
    </p>
   </div>
   <div class='ocr_carea' id='block_1_35' title="bbox 2002 1766 3566 1839">
    <p class='ocr_par' dir='ltr' id='par_1_35' title="bbox 2002 1766 3566 1837">
     <span class='ocr_line' id='line_1_35' title="bbox 2002 1766 3566 1837; baseline -0.001 -16"><span class='ocrx_word' id='word_1_247' title='bbox 2002 1768 2166 1821; x_wconf 85' lang='lat' dir='ltr'><strong>etiam</strong></span> <span class='ocrx_word' id='word_1_248' title='bbox 2190 1768 2267 1822; x_wconf 90' lang='lat' dir='ltr'><strong>sic</strong></span> <span class='ocrx_word' id='word_1_249' title='bbox 2306 1783 2400 1837; x_wconf 86' lang='lat' dir='ltr'><strong>per</strong></span> <span class='ocrx_word' id='word_1_250' title='bbox 2424 1776 2644 1823; x_wconf 87' lang='lat' dir='ltr'><strong>sanctos</strong></span> <span class='ocrx_word' id='word_1_251' title='bbox 2682 1778 2897 1823; x_wconf 85' lang='lat' dir='ltr'><strong>nostros</strong></span> <span class='ocrx_word' id='word_1_252' title='bbox 2928 1767 3114 1823; x_wconf 85' lang='lat' dir='ltr'><strong>Patres</strong></span> <span class='ocrx_word' id='word_1_253' title='bbox 3140 1766 3436 1836; x_wconf 87' lang='lat' dir='ltr'><strong>propitium</strong></span> <span class='ocrx_word' id='word_1_254' title='bbox 3470 1767 3566 1820; x_wconf 87' lang='lat' dir='ltr'><strong>ha-</strong></span> 
     </span>
    </p>
   </div>
   <div class='ocr_carea' id='block_1_36' title="bbox 317 1858 1894 1929">
    <p class='ocr_par' dir='ltr' id='par_1_36' title="bbox 317 1858 1894 1929">
     <span class='ocr_line' id='line_1_36' title="bbox 317 1858 1894 1929; baseline 0.003 -22"><span class='ocrx_word' id='word_1_255' title='bbox 317 1858 444 1918; x_wconf 83' lang='grc' dir='ltr'>τοὺς</span> <span class='ocrx_word' id='word_1_256' title='bbox 471 1858 696 1924; x_wconf 77' lang='grc' dir='ltr'>νοητοὺς</span> <span class='ocrx_word' id='word_1_257' title='bbox 716 1858 1052 1927; x_wconf 79' lang='grc' dir='ltr'>ὀφθαλμούς.</span> <span class='ocrx_word' id='word_1_258' title='bbox 1085 1859 1188 1912; x_wconf 80' lang='grc' dir='ltr'>Καὶ</span> <span class='ocrx_word' id='word_1_259' title='bbox 1214 1859 1322 1929; x_wconf 83' lang='grc' dir='ltr'><strong>γάρ</strong></span> <span class='ocrx_word' id='word_1_260' title='bbox 1372 1861 1534 1929; x_wconf 78' lang='grc' dir='ltr'>ἡμεῖς</span> <span class='ocrx_word' id='word_1_261' title='bbox 1564 1861 1625 1913; x_wconf 82' lang='grc' dir='ltr'>ὲκ</span> <span class='ocrx_word' id='word_1_262' title='bbox 1671 1860 1894 1925; x_wconf 82' lang='grc' dir='ltr'>σκότους</span> 
     </span>
    </p>
   </div>
   <div class='ocr_carea' id='block_1_37' title="bbox 318 1947 1897 2021">
    <p class='ocr_par' dir='ltr' id='par_1_37' title="bbox 318 1947 1897 2021">
     <span class='ocr_line' id='line_1_37' title="bbox 318 1947 1897 2021; baseline 0.003 -22"><span class='ocrx_word' id='word_1_263' title='bbox 318 1947 629 2017; x_wconf 69' lang='grc' dir='ltr'>ἐκλήθημεν</span> <span class='ocrx_word' id='word_1_264' title='bbox 658 1950 737 2011; x_wconf 88' lang='grc' dir='ltr'><strong>εἰς</strong></span> <span class='ocrx_word' id='word_1_265' title='bbox 760 1949 822 2002; x_wconf 84' lang='grc' dir='ltr'><strong>τὸ</strong></span> <span class='ocrx_word' id='word_1_266' title='bbox 844 1949 1160 2017; x_wconf 66' lang='grc' dir='ltr'>θαυμαστὸν</span> <span class='ocrx_word' id='word_1_267' title='bbox 1186 1951 1279 2004; x_wconf 81' lang='grc' dir='ltr'><strong>τοῦ</strong></span> <span class='ocrx_word' id='word_1_268' title='bbox 1305 1951 1440 2005; x_wconf 84' lang='grc' dir='ltr'>Θεοῦ</span> <span class='ocrx_word' id='word_1_269' title='bbox 1480 1951 1617 2021; x_wconf 84' lang='grc' dir='ltr'>φῶς,</span> <span class='ocrx_word' id='word_1_270' title='bbox 1646 1951 1780 2005; x_wconf 77' lang='grc' dir='ltr'>ἀλλὰ</span> <span class='ocrx_word' id='word_1_271' title='bbox 1802 1950 1897 2004; x_wconf 77' lang='grc' dir='ltr'>καὶ</span> 
     </span>
    </p>
   </div>
   <div class='ocr_carea' id='block_1_38' title="bbox 321 2040 1895 2114">
    <p class='ocr_par' dir='ltr' id='par_1_38' title="bbox 321 2040 1895 2114">
     <span class='ocr_line' id='line_1_38' title="bbox 321 2040 1895 2114; baseline 0.003 -21"><span class='ocrx_word' id='word_1_272' title='bbox 321 2040 463 2097; x_wconf 79' lang='grc' dir='ltr'>οὕτω</span> <span class='ocrx_word' id='word_1_273' title='bbox 481 2042 570 2095; x_wconf 81' lang='grc' dir='ltr'><strong>διά</strong></span> <span class='ocrx_word' id='word_1_274' title='bbox 590 2043 699 2095; x_wconf 84' lang='grc' dir='ltr'>τῶν</span> <span class='ocrx_word' id='word_1_275' title='bbox 713 2042 888 2109; x_wconf 81' lang='grc' dir='ltr'>ἁγίων</span> <span class='ocrx_word' id='word_1_276' title='bbox 910 2042 1066 2111; x_wconf 77' lang='grc' dir='ltr'>ἡμῶν</span> <span class='ocrx_word' id='word_1_277' title='bbox 1118 2044 1377 2114; x_wconf 85' lang='grc' dir='ltr'>Πατέρων</span> <span class='ocrx_word' id='word_1_278' title='bbox 1437 2045 1562 2099; x_wconf 76' lang='grc' dir='ltr'>ἵλεω</span> <span class='ocrx_word' id='word_1_279' title='bbox 1610 2043 1895 2109; x_wconf 76' lang='grc' dir='ltr'>τεύξεσθαι</span> 
     </span>
    </p>
   </div>
   <div class='ocr_carea' id='block_1_39' title="bbox 322 2135 1895 2205">
    <p class='ocr_par' dir='ltr' id='par_1_39' title="bbox 322 2135 1895 2205">
     <span class='ocr_line' id='line_1_39' title="bbox 322 2135 1895 2205; baseline 0.003 -19"><span class='ocrx_word' id='word_1_280' title='bbox 322 2135 714 2205; x_wconf 76' lang='grc' dir='ltr'>προσδοκῶμεν</span> <span class='ocrx_word' id='word_1_281' title='bbox 735 2135 830 2189; x_wconf 81' lang='grc' dir='ltr'><strong>τοῦ</strong></span> <span class='ocrx_word' id='word_1_282' title='bbox 871 2138 966 2189; x_wconf 77' lang='grc' dir='ltr'><strong>ἐπὶ</strong></span> <span class='ocrx_word' id='word_1_283' title='bbox 1019 2140 1239 2191; x_wconf 84' lang='grc' dir='ltr'>πάντων</span> <span class='ocrx_word' id='word_1_284' title='bbox 1272 2136 1429 2191; x_wconf 85' lang='grc' dir='ltr'>Θεοῦ.</span> <span class='ocrx_word' id='word_1_285' title='bbox 1460 2166 1530 2178; x_wconf 88' lang='grc'><strong><em>-</em></strong></span> <span class='ocrx_word' id='word_1_286' title='bbox 1562 2137 1718 2202; x_wconf 88' lang='grc' dir='ltr'>Δόξα</span> <span class='ocrx_word' id='word_1_287' title='bbox 1772 2152 1895 2201; x_wconf 85' lang='grc' dir='ltr'>σοι,</span> 
     </span>
    </p>
   </div>
   <div class='ocr_carea' id='block_1_40' title="bbox 318 2226 1899 2297">
    <p class='ocr_par' dir='ltr' id='par_1_40' title="bbox 318 2226 1899 2297">
     <span class='ocr_line' id='line_1_40' title="bbox 318 2226 1899 2297; baseline -0.001 -15"><span class='ocrx_word' id='word_1_288' title='bbox 318 2231 352 2282; x_wconf 84' lang='grc' dir='ltr'><strong>ό</strong></span> <span class='ocrx_word' id='word_1_289' title='bbox 374 2230 543 2293; x_wconf 80' lang='grc' dir='ltr'>Θεὸς,</span> <span class='ocrx_word' id='word_1_290' title='bbox 579 2230 616 2295; x_wconf 79' lang='grc' dir='ltr'><strong>ἠ</strong></span> <span class='ocrx_word' id='word_1_291' title='bbox 645 2228 823 2295; x_wconf 76' lang='grc' dir='ltr'>ἐλπὶς</span> <span class='ocrx_word' id='word_1_292' title='bbox 852 2226 1041 2297; x_wconf 75' lang='grc' dir='ltr'>ἡμῶν,</span> <span class='ocrx_word' id='word_1_293' title='bbox 1069 2229 1267 2295; x_wconf 71' lang='grc' dir='ltr'>Κύριε,</span> <span class='ocrx_word' id='word_1_294' title='bbox 1319 2228 1472 2291; x_wconf 80' lang='grc' dir='ltr'>δόξα</span> <span class='ocrx_word' id='word_1_295' title='bbox 1506 2243 1627 2282; x_wconf 83' lang='grc' dir='ltr'>σοι.</span> <span class='ocrx_word' id='word_1_296' title='bbox 1654 2258 1723 2267; x_wconf 90' lang='grc'><strong>-</strong></span> <span class='ocrx_word' id='word_1_297' title='bbox 1763 2227 1899 2281; x_wconf 86' lang='grc' dir='ltr'>Τού-</span> 
     </span>
    </p>
   </div>
   <div class='ocr_carea' id='block_1_41' title="bbox 312 2320 1899 2390">
    <p class='ocr_par' dir='ltr' id='par_1_41' title="bbox 312 2320 1899 2390">
     <span class='ocr_line' id='line_1_41' title="bbox 312 2320 1899 2390; baseline -0.001 -17"><span class='ocrx_word' id='word_1_298' title='bbox 312 2336 427 2382; x_wconf 88' lang='grc' dir='ltr'>τοις</span> <span class='ocrx_word' id='word_1_299' title='bbox 456 2321 548 2374; x_wconf 77' lang='grc' dir='ltr'><strong>καί</strong></span> <span class='ocrx_word' id='word_1_300' title='bbox 579 2324 739 2390; x_wconf 80' lang='grc' dir='ltr'>ἡμεῖς</span> <span class='ocrx_word' id='word_1_301' title='bbox 769 2322 1115 2387; x_wconf 85' lang='grc' dir='ltr'>συνάπτομεν</span> <span class='ocrx_word' id='word_1_302' title='bbox 1154 2321 1467 2387; x_wconf 78' lang='grc' dir='ltr'>δοξολογίας</span> <span class='ocrx_word' id='word_1_303' title='bbox 1501 2320 1598 2390; x_wconf 83' lang='grc' dir='ltr'>τῆς</span> <span class='ocrx_word' id='word_1_304' title='bbox 1628 2323 1708 2383; x_wconf 89' lang='grc' dir='ltr'><strong>εἰς</strong></span> <span class='ocrx_word' id='word_1_305' title='bbox 1764 2320 1899 2373; x_wconf 80' lang='grc' dir='ltr'>Θεὸν</span> 
     </span>
    </p>
   </div>
   <div class='ocr_carea' id='block_1_42' title="bbox 318 2410 1896 2481">
    <p class='ocr_par' dir='ltr' id='par_1_42' title="bbox 318 2410 1896 2481">
     <span class='ocr_line' id='line_1_42' title="bbox 318 2410 1896 2481; baseline -0.003 -17"><span class='ocrx_word' id='word_1_306' title='bbox 318 2414 493 2481; x_wconf 72' lang='grc' dir='ltr'>μικρὰ</span> <span class='ocrx_word' id='word_1_307' title='bbox 514 2412 650 2466; x_wconf 77' lang='grc' dir='ltr'>ἄττα</span> <span class='ocrx_word' id='word_1_308' title='bbox 682 2412 929 2481; x_wconf 77' lang='grc' dir='ltr'>ῥήματα,</span> <span class='ocrx_word' id='word_1_309' title='bbox 964 2411 1064 2473; x_wconf 71' lang='grc' dir='ltr'><strong>τὰς</strong></span> <span class='ocrx_word' id='word_1_310' title='bbox 1096 2410 1206 2462; x_wconf 82' lang='grc' dir='ltr'>τῶν</span> <span class='ocrx_word' id='word_1_311' title='bbox 1259 2411 1510 2478; x_wconf 80' lang='grc' dir='ltr'>ἀγγέλων</span> <span class='ocrx_word' id='word_1_312' title='bbox 1564 2410 1896 2479; x_wconf 82' lang='grc' dir='ltr'>μιμούμενοι</span> 
     </span>
    </p>
   </div>
   <div class='ocr_carea' id='block_1_43' title="bbox 2002 1858 3567 1930">
    <p class='ocr_par' dir='ltr' id='par_1_43' title="bbox 2002 1858 3567 1930">
     <span class='ocr_line' id='line_1_43' title="bbox 2002 1858 3567 1930; baseline -0.001 -16"><span class='ocrx_word' id='word_1_313' title='bbox 2002 1861 2127 1915; x_wconf 88' lang='lat' dir='ltr'><strong>bere</strong></span> <span class='ocrx_word' id='word_1_314' title='bbox 2159 1859 2404 1916; x_wconf 90' lang='lat' dir='ltr'><strong>omnium</strong></span> <span class='ocrx_word' id='word_1_315' title='bbox 2434 1858 2603 1914; x_wconf 87' lang='lat' dir='ltr'><strong>Deum</strong></span> <span class='ocrx_word' id='word_1_316' title='bbox 2634 1876 2939 1930; x_wconf 87' lang='lat' dir='ltr'><strong>speramus.</strong></span> <span class='ocrx_word' id='word_1_317' title='bbox 2983 1893 3032 1904; x_wconf 87' lang='lat'><strong>-</strong></span> <span class='ocrx_word' id='word_1_318' title='bbox 3077 1858 3263 1914; x_wconf 83' lang='lat' dir='ltr'><strong>Gloria</strong></span> <span class='ocrx_word' id='word_1_319' title='bbox 3288 1860 3401 1925; x_wconf 82' lang='lat' dir='ltr'><strong>tibi,</strong></span> <span class='ocrx_word' id='word_1_320' title='bbox 3430 1859 3567 1913; x_wconf 74' lang='lat' dir='ltr'><strong>Deus</strong></span> 
     </span>
    </p>
   </div>
   <div class='ocr_carea' id='block_1_44' title="bbox 2000 1954 3566 2025">
    <p class='ocr_par' dir='ltr' id='par_1_44' title="bbox 2000 1954 3566 2025">
     <span class='ocr_line' id='line_1_44' title="bbox 2000 1954 3566 2025; baseline 0.003 -17"><span class='ocrx_word' id='word_1_321' title='bbox 2000 1971 2114 2024; x_wconf 75' lang='lat' dir='ltr'><strong>spes</strong></span> <span class='ocrx_word' id='word_1_322' title='bbox 2156 1968 2365 2019; x_wconf 78' lang='lat' dir='ltr'><strong>nostra,</strong></span> <span class='ocrx_word' id='word_1_323' title='bbox 2422 1955 2659 2021; x_wconf 77' lang='lat' dir='ltr'><strong>Domine,</strong></span> <span class='ocrx_word' id='word_1_324' title='bbox 2714 1958 2887 2025; x_wconf 83' lang='lat' dir='ltr'><strong>gloria</strong></span> <span class='ocrx_word' id='word_1_325' title='bbox 2938 1955 3051 2008; x_wconf 90' lang='lat' dir='ltr'><strong>tibi.</strong></span> <span class='ocrx_word' id='word_1_326' title='bbox 3103 1985 3165 1996; x_wconf 90' lang='lat'><strong>—-</strong></span> <span class='ocrx_word' id='word_1_327' title='bbox 3220 1954 3315 2009; x_wconf 75' lang='lat' dir='ltr'><strong>llis</strong></span> <span class='ocrx_word' id='word_1_328' title='bbox 3353 1964 3408 2010; x_wconf 87' lang='lat' dir='ltr'><strong>et</strong></span> <span class='ocrx_word' id='word_1_329' title='bbox 3465 1970 3566 2014; x_wconf 86' lang='lat' dir='ltr'><strong>nos</strong></span> 
     </span>
    </p>
   </div>
   <div class='ocr_carea' id='block_1_45' title="bbox 2002 2047 3565 2117">
    <p class='ocr_par' dir='ltr' id='par_1_45' title="bbox 2002 2047 3565 2117">
     <span class='ocr_line' id='line_1_45' title="bbox 2002 2047 3565 2117; baseline 0.003 -19"><span class='ocrx_word' id='word_1_330' title='bbox 2002 2047 2354 2116; x_wconf 72' lang='lat' dir='ltr'><strong>adiungimus</strong></span> <span class='ocrx_word' id='word_1_331' title='bbox 2391 2047 2460 2102; x_wconf 89' lang='lat' dir='ltr'><strong>de</strong></span> <span class='ocrx_word' id='word_1_332' title='bbox 2516 2047 2675 2105; x_wconf 82' lang='lat' dir='ltr'><strong>laude</strong></span> <span class='ocrx_word' id='word_1_333' title='bbox 2730 2047 2823 2102; x_wconf 89' lang='lat' dir='ltr'><strong>Dei</strong></span> <span class='ocrx_word' id='word_1_334' title='bbox 2882 2062 3046 2117; x_wconf 87' lang='lat' dir='ltr'><strong>parva</strong></span> <span class='ocrx_word' id='word_1_335' title='bbox 3095 2048 3331 2117; x_wconf 87' lang='lat' dir='ltr'><strong>quadam</strong></span> <span class='ocrx_word' id='word_1_336' title='bbox 3378 2048 3565 2116; x_wconf 80' lang='lat' dir='ltr'><strong>verba,</strong></span> 
     </span>
    </p>
   </div>
   <div class='ocr_carea' id='block_1_46' title="bbox 2000 2139 3568 2210">
    <p class='ocr_par' dir='ltr' id='par_1_46' title="bbox 2000 2139 3568 2210">
     <span class='ocr_line' id='line_1_46' title="bbox 2000 2139 3568 2210; baseline 0.002 -16"><span class='ocrx_word' id='word_1_337' title='bbox 2000 2140 2314 2209; x_wconf 82' lang='lat' dir='ltr'><strong>angelorum</strong></span> <span class='ocrx_word' id='word_1_338' title='bbox 2350 2140 2566 2194; x_wconf 86' lang='lat' dir='ltr'><strong>divinas</strong></span> <span class='ocrx_word' id='word_1_339' title='bbox 2598 2154 2755 2195; x_wconf 87' lang='lat' dir='ltr'><strong>voces</strong></span> <span class='ocrx_word' id='word_1_340' title='bbox 2779 2139 3080 2205; x_wconf 85' lang='lat' dir='ltr'><strong>imitantes,</strong></span> <span class='ocrx_word' id='word_1_341' title='bbox 3110 2156 3231 2208; x_wconf 71' lang='lat' dir='ltr'><strong>qua:</strong></span> <span class='ocrx_word' id='word_1_342' title='bbox 3250 2141 3435 2210; x_wconf 66' lang='lat' dir='ltr'><strong>primae</strong></span> <span class='ocrx_word' id='word_1_343' title='bbox 3457 2141 3568 2197; x_wconf 90' lang='lat' dir='ltr'><strong>Deo</strong></span> 
     </span>
    </p>
   </div>
   <div class='ocr_carea' id='block_1_47' title="bbox 2001 2216 3567 2299">
    <p class='ocr_par' dir='ltr' id='par_1_47' title="bbox 2001 2216 3567 2299">
     <span class='ocr_line' id='line_1_47' title="bbox 2001 2216 3567 2299; baseline -0.001 -10"><span class='ocrx_word' id='word_1_344' title='bbox 2001 2236 2055 2289; x_wconf 93' lang='lat' dir='ltr'><strong>in</strong></span> <span class='ocrx_word' id='word_1_345' title='bbox 2114 2244 2257 2288; x_wconf 87' lang='lat' dir='ltr'><strong>terra</strong></span> <span class='ocrx_word' id='word_1_346' title='bbox 2322 2236 2608 2289; x_wconf 80' lang='lat' dir='ltr'><strong>incantato</strong></span> <span class='ocrx_word' id='word_1_347' title='bbox 2666 2233 2839 2287; x_wconf 65' lang='lat' dir='ltr'><strong>allatae</strong></span> <span class='ocrx_word' id='word_1_348' title='bbox 2869 2243 3015 2299; x_wconf 89' lang='lat' dir='ltr'><strong>sunt,</strong></span> <span class='ocrx_word' id='word_1_349' title='bbox 3080 2234 3256 2288; x_wconf 90' lang='lat' dir='ltr'><strong>illud:</strong></span> <span class='ocrx_word' id='word_1_350' title='bbox 3288 2216 3471 2291; x_wconf 84' lang='lat' dir='ltr'><strong>Gloria</strong></span> <span class='ocrx_word' id='word_1_351' title='bbox 3513 2234 3567 2288; x_wconf 84' lang='lat' dir='ltr'><strong>in</strong></span> 
     </span>
    </p>
   </div>
   <div class='ocr_carea' id='block_1_48' title="bbox 2000 2326 3569 2394">
    <p class='ocr_par' dir='ltr' id='par_1_48' title="bbox 2000 2326 3569 2394">
     <span class='ocr_line' id='line_1_48' title="bbox 2000 2326 3569 2394; baseline 0.003 -17"><span class='ocrx_word' id='word_1_352' title='bbox 2000 2327 2279 2380; x_wconf 76' lang='lat' dir='ltr'><strong>altissimis</strong></span> <span class='ocrx_word' id='word_1_353' title='bbox 2316 2327 2445 2390; x_wconf 87' lang='lat' dir='ltr'><strong>Deo,</strong></span> <span class='ocrx_word' id='word_1_354' title='bbox 2484 2336 2533 2379; x_wconf 82' lang='lat' dir='ltr'><strong>et</strong></span> <span class='ocrx_word' id='word_1_355' title='bbox 2586 2327 2637 2379; x_wconf 86' lang='lat' dir='ltr'><strong>in</strong></span> <span class='ocrx_word' id='word_1_356' title='bbox 2671 2336 2810 2379; x_wconf 85' lang='lat' dir='ltr'><strong>terra</strong></span> <span class='ocrx_word' id='word_1_357' title='bbox 2840 2341 2971 2394; x_wconf 77' lang='lat' dir='ltr'><strong>pax,</strong></span> <span class='ocrx_word' id='word_1_358' title='bbox 3006 2328 3058 2380; x_wconf 86' lang='lat' dir='ltr'><strong>in</strong></span> <span class='ocrx_word' id='word_1_359' title='bbox 3093 2326 3392 2381; x_wconf 77' lang='lat' dir='ltr'><strong>hominibus</strong></span> <span class='ocrx_word' id='word_1_360' title='bbox 3430 2328 3569 2381; x_wconf 82' lang='lat' dir='ltr'><strong>bona</strong></span> 
     </span>
    </p>
   </div>
   <div class='ocr_carea' id='block_1_49' title="bbox 1998 2417 3567 2488">
    <p class='ocr_par' dir='ltr' id='par_1_49' title="bbox 1998 2417 3567 2488">
     <span class='ocr_line' id='line_1_49' title="bbox 1998 2417 3567 2488; baseline 0.001 -17"><span class='ocrx_word' id='word_1_361' title='bbox 1998 2418 2242 2472; x_wconf 74' lang='lat' dir='ltr'><strong>voluntas</strong></span> <span class='ocrx_word' id='word_1_362' title='bbox 2264 2420 2327 2472; x_wconf 74' lang='grc'><strong>⁸⁸.</strong></span> <span class='ocrx_word' id='word_1_363' title='bbox 2354 2446 2406 2458; x_wconf 83' lang='lat'><strong>-</strong></span> <span class='ocrx_word' id='word_1_364' title='bbox 2442 2417 2549 2471; x_wconf 72' lang='lat' dir='ltr'><strong>Rex</strong></span> <span class='ocrx_word' id='word_1_365' title='bbox 2588 2417 2829 2473; x_wconf 74' lang='lat' dir='ltr'><strong>cwleslis.</strong></span> <span class='ocrx_word' id='word_1_366' title='bbox 2862 2448 2933 2458; x_wconf 89' lang='lat'><strong><em>—</em></strong></span> <span class='ocrx_word' id='word_1_367' title='bbox 2960 2418 3028 2472; x_wconf 83' lang='lat' dir='ltr'><strong>Et</strong></span> <span class='ocrx_word' id='word_1_368' title='bbox 3056 2428 3239 2487; x_wconf 87' lang='lat' dir='ltr'><strong>postea</strong></span> <span class='ocrx_word' id='word_1_369' title='bbox 3258 2419 3567 2488; x_wconf 15' lang='lat' dir='ltr'><strong>Atroparium</strong></span> 
     </span>
    </p>
   </div>
   <div class='ocr_carea' id='block_1_50' title="bbox 318 2501 1896 2579">
    <p class='ocr_par' dir='ltr' id='par_1_50' title="bbox 318 2501 1896 2573">
     <span class='ocr_line' id='line_1_50' title="bbox 318 2501 1896 2573; baseline -0.001 -17"><span class='ocrx_word' id='word_1_370' title='bbox 318 2503 467 2565; x_wconf 85' lang='grc' dir='ltr'>θείας</span> <span class='ocrx_word' id='word_1_371' title='bbox 486 2504 694 2573; x_wconf 83' lang='grc' dir='ltr'>φωνὰς,</span> <span class='ocrx_word' id='word_1_372' title='bbox 740 2504 799 2556; x_wconf 88' lang='grc' dir='ltr'>αἳ</span> <span class='ocrx_word' id='word_1_373' title='bbox 846 2502 1060 2573; x_wconf 83' lang='grc' dir='ltr'>πρῶται</span> <span class='ocrx_word' id='word_1_374' title='bbox 1109 2501 1187 2570; x_wconf 80' lang='grc' dir='ltr'>τῷ</span> <span class='ocrx_word' id='word_1_375' title='bbox 1254 2503 1344 2553; x_wconf 76' lang='grc' dir='ltr'><strong>ἐπὶ</strong></span> <span class='ocrx_word' id='word_1_376' title='bbox 1393 2502 1496 2571; x_wconf 81' lang='grc' dir='ltr'>γῆς</span> <span class='ocrx_word' id='word_1_377' title='bbox 1541 2503 1896 2571; x_wconf 84' lang='grc' dir='ltr'>σαρκουμένῳ</span> 
     </span>
    </p>
   </div>
   <div class='ocr_carea' id='block_1_51' title="bbox 2002 2501 3611 2579">
    <p class='ocr_par' dir='ltr' id='par_1_51' title="bbox 2002 2509 3611 2578">
     <span class='ocr_line' id='line_1_51' title="bbox 2002 2509 3611 2578; baseline 0 -15"><span class='ocrx_word' id='word_1_378' title='bbox 2002 2509 2298 2578; x_wconf 80' lang='lat' dir='ltr'><strong>quoddam,</strong></span> <span class='ocrx_word' id='word_1_379' title='bbox 2321 2510 2373 2563; x_wconf 91' lang='lat' dir='ltr'><strong>in</strong></span> <span class='ocrx_word' id='word_1_380' title='bbox 2396 2510 2716 2564; x_wconf 85' lang='lat' dir='ltr'><strong>descensum</strong></span> <span class='ocrx_word' id='word_1_381' title='bbox 2741 2510 2977 2577; x_wconf 87' lang='lat' dir='ltr'><strong>Spiritus</strong></span> <span class='ocrx_word' id='word_1_382' title='bbox 2998 2510 3171 2563; x_wconf 89' lang='lat' dir='ltr'><strong>sancti</strong></span> <span class='ocrx_word' id='word_1_383' title='bbox 3197 2509 3249 2562; x_wconf 90' lang='lat' dir='ltr'><strong>in</strong></span> <span class='ocrx_word' id='word_1_384' title='bbox 3270 2509 3570 2578; x_wconf 86' lang='lat' dir='ltr'><strong>discipulos</strong></span> <span class='ocrx_word' id='word_1_385' title='bbox 3602 2556 3611 2563; x_wconf 90' lang='lat'><strong>.</strong></span> 
     </span>
    </p>
   </div>
   <div class='ocr_carea' id='block_1_52' title="bbox 314 2593 1894 2666">
    <p class='ocr_par' dir='ltr' id='par_1_52' title="bbox 314 2593 1894 2666">
     <span class='ocr_line' id='line_1_52' title="bbox 314 2593 1894 2666; baseline -0.001 -17"><span class='ocrx_word' id='word_1_386' title='bbox 314 2596 435 2665; x_wconf 84' lang='grc' dir='ltr'>Θεῷ</span> <span class='ocrx_word' id='word_1_387' title='bbox 456 2596 935 2666; x_wconf 71' lang='grc' dir='ltr'>προσηνέχθησαν,</span> <span class='ocrx_word' id='word_1_388' title='bbox 967 2595 1048 2658; x_wconf 78' lang='grc' dir='ltr'><strong>τὸ,</strong></span> <span class='ocrx_word' id='word_1_389' title='bbox 1084 2594 1239 2658; x_wconf 84' lang='grc' dir='ltr'><strong>Δόξα</strong></span> <span class='ocrx_word' id='word_1_390' title='bbox 1287 2594 1355 2647; x_wconf 80' lang='grc' dir='ltr'><strong>ἐν</strong></span> <span class='ocrx_word' id='word_1_391' title='bbox 1400 2596 1685 2663; x_wconf 74' lang='grc' dir='ltr'>ὑψίστοις</span> <span class='ocrx_word' id='word_1_392' title='bbox 1751 2593 1894 2659; x_wconf 81' lang='grc' dir='ltr'>Θεῷ,</span> 
     </span>
    </p>
   </div>
   <div class='ocr_carea' id='block_1_53' title="bbox 314 2688 1894 2757">
    <p class='ocr_par' dir='ltr' id='par_1_53' title="bbox 314 2688 1894 2757">
     <span class='ocr_line' id='line_1_53' title="bbox 314 2688 1894 2757; baseline 0.001 -16"><span class='ocrx_word' id='word_1_393' title='bbox 314 2688 410 2741; x_wconf 80' lang='grc' dir='ltr'><strong>καί</strong></span> <span class='ocrx_word' id='word_1_394' title='bbox 467 2688 564 2742; x_wconf 75' lang='grc' dir='ltr'><strong>ἐπὶ</strong></span> <span class='ocrx_word' id='word_1_395' title='bbox 632 2689 747 2757; x_wconf 79' lang='grc' dir='ltr'>γῆς</span> <span class='ocrx_word' id='word_1_396' title='bbox 796 2690 1027 2757; x_wconf 78' lang='grc' dir='ltr'>εἰρήνη,</span> <span class='ocrx_word' id='word_1_397' title='bbox 1103 2690 1173 2745; x_wconf 75' lang='grc' dir='ltr'><strong>ἐν</strong></span> <span class='ocrx_word' id='word_1_398' title='bbox 1224 2689 1560 2756; x_wconf 78' lang='grc' dir='ltr'>ἀνθρώποις</span> <span class='ocrx_word' id='word_1_399' title='bbox 1629 2689 1894 2743; x_wconf 76' lang='grc' dir='ltr'>εὐδοκία.</span> 
     </span>
    </p>
   </div>
   <div class='ocr_carea' id='block_1_54' title="bbox 314 2782 1897 2853">
    <p class='ocr_par' dir='ltr' id='par_1_54' title="bbox 314 2782 1897 2853">
     <span class='ocr_line' id='line_1_54' title="bbox 314 2782 1897 2853; baseline -0.001 -16"><span class='ocrx_word' id='word_1_400' title='bbox 314 2815 381 2824; x_wconf 93' lang='lat'><strong><em>—</em></strong></span> <span class='ocrx_word' id='word_1_401' title='bbox 412 2785 677 2838; x_wconf 72' lang='grc' dir='ltr'>Βασιλεῦ</span> <span class='ocrx_word' id='word_1_402' title='bbox 707 2783 969 2852; x_wconf 56' lang='lat' dir='ltr'><strong>opprime.</strong></span> <span class='ocrx_word' id='word_1_403' title='bbox 1009 2814 1073 2823; x_wconf 92' lang='lat'><strong>—</strong></span> <span class='ocrx_word' id='word_1_404' title='bbox 1099 2785 1205 2836; x_wconf 79' lang='lat' dir='ltr'><strong>Kal</strong></span> <span class='ocrx_word' id='word_1_405' title='bbox 1232 2784 1373 2853; x_wconf 68' lang='grc' dir='ltr'>μετὰ</span> <span class='ocrx_word' id='word_1_406' title='bbox 1407 2782 1579 2836; x_wconf 82' lang='grc' dir='ltr'>ταῦτα</span> <span class='ocrx_word' id='word_1_407' title='bbox 1600 2782 1897 2853; x_wconf 84' lang='grc' dir='ltr'>τροπάριόν</span> 
     </span>
    </p>
   </div>
   <div class='ocr_carea' id='block_1_55' title="bbox 316 2875 1896 2947">
    <p class='ocr_par' dir='ltr' id='par_1_55' title="bbox 316 2875 1896 2947">
     <span class='ocr_line' id='line_1_55' title="bbox 316 2875 1896 2947; baseline 0 -20"><span class='ocrx_word' id='word_1_408' title='bbox 316 2894 368 2927; x_wconf 88' lang='grc' dir='ltr'><strong>τι</strong></span> <span class='ocrx_word' id='word_1_409' title='bbox 401 2876 814 2945; x_wconf 81' lang='grc' dir='ltr'>συντεθειμένον</span> <span class='ocrx_word' id='word_1_410' title='bbox 842 2878 932 2928; x_wconf 77' lang='grc' dir='ltr'>ἐπὶ</span> <span class='ocrx_word' id='word_1_411' title='bbox 958 2879 1021 2947; x_wconf 74' lang='grc' dir='ltr'>τῇ</span> <span class='ocrx_word' id='word_1_412' title='bbox 1074 2877 1213 2929; x_wconf 81' lang='grc' dir='ltr'>κατὰ</span> <span class='ocrx_word' id='word_1_413' title='bbox 1245 2876 1342 2945; x_wconf 73' lang='grc' dir='ltr'><strong>τὴν</strong></span> <span class='ocrx_word' id='word_1_414' title='bbox 1385 2875 1763 2946; x_wconf 78' lang='grc' dir='ltr'>Πεντηκοστὴν</span> <span class='ocrx_word' id='word_1_415' title='bbox 1814 2876 1896 2935; x_wconf 86' lang='grc' dir='ltr'><strong>εἰς</strong></span> 
     </span>
    </p>
   </div>
   <div class='ocr_carea' id='block_1_56' title="bbox 315 2967 1896 3038">
    <p class='ocr_par' dir='ltr' id='par_1_56' title="bbox 315 2967 1896 3038">
     <span class='ocr_line' id='line_1_56' title="bbox 315 2967 1896 3038; baseline -0.001 -18"><span class='ocrx_word' id='word_1_416' title='bbox 315 2971 443 3031; x_wconf 65' lang='grc' dir='ltr'>τοῦς</span> <span class='ocrx_word' id='word_1_417' title='bbox 479 2969 726 3038; x_wconf 70' lang='grc' dir='ltr'>μαθητὰς</span> <span class='ocrx_word' id='word_1_418' title='bbox 768 2969 982 3037; x_wconf 69' lang='grc' dir='ltr'>καθόδῳ</span> <span class='ocrx_word' id='word_1_419' title='bbox 1024 2968 1117 3021; x_wconf 85' lang='grc' dir='ltr'><strong>τοῦ</strong></span> <span class='ocrx_word' id='word_1_420' title='bbox 1156 2969 1301 3022; x_wconf 82' lang='grc' dir='ltr'>θείου</span> <span class='ocrx_word' id='word_1_421' title='bbox 1342 2970 1682 3038; x_wconf 85' lang='grc' dir='ltr'>Πνεύματος,</span> <span class='ocrx_word' id='word_1_422' title='bbox 1733 2967 1896 3022; x_wconf 66' lang='grc' dir='ltr'>αὐτὸν</span> 
     </span>
    </p>
   </div>
   <div class='ocr_carea' id='block_1_57' title="bbox 322 3052 1895 3130">
    <p class='ocr_par' dir='ltr' id='par_1_57' title="bbox 322 3052 1895 3130">
     <span class='ocr_line' id='line_1_57' title="bbox 322 3052 1895 3130; baseline -0.002 -17"><span class='ocrx_word' id='word_1_423' title='bbox 322 3060 497 3113; x_wconf 69' lang='grc' dir='ltr'>ἐλθεῖν</span> <span class='ocrx_word' id='word_1_424' title='bbox 520 3062 609 3112; x_wconf 76' lang='grc' dir='ltr'><strong>τὸν</strong></span> <span class='ocrx_word' id='word_1_425' title='bbox 634 3060 991 3130; x_wconf 80' lang='grc' dir='ltr'>Παράκλητον</span> <span class='ocrx_word' id='word_1_426' title='bbox 1046 3060 1539 3130; x_wconf 72' lang='grc' dir='ltr'>προσκαλούμενοι,</span> <span class='ocrx_word' id='word_1_427' title='bbox 1580 3060 1664 3127; x_wconf 77' lang='grc' dir='ltr'><strong>ἐφ’</strong></span> <span class='ocrx_word' id='word_1_428' title='bbox 1692 3052 1737 3127; x_wconf 83' lang='grc' dir='ltr'>ᾧ</span> <span class='ocrx_word' id='word_1_429' title='bbox 1796 3059 1895 3129; x_wconf 81' lang='grc' dir='ltr'><strong>τὴν</strong></span> 
     </span>
    </p>
   </div>
   <div class='ocr_carea' id='block_1_58' title="bbox 322 3136 1896 3222">
    <p class='ocr_par' dir='ltr' id='par_1_58' title="bbox 322 3136 1896 3222">
     <span class='ocr_line' id='line_1_58' title="bbox 322 3136 1896 3222; baseline 0.001 -18"><span class='ocrx_word' id='word_1_430' title='bbox 322 3155 381 3204; x_wconf 75' lang='grc' dir='ltr'>ἐν</span> <span class='ocrx_word' id='word_1_431' title='bbox 411 3153 542 3220; x_wconf 72' lang='grc' dir='ltr'>ἡμῖν</span> <span class='ocrx_word' id='word_1_432' title='bbox 573 3153 802 3205; x_wconf 78' lang='grc' dir='ltr'>ἐνοῦσαν</span> <span class='ocrx_word' id='word_1_433' title='bbox 830 3152 1169 3220; x_wconf 71' lang='grc' dir='ltr'>ἀφανίσαντα</span> <span class='ocrx_word' id='word_1_434' title='bbox 1217 3153 1504 3222; x_wconf 84' lang='grc' dir='ltr'>πονηρίαν,</span> <span class='ocrx_word' id='word_1_435' title='bbox 1538 3136 1739 3219; x_wconf 72' lang='grc' dir='ltr'>ἀξίους</span> <span class='ocrx_word' id='word_1_436' title='bbox 1765 3154 1896 3206; x_wconf 81' lang='grc' dir='ltr'>ἁνα-</span> 
     </span>
    </p>
   </div>
   <div class='ocr_carea' id='block_1_59' title="bbox 318 3242 1897 3313">
    <p class='ocr_par' dir='ltr' id='par_1_59' title="bbox 318 3242 1897 3313">
     <span class='ocr_line' id='line_1_59' title="bbox 318 3242 1897 3313; baseline -0.001 -14"><span class='ocrx_word' id='word_1_437' title='bbox 318 3245 490 3309; x_wconf 78' lang='grc' dir='ltr'>δεῖξαι</span> <span class='ocrx_word' id='word_1_438' title='bbox 528 3244 622 3295; x_wconf 82' lang='grc' dir='ltr'><strong>τοῦ</strong></span> <span class='ocrx_word' id='word_1_439' title='bbox 663 3243 1005 3310; x_wconf 74' lang='grc' dir='ltr'>παρεστάναι</span> <span class='ocrx_word' id='word_1_440' title='bbox 1052 3242 1192 3313; x_wconf 81' lang='grc' dir='ltr'>Θεῷ.</span> <span class='ocrx_word' id='word_1_441' title='bbox 1234 3274 1303 3285; x_wconf 91' lang='grc'><strong><em>-</em></strong></span> <span class='ocrx_word' id='word_1_442' title='bbox 1337 3245 1603 3312; x_wconf 50' lang='grc' dir='ltr'>Ἃγιοςνό</span> <span class='ocrx_word' id='word_1_443' title='bbox 1635 3245 1801 3309; x_wconf 86' lang='grc' dir='ltr'>Θεός.</span> <span class='ocrx_word' id='word_1_444' title='bbox 1828 3274 1897 3285; x_wconf 87' lang='grc'><strong><em>--</em></strong></span> 
     </span>
    </p>
   </div>
   <div class='ocr_carea' id='block_1_60' title="bbox 325 3332 1896 3405">
    <p class='ocr_par' dir='ltr' id='par_1_60' title="bbox 325 3332 1896 3405">
     <span class='ocr_line' id='line_1_60' title="bbox 325 3332 1896 3405; baseline 0.001 -17"><span class='ocrx_word' id='word_1_445' title='bbox 325 3332 455 3388; x_wconf 77' lang='grc' dir='ltr'>Εἶτα</span> <span class='ocrx_word' id='word_1_446' title='bbox 475 3335 568 3388; x_wconf 72' lang='grc' dir='ltr'><strong>τὸν</strong></span> <span class='ocrx_word' id='word_1_447' title='bbox 608 3335 903 3405; x_wconf 87' lang='grc' dir='ltr'>Τρισάγιον</span> <span class='ocrx_word' id='word_1_448' title='bbox 937 3336 1231 3404; x_wconf 80' lang='grc' dir='ltr'>λεγόμενον</span> <span class='ocrx_word' id='word_1_449' title='bbox 1292 3335 1479 3404; x_wconf 82' lang='grc' dir='ltr'>ὕμνον,</span> <span class='ocrx_word' id='word_1_450' title='bbox 1538 3337 1597 3389; x_wconf 81' lang='grc' dir='ltr'>ὃν</span> <span class='ocrx_word' id='word_1_451' title='bbox 1646 3336 1896 3389; x_wconf 83' lang='grc' dir='ltr'>συνέθετο</span> 
     </span>
    </p>
   </div>
   <div class='ocr_carea' id='block_1_61' title="bbox 328 3426 1896 3498">
    <p class='ocr_par' dir='ltr' id='par_1_61' title="bbox 328 3426 1896 3498">
     <span class='ocr_line' id='line_1_61' title="bbox 328 3426 1896 3498; baseline 0.001 -17"><span class='ocrx_word' id='word_1_452' title='bbox 328 3430 426 3498; x_wconf 75' lang='grc' dir='ltr'>μὲν</span> <span class='ocrx_word' id='word_1_453' title='bbox 458 3429 490 3498; x_wconf 83' lang='grc' dir='ltr'>ἡ</span> <span class='ocrx_word' id='word_1_454' title='bbox 540 3427 836 3497; x_wconf 86' lang='grc' dir='ltr'>Ἐκκλησία</span> <span class='ocrx_word' id='word_1_455' title='bbox 865 3428 1016 3497; x_wconf 81' lang='grc' dir='ltr'><strong>παρά</strong></span> <span class='ocrx_word' id='word_1_456' title='bbox 1044 3426 1136 3480; x_wconf 88' lang='grc' dir='ltr'><strong>τοῦ</strong></span> <span class='ocrx_word' id='word_1_457' title='bbox 1178 3427 1407 3482; x_wconf 81' lang='grc' dir='ltr'>’ἰισαῖου</span> <span class='ocrx_word' id='word_1_458' title='bbox 1440 3427 1703 3492; x_wconf 77' lang='grc' dir='ltr'>λαϐοῦσα,</span> <span class='ocrx_word' id='word_1_459' title='bbox 1738 3430 1896 3497; x_wconf 78' lang='grc' dir='ltr'>ἡνίκα</span> 
     </span>
    </p>
   </div>
   <div class='ocr_carea' id='block_1_62' title="bbox 318 3517 1897 3587">
    <p class='ocr_par' dir='ltr' id='par_1_62' title="bbox 318 3517 1897 3587">
     <span class='ocr_line' id='line_1_62' title="bbox 318 3517 1897 3587; baseline 0 -17"><span class='ocrx_word' id='word_1_460' title='bbox 318 3518 416 3587; x_wconf 78' lang='grc' dir='ltr'>τῆς</span> <span class='ocrx_word' id='word_1_461' title='bbox 450 3518 774 3587; x_wconf 81' lang='grc' dir='ltr'>θαυμαστῆς</span> <span class='ocrx_word' id='word_1_462' title='bbox 798 3517 1017 3587; x_wconf 77' lang='grc' dir='ltr'>ἠξιοῦτο</span> <span class='ocrx_word' id='word_1_463' title='bbox 1059 3518 1167 3569; x_wconf 75' lang='grc' dir='ltr'>τῶν</span> <span class='ocrx_word' id='word_1_464' title='bbox 1194 3518 1449 3587; x_wconf 74' lang='grc' dir='ltr'>Σεραφίμ</span> <span class='ocrx_word' id='word_1_465' title='bbox 1493 3518 1751 3587; x_wconf 75' lang='grc' dir='ltr'>θεωρίας,</span> <span class='ocrx_word' id='word_1_466' title='bbox 1805 3518 1897 3570; x_wconf 84' lang='grc' dir='ltr'>καὶ</span> 
     </span>
    </p>
   </div>
   <div class='ocr_carea' id='block_1_63' title="bbox 315 3604 1896 3679">
    <p class='ocr_par' dir='ltr' id='par_1_63' title="bbox 315 3604 1896 3679">
     <span class='ocr_line' id='line_1_63' title="bbox 315 3604 1896 3679; baseline -0.001 -17"><span class='ocrx_word' id='word_1_467' title='bbox 315 3612 395 3663; x_wconf 79' lang='grc' dir='ltr'><strong>ἔτι</strong></span> <span class='ocrx_word' id='word_1_468' title='bbox 423 3612 892 3679; x_wconf 82' lang='grc' dir='ltr'>προσχρησαμένη</span> <span class='ocrx_word' id='word_1_469' title='bbox 924 3612 1039 3671; x_wconf 87' lang='grc' dir='ltr'>τοῖς</span> <span class='ocrx_word' id='word_1_470' title='bbox 1073 3608 1168 3661; x_wconf 83' lang='grc' dir='ltr'><strong>τοῦ</strong></span> <span class='ocrx_word' id='word_1_471' title='bbox 1201 3609 1365 3663; x_wconf 69' lang='grc' dir='ltr'>Δαόὶδ</span> <span class='ocrx_word' id='word_1_472' title='bbox 1398 3612 1660 3679; x_wconf 77' lang='grc' dir='ltr'>ῥήμασιν,</span> <span class='ocrx_word' id='word_1_473' title='bbox 1718 3612 1773 3662; x_wconf 78' lang='grc' dir='ltr'>ὲν</span> <span class='ocrx_word' id='word_1_474' title='bbox 1815 3604 1896 3675; x_wconf 72' lang='grc' dir='ltr'>οἷς</span> 
     </span>
    </p>
   </div>
   <div class='ocr_carea' id='block_1_64' title="bbox 316 3700 1896 3769">
    <p class='ocr_par' dir='ltr' id='par_1_64' title="bbox 316 3700 1896 3769">
     <span class='ocr_line' id='line_1_64' title="bbox 316 3700 1896 3769; baseline 0.002 -17"><span class='ocrx_word' id='word_1_475' title='bbox 316 3718 504 3768; x_wconf 81' lang='grc' dir='ltr'>φησιν,</span> <span class='ocrx_word' id='word_1_476' title='bbox 540 3700 878 3767; x_wconf 69' lang='grc' dir='ltr'><strong>Ἔδίψησεν</strong></span> <span class='ocrx_word' id='word_1_477' title='bbox 904 3700 940 3764; x_wconf 74' lang='grc' dir='ltr'><em>ὴ</em></span> <span class='ocrx_word' id='word_1_478' title='bbox 970 3700 1140 3767; x_wconf 71' lang='grc' dir='ltr'><strong>ψυχή</strong></span> <span class='ocrx_word' id='word_1_479' title='bbox 1185 3717 1305 3769; x_wconf 83' lang='grc' dir='ltr'><strong>μου</strong></span> <span class='ocrx_word' id='word_1_480' title='bbox 1351 3701 1503 3768; x_wconf 70' lang='grc' dir='ltr'>πρὸς</span> <span class='ocrx_word' id='word_1_481' title='bbox 1560 3700 1668 3755; x_wconf 75' lang='grc' dir='ltr'><strong>τὸν</strong></span> <span class='ocrx_word' id='word_1_482' title='bbox 1728 3702 1896 3769; x_wconf 77' lang='grc' dir='ltr'>θεὸν,</span> 
     </span>
    </p>
   </div>
   <div class='ocr_carea' id='block_1_65' title="bbox 320 3792 1900 3861">
    <p class='ocr_par' dir='ltr' id='par_1_65' title="bbox 320 3792 1900 3861">
     <span class='ocr_line' id='line_1_65' title="bbox 320 3792 1900 3861; baseline -0.001 -15"><span class='ocrx_word' id='word_1_483' title='bbox 320 3795 428 3847; x_wconf 83' lang='grc' dir='ltr'><strong>τὸν</strong></span> <span class='ocrx_word' id='word_1_484' title='bbox 457 3792 737 3861; x_wconf 73' lang='grc' dir='ltr'>ἰσχυρὸν,</span> <span class='ocrx_word' id='word_1_485' title='bbox 772 3793 879 3844; x_wconf 75' lang='grc' dir='ltr'><strong>τὸν</strong></span> <span class='ocrx_word' id='word_1_486' title='bbox 913 3793 1131 3851; x_wconf 66' lang='grc' dir='ltr'>ζῶντα·</span> <span class='ocrx_word' id='word_1_487' title='bbox 1167 3793 1411 3860; x_wconf 78' lang='grc' dir='ltr'>ἐκύρωσε</span> <span class='ocrx_word' id='word_1_488' title='bbox 1435 3794 1491 3846; x_wconf 80' lang='grc' dir='ltr'>δὲ</span> <span class='ocrx_word' id='word_1_489' title='bbox 1548 3794 1677 3852; x_wconf 77' lang='grc' dir='ltr'>Θεὸς</span> <span class='ocrx_word' id='word_1_490' title='bbox 1730 3795 1900 3861; x_wconf 78' lang='grc' dir='ltr'>ἀμφι-</span> 
     </span>
    </p>
   </div>
   <div class='ocr_carea' id='block_1_66' title="bbox 317 3882 1897 3951">
    <p class='ocr_par' dir='ltr' id='par_1_66' title="bbox 317 3882 1897 3951">
     <span class='ocr_line' id='line_1_66' title="bbox 317 3882 1897 3951; baseline 0.004 -18"><span class='ocrx_word' id='word_1_491' title='bbox 317 3883 646 3951; x_wconf 84' lang='grc' dir='ltr'>γνοούμενον</span> <span class='ocrx_word' id='word_1_492' title='bbox 674 3883 902 3947; x_wconf 78' lang='grc' dir='ltr'>ἄνωθεν,</span> <span class='ocrx_word' id='word_1_493' title='bbox 927 3883 1015 3934; x_wconf 78' lang='grc' dir='ltr'>ὅτε</span> <span class='ocrx_word' id='word_1_494' title='bbox 1052 3882 1137 3934; x_wconf 70' lang='grc' dir='ltr'><strong>διὰ</strong></span> <span class='ocrx_word' id='word_1_495' title='bbox 1168 3884 1267 3951; x_wconf 78' lang='grc' dir='ltr'>τῆς</span> <span class='ocrx_word' id='word_1_496' title='bbox 1300 3883 1563 3951; x_wconf 78' lang='grc' dir='ltr'>ἁρπαγῆς</span> <span class='ocrx_word' id='word_1_497' title='bbox 1594 3884 1686 3936; x_wconf 90' lang='grc' dir='ltr'><strong>τοῦ</strong></span> <span class='ocrx_word' id='word_1_498' title='bbox 1712 3887 1897 3949; x_wconf 84' lang='grc' dir='ltr'>παιδὸς</span> 
     </span>
    </p>
   </div>
   <div class='ocr_carea' id='block_1_67' title="bbox 319 3973 1898 4046">
    <p class='ocr_par' dir='ltr' id='par_1_67' title="bbox 319 3973 1898 4046">
     <span class='ocr_line' id='line_1_67' title="bbox 319 3973 1898 4046; baseline 0.003 -20"><span class='ocrx_word' id='word_1_499' title='bbox 319 3975 589 4042; x_wconf 70' lang='grc' dir='ltr'>ἐμήνυσεν</span> <span class='ocrx_word' id='word_1_500' title='bbox 609 3974 782 4037; x_wconf 78' lang='grc' dir='ltr'>οὓτως</span> <span class='ocrx_word' id='word_1_501' title='bbox 811 3973 1034 4044; x_wconf 77' lang='grc' dir='ltr'>ᾄδοντας</span> <span class='ocrx_word' id='word_1_502' title='bbox 1060 3975 1185 4037; x_wconf 76' lang='grc' dir='ltr'>τοὺς</span> <span class='ocrx_word' id='word_1_503' title='bbox 1216 3976 1502 4042; x_wconf 79' lang='grc' dir='ltr'>ἀγγέλους,</span> <span class='ocrx_word' id='word_1_504' title='bbox 1533 3976 1590 4029; x_wconf 85' lang='grc' dir='ltr'><strong>δν</strong></span> <span class='ocrx_word' id='word_1_505' title='bbox 1622 3977 1715 4029; x_wconf 78' lang='grc' dir='ltr'>καὶ</span> <span class='ocrx_word' id='word_1_506' title='bbox 1743 3994 1898 4046; x_wconf 85' lang='grc' dir='ltr'>τρισ-</span> 
     </span>
    </p>
   </div>
   <div class='ocr_carea' id='block_1_68' title="bbox 321 4066 1902 4145">
    <p class='ocr_par' dir='ltr' id='par_1_68' title="bbox 321 4066 1902 4145">
     <span class='ocr_line' id='line_1_68' title="bbox 321 4066 1902 4145; baseline 0.003 -25"><span class='ocrx_word' id='word_1_507' title='bbox 321 4066 563 4129; x_wconf 82' lang='grc' dir='ltr'>σοῦντες,</span> <span class='ocrx_word' id='word_1_508' title='bbox 587 4068 666 4126; x_wconf 83' lang='grc' dir='ltr'><strong>εἰς</strong></span> <span class='ocrx_word' id='word_1_509' title='bbox 692 4068 857 4137; x_wconf 82' lang='grc' dir='ltr'>τιμὴν</span> <span class='ocrx_word' id='word_1_510' title='bbox 879 4070 974 4145; x_wconf 80' lang='grc' dir='ltr'>καὶ</span> <span class='ocrx_word' id='word_1_511' title='bbox 1004 4068 1162 4122; x_wconf 84' lang='grc' dir='ltr'>τοῦτο</span> <span class='ocrx_word' id='word_1_512' title='bbox 1185 4068 1287 4135; x_wconf 75' lang='grc' dir='ltr'>τῆς</span> <span class='ocrx_word' id='word_1_513' title='bbox 1318 4070 1704 4139; x_wconf 81' lang='grc' dir='ltr'>προσκυνητῆς</span> <span class='ocrx_word' id='word_1_514' title='bbox 1732 4072 1902 4139; x_wconf 81' lang='grc' dir='ltr'>Τριά-</span> 
     </span>
    </p>
   </div>
   <div class='ocr_carea' id='block_1_69' title="bbox 320 4159 1898 4231">
    <p class='ocr_par' dir='ltr' id='par_1_69' title="bbox 320 4159 1898 4231">
     <span class='ocr_line' id='line_1_69' title="bbox 320 4159 1898 4231; baseline 0.004 -20"><span class='ocrx_word' id='word_1_515' title='bbox 320 4159 430 4224; x_wconf 85' lang='grc' dir='ltr'>δος,</span> <span class='ocrx_word' id='word_1_516' title='bbox 464 4160 797 4221; x_wconf 83' lang='grc' dir='ltr'>τοσαυτάκις</span> <span class='ocrx_word' id='word_1_517' title='bbox 856 4161 950 4213; x_wconf 72' lang='grc' dir='ltr'><strong>καὶ</strong></span> <span class='ocrx_word' id='word_1_518' title='bbox 1008 4160 1447 4231; x_wconf 78' lang='grc' dir='ltr'>προσκυνοῦμεν,</span> <span class='ocrx_word' id='word_1_519' title='bbox 1494 4163 1898 4228; x_wconf 78' lang='grc' dir='ltr'>ἐπιδεικνύντες</span> 
     </span>
    </p>
   </div>
   <div class='ocr_carea' id='block_1_70' title="bbox 320 4250 1899 4321">
    <p class='ocr_par' dir='ltr' id='par_1_70' title="bbox 320 4250 1899 4321">
     <span class='ocr_line' id='line_1_70' title="bbox 320 4250 1899 4321; baseline 0.004 -16"><span class='ocrx_word' id='word_1_520' title='bbox 320 4253 477 4321; x_wconf 76' lang='grc' dir='ltr'>ἡμῶν</span> <span class='ocrx_word' id='word_1_521' title='bbox 507 4250 569 4303; x_wconf 85' lang='grc' dir='ltr'>τὸ</span> <span class='ocrx_word' id='word_1_522' title='bbox 594 4252 821 4316; x_wconf 74' lang='grc' dir='ltr'>εὐλαϐὲς</span> <span class='ocrx_word' id='word_1_523' title='bbox 878 4252 1008 4321; x_wconf 72' lang='grc' dir='ltr'>περὶ</span> <span class='ocrx_word' id='word_1_524' title='bbox 1037 4252 1127 4304; x_wconf 76' lang='grc' dir='ltr'>τὸν</span> <span class='ocrx_word' id='word_1_525' title='bbox 1160 4254 1459 4321; x_wconf 82' lang='grc' dir='ltr'>ἀγγελικόν</span> <span class='ocrx_word' id='word_1_526' title='bbox 1496 4271 1554 4307; x_wconf 85' lang='grc' dir='ltr'><strong>τε</strong></span> <span class='ocrx_word' id='word_1_527' title='bbox 1610 4256 1705 4309; x_wconf 83' lang='grc' dir='ltr'><strong>καί</strong></span> <span class='ocrx_word' id='word_1_528' title='bbox 1756 4257 1899 4311; x_wconf 88' lang='grc' dir='ltr'>θεῖον</span> 
     </span>
    </p>
   </div>
   <div class='ocr_carea' id='block_1_71' title="bbox 322 4342 1900 4416">
    <p class='ocr_par' dir='ltr' id='par_1_71' title="bbox 322 4342 1900 4416">
     <span class='ocr_line' id='line_1_71' title="bbox 322 4342 1900 4416; baseline 0.003 -20"><span class='ocrx_word' id='word_1_529' title='bbox 322 4343 510 4412; x_wconf 73' lang='grc' dir='ltr'>ὕμνον.</span> <span class='ocrx_word' id='word_1_530' title='bbox 542 4374 613 4384; x_wconf 89' lang='grc'><strong>-</strong></span> <span class='ocrx_word' id='word_1_531' title='bbox 640 4344 795 4407; x_wconf 82' lang='grc' dir='ltr'><strong>Δόξα</strong></span> <span class='ocrx_word' id='word_1_532' title='bbox 850 4345 1054 4411; x_wconf 82' lang='grc' dir='ltr'>Πατρί.</span> <span class='ocrx_word' id='word_1_533' title='bbox 1088 4374 1157 4385; x_wconf 89' lang='grc'><strong>-</strong></span> <span class='ocrx_word' id='word_1_534' title='bbox 1202 4342 1336 4399; x_wconf 78' lang='grc' dir='ltr'>Εἶτα</span> <span class='ocrx_word' id='word_1_535' title='bbox 1390 4350 1485 4399; x_wconf 72' lang='lat' dir='ltr'><strong>val</strong></span> <span class='ocrx_word' id='word_1_536' title='bbox 1537 4348 1900 4416; x_wconf 77' lang='grc' dir='ltr'>ὀνομάσαντες</span> 
     </span>
    </p>
   </div>
   <div class='ocr_carea' id='block_1_72' title="bbox 2000 2600 3571 2672">
    <p class='ocr_par' dir='ltr' id='par_1_72' title="bbox 2000 2600 3571 2672">
     <span class='ocr_line' id='line_1_72' title="bbox 2000 2600 3571 2672; baseline -0.001 -16"><span class='ocrx_word' id='word_1_537' title='bbox 2000 2603 2088 2656; x_wconf 90' lang='lat' dir='ltr'><strong>die</strong></span> <span class='ocrx_word' id='word_1_538' title='bbox 2115 2601 2473 2658; x_wconf 85' lang='lat' dir='ltr'><strong>Pentecostes</strong></span> <span class='ocrx_word' id='word_1_539' title='bbox 2512 2605 2899 2670; x_wconf 84' lang='lat' dir='ltr'><strong>compositum,</strong></span> <span class='ocrx_word' id='word_1_540' title='bbox 2930 2612 3151 2657; x_wconf 87' lang='lat' dir='ltr'><strong>orantes</strong></span> <span class='ocrx_word' id='word_1_541' title='bbox 3187 2603 3363 2672; x_wconf 89' lang='lat' dir='ltr'><strong>ipsum</strong></span> <span class='ocrx_word' id='word_1_542' title='bbox 3405 2600 3571 2654; x_wconf 86' lang='lat' dir='ltr'><strong>Para-</strong></span> 
     </span>
    </p>
   </div>
   <div class='ocr_carea' id='block_1_73' title="bbox 1999 2692 3573 2759">
    <p class='ocr_par' dir='ltr' id='par_1_73' title="bbox 1999 2692 3573 2759">
     <span class='ocr_line' id='line_1_73' title="bbox 1999 2692 3573 2759; baseline 0.001 -13"><span class='ocrx_word' id='word_1_543' title='bbox 1999 2692 2198 2747; x_wconf 91' lang='lat' dir='ltr'><strong>clctum</strong></span> <span class='ocrx_word' id='word_1_544' title='bbox 2252 2702 2313 2746; x_wconf 91' lang='lat' dir='ltr'><strong>ut</strong></span> <span class='ocrx_word' id='word_1_545' title='bbox 2360 2694 2541 2746; x_wconf 68' lang='lat' dir='ltr'><strong>ven’at</strong></span> <span class='ocrx_word' id='word_1_546' title='bbox 2574 2702 2647 2752; x_wconf 81' lang='lat' dir='ltr'><strong>et,</strong></span> <span class='ocrx_word' id='word_1_547' title='bbox 2694 2708 2816 2759; x_wconf 63' lang='lat' dir='ltr'><strong>quae</strong></span> <span class='ocrx_word' id='word_1_548' title='bbox 2864 2693 3023 2746; x_wconf 84' lang='lat' dir='ltr'><strong>nobis</strong></span> <span class='ocrx_word' id='word_1_549' title='bbox 3055 2693 3193 2746; x_wconf 88' lang='lat' dir='ltr'><strong>inest</strong></span> <span class='ocrx_word' id='word_1_550' title='bbox 3236 2693 3439 2746; x_wconf 78' lang='lat' dir='ltr'><strong>malitia</strong></span> <span class='ocrx_word' id='word_1_551' title='bbox 3477 2692 3573 2747; x_wconf 85' lang='lat' dir='ltr'><strong>de-</strong></span> 
     </span>
    </p>
   </div>
   <div class='ocr_carea' id='block_1_74' title="bbox 2001 2782 3571 2852">
    <p class='ocr_par' dir='ltr' id='par_1_74' title="bbox 2001 2782 3571 2852">
     <span class='ocr_line' id='line_1_74' title="bbox 2001 2782 3571 2852; baseline -0.002 -14"><span class='ocrx_word' id='word_1_552' title='bbox 2001 2784 2128 2846; x_wconf 88' lang='lat' dir='ltr'><strong>leta,</strong></span> <span class='ocrx_word' id='word_1_553' title='bbox 2167 2783 2363 2852; x_wconf 72' lang='lat' dir='ltr'><strong>dignos</strong></span> <span class='ocrx_word' id='word_1_554' title='bbox 2395 2800 2495 2838; x_wconf 88' lang='lat' dir='ltr'><strong>nos</strong></span> <span class='ocrx_word' id='word_1_555' title='bbox 2518 2784 2709 2838; x_wconf 83' lang='lat' dir='ltr'><strong>reddat</strong></span> <span class='ocrx_word' id='word_1_556' title='bbox 2735 2783 2828 2852; x_wconf 91' lang='lat' dir='ltr'><strong>qui</strong></span> <span class='ocrx_word' id='word_1_557' title='bbox 2859 2784 2969 2837; x_wconf 85' lang='lat' dir='ltr'><strong>Deo</strong></span> <span class='ocrx_word' id='word_1_558' title='bbox 2999 2782 3571 2839; x_wconf 85' lang='lat' dir='ltr'><strong>assistamus.——San-</strong></span> 
     </span>
    </p>
   </div>
   <div class='ocr_carea' id='block_1_75' title="bbox 1972 2871 3568 2942">
    <p class='ocr_par' dir='ltr' id='par_1_75' title="bbox 1972 2871 3568 2942">
     <span class='ocr_line' id='line_1_75' title="bbox 1972 2871 3568 2942; baseline 0.001 -17"><span class='ocrx_word' id='word_1_559' title='bbox 1972 2882 2115 2926; x_wconf 69' lang='lat' dir='ltr'><strong>etus</strong></span> <span class='ocrx_word' id='word_1_560' title='bbox 2147 2871 2393 2927; x_wconf 76' lang='lat' dir='ltr'><strong>Deus.-—</strong></span> <span class='ocrx_word' id='word_1_561' title='bbox 2414 2872 2541 2925; x_wconf 84' lang='lat' dir='ltr'><strong>Indo</strong></span> <span class='ocrx_word' id='word_1_562' title='bbox 2574 2872 2833 2941; x_wconf 88' lang='lat' dir='ltr'><strong>hymttum</strong></span> <span class='ocrx_word' id='word_1_563' title='bbox 2855 2872 3141 2942; x_wconf 79' lang='lat' dir='ltr'><strong>Trisagion</strong></span> <span class='ocrx_word' id='word_1_564' title='bbox 3168 2873 3370 2927; x_wconf 90' lang='lat' dir='ltr'><strong>dictum</strong></span> <span class='ocrx_word' id='word_1_565' title='bbox 3406 2887 3568 2940; x_wconf 88' lang='lat' dir='ltr'><strong>quem</strong></span> 
     </span>
    </p>
   </div>
   <div class='ocr_carea' id='block_1_76' title="bbox 2001 2965 3573 3036">
    <p class='ocr_par' dir='ltr' id='par_1_76' title="bbox 2001 2965 3573 3036">
     <span class='ocr_line' id='line_1_76' title="bbox 2001 2965 3573 3036; baseline -0.001 -15"><span class='ocrx_word' id='word_1_566' title='bbox 2001 2968 2105 3022; x_wconf 88' lang='lat' dir='ltr'><strong>sibi</strong></span> <span class='ocrx_word' id='word_1_567' title='bbox 2137 2982 2200 3021; x_wconf 80' lang='lat' dir='ltr'><strong>ex</strong></span> <span class='ocrx_word' id='word_1_568' title='bbox 2230 2967 2368 3021; x_wconf 85' lang='lat' dir='ltr'><strong>Isaia</strong></span> <span class='ocrx_word' id='word_1_569' title='bbox 2397 2967 2615 3036; x_wconf 87' lang='lat' dir='ltr'><strong>quando</strong></span> <span class='ocrx_word' id='word_1_570' title='bbox 2644 2968 2732 3019; x_wconf 87' lang='lat' dir='ltr'><strong>ille</strong></span> <span class='ocrx_word' id='word_1_571' title='bbox 2764 2966 2999 3019; x_wconf 83' lang='lat' dir='ltr'><strong>mirabili</strong></span> <span class='ocrx_word' id='word_1_572' title='bbox 3046 2966 3328 3035; x_wconf 84' lang='lat' dir='ltr'><strong>Seraphim</strong></span> <span class='ocrx_word' id='word_1_573' title='bbox 3366 2965 3573 3020; x_wconf 80' lang='lat' dir='ltr'><strong>visione</strong></span> 
     </span>
    </p>
   </div>
   <div class='ocr_carea' id='block_1_77' title="bbox 2010 3055 3573 3125">
    <p class='ocr_par' dir='ltr' id='par_1_77' title="bbox 2010 3055 3573 3125">
     <span class='ocr_line' id='line_1_77' title="bbox 2010 3055 3573 3125; baseline 0.003 -19"><span class='ocrx_word' id='word_1_574' title='bbox 2010 3057 2263 3125; x_wconf 82' lang='lat' dir='ltr'><strong>dignatus</strong></span> <span class='ocrx_word' id='word_1_575' title='bbox 2290 3055 2413 3118; x_wconf 78' lang='lat' dir='ltr'><strong>fuit.</strong></span> <span class='ocrx_word' id='word_1_576' title='bbox 2447 3071 2745 3125; x_wconf 76' lang='lat' dir='ltr'><strong>excerpens</strong></span> <span class='ocrx_word' id='word_1_577' title='bbox 2771 3056 3011 3110; x_wconf 84' lang='lat' dir='ltr'><strong>Ecclesia</strong></span> <span class='ocrx_word' id='word_1_578' title='bbox 3036 3058 3365 3125; x_wconf 86' lang='lat' dir='ltr'><strong>composuit,</strong></span> <span class='ocrx_word' id='word_1_579' title='bbox 3394 3056 3573 3111; x_wconf 81' lang='lat' dir='ltr'><strong>verbis</strong></span> 
     </span>
    </p>
   </div>
   <div class='ocr_carea' id='block_1_78' title="bbox 2003 3146 3573 3217">
    <p class='ocr_par' dir='ltr' id='par_1_78' title="bbox 2003 3146 3573 3217">
     <span class='ocr_line' id='line_1_78' title="bbox 2003 3146 3573 3217; baseline -0.001 -15"><span class='ocrx_word' id='word_1_580' title='bbox 2003 3149 2166 3203; x_wconf 89' lang='lat' dir='ltr'><strong>etiam</strong></span> <span class='ocrx_word' id='word_1_581' title='bbox 2200 3148 2419 3203; x_wconf 87' lang='lat' dir='ltr'><strong>Davidis</strong></span> <span class='ocrx_word' id='word_1_582' title='bbox 2453 3158 2609 3202; x_wconf 87' lang='lat' dir='ltr'><strong>utens</strong></span> <span class='ocrx_word' id='word_1_583' title='bbox 2646 3150 2697 3201; x_wconf 88' lang='lat' dir='ltr'><strong>in</strong></span> <span class='ocrx_word' id='word_1_584' title='bbox 2731 3148 2931 3217; x_wconf 83' lang='lat' dir='ltr'><strong>quibus</strong></span> <span class='ocrx_word' id='word_1_585' title='bbox 2965 3148 3097 3201; x_wconf 84' lang='lat' dir='ltr'><strong>dicit</strong></span> <span class='ocrx_word' id='word_1_586' title='bbox 3137 3167 3149 3203; x_wconf 90' lang='lat'>:</span> <span class='ocrx_word' id='word_1_587' title='bbox 3186 3146 3362 3202; x_wconf 80' lang='lat' dir='ltr'><strong>Sitivit</strong></span> <span class='ocrx_word' id='word_1_588' title='bbox 3393 3151 3573 3201; x_wconf 85' lang='lat' dir='ltr'><strong>anima</strong></span> 
     </span>
    </p>
   </div>
   <div class='ocr_carea' id='block_1_79' title="bbox 2004 3241 3578 3310">
    <p class='ocr_par' dir='ltr' id='par_1_79' title="bbox 2004 3241 3578 3310">
     <span class='ocr_line' id='line_1_79' title="bbox 2004 3241 3578 3310; baseline 0 -17"><span class='ocrx_word' id='word_1_589' title='bbox 2004 3258 2117 3295; x_wconf 86' lang='lat' dir='ltr'><strong>mea</strong></span> <span class='ocrx_word' id='word_1_590' title='bbox 2138 3242 2206 3294; x_wconf 86' lang='lat' dir='ltr'><strong>ad</strong></span> <span class='ocrx_word' id='word_1_591' title='bbox 2230 3241 2392 3295; x_wconf 84' lang='lat' dir='ltr'><strong>Deum</strong></span> <span class='ocrx_word' id='word_1_592' title='bbox 2419 3241 2636 3308; x_wconf 80' lang='lat' dir='ltr'><strong>fortem,</strong></span> <span class='ocrx_word' id='word_1_593' title='bbox 2671 3242 2840 3295; x_wconf 76' lang='lat' dir='ltr'><strong>uirum</strong></span> <span class='ocrx_word' id='word_1_594' title='bbox 2877 3242 2915 3273; x_wconf 76' lang='grc'>¹⁹</span> <span class='ocrx_word' id='word_1_595' title='bbox 2955 3259 2967 3293; x_wconf 91' lang='lat'><strong>:</strong></span> <span class='ocrx_word' id='word_1_596' title='bbox 2993 3256 3156 3310; x_wconf 89' lang='lat' dir='ltr'><strong>quem</strong></span> <span class='ocrx_word' id='word_1_597' title='bbox 3181 3242 3247 3296; x_wconf 88' lang='lat' dir='ltr'><strong>de</strong></span> <span class='ocrx_word' id='word_1_598' title='bbox 3275 3241 3416 3296; x_wconf 70' lang='lat' dir='ltr'><strong>cmlo</strong></span> <span class='ocrx_word' id='word_1_599' title='bbox 3439 3257 3578 3295; x_wconf 83' lang='lat' dir='ltr'><strong>con-</strong></span> 
     </span>
    </p>
   </div>
   <div class='ocr_carea' id='block_1_80' title="bbox 2007 3334 3572 3402">
    <p class='ocr_par' dir='ltr' id='par_1_80' title="bbox 2007 3334 3572 3402">
     <span class='ocr_line' id='line_1_80' title="bbox 2007 3334 3572 3402; baseline -0.002 -15"><span class='ocrx_word' id='word_1_600' title='bbox 2007 3334 2239 3389; x_wconf 82' lang='lat' dir='ltr'><strong>ﬁrmavit</strong></span> <span class='ocrx_word' id='word_1_601' title='bbox 2298 3334 2441 3389; x_wconf 91' lang='lat' dir='ltr'><strong>Deus</strong></span> <span class='ocrx_word' id='word_1_602' title='bbox 2509 3335 2870 3393; x_wconf 73' lang='lat' dir='ltr'><strong>haesitantem,</strong></span> <span class='ocrx_word' id='word_1_603' title='bbox 2922 3334 3139 3402; x_wconf 86' lang='lat' dir='ltr'><strong>quando</strong></span> <span class='ocrx_word' id='word_1_604' title='bbox 3214 3350 3307 3402; x_wconf 90' lang='lat' dir='ltr'><strong>per</strong></span> <span class='ocrx_word' id='word_1_605' title='bbox 3362 3341 3572 3402; x_wconf 89' lang='lat' dir='ltr'><strong>raptum</strong></span> 
     </span>
    </p>
   </div>
   <div class='ocr_carea' id='block_1_81' title="bbox 2008 3426 3577 3496">
    <p class='ocr_par' dir='ltr' id='par_1_81' title="bbox 2008 3426 3577 3496">
     <span class='ocr_line' id='line_1_81' title="bbox 2008 3426 3577 3496; baseline -0.004 -14"><span class='ocrx_word' id='word_1_606' title='bbox 2008 3427 2160 3496; x_wconf 87' lang='lat' dir='ltr'><strong>pueri</strong></span> <span class='ocrx_word' id='word_1_607' title='bbox 2193 3426 2447 3481; x_wconf 89' lang='lat' dir='ltr'><strong>rcvelavit</strong></span> <span class='ocrx_word' id='word_1_608' title='bbox 2478 3427 2702 3496; x_wconf 70' lang='lat' dir='ltr'><strong>angelos</strong></span> <span class='ocrx_word' id='word_1_609' title='bbox 2730 3426 2808 3480; x_wconf 91' lang='lat' dir='ltr'><strong>sic</strong></span> <span class='ocrx_word' id='word_1_610' title='bbox 2852 3434 3107 3480; x_wconf 77' lang='lat' dir='ltr'><strong>canentes</strong></span> <span class='ocrx_word' id='word_1_611' title='bbox 3177 3426 3462 3495; x_wconf 85' lang='lat' dir='ltr'><strong>hymnum,</strong></span> <span class='ocrx_word' id='word_1_612' title='bbox 3522 3433 3577 3477; x_wconf 89' lang='lat' dir='ltr'><strong>et</strong></span> 
     </span>
    </p>
   </div>
   <div class='ocr_carea' id='block_1_82' title="bbox 2004 3514 3576 3588">
    <p class='ocr_par' dir='ltr' id='par_1_82' title="bbox 2004 3514 3576 3588">
     <span class='ocr_line' id='line_1_82' title="bbox 2004 3514 3576 3588; baseline -0.004 -14"><span class='ocrx_word' id='word_1_613' title='bbox 2004 3519 2224 3588; x_wconf 87' lang='lat' dir='ltr'><strong>quidem</strong></span> <span class='ocrx_word' id='word_1_614' title='bbox 2258 3528 2472 3573; x_wconf 84' lang='lat' dir='ltr'><strong>ternum</strong></span> <span class='ocrx_word' id='word_1_615' title='bbox 2500 3528 2760 3573; x_wconf 90' lang='lat' dir='ltr'><strong>canentes</strong></span> <span class='ocrx_word' id='word_1_616' title='bbox 2782 3519 2831 3570; x_wconf 90' lang='lat' dir='ltr'><strong>in</strong></span> <span class='ocrx_word' id='word_1_617' title='bbox 2858 3517 3119 3571; x_wconf 83' lang='lat' dir='ltr'><strong>honorem</strong></span> <span class='ocrx_word' id='word_1_618' title='bbox 3149 3517 3435 3570; x_wconf 73' lang='lat' dir='ltr'><strong>adoranda:</strong></span> <span class='ocrx_word' id='word_1_619' title='bbox 3454 3514 3576 3569; x_wconf 82' lang='lat' dir='ltr'><strong>Tri-</strong></span> 
     </span>
    </p>
   </div>
   <div class='ocr_carea' id='block_1_83' title="bbox 2006 3610 3575 3679">
    <p class='ocr_par' dir='ltr' id='par_1_83' title="bbox 2006 3610 3575 3679">
     <span class='ocr_line' id='line_1_83' title="bbox 2006 3610 3575 3679; baseline -0.005 -13"><span class='ocrx_word' id='word_1_620' title='bbox 2006 3612 2218 3676; x_wconf 86' lang='lat' dir='ltr'><strong>nitatis,</strong></span> <span class='ocrx_word' id='word_1_621' title='bbox 2262 3612 2422 3666; x_wconf 89' lang='lat' dir='ltr'><strong>toties</strong></span> <span class='ocrx_word' id='word_1_622' title='bbox 2462 3620 2515 3665; x_wconf 90' lang='lat' dir='ltr'><strong>et</strong></span> <span class='ocrx_word' id='word_1_623' title='bbox 2552 3612 2875 3675; x_wconf 86' lang='lat' dir='ltr'><strong>adoramus,</strong></span> <span class='ocrx_word' id='word_1_624' title='bbox 2916 3626 3013 3665; x_wconf 90' lang='lat' dir='ltr'><strong>nos</strong></span> <span class='ocrx_word' id='word_1_625' title='bbox 3042 3610 3293 3679; x_wconf 89' lang='lat' dir='ltr'><strong>pietatem</strong></span> <span class='ocrx_word' id='word_1_626' title='bbox 3332 3616 3575 3661; x_wconf 90' lang='lat' dir='ltr'><strong>nostram</strong></span> 
     </span>
    </p>
   </div>
   <div class='ocr_carea' id='block_1_84' title="bbox 2005 3699 3579 3775">
    <p class='ocr_par' dir='ltr' id='par_1_84' title="bbox 2005 3699 3579 3775">
     <span class='ocr_line' id='line_1_84' title="bbox 2005 3699 3579 3775; baseline -0.004 -16"><span class='ocrx_word' id='word_1_627' title='bbox 2005 3719 2134 3773; x_wconf 82' lang='lat' dir='ltr'><strong>erga</strong></span> <span class='ocrx_word' id='word_1_628' title='bbox 2174 3704 2481 3773; x_wconf 80' lang='lat' dir='ltr'><strong>angelicum</strong></span> <span class='ocrx_word' id='word_1_629' title='bbox 2542 3704 2897 3771; x_wconf 88' lang='lat' dir='ltr'><strong>divinumque</strong></span> <span class='ocrx_word' id='word_1_630' title='bbox 2965 3704 3224 3775; x_wconf 90' lang='lat' dir='ltr'><strong>hymnum</strong></span> <span class='ocrx_word' id='word_1_631' title='bbox 3266 3699 3579 3768; x_wconf 77' lang='lat' dir='ltr'><strong>significan-</strong></span> 
     </span>
    </p>
   </div>
   <div class='ocr_carea' id='block_1_85' title="bbox 2006 3793 3578 3863">
    <p class='ocr_par' dir='ltr' id='par_1_85' title="bbox 2006 3793 3578 3863">
     <span class='ocr_line' id='line_1_85' title="bbox 2006 3793 3578 3863; baseline -0.004 -12"><span class='ocrx_word' id='word_1_632' title='bbox 2006 3806 2108 3851; x_wconf 82' lang='lat' dir='ltr'><strong>tes.</strong></span> <span class='ocrx_word' id='word_1_633' title='bbox 2144 3824 2214 3835; x_wconf 88' lang='lat'><strong><em>—</em></strong></span> <span class='ocrx_word' id='word_1_634' title='bbox 2240 3793 2428 3849; x_wconf 78' lang='lat' dir='ltr'><strong>Gloria</strong></span> <span class='ocrx_word' id='word_1_635' title='bbox 2455 3794 2635 3849; x_wconf 83' lang='lat' dir='ltr'><strong>Patri.</strong></span> <span class='ocrx_word' id='word_1_636' title='bbox 2667 3826 2735 3835; x_wconf 86' lang='lat'><strong>--</strong></span> <span class='ocrx_word' id='word_1_637' title='bbox 2784 3795 2987 3850; x_wconf 73' lang='lat' dir='ltr'><strong>Exinde</strong></span> <span class='ocrx_word' id='word_1_638' title='bbox 3038 3807 3145 3849; x_wconf 87' lang='lat' dir='ltr'><strong>tres</strong></span> <span class='ocrx_word' id='word_1_639' title='bbox 3175 3794 3578 3863; x_wconf 85' lang='lat' dir='ltr'><strong>omnipotentes</strong></span> 
     </span>
    </p>
   </div>
   <div class='ocr_carea' id='block_1_86' title="bbox 2006 3886 3578 3958">
    <p class='ocr_par' dir='ltr' id='par_1_86' title="bbox 2006 3886 3578 3958">
     <span class='ocr_line' id='line_1_86' title="bbox 2006 3886 3578 3958; baseline -0.004 -16"><span class='ocrx_word' id='word_1_640' title='bbox 2006 3902 2272 3958; x_wconf 81' lang='lat' dir='ltr'><strong>personas</strong></span> <span class='ocrx_word' id='word_1_641' title='bbox 2307 3889 2456 3956; x_wconf 82' lang='lat' dir='ltr'><strong>ipsas</strong></span> <span class='ocrx_word' id='word_1_642' title='bbox 2490 3897 2778 3956; x_wconf 84' lang='lat' dir='ltr'><strong>postquam</strong></span> <span class='ocrx_word' id='word_1_643' title='bbox 2840 3888 3239 3942; x_wconf 78' lang='lat' dir='ltr'><strong>nominavimus</strong></span> <span class='ocrx_word' id='word_1_644' title='bbox 3279 3896 3333 3939; x_wconf 85' lang='lat' dir='ltr'><strong>et</strong></span> <span class='ocrx_word' id='word_1_645' title='bbox 3384 3886 3450 3938; x_wconf 91' lang='lat' dir='ltr'><strong>ad</strong></span> <span class='ocrx_word' id='word_1_646' title='bbox 3485 3897 3578 3936; x_wconf 89' lang='lat' dir='ltr'><strong>eas</strong></span> 
     </span>
    </p>
   </div>
   <div class='ocr_carea' id='block_1_87' title="bbox 2006 3978 3581 4049">
    <p class='ocr_par' dir='ltr' id='par_1_87' title="bbox 2006 3978 3581 4049">
     <span class='ocr_line' id='line_1_87' title="bbox 2006 3978 3581 4049; baseline -0.006 -14"><span class='ocrx_word' id='word_1_647' title='bbox 2006 3980 2237 4049; x_wconf 79' lang='lat' dir='ltr'><strong>gloriam</strong></span> <span class='ocrx_word' id='word_1_648' title='bbox 2290 3994 2400 4033; x_wconf 89' lang='lat' dir='ltr'><strong>non</strong></span> <span class='ocrx_word' id='word_1_649' title='bbox 2458 3988 2664 4031; x_wconf 80' lang='lat' dir='ltr'><strong>tantum</strong></span> <span class='ocrx_word' id='word_1_650' title='bbox 2699 3993 2866 4040; x_wconf 79' lang='lat' dir='ltr'><strong>nunc,</strong></span> <span class='ocrx_word' id='word_1_651' title='bbox 2920 3978 3013 4030; x_wconf 89' lang='lat' dir='ltr'><strong>sed</strong></span> <span class='ocrx_word' id='word_1_652' title='bbox 3060 3984 3113 4030; x_wconf 90' lang='lat' dir='ltr'><strong>et</strong></span> <span class='ocrx_word' id='word_1_653' title='bbox 3162 3984 3453 4043; x_wconf 87' lang='lat' dir='ltr'><strong>semperet</strong></span> <span class='ocrx_word' id='word_1_654' title='bbox 3484 3988 3581 4043; x_wconf 87' lang='lat' dir='ltr'><strong>per</strong></span> 
     </span>
    </p>
   </div>
   <div class='ocr_carea' id='block_1_88' title="bbox 2005 4063 3574 4137">
    <p class='ocr_par' dir='ltr' id='par_1_88' title="bbox 2005 4063 3574 4137">
     <span class='ocr_line' id='line_1_88' title="bbox 2005 4063 3574 4137; baseline -0.007 -10"><span class='ocrx_word' id='word_1_655' title='bbox 2005 4085 2167 4127; x_wconf 87' lang='lat' dir='ltr'><strong>omne</strong></span> <span class='ocrx_word' id='word_1_656' title='bbox 2213 4071 2469 4126; x_wconf 59' lang='lat' dir='ltr'><strong>saculum</strong></span> <span class='ocrx_word' id='word_1_657' title='bbox 2524 4068 2815 4137; x_wconf 90' lang='lat' dir='ltr'><strong>pertinere,</strong></span> <span class='ocrx_word' id='word_1_658' title='bbox 2868 4074 3153 4136; x_wconf 84' lang='lat' dir='ltr'><strong>postquam</strong></span> <span class='ocrx_word' id='word_1_659' title='bbox 3210 4064 3469 4127; x_wconf 77' lang='lat' dir='ltr'><strong>diximus,</strong></span> <span class='ocrx_word' id='word_1_660' title='bbox 3521 4063 3574 4116; x_wconf 73' lang='lat' dir='ltr'><strong>in</strong></span> 
     </span>
    </p>
   </div>
   <div class='ocr_carea' id='block_1_89' title="bbox 2006 4156 3577 4230">
    <p class='ocr_par' dir='ltr' id='par_1_89' title="bbox 2006 4156 3577 4230">
     <span class='ocr_line' id='line_1_89' title="bbox 2006 4156 3577 4230; baseline -0.008 -14"><span class='ocrx_word' id='word_1_661' title='bbox 2006 4177 2178 4216; x_wconf 89' lang='lat' dir='ltr'><strong>unum</strong></span> <span class='ocrx_word' id='word_1_662' title='bbox 2257 4161 2554 4230; x_wconf 83' lang='lat' dir='ltr'><strong>jungentcs</strong></span> <span class='ocrx_word' id='word_1_663' title='bbox 2610 4157 3047 4229; x_wconf 85' lang='lat' dir='ltr'><strong>pronuntiamus.</strong></span> <span class='ocrx_word' id='word_1_664' title='bbox 3098 4186 3171 4195; x_wconf 91' lang='lat'><strong>—</strong></span> <span class='ocrx_word' id='word_1_665' title='bbox 3225 4156 3577 4211; x_wconf 74' lang='lat' dir='ltr'><strong>Sattctiasima</strong></span> 
     </span>
    </p>
   </div>
   <div class='ocr_carea' id='block_1_90' title="bbox 2011 4244 3579 4314">
    <p class='ocr_par' dir='ltr' id='par_1_90' title="bbox 2011 4244 3579 4314">
     <span class='ocr_line' id='line_1_90' title="bbox 2011 4244 3579 4314; baseline -0.007 -6"><span class='ocrx_word' id='word_1_666' title='bbox 2011 4253 2268 4309; x_wconf 84' lang='lat' dir='ltr'><strong>Trinitas.</strong></span> <span class='ocrx_word' id='word_1_667' title='bbox 2305 4282 2372 4293; x_wconf 87' lang='lat'><strong>-—</strong></span> <span class='ocrx_word' id='word_1_668' title='bbox 2394 4252 2463 4305; x_wconf 82' lang='lat' dir='ltr'><strong>Et</strong></span> <span class='ocrx_word' id='word_1_669' title='bbox 2492 4267 2684 4306; x_wconf 81' lang='lat' dir='ltr'><strong>rursus</strong></span> <span class='ocrx_word' id='word_1_670' title='bbox 2706 4250 3024 4303; x_wconf 81' lang='lat' dir='ltr'><strong>invocantes</strong></span> <span class='ocrx_word' id='word_1_671' title='bbox 3059 4263 3173 4314; x_wconf 88' lang='lat' dir='ltr'><strong>eas,</strong></span> <span class='ocrx_word' id='word_1_672' title='bbox 3218 4245 3433 4300; x_wconf 82' lang='lat' dir='ltr'><strong>Patrem</strong></span> <span class='ocrx_word' id='word_1_673' title='bbox 3458 4244 3579 4313; x_wconf 91' lang='lat' dir='ltr'><strong>qui-</strong></span> 
     </span>
    </p>
   </div>
   <div class='ocr_carea' id='block_1_91' title="bbox 2006 4336 3575 4410">
    <p class='ocr_par' dir='ltr' id='par_1_91' title="bbox 2006 4336 3575 4410">
     <span class='ocr_line' id='line_1_91' title="bbox 2006 4336 3575 4410; baseline -0.008 -9"><span class='ocrx_word' id='word_1_674' title='bbox 2006 4345 2153 4410; x_wconf 85' lang='lat' dir='ltr'><strong>dem,</strong></span> <span class='ocrx_word' id='word_1_675' title='bbox 2185 4344 2474 4398; x_wconf 89' lang='lat' dir='ltr'><strong>Dominnm</strong></span> <span class='ocrx_word' id='word_1_676' title='bbox 2515 4343 2859 4397; x_wconf 86' lang='lat' dir='ltr'><strong>nominamus</strong></span> <span class='ocrx_word' id='word_1_677' title='bbox 2891 4349 2949 4394; x_wconf 89' lang='lat' dir='ltr'><strong>ttt</strong></span> <span class='ocrx_word' id='word_1_678' title='bbox 2993 4352 3296 4396; x_wconf 85' lang='lat' dir='ltr'><strong>creatorem</strong></span> <span class='ocrx_word' id='word_1_679' title='bbox 3326 4355 3339 4402; x_wconf 92' lang='lat'>;</span> <span class='ocrx_word' id='word_1_680' title='bbox 3381 4336 3575 4391; x_wconf 83' lang='lat' dir='ltr'><strong>Filium</strong></span> 
     </span>
    </p>
   </div>
   <div class='ocr_carea' id='block_1_92' title="bbox 321 4431 1896 4513">
    <p class='ocr_par' dir='ltr' id='par_1_92' title="bbox 321 4435 1896 4509">
     <span class='ocr_line' id='line_1_92' title="bbox 321 4435 1896 4509; baseline 0.001 -20"><span class='ocrx_word' id='word_1_681' title='bbox 321 4435 462 4489; x_wconf 78' lang='grc' dir='ltr'>αὐτὰ</span> <span class='ocrx_word' id='word_1_682' title='bbox 500 4435 571 4488; x_wconf 65' lang='grc' dir='ltr'>τὰ</span> <span class='ocrx_word' id='word_1_683' title='bbox 601 4435 871 4505; x_wconf 75' lang='grc' dir='ltr'>θεαρχικὰ</span> <span class='ocrx_word' id='word_1_684' title='bbox 896 4436 1188 4505; x_wconf 76' lang='grc' dir='ltr'>πρόσωπα,</span> <span class='ocrx_word' id='word_1_685' title='bbox 1220 4437 1491 4503; x_wconf 71' lang='grc' dir='ltr'>καὶδόξαν</span> <span class='ocrx_word' id='word_1_686' title='bbox 1520 4439 1701 4500; x_wconf 73' lang='grc' dir='ltr'>αὐτοῖς</span> <span class='ocrx_word' id='word_1_687' title='bbox 1732 4456 1896 4509; x_wconf 78' lang='grc' dir='ltr'>προσ·</span> 
     </span>
    </p>
   </div>
   <div class='ocr_carea' id='block_1_93' title="bbox 2002 4431 3580 4513">
    <p class='ocr_par' dir='ltr' id='par_1_93' title="bbox 2008 4431 3580 4505">
     <span class='ocr_line' id='line_1_93' title="bbox 2008 4431 3580 4505; baseline -0.004 -12"><span class='ocrx_word' id='word_1_688' title='bbox 2008 4453 2162 4503; x_wconf 81' lang='lat' dir='ltr'><strong>vero,</strong></span> <span class='ocrx_word' id='word_1_689' title='bbox 2198 4437 2516 4505; x_wconf 77' lang='lat' dir='ltr'><strong>magistrum</strong></span> <span class='ocrx_word' id='word_1_690' title='bbox 2551 4444 2819 4498; x_wconf 88' lang='lat' dir='ltr'><strong>nostrum,</strong></span> <span class='ocrx_word' id='word_1_691' title='bbox 2853 4442 3037 4502; x_wconf 84' lang='lat' dir='ltr'><strong>utpote</strong></span> <span class='ocrx_word' id='word_1_692' title='bbox 3067 4435 3159 4502; x_wconf 91' lang='lat' dir='ltr'><strong>qui</strong></span> <span class='ocrx_word' id='word_1_693' title='bbox 3192 4448 3290 4487; x_wconf 82' lang='lat' dir='ltr'><strong>nos</strong></span> <span class='ocrx_word' id='word_1_694' title='bbox 3317 4431 3580 4495; x_wconf 72' lang='lat' dir='ltr'><strong>sanguine</strong></span> 
     </span>
    </p>
   </div>
   <div class='ocr_carea' id='block_1_94' title="bbox 321 4523 1901 4595">
    <p class='ocr_par' dir='ltr' id='par_1_94' title="bbox 321 4523 1901 4595">
     <span class='ocr_line' id='line_1_94' title="bbox 321 4523 1901 4595; baseline 0.002 -18"><span class='ocrx_word' id='word_1_695' title='bbox 321 4524 480 4595; x_wconf 75' lang='grc' dir='ltr'>ήκειν</span> <span class='ocrx_word' id='word_1_696' title='bbox 504 4525 772 4589; x_wconf 87' lang='grc' dir='ltr'>εἰπόντες,</span> <span class='ocrx_word' id='word_1_697' title='bbox 800 4523 862 4576; x_wconf 79' lang='grc' dir='ltr'><strong>ού</strong></span> <span class='ocrx_word' id='word_1_698' title='bbox 889 4524 984 4577; x_wconf 83' lang='grc' dir='ltr'><strong>νῦν</strong></span> <span class='ocrx_word' id='word_1_699' title='bbox 1007 4526 1189 4592; x_wconf 79' lang='grc' dir='ltr'>μόνον,</span> <span class='ocrx_word' id='word_1_700' title='bbox 1252 4526 1385 4578; x_wconf 79' lang='grc' dir='ltr'>ἀλλὰ</span> <span class='ocrx_word' id='word_1_701' title='bbox 1418 4528 1511 4579; x_wconf 74' lang='grc' dir='ltr'><strong>καὶ</strong></span> <span class='ocrx_word' id='word_1_702' title='bbox 1551 4528 1638 4581; x_wconf 75' lang='grc' dir='ltr'><strong>ἀεὶ</strong></span> <span class='ocrx_word' id='word_1_703' title='bbox 1685 4531 1775 4581; x_wconf 76' lang='grc' dir='ltr'><strong>καὶ</strong></span> <span class='ocrx_word' id='word_1_704' title='bbox 1821 4531 1901 4593; x_wconf 84' lang='grc' dir='ltr'><strong>εἰς</strong></span> 
     </span>
    </p>
   </div>
   <div class='ocr_carea' id='block_1_95' title="bbox 322 4617 1903 4688">
    <p class='ocr_par' dir='ltr' id='par_1_95' title="bbox 322 4617 1903 4688">
     <span class='ocr_line' id='line_1_95' title="bbox 322 4617 1903 4688; baseline 0.002 -19"><span class='ocrx_word' id='word_1_705' title='bbox 322 4618 495 4670; x_wconf 85' lang='grc' dir='ltr'>αἰῶνα</span> <span class='ocrx_word' id='word_1_706' title='bbox 524 4617 615 4669; x_wconf 72' lang='grc' dir='ltr'>τὸν</span> <span class='ocrx_word' id='word_1_707' title='bbox 634 4617 877 4682; x_wconf 78' lang='grc' dir='ltr'>ἅπαντα,</span> <span class='ocrx_word' id='word_1_708' title='bbox 916 4618 1377 4680; x_wconf 84' lang='grc' dir='ltr'>ὲπισυνάπτοντες</span> <span class='ocrx_word' id='word_1_709' title='bbox 1410 4620 1605 4681; x_wconf 80' lang='grc' dir='ltr'>ἑνικῶς</span> <span class='ocrx_word' id='word_1_710' title='bbox 1628 4621 1903 4688; x_wconf 63' lang='grc' dir='ltr'>ἐκφωνίιῦ-</span> 
     </span>
    </p>
   </div>
   <div class='ocr_carea' id='block_1_96' title="bbox 326 4706 1905 4781">
    <p class='ocr_par' dir='ltr' id='par_1_96' title="bbox 326 4706 1905 4781">
     <span class='ocr_line' id='line_1_96' title="bbox 326 4706 1905 4781; baseline -0.001 -18"><span class='ocrx_word' id='word_1_711' title='bbox 326 4726 447 4778; x_wconf 85' lang='grc' dir='ltr'>μεν.</span> <span class='ocrx_word' id='word_1_712' title='bbox 486 4737 548 4747; x_wconf 92' lang='grc'><strong><em>-</em></strong></span> <span class='ocrx_word' id='word_1_713' title='bbox 578 4711 851 4777; x_wconf 80' lang='grc' dir='ltr'>Παναγία</span> <span class='ocrx_word' id='word_1_714' title='bbox 887 4712 1080 4775; x_wconf 72' lang='lat' dir='ltr'><strong>Tplac.</strong></span> <span class='ocrx_word' id='word_1_715' title='bbox 1101 4740 1168 4749; x_wconf 90' lang='lat'><strong>—-</strong></span> <span class='ocrx_word' id='word_1_716' title='bbox 1198 4711 1305 4763; x_wconf 82' lang='lat' dir='ltr'><strong>Kal</strong></span> <span class='ocrx_word' id='word_1_717' title='bbox 1334 4706 1490 4772; x_wconf 73' lang='grc' dir='ltr'>αὖθις</span> <span class='ocrx_word' id='word_1_718' title='bbox 1541 4712 1905 4781; x_wconf 76' lang='grc' dir='ltr'>ἐπικαλούμε-</span> 
     </span>
    </p>
   </div>
   <div class='ocr_carea' id='block_1_97' title="bbox 322 4800 1901 4872">
    <p class='ocr_par' dir='ltr' id='par_1_97' title="bbox 322 4800 1901 4872">
     <span class='ocr_line' id='line_1_97' title="bbox 322 4800 1901 4872; baseline 0.001 -18"><span class='ocrx_word' id='word_1_719' title='bbox 322 4818 403 4855; x_wconf 90' lang='grc' dir='ltr'><strong>νοι</strong></span> <span class='ocrx_word' id='word_1_720' title='bbox 433 4800 630 4863; x_wconf 85' lang='grc' dir='ltr'>ταῦτα,</span> <span class='ocrx_word' id='word_1_721' title='bbox 666 4802 758 4853; x_wconf 85' lang='grc' dir='ltr'><strong>τὸν</strong></span> <span class='ocrx_word' id='word_1_722' title='bbox 789 4800 888 4869; x_wconf 81' lang='grc' dir='ltr'>μὲν</span> <span class='ocrx_word' id='word_1_723' title='bbox 926 4802 1145 4870; x_wconf 82' lang='grc' dir='ltr'>Πατέρα</span> <span class='ocrx_word' id='word_1_724' title='bbox 1201 4800 1406 4870; x_wconf 79' lang='grc' dir='ltr'>Κύριον</span> <span class='ocrx_word' id='word_1_725' title='bbox 1446 4802 1802 4872; x_wconf 77' lang='grc' dir='ltr'>ὀνομάζοντες</span> <span class='ocrx_word' id='word_1_726' title='bbox 1826 4804 1901 4867; x_wconf 84' lang='grc' dir='ltr'>ὡς</span> 
     </span>
    </p>
   </div>
   <div class='ocr_carea' id='block_1_98' title="bbox 321 4892 1896 4963">
    <p class='ocr_par' dir='ltr' id='par_1_98' title="bbox 321 4892 1896 4963">
     <span class='ocr_line' id='line_1_98' title="bbox 321 4892 1896 4963; baseline 0.003 -18"><span class='ocrx_word' id='word_1_727' title='bbox 321 4892 675 4963; x_wconf 73' lang='grc' dir='ltr'>ῖημιουργδν,</span> <span class='ocrx_word' id='word_1_728' title='bbox 707 4893 801 4947; x_wconf 78' lang='grc' dir='ltr'><strong>τὸν</strong></span> <span class='ocrx_word' id='word_1_729' title='bbox 828 4893 953 4944; x_wconf 58' lang='lat' dir='ltr'><strong>mu</strong></span> <span class='ocrx_word' id='word_1_730' title='bbox 981 4892 1037 4944; x_wconf 79' lang='grc' dir='ltr'>δὲ</span> <span class='ocrx_word' id='word_1_731' title='bbox 1063 4896 1366 4962; x_wconf 76' lang='grc' dir='ltr'>Δεσπότην,</span> <span class='ocrx_word' id='word_1_732' title='bbox 1390 4894 1464 4954; x_wconf 83' lang='grc' dir='ltr'><strong>ὡς</strong></span> <span class='ocrx_word' id='word_1_733' title='bbox 1510 4895 1604 4947; x_wconf 74' lang='grc' dir='ltr'><strong>καί</strong></span> <span class='ocrx_word' id='word_1_734' title='bbox 1636 4895 1730 4947; x_wconf 84' lang='grc' dir='ltr'><strong>τοῦ</strong></span> <span class='ocrx_word' id='word_1_735' title='bbox 1763 4896 1896 4949; x_wconf 77' lang='grc' dir='ltr'>ἰδίου</span> 
     </span>
    </p>
   </div>
   <div class='ocr_carea' id='block_1_99' title="bbox 322 4988 1897 5060">
    <p class='ocr_par' dir='ltr' id='par_1_99' title="bbox 322 4988 1897 5060">
     <span class='ocr_line' id='line_1_99' title="bbox 322 4988 1897 5060; baseline 0.001 -19"><span class='ocrx_word' id='word_1_736' title='bbox 322 4990 556 5058; x_wconf 78' lang='grc' dir='ltr'>αἵματος</span> <span class='ocrx_word' id='word_1_737' title='bbox 624 4988 774 5057; x_wconf 77' lang='grc' dir='ltr'>ἡμᾶς</span> <span class='ocrx_word' id='word_1_738' title='bbox 832 4989 1220 5059; x_wconf 76' lang='grc' dir='ltr'>ἀγοράσαντα,</span> <span class='ocrx_word' id='word_1_739' title='bbox 1276 4990 1367 5039; x_wconf 69' lang='grc' dir='ltr'><strong>τὶν</strong></span> <span class='ocrx_word' id='word_1_740' title='bbox 1422 4990 1477 5042; x_wconf 79' lang='grc' dir='ltr'>δὲ</span> <span class='ocrx_word' id='word_1_741' title='bbox 1544 4990 1897 5060; x_wconf 84' lang='grc' dir='ltr'>Παράκλητον</span> 
     </span>
    </p>
   </div>
   <div class='ocr_carea' id='block_1_100' title="bbox 323 5079 1898 5150">
    <p class='ocr_par' dir='ltr' id='par_1_100' title="bbox 323 5079 1898 5150">
     <span class='ocr_line' id='line_1_100' title="bbox 323 5079 1898 5150; baseline -0.004 -15"><span class='ocrx_word' id='word_1_742' title='bbox 323 5080 501 5149; x_wconf 71' lang='grc' dir='ltr'>ἅγιον,</span> <span class='ocrx_word' id='word_1_743' title='bbox 534 5081 610 5143; x_wconf 83' lang='grc' dir='ltr'>ὡς</span> <span class='ocrx_word' id='word_1_744' title='bbox 667 5079 813 5141; x_wconf 86' lang='grc' dir='ltr'>ἰδίως</span> <span class='ocrx_word' id='word_1_745' title='bbox 859 5081 957 5148; x_wconf 78' lang='grc' dir='ltr'><strong>τὴν</strong></span> <span class='ocrx_word' id='word_1_746' title='bbox 1004 5080 1325 5148; x_wconf 72' lang='grc' dir='ltr'>ἐπωνυμίαν</span> <span class='ocrx_word' id='word_1_747' title='bbox 1372 5098 1429 5132; x_wconf 91' lang='grc' dir='ltr'><strong>τε</strong></span> <span class='ocrx_word' id='word_1_748' title='bbox 1469 5081 1564 5133; x_wconf 70' lang='grc' dir='ltr'>καὶ</span> <span class='ocrx_word' id='word_1_749' title='bbox 1617 5081 1898 5150; x_wconf 81' lang='grc' dir='ltr'>ἐνέργειαν</span> 
     </span>
    </p>
   </div>
   <div class='ocr_carea' id='block_1_101' title="bbox 322 5172 1901 5243">
    <p class='ocr_par' dir='ltr' id='par_1_101' title="bbox 322 5172 1901 5243">
     <span class='ocr_line' id='line_1_101' title="bbox 322 5172 1901 5243; baseline -0.001 -19"><span class='ocrx_word' id='word_1_750' title='bbox 322 5172 530 5243; x_wconf 86' lang='grc' dir='ltr'>ταύτην</span> <span class='ocrx_word' id='word_1_751' title='bbox 562 5172 1001 5242; x_wconf 75' lang='grc' dir='ltr'>πεπλουτηκότα,</span> <span class='ocrx_word' id='word_1_752' title='bbox 1027 5172 1179 5241; x_wconf 81' lang='grc' dir='ltr'>παρὰ</span> <span class='ocrx_word' id='word_1_753' title='bbox 1207 5172 1301 5225; x_wconf 87' lang='grc' dir='ltr'><strong>τοῦ</strong></span> <span class='ocrx_word' id='word_1_754' title='bbox 1337 5173 1436 5240; x_wconf 79' lang='grc' dir='ltr'>μὲν</span> <span class='ocrx_word' id='word_1_755' title='bbox 1464 5173 1692 5241; x_wconf 71' lang='grc' dir='ltr'>ἱλασμὸν</span> <span class='ocrx_word' id='word_1_756' title='bbox 1722 5173 1901 5239; x_wconf 85' lang='grc' dir='ltr'>ἁμαρ-</span> 
     </span>
    </p>
   </div>
   <div class='ocr_carea' id='block_1_102' title="bbox 324 5263 1896 5335">
    <p class='ocr_par' dir='ltr' id='par_1_102' title="bbox 324 5263 1896 5335">
     <span class='ocr_line' id='line_1_102' title="bbox 324 5263 1896 5335; baseline -0.001 -18"><span class='ocrx_word' id='word_1_757' title='bbox 324 5265 455 5317; x_wconf 80' lang='grc' dir='ltr'>τιῶν</span> <span class='ocrx_word' id='word_1_758' title='bbox 485 5266 827 5335; x_wconf 75' lang='grc' dir='ltr'>ἑξαιτοῦμεν,</span> <span class='ocrx_word' id='word_1_759' title='bbox 857 5268 1007 5333; x_wconf 71' lang='grc' dir='ltr'>παρὰ</span> <span class='ocrx_word' id='word_1_760' title='bbox 1050 5282 1143 5318; x_wconf 77' lang='grc' dir='ltr'><strong>του</strong></span> <span class='ocrx_word' id='word_1_761' title='bbox 1183 5265 1238 5317; x_wconf 80' lang='grc' dir='ltr'>δὲ</span> <span class='ocrx_word' id='word_1_762' title='bbox 1270 5265 1327 5317; x_wconf 73' lang='grc' dir='ltr'><strong>τὸ</strong></span> <span class='ocrx_word' id='word_1_763' title='bbox 1371 5264 1531 5317; x_wconf 81' lang='grc' dir='ltr'>πλέον</span> <span class='ocrx_word' id='word_1_764' title='bbox 1556 5263 1654 5334; x_wconf 78' lang='grc' dir='ltr'>τὴν</span> <span class='ocrx_word' id='word_1_765' title='bbox 1683 5264 1896 5332; x_wconf 65' lang='grc' dir='ltr'>συγχώι</span> 
     </span>
    </p>
   </div>
   <div class='ocr_carea' id='block_1_103' title="bbox 328 5355 1899 5428">
    <p class='ocr_par' dir='ltr' id='par_1_103' title="bbox 328 5355 1899 5428">
     <span class='ocr_line' id='line_1_103' title="bbox 328 5355 1899 5428; baseline -0.001 -19"><span class='ocrx_word' id='word_1_766' title='bbox 328 5374 487 5428; x_wconf 85' lang='grc' dir='ltr'>ρησιν</span> <span class='ocrx_word' id='word_1_767' title='bbox 512 5357 739 5423; x_wconf 88' lang='grc' dir='ltr'>τούτων,</span> <span class='ocrx_word' id='word_1_768' title='bbox 772 5360 925 5427; x_wconf 63' lang='grc' dir='ltr'>παρα</span> <span class='ocrx_word' id='word_1_769' title='bbox 956 5358 1049 5412; x_wconf 83' lang='grc' dir='ltr'><strong>τοῦ</strong></span> <span class='ocrx_word' id='word_1_770' title='bbox 1078 5359 1133 5411; x_wconf 82' lang='grc' dir='ltr'><strong>δὲ</strong></span> <span class='ocrx_word' id='word_1_771' title='bbox 1164 5358 1224 5410; x_wconf 76' lang='grc' dir='ltr'><strong>τὸ</strong></span> <span class='ocrx_word' id='word_1_772' title='bbox 1265 5357 1472 5422; x_wconf 73' lang='grc' dir='ltr'>λοιπὸν,</span> <span class='ocrx_word' id='word_1_773' title='bbox 1501 5355 1899 5425; x_wconf 74' lang='grc' dir='ltr'>ἰπισκεφθῆναί</span> 
     </span>
    </p>
   </div>
   <div class='ocr_carea' id='block_1_104' title="bbox 321 5448 1900 5521">
    <p class='ocr_par' dir='ltr' id='par_1_104' title="bbox 321 5448 1900 5521">
     <span class='ocr_line' id='line_1_104' title="bbox 321 5448 1900 5521; baseline -0.002 -18"><span class='ocrx_word' id='word_1_774' title='bbox 321 5468 381 5503; x_wconf 88' lang='grc' dir='ltr'><strong>τε</strong></span> <span class='ocrx_word' id='word_1_775' title='bbox 424 5452 518 5503; x_wconf 70' lang='grc' dir='ltr'><strong>καὶ</strong></span> <span class='ocrx_word' id='word_1_776' title='bbox 554 5451 773 5521; x_wconf 82' lang='grc' dir='ltr'>ἰαθῆναι</span> <span class='ocrx_word' id='word_1_777' title='bbox 824 5454 924 5516; x_wconf 81' lang='grc' dir='ltr'>τὰς</span> <span class='ocrx_word' id='word_1_778' title='bbox 990 5452 1299 5511; x_wconf 75' lang='grc' dir='ltr'>ἀσθενείας.</span> <span class='ocrx_word' id='word_1_779' title='bbox 1352 5448 1649 5501; x_wconf 77' lang='grc' dir='ltr'>Νοσοποιδν</span> <span class='ocrx_word' id='word_1_780' title='bbox 1681 5449 1789 5519; x_wconf 84' lang='grc' dir='ltr'><strong>γάρ</strong></span> <span class='ocrx_word' id='word_1_781' title='bbox 1848 5466 1900 5501; x_wconf 90' lang='grc' dir='ltr'><strong>τι</strong></span> 
     </span>
    </p>
   </div>
   <div class='ocr_carea' id='block_1_105' title="bbox 327 5541 1901 5614">
    <p class='ocr_par' dir='ltr' id='par_1_105' title="bbox 327 5541 1901 5614">
     <span class='ocr_line' id='line_1_105' title="bbox 327 5541 1901 5614; baseline -0.003 -19"><span class='ocrx_word' id='word_1_782' title='bbox 327 5544 423 5597; x_wconf 78' lang='grc' dir='ltr'>καὶ</span> <span class='ocrx_word' id='word_1_783' title='bbox 447 5542 625 5597; x_wconf 85' lang='grc' dir='ltr'>δεινὸν</span> <span class='ocrx_word' id='word_1_784' title='bbox 651 5545 900 5613; x_wconf 82' lang='grc' dir='ltr'>ἁμαρτία</span> <span class='ocrx_word' id='word_1_785' title='bbox 925 5545 1022 5614; x_wconf 81' lang='grc' dir='ltr'><strong>τὴν</strong></span> <span class='ocrx_word' id='word_1_786' title='bbox 1053 5545 1167 5609; x_wconf 73' lang='grc' dir='ltr'>ἕξιν</span> <span class='ocrx_word' id='word_1_787' title='bbox 1192 5544 1289 5611; x_wconf 76' lang='grc' dir='ltr'>τῆς</span> <span class='ocrx_word' id='word_1_788' title='bbox 1317 5543 1494 5611; x_wconf 73' lang='grc' dir='ltr'>ψυχῆς</span> <span class='ocrx_word' id='word_1_789' title='bbox 1541 5541 1853 5609; x_wconf 67' lang='grc' dir='ltr'>διαφθεῖραι</span> <span class='ocrx_word' id='word_1_790' title='bbox 1887 5556 1901 5572; x_wconf 79' lang='grc' dir='ltr'><strong>ο</strong></span> 
     </span>
    </p>
   </div>
   <div class='ocr_carea' id='block_1_106' title="bbox 406 5718 1902 5789">
    <p class='ocr_par' dir='ltr' id='par_1_106' title="bbox 406 5718 1902 5789">
     <span class='ocr_line' id='line_1_106' title="bbox 406 5718 1902 5789; baseline -0.003 -15"><span class='ocrx_word' id='word_1_791' title='bbox 406 5720 446 5751; x_wconf 76' lang='grc'><strong>’⁷</strong></span> <span class='ocrx_word' id='word_1_792' title='bbox 480 5719 642 5778; x_wconf 85' lang='lat' dir='ltr'><strong>Joan.</strong></span> <span class='ocrx_word' id='word_1_793' title='bbox 686 5738 759 5785; x_wconf 78' lang='lat' dir='ltr'><strong>tu,</strong></span> <span class='ocrx_word' id='word_1_794' title='bbox 794 5722 877 5774; x_wconf 73' lang='lat' dir='ltr'><strong>il.</strong></span> <span class='ocrx_word' id='word_1_795' title='bbox 966 5724 1003 5751; x_wconf 63' lang='grc' dir='ltr'>Η</span> <span class='ocrx_word' id='word_1_796' title='bbox 1040 5721 1173 5775; x_wconf 84' lang='lat' dir='ltr'><strong>Luc.</strong></span> <span class='ocrx_word' id='word_1_797' title='bbox 1202 5738 1258 5789; x_wconf 90' lang='lat' dir='ltr'><strong>tt,</strong></span> <span class='ocrx_word' id='word_1_798' title='bbox 1302 5720 1380 5773; x_wconf 72' lang='lat' dir='ltr'><strong>li.</strong></span> <span class='ocrx_word' id='word_1_799' title='bbox 1464 5720 1505 5750; x_wconf 63' lang='grc'><strong>’³</strong></span> <span class='ocrx_word' id='word_1_800' title='bbox 1532 5718 1674 5773; x_wconf 77' lang='lat' dir='ltr'><strong>Psal.</strong></span> <span class='ocrx_word' id='word_1_801' title='bbox 1716 5734 1818 5781; x_wconf 66' lang='grc' dir='ltr'>λιι,</span> <span class='ocrx_word' id='word_1_802' title='bbox 1851 5720 1902 5771; x_wconf 69' lang='grc' dir='ltr'><strong>ὅ.</strong></span> 
     </span>
    </p>
   </div>
   <div class='ocr_carea' id='block_1_107' title="bbox 2004 4525 3579 4595">
    <p class='ocr_par' dir='ltr' id='par_1_107' title="bbox 2004 4525 3579 4595">
     <span class='ocr_line' id='line_1_107' title="bbox 2004 4525 3579 4595; baseline -0.006 -8"><span class='ocrx_word' id='word_1_803' title='bbox 2004 4546 2107 4587; x_wconf 88' lang='lat' dir='ltr'><strong>suo</strong></span> <span class='ocrx_word' id='word_1_804' title='bbox 2135 4529 2453 4593; x_wconf 83' lang='lat' dir='ltr'><strong>redctnit,ct</strong></span> <span class='ocrx_word' id='word_1_805' title='bbox 2483 4526 2746 4595; x_wconf 83' lang='lat' dir='ltr'><strong>Spiritum</strong></span> <span class='ocrx_word' id='word_1_806' title='bbox 2776 4532 3245 4594; x_wconf 83' lang='lat' dir='ltr'><strong>sanctum,utpote</strong></span> <span class='ocrx_word' id='word_1_807' title='bbox 3266 4525 3354 4593; x_wconf 90' lang='lat' dir='ltr'><strong>qui</strong></span> <span class='ocrx_word' id='word_1_808' title='bbox 3380 4538 3579 4577; x_wconf 86' lang='lat' dir='ltr'><strong>nomen</strong></span> 
     </span>
    </p>
   </div>
   <div class='ocr_carea' id='block_1_108' title="bbox 2005 4618 3581 4690">
    <p class='ocr_par' dir='ltr' id='par_1_108' title="bbox 2005 4618 3581 4690">
     <span class='ocr_line' id='line_1_108' title="bbox 2005 4618 3581 4690; baseline -0.006 -13"><span class='ocrx_word' id='word_1_809' title='bbox 2005 4626 2108 4677; x_wconf 88' lang='lat' dir='ltr'><strong>hoc</strong></span> <span class='ocrx_word' id='word_1_810' title='bbox 2163 4624 2417 4690; x_wconf 81' lang='lat' dir='ltr'><strong>hancque</strong></span> <span class='ocrx_word' id='word_1_811' title='bbox 2483 4619 2741 4674; x_wconf 86' lang='lat' dir='ltr'><strong>virtutem</strong></span> <span class='ocrx_word' id='word_1_812' title='bbox 2780 4619 2997 4689; x_wconf 87' lang='lat' dir='ltr'><strong>proprie</strong></span> <span class='ocrx_word' id='word_1_813' title='bbox 3031 4618 3293 4688; x_wconf 89' lang='lat' dir='ltr'><strong>possidet.</strong></span> <span class='ocrx_word' id='word_1_814' title='bbox 3339 4618 3421 4671; x_wconf 78' lang='lat' dir='ltr'><strong>Ah</strong></span> <span class='ocrx_word' id='word_1_815' title='bbox 3472 4630 3581 4670; x_wconf 90' lang='lat' dir='ltr'><strong>uno</strong></span> 
     </span>
    </p>
   </div>
   <div class='ocr_carea' id='block_1_109' title="bbox 2006 4704 3615 4784">
    <p class='ocr_par' dir='ltr' id='par_1_109' title="bbox 2006 4704 3615 4784">
     <span class='ocr_line' id='line_1_109' title="bbox 2006 4704 3615 4784; baseline -0.004 -15"><span class='ocrx_word' id='word_1_816' title='bbox 2006 4716 2229 4784; x_wconf 84' lang='lat' dir='ltr'><strong>quidem</strong></span> <span class='ocrx_word' id='word_1_817' title='bbox 2296 4714 2739 4783; x_wconf 87' lang='lat' dir='ltr'><strong>propitiationem</strong></span> <span class='ocrx_word' id='word_1_818' title='bbox 2797 4722 3142 4781; x_wconf 84' lang='lat' dir='ltr'><strong>peccatorum</strong></span> <span class='ocrx_word' id='word_1_819' title='bbox 3194 4711 3472 4779; x_wconf 83' lang='lat' dir='ltr'><strong>petimus;</strong></span> <span class='ocrx_word' id='word_1_820' title='bbox 3513 4704 3615 4784; x_wconf 49' lang='lat' dir='ltr'><strong>ab;</strong></span> 
     </span>
    </p>
   </div>
   <div class='ocr_carea' id='block_1_110' title="bbox 2000 4802 3579 4875">
    <p class='ocr_par' dir='ltr' id='par_1_110' title="bbox 2000 4802 3579 4875">
     <span class='ocr_line' id='line_1_110' title="bbox 2000 4802 3579 4875; baseline -0.006 -15"><span class='ocrx_word' id='word_1_821' title='bbox 2000 4808 2173 4860; x_wconf 89' lang='lat' dir='ltr'><strong>altero</strong></span> <span class='ocrx_word' id='word_1_822' title='bbox 2222 4808 2397 4875; x_wconf 53' lang='lat' dir='ltr'><strong>magis</strong></span> <span class='ocrx_word' id='word_1_823' title='bbox 2432 4807 2624 4858; x_wconf 89' lang='lat' dir='ltr'><strong>horum</strong></span> <span class='ocrx_word' id='word_1_824' title='bbox 2671 4802 3151 4865; x_wconf 75' lang='lat' dir='ltr'><strong>condonationem,</strong></span> <span class='ocrx_word' id='word_1_825' title='bbox 3196 4803 3264 4854; x_wconf 91' lang='lat' dir='ltr'><strong>ab</strong></span> <span class='ocrx_word' id='word_1_826' title='bbox 3289 4803 3460 4854; x_wconf 88' lang='lat' dir='ltr'><strong>altero</strong></span> <span class='ocrx_word' id='word_1_827' title='bbox 3494 4816 3579 4853; x_wconf 83' lang='lat' dir='ltr'><strong>re-</strong></span> 
     </span>
    </p>
   </div>
   <div class='ocr_carea' id='block_1_111' title="bbox 2004 4892 3581 4967">
    <p class='ocr_par' dir='ltr' id='par_1_111' title="bbox 2004 4892 3581 4967">
     <span class='ocr_line' id='line_1_111' title="bbox 2004 4892 3581 4967; baseline -0.003 -17"><span class='ocrx_word' id='word_1_828' title='bbox 2004 4898 2238 4967; x_wconf 86' lang='lat' dir='ltr'><strong>liquum,</strong></span> <span class='ocrx_word' id='word_1_829' title='bbox 2268 4897 2640 4965; x_wconf 80' lang='lat' dir='ltr'><strong>inSpieiendas</strong></span> <span class='ocrx_word' id='word_1_830' title='bbox 2664 4895 3045 4964; x_wconf 81' lang='lat' dir='ltr'><strong>sanandasqtte</strong></span> <span class='ocrx_word' id='word_1_831' title='bbox 3070 4894 3437 4947; x_wconf 75' lang='lat' dir='ltr'><strong>inﬁrmitates.</strong></span> <span class='ocrx_word' id='word_1_832' title='bbox 3469 4892 3581 4945; x_wconf 86' lang='lat' dir='ltr'><strong>Ali-</strong></span> 
     </span>
    </p>
   </div>
   <div class='ocr_carea' id='block_1_112' title="bbox 2008 4984 3579 5057">
    <p class='ocr_par' dir='ltr' id='par_1_112' title="bbox 2008 4984 3579 5057">
     <span class='ocr_line' id='line_1_112' title="bbox 2008 4984 3579 5057; baseline -0.005 -15"><span class='ocrx_word' id='word_1_833' title='bbox 2008 4991 2136 5057; x_wconf 81' lang='lat' dir='ltr'><strong>quid</strong></span> <span class='ocrx_word' id='word_1_834' title='bbox 2168 4990 2311 5043; x_wconf 88' lang='lat' dir='ltr'><strong>enim</strong></span> <span class='ocrx_word' id='word_1_835' title='bbox 2345 4988 2505 5041; x_wconf 85' lang='lat' dir='ltr'><strong>habet</strong></span> <span class='ocrx_word' id='word_1_836' title='bbox 2558 4999 2836 5057; x_wconf 83' lang='lat' dir='ltr'><strong>peceatum</strong></span> <span class='ocrx_word' id='word_1_837' title='bbox 2863 4986 3007 5055; x_wconf 88' lang='lat' dir='ltr'><strong>quod</strong></span> <span class='ocrx_word' id='word_1_838' title='bbox 3073 5000 3169 5036; x_wconf 92' lang='lat' dir='ltr'><strong>nos</strong></span> <span class='ocrx_word' id='word_1_839' title='bbox 3204 4993 3434 5051; x_wconf 65' lang='lat' dir='ltr'><strong>aegrotos</strong></span> <span class='ocrx_word' id='word_1_840' title='bbox 3464 4984 3579 5036; x_wconf 86' lang='lat' dir='ltr'><strong>red-</strong></span> 
     </span>
    </p>
   </div>
   <div class='ocr_carea' id='block_1_113' title="bbox 2008 5074 3579 5146">
    <p class='ocr_par' dir='ltr' id='par_1_113' title="bbox 2008 5074 3579 5146">
     <span class='ocr_line' id='line_1_113' title="bbox 2008 5074 3579 5146; baseline -0.004 -12"><span class='ocrx_word' id='word_1_841' title='bbox 2008 5083 2119 5146; x_wconf 82' lang='lat' dir='ltr'><strong>dat,</strong></span> <span class='ocrx_word' id='word_1_842' title='bbox 2158 5091 2212 5133; x_wconf 80' lang='lat' dir='ltr'><strong>et</strong></span> <span class='ocrx_word' id='word_1_843' title='bbox 2244 5082 2438 5133; x_wconf 73' lang='lat' dir='ltr'><strong>animm</strong></span> <span class='ocrx_word' id='word_1_844' title='bbox 2467 5078 2829 5132; x_wconf 74' lang='lat' dir='ltr'><strong>valetudinem</strong></span> <span class='ocrx_word' id='word_1_845' title='bbox 2865 5090 3214 5143; x_wconf 78' lang='lat' dir='ltr'><strong>corrumpere</strong></span> <span class='ocrx_word' id='word_1_846' title='bbox 3255 5086 3418 5143; x_wconf 69' lang='lat' dir='ltr'><strong>queat</strong></span> <span class='ocrx_word' id='word_1_847' title='bbox 3447 5090 3460 5127; x_wconf 91' lang='lat'>:</span> <span class='ocrx_word' id='word_1_848' title='bbox 3490 5074 3579 5127; x_wconf 80' lang='lat' dir='ltr'><strong>cui</strong></span> 
     </span>
    </p>
   </div>
   <div class='ocr_carea' id='block_1_114' title="bbox 2010 5167 3576 5242">
    <p class='ocr_par' dir='ltr' id='par_1_114' title="bbox 2010 5167 3576 5242">
     <span class='ocr_line' id='line_1_114' title="bbox 2010 5167 3576 5242; baseline -0.004 -16"><span class='ocrx_word' id='word_1_849' title='bbox 2010 5173 2168 5242; x_wconf 88' lang='lat' dir='ltr'><strong>culpa</strong></span> <span class='ocrx_word' id='word_1_850' title='bbox 2228 5173 2460 5225; x_wconf 71' lang='lat' dir='ltr'><strong>liberata:</strong></span> <span class='ocrx_word' id='word_1_851' title='bbox 2496 5170 2689 5224; x_wconf 71' lang='lat' dir='ltr'><strong>animae</strong></span> <span class='ocrx_word' id='word_1_852' title='bbox 2727 5168 2837 5225; x_wconf 89' lang='lat' dir='ltr'><strong>Deo</strong></span> <span class='ocrx_word' id='word_1_853' title='bbox 2870 5184 3007 5238; x_wconf 92' lang='lat' dir='ltr'><strong>opus</strong></span> <span class='ocrx_word' id='word_1_854' title='bbox 3053 5180 3134 5220; x_wconf 90' lang='lat' dir='ltr'><strong>est</strong></span> <span class='ocrx_word' id='word_1_855' title='bbox 3170 5167 3576 5221; x_wconf 87' lang='lat' dir='ltr'><strong>corroborantc.</strong></span> 
     </span>
    </p>
   </div>
   <div class='ocr_carea' id='block_1_115' title="bbox 2012 5258 3581 5319">
    <p class='ocr_par' dir='ltr' id='par_1_115' title="bbox 2012 5258 3581 5319">
     <span class='ocr_line' id='line_1_115' title="bbox 2012 5258 3581 5319; baseline -0.005 0"><span class='ocrx_word' id='word_1_856' title='bbox 2012 5266 2078 5319; x_wconf 85' lang='lat' dir='ltr'><strong>Et</strong></span> <span class='ocrx_word' id='word_1_857' title='bbox 2120 5282 2309 5319; x_wconf 75' lang='lat' dir='ltr'><strong>rursus</strong></span> <span class='ocrx_word' id='word_1_858' title='bbox 2351 5266 2404 5318; x_wconf 89' lang='lat' dir='ltr'><strong>in</strong></span> <span class='ocrx_word' id='word_1_859' title='bbox 2452 5281 2618 5319; x_wconf 91' lang='lat' dir='ltr'><strong>unum</strong></span> <span class='ocrx_word' id='word_1_860' title='bbox 2656 5266 3043 5318; x_wconf 89' lang='lat' dir='ltr'><strong>contrahentes</strong></span> <span class='ocrx_word' id='word_1_861' title='bbox 3078 5260 3434 5319; x_wconf 80' lang='lat' dir='ltr'><strong>additnus,-—</strong></span> <span class='ocrx_word' id='word_1_862' title='bbox 3470 5258 3581 5312; x_wconf 82' lang='grc' dir='ltr'><strong>Νυ-</strong></span> 
     </span>
    </p>
   </div>
   <div class='ocr_carea' id='block_1_116' title="bbox 2006 5352 3576 5423">
    <p class='ocr_par' dir='ltr' id='par_1_116' title="bbox 2006 5352 3576 5423">
     <span class='ocr_line' id='line_1_116' title="bbox 2006 5352 3576 5423; baseline -0.003 -13"><span class='ocrx_word' id='word_1_863' title='bbox 2006 5358 2162 5411; x_wconf 78' lang='lat' dir='ltr'><strong>minis</strong></span> <span class='ocrx_word' id='word_1_864' title='bbox 2192 5358 2270 5410; x_wconf 86' lang='lat' dir='ltr'><strong>tni</strong></span> <span class='ocrx_word' id='word_1_865' title='bbox 2305 5374 2491 5411; x_wconf 83' lang='lat' dir='ltr'><strong>causa.</strong></span> <span class='ocrx_word' id='word_1_866' title='bbox 2516 5356 2755 5421; x_wconf 85' lang='lat' dir='ltr'><strong>-—Quod</strong></span> <span class='ocrx_word' id='word_1_867' title='bbox 2792 5354 2955 5423; x_wconf 78' lang='lat' dir='ltr'><strong>igitur</strong></span> <span class='ocrx_word' id='word_1_868' title='bbox 2981 5353 3223 5407; x_wconf 85' lang='lat' dir='ltr'><strong>nomen?</strong></span> <span class='ocrx_word' id='word_1_869' title='bbox 3252 5352 3576 5418; x_wconf 81' lang='lat' dir='ltr'><strong>Misericors,</strong></span> 
     </span>
    </p>
   </div>
   <div class='ocr_carea' id='block_1_117' title="bbox 2012 5442 3581 5512">
    <p class='ocr_par' dir='ltr' id='par_1_117' title="bbox 2012 5442 3581 5512">
     <span class='ocr_line' id='line_1_117' title="bbox 2012 5442 3581 5512; baseline -0.003 -11"><span class='ocrx_word' id='word_1_870' title='bbox 2012 5451 2107 5511; x_wconf 89' lang='lat' dir='ltr'><strong>ait,</strong></span> <span class='ocrx_word' id='word_1_871' title='bbox 2165 5459 2217 5502; x_wconf 80' lang='lat' dir='ltr'><strong>et</strong></span> <span class='ocrx_word' id='word_1_872' title='bbox 2282 5450 2626 5503; x_wconf 82' lang='lat' dir='ltr'><strong>miseratione</strong></span> <span class='ocrx_word' id='word_1_873' title='bbox 2685 5445 2945 5499; x_wconf 90' lang='lat' dir='ltr'><strong>Dominus</strong></span> <span class='ocrx_word' id='word_1_874' title='bbox 3012 5446 3222 5512; x_wconf 83' lang='lat' dir='ltr'><strong>plenus,</strong></span> <span class='ocrx_word' id='word_1_875' title='bbox 3262 5442 3581 5512; x_wconf 78' lang='lat' dir='ltr'><strong>longanimis</strong></span> 
     </span>
    </p>
   </div>
   <div class='ocr_carea' id='block_1_118' title="bbox 2013 5535 3581 5608">
    <p class='ocr_par' dir='ltr' id='par_1_118' title="bbox 2013 5535 3581 5608">
     <span class='ocr_line' id='line_1_118' title="bbox 2013 5535 3581 5608; baseline -0.005 -13"><span class='ocrx_word' id='word_1_876' title='bbox 2013 5550 2062 5595; x_wconf 87' lang='lat' dir='ltr'><strong>et</strong></span> <span class='ocrx_word' id='word_1_877' title='bbox 2120 5541 2267 5595; x_wconf 71' lang='lat' dir='ltr'><strong>talde</strong></span> <span class='ocrx_word' id='word_1_878' title='bbox 2335 5542 2617 5603; x_wconf 70' lang='lat' dir='ltr'><strong>misereris,</strong></span> <span class='ocrx_word' id='word_1_879' title='bbox 2660 5538 2818 5608; x_wconf 87' lang='lat' dir='ltr'><strong>cujus</strong></span> <span class='ocrx_word' id='word_1_880' title='bbox 2869 5538 2945 5593; x_wconf 89' lang='lat' dir='ltr'><strong>rei</strong></span> <span class='ocrx_word' id='word_1_881' title='bbox 3008 5539 3179 5607; x_wconf 66' lang='lat' dir='ltr'><strong>gratia</strong></span> <span class='ocrx_word' id='word_1_882' title='bbox 3235 5546 3284 5589; x_wconf 81' lang='lat' dir='ltr'><strong>et</strong></span> <span class='ocrx_word' id='word_1_883' title='bbox 3348 5535 3413 5589; x_wconf 86' lang='lat' dir='ltr'><strong>ab</strong></span> <span class='ocrx_word' id='word_1_884' title='bbox 3464 5548 3581 5605; x_wconf 75' lang='lat' dir='ltr'><strong>ipso</strong></span> 
     </span>
    </p>
   </div>
  </div>
