3956 6200
328 241 460 304 1179

1774 249 2161 314 ΑΒΒΕΝΒᾹ.

3434 242 3578 310 1180

327 356 543 424 deinde,
582 358 634 412 in
689 368 883 428 quarto
941 359 1245 430 explicatur
1300 366 1619 438 mysterium
1663 378 1883 420 meouo-

2007 359 2276 430 Ἐρυθρὰν
2303 359 2583 414 θάλασσαν
2613 360 2892 433 θαῦματος
2923 362 3234 433 ὑπόμνησιν
3268 360 3379 431 ἔχει
3415 363 3578 427 παρὰ

328 450 450 503 mim
502 450 700 505 divinae
748 466 844 507 seu
895 449 1310 512 incarnationis.
1376 457 1516 514 Deus
1566 458 1734 523 enim,
1797 458 1894 523 ait,

324 555 353 592 e
381 537 650 592 Thmnam
678 541 863 607 reniet,
900 550 949 596 et
979 552 1193 598 sanctus
1219 545 1282 600 de
1312 557 1482 602 mente
1505 548 1792 604 densarum
1825 557 1897 602 te-

330 634 631 686 nebrarum.
683 657 746 670 -
777 634 850 688 De
887 646 1036 690 nocte
1092 637 1277 708 vigilat
1343 641 1563 710 spiritus
1615 657 1782 696 meus.
1828 671 1897 684 —-

332 726 433 791 Qui
501 727 641 780 inter
674 727 969 796 prophetas
1019 730 1255 784 maxime
1286 730 1540 788 sublimis
1591 740 1674 788 est
1724 733 1894 787 Isaias

329 826 511 870 mutat
541 819 790 886 quintum
817 831 868 873 et
901 819 1076 889 ipsum
1127 822 1355 891 tempori
1408 823 1562 877 valde
1588 839 1896 894 congruen-

330 917 435 959 tem
464 925 476 959 :
506 907 578 960 De
613 917 780 966 nocte.
810 911 905 971 ait,
938 910 1118 978 vigilat
1156 927 1245 965 cor
1277 929 1444 966 meum
1475 913 1543 966 ad
1569 923 1637 979 te,
1671 913 1900 979 Dens,et

334 1016 438 1054 una
465 1001 790 1069 praebentem
840 1002 1181 1070 prophetiam
1235 1003 1302 1058 de
1345 1005 1604 1074 prteclara
1660 1021 1902 1061 resurre-

330 1092 507 1146 ctione
529 1091 828 1146 Salratoris
861 1093 1053 1146 nostri.
1089 1120 1158 1134 --
1183 1093 1424 1150 Clamavi
1472 1097 1524 1150 in
1560 1097 1901 1152 tribulatione

332 1197 552 1236 mea.-—
588 1182 680 1236 Uti
738 1192 883 1237 certe
922 1195 969 1238 et
1007 1185 1197 1238 beatus
1253 1184 1421 1242 Jonas
1479 1187 1740 1258 propheta
1778 1204 1900 1244 sex-

333 1286 447 1326 tum
512 1276 667 1330 nobis
705 1275 915 1330 actibus
943 1285 996 1330 et
1043 1277 1224 1332 verbis
1256 1287 1411 1347 parat
1441 1298 1454 1332 :
1488 1310 1559 1320 —-—
1591 1279 1900 1336 Benedictus

331 1383 410 1430 es,
476 1365 714 1430 Domine,
771 1377 847 1431 et,
902 1367 1219 1434 Benedicite,
1267 1371 1446 1426 omnia
1475 1387 1632 1436 opera
1668 1371 1900 1441 Domini,

339 1457 581 1514 Domino.
615 1489 684 1500 —
712 1458 777 1512 Et
804 1461 982 1514 adhuc
1019 1461 1316 1517 beatissimi
1357 1463 1510 1534 pueri
1542 1466 1594 1518 in
1629 1465 1902 1536 Babylone

337 1548 579 1613 praebent
616 1551 908 1619 septimum
959 1559 1013 1605 et
1069 1563 1345 1620 octavum,
1383 1557 1474 1624 qui
1532 1555 1899 1612 laudationem

334 1641 586 1696 omnibus
641 1657 1006 1708 communem,
1061 1645 1146 1699 die
1202 1646 1312 1713 jam
1371 1647 1684 1718 incipiente,
1742 1649 1900 1706 nobis

335 1741 701 1802 congruenter
732 1735 974 1803 subiicit,
1023 1744 1077 1790 et
1111 1738 1211 1806 ipsi
1246 1748 1373 1793 sunt
1401 1753 1465 1794 ex
1500 1739 1679 1795 Veteri
1713 1738 1904 1796 Testa-

336 1831 541 1888 mento,
577 1825 737 1880 modo
770 1826 940 1890 dicto,
969 1827 1242 1896 dispositi.
1270 1861 1338 1870 --
1370 1831 1687 1901 Magniﬁcat
1720 1834 1902 1889 anima

345 1930 458 1967 mea
482 1914 788 1970 Dominum.
813 1948 881 1958 —
905 1916 1116 1973 Nonum
1149 1934 1278 1974 vero
1299 1920 1534 1978 dicimus
1561 1923 1614 1979 iu
1642 1925 1900 1980 honorem

339 2007 705 2062 sanctissimae
738 2007 976 2081 Virginis
1019 2021 1073 2066 et
1119 2012 1210 2067 Dei
1240 2013 1444 2070 Matris.
1481 2013 1529 2071 Is
1560 2015 1786 2072 ultimus
1820 2026 1903 2073 est

329 2097 484 2160 juxta
521 2099 796 2167 praedicta,
816 2112 870 2156 et
895 2117 1020 2156 eum
1046 2118 1107 2157 ex
1143 2103 1432 2174 Evangelio
1458 2106 1758 2162 secundum
1793 2107 1902 2169 Lu-

335 2202 456 2242 cam
512 2193 972 2261 cxprompsimus.
1001 2223 1071 2234 -—
1097 2194 1409 2252 Benedictus
1469 2197 1721 2254 Dominus
1765 2199 1902 2256 Deus

343 2279 530 2334 Israel.
567 2312 636 2322 —
687 2281 749 2335 Et
789 2294 1044 2352 printerea
1103 2288 1377 2344 canticum
1419 2287 1696 2346 Zacliaritc
1734 2293 1906 2360 patris

340 2375 721 2433 l’raecursoris.
754 2377 960 2433 [lorum
1012 2383 1253 2436 omnium
1295 2395 1647 2454 excerpcntes
1686 2400 1901 2452 versus,

337 2467 634 2531 praesertim
663 2468 975 2533 ﬁnales,his
1028 2472 1404 2528 interteximus
1442 2485 1564 2546 apte
1598 2485 1792 2533 cantus
1839 2493 1906 2532 ex

337 2557 590 2615 Patribus
620 2561 902 2629 collectos,
943 2579 1146 2632 eosque
1199 2581 1458 2623 vocamus
1501 2581 1739 2624 canones
1769 2585 1906 2639 quos

339 2661 460 2719 post
503 2650 714 2706 tertiam
749 2663 801 2707 et
830 2663 1039 2710 sextam
1097 2657 1470 2726 intercipimus
1507 2668 1558 2715 et
1612 2660 1908 2716 catltisma-

337 2743 484 2797 tibus
518 2754 568 2797 et
596 2745 682 2798 bis
717 2754 832 2812 quae
861 2745 1118 2802 dicuntur
1145 2749 1428 2812 contaciis,
1449 2758 1502 2805 et
1531 2751 1686 2810 oecis.
1716 2761 1908 2806 orante

335 2835 568 2903 primum
627 2838 908 2893 sacerdote
944 2854 958 2890 :
992 2869 1060 2881 --
1092 2839 1435 2895 lllnminator
1468 2840 1708 2896 Domine.
1745 2874 1812 2886 --
1843 2843 1907 2896 Et

334 2927 552 2992 quidem
587 2927 640 2981 iu
669 2929 776 2984 line
806 2930 1058 2986 addimus
1090 2931 1190 2986 alia
1217 2933 1460 3002 quaedam
1494 2934 1750 3001 troparia.
1787 2933 1907 2990 llmc

1998 452 2098 522 τῆς
2135 452 2314 518 ὲξόδου
2366 453 2632 525 ληφθεῖσα
2696 483 2768 497 --
2813 457 3102 525 Πρόσεχε,
3162 453 3420 524 οὐρανέ,
3469 453 3572 507 καὶ

1995 545 2269 612 λαλήσω·
2290 576 2361 586 -
2387 549 2420 616 ἡ
2456 547 2512 602 δέ
2541 565 2603 617 γε
2628 549 2875 620 δευτέρα,
2898 549 2993 604 τοῦ
3022 537 3454 618 Δευτερονομίου
3479 547 3575 601 καὶ

1997 637 2161 709 αὕτη,
2199 639 2307 693 τῶν
2352 639 2495 695 κατὰ
2525 641 2628 710 τὴν
2655 640 2864 712 ἔρημον
2895 641 3307 711 ὑπομιμνήσκει
3354 638 3577 706 θαυμά-

1996 746 2127 793 των,
2157 731 2253 784 καὶ
2295 729 2395 800 τῆς
2429 731 2486 785 ὲν
2518 731 2691 806 ταύτῃ
2724 731 3048 800 νομοθεσίας
3083 731 3178 785 τοῦ
3223 728 3574 802 προφητικοῦ

2003 823 2362 892 χαρίσματος.
2393 852 2463 862 -
2488 822 2857 892 Ἐστερεώθη
2885 823 2924 890 ἠ
2954 823 3170 892 καρδία
3204 840 3323 892 μου
3357 822 3430 877 ἐν
3455 825 3576 876 Κιν-

1991 913 2123 980 ρίῳ.
2154 943 2224 956 —-
2280 912 2345 966 Ἦ
2378 911 2537 984 τρίτη
2580 913 2930 984 ὑπογραφὴν,
2988 914 3084 966 καὶ
3131 912 3231 981 τῆς
3282 911 3344 977 ἐξ
3400 911 3576 964 ὲθνῶν

2013 1003 2343 1072 Ἐκκλησίας
2373 1003 2776 1074 πολυγονούσης
2805 1003 3159 1076 προτύπωσιν
3185 1003 3320 1074 ἔχει.
3352 1033 3419 1044 -
3455 1000 3578 1055 Κύ-

1992 1112 2109 1163 ριε,
2141 1095 2477 1162 εισακήκοα
2511 1095 2626 1166 τὴν
2660 1096 2859 1160 ἀκοήν
2893 1111 3036 1151 σου.
3077 1127 3142 1139 --
3180 1096 3337 1150 Μετὰ
3365 1095 3577 1163 ταύτην

2001 1176 2283 1256 ἑπομένως
2334 1189 2392 1241 ἐν
2439 1191 2505 1260 τῇ
2547 1189 2782 1262 τετάρτῃ
2812 1188 2874 1242 τὸ
2920 1189 3022 1258 τῆς
3051 1188 3205 1251 θείας
3233 1187 3573 1256 οἰκονομίας,

2001 1277 2100 1332 σῖτ’
2145 1273 2238 1334 οὖν
2292 1267 2642 1350 σαρκῶσεως.
2689 1278 3078 1352 διατρανοῦται
3139 1279 3461 1349 μυστήριον.
3513 1277 3573 1327 Ὁ

2002 1371 2148 1437 Θεὸς
2176 1372 2304 1442 γὰρ,
2335 1374 2522 1442 φησὶν,
2562 1373 2680 1429 ἀπὸ
2718 1373 2945 1443 Θαψὰν
2976 1373 3131 1442 ἥξει,
3160 1372 3257 1428 καί
3303 1373 3469 1441 ἅγιος
3506 1371 3579 1433 ἐξ

2002 1462 2180 1530 ὅρους
2226 1465 2558 1520 κατασκίου
2603 1465 2849 1531 δασέος.
2878 1495 2946 1507 —
2981 1465 3089 1520 Ἐκ
3125 1464 3342 1531 νυκτὸς
3379 1463 3579 1531 ὀρθρί-

2003 1552 2081 1615 ζει
2127 1555 2192 1610 τὸ
2221 1556 2459 1625 ,ττνεῦμά
2494 1574 2632 1625 μου.
2667 1587 2732 1599 --
2773 1557 2835 1612 ’0
2864 1558 2970 1612 τῶν
3019 1557 3314 1628 προφητῶν
3347 1554 3585 1624 μεγαλο-

2004 1645 2315 1714 φωνότατος
2353 1645 2580 1711 Ἡσαΐας
2610 1647 2726 1720 ᾄδει
2757 1649 2855 1718 τὴν
2884 1649 3160 1719 πέμπτην,
3194 1647 3272 1717 τῷ
3297 1647 3476 1716 καιρῷ
3518 1663 3581 1697 τε

2003 1737 2098 1791 καὶ
2156 1736 2325 1807 αὐτὴν
2377 1738 2438 1791 εὖ
2489 1739 2635 1806 μάλα
2682 1738 3110 1808 συμϐαίνουσαν.
3163 1738 3267 1794 Ἐκ
3304 1736 3580 1800 νυκτὸς,

2003 1830 2190 1899 φησὶν,
2223 1829 2470 1898 ὀρθρίζει
2497 1831 2562 1884 τὸ
2613 1831 2850 1902 πνεῦμά
2880 1850 2997 1900 μου
3046 1832 3194 1902 πρὸς
3225 1833 3319 1900 σὲ,
3347 1835 3379 1886 ὁ
3410 1832 3581 1897 Θεὸς.

2005 1921 2102 1975 καὶ
2152 1919 2270 1990 ἅμα
2299 1922 2398 1990 τῆς
2437 1922 2700 1994 λαμπρᾶς
2733 1923 2830 1978 τοῦ
2864 1924 3116 1994 Σωτῆρος
3147 1925 3304 1995 ἡμῶν
3339 1926 3587 1978 ἀναστα-

2005 2028 2142 2074 σεως
2206 2011 2438 2082 ἔχουσαν
2477 2014 2926 2084 προφητείαν.--
2971 2015 3232 2082 Ἑόόησα
3263 2013 3334 2067 ἐν
3375 2015 3583 2082 θλίψει

2002 2117 2142 2171 μου.
2177 2130 2248 2140 -
2273 2095 2459 2174 ¹ᾙπερ
2491 2101 2554 2171 δὴ
2583 2103 2674 2163 καὶ
2720 2104 2749 2156 ό
2784 2103 3058 2173 μακάριος
3086 2101 3272 2163 Ἰωνᾶς
3309 2103 3336 2152 ό
3365 2102 3586 2170 προφή-

2003 2208 2104 2260 της
2139 2191 2238 2263 τὴν
2278 2193 2447 2262 ἕκτην
2502 2194 2686 2264 ἔργοις
2726 2211 2783 2246 τε
2822 2197 2916 2250 καὶ
2973 2194 3156 2260 λόγοις
3205 2192 3555 2256 διασκευάζεε

2004 2315 2074 2328 -
2098 2284 2184 2339 Εὐ
2195 2285 2437 2353 ιοτιητὸς
2464 2281 2538 2348 εἴ,
2563 2285 2754 2353 Κύριε,
2775 2287 2894 2351 καὶ,
2915 2286 3252 2357 Εὑλογεῖτε,
3275 2283 3478 2338 πάντα
3511 2283 3584 2336 τὰ

1989 2378 2150 2448 ,ἔργα
2177 2376 2426 2446 Κυρίου,
2454 2379 2560 2432 τὸν
2605 2379 2848 2448 Κύριον.
2870 2409 2939 2422 -~
2967 2381 3077 2433 Καὶ
3103 2379 3183 2432 ἔτι
3215 2395 3278 2448 γε
3318 2379 3365 2430 oi
3398 2380 3454 2430 ὲν
3484 2377 3588 2430 Βα-

2007 2473 2207 2528 ϐυλῶνι
2234 2473 2536 2540 τρισόλϐιοι
2567 2474 2759 2538 παῖδες
2779 2475 2881 2546 τὴν
2909 2475 3145 2543 ἑϐδόμην
3168 2491 3228 2527 τε
3254 2475 3344 2526 καὶ
3363 2472 3584 2542 ὀγδόην,

2008 2569 2043 2639 ἢ
2099 2569 2191 2621 καὶ
2232 2569 2332 2639 τὴν
2390 2567 2743 2637 παγκόσμιον
2802 2568 3076 2638 ὑμνῳδίαν
3113 2566 3426 2636 ἀρχομένης
3479 2565 3586 2633 ἤδη

2007 2663 2105 2732 τῆς
2132 2661 2346 2733 ἡμέρας
2386 2662 2518 2731 ἡμῖν
2567 2660 2864 2731 προσφυῶς
2900 2660 3216 2714 ὑποϐάλλει.
3263 2651 3433 2712 Abram.
3482 2657 3586 2724 μὲν

2007 2747 2100 2806 οὖν
2133 2754 2197 2805 ἐκ
2229 2751 2328 2821 τῆς
2377 2751 2626 2814 Παλαιᾶς
2671 2751 2974 2821 Διαθήκης,
3009 2750 3068 2804 ὃν
3121 2750 3322 2819 τρόπον
3364 2750 3585 2817 εἴρηται

2008 2841 2361 2912 τεταγμέναι.
2392 2870 2461 2883 -
2488 2841 2827 2909 Μεγαλύνει
2874 2839 2913 2906 ἠ
2963 2837 3136 2907 ψυχή
3162 2853 3282 2905 μου
3322 2835 3430 2889 τὸν
3471 2838 3589 2888 Kr}-

2002 2950 2158 3002 ριον.
2186 2964 2258 2973 —
2287 2934 2399 3004 Τὴν
2435 2935 2669 3004 ὲννάτην
2701 2934 2759 2988 δὲ
2809 2933 3144 3002 ἀφοσιοῦμεν
3189 2931 3269 2993 εἰς
3303 2932 3468 3000 τιμὴν
3514 2931 3585 2997 τῇ

336 3031 467 3072 wro
524 3019 752 3077 illustris
813 3029 867 3076 et
915 3022 1210 3091 apostolica
1264 3023 1537 3078 nominari
1594 3025 1903 3093 probamus,

2011 3023 2256 3096 παναγίᾳ
2304 3025 2572 3095 Παρθένῳ
2614 3024 2712 3079 καὶ
2760 3023 3032 3094 Θεοτόκῳ,
3064 3021 3384 3076 τελευταίαν
3419 3019 3589 3074 οὖσαν

335 3110 462 3178 quia
504 3110 606 3164 alia
654 3111 872 3180 quidem
913 3113 1255 3182 praesentiam
1315 3113 1454 3169 lucis
1497 3113 1801 3170 acclamant
1853 3125 1906 3170 et

336 3211 636 3270 provocant
706 3204 887 3258 lumen
947 3206 1262 3273 spirituale;
1324 3204 1427 3260 alia
1467 3221 1631 3271 vero,
1672 3205 1912 3276 discipu-

334 3293 510 3347 lorum
546 3295 598 3347 in
651 3302 836 3364 gentes
867 3295 954 3350 die
992 3298 1406 3354 resurrectionis
1445 3298 1755 3355 missionem
1819 3313 1909 3353 ce-

333 3387 545 3442 chrant
579 3404 591 3440 :
618 3419 688 3428 —
723 3389 956 3444 Laudate
989 3367 1380 3447 Domi‘num.—
1401 3391 1592 3450 Postea
1619 3402 1729 3450 tres
1748 3409 1908 3464 quos-

333 3478 456 3530 dam
479 3479 714 3542 psalmos
732 3481 1021 3552 incipimus
1044 3483 1186 3539 inter
1203 3493 1426 3541 caateros
1451 3501 1464 3537 :
1486 3501 1624 3556 quos
1657 3487 1906 3556 equidem

338 3565 528 3621 laudes
559 3570 812 3636 dicimus,
838 3573 964 3642 quia
1001 3573 1054 3626 in
1085 3573 1218 3642 ipsis
1247 3575 1389 3630 inest
1410 3575 1590 3643 aliqua
1642 3575 1904 3635 laudatio.

334 3662 512 3731 aliqua
553 3663 672 3718 laus
720 3665 813 3719 Dei
871 3681 965 3734 per
997 3681 1189 3722 omnes
1242 3681 1307 3720 ex
1363 3667 1554 3722 ordine
1609 3677 1908 3722 creaturas.

337 3751 574 3807 Laudale
595 3755 760 3819 enim,
786 3756 882 3821 ait,
913 3755 1194 3810 Dominum
1223 3757 1342 3812 haec
1369 3767 1421 3813 et
1443 3757 1552 3813 illa.
1582 3758 1662 3814 Ad
1685 3773 1824 3830 quos
1854 3760 1907 3813 in

337 3845 441 3899 tiue
465 3844 762 3901 atteximus
795 3846 1083 3902 nonnullos
1101 3863 1310 3914 versus,
1345 3850 1701 3920 adjungentes
1727 3866 1789 3906 ex
1815 3867 1910 3906 eo-

335 3949 454 3987 rum
509 3945 660 4004 parte
699 3937 804 3991 alia
853 3938 1100 4009 quaedam
1132 3942 1394 4010 troparia,
1437 3958 1556 4012 quae
1594 3942 1912 4014 plerumque

333 4028 640 4084 ratabasias
653 4032 1018 4086 nominamus.
1044 4031 1308 4088 —Gloria
1334 4035 1388 4088 in
1406 4034 1684 4090 altissimis
1712 4033 1912 4089 Deo.—

334 4117 525 4173 l'ostca
557 4119 908 4191 adiungimus
937 4137 1101 4192 quam
1157 4123 1399 4179 diximus
1428 4123 1772 4194 dosologiam
1793 4164 1807 4188 ,
1849 4125 1912 4178 ii-

333 4213 517 4266 uieute
553 4222 709 4268 nocte
744 4223 798 4269 et
831 4214 1126 4286 incipiente
1160 4217 1267 4282 die,
1307 4217 1361 4271 id
1417 4225 1734 4288 operantem
1765 4219 1906 4288 quod

334 4313 574 4358 vocatur.
596 4303 700 4359 Sed
729 4305 843 4374 ipsa
875 4307 1069 4362 mirum
1102 4306 1154 4361 in
1180 4309 1394 4362 modum
1428 4307 1752 4374 instituitur,
1789 4324 1906 4364 ver-

2013 3116 2154 3169 κατὰ
2178 3115 2245 3168 τὰ
2283 3115 2571 3186 είρημένα.
2608 3114 2759 3186 παρὰ
2796 3115 2890 3168 τοῦ
2922 3114 3065 3168 κατὰ
3097 3115 3310 3168 Δουκᾶν
3343 3113 3590 3179 Εὑαγγε-

2010 3206 2126 3261 λίου
2168 3208 2262 3276 τὴν
2288 3207 2428 3278 ᾠδὴν
2461 3208 2630 3278 αὐτῆς
2670 3208 2974 3278 εἰληφότες.
3011 3237 3078 3248 --ι
3097 3206 3442 3276 Εὐλογητὸς
3469 3208 3587 3259 Κύ-

2003 3316 2137 3368 ριος
2183 3302 2216 3354 d
2264 3299 2408 3366 Θεὸς
2452 3301 2558 3355 τοῦ
2581 3300 2856 3369 Ἰσραήλ.
2889 3332 2959 3344 -
2979 3299 3090 3352 Καὶ
3119 3298 3258 3365 πρὸς
3282 3297 3459 3370 ταύτῃ
3487 3299 3594 3364 τέζν

2009 3392 2283 3460 Ζαχαρίου
2323 3390 2418 3446 τοῦ
2450 3393 2659 3462 πατρὸς
2690 3391 2786 3445 τοῦ
2817 3391 3154 3462 Προδρὸμου,
3188 3388 3404 3441 Τούτων
3440 3390 3584 3440 ἀπα.

2013 3485 2122 3537 σῶν
2153 3483 2498 3552 ἐκλεγόμενοι
2530 3486 2658 3546 τοὺς
2693 3481 3177 3554 ἁκροτελευταίους
3206 3483 3438 3552 μάλιστα
3475 3484 3594 3534 στί-

2010 3594 2161 3646 χους,
2193 3575 2566 3644 ὲπιπλέκομεν
2597 3577 2786 3638 αὐτοῖς
2807 3574 3160 3644 καταλλήλως
3186 3575 3404 3646 ᾅσματα
3430 3576 3588 3642 παρα

2009 3664 2116 3718 τῶν
2152 3663 2414 3734 Πατέρων
2453 3665 2870 3734 συντεθειμένα,
2921 3665 3151 3730 κανόνας
3199 3665 3416 3726 τούτους
3446 3666 3591 3716 ἀπο-

2010 3753 2305 3825 καλοῦμεν,
2336 3753 2430 3817 οὒς
2453 3755 2548 3807 καὶ
2575 3755 2714 3823 μετᾶ
2739 3755 2841 3827 τὴν
2862 3756 3054 3826 τρίτην
3077 3773 3135 3809 τε
3168 3755 3260 3811 καὶ
3291 3757 3388 3824 τὴν
3412 3754 3596 3824 ἕκτην

2009 3845 2451 3916 διαλαμϐάνομεν
2482 3845 2786 3916 καθίσμασί
2838 3865 2916 3914 τε,
2967 3849 3063 3900 καὶ
3111 3849 3224 3911 τοῖς
3274 3847 3596 3916 λεγομένοις

2011 3938 2336 4004 κοντακίοις,
2393 3938 2490 3992 καὶ
2537 3939 2726 4002 οἴκοις,
2763 3940 3204 4009 προσευχομένου
3256 3939 3464 3992 τούτων
3495 3939 3596 3991 τοῦ

2009 4028 2200 4098 ἱερέως
2242 4057 2312 4069 -
2337 4026 2650 4082 Φωτόδοτα
2671 4027 2865 4096 Κύριε.
2889 4058 2959 4068 -—
2989 4031 3099 4082 Kal.
3123 4029 3185 4100 δὴ
3213 4030 3316 4081 κᾶν
3347 4029 3423 4097 τῷ
3445 4027 3596 4090 τέλει

2011 4119 2454 4191 προσυφαίνομεν
2485 4119 2630 4190 ἕτερ’
2656 4120 2794 4174 ἄττα
2847 4123 3147 4191 τροπάρια.
3202 4121 3592 4188 Φωταγωγικὰ

2009 4213 2066 4266 δὲ
2119 4214 2292 4265 ταῦτα
2343 4213 2439 4264 καὶ
2478 4211 2976 4282 Ἐξαποστελλάρια
3036 4211 3188 4280 φίλον
3243 4211 3448 4275 καλεῖν,
3507 4211 3598 4263 ὅτι

2010 4304 2074 4374 δὴ
2104 4304 2170 4356 τὰ
2206 4305 2306 4372 μὲν
2339 4303 2437 4373 τὴν
2465 4301 2561 4356 τοῦ
2590 4303 2768 4370 φωτὸς
2804 4304 3110 4373 παρουσίαν
3139 4305 3467 4374 ἀνευφημεῖ,
3497 4307 3599 4356 καὶ

332 4395 547 4450 histum
572 4411 601 4450 e
624 4398 788 4453 veteri
815 4408 925 4453 tum
953 4413 984 4454 θ
1011 4413 1152 4466 novo
1175 4399 1539 4463 Testamen'o,
1561 4408 1613 4453 et
1641 4408 1762 4470 post
1785 4414 1901 4456 eam

2010 4396 2069 4448 τὸ
2097 4395 2286 4464 νοητὸν
2335 4394 2450 4464 φῶς
2498 4394 2806 4465 ῑπιλάμψαι
2844 4398 3104 4460 αἰτεῖται,
3140 4398 3209 4450 τὰ
3251 4396 3312 4449 δὲ
3342 4397 3440 4464 τὴν
3484 4396 3598 4448 τῶν

335 4487 570 4555 hymnus
612 4487 898 4560 Trisagiou
949 4501 1004 4544 et
1053 4491 1272 4561 aliquod
1347 4506 1376 4543 a
1429 4501 1673 4560 tempore
1715 4501 1897 4561 tropa-

338 4575 495 4637 -.ium,
548 4589 599 4630 et
624 4581 702 4632 sic
735 4590 1018 4646 postquam
1065 4581 1245 4635 oravit
1287 4581 1542 4636 sacerdos
1579 4580 1899 4642 liberamur,

2009 4487 2272 4559 μαθητῶν
2304 4488 2618 4557 ἀποστολὴν
2653 4490 2733 4553 εἰς
2774 4489 2842 4541 τὰ
2879 4489 3006 4560 ἔθνη
3045 4491 3187 4544 κατὰ
3219 4491 3317 4559 τὴν
3352 4490 3596 4542 ἀναστά-

2009 4595 2169 4648 σιμον
2192 4579 2405 4651 ἡμέραν
2430 4581 2576 4652 ᾠδὴν
2602 4581 3172 4636 ποιεῖται.--Αίνεῖτε
3211 4583 3320 4635 τὸν
3345 4581 3592 4670 Κύριον.

350 4696 400 4706 «-
429 4667 582 4720 Μετὰ
614 4669 788 4722 ταῦτα
839 4673 987 4740 τρεῖς
1019 4689 1173 4735 τινας
1225 4672 1384 4734 αὖθις
1427 4672 1678 4742 ψαλμοὺς
1737 4671 2103 4736 ἀπολαϐόντες
2155 4672 2262 4726 τῶν
2332 4673 2537 4728 λοιπῶν
2571 4673 2803 4745 ᾄδομεν·
2865 4675 2959 4740 οὓς
3011 4677 3184 4746 δήπου
3239 4676 3334 4729 καὶ
3409 4667 3600 4738 αῆῖνους

338 4764 626 4831 καλοῦμεν,
659 4764 748 4817 διὰ
792 4765 851 4817 τδ
883 4767 977 4819 καὶ
1009 4769 1070 4820 ἑν
1104 4767 1289 4830 αὐτοῖς
1334 4767 1614 4836 εὐφημίαν
1653 4766 1776 4821 τινὰ
1805 4769 1900 4820 καὶ
1938 4763 2089 4821 αἵνον
2115 4767 2544 4840 ἑμπεριέχεσθαι
2576 4767 2671 4822 τοῦ
2699 4769 2837 4823 Θεοῦ
2874 4770 2965 4824 διὰ
2995 4771 3215 4824 πάντων
3282 4770 3408 4836 ἑξῆς
3472 4770 3592 4821 τῶν

334 4857 668 4925 κτισμάτων.
720 4859 949 4934 Αἰνεῖτε
981 4861 1118 4931 γὰρ,
1159 4863 1316 4930 φησι,
1363 4861 1470 4915 τὸν
1519 4860 1738 4928 Κύριον
1777 4859 1900 4914 τάδε
1933 4862 2082 4924 τινὰ,
2130 4864 2222 4916 καὶ

2301 4863 2448 4918 τάδε.
2497 4865 2604 4916 Καὶ
2657 4864 2872 4927 τούτοις
2921 4864 3372 4934 προσυφαίνομεν
3425 4864 3480 4914 ὲν
3515 4861 3596 4932 τῷ

331 4954 470 5004 τέλει
503 4953 714 5022 στίχους
738 4955 890 5016 τινας
934 4956 1334 5026 ἐφαρμόζοντες
1363 4957 1494 5026 παρ’
1523 4957 1703 5010 αὐτῶν
1745 4957 1888 5026 ἕτερ’
1928 4956 2064 5010 ἄττα
2094 4957 2394 5027 τροπάρια.
2429 4956 2786 5021 Καταϐασίας
2817 4959 2893 5021 ὡς
2925 4960 2986 5010 τὸ
3025 4956 3159 5010 πολὺ
3227 4957 3297 5008 τέι
3362 4954 3598 5008 τοιαῦτα

333 5045 626 5116 καλοῦμεν.
651 5076 719 5086 -
742 5047 898 5112 Δόξα
923 5046 993 5099 ἐν
1026 5046 1312 5114 ὑψίστοις
1337 5047 1482 5113 Θεῷ.
1500 5077 1569 5088 —
1597 5029 1736 5101 Μὲα
1797 5046 1826 5099 ὃ
1863 5047 1966 5114 τὴν
2005 5045 2353 5115 καλουμένην
2382 5043 2692 5112 δοξολογίαν
2720 5045 3169 5113 ὲπισυνάπτομεν
3204 5043 3298 5096 ἐπὶ
3320 5046 3384 5114 τῇ
3413 5059 3593 5113 παρε-

330 5147 511 5207 λεύσει
543 5145 644 5215 τῆς
672 5145 886 5208 νυκτὸς,
919 5144 1012 5198 καὶ
1037 5146 1104 5212 τῇ
1141 5143 1283 5214 ἀρχῇ
1332 5144 1431 5214 τῆς
1482 5145 1715 5215 ἡμέρας,
1747 5141 1895 5196 τοῦθ’
1936 5140 1965 5195 δ
1999 5143 2246 5195 καλεῖται
2280 5139 2562 5204 ποιοῦσαν.
2610 5140 2904 5208 Σύγκειται
2967 5139 3024 5192 δὲ
3062 5137 3200 5210 αὕτη
3271 5137 3598 5207 θαυμασίως

332 5242 391 5296 εὖ
431 5243 576 5309 μάλα
621 5240 802 5294 διάτε
847 5239 950 5308 τῆς
1009 5239 1253 5301 Παλαιᾶς
1305 5239 1399 5292 καὶ
1431 5237 1577 5303 Νέας
1627 5240 1903 5309 Διαθήκης
1947 5238 2132 5310 ῥητῶν
2161 5237 2540 5309 ἠθροισμένων
2567 5237 2827 5307 λογάδην,
2863 5237 2961 5289 καὶ
3016 5238 3046 5290 ό
3080 5236 3365 5304 τρισάγιος
3422 5233 3596 5305 ὕμνος

334 5339 420 5391 ἐπ’
446 5337 605 5405 αὐτῇ,
635 5334 732 5388 καὶ
766 5334 1064 5404 τροπάριόν
1091 5351 1143 5386 τι
1173 5332 1285 5386 τῶν
1317 5333 1569 5404 καιρίων,
1598 5333 1692 5386 καὶ
1723 5333 1898 5397 οὕτως
1939 5331 2319 5402 ἐπευξαμένου
2359 5330 2454 5386 τοῦ
2489 5331 2682 5402 ίερέως
2719 5329 3091 5398 ἀπολυόμεθα.

870 5426 942 5482 De
972 5428 1146 5497 prima
1168 5425 1320 5480 hora.

405 5523 726 5575 (ivlo-bratur
759 5519 866 5575 boc
900 5521 971 5575 ob
1010 5519 1227 5589 aliquod
1263 5517 1456 5574 festum
1499 5517 1584 5572 vel
1616 5517 1758 5573 inter
1790 5516 1908 5572 dies

339 5611 698 5666 Doluiuicam.
751 5612 808 5665 in
863 5611 1243 5665 communibus
1307 5611 1448 5664 enim
1501 5609 1773 5681 plerisque
1829 5610 1911 5663 in-

341 5703 592 5760 ducimus
625 5705 740 5758 siue
772 5703 1177 5761 intermissione
1243 5703 1476 5770 psalmos
1525 5703 1711 5774 prime
1764 5703 1908 5756 liora:

2425 5421 2563 5490 Περὶ
2595 5420 2706 5489 τῆς
2739 5419 2972 5488 πρώτης
3005 5418 3182 5487 ὥρας.

2088 5516 2197 5570 Καὶ
2227 5514 2388 5568 τοῦτό
2433 5529 2498 5581 γε
2553 5513 2744 5583 ἑορτῆς
2781 5528 2929 5574 τινος
2968 5509 3156 5580 οὔσης,
3189 5513 3221 5582 ἢ
3254 5515 3351 5577 τῆς
3378 5513 3595 5583 Κυρίας

2018 5611 2126 5664 τῶν
2157 5609 2404 5678 ἡμερῶν.
2441 5606 2532 5660 Ἐν
2577 5607 2634 5660 δὲ
2690 5607 2807 5669 ταῖς
2857 5608 3062 5667 κοιναῖς
3108 5621 3167 5658 τε
3224 5606 3313 5659 καὶ
3353 5604 3597 5660 πλείοσιν

2019 5703 2354 5772 ἐπιφέρομεν
2386 5697 2585 5770 ἑφεξῆς
2613 5697 2737 5761 τοὺς
2769 5697 2869 5768 τῆς
2893 5697 3114 5765 ποῶτης
3146 5697 3293 5762 ὥρας
3315 5696 3589 5766 ψαλμοὺς,
