3956 6200
347 256 488 324 1181

1243 263 1481 325 MARCI
1526 262 1904 325 EUGENlCl
1957 264 2055 326 DE
2097 267 2342 330 OFFlC.
2373 269 2705 351 ECCLES,

3479 274 3615 340 1182

341 382 559 445 οἰκείως
611 383 791 453 δήπου
837 384 930 438 καὶ
961 383 1164 449 ait-ob;
1220 383 1463 454 ἔχοντας.
1491 417 1559 426 --
1597 383 1672 438 Τὰ
1697 383 1930 453 ῥήματά

2039 393 2092 438 et
2131 386 2276 456 ipsos
2303 387 2510 443 scilicet
2537 389 2698 458 vulgo
2717 403 2775 444 sc
2802 389 3085 446 habentes.
3115 422 3179 434 -
3198 390 3362 448 Verba
3391 409 3525 446 mea.
3549 425 3618 435 -ν

343 493 480 540 μου.
513 505 582 516 -
618 476 676 530 '0
717 477 816 547 μὲν
844 478 951 547 γάρ
976 495 1133 548 φησι,
1173 477 1243 531 Τὸ
1277 476 1429 544 πρωῒ
1446 477 1785 546 είσακούσῃ
1821 477 1932 545 τῆς

343 569 552 639 φωνῆς
607 586 746 638 μου,
800 571 866 622 τὸ
920 569 1074 639 πρωϊ
1124 569 1598 638 παραστήσομαι
1647 581 1778 633 σοι,
1833 568 1930 622 καί

342 662 549 730 exop-zz
593 679 671 732 με
706 691 775 703 --
804 661 984 729 Κύριε
1028 661 1370 730 καταφυγὴ.
1399 691 1468 700 —-
1499 662 1527 711 6
1564 660 1642 724 δὲ,
1681 661 1751 718 Τὸ
1781 659 1934 727 πρωῒ

340 754 486 808 ὡσεί
537 756 694 822 χλόη
749 754 1069 824 παρέλθοι,
1114 754 1212 808 καί
1261 754 1332 807 τὰ
1385 754 1530 822 ἔργα
1561 752 1680 807 τῶν
1718 753 1933 824 χειρῶν

341 847 512 916 ἡμῶν
549 850 924 902 κατεύθυνον
964 847 1058 916 ἐφ’
1093 846 1282 916 ἡμᾶς,
1335 847 1436 900 καὶ
1491 847 1556 900 τὸ
1599 847 1780 916 ἔργον
1813 846 1933 901 τῶν

339 939 554 1010 χειρῶν
593 938 758 1009 ἡμῶν
779 940 1176 994 κατεύϐυνον.
1198 969 1266 978 -
1303 940 1525 994 Ἔλεον
1549 939 1644 993 καὶ
1681 939 1883 1007 κρίσιν
1914 955 1928 969 ·

338 1035 448 1083 -ὀ
475 1033 528 1083 δέ
554 1049 616 1099 γε
645 1031 853 1092 λοιπὸς,
885 1029 988 1092 Εις
1013 1027 1119 1093 τὰς
1146 1028 1373 1095 πρωΐας
1397 1027 1760 1082 ἀπέκτεινον
1776 1027 1930 1081 πάν-

339 1141 445 1189 τας
480 1122 624 1188 τοὺς
653 1119 1042 1190 ἁμαρτωλοὺς
1073 1118 1180 1188 τῆς
1209 1119 1346 1188 τῆς.
1371 1148 1430 1158 -
1461 1119 1616 1184 Δόξα
1655 1119 1931 1186 Harp/.—

339 1217 574 1275 Ίόύτους
607 1215 1106 1282 ὲπισφραγίζοντες
1141 1212 1229 1266 διὰ
1260 1211 1360 1281 τῆς
1412 1212 1680 1280 συνήθους
1717 1211 1928 1276 δοξολο-

341 1311 465 1376 λείας
499 1324 554 1360 τε
591 1309 685 1360 καὶ
713 1306 808 1358 τοῦ
843 1305 962 1358 Ἀλλ
977 1303 1193 1375 ηλούῖα.
1227 1334 1296 1346 —-
1356 1305 1420 1360 Τί
1446 1320 1520 1359 σε
1556 1300 1929 1375 καλέσωμεν.

343 1434 411 1444 --
447 1399 758 1470 Τροπάριόν
784 1416 836 1452 τι
877 1399 1174 1471 ἐπᾴδομεν,
1217 1399 1310 1453 καὶ
1347 1399 1624 1453 θεοτόκιον
1661 1396 1836 1461 αὖθις.
1864 1427 1932 1450 -τ

348 1496 423 1551 Τὰ
453 1491 787 1563 διαδήματά
807 1509 946 1561 μου.
976 1520 1042 1531 -—
1071 1493 1181 1548 Καὶ
1209 1492 1538 1561 διορίζοντες
1568 1491 1741 1545 ταῦτα
1775 1492 1932 1562 μέρει

342 1586 450 1638 τινί
502 1584 652 1655 παρὰ
706 1582 817 1638 τῶν
869 1581 1104 1654 ψαλμῶν
1153 1583 1516 1653 εἰλημμένω,
1581 1582 1934 1654 καταλλήλως

344 1677 521 1746 ἔχοντι
553 1677 690 1747 πρὸς
715 1677 814 1747 τὴν
845 1674 1017 1747 ὥραν,
1076 1674 1378 1746 ἀρξάμενοι
1417 1675 1597 1739 πάλιν,
1631 1677 1934 1746 Τρισάγιὸν

2038 475 2189 535 υιιιιε
2219 478 2358 529 cnim
2387 479 2552 535 dicit:
2586 479 2744 540 Mane
2767 483 3015 535 exaudies
3044 499 3212 537 vocem
3244 501 3435 549 meam,
3462 501 3617 538 mane

2035 570 2223 629 astabo
2263 571 2359 627 tibi
2384 581 2434 627 et
2481 573 2681 631 ridebo.
2709 605 2776 614 —
2807 574 3028 628 Damiue
3061 576 3354 645 refugium;
3385 605 3453 618 --
3481 579 3618 630 alter

2036 678 2164 716 vero
2194 679 2209 712 :
2242 662 2400 718 Mane
2416 665 2549 718 sicut
2568 667 2730 720 herba
2757 675 3029 730 transeat;
3052 680 3126 734 et,
3161 667 3334 737 Opera
3361 685 3615 724 manuum
3667 661 3672 704 ῗ

2035 762 2340 808 nostrarum
2368 758 2534 827 dirige
2562 775 2722 829 super
2745 778 2861 824 nos,
2895 773 2943 815 et
2969 779 3098 830 opus
3131 780 3385 816 manuum
3412 776 3615 824 nostra-

2036 861 2154 899 rum
2174 849 2365 916 dirige.
2393 879 2462 888 —
2492 848 2924 908 Misericordiam
2987 863 3034 907 et
3065 855 3351 923 judicium.
3390 854 3489 922 Qui
3524 872 3618 912 alt—

2036 946 2142 991 tetn
2173 949 2446 1020 superest,
2485 941 2547 996 In
2581 947 2845 998 matutino
2882 947 3263 1015 interﬁciebam
3288 963 3465 1002 omnes
3502 965 3618 1016 pec-

2035 1042 2244 1086 catores
2277 1042 2448 1086 terrm.
2483 1066 2550 1074 —
2579 1035 2764 1089 ϐίοι-ἔα
2796 1037 2952 1090 Patri
2979 1053 3081 1104 ;—
3111 1037 3210 1093 hos
3233 1039 3618 1094 concludentes

2035 1122 2194 1176 solita
2248 1125 2532 1196 doxulogia
2573 1135 2626 1181 et
2662 1127 2922 1183 Alleluia.
2947 1159 3016 1168 —
3047 1129 3189 1194 Quid
3217 1141 3263 1183 te
3297 1131 3615 1184 invocaveri-

2036 1232 2174 1276 mus,
2205 1246 2274 1254 —
2302 1220 2600 1286 troparium
2630 1220 2904 1290 quoddam
2939 1222 3193 1278 addimus
3225 1233 3529 1282 cantantes.
3565 1233 3617 1276 et

2034 1307 2103 1361 de.
2145 1306 2311 1376 Matre
2344 1309 2435 1364 Dei
2484 1328 2698 1369 rursus-
2733 1345 2802 1355 -——
2835 1315 3054 1372 Crestus
3089 1335 3249 1373 meos.
3288 1349 3353 1358 -—
3384 1317 3522 1372 Tum
3555 1335 3615 1371 ea

2037 1399 2486 1458 interscindimus
2505 1405 2688 1475 aliqua
2712 1417 2864 1477 parte
2893 1425 2956 1464 es
2992 1411 3214 1481 psalmis
3246 1419 3459 1481 sumpta
3494 1421 3617 1480 apte

2037 1508 2096 1548 se
2133 1494 2364 1550 habente
2395 1497 2458 1552 ad
2491 1497 2702 1562 horam,
2741 1517 2936 1556 rursus
2983 1503 3304 1560 inchoantes
3349 1515 3402 1560 et
3431 1503 3617 1558 Trisa-

2037 1584 2161 1654 gion
2189 1596 2241 1640 et
2265 1603 2386 1657 qum
2414 1602 2724 1660 sequuntur
2759 1598 3031 1660 canimus,
3056 1605 3123 1651 et-
3160 1597 3390 1652 alterum
3431 1608 3613 1668 tropa-

2041 1677 2180 1731 rium
2213 1677 2411 1735 iterum
2447 1685 2678 1749 tempori
2701 1687 2910 1742 Scilicet
2949 1703 3279 1761 congruens,
3315 1691 3612 1762 statimque

343 1787 401 1822 τε
434 1770 526 1822 καὶ
555 1769 618 1822 τὰ
645 1770 772 1840 ἑξῆς
799 1769 1022 1842 ᾄδομεν,
1070 1769 1164 1836 uel.
1201 1770 1505 1838 τροπάριον
1543 1767 1731 1839 ἕτερον
1772 1768 1927 1832 αὖθις

2037 1782 2241 1836 preces,
2269 1801 2340 1813 —
2381 1773 2484 1846 Qui
2516 1776 2571 1829 in
2602 1779 2746 1831 omni
2783 1789 3036 1846 tempore,
3084 1812 3152 1821 —
3183 1793 3232 1846 et
3265 1798 3608 1839 communem

345 1863 422 1932 τῷ
459 1861 636 1932 καιρῷ
669 1863 842 1931 δήπου
877 1853 1179 1934 προσῆκον,
1217 1863 1309 1914 καὶ
1357 1860 1558 1930 ἐφεξῆς
1595 1860 1695 1923 τὰς
1729 1859 1921 1931 εὐχάς,

341 1953 490 2006 —-'0
520 1953 590 2006 ἐν
633 1952 810 2006 παντί
863 1953 1047 2020 καιρῷ
1089 1982 1156 1992 -
1187 1953 1287 2022 τήν
1335 1969 1395 2004 τε
1432 1951 1639 2024 κοινὴν,
1691 1952 1785 2006 καὶ
1825 1951 1924 2016 τάς

343 2043 480 2107 ίδῖας
504 2043 600 2114 τῆς
631 2042 878 2113 πρώτης,
910 2038 983 2096 ὧν
1012 2045 1104 2097 καὶ
1130 2043 1214 2108 τὸ,
1246 2045 1445 2113 Κύριε,
1475 2044 1758 2112 ἐλέησον,
1789 2061 1922 2116 προ·

337 2139 597 2191 τέτακται
649 2137 1195 2208 τεσσαρακοντάκιςο
1230 2137 1326 2191 καὶ
1383 2137 1815 2208 μεσολαὸοὖνται
1867 2136 1924 2191 δὲ

2031 1867 2086 1915 et
2119 1863 2369 1933 proprias
2424 1867 2570 1929 horae
2606 1868 2834 1938 primae;
2870 1881 3052 1938 postea
3089 1883 3136 1928 et
3195 1875 3373 1943 Kyrie,
3417 1875 3613 1928 eleison

2033 1955 2462 2026 praedisponitur
2492 1961 2842 2031 quadragies.
2892 1963 2981 2017 ll.e
3012 1981 3140 2020 vero
3174 1966 3616 2020 lntennittnntur

2029 2045 2185 2115 juxta
2209 2048 2526 2114 praedictum
2565 2053 2811 2117 modum,
2839 2063 2892 2108 et
2927 2057 3007 2108 sic
3035 2055 3394 2111 absolvimus.
3434 2055 3614 2110 Causa

2035 2146 2220 2195 autem
2261 2142 2486 2196 omnino
2518 2152 2602 2198 est
2656 2144 2820 2214 httjns
2865 2146 3198 2202 laudationis
3231 2147 3404 2218 prima
3455 2147 3610 2209 hora,

336 2221 502 2284 αὗται
543 2229 634 2284 τὸν
665 2231 961 2302 εἰρημένον
1013 2231 1238 2300 τρόπον,
1286 2231 1381 2284 καὶ
1433 2229 1578 2284 οὕτω
1623 2230 1928 2300 ποιούμεθα

2037 2230 2177 2301 quod
2218 2244 2466 2301 oporteat
2500 2251 2598 2291 nos
2648 2250 2677 2289 a
2708 2237 2815 2292 Deo
2869 2238 3128 2294 inchoare
3162 2241 3214 2294 in
3248 2240 3354 2294 vita
3405 2241 3611 2310 primos

337 2325 437 2392 τὴν
468 2324 754 2390 ἀπόλυσιν.
792 2323 860 2390 Ἦ
884 2323 940 2377 δὲ
974 2322 1204 2378 καθόλου
1240 2323 1389 2376 αἰτία
1418 2322 1517 2392 τῆς
1543 2325 1602 2376 ὲν
1630 2326 1698 2394 τῇ
1729 2323 1926 2394 πρώτῃ

2037 2329 2217 2377 motus
2235 2331 2284 2378 et
2314 2323 2488 2394 prima
2513 2341 2698 2396 opera,
2724 2337 2777 2381 et
2800 2345 2895 2398 pro
2922 2337 3031 2386 tota
3068 2331 3154 2385 die
3179 2332 3357 2386 statim
3387 2347 3416 2385 a
3439 2346 3613 2401 proce-

337 2414 458 2486 ὥρᾳ
507 2416 712 2488 ταύτης
745 2415 1074 2486 ὑμνολογίας
1113 2417 1174 2470 τὸ
1218 2417 1330 2486 δεῖν
1374 2417 1522 2488 ἡμᾶς
1574 2415 1924 2486 ἀπάρχεσθαι

2037 2413 2159 2469 miis
2186 2430 2368 2472 orare.

338 2505 414 2574 τῷ
443 2506 560 2576 Θεῷ
583 2507 669 2561 διὰ
705 2507 820 2578 βίου
841 2508 950 2563 τῶν
973 2507 1208 2581 πρώτων
1231 2507 1555 2581 κινημάτων
1587 2509 1680 2562 καὶ
1714 2507 1911 2579 ἔργων,
1956 2509 2052 2561 καὶ
2088 2509 2220 2580 περὶ
2252 2509 2344 2563 τοῦ
2395 2510 2521 2566 δλου
2556 2511 2658 2582 τῆς
2694 2514 2910 2583 ἡμέρας
2977 2517 3039 2568 ἐκ
3090 2517 3392 2586 προοιμίων
3452 2516 3615 2580 εὐθὺς

339 2603 616 2676 εὔχεσθαι.

765 2702 901 2766 Περὶ
937 2698 1047 2767 τῆς
1077 2699 1285 2769 τρίτης
1318 2699 1498 2769 ὥρας.

411 2791 570 2852 Κατά
609 2791 710 2862 τὴν
744 2791 937 2861 τρίτην
978 2793 1034 2844 δὲ
1083 2791 1233 2862 ὥραν
1274 2793 1370 2863 τῆς
1406 2792 1700 2861 ὁμωλύμου
1754 2792 1928 2863 ταύτῃ

337 2881 683 2952 λειτουργίας
720 2882 1022 2954 ἀρχόμεθα·
1062 2883 1204 2946 κατὰ
1233 2882 1438 2953 ταύτην
1468 2884 1578 2952 γάρ
1609 2882 1929 2951 ἐπεδήμησε

337 2975 400 3026 τὸ
428 2974 700 3043 πανάγιον
734 2974 960 3044 Πνεῦμα
995 2976 1108 3040 τοῖς
1136 2975 1457 3038 ἀποστόλοις
1484 2976 1539 3027 ὲν
1562 2975 1696 3042 εῖδει
1730 2975 1927 3045 πυρός.

2604 2697 2680 2753 De
2712 2699 2868 2752 tertia
2897 2699 3050 2752 liora.

2103 2788 2289 2844 Tertia
2314 2803 2448 2844 vero
2475 2788 2609 2845 hora
2629 2788 2794 2858 hujus
2825 2791 3059 2846 nominis
3090 2791 3365 2864 liturgiam
3391 2794 3614 2849 inclma~

2033 2896 2178 2946 mus.
2215 2881 2326 2945 llac
2354 2881 2497 2938 enim
2540 2881 2780 2952 Spiritus
2831 2896 3053 2939 sanctus
3086 2887 3137 2939 in
3181 2887 3459 2953 apostolos
3493 2903 3614 2958 spe-

2031 2972 2114 3027 cie
2143 2971 2284 3040 ignis
2305 2964 2475 3028 venit.
2510 2972 2657 3027 Ordo
2687 2973 2904 3042 quidem
2932 2977 3244 3030 communis
3262 2974 3330 3030 ad
3362 2993 3609 3032 normam

349 3067 415 3118 Ἦ
452 3066 552 3135 μὲν
588 3062 682 3119 οὖν
730 3066 884 3132 τάξις
917 3066 1073 3136 κοινὴ
1111 3066 1246 3136 πρὸς
1288 3069 1386 3138 τὴν
1423 3066 1672 3138 πρώτην,
1715 3067 1824 3122 ἴδια
1875 3067 1930 3121 δὲ

2037 3063 2226 3132 prima:
2265 3073 2388 3134 est;
2427 3065 2716 3134 peculiaris
2749 3080 2877 3120 vero
2926 3066 3087 3121 habet
3139 3078 3190 3122 et
3231 3069 3470 3138 psalmos
3518 3071 3610 3139 qui

337 3159 392 3211 οἵ
423 3174 480 3212 τε
512 3157 719 3228 ψαλμοὶ
751 3158 1034 3212 κάνταῦθα
1056 3161 1204 3231 τρεῖς
1243 3159 1413 3222 ὄντες,
1448 3159 1514 3212 τὰ
1538 3159 1817 3232 τροπάριά
1842 3177 1926 3228 τε,

339 3251 434 3304 καὶ
463 3251 520 3302 αξ
562 3251 657 3303 ἐπὶ
688 3249 902 3315 τούτοις
930 3251 1109 3322 εὐχαὶ,
1140 3251 1240 3320 τῆς
1284 3250 1376 3304 τοῦ
1412 3251 1570 3319 ἁγίου
1607 3251 1930 3322 Πνεύματος

339 3345 650 3411 παρουσίας
674 3342 750 3405 ὡς
783 3345 844 3397 τὸ
875 3343 1022 3406 εἰκὸς
1056 3345 1407 3415 μεμνημένα,
1443 3346 1532 3399 καὶ
1567 3345 1798 3415 δεόμενα
1829 3348 1929 3418 τὴν

338 3435 502 3488 αὐτοῦ
544 3438 703 3506 χάριν
757 3437 1162 3502 είσοικισθῆναι
1215 3439 1309 3492 καὶ
1363 3439 1421 3492 ὲν
1471 3439 1628 3508 ἡμῖν,
1671 3433 1704 3514 ᾖ
1755 3439 1927 3510 δήπου
1968 3465 1972 3468 ·

337 3528 432 3581 καὶ
474 3529 522 3580 οἱ
566 3527 774 3599 ψαλμοὶ
829 3528 1190 3598 κατάλληλον,
1221 3530 1438 3600 ἔχουσιν
1500 3531 1580 3594 εἰς
1616 3532 1929 3602 προσευχὴν

335 3619 567 3690 ἀρίστην
601 3619 976 3690 ἐξειλεγμένοι
1030 3649 1101 3660 -
1133 3622 1528 3676 Είσάκουσον
1550 3661 1565 3685 ,
1612 3623 1789 3691 Κύριε
1814 3663 1829 3689 ,
1861 3655 1929 3665 -

335 3713 362 3764 6
392 3711 490 3780 μὲν
516 3712 736 3781 πρῶτος
775 3713 857 3776 τὸ,
890 3714 1399 3783 Χορτασθ-ἠσομαι
1439 3713 1509 3766 ἐν
1543 3713 1620 3780 τῷ
1663 3713 1930 3784 ὀφθῆναί

332 3822 435 3873 μοι
478 3804 598 3871 τὴν
639 3804 834 3866 δόξαν
875 3820 1015 3858 σου.
1039 3834 1108 3859 -έ
1141 3805 1298 3872 Πρὸς
1329 3804 1422 3868 σὲ,
1470 3806 1669 3872 Κύριε,
1699 3803 1834 3873 ἤρα’
1859 3838 1929 3848 -

335 3899 363 3949 6
396 3895 648 3966 δεύτερος
672 3895 729 3955 δὲ
760 3895 845 3965 τὸ,
879 3895 1286 3964 Νομοθετήσει
1312 3893 1473 3959 αὐτῷ
1496 3896 1568 3947 ἐν
1594 3893 1710 3960 ὁδῷ
1732 3890 1772 3966 ᾗ
1804 3899 1930 3964 ium

340 3975 672 4058 τίσατο.”--
709 3990 1014 4057 Ἐλέησόν
1057 4007 1155 4059 με,
1188 3992 1220 4044 ό
1247 3989 1394 4055 Θεὸς
1418 4029 1434 4054 ,
1465 4018 1534 4029 --
1567 3990 1661 4043 nat
1687 3988 1716 4040 6
1744 3988 1928 4057 τρίτος

338 4088 418 4150 τὸ,
455 4085 724 4155 Καρδίαν
774 4083 1048 4153 καθαρὰν
1101 4082 1320 4137 κτίσον
1367 4082 1439 4136 ἐν
1470 4083 1624 4152 ἐμοὶ,
1667 4085 1700 4137 ό
1758 4083 1925 4149 Θεὸς,

339 4180 438 4234 καὶ
477 4181 718 4249 πνεῦμα
753 4167 928 4245 ἑῠθὲς
981 4164 1334 4256 ἐγκαίνισον
1365 4176 1436 4230 ἐν
1479 4175 1606 4244 τοῖς
1652 4175 1926 4255 ἐγκάτοις

333 4290 477 4341 μου,
508 4271 602 4326 καὶ
633 4271 733 4324 ὅσα
765 4270 918 4338 ἑξῆς.

783 4362 924 4432 Περὶ
957 4359 1064 4432 τῆς
1087 4360 1269 4429 ἕκτης
1294 4360 1474 4430 ὥρας.

2041 3157 2128 3212 hic
2152 3171 2371 3228 quoque
2402 3166 2512 3213 tres
2533 3167 2681 3221 sunt,
2714 3168 2768 3213 et
2793 3159 3059 3228 troparia,
3095 3169 3148 3214 et
3180 3169 3365 3229 postea
3407 3177 3612 3230 preces.

2039 3249 2168 3314 Quae
2199 3258 2258 3303 ut
2290 3251 2444 3304 decet
2467 3250 2837 3305 meminerunt
2865 3253 3132 3305 adventus
3165 3251 3407 3320 Spiritus
3439 3254 3613 3307 sancti

2037 3350 2091 3396 et
2119 3351 2311 3412 rogant
2336 3351 2393 3396 ut
2421 3343 2595 3412 gratia
2628 3343 2748 3413 ejus
2789 3342 2842 3396 in
2874 3341 3033 3398 nobis
3066 3357 3285 3413 quoque
3323 3343 3614 3411 inhabitet,

2037 3435 2102 3488 ad
2132 3436 2276 3504 quod
2305 3450 2437 3490 sane
2469 3444 2524 3490 et
2557 3436 2748 3505 psalmi
2782 3435 3169 3492 convenienter
3199 3452 3258 3491 se
3294 3437 3516 3502 habent,
3545 3439 3611 3491 ad

2039 3527 2300 3598 Optimam
2326 3542 2539 3597 precem
2571 3527 2780 3584 selecti.
2802 3557 2870 3569 -
2890 3528 3124 3592 Exaudi,
3147 3527 3384 3584 Domine.
3407 3559 3474 3568 —
3492 3527 3613 3582 Pri-

2038 3634 2161 3675 mus
2195 3620 2414 3690 quidem
2460 3621 2555 3675 id:
2601 3620 2858 3676 Satiabor
2890 3638 3008 3675 cunt
3069 3621 3378 3690 apparuerit
3439 3623 3612 3691 gloria

2038 3720 2151 3766 tua.
2185 3740 2258 3751 —-
2308 3711 2388 3765 Ad
2434 3721 2503 3775 te,
2540 3711 2782 3776 Domine,
2814 3713 2974 3767 levavi
2997 3731 3015 3778 ,-
3038 3740 3105 3752 —
3136 3711 3404 3766 secundus
3429 3722 3610 3767 autem

2038 3806 2142 3860 hoc
2169 3822 2181 3858 :
2216 3804 2402 3875 Legem
2427 3815 2624 3861 statuet
2654 3809 2702 3860 ei
2725 3807 2775 3859 in
2797 3807 2879 3860 via
2908 3823 3065 3876 quam
3093 3805 3341 3875 elegit.—
3367 3804 3616 3858 Miserere

2034 3901 2158 3963 mei,
2186 3897 2326 3952 Deus
2371 3915 2389 3952 :
2418 3929 2491 3941 ——
2527 3908 2580 3953 et
2624 3899 2820 3954 tertius
2860 3899 2989 3952 illud
3019 3915 3034 3952 :
3075 3897 3181 3952 Cor
3207 3885 3458 3950 mundum
3493 3914 3614 3951 crea

2037 3992 2088 4044 in
2121 4007 2224 4054 me,
2256 3989 2418 4055 Deus,
2447 4000 2498 4046 et
2520 3993 2766 4058 spiritum
2801 4001 2999 4045 rectum
3027 3991 3218 4044 innova
3247 3992 3301 4044 in
3332 3992 3613 4054 visceribus

2035 4084 2190 4151 meis,
2224 4093 2276 4141 et
2304 4098 2428 4156 qua:
2466 4093 2792 4156 sequuntur.

2598 4350 2674 4412 De
2711 4359 2862 4415 sexta
2893 4349 3046 4404 liora.

414 4456 478 4512 Τί
509 4455 717 4510 ἐστιτὰ
747 4454 844 4525 τῆς
889 4455 1057 4524 ἕκτης
1091 4452 1279 4524 ὣρας;
1325 4453 1602 4516 Ὡσαύτως
1643 4454 1737 4506 καὶ
1787 4453 1928 4507 αὐτὰ

2105 4445 2259 4513 Quod
2279 4446 2344 4502 ad
2364 4452 2570 4501 sextam
2598 4441 2810 4510 horam,
2827 4443 3016 4498 eodem
3042 4441 3204 4497 modo
3224 4450 3275 4497 et
3300 4441 3412 4512 ipsa
3433 4439 3614 4508 dispo-

339 4550 675 4618 τεταγμένα,
703 4548 863 4616 λόγον
900 4549 998 4618 μὲν
1025 4548 1211 4618 ἔχουσι
1238 4548 1340 4618 τὴν
1363 4545 1458 4601 τοῦ
1485 4545 1742 4616 Σωτῆρος
1771 4547 1927 4616 ἡμῶν

342 4645 398 4696 ἐν
443 4645 616 4715 ταύτῃ
649 4645 715 4714 τῇ
756 4640 879 4712 ὥρᾳ
912 4641 1293 4712 γεγενημένην
1322 4640 1674 4711 προσήλωσιν
1708 4638 1804 4692 ἐπὶ
1835 4636 1930 4692 τοῦ

345 4734 608 4806 σταυροῦ,
645 4735 734 4788 ναὶ
764 4733 829 4802 δὴ
862 4735 957 4788 καὶ
989 4735 1086 4796 τὰς
1119 4735 1177 4786 ὲν
1215 4732 1538 4803 μεσημὸρία
1561 4730 1654 4784 τοῦ
1691 4729 1930 4800 πονηροῦ

343 4830 440 4881 καὶ
476 4826 768 4881 ἐπιϐούλου
798 4829 896 4895 τῆς
926 4825 1070 4896 ζωῆς
1127 4825 1284 4896 ἡμῶν
1331 4826 1626 4892 ἐπιθέσεις,
1663 4824 1803 4894 τάχα
1843 4819 1934 4876 διὰ

347 4921 405 4973 τὸ
447 4919 748 4989 ἡσυχάζειν
774 4919 849 4984 ὡς
882 4919 950 4971 τά
1008 4917 1180 4970 πολλὰ
1225 4918 1352 4980 τοὺς
1403 4916 1727 4986 ἀνθρώπους
1758 4917 1813 4968 ὲν
1856 4913 1932 4985 τῷ

343 5013 522 5084 καιρῷ
547 5005 745 5081 τούτῳ,
794 5009 941 5065 καθὰ
970 5008 1108 5079 δῆτα
1159 5009 1254 5061 καὶ
1291 5009 1389 5072 τῆς
1427 5007 1620 5069 νυκτὸς
1646 5007 1746 5076 τῆς
1775 5008 1931 5060 ἀντι-

344 5107 606 5176 κειμένης
636 5103 924 5174 δυνάμεως
952 5101 1308 5173 ἐνεργούσης.
1336 5100 1475 5169 Πρὸς
1501 5099 1593 5153 οὖν
1621 5100 1721 5163 τάς
1751 5099 1932 5152 τοιαύ-

343 5216 440 5262 τας
462 5196 755 5260 ὑποθέσεις
781 5195 1000 5250 ἅπαντα
1031 5193 1201 5260 νεύει,
1232 5193 1327 5260 καὶ
1356 5194 1404 5245 ol
1433 5192 1640 5262 ψαλμοὶ
1662 5191 1730 5244 τὰ
1755 5193 1933 5249 οἰκεῖα

345 5292 626 5361 φέρουσινο
661 5317 735 5329 -
772 5289 826 5340 '0
863 5287 1030 5353 Θεὸς,
1078 5287 1148 5340 ἐν
1193 5285 1276 5352 τῷ
1320 5285 1573 5355 ὀνόματί
1619 5301 1736 5338 σου
1761 5299 1774 5314 ·
1814 5314 1876 5326 -
1904 5286 1933 5337 6

345 5384 559 5454 πρῶτος
587 5383 686 5454 μὲν
715 5382 796 5447 τὸ,
827 5381 1165 5450 Ἀλλότριοι
1192 5377 1636 5446 ἐπανέστησαν
1665 5376 1760 5429 ἐπ’
1797 5376 1926 5445 ἐμὲ,

343 5476 442 5530 καὶ
471 5475 742 5545 κραταιοὶ
774 5472 1076 5541 ἐζήτησαν
1102 5473 1218 5540 τὴν
1246 5469 1460 5541 ψυχήν
1484 5485 1627 5538 μου.
1658 5499 1727 5509 -
1757 5469 1932 5523 Ἐνώ-

344 5586 526 5636 τισαι,
569 5572 603 5623 ό
651 5569 820 5635 Θεός·
848 5595 918 5606 --
955 5570 983 5620 6
1020 5565 1271 5636 δεύτερος
1321 5567 1402 5629 τὸ,
1471 5560 1770 5631 Ἐσπέρας
1834 5561 1932 5614 καί

344 5657 514 5726 πρωῒ,
539 5659 634 5711 καὶ
659 5657 1036 5727 μεσημϐρίας
1059 5654 1445 5723 διηγήσομαι,
1470 5652 1567 5707 καὶ
1589 5649 1926 5722 ἀπαγγελῶ,

347 5751 444 5804 καὶ
475 5751 903 5806 εὶσαλιούσεταε
936 5746 1043 5817 τῆς
1070 5746 1280 5817 φωνῆς
1304 5765 1446 5818 μου,
1483 5747 1577 5824 uati
1620 5745 1701 5811 τὸ,
1729 5744 1931 5812 Ἐπίρ-

2035 4540 2139 4594 sita
2193 4542 2464 4594 rationem
2505 4537 2710 4592 habent
2769 4545 2825 4591 et
2881 4535 3220 4618 salvatorem
3258 4542 3508 4588 nostrum
3556 4535 3609 4586 in

2036 4646 2200 4687 cruce
2231 4633 2334 4688 hac
2374 4632 2505 4686 hora
2532 4631 2698 4685 tlxum
2723 4640 2780 4685 et
2808 4640 2955 4686 certe
2989 4627 3318 4683 tentationes
3345 4627 3492 4693 mali,
3529 4626 3610 4681 in-

2037 4725 2425 4795 sidiatorisque
2467 4724 2589 4778 vitae
2622 4732 2823 4779 nostra:
2855 4721 3209 4786 meridianas,
3238 4720 3466 4776 fortasse
3487 4719 3610 4789 quia

2038 4832 2168 4878 tunc
2229 4821 2492 4890 temporis
2545 4820 2866 4890 plerumque
2914 4819 3207 4890 quiescunt
3255 4819 3501 4872 homines
3532 4818 3610 4869 tui

2038 4923 2184 4969 certe
2217 4913 2327 4984 agit
2364 4912 2586 4967 inimica
2630 4913 2806 4966 noctis
2843 4921 3104 4981 potestas.
3138 4911 3218 4975 Ad
3263 4909 3403 4963 hanc
3445 4908 3612 4973 igitur

2039 5004 2199 5058 talem
2244 5001 2524 5056 materiam
2558 5001 2740 5055 omnia
2798 5009 3048 5070 vergunt,
3077 5008 3126 5053 et
3155 4997 3348 5067 psalmi
3393 4996 3608 5065 propria

2036 5093 2238 5148 ferunt.
2269 5121 2336 5132 -
2360 5091 2524 5156 Deus,
2550 5091 2605 5144 in
2629 5089 2838 5144 nomine
2887 5077 3000 5142 tuo.
3033 5117 3102 5128 —
3137 5087 3355 5140 Primus
3386 5085 3609 5151 quidem

2036 5188 2181 5242 hoc:
2218 5185 2390 5249 Alieni
2423 5187 2820 5248 insurrexerunt
2867 5181 3146 5235 aduersum
3194 5194 3295 5243 me,
3346 5187 3396 5232 et
3446 5178 3612 5240 fortes.

2035 5279 2361 5350 qumsierunt
2387 5278 2619 5331 animam
2642 5291 2831 5329 meam.
2861 5302 2930 5313 —
2958 5271 3193 5334 Exaudi,
3229 5269 3390 5323 Deus.
3410 5299 3478 5308 —
3510 5269 3607 5322 Se-

2037 5373 2249 5426 cundus
2277 5370 2406 5424 illud
2434 5386 2448 5422 :
2491 5369 2713 5435 Vespere
2735 5378 2782 5420 et
2815 5382 2968 5419 mane
2995 5373 3042 5418 et
3062 5363 3279 5416 meridie
3301 5360 3532 5414 narrabo
3559 5371 3610 5413 et-

2037 5463 2385 5527 annuntiabo,
2404 5470 2452 5514 et
2480 5460 2725 5514 exaudiet
2749 5473 2923 5511 uocem
2943 5471 3134 5515 meam,
3161 5463 3215 5509 et
3239 5457 3404 5508 hocce
3428 5467 3440 5504 :
3468 5451 3613 5506 Siste

2037 5573 2194 5626 super
2215 5555 2496 5608 Dominum
2519 5567 2704 5604 curam
2741 5560 2912 5612 tuam,
2931 5560 2977 5600 et
3005 5550 3114 5616 ipse
3136 5557 3184 5600 te
3210 5546 3460 5610 enutriet,
3483 5560 3606 5597 nam

2037 5660 2160 5704 ante
2189 5647 2393 5702 cibum.
2427 5674 2493 5688 -—
2542 5641 2648 5709 Qui
2704 5641 2909 5694 habitat
2977 5640 3030 5692 in
3084 5637 3373 5705 adjutorio.
3408 5665 3474 5674 -—
3502 5635 3608 5702 Qui

2036 5754 2164 5796 vero
2189 5749 2437 5808 supereSt
2481 5741 2534 5797 ct
2568 5732 2614 5787 is
2641 5731 2836 5794 tertius
2862 5729 2991 5784 illul
3027 5751 3036 5783 :
3076 5727 3186 5781 Non
3227 5727 3432 5780 timebis
3469 5741 3501 5778 a
3538 5726 3606 5777 ti.-
