3956 6200
296 287 434 352 1183

1742 280 2127 345 ADDENDA.
2221 287 2232 293 ’

3425 285 3564 350 “Si

289 423 437 461 more
464 415 746 468 nocturno,
815 405 877 457 ab
911 403 1126 456 incursu
1173 411 1220 456 et
1251 399 1515 455 da’monio
1549 399 1864 453 meridiano.

1985 401 2154 470 όιψον
2175 399 2270 453 ἐπὶ
2304 399 2528 468 Κύριον
2571 398 2685 468 τὴν
2715 400 3016 471 μέριμνάν
3042 417 3184 469 σου,
3236 401 3337 458 καὶ
3371 405 3565 457 αὐτός

291 501 358 554 ΕΙ.
387 514 512 554 vero
568 499 890 567 corypbaaus
922 495 1111 550 l‘etrus
1162 494 1215 548 in
1265 499 1433 564 Joppc
1480 492 1601 546 talis
1640 490 1870 561 praebuit

287 593 554 648 orationis
609 591 944 660 exetnplum.
981 589 1227 643 Ascendit
1275 589 1441 650 enim,
1488 586 1585 650 ait,
1627 587 1681 638 in
1713 600 1869 655 supe-

292 685 436 738 riora
472 694 526 736 ut
575 694 753 737 oraret
813 683 955 736 circa
996 684 1183 736 horum
1216 693 1442 746 sextam,
1489 679 1708 749 quando
1748 686 1865 732 stu-

290 777 522 846 pendam
549 777 696 830 illam
725 775 990 832 visionem
1014 775 1170 830 vidit.

1970 509 2043 546 σε
2072 491 2398 561 διαορέψει.
2433 493 2546 563 Πρὸ
2575 494 2672 564 τῆς
2703 495 2908 565 τροφῆς
2929 495 3039 567 γὰρ
3066 525 3136 536 —-
3179 495 3234 548 Ὀ
3263 495 3566 550 κατοικῶν

1969 585 2038 638 ἐν
2057 585 2434 653 ,βοηθείᾳ--ό
2469 586 2525 638 δὲ
2560 587 2747 648 λοιπός
2778 588 2875 640 καὶ
2915 589 3096 659 τρίτος
3131 589 3213 654 τὸ,
3259 592 3343 643 Οὐ
3375 591 3564 658 5906:3-

1970 675 2132 745 θήσῃ
2165 677 2284 731 ἀπὸ
2313 681 2504 748 φόϐου
2551 679 2931 748 νυκτερινοῦ,
2965 681 3084 734 ἀπὸ
3115 683 3564 752 συμπτώματος

1969 768 2071 820 καί
2106 768 2421 838 δαιμονίου
2456 773 2892 841 μεσημϐρινοῦ.
2949 773 3061 826 Καὶ
3105 774 3133 826 ό
3172 776 3468 842 κορυφαῖος
3507 772 3567 824 δὲ

295 872 501 941 Πέτρος
524 877 580 925 ἐν
607 874 672 941 τῇ
702 871 896 941 Ἰόππῃ
920 872 1018 941 τῆς
1037 870 1293 940 τοιαύτης
1316 865 1629 932 ὑπόδειγμα
1649 861 1984 932 προσευχῆςο
2009 859 2224 932 Ἀνέϐη
2266 865 2401 933 γὰρ,
2473 867 2661 934 φηδὶν,

2745 864 2843 919 ἐπὶ
2887 865 2953 920 τὸ
2991 863 3156 935 δῶμα
3223 869 3567 937 προσεύξα·

285 971 429 1022 σθαι
477 965 612 1036 περὶ
664 965 826 1033 ὥραν
879 962 1090 1030 ἕκτην,
1148 963 1236 1015 ὅτε
1268 961 1362 1014 καὶ
1396 959 1494 1028 τὴν
1524 952 1853 1024 θαυμαστὴν
1891 950 2110 1024 ἐκείνην
2141 953 2388 1026 ἑώρακεν
2416 954 2703 1012 ὀπτασίαν.

644 1063 721 1119 De
771 1062 1110 1117 sanctissima
1148 1058 1518 1112 Eucharistia.

359 1163 514 1216 Circa
555 1157 767 1230 prandii
812 1159 999 1212 horam
1033 1168 1256 1207 oramus
1288 1152 1534 1206 oratione
1563 1149 1871 1216 Dominica,

292 1258 417 1325 quia
458 1257 510 1308 in
559 1269 618 1307 ea
656 1251 856 1306 dicitur
889 1267 902 1303 :
939 1249 1139 1303 Panem
1180 1258 1419 1301 nostrum
1464 1244 1876 1314 supersubstan-

290 1349 472 1404 tialem
503 1349 570 1400 da
613 1345 762 1401 nobis
793 1344 968 1398 hodie.
1004 1343 1226 1397 Stantes
1252 1356 1379 1396 vero
1417 1348 1469 1394 et
1520 1338 1711 1407 gratiis
1736 1334 1875 1390 actis

289 1444 454 1497 ritum
482 1442 714 1496 facimus
756 1440 876 1509 ejus
915 1453 1037 1507 quae
1082 1435 1284 1489 dicitur
1340 1431 1700 1486 Sanctissima
1727 1429 1871 1481 hunc

290 1537 345 1590 in
375 1534 616 1589 modum.
648 1533 782 1587 Cum
817 1529 961 1585 enim
994 1530 1093 1582 hoc
1129 1528 1179 1580 in
1218 1536 1459 1593 tempore
1492 1523 1724 1592 primum
1777 1519 1874 1573 ab-

291 1628 596 1680 solveretur
626 1642 653 1679 a
688 1624 900 1680 sanctis
939 1620 1204 1690 apostolis
1234 1620 1463 1690 mystica
1492 1617 1712 1682 liturgia
1751 1628 1872 1667 cor-

291 1720 439 1788 puris
468 1727 520 1772 et
552 1717 837 1786 sanguinis
874 1715 1110 1778 Domini,
1137 1712 1355 1782 qualem
1409 1725 1439 1763 a
1466 1709 1745 1762 Salvatore
1770 1720 1872 1758 no-

292 1821 405 1864 stro
437 1812 488 1863 in
519 1809 785 1877 principio
817 1818 1147 1876 acceperunt
1184 1821 1198 1860 :
1229 1819 1350 1858 nam
1385 1802 1473 1856 hic
1520 1808 1641 1870 post
1714 1791 1872 1866 prauo

287 1900 442 1952 dium
499 1899 612 1952 lucc
667 1911 822 1952 sacra
857 1895 1115 1965 mysteria
1165 1893 1432 1946 tradidit:
1478 1896 1572 1944 sed
1615 1891 1875 1944 oratoriis

287 1989 400 2055 jam
431 1987 482 2040 in
509 1985 658 2040 omni
690 1971 833 2038 terra
857 1982 1076 2047 erectis,
1109 1992 1159 2034 et
1199 1980 1439 2033 ltdelium
1471 1977 1713 2032 Ecclesia
1752 1993 1876 2032 mox

294 2077 614 2141 constituta,
653 2075 942 2144 oportebat
975 2087 1109 2126 sane
1148 2081 1202 2125 et
1234 2071 1321 2123 illa
1351 2070 1706 2123 reverentiori
1750 2084 1876 2123 san-

293 2173 562 2240 ctioriqne
617 2174 780 2223 modo
831 2166 1048 2223 conﬁci.
1093 2166 1268 2219 Locus
1304 2179 1430 2218 vero
1489 2162 1597 2216 illis
1629 2161 1877 2230 seligitur

294 2264 714 2320 decentissimus
757 2262 809 2315 in
859 2260 1140 2322 oratoriis,
1176 2267 1228 2312 et
1263 2256 1498 2310 maxime
1550 2262 1788 2309 secretus
1823 2258 1878 2307 et

295 2359 456 2428 vulgo
484 2355 802 2426 impervius.
838 2353 1076 2422 Tempus
1107 2362 1316 2415 autem,
1378 2359 1504 2404 ante
1562 2346 1875 2417 prandium,

294 2450 422 2502 dum
476 2447 652 2518 jejuni
715 2455 845 2501 sunt
906 2444 998 2512 qui
1061 2443 1360 2513 conﬁciunt
1427 2456 1614 2510 preces
1667 2452 1876 2506 postea,

295 2551 349 2593 et
375 2549 570 2594 cantus
607 2540 748 2593 sacri
780 2553 934 2592 suam
974 2547 1259 2592 servantes
1323 2535 1552 2602 quisque
1604 2531 1876 2600 propriam

298 2625 592 2688 rationem.
620 2630 716 2685 llis
741 2631 906 2700 igitur
957 2629 1026 2683 ita
1063 2626 1403 2695 compositis,
1461 2625 1662 2692 Deique
1711 2623 1879 2677 Matre

295 2737 351 2780 et
388 2725 612 2778 Domina
646 2733 853 2786 nostra,
899 2720 967 2797 ad
998 2720 1192 2773 Fllllllll
1225 2729 1276 2773 et
1305 2717 1594 2770 Dominum
1631 2717 1744 2784 ipsa
1767 2715 1878 2784 jam

298 2824 601 2884 assumpta,
633 2814 808 2870 visum
864 2822 951 2868 est
1001 2811 1207 2866 sanctis
1241 2809 1525 2880 apostolis,
1577 2809 1630 2860 in
1685 2810 1878 2859 horum

297 2913 440 2974 loco,
465 2911 694 2965 alterum
728 2922 921 2978 panem
960 2905 1053 2959 Dei
1108 2905 1267 2958 matri
1320 2899 1608 2967 reservari,
1653 2908 1706 2954 et
1738 2900 1882 2953 hunc

301 3008 356 3059 in
388 3003 531 3074 ejus,
563 3011 621 3057 ut
648 3002 734 3056 illa
771 3003 823 3054 in
866 2999 1104 3063 Domini,
1145 2996 1430 3059 memoria,
1465 2992 1635 3047 dicari
1659 2990 1882 3060 partici-

301 3097 549 3178 parique.
582 3094 808 3151 Secatur
843 3095 1008 3165 igitur
1039 3095 1090 3146 in
1127 3092 1300 3144 ieiuna
1336 3086 1614 3158 trianguli,
1645 3085 1879 3155 pyrami-
1910 3117 1952 3173 c

296 3176 474 3244 dalem
506 3190 561 3244 in
596 3190 833 3254 speciem
868 3202 926 3242 se
953 3185 1225 3246 attollens,
1258 3194 1311 3236 ct
1364 3188 1670 3234 reservatus
1701 3176 1883 3229 eleva-

299 3295 388 3342 tur
420 3283 488 3337 ab
519 3299 583 3336 eo
605 3284 688 3336 cui
719 3297 804 3336 res
837 3280 1128 3345 incumbit,
1168 3293 1304 3331 voce
1347 3290 1542 3344 magna
1585 3272 1881 3332 clamante,

299 3404 362 3416 -—
400 3374 650 3444 Magnum
682 3388 890 3424 nomen.
927 3399 993 3409 —-—
1023 3370 1088 3422 Et
1116 3383 1215 3421 nos
1247 3366 1292 3420 ci
1329 3362 1726 3434 respondemus
1755 3379 1768 3414 :
1813 3387 1883 3397 —

301 3469 518 3530 Sancta:
552 3464 858 3518 Trinitatis.
902 3492 968 3502 —
1016 3461 1223 3515 Rursus
1255 3460 1341 3511 ille
1370 3477 1382 3512 :
1435 3487 1503 3496 —
1530 3454 1881 3508 Sauctissiuta

301 3561 479 3614 Mater
515 3558 632 3624 Dei,
667 3557 867 3626 adjuva
894 3571 986 3608 nos
1011 3571 1031 3619 ;
1060 3585 1124 3596 —
1149 3563 1203 3606 et
1234 3567 1333 3605 nos
1377 3567 1391 3605 :
1425 3579 1494 3588 —
1537 3548 1666 3615 Ejus
1698 3546 1880 3616 prwsi-

296 3657 389 3718 dio
422 3653 558 3708 Deus
606 3653 920 3705 misereatur
964 3646 1154 3699 nostri.
1176 3674 1235 3683 —
1268 3643 1328 3694 Et
1357 3657 1421 3695 ex
1477 3640 1668 3694 ordine
1700 3649 1883 3706 tropa-

303 3750 382 3802 ria
413 3747 570 3801 Matri
601 3745 716 3810 Dei,
757 3755 811 3797 et
836 3740 1130 3808 Trisagion
1170 3737 1222 3790 in
1255 3735 1458 3805 quibus
1488 3732 1881 3802 participamus

302 3841 452 3894 hunc
502 3851 722 3892 semitm
774 3847 996 3902 panem.
1039 3829 1104 3883 Et
1139 3829 1220 3883 sic
1261 3829 1579 3882 liberamur.
1623 3823 1689 3878 Et
1742 3824 1882 3878 hanc

302 3929 712 3986 observantiam
748 3924 1158 3980 intermittimus
1208 3921 1259 3976 in
1317 3920 1577 3991 praeclara
1617 3918 1884 3973 Resurre-

301 4020 499 4077 etionis
543 4017 843 4074 Dominicae
871 4016 980 4072 die.
1029 4015 1184 4069 Tunc
1221 4015 1366 4068 enim
1405 4012 1648 4068 elevatus
1699 4010 1881 4082 panis,

301 4125 403 4164 nec
437 4117 636 4163 cantus
664 4107 821 4162 Matri
877 4106 972 4160 Dei
998 4105 1183 4171 habet,
1215 4119 1339 4158 nam
1375 4104 1512 4160 sola
1537 4102 1626 4157 hic
1656 4101 1880 4159 omnino

297 4202 646 4259 celebrantur
674 4213 798 4269 quae
844 4197 910 4252 de
937 4194 1169 4251 Domino
1200 4203 1326 4249 sunt
1353 4211 1368 4261 ;
1399 4209 1499 4250 nec
1533 4201 1717 4248 tamen
1752 4208 1882 4263 par-

301 4296 560 4364 ticipatur
588 4308 618 4346 a
648 4291 887 4363 pransis,
926 4289 1053 4357 quia
1111 4287 1286 4359 ipsius
1335 4285 1551 4340 Domini
1590 4287 1881 4357 imaginem

298 4371 506 4444 ser'vat.
539 4384 671 4441 Inde
710 4392 764 4439 et
809 4390 1062 4439 servatus
1110 4395 1208 4451 per
1261 4388 1426 4434 totam
1463 4378 1879 4448 hebdomadam,

2420 1055 2555 1120 Περὶ
2606 1053 2717 1120 τῆς
2771 1053 3098 1123 [Iura-flag.

2051 1143 2206 1197 Κατὰ
2231 1144 2287 1197 δέ
2331 1161 2393 1212 γε
2428 1144 2526 1214 τὴν
2560 1144 2655 1197 τοῦ
2686 1145 2911 1215 ἀρίστου
2950 1145 3100 1216 ὥραν
3140 1147 3563 1217 προσευχόμεθα

1978 1237 2078 1320 μὲν
2131 1236 2228 1309 τὴν
2263 1240 2605 1308 Δεσποτικὴν
2649 1242 2983 1311 προσευχὴν,
3043 1240 3132 1296 διὰ
3185 1241 3247 1293 τὸ
3301 1244 3359 1295 ἐν
3418 1244 3564 1314 αὐτῇ

1975 1331 2254 1400 λέγεσθαι,
2293 1332 2404 1386 Τὸν
2457 1332 2642 1402 ἄρτον
2701 1332 2876 1403 ἡμῶν
2941 1334 3050 1388 τὸν
3097 1335 3413 1391 ἐπιούσιον
3453 1336 3565 1400 δὸς

1983 1423 2129 1492 ἡμῖν
2163 1423 2435 1492 σήμερον
2460 1441 2474 1456 ·
2524 1426 2858 1490 ἀναστάντες
2911 1427 2968 1480 δὲ
3003 1431 3096 1482 καὶ
3126 1429 3568 1499 εὐχαριστήσαν-

1979 1530 2094 1580 τες,
2129 1513 2229 1583 τὴν
2273 1514 2373 1584 τῆς
2404 1515 2704 1585 γενομένης
2733 1517 3015 1585 Παναγίας
3046 1517 3263 1590 τελετὴν
3294 1519 3568 1588 ποιοῦμεν

1981 1606 2129 1660 τόνδε
2184 1607 2277 1661 τὸν
2323 1611 2548 1678 τρόπον.
2590 1609 2814 1680 Ἐπειδὴ
2846 1610 2953 1682 γὰρ
2986 1611 3044 1662 ὲν
3068 1611 3141 1682 τῷ
3171 1612 3345 1683 καιρῷ
3383 1612 3570 1684 τούτῳ

1983 1699 2250 1771 πρότερον
2291 1699 2532 1752 ἐτελεῖτο
2565 1703 2678 1762 τοῖς
2714 1701 2884 1770 ἱεροῖς
2923 1702 3248 1766 ἀποστόλοις
3284 1705 3317 1773 ή
3369 1719 3571 1772 μυστι-

1980 1791 2048 1872 κ¹η
2105 1791 2423 1861 λειτουργία
2474 1790 2567 1846 τοῦ
2622 1792 2958 1848 Δεσποτικοῦ
3025 1794 3279 1865 σώματός
3347 1813 3406 1848 τε
3465 1797 3569 1848 καὶ

1980 1885 2232 1953 αἵματος,
2267 1884 2416 1939 οὓτω
2452 1887 2603 1958 παρὰ
2639 1887 2734 1940 τοῦ
2775 1888 3028 1958 Σωτῆρος
3058 1888 3218 1959 ἡμῶν
3250 1890 3350 1960 τὴν
3379 1889 3566 1959 ἀρχὴν

1981 1976 2254 2047 εἰληφόσι*
2298 1980 2438 2048 μετά
2479 1981 2587 2050 γὰρ
2640 1981 2731 2034 τὸν
2785 1979 3002 2036 δεῖπνον
3057 1982 3267 2044 ἐκεῖνος
3307 1981 3374 2035 τά
3434 1981 3561 2034 θεῖα

1978 2070 2152 2123 ταῦτα
2184 2071 2465 2142 μυστήρια
2497 2071 2812 2143 παρεδίδου,
2846 2072 2957 2126 τῶν
3003 2073 3318 2145 εὐκτηρίων
3350 2074 3408 2126 δὲ
3439 2075 3572 2127 ἀνε-

1979 2163 2342 2234 γηγερμένων
2373 2163 2475 2234 ἤδη
2517 2163 2666 2219 κατὰ
2721 2166 2903 2219 πᾶσαν
2949 2166 3048 2237 τὴν
3084 2168 3436 2236 οἰκουμένην,
3470 2168 3571 2220 καὶ

1978 2257 2076 2324 τῆς
2107 2256 2216 2310 τῶν
2260 2256 2472 2310 πιστῶν
2510 2257 2846 2327 Ἐκκλησίας
2876 2258 2935 2310 ὲν
2971 2257 3164 2330 βραχεῖ
3189 2260 3567 2330 συνεστώσης⁹

1979 2349 2088 2403 ἔδει
2117 2350 2296 2420 δήπου
2327 2350 2424 2403 καὶ
2457 2349 2634 2404 ταῦτα
2668 2349 2994 2420 σεμνότερόν
3026 2367 3085 2402 τε
3135 2352 3228 2404 καὶ
3256 2351 3570 2422 ἀγιώτερον

1980 2443 2364 2498 ἐκτελεῖσθαιο
2433 2443 2602 2507 τόπος
2661 2443 2764 2512 μὲν
2819 2443 3002 2506 αὐτοῖς
3056 2443 3354 2508 ἐξείλεκται
3417 2444 3570 2514 μάλα

1982 2535 2280 2606 πρεπώδης
2333 2535 2443 2590 τῶν
2484 2537 2795 2608 εὐκτηρίων
2852 2537 2984 2590 αὐτὸ
3033 2538 3094 2590 τὸ
3152 2537 3432 2590 ὲνδότατον
3464 2537 3566 2592 καὶ

1982 2631 2173 2684 ἄδυτον
2204 2631 2318 2692 τοῖς
2360 2630 2578 2692 πολλοῖς
2606 2646 2619 2660 ο
2655 2630 2852 2700 χρόνος
2882 2630 2938 2684 δὲ
2980 2631 3008 2682 ὁ
3048 2631 3153 2701 πρὸ
3181 2629 3274 2683 τοῦ
3306 2631 3565 2700 ἀρίστου,

1982 2725 2188 2791 τροφῆς
2221 2723 2504 2789 ἀγεύστων
2542 2722 2713 2774 ὄντων
2750 2740 2860 2776 των
2892 2723 3238 2793 τελουμένων
3259 2763 3272 2784 ,
3304 2723 3461 2792 εὐχαί
3504 2739 3567 2774 τε

1983 2814 2070 2865 ἐπ’
2108 2811 2290 2875 αὐτοῖς
2317 2815 2410 2864 καὶ
2440 2814 2542 2884 ᾷσμ
2556 2831 2660 2865 ατα
2692 2814 2840 2883 ἱερὰ,
2869 2813 2960 2866 τὸν
2992 2815 3124 2867 ῐδιον
3157 2814 3387 2867 ἕκαστον
3417 2817 3568 2866 ἀπο-

1986 2903 2229 2968 σῠιζοντα
2273 2903 2455 2971 λόγον.
2500 2905 2761 2958 Ἐκείνων
2809 2906 2995 2959 τοίνυν
3044 2905 3190 2960 οὕτω
3233 2907 3566 2976 μετατεθέν-

1983 3013 2115 3062 των,
2144 2996 2244 3065 τῆς
2282 3012 2340 3048 τε
2391 2995 2740 3068 Θεομήτορος
2791 2998 2884 3051 καὶ
2938 2997 3236 3070 Δεσποίνης
3263 2999 3415 3070 ἡμῶν
3460 3017 3570 3069 με-

1985 3090 2266 3160 ταστάσης
2311 3088 2411 3160 ἤδη
2442 3092 2534 3143 καὶ
2563 3091 2733 3159 αὐτῆς
2770 3091 2906 3160 πρὸς
2935 3092 3028 3144 τὸν
3074 3091 3201 3145 Υίδν
3230 3094 3324 3144 καὶ
3359 3092 3570 3145 Δεσπόο

1986 3199 2108 3248 την,
2155 3181 2300 3246 ἔδοξε
2350 3183 2462 3244 τοῖς
2512 3185 2677 3251 ἱεροῖς
2729 3183 3056 3248 ἀποστόλοις
3090 3186 3171 3248 είς
3220 3185 3311 3238 τὸν
3339 3185 3570 3238 ἐκείνων

1986 3276 2150 3328 τόπον
2212 3275 2402 3344 ἕτερον
2461 3274 2625 3344 ἄρτον
2682 3273 3018 3344 ἐξαιρεῖσθαι
3072 3279 3137 3347 τῇ
3208 3275 3297 3330 τοῦ
3358 3277 3569 3348 Κυρίου

1986 3367 2195 3437 Μητρὶ,
2230 3367 2322 3419 καὶ
2353 3367 2430 3429 εἰς
2456 3366 2765 3436 ἀνάμνησιν
2796 3367 2991 3435 αὐτῆς,
3023 3367 3214 3436 ὥσπερ
3242 3369 3429 3422 ἐκεῖνα
3465 3370 3570 3439 τὴν

1957 3443 2079 3512 ’τοῦ
2113 3461 2410 3520 Δεσπότου,
2449 3446 2990 3512 τοῦτονάνατιθέναι
3039 3477 3100 3512 τε
3140 3462 3235 3513 καὶ
3289 3463 3573 3532 μεταλαμ-

1987 3553 2197 3606 ϐάνειν.
2237 3551 2513 3620 Τέμνεται
2568 3551 2663 3604 οὖν
2704 3552 2761 3605 ἐν
2807 3553 3060 3624 τριγώνῳ
3087 3552 3162 3623 τῷ
3191 3554 3428 3624 σχήματι
3461 3573 3570 3613 πυ-

1990 3644 2297 3714 ραμοειδῶς
2371 3645 2802 3714 κορυφοὺμενος,
2863 3646 2958 3698 καὶ
3020 3645 3273 3717 ἐξαρθεὶς
3330 3648 3569 3717 ἀνυψοῦ-

1985 3753 2073 3788 ται
2133 3736 2285 3806 παρά
2320 3734 2415 3788 τοῦ
2452 3737 2532 3799 εἰς
2571 3734 2730 3788 τοῦτο
2786 3738 3122 3806 τεταγμένου
3163 3739 3391 3809 βοῶντος
3425 3739 3576 3809 λαμ-

1989 3833 2104 3902 πρᾷ
2159 3833 2223 3901 τῇ
2283 3831 2460 3901 φωνῇ,
2500 3829 2756 3898 -Μέγα
2805 3829 2872 3884 τὸ
2923 3829 3133 3901 ὄνομα.
3163 3834 3366 3886 -Καὶ
3409 3835 3574 3904 ἡμεῖς

1987 3921 2385 3993 ὑποφωνοῦμεν
2413 3919 2584 3990 αὐτῷ,
2623 3949 2690 3957 -
2726 3920 2843 3988 Τῆς
2869 3920 3044 3989 ἁγίας
3078 3920 3340 3988 Τριάδος.
3372 3953 3441 3963 -
3467 3918 3575 3976 Αὖ-

1987 4017 2070 4081 θις
2097 4017 2329 4082 ἐκεῖνος,
2360 4045 2431 4055 -
2451 4010 2724 4084 Παγαγία
2764 4015 3040 4081 Θεοτόκε,
3063 4015 3280 4083 βοήθει
3307 4016 3477 4086 ἡμῖν,
3505 4047 3580 4059 --

1985 4111 2084 4164 καὶ
2115 4110 2296 4180 ἡμεῖς,
2337 4105 2620 4175 -Αὺτῆς
2651 4106 3023 4175 πρεσϐείαις,
3058 4111 3093 4162 ὀ
3120 4110 3284 4175 θεὸς,
3310 4109 3579 4178 ἐλέησον

1986 4201 2168 4270 ἡμᾶς.
2200 4230 2267 4242 ——
2293 4199 2405 4254 Kal
2437 4198 2564 4268 ἑξῆς
2622 4197 2905 4270 τροπάριά
2959 4217 3020 4252 τε
3072 4201 3142 4271 τῇ
3174 4199 3446 4270 θεοτόκῳ,
3475 4203 3578 4254 καὶ

1985 4295 2079 4348 τὸν
2117 4292 2416 4364 Τρισὰγιον
2463 4290 2655 4361 ὕμνον,
2686 4291 2745 4345 ὲν
2795 4284 2879 4354 οἷς
2918 4292 3028 4346 ’καὶ
3073 4291 3580 4363 μεταλαμϐάνομεν

1985 4384 2080 4440 τοῦ
2123 4385 2272 4456 ἱεροῦ
2320 4382 2510 4437 τούτου
2557 4382 2747 4454 ἄρτου.
2806 4384 2918 4436 Καὶ
2967 4384 3144 4448 οὕτως
3189 4385 3575 4456 ἀπολυόμεθα.

298 4488 355 4537 et
419 4478 664 4548 quotidie
714 4476 979 4542 elevatus,
1027 4474 1154 4542 quia
1210 4488 1312 4526 nos
1368 4486 1562 4526 omnes
1618 4470 1717 4525 bas
1768 4471 1878 4528 dies

1993 4480 2102 4533 Καὶ
2134 4455 2343 4548 ταύτην
2382 4476 2438 4530 δὲ
2477 4474 2877 4546 ὲναλλάττομεν
2901 4475 3002 4546 τὴν
3035 4476 3381 4542 ἀκολουθίαν,
3407 4455 3580 4532 κατά

299 4572 458 4643 quasi
498 4585 662 4625 unam
714 4567 994 4638 ponimus,
1048 4567 1240 4619 ultima
1300 4571 1426 4619 ante
1487 4563 1668 4618 cibum
1723 4579 1879 4621 reve-

299 4678 486 4730 renter
527 4663 808 4718 dividitur.
845 4662 941 4728 Ita,
977 4675 1098 4729 qua:
1117 4659 1183 4712 de
1215 4657 1590 4715 Sanctissima.

1989 4571 2088 4643 τὴν
2141 4569 2405 4640 λαμπρὰν
2460 4569 2676 4640 ἡμέραν
2733 4569 2835 4639 τῆς
2874 4570 3166 4640 Κυριακῆς
3197 4571 3574 4636 ἀναστάσεως.

2001 4667 2062 4719 '0
2111 4665 2219 4734 γὰρ
2260 4664 2380 4716 τότε
2415 4662 2791 4732 ἀνυψουμενος
2823 4663 2989 4733 ἄρτος
3036 4663 3159 4718 οὔτε
3191 4665 3262 4719 τὰ
3306 4664 3405 4733 τῆς
3437 4664 3573 4719 Θεο-

297 4761 460 4819 τόκου
498 4755 894 4830 προσᾳδόμενα
953 4753 1118 4823 ἴσχει,
1165 4749 1304 4820 μόνα
1345 4751 1454 4823 γὰρ
1486 4751 1674 4823 ᾄδεται
1729 4763 2037 4829 τηνικαῦτα
2074 4759 2164 4815 διὰ
2219 4758 2440 4813 πάντων
2472 4748 2547 4810 τὸί
2592 4755 2688 4810 τοῦ
2761 4755 3060 4824 Δεσπότου,
3114 4756 3243 4811 οὔτε
3307 4757 3417 4828 μὴν
3473 4775 3571 4826 με-

298 4856 709 4929 ταλαμὸἀνεται
757 4855 869 4916 τοῖς
923 4850 1276 4920 ἢριστηκόσι,
1309 4849 1400 4903 διὰ
1433 4851 1491 4903 τὸ
1523 4853 1710 4908 εἰκόνα
1782 4856 1982 4922 σώζειν
2045 4854 2216 4912 αὑτοῦ
2297 4853 2391 4908 τοῦ
2445 4855 2677 4922 Κυρίου.
2745 4851 2940 4906 Ἔνθεν
3010 4853 3106 4908 καὶ
3163 4854 3570 4927 φυλαττόμενος

299 4953 481 5019 πᾶσαν
515 4951 616 5020 τὴν
663 4945 961 5016 ἑϐδομάδα,
1009 4945 1105 4997 καὶ
1162 4942 1543 5012 ἀνυψούμενος
1607 4946 1731 5001 καθ’
1807 4950 2071 5020 ἑκάστην,
2136 4948 2228 5002 διὰ
2280 4946 2341 5001 τὸ
2401 4945 2477 5008 ὡς
2524 4945 2654 5014 μίαν
2714 4945 2862 5015 ἡμᾶς
2936 4943 3035 5008 τὰς
3084 4945 3297 5016 ἡμέρας
3369 4943 3577 5030 ταύτας

299 5050 532 5117 τιθέναι,
568 5050 636 5118 τῇ
673 5045 964 5113 τελευταίᾳ
1001 5043 1107 5113 πρὸ
1143 5045 1242 5114 τῆς
1297 5043 1505 5114 τροφῆς
1555 5044 1896 5110 μεταδίδοται
1927 5045 2263 5117 σεϐασμίως,
2291 5042 2435 5096 οὕτω
2469 5042 2562 5093 καὶ
2601 5040 2670 5094 τὰ
2703 5040 2802 5109 τῆς
2836 5038 3144 5108 Παναγίας.

871 5136 944 5191 De
977 5137 1112 5197 hora
1156 5151 1320 5191 nona.

382 5239 534 5294 Nona
575 5237 714 5290 bora
755 5247 949 5288 rursus
975 5227 1316 5299 congregati,
1358 5227 1504 5298 quod
1537 5238 1590 5282 et
1633 5232 1699 5281 ab
1751 5244 1886 5298 apo--

301 5331 457 5400 stolis
513 5326 845 5396 accepimus,
901 5320 1098 5376 Petrus
1151 5319 1321 5382 enim,
1371 5321 1468 5383 ait,
1528 5328 1582 5373 et
1651 5319 1888 5374 Joannes

301 5422 674 5491 ascendebant
719 5419 772 5472 in
826 5417 1087 5486 templum
1134 5415 1267 5468 liora
1317 5413 1584 5469 orationis
1639 5430 1800 5482 nona,
1837 5424 1890 5470 ct

301 5534 407 5581 una
433 5513 622 5568 mortis
646 5510 856 5566 Domini
882 5510 935 5563 in
963 5507 1278 5561 memoriam
1307 5515 1536 5569 euntes;
1571 5504 1729 5558 Circa
1751 5509 1887 5560 enim

300 5607 482 5665 (teram
539 5617 752 5660 nonam,
804 5598 905 5663 ait,
962 5598 1178 5650 tradidit
1232 5597 1503 5664 spiritum,
1543 5607 1596 5650 et
1647 5597 1887 5666 psalmos

302 5709 588 5753 cantamus
621 5694 808 5747 eodem
856 5706 963 5758 quo
1006 5691 1058 5742 in
1100 5689 1220 5742 aliis
1258 5689 1408 5743 horis
1447 5691 1627 5754 modo,
1679 5700 1732 5745 et
1775 5708 1882 5747 cn:-

303 5803 414 5846 mm
450 5805 514 5852 ex
549 5787 752 5841 ordine.
792 5782 848 5836 ιιι
885 5782 1107 5853 psalmis
1137 5797 1281 5846 νει-ω,
1311 5783 1434 5851 quia
1467 5783 1577 5850 jam
1619 5788 1680 5838 ad
1719 5786 1881 5839 liuent

2363 5134 2503 5202 Περὶ
2559 5133 2669 5202 τῆς
2711 5133 2971 5199 ἐννάτης
3019 5130 3193 5200 ὥρας.

2058 5229 2170 5298 Τὴν
2213 5228 2270 5282 δὲ
2315 5227 2546 5297 ἐννάτην
2577 5224 2728 5296 ὥραν
2765 5225 3227 5293 ἐπισυναγόμενοι
3263 5221 3447 5285 πάλιν,
3478 5222 3578 5273 καὶ

1985 5324 2144 5377 τοῦτο
2178 5321 2331 5392 παρά
2371 5321 2481 5372 τῶν
2532 5320 2849 5374 ἀποστόλων
2890 5319 3131 5388 ἔχοντες,
3185 5317 3390 5389 Πέτρος
3435 5315 3572 5386 γὰρ,

1992 5418 2158 5490 φησι,
2188 5417 2281 5468 καὶ
2335 5414 2587 5484 Ἰωάννης
2621 5407 2926 5466 ἀνέϐαινον
2956 5415 3035 5475 εἰς
3067 5412 3128 5465 τὸ
3159 5405 3318 5482 ίερὸν’
3350 5409 3441 5464 ἐπὶ
3471 5409 3576 5477 τὴν

1991 5510 2141 5581 ὥραν
2190 5509 2289 5578 τῆς
2328 5507 2640 5576 προσευχῆς
2690 5507 2790 5574 τὴν
2843 5506 3112 5575 ὲννάτην,
3165 5505 3260 5557 καὶ
3311 5503 3427 5572 ἅμα
3473 5501 3572 5554 τοῦ

1989 5599 2328 5655 Δεσποτικοῦ
2362 5601 2595 5654 θανάτου
2631 5598 2766 5667 πρὸς
2801 5599 3025 5667 μνήμην
3063 5598 3257 5660 ἰόντες,
3294 5595 3430 5662 Περὶ
3460 5593 3573 5662 γὰρ

1989 5693 2102 5761 τὴν
2138 5692 2403 5758 ὲννάτην
2448 5689 2628 5758 ὥραν,
2675 5691 2826 5758 φησὶ,
2861 5688 3163 5756 παρέδωκε
3213 5689 3274 5742 τὸ
3310 5687 3575 5756 πνεῦμα,

1984 5786 2230 5856 ψαλμονός
2257 5803 2309 5837 τε
2340 5785 2538 5854 ᾄδομεν
2570 5783 2627 5835 ὃν
2665 5783 2862 5852 τρίῐπον
2889 5783 2982 5836 καὶ
3019 5785 3072 5837 ἐν
3107 5785 3220 5846 ταῖς
3249 5781 3453 5844 ἄλλαις,
3479 5788 3571 5831 καὶ
