3956 6200
381 313 521 381 1185

1264 318 1503 376 MARCI
1550 317 1919 378 EUGENICI
1962 315 2059 377 DE
2088 318 2328 381 OFFlC.
2362 320 2657 381 ECCLES.

3487 317 3622 382 1186

368 434 436 484 τὰ
484 429 649 483 λοιπὰ
700 427 1031 487 ἀκολούθως.
1065 428 1188 491 Τοῖς
1228 428 1283 481 δὲ
1312 428 1549 497 ψαλμοῖς
1584 430 1671 481 διὰ
1714 432 1773 482 τὸ
1805 429 1941 499 πρὸς

2079 432 2297 488 τοοοιὶίι
2331 433 2468 497 dies,
2499 434 2703 503 aliquid
2737 435 2966 489 consoni
3012 435 3175 489 inest.
3211 464 3274 475 --
3320 432 3493 499 Quam
3546 436 3627 488 di—

369 521 519 583 τέλος
553 521 655 589 ἥδη
710 520 807 588 τὴν
863 519 1078 588 ἡμέραν
1139 514 1278 571 εἶναι
1338 518 1675 589 κατάλληλόν
1705 521 1952 572 ἐστιν-

384 615 482 678 Ὠς
529 614 805 681 ἀγαπητὰ
862 612 932 664 τὰ
975 610 1345 681 σκηνώματά
1385 628 1526 675 σου,
1555 644 1623 653 --
1658 612 1809 686 παρὰ
1852 614 1952 684 μὲν

369 707 449 775 τῷ
476 707 676 774 πρώτῳ
704 704 783 764 τδ,
821 703 1139 770 erlo'owr
1172 704 1363 771 ἡμέρα
1411 703 1519 772 μία
1565 704 1634 757 ἐν
1686 704 1816 769 ταῖς
1845 705 1952 757 αὑ-

371 799 509 864 λαῖς
534 814 649 851 σου
682 797 832 864 ὑπὲρ
856 797 1152 865 χιλιάδας,
1171 828 1240 837 --
1267 798 1648 868 Εὐδόκησας,
1677 802 1947 868 Κύριε-,

374 891 527 961 παρὰ
550 892 604 943 δὲ
634 890 712 956 τῷ
741 890 997 959 δευτέρῳ,
1038 888 1416 958 Εὺδόκησας,
1452 893 1651 959 Κύριε,
1682 894 1797 960 τὴν
1830 891 1945 961 γῆν

372 1000 510 1046 σου,
559 980 947 1049 ἁπέστρεψας
997 980 1111 1049 τὴν
1169 984 1593 1052 αἰχμαλωσίαν
1624 983 1845 1037 Ἰακώϐ.
1884 1014 1950 1023 —-

372 1073 618 1137 κλῖνον,
648 1071 847 1139 Κύριε,
880 1069 947 1123 τὸ
979 1067 1091 1137 οὖς
1130 1088 1278 1127 σου’
1308 1104 1377 1113 -
1397 1075 1547 1142 παρὰ
1574 1074 1629 1127 δὲ
1655 1075 1729 1143 τῷ
1763 1074 1951 1144 τρίτῳ,

385 1163 680 1231 Ἐλέησόν
716 1180 827 1235 με,
884 1163 1079 1231 Κύριε,
1135 1163 1223 1217 ὅτι
1250 1166 1404 1233 πρὸς
1456 1168 1531 1220 σὲ
1583 1168 1953 1238 κεκράξομαι

374 1255 528 1322 ὅλην
558 1254 674 1323 τὴν
705 1253 958 1323 ἡμέραν,
996 1256 1065 1309 τά
1096 1272 1155 1308 τε
1186 1258 1483 1327 τροπάρια,
1519 1259 1613 1310 καὶ
1636 1261 1668 1327 ἡ
1704 1261 1796 1312 ἐπὶ
1830 1259 1953 1313 τού-

373 1362 487 1408 τοις
522 1343 657 1414 auxi;
716 1344 810 1396 τοῦ
863 1344 1134 1415 σωτηρίου
1183 1346 1393 1409 πάθους
1415 1386 1429 1409 ,
1466 1349 1562 1399 καὶ
1595 1350 1688 1401 τοῦ
1721 1350 1953 1402 θανάτου

378 1436 603 1506 μνήμην
632 1434 909 1488 ποιοῦντα.
946 1433 1057 1487 Καὶ
1091 1434 1266 1499 οὕτως
1314 1436 1684 1508 ἀπολυόμενοι
1722 1439 1953 1509 ταύτης,

375 1529 470 1581 ἐπὶ
497 1527 597 1598 τὴν
629 1527 923 1597 ἐσπερινὴν
958 1528 1234 1598 ὑμνῳδίαν
1261 1528 1551 1599 χωροῦμεν
1576 1544 1590 1559 ⁸
1621 1530 1711 1583 ὅτε
1754 1532 1957 1603 δηλαδὴ

379 1620 456 1691 μὴ
489 1620 715 1689 νηστεία
743 1637 803 1673 τε
844 1621 940 1673 καὶ
973 1620 1254 1690 μονοσιτία
1286 1621 1561 1692 παροῦσα,
1594 1623 1827 1694 διίστησι
1860 1624 1957 1693 μὲν

376 1712 483 1766 ἀπὸ
509 1711 615 1765 τῶν
645 1710 949 1779 ἑσπερινῶν
980 1710 1078 1781 τὴν
1110 1712 1361 1780 ὲννάτην,
1391 1715 1458 1783 τῇ
1490 1712 1627 1785 ἕκτῃ
1679 1713 1737 1765 δὲ
1788 1714 1958 1783 αὐτὴν

2058 526 2189 580 lecta
2228 525 2568 580 tabernacula
2594 536 2707 580 tua.
2736 556 2805 565 -—
2841 526 2894 579 lu
2931 526 3109 596 primo
3138 526 3239 578 hoc
3274 542 3287 577 :
3326 524 3510 577 Melior
3548 533 3625 576 est

2062 619 2173 672 dies
2207 635 2313 671 una
2354 618 2405 671 in
2438 620 2590 673 atriis
2639 620 2742 672 tuis
2772 635 2927 687 super
2964 616 3161 673 millia.
3188 646 3257 654 —
3279 614 3627 677 Benedixisti.

2058 711 2319 775 Domine;
2349 742 2415 751 -—
2452 712 2503 764 in
2532 710 2777 764 secundo
2821 728 2834 763 :
2875 710 3221 773 Benedixisti,
3254 707 3492 767 Domine,
3529 716 3629 758 ter-

2056 820 2171 857 ram
2204 813 2371 867 tuam;
2419 804 2658 858 avertisti
2686 803 3045 872 captivitatem
3085 801 3274 855 Iacob.
3302 830 3371 839 ——
3403 799 3627 860 Inclina,

2058 894 2300 961 Domine,
2337 913 2519 949 aurem
2560 906 2703 948 luam
2735 912 2753 959 ;
2798 924 2864 933 ——
2898 894 2951 948 in
2992 894 3178 958 tertio,
3208 891 3455 947 Miserere
3504 892 3629 955 mei,

2057 987 2307 1054 Domine,
2332 991 2577 1058 quoniam
2604 990 2672 1041 ad
2696 1000 2743 1041 te
2770 988 2991 1041 clamavi
3024 996 3130 1039 tota
3165 988 3267 1051 die,
3286 996 3340 1040 et
3369 985 3627 1054 troparia,

2058 1089 2113 1133 et
2144 1088 2332 1148 postea
2362 1079 2664 1133 orationem
2694 1094 2813 1146 qua:
2839 1078 3171 1133 mentionem
3209 1078 3338 1131 facit
3361 1076 3632 1145 passionis

2056 1177 2110 1224 et
2142 1170 2337 1225 mortis
2382 1170 2624 1225 Domini.
2663 1169 2729 1223 Et
2780 1171 2860 1224 sic
2890 1171 3029 1223 hanc
3076 1179 3364 1239 postquam
3394 1168 3635 1223 absolvi-

2058 1278 2182 1318 mus
2262 1262 2456 1315 horam
2521 1262 2586 1313 ad
2645 1260 3012 1317 laudationem
3076 1260 3431 1331 vespertinam
3476 1259 3631 1313 cedi-

2059 1368 2201 1408 mus.
2237 1352 2468 1419 Quando
2512 1351 2721 1408 scilicet
2747 1353 3015 1422 jejunium
3050 1364 3101 1407 et
3125 1352 3320 1406 unicus
3348 1350 3503 1405 cibus
3526 1365 3631 1404 non

2059 1446 2236 1512 adest,
2257 1454 2473 1514 separat
2494 1442 2702 1499 Nonum
2728 1460 2757 1499 a
2779 1443 3036 1514 Vesperis
3070 1453 3123 1498 et
3154 1444 3330 1497 Sexta:
3353 1441 3634 1510 subjungit

2060 1543 2187 1588 ante
2239 1532 2420 1588 cibum
2458 1543 2752 1598 cantatam,
2786 1537 2841 1587 in
2885 1549 2993 1603 quo
3028 1543 3081 1586 et
3118 1532 3520 1587 observantiam
3546 1546 3627 1587 eo-

2064 1641 2183 1680 rum
2209 1640 2331 1693 qua:
2364 1624 2621 1679 dicuntur
2654 1626 2783 1694 typi.
2812 1623 2905 1677 llae
2938 1632 3064 1679 sunt
3094 1638 3275 1693 partes
3298 1638 3486 1678 corum
3519 1636 3637 1690 quae

2062 1730 2232 1769 sacrae
2259 1714 2537 1770 adduntur
2565 1714 2822 1784 liturgiaa,
2863 1716 3087 1783 quando
3121 1716 3210 1769 illa
3268 1730 3373 1769 non
3422 1712 3639 1783 perlici-

379 1804 658 1870 συνάπτει,
680 1788 795 1875 πρὸ
842 1805 941 1874 τῆς
992 1805 1199 1874 τροφῆς
1233 1805 1528 1875 ᾁδομένην,
1564 1806 1621 1858 ὲν
1650 1799 1692 1873 ᾧ
1722 1804 1816 1858 καὶ
1853 1806 1953 1875 τὴν

2083 1822 2170 1868 ur,
2223 1814 2277 1860 et
2336 1817 2562 1861 servant
2621 1808 2741 1874 ejus
2805 1808 3029 1871 locum,
3081 1823 3219 1876 quas
3274 1806 3436 1861 modo
3493 1803 3639 1867 huic,

377 1896 486 1950 τῶν
551 1897 797 1949 τυπικῶν
848 1897 1201 1965 καλουμένων
1269 1897 1613 1951 ἀκολουθίαν.
1677 1896 1836 1950 Ἐστι
1896 1897 1951 1950 δὲ

2079 1899 2200 1964 lico,
2233 1915 2411 1967 nonae,
2451 1900 2612 1955 modo
2656 1901 2754 1967 illi,
2777 1901 2983 1957 scilicet
3003 1912 3171 1957 sextae
3196 1902 3534 1970 adaptamus.

377 1990 549 2044 ταῦτα
577 1991 720 2063 μέρη
747 1991 854 2043 τῶν
891 1993 949 2045 ὲν
979 1993 1044 2061 τῇ
1084 1992 1204 2061 ίερᾷ
1254 1991 1573 2062 λειτουργίᾳ
1612 1993 2063 2063 προσᾳδομένων,
2091 1996 2179 2048 ὅτε
2225 1994 2301 2065 μὴ
2330 1996 2512 2065 εκείνη
2569 1996 2815 2066 τελῆται,
2887 1999 2985 2066 τὴν
3052 1998 3219 2066 αὐτῆς
3290 1995 3643 2059 ἀποσώζοντα

379 2084 583 2157 χώραν,
613 2088 702 2141 ὁτὲ
732 2088 830 2157 μὲν
878 2086 1074 2158 ταύτῃ,
1128 2086 1272 2156 φημὶ
1317 2090 1381 2156 τῇ
1424 2090 1619 2160 ὲννάτῃ
1654 2130 1668 2154 ,
1712 2090 1799 2142 ὁτὲ
1832 2088 1888 2142 δὲ
1920 2090 2122 2163 ἐκείνῃ,
2158 2092 2222 2162 τῇ
2254 2090 2389 2162 ἕκτῃ
2422 2090 2623 2162 δηλαδὴ
2656 2091 3097 2160 συναρμόζομεν.

828 2181 965 2249 Περὶ
1018 2182 1124 2237 τοῦ
1151 2182 1494 2250 ἐσπερινοῦ.

454 2270 560 2325 Τοῦ
594 2272 650 2325 δὲ
682 2273 970 2344 ἑσπερινοῦ
1004 2273 1176 2341 ὕμνου
1238 2275 1471 2345 προάγει
1508 2275 1605 2344 μὲν
1641 2278 1669 2327 ὁ
1699 2282 1781 2346 ργ¹
1811 2274 1963 2343 ψαλ-

384 2372 505 2438 μὸς,
533 2396 596 2407 —-
620 2366 897 2436 Εὐλογει,
928 2367 965 2433 ἡ
997 2366 1167 2434 ψυχή
1197 2383 1340 2435 μου,
1367 2393 1435 2403 -
1458 2366 1553 2433 τὴν
1586 2366 1694 2417 τῶν
1726 2364 1962 2431 κτισμά-

381 2476 490 2513 των
521 2458 892 2529 δημιουργίαν
934 2460 1066 2529 ὴμϊν
1101 2458 1440 2528 ὑπογράφων
1470 2498 1483 2523 ,
1520 2459 1615 2510 καὶ
1642 2457 1701 2510 τὸ
1728 2457 1961 2510 ἑκάστου

382 2551 651 2621 χρήσιμον
690 2550 1006 2616 ἐκθειάζων,
1044 2553 1137 2603 καὶ
1174 2550 1263 2602 ἐπ’
1319 2551 1505 2613 αὐτοῖς
1558 2550 1649 2602 τὸν
1687 2552 1965 2619 Δημιουρ-

382 2644 478 2711 γδν
525 2642 825 2712 άνυμνῶν·
879 2641 979 2711 τῆς
1036 2642 1147 2709 γὰρ
1205 2642 1423 2713 ἡμέρας
1461 2641 1562 2711 ἥδη
1598 2639 1969 2693 συντελεσθεί-

389 2753 515 2803 σης,
544 2734 667 2805 ἥτις
698 2735 831 2804 ἡμῖν
857 2736 935 2796 είς
953 2734 1259 2787 ἀπόλαυσιν
1290 2733 1399 2786 τῶν
1439 2733 1533 2786 τοῦ
1565 2732 1698 2785 Θεοῦ
1734 2730 1967 2799 κτισμά-

388 2843 496 2879 των
547 2828 682 2898 παρ’
712 2824 875 2878 αὐτοῦ
911 2825 1183 2896 ἐδωρήθη,
1224 2825 1342 2878 δέον
1374 2824 1439 2877 ἂν
1490 2826 1572 2894 είη
1606 2823 1707 2893 τὴν
1757 2824 1845 2877 ἐπ’
1872 2826 1970 2877 αύ-

386 2920 499 2983 τοῖς
530 2919 884 2990 εὐχαριστίαν
912 2918 1176 2972 ἀνάπτειν
1216 2918 1295 2989 τῷ
1322 2918 1588 2988 κηδεμόνι
1634 2918 1735 2987 τῆς
1764 2919 1964 2987 ἡμετέ-

392 3025 493 3078 ρας
521 3008 688 3079 ζωῆς·
714 3010 811 3063 καὶ
837 3008 955 3078 μετ’
981 3009 1150 3078 αὐτὴν
1173 3008 1351 3079 ἕτεροι
1387 3009 1568 3073 πάλιν,
1594 3009 1767 3078 εὐχῶν
1802 3010 1964 3078 ἱερῶν

394 3100 598 3169 μεταξὺ
629 3101 965 3169 γενομένων,
1002 3130 1069 3141 -
1103 3102 1306 3168 Κύριε,
1341 3098 1658 3169 ἐκέκραξα,
1698 3102 1795 3154 καὶ
1831 3119 1965 3169 φω-

2524 2182 2599 2237 De
2629 2184 2817 2253 hymno
2837 2185 3150 2251 vespertino.

2141 2275 2537 2331 Laudationem
2574 2275 2941 2342 vespertinam
2967 2274 3159 2343 incipit
3190 2270 3433 2342 psalmus
3456 2276 3644 2329 cente-

2068 2368 2243 2422 simus
2271 2368 2487 2432 tertius,
2518 2364 2848 2433 —Benedic,
2874 2366 3051 2419 anima
3088 2382 3224 2431 mea,
3246 2397 3313 2406 —
3341 2380 3463 2434 quas
3487 2366 3642 2419 nobis

2067 2470 2450 2513 creaturarum
2482 2459 2816 2512 creationem
2852 2458 3114 2512 describit
3142 2457 3505 2523 etcujuslibct
3532 2457 3641 2509 uti-

2070 2550 2276 2604 litatem
2320 2550 2527 2615 laudat,
2559 2559 2613 2603 et
2658 2561 2843 2618 postea
2874 2549 3187 2604 Creatorem
3230 2548 3505 2615 celebrat;
3560 2547 3647 2601 die

2071 2642 2217 2697 enim
2266 2641 2377 2710 jam
2410 2641 2558 2695 [inita
2594 2656 2716 2711 qua:
2742 2642 2901 2695 nobis
2933 2653 2989 2696 ut
3018 2640 3109 2694 Dei
3142 2641 3409 2696 creaturis
3442 2640 3649 2694 fruere-

2073 2750 2194 2788 mur
2227 2733 2295 2787 ab
2324 2748 2389 2788 eo
2412 2732 2538 2787 data
2569 2742 2671 2796 est,
2713 2734 2999 2802 oportebat
3036 2733 3102 2786 de
3130 2732 3216 2786 his
3242 2733 3406 2788 rebus
3444 2732 3648 2802 gratias

2073 2838 2233 2893 agere
2259 2823 2394 2890 Deo,
2419 2824 2509 2878 cui
2542 2839 2686 2878 cura:
2710 2832 2793 2878 est
2827 2824 2934 2877 vita
2966 2835 3148 2877 nostra
3172 2842 3185 2890 ;
3211 2833 3267 2879 et
3296 2834 3416 2890 post
3443 2838 3534 2877 eas
3555 2823 3647 2876 alii

2082 2931 2302 2985 rursus,
2340 2917 2534 2985 psalmi
2566 2916 2824 2985 precibus
2856 2917 3029 2970 sacris
3064 2917 3515 2984 interpositis,—
3540 2915 3649 2968 Do-

2078 3013 2237 3077 mine,
2291 3010 2541 3075 clamavi,
2579 3019 2626 3063 et
2667 3024 2765 3062 vox
2834 3024 2947 3061 mea
2992 3007 3061 3059 ad
3104 3006 3411 3069 Dominum,
3462 3036 3530 3045 —-
3559 3007 3651 3075 qui

2076 3112 2369 3158 cantantur
2399 3102 2679 3157 modulate
2711 3101 2931 3170 quando
2967 3108 3179 3169 tempus
3214 3109 3318 3162 est,
3359 3109 3413 3153 et
3453 3098 3654 3153 habent

391 3194 470 3259 νὴ
500 3210 620 3261 μου
669 3192 816 3261 πρὸς
846 3192 1086 3260 Κύριον,
1122 3222 1193 3233 --
1220 3192 1270 3244 οἳ
1317 3192 1411 3245 καὶ
1451 3194 1667 3265 ᾅδονται
1700 3194 1839 3261 μετὰ
1875 3192 1970 3259 μὲ-

2079 3197 2282 3267 aliqua,
2315 3210 2440 3267 qua:
2465 3202 2781 3260 cantantur,
2825 3195 3089 3262 troparia,
3119 3201 3175 3246 et
3226 3192 3279 3245 in
3319 3191 3451 3260 ipsis
3482 3190 3652 3244 multa

394 3286 543 3348 λους,
578 3284 740 3337 ὁπότε
776 3285 966 3338 τούτου
996 3286 1210 3355 καιρὸς,
1247 3285 1345 3338 καὶ
1388 3285 1781 3357 προσᾳδόμενα
1817 3285 1971 3354 ἐχου-

396 3393 449 3429 σι
484 3374 592 3429 τῶν
626 3375 940 3446 τροπαρίων
969 3378 1112 3439 τινὰ,
1154 3377 1250 3430 καὶ
1283 3378 1339 3429 ὲν
1371 3376 1553 3440 αὐτοῖς
1586 3375 1759 3429 πολλὰ
1796 3378 1862 3429 τὰ
1898 3380 1965 3448 τῇ

397 3467 518 3539 ὥρᾳ
545 3468 913 3538 προσήκοντα,
954 3469 1257 3535 Ἐπαρσις
1286 3467 1396 3537 γὰρ
1427 3466 1547 3521 τῶν
1574 3466 1793 3536 χειρῶν
1826 3485 1968 3536 μου,

405 3560 593 3615 θυσία
626 3558 943 3627 ἑσπερινή’
979 3563 1092 3623 καὶ,
1116 3558 1265 3613 Ἀπὸ
1295 3556 1578 3628 φυλακῆς
1600 3559 1827 3627 πρωΐας
1874 3559 1975 3628 μέ-

399 3670 497 3723 χρι
544 3650 801 3717 νυκτὸς,
856 3650 974 3706 ἀπὸ
1036 3648 1324 3720 φυλακῆς
1390 3652 1622 3718 πρωΐας
1671 3650 1978 3706 ἐλπισάτω

412 3744 662 3811 Ἰσραὴλ
694 3743 788 3795 ἐπὶ
814 3742 922 3795 τόν
954 3742 1194 3810 Κύριον,
1220 3744 1313 3795 καὶ
1354 3743 1406 3795 εί
1430 3760 1485 3795 τι
1520 3742 1788 3797 τοιοῦτον.
1823 3742 1979 3797 Μετὰ

404 3833 563 3889 τοῦτο
593 3833 737 3889 κατὰ
769 3832 867 3905 τὴν
902 3834 1198 3903 γινομένην
1237 3833 1331 3886 τοῦ
1377 3834 1569 3904 ίερέως
1594 3835 1820 3901 εἴσοδον,
1857 3837 1980 3904 ἥτις

406 3929 540 3997 ἡμῖν
571 3928 671 3998 τὴν
714 3925 812 3979 τοῦ
862 3925 1121 3997 Σωτῆρος
1153 3925 1210 3979 ὲν
1238 3925 1405 3996 σαρκὶ
1436 3928 1744 3997 παρουσίαν
1776 3926 1867 3981 ἐπὶ
1888 3927 1981 3980 τὸν

408 4019 637 4087 κόσμον,
674 4018 772 4072 καὶ
822 4011 985 4080 αὖθις
1033 4016 1374 4087 ἐπιστροφὴν
1430 4017 1567 4086 πρὸς
1615 4016 1704 4071 τὸν
1759 4018 1983 4088 Πατέρα

408 4108 762 4177 ἐξεικονίζει,
815 4110 843 4162 ὁ
894 4106 991 4162 τοῦ
1043 4110 1325 4180 μάρτυρος
1370 4107 1769 4179 Ἀθηνογένους
1798 4107 1983 4179 ᾄδεται

413 4201 667 4271 ἑσπέριος
698 4199 890 4270 ὕμνος,
918 4229 987 4241 --
1015 4200 1145 4266 Φῶς
1198 4200 1431 4269 ἱλαρὸν,
1458 4232 1526 4243 --
1554 4200 1613 4253 ὂν
1664 4202 1853 4271 ὁρμῶν
1892 4201 1985 4253 ἐπὶ

409 4295 508 4364 τὴν
537 4294 625 4347 διὰ
656 4294 826 4364 πυρὸς
857 4294 959 4363 ἠδη
982 4292 1289 4359 τελείωσιν,
1321 4294 1397 4357 ὼς
1440 4294 1470 4346 ὀ
1508 4294 1683 4364 μέγας
1712 4295 1845 4363 φησὶ
1876 4294 1983 4347 Βα-

412 4386 629 4449 σίλειος,
662 4380 815 4457 ᾖσεν,
848 4415 917 4425 -
956 4384 1235 4453 Είπωμεν
1292 4385 1538 4451 πάντες.
1574 4416 1643 4425 -
1673 4387 1843 4456 Εύχα“ι
1895 4388 1986 4439 ἐπὶ

410 4480 582 4548 τούτῳ
622 4481 717 4532 καὶ
748 4478 993 4546 αἰτήσεις
1052 4477 1273 4546 ἀγαθῶν
1318 4482 1431 4541 τοῖς
1488 4479 1777 4549 δεομένοις
1831 4479 1985 4548 παρὰ

2076 3298 2205 3346 sunt
2236 3304 2357 3358 qua:
2379 3288 2529 3344 hora:
2554 3296 2809 3357 aptentur
2837 3285 3115 3340 :Eleratio
3140 3300 3392 3338 manuum
3419 3300 3655 3337 mearum

2082 3380 2409 3449 sacri/icium
2463 3379 2815 3446 vespertinum
2863 3395 2876 3431 :
2916 3387 2993 3442 et,
3033 3378 3071 3430 Λ
3116 3376 3352 3429 custodia
3394 3376 3656 3428 matutina

2078 3472 2327 3542 usquead
2356 3480 2579 3536 noctem,
2611 3489 2642 3525 a
2676 3470 2915 3523 custodia
2964 3470 3232 3522 matutina
3284 3477 3454 3535 speret
3486 3465 3657 3520 Israel

2079 3567 2135 3619 in
2168 3566 2423 3621 Domino:
2445 3576 2495 3618 ct
2526 3564 2572 3619 si
2607 3579 2727 3632 qua:
2750 3560 3084 3630 hujusmodi.
3118 3559 3327 3615 Postea
3356 3560 3409 3613 in
3433 3560 3655 3615 introitu

2082 3658 2385 3719 sacerdotis
2449 3656 2771 3725 qui.nobis
2829 3654 3180 3723 praesentiam
3241 3650 3543 3706 Salvatoris
3605 3650 3659 3702 in

2083 3766 2249 3809 carne
2294 3761 2351 3804 et
2391 3751 2445 3804 in
2478 3749 2681 3803 mundo
2716 3753 3091 3816 repraesentat,
3118 3753 3172 3798 et
3197 3759 3389 3799 rursus
3420 3742 3657 3797 reditum

2082 3841 2201 3910 ejus
2240 3839 2308 3893 ad
2359 3839 2600 3904 Patrem,
2663 3845 2915 3890 cantatur
2966 3835 3224 3906 martyris
3287 3830 3661 3899 Athenogenis

2084 3931 2426 4002 vespertinus
2485 3930 2743 3999 hymnus,
2797 3957 2864 3965 —
2901 3924 3095 3978 Lumen
3128 3925 3319 3989 hilare,
3372 3956 3441 3967 —
3478 3936 3659 3993 quem,

2081 4025 2193 4096 jam
2244 4024 2515 4078 festinans
2548 4020 2614 4074 ad
2648 4032 2878 4075 mortem
2937 4021 3059 4089 igne
3089 4018 3457 4078 subeundam,
3505 4025 3561 4070 ut
3587 4018 3662 4070 ait

2088 4132 2321 4188 magnus
2379 4114 2636 4179 Basilius,
2669 4112 2928 4167 cantavit:
2963 4140 3032 4153 -—
3065 4109 3315 4163 Dicamus
3363 4126 3568 4172 omnes,
3597 4137 3659 4148 —

2087 4224 2276 4280 preces
2313 4217 2435 4279 post
2462 4222 2586 4261 eum
2630 4214 2684 4259 et
2714 4204 3005 4274 petitiones
3051 4202 3414 4271 quaarentium
3446 4202 3584 4253 bona
3630 4215 3661 4254 a

2090 4303 2224 4369 Deo,
2254 4329 2323 4343 -ο
2361 4301 2612 4370 Dignare,
2636 4299 2874 4352 Domine.
2909 4326 2978 4335 —
3007 4294 3070 4348 Et
3098 4296 3241 4349 inter
3274 4310 3367 4349 cas
3404 4294 3663 4347 alterite-

2091 4404 2210 4444 rum
2260 4388 2495 4460 hymnus
2528 4404 2593 4441 ex
2625 4386 2805 4440 verbis
2864 4384 3219 4455 psalmorum,
3246 4392 3299 4438 et
3334 4398 3523 4437 rursus
3553 4392 3665 4439 tro-

2092 4480 2265 4551 paria.
2310 4508 2378 4521 --
2410 4478 2571 4531 Nunc
2624 4478 2867 4530 dimittis.
2910 4506 2980 4515 —
3016 4476 3077 4528 Et
3132 4484 3250 4544 post
3314 4490 3375 4529 ea
3419 4475 3538 4543 ejus
3570 4473 3660 4543 qui

412 4569 571 4635 Θεοῦ,
600 4598 671 4609 -
696 4568 1108 4632 Καταξίωσον,
1143 4569 1339 4635 Κύριε.
1379 4599 1450 4609 -
1489 4568 1601 4622 Καὶ
1630 4570 1835 4639 μεταξὺ
1868 4571 1970 4623 τού·

2098 4573 2263 4627 Deum
2302 4570 2544 4640 suscepit
2570 4568 2845 4625 Simeonis
2878 4568 3191 4638 gratulatio,
3228 4569 3371 4622 sicut
3413 4568 3501 4621 ille
3528 4568 3662 4622 liheo

422 4677 536 4715 των
567 4661 758 4731 ἕτερος
801 4655 956 4721 αὖθις
1006 4659 1172 4729 ὕμνος
1206 4660 1314 4714 ἀπὸ
1347 4661 1527 4730 ῥητῶν
1552 4661 1863 4731 ψαλμικῶν,
1898 4665 1990 4715 καὶ

412 4755 689 4825 τροπάρια
724 4752 914 4808 πάλιν.
942 4782 1009 4793 -
1040 4752 1171 4807 Νῦν
1208 4753 1523 4820 ἀπολύεις.
1554 4784 1625 4795 -
1651 4755 1761 4807 Καὶ
1785 4755 1870 4807 ἐπ’
1894 4755 1991 4807 αύ-

412 4851 522 4910 τοῖς
546 4850 580 4917 ἡ
615 4846 710 4901 τοῦ
745 4846 995 4917 θεοδόχου
1028 4847 1258 4917 Συμεὼν
1295 4848 1717 4919 εὐχαριστήριος
1745 4849 1987 4917 εὐλογία,

415 4939 665 5010 καθάπερ
688 4941 893 5003 ἐκεῖνος
930 4939 1031 5010 τὴν
1082 4939 1191 4993 ἀπὸ
1239 4939 1335 4993 τοῦ
1389 4939 1644 5007 σώματος
1675 4941 1829 4994 λύσιν
1861 4941 1989 5011 ἡδο-

417 5033 513 5102 νῆς
544 5031 804 5084 ὑπόθεσιν
854 5032 1132 5097 ἐποιεῖτο,
1163 5032 1255 5085 τὸν
1310 5032 1472 5086 αὐτὸν
1530 5032 1595 5102 δὴ
1646 5032 1849 5101 τρόπον
1899 5035 1993 5086 καὶ

419 5126 556 5195 ἡμῖν
576 5119 980 5189 ὑποϐάλλουσα,
1012 5124 1111 5191 τῆς
1142 5122 1324 5187 ἐξόδου
1352 5140 1409 5175 τε
1444 5123 1519 5182 ὡς
1550 5123 1649 5193 ἥδη
1688 5124 1991 5195 παρούσης,

420 5214 488 5286 ἢν
554 5216 587 5283 ἡ
635 5213 847 5281 ἑσπέρα
903 5211 1305 5282 χαρακτηρίζει
1362 5210 1700 5281 μεμνῆσθαι,
1752 5212 1849 5264 καὶ
1907 5213 1993 5264 ἐπ’

2098 4665 2364 4720 rationem
2399 4678 2427 4715 a
2464 4677 2693 4731 corpore
2719 4678 2939 4717 causam
2970 4662 3204 4717 habebat
3230 4663 3454 4725 lmtitim,
3474 4662 3661 4716 eodem

2096 4767 2245 4813 certe
2274 4756 2439 4811 modo
2463 4766 2518 4810 ct
2554 4756 2709 4810 nobis
2761 4770 3061 4824 suggerens
3116 4754 3434 4809 memoriam
3485 4754 3665 4806 exitus

2094 4849 2249 4920 quasi
2276 4848 2561 4918 praesentis
2581 4862 2743 4917 quem
2771 4856 2925 4902 notat
2978 4862 3225 4915 vespera,
3283 4855 3339 4901 et
3388 4854 3510 4915 post
3540 4861 3664 4900 eum

2096 4942 2207 4996 Deo
2239 4940 2401 5010 digna
2432 4940 2717 5008 gratulari.
2774 4970 2843 4979 —
2889 4938 3115 4993 Sanctus
3162 4938 3325 5001 Deus,
3356 4966 3426 4977 -—-
3468 4948 3521 4991 et
3550 4939 3670 4993 Tri-

2102 5031 2290 5099 sagion
2332 5030 2589 5099 hymnus,
2623 5038 2679 5084 et
2724 5044 2845 5099 quae
2893 5037 3216 5099 sequuntur,
3266 5034 3319 5080 ct
3371 5027 3667 5097 troparium

2101 5121 2373 5190 quoddam
2406 5121 2770 5185 dimissionis,
2794 5132 2845 5176 et
2873 5131 2991 5190 post
3026 5136 3088 5175 ea
3155 5119 3454 5174 sacerdoﬁs
3498 5120 3671 5174 oratio

2105 5230 2167 5267 ex
2204 5214 2304 5267 hac
2333 5213 2550 5283 liturgia
2588 5230 2684 5268 nos
2715 5213 2958 5267 dimittit.

388 5364 393 5369 ,
422 5306 560 5375 αὐτῇ
599 5302 666 5356 τὰ
694 5302 882 5356 εἰκότα
915 5303 1007 5355 τὸν
1039 5300 1174 5354 Θεὸν
1206 5300 1450 5367 εὐλογεῖν
1483 5330 1544 5339 -
1592 5305 1786 5369 ’Ἄγιος
1819 5304 1850 5355 ὀ
1880 5302 2026 5369 Θεὸς
2050 5334 2118 5342 -
2144 5304 2169 5356 ’ὁ
2196 5322 2255 5357 τε
2288 5304 2588 5375 Τρισάγιος
2630 5306 2815 5373 ὕμνος,
2878 5302 2972 5354 καὶ
3014 5301 3081 5354 τὰ
3153 5300 3279 5369 εξῆς
3330 5300 3450 5370 μετ’
3489 5300 3672 5365 αὐτὸν,

424 5394 520 5445 καὶ
570 5392 873 5463 τροπάριόν
918 5409 972 5446 τι
1010 5391 1109 5459 τῆς
1154 5392 1496 5455 ἀπολύσεως,
1550 5394 1642 5445 καὶ
1688 5392 1776 5445 ἐπ’
1809 5393 1992 5457 αὐτοῖς
2032 5396 2182 5463 ήτοῦ
2217 5397 2410 5468 ἱερέως
2431 5397 2584 5468 εὐχὴ,
2618 5398 2714 5449 καὶ
2742 5394 2946 5462 ταύτης
3003 5393 3146 5463 ἡμᾶς
3192 5394 3515 5461 ἀποπέμπει
3578 5394 3675 5464 τῆς

424 5488 790 5559 λειτουργίας.

850 5579 990 5649 Περὶ
1016 5583 1121 5634 τοῦ
1162 5582 1563 5636 ἀποδειπνου.

501 5679 705 5738 homo;
740 5677 857 5729 ἐστι
892 5674 989 5729 καὶ
1052 5676 1413 5737 τελευταῖοςὸ
1455 5675 1779 5735 ἁπόδειπνος
1811 5675 2000 5746 ὕμνος,

428 5768 489 5823 δν
519 5770 612 5824 ἐπὶ
644 5771 734 5824 τὸν
760 5768 927 5823 ὕπνον
954 5767 1054 5838 ἤδη
1081 5769 1428 5838 τρεπόμενοι,
1477 5768 1573 5821 καὶ
1614 5769 1713 5840 τὴν
1750 5762 1994 5823 ἀνάπαυ-

2542 5578 2615 5632 De
2655 5577 2819 5647 officio
2850 5585 2967 5647 post
2998 5593 3220 5630 cmnam.

2179 5675 2509 5744 Rcliquuset
2542 5646 2769 5726 ultimus
2799 5646 3012 5741 est,qui
3043 5679 3160 5739 post
3188 5681 3428 5732 cmuam,
3448 5667 3683 5739 hymnus

2110 5783 2272 5837 quem
2328 5765 2441 5835 jam
2504 5764 2567 5819 ad
2612 5780 2866 5820 somnum
2912 5763 3161 5819 conversi
3225 5771 3278 5817 ct
3323 5761 3395 5817 ad
3441 5759 3681 5831 quietem
