3956 6200
313 341 446 408 1187

1734 349 2123 412 ADDENDA.

3430 345 3578 408 1188

307 463 491 518 carnis
549 465 656 521 Deo
717 468 1078 524 celebramus.
1135 465 1204 526 Et
1249 465 1340 520 hic
1385 463 1604 536 quidem
1660 465 1861 536 longiot

1984 485 2068 522 σιν
2098 467 2189 522 τοῦ
2229 469 2481 539 σαρκὶου,
2507 471 2582 539 τῷ
2626 461 2745 540 Θεῴ
2776 466 3222 536 λῃτουργοῦμεν.
3265 465 3373 518 Καὶ
3405 459 3571 525 οὗτος

309 555 636 626 breviorque
659 560 906 629 estjuxta
935 559 1052 614 dies
1089 575 1102 612 :
1140 560 1192 614 in
1219 557 1410 614 diebus
1430 557 1622 630 jejunii
1661 559 1880 628 proten-

305 646 506 715 dimus,
542 649 594 703 in
627 651 838 706 caeteris
866 652 1268 707 contrahimus.
1297 650 1362 705 Et
1392 651 1588 721 psalmi
1620 651 1761 707 terni
1797 653 1873 706 ibi

309 757 548 809 quoque,
583 752 640 796 ut
670 744 877 798 dictUm
924 754 1028 809 est,
1087 744 1511 814 interponuntur
1551 753 1608 800 et
1657 745 1878 800 doxolo-

309 834 411 902 giis
455 845 508 890 et
555 837 809 905 tropariis
875 851 978 892 suo
1017 838 1157 901 loco.
1218 837 1358 892 sicut
1401 848 1453 892 et
1511 839 1768 907 precibus
1823 848 1878 894 et

305 926 625 994 quihusdam
667 929 806 982 aliis.
845 957 914 968 —-
970 927 1104 982 Cum
1149 931 1472 984 invocarem.
1518 960 1584 972 —
1637 929 1875 986 Primqu

307 1018 472 1082 igitur
495 1018 675 1073 videre
707 1030 789 1074 est
822 1020 968 1089 quod
1005 1021 1240 1075 maxime
1301 1024 1535 1091 tempori
1591 1034 1749 1091 aptus
1782 1025 1874 1090 sit,

305 1111 610 1166 secundum
653 1113 706 1166 id
739 1128 755 1166 :
791 1115 856 1168 ιη
885 1129 1014 1182 pace
1046 1115 1098 1167 in
1130 1116 1359 1184 idipsum
1397 1118 1658 1170 dormiam
1707 1124 1758 1170 et
1796 1133 1874 1171 re-

302 1202 592 1269 quiescam,
626 1203 875 1272 quoniam
937 1213 1014 1269 tu,
1053 1205 1292 1269 Domine.
1325 1207 1667 1277 singulariter
1699 1209 1752 1262 in
1788 1225 1877 1276 spe

304 1293 628 1347 constituisti
661 1303 757 1348 me.
787 1328 854 1339 —-
887 1297 1132 1364 Domine,
1155 1311 1224 1370 ,πε
1258 1300 1308 1351 in
1341 1299 1520 1363 furore
1555 1315 1665 1356 tuo.
1697 1332 1757 1342 —
1782 1303 1877 1357 Se-

302 1381 541 1438 cundum
576 1392 725 1445 vero.
762 1386 812 1439 i'n
844 1387 931 1443 his
958 1401 1078 1457 quae
1101 1390 1232 1444 dicit
1257 1407 1270 1444 ε
1294 1381 1502 1446 Lavabo
1524 1399 1615 1461 per
1635 1393 1876 1465 singulas

302 1483 477 1529 noctes
497 1479 685 1530 lectum
722 1495 914 1546 meum,
943 1481 1194 1551 lacrymis
1250 1485 1377 1537 meis
1423 1493 1656 1540 stratum
1705 1503 1875 1540 meum

304 1567 507 1636 rigabo.
533 1598 590 1606 —
641 1566 947 1639 Usquequo,
981 1571 1331 1637 Dominc;—-
1364 1576 1581 1630 tertium
1611 1586 1790 1631 autem
1820 1579 1874 1633 in

301 1673 367 1711 eo
403 1673 416 1711 ε
447 1655 703 1712 lllumina
742 1661 920 1714 oculos
953 1677 1113 1727 meos,
1135 1680 1446 1736 numquam
1473 1667 1798 1720 obdormiam
1822 1670 1874 1723 in

1979 555 2034 617 δὲ
2068 563 2404 634 μακρότερὸς
2428 563 2487 618 τε
2515 566 2611 618 καὶ
2646 551 2882 618 ἐλάττων
2909 561 2984 624 ὡς
3014 558 3148 628 πρὸς
3191 557 3287 619 τὰς
3325 555 3568 624 ἡμέραις

1981 650 2149 703 ἐστίν·
2184 651 2241 702 ἐν
2283 649 2384 720 μὶν
2431 652 2538 722 γὰρ
2595 653 2717 715 ταῖς
2775 649 3064 720 νηστίμοις
3096 646 3285 700 τοῦτον
3315 645 3562 697 iussispa—

1986 760 2107 812 μεν,
2142 743 2198 796 ὲν
2233 744 2288 797 δὲ
2322 746 2444 807 ταῖς
2479 746 2668 808 ἄλλαις
2703 743 3087 812 συστέλλομεν.
3127 740 3238 795 Καὶ
3267 741 3314 792 οἱ
3348 737 3455 807 ψαλ
3472 737 3572 805 μοὶ

1980 836 2124 889 κατὰ
2159 840 2333 905 τρεῖς,
2368 837 2445 900 ὡς
2477 839 2717 908 εἴρηται,
2749 837 3185 908 μεσολαϐοὖνται
3239 831 3552 893 κάνταῦθα,

1979 925 2310 994 δοξολογίαις
2378 945 2438 981 τε
2481 929 2576 982 καὶ
2621 930 2942 999 τροπαριοις
2990 927 3102 980 ἔσθ’
3152 927 3284 979 ὅπου
3310 964 3324 989 ,
3355 923 3454 976 καὶ
3498 922 3569 991 δὴ

1982 1020 2075 1073 καὶ
2108 1021 2317 1089 εὐχαῖς,
2349 1021 2442 1074 καὶ
2482 1023 2692 1092 ἑτέροις
2723 1022 2885 1074 τισιν.
2924 1049 2990 1062 --
3025 1019 3130 1073 Ἐν
3146 1016 3226 1084 τῷ
3254 1013 3564 1070 carnale?-

1979 1109 2124 1164 σθαι
2146 1127 2240 1180 με.
2271 1143 2339 1152 -
2368 1113 2557 1166 Ἔστιν
2593 1108 2686 1166 οὖν
2721 1114 2851 1166 ἰδεῖν
2889 1113 2981 1165 τὴν
3013 1110 3110 1180 μὲν
3139 1107 3357 1183 πρῶτον
3386 1122 3565 1174 προσ-

1980 1204 2183 1271 ήκοντα
2233 1203 2311 1274 τῷ
2369 1204 2548 1274 καιρῷ
2587 1205 2858 1274 μάλιστα,
2890 1205 3035 1258 κατὰ
3081 1204 3161 1261 τὸ.
3214 1201 3315 1254 Ἐν
3343 1198 3566 1266 εὲρήνῃ

1978 1293 2075 1347 ἐπὶ
2111 1295 2176 1347 τὸ
2207 1295 2357 1348 αὐτὸ
2413 1295 2875 1363 κοιμηθήσομαι,
2904 1293 3001 1346 καὶ
3029 1291 3312 1355 ὑπνώσω,
3334 1289 3424 1342 ὅτι
3449 1288 3565 1351 σὺ,

1980 1388 2174 1454 Κύριε,
2205 1387 2354 1441 κατὰ
2401 1389 2596 1460 μόνας
2626 1387 2719 1441 ἐπ’
2752 1386 2959 1440 ἐλπίδι
2992 1382 3332 1449 κατῴκισάς
3362 1398 3460 1451 με.
3493 1407 3566 1418 --

1980 1479 2178 1548 Κύριε,
2211 1477 2298 1548 μὴ
2328 1481 2400 1534 ἐν
2427 1480 2507 1545 τῷ
2542 1479 2705 1548 θυμῷ
2731 1495 2872 1532 σουο
2895 1508 2964 1518 -
2986 1477 3076 1529 τὸν
3105 1476 3161 1529 δὲ
3200 1475 3474 1542 δεύτερον,
3510 1474 3569 1522 ἓν

1977 1565 2058 1635 οἷς
2086 1589 2241 1640 φησι,
2276 1574 2491 1626 Λούσω
2521 1573 2650 1626 καθ’
2684 1570 2954 1636 ἑκάστην
2983 1571 3173 1623 νύκτα
3197 1567 3310 1634 τὴν
3336 1564 3570 1631 κλίνην

1973 1669 2114 1737 μου,
2151 1665 2222 1718 ἐν
2259 1663 2523 1732 δάκρυσι
2544 1681 2664 1732 μου
2706 1660 2824 1730 τὴν
2848 1658 3177 1730 στρωμνήν
3203 1674 3321 1728 μου
3351 1655 3568 1724 ,βρέξω

301 1760 489 1804 morte.
527 1779 580 1789 -
624 1750 708 1804 Ad
741 1763 788 1805 te
837 1755 1026 1809 levari.
1058 1784 1125 1794 —
1155 1754 1214 1808 lu
1256 1758 1494 1812 secunda
1527 1761 1669 1812 serie
1708 1759 1861 1814 nium

1975 1757 2207 1820 -‘-'E'toc
2237 1758 2402 1819 πότε,
2441 1758 2635 1825 Κύριε·
2664 1787 2727 1800 -—
2750 1757 2840 1808 τὸν
2867 1755 2923 1808 δὲ
2950 1755 3132 1822 τρίτον
3170 1753 3225 1805 ὲν
3254 1749 3351 1820 τῷ,
3379 1748 3566 1802 Mrt-

301 1838 356 1892 in
387 1854 450 1892 co
487 1856 501 1892 ι
534 1839 671 1893 Doce
710 1853 812 1904 me,
848 1846 972 1911 quia
1023 1853 1076 1895 tu
1128 1861 1181 1898 es
1234 1844 1482 1900 Salvator
1519 1855 1683 1915 meus,
1714 1860 1763 1903 et
1823 1862 1861 1907 tt

1977 1861 2095 1902 σον
2122 1847 2265 1914 τοὺς
2293 1839 2645 1918 ὀφθαλμούς
2671 1865 2816 1916 μου,
2857 1849 2941 1917 μή
2997 1851 3142 1899 ποτε
3169 1842 3431 1900 ὑπνώσω
3461 1846 3561 1909 εἰς

298 1932 526 1984 sustinui
554 1941 662 1985 tota
701 1933 801 1987 die.
825 1963 894 1989 -.—
916 1937 982 1989 In
1007 1945 1073 2002 te,
1112 1936 1353 2002 Domine,
1403 1942 1609 2007 speravi
1635 1961 1647 1995 :
1680 1973 1749 1983 --
1791 1956 1868 2012 et,

295 2023 352 2072 In
406 2037 594 2074 manus
632 2035 753 2076 tuas
809 2027 1116 2080 commendo
1167 2029 1412 2097 spiritum
1453 2038 1643 2085 naeuus.
1691 2026 1870 2106 Imago

295 2112 440 2166 enim
474 2113 720 2182 quaedam
758 2116 949 2171 mortis
977 2127 1319 2174 estsomnus.
1353 2151 1422 2163 —
1446 2120 1546 2184 Qui
1567 2124 1872 2178 habitat.—

299 2201 364 2258 Et
397 2220 587 2259 rursus
620 2205 675 2260 in
708 2205 811 2262 hoc
848 2225 862 2260 :
898 2205 1026 2261 Non
1067 2209 1260 2264 timebo
1303 2227 1335 2263 a
1372 2212 1558 2268 timore
1586 2225 1866 2282 nocturno,

299 2313 330 2349 a
362 2301 571 2367 negotio
601 2299 1006 2367 perambulante
1053 2301 1106 2355 in
1150 2303 1400 2368 tenebris,
1439 2317 1491 2359 et
1540 2306 1595 2360 in
1633 2311 1863 2365 rteteris.

300 2389 503 2446 Deinde
534 2401 720 2460 partes
751 2392 1016 2461 quasdam
1050 2395 1352 2464 prophetia:
1400 2396 1550 2453 Isaiae
1593 2401 1868 2470 excipien-

299 2489 381 2536 tes
406 2492 696 2539 cantamus
731 2501 852 2554 qute
876 2486 1035 2542 nobis
1069 2496 1267 2542 contra
1299 2499 1626 2559 potestatem
1661 2493 1869 2548 daetno-

298 2589 428 2627 num
480 2576 806 2642 inserviunt,
845 2593 999 2632 suam
1051 2590 1214 2635 noctu
1275 2583 1507 2638 maxime
1546 2595 1863 2654 potestatem

297 2671 690 2720 exercentium.
746 2666 1036 2722 Nobiscum
1095 2672 1261 2737 enim,
1299 2674 1394 2740 ait,
1435 2674 1599 2741 Deus,
1656 2675 1864 2742 scitote,

294 2767 491 2826 gentes,
527 2768 575 2812 et
607 2760 896 2815 vincimini.
919 2761 1155 2831 Populus
1191 2765 1372 2819 sedens
1403 2766 1457 2818 in
1489 2769 1710 2823 tenebris
1734 2771 1866 2824 vidit

292 2852 461 2904 lucem
508 2867 778 2920 magnam,
821 2854 948 2922 quia
991 2855 1260 2909 nobiscum
1309 2855 1470 2922 Deus,
1523 2868 1578 2914 et
1628 2875 1750 2929 qua:
1797 2871 1860 2917 e‘x

290 2945 503 2998 ordine.
540 2973 609 2983 —
641 2943 955 3001 “luminare
982 2948 1162 3003 oculos
1199 2966 1362 3004 meos.
1389 2979 1457 2990 —-
1488 2951 1697 3008 Interea
1735 2971 1863 3012 vero

292 3037 558 3093 addentes
595 3039 834 3109 troparia
858 3041 1107 3111 quadam
1140 3051 1193 3098 et
1241 3057 1454 3113 preces,
1486 3075 1557 3084 —
1595 3045 1766 3102 Credo
1808 3048 1863 3103 in

1978 1940 2261 1995 θάνατον.
2292 1971 2357 1982 —-
2384 1933 2540 2010 Πρὸς
2567 1944 2664 2008 σὲ,
2695 1942 2897 2010 Κύριε,
2925 1932 3040 2009 ἦρα
3064 1952 3077 1968 °
3119 1969 3188 1978 —
3217 1941 3316 2006 τῆς
3348 1937 3405 1990 δὲ
3433 1937 3563 1988 seu-

1975 2033 2138 2101 τέρας
2159 2025 2389 2102 ’τριάδος
2427 2036 2486 2085 ὲν
2511 2031 2610 2102 τῷ,
2645 2031 2904 2095 Διδαξόν
2925 2047 3022 2100 με,
3049 2029 3136 2083 ὅτι
3159 2029 3239 2084 σὺ
3260 2020 3317 2082 ei
3337 2031 3369 2081 ὁ
3407 2028 3562 2092 Θεὸς

1977 2125 2010 2177 ό
2042 2123 2246 2193 Σωτήρ
2269 2141 2410 2192 μου,
2447 2124 2546 2178 καὶ
2591 2124 2668 2178 σὲ
2707 2126 3002 2193 ὑπέμεινα
3057 2123 3212 2190 ὅλην
3252 2121 3367 2189 τὴν
3414 2122 3563 2192 ἠμέ-

1968 2232 2108 2283 ραν.
2139 2246 2206 2256 -
2228 2216 2357 2270 Ἐπὶ
2393 2216 2492 2271 σοι
2522 2256 2537 2282 ,
2574 2218 2772 2285 Κύριε,
2806 2217 3065 2285 ἤλπισα.
3085 2245 3158 2257 —-
3195 2216 3302 2268 Καὶ
3329 2216 3414 2278 τὲ,
3452 2217 3561 2281 Εἰς

1975 2305 2180 2375 χεῖράς
2213 2323 2330 2362 σου
2359 2309 2782 2378 παραθήσομαι
2809 2311 2875 2363 τὸ
2899 2308 3136 2379 πνεῦμά
3176 2314 3320 2378 μου.
3365 2310 3561 2378 Μίμη-

1979 2416 2055 2469 μα’
2090 2402 2198 2470 γάρ
2224 2419 2277 2455 τι
2303 2401 2396 2455 τοῦ
2423 2403 2656 2460 θανάτου
2681 2394 2709 2456 δ
2741 2403 2930 2466 ῧτῖνοςο
2960 2433 3028 2444 -
3056 2402 3120 2457 ’0
3145 2401 3460 2456 κατοικῶν·
3483 2433 3561 2442 -

1975 2494 2072 2546 καὶ
2133 2491 2291 2556 αὖθις
2327 2497 2383 2549 ἐν
2443 2495 2556 2566 τῷ,
2595 2498 2678 2551 Οῠ
2731 2496 3153 2566 φοϐηθήσομαι
3203 2495 3323 2550 ἀπὸ
3361 2497 3556 2564 φόϐου

1973 2586 2350 2655 νυκτερινοῦ,
2382 2589 2500 2642 ἀπὸ
2521 2574 2865 2658 πράγματος
2886 2589 2957 2642 ἐν
2973 2589 3177 2642 σκότει
3205 2587 3556 2656 διαπορευο-

1969 2679 2180 2748 μένου,
2229 2681 2321 2742 καὶ
2374 2683 2484 2743 τοῖς
2531 2683 2764 2744 λοιποῖς.
2805 2681 2962 2735 Μετὰ
3017 2679 3180 2733 τοῦτο
3236 2681 3376 2751 μέρη
3421 2683 3549 2736 τινὰ

1989 2767 2210 2833 Ἡσαΐου
2248 2774 2591 2844 προφητείας
2621 2763 2989 2837 ἀπολαϐόντες
3021 2774 3240 2844 ᾄδομεν,
3273 2774 3414 2828 κατὰ
3449 2776 3552 2844 τῆς

1973 2866 2082 2921 τῶν
2113 2867 2388 2936 δαιμόνων
2418 2865 2696 2937 ἐνεργείας
2725 2861 2860 2939 ἡμῖν
2884 2869 3320 2940 συμϐαλλόμενοι,
3349 2869 3457 2922 τῶν
3487 2870 3552 2921 ἐν

1973 2960 2131 3013 ννκτὶ
2171 2959 2413 3029 μάλιστα
2466 2961 2567 3029 τὴν
2603 2963 2848 3029 πονηρὰν
2893 2962 3128 3033 δύναμιν
3160 2964 3548 3034 ὲπιδεικνυμέυ

1973 3069 2100 3107 νων.
2137 3051 2275 3107 Μεθ’
2300 3051 2468 3122 ἡμῶν
2489 3053 2620 3122 γὰρ,
2646 3071 2721 3124 φη
2736 3055 2836 3120 civ,
2871 3058 2902 3109 ὁ
2935 3057 3100 3123 Θεὸς,
3134 3057 3341 3126 γνῶτε,
3373 3059 3547 3127 ἔθνη,

290 3144 452 3182 unum
509 3128 700 3194 Deum,
745 3160 816 3170 —
862 3142 918 3214 et
975 3133 1156 3189 adhuc
1221 3135 1288 3188 ad
1349 3136 1656 3207 symbolum
1727 3141 1852 3196 ﬁdei

1969 3146 2059 3201 καὶ
2089 3141 2372 3213 ἡττᾶσθε.
2425 3144 2489 3200 '0
2543 3146 2692 3212 λαὸς
2742 3150 2774 3202 ὁ
2832 3151 3171 3219 καθήμενος
3223 3153 3293 3205 ἐν
3339 3156 3552 3209 σκότει

288 3251 356 3261 -
376 3220 628 3275 Miserere
660 3223 780 3289 nisi,
811 3223 948 3278 Deus
967 3242 988 3290 ;
1014 3255 1084 3266 —
1115 3240 1308 3283 rursus
1343 3222 1666 3300 incipientes
1700 3234 1858 3304 quin-

290 3311 664 3384 quagesimum
718 3323 1006 3371 cantamus
1055 3333 1220 3387 quem
1279 3328 1452 3388 certe,
1511 3323 1611 3378 etsi
1676 3326 1860 3394 parvis

289 3420 408 3474 qua!
439 3417 559 3474 post
588 3421 829 3473 caenam,
879 3407 933 3462 in
990 3409 1265 3481 principio
1306 3412 1588 3482 ponimus,
1623 3423 1682 3469 ut
1715 3429 1858 3472 nun-

287 3513 450 3568 quam
494 3497 540 3552 is
581 3499 869 3554 ominatur
924 3502 1017 3571 qni
1073 3504 1448 3572 paenitentiam
1477 3505 1640 3563 docet
1681 3524 1847 3579 quam

291 3587 398 3642 Deo
417 3604 512 3657 per
534 3598 701 3646 totam
719 3591 898 3645 vitam
931 3603 1190 3661 praestare
1214 3593 1497 3648 debemus.
1523 3625 1593 3637 --
1617 3596 1856 3666 Damiue,

286 3681 520 3744 exaudi;
552 3691 687 3736 —et
714 3691 837 3752 post
864 3683 1007 3738 hunc
1031 3683 1257 3737 alterum
1293 3687 1523 3754 tempori
1548 3702 1860 3758 congruen-

288 3781 419 3834 tem,
445 3771 498 3824 in
532 3773 616 3826 his
645 3789 765 3842 qua:
791 3772 924 3827 dicit
951 3791 965 3828 :
994 3771 1195 3829 Factus
1222 3792 1339 3830 sum
1377 3779 1514 3832 sicut
1544 3782 1856 3849 nycticorax

285 3861 342 3914 in
379 3862 668 3918 domicilio.
713 3863 962 3933 Vigilaci,
989 3875 1038 3920 et
1087 3866 1260 3936 factus
1308 3885 1424 3924 sum
1494 3873 1633 3926 sicut
1673 3889 1858 3942 passer

283 3951 557 4007 solitarius
592 3955 646 4007 in
677 3965 830 4015 tecto.
861 3986 930 3996 —
957 3957 1585 4029 Domine,omnipolens.
1617 3993 1676 4005 --
1711 3965 1857 4023 Loco

280 4059 464 4103 autem
498 4051 640 4105 tertii
687 4053 902 4121 psalmi,
953 4070 1076 4123 qua:
1123 4056 1326 4112 dicitur
1388 4058 1676 4130 Manassis,
1733 4076 1856 4119 ora-

283 4140 510 4208 tionem,
540 4143 874 4212 pmnitentite
903 4156 957 4200 et
989 4151 1425 4219 compnnctionis
1458 4166 1583 4208 vere
1626 4149 1853 4214 fontem.

285 4231 447 4297 Deus,
483 4233 535 4285 in
557 4235 885 4304 adjutorium
919 4251 1112 4304 meum,
1153 4271 1221 4282 —
1255 4251 1309 4298 et
1341 4260 1356 4298 :
1389 4243 1629 4309 Domine,
1659 4249 1854 4304 exaudi

281 4338 396 4378 nos.
448 4323 640 4380 Ctetcri
712 4342 844 4382 vero
901 4328 1098 4384 iterum
1146 4333 1339 4398 psalmi
1408 4350 1697 4404 parvorum
1733 4349 1855 4409 post

281 4417 566 4486 prandium
623 4417 923 4473 ciliciorum
961 4429 1015 4476 ct
1066 4421 1170 4492 ipsi
1205 4438 1425 4494 precem
1484 4427 1766 4496 habentes,
1801 4440 1854 4484 ct

1963 3234 2088 3293 εἶδε
2166 3237 2292 3308 φῶς
2339 3237 2492 3307 μέγα
2524 3277 2538 3302 ,
2591 3237 2680 3291 ὅτι
2740 3241 2872 3308 μεθ’
2931 3242 3100 3312 ἡμῶν
3149 3248 3183 3297 ό
3237 3247 3406 3310 Θεὸς,
3449 3249 3551 3302 καὶ

1961 3330 2062 3383 ὅσα
2113 3328 2262 3397 ἑξῆς.
2315 3357 2384 3368 -
2437 3326 2706 3384 Φώτισον
2765 3331 2906 3398 τοὺς
2980 3337 3330 3407 ὀφθαλμούς
3396 3359 3538 3410 μου·

1960 3453 2030 3465 -—-
2082 3423 2286 3493 μεταξὺ
2313 3424 2367 3476 δὲ
2412 3425 2689 3496 τροπάριά
2717 3444 2838 3480 τινα
2864 3435 2959 3481 καὶ
2999 3431 3166 3500 εὐχὰς
3199 3436 3542 3500 ὲπειπόντες.

1962 3545 2032 3556 --
2066 3516 2333 3569 Πιστεύω
2368 3519 2456 3581 εἰς
2487 3516 2595 3571 ἕνα
2625 3519 2722 3571 Θεέ
2736 3536 2794 3582 ν,
2823 3550 2894 3561 -
2927 3523 3022 3576 καὶ
3076 3526 3214 3595 πρός
3261 3544 3324 3594 γε
3355 3530 3432 3582 ἔτι
3483 3531 3544 3582 τὸ

1961 3606 2061 3677 τῆς
2091 3608 2324 3671 ttinere;
2356 3609 2631 3678 Σύμϐολον
2671 3641 2741 3653 --
2799 3605 3102 3685 Ἐλέησόν
3134 3635 3229 3689 με,
3289 3625 3322 3676 δ
3367 3625 3536 3689 θεὸς.

1961 3696 2116 3762 αὖθις
2141 3690 2438 3770 ἀρξάμενοι
2468 3700 2561 3754 τόν
2587 3708 2646 3754 τε
2703 3693 3069 3774 πεντηκοστδν
3110 3708 3330 3780 ᾄδομεν,
3368 3712 3542 3780 ὅνπερ

1959 3791 2021 3862 δὴ
2052 3793 2154 3848 κάν
2181 3790 2291 3853 τοῖς
2315 3786 2535 3864 μικροῖς
2556 3787 2905 3861 ἀποδειπνοις
2932 3801 2990 3852 ὲν
3018 3800 3161 3872 ἀρχῇ
3189 3803 3432 3873 τίθεμεν,
3463 3807 3544 3868 ὡς

1963 3882 2235 3954 μηδέποτε
2303 3885 2490 3938 τοῦτον
2547 3887 3001 3957 παραλελεῖφθαι,
3061 3895 3357 3959 μετανοξας
3413 3896 3544 3950 ὄντα

1959 3973 2292 4042 διδακτικὺν,
2321 3981 2386 4049 ἢν
2424 3970 2715 4052 ὀφείλομεν
2737 3983 3142 4040 ἐπιδείκνυσθαι
3173 3988 3251 4058 τῷ
3304 3989 3423 4061 Θεῷ
3452 3991 3546 4047 διὰ

1960 4061 2076 4136 βίον
2099 4070 2319 4134 παντός.
2354 4101 2423 4111 -
2460 4073 2657 4140 Κύριε,
2692 4076 3083 4143 εἰσάκουσον,
3109 4109 3176 4121 -
3207 4083 3301 4134 καὶ
3353 4082 3545 4154 ἕτερον

1958 4157 2050 4244 επὶ
2081 4161 2258 4244 τούτῳ
2310 4163 2388 4232 τῷ
2419 4165 2596 4234 καιρῷ
2631 4157 3099 4238 συμϐαλλόμενον,
3142 4172 3200 4224 ὲν
3233 4168 3314 4236 οἷς
3350 4192 3541 4244 φησιν,

1968 4240 2303 4324 Ἔγενῆθην
2336 4255 2482 4309 ὡσεὶ
2518 4261 2886 4328 νυκτικόραξ
2911 4262 2979 4315 ἐν
3003 4265 3314 4333 οἱκοπέδῳ,
3355 4240 3540 4338 dipsi-

1955 4348 2188 4413 πνησα,
2229 4347 2328 4402 καὶ
2352 4348 2650 4420 ἐγενόμην
2677 4352 2758 4419 ὡς
2798 4357 3123 4423 στρουθίον
3147 4361 3410 4428 μονάζον
3436 4364 3541 4418 ἐπὶ

1960 4435 2246 4506 δώματος.
2274 4468 2340 4479 -
2368 4441 2549 4508 Κύριε
2583 4444 3022 4515 παντοκράτορ,
3050 4477 3120 4490 —-
3164 4451 3284 4504 ἀντὶ
3330 4452 3388 4505 δὲ
3440 4453 3538 4507 τοῦ

280 4515 495 4578 tempus
522 4511 914 4581 signiﬁcantes.
941 4543 1008 4554 —
1034 4513 1221 4570 Gloria
1248 4519 1302 4571 in
1325 4517 1606 4573 altissimis
1633 4521 1761 4576 Deo.
1784 4551 1855 4562 --

1969 4527 2138 4598 τρίτου
2191 4529 2407 4600 ψαλμοῦ
2461 4531 2560 4602 τὴν
2611 4511 2880 4604 Μανασσῆ
2923 4511 3184 4607 βασιλέως
3231 4545 3541 4615 προσευχὴν

281 4600 345 4654 Et
383 4611 505 4669 post
545 4618 608 4657 ea
649 4603 934 4676 doxologia
965 4616 1022 4662 et
1049 4623 1171 4677 quze
1219 4621 1340 4679 post
1367 4627 1512 4680 eain,
1536 4615 1718 4668 onmia
1752 4631 1850 4671 eo-

277 4692 402 4748 dem
436 4695 596 4747 modo
628 4709 690 4748 ac
721 4696 990 4766 principio
1025 4699 1156 4764 diei,
1183 4709 1237 4755 et
1265 4707 1522 4772 troparla,
1552 4715 1605 4759 et
1635 4721 1850 4775 preces,

277 4791 335 4837 et
355 4781 512 4837 solita
541 4781 810 4840 dimissio.

1958 4621 2282 4691 λεγομένην,
2321 4624 2610 4693 μετανοίας
2649 4644 2705 4680 τε
2739 4631 2832 4682 καὶ
2876 4632 3225 4697 κατανύξεως
3281 4637 3541 4706 ἀφορμῇν

1958 4711 2122 4766 οὖσαν
2155 4745 2222 4754 -
2254 4715 2308 4767 Ὀ
2341 4715 2483 4782 Θεὸς
2509 4719 2597 4781 εὶς
2639 4718 2754 4786 τὴν
2779 4718 3074 4786 βοήθειάν
3091 4739 3232 4790 μου,
3261 4725 3374 4791 καὶ,
3415 4729 3539 4781 Kr}-

1963 4820 2072 4873 ριε,
2095 4804 2490 4862 εἰσάκουσον.
2521 4836 2592 4849 —-
2631 4809 2848 4880 ’Έτεροι
2897 4814 2954 4866 δὲ
2985 4817 3146 4869 πάλιν
3176 4819 3223 4869 οε
3277 4819 3385 4871 τῶν
3445 4837 3540 4888 μι-

278 4875 428 4947 κρῶν
461 4877 800 4933 ἁποδεῑπνων
817 4879 1040 4950 ψαλμοὶ,
1066 4883 1159 4936 καὶ
1193 4884 1346 4938 αὐτοὶ
1389 4889 1696 4960 upon-qi};
1729 4893 2000 4965 ἐχόμενοι,
2031 4901 2122 4952 καὶ
2189 4903 2516 4971 σημαντικοὶ
2565 4902 2658 4956 τοῦ
2695 4875 2912 4974 καιροῦ.
2952 4937 3023 4946 -
3052 4909 3207 4972 Δόξα
3272 4911 3342 4964 ἐν
3389 4875 3532 4982 ὑέω-

277 4983 450 5035 στοις
483 4971 604 5039 Θεῷ
632 5002 702 5013 -—
731 4977 826 5028 καὶ
858 4975 944 5026 ἐπ’
992 4976 1236 5049 αὑτοῖςὴ
1285 4979 1582 5052 δοξολογία,
1652 4988 1743 5039 καὶ
1801 4993 1866 5044 τὰ
1909 4992 2027 5062 μετ’
2078 4992 2248 5063 αὐτὴν
2291 4996 2505 5050 ἅπαντα
2543 4997 2634 5050 τὸν
2706 4998 2868 5054 αὑτὸν
2930 5000 3150 5069 τρόπον,
3207 5004 3267 5056 ὂν
3331 5008 3424 5059 καὶ
3474 5011 3537 5060 ἐν

277 5071 420 5141 ἀρχῇ
445 5068 544 5138 τῆς
573 5069 804 5140 ἡμέρας,
835 5071 1110 5142 τροπάριὰ
1149 5091 1227 5140 τε,
1281 5085 1375 5132 καὶ
1441 5081 1616 5154 εὐχαὶ,
1676 5088 1769 5138 καὶ
1829 5089 1862 5159 ἡ
1905 5089 2142 5161 συνήθης
2173 5089 2455 5154 ἀπόλυσις.
2967 5068 2975 5069 7

612 5165 687 5220 De
718 5169 1003 5222 sacerdotis
1028 5173 1528 5232 acclamationibus.

349 5251 655 5312 Sacerdotis
675 5273 857 5324 voces,
884 5271 937 5315 et
968 5261 1019 5314 in
1054 5265 1302 5320 oratione
1326 5282 1353 5319 a
1377 5266 1481 5323 Deo
1507 5270 1631 5326 data
1651 5284 1702 5326 et
1729 5274 1850 5327 aliis

275 5344 328 5398 in
357 5346 610 5414 precibus
658 5364 797 5418 quas
836 5367 937 5406 suo
986 5356 1206 5410 nomine
1262 5359 1409 5422 facit.
1453 5361 1592 5417 hanc
1646 5363 1848 5422 habent

275 5436 562 5492 rationem.
598 5439 1070 5504 Quemadmodum
1095 5447 1163 5501 dc
1195 5449 1320 5503 aliis
1352 5451 1514 5505 rebus
1535 5462 1695 5522 agere
1725 5458 1844 5524 qui-

272 5529 392 5580 dem
433 5543 555 5598 qua:
603 5547 742 5602 opus
785 5545 892 5598 est,
925 5536 1216 5606 cuiuslibet
1251 5549 1334 5596 est
1369 5543 1622 5608 volentis,
1682 5547 1846 5598 ratio-

275 5631 398 5670 nem
423 5633 552 5673 vero
582 5619 707 5675 lacti
740 5626 1035 5682 enuntiare
1058 5644 1112 5683 et
1143 5646 1387 5697 causam,
1444 5635 1590 5690 illius
1617 5646 1700 5691 est
1749 5639 1842 5708 qui

273 5708 582 5764 dominatur
618 5712 672 5765 in
700 5729 835 5778 rem,
876 5726 930 5771 et
959 5723 1233 5789 opusscit,
1275 5725 1349 5779 ita
1375 5726 1448 5781 ibi
1495 5743 1714 5800 quoque
1748 5747 1840 5785 uc-

272 5800 508 5854 cessaria
561 5817 590 5855 ιι
624 5805 732 5860 Deo
766 5817 951 5875 petere
1009 5823 1094 5867 est
1147 5830 1434 5874 commune
1499 5830 1551 5876 et
1585 5828 1830 5879 nosrruxu

2174 5185 2317 5253 Περὶ
2351 5187 2471 5240 τῶν
2496 5187 2602 5242 τοῦ
2642 5188 2842 5256 ἱερέως
2883 5190 3310 5261 ἐκφωνήσεων.

2026 5277 2089 5328 Δί
2132 5277 2225 5329 τοῦ
2269 5279 2456 5348 ἱερέως
2480 5281 2813 5349 ἐκφωνήσεις
2844 5283 2986 5338 ἔν.τε
3032 5289 3098 5356 τῇ
3157 5287 3534 5360 οεοπαραδὸτῳ

1943 5374 2254 5442 ιπροςευχῇ,
2315 5376 2407 5426 καὶ
2467 5373 2584 5433 ταῖς
2631 5373 2819 5436 ἄλλαις
2886 5369 2976 5438 αἶς
3037 5379 3196 5444 αὐτὸς
3233 5382 3353 5435 κατ’
3396 5384 3535 5437 ἰδίαν

1955 5463 2211 5526 ποιεῖται,
2239 5465 2476 5516 τοιοῦτον
2511 5465 2690 5534 ἔχουσι
2724 5467 2900 5534 λόγον.
2929 5469 3140 5541 Ὥσπερ
3168 5475 3258 5524 ἐπὶ
3287 5474 3398 5527 τῶν
3434 5477 3531 5529 ἄλ-

1952 5552 2057 5602 λων
2092 5557 2433 5623 πραγμάτων
2461 5557 2516 5608 τὸ
2560 5557 2658 5626 μὲν
2693 5563 2866 5612 ποιεῖν
2892 5561 2920 5614 ὅ
2952 5578 3004 5614 τι
3040 5562 3100 5631 δή
3145 5581 3275 5619 ποτε
3331 5571 3531 5632 παντὸς

1950 5644 2064 5696 ἐστι
2087 5647 2181 5696 καὶ
2218 5648 2311 5698 τοῦ
2355 5648 2702 5718 βουλομένου,
2738 5653 2798 5704 τὸ
2826 5652 2882 5705 δὶ
2925 5656 3016 5708 καὶ
3049 5656 3205 5726 λόγον
3234 5660 3531 5730 ὲκφράζειν

1945 5735 2039 5787 τοῦ
2066 5739 2380 5807 γενομένου,
2434 5742 2527 5796 καὶ
2595 5741 2694 5809 τὴν
2748 5743 2948 5811 αἰτίαν,
3010 5747 3362 5819 ὑπερέχοντος
3424 5753 3527 5823 ήδη

1939 5825 2137 5893 τοῦτο,
2198 5831 2290 5884 καὶ
2348 5825 2713 5903 ἐπιστήμονος
2779 5835 2979 5906 ἔργονο
3045 5841 3186 5896 οὕτω
3243 5842 3523 5897 κάνταῦθα

2804 5972 2832 5992 Ι
