3984 6202
1006 200 1037 206 ”
1062 204 1077 231 η’
1100 203 1120 209 ⁷”
1140 202 1265 231 ἰῪ’”“⁷
1288 201 1305 205 ’

341 250 483 318 ιέθό·

1724 244 2102 312 ADDENDA.

3434 233 3585 311 1205.

340 383 541 430 acinus,
579 375 684 419 tam
716 378 810 433 per
852 370 1121 416 oratorem
1154 369 1328 424 tuum,
1356 376 1514 429 quam
1547 378 1643 433 per
1674 364 1904 429 lil‘eras,
1936 373 1976 426 Α
2010 366 2181 434 gitare
2209 364 2458 429 velimus,
2491 363 2636 434 quod
2666 364 2802 418 duos
2832 361 3169 432 principatus
3206 360 3368 415 simili
3404 361 3584 415 forma

260 480 263 485 λ
340 454 512 523 magis
540 467 697 521 quam
735 451 898 505 rebus
937 451 1068 504 satis
1109 450 1313 504 factum
1354 452 1442 507 iri.
1473 451 1667 521 Accipe
1718 454 1900 519 igitur,

339 545 655 600 charissime
708 542 803 608 ﬁli,
843 558 958 610 quae
1005 543 1203 597 dicturi
1250 560 1461 611 sumus,
1519 556 1775 615 tanquam
1837 549 1904 600 ab

339 637 713 691 amantissimo
747 637 947 701 animo,
1001 652 1163 705 quem
1212 651 1339 690 vere
1374 648 1429 692 et
1465 639 1634 692 libere
1670 650 1722 693 te
1768 640 1904 692 allo-

339 740 594 798 quentem
636 728 855 798 deputa.
912 727 1045 782 Nam
1094 744 1192 783 nos
1248 729 1472 783 minime
1511 746 1794 785 versamur
1850 733 1900 784 in

338 824 586 886 dubium,
655 822 917 877 Joannem
988 820 1343 891 Palmotogum
1396 823 1490 876 tihi
1551 825 1603 875 in
1682 823 1905 890 imperio

340 914 813 983 prmdecessorem,
837 912 1056 966 fratrem
1091 922 1146 965 et
1176 927 1494 980 germanum
1533 922 1704 977 tuum,
1740 912 1780 963 si
1816 927 1907 964 vo-

342 1009 556 1074 luisset,
588 1023 687 1076 pro
716 1007 838 1060 data
874 1006 973 1059 sibi
1004 1021 1032 1059 a
1066 1004 1175 1058 Deo
1195 1004 1501 1071 prudentia,
1534 1004 1673 1057 hanc
1705 1020 1813 1057 rem
1840 1005 1904 1058 ad

343 1100 555 1153 felicem
589 1098 1111 1153 consummationem
1156 1095 1453 1166 perducere
1504 1095 1766 1163 potuisse.
1805 1096 1907 1149 Ve-

340 1198 644 1245 rumtamen
676 1203 795 1242 cum
830 1187 920 1241 ille
949 1187 1114 1241 nimis
1143 1187 1345 1256 eositat
1376 1186 1517 1241 hanc
1547 1201 1661 1240 rem
1702 1197 1910 1255 tempo-
1937 1183 1943 1191 ’

340 1281 439 1334 rali
507 1282 671 1336 statui
720 1295 821 1335 suo
893 1289 1172 1349 coaptare,
1227 1281 1293 1335 de
1361 1280 1540 1334 medio
1595 1281 1909 1334 subtractus

336 1382 442 1427 est.
472 1371 652 1425 Voluit
682 1372 864 1426 divina
898 1371 1235 1441 providentia
1295 1380 1343 1426 te
1377 1387 1751 1427 successorem
1788 1372 1910 1436 eius

338 1464 413 1519 illi
466 1466 518 1519 in
584 1464 813 1534 imperio
883 1464 1200 1535 subrogare.
1270 1463 1560 1518 Serenitati
1611 1479 1756 1518 nunc
1806 1475 1911 1519 tua:

337 1555 728 1625 providendum
769 1564 872 1618 est,
942 1571 1030 1621 ne,
1082 1571 1194 1608 rem
1250 1555 1457 1609 diutius
1492 1556 1908 1624 .protrahendo,

335 1650 589 1705 eiliciaris
622 1665 848 1704 consors
882 1659 1067 1703 reatus
1096 1656 1150 1702 et
1185 1663 1376 1715 parum.
1409 1647 1692 1702 Nescimus
1722 1651 1765 1702 si
1818 1650 1910 1701 do-

334 1744 471 1807 lose,
508 1743 551 1797 si
604 1741 856 1810 religiose
911 1741 976 1793 de
1027 1739 1337 1792 Christiana
1396 1741 1654 1808 religione
1704 1741 1907 1809 cogita-
1938 1732 1983 1792 Β

337 1849 503 1887 mus:
537 1833 589 1883 in
626 1847 792 1901 regno
820 1830 1081 1884 caalorum
1119 1828 1297 1882 locum
1346 1829 1461 1881 dari
1501 1844 1660 1897 posse
1706 1829 1772 1884 iis
1812 1820 1906 1897 qui

335 1940 365 1975 a
403 1921 696 1976 christiana
734 1922 940 1974 unitate
973 1916 1320 1972 dissentiunt.
1357 1916 1487 1970 Nam
1527 1918 1592 1970 de
1626 1917 1769 1970 facto
1802 1920 1911 1986 pri-

337 2013 538 2076 inario,
590 2011 866 2080 quoddam
922 2009 1206 2064 exordium
1258 2008 1584 2063 Christianae
1635 2009 1911 2077 religionis

332 2115 420 2161 est
449 2104 764 2176 Symbolum
801 2104 1073 2173 proliteri,
1106 2103 1161 2156 in
1210 2118 1317 2170 quo
1348 2117 1509 2155 unam
1564 2112 1809 2158 sanctam
1858 2115 1911 2159 et

337 2198 663 2253 catholicam
718 2196 1040 2251 conﬁtemur
1098 2194 1422 2260 Ecclesiam,
1484 2210 1603 2263 quzr
1668 2196 1911 2263 profecto

334 2305 442 2345 una
471 2304 591 2346 esse
620 2303 725 2343 non
762 2288 980 2357 poterit,
1022 2287 1120 2341 nisi
1156 2288 1318 2342 unius
1364 2286 1529 2356 capiti
1563 2289 1746 2343 omnia
1794 2290 1913 2359 ejus

334 2386 578 2440 membra
611 2381 1003 2451 respondeant,
1024 2394 1132 2447 quo
1154 2380 1443 2450 dirigente,
1474 2389 1530 2434 et
1558 2381 1731 2435 vicem
1769 2381 1912 2436 illius

335 2477 522 2531 aeterni
573 2474 854 2529 Pontiﬁcis
888 2473 1189 2539 obtinente,
1246 2474 1337 2541 qui
1393 2481 1583 2543 regnat
1630 2472 1684 2526 in
1734 2474 1910 2539 coalis,

336 2582 560 2622 necesse
591 2574 675 2619 est
702 2565 849 2619 illius
880 2566 1142 2626 membra,
1186 2563 1395 2632 mystici
1446 2565 1691 2632 corporis
1737 2580 1901 2619 mem-

338 2654 456 2718 bra,
489 2652 554 2707 ad
586 2666 681 2706 sua
714 2650 1015 2705 ministeria
1050 2664 1370 2705 moveantur
1399 2668 1411 2705 :
1448 2662 1504 2705 ut
1550 2656 1593 2706 sl
1647 2666 1791 2710 recte
1824 2670 1915 2709 co-

343 2828 658 2902 προσθεῖναι
684 2829 961 2897 ἐϐούλετο,
990 2829 1147 2884 οὐθὲν
1179 2832 1243 2884 ἂν
1278 2822 1347 2900 ἦν
1384 2832 1670 2900 νὲμποδῶν,
1732 2835 1803 2904 μὴ
1839 2837 1916 2897 είς

341 2925 495 2987 τέλος
531 2925 753 2993 εὐτυχὲς
781 2924 847 2977 τὰ
880 2924 975 2991 τῆς
1025 2926 1297 2988 ένώοεως,
1350 2927 1737 2996 προχωρῆσαι.
1804 2928 1916 2980 ΝΞ)

2008 459 2271 522 viventes,
2302 470 2487 513 tamen
2518 457 2752 529 propriis
2802 456 3039 525 regibus,
3081 454 3243 509 etiam
3289 454 3589 522 imperato-

2007 550 2156 606 ribus
2184 551 2504 613 servientes,
2544 564 2714 603 unum
2751 564 2855 601 non
2894 561 3019 601 esse
3074 546 3353 616 permittet
3404 544 3588 611 impe-

2008 641 2170 696 rium.
2204 642 2573 697 Intelleximus
2596 641 2743 695 enim
2768 638 2970 694 diversi
2996 646 3170 693 status
3202 635 3419 705 imperii
3460 636 3590 689 inde

2007 735 2222 804 prodire
2249 734 2537 800 rationem,
2587 734 2730 802 quod
2771 732 2942 784 divisa
2973 732 3143 799 capita
3176 730 3275 783 sibi
3314 743 3423 781 non
3458 728 3592 779 θυι)-

2006 828 2281 894 ordinata,
2369 827 2461 880 sed
2519 825 2673 893 quasi
2727 824 2795 878 de
2864 831 3131 891 potestate
3168 818 3588 883 contendentia,

2011 932 2177 970 unum
2209 931 2331 970 esse
2368 932 2472 969 non
2510 915 2791 985 patittntur
2826 913 3133 982 imperium.
3170 910 3249 963 Ex
3292 924 3399 977 quo
3435 908 3591 962 facile

2006 1010 2138 1065 lime
2188 1008 2349 1062 datur
2402 1008 2652 1076 intelligi.
2704 1022 2866 1059 unam
2918 1020 3023 1058 non
3074 1017 3234 1072 posse
3285 998 3587 1054 Ecclesiam

2010 1104 2203 1159 conﬁci
2244 1118 2308 1154 ex
2362 1102 2427 1154 iis
2478 1100 2568 1169 qui
2634 1098 2724 1153 uni
2797 1098 2961 1167 capiti
3034 1096 3259 1151 subesse
3306 1100 3585 1148 recusant.

2009 1195 2121 1250 Nec
2151 1183 2347 1263 aliptitl
2383 1203 2487 1258 est,
2524 1191 2667 1261 quod
2699 1192 2770 1243 ita
2803 1190 3084 1243 evidenter
3111 1187 3192 1239 vel
3241 1184 3485 1254 politica:
3508 1182 3587 1236 vel

2011 1286 2222 1353 imperii
2258 1293 2450 1353 arguat
2499 1283 2787 1344 unitatem,
2820 1295 2981 1349 quam
3029 1276 3172 1347 quod
3220 1276 3401 1331 unitas
3437 1276 3589 1345 prin-

2010 1379 2244 1447 cipatun
2274 1376 2383 1431 Nec
2411 1377 2570 1430 unica
2608 1377 2803 1437 forma,
2833 1373 2915 1428 vel
2968 1371 3091 1426 ﬁnis
3146 1369 3363 1423 unionis
3393 1368 3589 1422 divisis

2014 1470 2409 1540 principatibus
2442 1475 2671 1537 possunt
2707 1480 2829 1520 esse
2870 1463 3205 1518 communia.
3237 1460 3470 1515 Unionis
3499 1474 3589 1512 au-

2012 1571 2119 1618 tem
2154 1573 2330 1616 motor
2360 1561 2615 1622 eilicieus,
2646 1558 2727 1613 vel
2757 1558 2949 1612 ductor
2976 1569 3267 1623 supremus
3299 1568 3363 1606 ex
3399 1566 3588 1605 neces.

2013 1657 2169 1710 sitate
2211 1655 2430 1708 unicum
2470 1652 2646 1723 arguit
2693 1650 3061 1720 principatum
3086 1664 3100 1713 ;
3127 1664 3255 1718 ergo
3284 1649 3469 1702 omnis
3495 1645 3581 1715 qui

2013 1762 2176 1801 unum
2206 1747 2501 1799 conﬁtetur
2531 1744 2850 1807 Erclesiam,
2899 1758 3020 1812 qua:
3055 1742 3111 1795 in
3151 1752 3263 1796 tcto
3301 1741 3437 1797 orbe
3481 1741 3579 1795 dif-

2012 1835 2130 1888 fusa
2177 1844 2285 1900 est,
2319 1843 2534 1903 oportet
2574 1844 2634 1888 ut
2684 1848 2851 1886 unum
2901 1840 3165 1901 agnoscat
3215 1842 3379 1900 caput
3425 1832 3577 1884 totius

2015 1927 2302 1980 militantis
2340 1926 2619 1988 Ecclesiaa,
2683 1926 2769 1980 cui
2806 1940 2997 1993 parere
3038 1933 3092 1978 et
3143 1924 3363 1977 obedire
3397 1934 3569 1977 tenea-

2015 2030 2121 2073 tur.
2154 2018 2310 2072 ltlum
2341 2032 2740 2087 recognoscens
2768 2018 2932 2071 etiam
2965 2015 3244 2070 Pontiﬁcis
3269 2013 3386 2069 Iesu
3415 2014 3559 2068 Chri-

2013 2108 2078 2163 sti
2115 2107 2327 2162 Domini
2357 2107 2535 2162 nostri
2568 2107 2740 2162 vicem
2773 2116 2957 2163 tenere
3000 2107 3053 2160 in
3085 2108 3264 2173 terris,
3292 2116 3344 2160 et
3368 2105 3447 2159 cui
3476 2120 3556 2175 pa-

2015 2215 2133 2255 rere
2167 2215 2391 2255 necesse
2423 2200 2515 2254 sit.

2088 2293 2229 2364 Ergo
2258 2294 2349 2364 qui
2387 2294 2499 2348 vult
2536 2310 2662 2351 vere
2690 2293 2998 2365 Symbolum
3050 2300 3102 2347 ct
3130 2307 3292 2347 unam
3345 2301 3565 2348 sanctam

2018 2382 2314 2438 Ecclesiam
2366 2383 2691 2438 catholicam
2733 2383 2997 2453 proﬁteri,
3042 2391 3224 2438 teneat
3267 2398 3432 2437 unum
3463 2397 3570 2437 esse

2016 2484 2178 2545 caput
2207 2475 2466 2531 Ecclesia;
2513 2476 2824 2540 militantis,
2857 2477 2944 2531 cui
2976 2477 3199 2532 obedire
3238 2492 3457 2531 necesse
3487 2475 3570 2531 sit.

2014 2569 2126 2623 Nec
2145 2584 2381 2639 unquam
2417 2570 2470 2625 in
2495 2568 2588 2625 Dei
2622 2569 2860 2625 Ecclesia
2893 2570 3187 2626 schismata
3210 2576 3570 2630 surrexerunt,

2019 2663 2122 2717 nisi
2162 2677 2226 2718 ex
2258 2663 2343 2716 his
2396 2662 2489 2730 qui
2520 2662 2647 2717 huic
2680 2661 2843 2732 capiti
2876 2663 3100 2718 subesse
3136 2662 3443 2718 noluerunt.
3481 2660 3573 2717 Ex-

2018 2825 2109 2878 ἑπὶ
2136 2824 2196 2878 τι
2229 2825 2430 2877 οἰκεῖον
2457 2812 2741 2890 κινήσεται
2764 2823 2947 2892 ἔργον.
2977 2824 3086 2876 Καὶ
3118 2821 3214 2891 μὲν
3248 2820 3313 2891 δὴ
3367 2821 3577 2873 πόλεοιν

2019 2918 2168 2968 δυοῖν
2195 2913 2243 2965 τ’
2274 2915 2410 2968 ἀλλα
2446 2914 2548 2975 μὲν
2582 2911 2836 2981 ὲχούσαιν
2857 2910 3083 2977 ὁμοίως,
3114 2913 3336 2980 ἄρχοντι
3389 2911 3441 2963 δὲ
3502 2910 3575 2979 μὴ

340 3019 395 3071 δὲ
422 3018 535 3072 ἀλλ’
564 3017 678 3072 ἃττ’
699 3017 758 3069 οὐ
790 3016 967 3078 καλῶς
998 3018 1107 3069 alat
1146 3018 1596 3087 προαιρούμενος,
1627 3024 1718 3074 καὶ
1756 3021 1927 3093 ἔργον
1948 3071 1989 3093 η
2021 3007 2207 3060 οὔσαιν
2238 3007 2311 3077 τῷ
2363 3006 2510 3073 αὖτῷ
2551 3007 2835 3074 ὑπηκόων.
2881 3006 3055 3058 αἴτιον
3097 3004 3188 3055 τοῦ
3231 3003 3361 3071 μίαν
3403 3004 3577 3070 γίγνε-

344 3112 488 3164 θεῖον
514 3110 779 3179 ἐπιθυμίᾳ
806 3109 1146 3177 πραγμάτων
1172 3110 1487 3177 πολιτικῶν,
1562 3114 1765 3182 μᾶλλον
1824 3114 1917 3166 τοῦ

343 3203 553 3265 δέοντος
577 3201 1030 3271 φιλοτιμούμενος
1082 3200 1416 3269 ἐφαρμόσαι,
1444 3204 1698 3274 επίχειρα
1721 3222 1918 3274 προτι-

344 3297 544 3365 ρέσεως
580 3294 679 3347 οὐκ
709 3295 919 3364 ἀγαθῆς
952 3296 1340 3365 καταστροφὴν
1371 3297 1464 3347 τοῦ
1498 3294 1614 3364 βίου
1648 3296 1916 3365 λαμὸἀιιει

344 3389 498 3458 παρὰ
542 3389 700 3452 Θεοῦ,
763 3388 829 3439 ἵν’
878 3388 1039 3450 αὐτὸς
1104 3388 1202 3456 μὲν
1258 3388 1450 3441 θᾶττον
1508 3388 1755 3441 ἐκποδὼν
1807 3393 1918 3452 τοῖς

346 3481 639 3550 πράγμασι
674 3479 916 3551 γένηται,
954 3479 1140 3548 ἕτερος
1167 3480 1223 3532 δέ
1260 3497 1344 3541 τις
1372 3480 1481 3531 τῶν
1511 3479 1672 3532 θείων
1725 3496 1919 3549 προαι-

349 3572 707 3641 ρετικιὶπερος
730 3571 829 3637 τήν
886 3585 946 3622 τε
982 3570 1156 3637 ἀρχὴν
1197 3566 1514 3638 παραλάϐῃ,
1547 3567 1641 3619 καὶ
1688 3566 1804 3634 ἅμα
1850 3567 1917 3619 τὰ

342 3663 421 3732 τῷ
449 3662 567 3732 Θεῷ
590 3662 849 3715 δοκοῦντα
882 3661 1205 3730 ὕπουργήσῃ
1239 3658 1423 3722 εὐθύς.
1451 3658 1542 3711 Διδ
1583 3660 1642 3711 σὲ
1672 3659 1735 3729 δὴ
1772 3661 1917 3726 γένει

250 3816 253 3817 ν
347 3756 446 3826 μὲν
476 3753 701 3823 ἀδελφὺν
736 3754 863 3807 ὄντα
897 3751 1131 3817 ἑκείνου,
1181 3752 1352 3822 ἀρετῇ
1401 3751 1457 3805 δὲ
1514 3751 1697 3822 πολλῷ
1748 3754 1919 3806 πλείω

343 3847 692 3915 διαφέροντα,
723 3846 756 3914 ἠ
783 3844 850 3897 τὰ
875 3843 1052 3897 πάντα
1099 3843 1378 3896 διοικοῦσα
1413 3845 1642 3913 πρόνοια
1691 3847 1767 3906 είς
1821 3845 1919 3916 τὴν

346 3939 518 4006 αὐτὴν
547 3935 720 4007 ἀρχὴν
747 3934 1030 4004 ἀγαγοῦσα
1071 3934 1419 4003 καθίστησιν,
1466 3935 1554 3990 ἵνα
1611 3936 1720 3989 τῶν
1756 3936 1918 3989 θείων

346 4028 691 4097 πραγμάτων
720 4027 991 4097 ἀμελῆται
1022 4024 1210 4095 μηδὲν,
1247 4027 1311 4078 ἐκ
1342 4027 1617 4097 μηδεμιᾶς
1645 4028 1755 4080 τῶν
1791 4030 1917 4095 περὶ

345 4122 443 4174 τὸν
464 4119 801 4190 ἀνθρώπινον
829 4119 1039 4171 τουτονὶ
1096 4117 1212 4185 βίον
1244 4118 1571 4185 προφάσεως
1601 4135 1614 4149 ·
1668 4119 1790 4172 ὅθεν
1852 4120 1918 4188 σὴ

351 4214 444 4265 καὶ
475 4213 714 4265 σκεπτέα
747 4228 829 4264 σοι
876 4211 972 4262 νῦν
1032 4210 1171 4274 ἔστι,
1228 4210 1323 4261 καὶ
1388 4211 1692 4279 προνοητέα
1742 4210 1916 4265 σθένει

353 4303 533 4367 παντὶ,
556 4305 703 4364 ὅπως
733 4303 805 4370 μὴ
839 4303 930 4355 καὶ
964 4300 1029 4352 σὺ
1061 4300 1223 4353 πάλιν
1244 4301 1350 4353 τῶν
1373 4302 1573 4366 αὐτῶν,
1611 4301 1754 4355 ἐκῶν
1785 4303 1918 4372 ἀμε-

2025 3100 2146 3153 σθαι
2183 3100 2487 3167 ἡγεμονίαν
2509 3099 2693 3168 ἥκιστ’
2717 3098 2946 3160 ἐθέλειν,
2982 3098 3139 3149 ούθὲν
3184 3098 3311 3151 ἄλλο
3342 3099 3578 3165 φαίνεται

2026 3190 2320 3243 σκοποῦσιν
2348 3190 2546 3259 ὀρθῶς,
2584 3190 2616 3260 ἢ
2643 3189 2752 3243 τῶν
2779 3189 2844 3241 τὰ
2868 3190 3110 3258 ἄρχοντα
3142 3189 3237 3241 δύο
3296 3188 3443 3251 ὅντα,
3491 3188 3580 3240 καὶ

2026 3283 2323 3351 μηδέτερον
2379 3281 2593 3351 θατέρῳ
2643 3282 2906 3349 ὑπήκοον,
2982 3279 3118 3333 ἀλλὰ
3179 3280 3424 3349 ἀλλήλοιν
3475 3278 3579 3331 τῶν

2023 3373 2307 3440 πρωτείων
2343 3371 2743 3441 ἀμιλλομένων,
2778 3370 2908 3441 μίαν
2940 3372 3038 3423 ούκ
3066 3372 3130 3441 ἐᾷ
3150 3370 3427 3439 γίγνεσθαι
3456 3371 3579 3437 ἠγε-

2025 3467 2217 3536 μονίαν
2248 3466 2355 3517 τῶν
2383 3464 2541 3518 ὅλων.
2570 3462 2782 3515 υΰκουν
2816 3464 2876 3516 οὐ
2907 3463 2961 3515 δὲ
2993 3465 3333 3532 χριστιανοῖς
3366 3457 3476 3514 οἷόν
3525 3477 3579 3511 τε

2025 3558 2156 3627 μίαν
2176 3559 2305 3609 ποτὲ
2336 3558 2639 3625 ἐκκλησίαν
2701 3558 2893 3624 στῆναι
2941 3558 3001 3606 ἐκ
3049 3555 3161 3606 τῶν
3223 3555 3404 3623 μηθὲν
3452 3556 3577 3621 σφᾶς

2022 3650 2221 3713 αὐτοὺς
2247 3651 2468 3704 τάσσειν
2486 3632 2594 3716 »ὑφ’
2622 3648 2721 3700 ἕνα
2757 3650 2994 3718 ἄρχοντα
3022 3645 3318 3701 ὲθελόντων
3354 3664 3369 3679 ·
3402 3649 3463 3700 οὐ
3484 3647 3583 3715 γὰρ

2022 3742 2166 3794 ἔστιν
2185 3742 2265 3793 ὅτι
2285 3739 2560 3792 πολιτείαν
2573 3739 2669 3808 ἧντ
2681 3756 2763 3790 ινα
2782 3735 2874 3792 οὗν
2889 3737 3015 3806 μίαν
3032 3735 3128 3788 καὶ
3144 3736 3448 3805 ἀδιαίρετον
3461 3737 3586 3787 ἁπο-

2023 3831 2275 3902 φαίνεται
2314 3831 2536 3902 μᾶλλον,
2580 3836 2702 3893 τοῦ,
2735 3831 2795 3881 τὸ
2818 3829 2874 3881 ἓν
2910 3823 3052 3881 εἶναι
3079 3827 3140 3879 τὺ
3169 3828 3354 3897 κύριον
3387 3826 3583 3894 Ἀρχῆς

2024 3925 2123 3992 μὲν
2157 3924 2266 3991 γὰρ
2286 3920 2519 3990 σχῆμαῆ
2559 3920 2708 3981 τέλος
2740 3917 2819 3983 ἓν,
2848 3920 2950 3971 οὐκ
2984 3918 3247 3971 πλειόνων
3266 3918 3469 3986 κυρίων
3493 3917 3584 3983 γέ-

2021 4015 2153 4067 νοιτ’
2192 4016 2281 4079 ἂν,
2312 4014 2370 4066 ἓν
2397 4014 2452 4065 δὲ
2498 4015 2769 4082 κινήσεως
2826 4012 3115 4083 ποιητικὸν
3158 4012 3351 4074 αἴτιον,
3413 4008 3587 4059 εῐτονν

2022 4105 2252 4175 πρώτως
2283 4104 2639 4160 διατακτικὸν
2672 4104 2767 4155 καὶ
2801 4102 3109 4155 διθυντικὸν
3134 4101 3233 4154 τοῦ
3287 4101 3476 4164 αὑτοῦ,
3530 4100 3589 4151 ἒν

2020 4199 2081 4251 τὸ
2113 4199 2304 4269 κύριον
2333 4197 2392 4261 ἐξ
2413 4199 2660 4266 ἀνάγκης
2691 4196 3064 4247 ἀποδεικνύει.
3096 4194 3201 4245 Τὸν
3226 4193 3407 4246 τοίνυν
3466 4193 3585 4245 Ἑκο

2023 4292 2252 4361 κλησίαν
2280 4291 2646 4362 ὁμολογοῦντα
2685 4290 2835 4358 μίαν,
2871 4290 2970 4359 τὴν
3000 4290 3080 4351 είς
3113 4290 3293 4341 πάντα
3331 4287 3473 4354 μέρη
3494 4286 3587 4352 τῆς

350 4396 542 4463 λήσας,
583 4395 677 4446 καὶ
712 4393 785 4461 μὴ
838 4393 1016 4453 καλῶς
1051 4392 1129 4462 τῷ
1182 4392 1310 4461 θείῳ
1359 4393 1711 4462 ὑπουργικῶς
1769 4394 1918 4463 θελὴ.
1951 4398 1993 4452 ι’)
2020 4386 2344 4453 οἰκουμένης
2367 4383 2852 4453 προϐιϐασθεῖσαν,
2874 4382 3046 4463 ἓναδὴ
3076 4382 3285 4445 καὶτῆς
3312 4380 3440 4447 ὅλης
3476 4379 3591 4430 Ἐκ-

355 4502 506 4551 ματι,
558 4484 811 4544 κοινωνὸς
842 4484 893 4535 τ’
916 4483 1130 4551 ἁδελφῷ
1165 4484 1374 4553 γενήσῃ
1426 4484 1536 4535 τῶν
1567 4483 1699 4536 ἴσων
1728 4484 1922 4554 ἀδικη-

358 4578 545 4646 μάτων
580 4576 674 4627 καὶ
693 4575 995 4643 τιμωριῶν,
1031 4574 1104 4635 ὡς
1135 4574 1303 4637 εἰκὸς,
1350 4575 1459 4626 τῶν
1499 4574 1696 4627 αὐτῶν.
1739 4576 1814 4629 Οὐ
1849 4576 1921 4644 μὴ

357 4672 465 4739 γὰρ
498 4669 727 4731 δίκαιον,
755 4667 816 4718 οὐ
840 4667 895 4717 δὲ
926 4666 1071 4719 ὅσιον
1122 4665 1154 4733 ἢ
1194 4665 1319 4726 τοὺς
1363 4666 1438 4734 μὴ
1480 4666 1580 4734 τὴν
1624 4666 1731 4719 τῶν
1792 4666 1924 4733 Χρι-

359 4761 590 4815 στιανῶν
621 4759 817 4811 ἕνωσιν
863 4757 959 4809 καὶ
1002 4756 1258 4824 ὁμόνοιαν
1324 4756 1788 4825 ὑποδεχουμένους
1829 4756 1924 4810 καὶ

267 4847 289 4927 ξ
356 4854 705 4922 πράσσοντας
732 4849 926 4917 μοίρας
948 4845 1015 4899 ἂν
1053 4844 1264 4898 οἴεσθαι
1310 4849 1495 4913 τυχεῖν
1525 4847 1623 4915 τῆς
1679 4848 1924 4917 οὐρανῶν

262 4962 281 5005 ξ
360 4941 717 5011 βασιλείας,ἢ
759 4940 984 5009 χάριτος
1034 4936 1353 5005 ἡστινοσοῦν
1411 4939 1562 5006 ποιρά
1616 4937 1709 4989 τοῦ
1764 4936 1918 4991 Θεοῦ.

270 5042 275 5049 ’
362 5035 520 5085 Ἐστι
551 5034 655 5101 γάρ
721 5032 795 5093 ὡς
839 5030 1053 5107 ἀληθῶς
1098 5029 1196 5097 τῆς
1244 5029 1585 5097 Χριστιανῶν
1642 5030 1925 5091 εὐσεϐείας

357 5124 546 5193 ῶσπερ
593 5141 645 5175 τι
674 5122 956 5190 προοίμιον
988 5123 1021 5191 ἡ
1052 5120 1143 5174 τοῦ
1173 5119 1318 5190 ἱεροῦ
1352 5119 1620 5188 συμϐόλου
1644 5122 1922 5191 ὁμολογία,

358 5211 476 5283 ὲνῷ
497 5217 623 5285 μίαν
655 5214 1023 5284 ὁμολογοῦμεν
1053 5215 1212 5280 ἁγίαν
1247 5214 1339 5265 καὶ
1369 5213 1661 5283 καθολικὴν
1695 5215 1927 5285 Ἐκκλη-

304 5376 310 5381 ~
358 5309 504 5361 σίαν.
538 5306 755 5375 Ταύτην
787 5307 842 5358 δὲ
872 5308 1001 5376 μίαν
1037 5307 1306 5373 ύπάρχειν
1339 5306 1435 5373 οὐχ
1474 5302 1583 5356 οἷόν
1630 5323 1710 5368 τε,
1751 5308 1817 5358 ἂν
1853 5309 1927 5376 μὴ

356 5403 425 5452 τᾶ
458 5399 751 5468 σύμπαντα
780 5398 951 5465 αὐτῆς
987 5398 1128 5465 μέρη
1173 5398 1279 5449 ὑπὸ
1313 5398 1443 5464 μίαν
1478 5397 1719 5466 τυγχάνῃ
1762 5414 1929 5465 κεφα-

356 5490 455 5557 >ὴν
489 5492 638 5544 ὄντα.
727 5492 806 5551 Ης
884 5489 991 5558 ἄρα
1050 5489 1225 5551 ἄλλως
1277 5488 1564 5557 ὀρθούσης,
1625 5489 1927 5557 ίθυνούσης,

359 5578 454 5628 καὶ⁵
486 5579 604 5629 ἀντί
639 5577 871 5644 Χριστοῦ
900 5577 989 5628 τοῦ
1034 5578 1204 5630 ἀϊδίου
1237 5577 1541 5645 ἀρχιερέως
1593 5577 1927 5647 προϊσταμέ-

360 5683 477 5733 νης,
505 5666 864 5717 ἕκαστοντῶν
919 5669 1011 5717 τοῦ
1076 5667 1339 5735 μυστικοῦ
1408 5666 1657 5735 σώματος
1723 5670 1930 5737 μορίων

2024 4476 2254 4543 κλησίας
2284 4473 2521 4542 ἄρχοντα
2557 4472 2800 4525 τίθεσθαι
2826 4471 2925 4533 δεῖ,
3043 4470 3368 4536 πειθόμενος
3414 4470 3594 4523 πάντα

2024 4568 2113 4619 τὸν
2146 4566 2338 4635 χρόνον
2366 4564 2654 4629 διατελέοι,
2687 4563 2782 4615 ἅτε
2818 4561 2882 4629 δὴ
2907 4560 3000 4613 ἐπὶ
3030 4559 3137 4627 γῆς
3163 4561 3277 4611 ὄντι
3320 4558 3439 4613 ἀντ’
3495 4559 3594 4610 αῦ-

2024 4655 2116 4709 τοῦ
2161 4656 2254 4709 τοῦ
2281 4656 2499 4709 πάντων
2521 4656 2727 4724 Κυρῖου
2764 4651 2939 4719 Ἰησοῦ
2975 4650 3214 4721 Χριστοῦ
3276 4653 3370 4704 καὶ
3422 4652 3597 4703 ἀϊδίου

2025 4748 2348 4817 ἀρχιερέως,
2381 4741 2425 4816 ᾧ
2459 4750 2661 4809 πάντας
2688 4743 2989 4797 ὑπακούειν
3020 4744 3239 4813 ἀνάγκη
3279 4745 3455 4796 πᾶσα.

2096 4842 2187 4891 Δεῖ
2206 4837 2493 4907 τοιγαροῦν
2521 4838 2646 4898 τοὺς
2678 4837 2739 4889 τὸ
2773 4836 3043 4905 σύμϐολον
3078 4836 3172 4887 καὶ
3198 4834 3329 4904 μίαν
3365 4833 3601 4901 Ἐκκλη-

2030 4932 2149 4983 σίαν
2181 4931 2464 4997 ὁμολογεῖν
2486 4928 2792 4993 ἀξιοῦντας,
2830 4927 2926 4980 ἕνα
2952 4928 3052 4996 τῆς
3105 4926 3233 4995 ὅλης
3269 4926 3601 4996 Ἐκκλησίας

2027 5022 2166 5077 εἶναι
2200 5024 2443 5091 ύγεμόνα
2475 5022 2740 5092 νομίζειν,
2770 5014 2812 5088 ᾧ
2855 5021 3070 5083 πάντας
3102 5020 3389 5072 πείθεσθαι
3432 5021 3603 5085 ἀναγ-

2028 5117 2184 5169 καῖον
2210 5117 2316 5185 εῐη.
2367 5115 2456 5177 Ὠς
2476 5116 2545 5166 τά
2588 5130 2647 5167 τε
2678 5114 2955 5182 σχίσματα
2984 5112 3159 5165 ὁπόσα
3184 5112 3249 5181 δὴ
3281 5114 3374 5165 καὶ
3407 5111 3601 5179 γέγονε

2029 5207 2250 5258 πώποτε
2284 5205 2413 5274 περὶ
2456 5203 2554 5273 τὴν
2582 5197 2719 5256 Θεοῦ
2767 5202 3119 5270 Ἐκκλησίαν,
3147 5202 3446 5269 οὐδαμόθεν
3499 5201 3601 5253 ἂλ-

2028 5298 2182 5351 λοθεν
2217 5298 2359 5364 πλὴν
2395 5299 2547 5366 παρά
2567 5296 2675 5348 τῶν
2710 5296 2785 5364 μὴ
2812 5295 3153 5363 βουλομένων
3186 5295 3329 5360 σφᾶς
3362 5293 3608 5345 ὑποτάσ-

2034 5409 2146 5441 σειν
2176 5392 2256 5443 ἑνὶ
2282 5390 2513 5461 ἡγεμόνι
2544 5388 2771 5458 τοιούτῳ
2800 5386 3079 5459 εἰσερρύη.
3120 5387 3246 5447 Τοῖς
3275 5403 3335 5437 τε
3364 5386 3472 5450 ἔξω
3511 5402 3625 5439 ποι,

2036 5482 2357 5549 φερομένοις
2387 5497 2446 5530 τε
2484 5478 2579 5532 καὶ
2609 5478 3026 5546 ἀφηνιάζουσιν,
3062 5477 3160 5530 οὐκ
3186 5477 3341 5528 ἔσται
3398 5474 3509 5526 οὐδ’
3570 5473 3604 5539 ἡ

2034 5572 2216 5623 τισοῦν
2254 5571 2493 5640 σωτηρία
2518 5588 2531 5600 ·
2568 5570 2762 5623 πολλοῦ
2792 5586 2851 5635 γε
2881 5571 2975 5623 καὶ
3035 5569 3137 5623 δεῖ.
3166 5568 3325 5621 Ὅσοι
3361 5566 3479 5635 γάρ
3526 5579 3607 5618 τοι

2034 5663 2090 5713 ἓν
2120 5665 2183 5733 τῇ
2228 5662 2419 5733 Νώχου
2462 5662 2691 5730 λάρνακι
2754 5662 2825 5727 μὴ
2880 5660 3409 5727 ὁγκατακλείσαντες
3478 5658 3604 5709 tav-
