3956 6200
365 234 528 336 ἰξοῦ

1020 262 1332 331 NICOLAI
1367 272 1409 331 V
1474 270 1716 330 EPIST.
1762 272 1857 331 AD
1883 266 2490 334 CONbTANTINUM
2536 222 2978 337 l‘ALrliOLOG.

3495 278 3514 339 l
3527 279 3630 341 9.06

388 397 467 440 tra
499 383 793 440 Ecclesiam
828 397 930 436 non
964 390 1044 437 est
1080 383 1267 438 Salus:
1298 384 1387 452 qui
1422 398 1528 437 non
1562 382 1662 436 fuit
1716 382 1768 436 in
1819 398 1944 437 arca
1975 390 2019 447 Α
2052 386 2214 455 bique
2265 388 2579 454 peculiaris,
2667 389 2817 458 gravi
2876 389 3190 458 captivitate
3260 378 3451 458 punita
3527 404 3630 444 est-

385 479 520 551 Noe,
568 477 772 532 diluvio
801 475 1025 538 interiit,
1075 484 1129 529 et
1160 476 1379 544 gravius
1428 475 1615 544 punita
1647 484 1773 528 sunt
1812 475 1955 528 schi-

386 582 560 625 smata
620 583 780 638 quam
810 567 915 620 alia
949 583 1283 637 quaecunque
1314 575 1549 637 peccata.
1586 564 1717 618 Nam
1769 566 1820 619 in
1848 565 1955 619 Co-

387 679 463 728 re,
499 661 704 715 Dathan
767 668 821 712 et
852 659 1076 719 Abirnn,
1109 660 1200 729 qui
1246 659 1482 715 schisma
1512 660 1565 712 in
1615 657 1709 711 Dei
1759 657 1956 726 populo
2011 656 2016 661 ’

388 755 559 808 moliti
612 762 761 815 sunt,
791 752 1008 822 gravius
1062 762 1112 805 et
1156 752 1401 806 severius
1430 751 1667 820 legimus
1713 751 1955 803 vindica-

384 855 495 900 tum
568 861 729 914 quam
764 860 884 899 cum
921 844 985 896 iis
1015 844 1106 911 qui
1140 842 1496 897 idololatriam
1546 841 1954 896 commiserunt.

453 937 609 993 Nunc
641 953 791 1004 ergo,
823 936 1167 990 serenissime
1201 935 1470 1003 princeps,
1510 935 1720 987 intuere
1755 941 1953 985 statum

384 1029 731 1100 prmsentium
766 1036 1088 1095 temporum,
1123 1034 1177 1077 et
1225 1024 1596 1078 animadverte
1646 1022 1952 1090 diligenter,

384 1137 493 1191 quo
526 1126 685 1189 pacto
722 1116 837 1169 ﬁeri
870 1116 1068 1185 potuit,
1104 1123 1162 1168 ut
1211 1114 1391 1168 divina
1455 1113 1796 1183 providentia
1830 1120 1949 1164 tan-

384 1224 492 1268 tam
545 1212 818 1265 nationem
863 1210 963 1262 sub
1007 1222 1112 1260 uno
1162 1208 1512 1274 imperatore,
1562 1213 1671 1257 tam
1722 1203 1954 1257 eiTusum

385 1305 620 1358 habente
665 1300 974 1367 imperium,
1026 1312 1144 1366 qua:
1183 1298 1312 1351 olim
1362 1296 1659 1349 abundavit
1706 1297 1956 1350 innume-

388 1396 645 1450 rabilibus
678 1390 1041 1448 sanctissimis
1095 1398 1146 1442 ct
1182 1389 1515 1442 doctissimis
1547 1390 1695 1453 viris,
1728 1389 1782 1442 in
1814 1404 1954 1458 pra:-

384 1488 681 1544 sentiarum
714 1485 780 1538 ad
814 1483 864 1537 id
893 1484 1125 1537 miseria:
1156 1482 1412 1536 devenire
1444 1482 1772 1550 permiserit,
1800 1492 1859 1535 ut
1886 1481 1956 1535 sit

384 1576 687 1631 miserrima
735 1573 977 1627 omnium
1043 1571 1329 1641 gentium;
1372 1571 1514 1639 quod
1568 1568 1808 1638 profecto
1846 1580 1951 1622 tam

384 1672 609 1725 evidens
672 1677 753 1723 est
816 1678 868 1719 ut
936 1666 1117 1735 negari
1169 1681 1277 1717 non
1326 1665 1515 1733 pOssit.
1587 1662 1951 1733 lnttlligemus

384 1762 652 1833 profecto,
687 1773 941 1825 magnum
982 1772 1101 1811 esse
1137 1756 1238 1810 hoc
1265 1756 1530 1824 sacrilegii
1585 1769 1777 1824 genus,
1808 1754 1953 1823 quod

386 1855 621 1908 divinam
670 1849 1011 1905 clementiam
1060 1847 1113 1899 in
1165 1854 1369 1898 tantam
1450 1846 1583 1898 iram
1628 1843 1956 1914 indignatio—

388 1961 617 2014 nemqne
656 1941 967 1997 concitarit.
1013 1938 1079 1992 Et
1124 1938 1249 2007 quia
1295 1937 1644 1990 vehementer
1685 1936 1956 2005 angimur,

385 2037 644 2093 Grzcciam
682 2046 897 2086 onmem
933 2045 997 2083 eo
1034 2032 1371 2099 pervenisse,
1404 2038 1464 2080 ut
1495 2026 1607 2080 fere
1644 2034 1807 2078 totam
1857 2024 1959 2077 ini-

386 2128 543 2182 micis
579 2126 756 2179 crucis
786 2120 992 2177 Christi
1042 2134 1232 2189 parere
1278 2133 1498 2171 necesse
1544 2116 1638 2171 sit.
1673 2115 1959 2170 Credimus

387 2236 472 2285 ea,
503 2235 622 2289 qua:
651 2217 904 2276 dicimus,
946 2214 1018 2266 ita
1074 2210 1356 2264 serenitati
1411 2219 1514 2261 tuae
1560 2222 1682 2261 esse
1736 2217 1873 2269 nota,
1904 2216 1959 2257 ut

390 2310 605 2364 notiora
640 2307 752 2361 ﬁeri
782 2320 889 2358 non
919 2302 1147 2372 possint.
1175 2299 1424 2369 Magnum
1451 2308 1535 2352 est
1574 2299 1696 2359 hoc,
1728 2308 1781 2350 ιιι
1809 2295 1961 2350 valde

389 2416 642 2473 magnum
691 2388 1047 2454 demeritum’:
1101 2396 1246 2463 quod
1296 2393 1480 2447 divino
1538 2391 1742 2460 judicio
1802 2398 1960 2442 tantae

389 2495 620 2557 nationi,
656 2504 763 2547 tam
790 2490 1085 2561 praeclara,
1111 2496 1218 2541 tam
1246 2485 1517 2555 gloriosae.
1553 2495 1657 2536 tam
1677 2483 1957 2542 diuturna,

391 2599 498 2644 tam
541 2586 721 2655 gravis
765 2580 1053 2652 captivitas
1103 2577 1302 2648 injecta
1349 2577 1438 2631 sit.
1485 2574 1628 2643 Ergo
1667 2573 1960 2642 aliquando

390 2679 739 2749 cogitandum
769 2685 871 2736 est,
904 2685 1151 2740 quaenam
1185 2667 1421 2737 potuerit
1451 2680 1569 2720 esse
1596 2679 1761 2719 causa
1801 2663 1959 2732 digna

392 2774 584 2827 horum
616 2768 903 2822 maiorum.
936 2763 1164 2831 Propter
1188 2764 1296 2816 duo
1323 2759 1466 2814 enim
1494 2758 1724 2811 maxima
1746 2766 1961 2825 peccata

393 2877 525 2929 gens
559 2860 804 2921 liellrzra,
841 2869 960 2924 quze
995 2861 1113 2906 erat
1144 2849 1373 2920 populus
1404 2862 1430 2900 a
1464 2845 1571 2898 Deo
1616 2845 1839 2902 electus.
1886 2841 1961 2894 si-

392 3039 519 3098 τοὺς
573 3030 996 3090 διασεσώκασιν,
1068 3021 1213 3077 οῦτοι
1275 3020 1429 3073 ῦδασι
1497 3014 1961 3075 κατακλυσθέντες

393 3130 674 3183 ἀπώλοντο
707 3126 925 3184 πάντες,
961 3121 1055 3172 καὶ
1087 3116 1467 3187 χαλεπώτερον
1502 3113 1558 3164 δὲ
1618 3112 1686 3162 τὰ
1738 3111 1965 3161 τοιαῦτα

397 3220 673 3290 σχίσματα
710 3213 927 3275 κολάζει
957 3210 1111 3271 Θεὸς,
1140 3208 1170 3276 ἢ
1202 3206 1379 3258 ὁτιοῦν
1410 3204 1517 3256 τῶν
1552 3196 1729 3256 ἄλλων
1785 3201 1966 3268 ἁμαρ.

394 3314 675 3382 τημάτων.
711 3306 882 3375 Δῆλον
940 3302 1046 3371 γὰρ
1090 3304 1170 3353 ὅτι
1202 3301 1327 3360 τοὺς
1380 3297 1510 3365 περὶ
1568 3294 1767 3356 Δαθάν,
1820 3292 1964 3362 Κορὲ

396 3405 488 3457 καὶ
533 3397 792 3466 Ἀϐειρὼν
820 3395 1024 3464 σχίσμα
1082 3391 1179 3443 καὶ
1230 3388 1422 3440 στάσιν
1474 3385 1847 3454 πεποιηκότας
1906 3383 1966 3433 ὲν

395 3496 474 3562 τῷ
500 3494 614 3560 λαῷ
639 3491 727 3544 τοῦ
750 3487 909 3551 Θεοῦ,
933 3483 1211 3555 χαλεπωτέ
1223 3499 1329 3551 ρως
1356 3478 1614 3545 ἐπεξῆλθε
1644 3476 1707 3529 τὸ
1743 3476 1882 3529 θεῖον
1933 3473 1964 3537 ἢ

396 3589 522 3647 τοῦς
554 3581 961 3649 εἰδωλολατρεῖν
988 3574 1471 3643 ἐπιϐαλλομένους.

474 3675 748 3742 ’Ᾱθρησον
779 3670 899 3734 οῦν,
931 3664 976 3721 ὧ
1008 3667 1374 3735 αὐτοκράτορ,
1398 3668 1498 3734 τὴν
1528 3663 1837 3732 παροῦσαν,
1891 3654 1967 3715 ὧν

401 3767 611 3837 ἄρχεις,
672 3763 863 3831 τύχην,
918 3759 1009 3811 καὶ
1062 3757 1259 3824 σκέψαι
1324 3756 1460 3822 πρὸς
1526 3755 1661 3805 Θεοῦ
1697 3752 1966 3821 ἀκριϐῶς,

401 3858 513 3910 τίσι
546 3856 743 3924 δήποτε
772 3848 1165 3920 ἁμαρτήμασιν
1202 3844 1354 3905 ἔθνος
1378 3843 1700 3912 τηλικοῦτον
1732 3842 1823 3910 ὑφ’
1849 3843 1967 3904 ἐνὸς

401 3951 702 4019 ἀρχόμενον
730 3945 819 3996 ἀεὶ
860 3938 1289 4008 αὐτοκράτορος,
1355 3934 1568 4005 μυρίοις
1620 3936 1680 3986 τὸ
1735 3932 1970 4002 πρόσθεν

403 4038 696 4094 εύσθενοῦν
717 4036 1034 4097 ὁσιωτάτοις
1070 4033 1164 4086 καὶ
1194 4030 1527 4098 σοφωτάτοις
1557 4028 1839 4096 ἀνδράσιν,
1890 4027 1970 4088 εἰς

401 4131 562 4184 τοῦτο
607 4128 1030 4197 κακοδαιμονίας
1054 4124 1317 4193 ἐληλυθὸς
1354 4120 1593 4192 περιεῖδε
1628 4118 1780 4184 Θεὸς,
1829 4116 1969 4169 ὥστε

404 4222 542 4275 εῖναι
601 4220 695 4273 νῦν
750 4221 967 4273 πάντων
1024 4216 1192 4269 ὲθνῶν
1251 4211 1835 4281 κακοδαιμονέστατον.
1902 4210 1969 4260 “Ii

404 4313 563 4382 δῆλον
596 4314 677 4363 ὃτι
708 4311 883 4364 ἐκεῖνο
918 4311 964 4361 τ’
998 4307 1304 4377 ἁμάρτημα
1348 4304 1627 4358 αἰτιᾶσθαι
1682 4301 1882 4372 χρεὼν,
1941 4300 1970 4353 δ

2063 477 2264 544 Primo,
2297 489 2519 548 propter
2554 480 2917 534 idololatriam
2970 496 2999 533 a
3032 481 3247 549 regibus
3288 481 3633 551 Assyriorum

2060 568 2249 624 decem
2303 572 2477 625 tribus
2527 572 2583 625 in
2632 572 2859 626 Mediam
2912 574 3186 627 translatae
3232 584 3392 637 sunt;
3440 573 3636 626 deinde

2062 677 2240 733 regem
2277 661 2414 716 Juda
2467 678 2590 717 cum
2624 664 2832 718 duabus
2887 662 3120 717 residuis
3174 663 3421 717 tribubus
3478 678 3633 732 reges

2060 752 2437 807 Chaldaeorum
2472 756 2523 806 in
2574 754 2902 825 Babylonem
2954 756 3250 817 deduxere,
3301 770 3421 823 quae
3461 769 3635 821 usque

2059 844 2125 897 ad
2160 846 2498 914 septuaginta
2528 861 2700 900 annos
2730 848 2779 898 in
2808 848 3120 915 captivitate
3166 856 3502 900 manserunt.
3540 845 3633 898 Se-

2060 934 2260 997 cundo,
2337 946 2558 1005 pr0pter
2603 936 2945 1005 sacrilegium
2999 939 3140 1003 quod
3190 936 3243 988 in
3296 936 3387 990 Dei
3438 935 3630 987 Filium

2059 1026 2401 1080 incarnatum
2431 1028 2846 1092 commiserunt,
2895 1044 3017 1082 cum
3057 1046 3086 1081 a
3130 1029 3470 1098 principibus
3514 1026 3626 1079 Ro-

2061 1119 2235 1171 manis
2281 1115 2615 1185 Vespasiano
2646 1130 2697 1173 et
2745 1121 2888 1180 Tito,
2937 1119 3308 1185 Hierosolyma
3369 1122 3630 1173 subversa

2058 1215 2160 1271 est,
2196 1216 2248 1259 et
2299 1209 2478 1261 omnis
2539 1211 2684 1278 regio
2737 1208 2920 1263 Judtea
2956 1213 3009 1262 iu
3045 1208 3414 1262 Romanorum
3469 1200 3645 1258 ditio?

2057 1312 2180 1352 nem
2224 1299 2485 1352 translata
2526 1310 2635 1363 est,
2685 1300 2757 1353 ita
2796 1310 2851 1352 ιιι
2884 1300 3088 1353 nationi
3128 1299 3225 1361 illi,
3252 1297 3493 1352 universi
3541 1313 3631 1351 or-

2060 1389 2139 1444 his
2174 1407 2347 1460 usque
2382 1392 2433 1444 in
2469 1392 2610 1444 hunc
2657 1394 2797 1444 diem
2851 1392 3102 1444 exsilium
3136 1392 3488 1445 concedatur.

2133 1480 2197 1535 Et
2219 1483 2330 1537 haec
2358 1485 2421 1537 de
2441 1482 2699 1538 Hebraeis.
2718 1483 2931 1537 Graecos
2951 1493 3153 1543 autem,
3171 1494 3454 1551 postquam
3477 1481 3632 1534 Iidem

2058 1575 2379 1629 catholicam
2400 1590 2710 1644 suscepere,
2727 1591 2826 1630 nec
2849 1576 2912 1630 ad
2937 1575 3293 1629 idololatriam
3339 1574 3639 1630 declinasse

2062 1666 2322 1728 videmus,
2342 1665 2506 1720 necin
2525 1667 2616 1720 Dei
2638 1667 2828 1720 Filium
2852 1683 2913 1721 ea
2933 1668 3137 1737 piacula
3158 1665 3641 1735 commisisse,qui-

2062 1757 2162 1810 bus
2187 1759 2239 1809 in
2269 1758 2567 1813 Turcarum
2592 1760 2957 1829 captivitatem
2988 1762 3167 1814 divina
3209 1760 3414 1813 ultione
3443 1774 3633 1828 perve-

2064 1852 2266 1904 nerint.
2303 1851 2439 1922 Ergo
2471 1850 2658 1905 subest
2691 1851 2835 1904 aliud
2864 1851 3129 1918 Sacrilegii
3161 1864 3347 1919 genus,
3383 1849 3525 1916 quod
3554 1849 3636 1902 di-

2061 1942 2187 1994 vina
2215 1942 2424 2010 justitia
2463 1942 2785 2009 impunitum
2840 1958 2961 1995 esse
3016 1958 3123 1995 non
3172 1943 3326 1997 sinit.
3382 1942 3495 1998 Nec
3543 1943 3631 1997 di-

2060 2033 2292 2102 ligenter
2370 2033 2794 2101 inquirentibus,
2865 2042 3126 2101 quantum
3187 2033 3363 2087 cordis
3418 2034 3640 2087 humani

2061 2126 2237 2178 valeat
2294 2124 2582 2179 inﬁrmitas
2640 2125 2871 2188 intueri,
2921 2124 3047 2178 licet
3111 2125 3430 2194 intelligere,
3497 2125 3638 2179 hanc

2063 2219 2429 2287 captivitatem
2463 2233 2569 2271 non
2597 2216 2813 2270 aliunde
2838 2216 3159 2286 profectam,
3188 2232 3348 2284 quam
3372 2230 3438 2269 ex
3487 2225 3640 2269 reatu

2066 2311 2408 2376 sch‘smatis,
2437 2310 2582 2375 quod
2622 2318 2845 2363 auctore
2892 2306 3114 2374 Photio,
3147 2318 3384 2375 tempore
3430 2305 3640 2360 Nicolai

2073 2402 2285 2472 primi,
2332 2401 2566 2468 sumpsit
2637 2399 2920 2454 exordium
2959 2433 2976 2459 ,
3026 2408 3074 2453 et
3132 2413 3375 2466 eousque
3436 2398 3643 2450 invete-

2066 2504 2241 2547 ratum
2294 2502 2396 2555 est,
2430 2496 2503 2545 ut‘
2548 2505 2718 2560 usque
2755 2491 2821 2543 ad
2862 2476 3132 2558 'tempora
3182 2488 3285 2543 ista
3312 2485 3641 2557 pervenerit.

2066 2581 2323 2638 Dolenter
2372 2592 2425 2637 et
2496 2583 2656 2635 anxie
2709 2582 2812 2635 ista
2869 2579 3217 2650 proferimus,
3271 2588 3327 2632 et
3384 2578 3644 2632 vellemus

2065 2685 2267 2729 a:terno
2306 2676 2566 2729 damnare
2620 2673 2857 2726 silentio.
2916 2670 3115 2726 Verum
3169 2672 3214 2725 si
3265 2686 3486 2742 operam
3533 2683 3649 2724 me-

2070 2764 2303 2818 dicantis
2353 2772 2639 2833 exspectas
2666 2803 2681 2827 ,
2726 2770 2941 2831 oportet
2994 2771 3053 2815 nt
3081 2762 3272 2817 vulnus
3313 2773 3461 2815 tuum
3497 2762 3651 2815 dete-

2068 2872 2180 2924 gas.
2220 2857 2357 2909 Ecce
2384 2857 2491 2924 jam
2524 2854 2632 2909 fere
2661 2853 2947 2922 quingenti
2979 2852 3104 2905 anni
3129 2853 3411 2916 transiere,
3442 2864 3505 2905 ex
3537 2867 3647 2921 quo

1993 3071 2037 3126 ο
2074 3039 2296 3107 Πρῶτον
2331 3038 2429 3107 μὲν
2456 3037 2565 3107 γὰρ
2589 3038 2656 3090 δι’
2697 3037 3149 3107 εἷδωλολατρείαν
3170 3001 3233 3090 ἀι
3283 3038 3416 3091 δέκα
3447 2998 3644 3107 Αφυλαὶ

2069 3135 2182 3194 τοῖς
2212 3131 2524 3199 Ἀσσυρίοις
2551 3130 2893 3199 αἰχμάλωτοι
2926 3129 3256 3198 ἀπήχθησαν
3291 3132 3369 3192 είς
3397 3131 3632 3199 Μηδίαν,

2069 3225 2163 3275 καὶ
2198 3224 2322 3284 τοὺς
2358 3222 2598 3291 βασιλεῖς
2624 3221 2798 3274 Ἰούδα
2826 3221 2964 3289 μετά
3005 3222 3153 3274 δυοῖν
3179 3223 3300 3274 ταῖν
3330 3222 3647 3274 ὑπολοίποιν

2069 3315 2261 3382 φυλαῖν
2303 3314 2563 3367 Χαλδαῖοι
2601 3313 2981 3400 αἰχμαλώτους
3031 3315 3109 3375 εἰς
3166 3313 3461 3367 Βαϐυλῶνα
3506 3314 3651 3383 ἀπή-

2068 3423 2259 3473 γαγον.
2284 3406 2395 3458 Καὶ
2420 3404 2661 3474 διέμεινε
2692 3404 2753 3456 τδ
2802 3405 2956 3466 ἔθνος
2992 3402 3244 3456 δουλεῦον
3276 3406 3450 3467 οὓτως
3497 3404 3647 3457 ὲϐδο-
3720 3461 3729 3465 ς

2073 3500 2314 3565 μήκοντα
2369 3497 2487 3565 ἔτη.
2552 3497 2787 3549 Ἔπειτα
2834 3497 2879 3550 δ’
2931 3496 3074 3564 άπερ
3110 3500 3189 3559 εἰς
3245 3498 3336 3550 τὸν
3382 3498 3475 3551 τοῦ
3509 3497 3645 3558 Θεοῦ

2070 3590 2185 3641 υίδν
2216 3587 2433 3657 Ἰησοῦν
2462 3587 2743 3657 ἡσὲϐησάν
2786 3604 2846 3640 τε
2878 3590 2971 3640 καὶ
3004 3588 3265 3658 ῦϐρισαν,
3306 3590 3645 3659 αἰχμάλωτοι

2072 3680 2311 3750 γίνονται
2360 3680 2544 3743 πάλιν,
2572 3680 2735 3747 ἧνικα
2764 3680 3170 3742 Οὐεσπασιανὸς
3202 3680 3296 3733 καὶ
3319 3681 3473 3742 Τίτος
3514 3678 3645 3733 Ῥωσ

2074 3771 2250 3837 μαίων
2279 3769 2581 3836 στρατηγοὶ
2617 3768 2756 3820 κατὰ
2781 3768 2983 3835 κράτος
3018 3768 3237 3833 ἑλόντες
3266 3769 3642 3839 κατέσκαψαν,

2074 3859 2171 3911 καὶ
2212 3858 2512 3927 σύμπασαν
2536 3858 2634 3925 τὴν
2678 3858 2955 3911 Ἰουδαίων
3000 3859 3187 3928 χώραν
3228 3860 3495 3930 ἐποίησαν
3543 3859 3648 3912 ὑπὸ

2072 3948 2200 4011 τοὺς
2241 3949 2568 4018 Ῥωμαίους.
2603 3948 2712 4001 Kal.
2740 3948 2809 4001 τὰ
2834 3952 2933 4017 τῆς
2967 3950 3361 4019 αἰχμαλωσίας
3402 3953 3465 4021 δὴ
3517 3953 3647 4005 ταύ-

2072 4058 2173 4111 της
2202 4041 2356 4094 οῦπω
2399 4040 2602 4110 ἔσχηκε
2662 4040 2859 4109 πέρας,
2916 4040 3032 4093 ἀλλ’
3068 4040 3149 4094 ἐτι
3183 4042 3334 4094 πᾶσα
3376 4044 3409 4107 ἠ
3462 4045 3648 4095 οἰκου-

2078 4132 2213 4198 μένη
2236 4129 2402 4193 τόπος
2430 4129 2612 4198 φυγῆς
2644 4146 2704 4181 τε
2732 4131 2826 4182 καὶ
2862 4130 3071 4201 πλάνης
3101 4132 3482 4186 ἀποδέδεικται
3513 4133 3649 4185 Ἰουο

2073 4220 2240 4275 δαίων
2264 4221 2341 4291 τῷ
2373 4222 2539 4274 ἔθνει..

2144 4312 2226 4364 Τά
2272 4311 2457 4381 μὲνδὴ
2510 4311 2622 4365 τῶν
2688 4312 2957 4382 Ἐϐραίων
3002 4313 3192 4375 οὕτως.
3247 4315 3511 4382 Ἕλληνας
3567 4316 3645 4383 δὲ,

405 4400 639 4470 φανερὸν
663 4399 855 4462 οὕτως.
884 4397 956 4460 ὡς
1001 4397 1205 4467 μηδένα
1238 4396 1303 4449 ἂν
1332 4395 1477 4464 ἔχειν
1524 4394 1689 4460 φάναι
1741 4392 1971 4444 ὑπεναν·
2003 4412 2049 4471 ι)
2075 4402 2267 4471 ἐπειδὴ
2301 4404 2401 4471 τὴν
2446 4404 2849 4473 εὐσεϐεστάτην
2899 4404 3150 4469 ἐδέξαντο
3222 4407 3429 4473 πίστιν⁴
3485 4408 3643 4461 οὐδὲν

404 4493 516 4545 τία.
549 4492 659 4544 Καὶ⁸
690 4482 944 4559 μέγιστον
967 4483 1075 4556 ἆρα
1107 4485 1264 4539 τοῦτό
1293 4502 1356 4553 γε
1391 4483 1754 4553 ὑποληπτέον,
1809 4482 1970 4535 ὁπότε

406 4582 936 4647 τδννὲπιεικέστατον
965 4581 1132 4632 πᾶσιν
1164 4575 1477 4646 ἀνθρώποις
1511 4575 1667 4640 Θεὸν,
1691 4576 1770 4635 εἰς
1802 4574 1973 4644 ὀργὴν

407 4674 743 4744 τηλικαύτην
790 4669 1165 4741 παροξυμένον
1220 4669 1459 4738 ὁρῶμεν,
1515 4667 1651 4735 δῆλα
1703 4666 1758 4717 δὲ
1802 4666 1975 4718 ταῦτά

408 4782 491 4817 τοι
526 4764 756 4832 μάλιστα
788 4760 918 4813 ὅντα
960 4761 1239 4828 τυγχάνει.
1293 4759 1422 4825 Είγε
1474 4757 1566 4809 νῦν
1629 4759 1892 4825 σύμπασα
1941 4757 1974 4824 ἡ

422 4854 610 4914 Ἐλλὰς
648 4855 740 4904 καὶ
773 4853 871 4903 ὅσα
910 4850 1093 4917 σχεδόν
1115 4867 1168 4901 τι
1214 4849 1484 4917 πρότερον
1549 4848 1684 4900 ἄλλα
1727 4848 1831 4899 ῦπδ
1883 4847 1975 4898 τὸν

412 4941 789 5007 αὐτοκράτορα
814 4933 902 5005 ἦν,
940 4938 1019 4999 είς
1061 4936 1219 4988 τοῦτο
1270 4939 1441 5005 τύχης
1492 4936 1772 5005 ἐλήλυθεν,
1835 4936 1976 4989 ὥστε

413 5026 686 5079 δουλεύειν
715 5026 1054 5078 ἐλεεινότατα
1106 5028 1218 5086 τοῖς
1284 5026 1379 5077 τοῦ
1449 5025 1686 5095 Χριστοῦ
1740 5025 1973 5095 ἐχθροῖς.

411 5120 659 5186 Μέγεθος
689 5118 766 5186 τῷ
789 5120 901 5170 δντι
930 5119 1123 5181 κακοῦ,
1152 5117 1244 5171 καί
1274 5135 1357 5180 τις
1415 5121 1689 5188 ὑπερϐολὴ
1722 5119 1976 5189 ἁμαρτά·

412 5209 523 5272 δος,
542 5208 697 5275 γένος
737 5207 1028 5277 Ἑλλήνων,
1052 5210 1114 5261 τὸ
1132 5209 1299 5262 πάλαι
1317 5210 1458 5277 μέγα
1490 5213 1576 5261 καί
1604 5210 1834 5277 ἔνδοξον,
1858 5210 1976 5263 δοῦ-

414 5298 504 5350 λον
530 5297 673 5350 οῦτω
708 5297 1007 5367 βαρϐάροις
1038 5301 1181 5353 κατά
1207 5300 1364 5369 δίκην
1399 5301 1751 5353 ἀποδείκνυσι
1801 5302 1975 5356 θείαν.

416 5390 807 5442 Ἐπισκεπτέον
854 5388 944 5440 οὖν
1002 5391 1122 5442 τίνα
1170 5392 1278 5443 τῶν
1325 5390 1513 5444 κακῶν
1569 5391 1773 5443 τούτων
1827 5392 1977 5457 ἀξιον

416 5482 584 5550 φαίην
612 5482 812 5535 αἰτίαν.
848 5481 920 5532 Τὸ
949 5485 1047 5548 μὲν
1094 5483 1203 5550 γάρ
1239 5482 1506 5550 Ἐϐραίων
1555 5484 1709 5551 γένος
1764 5483 1791 5533 ὀ
1822 5471 1977 5544 Θεὸς

415 5573 543 5625 λαὸν
577 5572 753 5642 ἑαυτῷ
785 5574 1099 5639 ἐπελέξατο,
1128 5575 1221 5627 καὶ
1257 5575 1331 5636 ὡς
1387 5576 1516 5628 ίδιον
1554 5574 1806 5643 σύστημα
1840 5576 1977 5643 ἔχων

418 5664 612 5731 ἰςίλει,
668 5665 759 5717 δύο
813 5666 878 5716 τὰ
936 5668 1164 5734 μέγιστα
1218 5670 1534 5739 ἡμαρτηῑ³ρς
1582 5668 1737 5737 δίκην
1787 5669 1973 5725 ἔδωκε.

2075 4495 2463 4564 ἡμαρτηκότας
2495 4497 2711 4565 ὁρῶμεν
2731 4496 2993 4563 τοιοῦτον,
3033 4498 3156 4553 οὔτε
3194 4501 3300 4568 γὰρ
3332 4504 3407 4565 εἰς
3435 4502 3651 4556 εἰδωλο-

2077 4587 2333 4654 λατρείαν
2361 4590 2469 4640 οἵδε
2502 4590 2803 4642 ἀπέκλιναν
2838 4590 3121 4654 οὐδέποτε,
3153 4592 3277 4644 οὔτε
3333 4610 3385 4645 τι
3437 4596 3518 4656 είς
3554 4594 3646 4647 τὸν

2075 4676 2169 4729 τοῦ
2195 4677 2331 4729 Θεοῦ
2362 4678 2476 4730 υἱὸν
2534 4679 2721 4745 ὅμοιον
2783 4680 3316 4752 πεπλημμεληκότες
3364 4686 3470 4737 εἰσί
3509 4701 3522 4716 ⁸
3580 4685 3648 4737 δι’

2077 4769 2214 4837 ὅπερ
2238 4769 2485 4836 κα“ιοίητ“
2517 4770 2581 4822 ἄν
2612 4788 2697 4831 τις
2728 4772 3101 4843 αἰχμαλώτοις
3144 4775 3295 4844 παρὰ
3346 4777 3485 4829 Θεοῦ
3535 4778 3646 4839 τοῖς

2080 4859 2378 4930 βαρῖἀροις
2401 4860 2820 4929 παραδεδόσθαι.
2853 4863 2916 4915 Τί
2955 4861 3050 4918 οῦν
3102 4865 3413 4928 ἀδικοῦντες
3462 4870 3645 4921 ἐκεῖνα

2079 4953 2399 5019 πάσχουσι;
2482 4953 2576 5005 καὶ
2652 4954 2840 5006 τίποτε
2899 4955 3342 5026 ἐξημαρτηκότες
3404 4959 3501 5027 τὴν
3550 4960 3643 5013 τοῦ

2077 5040 2213 5093 Θεοῦ
2249 5042 2427 5109 ψῆφον
2453 5043 2532 5105 εἰς
2591 5046 2862 5113 τιμωρίαν
2895 5047 3047 5113 σφίσι
3096 5046 3409 5116 δεινοτάτην
3459 5048 3647 5112 ἐξεκα-

2078 5131 2306 5183 λέσαντο
2334 5150 2348 5197 ;
2377 5132 2409 5202 ἥ
2446 5133 2603 5186 οίιθεν
2625 5135 2855 5189 καθόσον
2872 5130 2987 5188 οἷον
3022 5137 3081 5188 τὸ
3132 5139 3337 5207 σχίσμα
3390 5140 3644 5210 ἁμάρτη-

2083 5238 2191 5290 μα;
2224 5223 2457 5293 Σχίσμα,
2480 5225 2646 5292 λέγω,
2680 5219 2739 5278 οῦ
2763 5226 2934 5287 αἴτιος
2968 5227 3068 5294 μὲν
3109 5230 3231 5296 περὶ
3266 5228 3360 5298 τὴν
3382 5228 3474 5281 τοῦ
3507 5232 3643 5283 Θεοῦ

2092 5314 2421 5382 Ἐκκλησίαν
2451 5318 2478 5368 ό
2512 5318 2715 5377 Φώτιος
2745 5318 3093 5386 πατριάρχης
3125 5320 3670 5373 Κωνσταντινουπόος.

2078 5406 2215 5469 λεως
2272 5410 2365 5459 ἐπὶ
2422 5409 2692 5461 Νικολάου
2772 5408 2993 5478 πρώτου
3072 5412 3291 5481 Ῥώμης
3342 5414 3644 5483 ἀρχιερέως

2080 5497 2317 5564 ἐγένετο.
2347 5497 2594 5564 Διέμεινε
2619 5497 2673 5549 δὲ
2710 5496 2885 5561 οὕτως
2942 5500 3035 5553 ἐπὶ
3092 5502 3249 5565 πολὺ,
3313 5502 3452 5556 ὥστε
3505 5506 3644 5575 μηδὲ

2082 5584 2204 5635 καθ’
2233 5586 2377 5651 ἡμᾶς
2405 5585 2511 5648 ἔξω
2547 5585 2643 5638 τοῦ
2695 5588 2942 5642 τοιούτου
2976 5593 3149 5645 κακοῦ
3200 5594 3269 5645 τὰ
3313 5598 3640 5664 χριστιανών

2084 5671 2247 5725 εἶναι.
2293 5674 2487 5742 Ἡμεῖς
2520 5677 2618 5744 μὲν
2651 5677 2829 5731 τοίνυν
2862 5682 3170 5752 περιαλγῶς
3200 5701 3255 5737 τε
3295 5686 3387 5738 καὶ
3418 5688 3637 5755 ἀθύμως
