3956 6200
419 291 546 357 12.1

1286 284 1611 345 GEORGll
1656 285 2070 347 scnouuu
2118 285 2518 347 OPUSCULA
2552 266 2722 348 MSS;

3531 283 3669 348 1212

409 402 1017 476 riobls,etgaudebuut
1075 417 1136 460 sc
1167 405 1310 475 apud
1357 418 1458 459 nos
1511 418 1620 457 non
1674 401 1841 457 fuisse
1896 402 2253 465 de-Auibus
2303 404 2538 458 cilicium
2591 402 2974 473 sapientissimi
3043 400 3306 473 principis
3359 400 3671 473 adimplere

411 511 646 570 spectos.

484 590 607 644 Haec
640 600 788 655 sunt,
819 588 1140 644 cltarissime
1195 587 1295 652 illi,
1318 601 1435 655 uita:
1464 586 1520 640 in
1570 584 1984 655 praesentiarum

409 690 464 736 et
486 681 682 735 litteris
707 681 834 743 tuis,
858 692 911 734 et
934 679 1135 734 Oratori
1166 679 1230 732 ad
1264 693 1361 733 nos
1403 677 1727 731 transmisso
1761 690 1987 741 respon-

408 773 526 826 deri
564 786 720 840 posse
751 786 1052 825 censemus.
1077 769 1156 823 Tu
1196 783 1292 838 pro
1331 770 1449 823 data
1488 768 1584 821 tibi
1618 766 1883 835 sapientia
1911 765 2023 843 ita‘

417 866 577 939 rebus
611 864 919 919 consultare
947 864 1240 926 contende,
1262 870 1319 915 ut
1354 859 1462 915 Deo
1493 860 1654 915 simul
1707 868 1760 913 et
1804 857 1983 911 homi-

413 1052 514 1103 σὺν
539 1049 659 1117 Θεῷ
688 1047 796 1117 γὰρ
827 1047 1025 1108 ἱκανῶς
1055 1046 1152 1107 τὰς
1180 1045 1360 1099 αὐτῶν
1410 1044 1641 1114 ἀπορίας
1682 1042 1984 1111 ἀποκρινά-

413 1159 564 1210 μενοι
597 1140 924 1208 διαλύσομεν
956 1179 971 1203 ,
998 1141 1090 1192 καὶ
1118 1138 1452 1207 τιμήσαντες
1478 1138 1603 1199 τοὺς
1639 1135 1865 1204 ἄνδρας,
1887 1134 1983 1187 καὶ

406 1232 787 1301 δωρησάμενοι
810 1227 1214 1298 ἀποπέμψομεν
1252 1228 1562 1298 χαίροντας.

481 1322 687 1383 ταῦτα,
749 1322 831 1374 υίὲ
880 1322 1333 1390 προσφιλέστατε,
1381 1320 1492 1382 τοῖς
1556 1335 1615 1371 τε
1678 1317 1831 1387 παρὰ
1887 1316 1981 1368 σοῦ

414 1413 727 1481 γράμμασι,
764 1411 953 1479 καὶτῷ
980 1412 1283 1480 πεμφθέντι
1326 1410 1458 1479 προς
1491 1410 1639 1478 ἡμᾶς
1667 1407 1977 1478 πρεσϐευτῇ

370 1550 377 1554 .
413 1502 867 1573 ἀποκρινάμενοι,
895 1503 1155 1573 ᾠήθημεν
1190 1501 1409 1573 χρῆναι.
1437 1502 1508 1552 Σὺ
1543 1501 1598 1553 δὲ
1646 1503 1788 1553 κατὰ
1827 1498 1983 1566 λόγον

368 1630 373 1639 ι
413 1596 513 1665 τῆς
541 1596 765 1665 ἐνούσης
798 1595 1071 1656 συνέσεως
1101 1594 1194 1645 καὶ
1227 1592 1562 1655 παιδεύσεώς
1606 1608 1709 1654 σοι,
1746 1589 1983 1643 σπεῦσον

410 1686 554 1740 οὕτω
583 1690 665 1742 τοί
723 1686 1048 1755 ποάγμασιν
1071 1682 1403 1753 ἐπαρκέσαι,
1431 1684 1570 1736 ὥστε
1623 1681 1977 1751 φρονιμωτά-

2086 495 2342 550 videaris.
2374 495 2502 549 Vale
2533 506 2587 549 et
2629 510 2889 565 prospere
2916 509 3065 566 agas.

2158 588 2349 642 Datum
2383 588 2569 641 Romte
2598 588 2741 654 apud
2794 587 3053 641 Sanctum
3112 584 3333 640 Petrum
3381 599 3531 639 anno
3583 583 3664 638 ln-

2086 678 2745 735 caruationiS'Dominica:
2788 676 3075 733 millesimo
3116 676 3666 744 quadringentesimo

2085 770 2533 841 quinquagesimo
2568 769 2765 839 primo,
2799 784 2829 821 ν
2868 767 2996 823 ldus
3021 767 3290 833 Octobris,
3311 764 3665 839 pontiﬁcatus

2089 864 2259 917 nostri
2290 877 2434 915 anno
2464 863 2669 929 quinto.

2083 1058 2178 1094 του
2206 1042 2301 1094 καὶ
2330 1039 2721 1094 εὐσεϐεστάτου
2752 1037 3149 1107 αὐτοκράτορος
3179 1037 3343 1105 ἔργον
3386 1037 3508 1106 Θεῷ
3548 1037 3665 1107 ἅμα

2085 1134 2179 1186 καὶ
2209 1131 2521 1202 ἀνθρώποις
2576 1128 2941 1205 παρεσχηκὼς
3000 1130 3236 1198 φανῆναι
3288 1130 3663 1183 παντάπασιν.

2091 1226 2339 1296 Ἐῤῥωσο
2373 1223 2469 1275 καὶ
2501 1221 2741 1292 εὐτύχει.

2151 1314 2244 1369 Ἐν
2286 1315 2496 1385 Ῥώμῃ,
2522 1313 2633 1365 ἔτει
2680 1313 2778 1379 τῆς
2816 1312 2912 1366 τοῦ
2943 1311 3151 1381 Κυρίου
3189 1310 3667 1381 ὲνανθρωπήσεως

2086 1406 2340 1478 χιλιοστῷ
2362 1404 2801 1476 τετρακοσιοστῷ
2839 1402 3191 1472 πεντηκοστῷ
3213 1400 3435 1472 πρώτῳ,
3465 1419 3543 1472 πρ
3554 1404 3669 1475 tam

2068 1486 2177 1552 sui.
2226 1499 2359 1553 δέκα
2404 1497 2757 1566 ’οκτω6ρίου,
2810 1494 3041 1565 ἐνιαυτῷ
3087 1494 3190 1557 τῆς
3230 1495 3521 1565 ὴμετέραθ
3566 1492 3667 1562 dp»

2083 1606 2165 1659 χιε
2174 1589 2391 1659 ρατείας
2426 1590 2682 1659 πέμπτῳ.

430 1871 3650 1911 W

538 2077 621 2135 De
662 2080 839 2143 Petri
871 2081 1143 2163 Hispani
1184 2080 1437 2141 Summa
1469 2073 1727 2152 Logt'ces
1765 2090 1831 2216 σὲ
1853 2078 1919 2139 S.
1964 2063 2204 2168 Thomas
2236 2080 2721 2176 sophismatibus
2750 2103 2787 2143 a
2821 2085 3091 2158 Georgio
3130 2079 3456 2145 Scholario
3489 2078 3563 2139 ira

1839 2176 2060 2216 necum
2090 2179 2306 2216 O‘ETSIS,

1839 2176 2060 2220 necum
2090 2179 2309 2230 t‘ersta.

497 2484 632 2539 Cod.
659 2484 835 2540 Grzec.
877 2483 1083 2539 Matrit.
1119 2482 1259 2549 CIV,
1306 2485 1655 2549 chartaceus,
1694 2483 1750 2537 in
1782 2490 2001 2551 quarto,
2044 2479 2303 2535 foliorum
2352 2477 2619 2532 duntaxat
2648 2477 2739 2543 80,
2772 2477 2975 2546 duplici
3008 2494 3194 2544 manu,
3239 2478 3409 2531 altera
3452 2477 3677 2544 quidem

415 2571 765 2628 Constantini
823 2572 1076 2627 Lascaris
1112 2572 1407 2625 maximam
1446 2580 1655 2639 partem
1688 2580 1982 2633 exaratus;
2048 2568 2220 2620 altera
2248 2581 2382 2620 vero
2420 2564 2627 2634 ignota,
2662 2566 2758 2620 sed
2806 2567 3078 2634 ejusdem,
3115 2576 3173 2620 ut
3209 2566 3443 2630 videtur,
3468 2568 3675 2633 aetatis,

412 2663 659 2715 continet
714 2662 864 2714 Petri
906 2660 1132 2727 Hispani
1166 2657 1417 2727 Logicant
1467 2656 1943 2725 compendiariam,
2008 2665 2061 2707 et
2099 2653 2411 2707 S.Thoma:
2461 2652 2539 2707 De
2590 2652 3017 2722 Sophismatibus
3073 2654 3297 2718 librum,
3352 2663 3589 2721 utraque
3647 2670 3677 2708 a

420 2744 657 2816 Georgio
695 2746 983 2801 Scholario
1012 2747 1067 2798 in
1101 2743 1687 2821 Gracuqsermouem
1719 2742 2001 2798 translata.

372 2830 381 2837 ’
488 2839 608 2896 Fol.
656 2842 709 2895 1.
740 2842 950 2911 Πέτρου
981 2839 1077 2893 τοῦ
1131 2839 1385 2893 Ἱσπανοῦ
1417 2839 1627 2910 Λογιςιὴ
1653 2840 1956 2910 συνοπτικὴ
1997 2841 2514 2913 μεθερμηνευθεῖσα
2548 2843 2629 2903 είς
2650 2842 2750 2913 τὴν
2778 2840 3016 2894 Ἐλλάδα
3039 2839 3229 2909 φωνὴν
3262 2839 3421 2907 παρὰ
3446 2836 3547 2891 τοῦ
3582 2853 3675 2889 σο-

408 2929 513 2996 φοῦ
554 2929 835 3000 Γεωργίου
864 2929 960 2983 τοῦ
996 2929 1295 3000 Σχολαρίου
1333 2930 1389 2981 ὲν
1426 2928 1731 3000 Βυζαντίῳ.
1771 2928 1918 2984 Petri
1946 2931 1987 2985 Η

2100 2934 2171 2985 mi
2208 2930 2397 3000 Logica
2431 2930 2851 2999 compendiaria,
2899 2946 2933 2981 a
2978 2927 3219 2996 sapiente
3250 2926 3474 2995 Georgio
3509 2924 3677 2980 Scho-

409 3017 549 3071 lario
572 3017 627 3070 in
666 3016 909 3073 ercum
945 3032 1237 3071 sermonem
1264 3015 1510 3086 Byzantii
1542 3017 1836 3072 translata.
1897 3020 1987 3072 Inc

2118 3038 2132 3074 :
2169 3019 2498 3089 Διαλεκτική
2539 3019 2843 3088 ὲστιτέκνη
2866 3018 3072 3087 τεχνῶν
3104 3018 3201 3072 καὶ
3220 3017 3513 3087 ἐπιστήμη
3544 3016 3673 3069 ἑπι-

409 3106 662 3176 στημῶν.
705 3105 913 3162 Desiuit
938 3122 955 3164 :
985 3106 1154 3159 Ὅθεν
1185 3107 1336 3159 πᾶσα
1368 3108 1631 3174 σύγχυσίς
1667 3108 1786 3159 ἐστι
1825 3109 1893 3177 τῇ
1920 3108 2133 3179 ἀνάγκη
2168 3108 2266 3162 τοῦ
2304 3107 2538 3180 σημείου
2574 3108 2609 3179 ἢ
2646 3107 2741 3162 τοῦ
2768 3109 2996 3179 τρόπου.

492 3198 618 3253 Haec
658 3199 917 3254 nimirum
952 3211 1039 3255 est
1064 3198 1285 3254 Summa
1318 3198 1534 3270 Logices
1571 3200 1712 3254 Petri
1744 3199 1987 3268 Hispani,
2021 3215 2118 3255 seu
2151 3201 2337 3271 potius
2365 3201 2513 3257 Petri
2558 3200 2758 3257 Juliani
2798 3201 3267 3271 Ulyssiponensis,
3294 3199 3361 3254 ad
3388 3215 3676 3258 summum

405 3295 593 3355 postea
647 3286 1028 3353 pontiﬁcatum
1063 3287 1168 3342 sub
1211 3286 1441 3343 Joannis
1494 3286 1615 3341 ΧΧί
1678 3289 1903 3342 nomine
1957 3288 2153 3343 evecti.
2202 3287 2393 3344 Exstat
2424 3289 2567 3343 aliud
2593 3289 2839 3357 ejusdem
2874 3290 3178 3357 exemplar,
3210 3290 3400 3345 eodem
3436 3290 3676 3360 Georgio

408 3374 697 3429 Sclwlario
736 3376 1069 3444 interprete,
1108 3376 1159 3429 iu
1194 3374 1445 3430 Caesarea
1483 3374 1896 3435 Vindobonensi
1923 3376 2286 3440 bibliotheca,
2328 3375 2383 3429 in
2410 3374 2569 3444 cujus
2618 3374 2859 3444 Catalogi
2911 3376 3217 3430 Nesseliani
3251 3385 3404 3445 parte
3439 3391 3489 3440 ν,
3541 3390 3673 3446 pag.
3736 3431 3746 3438 ,

405 3464 531 3527 178,
566 3479 717 3517 ηυιη.
752 3464 807 3527 4,
837 3465 911 3518 ita
937 3464 1257 3517 inscribitur
1290 3480 1304 3517 :
1352 3464 1451 3517 Ἐκ
1480 3463 1581 3531 τῆς
1612 3466 1975 3536 Διαλεκτικῆς

2100 3466 2112 3515 i
2165 3462 2477 3533 μαῖστωρος
2510 3463 2716 3531 Πέτρου
2762 3461 2855 3515 τοῦ
2896 3462 3154 3516 Ἰππανοῦ
3194 3462 3322 3532 (leg.
3381 3463 3669 3532 Ἱσπανοῦ)

404 3551 753 3621 ἐρμηνευθὲν
780 3551 935 3621 παρὰ
964 3551 1062 3603 τοῦ
1100 3550 1424 3621 Σχολαρίου,
1468 3552 1685 3616 eodem,
1719 3568 1827 3620 quo
1853 3564 1987 3607 1108ῑί

2100 3571 2139 3614 ι,
2174 3550 2331 3603 ἱηίιίο
2382 3550 2694 3619 praeditum.
2743 3548 2869 3606 Htec
2901 3565 3031 3607 vero
3063 3550 3247 3606 Graeca
3279 3551 3666 3617 interpretatio

406 3639 677 3701 nondum,
708 3641 853 3707 quod
890 3638 1086 3702 sciam,
1118 3640 1172 3690 in
1205 3638 1380 3690 lucem
1410 3637 1635 3705 prodiit.

484 3732 577 3786 56.
606 3731 775 3786 Foliis
807 3733 841 3784 ι
877 3731 1029 3798 puris
1086 3731 1413 3799 interiectis,
1466 3732 1561 3785 Ἐκ
1612 3732 1720 3785 τῶν
1775 3750 1987 3803 σοφισμ

2102 3750 2130 3785 ν
2183 3733 2277 3787 τοῦ
2337 3735 2493 3804 ἁγίου
2553 3733 2726 3804 Θωμᾶ
2769 3732 3320 3805 μεθερμηνευθέντων
3365 3732 3519 3801 παρὰ
3572 3732 3674 3787 τοῦ

402 3819 804 3889 προειρημένου
862 3820 1136 3889 Γεωργίου
1182 3818 1276 3871 τοῦ
1324 3820 1648 3891 Σχολαρίου.
1710 3818 1793 3874 Ea:
1847 3819 1987 3887 Soph

2101 3822 2206 3876 atis
2262 3824 2437 3878 sancti
2511 3820 2726 3875 Thamar
2779 3839 2811 3875 a
2852 3823 3107 3891 praedicto
3154 3819 3378 3891 Georgio
3434 3818 3667 3875 Schola-

404 3909 487 3958 rio
531 3908 915 3974 interpretatis.
946 3909 1164 3963 Initium
1194 3926 1210 3963 :
1262 3906 1479 3978 Ἐπειδὴ
1508 3911 1538 3978 ἡ
1564 3908 1759 3981 λογικὴ
1786 3911 1982 3980 ὲπιστή

2100 3912 2216 3963 ἐστὶ
2250 3913 2377 3981 περὶ
2425 3911 2617 3978 λόγους
2649 3910 2745 3963 καὶ
2796 3911 2933 3981 πρὸς
2977 3911 3077 3972 τὰς
3128 3910 3413 3975 διαλέξεις.
3470 3908 3673 3964 Finis:

398 3992 570 4061 Δῆλον
597 3991 692 4049 οὖν
720 3996 892 4049 ὅτιτὸ
923 3996 1166 4067 σόφισμα
1194 3996 1365 4050 τοῦτο
1400 3998 1682 4066 πρόεισιν,
1718 3998 1861 4050 κατὰ
1891 3998 1952 4050 τὸ
2004 3998 2065 4052 ἒν
2106 4000 2202 4053 καὶ
2229 3999 2421 4053 πολλὰ.
2466 4000 2577 4053 Καὶ
2616 3998 2789 4051 ταῦτα
2842 4000 2941 4068 μὲν
2988 3998 3115 4069 περὶ
3161 3998 3270 4051 τῶν
3317 3997 3676 4068 σοφισμάτων

396 4081 662 4150 ἀρκείτω.

438 4172 521 4228 'ls
557 4174 715 4239 liber,
759 4181 895 4229 teste
930 4173 1138 4230 Jacobo
1175 4176 1392 4231 Eclmrd
1430 4175 1483 4229 iu
1548 4175 1913 4245 Scriptoribus
1961 4178 2079 4230 0rd.
2116 4175 2471 4232 Prwdicator.
2508 4178 2802 4242 recensitis,
2835 4177 2945 4232 vol.
2984 4177 3025 4244 l,
3070 4192 3124 4245 p.
3163 4176 3290 4243 545,
3343 4177 3454 4232 col.
3486 4176 3545 4241 '2,
3575 4192 3677 4232 ex-

398 4272 509 4315 stat
549 4262 602 4315 in
659 4263 990 4317 bibliotheca
1046 4260 1362 4318 Florentiua
1417 4265 1680 4327 Medicea,
1726 4266 1860 4333 plut.
1903 4265 1991 4330 7i,
2032 4265 2154 4318 cod.
2190 4265 2282 4330 55,
2336 4268 2541 4330 cliart.,
2575 4268 2629 4320 in
2662 4267 2715 4334 8,
2757 4268 2835 4320 sic
2880 4266 3225 4334 inscriptus:
3273 4264 3679 4335 δορὶεηιίειὶηιὶ

400 4347 614 4402 Thema:
650 4349 951 4404 Dialectica
983 4350 1209 4417 Cra'ce;
1246 4362 1300 4407 ct
1335 4354 1463 4406 huic
1505 4361 1717 4416 nostro,
1752 4352 1795 4404 si
1835 4352 2165 4422 principium
2199 4368 2262 4407 ac
2308 4353 2468 4407 linem
2496 4370 2525 4408 a
2558 4354 2778 4409 laudato
2806 4355 3017 4408 Ecltard
3053 4364 3504 4422 reprasentatum
3535 4370 3673 4424 spe-

395 4447 539 4500 ctes,
571 4439 799 4491 omnino
842 4438 1061 4492 similis.
1119 4440 1225 4493 Sed
1281 4440 1597 4509 interpretis
1646 4453 1845 4491 nomen
1895 4441 1968 4493 ibi
2002 4440 2300 4506 omissum,
2342 4442 2488 4510 quod
2530 4441 2621 4497 hic
2658 4442 2891 4496 feliciter
2937 4457 3261 4511 expressum
3310 4443 3617 4508 gaudemus
3654 4461 3672 4505 ;

395 4534 739 4593 quapropter
799 4525 936 4579 nihil
993 4526 1061 4579 de
1103 4526 1193 4581 illo
1234 4526 1576 4584 Bibliotheca;
1611 4531 1976 4585 Dominicunw
2030 4530 2301 4593 conditor,
2358 4531 2653 4599 cretcroqui
2692 4530 3173 4600 diligentissimus.
3240 4529 3445 4583 Eodem
3498 4530 3667 4585 etiam

396 4609 684 4675 referente,
728 4629 747 4662 ι
787 4611 1132 4682 Opusculum
1183 4623 1267 4668 est
1314 4617 1371 4671 in
1410 4617 1689 4686 impressis
1746 4620 1938 4674 ordine
1974 4618 2221 4683 XXXIX,
2281 4620 2385 4674 hoc
2417 4618 2574 4674 titulo
2608 4637 2620 4672 :
2666 4617 2739 4673 De
2774 4619 3007 4689 fallaciis
3040 4619 3135 4671 'ad
3166 4617 3424 4688 quasdam
3459 4619 3667 4673 nobiles

394 4704 688 4760 artistas...
719 4704 911 4762 Exstat
939 4709 1104 4764 etiam
1140 4711 1197 4765 in
1236 4709 1503 4779 Palatina,
1540 4728 1689 4767 nunc
1724 4710 1988 4767 Vaticana
2023 4715 2145 4769 cod.
2173 4714 2302 4771 255.
2347 4735 2367 4768 ι

470 4791 625 4851 Hanc
656 4806 875 4867 quoque
899 4797 1417 4868 interpretationem
1455 4801 1688 4858 necdum
1718 4802 1841 4856 luce
1872 4802 2127 4857 donatam
2165 4803 2509 4860 arbitramur.
