4112 6274
419 377 491 439 39
1302 362 1693 431 ‘GREGORII
1761 368 2011 429 NAMM.

2122 356 2231 431 εἰ).
2282 356 2800 429 ΡΑΤΒΙΑΗΟΗΕ
3611 372 3681 433 ιο

420 481 687 552 Spiritum
718 477 956 543 dicente,
993 482 1049 531 et
1106 474 1267 531 modo
1317 475 1434 541 Dei,
1486 476 1578 531 ubi
1625 475 1820 529 scribit

420 573 537 641 quis
573 578 751 623 autem
779 566 1035 637 Spiritum
1064 565 1266 619 Christi
1298 581 1399 618 nou
1453 565 1627 628 habet,
1666 565 1746 617 hic
1782 579 1886 616 non
1920 572 1996 616 est

421 663 572 733 (jus;
627 670 681 715 et
721 672 915 712 rursus
969 672 985 710 :
1032 656 1143 710 Nos
1196 664 1315 709 vero
1352 671 1453 707 non
1512 654 1757 721 spiritum
1814 652 1998 706 mundi

423 754 740 823 accepimus,
804 750 895 803 sed
932 748 1212 817 Spiritum,
1248 749 1337 817 qui
1362 763 1425 800 ex
1461 746 1567 799 Deo
1623 754 1742 809 est;
1800 744 1997 814 partim

425 860 555 899 vero
592 843 825 898 Domino
857 854 981 895 eum
1037 838 1308 909 Spiritum
1371 836 1620 891 veritatis
1670 835 1997 905 appellante,

425 936 690 1008 quoniam
728 936 847 1003 ipse
890 942 974 987 est
1027 933 1253 995 veritas,
1312 937 1368 984 et
1423 944 1452 982 a
1504 928 1662 982 Patre
1703 926 2003 997 procedere

423 1030 667 1086 dicente.
724 1028 793 1079 At
847 1025 953 1079 iste
993 1024 1048 1077 in
1107 1023 1474 1093 dejectionem
1540 1020 1759 1074 Domini
1823 1017 2001 1073 nostri

427 1121 557 1179 Jesu
597 1117 800 1173 Christi
841 1115 1023 1171 aufert
1050 1126 1174 1168 eum
1209 1129 1238 1167 a
1274 1111 1461 1174 Patre.
1524 1111 1822 1180 Unigenito
1870 1124 2001 1163 vero

428 1212 678 1267 attribuit
734 1207 1081 1279 peculiariter
1160 1205 1230 1260 ad
1284 1206 1713 1260 destructionem
1794 1202 2002 1271 glorite,

430 1304 630 1374 injuria
655 1300 930 1367 afficiens,
993 1307 1055 1351 ut
1099 1305 1279 1368 putat,
1314 1314 1333 1346 ι
1394 1305 1450 1350 et
1496 1302 1617 1363 quae
1677 1298 2002 1362 sequuntur.

431 1397 565 1450 Nam
592 1396 735 1449 sicut
768 1393 875 1445 iste
903 1408 932 1445 a
971 1390 1080 1443 Deo
1112 1396 1404 1457 percussus
1438 1385 1514 1454 (α)
1547 1385 1771 1438 tertium
1803 1392 2002 1437 natura

431 1488 622 1540 dicens
647 1484 913 1554 Spiritum
950 1483 1017 1534 ad
1043 1489 1247 1535 rectam
1283 1478 1444 1533 iidem
1468 1475 1888 1537 destruendam,
1918 1486 2008 1528 re"-

433 1579 642 1632 futatus
679 1585 764 1630 est
792 1590 819 1626 a
873 1586 1070 1643 magno
1120 1570 1342 1636 Basilio,
1368 1570 1458 1637 qui
1514 1576 1648 1621 tunc
1685 1566 2001 1621 testimonia

434 1669 663 1738 protulit
715 1677 831 1720 tum
872 1680 903 1718 a
932 1662 1135 1716 divinis
1178 1670 1291 1715 tum
1326 1671 1355 1713 a
1398 1658 1775 1721 materialibns
1838 1657 2001 1711 rebus

436 1758 516 1812 vel
548 1755 843 1823 exemplis,
885 1752 1145 1807 videlicet
1197 1751 1265 1805 ab
1306 1749 1514 1820 angelis
1565 1758 1620 1803 et
1674 1747 1837 1802 astris
1889 1752 1945 1800 et
1975 1761 2005 1798 a

434 1848 638 1902 divinis
667 1844 1074 1907 mansionibus,
1139 1852 1195 1897 et
1251 1840 1452 1896 exinde
1486 1839 1857 1902 confirmavit,
1896 1852 2002 1891 non

437 1935 614 1991 tertia
647 1942 854 1987 natura:
884 1947 1005 1985 esse
1034 1930 1301 2000 Spiritum
1339 1936 1613 1991 sanctum,
1648 1928 1776 1982 licet
1816 1926 2007 1980 ordine

437 2026 631 2079 tertius
688 2024 781 2086 sit,
811 2031 877 2091 ,et
909 2022 1023 2076 haec
1064 2020 1109 2076 si
1169 2028 1224 2074 et
1261 2020 1456 2073 ordine
1514 2018 1794 2082 differunt,
1858 2017 2008 2086 ejus-

438 2116 562 2170 dem
624 2124 805 2169 tamen
834 2128 954 2167 esse
988 2112 1309 2167 substantiae
1350 2110 1475 2164 licet
1522 2120 1577 2164 et
1607 2109 1871 2177 dignitate
1898 2107 2009 2162 dif-

439 2208 621 2261 !erant
658 2221 673 2260 :
706 2205 785 2259 sic
815 2214 870 2258 et
898 2204 987 2257 bic
1026 2202 1348 2257 refellentur
1380 2201 1473 2270 qui
1503 2199 1611 2255 duo
1641 2200 1832 2255 dicunt
1858 2199 2011 2267 prin-

438 2298 582 2368 cipia
603 2298 658 2350 in
690 2295 1041 2366 processione
1074 2292 1318 2361 Spiritus
1339 2293 1540 2356 sancti,
1590 2291 1853 2345 nimirum
1907 2289 2011 2344 Pa-

442 2398 579 2443 trem
611 2385 907 2448 etFilium,
934 2400 1001 2437 ex
1026 2393 1327 2452 praenotata
1360 2383 1469 2436 divi
1497 2381 1684 2435 Basilii
1723 2382 1893 2445 dicto,
1917 2381 2010 2450 qui

439 2481 558 2536 ait:
609 2498 626 2531 ι
664 2477 819 2545 Quod
848 2492 877 2530 a
910 2475 1049 2530 Filio
1108 2475 1313 2530 factum
1364 2488 1488 2528 esse
1538 2472 1761 2536 dicitur,
1798 2472 1865 2527 ad
1899 2473 2012 2542 pri-

444 2585 586 2624 mam
618 2584 839 2624 causam
876 2567 1146 2632 refertur;
1185 2585 1205 2619 ι
1240 2573 1295 2620 et
1327 2579 1547 2619 rursum
1588 2582 1603 2618 :
1646 2578 1665 2615 t
1708 2561 1869 2617 Nulla
1888 2562 2012 2618 Filii

444 2662 689 2734 operatio
729 2661 905 2716 divisa
929 2671 981 2715 et
1015 2660 1253 2713 dissecta
1310 2666 1393 2712 est
1448 2673 1479 2711 a
1519 2657 1699 2713 Patre.
1741 2676 1760 2709 ι
1803 2656 2014 2712 Secun-

443 2755 571 2808 dum
612 2750 867 2805 eumdem
920 2753 1140 2802 modum
1201 2756 1256 2800 et
1304 2746 1542 2817 Cyrillus
1597 2746 1836 2801 secundo
1877 2744 2015 2798 The-

443 2856 732 2897 saurornm
759 2840 904 2893 libro
932 2839 1068 2893 dicit
1100 2855 1115 2892 :
1148 2855 1166 2888 t
1196 2837 1517 2891 Ostenditur
1553 2836 1697 2892 enim
1727 2835 2015 2907 perspicue

446 2934 712 3003 Spiritum
757 2940 1003 2985 sanctum
1047 2946 1154 2984 non
1203 2943 1328 2984 esse
1369 2929 1608 2983 alienum
1657 2928 1725 2982 ab
1775 2928 2013 2982 essentia

448 3026 592 3091 Filii,
625 3024 721 3081 sed
754 3025 807 3079 in
842 3025 961 3094 ipso
999 3031 1054 3078 et
1081 3036 1146 3076 ex
1180 3022 1297 3091 ipso
1337 3021 1488 3076 velut
1525 3022 1795 3076 actionem
1826 3035 2017 3091 quam—

1878 494 1890 526 :
1945 474 2003 528 Si
2033 484 2077 540 Α
2109 474 2347 547 φανερὸν
2374 474 2487 545 ἔχει
2511 474 2604 526 τὸν
2638 473 2885 526 κίνδυνον
2919 472 3151 543 διαιρεῖν
3176 474 3286 527 ἀπὸ
3341 477 3434 529 τοῦ
3453 475 3588 531 Θεοῦ
3622 484 3681 533 τὸ

2104 565 2351 637 Πνεῦμα,
2415 564 2574 618 τοῦτο
2617 565 2716 633 μὲν
2762 563 2855 616 τοῦ
2931 564 3259 617 Ἀποστόλου
3321 570 3683 639 συνημμένως

2102 658 2239 727 ἡμῖν
2271 657 2682 722 παραδίδοντοξ,
2714 657 2810 708 καὶ
2838 655 2933 708 νῦν
2973 656 3072 725 μὲν
3105 657 3352 726 Χριστοῦ
3405 660 3681 726 λέγοντος.

2105 749 2201 801 νῦν
2232 747 2289 799 δὲ
2312 746 2408 799 τοῦ
2445 747 2602 809 Θεοῦ,
2630 748 2690 799 ἐν
2743 743 2829 807 οἷς
2870 746 3096 816 γράφει’
3137 746 3201 799 El
3228 744 3296 799 δέ
3321 765 3407 814 τις
3440 750 3684 819 Πνεῦμα

2102 837 2362 906 Χριστοῦ
2387 839 2497 891 οὐκ
2521 837 2667 906 ἔχει,
2691 828 2869 903 οὗτος
2905 839 3017 890 οὐκ
3042 836 3216 891 ἐστιν
3245 839 3433 892 αὐτοῦ
3458 833 3559 910 (i)°
3590 847 3685 895 καὶ

2107 932 2291 985 πάλιν·
2355 929 2550 997 Ἡμεῖς
2586 929 2653 982 δὲ
2675 932 2746 982 οὐ
2781 930 2849 983 τὸ
2876 930 3123 998 Πνεῦμα
3145 929 3251 984 τοῦ
3283 934 3519 1001 κόσμου
3549 936 3687 988 ἐλά-

2105 1012 2307 1091 ϐομενλ,
2345 1024 2506 1078 ἀλλὰ
2547 1023 2611 1076 τὸ
2643 1023 2884 1093 Πνεῦμα
2916 1022 2982 1076 τὸ
3010 1023 3080 1077 ἐκ
3124 1025 3273 1078 Θεοῦ
3306 1024 3407 1096 (2)·
3441 1026 3599 1080 τοῦτο
3628 1027 3686 1083 δὲ

2104 1114 2199 1168 τοῦ
2239 1115 2442 1185 Κυρίου
2464 1116 2691 1186 Πνεῦμα
2722 1116 2822 1183 τῆς
2868 1117 3132 1188 ἀληθείας
3164 1118 3438 1187 λέγοντος,
3488 1122 3675 1189 ἐπειδὴ

2108 1206 2271 1268 αὐτὸς
2303 1207 2335 1275 ἡ
2366 1207 2616 1276 ἀλήθεια,
2662 1210 2755 1260 καὶ
2788 1210 2940 1279 παρὰ
2967 1210 3064 1262 τοῦ
3112 1208 3330 1281 Πατρδς
3385 1213 3687 1282 ἐκπορεύε-

2110 1298 2234 1351 σθαι
2271 1297 2373 1367 (5).
2443 1288 2585 1351 Ἀλλ’
2618 1292 2774 1362 οὗτος
2802 1302 2884 1362 εἰς
2947 1300 3270 1372 καθαίρεσιν
3323 1303 3416 1354 τοῦ
3477 1303 3684 1373 Κυρίου

2107 1389 2267 1459 ἡμῶν
2306 1388 2486 1458 Ἰησοῦ
2519 1390 2756 1459 Χριστοῦ
2785 1390 3008 1460 ἀφαιρεῖ
3032 1391 3131 1460 μὲν
3152 1391 3283 1444 αὐτὸ
3314 1393 3422 1446 ἀπὸ
3454 1393 3549 1446 τοῦ
3580 1395 3688 1447 Πα-

2113 1484 2261 1549 τρδς,
2296 1481 2375 1550 τῷ
2414 1482 2469 1533 δὲ
2500 1480 2795 1548 Μονογενεῖ
2818 1482 3186 1553 διαφερόντως
3221 1485 3315 1537 ἐπὶ
3368 1486 3686 1556 καθαιρέσει

2109 1572 2208 1639 τῆς
2236 1570 2391 1640 δόξης
2430 1570 2809 1640 προστίθησιν,
2845 1572 3170 1641 ἐξυϐρίζων,
3200 1573 3276 1636 ὡς
3308 1574 3500 1640 οἴεται,
3534 1584 3552 1626 t
3592 1576 3689 1630 καὶ

2111 1663 2179 1716 τὰ
2209 1661 2354 1730 ἑξῆς.
2390 1661 2497 1714 Καὶ
2533 1661 2644 1731 γὰρ
2675 1661 2864 1731 ὥσπερ
2904 1664 3092 1731 τρίτον
3122 1665 3190 1732 τῇ
3240 1666 3401 1729 φύσει
3430 1665 3457 1715 ὁ
3490 1665 3688 1735 θεήλα-

2111 1768 2202 1813 τος
2234 1751 2386 1813 οὗτος
2419 1751 2592 1818 λέγων
2628 1752 2720 1804 ἐπὶ
2751 1750 3070 1820 καθαιρέσει
3104 1752 3205 1822 τῆς
3251 1752 3417 1823 ὀρθῆς
3454 1754 3689 1815 πίστεως

2110 1842 2347 1913 ἠλέγχθη
2372 1843 2615 1912 (“napi
2642 1842 2736 1896 τοῦ
2763 1844 3003 1912 μεγάλου
3055 1844 3342 1897 Βασιλείου
3390 1846 3691 1915 τηνικαῦτα

2113 1934 2421 2005 μαρτυρίας
2465 1935 2901 2005 προκομίσαντος
2945 1936 3054 1989 ario
3080 1954 3140 1990 τε
3166 1937 3327 1992 θείων
3363 1938 3459 1992 καὶ
3486 1938 3691 1990 ὑλικῶν

2111 2026 2497 2096 πραγμάτωνῆ
2518 2025 2998 2097 παραδειγμάτων,
3017 2028 3125 2081 τῶν
3157 2025 3227 2082 τε
3244 2023 3487 2097 ἀγγέλων
3517 2030 3692 2098 λέγων

2110 2118 2207 2170 καὶ
2223 2110 2329 2168 τῶν
2344 2118 2589 2185 ἀστέρων
2609 2118 2828 2171 καὶτῶν
2847 2118 3008 2172 θείων
3021 2120 3323 2189 μονῶν,καὶ
3338 2121 3586 2174 ἐντεῦθεν
3607 2122 3693 2191 βε-

2110 2207 2448 2270 ϐαιώσαντος
2471 2210 2553 2261 ὅτι
2573 2210 2635 2261 οὐ
2690 2210 2881 2279 τρίτης
2922 2212 3041 2262 ἐστὶ
3083 2213 3298 2281 φύσεως
3314 2214 3374 2265 τὸ
3394 2212 3615 2284 Πνεῦμα
3635 2214 3696 2266 τδ

2111 2295 2287 2364 ἅγιον,
2306 2298 2354 2349 εί
2374 2298 2467 2350 καὶ
2496 2300 2561 2368 τῇ
2586 2297 2738 2362 τάξει
2776 2300 2960 2369 τρίτον
2991 2302 3105 2353 ἐστὶ
3135 2303 3249 2371 (καὶ
3278 2301 3452 2355 ταῦτα
3483 2305 3611 2371 γὰρ,
3645 2304 3692 2356 εί

2112 2389 2281 2458 καὶτῇ
2297 2387 2833 2457 τάξειδιαφέρουσιν,
2856 2390 2994 2444 ἀλλὰ
3011 2391 3111 2462 τῆς
3129 2393 3299 2462 αὐτῆς
3316 2395 3504 2456 οὐσίας
3524 2395 3693 2458 ἐστὶν,

2112 2482 2161 2534 εί
2180 2482 2274 2533 καὶ
2286 2480 2604 2550 διαφέρουσι
2622 2483 2733 2543 τοῖς
2750 2481 3074 2553 ἀξιώμασιν)
3095 2485 3197 2553 (5)ὸ
3224 2483 3367 2538 οὕτω
3388 2488 3478 2538 καὶ
3504 2486 3692 2539 ἐνταῦ-

2115 2572 2183 2626 θα
2198 2574 2615 2643 ἐλεγχθήσονται
2630 2575 2679 2626 οί
2694 2574 2786 2627 δύο
2798 2574 2866 2627 τὰ
2888 2576 3035 2628 αῐτια
3050 2575 3301 2643 λέγοντες
3319 2578 3509 2646 ἐπὶτῆς
3530 2580 3694 2631 ἐκπε-

2117 2665 2354 2737 ρεύσεως
2390 2668 2484 2718 τοῦ
2510 2666 2665 2735 ἁγίου
2703 2664 3042 2736 Πνεύματος,
3075 2667 3165 2720 τὸν
3200 2669 3421 2739 Πατέρα
3451 2670 3692 2739 δηλονότι

2116 2760 2211 2812 καὶ
2236 2758 2330 2812 τὸν
2353 2757 2502 2822 Υίδν,
2534 2758 2642 2811 ἀπὸ
2673 2758 2767 2810 τοῦ
2798 2760 3199 2830 προειρημένου
3238 2761 3403 2831 ῥητοῦ
3432 2762 3524 2814 τοῦ
3544 2763 3693 2814 θείου

2118 2848 2395 2902 Βασιλείου
2419 2850 2740 2919 φάσκοντος·
2763 2868 2782 2901 ι
2808 2850 2882 2903 Τὸ
2911 2851 3063 2920 παρὰ
3089 2849 3184 2903 τοῦ
3211 2850 3341 2905 Υίοῦ
3365 2856 3694 2923 γεγενῆσθαι

2116 2942 2407 3011 λεγόμενον
2433 2943 2575 3013 πρὸς
2612 2943 2712 3012 τὴν
2749 2942 2979 3013 πρώτην
3016 2944 3199 2998 αἰτίαν
3256 2945 3356 3013 τὴν
3412 2947 3693 3018 ἀναφορὰν

2119 3034 2233 3105 ἔχει
2267 3033 2367 3105 (6)’
2401 3034 2672 3098 καὶποτι
2694 3033 2924 3103 οὐδεμία
2960 3035 3219 3105 ἐνέργεια
3243 3037 3336 3090 τοῦ
3373 3037 3501 3091 Υίοῦ
3547 3041 3688 3092 ἀπο·
3748 3048 3750 3051 ’

447 3121 570 3175 dam
602 3117 903 3172 naturalem
938 3130 1056 3185 qua:
1112 3115 1297 3168 omnia
1333 3128 1673 3184 quaecunque
1704 3121 1762 3167 et
1786 3113 2011 3167 voluerit

2121 3128 2439 3197 τετμημένη
2491 3127 2608 3180 ἐστὶ
2651 3127 2747 3180 τοῦ
2801 3129 3082 3200 Πατρὸςδι
3131 3129 3276 3183 καθά
3334 3148 3467 3200 φησι
3529 3134 3625 3185 καὶ
3668 3135 3696 3185 ὁ

446 3216 627 3277 potest
664 3206 959 3274 complere.
998 3224 1016 3256 ›
1048 3203 1112 3258 Et
1136 3219 1354 3258 rursum
1388 3202 1622 3257 ibidem:
1661 3220 1679 3253 ι
1715 3201 1831 3258 Νοιι
1857 3218 2017 3272 sepa-

448 3311 605 3354 ratur
658 3313 687 3352 a
744 3297 930 3351 divina
978 3296 1243 3362 essentia,
1294 3296 1387 3351 sed
1447 3311 1513 3351 ex
1565 3296 1653 3349 illa
1701 3296 2020 3349 naturaliter

448 3388 685 3444 emissus
732 3386 1041 3441 universam
1075 3385 1236 3440 habet
1266 3384 1447 3439 Patris
1491 3385 1583 3455 (et
1615 3384 1771 3455 Filii)
1822 3400 2020 3454 operao

451 3481 678 3534 tionem.
722 3495 742 3530 ›
799 3479 866 3532 Et
909 3493 1140 3547 magnus
1183 3478 1539 3543 Athanasius,
1588 3478 1644 3531 in
1680 3480 1906 3544 epistola
1953 3479 2018 3531 ad

449 3572 834 3641 Serapionem,
885 3571 1244 3638 operationem
1282 3568 1413 3623 Fiiii
1448 3570 1695 3624 nominat
1728 3569 2017 3639 Spiritum.

450 3662 509 3715 Si
541 3662 707 3730 igitur
739 3661 986 3730 operatio
1015 3669 1101 3716 est
1136 3659 1316 3715 Patris
1346 3671 1399 3717 et
1428 3660 1579 3725 Filii,
1611 3662 1860 3730 operatio
1890 3675 2020 3715 vero

451 3769 559 3807 non
612 3752 789 3815 divisa
836 3760 922 3806 est
977 3752 1278 3806 secundum
1322 3753 1509 3807 divum
1554 3752 1839 3818 Basiliam,
1889 3765 2019 3822 ergo

452 3860 561 3898 non
591 3845 700 3897 duo
740 3851 867 3898 sunt
896 3843 1186 3911 principia.
1214 3842 1560 3914 Manifestum
1597 3844 1743 3897 enim
1771 3853 1877 3909 est,
1910 3859 2018 3897 una

449 3935 716 4004 spirativa
761 3934 963 3986 virtute
1020 3932 1105 3986 vel
1137 3934 1456 4002 operatione
1490 3932 1706 3986 Patrem
1735 3940 1790 3987 et
1820 3932 2017 3987 Filium

452 4025 757 4096 producere
809 4022 1073 4092 Spiritum
1105 4028 1357 4075 sanctum
1412 4030 1471 4076 et
1517 4022 1701 4078 omnia
1728 4037 1849 4092 quae
1888 4010 2021 4079 Sunt

450 4116 574 4171 Filii
633 4114 703 4170 ad
754 4113 969 4168 Patrem
1030 4110 1261 4176 referri,
1342 4111 1506 4165 etiam
1563 4125 1795 4179 quorum
1848 4112 2021 4170 Filius

449 4223 618 4265 causa
678 4214 785 4261 est.
844 4205 1146 4274 Gregorius
1187 4202 1500 4272 Theologus
1556 4204 1606 4256 id
1657 4204 1899 4259 declarat
1940 4207 2023 4260 di-

446 4314 584 4355 cens
613 4316 629 4355 :
666 4316 685 4350 t
716 4295 913 4351 Omnia
940 4312 1059 4364 qua:
1082 4306 1207 4348 sunt
1237 4292 1513 4363 Untgeniti
1538 4293 1610 4347 ad
1633 4294 1863 4363 primam
1890 4310 2021 4350 cau-

2122 3219 2392 3289 Κύριλλος
2424 3220 2481 3271 ἐν
2510 3218 2589 3288 τῷ
2623 3218 2866 3289 δευτέρῳ
2886 3220 2997 3273 τῶν
3026 3221 3356 3291 Θησαυρῶν·
3421 3240 3438 3273 t
3473 3224 3695 3276 Δείκνυ-

2120 3328 2210 3363 ται
2237 3312 2346 3381 γὰρ
2385 3310 2578 3378 σαφῶς
2613 3310 2712 3363 οὐκ
2737 3311 3018 3381 ἀλλότριον
3065 3312 3164 3381 τῆς
3198 3314 3383 3376 οὐσίας
3442 3315 3536 3367 τοῦ
3565 3306 3695 3368 Υίοῡ

2122 3402 2182 3454 τὸ
2219 3402 2442 3471 Πνεῦμα
2462 3404 2523 3453 τὸ
2572 3403 2749 3469 ἆγιον,
2794 3404 2912 3456 ἀλλ’
2944 3405 3002 3456 ἐν
3074 3404 3223 3474 αὐτῷ
3282 3406 3378 3458 καὶ
3413 3407 3471 3473 ἐξ
3528 3408 3695 3459 αὐτοῦ

2121 3492 2311 3560 ὥσπερ
2359 3493 2616 3562 ἐνέργειά
2648 3510 2731 3555 τις
2786 3494 2993 3563 φυσικὴ
3023 3496 3202 3567 πάντα
3231 3494 3501 3566 δυναμένη
3558 3498 3694 3568 πλη·

2126 3584 2252 3653 ροῦν
2276 3584 2375 3635 ὅσα
2398 3583 2491 3635 καὶ
2520 3582 2768 3651 βούλεται
2793 3584 2892 3650 (7).
2927 3603 2944 3635 ι
3005 3585 3114 3638 Καὶ
3156 3586 3321 3638 πάλιν
3364 3589 3421 3639 ὲν
3460 3592 3571 3651 τοῖς
3601 3590 3664 3640 αὑ

2122 3673 2254 3733 τοῖς·
2289 3687 2307 3724 t
2350 3672 2425 3723 Οὐ
2458 3670 2744 3740 διώρισται
2772 3672 2872 3743 τῆς
2892 3674 3085 3739 οὐσίας
3124 3678 3223 3745 τῆς
3255 3675 3427 3742 θείας,
3475 3678 3593 3732 ἀλλ’
3621 3679 3690 3749 (8,

2124 3760 2185 3826 ἐξ
2230 3762 2402 3831 αὐτῆς
2429 3763 2680 3831 φυσικῶς
2712 3765 3133 3835 ἐκπεμπόμενος
3158 3768 3286 3839 ὃλην
3338 3771 3450 3840 ἔχει
3473 3772 3570 3841 τὴν
3604 3773 3699 3825 τοῦ

2124 3853 2334 3922 Πατρὸς
2361 3853 2434 3925 (9)
2459 3854 2759 3924 ἐνέργειαν.
2782 3870 2801 3906 ι
2826 3856 2939 3909 Καὶ
2960 3856 3285 3923 Ἀθανάσιος
3312 3861 3339 3913 ὁ
3364 3864 3537 3931 μέγας
3562 3866 3618 3916 ἐν
3637 3869 3701 3935 τῇ

2124 3947 2260 4014 πρὸς
2302 3946 2631 4016 Σεραπίωνα
2656 3947 2966 4017 ἐνέργειαν
3016 3950 3124 4005 τοῦ
3172 3952 3312 4006 Υίοῦ
3370 3955 3432 4006 τὸ
3476 3955 3701 4025 Πνεῦμα

2122 4036 2377 4106 ὀνομάζει
2418 4038 2531 4107 (10)
2564 4038 2647 4093 .Ei
2668 4034 2761 4091 οὖν
2783 4040 3035 4109 ἐνέργειά
3067 4045 3181 4095 ἐστι
3222 4044 3316 4096 τοῦ
3354 4046 3567 4117 Πατρδς
3598 4048 3692 4101 καὶ

2119 4126 2215 4179 τοῦ
2271 4128 2423 4194 Υίοῦ,
2479 4132 2511 4199 ἠ
2571 4128 2628 4181 δὲ
2664 4130 2917 4200 ἐνέργεια
2945 4133 3047 4184 οὐκ
3107 4134 3548 4207 ἀποτετμημὲνη
3590 4141 3705 4191 ἐστὶ

2126 4216 2272 4269 κατὰ
2303 4217 2398 4270 τὸν
2424 4217 2763 4289 θεοφάντορα
2819 4219 3124 4288 Βασίλειον,
3178 4223 3277 4276 οὐκ
3335 4226 3444 4296 άρα
3499 4229 3592 4283 δύο
3637 4232 3706 4284 τὰ

2126 4306 2301 4362 αἴτια.
2332 4309 2609 4378 Πρόδηλον
2633 4311 2764 4381 γὰρ,
2792 4312 2867 4376 ὡς
2899 4315 2996 4384 μιᾷ
3031 4317 3373 4390 προδλητικῇ
3400 4321 3639 4391 δυνάμει
3669 4325 3701 4395 ἢ

340 4604 341 4607 η
452 4574 655 4631 miliori
695 4572 861 4629 modo
894 4570 1173 4635 dicuntur,
1202 4577 1263 4623 ut
1291 4566 1433 4636 dari,
1471 4567 1639 4637 mitti,
1668 4568 1869 4638 dividi,
1898 4572 2028 4626 cha-

450 4407 569 4449 sam
604 4390 929 4446 relationem
963 4388 1184 4440 habent.
1220 4402 1239 4437 ι
1276 4384 1547 4440 Praztcrea
1574 4386 1735 4449 idem,
1761 4385 2011 4443 Oratione

2130 4398 2382 4471 ἐνεργείᾳ
2408 4401 2436 4451 ὁ
2459 4401 2647 4472 Πατὴρ
2674 4402 2765 4454 καὶ
2796 4403 2825 4456 ὀ
2852 4384 3373 4475 Υίὸςπροϐάλλουσί
3399 4412 3457 4465 τὸ
3479 4384 3702 4483 Πνεῦμα

448 4483 508 4537 in
555 4478 916 4538 Pentecostcn
968 4491 1043 4532 :t
1083 4474 1461 4545 Quaecunque,
1518 4474 1719 4547 inquit,
1776 4475 1867 4533 hic
1928 4480 2011 4533 hu-

2133 4489 2194 4541 τὸ
2223 4463 2411 4554 αγιον.
2448 4490 2543 4544 καὶ
2695 4491 2771 4553 ὡς
2802 4463 2994 4547 *πάντα¹
3017 4463 3084 4549 τὰ
3128 4497 3223 4551 τοῦ
3274 4463 3422 4555 Υίοῦτ

1248 4580 1263 4671 t
1291 4580 1433 4671 dari,
1471 4580 1639 4671 tmttt,
1668 4580 1869 4671 αιτιοι,
1898 4580 2028 4671 clla:
2134 4580 2356 4671 Πατέρα
2388 4583 2758 4653 ἀναφέρονται
2807 4584 2948 4658 [καὶ]
2982 4581 3058 4641 ὧν
3091 4589 3118 4640 ὀ
3148 4589 3273 4655 Υίὸς
3311 4592 3505 4656 αῐτιος.
3566 4596 3709 4667 Γρη-

451 4669 643 4734 risma,
690 4663 1009 4733 insulilatio,
1087 4664 1404 4731 promissio,
1456 4662 1655 4730 oratio,
1722 4664 1840 4721 sive
1895 4666 2011 4733 quit

2132 4669 2656 4742 γόριοςὸΘεολόγος
2721 4675 2885 4729 τοῦτο
2943 4682 3213 4752 παριστᾷ·
3277 4700 3297 4732 ‹
3327 4684 3513 4738 Πάντα
3573 4662 3705 4759 γάρ,

450 4757 599 4812 aliud
643 4755 941 4825 ejusmodi,
975 4768 1046 4809 ne
1076 4754 1293 4823 singula
1326 4771 1554 4824 quaeque
1584 4769 1921 4821 enumerem,
1956 4757 2011 4811 ad

2132 4762 2290 4830 φησι,
2321 4763 2391 4816 τὰ
2424 4763 2518 4816 τοῦ
2538 4766 2883 4835 Μονογενοῠς
2912 4771 2993 4832 είς
3019 4770 3118 4841 τὴν
3147 4772 3372 4843 πρώτην
3398 4754 3707 4848 αίτίανντην

453 4849 685 4918 primam
716 4857 943 4902 causam
993 4844 1283 4902 referenda
1334 4855 1465 4900 sunt
1510 4856 1564 4897 ιιι
1597 4846 1923 4900 ostendatur
1954 4863 2011 4901 υ]

2128 4853 2410 4924 ἀναφορὰν
2438 4858 2553 4927 ἔχει
2583 4858 2721 4929 (ii).
2761 4877 2780 4911 ο
2821 4860 2931 4912 Καὶ
2953 4860 3035 4916 ἔτι
3064 4863 3092 4915 δ
3123 4865 3285 4929 αὐτὸς
3308 4869 3365 4921 ἐν
3395 4867 3473 4937 τῷ
3497 4871 3578 4932 εἰς
3606 4844 3703 4939 τιξν

524 5058 602 5131 (i)
644 5058 804 5131 Bom.
835 5076 955 5126 unt,
982 5059 1036 5117 9.

451 5127 729 5251 ὲλ
758 5131 917 5185 nom.
944 5144 1062 5195 vnt,
1106 5128 1194 5184 ιε.
1225 5127 1383 5200 Apud
1435 5128 1599 5185 Allat.
1635 5130 1671 5184 ι.
1709 5141 1760 5183 c.
1792 5127 2021 5198 ὑμεῖς...

526 5268 605 5337 (5)
637 5268 791 5337 Apud
819 5266 983 5322 Allat.
1028 5268 1063 5323 l.
1087 5284 1137 5324 c.
1171 5265 1552 5331 ἐκπορεύεται.
1594 5269 2023 5338 llucusquelex-

456 5348 569 5406 tum
599 5339 933 5406 suppeditat.

524 5405 600 5477 (4)
628 5405 755 5461 Cod.
771 5444 787 5472 ,
817 5408 1041 5479 ἠλέχθη.

528 5476 605 5549 (5)
630 5479 714 5532 Cf.
741 5476 1013 5533 uale'm
1038 5493 1088 5533 c.
1138 5476 1304 5544 Eum,
1338 5496 1392 5534 n.
1427 5480 1451 5533 1
1481 5496 1596 5549 seq.
1620 5482 1687 5534 de
1716 5493 1826 5547 quo
1878 5487 2028 5549 textu

454 5550 789 5671 glires-ccum
819 5551 887 5601 de
912 5564 1065 5617 proc.
1093 5549 1187 5619 Sp.
1215 5549 1275 5603 S.
1299 5565 1351 5604 c.
1387 5552 1410 5604 1
1447 5548 1573 5620 seq.
1594 5549 1691 5605 Gr.
1724 5553 1871 5604 Ol'lit.
1899 5548 1938 5617 Ι,
1970 5566 2024 5619 p.

530 5636 562 5671 ο
586 5634 700 5671 seu.

530 5636 562 5671 ο
586 5634 700 5689 seq.

530 5801 609 5872 (a)
640 5799 965 5854 Eunomium
1001 5800 1254 5870 intelligit
1289 5814 1317 5852 a
1358 5797 1564 5871 Basilio
1594 5797 1910 5853 refutatum.

2154 5133 2455 5217 “gruem
2487 5146 2669 5192 textus
2700 5141 2751 5192 in
2774 5141 2930 5217 [ξρεςὶ
2957 5133 3132 5214 ερίέτ.
3166 5146 3201 5198 4
3232 5133 3520 5217 (Gn'orth.
3543 5144 3609 5210 Π,
3648 5162 3702 5216 p.

2133 5202 2275 5283 54.81
2293 5205 2524 5283 lectione
2555 5221 2746 5283 parum
2777 5202 3012 5266 diversa:

2203 5272 2281 5341 (8)
2302 5270 2392 5325 Sic
2418 5270 2568 5328 recte
2592 5274 2759 5331 Marc.
2797 5280 2943 5335 Non.
2975 5283 3068 5334 καὶ
3100 5282 3222 5337 loco
3247 5283 3382 5337 ἀλλά
3414 5284 3596 5339 habet.

2161 5341 2281 5424 “(9)
2310 5342 2882 5424 lderit_texttts_Epigr.
2905 5351 2959 5424 8,
2991 5351 3025 5405 Ι.
3052 5368 3125 5417 c.,
3176 5369 3229 5422 p.
3263 5355 3366 5407 585
3397 5356 3580 5421 habet,
3606 5355 3703 5409 καὶ

2136 5410 2293 5473 Υίού,
2332 5413 2478 5479 quod
2504 5413 2657 5467 deest
2686 5410 2757 5469 in'
2785 5410 2993 5474 n'ostrls
3024 5410 3329 5477 codicibus.

2209 5481 2321 5561 (id)
2349 5482 2491 5561 idem
2516 5486 2717 5561 citantur
2755 5488 2940 5559 Epigr.
2972 5493 3006 5545 4
3040 5492 3159 5560 (Gr.
3192 5497 3343 5547 ortb.
3372 5493 3439 5557 ll,
3473 5510 3526 5561 p.
3552 5494 3706 5561 548.)

2186 5552 2320 5636 ’(11)
2353 5549 2493 5636 Δγίαρ
2524 5552 2759 5636 οιξςρίι,
2796 5549 3001 5614 {eitum
3043 5549 3182 5632 apud
3220 5549 3519 5629 Beccum'l,
3543 5581 3594 5621 c.
3652 5549 3707 5621 9'.

2138 5620 2253 5690 (Gr.
2282 5625 2427 5674 orllt.
2454 5622 2492 5683 Ι,
2527 5639 2575 5691 p.
2612 5620 2723 5695 75).

2310 5060 2452 5143 _V_ide
2483 5067 2717 5143 Beccum
2759 5070 2803 5143 l_.
2827 5086 2877 5125 c.
2906 5087 2957 5143 ιιι
2992 5073 3046 5138 4,
3073 5090 3125 5142 p.
3151 5063 3402 5143 Qiirseq.

2636 5918 2683 5926 εκ

4044 1108 4107 3235 }
