4112 6274
431 266 506 329 75
1349 266 1729 328 GBEGORII
1775 261 2082 326 MAMM/E
2121 258 2232 323 cp.
2271 249 2792 342 mmmam
3371 286 3378 297 .
3631 236 3703 306 76

433 382 488 436 ln
522 380 708 436 multis
735 379 1126 452 congressibus
1151 375 1435 435 Nicanum
1467 379 1800 452 symbolum,
1855 376 2020 446 idque

2146 392 2182 426 ;ν
2211 371 2440 441 Νικαίᾳ,
2472 368 2570 423 καὶ
2603 367 2768 437 μόνον
2807 363 3150 430 ἀνέγνωσαν,
3191 357 3314 430 μηδ’
3345 358 3483 420 ὅλως
3517 357 3704 427 μνείαν

439 474 620 539 solum
657 448 927 541 legerunt,
953 468 1103 525 nulla
1142 486 1373 542 prorsus
1405 448 2012 540 Constantinopolitani

2146 462 2217 518 ποῦ
2245 465 2305 517 ἐν
2331 455 2910 518 Κωνσταντινουπόλει
2944 451 3285 522 ποιούμενοι,
3317 450 3394 513 ὡς
3423 448 3707 519 προϊόντος

442 562 717 618 mentione
740 561 903 628 facta,
932 569 991 616 ut
1024 560 1352 631 procedente
1387 561 1639 617 oratione
1670 561 1793 617 loco
1818 576 2018 618 conve-

437 654 607 711 nienti
649 654 996 710 manifestum
1030 653 1346 710 reddemus.

917 741 1158 799 EPIIES.
1196 743 1371 817 (CAP.
1408 743 1504 815 Χ).

509 836 710 892 Verum
735 854 913 907 neque
944 839 1221 892 contraria
1273 838 1646 893 mcumenicis
1701 836 1934 908 synodis
1965 844 2022 891 et

436 931 823 986 communibus
867 929 1182 985 earumdem
1271 931 1642 1000 dogmatibus,
1689 929 1785 985 sed
1844 945 2023 1000 neque

440 1040 662 1093 prorsus
687 1039 794 1080 non
837 1038 1044 1079 consen
1061 1023 1250 1078 tientia
1285 1022 1648 1079 orientalibus
1699 1023 2022 1078 doctoribus

438 1118 784 1184 scripserunt
813 1116 1006 1171 Patres
1032 1115 1136 1179 illi,
1164 1130 1341 1185 neque
1375 1115 1444 1173 iis
1500 1131 1607 1170 non
1665 1115 2022 1180 cohaerentia,

439 1209 584 1265 sicut
645 1223 740 1280 per
785 1208 888 1264 alia
949 1207 1117 1262 multa
1173 1207 1394 1263 illorum
1475 1207 1620 1263 dicta
1678 1205 2023 1265 demonstra-

442 1309 550 1354 tur.

1020 1387 1387 1446 APOLOGIA.

515 1478 769 1536 Mirabile
792 1480 922 1550 quid
957 1488 1011 1534 et
1045 1481 1394 1549 peregrinum
1415 1479 1659 1548 loquitur
1676 1480 2024 1536 venerandus

449 1573 810 1641 Ephesiorum
843 1573 1102 1629 antistes.
1123 1569 1359 1629 Ubinam
1409 1573 1556 1627 enim
1608 1587 1837 1640 prorsus
1899 1586 2023 1637 ner-

446 1663 692 1730 spicuum
739 1660 972 1716 reddere
1003 1667 1204 1730 potest,
1273 1660 1646 1715 mcumenicas
1689 1657 1932 1730 synodos
1956 1673 2023 1712 ex

445 1756 564 1810 solo
590 1754 748 1808 Patre
767 1753 1031 1824 Spiritum
1060 1760 1312 1806 sanctum
1348 1752 1652 1822 procedere
1675 1751 2024 1822 praedicasse,

446 1862 510 1901 ex
544 1857 653 1915 quo
689 1859 781 1912 per
813 1843 1263 1899 contrarietatem
1311 1851 1366 1897 et
1408 1841 1914 1896 contradictionem
1944 1856 2054 1918 se-_

448 1937 637 2006 quitur
669 1945 721 1990 et
751 1934 1065 1989 necessario
1095 1931 1463 1990 concluditur.
1485 1947 1552 1986 ex
1585 1929 1727 1985 Filio
1759 1946 1884 1985 eum
1923 1945 2030 1986 non

449 2029 746 2101 procedere
773 2026 1088 2082 iExistimo
1126 2027 1270 2081 enim
1320 2041 1470 2090 eum,
1492 2025 1745 2095 quamvis
1797 2025 2030 2078 multum

453 2125 663 2179 laboret
692 2131 747 2177 et
803 2120 1112 2176 sexcenties
1158 2119 1623 2177 mcumcnicarum
1693 2118 2032 2190 synodorum

450 2215 780 2286 exemplaria
817 2212 1112 2282 pervolvat,
1145 2213 1339 2266 nullibi
1402 2226 1632 2280 prorsus
1681 2219 2031 2281 reperturum

450 2307 679 2367 dictum,
697 2320 762 2358 cx
797 2303 916 2358 solo
937 2304 1095 2358 Patre
1123 2303 1416 2371 procedere
1435 2301 1702 2369 Spiritum
1737 2312 1990 2357 sanctum
2015 2318 2031 2368 ;

453 2400 584 2453 item
627 2397 683 2450 id
723 2410 901 2464 neque
926 2396 979 2447 in
999 2395 1228 2462 reliquis
1259 2395 1581 2448 doctoribus
1626 2403 1788 2461 atque
1819 2396 2034 2448 theolo-

453 2490 535 2559 gis
559 2488 816 2557 reperiet.
852 2484 1009 2552 Quod
1039 2486 1082 2539 si
1110 2483 1338 2538 Pbo‘tius
1370 2483 1684 2553 patriarcha
1740 2482 1898 2541 dixit,
1935 2485 2029 2537 sed

454 2577 898 2642 animadvertito,
937 2578 1194 2631 Pbotium
1218 2591 1328 2630 non
1359 2590 1478 2630 esse
1500 2576 1554 2630 in
1587 2585 1903 2630 sanctorum
1936 2592 2039 2630 nu-

456 2687 607 2727 mero
635 2671 985 2735 collocatum,
1012 2669 1264 2724 licctuua
1301 2667 1462 2722 simul
1488 2678 1541 2721 et
1573 2667 1761 2720 eodem
1786 2676 2036 2736 tempore

455 2763 692 2819 vixerint
726 2761 953 2816 PbOIius
978 2761 1318 2828 etlgualius.
1357 2757 1463 2812 Sed
1502 2759 1590 2812 hic
1633 2757 1852 2826 quidem
1882 2759 2028 2811 inter

456 2860 677 2908 sanctos
708 2850 1098 2904 adnumeratur
1115 2856 1171 2904 et
1199 2846 1288 2901 die
1305 2847 1570 2902 vicesimo
1591 2847 1755 2903 tertio
1776 2846 2033 2902 Octobris

454 2945 512 3000 in
543 2941 850 3013 synaxariis
886 2939 1061 2994 locum
1097 2938 1282 2992 habet.
1305 2935 1532 2993 Photius
1571 2954 1698 2993 vero
1732 2940 1882 2992 nullo
1911 2955 2032 2994 mo-

2123 555 2219 610 τοῦ
2251 554 2414 621 λόγου
2439 555 2498 608 ὲν
2531 554 2610 621 τῷ
2642 550 2982 622 προσήκοντι
3015 546 3170 616 τόπῳ
3217 543 3456 614 φανερὸν
3486 543 3708 612 ποιήσοι

2126 647 2366 719 untur

2776 731 3063 788 ΕΦΕΣΟΥ.

2208 831 2350 887 Ἀλλ’
2384 831 2496 886 οὐδ’
2520 829 2741 887 δναντία
2760 830 2884 892 ταῖς
2915 825 3328 894 οίκουμενικαῐς
3351 822 3594 883 συνόδοις
3617 821 3713 873 κα).

2121 929 2236 990 τοῖς
2261 927 2467 989 κοινοῖς
2485 923 2668 979 αὐτῶν
2687 921 2980 991 δόγμασιν,
3006 917 3126 972 ἀλλ’
3147 915 3258 970 οὐδ’
3281 915 3348 968 ἂν
3370 913 3509 976 ὅλως
3533 912 3636 966 ἀσύ
3647 931 3714 981 μ-

2127 1037 2283 1090 ιρωνα
2306 1019 2420 1082 τοῖς
2453 1017 2804 1080 άνατολικοῐς
2849 1012 3198 1073 διδασκάλοις
3229 1009 3480 1081 ιγραψαν
3516 1010 3566 1062 οί
3608 1009 3717 1062 ﬂa-

2124 1116 2286 1183 τέρας
2333 1115 2558 1180 ἐκεῖνοι,
2591 1109 2711 1165 οὐδὲ
2743 1108 2931 1170 αὐτοῖς
2961 1103 3324 1166 ἀνακόλουθα.
3358 1101 3615 1170 καθάπερ
3647 1093 3715 1152 δι’

2125 1207 2304 1262 ἄλλων
2335 1206 2554 1262 πολλῶν
2581 1205 2814 1260 ἐκείνων
2850 1201 3033 1273 ῥητῶν
3065 1198 3474 1254 ἀποδείκνυται.

2745 1382 3113 1438 ΑΠΟΛΟΓΙΑ.

2194 1480 2518 1544 Θαυμάσιόν
2551 1496 2605 1533 τι
2642 1469 2740 1532 καῗ
2772 1477 3078 1546 παράδοξον
3107 1475 3440 1545 όναίδέσιμος
3485 1474 3716 1542 Ἐφέσου

2126 1573 2296 1639 λέγει.
2330 1570 2441 1625 Ποῦ
2475 1570 2586 1641 γάρ
2627 1567 2766 1633 ὅλως
2804 1569 3114 1640 ἐμφανίσαι
3145 1568 3283 1638 ἔχει,
3321 1567 3397 1631 ὡς
3429 1567 3484 1620 αί
3531 1568 3717 1620 οἰκου-

2135 1665 2357 1735 μενικα).
2389 1663 2601 1718 σύνοδοι
2640 1664 2704 1716 ἐκ
2752 1662 2919 1732 μόνου
2952 1660 3050 1714 τοῦ
3097 1660 3315 1730 Πατρδς
3347 1656 3626 1730 ἐκήρυξαν
3655 1656 3720 1712 τδ

2138 1758 2365 1829 Πνεῦμα
2397 1759 2458 1812 τὸ
2489 1756 2648 1826 ἅγιον
2692 1753 3117 1826 ἐκπορεύεσθαι,
3148 1744 3303 1824 ᾧπερ
3335 1753 3527 1808 ἕπεται
3561 1753 3719 1806 ἑναν⁶

2135 1854 2266 1915 τίως
2296 1852 2391 1906 καὶ
2424 1849 2803 1919 άντιφατικῶς
2831 1847 2893 1902 τδ
2935 1848 3002 1901 ὲκ
3033 1847 3126 1899 τοῦ
3162 1845 3303 1902 Υίοῢ
3338 1845 3413 1917 μὴ
3445 1845 3521 1914 (9.)
3553 1845 3721 1899 ἐκπο-

2141 1944 2420 2016 ρεύεσθαι,
2466 1943 2560 1996 καί
2612 1943 2763 1996 ἐστιν
2810 1939 3132 2008 ἀναγκαίως
3180 1937 3514 2003 άκόλουθον;
3553 1935 3721 2007 Οἶμαι

2133 2039 2264 2107 γάρ,
2318 2036 2394 2100 ὡς
2443 2035 2616 2090 πολλὰ
2671 2035 2916 2102 μογήσας
2969 2033 3064 2086 καὶ
3123 2033 3389 2101 μυριάκις
3449 2029 3550 2090 τὰς
3609 2027 3721 2082 τῶν

2135 2126 2533 2198 οίκουμενικῶν
2565 2125 2804 2180 συνόδων
2829 2121 3214 2186 ὑποτυπώσεις
3239 2121 3486 2185 διελθὼν,
3507 2121 3722 2191 οὖδαμῆ

2133 2219 2390 2291 οὐδαμῶς
2417 2219 2643 2289 εδρήσει
2676 2218 2739 2272 τδ
2771 2219 2836 2270 ἐκ
2873 2217 3036 2286 μόνου
3079 2215 3176 2270 τοῦ
3212 2215 3424 2286 Πατρδς
3447 2214 3721 2285 ἐκπορεύ-

2135 2312 2294 2366 εσθαι
2329 2313 2391 2365 τὸ
2423 2312 2584 2380 άγιον
2619 2309 2871 2378 Πνεῦμα’
2908 2307 3176 2370 ὡσαύτως
3226 2307 3320 2360 καὶ
3365 2306 3475 2359 τῶν
3514 2305 3725 2358 λοιπῶν

2135 2405 2481 2460 διδασκάλων
2510 2407 2606 2457 καὶ
2639 2403 2934 2470 θεολόγων.
2973 2402 3033 2454 El
3068 2400 3114 2454 δ’
3147 2403 3175 2453 6
3203 2399 3409 2461 Φώτιος
3441 2397 3720 2465 πατριάρ-

2137 2512 2238 2565 χης
2275 2490 2452 2556 εἶπεν,
2487 2493 2601 2548 ἀλλ’
2633 2493 2758 2561 δρα,
2795 2493 2878 2543 ὅτι
2929 2493 2988 2543 ὲν
3023 2488 3203 2556 ἁγίοις
3235 2490 3296 2541 ού
3333 2486 3718 2539 συντέτακταιο

2138 2585 2316 2639 καίτοι
2365 2600 2430 2651 γε
2487 2583 2546 2637 ὲν
2595 2582 2676 2652 τῷ
2729 2581 2880 2650 αύτῷ
2933 2598 2990 2633 τι
3051 2583 3148 2633 καὶ
3182 2579 3261 2632 ἐν).
3305 2572 3485 2648 καιρῷ
3515 2575 3725 2639 Φώτιος

2139 2679 2233 2730 καὶ
2264 2678 2344 2744 (5)
2405 2674 2685 2744 Ἰγνάτιος·
2719 2673 2835 2727 ἀλλ’
2863 2674 2891 2724 6
2943 2671 3040 2742 μὲν
3089 2673 3188 2725 σὺν
3234 2671 3411 2738 ἁγίοις
3460 2669 3722 2722 τέτακται

2143 2769 2240 2822 καὶ
2290 2769 2350 2820 ὲν
2396 2769 2464 2838 τῇ
2518 2767 2742 2834 είκοστῇ
2789 2763 2951 2834 τρίτῃ
3000 2761 3094 2816 τοῦ
3139 2759 3475 2830 Ὀκτωϐρίου
3522 2762 3580 2812 ἐν
3611 2761 3725 2822 τοῖς

2143 2858 2498 2928 συναξαρίοις
2534 2858 2676 2926 μετά
2704 2855 2814 2909 τῶν
2845 2856 3020 2923 άγίων
3052 2853 3431 2908 συντάττεταιο
3466 2854 3494 2905 6
3525 2851 3582 2905 δὲ
3605 2850 3727 2905 M-

2137 2966 2252 3013 τιος
2273 2949 2527 3018 οὐδαμῶς
2548 2949 2661 3009 τοῖς
2678 2947 2852 3015 ἁγίοις
2874 2946 3305 3016 συνηρίθμηται.
3327 2947 3376 2996 εί
3399 2943 3496 2997 κα).
3517 2943 3728 2997 δίκαιον

455 3039 527 3091 do
561 3032 870 3090 sanctitatis
902 3045 1104 3086 nomen
1157 3038 1490 3085 consecutus
1535 3039 1640 3094 est,
1673 3029 1802 3086 licet
1854 3047 2033 3101 operae

2148 3043 2219 3095 τά
2248 3043 2369 3095 κατ’
2399 3040 2563 3094 αὐτὸν
2611 3040 3002 3111 παραδραμεῖν
3034 3037 3123 3090 διὰ
3159 3037 3218 3089 τὸ
3249 3036 3339 3090 ἐπ’
3373 3034 3630 3104 ἄμϐωνος
3661 3036 3732 3088 τά

457 3127 691 3198 pretium
743 3123 928 3185 fuerit,
962 3122 1111 3176 illius
1146 3130 1302 3191 gesta
1333 3121 1556 3176 silentio
1598 3122 1907 3190 praeterire,
1972 3138 2038 3178 eo

456 3223 603 3288 quod
622 3219 674 3272 in
695 3215 934 3271 amboue
948 3214 1287 3269 anathemati
1304 3213 1701 3284 subjiciuntur,
1715 3230 1837 3284 quae
1853 3217 2044 3270 adver-

457 3326 551 3365 sus
576 3320 825 3365 sanctum
849 3307 1122 3378 lgnatium
1149 3306 1514 3376 Photiumque
1542 3307 1749 3374 scripta
1773 3315 1904 3361 suut
1936 3310 2040 3378 (α).

459 3402 515 3456 Si
563 3417 693 3456 vero
736 3401 862 3470 quis
918 3399 1477 3456 Thessalonicensem
1527 3398 1755 3469 obiiciat
1794 3414 1928 3455 voce
1979 3417 2045 3456 ea:

459 3493 572 3550 solo
604 3493 806 3562 (Patre)
843 3500 1113 3557 utentem,
1145 3501 1201 3545 at
1225 3507 1350 3547 vero
1373 3492 1466 3546 hic
1485 3507 1708 3561 quoque
1740 3492 1792 3546 in
1817 3495 2044 3562 propria

459 3587 826 3650 confessione,
845 3600 1008 3656 quam
1035 3583 1512 3640 EcclesizeChristi
1546 3583 1695 3639 dedit
1716 3587 2041 3651 ostendens,

461 3681 675 3750 qualem
697 3680 896 3734 habeat
914 3693 1012 3732 seu
1023 3677 1245 3732 tentiam
1272 3677 1420 3731 circa
1437 3687 1791 3732 sacrosancta
1818 3677 2044 3745 dogma-

2150 3135 2291 3187 κατᾶ
2323 3132 2418 3186 τοῦ
2450 3134 2510 3185 ὲν
2554 3131 2733 3200 ἁγίοις
2768 3131 3035 3199 Ἰγνατίου
3063 3131 3158 3183 καὶ
3191 3127 3357 3182 αὐτοῦ
3397 3127 3490 3180 τοῦ
3521 3127 3730 3180 Φωτίου

2149 3224 2656 3295 ἁναθεματίζεσθαι
2691 3224 2800 3293 (4).
2839 3223 2900 3276 Εἰ
2936 3223 2994 3276 δὲ
3027 3222 3118 3274 τὸν
3147 3218 3552 3286 Θεσσαλονίκης
3586 3217 3733 3270 εἴποι

2149 3333 2236 3380 τις
2265 3317 2329 3370 τὸ
2375 3316 2445 3370 ἐκ
2473 3315 2670 3386 μόνον
2725 3313 2981 3382 λέγοντα,
3027 3311 3164 3365 ἀλλὰ
3209 3313 3305 3364 καὶ
3360 3310 3519 3374 οὗτος
3563 3311 3624 3364 ὲν
3665 3312 3733 3379 τῇ

2151 3406 2335 3478 οἰκείᾳ
2365 3405 2655 3475 ὁμολογίᾳ,
2696 3406 2765 3474 ἢν
2804 3404 3009 3458 δέδωκε
3047 3405 3113 3473 τῇ
3152 3401 3460 3473 Ἐκκλησία
3493 3400 3735 3473 Χριστοῦ

2151 3498 2392 3565 δεικνὺς,
2422 3497 2620 3551 ὁποίαν
2644 3496 2760 3565 ἔχει
2785 3495 2886 3566 τὴν
2911 3494 3072 3560 δόξαν
3100 3494 3233 3564 περὶ
3256 3494 3323 3547 τὰ
3348 3492 3470 3565 ίερά
3497 3495 3592 3547 καὶ
3619 3495 3739 3548 θεῖα

2155 3589 2430 3658 δόγματα,
2479 3590 2542 3643 οὐ
2581 3587 2846 3651 συνέταξε
2889 3587 3070 3640 τοῦτο.
3117 3587 3332 3640 Οὐκοῦν
3375 3586 3598 3639 ἐναντία
3644 3586 3740 3638 καὶ

2155 3681 2502 3736 ἀνακόλουθα
2531 3682 2596 3735 οὗ
2616 3680 2891 3748 λέγουσιν,
2919 3679 2996 3741 ὼς
3033 3679 3200 3741 αὐτὸς
3231 3679 3259 3730 6
3290 3679 3472 3746 τίμιος
3494 3678 3667 3742 λέγει.

462 3783 538 3836 ta,
573 3771 718 3828 istud
750 3783 858 3824 non
889 3767 1162 3838 adiunxit.
1199 3767 1342 3838 Ergo
1387 3769 1667 3825 contraria
1729 3777 1784 3825 et
1816 3769 2043 3826 minime
2079 3772 2418 3828 cohaerentia
2448 3787 2559 3828 non
2588 3771 2800 3838 dicunt,
2827 3783 2887 3826 ut
2919 3770 3037 3840 ipse
3092 3771 3182 3825 hic
3240 3770 3591 3825 venerandus
3656 3769 3738 3828 vir

465 3871 562 3924 ait.

961 3963 1202 4019 EPllES.
1265 3964 1438 4036 (CAP.
1469 3963 1588 4035 χι).

534 4054 830 4125 Propterea
857 4055 1130 4126 ejusmodi
1167 4058 1522 4127 periculosas
1572 4071 1735 4113 voces
1768 4058 1836 4113 de
1866 4056 2049 4114 sancti

467 4147 704 4219 Spiritus
731 4149 1088 4218 processione
1121 4148 1335 4216 rejicio.

1073 4235 1441 4295 APOLOGIA.

538 4327 740 4393 Quales
764 4343 929 4384 voces
952 4328 1130 4397 rejicit
1156 4332 1238 4384 vir
1273 4330 1376 4385 iSIe
1405 4330 1793 4386 honorabilis?
1824 4330 1907 4386 An
1933 4345 2048 4394 eas,

467 4434 598 4488 qua:
623 4419 890 4490 Spiritum
923 4421 1115 4475 dicunt
1137 4425 1411 4492 proprium
1457 4424 1650 4492 ipsius,
1704 4422 1824 4479 Filii
1884 4425 2061 4480 nimi-

470 4525 633 4574 rum,
664 4520 719 4566 et
773 4526 838 4565 ea;
892 4509 1050 4580 ipso?
1106 4511 1175 4564 At
1243 4523 1403 4568 antea
1467 4513 1900 4568 demonstratum
1953 4526 2062 4582 est,

471 4617 719 4665 sanctam
777 4608 996 4662 tertiam
1040 4607 1310 4677 synodum
1355 4621 1464 4660 una
1501 4622 1626 4661 cum
1675 4608 1802 4662 divo
1851 4609 2057 4680 Cyrillo

469 4703 649 4769 potius
687 4700 888 4754 dicere.
925 4703 1004 4752 An
1044 4714 1139 4754 eas
1165 4715 1287 4770 quas
1321 4699 1510 4752 dicunt
1535 4714 1601 4752 ea:
1630 4696 1794 4753 Patre
1832 4716 1927 4770 per
1966 4699 2058 4755 Fi-

471 4793 736 4847 liumiAt
765 4801 820 4846 et
873 4793 1008 4847 istas
1050 4799 1242 4846 sancta
1294 4787 1635 4844 mcumenica
1694 4794 1927 4859 septima
1961 4808 2055 4862 sy-

472 4888 648 4944 nodus
680 4903 807 4942 cum
843 4887 1146 4942 Athanasio
1178 4894 1234 4940 et
1283 4885 1487 4942 Basilio
1535 4884 1770 4955 aliisque
1810 4887 2044 4952 sanctis,

469 4982 560 5051 qui
592 4990 722 5035 ante
756 4980 930 5050 ipsam
961 4978 1199 5032 ﬂoruere
1222 5015 1237 5041 .
1295 4976 1649 5046 depraedicat,
1694 4987 1746 5032 et
1805 4988 2048 5047 postmo-

469 5075 596 5126 dum
627 5071 791 5126 divus
831 5070 1228 5125 Damasceuus.
1293 5071 1376 5122 An
1417 5084 1513 5125 eas
1565 5084 1690 5139 qum
1741 5068 1935 5124 dicunt
1983 5087 2050 5125 ει

472 5162 634 5218 Patre
657 5172 705 5218 et
729 5178 794 5217 ea:
819 5160 960 5216 Filio
983 5162 1006 5215 ?
1031 5161 1098 5216 At
1128 5160 1420 5216 admodum
1455 5160 1603 5216 clare
1644 5175 1738 5230 per
1764 5140 2051 5219 sanctissi-

540 5363 619 5431 (ι)
647 5361 789 5414 Non.
821 5359 861 5414 ῐ.
898 5359 1001 5414 155
1028 5375 1084 5431 :_I_.
1107 5357 1448 5429 ποιήσωμεν.

543 5428 620 5504 (9.)
649 5431 740 5504 Μὴ
772 5431 924 5504 deest
951 5428 1274 5504 iuuenem;
1299 5428 1811 5504 sensustzimenjd
1849 5429 2049 5504 poscit.

543 5498 620 5577 (5)
660 5498 908 5556 'U'addit
937 5499 1190 5566 Allatius,
1221 5500 1313 5570 qui
1341 5513 1370 5552 a
1402 5500 1584 5554 verbis
1630 5499 1689 5552 Et
1715 5498 1764 5552 δ’
1789 5501 1819 5552 6
1846 5499 2056 5564 Φώτιος

544 5699 620 5772 (α)
647 5697 770 5756 Hec
795 5700 1051 5772 pericope
1083 5714 1143 5756 ex
1174 5697 1647 5773 Allatiiversione
1670 5695 1829 5752 data.

2085 4377 2131 4434 D

2817 3960 3104 4016 ΕΦΕΣΟΥ.

2228 4056 2327 4110 Διὰ
2348 4054 2510 4110 τοῦτο
2538 4054 2638 4119 τὰς
2657 4054 2913 4117 τοιαύτας
2946 4050 3325 4113 ἐπικινδύνους
3377 4053 3564 4121 φωνὰς
3611 4054 3744 4124 περὶ

2157 4149 2254 4218 τῆς
2281 4149 2377 4204 τοῦ
2409 4149 2568 4217 ἁγίου
2601 4145 2923 4217 Πνεύματος
2953 4143 3336 4214 ὲκπορεύστως
3361 4144 3568 4200 ἀθετῶ.
3697 4131 3701 4134 ’

2776 4239 3143 4293 ΑΠΟΛΟΙἸΔ.

2227 4335 2395 4396 Ποίας
2425 4335 2611 4400 φωνὰς
2639 4328 2824 4385 ἀθετεῖ
2857 4335 2886 4386 6
2933 4331 3118 4400 τίμιος
3163 4330 3320 4394 οὗτος
3352 4347 3368 4397 ;
3408 4331 3508 4394 τὰς
3556 4329 3749 4398 λεγού-
3785 4366 3788 4370 .

2165 4443 2264 4490 σας
2290 4425 2445 4479 ἴδιον
2470 4427 2680 4492 αὐτοῦ,
2706 4425 2802 4478 τοῦ
2834 4423 2966 4478 Υίοῦ
2987 4425 3254 4494 δηλονότι,
3291 4425 3386 4477 καὶ
3411 4424 3481 4488 ἐξ
3514 4422 3702 4477 αὐτοῦ
3727 4440 3744 4488 ;

2177 4519 2339 4574 Ἀλλά
2361 4519 2523 4573 τοῦτο
2559 4519 3046 4590 προαποδέδεικται
3077 4518 3153 4580 ὡς
3180 4519 3214 4588 'l;
3254 4517 3386 4585 ἁγία
3416 4517 3578 4587 τρίτη
3616 4515 3747 4568 σύν-

2163 4610 2282 4673 οδος
2319 4613 2460 4680 μετὰ
2491 4611 2586 4664 καὶ
2625 4608 2720 4663 τοῦ
2755 4609 3050 4663 θεσπεσίου
3108 4608 3378 4680 Κυρίλλου
3419 4609 3622 4676 μᾶλλον
3661 4607 3747 4658 λὲς

2160 4719 2268 4771 γει.
2309 4701 2473 4756 Ἀλλὰ
2526 4701 2626 4766 τάς
2682 4700 2751 4755 ἐκ
2804 4703 3036 4768 Πατρὸς
3087 4698 3163 4752 δι’
3227 4699 3411 4764 Υἱοῦ;
3446 4698 3608 4750 Ἀλλά
3654 4695 3749 4748 καὶ

2160 4793 2367 4856 ταύτας
2402 4795 2436 4864 ἡ
2470 4793 2602 4861 άγία
2654 4792 3014 4862 οίκονμενικὴ
3075 4791 3281 4862 ἑϐδόμη
3336 4789 3548 4851 σύνοδος
3612 4788 3749 4858 μετά

2166 4885 2486 4940 Ἀθανασίου
2532 4886 2627 4938 καὶ
2694 4885 2980 4938 Βασιλείου
3040 4884 3135 4936 καὶ
3195 4883 3370 4934 ἄλλων
3425 4884 3595 4947 ἁγίων
3645 4880 3752 4929 τῶν

2149 4980 2268 5049 προ
2305 4978 2508 5049 ταύτης
2541 4977 2788 5046 θεολογεῖ
2818 4977 2912 5031 καὶ
2940 4979 2999 5040 ἐς
3042 4976 3271 5047 ὕστερον
3301 4975 3330 5026 6
3367 4974 3511 5037 θεῖος
3565 4974 3753 5041 Δαμα-

2158 5069 2378 5139 σκηνός.
2423 5067 2587 5122 Ἀλλά
2613 5069 2708 5124 τὰς
2742 5069 2812 5122 ἐκ
2839 5068 2948 5121 τοῦ
2974 5069 3206 5133 Πατρός
3232 5067 3328 5118 καὶ
3345 5065 3414 5118 ἐκ
3444 5063 3550 5119 τοῦ
3574 5063 3752 5124 Υιοῦς

2158 5160 2270 5215 Καὶ
2308 5159 2454 5230 μάλα
2492 5158 2708 5228 τρανῶς
2730 5158 2822 5213 διά
2853 5157 2946 5212 τοῦ
2991 5156 3140 5230 ῑεροῦ
3175 5159 3270 5210 καὶ
3308 5157 3454 5210 θείου
3496 5155 3751 5224 Μαξίμου

2169 5360 2274 5416 ista
2301 5360 2527 5416 adducit
2558 5358 3122 5430 contraCreyghton.
3164 5373 3219 5429 p.
3256 5356 3388 5415 509.

2239 5431 2316 5504 (4)
2343 5430 2639 5501 iiucusque
2657 5429 2843 5486 Altatii
2871 5429 3154 5502 adlegatio,
3179 5431 3215 5485 l.
3251 5443 3302 5484 c.
