4112 6274
363 384 441 451 85
1562 448 1567 459 .
1602 405 1905 469 CONTRA

2046 411 2365 474 HESIUM.
3557 410 3629 477 86

361 510 495 562 καθ’
522 507 593 568 ἃς
620 507 686 562 τά
710 507 975 579 πρόσωπα
1035 509 1331 580 ὑφίσταται
1389 515 1528 569 κατὰ
1570 518 1671 579 τὰς
1734 521 1943 574 ἑαυτῶν

2048 523 2204 587 deus,
2234 524 2532 579 secundum
2553 538 2690 594 quas
2708 539 2955 594 personae
2978 525 3305 589 subsistunt,
3326 527 3481 595 juxta
3499 543 3629 583 suas

365 598 647 668 ὑπάρξεις
666 600 721 650 ἐν
748 600 861 661 τοῖς
891 598 1045 663 ἰδίοις
1073 602 1421 673 ἀκοινώνητα
1460 605 1611 663 ὅντα.
1659 610 1947 664 Δείκνυται

362 690 463 745 οὖν
498 691 562 744 τὸ
592 693 764 745 αῐτιον
785 690 902 745 οὗθ’
938 694 1309 749 ὕποστατικδν
1348 695 1514 766 εἰναι,
1571 700 1690 754 ἀλλ’
1714 702 1827 755 οὐδ’
1855 704 1948 757 ού-

369 783 588 847 σιῶδες,
627 784 710 836 ἵνα
741 784 921 837 κοινὸν
960 787 1183 859 ὑπάρχῃ
1211 789 1305 843 καί
1327 793 1450 854 ταῖς
1489 794 1671 862 τρισὶν
1707 794 1948 849 ὑποστά-

365 890 545 937 σεσιν,
592 876 709 929 ἀλλ’
756 876 868 929 οὐδ’
895 879 980 931 ἑνὶ
1017 879 1316 952 προσώπῳ.
1375 882 1639 938 Λείπεται
1692 885 1800 956 ἄρα
1826 888 1946 940 δυσὶ

360 965 688 1031 προσώποις
725 964 866 1023 εἶναι
897 972 1082 1024 κοινὸν
1106 974 1203 1025 καὶ
1237 974 1312 1043 μὴ
1356 974 1799 1046 συναλείφεσθαι,
1839 997 1947 1049 μη-

357 1055 415 1105 δὲ
450 1057 716 1126 δυαρχίαν
743 1054 902 1121 εἶναι,
933 1060 1009 1123 ὡς
1058 1062 1220 1125 αὐτὸς
1255 1066 1281 1115 ό
1305 1064 1590 1133 αἰδέσιμος
1621 1067 1824 1134 μᾶλλον
1855 1087 1944 1123 νο-

359 1144 618 1211 μοθετῶν
646 1145 912 1211 διδάσκει,
956 1149 1016 1210 ὃς
1047 1151 1147 1203 καὶ
1177 1151 1395 1205 ἀκούων
1425 1153 1517 1206 τὸν
1569 1155 1701 1210 Υἰδν
1759 1156 1942 1213 αἰτίαν

359 1238 455 1287 καὶ
484 1238 688 1307 ἀρχὴν,
738 1240 833 1292 δύο
875 1243 943 1293 τά
984 1242 1134 1295 αίτια
1190 1245 1285 1297 καὶ
1330 1245 1423 1298 δύο
1476 1247 1651 1316 ἀρχάς
1706 1249 1945 1318 νομίζει.

369 1328 515 1381 Ἀλλ’
547 1331 709 1399 ἡμεῖς
744 1332 1038 1397 ἀκούοντες
1067 1335 1161 1388 τοῦ
1213 1337 1560 1407 ὲπιστηθείου
1588 1335 1843 1394 Ἰωάννου
1889 1344 1947 1395 ὲν

358 1422 422 1488 τῇ
455 1420 835 1493 Ἀποκαλύψει
897 1425 1151 1493 λέγοντος
1204 1428 1262 1481 ἐν
1287 1429 1365 1500 τῷ
1420 1431 1626 1502 ὲννάτῳ
1657 1432 1738 1502 (ί)
1770 1451 1946 1503 κεφα-

355 1510 520 1579 λαίῳ·
563 1513 709 1566 Τάδε
734 1514 900 1584 λέγει
930 1520 964 1571 ό
980 1518 1215 1586 μάρτυς
1243 1522 1276 1574 ό
1329 1521 1549 1589 πιστὸς
1576 1525 1677 1577 καὶ
1738 1526 1946 1595 ἀληθι-

354 1604 487 1669 νὸς,
525 1605 566 1670 ἡ
597 1606 756 1675 ἁρχὴ
780 1606 890 1676 τῆς
936 1610 1191 1676 κτίσεως
1238 1612 1346 1666 τοῦ
1384 1615 1552 1676 Θεοῦ.
1596 1617 1689 1669 καὶ
1738 1618 1950 1689 Γρηγο-

358 1697 482 1767 ρὶου
506 1700 572 1751 τὸ
608 1700 872 1769 Θεολόγου
898 1703 1203 1768 φάσκοντος
1239 1705 1338 1776 (2)·
1372 1724 1391 1758 ε
1438 1705 1505 1760 Ἦ
1536 1709 1598 1760 ὲκ
1638 1708 1736 1779 τῆς
1768 1711 1946 1781 ἀρχῆς

352 1790 524 1859 ἀρχὴ,
558 1791 625 1843 τὸ
687 1792 984 1860 ἐκμαγεῖον
1038 1795 1133 1846 τοῦ
1192 1796 1527 1865 ἀρχετύπου,
1571 1816 1589 1849 ι
1651 1799 1802 1871 παρά
1851 1801 1947 1855 δύο

356 1881 548 1949 ἀρχῶν
586 1882 652 1934 οὐ
705 1883 1003 1952 νομίζομεν
1069 1886 1167 1954 τὴν
1206 1888 1387 1939 κτίσιν
1422 1888 1723 1955 γεγονέναι·
1783 1891 1947 1956 αὐτὸς

354 1974 466 2041 γὰρ
494 1972 608 2040 ἔφη
633 1989 649 2004 ο
688 1993 706 2025 ι
735 1974 915 2027 Πάντα
948 1974 1041 2028 τοῦ
1069 1975 1411 2045 Μονογενοῦς
1442 1980 1533 2032 ἐπὶ
1581 1980 1681 2047 τὴν
1716 1981 1947 2051 πρώτην

352 2065 538 2117 αἰτίαν
581 2066 947 2136 ἀναφέρονται
980 2066 1078 2137 (5).
1102 2086 1120 2118 ι
1162 2068 1275 2120 Καὶ
1304 2069 1584 2134 Βασίλειος
1611 2073 1638 2124 ό
1665 2071 1856 2140 Μέγας
1889 2074 1946 2125 ὲν

352 2159 418 2226 τῇ
454 2158 597 2227 πρὸς
620 2157 711 2210 τὸν
736 2157 867 2210 ἰδιον
895 2158 1128 2227 ἀδελφὸν
1180 2160 1311 2228 περὶ
1357 2160 1549 2222 οὐσίας
1577 2163 1673 2216 καί⁸
1707 2164 1946 2219 ὑποστά-

353 2264 492 2309 σεως
527 2247 635 2319 (ι),
675 2243 796 2319 ἦςὴ
832 2250 997 2321 ἀρχή·
1059 2268 1077 2302 ε
1120 2248 1345 2321 Ἐπειδὴ
1394 2252 1581 2306 πολλοὶ
1642 2253 1715 2307 es
1757 2257 1944 2309 κοινὸν

352 2338 453 2406 τῆς
484 2340 708 2404 οὐσίας,
753 2358 773 2390 ι
808 2340 960 2409 φησί·
1014 2359 1033 2392 ε
1074 2342 1247 2395 Πάλιν
1276 2342 1381 2395 ὑπὸ
1412 2341 1514 2411 τῆς
1548 2344 1777 2414 Γραφῆς
1819 2349 1945 2417 ὁδη-

351 2431 613 2502 γούμεθα
664 2432 746 2494 εἰς
781 2431 876 2485 τὸν
902 2433 1002 2502 τῆς
1028 2433 1299 2504 χορηγίας
1330 2435 1406 2505 (5)
1434 2436 1543 2488 τῶν
1575 2437 1799 2505 ἀγαθῶν
1833 2441 1947 2494 τῶν

358 2524 446 2578 διά
478 2525 579 2577 τοῦ
621 2522 944 2594 Πνεύματος
970 2526 1106 2595 ἡμῖν
1135 2526 1549 2597 ἐνεργουμένων
1579 2528 1822 2599 ἀρχηγὸν
1853 2531 1946 2584 καὶ

350 2618 528 2671 αἴτιον
550 2618 649 2670 τὸν
693 2620 958 2689 μονογενῆ
984 2619 1116 2673 Θεὸν
1144 2616 1601 2674 εἰναιπιστεύεινο
1641 2624 1943 2694 πάνταζγάρ
1976 2660 1981 2665 «

343 2707 413 2761 δι’
450 2708 633 2762 αὑτοῦ
666 2711 999 2779 γεγενῆσθαι
1022 2711 1119 2764 καὶ
1164 2712 1223 2764 ἐν
1258 2712 1408 2782 αὐτῷ
1445 2716 1763 2769 συνεστάναι
1793 2716 1943 2785 παρά

345 2801 446 2869 τῆς
472 2800 656 2868 ἁγίας
699 2801 923 2871 Γραφῆς
971 2801 1340 2872 ἐδιδάχθημεν
1384 2802 1483 2874 (6).
1541 2805 1716 2859 Ὅταν
1764 2810 1943 2863 τοίνυν

346 2894 442 2948 καὶ
472 2895 630 2963 πρὸς
686 2893 907 2963 ικείνην
969 2892 1278 2964 ὐψωθῶμεν
1347 2896 1447 2966 τὴν
1496 2896 1728 2964 ἔννοιαν,
1778 2899 1942 2955 πάλιν

347 2984 596 3055 ὑπὸτῆς
626 2984 992 3039 θεοπνεύστου
1059 2988 1434 3057 χειραγωγίας
1486 2989 1818 3058 ἀναγόμενοι
1866 2991 1944 3044 δι-

345 3074 699 3144 δασκόμεθα,
748 3075 831 3127 ὅτι
885 3074 954 3126 δι’
983 3075 1205 3145 ἐκείνης
1235 3074 1335 3145 μὲν
1394 3075 1573 3129 πάντα
1620 3075 1721 3146 τῆς
1784 3076 1943 3130 δυνά-

2051 615 2300 685 pr0prias
2328 616 2679 671 exsistentias
2714 615 2765 670 in
2791 617 3022 686 propriis
3051 619 3165 672 suis
3198 618 3629 675 incommunica-

2051 707 2189 762 biles
2239 707 2599 763 exsistentes.
2656 706 3075 763 Demonstratur
3110 725 3258 779 ergo,
3292 720 3296 725 '
3325 724 3503 764 causas
3541 725 3624 764 ra-

2051 799 2252 853 tionem
2322 814 2502 863 neque
2581 798 2977 869 bypostaticam
3060 816 3233 870 neque
3278 803 3622 858 essentialem

2049 905 2200 956 esse,
2244 893 2319 947 ita
2358 901 2419 946 ut
2479 894 2641 948 etiam
2677 895 2761 949 vel
2808 895 2983 951 tribus
3028 897 3277 965 personis
3321 898 3627 954 communis

2050 982 2121 1037 sit
2148 982 2230 1036 vel
2272 984 2365 1037 uni
2407 992 2619 1038 tantum
2651 985 3225 1056 conveniatpersonze.
3280 986 3629 1058 Relinquitur

2050 1073 2240 1141 igitur,
2263 1082 2323 1129 ut
2350 1074 2561 1130 duabus
2602 1078 2851 1144 personis
2885 1080 3193 1134 communis
3217 1082 3313 1144 sit,
3376 1084 3457 1135 ha:
3495 1097 3625 1136 vero

2052 1165 2277 1219 minime
2295 1168 2690 1222 contrahantur
2719 1184 2921 1235 .neque
2954 1169 3279 1225 dualitatem
3328 1174 3632 1242 principio-

2051 1272 2169 1311 rum
2206 1258 2332 1313 inde
2397 1260 2551 1328 sequi
2606 1261 3464 1330 existimetur,quemadmodum
3514 1264 3632 1335 ipse

2050 1350 2497 1405 venerandusvir
2521 1353 2703 1420 potius
2758 1352 3092 1422 legislatoris
3150 1354 3401 1410 adinstar
3445 1354 3625 1422 docet,

2049 1440 2357 1509 quietiam,
2402 1441 2532 1495 dum
2583 1443 2769 1509 audit,
2832 1442 3028 1497 Filium
3067 1459 3295 1500 causam
3321 1454 3376 1501 et
3427 1446 3627 1516 princi-

2051 1532 2200 1603 pium
2237 1547 2379 1597 esse,
2411 1532 2550 1588 duas
2579 1544 2731 1604 putat
2759 1537 2944 1590 induci
2968 1552 3167 1592 causas
3202 1551 3265 1592 ac
3339 1539 3443 1593 duo
3478 1541 3629 1607 prin-

2049 1622 2216 1691 cipia.
2250 1621 2356 1677 Sed
2395 1639 2494 1677 nos
2529 1623 2819 1691 audientes
2876 1623 3165 1691 Joannem,
3193 1625 3285 1697 qul
3322 1628 3375 1681 in
3404 1638 3627 1698 pectore

2052 1710 2265 1766 Domini
2313 1713 2604 1779 recubuit,
2648 1713 2702 1768 in
2742 1716 3068 1785 Apocalypsi
3130 1717 3307 1786 capite
3342 1733 3486 1773 nono
3546 1718 3630 1773 di-

2050 1814 2260 1858 centem
2295 1821 2310 1858 :
2348 1803 2479 1858 Haec
2527 1804 2655 1857 dicit
2716 1806 2863 1860 testis
2897 1807 3070 1875 ﬁdelis
3125 1806 3171 1862 et
3204 1825 3375 1875 verus,
3412 1811 3504 1879 qui
3546 1821 3622 1864 est

2049 1896 2369 1965 principium
2398 1904 2657 1949 creatura:
2690 1894 2788 1950 Dei
2815 1913 2833 1959 ;
2860 1905 3024 1967 atque
3067 1898 3391 1969 Gregorium
3445 1898 3626 1955 Theo-

2052 1985 2529 2055 loguniaientem:
2580 2003 2599 2038 ι
2647 1985 2981 2057 Principium
3022 2004 3089 2043 ex
3124 1990 3416 2059 principio,
3464 1991 3627 2060 primi

2048 2077 2380 2147 exemplaris
2417 2078 2812 2146 exemplatum,
2853 2097 2873 2131 ι
2900 2094 2928 2133 a
2959 2079 3176 2156 duobus
3202 2081 3486 2152 principiis
3511 2098 3623 2138 non

2046 2176 2306 2239 putamus
2348 2168 2543 2222 factam
2581 2184 2703 2225 esse
2728 2178 3036 2225 creaturam
3064 2188 3079 2237 ;
3120 2173 3235 2241 ipse
3264 2174 3410 2228 enim
3435 2174 3573 2228 dixit
3607 2194 3623 2230 :

2054 2276 2072 2309 ‹
2111 2255 2304 2312 Omnia
2336 2272 2455 2326 qua:
2479 2265 2609 2313 sunt
2676 2257 2979 2327 U'nigeniti,
3023 2260 3091 2315 ad
3118 2262 3349 2331 primam
3399 2278 3621 2318 causam

2049 2346 2389 2401 referuntur.
2434 2364 2453 2398 ι
2487 2347 2555 2400 Ει
2605 2360 2836 2416 magnus
2870 2347 3129 2412 Basilius,
3178 2350 3232 2404 in
3280 2350 3510 2420 epistola
3555 2352 3625 2406 ad

2046 2437 2324 2508 proprium
2361 2437 2607 2500 fratrem,
2639 2438 2799 2506 cujus
2837 2439 3090 2493 initium:
3123 2458 3142 2490 ι
3177 2439 3443 2507 Quoniam
3470 2442 3629 2496 multi

2045 2544 2334 2585 c0mmuue
2378 2530 2629 2584 essentia:
2660 2570 2675 2595 ,
2714 2548 2739 2582 ι
2779 2530 2993 2599 inquit:
3031 2550 3049 2582 σ
3105 2533 3303 2586 lterum
3338 2549 3433 2601 per
3471 2532 3625 2587 Scri.

2046 2629 2261 2690 pturam
2295 2618 2556 2673 ducimur
2596 2628 2651 2673 et
2710 2618 3055 2685 instruimur,
3082 2629 3141 2674 ut
3170 2621 3624 2690 suppeditationis

2047 2726 2235 2767 eorum
2268 2711 2556 2774 bonorum,
2619 2724 2739 2779 quae
2789 2708 3031 2780 Spiritus
3056 2719 3278 2767 sanctus
3342 2712 3397 2765 in
3465 2713 3623 2768 nobis

2046 2811 2324 2873 operatur,
2361 2810 2638 2857 auctorem
2674 2808 2728 2856 et
2749 2816 2975 2856 causam
3007 2817 3131 2859 esse
3177 2802 3469 2859 credamus
3506 2805 3624 2859 unir

2045 2894 2286 2963 genitum
2348 2891 2545 2948 Deum.
2612 2892 2716 2948 Per
2790 2907 3003 2950 sacram
3080 2894 3227 2948 enim
3281 2896 3624 2964 Scripturam

2044 2986 2222 3041 edocti
2257 3000 2470 3049 sumus,
2504 2999 2599 3055 per
2637 2987 2813 3056 ipsum
2863 2986 3004 3041 facta
3029 3001 3151 3042 esse
3176 2996 3230 3041 et
3253 2988 3304 3041 in
3338 2989 3455 3058 ipso
3497 3002 3626 3043 cou-

2044 3079 2237 3133 sistcre
2281 3079 2487 3134 omnia.
2533 3076 2762 3143 Quando
2815 3079 2982 3148 igitur
3014 3080 3083 3132 ad
3141 3079 3286 3132 illam
3344 3081 3629 3149 rogitatio-

351 3186 506 3239 μεως
551 3169 615 3221 ὲκ
640 3168 735 3221 τοῦ
764 3168 841 3240 μὴ
874 3168 1027 3232 ὄντος
1068 3172 1147 3232 εἰς
1186 3170 1247 3222 τὸ
1284 3165 1424 3223 εἶναι
1485 3169 1821 3239 παράγεται·
1874 3171 1934 3224 οὐ

2046 3184 2162 3224 nem
2196 3171 2572 3235 subvehimur,
2602 3172 2803 3226 iterum
2856 3170 3126 3225 divinitus
3159 3169 3443 3239 inspirata-
3482 3172 3629 3226 Scri-

352 3264 459 3332 μὴν
495 3261 628 3315 οὐδὲ
660 3262 719 3326 ἐξ
738 3261 954 3328 ἐκείνης
975 3259 1409 3332 ἀνάρχως,ἀλλά
1437 3259 1518 3321 τίς
1543 3260 1660 3311 ἐστι
1708 3257 1943 3327 δύναμις

2047 3270 2223 3331 pturae
2255 3263 2418 3317 veluti
2447 3262 2871 3317 manuductione
2918 3262 3220 3316 introducti
3247 3264 3624 3330 perdocemur,

348 3353 675 3422 ἀγεννήτως
696 3353 790 3407 καὶ
819 3354 1071 3423 ἀνάρχως
1102 3352 1415 3422 ὑφεστῶσα,
1450 3351 1571 3420 ἦτις
1604 3350 1753 3403 ιστίν
1778 3350 1943 3405 αἰτία

2046 3353 2199 3424 quod
2224 3369 2321 3421 per
2354 3354 2500 3407 illam
2537 3354 2759 3423 quidem
2784 3354 3107 3423 potentiam,
3136 3368 3202 3408 ex
3232 3367 3297 3408 eo
3335 3354 3479 3422 quod
3511 3370 3622 3409 non

348 3448 448 3517 τῆς
486 3446 752 3501 ἁπάντων
780 3447 888 3500 τῶν
917 3447 1090 3499 ³5ντων
1127 3447 1333 3507 αἰτίας.
1376 3462 1396 3495 ι

2040 3451 2146 3509 est,
2178 3445 2242 3498 ad
2272 3458 2393 3499 esse
2438 3444 2814 3513 producantur
2844 3446 3068 3509 omnia;
3099 3445 3175 3498 ita
3207 3453 3413 3509 tamen,
3447 3455 3625 3523 utne—

349 3556 459 3614 que
492 3558 562 3597 ex
597 3541 686 3596 illa
721 3543 926 3612 absque
964 3540 1123 3596 initio
1178 3538 1581 3608 producantur,
1644 3538 1739 3594 sed
1795 3538 1941 3608 quod
1980 3538 2049 3593 sit
2074 3539 2318 3607 potentia
2344 3540 2594 3609 quaedam
2621 3540 2863 3611 ingenito
2885 3546 2943 3592 et
2973 3540 3092 3594 sine
3156 3538 3428 3609 principio
3495 3539 3624 3595 sub-

350 3641 584 3703 sistens,
621 3652 742 3707 qua:
774 3651 940 3692 causa
963 3636 1035 3692 sit
1060 3636 1207 3689 illius
1237 3650 1438 3699 causae,
1471 3649 1564 3704 per
1599 3649 1761 3704 quam
1819 3634 2011 3691 omnia
2042 3633 2183 3689 facta
2212 3644 2360 3690 sunt.
2397 3654 2416 3688 ›

1000 3731 1218 3785 ΕΦΕΣο
1227 3731 1288 3785 Υ.

422 3821 605 3877 Τοῦτο
631 3821 693 3875 τδ
724 3822 870 3892 ἰερδν
889 3819 990 3890 τῆς
1015 3820 1252 3882 πίστεως
1277 3818 1508 3889 μάθημά
1528 3835 1587 3872 τε
1618 3818 1712 3873 καὶ
1736 3816 1940 3887 σύμϐο-

350 3920 442 3971 λον
472 3918 537 3970 τὸ
564 3916 640 3987 (7)
664 3914 817 3986 παρά
836 3916 933 3985 μὲν
947 3917 1046 3985 τῆς
1065 3917 1289 3986 πρώτης
1305 3913 1677 3981 καὶδευτέρας
1692 3911 1800 3965 τῶν
1819 3928 1943 3964 συν-

356 4008 500 4062 όδων
524 4006 773 4069 ἐκτεθὲν,
799 4006 951 4075 παρὰ
974 4006 1032 4058 δὲ
1070 4004 1180 4058 τῶν
1210 4003 1420 4057 λοιπῶν
1442 4002 1686 4073 κυρωθὲν
1735 4003 1828 4056 καὶ
1854 4003 1941 4072 βε-

354 4099 595 4155 ϐαιωθὶν
617 4099 714 4171 ὅλῃ
736 4098 885 4171 ψυχῇ
932 4097 1223 4168 δεχόμενος
1257 4097 1356 4150 καὶ
1409 4096 1694 4165 φυλάττων
1748 4096 1941 4149 ἀποδέ-

353 4192 641 4263 χομαικαὶ
672 4191 995 4260 ἀσπάζομαι
1052 4189 1190 4260 πρὸς
1239 4189 1362 4251 ταῖς
1415 4187 1738 4257 εἰρημέναις
1799 4188 1940 4241 ἐτττά

357 4283 606 4344 συνόδοις
630 4282 729 4336 καὶ
754 4281 859 4352 τὴν
893 4281 1011 4353 μετ’
1042 4280 1218 4343 αὑτὰς
1250 4279 1641 4349 ἀθροισθεῖσαν
1695 4280 1792 4332 ἐπὶ
1842 4278 1937 4331 τοῦ

356 4376 619 4441 εὐσεϐοῦς
652 4376 937 4429 Βασιλείου
1001 4374 1269 4444 βασιλέως
1326 4371 1620 4441 Ῥωμαίων
1686 4374 1782 4424 καὶ
1840 4372 1933 4425 τοῦ

358 4469 672 4537 ἀγιωτάτου
705 4466 1050 4536 πατριάρχου
1088 4465 1323 4523 Φωτίου,
1352 4463 1448 4533 τὴν
1478 4466 1573 4516 καὶ⁴
1625 4462 1933 4532 οἰγουμενι-

355 4561 458 4629 κὴν
489 4558 683 4626 ὀγδόην
703 4556 1121 4627 ὀνομασθεῖσαν,
1143 4555 1178 4626 ἢ
1219 4552 1297 4624 (8)
1326 4554 1421 4605 καὶ
1460 4554 1568 4605 τῶν
1623 4568 1934 4621 τοποτηρη-

292 4654 295 4657 ⁷
356 4652 466 4703 τῶν
502 4651 794 4720 παρόντων
829 4647 1077 4701 Ἰωάννου
1108 4645 1206 4699 τοῦ
1246 4644 1519 4716 μακαρίου
1582 4644 1786 4696 πάππα
1835 4643 1934 4711 τῆς

358 4741 740 4809 πρεσϐυτέρας
787 4739 1029 4808 Ῥώμης,
1081 4737 1295 4791 Παύλου
1360 4738 1454 4789 καὶ
1505 4735 1768 4802 Εὐγενίου
1825 4736 1936 4787 τῶν

358 4832 674 4884 ἱπισκόπων
699 4833 796 4884 καὶ
817 4831 1028 4899 Πέτρου
1073 4828 1460 4898 πρεσϐυτέρου
1532 4830 1622 4880 καὶ
1678 4827 1936 4896 καρδινα-

358 4925 472 4978 λίου
500 4923 747 4994 ἐκύρωσε
778 4923 876 4993 μὲν
904 4923 998 4976 καὶ
1046 4919 1349 4991 ἀνεκήρυξε
1386 4920 1484 4990 τὴν
1548 4918 1785 4987 ἑϐδόμην
1848 4920 1929 4970 οἰ-

429 5100 506 5169 (l)
542 5097 634 5152 Sic
686 5097 739 5150 in
788 5094 935 5151 Mon.
981 5105 1035 5151 et
1082 5095 1393 5160 Marc.;cst
1438 5107 1569 5146 vero
1619 5092 1790 5161 Apoc.
1849 5106 1934 5155 ιιι,

426 5241 503 5309 (Ξ)
538 5237 676 5309 Nat,
705 5236 861 5309 Orat.
886 5235 956 5289 ’52
982 5234 1150 5309 (illinc
1173 5232 1379 5309 42);}.
1411 5233 1627 5309 529541.
1665 5231 1861 5309 9910]].

427 5302 502 5378 (5)
546 5308 758 5361 Similia
792 5302 1229 5378 habetNaztor.
1253 5302 1353 5378 ⁸ὄρ,
1404 5320 1453 5378 p_.
1489 5304 1625 5378 420;
1672 5302 1827 5365 52,l.
1855 5316 1930 5378 cI,

355 5370 443 5437 57.‘
559 5378 658 5432 601
688 5380 775 5431 ed.
801 5386 908 5448 vet,
931 5376 1078 5448 Vide,
1109 5370 1483 5448 λΒείέςί-Ερζὶιι
1519 5373 1732 5427 Camat.
1761 5388 1814 5425 c.
1841 5370 1935 5437 ιο,

356 5453 422 5506 ut
453 5444 579 5522 (Gr;
597 5451 767 5511 Ortlt.,
797 5459 837 5501 t.
873 5447 1021 5522 ll_,_p.
1053 5444 1335 5522 τδρ-574).
1374 5512 1393 5522 _
1655 5509 1709 5522 Α,

427 5509 509 5591 (λ)
547 5519 715 5574 Basil.
749 5509 836 5587 cp'.
892 5509 1069 5572 45'ad
1105 5509 1332 5585 Gregor.
1369 5509 1871 5567 fratrem.,Citatur
1900 5525 1930 5564 ιι

362 5171 425 5225 Η

431 5677 510 5746 (η)
561 5676 820 5743 lntelligit
892 5673 1161 5745 synodum
1227 5680 1463 5746 exeunte
1526 5685 1668 5724 anno
1725 5670 1828 5723 879
1878 5676 1932 5723 et

362 5742 585 5803 ineunte
635 5742 755 5799 880'
784 5742 1268 5811 Constantinopoli
1322 5743 1676 5811 celebratam,
1717 5756 1838 5807 quae
1865 5755 1931 5792 ex

364 5818 542 5875 Pbotii
580 5829 759 5873 mente
819 5831 1001 5873 verum
1059 5821 1308 5870 octavam
1358 5810 1632 5882 synodum
1667 5818 1795 5865 ante
1839 5811 1933 5864 deo

2522 3730 2764 3790 EPHES.
2796 3732 2969 3798 (CAP.
3005 3732 3145 3803 XV.)

2116 3818 2233 3873 Hoc
2265 3832 2482 3874 sacrum
2511 3820 2634 3875 fidei
2668 3821 2982 3877 institutum
3014 3838 3077 3878 ac
3110 3820 3441 3894 symbolum,
3477 3823 3629 3893 quod

2043 3924 2071 3961 a
2121 3911 2309 3978 prima.
2338 3920 2391 3965 et
2440 3913 2681 3967 secunda
2731 3918 3193 3971 mcumenicarum
3293 3916 3621 3986 synodorum

2043 4002 2378 4069 expositum,
2422 4018 2452 4058 a
2479 4005 2708 4076 reliquis
2760 4022 2892 4063 vero
2925 4007 3309 4062 conﬁrmatum
3362 4007 3625 4062 corrobo-

2043 4101 2331 4162 ratumque
2359 4103 2463 4160 est,
2491 4103 2603 4151 tota
2642 4096 2823 4152 anima
2903 4097 3173 4168 recipiens
3223 4109 3275 4153 et
3308 4098 3624 4154 custodiens
3718 4116 3737 4133 υ

2042 4184 2284 4252 suscipio
2324 4194 2379 4238 et
2412 4186 2720 4255 amplector
2749 4201 2873 4241 cum
2934 4188 3210 4258 praedictis
3276 4199 3480 4258 septem
3537 4203 3627 4257 sy-

2046 4272 2206 4330 nodis
2231 4275 2394 4329 etiam
2422 4277 2692 4347 synodum
2726 4286 2851 4348 post
2891 4280 3040 4350 ipsas
3091 4291 3475 4351 congregalam
3522 4282 3624 4334 sub

2043 4366 2132 4435 pio
2155 4365 2361 4421 Basilio
2382 4367 2757 4422 Romanorum
2820 4370 3153 4439 imperatore
3184 4379 3238 4425 et
3266 4372 3621 4426 sanctissimo

2040 4460 2350 4530 patriarcha
2378 4459 2595 4526 Photio,
2666 4463 3061 4517 meumenicam
3104 4478 3323 4533 quoque
3373 4474 3619 4517 octavam

2045 4561 2413 4619 nuncupatam
2472 4549 2575 4621 (a),
2609 4566 2731 4621 qua:
2777 4552 2941 4607 etiam
2992 4553 3355 4621 praesentibus
3429 4553 3621 4620 legatis

2043 4639 2273 4695 Joannis
2297 4640 2598 4694 beatissimi
2632 4654 2787 4708 papa:
2818 4640 3145 4695 vetustioris
3170 4639 3379 4703 Romae,
3436 4641 3624 4695 videli-

2048 4742 2134 4786 cet
2160 4733 2332 4786 Paulo
2361 4741 2415 4786 et
2438 4731 2682 4801 Eugenio
2706 4731 3004 4800 episcopis,
3065 4741 3119 4786 et
3184 4732 3349 4786 Petro
3393 4733 3619 4802 presby-

2044 4833 2162 4879 tero
2190 4834 2244 4878 et
2285 4824 2576 4889 cardinali,
2617 4822 2965 4877 conﬁrmavit
3007 4831 3065 4876 et
3117 4821 3497 4892 promulgavit,
3541 4839 3623 4877 sc-

2044 4918 2270 4986 ptimam
2323 4918 2720 4970 meumenicam
2768 4914 3036 4985 synodum
3056 4927 3282 4984 eamque
3316 4914 3623 4983 prmceden-

2040 5089 2352 5154 Camatero,
2383 5106 2433 5144 c.
2475 5090 2693 5161 26‘(Gr.
2735 5089 2908 5154 orth.,
2939 5097 2980 5143 t.
3011 5091 3081 5153 ll,
3121 5105 3172 5159 p.
3201 5089 3302 5144 5H
3343 5094 3511 5160 seq.).

2112 5161 2193 5229 (5)
2229 5161 2338 5223 AL,
2370 5165 2613 5230 χάριτος.
2667 5222 2671 5230 Δ

2112 5228 2188 5298 (6)
2228 5231 2336 5295 AL,
2363 5228 2747 5297 δεδιδάδίμεθα.

2111 5305 2189 5371 (7)
2233 5300 2304 5357 Td
2362 5302 2543 5355 omitt.
2603 5299 2748 5356 Mbn.
2785 5301 2854 5355 '27
2891 5320 2914 5366 ί
2959 5303 3124 5357 habet
3179 5302 3324 5356 Ilion.
3388 5301 3518 5367 256,
3582 5302 3618 5353 f.

2039 5369 2296 5566 :(68)a.'i{
2351 5442 2556 5497 habent
2634 5450 2745 5499 tres
2810 5442 3051 5508 codices,
3112 5442 3258 5497 Mon.
3308 5440 3516 5507 27,256
3571 5450 3624 5491 ct

2095 5528 2209 5566 arc.

2095 5528 2209 5567 arc.

2040 5670 2292 5726 cennium
2330 5671 2635 5726 absolutam
2701 5670 3018 5724 oblitterare
3063 5668 3326 5731 debebat,
3354 5665 3624 5736 cujusque

2043 5749 2165 5794 acta
2199 5744 2451 5809 leguntur
2486 5742 2633 5808 apud
2666 5740 2835 5795 Mausi
2861 5739 3100 5801 Concil.,
3137 5746 3176 5791 t.
3212 5736 3376 5791 XVII.
