4112 6274
560 361 628 419 9!
1471 361 1852 424 GREGORII
1893 365 2158 425 MAMMz

2262 366 2349 430 ΖΡ.
2401 362 2907 429 ΡΑΤΒΙΑΒΟΗᾸΞ
3752 354 3841 417 ςιϊ

566 469 699 522 Acta
740 468 809 523 ab
841 469 1077 537 Ephesio
1108 473 1391 541 producta,
1418 489 1481 531 ac
1515 477 1561 532 si
1590 488 1776 534 essent
1800 490 2005 536 Octava:
2041 496 2129 551 sy-

2262 481 2464 546 )wtiou,
2499 485 2593 534 καὶ
2619 482 2766 542 ὅπως
2796 481 2823 532 6
2855 476 3114 544 Ἰγνάτιος
3135 471 3440 543 ἐπανῆλθεν
3462 471 3543 535 είς
3569 471 3659 523 τδν
3687 471 3835 525 ίδιον

568 556 733 621 nodi,
794 561 1137 629 recipiemus,
1171 564 1247 633 (a)
1277 581 1487 621 necnon
1530 584 1691 639 quam
1744 571 1858 641 ipse
1903 573 2136 642 appellat

2262 572 2428 642 θρόνον
2458 574 2636 643 κρίσει
2662 572 2761 640 τῆς
2793 570 3013 622 συνόδου
3036 585 3049 599 ·
3077 567 3168 619 τὸν
3197 566 3251 619 δὲ
3284 565 3492 618 Φὼτιον
3526 564 3834 631 ἐξώριστον

448 708 457 719 ⁸
565 649 792 707 Joannis
826 668 976 724 papa:
1023 656 1337 723 epistolam,
1384 659 1507 714 licet
1558 661 1611 715 in
1655 664 1839 718 multis
1881 676 2136 734 suspecta

2265 659 2382 732 ῐχεν
2426 664 2459 733 ἠ
2511 662 2602 715 τοῦ
2639 661 2938 731 Κοσμιδὶου
2973 659 3050 728 (l)
3087 658 3244 727 μονή.
3287 656 3482 723 Ἡμεῖς
3513 654 3571 706 δὲ
3620 654 3714 706 καὶ
3756 654 3834 705 τὰ

566 742 632 792 sit
658 744 756 809 (ὁ),
779 759 844 797 eo
870 746 1015 813 quod
1046 756 1155 801 tota
1190 748 1242 802 in
1278 740 1536 806 omnibus
1556 752 1744 809 Graece
1773 755 1978 810 dictata
2005 772 2125 811 esse

2262 756 2531 824 Ϊρακτικὰ
2561 756 2627 808 τὰ
2658 754 2814 822 παρὰ
2848 750 2940 804 τοῦ
2985 751 3213 818 Ἐφέσου
3262 746 3716 817 προκομιζόμενα
3746 744 3835 803 ὡς

567 834 1081 903 comprehendatur,
1106 848 1159 893 et
1199 841 1407 895 nullum
1446 844 1499 896 in
1531 860 1590 900 se
1639 844 1841 901 Latinas
1887 848 2140 904 dictionis

2262 847 2340 915 τῆς
2367 847 2561 916 όγδόης
2592 845 2811 898 συνόδου
2854 840 3117 910 δεξόμεθα
3140 857 3153 870 ·
3182 840 3261 892 ἔτι
3290 839 3345 892 δὲ
3388 841 3480 892 καὶ
3504 839 3571 907 ἢν
3624 835 3703 906 (2)
3731 835 3837 888 λέ-

569 924 789 988 geniuni
850 926 1121 995 praeferat.
1179 929 1244 983 Et
1293 932 1396 986 alia
1447 948 1665 1004 quoque
1714 938 1946 1003 ratione,
1997 938 2139 1006 quod

2262 953 2329 1002 (Et
2356 934 2647 1004 επιστολὴν
2681 933 2775 985 τοῦ
2808 932 3119 999 ἀγιωτὰτου
3153 929 3355 1001 πάππα
3393 926 3668 987 Ἰωάννου,
3699 925 3839 977 καί-

571 1015 805 1082 primum
838 1018 889 1070 in
931 1019 1032 1072 hac
1060 1023 1271 1090 synodo
1306 1034 1431 1078 ante
1472 1026 1576 1079 alia
1616 1029 1799 1081 omnia
1850 1028 2141 1084 lectitanda

2262 1046 2325 1079 τοι
2356 1044 2420 1092 γε
2457 1028 2595 1079 πολὺ
2652 1027 2713 1079 τὸ
2767 1024 3009 1078 ὕποπτον
3045 1022 3277 1093 ἔχουσαν
3314 1020 3403 1073 διὰ
3434 1019 3495 1072 τὸ
3527 1016 3668 1072 εῖναι
3696 1018 3841 1085 ὅλην

570 1106 784 1172 luisset,
817 1117 929 1162 tum
961 1111 1217 1181 deinceps
1266 1118 1588 1184 apponenda
1612 1154 1629 1183 ,
1659 1134 1780 1187 quae
1827 1119 2023 1174 Pliotio
2061 1134 2146 1175 se-

570 1198 691 1249 dem
744 1197 1409 1272 Constantinopolitanam
1450 1217 1784 1264 astruerent.
1829 1208 1984 1274 Quod
2037 1212 2145 1265 alio

572 1286 731 1340 modo
754 1300 1028 1357 peractum
1053 1304 1154 1350 est.
1180 1295 1310 1349 Nam
1338 1311 1461 1350 cum
1493 1313 1642 1365 papas
1685 1300 1861 1353 locum
1898 1310 2145 1355 tenentes

571 1378 915 1434 advenissent
936 1393 990 1436 et
1019 1383 1211 1439 Pliotio
1242 1386 1401 1443 datas
1431 1388 1641 1443 litteras
1672 1404 1735 1443 ac
1767 1392 1931 1446 missa
1962 1395 2145 1447 munia

570 1470 996 1538 eonsignassent,
1014 1484 1069 1530 et
1093 1478 1474 1546 omophorium
1506 1489 1558 1535 et
1588 1483 1908 1538 sticliarium
1936 1494 1990 1537 et
2018 1500 2146 1539 san-

572 1561 737 1623 t'alia,
763 1564 911 1616 nullo
940 1568 1194 1622 examine
1218 1570 1439 1637 praevio,
1460 1570 2000 1637 obtulissent,statim
2032 1576 2148 1645 ipse

571 1650 798 1707 Photius
821 1670 915 1709 eos
936 1659 1358 1728 excepitetqua
1390 1661 1455 1715 ad
1493 1666 1669 1730 ipsum
1708 1666 1875 1719 missa
1907 1664 2145 1733 fuerant,

574 1748 631 1790 nt
656 1742 787 1795 Acta
822 1742 1067 1810 ejusdem
1115 1749 1309 1818 synodi
1339 1761 1725 1806 contestantur
1765 1765 1928 1822 atque
1966 1753 2145 1810 Photii

572 1833 733 1884 verba
756 1833 853 1902 (c):
878 1835 1159 1893 «Christus
1182 1839 1323 1895 Deus
1343 1852 1550 1908 noster,
1576 1846 1668 1914 qui
1689 1847 1889 1901 cmlunt
1916 1848 2150 1905 nubibus

570 1922 987 1993 circumvolvit,
1034 1939 1385 2003 nostramque
1429 1946 1718 2004 naturam,
1763 1948 1820 1993 ut
1872 1949 2158 1996 renovaret

569 2026 1026 2088 espurgaretque,
1048 2023 1153 2077 sibi
1218 2027 1555 2096 assumpsit,
1607 2029 1724 2098 ipse
1783 2030 2005 2085 fratrem
2055 2047 2154 2086 no-

573 2117 749 2162 strum
795 2118 849 2163 et
884 2116 1325 2171 comministrum
1356 2130 1410 2173 et
1437 2120 1775 2190 spiritualem
1799 2122 2013 2178 Patrem
2054 2139 2157 2178 no-

572 2210 743 2253 strum
785 2212 838 2257 et
872 2204 924 2258 in
959 2210 1211 2274 praesenti
1243 2210 1351 2265 vita
1389 2214 1636 2266 custodia
1673 2223 1784 2269 tuta
1820 2226 2084 2286 protegat,
2105 2228 2159 2271 et

576 2291 627 2343 in
670 2290 855 2346 futuro
879 2298 1079 2351 saeculo
1112 2302 1341 2368 nuptiali
1370 2303 1689 2358 indumento
1720 2308 2156 2369 circumambiat.

572 2380 909 2454 dignumque
967 2376 1210 2444 caelestis
1256 2392 1403 2447 illius
1455 2395 1676 2449 thalami
1729 2396 2089 2451 demonstret.
2130 2416 2149 2449 ι

575 2470 885 2529 Necessitas
933 2476 1116 2548 itaque
1176 2480 1452 2552 flagitabat
1507 2499 1691 2539 coram
1741 2487 2001 2543 omnibus
2034 2488 2153 2557 epi-

577 2565 771 2619 stolam
812 2567 913 2637 legi
965 2583 1019 2626 et
1064 2573 1367 2644 legatorum
1437 2576 1838 2646 professionem
1893 2580 2154 2649 scriptam

578 2657 771 2726 recipi,
803 2670 857 2713 et
884 2661 968 2716 his
1000 2667 1238 2730 peractis
1268 2682 1329 2720 ea
1361 2684 1483 2736 quae
1515 2668 1582 2722 ad
1632 2670 1816 2723 throni
1853 2680 1907 2725 et
1948 2686 2158 2740 praesn-

579 2746 720 2800 latus
749 2752 1154 2806 restitutionem
1181 2758 1525 2822 pertinebant
1552 2761 1838 2829 compleri.
1863 2759 2154 2820 Nihilomi-

580 2855 681 2892 nus
704 2855 803 2894 nos
829 2842 1002 2911 ipsam
1036 2852 1095 2898 ut
1136 2849 1529 2905 meumeuicam
1549 2853 1842 2921 recipimus
1895 2872 2155 2927 perquam

580 2931 962 2999 libentissime,
990 2951 1089 2991 nec
1123 2952 1232 2992 non
1266 2941 1439 3009 ipsam
1472 2943 1786 3012 epistolam.
1832 2948 1974 3013 Quid
2045 2950 2152 3018 igi-

580 3032 667 3074 tur
687 3037 747 3075 ea
790 3026 1148 3091 pronuntiat?
1176 3048 1195 3080 ι
1223 3026 1524 3099 Opinamur
1559 3042 1763 3101 autem,
1801 3053 1977 3109 neque
2000 3050 2149 3096 tuam

579 3116 925 3171 sanctitatem
1004 3120 1256 3190 ignorare
1278 3165 1292 3189 ,

577 3214 632 3259 et
681 3207 836 3275 plena
877 3211 1143 3281 sapientia
1179 3223 1305 3281 est,
1343 3233 1443 3272 nos
1493 3220 1737 3290 reliquos
1774 3232 1993 3280 nostros
2046 3228 2163 3297 epi-

580 3315 778 3368 scopos
804 3304 867 3356 ad
888 3307 959 3358 ita
988 3307 1338 3363 sentiendum
1363 3311 1581 3381 adigere
1619 3314 1865 3371 volentes
1921 3331 2029 3372 non
2060 3319 2163 3374 levi

582 3394 848 3463 implicari
888 3396 1233 3467 difficultate,
1267 3403 1411 3471 quod
1457 3419 1569 3460 rem
1608 3406 1745 3462 adeo
1795 3409 2037 3464 divinam
2089 3411 2163 3464 ita

582 3490 873 3558 derepente
933 3492 1228 3550 immutare
1296 3496 1437 3550 haud
1507 3496 1664 3553 facile
1724 3499 1957 3554 valuerit
2012 3502 2166 3569 quis-

583 3582 789 3649 quam},
825 3582 948 3638 licet
970 3598 1065 3655 per
1094 3585 1256 3641 breve
1288 3596 1503 3655 tempus
1532 3589 1661 3643 illud
1694 3589 1907 3644 initium
1942 3596 2163 3661 ceperit,

587 3688 688 3728 nec
718 3675 1012 3730 multorum
1045 3691 1316 3733 annorum
1371 3682 1550 3749 spatio
1581 3680 1896 3737 firmitatem
1911 3685 2165 3743 obtinue-

587 3769 679 3821 rit.
706 3770 1005 3837 Propterea
1036 3772 1196 3826 nobis
1221 3774 1358 3827 bene
1389 3775 1567 3830 visum
1604 3784 1709 3839 est,
1752 3794 1819 3832 ne
1847 3780 1970 3847 quis
2044 3780 2091 3833 vi
2137 3794 2166 3833 a

590 3860 750 3914 nobis
786 3861 1093 3916 adducatur
1145 3864 1413 3919 desistere
1445 3866 1513 3920 ab
1574 3867 1967 3935 additamento,
2024 3872 2165 3940 quod

590 3954 645 4005 in
670 3953 919 4023 symbolo
945 3951 1057 4021 jam
1096 3956 1374 4023 apposuit,
1407 3956 1501 4011 sed
1534 3957 1717 4026 potius
1748 3975 1876 4014 cum
1934 3963 2167 4031 pruden—

592 4045 663 4098 tia
690 4059 999 4113 praeparare
1056 4046 1343 4113 paulatim
1371 4047 1725 4106 adhortantes
1769 4052 2165 4123 blasphemiam

593 4136 870 4203 abiurare.
917 4137 1128 4191 Pascite
1157 4139 1292 4191 enim
1318 4155 1523 4209 gregem
1558 4142 1649 4209 qui
1676 4144 1730 4195 in
1756 4145 1899 4197 vobis
1930 4154 2031 4209 est,
2065 4163 2169 4200 non

591 4230 867 4291 violenter,
921 4229 1011 4282 sed
1042 4232 1248 4296 leniter,
1286 4247 1448 4300 neque
1486 4234 1564 4285 uti
1598 4234 1737 4288 clero
1776 4238 2169 4304 prcedominau-

594 4333 694 4383 tes,
729 4321 822 4375 sed
854 4322 1032 4391 forma
1092 4325 1263 4392 gregis
1305 4334 1354 4377 et
1409 4327 1735 4396 exemplaria
1803 4329 1957 4397 facti,
2020 4347 2169 4385 sunt.

600 4430 723 4468 mus
750 4416 1126 4483 apostolorum
1189 4418 1444 4486 princeps
1502 4418 1695 4474 Petrus
1742 4421 1981 4484 dicebat,
2032 4439 2050 4472 ι
2116 4431 2168 4475 et

2243 1118 2310 1171 δι’
2332 1118 2455 1171 ὅλου
2494 1118 2571 1189 (5)
2608 1119 2933 1187 Ἑλληνικὴν
2962 1116 3064 1185 τὴν
3104 1112 3326 1182 γραφὴν
3357 1112 3451 1165 καὶ
3482 1109 3650 1179 μηδὲν
3680 1108 3842 1178 ἔχειν

2246 1213 2302 1262 έν
2354 1213 2518 1280 ἑαυτῇ
2560 1211 2754 1279 ἰδίωμά
2806 1228 2857 1262 τι
2928 1209 3007 1278 (4)
3063 1206 3378 1261 Λατινικόν.
3432 1203 3646 1263 ’Ἄλλως
3678 1219 3738 1253 τε
3774 1202 3844 1252 ὲν

2247 1301 2422 1369 ταύτῃ
2451 1303 2517 1371 τῇ
2554 1301 2761 1369 συνόδῳ
2791 1299 3007 1369 πρῶτον
3035 1297 3269 1366 ὤφειλεν
3302 1294 3440 1362 αὓτη
3473 1292 3846 1359 ἀναγνωσθῆ-

2249 1407 2359 1453 ναι,
2397 1385 2520 1460 εἶτα
2555 1390 2814 1456 δέξασθαι
2843 1390 2936 1441 τὸν
2974 1386 3180 1439 Φώτιον
3217 1386 3286 1438 τὰ
3318 1384 3701 1454 ἐγχειρίζοντα
3731 1382 3846 1449 τὴν

2249 1479 2521 1548 καθέδραν
2572 1478 3230 1540 Κωνσταντινουπόλεως.
3279 1478 3355 1530 Τὸ
3401 1477 3460 1529 δὲ
3511 1475 3609 1544 ούχ
3656 1473 3842 1533 οὕτως

2249 1572 2501 1639 ἐγένετο⁶
2539 1573 2656 1626 ἀλλ’
2708 1575 2823 1642 ἅμα
2854 1571 2933 1641 τῷ
2969 1572 3382 1642 παραγενέσθαι
3430 1570 3558 1632 τοὺς
3592 1584 3845 1636 τοποτη-

2253 1665 2422 1733 ρητὰς
2450 1664 2546 1717 τοῦ
2581 1665 2781 1718 πάππα
2817 1666 2912 1718 καὶ
2960 1665 3037 1734 τῷ
3074 1665 3262 1732 Φωτίῳ
3315 1663 3541 1731 κομίσαι
3586 1662 3654 1714 τὰ
3703 1678 3847 1713 στα-

2255 1755 2435 1820 λέντα,
2472 1756 2530 1808 τό
2577 1774 2636 1809 τε
2674 1756 2993 1825 ὼμοφόριον
3052 1756 3147 1808 καὶ
3193 1756 3253 1808 τὸ
3289 1755 3570 1823 στιχάριον
3616 1752 3711 1803 καὶ
3765 1754 3846 1803 τὰ

2261 1846 2515 1899 σανδάλια
2544 1847 2819 1917 μηδεμιᾶς
2840 1846 3304 1917 προηγησαμένης
3330 1846 3649 1913 ἐξετάσεως,
3669 1844 3848 1906 εὐθὺς

2259 1940 2286 1989 6
2315 1938 2519 2001 Φώτιος
2552 1939 2799 1993 δέδεκται
2834 1940 3037 2003 αὐτοὺς
3067 1940 3162 1993 καὶ
3192 1939 3261 1991 τὰ
3296 1937 3626 2007 κομισθέντα
3657 1934 3846 2005 αύτῷ,

2259 2028 2336 2090 ὡς
2369 2028 2437 2081 τὰ
2475 2031 2764 2099 Πρακτικὰ
2810 2032 2911 2098 τῆς
2942 2030 3179 2087 συνόδου
3230 2027 3435 2097 ταύτης
3492 2026 3848 2097 μαρτυροῦσι

2261 2123 2353 2174 καλ⁵
2395 2124 2480 2189 τὸ,
2518 2142 2538 2174 ι
2587 2122 2825 2195 Χριστὸς
2858 2125 2885 2177 6
2918 2122 3052 2187 Θεὸς
3082 2122 3264 2192 ὴμῶν,
3298 2123 3492 2184 εἰπεῖν,
3528 2125 3555 2174 6
3585 2119 3851 2187 νεφέλαις

2260 2215 2351 2268 τὸν
2408 2217 2643 2288 οὐρανὸν
2700 2216 3045 2284 περιϐάλλων
3097 2216 3193 2267 καὶ
3228 2216 3326 2286 τὴν
3359 2211 3634 2283 ἡμετέραν
3670 2210 3850 2278 φύσιν

2259 2306 2638 2373 ἀναχωνεῦσαι
2694 2307 2793 2361 καὶ
2813 2307 3052 2376 καθᾶραι
3088 2306 3165 2376 (5)
3200 2304 3603 2370 στολισάμενος,
3672 2299 3854 2360 αὐτὸς

2260 2396 2351 2449 τὸν
2375 2398 2601 2465 ἀδελφὸν
2629 2399 2722 2449 καὶ
2747 2398 3166 2466 συλλειτουργὸν
3196 2397 3287 2447 καὶ
3316 2394 3685 2463 πνευματικὸν
3720 2394 3857 2445 Ποι-

2257 2488 2394 2556 τέρα
2422 2490 2453 2558 ἡ
2465 2488 2604 2557 μῶν,
2636 2490 2733 2542 καὶ
2762 2488 2820 2540 ιν
2853 2490 2930 2557 τῷ
2958 2486 3187 2556 παρόντι
3221 2486 3331 2556 βίῳ⁵
3353 2484 3599 2553 φρουρὰν
3630 2482 3853 2536 ἄσυλον

2260 2582 2358 2633 καὶ
2414 2582 2692 2651 σωτηρίαν
2744 2579 2965 2647 ἀσφαλῆ
3021 2577 3288 2640 στολίσαι,
3319 2578 3420 2629 κάν
3448 2575 3527 2645 τῷ
3582 2574 3850 2643 μελλόντι

2261 2671 2416 2724 αἰῶνι
2465 2672 2556 2724 τὸν
2606 2671 2875 2740 νυμφικδν
2929 2669 3256 2744 περιϐάλλοι
3291 2668 3491 2739 χιτῶνα
3534 2668 3685 2729 ἄξιον
3742 2669 3848 2720 τοῦ

2263 2762 2534 2833 μακαρίου
2578 2763 2788 2817 ἐκείνου
2825 2763 3116 2833 νυμφῶνος
3151 2760 3421 2826 ἀναδεῖξαι
3454 2760 3556 2832 (6).
3597 2778 3614 2809 ι
3685 2759 3843 2812 Ἔδει

2260 2854 2355 2908 οὖν
2396 2856 2663 2925 πρότερον
2706 2856 2763 2907 έν
2797 2855 2959 2925 κοινῷ
3011 2856 3088 2925 (7)
3142 2853 3459 2921 ἀναγνῶναι
3488 2854 3587 2922 τὴν
3617 2853 3845 2905 ἐπιστο-

2258 2948 2358 3017 λὴν
2388 2948 2483 3003 καὶ
2513 2948 2611 3018 τὴν
2642 2947 2939 3017 ὁμολογίαν
2963 2948 3074 3002 τῶν
3103 2946 3389 3018 πρέσϐεων
3424 2945 3702 3016 ἔγγραφον
3736 2945 3843 2999 λα-

2263 3040 2403 3107 δεῖν,
2428 3042 2519 3094 καὶ
2542 3040 2682 3094 οὕτω
2701 3041 2771 3093 τὰ
2786 3040 2887 3109 τὴν
2913 3039 3008 3093 τοῦ
3042 3041 3232 3107 θρόνου
3257 3040 3351 3093 καὶ
3379 3040 3476 3108 τῆς
3500 3036 3847 3107 ἀρχιερωσύο

1374 3132 1635 3197 tanquam
1725 3144 1846 3198 quae
1923 3133 2158 3202 prudens

2264 3149 2361 3203 νης
2386 3131 2720 3202 ἀνακήρυξιν
2740 3131 3002 3201 δηλοῦντα
3024 3130 3306 3195 δέξασθαι.
3350 3129 3541 3198 Ὅμως
3563 3146 3627 3197 γε
3656 3127 3844 3197 μέντοι

2267 3228 2431 3297 ἡμεῖς
2461 3228 2537 3289 ὠς
2568 3224 2962 3295 οἰκουμενικὴν
2995 3224 3213 3278 σύνοδον
3245 3225 3418 3294 αὐτὴν
3450 3221 3718 3291 δεξόμεθα
3740 3221 3846 3274 ὰσ-

2269 3320 2594 3389 μενέστατα,
2620 3315 2881 3377 ὡσαύτως
2913 3316 2992 3384 (8)
3022 3316 3117 3369 καὶ
3146 3314 3244 3384 τὴν
3272 3313 3587 3383 ἐπιστολήν.
3658 3311 3725 3365 Τί
3745 3311 3845 3365 οὖν

2267 3426 2434 3479 φησιν
2470 3406 2646 3478 αὖτης
2705 3425 2723 3458 ι
2769 3407 3011 3476 Οίόμεοα
3040 3406 3095 3458 δὲ
3133 3405 3270 3476 μηδὲ
3300 3406 3397 3474 τὴν
3433 3404 3532 3473 σὴν
3589 3402 3848 3473 ίερότητα

2266 3503 2481 3571 ἀγνοεῖν
2517 3502 2593 3564 ὡς
2650 3495 2816 3553 οὖσαν
2856 3499 3086 3567 νουνεχῆ
3122 3515 3181 3550 τε
3232 3498 3327 3550 καὶ
3383 3496 3565 3564 πλήρη
3624 3494 3847 3562 σοφίας,

2266 3592 2349 3646 ὃτι
2395 3607 2453 3643 τε
2506 3591 2633 3652 τοὺς
2681 3587 2905 3650 λοιποὺς
2961 3587 3120 3657 ἡμῶν
3175 3586 3511 3647 ἐπισκόπους
3564 3585 3846 3637 καταπεῖ-

2270 3701 2357 3737 σαι
2389 3682 2533 3735 οὕτω
2568 3681 2787 3749 φρονεῖν
2845 3683 2923 3745 είς
2976 3677 3300 3750 δυσχέρειαν
3360 3679 3492 3745 ἡμῖν
3538 3676 3600 3728 ού
3640 3674 3846 3743 μικρὸν

2270 3778 2555 3851 ἐμπίπτει,
2602 3776 2683 3828 ὅτι
2732 3774 2965 3845 πρᾶγμά
3008 3791 3061 3827 τι
3115 3771 3393 3841 θειότερον
3441 3769 3587 3822 οὕτω
3631 3768 3845 3837 ταχέως

2248 3866 2600 3939 ,μεταϐαλεῖν
2654 3866 2834 3927 οὐδεὶς
2885 3864 2951 3918 ἂν
3009 3863 3247 3925 εὐκόλως
3310 3859 3592 3930 δυνηθείη,
3649 3858 3699 3910 εί
3750 3859 3848 3909 καὶ

2272 3961 2466 4032 βραχεῖ
2519 3958 2695 4030 χρόνῳ
2754 3957 2854 4025 τὴν
2910 3955 3130 4027 έναρξιν
3188 3954 3402 4021 εἴληφε,
3456 3953 3552 4006 καὶ
3581 3951 3683 4003 ούκ
3728 3950 3848 4000 ἔστι

2272 4051 2556 4120 παγιωθὲν
2610 4052 2671 4102 ἐκ
2719 4048 2936 4101 πολλῶν
3012 4046 3302 4102 ἐνιαυτῶν.
3362 4045 3474 4099 Καὶ
3534 4043 3621 4095 διὰ
3672 4040 3849 4101 ταῦτα

2271 4142 2454 4206 καλῶς
2488 4141 2667 4204 ἔδοξεν
2706 4140 2862 4210 ἡμῖν,
2901 4138 2988 4191 ἵνα
3050 4138 3124 4209 μὴ
3164 4136 3304 4207 μετὰ
3358 4134 3479 4206 βίας
3526 4131 3846 4200 ἀναγκασθῇ

2268 4250 2353 4296 τις
2408 4233 2539 4300 παρ’
2592 4231 2751 4299 ἡμῶν
2803 4231 2961 4283 tam
3035 4229 3135 4301 τὴν
3185 4228 3526 4297 προσθήκην,
3578 4226 3643 4295 ἢν
3680 4223 3848 4291 ἐφθα-

2273 4341 2364 4378 σεν
2417 4324 2495 4395 (9)
2551 4325 2608 4375 ὲν
2635 4323 2711 4391 τῷ
2767 4321 3019 4391 συμϐόλῳ
3071 4320 3353 4390 προθεῖναι
3384 4335 3398 4350 ·
3476 4316 3614 4370 ἀλλὰ
3650 4315 3851 4383 μᾶλλον

2278 4416 2416 4483 μετὰ
2438 4413 2755 4481 οἰκονομίας
2786 4412 3216 4482 παρασκευάσαι
3249 4409 3392 4463 κατά
3450 4406 3623 4476 βραχὺ
3655 4422 3855 4475 παραι-

592 4514 808 4561 ett-tera.
849 4509 911 4560 Et
946 4508 1061 4563 haec
1101 4510 1264 4563 verba
1300 4525 1364 4564 ex
1404 4510 1649 4580 Epistula
1703 4521 1958 4581 excerpta
2009 4521 2158 4566 sunt.

2270 4506 2508 4567 vet'iv'ta;
2553 4505 2860 4573 ἀποστῆναι
2929 4503 3029 4571 τῆς
3083 4501 3454 4573 βλασφημίας.
3505 4498 3854 4565 Ποιμαίνετε

592 4599 725 4663 Quis
754 4614 921 4668 porro
944 4615 1051 4653 non
1079 4602 1274 4663 audiit,
1299 4620 1326 4655 a
1362 4602 1569 4656 Latinis
1616 4603 1798 4671 potius
1850 4619 1945 4669 per
1988 4604 2166 4671 ignem

591 4692 897 4745 desertores
954 4691 1076 4745 ﬁdei
1119 4693 1135 4755 (
1175 4692 1313 4744 male
1366 4692 1689 4757 sentientes)
1746 4691 2003 4758 probari?
2049 4694 2166 4756 Qua

594 4786 800 4839 ratione
827 4782 1086 4854 (Joannes
1111 4791 1270 4853 papa)
1302 4784 1381 4838 sic
1406 4793 1633 4838 rectam-
1674 4782 1835 4838 (idem
1896 4783 2166 4838 violantes

665 4979 739 5042 (ἱ)
782 4979 948 5046 Mem,
988 4982 1289 5047 Κοσμοδὶου
1322 4981 1480 5050 μονή.
1525 4978 1823 5048 Hucusque
1846 4978 2012 5050 Allat.
2046 4979 2081 5033 l.
2112 4995 2163 5033 c.

666 5051 741 5118 (2)
781 5050 946 5120 hjon.,
987 5051 1023 5103 l'.
1058 5053 1231 5115 138a,
1258 5049 1418 5103 ἔτιδὲ
1448 5050 1537 5120 ἦν.
1578 5050 1770 5115 Μαι-6.,
1804 5049 1965 5105 £227
2001 5053 2056 5113 ἰ),
2089 5050 2168 5101 ἔτι

596 5123 652 5173 δὲ
910 5121 1074 5174 Allat.
1116 5132 1171 5175 ut
1200 5137 1391 5189 supra,
1416 5116 1509 5189 qui
1550 5124 1663 5175 hac
1688 5121 1898 5189 profert
1929 5136 2016 5189 ον.
2046 5122 2166 5185 cit.,

598 5212 650 5245 Ι).
815 5206 929 5245 seti.

618 5212 650 5244 ι.
682 5206 780 5244 201
815 5206 929 5244 seu.

598 5212 650 5260 ν.
682 5206 780 5245 201
815 5206 929 5258 seq.

673 5263 747 5330 (5)
781 5258 945 5330 dion”
976 5260 1173 5316 διόλου.

671 5328 749 5401 (4)
785 5328 974 5401 Μαῖα..
1012 5330 1290 5400 ἰδιώματι.
1724 5362 1731 5369 -

676 5399 753 5473 (5)
781 5399 950 5464 Mon.,
978 5399 1333 5471 ὰιιαχονεῦσαι
1366 5402 1459 5457 καὶ
1492 5401 1787 5472 καθάρσαι.

675 5588 748 5658 (a)
780 5586 1074 5658 Benignius
1095 5595 1158 5658 et
1185 5588 1368 5642 mitius
1404 5587 1645 5658 loquitur
1677 5593 1871 5639 auctor
1901 5597 2067 5658 agens
2104 5580 2172 5658 de

605 5652 1049 5731 pseudo-synodo
1093 5655 1374 5725 Pltotiana,
1403 5652 1525 5729 quin
1559 5659 1788 5711 munitio
1824 5652 2160 5722 explodetth

605 5741 758 5875 ωιάι)
795 5802 954 5859 Certe
980 5801 1381 5874 supposititiam
1416 5808 1469 5857 ct
1495 5798 1735 5870 spuriam
1760 5810 1879 5852 eam
1914 5809 2033 5850 esse
2053 5808 2168 5848 om-

2275 4598 2382 4667 γὰρ
2408 4597 2471 4650 τὸ
2509 4597 2578 4649 ἐν
2616 4595 2760 4664 ὑμῖν
2790 4597 3092 4663 ποίμνιον,
3136 4595 3246 4647 οὐκ
3278 4589 3673 4661 ἀναγκαστῶς
3704 4590 3851 4657 (10),

2276 4684 2417 4745 ἀλλ’
2443 4686 2737 4753 ἐπιεικῶς,
2768 4686 2896 4741 οὐδ’
2913 4688 2992 4753 ὡς
3024 4684 3562 4752 κατακυριεύοντες
3584 4681 3689 4734 τοῦ
3708 4677 3855 4745 κλή-

2268 4799 2407 4853 ρου,
2456 4780 2594 4834 ἀλλ’
2626 4780 2704 4845 ὡς
2739 4779 2913 4833 τύποι
2941 4777 3281 4847 γενόμενοι,
3313 4777 3341 4830 ὁ
3369 4773 3537 4845 ἄκρος
3575 4770 3683 4825 τῶν
3715 4771 3853 4823 ἁπο-

2344 4980 2423 5048 (6)
2463 4980 2639 5033 Photii
2693 4981 2859 5035 verba
2918 4980 2971 5035 in
3024 4988 3131 5033 act.
3189 4977 3207 5031 l
3264 4971 3485 5031 concilii
3542 4970 3639 5025 cit.
3678 4968 3854 5022 Mansi

2274 5050 2437 5116 XVII,
2472 5067 2526 5117 p.
2567 5050 2827 5105 390-592.

2345 5111 2434 5192 (7)
2472 5111 2561 5174 Ἕν
2592 5119 3160 5192 κοινῴγιιοᾼὺειᾷᾼιίοιη
3203 5116 3393 5192 omitt.
3419 5111 3641 5192 .hlonae.

2343 5183 2420 5257 (8)
2463 5183 2741 5252 Ὡσαύτως
2774 5190 2936 5243 habet
2963 5188 3134 5249 Mon..
3162 5188 3342 5242 omitt.
3368 5183 3533 5237 Allat.

2346 5265 2422 5331 (9)
2458 5263 2548 5315 Sic
2582 5261 2743 5331 Allat.
2780 5259 2950 5331 Mem,
2987 5258 3250 5326 ἔφθασαν.

2347 5326 2458 5404 (10)
2493 5332 2584 5386 Sic
2608 5329 2751 5385 Men.
2784 5330 2949 5386 Allat.
2975 5368 2991 5395 ,
3020 5326 3467 5397 ἁναγκαστικῶς.

2272 5577 2375 5663 λιτῇσι
2425 5575 2677 5663 probam.
2734 5572 2862 5627 Vide
2906 5572 3116 5627 Patrol.
3167 5568 3287 5636 Gr.,
3337 5582 3446 5623 ser.
3497 5566 3546 5629 1,
3584 5574 3619 5617 ι.
3655 5560 3768 5626 Cll,
3804 5579 3855 5630 ρ.

2272 5644 2547 5709 582,]101.
2584 5644 2671 5699 89.
3753 5703 3763 5713 ,

2349 5722 2417 5787 (c)
2451 5718 2623 5770 Aliter
2675 5716 2908 5787 Allatius
2942 5713 3087 5787 1.0.,
3119 5728 3167 5783 ρ.
3198 5711 3303 5769 259
3333 5728 3345 5766 ;
3381 5708 3715 5777 Dixissetque
3747 5702 3853 5759 tite.

2281 5788 2439 5844 Deest
2472 5799 2655 5842 tamen
2688 5790 2736 5843 ei
2770 5786 3048 5856 apodosis.
