4112 6274
318 333 328 386 1
344 329 412 386 05

311 536 374 587 δι’
402 535 583 586 αὐτῶν
615 535 891 606 ἀπελέγξῃ
935 537 1137 605 μᾶλλον
1167 539 1259 589 τὸν
1292 540 1366 608 μὴ
1400 540 1579 601 καλῶς
1618 541 1881 605 λέγοντα;

314 625 616 695 υύδαμῶςο
648 625 757 678 οἶδε
802 627 911 694 γὰρ
956 628 1049 680 καὶ
1106 628 1268 691 αὑεὸς
1316 631 1414 699 τὴν
1467 632 1741 698 ἀπόφασιν
1788 632 1886 699 τῆς

319 721 468 789 ἱερᾶς
501 720 591 771 καὶ
618 718 780 785 ἁγίας
829 720 1100 788 τετάρτης
1139 722 1381 787 συνόδου,
1412 723 1595 784 καθὼς
1630 722 1889 793 περιέχε-

318 826 406 861 ται
435 810 491 860 ἐν
522 808 596 876 τῷ
631 808 1073 878 προσφωνητικῷ
1103 808 1180 877 τῷ
1207 812 1343 879 πρὸς
1390 813 1480 863 τὸν
1530 812 1753 881 βασιλέα
1791 816 1888 884 (1),

321 899 458 950 οὕτω
489 898 888 965 θεσπίζουσαν·
928 918 947 951 ι
990 900 1051 951 Εἰ
1085 902 1143 954 δέ
1176 920 1259 962 τις
1303 903 1469 971 μέχρι
1519 904 1708 957 τούτου
1761 907 1892 973 στῆ-

320 1007 403 1042 ναι
452 992 565 1052 τοῖς
614 991 691 1059 (2)
734 991 912 1043 πίστει
950 995 1267 1061 συνηγορεῖν
1318 994 1667 1061 βουλομένοις
1723 1012 1893 1063 προσ-

318 1081 500 1133 τάττει
540 1085 640 1150 τὴν
695 1082 920 1147 ἄδειαν,
986 1083 1222 1151 μάλιστα
1283 1084 1381 1152 μὲν
1434 1086 1546 1147 τοῖς
1600 1086 1894 1151 αἱρετικοῖς

317 1171 475 1225 τοῦτο
527 1172 893 1241 νομοθετείτω
920 1172 981 1225 τὸ
1032 1174 1401 1243 πρόσταγμα’
1434 1175 1679 1234 ἐκείνους
1712 1175 1894 1244 παύσῃ

318 1263 418 1331 τῆς
469 1266 711 1329 ἀδικίας,
758 1266 831 1334 μὴ
884 1267 1010 1328 τοὺς
1066 1267 1336 1335 ποιμένας
1391 1267 1485 1335 τῆς
1536 1266 1893 1334 ἀντιλήψεως.

321 1354 436 1415 Πᾶς
465 1354 569 1422 γὰρ
600 1354 766 1421 νόμος
796 1357 910 1416 τοῖς
941 1359 1196 1424 πονηροῖς
1222 1356 1557 1424 ἀπαγορεύει
1592 1356 1691 1423 τὴν
1718 1356 1899 1423 ἀμαρ-

319 1446 465 1507 τίαν,
501 1448 561 1496 οὐ
598 1447 724 1507 τοὺς
763 1446 957 1514 κριτὰς
1006 1446 1262 1515 ἀπείργει
1312 1448 1410 1514 τῆς
1462 1445 1733 1510 ἐξουσίας.
1767 1445 1899 1497 Ἀλ-

317 1533 426 1593 λως
459 1550 516 1585 τε
552 1534 998 1601 μανθανέτωσαν,
1021 1536 1095 1596 ὼς
1126 1537 1218 1587 καὶ
1248 1535 1341 1587 νῦν
1374 1535 1582 1601 ἔξεστιν
1613 1534 1899 1602 ἀμφισϐη-

321 1625 537 1694 τήσεως
589 1626 927 1694 ἀναφυείσης
968 1627 1086 1687 ταῖς
1133 1625 1241 1677 τῶν
1279 1626 1537 1695 Πατὲρων
1586 1626 1902 1696 ἑρμηνείαις

321 1715 425 1783 τὴν
483 1717 765 1784 ἡμετέραν
818 1715 1213 1768 ἐπισυνάπτειν
1283 1716 1612 1785 ὁμολογίαν,
1673 1718 1747 1775 ὡς
1802 1716 1903 1767 οὐκ

321 1781 533 1877 ἀπᾷδον
582 1781 681 1872 τῆς
732 1806 961 1858 ἐκείνων
1014 1806 1256 1868 διανοίας
1310 1781 1737 1874 ἐπιδεικνύμεθα
1774 1806 1902 1875 φρό-
1935 1781 1977 1835 Β

320 1916 497 1967 νημα.
541 1915 561 1948 ι
612 1897 805 1965 Ἡμεῖς
850 1897 1107 1950 τοσοῦτον
1133 1897 1381 1966 ἔγνωμεν
1416 1898 1477 1949 ἐκ
1509 1897 1617 1949 τῶν
1646 1898 1904 1966 Πατέρων

321 1991 387 2043 τὸ
415 1989 714 2057 διάταγμα.
746 1989 856 2042 Καὶ
881 1988 1050 2051 οὕτως
1079 1990 1386 2058 φρονοῦμεν
1423 1987 1904 2051 ἐξακολουθοῦντες

323 2084 443 2142 τοῖς
505 2080 610 2133 ὑπὸ
670 2080 781 2132 τῶν
839 2080 1012 2147 ἁγίων
1065 2080 1403 2148 εἰρημένοις,
1438 2078 1604 2147 μηδὲν
1657 2078 1763 2144 ἔξω
1795 2078 1905 2129 τῶν

324 2171 787 2241 παραδεδομένων
835 2172 967 2241 ⁴ἡμῖν
1006 2169 1286 2232 ποιοῦντες
1318 2169 1563 2239 (δηλοῦσι
1611 2170 1721 2239 γὰρ
1748 2170 1814 2222 τὰ
1847 2170 1925 2220 ἐν⁴

326 2267 481 2335 πάσῃ
518 2266 583 2333 τῇ
637 2264 902 2335 ὁμολογίᾳ
954 2262 1430 2332 ἀπολελογημένα,
1472 2262 1545 2323 ὼς
1576 2261 1723 2315 ἅπαν
1754 2260 1784 2313 ὃ
1818 2261 1907 2313 λέ-

325 2373 502 2425 γομεν
536 2360 638 2410 οὐκ
673 2359 737 2410 ἐκ
766 2357 858 2409 τοῦ
888 2356 1160 2427 ἡμετέρου
1206 2357 1558 2424 φρονήματός
1588 2359 1758 2418 ἐστιν,
1788 2353 1902 2406 ἀλλ’

323 2451 392 2502 ἐκ
429 2451 523 2517 τῆς
560 2449 668 2500 τῶν
698 2449 967 2515 θεολόγων
1020 2450 1112 2500 καὶ
1146 2448 1318 2512 ἁγίων
1354 2447 1617 2514 Πατέρων
1643 2446 1905 2498 διδασκα-

325 2540 510 2610 λίας)·
564 2540 733 2608 μηδὲν
797 2541 926 2593 ἄλλο
968 2557 1022 2593 τι
1073 2542 1291 2609 φρονεῖν
1348 2538 1709 2607 ἐθέ>.οντες,ἢ
1751 2537 1823 2602 ὡς
1856 2540 1906 2592 οι

324 2633 732 2700 τρισμακάριοι
807 2630 1049 2699 Πατέρες
1103 2630 1193 2681 καὶ
1252 2628 1564 2681 διδάσκαλοι
1626 2628 1725 2697 τῆς
1787 2629 1907 2681 Ἐκ-

328 2723 565 2791 κλησίας
602 2721 841 2791 Χριστοῦ
878 2721 1033 2792 παρὰ
1066 2720 1161 2774 τοῦ
1188 2717 1582 2789 τελεταρχικοῦ
1624 2719 1721 2770 καὶ
1767 2719 1916 2772 θείου

328 2814 652 2881 Πνεύματος
685 2814 1090 2883 ἐλλαμφθέντες
1123 2813 1515 2881 διετράνωσαν.

1586 328 1883 388 CONTRA
1926 328 2195 388 EPIIESl
2215 328 2346 387 ΗΜ.

316 443 527 511 μὲνοιςς
575 440 872 511 Ἦγνόησεν
901 447 927 496 ὁ
962 443 1103 506 θεῖος
1130 447 1383 515 Μάξιμος
1418 446 1544 510 τοὶις
1580 449 1761 517 ὅρους,
1796 449 1881 499 ἵνα
1912 500 1915 508 ,

2046 449 2298 500 Attamen
2360 444 2580 497 nomine
2636 442 2945 497 addidistis.
2990 461 3007 495 ι
3061 442 3286 497 ΟνίΙιοά.

3342 444 3552 498 :«Ea

1992 556 2112 607 qtne
2137 548 2268 592 tunc
2296 553 2401 589 non
2460 536 2511 588 in
2574 536 2932 603 qumstionem
2987 544 3271 599 venerant,
3314 550 3375 588 ea
3412 550 3557 588 nunc

1992 631 2181 685 Patres
2239 631 2324 697 pie
2382 630 2838 697 explanaverunt.
2875 644 2893 678 ›
2932 625 3072 692 Quid
3126 627 3290 695 igitur
3318 626 3460 680 dieet
3492 627 3559 679 de

1995 722 2077 775 his
2104 720 2305 773 dictis?
2334 719 2416 771 An
2452 720 2722 787 ignoravit
2768 717 2929 772 divus
2986 717 3251 771 Maximus
3284 718 3561 771 definitio-

1997 828 2115 873 nes,
2150 820 2205 864 ut
2236 810 2431 863 exinde
2470 810 2640 879 magis
2693 809 2958 862 refutaret
2999 825 3120 862 eum
3157 808 3247 877 qui
3288 824 3392 860 non
3426 809 3565 860 bene.
3622 872 3627 883 _

1998 906 2364 974 loquebatur?
2400 903 2557 957 Nullo
2601 903 2783 956 modo.
2818 900 2979 955 Novit
3012 901 3157 955 enim
3192 908 3245 953 et
3276 899 3393 967 ipse
3425 914 3564 966 prze-

1997 998 2324 1051 dicationem
2358 1005 2722 1049 sacrosanctae
2795 1003 3002 1063 quartae
3054 992 3267 1059 synodi,
3306 990 3569 1060 quemad-

2001 1089 2218 1141 modum
2249 1088 2561 1140 continetur
2610 1087 2661 1138 in
2717 1085 3115 1139 acclamatione
3160 1084 3227 1137 ad
3264 1082 3564 1151 imperato-

1999 1194 2138 1240 rem,
2193 1193 2311 1247 quae
2372 1178 2442 1230 ita
2504 1177 2733 1229 sancit:
2790 1194 2808 1225 ι
2854 1174 2909 1228 Si
2957 1176 3079 1243 quis
3132 1186 3311 1227 autem
3382 1182 3571 1227 censet

2001 1268 2282 1336 hucusque
2315 1268 2732 1322 consistendum
2789 1267 2897 1320 illis
2950 1281 3097 1327 esse.
3157 1267 3247 1333 qui
3281 1264 3440 1317 fidem
3474 1280 3570 1331 pro

2003 1355 2258 1410 facultate
2309 1358 2601 1411 defendere
2646 1358 2894 1427 cupiunt,
2947 1356 3180 1411 maxime
3211 1355 3429 1424 quidem
3469 1355 3570 1406 huc

2004 1450 2331 1513 praeceptum
2370 1444 2644 1498 haereticis
2673 1444 3020 1515 promulgare
3066 1444 3315 1509 debebit;
3351 1442 3471 1496 illos
3505 1432 3604 1493 ah'

2004 1535 2190 1604 iniqua
2242 1537 2651 1605 impugnatione
2712 1551 3022 1597 removens,
3086 1552 3193 1590 non
3256 1516 3605 1589 avettensa'.

2006 1626 2349 1694 protectione
2420 1639 2689 1695 pastores.
2750 1626 2941 1682 Omnis
3001 1628 3145 1682 enim
3193 1627 3274 1681 lex
3308 1625 3572 1694 improbis

2008 1719 2322 1773 hominibus
2356 1720 2556 1773 delicta
2608 1720 2879 1789 prohibet,
2907 1735 3014 1773 non
3057 1719 3341 1789 judieihus
3387 1718 3577 1772 adimit.

2009 1802 2357 1879 potestatem.
2392 1810 2543 1864 Alias
2588 1822 2766 1863 autem
2820 1811 3144 1873 doceantur,
3180 1823 3326 1863 nunc
3357 1823 3578 1876 quoque

2009 1900 2192 1960 littere,
2237 1907 2295 1952 ut
2352 1900 2708 1969 ambiguitate
2757 1908 2946 1953 exorta
3002 1898 3224 1953 Patrum
3252 1899 3578 1966 interpret-:-

2009 1990 2251 2043 tionibus
2284 1998 2523 2043 nostram
2563 1990 2932 2059 adiungamus
2967 1991 3401 2054 confessionem,
3452 1997 3570 2040 ιλιι-

2008 2095 2170 2151 quam
2202 2082 2296 2151 qui
2350 2081 2405 2134 in
2439 2081 2588 2135 nullo
2630 2083 2937 2136 discordem
2988 2080 3355 2150 intelligentia:
3386 2094 3575 2133 eorum

2009 2168 2308 2224 deferimus
2332 2170 2683 2224 sententiam.
2717 2189 2733 2222 I
2767 2172 2880 2224 Nos
2906 2170 2959 2223 in
2988 2179 3196 2225 tantum
3219 2172 3578 2241 cognovimus

2013 2273 2078 2312 ex
2115 2259 2373 2314 Pati-ibus
2413 2274 2768 2331 praeceptum.
2810 2262 2877 2316 Et
2927 2263 3007 2317 sic
3048 2278 3148 2317 nos
3193 2262 3455 2316 sentimus
3489 2276 3578 2315 se-

2014 2361 2247 2422 quentes
2277 2354 2423 2407 dicta
2460 2362 2803 2419 sanctorum,
2835 2355 2969 2408 nihil
3010 2362 3206 2424 przeter
3235 2370 3296 2407 ea
3327 2369 3445 2423 qua:
3481 2367 3580 2406 no-

2015 2446 2100 2499 bis
2144 2445 2338 2499 tradita
2379 2457 2505 2501 sunt
2535 2447 2800 2502 facientes
2854 2447 2939 2517 (ea
2991 2448 3134 2500 enim
3171 2462 3291 2516 quae
3357 2447 3409 2500 in
3470 2454 3580 2499 tota

2016 2536 2360 2591 confessione
2388 2553 2487 2606 pro
2536 2538 2856 2594 defensione
2900 2540 3061 2595 allata
3110 2550 3236 2594 sunt
3280 2541 3581 2601 declarant.

2017 2642 2181 2683 omne
2210 2629 2353 2697 quod
2392 2628 2651 2696 dicimus,
2699 2646 2806 2683 non
2855 2646 2920 2685 ex
2963 2641 3153 2688 nostra
3199 2651 3320 2692 esse
3364 2647 3585 2694 sentcn-

2014 2721 2110 2785 tia,
2140 2720 2236 2775 sed
2296 2736 2363 2775 ex
2419 2722 2665 2776 doctrina
2725 2723 3109 2794 theologorum
3159 2740 3223 2781 ac
3264 2737 3584 2784 sanctorum

2016 2810 2291 2885 Patrum),
2324 2812 2460 2865 nihil
2527 2812 2671 2866 aliud
2733 2814 3011 2884 quidpiam
3079 2817 3287 2872 sentire
3317 2819 3583 2900 Voleutes,

329 2907 440 2961 nisi
473 2906 619 2959 sicut
667 2915 748 2959 ter
796 2907 939 2959 beati
989 2905 1177 2960 Patres
1228 2919 1293 2958 ac
1348 2903 1601 2957 dOL'ltu‘CS
1639 2900 1902 2957 Ecclesiae
1936 2900 2141 2959 Christi
2239 2918 2267 2956 a
2326 2901 2532 2971 Spiritu
2599 2905 2784 2960 divino
2873 2907 3169 2977 perfectam
3218 2909 3585 2968 initiationem

329 3000 613 3053 tribuente
662 2998 957 3052 illuminati
1009 2997 1380 3052 dilucidarunt
1433 3004 1595 3064 atque
1642 2993 2031 3062 explanarunt.

987 3092 1266 3146 ΕΦΕΣΟΥ.

402 3190 632 3243 Τούτων
666 3187 759 3241 οὖν
806 3188 884 3257 (5)
927 3187 1037 3255 ἐγὼ
1069 3189 1284 3246 πάντων
1328 3191 1748 3260 καταφρονήσας
1780 3190 1910 3242 ἁκο-

333 3280 595 3351 λουθήσω
624 3281 733 3340 τοῖς
768 3282 826 3331 ἐν
866 3281 1219 3348 προσχήματι
1263 3280 1653 3348 πεπλασμένης
1690 3281 1912 3348 εἰρήνης

335 3372 607 3441 ἑνωθῆναι
638 3369 940 3435 κελεύουσι,
968 3371 1078 3431 τοῖς
1102 3370 1161 3422 τὸ
1194 3370 1336 3439 ίερδιν
1365 3370 1458 3422 καὶ
1492 3370 1566 3439 (4)
1600 3372 1744 3422 θεῖον
1773 3358 1914 3437 σύμ-

337 3466 500 3519 ϐολον
559 3462 939 3531 κιόδη).εύουσι
996 3461 1099 3531 (5),
1134 3461 1227 3514 καὶ
1270 3461 1360 3512 τὸν
1391 3460 1517 3513 Υἰδν
1561 3460 1913 3528 ἐπεισάγουσι

338 3558 601 3625 δεύτερον
656 3555 831 3609 αἴτιον
887 3556 978 3607 τοῦ
1043 3556 1201 3622 ἁγίου
1258 3553 1609 3623 Πνεύματος;
1668 3553 1750 3605 Τὰ
1807 3553 1916 3620 γὰρ

339 3650 513 3702 λοιπὰ
575 3650 682 3701 τῶν
742 3648 1111 3715 ἁτοπημάτων
1166 3649 1238 3700 ἐῶ
1287 3649 1347 3699 τό
1392 3664 1455 3715 γε
1495 3646 1590 3700 νῦν
1642 3646 1805 3715 ἔχον·
1842 3640 1917 3699 ὧν

341 3744 432 3794 καὶ
487 3741 547 3794 ἓν
600 3742 760 3811 μόνον
812 3740 991 3793 ἱκανὸν
1022 3734 1090 3808 ἦν
1119 3740 1265 3807 ἡμᾶς
1294 3737 1352 3802 ἐξ
1384 3737 1565 3791 αὐτῶν
1600 3736 1915 3805 διαστῆσαι.

343 3834 434 3902 Μὴ
459 3832 698 3901 πάθοιμι
724 3831 882 3885 τοῦτό
917 3848 1073 3890 ποτε,
1100 3829 1428 3899 Παράκλητε
1452 3828 1647 3894 ἀγαθὲ,
1674 3827 1798 3896 μηδ’
1827 3826 1919 3879 οὔ·

342 3941 447 3987 τως
478 3921 725 3992 ἐμαυτοῦ
758 3922 853 3974 καὶ
884 3921 992 3973 τῶν
1023 3922 1376 3990 καθηκόντων
1405 3920 1686 3988 λογισμῶν
1713 3919 1922 3971 ἀποπέ-

345 4034 524 4084 σοιμι,
563 4017 660 4083 τῆς
716 4014 773 4066 δὲ
833 4017 929 4081 σῆς
973 4012 1321 4074 διδασκαλίας
1376 4014 1470 4065 καὶ
1526 4012 1635 4065 τῶν
1676 4011 1779 4064 ὑπὸ
1825 4012 1919 4064 σοῦ

344 4106 799 4176 ἐμπνευσθὲντων
832 4104 1120 4174 μακαρίων
1146 4106 1356 4174 ἀνδρῶν
1386 4105 1645 4174 ἐχόμενος
1684 4121 1925 4176 προστε-

344 4200 498 4267 θείην
549 4198 687 4268 πρὸς
731 4196 859 4260 τοὺς
908 4198 1075 4263 ἐμοὺς
1127 4196 1388 4262 πατέρας,
1441 4197 1490 4247 εί
1539 4198 1614 4266 μή
1665 4212 1719 4248 τι
1774 4195 1920 4259 ἄλλο,

348 4290 603 4343 ἐντεῦθεν
633 4288 1050 4359 ἀποφερόμενος
1078 4289 1177 4355 τὴν
1208 4288 1516 4340 εύσέὄειαν.

967 4378 1332 4438 ΔΠΟΛΟῙἹΑ.

432 4476 625 4545 Ἰῐμεῖς
654 4477 752 4541 τὴν
782 4472 1175 4541 πεπλασμένην
1203 4472 1399 4524 ἕνωσιν
1429 4470 1552 4523 οὗτε
1583 4471 1921 4541 ἐθελήσαμέν
1960 4438 2001 4492 D

354 4585 483 4621 ποτε
516 4566 639 4619 οὔτε
680 4566 786 4636 μὴν
819 4564 1181 4633 ἐθελήσομεν,
1214 4564 1337 4615 ἐπεὶ
1369 4564 1477 4616 πᾶν
1508 4563 1568 4615 τὸ
1600 4564 1921 4632 πεπλασμέο

354 4676 441 4712 νον
472 4658 909 4726 συνεζευγμὲνην
944 4657 1053 4725 ἔχει
1082 4654 1180 4723 τὴν
1214 4654 1440 4724 πλάνην
1466 4655 1522 4706 αι
1548 4654 1600 4707 δὲ
1636 4656 1923 4717 συστάσεις

356 4751 446 4802 καὶ
485 4749 783 4819 μαρτυρίαι
814 4748 921 4800 τῶν
954 4747 1112 4817 ίερῶν
1145 4748 1237 4797 καί
1272 4748 1430 4798 θείων
1465 4745 1725 4813 ιῖατέρων
1755 4746 1809 4797 αἱ
1843 4746 1920 4815 (ti)

357 4838 587 4891 ἐνταῦθα
633 4838 1015 4907 γεγραμμέναι
1059 4840 1152 4889 καὶ
1194 4840 1250 4889 ἐν
1282 4836 1473 4896 ἄλλαις
1515 4840 1924 4907 πραγματείαις

359 4932 483 4999 περὶ
512 4931 717 5001 ταύτης
749 4933 844 4999 τῆς
878 4930 1121 4991 ὲνὼσεως
1156 4929 1529 4996 ἐκτεθειμέναι
1568 4929 1698 4997 πρὸς
1731 4929 1799 4979 τὰ
1834 4927 1925 4980 ὑπ’

355 5021 518 5073 αὑτοῦ
546 5022 636 5090 t7)
674 5023 940 5091 εἰρημένα
973 5022 1064 5072 καὶ
1098 5020 1204 5071 τῶν
1236 5020 1437 5088 ὁμοίως
1474 5019 1705 5087 ἐχόντων
1743 5018 1927 5080 αὐτοῖς

427 5195 658 5263 (I)Vide
690 5194 859 5248 Mansi
905 5194 1113 5248 Cnocil.
1157 5202 1197 5248 t.
1228 5193 1345 5260 Vll,
1380 5210 1432 5263 p.
1484 5193 1610 5249 455.
1673 5196 1935 5249 Eumdem

358 5276 556 5319 textum
588 5268 740 5319 affert
768 5264 1061 5330 Gregmius
1088 5266 1156 5317 ad
1189 5266 1319 5335 imp.
1353 5266 1577 5334 'l‘rapcz.
1601 5267 1706 5320 col.
1736 5266 1863 5320 259.

430 5337 505 5405 ('2)
540 5336 705 5405 Marc.
734 5336 771 5388 f.
802 5335 993 5405 25η).
1026 5336 1145 5402 τῆς.

357 5403 501 5528 Ἧιῆ)
669 5406 859 5528 bhabet
908 5403 1051 5457 Bion.
1104 5404 1232 5473 256,
1269 5404 1306 5460 f.
1337 5404 1437 5459 127
1464 5420 1538 5471 a.;
1588 5407 1766 5459 omitt.
1797 5404 1940 5460 Mon.

442 5640 519 5707 fa)
561 5639 899 5710 llocqnoqne
930 5643 1047 5695 loco
1065 5637 1446 5710 Gregoriusad
1468 5637 1569 5710 alia
1613 5653 1709 5710 sua
1741 5636 1944 5704 scripta

368 5722 653 5777 provocat;
695 5708 887 5780 hisque
920 5712 1095 5765 verbis
1140 5708 1285 5763 inter
1331 5708 1435 5761 alia
1485 5708 1712 5762 Allatius
1758 5716 1949 5761 contra

652 5807 920 5866 ΡΑτιιοι..
966 5810 1078 5864 Gn.
1116 5803 1295 5866 CLX.

2494 3090 2737 3147 EPHES.
2778 3092 2949 3165 (car.
2978 3094 3117 3165 XX).

2088 3179 2272 3250 Egone
2339 3185 2527 3253 itaque
2592 3185 2743 3241 hisce
2812 3187 3073 3242 omnibus
3130 3191 3331 3255 spretis
3391 3206 3590 3259 sequar

2016 3288 2133 3338 eos,
2173 3274 2265 3343 qui
2323 3276 2424 3330 sub
2485 3286 2746 3346 przetextu
2809 3279 3055 3335 contione
3119 3283 3271 3351 pacis
3333 3284 3587 3339 unionem

2018 3368 2360 3436 prmcipiunt,
2396 3382 2490 3423 eos
2523 3371 2613 3438 qui
2653 3382 3069 3427 sacrosanctum
3105 3376 3411 3445 symbolum
3439 3376 3593 3429 adul-

2018 3468 2193 3511 terant
2222 3470 2274 3513 et
2307 3458 2504 3513 Filium
2547 3463 2841 3517 secimdam
2890 3466 3063 3519 sancti
3100 3465 3335 3536 Spiritus
3365 3482 3588 3522 causam

2019 3551 2320 3605 inducunt?
2352 3551 2484 3605 Nam
2514 3554 2757 3624 reliquas
2796 3557 3167 3612 absurditates
3198 3560 3251 3612 in
3297 3563 3591 3629 praesentia

2019 3642 2397 3711 praetermitto.
2436 3644 2677 3708 Quarum
2726 3647 2806 3697 vel
2857 3660 2960 3698 una
2993 3646 3277 3704 sufficiens
3331 3648 3472 3703 foret
3527 3657 3591 3705 ad

2022 3746 2119 3785 nos
2143 3734 2210 3785 ab
2268 3733 2397 3802 ipsis
2458 3750 2682 3801 prorsus
2724 3738 3080 3806 separandos.
3116 3739 3193 3794 Ne
3241 3741 3294 3794 id
3349 3758 3588 3810 unquam

2020 3823 2216 3893 patiar,
2252 3840 2283 3877 ο
2321 3826 2459 3879 bone
2494 3825 2795 3893 Paraclcte,
2829 3844 3003 3900 neque
3034 3831 3168 3886 adeo
3196 3847 3225 3885 a
3268 3838 3588 3903 memetipso

2022 3925 2075 3968 et
2107 3930 2134 3967 a
2173 3916 2492 3970 deeentibus
2540 3919 2965 3986 cogitationibus
3026 3936 3263 3990 unquam
3314 3924 3585 3987 decidam,

2023 4022 2209 4061 verum
2290 4008 2516 4062 [inniter
2598 4009 2874 4064 inhaerens
2932 4023 3035 4067 tua:
3113 4014 3377 4069 doctrina:
3433 4027 3594 4087 atque

2024 4100 2200 4154 beatis
2232 4101 2361 4155 viris
2386 4116 2413 4153 a
2445 4111 2493 4154 te
2530 4102 2811 4171 inspirans
2842 4118 3082 4173 apponar
3115 4106 3180 4160 ad
3210 4118 3395 4178 patres
3423 4123 3594 4175 meos,

2025 4193 2071 4246 si
2105 4208 2210 4244 non
2253 4194 2380 4261 quid
2454 4194 2600 4247 aliud
2663 4195 2864 4249 abhinc
2898 4195 3173 4263 deferens,
3218 4210 3367 4255 certe
3415 4211 3593 4257 tamen

2027 4287 2304 4355 pietatem.
2723 4269 2730 4276 ’

2617 4379 2976 4437 APULOGIA.

2102 4465 2211 4519 Nos
2248 4467 2535 4520 confictam
2600 4470 2854 4522 unionem
2920 4488 3093 4540 neque
3154 4474 3595 4531 desideravimus

2032 4556 2326 4624 aliquando
2406 4572 2580 4625 neque
2645 4573 2884 4626 unquam
2943 4561 3411 4628 desiderabimus,
3477 4582 3598 4619 cum

2034 4662 2195 4700 omne
2222 4650 2512 4701 conlictum
2563 4650 2913 4717 conjunctum
2947 4653 3143 4706 haheat
3182 4668 3449 4714 errorem.
3495 4656 3599 4709 Sel

2033 4744 2355 4793 documenta
2400 4755 2463 4793 ac
2500 4721 3153 4797 testimonia:sanctorum
3202 4754 3255 4797 et
3291 4745 3600 4801 divinorum

2030 4832 2271 4897 Pa:rum,
2305 4848 2428 4899 qua:
2454 4842 2564 4886 tum
2599 4833 2687 4887 hic
2728 4836 3077 4902 consignata,
3124 4844 3236 4888 tum
3279 4836 3330 4889 in
3373 4838 3494 4891 aliis
3523 4839 3604 4891 lai-

2030 4925 2447 4979 cubrationibus
2500 4928 2565 4979 de
2610 4926 2710 4979 hac
2768 4928 3069 4998 unione(a)
3104 4930 3347 4998 expOsita
3385 4929 3607 4983 fuermit

2035 5021 2100 5073 ad
2136 5036 2196 5074 ea
2234 5035 2354 5088 quin
2395 5021 2461 5072 ab
2496 5019 2615 5087 ipso
2647 5019 2790 5072 dicta
2826 5030 2955 5074 sunt
2995 5030 3047 5074 et
3071 5037 3187 5090 qua:
3224 5023 3308 5077 his
3353 5023 3604 5076 similiter

2116 5195 2191 5263 (4)
2229 5194 2392 5262 Ἱερὸν
2427 5194 2517 5246 καί
2544 5195 2717 5248 omitt.
2750 5194 2889 5249 Mon.
2917 5196 3042 5253 256.

2118 5266 2193 5333 (5)
2220 5266 2293 5336 Ita
2326 5263 2466 5316 Moti.
2497 5264 2654 5336 2576”;
2690 5265 2833 5318 Men.
2860 5265 2927 5319 27
2958 5271 3119 5323 habet
3152 5267 3561 5336 κιϐδηλεύσασι.

2122 5334 2294 5418 (βξ-μ
2326 5335 2505 5387 omitt.
2542 5334 2728 5401 Allat.,
2762 5336 2853 5405 qui
2881 5339 2993 5392 lnec
3030 5341 3249 5394 adducn
3275 5334 3327 5391 (ἑ.
3354 5338 3612 5406 Creyght.

2052 5421 2105 5474 ι).
2146 5407 2265 5459 HS.

2127 5477 2202 5546 (7)
2235 5476 2395 5529 Allat.
2429 5475 2465 5528 ι.
2499 5490 2574 5540 c.,
2606 5477 2802 5532 αὐτῶν.

2053 5634 2412 5703 Creyghton.,
2447 5652 2496 5703 p.
2550 5636 2893 5701 ΜΞΝ-1146,
2950 5636 3122 5689 utitur
3170 5643 3232 5689 ad
3282 5633 3620 5701 probandum

2057 5710 2307 5760 eumdem
2351 5707 2587 5775 plurium
2624 5708 2886 5761 librorum
2929 5708 3092 5759 fuis‘sc
3152 5717 3451 5759 amtorem.

3156 5799 3191 5855 ἃ
