4112 6274
503 274 599 331 ib?
1446 273 1828 335 GilEGOlill
1866 272 2091 332 MAMM

2207 268 2317 331 CP.
2352 257 2866 329 PATRIARCHE
3640 262 3739 329 108

388 432 401 443 .
501 402 558 438 se
593 384 812 450 habent,
848 392 1037 453 aperte
1094 383 1402 450 declarant,
1453 399 1553 441 nos
1587 383 1722 439 nihil
1774 384 2068 438 conlictum

2197 380 2553 450 ταριστῶσιν,
2602 380 2678 442 ὡς
2729 378 2882 433 οὐδὲν
2931 373 3315 446 πεπλασμένον
3368 376 3743 445 πεποιήκαμεν

500 475 774 545 peregisse
824 489 1005 544 neque
1050 476 1300 545 spurium
1351 468 1648 545 quidquam
1696 473 2069 529 introduxisse

2197 472 2295 525 ea:
2339 470 2594 538 κίϐδηλόν
2634 488 2684 523 τι
2732 470 2808 540 (ί)
2857 467 3301 536 ὲπεισηγάγομεν
3362 467 3426 519 εν
3489 465 3570 536 τῷ
3617 466 3745 536 ίερῷ

500 564 554 618 ἱιι
586 577 802 620 sacrum
834 562 1173 634 Symbolum.
1209 565 1674 634 quemadmodum
1712 563 1843 618 olim
1870 562 1951 617 illi
1977 564 2070 633 qui

2197 564 2560 634 τυμϐόλῳ,ὼς
2608 564 2659 616 ol
2705 563 2831 615 τότε
2880 563 2928 615 οἱ
2973 560 3038 615 τὸ
3087 559 3421 627 όμοούσιον
3468 559 3593 613 ἀντὶ
3641 560 3746 613 τοῦ

499 670 692 712 vocem
719 656 960 725 ejusdem
1001 656 1320 716 substantia
1361 671 1488 710 cum
1527 670 1661 710 voce
1711 653 1901 708 similis
1948 655 2074 707 sub-

2172 658 2525 727 όμοιουσίου
2556 656 2630 725 (‘2)
2664 653 3055 719 ἐναλλάξαντες
3084 653 3188 722 ('5).
3218 652 3354 706 Οὐδὲ
3385 649 3637 720 δεύτερον
3667 651 3747 704 αί-

501 749 713 802 stantia:
747 756 1179 802 commutarunt.
1242 745 1431 816 Neque
1490 746 1787 801 secundam
1845 758 2065 800 causam

2197 766 2287 802 τιον
2315 750 2404 802 τὸν
2436 748 2564 802 Υίὸν
2593 749 2828 819 λίγομεν
2854 746 2949 801 τοῦ
2981 745 3143 813 ἁγίου
3177 743 3518 814 Πνεύματος,
3548 743 3625 805 ὡς
3654 744 3751 796 αὐ-

503 839 677 895 sancti
718 838 956 908 Spiritus
988 839 1223 894 dicimus
1251 837 1475 903 Filium,
1514 846 1576 893 ut
1614 837 1736 908 ipse
1761 844 1952 908 putat;
1997 838 2077 891 sic

2197 841 2267 904 τδς
2299 841 2511 910 νομίζει
2536 856 2549 871 ·
2579 835 2614 915 ᾖ
2646 840 2755 911 γὰρ
2785 840 2852 894 ἂν
2880 836 3097 893 καὶδύο
3126 836 3252 898 τοὺς
3285 836 3440 896 θεοὺς
3468 835 3751 887 ἐπιστεύο-

504 929 735 982 enimet
786 928 927 983 duos
977 927 1108 983 deos
1165 927 1534 991 crederemus,
1574 930 1719 984 sicut
1758 928 1873 998 ipse
1928 942 2077 983 som-

505 1021 711 1072 niatur.
749 1021 1000 1073 Attamen
1029 1017 1176 1074 etde
1227 1019 1315 1074 bis
1366 1017 1646 1077 sufﬁciens
1692 1033 1861 1093 supra
1888 1017 2077 1073 datum

506 1119 590 1165 est
621 1125 967 1179 respunsum.
1004 1110 1161 1176 Quod
1218 1117 1402 1166 autem
1464 1120 1675 1184 spectat
1714 1111 1783 1167 ad
1836 1110 2080 1182 reliquas

509 1198 899 1261 absurditatcs,
940 1214 1078 1267 quas
1106 1199 1326 1255 silentio
1356 1202 1619 1270 praeterit,
1667 1201 1713 1254 si
1760 1200 1983 1271 quidem
2013 1199 2082 1255 de

508 1290 847 1343 beatitudine
881 1303 943 1343 ac
980 1290 1245 1344 fruitione
1270 1300 1587 1345 sanctorum
1622 1291 1888 1360 loquitur,
1913 1304 2079 1359 quam

508 1380 747 1433 maxime
801 1380 919 1448 ipse
980 1380 1204 1434 sibimet
1253 1387 1518 1449 repugnat
1573 1378 1627 1433 in
1680 1394 1746 1433 ea
1807 1379 2083 1444 oratione,

512 1487 673 1543 quam
706 1473 759 1525 in
797 1481 1046 1526 sanctum
1089 1469 1264 1523 Eliam
1322 1468 1509 1523 edidit.
1555 1469 1646 1523 Ait
1676 1468 1820 1523 enim
1855 1486 1869 1523 :
1910 1486 1929 1521 ε
1974 1468 2085 1539 Ego

514 1580 662 1631 vero,
721 1566 864 1634 quod
929 1579 1075 1619 nunc
1126 1563 1252 1617 licet
1306 1560 1435 1628 ipsi,
1513 1562 1658 1616 sicut
1700 1570 1756 1616 et
1798 1561 2086 1616 animabus

514 1669 851 1721 sanctorum,
918 1656 1229 1725 ubicunque
1309 1654 1443 1718 vult,
1501 1651 1804 1709 secundum
1871 1662 2084 1723 tempus

514 1749 864 1812 commorari,
892 1748 1020 1802 dum
1053 1748 1106 1802 in
1139 1721 1382 1817 propriis
1416 1745 1635 1817 templis
1660 1745 1898 1802 libenter
1929 1721 2081 1801 man-
2112 1721 2156 1779 Β

517 1843 729 1897 sionem
761 1841 888 1895 facit
918 1849 974 1895 et
1006 1840 1072 1895 iis
1113 1839 1207 1909 qui
1254 1853 1358 1909 ope
1397 1838 1629 1906 singulis
1667 1836 1887 1893 vicibus
1935 1836 2083 1892 indi-

516 1947 663 2005 gent,
703 1934 942 2011 adyenit,
975 1943 1030 1988 et
1065 1932 1438 1987 necessarium
1483 1938 1538 1985 et
1573 1943 1759 1984 rerum
1792 1943 1916 1986 esse
1952 1944 2083 1984 cen-

517 2039 646 2091 seo;
685 2040 792 2079 non
835 2038 962 2078 vero
984 2033 1272 2094 propterea
1315 2036 1439 2079 eum
1481 2021 1652 2077 cmlos
1703 2014 2115 2092 derelinquere

516 2117 745 2179 dixerim
772 2130 837 2170 ac
860 2115 1043 2170 lumen
1075 2114 1148 2168 ibi
1190 2113 1549 2184 resplendens
1608 2122 1661 2169 et
1721 2127 1845 2167 cum
1878 2114 2085 2185 angelis

519 2207 886 2263 assistentiam
950 2220 1137 2260 coram
1192 2203 1751 2269 summoDomino;
1811 2205 1889 2261 sie
1939 2207 2084 2262 enim

522 2300 704 2354 minus
734 2312 898 2365 quam
956 2296 1137 2351 caeteri
1168 2295 1343 2350 sancti
1380 2295 1608 2350 haberet
1671 2296 1737 2359 is,
1792 2296 1886 2363 qui
1924 2311 2087 2363 super

520 2406 710 2446 omnes
740 2372 853 2443 fere
884 2395 992 2453 est,
1037 2387 1083 2442 si
1132 2386 1355 2457 quidem
1402 2385 1547 2450 ideo,
1578 2385 1704 2456 quia
1730 2401 1894 2440 carne
1919 2388 2085 2441 indu-

526 2492 616 2536 tus
639 2490 722 2537 est
756 2478 858 2551 (a),
884 2494 914 2533 a
942 2476 1330 2534 communione
1376 2490 1501 2531 cum
1536 2476 1684 2547 ipsis
1704 2487 1758 2532 et
1788 2492 1819 2532 ο
1844 2489 2088 2535 contem-

527 2573 770 2645 platione
810 2570 908 2624 Dei
940 2570 1008 2624 ad
1042 2567 1236 2624 faciem
1292 2575 1581 2637 separatus
1626 2577 1795 2636 esset,
1827 2585 1934 2640 qua
1977 2571 2091 2627 exi-

526 2667 641 2720 mio
683 2663 843 2717 modo
871 2675 968 2731 per
1000 2674 1217 2715 omnem
1258 2658 1424 2712 vitam
1457 2657 1761 2713 fruebatur.
1797 2676 1817 2710 ›
1852 2658 1956 2715 Per
1985 2660 2091 2717 hoc

523 2755 694 2823 igitur
725 2753 933 2807 clarum
966 2758 1052 2805 est
1084 2747 1333 2803 coniiteri
1363 2756 1422 2802 et
1463 2747 1670 2815 ipsum,
1714 2757 1934 2807 sanctos
1961 2749 2090 2806 bea-

528 2845 763 2901 titudine
798 2841 1005 2916 perfrui
1031 2841 1130 2913 (b),
1156 2841 1264 2897 nisi
1295 2840 1438 2902 forte
1476 2841 1624 2898 aliud
1654 2842 1934 2914 quidpiam
1962 2858 2092 2901 cen-

525 2949 608 2994 set
676 2935 1072 2993 beatitudinem
1131 2948 1162 2986 a
1201 2932 1668 3003 contemplatione
1729 2933 1825 2990 Dei
1888 2936 1954 2991 ad
2011 2935 2093 2991 fa-

2181 947 2305 1001 μεν,
2344 931 2416 992 ὡς
2467 930 2629 993 αὐτὸς
2676 927 3029 997 φαντάζεται.
3067 926 3259 994 Ὅμως
3307 939 3371 990 γε
3424 924 3612 994 μέντοι
3660 925 3752 977 καὶ

2182 1023 2310 1092 περὶ
2350 1021 2556 1076 τούτων
2599 1021 2799 1084 ἱκανῶς
2839 1016 3303 1087 ἀηλογησάμεθα
3348 1018 3633 1088 πρότερον.
3676 1017 3755 1070 Τὰ

2181 1113 2237 1166 δὲ
2269 1114 2433 1167 λοιπὰ
2464 1113 2574 1168 τῶν
2607 1111 2978 1181 ἀτοπημάτων
2997 1152 3012 1176 ,
3045 1108 3082 1164 α
3117 1109 3344 1163 σιωπῶν
3376 1110 3717 1179 παρατρέχει
3741 1151 3755 1169 ,

2183 1206 2231 1256 εί
2265 1203 2364 1272 μὲν
2396 1203 2525 1272 περὶ
2555 1202 2656 1271 τῆς
2685 1200 3039 1261 ἀπολαύσεως
3085 1197 3198 1251 τῶν
3235 1198 3413 1265 ἁγίων
3441 1198 3592 1265 λέγει
3615 1238 3629 1261 ,
3663 1200 3757 1250 καὶ

2188 1295 2422 1363 μάλιστα
2456 1293 2617 1355 αὐτὸς
2651 1291 2833 1360 ἑαυτῷ
2869 1291 3103 1361 μάχεται
3139 1290 3197 1342 ὲν
3230 1287 3308 1358 τῷ
3340 1289 3483 1359 λόγῳ
3516 1288 3592 1359 τῷ
3624 1291 3757 1360 παρ’

2186 1384 2352 1440 αὐτοῦ
2396 1384 2672 1438 ὲκτεθὲντι
2715 1384 2795 1446 είς
2839 1382 2930 1437 τὸν
2974 1383 3132 1449 ἆγιον
3168 1380 3381 1436 Ἠλίαν.
3427 1383 3565 1451 Φησὶ
3605 1384 3756 1452 γάρ’

2191 1494 2211 1529 ι
2263 1476 2404 1544 Ἐγὼ
2435 1478 2479 1529 δ’
2506 1477 2589 1529 ὅτι
2626 1477 2724 1545 μὶν
2756 1473 2968 1540 ἔξεστιν
3006 1473 3192 1544 αὑτῷ,
3229 1474 3479 1543 καθάπερ
3514 1474 3608 1525 καὶ
3640 1476 3760 1536 ταῖς

2186 1566 2297 1621 τῶν
2334 1566 2506 1635 ἁγίων
2553 1566 2756 1636 ψυχαῖς
2787 1566 2911 1620 ὅποι
2945 1564 3078 1618 ποτε
3112 1563 3361 1634 βούλεται
3394 1564 3536 1617 κατὰ
3569 1565 3762 1635 καιρὸν
3784 1555 3797 1563 ’

2191 1657 2607 1728 ἐπιχωριάζειν,
2652 1658 2799 1720 ναοῖς
2847 1672 2907 1709 τε
2958 1654 3183 1720 οίκείοις
3231 1656 3630 1726 ὲμφιλοχωρείν
3683 1654 3761 1724 (4)

2185 1752 2280 1806 καὶ
2305 1751 2417 1813 τοῖς
2442 1749 2705 1805 ἑκάστοτε
2739 1748 2816 1820 (5)
2844 1745 3122 1818 δεομένοις
3148 1747 3438 1819 ὲπιφοιτᾷν
3466 1748 3762 1816 ἀναγκαῖόν

2183 1860 2242 1897 τε
2276 1842 2516 1912 ἡγοῦμαι
2549 1840 2629 1911 (6)
2661 1842 2756 1895 καὶ
2786 1839 2987 1912 ἀληθὲς
3018 1833 3199 1894 εἶναι’
3230 1840 3292 1893 οὗ
3329 1839 3436 1911 μὴν
3465 1840 3555 1893 διὰ
3583 1839 3759 1892 ταῦτα

2186 1933 2354 2004 φαίην
2387 1935 2455 1987 ἂν
2486 1934 2648 1988 αὐτὸν
2677 1934 2788 1989 τῶν
2820 1932 3070 2004 οὐρανῶν
3102 1932 3497 1987 ἀπολείπεσθαι
3535 1934 3629 1988 καὶ
3662 1933 3763 2003 τῆς

2187 2025 2367 2079 ἐκεῖσε
2399 2024 2817 2094 λαμπροφορίας
2853 2025 2949 2079 καὶ
2988 2024 3127 2095 μετὰ
3153 2023 3263 2079 τῶν
3292 2025 3542 2094 ἀγγέλων
3572 2026 3764 2078 δεσπτ.

2187 2119 2344 2187 τικῆς
2389 2120 2786 2188 παραστάσεως
2810 2135 2825 2151 ο
2948 2117 3058 2187 γὰρ
3102 2116 3170 2172 ἂν
3210 2114 3356 2188 εἶχεν
3395 2117 3619 2172 ἔλαττον
3655 2120 3765 2171 τῶν

2186 2208 2361 2264 ἄλλων
2401 2209 2574 2274 ἁγίων
2610 2211 2637 2262 6
2679 2209 2821 2279 ὑπὲρ
2859 2209 3069 2273 πάντας
3107 2209 3296 2280 σχεδον
3318 2248 3336 2275 ,
3380 2209 3435 2264 εί
3472 2228 3536 2274 γε
3578 2211 3664 2263 διὰ
3709 2211 3765 2262 rb

2188 2300 2283 2370 τὴν
2310 2300 2486 2369 σάρκα
2517 2301 2703 2369 φορεῖν
2729 2301 3050 2369 ἀφειστήκει
3084 2302 3182 2370 τῆς
3216 2301 3340 2370 μετ’
3364 2301 3543 2354 αὐτῶν
3569 2319 3769 2354 κοινω-

2188 2391 2305 2452 νίας
2339 2391 2432 2444 καὶ
2463 2391 2561 2456 τῆς
2591 2391 2685 2442 τοῦ
2714 2390 2851 2443 Θεοῦ
2883 2380 3016 2460 πρὸς
3050 2393 3347 2460 πρόσωπον
3378 2390 3615 2461 θεωρίας
3638 2432 3652 2454 ,
3693 2389 3763 2463 ἧς

2190 2484 2278 2534 καὶ
2310 2481 2458 2549 rupi
2490 2480 2665 2534 πάντα
2691 2480 2780 2534 τὸν
2806 2480 2920 2550 βίον
2949 2479 3242 2551 ἐξαιρέτως
3272 2480 3559 2549 ἀπήλαυσε
3592 2480 3695 2549 (7).
3738 2500 3757 2533 ι

2190 2573 2469 2642 Γνώριμον
2521 2569 2615 2626 οὖν
2643 2574 2760 2625 εστι
2788 2572 2879 2626 διὰ
2929 2571 3123 2625 τούτου
3144 2610 3159 2635 ,
3191 2571 3268 2635 ὡς
3294 2571 3421 2633 τοὺς
3443 2569 3633 2639 ἁγίους
3666 2572 3765 2640 τῆς

2194 2662 2594 2734 μακαριότητος
2631 2664 2727 2719 καὶ
2757 2662 2925 2726 αὐτὸς
2959 2660 3218 2731 ὁμολογεῖ
3248 2661 3567 2724 ἀπολαύειν,
3607 2662 3765 2732 εἴπερ

2196 2757 2269 2827 μὴ
2315 2756 2500 2825 ἕτερόν
2546 2773 2599 2808 τι
2647 2753 2856 2824 νομίζει
2898 2756 2999 2826 τὴν
3049 2754 3435 2826 μακαριότητα
3479 2752 3578 2821 τῆς
3625 2753 3763 2823 πρὸς

2194 2834 2485 2916 πρόσωπον
2521 2845 2658 2901 Θεοῦ
2698 2847 2952 2917 θεωρίας.
2996 2846 3134 2918 Περὶ
3180 2847 3277 2917 μὲν
3313 2845 3414 2915 τῆς
3453 2847 3509 2899 ἐν
3548 2843 3624 2915 τῷ
3665 2863 3766 2899 παι
3856 2833 3863 2839 ’

2197 2938 2341 3009 ρόντι
2383 2939 2618 3009 θεωρίας
2658 2940 2760 3006 τῆς
2803 2936 2941 3011 πρὸς
2982 2938 3275 3008 πρόσωπον
3321 2936 3477 3006 σιγᾷν
3516 2935 3761 3004 ἄμεινον.
3864 2932 3867 2933 ν

525 3032 687 3086 ciem.
728 3028 805 3084 De
841 3027 933 3082 Dei
968 3037 1150 3083 autem
1201 3026 1259 3081 in
1317 3026 1574 3095 praesenti
1626 3027 1738 3082 vita
1793 3028 1858 3082 ad
1899 3028 2094 3087 faciem

2203 3030 2339 3098 Περὶ
2369 3030 2424 3082 δέ
2456 3047 2519 3098 γε
2549 3030 2658 3082 τῶν
2689 3030 2918 3098 ἀζύμων
2954 3029 3230 3093 Εὐσέϐιος,
3263 3028 3525 3098 Εὐτύχιος
3549 3031 3577 3081 6
3605 3029 3762 3082 Κων-

524 3120 987 3191 contemplatione
1014 3119 1177 3174 silere
1220 3126 1445 3189 praestat
1481 3119 1574 3190 (c).
1607 3118 1763 3185 Quod
1799 3121 1998 3177 deinde
2029 3125 2096 3179 ad

524 3230 713 3286 azyma
747 3213 1006 3282 pertinet,
1048 3210 1343 3278 Eusebius,
1376 3210 1676 3282 Eutycbius
1703 3212 2096 3289 Constantino.

523 3304 819 3376 politanus,
849 3301 1187 3371 Epiphanius
1243 3300 1431 3372 Cypri,
1486 3301 1729 3359 Joannes
1758 3302 2094 3374 Chrysosto-

525 3413 671 3462 mus,
725 3408 779 3451 et
818 3396 910 3451 alii
966 3402 1278 3451 sanctorum
1328 3392 1704 3452 defensionem
1749 3395 2091 3469 dabunt.(d).

524 3490 603 3545 De
631 3491 868 3560 primatu
900 3503 1030 3543 vero
1070 3487 1307 3543 Romani
1331 3487 1612 3557 pontiﬁcis
1644 3489 1928 3545 sufﬁciens
1973 3498 2093 3545 erat

523 3597 590 3635 ex
620 3581 830 3651 synodo
869 3589 1082 3644 octava,
1113 3579 1202 3635 cui
1257 3578 1374 3648 ipse
1408 3579 1783 3635 testimonium
1813 3579 2082 3649 perbibet,

533 3673 600 3726 ad
634 3673 847 3741 plenam
898 3671 1310 3741 persuasionem
1367 3668 1711 3725 efﬁciendam
1755 3685 1878 3724 eum
1922 3669 2096 3724 stabi-

528 3766 653 3820 lire.
691 3766 796 3819 Sed
851 3775 906 3817 et
954 3762 1278 3818 Theodorus
1324 3762 1536 3817 Studita
1575 3771 1631 3817 et
1674 3772 1988 3819 sanctarum
2014 3777 2102 3830 sy-

531 3856 798 3910 nodorum
852 3856 985 3908 Acta
1039 3854 1326 3922 perspicue
1380 3866 1504 3906 eum
1537 3851 1883 3907 confirmant.
1928 3855 2105 3920 Atque

532 3947 830 4017 quamlibet
887 3960 952 3999 ex
1013 3945 1098 3999 bis
1149 3944 1511 4014 quaestionem
1581 3944 1804 4013 propria
1851 3943 2107 3997 lucubra-

528 4039 678 4091 tione
708 4036 1082 4097 tractavimus,
1138 4042 1198 4086 ιιι
1234 4042 1651 4103 cognoscentes,
1692 4032 1809 4087 haec
1852 4046 1978 4087 eum
2011 4046 2106 4086 cx-

532 4129 792 4200 probrare
822 4124 1060 4180 Latinis.
1092 4123 1327 4191 Quando
1364 4123 1533 4196 igitur
1551 4135 1606 4179 et
1631 4123 1736 4179 alia
1775 4122 2104 4194 cognoveri-

603 4337 681 4408 (l)
706 4333 901 4408 _0mitt.
933 4332 1094 4408 Allat.
1129 4350 1205 4408 τι3

604 4397 786 4477 (2)1ta
816 4412 963 4459 recte
988 4401 1158 4457 Marc.
1179 4403 1217 4456 f.
1241 4401 1346 4456 252
1373 4416 1424 4469 a,
1449 4399 1579 4456 dum
1604 4398 1750 4456 Men.
1770 4398 1955 4466 habet,
1978 4397 2108 4468 ὀμο-

529 4497 593 4533 ου
604 4478 742 4529 σίου.

627 4549 680 4615 ὅ)
715 4543 975 4609 Mem-‘27,
1004 4543 1043 4599 ι’.
1079 4543 1183 4598 MS
1208 4558 1260 4608 a,
1317 4541 1696 4607 ὲναλάξαντες.

603 4550 680 4687 (4)
716 4614 860 4687 ilon-
897 4615 988 4687 27,
1019 4613 1434 4687 ἐμφιλοχωρῶνο

626 4614 669 4670 4⁷
716 4614 860 4669 Μοιι.
897 4615 988 4678 27,
1019 4614 1434 4685 ἐμφιλοχωρῶν.

630 4622 685 4740 5))
721 4683 867 4739 Men.
904 4686 1027 4740 cit..
1064 4686 1282 4740 ἑκάστω
1319 4698 1399 4736 τε.

606 4692 685 4756 (5)
721 4692 867 4739 Men.
904 4692 1027 4750 cit.,
1064 4692 1290 4805 ἑκαστῇ
1319 4698 1399 4736 τε.

604 4757 680 4828 (6)
711 4754 803 4809 Sic
841 4764 989 4810 recte
1018 4753 1209 4818 Marc.;
1297 4767 1414 4819 on.,
1448 4746 1753 4820 ἡγούμεθα.

606 4953 681 5021 (a)
723 4952 796 5006 De
829 4950 940 5003 Elia
963 4966 1086 5004 cum
1118 4963 1284 5003 carne
1316 4947 1370 5002 in
1399 4947 1596 5002 coelum
1642 4957 1796 5016 rapto
1831 4945 2017 5001 Patres
2048 4944 2103 4999 in

535 5021 601 5074 IV
635 5025 765 5088 Reg.
793 5038 849 5078 ιι.
892 5023 1137 5088 ii,sacpe
1165 5021 1466 5087 disputant.

635 5039 709 5075 ne
752 5060 765 5074 .
793 5039 849 5078 ιι.
892 5039 1137 5088 u,sacpe
1165 5039 1466 5087 uispuiam.

604 5093 677 5162 (b)
713 5039 977 5144 glimirum
1034 5102 1159 5144 ante
1204 5088 1563 5162 universalem
1623 5085 2101 5151 resurrectionem,

534 5156 677 5225 quod
731 5161 945 5213 Marcus
988 5175 1120 5225 cum
1166 5159 1290 5213 aliis
1334 5156 1539 5212 Graecis
1588 5172 1818 5226 negasse
1859 5166 2096 5226 constat.

536 5231 669 5285 Vide
718 5246 876 5284 conc.
929 5226 1197 5287 Florent..
1255 5226 1418 5281 Hard.
1476 5237 1514 5281 t.
1569 5225 1676 5289 IX,
1727 5242 1782 5295 p.
1838 5225 1905 5278 l9
1955 5240 2094 5294 δρψ,

534 5303 732 5371 Syrop.
765 5298 902 5354 llist.
941 5313 1098 5371 conc.
1130 5299 1371 5371 Florent.
1406 5315 1460 5368 ρ.
1494 5298 1616 5371 ίόϐ.
1650 5295 1788 5350 Hinc
1812 5296 2098 5371 Plusiade-

536 5366 640 5424 nus
662 5366 740 5439 (1)
763 5380 947 5426 notat:
991 5368 1152 5422 «Vide
1170 5366 1445 5439 hominem
1466 5368 1598 5420 alias
1614 5382 1723 5439 non
1756 5366 2103 5439 conﬁtentem

533 5437 757 5495 sanctos
787 5457 909 5495 esse
946 5441 996 5493 in
1028 5455 1192 5511 regno
1222 5438 1333 5503 Dei,
1369 5442 1471 5493 boc
1534 5451 1662 5511 vero
1711 5438 1830 5511 loco
1880 5437 2092 5511 μειερί-

534 5528 638 5565 cue
688 5506 1115 5565 asseverantenf
1148 5523 1241 5563 eos
1280 5507 1742 5576 contemplatione
1780 5508 1867 5559 Dei
1900 5506 1966 5557 ad
2012 5507 2094 5556 fu-

534 5582 671 5635 cicm
716 5582 820 5634 frui
870 5589 1090 5634 sanctos
1129 5597 1140 5609 ·
1177 5578 1318 5649 quod
1355 5589 1409 5634 et
1440 5577 1685 5633 mirabile
1728 5578 1937 5631 videtur
1968 5590 2097 5644 pru-

2207 3122 2718 3186 σταντινουπόλεως,
2753 3121 3072 3191 Ἐπιφάνιος
3103 3123 3132 3175 6
3168 3119 3422 3189 Κύπρου,
3459 3119 3708 3183 Ἰωάννης
3738 3120 3767 3172 6
3854 3112 3865 3122 “

2204 3216 2594 3284 Χρυσόστομος
2621 3216 2714 3266 καὶ
2739 3214 2921 3282 ἕτεροι
2948 3213 3057 3266 τῶν
3097 3212 3267 3280 ἁγίων
3312 3211 3763 3280 ἀπολογήσονται.

2208 3304 2341 3372 Περὶ
2373 3302 2428 3354 δὲ
2459 3302 2552 3355 τοῦ
2586 3301 2680 3355 τοῦ
2715 3302 2918 3355 πάππα
2953 3300 3222 3368 πρωτείου
3258 3301 3416 3371 ἧρκει
3452 3300 3545 3352 καὶ
3576 3302 3638 3353 ἐκ
3665 3299 3767 3368 τῆς

2202 3395 2659 3467 μαρτυρουμένης
2682 3394 2811 3465 παρ’
2825 3393 2991 3448 αὑτοῦ
3012 3392 3441 3464 ὀγδόηςσννόδου
3459 3393 3541 3456 είς
3555 3390 3767 3463 ἐναργῆ

2205 3487 2582 3557 πληροφορίαν
2611 3486 2769 3557 τοῦτο
2799 3490 3086 3556 συστῆσαι.
3124 3485 3285 3539 Ἀλλὰ
3316 3486 3410 3539 καὶ
3437 3485 3710 3554 Θεόδωρος
3739 3487 3768 3539 6

2207 3579 2498 3649 Στουδίτης
2529 3580 2624 3633 καὶ
2653 3582 2721 3632 τὰ
2753 3579 3040 3647 Πρακτικὰ
3064 3576 3174 3631 τῶν
3204 3577 3375 3644 ἁγίων
3408 3578 3638 3632 συνόδων
3670 3597 3767 3631 σα-

2206 3670 2320 3740 φῶς
2362 3671 2670 3740 παριστῶσι
2712 3672 2842 3739 περὶ
2883 3669 3095 3725 τούτου.
3137 3668 3243 3723 Καὶ
3284 3668 3511 3723 ἕκαστον
3550 3668 3769 3740 ζήτημα

2204 3764 2314 3819 ἀπὸ
2365 3763 2571 3817 τούτων
2625 3763 2764 3817 ἰδίαν
2818 3761 3207 3833 πραγματείαν
3258 3762 3645 3830 πεποιήμεθα,
3694 3761 3772 3823 ὼς

2205 3856 2379 3909 ταῦτα
2420 3856 2782 3924 γινώσκοντες
2830 3855 3088 3923 ἐγκαλεῖν
3136 3852 3300 3906 αὐτὸν
3347 3857 3461 3915 τοῖς
3504 3851 3772 3912 Λατίνοις.

2211 3947 2307 4000 Ἂν
2337 3940 2431 3999 οὖν
2459 3946 2555 3999 καὶ
2582 3944 2748 4014 ἕτερα
2776 3944 3019 4012 γνῶμεν,
3049 3945 3098 3996 εί
3134 3943 3234 4013 μὲν
3263 3941 3461 4011 ἀληθῆ,
3492 3941 3582 3995 καὶ
3613 3941 3775 4009 ἡμεῖς

2209 4035 2326 4104 μετ’
2359 4032 2523 4087 αὑτοῦ
2575 4032 2887 4102 στησόμεθα
2944 4030 3449 4100 συνεγκαλοῦντεςᾼ·
3501 4031 3550 4082 εί
3596 4029 3653 4083 δι
3700 4029 3774 4104 ὡς

2207 4124 2275 4178 τὰ
2313 4124 2716 4196 προειρημένα,
2758 4126 2883 4194 σιγῇ
2927 4117 3773 4194 παραδραμούμεθαικανονικῶς

2283 4329 2358 4399 (7)
2436 4330 2492 4382 In
2543 4326 2689 4399 Men.
2720 4337 2773 4383 et
2812 4327 2982 4383 Mere.
3010 4333 3134 4399 nota
3165 4324 3477 4399 Plusiadenj
3536 4327 3773 4399 legitur:

2217 4396 2362 4467 Ὅρα
2418 4399 2510 4469 τὸλν
2569 4398 2866 4468 ἀλλαχόθεν
2908 4399 3007 4469 μὶν
3065 4398 3140 4469 μὴ
3198 4396 3619 4469 ῥμολογοῦνταζ
3650 4402 3778 4469 rei);

2216 4464 2404 4540 ἁγίους
2439 4464 2581 4540 εἶναι
2627 4464 2856 4540 είςίτὴν
2898 4464 3000 4540 τοῦ
3030 4464 3166 4540 Θεοῦ
3202 4465 3505 4540 βασιλείαν)
3537 4467 3779 4540 ενταῦθα

2217 4539 2274 4590 δὲ
2321 4537 2615 4607 προφανῶς
2668 4539 2765 4607 τῆς
2812 4536 2954 4606 πρὸς
2992 4537 3298 4607 πρόσωπον
3334 4536 3502 4607 αὑτοῦ
3545 4537 3778 4607 θεωρίας

2217 4604 3240 4676 ἀπολαμὸέινονταςδιισχυριζόμενον·
3273 4604 3424 4676 ὁκαὶ
3461 4606 3776 4675 θαυμαστὸν

2214 4676 2361 4729 δοκεῖ
2392 4679 2504 4739 τοῖς
2532 4678 2810 4745 ἑχέφροσι.
2843 4676 2967 4740 Πῶς
2999 4675 3067 4730 οὐ
3092 4678 3223 4742 νοεῖ,
3265 4675 3348 4729 ὅτι
3378 4675 3660 4746 προδήλως
3686 4677 3780 4728 αὺ-

2216 4747 2304 4809 τὸς
2350 4747 2525 4816 ἐαυτῷ
2558 4747 2870 4815 ἀντιλέγεις

2213 4944 2488 5019 dentibus.
2526 4944 2815 5019 Quomodo
2845 4963 2950 5001 non
2975 4947 3229 5018 intelligit
3258 4964 3315 5004 se
3342 4956 3526 5019 aperte
3546 4947 3648 5001 sibi
3673 4948 3776 5016 ipsi

2211 5016 2590 5069 contradicere
2617 5016 2640 5068 ?
2676 5034 2694 5065 ι

2210 5153 2222 5164 _
2280 5092 2351 5163 (ς)
2383 5086 2581 5155 Ultima
2608 5086 2772 5164 Marci
2801 5087 2962 5164 uerba
2997 5102 3160 5164 supra
3188 5088 3353 5143 citata
3386 5103 3514 5164 eum
3534 5102 3774 5164 errorem

2209 5156 2469 5213 iudicant,
2500 5169 2658 5222 posse
2693 5156 2964 5209 hominem
3003 5156 3193 5211 in’bac
3223 5159 3436 5211 mortali
3469 5160 3575 5211 vita
3610 5157 3775 5211 Deum

2208 5225 2346 5277 facie
2370 5230 2434 5275 ait
2470 5228 2661 5276 initium
2695 5226 3036 5294 conspicere.

2279 5294 2531 5366 (d)_\’ide
2562 5296 2627 5347 de
2657 5300 2864 5366 azymis
2892 5297 3165 5364 dialogum
3190 5294 3501 5352 Piusiatleni
3531 5312 3627 5366 pro
3644 5310 3778 5350 con-

2212 5366 2338 5418 cilio
2366 5363 2631 5427 Fiet-cut;
2660 5363 2989 5434 litterionem
3023 5363 3355 5420 tuonacbum
3387 5366 3462 5420 De
3493 5363 3631 5434 pane
3658 5380 3778 5434 my»

2212 5380 2338 5418 (‘IHO
2366 5380 2631 5427 “orent;
2660 5380 2989 5417 llllill'lOlleill
3023 5380 3355 5420 lliOllaCllum
3387 5380 3462 5420 De
3493 5381 3631 5434 pane
3658 5382 3708 5419 In
3751 5392 3778 5406 ο·

2197 5438 2335 5488 stico
2376 5435 2493 5506 (Gr.
2527 5443 2740 5506 ortu.t.
2764 5433 2818 5506 il,
2855 5450 2907 5499 p.
2945 5434 3048 5487 657
3077 5452 3218 5505 scq.,
3391 5441 3557 5506 δρψ),
3598 5447 3649 5488 et
3705 5380 3779 5488 ἕο

2196 5503 2395 5569 Quieti,
2424 5505 2646 5557 dissert.
2681 5503 2714 5555 6
2755 5503 3168 5570 Damascenicn,
3196 5515 3251 5561 el
3280 5508 3334 5561 in
3371 5503 3626 5574 l‘aiioplia
3650 5507 3774 5561 adv.

2197 5575 2440 5628 subisma
2476 5574 2812 5628 ercorum.

599 5699 672 5763 (ι)
699 5699 821 5751 Sive-
839 5701 1087 5766 Josephus
1122 5703 1475 5754 Methonensls.
1512 5701 1634 5753 Vide
1661 5708 1843 5767 tomum
1868 5699 2194 5759 superiorem.
