4112 6274
328 281 423 346 103

1567 266 1871 329 CONTRA
1905 257 2319 323 EPHESIUM.

3444 247 3546 318 110

325 395 476 449 τοῦτο
511 372 811 451 ποιοῦντες.
834 387 970 440 Φασὶ
1008 385 1135 456 γάρ’
1174 382 1443 454 Πρότερον
1476 382 1538 435 τὺ
1582 380 1885 451 βαρύτερον

2008 386 2157 436 mus,
2181 368 2453 439 siquidem
2480 382 2604 423 vera
2637 374 2780 430 sunt,
2839 375 2893 422 et
2924 382 3023 424 nos
3055 381 3178 423 cum
3219 367 3338 439 ipso
3367 370 3551 425 consl-

327 484 573 554 ἔγκλημα
616 481 699 534 δεῖ
740 476 1136 547 γυμνάζεσθαι,
1182 478 1278 528 καὶ
1322 476 1371 526 εί
1414 473 1477 526 τὸ
1520 474 1783 541 πρότερον
1825 468 1885 522 οὐ

2008 474 2196 517 stemus
2231 460 2395 515 simul
2419 475 2483 515 ea
2511 459 2925 528 exprobrantes,
2952 459 2999 515 si
3023 475 3153 515 vero
3179 468 3238 515 ut
3269 462 3548 530 praedicta,

329 552 563 651 δεχθείη,
601 571 720 626 οὐδὲ
756 569 828 622 τὰ
866 568 1028 621 λοιπὰ
1072 565 1423 636 ἐξετάζεσθαι
1452 580 1466 594 ·
1506 563 1664 617 τοῦτο
1703 562 1798 617 καὶ

2008 552 2214 609 silentio
2266 566 2330 608 ea
2396 553 2815 622 praeteribimus,
2874 555 3141 609 canonice
3175 554 3228 608 id
3260 554 3545 610 facientes.

333 640 485 733 νόμοι
518 640 853 729 θεσπίζουσι.
890 657 1026 727 Περὶ
1059 656 1116 710 δέ
1153 672 1215 724 γε
1250 658 1349 724 τῆς
1382 654 1588 725 εὐχῆς,
1623 654 1689 723 ἣν
1723 653 1780 705 ὲν
1811 649 1892 723 τῷ

2008 644 2163 699 Aiunt
2200 642 2345 699 enim
2387 642 2593 698 :Prius
2639 650 2852 712 oportet
2893 641 3137 712 gravius,
3168 643 3313 713 quod
3356 640 3567 713 impina'

335 755 473 808 τέλει
512 750 759 822 εὔχεται,
804 749 852 802 εί
897 749 995 818 μὲν
1035 747 1384 812 ἐξακολουθεῖ
1423 749 1534 811 τοῖς
1580 744 1887 814 Πατράσιν,

335 847 543 906 πάντως
575 842 669 895 καὶ
696 840 758 893 τὸ
790 837 1109 906 αἰτούμενον
1140 835 1574 908 ἐπακολουθήσει
1598 851 1614 867 ο
1644 836 1691 887 εί
1726 835 1767 887 δ’
1796 834 1891 889 ἀλ.

333 937 432 997 λως
478 935 573 986 καὶ
622 932 767 986 κατὰ
815 928 1139 997 πεισμονὴν,
1186 928 1248 980 τὸ
1297 927 1558 997 ἐσόμενον
1605 925 1889 995 πρόδηλον.

334 1028 436 1081 Καὶ
476 1025 659 1095 ἡμεῖς,
696 1022 745 1075 εί
789 1020 889 1090 μὲν
923 1019 1017 1076 διὰ
1053 1037 1106 1073 τι
1162 1019 1258 1073 τοῦ
1321 1020 1515 1080 αἰῶνος
1566 1016 1755 1069 τούτου
1797 1014 1894 1083 τὴν

332 1118 518 1172 ἕνωσιν
547 1113 824 1184 τηροῦμεν
855 1112 931 1181 (1)
952 1150 968 1177 ,
1000 1112 1194 1182 εἴημεν
1228 1110 1725 1179 κολασθησόμενοι,
1758 1107 1894 1174 ὅπερ

335 1212 424 1263 καὶ
455 1207 762 1273 ἀναγκαίως
792 1204 982 1257 ἕπεται
1007 1219 1022 1235 ο
1060 1205 1111 1255 εί
1142 1204 1198 1256 δὲ
1228 1204 1340 1265 τοῖς
1374 1202 1544 1271 ίχνεσι
1576 1201 1683 1253 τῶν
1717 1200 1896 1252 Πατέ-

339 1295 440 1363 ρων
475 1289 959 1358 ὲξακολουθοῦμεν,
996 1290 1095 1342 καὶ
1124 1287 1225 1360 τὴν
1258 1287 1485 1356 εἰρήνην
1518 1286 1611 1339 καὶ
1644 1286 1896 1355 ὁμόνοιαν

335 1384 426 1450 τῆς
463 1381 796 1449 Ἐκκλησίας
837 1378 1076 1450 Χριστοῦ
1121 1374 1188 1431 δι’
1214 1378 1376 1431 αὑτὸν
1421 1378 1512 1431 τὸν
1553 1377 1898 1446 εἰρηνοποιή-

338 1490 507 1528 σαντα
539 1473 633 1525 καὶ
667 1471 1073 1536 καταλλάξαντα
1109 1472 1259 1541 ἡμᾶς
1292 1468 1370 1540 τῷ
1408 1467 1521 1539 ίδίῳ
1556 1469 1767 1538 Πατρὶ,
1802 1467 1901 1522 καὶ

338 1564 412 1616 ἔτι
436 1562 527 1616 διὰ
552 1562 613 1614 τὸ
640 1562 920 1631 συμφέρον
942 1562 1055 1614 τῶν
1078 1561 1418 1632 Χριστιανῶν
1443 1560 1537 1615 καὶ
1561 1560 1663 1632 τὴν
1684 1562 1784 1631 τῆς
1813 1560 1900 1614 πί⁶

337 1673 507 1718 στεως
536 1652 859 1719 ὲξάπλωσιν,
887 1652 1010 1723 ἥτις
1036 1652 1142 1706 ὑπὸ
1167 1652 1276 1706 τῶν
1305 1651 1486 1706 ἀθέων
1509 1651 1636 1706 καθ’
1660 1651 1901 1717 ἑκάστην

2000 739 2165 809 gitur,
2198 737 2407 792 crimen
2437 737 2725 803 denudari,
2766 747 2821 792 et
2855 738 2900 791 si
2958 739 3112 808 prius
3147 753 3256 793 non
3298 739 3555 794 admittad

1999 839 2111 894 tur,
2153 829 2361 899 reliqua
2408 844 2517 884 non
2568 829 2927 883 examinanda
2983 838 3132 884 sunt.
3161 829 3307 884 Idem
3342 845 3557 899 quoque

1999 919 2146 988 leges
2175 919 2449 974 sanciunt.
2479 919 2632 985 Quod
2665 920 2882 973 demum
2924 929 3133 990 spectat
3172 919 3238 974 ad
3290 924 3556 990 precatio‘

2001 1011 2150 1075 nem,
2207 1025 2369 1080 quam
2420 1012 2474 1064 in
2541 1011 2645 1066 line
2704 1013 2928 1077 recitat,
2986 1013 3252 1082 siquidem
3304 1013 3560 1069 Patribus

2001 1102 2188 1158 obedit
2218 1117 2425 1171 eosque
2477 1102 2744 1171 sequitur,
2798 1103 3025 1156 omnino
3075 1104 3128 1157 id
3188 1104 3334 1173 quod
3382 1112 3561 1174 rogat,

2002 1201 2399 1263 consequetur;
2434 1194 2479 1247 si
2515 1207 2641 1247 vero
2698 1194 2856 1248 aliter
2904 1204 2960 1248 et
3012 1196 3313 1249 secundum
3345 1196 3563 1250 suasio-

2002 1270 2125 1339 nem
2156 1283 2523 1350 arbitrariam,
2549 1284 2601 1337 i;l
2632 1287 2775 1353 quod
2808 1284 3052 1341 futurum
3085 1287 3187 1341 erit
3212 1285 3560 1339 manifestum

2002 1382 2352 1439 est;etuos,
2412 1375 2460 1430 si
2515 1374 2738 1444 quidem
2796 1384 3019 1445 propter
3090 1390 3205 1429 rem
3251 1375 3565 1444 quampiam

2004 1464 2171 1535 hujus
2202 1466 2390 1521 mundi
2449 1467 2703 1521 unionem
2772 1476 3042 1533 tenemus,
3096 1482 3287 1536 poenas
3342 1468 3568 1522 omnino

2005 1558 2277 1622 dabimus,
2340 1558 2482 1625 quod
2549 1568 2601 1613 et
2632 1558 2947 1620 necessario
3004 1558 3285 1628 sequitur;
3339 1558 3386 1613 si
3440 1573 3569 1613 vero

2005 1649 2234 1719 vestigia
2270 1649 2489 1704 Patrum
2522 1664 2710 1719 presse
2744 1649 3050 1721 sequimur,
3113 1660 3169 1706 et
3218 1664 3406 1721 pacem
3438 1665 3573 1706 con-

333 1748 404 1809 ὡς
432 1748 614 1800 εἰπεῖν
645 1742 925 1798 στενοῦται
957 1745 1052 1797 καὶ
1084 1744 1272 1814 σχεδὸν
1300 1743 1383 1807 είς
1409 1744 1471 1796 τδ
1504 1744 1578 1815 μὴ
1606 1744 1665 1798 ὃν
1692 1745 1896 1814 χωρεῖ,

2008 1741 2364 1825 cordiamque
2398 1739 2654 1795 Ecclesiae
2705 1739 2912 1797 Christi
2963 1747 3185 1812 propter
3228 1741 3427 1811 ipsum,
3474 1742 3572 1810 qui

335 1838 425 1904 ὅση
470 1838 607 1905 ἡμῖν
645 1835 897 1904 δύναμις,
944 1835 1194 1904 συνέχειν
1239 1834 1632 1905 σπουδάζομεν,
1684 1834 1903 1888 συνεσό-

340 1927 480 1994 μεΘα
508 1927 602 1978 καὶ
628 1927 795 1995 ἡμεῖς
818 1926 927 1988 τοῖς
956 1924 1120 1987 θείοις
1154 1925 1430 1995 Πατράσιν
1458 1926 1516 1977 ὲν
1544 1927 1609 1995 τῇ
1642 1925 1736 1978 τοῦ
1764 1926 1903 1995 Χρι-

336 2016 459 2069 στοῦ
494 2016 788 2086 παρουσίᾳ,
818 2016 865 2069 εί
893 2016 986 2069 καὶ
1018 2015 1160 2084 μέγα
1188 2017 1305 2067 ἐστὶ
1336 2018 1428 2070 καὶ
1462 2017 1614 2085 παρὰ
1639 2017 1736 2084 τὴν
1766 2017 1901 2085 ήμε-

334 2109 498 2176 τέραν
531 2105 806 2159 πολιτείαν
837 2104 897 2157 τὸ
931 2104 1269 2174 αἰτούμενον.
1307 2105 1588 2176 Παράσχοι
1619 2106 1676 2159 δὲ
1711 2107 1738 2157 ὀ
1771 2106 1906 2168 Θεὸς

336 2201 426 2251 καὶ
454 2195 540 2265 τῷ
574 2196 841 2265 αἰδεσίμῳ
876 2195 1106 2264 Ἐφέσου
1144 2195 1271 2248 ίδεῖν
1311 2196 1449 2265 πρὸς
1488 2195 1586 2267 τὴν
1623 2196 1906 2267 ἀλήθειαν,

336 2289 563 2342 ἑάσαντι
594 2287 772 2363 πάντα
797 2286 867 2340 τὰ
891 2286 1034 2340 κατὰ
1066 2285 1368 2356 πεισμονὴν
1396 2286 1494 2339 καὶ
1527 2287 1587 2339 τὸ
1618 2286 1910 2354 ὲθελόγνω-

339 2393 454 2444 μον,
507 2374 605 2429 καὶ
647 2374 721 2444 μὴ
765 2372 902 2445 πρὸς
942 2373 1043 2443 τὴν
1084 2372 1359 2445 ὑπεροχὴν
1403 2373 1510 2426 τῶν
1542 2373 1706 2427 αὐτοῦ
1736 2373 1912 2443 λόγων

334 2450 705 2519 ἀποϐλέποντι
731 2465 1097 2533 καταφρονεῖν
1125 2464 1238 2517 τῶν
1267 2463 1725 2533 χθαμαλωτέρων,
1753 2466 1803 2518 εί
1831 2466 1916 2519 λό-

334 2571 427 2621 γου
462 2572 529 2606 τι
571 2556 664 2609 καὶ
708 2548 854 2608 οὗτοι
895 2554 1152 2623 λέγουσιν
1189 2555 1361 2621 ἄξιον,
1401 2556 1494 2608 καὶ
1545 2554 1778 2625 μάλιστα
1818 2560 1916 2626 τὴν

336 2647 606 2698 σύστασιν
645 2646 860 2716 ἔχουσιν
902 2647 967 2700 ὲκ
1002 2647 1110 2701 τῶν
1147 2647 1307 2700 θείων
1346 2647 1605 2718 Πατέρων
1631 2663 1647 2678 ⁸
1687 2643 1762 2703 ὧν
1803 2649 1924 2710 ταῖς

337 2735 760 2807 εὐπροσδέκτοις
794 2737 981 2807 εὐχαῖς
1013 2738 1274 2808 ὁμαλίσαι
1312 2738 1516 2808 Κύριος
1550 2739 1644 2793 καὶ
1680 2739 1920 2793 ἀπευθύ-

334 2843 420 2880 ναι
449 2827 561 2889 τὰς
594 2825 817 2896 γνώμας
848 2828 983 2897 πρὸς
1011 2827 1106 2893 ἓν,
1138 2829 1284 2892 ὅπως
1317 2829 1544 2901 γένηται
1580 2830 1677 2899 μία
1709 2829 1915 2900 ποίμνη

335 2916 427 2969 καὶ
464 2912 560 2979 εἷς
606 2920 844 2988 ποιμήν·
884 2914 928 2988 ᾧ
974 2921 1009 2991 ή
1035 2919 1163 2986 δόξα
1209 2922 1300 2975 καὶ
1343 2922 1377 2992 ἠ
1422 2922 1629 2984 αἵνεσις
1673 2921 1753 2986 είς
1791 2922 1919 2986 τοὺς

335 3007 549 3068 αἰῶνας
577 3006 687 3059 τῶν
715 3007 942 3063 αίὼνων.
983 3010 1180 3082 Ἀμήν.

2003 1832 2318 1904 paciﬁcavit
2366 1840 2420 1886 ct
2466 1832 2846 1887 reconciliavit
2894 1847 2998 1887 nos
3057 1834 3279 1902 proprio
3315 1831 3486 1899 Patri,
3518 1840 3576 1887 et

2005 1922 2186 1976 adhuc
2241 1932 2464 1993 propter
2528 1922 2819 1977 utilitatem
2872 1922 3308 1977 Christianorum
3343 1932 3397 1977 et
3449 1923 3573 1976 ﬁdei

2003 2011 2447 2081 explicationem,
2493 2026 2614 2082 quae
2662 2012 2730 2066 ab
2791 2011 2975 2080 impiis
3024 2013 3311 2082 quotidie,
3380 2022 3437 2068 ut
3498 2015 3575 2069 ita

2005 2103 2207 2169 dicam,
2248 2105 2305 2158 in
2354 2102 2636 2173 angustias
2687 2102 2955 2172 redigitur
2985 2111 3038 2158 et
3070 2103 3182 2159 fere
3232 2106 3286 2158 in
3347 2106 3575 2159 nihilum

2012 2193 2301 2269 demigrat,
2345 2209 2699 2262 conservare,
2756 2203 3023 2265 quantum
3080 2195 3239 2250 nobis
3282 2203 3575 2267 suppetunt

2011 2283 2179 2351 vires,
2213 2283 2517 2348 studemus,
2548 2292 2679 2339 tunc
2738 2284 2901 2339 simul
2960 2287 3168 2340 erimus
3213 2295 3268 2340 et
3318 2302 3416 2343 nos
3449 2304 3571 2343 cum

2018 2375 2161 2431 divis
2195 2376 2453 2433 Patribus
2493 2376 2548 2433 in
2597 2376 2801 2432 Christi
2851 2377 3107 2445 adventu,
3149 2379 3274 2434 licet
3299 2395 3388 2436 res
3426 2378 3579 2452 θοαί*

2020 2475 2135 2521 tata
2168 2482 2360 2536 magna
2421 2469 2493 2522 sit
2544 2476 2598 2522 et
2665 2483 2831 2538 supra
2880 2479 3081 2525 nostrae
3128 2471 3252 2525 vitae
3304 2472 3578 2528 instituta.

2022 2556 2305 2613 Concedat
2362 2565 2543 2613 autem
2582 2558 2725 2614 Deus
2778 2561 3077 2615 venerabili
3135 2560 3395 2630 Ephesio,
3422 2572 3482 2617 ut
3514 2562 3583 2617 ad

2024 2648 2311 2704 veritatem
2364 2649 2643 2717 respiciat,
2703 2651 2918 2705 cunctis
2975 2666 3043 2707 ex
3076 2666 3227 2706 mero
3275 2653 3582 2708 voluntatis

2000 2740 2264 2795 arbitrio
2305 2746 2360 2795 et
2400 2740 2554 2794 inani
2585 2744 2940 2811 persuasione
2995 2743 3256 2812 profectis
3293 2746 3589 2811 valedicat,

2023 2845 2164 2887 neve
2195 2838 2447 2902 respectu
2498 2833 2684 2887 habito
2718 2835 2783 2888 ad
2822 2848 3047 2890 suarum
3094 2838 3362 2891 rationum
3408 2838 3589 2892 excel-

2021 2920 2250 2976 lentiam
2288 2922 2611 2979 humiliores
2642 2935 2886 2993 spernat,
2938 2926 2983 2982 si
3026 2930 3155 2998 quid
3191 2939 3246 2984 et
3280 2929 3332 2983 hi
3376 2930 3591 2984 ratione

2018 3015 2243 3086 dignum
2293 3016 2621 3086 loquuntur,
2654 3026 2708 3072 et
2762 3019 2994 3073 maxime
3038 3034 3105 3074 ex
3161 3020 3299 3075 divis
3336 3018 3593 3075 Patribus

341 3102 822 3161 conﬁrmationem
879 3104 1104 3163 habent.
1163 3106 1408 3175 Quorum
1464 3107 1577 3164 Deo
1641 3109 1886 3180 acceptis
1914 3111 2167 3181 precibus
2235 3121 2505 3182 exaequet,
2552 3112 2791 3167 emolliat
2829 3128 2894 3169 ac
2942 3113 3141 3185 dirigat
3201 3115 3505 3170 sententias
3540 3114 3596 3168 in

340 3211 515 3252 unum
569 3195 863 3265 Dominus,
897 3205 956 3254 ut
997 3199 1092 3257 liat
1132 3216 1302 3259 unum
1336 3202 1481 3261 ovile
1531 3212 1584 3261 et
1624 3218 1765 3261 unus
1802 3214 1992 3276 pastor
2025 3225 2039 3265 :
2076 3206 2163 3263 cui
2225 3207 2348 3262 laus
2381 3215 2436 3262 et
2470 3206 2641 3277 gloria
2683 3206 2738 3262 in
2766 3206 2962 3264 sacula
3006 3205 3357 3264 smculorum.
3396 3208 3593 3263 Amen.

436 3377 493 3442 1)
518 3377 698 3444 Μοη.,
725 3377 1004 3450 τηρῶμεν.
