4112 6274
545 299 651 360 ill

1478 295 1852 365 GREGQBII
1898 295 2195 353 MAMM/E
2229 295 2336 356 CP.
2375 294 2884 356 PATRIARCIME
2916 341 2919 344 .

3681 299 3776 365 119

586 413 3772 453 W

652 601 1924 772 Γ-ΡΗΓΟΡΙΟΥ
1998 602 3659 779 ΙΕΡΟΜΟΝΑΧΟΥ
3743 558 3748 561 ‘

1202 866 1338 919 ΤΟΥ
1361 865 1688 920 ΜΕΓΑΛΟΥ
1723 864 2371 921 ΠΡΩΤΟΣΥΓΚΕΛΛΟΥ
2418 867 2542 920 ΚΑΙ
2581 866 3099 922 ΠΝΕΥΜΛἸΊΚΟΥ

783 1024 916 1077 ΤΟΥ
940 1025 1268 1079 ΥΣΤΕΡΟΝ
1313 1023 1924 1080 ΧΡΗΜΑΤΙΣΑΝΤΟΣ
1968 1025 2458 1092 ΠΑΤΡΙΑΡΧΟΥ,
2489 1027 2604 1081 ΚΑΙ
2623 1026 2722 1079 EN
2760 1026 2963 1094 ΡΩΜῌ
3017 1026 3380 1080 ΤΔΦΕΝΤΟΣ
3416 1028 3544 1088 ΚΔΙ

1764 1141 1855 1194 ΘΑ
1869 1140 2014 1193 ΥΜΑ
2025 1137 2114 1193 ΤΟ
2127 1141 2413 1198 ΥΡΓΟΥΝ
2421 1143 2554 1196 ΤΟΣ

853 1304 1426 1392 ΑΠΟΛΟΓΙΑ
1495 1305 1667 1390 ΕΙΣ
1719 1306 1950 1389 ΤΗΝ
2034 1303 2263 1388 ΤΟΥ
2318 1304 2758 1390 ΕΦΕΣΟΥ
2807 1302 3459 1391 ΕΠΙΣΤΟΛΗΝ

1671 1487 1778 1539 ΕΚ
1862 1481 2292 1536 ΔΙΔΦΟΡΩΝ
2360 1487 2648 1542 APION.

909 1823 1832 1981 GREGORII
1909 1822 3381 1981 HlEROMONACHI

1295 2114 1509 2170 MAGNI
1549 2113 2116 2173 PROTOSYNCELLI
2168 2118 2253 2172 ET
2313 2119 2357 2174 A
2397 2114 2983 2174 CONFESSIONIBUS

535 2274 658 2334 QUI
689 2275 1113 2326 POSTMODUM
1143 2275 1444 2325 CREATUS
1484 2276 1604 2324 EST
1650 2265 2207 2334 PATRIARCHLET
2251 2275 2454 2324 ROM/E
2501 2274 2864 2324 SEPULTUS
2899 2273 3331 2324 CORUSCAVIT
3379 2273 3781 2332 MIRACULIS,

799 2419 1459 2530 RESPONSIO
1550 2439 1695 2525 AD
1804 2436 2478 2528 EPISTOLAM
2569 2437 2928 2524 MABCI
3038 2424 3518 2522 EPHES’II

1520 2647 1604 2689 ex
1638 2645 1841 2691 unus
1872 2642 2245 2689 SANCTORUM
2277 2640 2641 2688 SENTENTIIS
2678 2623 2785 2703 (1).

1145 2940 1501 2998 EPHESIUS.

605 3039 867 3092 Omnibus
917 3033 1112 3103 ubique
1151 3044 1421 3087 terrarum
1455 3033 1782 3100 degentibus
1826 3032 2101 3088 Cliristla-

539 3131 626 3185 nis
673 3137 727 3182 et
763 3125 974 3181 insulas
1024 3121 1428 3186 habitantibus,
1483 3123 1700 3176 Marcus
1731 3121 2098 3178 Ephesiorum

531 3217 882 3290 metropolita
915 3216 1144 3270 salutem
1179 3215 1236 3268 in
1271 3213 1516 3267 domino.

1106 3303 1526 3361 GREGORIUS.

601 3403 926 3466 Exordium,
992 3414 1103 3469 quo
1176 3397 1506 3452 venerabilis
1568 3397 1837 3467 Ephesius
1904 3397 2098 3462 utitur,

533 3513 726 3552 omnes
752 3495 956 3564 ubique
986 3500 1258 3546 terrarum
1292 3491 1548 3544 homines
1593 3499 1647 3544 et
1681 3489 1986 3568 insularum
2021 3491 2103 3568 in-

532 3591 685 3646 colas
735 3587 938 3641 excitat
993 3583 1060 3636 ad
1116 3583 1234 3651 ejus
1287 3594 1569 3636 sermones
1601 3565 1947 3635 audiendos:
1992 3565 2103 3632 Nos

535 3691 724 3735 contra
760 3678 876 3733 hzec
907 3675 1148 3730 dicimus
1181 3672 1400 3727 cunctis
1446 3683 1713 3724 terrarum
1748 3670 1898 3726 orbis
1951 3669 2104 3723 habi-

535 3771 830 3832 tatoribus,
887 3781 1018 3820 snas
1067 3772 1126 3817 ut
1174 3776 1340 3816 aures
1392 3761 1544 3829 prius
1595 3761 1724 3814 dent
1763 3761 1882 3828 ejus
1914 3759 2099 3821 dictis,

533 3869 720 3915 nostra
750 3855 949 3912 deinde
983 3855 1208 3906 audiant
1232 3892 1246 3906 .
1282 3853 1530 3918 Namque
1567 3851 1668 3904 hac
1695 3852 1760 3905 de
1788 3864 1954 3904 causa
1982 3865 2102 3902 ver-

534 3953 602 4005 ba
634 3949 757 4017 ejus
798 3944 1190 4016 prmponimus.
1215 3949 1269 3994 ct
1300 3948 1520 3994 nostras
1551 3940 1940 4008 responsiones
1970 3939 2100 3992 sub-

535 4038 782 4108 iicimus,
821 4043 880 4087 nt
918 4033 1120 4086 veritas
1179 4031 1436 4084 omnibus
1491 4029 1731 4098 patefiat.
1773 4027 1926 4083 Sicut
1957 4029 2100 4082 enim

536 4130 640 4193 sol,
673 4127 764 4196 qui
821 4139 986 4178 sensu
1027 4121 1332 4191 percipitur
1364 4160 1378 4185 ,
1415 4119 1690 4183 exoriens,
1731 4119 2102 4188 mundumque

2851 2940 3148 2996 ΕΦΕΣΙΟΣ.

2275 3033 2399 3098 Τοῖς
2422 3033 2736 3104 ἁπανταχοῦ
2767 3035 2868 3101 τῆς
2897 3034 3002 3102 γῆς
3044 3036 3139 3087 καὶ
3167 3033 3277 3086 τῶν
3315 3035 3495 3105 νήσων
3528 3034 3776 3107 εὕρισκο-

2203 3126 2390 3196 μένοις
2422 3125 2777 3194 Χριστιανοῖς
2796 3124 3028 3194 Μάρκος
3054 3125 3354 3188 ἐπίσκοπος
3383 3128 3482 3196 τῆς
3509 3125 3775 3196 Ἐφεσίων

2206 3217 2593 3287 μητροπόλεως
2623 3216 2680 3269 ὲν
2712 3215 2904 3284 Κυρίῳ
2936 3214 3177 3284 χαίρειν.

2777 3305 3176 3360 ΓΡΗΓΟΡΙΟΣ.

2273 3394 2346 3448 Τὸ
2377 3394 2475 3465 μὲν
2533 3396 2823 3464 προοίμιον
2872 3393 2968 3447 τοῦ
3025 3394 3305 3462 αἱδεσίμου
3367 3395 3593 3464 Ἑφέσου
3649 3399 3778 3460 τοὺς

2202 3486 2522 3556 ἁπανταχοῦ
2557 3487 2662 3554 γῆς
2687 3487 2780 3539 καὶ
2809 3485 2919 3538 τῶν
2946 3487 3128 3554 νήσων
3159 3485 3297 3556 πρὸς
3355 3488 3624 3557 ἀκρόασιν
3665 3488 3774 3542 τῶν

2203 3576 2370 3629 αὑτοῦ
2404 3576 2661 3648 διεγείρει
2690 3594 2705 3608 ·
2743 3579 2908 3647 ἡμεῖς
2942 3576 2999 3630 δὲ
3022 3577 3186 3630 πάλιν
3220 3578 3358 3646 πρὸς
3415 3579 3540 3641 τοὺς
3597 3596 3778 3633 κατοι-

2204 3668 2437 3730 κοῦντας
2469 3668 2653 3725 πάντα
2680 3669 2778 3738 τῆς
2834 3667 2939 3736 γῆς
2985 3669 3054 3720 τὰ
3093 3668 3307 3735 πέρατά
3341 3685 3541 3738 φαμεν,
3578 3670 3778 3738 ἀκροᾶ-

2207 3760 2329 3812 σθαι
2358 3758 2466 3812 τῶν
2495 3758 2662 3812 αὑτοῦ
2723 3759 2920 3827 λογίων
2953 3759 3240 3828 πρότερον.
3263 3752 3382 3811 εἶτα
3440 3759 3547 3813 τῶν
3577 3759 3779 3828 ἡμετέ-

2207 3869 2336 3923 ρων.
2379 3849 2476 3903 Διὰ
2514 3851 2673 3904 τοῦτο
2698 3851 2807 3921 γὰρ
2830 3851 2924 3903 καὶ
2950 3849 3276 3919 προτίθεμεν
3307 3850 3377 3902 τὰ
3433 3851 3500 3904 αὑ
3515 3850 3611 3903 τοῦ
3643 3853 3780 3922 πρό.

2206 3959 2388 4012 τερον,
2414 3938 2533 3995 εἶτα
2557 3943 2654 4004 τὰς
2695 3942 2970 4011 ἡμετέρας
3029 3942 3312 4011 ἑπάγομεν
3344 3941 3662 4009 ἀπολογίας,
3693 3943 3778 3996 ἵνα

2209 4037 2241 4104 ή
2275 4035 2505 4104 ἀλήθεια
2533 4034 2746 4102 φανερὰ
2767 4034 2876 4094 τοῖς
2901 4032 3034 4085 πᾶσι
3063 4033 3308 4102 γένηται.
3337 4031 3548 4100 Ὥσπερ
3604 4034 3714 4104 γὰρ
3753 4036 3781 4088 6

2212 4126 2470 4196 αἰσθητὸς
2505 4126 2656 4194 ἥλιος
2686 4123 3000 4176 ἀνατέλλων
3026 4122 3123 4175 καὶ
3159 4123 3252 4175 τὸν
3283 4125 3488 4188 κόσμον
3531 4125 3782 4192 φωτίζων

538 4233 637 4273 sua
673 4217 796 4270 luce.
827 4215 1140 4280 complens,
1175 4220 1229 4265 et
1253 4211 1495 4278 seipsum
1530 4210 1683 4278 ponit
1709 4209 1778 4263 ob
1807 4207 2022 4272 oculos,
2047 4215 2104 4262 et
2143 4281 2153 4283 _

2211 4215 2452 4268 δείκνυσί
2475 4231 2531 4265 τε
2557 4213 2768 4277 ἑαυτὸν,
2793 4211 2889 4265 καὶ
2912 4213 2980 4264 τὰ
3013 4211 3104 4264 ὑπ’
3125 4213 3289 4265 αὐτὸν
3309 4213 3579 4280 γενόμενα
3599 4214 3780 4283 πράγ-

543 4305 806 4360 inferiora
879 4300 1008 4354 facit
1077 4308 1138 4354 ut
1190 4297 1436 4366 conspici
1515 4296 1783 4366 possint:
1847 4281 2153 4367 quoniaml

2223 4323 2367 4378 ματα
2401 4307 2613 4376 φανερά
2662 4305 2996 4374 καθίστησι·
3031 4303 3126 4358 καὶ
3173 4305 3282 4374 γὰρ
3337 4305 3490 4374 ἡλίου
3527 4281 3784 4374 φανέντος

542 4403 734 4451 exorto
780 4392 896 4447 sole
923 4406 1032 4445 non
1081 4404 1222 4460 Opus
1258 4395 1342 4444 est
1367 4389 1461 4459 qui
1492 4389 1650 4444 nobis
1679 4388 1854 4443 lucem
1888 4388 2111 4451 indicet,

2217 4401 2277 4454 οὗ
2302 4399 2536 4468 δεόμεθα
2565 4399 2675 4451 τῶν
2704 4397 3074 4451 διδασκόντων
3132 4397 3226 4450 καὶ
3263 4397 3622 4450 δεικνυόντων
3652 4399 3784 4467 ἡμῖν

546 4491 664 4556 ipso
721 4485 871 4540 radio
901 4483 1032 4538 solis
1066 4481 1412 4552 praesentiam
1443 4482 1807 4548 ostendente;
1860 4494 1961 4534 nec
2008 4489 2111 4543 est,

2218 4492 2280 4544 τὸ
2311 4489 2449 4558 φῶς,
2482 4489 2653 4557 αὐτῆς
2677 4491 2777 4558 τῆς
2809 4489 3026 4550 ἀκτῖνος
3059 4486 3226 4559 δήλην
3265 4488 3524 4557 ποιούσης
3550 4487 3649 4558 τὴν
3692 4488 3784 4541 τοῦ

544 4580 636 4649 qui
692 4579 835 4632 dicat
865 4576 1022 4630 alteri
1054 4593 1067 4628 :
1103 4574 1324 4628 Intuere
1355 4575 1522 4628 solem
1553 4591 1566 4628 :
1601 4574 1675 4626 ita
1703 4586 1863 4626 verus
1894 4585 2112 4640 quoque

2219 4581 2370 4650 ἡλίου
2407 4579 2719 4648 φανέρωσιν
2741 4593 2754 4606 ·
2787 4577 2897 4630 οὐδ’
2929 4578 3079 4628 ἐστιν
3121 4577 3148 4629 6
3186 4576 3364 4644 λέγων
3427 4577 3505 4645 τῷ
3539 4577 3785 4646 πλησίον.

544 4672 853 4724 divinorum
886 4670 1201 4737 dogmatum
1248 4681 1427 4720 sermo
1450 4671 1506 4720 et
1535 4672 1848 4719 sanctorum
1890 4662 2109 4716 Patrum

2217 4670 2390 4722 Βλέπε
2421 4669 2511 4722 τὸν
2546 4669 2697 4738 ἥλιον
2721 4682 2739 4701 ο
2780 4667 2924 4719 οὕτω
2977 4666 3072 4719 καὶ
3098 4668 3126 4718 ὁ
3169 4665 3278 4718 τῶν
3311 4665 3470 4719 θείων
3502 4665 3788 4734 δογμάτων

545 4762 851 4830 linguarum
901 4758 1036 4812 solis
1093 4758 1270 4811 instar
1295 4755 1580 4824 eﬂulgens,
1616 4755 1904 4828 veritatem
1938 4753 2116 4822 aperit

548 4853 863 4907 hominibus
891 4891 904 4914 ,
937 4851 1029 4920 qui
1060 4858 1244 4903 mente
1276 4861 1382 4900 non
1419 4847 1715 4900 caecutiant
1745 4862 1758 4910 ;
1797 4855 2118 4914 certamque

549 4944 706 4998 ﬁdem
759 4942 886 4996 facit
949 4942 1015 4996 de
1065 4938 1376 4994 divinorum
1429 4935 1746 4990 sinceritate
1774 4936 2111 5005 dogmatum,

545 5035 724 5104 ili-que
777 5031 1103 5100 integritate
1163 5039 1218 5082 et
1268 5027 1509 5096 puritate
1572 5025 1745 5091 fidei;
1803 5036 1856 5079 et
1916 5025 2112 5078 invitat

545 5140 758 5184 omnes,
784 5133 842 5174 nt
870 5120 933 5174 ad
962 5118 1208 5172 veritatis
1241 5124 1422 5170 castra
1453 5115 1846 5184 transfugiant.
1868 5113 1935 5168 Ut
1966 5115 2110 5168 enim

549 5215 823 5275 tenebras,
846 5227 969 5266 cum
1009 5211 1138 5264 nihil
1171 5211 1301 5273 sint,
1341 5210 1562 5264 luminis
1597 5209 1880 5278 praesentia
1918 5208 2112 5278 fugat:

548 5319 673 5357 nam
718 5302 862 5369 quod
905 5301 1040 5355 nihil
1075 5309 1194 5363 est,
1230 5300 1307 5353 rei
1336 5315 1458 5370 quae
1487 5311 1682 5353 natura
1721 5315 1820 5354 sua
1857 5309 2114 5365 constat,

549 5408 654 5447 non
698 5395 838 5445 valet
874 5392 1184 5455 obsistere;
1225 5391 1297 5442 ita
1332 5389 1500 5443 divini
1543 5389 1784 5458 Spiritus
1816 5390 2112 5444 illustratio

547 5499 642 5553 per
676 5499 830 5538 sacra
875 5482 1207 5537 deiferoruin
1248 5480 1466 5535 Patrum
1503 5481 1720 5552 eloquia
1753 5491 1804 5535 et
1830 5482 2115 5537 veritatem

2214 4760 2419 4831 ἀληθὴς
2458 4759 2614 4827 λόγος
2641 4758 2727 4811 διὰ
2777 4758 2875 4826 τῆς
2901 4756 3011 4809 τῶν
3060 4756 3222 4825 ίερῶν
3252 4756 3513 4825 Πατέρων
3542 4755 3789 4822 γλώττης

2213 4852 2639 4922 ὲμφαινόμενος,
2672 4850 2828 4920 ἡλίου
2881 4850 3039 4916 δίκην
3075 4848 3334 4917 λάμπων,
3381 4848 3481 4917 τὴν
3527 4847 3787 4916 ἀλήθειάν

2214 4959 2274 4994 τε
2310 4940 2571 5010 ἐμφαίνει
2605 4943 2715 5002 τοῖς
2756 4939 2829 5010 μὴ
2860 4939 2958 5008 τὴν
2993 4937 3238 4991 διάνοιαν
3275 4937 3672 5005 τυφλώττουσι,
3699 4939 3792 4986 καὶ

2217 5031 2606 5102 πληροφορίαν
2637 5031 2869 5099 παρέχει
2894 5028 2995 5096 τῆς
3027 5045 3084 5079 τε
3117 5028 3472 5096 είλικρινείας
3497 5027 3603 5079 τῶν
3630 5026 3790 5079 θεὲων

2215 5126 2526 5191 δογμάτων,
2558 5121 2757 5174 καὶτοῦ
2791 5121 3032 5189 καθαροῦ
3067 5121 3160 5172 καὶ
3193 5121 3380 5173 ἀδόλου
3403 5118 3502 5187 τῆς
3525 5119 3791 5182 πίστεως,

2221 5219 2316 5266 καὶ
2375 5215 2583 5272 πάντας
2621 5212 2944 5280 αὐτομολεῖν
2981 5215 3126 5264 ποιεῖ
3170 5213 3308 5282 πρὸς
3353 5212 3451 5280 τὴν
3509 5212 3792 5279 ἀλήθειαν.

2219 5305 2327 5357 Καὶ
2365 5303 2470 5372 γὰρ
2496 5301 2685 5371 ὥσπερ
2717 5304 2748 5370 ὴ
2775 5302 3055 5371 παρουσία
3086 5300 3180 5354 τοῦ
3213 5301 3392 5370 φωτὸς
3435 5300 3494 5354 τὸ
3543 5301 3796 5355 ἁνούσιον

2223 5395 2410 5456 σκότος
2451 5393 2784 5446 ἀπελαύνειο
2815 5393 2936 5445 οὐδὲ
2997 5394 3107 5462 γὰρ
3165 5392 3387 5446 δύναται
3423 5392 3486 5445 τὸ
3542 5393 3800 5446 ἀνούσιον

2225 5487 2360 5555 πρὸς
2392 5486 2451 5538 τὸ
2489 5484 2729 5536 ἐνούσιον
2758 5484 3094 5537 ἀντιϐαίνειν
3120 5501 3132 5514 ·
3157 5484 3302 5538 οὕτω
3334 5485 3430 5538 καὶ
3467 5486 3500 5555 ἡ
3534 5485 3628 5538 τοῦ
3651 5486 3798 5540 θείου

606 5660 680 5722 (ι)
707 5662 984 5722 Ιιιιθτρνριθ
1009 5661 1148 5709 Joan.
1169 5660 1396 5724 Matutae
1431 5660 1769 5724 Cari-Ophyllo.
1802 5659 1983 5717 Labbe,
2003 5659 2149 5711 Comi

2223 5667 2338 5710 tom.
2361 5659 2488 5711 Xlll.
2507 5657 2654 5709 Marci
2689 5658 2901 5720 epistola
2927 5659 3061 5710 edita
3083 5662 3162 5710 est
3183 5660 3230 5708 in
3252 5659 3524 5724 τόμφίτάκης
3553 5659 3799 5721 Dosithei,

557 5719 726 5774 ltssim
753 5728 800 5773 in
839 5719 1096 5782 liloldavia,
1126 5735 1254 5771 anno
1285 5722 1416 5771 l698.
