4112 6274
1570 380 1874 440 CONTRA
1908 382 2333 449 EPHESIUM.

314 477 631 580 Ρνεύματος
664 482 930 555 ἕλλαμψις
961 488 1048 543 διὰ
1080 490 1175 559 τῆς
1193 492 1301 544 τῶν
1330 492 1603 563 θεοφόρων
1627 496 1865 563 Πατέρωε

1990 499 2159 568 ipsam
2207 503 2495 570 declarat;
2558 514 2611 561 et
2670 522 2733 560 ea
2797 520 3146 577 usurpantes,
3200 517 3554 580 mentemque

315 568 601 636 θεολογίας
631 575 726 641 τήν
754 592 812 627 τε
860 578 1122 648 ἀλήθειαν
1184 583 1463 651 ὲμφαίνει,
1501 585 1624 648 τούς
1676 605 1735 638 τε
1793 589 1882 640 λέ·-

314 674 518 728 γοντας
547 664 640 715 καὶ
676 666 975 735 ἐχομένους
1018 672 1116 739 τῆς
1149 672 1357 726 τούτων
1414 675 1655 739 διανοίας
1688 678 1719 743 ἢ
1756 696 1884 746 συγ-

322 752 634 819 γράφοντας
664 756 915 825 φωτίζει,
942 761 1037 813 καὶ
1082 764 1196 824 τοῖς
1239 764 1500 818 ἀκούουσι
1531 766 1622 818 τὸν
1681 767 1885 820 ἄνωθεν

323 841 594 909 σωτήριον
622 847 912 915 φωτισμὸν
973 851 1354 921 ὲπιόραόεύει.
1386 856 1611 911 Ἕνεκεν
1658 858 1749 911 οὖν
1788 861 1885 928 τῆς

320 930 502 1000 κοινῆς
530 933 738 1005 ταύτης
786 939 1075 1007 ὡφελείας,
1117 946 1208 998 καὶ
1241 947 1338 1014 τῆς
1370 949 1624 1019 ἀληθείας
1657 953 1885 1019 ἀνευρέ-

321 1037 460 1085 σεως
494 1026 641 1095 (ἥτις
665 1027 879 1097 ὀφείλει
910 1032 1271 1104 ξητεῖσθαιοὺ
1301 1039 1459 1109 μόνον
1482 1043 1575 1094 ἐπὶ
1612 1044 1709 1096 τῶν
1727 1044 1886 1097 θείων

313 1112 623 1182 δογμάτων,
651 1120 788 1174 ἀλλὰ
810 1125 901 1175 καὶ
939 1126 1030 1179 ἐπὶ
1059 1131 1258 1191 παντὸς
1317 1131 1477 1184 ἄλλου
1536 1136 1881 1202 πράγματος,

314 1206 494 1270 καθώς
560 1228 728 1281 φησιν
782 1218 809 1267 ὁ
867 1218 1107 1285 Κύριος·
1139 1224 1380 1288 Ζητεῖτε
1435 1225 1532 1277 καὶ
1571 1227 1883 1299 εὑρήσετε)

312 1299 523 1369 ταύτην
558 1305 650 1357 καὶ
679 1308 844 1375 ἡμεῖς
875 1310 1273 1382 ὲκζνητήσωμεν
1329 1316 1389 1367 ἐκ
1440 1316 1541 1385 τῆς
1586 1319 1695 1370 τῶν
1738 1319 1883 1373 διδαο

313 1392 531 1446 σκάλων
562 1397 868 1467 θεολογίας,
907 1405 1001 1457 καὶ
1056 1407 1155 1476 τὴν
1212 1408 1606 1477 αὑτοαλήθειαν
1649 1413 1883 1481 Χριστὸν

307 1482 402 1534 τὸν
431 1483 567 1537 Θεὸν
618 1489 779 1557 ἡμῶν
815 1493 1207 1565 ίκετεύσωμεν,
1259 1498 1407 1559 ὅπως
1458 1497 1552 1550 τὸν
1603 1501 1882 1570 φωτισμὸν

308 1575 405 1628 καὶ
436 1578 536 1645 τὴν
572 1578 781 1634 ἄνωθεν
812 1584 975 1653 χάριν
1027 1588 1400 1657 καταπέμψας
1454 1592 1778 1663 καταυγάσῃ
1826 1594 1883 1645 τὸ

302 1666 408 1736 τῆς
430 1669 673 1734 διανοίας
734 1674 893 1744 ἡμῶν
930 1677 1105 1745 ὄμμα,
1168 1683 1248 1743 εἰς
1280 1682 1340 1733 τὸ
1382 1683 1457 1752 μὴ
1512 1684 1742 1737 κατόπιν
1782 1685 1883 1752 τῆς

1990 592 2281 649 doctorqu
2342 608 2636 666 sequentes
2678 601 3094 669 scribentesque
3159 600 3451 665 illuminat,
3495 612 3546 656 et

1988 684 2335 740 audientibus
2366 688 2659 743 salutarem
2692 690 2926 758 desuper
2958 691 3419 745 illuminationem
3448 692 3531 745 lar

1988 774 2155 842 gitur.
2217 776 2402 846 Itaque
2436 780 2501 833 ad
2538 796 2881 835 communem
2933 783 3074 835 hanc
3127 782 3373 836 omnium
3410 782 3548 835 utili-

1988 872 2179 928 tatem,
2207 876 2259 919 et
2293 868 2542 925 veritatis
2571 871 3014 928 adinventionem
3051 874 3195 942 (quas
3226 888 3333 926 non
3372 873 3546 926 solum

1989 953 2040 1005 in
2082 953 2283 1011 divinis
2319 958 2687 1028 dogmatibus,
2716 963 2811 1018 sed
2842 963 3008 1017 etiam
3041 963 3235 1033 quavis
3261 962 3367 1016 alia
3403 963 3457 1015 in
3492 977 3545 1016 re

1986 1047 2155 1109 qumri
2202 1047 2361 1101 debet
2403 1048 2557 1118 juxta
2607 1052 2815 1105 dictum
2858 1051 3071 1107 Domini
3138 1072 3152 1108 :
3217 1053 3450 1118 Quwrite
3501 1063 3546 1105 et

1988 1137 2266 1191 invenietis
2309 1138 2349 1208 ‘)
2383 1139 2526 1193 illam
2558 1148 2613 1195 et
2637 1157 2736 1196 nos
2763 1144 3146 1211 perquiramus
3169 1158 3232 1197 ex
3265 1142 3545 1199 doctorunl

1987 1229 2311 1294 sententiis;
2367 1229 2611 1300 fusisque
2643 1235 2709 1286 ad
2736 1233 3014 1287 Christum
3068 1232 3238 1287 Deum
3272 1243 3547 1293 nostrum.

1987 1321 2079 1388 qui
2112 1322 2226 1390 ipsa
2264 1323 2464 1377 veritas
2494 1333 2616 1387 est,
2652 1326 2905 1393 precibus
2958 1332 3232 1393 petamus,
3285 1332 3345 1378 ut
3384 1325 3547 1379 missa

1990 1426 2089 1466 nos
2146 1413 2265 1467 luce
2294 1428 2407 1467 suae
2436 1415 2623 1482 gratiae
2650 1455 2663 1477 ,
2697 1417 2897 1470 mentis
2934 1422 3136 1468 nostrae
3173 1415 3392 1469 oculum
3427 1414 3545 1467 illu-

1987 1511 2146 1562 strct.
2200 1518 2271 1556 ne
2325 1506 2552 1571 quaesita
2612 1508 2818 1561 veritas
2846 1522 2948 1561 nos
2973 1505 3218 1574 effugiat.
3248 1505 3367 1572 ipse
3400 1506 3547 1558 enim

1985 1604 2071 1647 est
2109 1595 2201 1662 qui
2245 1596 2383 1649 dixit
2414 1614 2429 1650 :
2474 1596 2601 1652 Sine
2629 1614 2707 1649 me
2744 1598 2880 1650 nihil
2909 1600 3125 1664 potestis
3156 1596 3331 1665 facere
3360 1596 3380 1626 '
3413 1614 3427 1661 ;
3455 1606 3505 1649 et
3532 1614 3544 1649 :

1987 1685 2171 1739 Omnis
2200 1689 2292 1755 qui
2321 1688 2450 1755 petit
2475 1730 2485 1751 ,
2521 1690 2709 1755 accipit
2750 1691 2792 1742 ³.
2824 1688 2958 1744 Cum
2987 1689 3059 1743 sit
3087 1689 3232 1742 enim
3265 1688 3382 1757 ipsa
3408 1687 3547 1741 veri-

302 1761 571 1861 ἀληθεὶας
598 1765 774 1819 ἐλθεῖν
795 1783 807 1796 ·
859 1768 1022 1831 αὐτὸς
1078 1770 1188 1839 γάρ
1222 1772 1371 1826 ἐστιν
1398 1774 1426 1825 ό
1460 1774 1627 1827 εἰπών
1648 1793 1661 1806 ·
1696 1778 1865 1844 Χωρὶς

1988 1785 2089 1837 tas,
2129 1791 2256 1829 vera
2291 1778 2561 1846 reQuirit,
2598 1787 2653 1832 ul
2711 1786 2944 1833 testatur
2973 1788 3029 1832 et
3066 1786 3291 1833 sanctus
3329 1776 3493 1828 David
3530 1796 3544 1830 :

301 1849 456 1920 ἐμοῦ
493 1857 565 1908 οὐ
597 1855 864 1913 δύνασθε
888 1861 1085 1914 ποιεῖν
1120 1862 1304 1917 οὐδέν
1329 1880 1343 1894 ο
1377 1866 1471 1918 καί
1505 1883 1520 1898 ·
1579 1866 1699 1933 Πᾶς
1731 1868 1761 1920 ὀ
1788 1871 1874 1922 ai-

300 1942 428 1997 τῶν
456 1949 771 2017 λαμϐάνει.
806 1952 1183 2022 Αὑτοαλήθεια
1212 1956 1320 2023 γὰρ
1359 1956 1434 2009 ὢν
1475 1959 1734 2028 ἀληθείας
1782 1962 1873 2013 ὲκ-

300 2034 483 2103 ζητεῖ,
539 2039 722 2103 καθὼς
764 2043 858 2094 καὶ
924 2044 1065 2107 θεῖος
1112 2045 1275 2099 Δαυῒδ
1325 2048 1522 2115 φησιν’
1558 2050 1873 2117 Ἀληθείας

298 2127 540 2195 ἐκζητεῖ
591 2133 844 2199 Κύριοςο
907 2134 1038 2187 καί*
1115 2138 1436 2205 Ἀλήθειαν
1460 2141 1787 2209 μελετήσει
1839 2143 1869 2194 ὁ

296 2220 539 2290 ,λάρυγξ
572 2240 714 2291 μου.
761 2225 912 2278 Ἐπεὶ
940 2222 1031 2279 οὖν
1068 2228 1165 2280 καὶ
1203 2232 1230 2282 ὁ
1263 2230 1545 2299 αίδέσιμος
1577 2224 1732 2296 οὗτος
1760 2237 1873 2298 τοῖς

298 2315 621 2385 ἁπανταχοῦ
657 2318 762 2388 γῆς
788 2320 1093 2375 ἐπιστέλλει
1122 2324 1219 2376 καὶ
1245 2324 1354 2377 τῶν
1406 2324 1590 2394 νήσων
1616 2325 1871 2394 εὕρισκο-

303 2406 492 2473 μένοις
513 2409 891 2479 Χριπιανυτς,
921 2412 999 2478 ὡς
1028 2413 1093 2467 ἂν
1126 2416 1189 2467 ὲκ
1232 2414 1340 2467 τῶν
1370 2416 1470 2485 ήδη
1507 2416 1640 2485 πρὸς
1675 2416 1870 2481 αὐτοὺς

295 2498 730 2569 δπεσταλμένων
781 2503 883 2571 τὴν
919 2502 1020 2573 τῆς
1076 2504 1311 2567 πίστεως
1340 2506 1603 2575 ἀλήθειαν
1642 2508 1869 2571 λάϐωσι,

296 2592 394 2644 καὶ
422 2593 553 2655 τοὺς
590 2594 700 2647 τῶν
738 2595 985 2650 Λατίνων
1014 2595 1210 2651 ἕνωσιν
1244 2598 1554 2669 τηροῦντας
1593 2604 1871 2673 ἀποστρα-

297 2684 467 2750 φῶσι,
506 2685 638 2757 φέρε
674 2687 770 2739 καὶ
798 2688 985 2770 ἡμεῖς-
1021 2689 1195 2743 ταῦτα
1240 2691 1305 2758 δὴ
1369 2691 1439 2744 τά
1491 2680 1869 2765 ἐπεσταλμένα

292 2776 647 2847 ἐξετάσωμεν
673 2795 688 2810 °
724 2781 818 2834 καὶ
857 2782 907 2833 εί
962 2783 1061 2853 μὲν
1092 2783 1119 2834 ό
1179 2784 1363 2851 τίμιος
1403 2778 1559 2848 οὗτος
1587 2786 1686 2855 τῆς
1738 2788 1869 2855 ἀληο

294 2866 450 2928 θείας
475 2868 682 2936 ἔχεται,
713 2871 807 2923 καὶ
830 2872 997 2939 ἡμεῖς
1052 2872 1170 2939 μετ’
1193 2871 1359 2925 αὐτοῦ
1398 2875 1707 2944 στησόμεθα
1734 2876 1866 2929 ταύ-

295 2974 399 3026 την
429 2958 926 3030 άνακηρύττοντες,
981 2962 1076 3015 καὶ
1131 2962 1296 3015 αὑτὸν
1349 2964 1761 3032 μεγαλύνοντες,
1793 2966 1869 3032 ὡς

292 3050 396 3115 τῆς
422 3050 681 3118 ἀληθείας
710 3051 970 3121 ἐχόμενον
996 3067 1012 3083 ο
1063 3054 1111 3105 εἰ
1141 3053 1198 3105 δὲ
1231 3054 1423 3123 πόρρω
1471 3073 1574 3108 που
1605 3057 1703 3127 τῆς
1736 3058 1869 3127 ἀλη-

1995 1864 2280 1919 Veritatem
2309 1870 2529 1937 requirit
2567 1869 2823 1923 Dominus
2858 1870 2912 1934 ";
2965 1875 3018 1923 et
3047 1886 3060 1922 :
3116 1867 3404 1924 Veritatem
3431 1884 3544 1919 me-

1980 1956 2241 2009 ditabitur
2281 1968 2465 2028 guttur
2492 1976 2662 2014 meum
2688 1961 2731 2016 ⁵.
2752 1958 3022 2025 Quoniam
3053 1972 3185 2026 ergo
3219 1957 3545 2011 venerabilis

1981 2045 2065 2099 Inc
2099 2047 2179 2099 vir
2213 2047 2407 2101 scribit
2450 2049 2514 2103 ad
2570 2064 2763 2103 omnes
2803 2048 3003 2118 ubique
3034 2057 3303 2103 terrarum
3338 2049 3543 2102 insula-

1982 2154 2212 2205 rumque
2267 2140 2475 2194 incolas
2541 2139 2918 2203 Christianos,
2951 2150 3041 2204 ut,
3082 2139 3540 2208 quemadmodum

1980 2231 2258 2300 pcforibus
2303 2232 2416 2287 suis
2443 2232 2557 2301 jam
2591 2232 2999 2302 significaverat
3031 2231 3250 2297 litteris,
3293 2231 3415 2284 lldei
3446 2246 3541 2283 vc-

1980 2325 2199 2377 ritatem
2235 2324 2552 2393 accipiant,
2602 2332 2652 2377 et
2690 2333 3012 2378 aversentur
3045 2338 3162 2387 eos,
3205 2323 3297 2390 qui
3328 2331 3538 2388 pactam

1979 2432 2101 2470 cum
2140 2415 2349 2471 Latinis
2391 2417 2648 2471 unionem
2703 2425 2927 2471 tuentur
2974 2436 2988 2482 ;
3044 2432 3141 2486 age
3187 2430 3285 2469 nos
3326 2430 3545 2483 quoque

1977 2507 2357 2561 examinemus
2416 2508 2527 2561 haec
2577 2508 2694 2576 ipsa
2735 2522 2855 2577 qua:
2889 2508 3080 2563 scribit
3112 2525 3127 2570 ;
3158 2516 3212 2561 et
3243 2508 3288 2561 si
3322 2507 3540 2576 quidem

1976 2599 2225 2669 egregius
2277 2599 2360 2653 vir
2414 2615 2443 2653 a
2490 2601 2721 2653 veritate
2778 2615 2885 2654 non
2926 2600 3207 2660 abhorret,
3241 2614 3341 2652 nos
3378 2598 3540 2651 etiam

1978 2703 2099 2742 cum
2135 2686 2255 2757 ipso
2299 2688 2570 2742 stabimus
2600 2704 2718 2742 eam
2762 2688 3217 2757 depraadicantes,
3252 2688 3544 2756 ipsumque

1978 2779 2231 2836 laudibus
2265 2779 2616 2845 extollentes,
2656 2790 2845 2849 utpote
2871 2781 3125 2836 veritatis
3155 2780 3429 2841 amicum;
3460 2778 3541 2831 sin

1977 2878 2157 2924 autem
2187 2871 2344 2942 longe
2368 2872 2589 2926 aberrat
2622 2886 2651 2924 a
2690 2872 2944 2936 veritate,
2968 2870 3195 2940 prolatis
3228 2877 3542 2924 sanctorum

1975 2961 2157 3027 dictis,
2179 2961 2355 3029 palam
2384 2962 2690 3031 legentibus
2717 2962 3005 3026 faciemus,
3027 2960 3158 3030 quid
3179 2958 3243 3014 ad
3265 2959 3382 3028 ejus
3409 2960 3542 3011 seri.

1974 3060 2064 3120 pta
2096 3053 2561 3121 respondeamus;
2589 3063 2647 3107 ut
2680 3054 3004 3123 intelligant,
3041 3060 3161 3106 utra
3195 3066 3319 3119 pars
3352 3065 3541 3105 verum

297 3140 450 3204 θείας
480 3142 653 3209 λέγει,
684 3144 752 3195 τὰ
785 3142 894 3195 τῶν
929 3143 1101 3211 ἁγίων
1153 3143 1418 3214 Πατέρων
1457 3148 1772 3215 προθέντες,
1803 3150 1865 3202 δι’

1976 3144 2141 3208 dicat,
2175 3153 2228 3198 et
2274 3159 2462 3199 secum
2501 3145 2751 3200 veritatis
2792 3144 3085 3199 candorem
3139 3142 3383 3206 habeat;
3422 3156 3542 3209 qua:

294 3232 481 3285 αὐτῶν
511 3232 611 3302 τὴν
638 3233 941 3301 ἀπολογίαν
968 3236 1080 3297 τοῖς
1118 3235 1508 3305 ἐντυγχάνουσι
1562 3239 1868 3308 κατάδηλον

292 3324 617 3392 ποιήσομεν*
678 3324 827 3384 ὅπως
862 3323 1084 3391 γνῶσιν,
1134 3327 1395 3394 ὁπότερον
1454 3329 1619 3398 μέρος
1655 3329 1867 3399 τάληθῆ

290 3412 461 3480 λέγει,
489 3413 591 3466 καὶ
616 3413 676 3465 τὸ
702 3412 1029 3485 λευκότερον
1075 3415 1195 3483 μεθ’
1227 3418 1426 3471 ἑαυτοῦ
1454 3420 1587 3488 ἔχει,
1619 3420 1700 3483 τίς
1738 3420 1808 3479 δὲ,
1840 3422 1868 3473 ὁ

292 3505 909 3575 παρασυλλογιζόμενος
941 3506 1035 3559 καὶ
1060 3507 1128 3559 τὰ.
1152 3507 1327 3577 ψευδῆ
1350 3508 1528 3577 λέγων
1563 3510 1659 3563 καὶ
1685 3512 1868 3576 ἀμαυ-

292 3596 381 3665 ρά.
438 3596 581 3649 Ἀλλ’
603 3597 724 3649 ἐπεὶ
758 3598 851 3649 καὶ
901 3596 1069 3667 ἄμφω
1102 3598 1171 3651 τά
1223 3599 1364 3669 μέρη
1418 3600 1579 3665 αὑτός
1608 3619 1665 3653 τε
1696 3602 1863 3670 δηλοῖ,

293 3691 388 3741 καὶ
420 3691 585 3758 ἡμεῖς
616 3693 674 3743 τὸ
699 3693 952 3761 κρεῖττον
989 3693 1082 3746 καὶ
1112 3693 1316 3763 ἀληθὲς
1363 3696 1619 3765 κατέχειν
1650 3697 1864 3766 νομίζο-

293 3798 419 3850 μεν,
455 3782 690 3836 ἔπεσθαι
742 3784 963 3846 πάντως
1011 3786 1223 3855 ἀνάγκη
1270 3788 1395 3848 ταῖς
1441 3787 1550 3839 τῶν
1594 3787 1863 3857 θεοφόρων

294 3875 558 3944 Πατέρων
585 3876 917 3945 μαρτυρίαις
954 3876 1146 3947 ὥσπερ
1177 3878 1353 3946 φωτί·
1382 3878 1467 3930 ἵνα
1498 3878 1590 3931 δύο
1635 3880 1860 3949 χρωμά-

290 3982 398 4018 των
425 3966 616 4028 ὄντων,
648 3966 884 4035 ἐρυθροῦ
910 3984 968 4019 τε
1004 3969 1097 4021 καὶ
1130 3968 1382 4037 μέλανος,
1416 3969 1645 4021 ἑκάστου
1680 3969 1861 4039 λέγον-

285 4073 374 4118 τος
409 4056 471 4107 τὸ
501 4056 729 4125 ἐρυθρὸν
760 4060 1013 4129 κατέχειν
1050 4059 1146 4111 καὶ
1229 4058 1512 4127 βασιλικὸν
1572 4060 1664 4112 καὶ
1724 4062 1860 4131 χρή-

286 4162 462 4212 σιμον,
520 4145 607 4198 διὰ
654 4148 713 4198 τὸ
769 4148 873 4200 ὑπὸ
906 4147 999 4200 τοῦ
1060 4149 1238 4215 φωτὸς
1291 4148 1366 4219 μὴ
1426 4149 1748 4219 ἐλέγχεσθαι
1798 4154 1858 4205 τὸ

283 4237 537 4297 ἑκάστου,
570 4238 666 4290 τοῦ
696 4238 796 4307 μὲν
836 4241 869 4309 ἡ
894 4240 1093 4309 πλάνη,
1124 4240 1218 4293 τοῦ
1256 4242 1310 4293 δὲ
1338 4243 1630 4312 φανερωθῇ
1666 4245 1698 4314 ἡ
1728 4245 1857 4313 ἀλή-

283 4329 401 4381 θεια
423 4345 440 4361 ο
475 4329 575 4382 οὐκ
607 4330 831 4383 ἂλλοθεν
855 4331 912 4382 δὲ
942 4332 1002 4383 τὸ
1036 4332 1172 4400 φῶς,
1200 4332 1274 4395 ὡς
1301 4333 1544 4403 εἴρηται,
1571 4336 1618 4386 εἰ
1652 4334 1726 4404 μὴ
1757 4336 1858 4389 ὑπὸ

279 4423 387 4473 τῶν
422 4422 700 4491 θεοφόρων
734 4424 828 4475 καὶ
855 4422 1028 4489 ἁγίων
1068 4425 1352 4495 Πατέρων,
1392 4426 1592 4483 οἵτινες
1619 4427 1725 4479 ὑπὸ
1759 4427 1853 4480 τοῦ

1975 3243 2163 3289 contra
2220 3235 2429 3288 vitiosis
2465 3245 2649 3289 utatur
2681 3236 3044 3307 syllogismis,
3081 3243 3136 3289 et
3182 3232 3529 3289 obscuritate

1976 3329 2247 3383 mendacii
2311 3330 2641 3384 tenebrosis.
2689 3329 2794 3384 Sed
2858 3331 3121 3399 quoniam
3171 3328 3286 3394 ipse
3337 3327 3541 3397 profert

1973 3435 2089 3488 qua:
2121 3430 2249 3474 sunt
2282 3421 2569 3490 utriusque
2602 3420 2773 3490 partis
2799 3461 2812 3483 ,
2850 3431 2903 3474 et
2938 3435 3037 3474 nos
3075 3422 3282 3475 sentire
3318 3418 3535 3480 melius,

1970 3522 2023 3567 et
2053 3514 2339 3566 veritatem
2365 3528 2393 3566 a
2425 3512 2581 3567 nobis
2614 3528 2734 3567 esse
2766 3512 3118 3574 arbitramur,
3149 3519 3231 3563 est
3256 3511 3411 3577 plane
3446 3523 3538 3561 ne-

1970 3604 2271 3658 cessuium
2331 3614 2650 3657 sanctorum
2719 3602 2940 3655 Patrum
3001 3602 3157 3669 sequi
3219 3601 3533 3657 testimonTa

1969 3694 2127 3763 quasi
2185 3693 2359 3747 facem
2427 3693 2845 3759 prtelucentem,
2878 3703 2933 3747 ut
2964 3692 3133 3747 veluti
3161 3692 3376 3746 duobus
3414 3710 3537 3763 pru-

1968 3785 2166 3855 positis
2219 3784 2518 3848 coloribus,
2568 3784 2734 3839 rubro
2776 3793 2832 3839 et
2864 3784 3044 3855 nigro,
3082 3784 3125 3838 si
3161 3774 3537 3854 unusquisque

1966 3876 2113 3929 dicat
2166 3891 2224 3930 se
2287 3877 2509 3929 rubrum
2545 3883 2598 3928 et
2630 3875 2839 3945 regium
2878 3885 2931 3930 et
2970 3874 3274 3944 pretiosum
3309 3875 3530 3939 habete,

1968 3983 2075 4020 nou
2141 3973 2410 4036 praesente
2470 3967 2699 4030 lumine,
2753 3982 2849 4035 per
2896 3966 3040 4036 quod
3074 3967 3312 4021 discerni
3358 3968 3533 4037 puSsit

1967 4060 2095 4126 quid
2136 4061 2370 4128 quisque
2408 4060 2605 4114 habeat
2633 4098 2646 4121 ,
2686 4060 3057 4130 perspiciatur
3087 4061 3230 4125 luce,
3258 4061 3383 4129 quis
3424 4059 3533 4112 fal-

1963 4166 2109 4216 sum,
2147 4152 2271 4220 quis
2328 4166 2513 4205 verum
2572 4160 2801 4206 asserat.
2832 4152 2997 4206 Porro
3047 4152 3228 4207 lumen
3274 4154 3373 4205 hoc
3422 4167 3530 4206 non

1962 4242 2202 4307 aliunde,
2267 4258 2432 4311 quam
2482 4257 2510 4295 a
2556 4241 2662 4296 Deo
2698 4243 2871 4312 plenis
2897 4244 3105 4299 sanctis
3136 4244 3391 4298 Patribus
3434 4244 3530 4296 ha—

1962 4332 2074 4386 beri
2132 4342 2332 4402 potest,
2382 4344 2440 4388 ut
2496 4336 2778 4389 diximus:
2838 4335 2929 4402 qui
2996 4351 3024 4389 a
3086 4345 3279 4389 sancto
3322 4335 3528 4404 Spiritu

1962 4424 2221 4478 illustrati
2268 4440 2365 4493 per
2399 4426 2649 4480 veritatis
2687 4426 2981 4496 dogmata,
3026 4412 3159 4481 solis
3194 4426 3369 4480 instar
3404 4427 3528 4479 illu-

280 4514 420 4566 θείου
466 4514 1213 4585 Πνεῦματοςἐλλαμφθέντες
1273 4520 1391 4577 τοῖς
1442 4518 1542 4585 τῆς
1595 4519 1852 4587 ἀληθείας

1972 4517 2173 4568 minant
2221 4532 2315 4570 eos
2373 4517 2463 4584 qui
2502 4525 2615 4569 tota
2652 4525 2837 4569 mente
2868 4517 3189 4584 exquirunt,
3219 4525 3273 4570 et
3301 4532 3524 4570 sensum

275 4604 532 4674 δόγμασι,
583 4606 742 4675 δίκην
775 4606 927 4677 ἡλίου
962 4605 1261 4675 φωτίζουσι
1323 4607 1447 4669 τοὺς
1485 4606 1853 4677 ἐκζητοῦντας

1958 4606 2176 4659 illorum
2232 4605 2722 4661 scrutantur.Nam
2766 4606 2841 4659 illi
2886 4604 3165 4660 desiderio
3194 4606 3523 4661 incensiex-

1956 4698 2285 4768 quisierunt,
2312 4707 2367 4752 et
2412 4698 2766 4768 exquirentes
2807 4698 3159 4761 invenerunt,
3208 4704 3268 4750 ut
3317 4696 3392 4750 ait
3427 4694 3527 4750 Sa-

1954 4788 2191 4859 pientia:
2227 4787 2333 4853 Qui
2363 4798 2607 4859 quierunt
2638 4805 2738 4855 me,
2800 4787 3061 4841 invenient
3095 4804 3175 4841 me
3209 4788 3231 4820 ‘
3262 4803 3278 4852 ;
3335 4795 3391 4842 et
3422 4803 3523 4843 nos

1952 4883 2019 4936 ad
2057 4882 2157 4936 hoc
2187 4882 2327 4936 idem
2365 4880 2674 4936 faciendum
2708 4882 3022 4940 hortantur,
3059 4894 3126 4934 ne
3162 4879 3400 4935 litteram
3435 4896 3523 4935 sco

1951 4985 2183 5043 quentes
2210 4972 2437 5039 nudam,
2473 4984 2533 5029 ut
2560 4973 2754 5039 Judaei,
2791 4972 2857 5027 ad
2891 4971 3174 5027 veritatem
3208 4972 3380 5043 ipsum
3415 4988 3519 5025 non

1953 5070 2357 5141 perveniamus.
2386 5067 2497 5120 lloc
2523 5079 2653 5119 sane
2684 5074 2796 5118 tum
2826 5061 3022 5130 reliqui
3050 5060 3261 5126 Patres,
3280 5072 3395 5116 tum
3420 5061 3521 5115 Ba-

1952 5160 2111 5214 silius
2168 5159 2398 5227 Magnus
2463 5156 2639 5224 primo
2715 5163 2914 5207 contra
2987 5150 3315 5206 Eunomium
3382 5153 3520 5206 libro

1949 5256 2149 5308 docet:
2194 5251 2251 5305 Si
2294 5250 2417 5321 quis
2460 5248 2630 5311 enim,
2686 5246 2886 5314 inquit,
2942 5247 3090 5299 nulla
3127 5246 3521 5315 disquisitione

1950 5344 2191 5398 adhibita
2244 5356 2357 5396 rem
2397 5340 2469 5393 ita
2521 5334 2939 5406 intelligendam
2998 5351 3121 5390 esse
3186 5335 3516 5397 contendat,

273 4701 578 4771 ὁλοσχερῶς
610 4702 704 4755 καὶ
742 4704 834 4755 τὸν
889 4702 1015 4756 νοῦν
1044 4703 1222 4756 αὐτῶν
1276 4703 1636 4771 ἐρευνῶντας.
1675 4705 1851 4774 Ποθή-

277 4808 471 4855 σαντες
499 4794 609 4863 γάρ
639 4794 1001 4864 ἐξεζήτησαν,
1050 4796 1145 4847 καὶ
1205 4796 1615 4866 ἐκζητήσαντες
1668 4797 1846 4868 εὖρον,

271 4881 343 4945 ῶς
376 4885 590 4953 φησινὴ
613 4886 787 4953 Σοφία
808 4901 821 4916 ·
852 4888 918 4938 Οἱ
944 4883 1262 4953 ζητοῦντές
1277 4904 1353 4955 με
1378 4890 1487 4956 γὰρ
1512 4888 1850 4956 εὑρήσουσι

265 4988 361 5039 με·
394 4978 489 5024 καὶ
524 4974 673 5043 ἡμᾶς
713 4977 792 5035 είς
824 4975 983 5028 τοῦτο
1015 4976 1440 5047 προτρέπουσιν,
1474 4979 1560 5031 ἵνα
1594 4980 1669 5050 μὴ
1698 4980 1841 5050 ψιλῷ

268 5063 344 5134 τῷ
369 5065 664 5134 γράμματι
691 5066 788 5136 τῆς
815 5066 1073 5137 ἀληθείας
1126 5070 1476 5140 ἐκπέσωμεν,
1512 5071 1588 5133 ὡς
1617 5072 1665 5123 οἱ
1710 5074 1842 5125 Ἰου-

268 5156 427 5212 δαῖοι.
463 5156 634 5209 Τοῦτο
660 5158 759 5211 σὺν
799 5162 911 5221 τοῖς
945 5159 1127 5223 ἄλλοις
1156 5161 1404 5231 Πατράσι
1428 5161 1520 5215 καὶ
1566 5162 1842 5228 Βασίλειος

268 5248 506 5313 όΜέγας
530 5250 590 5301 ὲν
619 5249 697 5319 τῷ
734 5250 855 5304 κατ’
884 5253 1155 5323 Εὐνομίου
1213 5253 1419 5325 πρώτῳ
1460 5256 1605 5325 λόγῳ
1634 5258 1796 5325 φησίν
1824 5272 1837 5286 ·

267 5337 363 5405 ὡς,
396 5338 464 5392 Εἴ
487 5358 570 5403 τις
604 5341 984 5409 ἀϐασανίστως
1011 5348 1151 5400 κατὰ
1176 5345 1275 5415 τὴν
1304 5347 1593 5417 πρόχειρον
1616 5348 1842 5418 ἐκδοχὴν

275 5427 414 5497 ψιλῷ
453 5432 827 5500 παρίστασθαι
861 5436 1197 5505 φιλονεικοίη
1232 5437 1311 5506 τῷ
1362 5438 1672 5507 πράγματι,
1703 5439 1839 5504 πρὸς

1972 5446 2008 5486 ιι
2052 5449 2170 5486 sese
2220 5431 2395 5501 primo
2445 5428 2604 5485 offert
2655 5436 2905 5496 aspectu,
2958 5430 3003 5481 is
3060 5428 3125 5479 ad
3164 5423 3423 5479 Judaicas
3458 5433 3515 5477 et

1946 5526 2153 5581 seniles
2205 5524 2420 5579 fabulas
2460 5521 2779 5586 devolutus,
2818 5522 2973 5588 inops
3006 5518 3228 5572 Omnino
3269 5531 3296 5568 ιι
3339 5515 3515 5570 sensi-

1954 5620 2057 5673 bus
2082 5618 2193 5671 Deo
2256 5615 2437 5687 dignis
2487 5623 2869 5670 consenescct.
2934 5611 3123 5679 Itaque
3180 5609 3323 5677 quod
3387 5621 3514 5677 pro-

279 5518 605 5586 Ίουδαῖκοὺς
629 5527 725 5579 καὶ
745 5527 1015 5597 γραώδεις
1048 5528 1252 5598 μύθους
1307 5530 1661 5598 ἀνατραπεὶς,
1694 5547 1837 5581 πτω-

267 5609 359 5679 χδς
390 5614 670 5679 παντελῶς
700 5617 810 5670 τῶν
833 5619 1001 5684 ἀξίων
1031 5620 1160 5690 περὶ
1192 5610 1328 5673 Θεοῦ
1352 5621 1637 5688 νοημάτων
1664 5638 1831 5673 κατα-

2521 5795 2677 5852 Hor.
2718 5807 2767 5846 v‘.
2796 5806 2831 5858 ι,
2865 5791 2915 5842 7ο.
2996 5791 3015 5819 ⁸
3050 5790 3176 5856 Sap.
3208 5806 3279 5853 vi,
3317 5791 3399 5842 l3.

333 5790 351 5823 ⁸
380 5788 570 5849 Matth.
605 5810 696 5861 vn,
729 5797 785 5852 7.
864 5799 882 5829 '
918 5797 1077 5854 Joan.
1105 5815 1193 5867 xv,
1235 5798 1286 5853 5.
1369 5800 1386 5829 ³
1412 5798 1601 5853 Matth.
1630 5815 1721 5864 νυ,
1757 5800 1807 5853 8.
1908 5799 1925 5829 ⁷⁵
1959 5798 2105 5853 Psal.
2144 5814 2273 5866 xxx,
2305 5796 2391 5853 ει
