4112 6274
580 417 679 487 illi

1478 384 1864 478 GREGORII
1892 413 2197 478 mune
2225 414 2338 478 cr.
2383 414 2898 481 PATRIARCHE

3712 418 3810 483 116

576 537 851 598 misimus,
891 531 1226 588 venerabilis
1278 532 1505 602 Ephesii
1557 532 1704 588 dicta
1737 532 1890 602 prius
1922 532 2140 601 singula

2262 535 2500 605 γηράσει.
2538 535 2692 608 Kurd;
2721 536 2853 604 γοῦν
2879 536 2978 606 τὴν
2997 533 3336 604 ἐπαγγελίαν
3361 532 3522 604 ἡμῶν
3553 535 3814 608 πρότερον

575 634 917 696 exponentes
943 665 959 690 ,
1013 633 1127 679 tum
1175 631 1396 682 nostras
1427 625 1594 681 etiam
1628 625 2019 694 responsiones
2049 638 2144 692 ap-

576 730 842 787 ponemus
889 715 1052 772 {ultas
1103 715 1434 774 deiferorum
1465 726 1890 786 sanctorumque
1922 715 2142 770 Patrum

573 809 906 867 testimoniis
933 850 952 878 ,
983 817 1044 865 ut
1074 811 1167 866 liat
1199 825 1296 882 per
1327 825 1393 867 ea
1424 811 1722 866 manifesta
1755 811 1978 865 veritas.
2007 808 2142 864 Nam

471 893 488 972 ξ
576 914 758 957 sermo
798 901 903 956 [ide
931 902 1218 972 dignerum
1258 902 1588 959 auctoritate
1625 901 1875 957 ﬁrmatus
1922 901 2145 957 eviden-

577 1000 687 1051 tem
723 992 885 1050 habct
912 993 997 1050 sui
1033 993 1584 1052 demonstrationem.

1236 1176 1482 1234 EPHES.

644 1269 752 1337 Qui
803 1269 926 1326 dira
976 1287 1078 1328 nos
1126 1273 1446 1341 captivitate
1476 1271 1825 1340 captivarunt
1852 1307 1867 1330 ,
1895 1277 2060 1335 atque
2093 1268 2146 1320 in

575 1360 901 1422 Latinorum
936 1365 1138 1419 rituum
1175 1365 1606 1433 dogmatumque
1656 1361 1985 1430 Babylonem
2022 1363 2150 1435 aiis-

577 1457 797 1511 trahere
835 1457 1164 1521 voluerunt,
1214 1457 1265 1510 id
1315 1457 1533 1525 quidem
1602 1455 1901 1524 perducere
1931 1455 1996 1508 ad
2026 1455 2148 1509 exi-

576 1559 694 1603 tum
735 1563 1080 1617 nequaquam
1120 1556 1438 1617 potuerunt,
1479 1556 1678 1601 natura
1714 1546 1982 1601 absonum
2022 1561 2148 1601 esse

579 1639 999 1710 perspicientes,
1025 1647 1078 1693 et
1117 1647 1390 1708 praeterea
1421 1639 1788 1709 impossibile,
1818 1639 1912 1694 sed
1945 1639 2000 1694 in
2035 1655 2151 1695 me-

579 1730 668 1784 dia
697 1728 930 1797 quadam
993 1729 1210 1785 itineris
1272 1740 1428 1800 parte
1481 1729 1841 1788 subsistentes
1877 1739 1989 1786 tum
2023 1730 2148 1800 ipsi,

2243 628 2314 682 τά
2348 627 2443 682 τοῦ
2477 627 2763 698 αίδσσίμου
2812 628 3042 696 Ἐφέσου
3105 626 3403 698 προθέντες
3451 626 3596 681 κατὰ
3629 630 3810 700 μέρος,

2247 719 2528 789 ἑπομένως
2562 721 2655 772 καὶ
2677 722 2775 782 τὰς
2805 720 3082 792 ἡμετέρας
3129 718 3431 786 ἀπολογίας
3482 718 3815 790 ἐπιθήσομεν

2249 811 2389 882 μετὰ
2421 813 2514 865 κα)⁸
2547 811 2647 882 τῆς
2679 813 2789 865 τῶν
2825 813 3110 882 θεοφόρων
3159 813 3427 881 Πατέρων
3491 815 3583 868 καὶ
3650 815 3816 883 ἁγίων

2249 903 2581 976 μαρτυρίας,
2653 905 2722 957 ἵν’
2778 903 2840 969 ὲξ
2877 903 3123 974 αύτῶνή
3191 903 3416 973 ἀλήθεια
3463 906 3670 975 φανερὰ
3724 906 3818 974 γέ-

2248 1014 2404 1067 νηται
2425 1012 2440 1027 ο
2489 999 2518 1050 ὁ
2561 997 2668 1066 γὰρ
2705 996 2762 1064 ἐξ
2793 997 3019 1063 ἐνδόξων
3042 997 3202 1064 λόγος
3236 997 3626 1070 βεϐαιούμενος
3657 1001 3821 1053 ἀναν·-

2249 1089 2506 1160 τίρρητον
2534 1089 2647 1159 ἔχει
2675 1091 2775 1160 τὴν
2805 1088 3108 1152 ἀπόδειξιν.

2917 1183 3109 1237 ΕΦΕΣ.

2319 1273 2381 1325 Οί
2409 1273 2508 1340 τὴν
2539 1272 2715 1342 κακὴν
2744 1273 2891 1343 ἡμᾶς
2921 1274 3313 1342 αἰχμαλωσίαν
3337 1275 3825 1347 αίχμαλωτεύσαν-

2249 1379 2364 1427 τες,
2399 1363 2494 1417 καὶ
2547 1363 2686 1433 πρὸς
2720 1363 2818 1433 τὴν
2846 1364 3141 1418 Βαϐυλῶνα
3196 1366 3306 1418 τῶν
3339 1367 3648 1420 Δατινικῶν
3685 1367 3826 1419 ἐθῶν

2250 1455 2346 1509 καὶ
2371 1455 2658 1522 δογμάτων
2691 1454 3024 1524 θελήσαντες
3056 1455 3390 1527 κατασῦραι,
3419 1456 3578 1510 τοῦτο
3611 1458 3710 1526 μὲν
3726 1458 3827 1510 οὐκ

2249 1545 2598 1617 ἠδυνήθησαν
2622 1547 2858 1614 ἀγαγεῖν
2883 1548 2965 1610 είς
2996 1549 3171 1618 πέρας
3198 1549 3425 1604 αὐτόθεν
3453 1566 3514 1602 τε
3545 1549 3829 1619 ἀπεμτραί-

2251 1653 2343 1691 νον
2370 1637 2628 1706 ὁρῶντες,
2657 1638 2754 1691 καὶ
2770 1636 2945 1702 ἄλλως
2969 1637 3254 1706 ἀδύνατον,
3318 1642 3378 1694 ὲν
3425 1640 3576 1710 μέσῳ
3623 1639 3682 1692 δέ
3721 1657 3828 1694 που

2249 1727 2349 1796 τῆς
2381 1726 2502 1781 ὀδοῦ
2552 1728 2990 1798 καταμείναντες
3025 1729 3184 1783 αὐτοί
3217 1747 3276 1784 τε
3310 1732 3410 1783 καὶ
3460 1729 3576 1784 ὅσοι
3615 1729 3830 1794 τούτοις

580 1832 694 1874 tum
750 1830 1054 1878 sectatores
1104 1837 1335 1888 eorum,
1394 1838 1576 1890 neque
1603 1823 1715 1893 jam
1750 1831 1882 1880 sunt
1918 1824 2150 1894 amplius

2262 1819 2721 1889 ἐπηκολούθησαν,
2776 1818 2892 1873 οὔτ’
2951 1819 3130 1874 ἐκεῖνο
3188 1820 3374 1875 λοιπὸν
3429 1821 3830 1892 μεμενήκασιν,

579 1913 727 1982 quod
778 1923 958 1981 erant,
1010 1904 1185 1986 neque
1243 1916 1376 1972 illud
1408 1925 1660 1982 evasere,
1691 1917 1755 1972 ad
1785 1917 1930 1986 quod
1961 1916 2153 1972 tende-

577 2004 751 2071 bant;
782 2020 906 2060 nam
944 2008 1132 2063 relicta
1176 2008 1394 2078 quidem
1427 2018 1510 2064 est
1546 2009 1613 2064 ab
1653 2010 1720 2066 iis
1751 2007 2149 2081 Hierosolyma,

578 2111 698 2164 quae
741 2112 869 2152 vere
919 2108 1001 2154 est
1041 2101 1191 2168 pacis
1217 2100 1377 2168 visio,
1432 2112 1485 2156 et
1523 2100 1654 2156 Sion
1688 2117 1868 2166 mons,
1939 2101 2043 2156 hoc
2071 2106 2155 2156 est

580 2188 740 2244 ﬁrma
765 2197 818 2243 et
853 2193 1186 2246 inconcussa
1223 2191 1394 2259 ﬁdes;
1425 2208 1617 2248 verum
1657 2191 1775 2247 iieri
1815 2200 1869 2247 et
1901 2191 2010 2246 dici
2046 2207 2150 2245 un-

579 2297 744 2351 quam
798 2283 1082 2353 Babylonii
1133 2299 1232 2339 nec
1271 2287 1491 2346 volunt,
1551 2300 1653 2339 nec
1703 2293 1974 2354 possunt;
2010 2285 2153 2339 hanc

579 2384 712 2423 sane
742 2371 811 2423 ob
841 2385 1063 2429 causam
1097 2373 1330 2428 vocandi
1356 2374 1554 2428 merito
1572 2372 1994 2436 Graeco-Latini,
2033 2373 2151 2429 usi-

581 2467 692 2514 tato
726 2468 904 2514 autem
939 2460 1162 2517 nomine
1200 2463 1361 2533 vulgo
1397 2463 1647 2534 appellati
1675 2462 2074 2518 Latinizantes.

1280 2553 1481 2612 RESP.

647 2645 786 2700 Cum
833 2646 1082 2716 epistola:
1119 2663 1232 2703 sua:
1268 2649 1351 2703 vir
1380 2649 1618 2705 eximius
1674 2647 1890 2724 titulum
1935 2662 2151 2717 pramo-

581 2737 802 2800 taverit,
856 2739 924 2792 ad
972 2751 1164 2794 omnes
1207 2739 1411 2808 ubique
1437 2741 1682 2794 iocorum
1721 2750 1776 2795 et
1814 2738 2149 2802 insularum,

579 2832 634 2880 et
663 2825 896 2880 salutem
948 2825 1062 2881 illis
1107 2826 1496 2897 impertiverit,
1532 2830 1718 2883 statim
1757 2829 2045 2884 exorditur
2081 2829 2150 2883 ab

581 2913 813 2970 historia
857 2915 1219 2985 captivitatis,
1264 2932 1386 2987 qua:
1442 2917 1582 2972 facta
1624 2926 1708 2974 est
1749 2919 2026 2989 quondam
2083 2918 2152 2974 ab

579 3002 885 3059 Jerusalem
918 3007 972 3059 in
1009 3005 1365 3075 Babylonem,
1403 3023 1716 3065 sermonem
1749 3010 1938 3066 volens
1967 3011 2153 3065 suavi-

583 3104 696 3148 tate
749 3096 981 3163 quadam
1053 3097 1419 3166 perfundere,
1481 3109 1536 3154 et
1567 3100 1849 3158 auditores
1912 3109 2150 3156 attentos

2254 1908 2382 1963 οὔτε
2411 1909 2573 1964 τοῦτο
2603 1911 2934 1981 γέγονασινο
2971 1910 3329 1982 Ἱεροσόλυμα
3387 1913 3485 1982 μὲν
3530 1911 3836 1966 ἀπολιπόν-

2253 2017 2370 2068 τες,
2399 2000 2500 2071 τὴν
2555 2001 2630 2064 ώς
2685 2001 2906 2072 άληθῶς
2952 2002 3144 2072 ὅρασιν
3195 2002 3298 2071 τῆς
3351 2003 3599 2073 είρήνης,
3631 2001 3728 2055 καὶ
3774 1999 3838 2053 τδ

2253 2092 2396 2146 Σιὼν
2439 2093 2588 2164 ϐρος,
2642 2094 2742 2165 τὴν
2781 2093 3010 2166 βεϐαίαν
3079 2097 3266 2150 πίστιν
3287 2095 3385 2157 καὶ
3411 2096 3699 2172 ἄσειστονο
3735 2091 3838 2146 καὶ

2255 2185 2595 2241 Βαϐυλώνιοι
2626 2186 2684 2240 δὲ
2735 2187 2993 2257 γενέσθαι
3033 2187 3168 2242 ποτὲ
3225 2188 3324 2243 καὶ
3373 2188 3643 2258 κληθῆναι
3695 2186 3838 2256 μήτε

2256 2277 2577 2348 βουλόμενοι
2609 2280 2746 2349 μήτε
2769 2279 3080 2350 δυνάμενοι,
3107 2280 3200 2332 καὶ
3221 2280 3310 2334 διὰ
3333 2279 3482 2333 τοῦτ’
3513 2277 3578 2333 ἂν
3595 2277 3832 2341 δικαίως

2254 2369 2548 2436 κληθέντες
2579 2370 3014 2439 Γραικολατῖνοι,
3042 2370 3369 2440 καλούμενοι
3393 2370 3439 2424 δ’
3473 2365 3566 2423 οῦν
3585 2369 3692 2422 ὑπὸ
3717 2368 3833 2423 τῶν

2255 2461 2467 2514 πολλῶν
2493 2461 2916 2531 Λατινόφρονες.

2848 2550 3216 2604 ΑΠΟΛΟΓΙΔ.

2327 2642 2455 2704 Τοῖς
2483 2638 2803 2710 ἁπανταχοῦ
2846 2644 2952 2710 γῆς
2996 2641 3090 2694 καὶ
3142 2641 3252 2694 τῶν
3281 2642 3468 2712 νήσων
3511 2641 3844 2709 ἐπιστείλας

2252 2734 2282 2785 ὁ
2319 2730 2501 2798 τίμιος
2526 2723 2683 2793 οὗτος
2715 2730 2879 2799 ἀνὴρ,
2915 2732 3009 2784 καὶ
3035 2731 3252 2803 χαίρειν
3296 2730 3637 2803 προσειπὼν,
3669 2731 3841 2798 εὐθὺς

2251 2823 2362 2879 ἀπὸ
2396 2821 2637 2892 ἱστορίας
2699 2822 2931 2893 ἄρχεται
2983 2826 3082 2893 τῆς
3141 2824 3308 2878 πάλαι
3351 2827 3483 2879 ποτὲ
3532 2827 3840 2897 γενομένης

2253 2915 2636 2986 αἰχμαλωσίας
2688 2917 2800 2970 ἀπὸ
2842 2915 3211 2989 Ἰερουσαλὴμ
3252 2919 3330 2982 είς
3375 2917 3698 2981 Βαϐυλῶνα,
3739 2921 3838 2974 τὸν

2252 3007 2411 3076 λόγον
2438 3009 2702 3078 ἡδύτερον
2735 3009 3161 3063 κατασκευάσαι
3200 3008 3549 3079 βουλόμενος.
3583 3012 3676 3064 καὶ
3705 3013 3838 3075 τοὺς

2253 3099 2530 3170 ἀκροατὰς
2580 3099 2846 3168 διεγεῖραι
2899 3101 3036 3169 πρὸς
3099 3101 3200 3171 τὴν
3272 3102 3381 3154 τῶν
3437 3102 3836 3173 ῥηθησομένων

581 3188 810 3243 reddere
839 3189 906 3244 ad
939 3189 1210 3245 audienda
1241 3207 1362 3261 quae
1390 3193 1666 3248 dicentur.
1700 3194 1832 3248 Nam
1870 3195 2148 3265 aiiegorici

2262 3193 2548 3264 ἀκρόασιν.
2589 3194 2648 3246 '0
2672 3195 2782 3262 γὰρ
2827 3193 3191 3263 ἀλληγορικδς
3251 3194 3409 3260 λόγος
3441 3196 3579 3262 πρὸς
3610 3197 3709 3265 τὴν
3744 3197 3838 3250 θέο

583 3281 860 3338 sermonis
895 3283 1295 3352 proprium'est
1316 3324 1332 3350 ,
1358 3294 1417 3340 ut
1447 3284 1514 3340 ad
1548 3287 1886 3342 voluntatem
1918 3288 2152 3345 dicentis

582 3381 638 3429 et
689 3388 800 3426 rem
855 3375 1215 3444 exprimentls
1275 3377 1416 3432 dicta
1470 3378 1892 3444 accommodet;
1950 3377 2154 3434 idcirco

585 3464 771 3519 attulit
799 3465 942 3520 hanc
970 3465 1280 3534 historiam,
1309 3476 1369 3522 ut
1400 3471 1679 3525 schemate
1711 3472 2014 3542 allegortco
2055 3487 2154 3540 pro

584 3574 681 3612 sua
714 3559 990 3614 voluntate
1019 3567 1289 3616 uteretur.
1327 3560 1482 3616 Licet
1522 3578 1652 3632 ergo
1696 3564 1857 3619 nobis
1879 3565 2044 3620 etiam
2074 3565 2157 3618 ni-

586 3650 656 3702 hil
689 3665 718 3703 a
757 3652 987 3706 veritate
1021 3651 1432 3709 discedentibus
1465 3654 1649 3710 dicere
1681 3675 1693 3710 :
1737 3655 1845 3711 Nos
1881 3657 2145 3712 ilieroso-

586 3743 782 3812 iymam
817 3743 998 3812 potius
1025 3752 1248 3810 tenere,
1275 3754 1330 3801 et
1355 3761 1473 3801 eam
1497 3746 1758 3812 incolere,
1788 3764 1951 3817 quam
1991 3751 2158 3803 inter-

589 3841 872 3900 pretantur
905 3849 1094 3902 pacem
1133 3873 1148 3898 ,
1195 3851 1358 3906 quam
1397 3837 1665 3893 Dominus
1700 3841 1863 3894 etiam
1898 3843 2160 3911 praecepit

587 3923 935 3989 servandam,
968 3939 1094 3978 cum
1126 3925 1338 3981 diceret
1374 3945 1388 3981 :
1431 3925 1624 3981 Pacem
1668 3946 1840 3982 meam
1889 3932 1955 3984 do
1991 3933 2158 3996 vobis,

587 4031 769 4084 pacem
809 4032 978 4070 meam
1009 4018 1248 4086 relinquo
1278 4018 1420 4072 vobis
1451 4019 1496 4074 ⁷.
1524 4019 1674 4074 lianc
1713 4021 1881 4088 igitur
1913 4031 2162 4078 tenentes

589 4107 1036 4171 Dominivocem,
1069 4123 1174 4178 qua
1214 4109 1264 4163 id
1291 4109 1535 4176 iubetur,
1556 4111 1719 4165 veluti
1743 4111 1873 4167 Sion
1898 4125 2159 4181 montem,

586 4212 684 4252 eos
713 4198 805 4266 qui
839 4199 1100 4252 scindunt
1122 4197 1328 4254 Christi
1363 4199 1689 4264 Ecclesium,
1715 4203 2042 4274 Babylonios
2072 4223 2165 4260 vo-

588 4303 820 4343 camus:
860 4305 962 4345 nos
1005 4305 1138 4345 vero
1179 4307 1281 4346 nec
1327 4291 1534 4349 fuimus
1570 4311 1811 4364 unquam
1848 4295 2160 4367 Babylonii,

589 4389 652 4434 ut
683 4381 778 4448 qui
811 4381 1199 4437 confusionem
1239 4392 1292 4439 et
1319 4385 1566 4440 schisma
1601 4389 1838 4445 vitemus
1871 4407 1885 4456 ;
1921 4406 2021 4446 nec
2058 4407 2160 4446 vo-

2259 3286 2419 3356 λησιν
2447 3283 2660 3339 τίθεται
2690 3287 2894 3356 κυρίως
2923 3285 3018 3340 τοῦ
3043 3286 3329 3356 χρωμένου
3378 3286 3472 3340 τὸν
3511 3286 3672 3354 λόγον
3698 3287 3732 3358 ἢ
3773 3287 3837 3342 τὸ

2257 3381 2516 3450 πρᾶγμα,
2575 3377 2702 3432 καθ’
2759 3377 2788 3430 δ
2842 3378 3102 3444 λέγεται·
3160 3377 3241 3430 διδ
3303 3379 3398 3431 καὶ
3439 3377 3538 3450 τὴν
3590 3378 3837 3449 ίστορίαν

2261 3469 2539 3540 προῦθηκε
2598 3468 2848 3539 ταύτην,
2905 3468 2991 3521 ῐνα
3057 3468 3134 3539 τῷ
3191 3468 3540 3540 ἀλληγορικῷ
3593 3471 3834 3540 σχήματι

2261 3562 2533 3633 χρήσηται
2568 3560 2752 3623 καθὼς
2789 3561 3066 3629 βούλεται.
3104 3560 3357 3624 Ἔξεστιν
3415 3560 3508 3615 οῦν
3549 3563 3645 3614 καὶ
3703 3561 3836 3630 ἡμῖν

2260 3654 2616 3723 ἀληθεύουσιν
2647 3654 2843 3719 είπεῖν,
2895 3654 2972 3716 ὡς
3032 3651 3130 3722 τὴν
3189 3651 3550 3722 Ἰερουσαλὴμ
3624 3651 3836 3722 μᾶλλον

2262 3747 2588 3816 κατέχομεν,
2641 3747 2732 3798 καὶ
2762 3747 2820 3798 ὲν
2852 3745 3021 3820 ταύτῃ
3075 3745 3264 3815 ἐσμὲν,
3299 3745 3420 3816 ἥτις
3470 3744 3837 3814 ἑρμηνεύεται

2263 3843 2478 3910 είρήνη,
2519 3839 2587 3910 ην
2630 3840 2727 3892 καὶ
2775 3837 2803 3889 ὁ
2844 3837 3056 3907 Κύριος
3085 3837 3218 3906 ἡμῖν
3252 3835 3562 3890 ἐνετείλατο
3618 3836 3831 3904 λέγων’

2265 3932 2538 4001 Εἰρήνην
2572 3930 2688 3999 τὴν
2747 3929 2902 3997 ἐμὴν
2944 3928 3152 3998 δίδωμι
3201 3928 3365 3996 ὑμῖν,
3425 3927 3676 3998 εἰρήνην
3725 3926 3840 3994 τὴν

2263 4025 2418 4094 ἐμὴν
2446 4025 2662 4092 ἀφίημι
2711 4022 2876 4092 ὑμῖν.
2920 4019 3142 4090 Ταύτην
3203 4015 3296 4073 οῦν
3330 4018 3428 4090 τὴν
3484 4019 3578 4071 τοῦ
3629 4020 3836 4087 Κυρίου

2267 4121 2454 4186 φωνὴν
2487 4115 2585 4182 τὴν
2614 4113 2772 4166 τοῦτο
2817 4112 3155 4166 κελεύουσαν
3213 4110 3402 4180 ὥσπερ
3449 4111 3511 4163 τὺ
3539 4111 3679 4163 Σιὼν
3714 4112 3838 4177 ὅρος

2266 4207 2614 4276 κατέχοντες,
2653 4203 2780 4264 τοὺς
2813 4202 3101 4272 σχίζοντας
3144 4202 3245 4268 τὴν
3276 4200 3370 4253 τοῦ
3410 4199 3652 4270 Χριστοῦ
3717 4200 3839 4252 Ἐκ-

2269 4297 2504 4367 κλησίαν
2558 4293 2942 4355 Βαϐυλωνίους
3017 4289 3335 4358 καλοῦμεν·
3393 4290 3730 4344 Βαϐυλώνιοι
3783 4291 3841 4344 δὲ

2267 4391 2429 4460 ἡμεῖς
2470 4386 2594 4440 οὕτε
2649 4385 2979 4454 γεγόναμεν,
3043 4383 3119 4445 ὡς
3181 4382 3283 4452 τὴν
3341 4379 3607 4450 σύγχυσιν
3634 4382 3730 4434 καὶ⁸
3781 4382 3842 4434 τδ

591 4474 775 4528 luutas
841 4489 1083 4544 unquam
1149 4475 1256 4530 erit
1312 4487 1367 4531 ut
1433 4479 1651 4544 liamus,
1689 4495 1814 4535 cum
1861 4498 1989 4536 vere
2016 4484 2157 4538 illius

2275 4481 2482 4551 σχίσμα
2517 4477 2924 4544 ἁποσειόμενοι,
2971 4473 3097 4528 οὗτε
3159 4475 3289 4526 ποτὲ
3346 4472 3647 4542 θελήσομεν
3692 4473 3845 4541 γενέ-

592 4565 850 4636 discipuli
901 4567 1101 4632 simus,
1160 4569 1255 4638 qui
1319 4571 1637 4626 mandatum
1677 4573 1848 4638 dedit,
1881 4582 1940 4628 ut
1974 4591 2157 4641 parem

2279 4531 2424 4636 agat:
2465 4570 2708 4641 μαθηταὶ
2737 4568 2889 4629 ὄντες
2919 4566 3062 4621 κατὰ
3088 4565 3350 4636 ἀλήθειαν
3380 4567 3475 4618 τοῦ
3500 4563 3841 4627 κελεύοντος

592 4674 910 4729 sequamur.
933 4659 1336 4716 Subsannaudn
1363 4680 1524 4730 porro
1554 4680 1650 4719 nos
1667 4676 1823 4720 vocat
1845 4665 2168 4721 Grreco-La-

592 4753 764 4816 tinos,
796 4753 1119 4819 adinveuto,
1155 4763 1208 4806 ut
1244 4755 1476 4822 putavit,
1504 4771 1644 4809 novo
1679 4757 1913 4824 quodam
1946 4769 2001 4812 et
2034 4773 2170 4812 con-

591 4853 824 4913 grucnte
879 4845 1142 4897 nomine:
1197 4850 1252 4895 at
1287 4858 1390 4897 nos
1467 4844 1600 4898 illud
1671 4860 2018 4915 nequaquam
2067 4861 2166 4915 pro

594 4935 1033 4990 subsanuatione
1068 4932 1361 4998 habemus,
1399 4933 1493 4986 sed
1539 4949 1723 4988 verum
1757 4951 1878 4989 esse
1912 4934 2166 4989 fatetuur.

594 5027 730 5080 Cum
776 5026 924 5080 enim
981 5025 1383 5080 Constantinus
1413 5024 1644 5097 Magnus
1681 5025 1850 5079 Roma
1885 5025 2164 5092 profectus

596 5119 976 5175 nobilissimos
1033 5118 1100 5171 ab
1153 5117 1286 5172 urbe
1319 5119 1599 5175 Romanos
1627 5120 1922 5189 optimates
1956 5120 2168 5176 incolas

597 5209 819 5265 duxerit
885 5223 1008 5263 eam
1059 5209 1115 5264 in
1173 5209 1384 5276 urbem,
1435 5227 1560 5281 qua:
1596 5227 1773 5281 nuper
1802 5220 1916 5264 tum
1949 5211 2168 5268 condita

598 5302 722 5370 ejus
779 5301 1001 5355 nomine
1055 5309 1142 5356 est
1198 5302 1481 5370 insignita,
1517 5316 1750 5371 qumque
1795 5301 1945 5356 Nova
1995 5300 2170 5357 Roma

601 5399 919 5462 nuncupata
949 5399 1035 5448 est
1069 5409 1083 5458 ;
1121 5407 1310 5447 eorum
1365 5393 1609 5464 posteri,
1641 5391 1828 5448 Graece
1858 5393 2170 5464 loquentes,

598 5481 695 5541 sed
740 5481 958 5538 oriundi
1019 5482 1086 5537 ab
1139 5482 1282 5545 illis,
1324 5483 1448 5551 jure
1500 5490 1630 5538 sunt
1672 5482 1904 5538 vocandi
1957 5481 2177 5538 Graeco-

600 5575 777 5632 Latiui
812 5595 825 5640 ;
882 5576 1137 5633 iieiienas
1183 5577 1328 5632 enim
1354 5577 1574 5632 Graecos
1610 5587 1804 5632 vocant
1835 5576 2041 5630 Latini.
2070 5577 2174 5630 At-

602 5687 711 5741 que
754 5673 824 5727 ita
871 5674 1016 5743 quod
1060 5673 1222 5729 nobis
1256 5673 1742 5745 prmstantissimus
1783 5675 1864 5728 vir
1898 5672 2087 5744 objicit
2119 5681 2179 5727 ut

677 5856 695 5892 ⁷
717 5853 874 5916 Joan.
906 5871 1010 5921 xiv,
1051 5854 1142 5911 Ἦ.

2276 4662 2550 4731 Εἰρήνην
2579 4659 2842 4714 διώκετε.
2883 4657 3335 4729 Γραικο).ατίνους
3379 4657 3435 4709 δὲ
3472 4659 3618 4726 ἡμᾶς
3662 4656 3848 4709 διασύ-

2285 4774 2392 4826 ρων
2437 4753 2722 4819 όνομάζει,
2755 4749 3069 4820 καινότερον
3118 4767 3170 4801 τι
3223 4749 3398 4819 δνομα
3441 4748 3536 4801 καὶ
3567 4749 3846 4818 προσῆγον

2279 4853 2353 4912 ώς
2385 4849 2636 4916 ἐνόμισεν
2667 4841 2840 4912 εὑρών
2865 4858 2879 4872 ·
2912 4843 3051 4910 ὅπερ
3080 4842 3241 4911 ἡμεῐς
3273 4841 3334 4892 ού
3361 4838 3663 4908 διασυρμδν
3687 4836 3846 4890 τοῦτο

2276 4933 2628 5004 λογιζόμεθα,
2694 4929 2812 4984 ἀλλ’
2847 4929 3046 4996 ἀληθὲς
3111 4925 3252 4982 εἶναι
3306 4926 3697 4996 ὁμολογοῦμεν.
3737 4924 3843 4977 Τοῦ

2284 5031 2388 5098 γὰρ
2443 5025 2683 5097 μεγάλου
2753 5021 3164 5076 Κωνσταντίνου
3220 5019 3430 5072 ἐκεῖθεν
3489 5015 3842 5088 ὁρμωμένου,

2285 5121 2375 5172 καὶ
2409 5120 2536 5178 τοὺς
2565 5114 2689 5168 λίαν
2726 5112 3148 5181 εὐγενεστάτους
3189 5110 3527 5180 μεγιστᾶνας
3554 5106 3845 5176 Ῥωμαίων

2280 5211 2346 5262 ὲκ
2381 5206 2602 5276 Ῥώμης
2630 5201 3093 5274 μετοικισαμένου
3135 5202 3218 5263 είς
3247 5201 3346 5269 τὴν
3369 5199 3455 5251 ἐπ’
3478 5197 3702 5262 ὀνόματι
3753 5195 3852 5247 αύ-

2279 5299 2374 5353 τοῦ
2406 5297 2794 5366 ἀνεγερθεϊσαν
2828 5294 3006 5358 πόλιν,
3043 5292 3144 5362 τὴν
3171 5293 3265 5344 καὶ⁵
3295 5289 3448 5349 Νέαν
3483 5287 3703 5358 Ῥώμην
3733 5285 3852 5338 ὀνο·

2285 5394 2613 5464 μασθεῖσαν,
2647 5391 2697 5444 οί
2733 5388 2792 5456 ἐξ
2823 5389 3049 5440 ἐκείνων
3079 5385 3276 5452 φύντες
3302 5381 3402 5452 τὴν
3434 5381 3533 5450 μὲν
3579 5379 3690 5432 τῶν
3732 5375 3850 5430 Έλο

2283 5487 2461 5555 λήνων
2492 5481 2901 5550 ὲξασκὴσαντες
2927 5478 3196 5546 γλῶτταν,
3232 5475 3328 5526 καὶ
3351 5472 3441 5525 διὰ
3460 5469 3659 5538 ταύτης
3690 5466 3853 5535 φθεγ-

2287 5577 2536 5644 γόμενοι,
2568 5573 2629 5627 τὸ
2661 5571 2718 5625 δὲ
2764 5572 2921 5639 γένος
2948 5568 3161 5622 ἐκεῖθεν
3197 5564 3474 5628 ἕλκοντες,
3507 5561 3732 5622 είκότως
3763 5556 3856 5612 καὶ

2291 5664 2702 5738 Γραικολατῐνοι
2727 5661 3009 5732 ὀφείλουσι
3050 5655 3329 5729 λέγεσθαι,
3369 5653 3506 5711 διότι
3553 5653 3602 5709 oi
3635 5651 3854 5710 Λατῖνοι
