4112 6274
270 432 273 441 ι
350 354 441 421 11':
1588 380 1893 440 CONTRA
1936 385 2356 455 EPHESIUM.

3486 405 3584 466 118

343 471 460 534 τοὺς
490 470 759 541 Ἕλληνας
793 476 1061 545 Γραικοὺς
1093 481 1455 551 ὀνομάζουσι·
1498 492 1591 541 καὶ
1633 493 1785 561 ὅπερ,
1810 496 1896 547 αύ-

2016 501 2300 567 probrum.
2360 518 2462 560 nos
2510 520 2695 560 verum
2758 507 3052 577 Opinamur
3106 517 3271 577 atque
3324 512 3577 570 fatemur.

341 560 508 655 τος
542 562 720 655 τίμιος
783 567 922 635 ἀνὴρ
980 570 1102 622 καθ’
1172 575 1329 643 ἡμῶν
1399 582 1689 651 προφέρει.
1757 589 1913 655 ἡμεῖς

342 650 542 719 ἀληθές
568 669 624 704 τε
650 650 789 707 εῖναι
820 656 1108 727 ἡγούμεθα
1142 665 1236 715 καὶ
1266 650 1658 739 ὁμολογοῦμεν.
1707 650 1913 745 Ἐιῦμεν

342 741 435 795 νῦν
470 744 674 812 λέγειν,
712 748 796 799 ὅτι
826 751 919 802 καὶ
948 754 996 804 oi
1027 753 1409 822 βασιλεύοντες
1458 764 1613 831 ἡμῶν
1655 741 1912 835 Ῥωμαῖοί

345 835 479 931 s—lsw
532 836 744 931 εκεῖθεν
803 839 1057 905 ἕλκοντες
1093 846 1153 898 τὸ
1229 847 1407 914 γένος.
1472 853 1632 907 Ἀλλὰ
1666 860 1725 909 τὸ
1785 865 1912 931 περὶ

342 924 780 993 Γραικολατίνων
822 934 1043 997 παιδιᾶς
1082 936 1242 1004 χάριν
1281 937 1496 1010 εἴρηται
1524 961 1533 971 '
1566 947 1653 1001 διὰ
1686 955 1791 1018 γὰρ
1810 924 1910 1020 τῆς

339 1016 435 1070 τοῦ
460 1018 700 1086 Χριστοῦ
732 1024 952 1093 χάριτος
986 1026 1048 1078 ἐκ
1096 1030 1296 1093 παντὸς
1354 1033 1557 1101 τρόπου
1601 1016 1910 1105 δεικνύντες

338 1107 410 1204 ὡς
435 1109 667 1204 τάληθὲς
697 1113 991 1183 ζητοῦμεν,
1017 1118 1112 1171 καὶ
1157 1120 1286 1184 τοὺς
1319 1123 1393 1193 μὴ
1452 1128 1659 1198 ταύτης
1691 1132 1911 1204 ἐστερη-

340 1199 536 1265 μένους
559 1202 639 1263 εἰς
666 1205 955 1258 κοινωνίαν
984 1207 1277 1279 δεχόμεθα,
1338 1214 1447 1268 εἴτε
1486 1218 1711 1289 Γραικοί
1745 1199 1905 1288 εἰσιν,

336 1287 447 1385 εἴτε
477 1288 720 1385 Λατῖνοι,
756 1293 867 1345 εἴτε
904 1295 1196 1369 βάρϐαροι,
1233 1305 1344 1358 εἴτε
1396 1287 1621 1362 Σκύθαι.
1659 1312 1754 1364 Ἕν
1801 1314 1907 1385 γὰρ

334 1376 498 1442 μόνον
524 1380 748 1448 οἴδαμέν
779 1400 837 1436 τε
876 1387 969 1439 καὶ
1008 1389 1259 1461 λέγομεν,
1294 1395 1376 1449 ὃτι
1407 1400 1455 1451 οἱ
1502 1400 1600 1469 τῆς
1659 1376 1907 1471 οἰκουμέ-

331 1468 494 1534 νικῆς
528 1472 755 1526 συνόδου
785 1478 850 1545 τῇ
888 1480 1171 1550 ἀποφάσει
1197 1502 1263 1553 με
1305 1468 1623 1557 στέργοντες
1660 1496 1751 1545 καὶ
1783 1468 1905 1559 ἐξα-

332 1560 747 1654 κολουθοῦντες,
786 1568 987 1624 ἐκεῖνοι
1030 1574 1124 1627 καὶ
1158 1575 1347 1646 ἕτερον
1382 1581 1549 1651 ὄνομα
1604 1584 1906 1654 λαμϐάνου-

330 1665 440 1712 σιν,
475 1650 551 1715 ὡς
604 1653 877 1721 Ἀρειανοὶ
917 1661 994 1728 μὴ
1058 1664 1380 1733 στέργοντες
1434 1650 1499 1739 τῇ
1531 1671 1632 1737 τῆς
1675 1650 1902 1729 ’συνόδου

328 1740 640 1808 ἀποφάσει,
675 1746 813 1800 ἀλλὰ
835 1748 911 1819 τῷ
964 1750 1181 1824 Ἀρείῳ,
1230 1756 1503 1825 Ἀρειανοὶ
1545 1762 1856 1831 ἐκλήθησαν
1888 1782 1900 1795 ·

2019 589 2291 646 Praetereo
2332 609 2478 648 nunc
2512 596 2669 659 illud,
2698 599 2840 666 quod
2874 598 3238 667 imperatores
3265 604 3435 655 nostri
3479 603 3584 654 Ru-

2016 683 2160 734 mani
2190 694 2339 745 sunt,
2362 695 2415 739 et
2442 687 2707 756 originem
2729 688 2858 741 inde
2884 689 3337 744 trahunt.Verum
3364 690 3582 745 ϐιγνοοο

2015 770 2192 825 Latini
2226 789 2331 827 vox
2374 775 2521 829 dicta
2578 786 2663 832 est
2721 778 2832 845 joci
2865 793 3054 833 causa.
3089 778 3197 832 Nos
3251 780 3395 832 enim
3425 780 3581 834 Chri-

2012 863 2081 914 sti
2124 861 2395 917 beneficio
2452 865 2737 920 veritatem
2786 868 2981 941 quavis
3040 870 3255 922 ratione
3306 872 3476 939 quaeri
3546 886 3573 922 a

2014 952 2170 1007 nobis
2193 955 2567 1021 ostendentes,
2598 958 2920 1027 quicunque
2947 959 3095 1013 illam
3131 960 3353 1022 habent,
3381 976 3576 1014 omnes

2011 1043 2079 1095 ad
2113 1047 2555 1100 communionem
2592 1049 3088 1115 admittimus,sive
3120 1050 3449 1114 _Graeci,sive
3484 1052 3583 1103 La-

2013 1133 2111 1185 tini
2157 1134 2288 1201 sint,
2344 1136 2458 1192 sive
2518 1138 2770 1203 Barhari,
2824 1142 2940 1195 sive
2988 1141 3225 1211 Scythae.
3273 1142 3405 1196 Nam
3446 1143 3579 1195 illud

2012 1240 2175 1278 unum
2208 1236 2263 1281 et
2290 1228 2498 1283 scimus
2530 1238 2583 1283 et
2614 1229 2872 1292 dicimus,
2910 1246 3005 1286 eos
3036 1232 3133 1300 qui
3170 1235 3458 1286 sententia:
3493 1251 3580 1301 ge-

2011 1317 2209 1372 neralis
2246 1320 2463 1373 concilii
2498 1335 2605 1374 non
2631 1323 3015 1391 acquiescunt,
3055 1339 3154 1378 nec
3185 1340 3304 1379 eam
3343 1339 3579 1393 sequun-

2011 1421 2121 1473 tur,
2164 1411 2313 1465 aliud
2364 1426 2586 1481 quoque
2619 1429 2815 1468 nomen
2851 1415 3065 1477 sortiri,
3100 1425 3156 1470 ut
3195 1417 3407 1481 Ariani,
3435 1418 3576 1485 quod

2009 1514 2116 1552 non
2170 1499 2364 1568 synodi
2420 1502 2771 1566 sententiam,
2838 1503 2934 1557 sed
3001 1503 3191 1557 Arium
3240 1506 3415 1559 secuti
3446 1506 3576 1567 sint,

2006 1588 2195 1643 Ariani
2232 1589 2364 1644 dicti
2404 1633 2418 1657 ,
2454 1599 2510 1647 et
2555 1592 2650 1660 qui
2700 1594 3069 1662 Eunomium,
3119 1596 3465 1660 Eunomiani,
3523 1606 3577 1649 et

2007 1681 2099 1747 qui
2144 1679 2485 1744 Nestorium.
2541 1683 2885 1749 Nestoriani;
2924 1701 3019 1740 eos
3050 1700 3184 1741 vero
3215 1689 3307 1752 qui
3335 1700 3578 1742 (acume-

2008 1769 2185 1823 nicam
2220 1772 2628 1839 amplectuntur
2669 1775 3019 1840 sententiam,
3078 1792 3420 1847 nequaquam
3454 1793 3576 1832 mu-

326 1833 494 1933 1:110!
525 1834 601 1902 τῷ
638 1835 886 1911 Εὐνομίῳ
920 1842 1265 1914 Εὐνομιανοὶ,
1290 1850 1383 1902 καὶ
1436 1853 1484 1903 oi
1523 1853 1601 1921 τῷ
1623 1826 1896 1925 Ννεστορίῳ

2313 1826 2329 1839 .
2418 1826 2421 1827 ν
2604 1826 2617 1827 κ
2672 1826 2690 1828 -
3078 1826 3419 1847 --ντ--πιπω

2008 1865 2126 1912 tare
2175 1873 2399 1916 nomen.
2452 1859 2881 1918 meomeuicam
2918 1880 3085 1933 porro
3125 1865 3297 1921 fuisse
3349 1864 3574 1919 Floren-

324 1918 692 2013 Νεστοριανοί
716 1942 730 1958 ·
765 1928 825 1980 οὐ
861 1930 968 1999 μὴν
989 1932 1044 1985 δὲ
1071 1937 1165 1987 καὶ
1210 1938 1259 1989 oi
1282 1941 1346 2008 τῇ
1380 1918 1734 2013 οίκουμ-ενικῇ
1771 1918 1903 1997 ὁι-ποζ

324 2012 492 2101 φάσει
526 2017 852 2087 στέργοντες
881 2024 1072 2094 ἕτερον
1132 2029 1306 2098 ὄνομα
1342 2033 1732 2101 λαμϐάνουσιν.
1777 2037 1902 2090 ’Ότι

320 2099 381 2194 δὲ
418 2102 516 2153 καὶ
546 2106 903 2180 οίκουμενικὴ
935 2112 1155 2179 σύνοδος
1184 2118 1215 2186 ή
1246 2120 1306 2171 ὲν
1356 2099 1691 2194 Φλωρεντίᾳ,
1724 2125 1899 2188 οὐδεὶς

321 2189 396 2286 ἂν
440 2194 765 2267 ἀρνήσαιτο.
846 2204 987 2257 Ἀλλ’
1034 2208 1062 2260 ὀ
1107 2210 1265 2278 λόγος
1315 2213 1405 2266 ἐπὶ
1443 2189 1504 2267 τό
1555 2189 1742 2283 πρόσω
1792 2235 1893 2286 χω-

492 2290 550 2381 ἐν
607 2292 684 2360 τῷ
752 2298 1086 2366 προσήκοντι
1154 2303 1305 2381 τόπῳ
1359 2305 1486 2375 περὶ
1544 2307 1735 2361 τούτου
1793 2283 1903 2379 ⁷τὴν

2010 1950 2179 2003 tinam
2228 1952 2534 2021 synodum,
2604 1970 2762 2009 nemo
2811 1956 3114 2025 negaverit.
3155 1957 3423 2012 Caeterum
3483 1958 3572 2010 ubi

2005 2040 2073 2093 ad
2115 2040 2379 2095 ulteriora
2409 2044 2691 2113 progressi
2722 2046 2949 2109 erimus,
2978 2047 3081 2102 hac
3111 2048 3179 2101 de
3226 2063 3286 2102 re
3326 2062 3426 2103 suo
3454 2049 3577 2104 loco

2004 2130 2528 2188 demonstrationem
2580 2134 2888 2192 adoremus.
2965 2138 3039 2191 Ita
3095 2138 3265 2207 igitur
3325 2154 3572 2201 exorsus,

2005 2228 2169 2291 atque
2203 2225 2255 2276 in
2285 2224 2433 2279 hunc
2459 2226 2681 2280 modum
2711 2229 3026 2295 composito
3057 2231 3334 2285 sermonis
3367 2230 3571 2299 princi-

2013 2312 2124 2380 pio,
2151 2328 2348 2371 rursus
2382 2317 2485 2371 boe
2515 2325 2673 2386 pacto
2703 2319 2915 2373 orditur
2940 2337 2954 2373 :

322 2378 608 2443 ἀπόδειξιν
664 2386 903 2454 ποιήσει.
982 2388 1169 2456 Οὕτως
1230 2378 1324 2449 οὖν
1396 2397 1739 2468 ἀρξάμενος,
1802 2378 1895 2452 καὶ
1929 2378 2073 2454 οὕτω
2107 2403 2199 2456 τὸν
2268 2403 2426 2473 λόγον
2460 2378 2900 2471 κατασκευάσας,
2935 2403 3037 2462 ὧδέ
3093 2424 3211 2472 πως
3245 2408 3407 2462 πάλιν
3471 2409 3574 2477 ἄρ·

320 2488 526 2539 χεται·

1011 2574 1198 2632 ΕΦΕΣ.

444 2648 563 2708 ῦτοι
609 2658 792 2713 τοίνυν
818 2664 868 2715 οἱ
917 2665 1210 2736 μιξόθηρες
1271 2668 1549 2738 ἄνθρωποι
1584 2674 1727 2727 κατὰ
1772 2676 1899 2738 τοὺς

319 2746 380 2798 ὲν
412 2748 604 2815 μύθοις
633 2752 1101 2827 ἱπποκενταύρους
1152 2762 1289 2827 μετὰ
1322 2762 1431 2813 τῶν
1492 2766 1739 2818 Λατίνων
1795 2767 1895 2834 μὲν

318 2839 651 2906 ὁμολογοῦσι
686 2845 744 2899 τὸ
788 2848 852 2900 ἐκ
885 2847 981 2901 τοῦ
1039 2849 1172 2903 Υίοῦ
1214 2852 1274 2904 τὸ
1333 2854 1559 2923 Πνεῦμα
1612 2858 1674 2909 τὸ
1736 2859 1895 2925 ἅγιον

318 2932 748 3003 ἐκπορεύεσθαι,
788 2942 1002 2993 καὶτὸν
1044 2942 1163 2995 ἰξὸν
1208 2945 1384 2998 αἴτιον
1418 2948 1561 3017 ἔχειν
1614 2950 1714 3017 τῆς
1764 2952 1892 3004 ἑαυ-

318 3027 420 3079 τοῦ
449 3029 739 3101 ὑπάρξεως
760 3049 773 3063 ⁸
803 3032 946 3088 οὕτω
981 3037 1089 3106 γὰρ
1119 3038 1212 3089 καὶ
1238 3041 1265 3092 ὁ
1291 3040 1470 3094 αὐτῶν
1496 3043 1619 3110 ὄρος
1651 3044 1889 3114 διαλαμ-

319 3117 508 3171 ὕανει·
545 3121 666 3189 μεθ’
689 3123 846 3192 ἡμῶν
865 3124 921 3178 δὲ
946 3125 1006 3178 τὸ
1032 3128 1092 3179 ἐκ
1116 3127 1206 3181 τοῦ
1243 3130 1455 3196 [ἰατρὸς
1486 3134 1887 3205 ἐκπορεύεσθαι

316 3206 596 3279 λέγουσιν.

1016 3315 1221 3371 ΔΠΟΛ.

396 3397 573 3450 Πάλιν
601 3400 711 3453 ἀπο
738 3401 976 3471 ἱστορίας
1023 3406 1254 3475 ἄρχεται
1303 3407 1647 3480 Ἑλληνικῆς,
1686 3411 1785 3481 τῆς
1822 3414 1896 3484 μὴ

316 3488 494 3559 οὔσης
533 3490 657 3561 μὲν,
720 3495 1165 3567 ἁναπλασθεῑσης
1216 3498 1275 3551 δὲ
1310 3499 1417 3552 ὑπὸ
1474 3500 1584 3554 τῶν
1636 3506 1897 3574 κενεμϐα-

315 3581 561 3636 τούντων
593 3584 684 3637 τὸν
714 3586 976 3659 λογισμὸν
1021 3591 1115 3643 καὶ
1174 3590 1273 3662 τὴν
1326 3592 1569 3647 διάνοιαν
1594 3611 1607 3625 ·
1645 3594 1751 3650 ἔδει
1787 3599 1895 3667 γὰρ

317 3674 487 3727 αὐτὸν
516 3676 581 3729 ὲκ
605 3676 717 3730 τῶν
748 3678 922 3732 ὄντων
983 3680 1290 3752 ὑπόδειγμα
1346 3681 1554 3747 λαϐεῖν,
1590 3684 1676 3737 ἵνα
1723 3688 1896 3755 τούτῳ

315 3765 420 3817 καὶ
454 3768 847 3836 προσηκόντως
890 3771 1200 3843 ὲφαρμόσῃ.
1238 3774 1352 3837 Πᾶς
1396 3774 1504 3844 γὰρ
1534 3775 1893 3844 λογογραφῶν

317 3857 385 3908 ἐκ
420 3858 530 3911 τῶν
570 3859 788 3928 άληθῶς
813 3862 983 3914 ὄντων
1030 3865 1299 3935 προφέρει
1352 3867 1449 3931 τὰς
1481 3869 1770 3936 ὁμοιώσεις
1802 3872 1895 3923 καὶ⁵

315 3950 387 4002 τὰ
420 3951 869 4018 παραδείγματα,
904 3955 999 4007 καὶ
1048 3956 1284 4024 μάλιστα
1326 3957 1417 4010 ἐπὶ
1448 3959 1557 4012 τῶν
1603 3962 1895 4030 ἐκκλησια-

319 4038 529 4091 πικῶν
561 4040 898 4097 ὑποθέσεων.
941 4042 1085 4096 Ἀλλ’
1116 4046 1144 4098 ὀ
1177 4045 1458 4116 αἰδέσιμος
1509 4049 1666 4113 οὗτος
1698 4051 1759 4103 τὸ
1820 4053 1894 4123 μὴ

320 4126 386 4181 δν
414 4130 489 4192 ὡς
516 4130 576 4183 δν
612 4133 858 4201 προθεὶς,
891 4135 981 4187 καὶ
1013 4133 1205 4208 ὥσπερ
1237 4137 1564 4207 πράγματος
1598 4140 1894 4211 ὑποκειμέ-

318 4240 417 4276 νου
477 4223 839 4292 ὲξομοιώσας,
902 4228 1205 4299 μιξόθηρας
1258 4234 1403 4300 ἡμᾶς
1454 4234 1730 4300 ὀνομάζει,
1790 4236 1893 4286 ὑπο

317 4312 497 4380 θυμοῦ
529 4313 874 4383 κινούμενος,
907 4317 976 4368 ἵν’
1013 4318 1385 4389 εὐλογώτερον
1417 4322 1663 4390 εἴπωμεν
1695 4339 1708 4353 ·
1738 4322 1893 4390 δῆλον

317 4402 428 4471 γὰρ
452 4403 527 4463 ὼς
552 4403 729 4471 πάντη
764 4406 1022 4468 ἀπεοικὸς
1048 4409 1109 4459 τὸ
1137 4408 1487 4477 παράδειγμα
1510 4425 1525 4439 ⁸
1554 4410 1616 4460 ἐκ
1648 4410 1755 4479 γὰρ
1796 4411 1892 4464 τοῦ

2706 2584 2949 2641 EPHES.

2078 2672 2171 2728 Isti
2194 2689 2325 2744 ergo
2343 2674 2615 2741 homines,
2630 2675 3085 2745 juxta‘fabulosos
3107 2676 3570 2746 hippocentauros

2004 2763 2267 2830 semiferi,
2297 2780 2421 2821 cum
2457 2766 2666 2822 Latinis
2716 2768 2938 2837 quidem
2984 2768 3229 2823 fatentur
3295 2770 3564 2837 Spiritum

2001 2864 2248 2911 sanctum
2276 2872 2342 2911 ex
2371 2858 2506 2912 Filio
2553 2859 2847 2929 procedere
2906 2866 2959 2913 et
3021 2859 3576 2915 habereFiliumsuh-

2001 2947 2267 3005 sistentia:
2295 2965 2408 3004 suae
2456 2965 2679 3007 causam
2709 2968 2721 3003 :
2762 2952 2876 3006 hazc
2904 2950 3047 3007 enim
3080 2959 3207 3006 sunt
3234 2952 3572 3008 definitionis

1998 3038 2243 3108 ipsorum
2262 3040 2457 3109 verba;
2484 3043 2763 3099 uobiscum
2784 3050 2965 3099 autem
2984 3043 3173 3099 dicunt
3197 3044 3347 3099 illum
3372 3061 3436 3100 ex
3463 3045 3568 3100 Pa-

1998 3138 2080 3187 tre
2096 3133 2410 3202 procedere.

2674 3314 2875 3373 RESP.

2066 3405 2107 3458 Δ
2144 3405 2371 3475 profana
2402 3423 2601 3463 rursus
2618 3408 2834 3463 orditur
2876 3409 3108 3465 historia
3134 3411 3209 3463 rei
3244 3425 3363 3477 quae
3425 3426 3567 3465 nun-

1996 3510 2159 3565 quam
2191 3497 2315 3564 fuit,
2348 3497 2441 3553 sed
2475 3498 2705 3553 conficta
2744 3510 2826 3552 est
2856 3499 3115 3553 inanibus
3148 3499 3385 3553 futilium
3417 3500 3564 3569 iuge-

1996 3587 2213 3641 niorum
2240 3588 2588 3642 commentis.
2616 3588 2916 3655 Oportebat
2947 3604 3078 3642 vero
3114 3589 3294 3658 ipsum
3325 3606 3354 3643 c
3407 3593 3569 3645 rebus

1996 3693 2115 3747 qum
2147 3686 2276 3732 sunt
2312 3678 2616 3746 exemplum
2644 3688 2848 3746 petere,
2877 3680 3022 3747 quod
3052 3688 3236 3748 posset
3261 3685 3422 3735 etiam
3442 3699 3563 3735 con-

1997 3778 2255 3839 gruenter
2286 3769 2564 3837 adaptarc.
2591 3768 2782 3822 Omnis
2811 3770 2955 3822 enim
2988 3770 3169 3825 serius
3228 3774 3466 3841 scriptor
3494 3776 3566 3828 si-

1998 3859 2335 3913 militudines
2365 3859 2611 3923 adhibet,
2638 3866 2694 3914 et
2715 3861 2963 3930 exempla
3030 3870 3136 3917 no‘n
3181 3864 3396 3927 fictilia,
3433 3882 3566 3934 pra:-

1997 3952 2185 4007 sertim
2219 3951 2273 4005 in
2297 3950 2462 4006 rebus
2512 3952 2927 4009 ecclesiasticis.
2994 3955 3417 4008 Atrevereudus
3471 3957 3569 4009 iste

1996 4046 2177 4116 posito
2208 4046 2352 4115 quod
2374 4045 2579 4099 nullum
2615 4054 2723 4110 est,
2750 4060 2814 4099 ac
2854 4046 2898 4101 si
2926 4056 3095 4106 esset,
3114 4046 3386 4114 allatoque
3406 4046 3569 4099 simili

1994 4138 2151 4207 quasi
2177 4139 2253 4192 rei
2285 4147 2479 4191 natura
2503 4137 2831 4200 constantis,
2862 4146 3018 4189 vocat
3038 4152 3138 4189 nos
3168 4137 3422 4189 semifera
3454 4139 3566 4190 ani-

1998 4228 2280 4290 malia,ira
2321 4228 2566 4297 profecto
2598 4231 2881 4291 incensus,
2927 4230 3395 4296 utcougrucutius
3423 4228 3568 4281 diea-

1998 4335 2156 4384 mus;
2182 4320 2353 4387 liquet.
2370 4320 2514 4373 enim
2541 4319 2849 4388 exemplum
2870 4334 2991 4374 esse
3021 4321 3238 4388 penitus
3273 4322 3568 4387 absonum,

1994 4409 2436 4480 quandoquidem
2469 4411 2780 4478 exemplum
2822 4410 3045 4465 sumite
3067 4425 3125 4463 re
3158 4426 3388 4478 prorsus
3422 4426 3568 4463 com-

322 4492 551 4560 μηδαμῆ
580 4495 846 4564 μηδαμῶς
880 4496 1033 4559 ὄντος
1091 4498 1368 4568 ὲξομοιοϊυ
1425 4500 1541 4561 πῶς
1580 4496 1673 4553 οὖν
1719 4502 1892 4571 ἐφαρ-

2000 4500 2291 4567 mentitia;
2331 4502 2610 4570 quomodo
2645 4515 2776 4571 ergo
2844 4501 3193 4568 quadraverit
3242 4504 3292 4554 iu
3321 4513 3566 4555 naturam

321 4585 477 4653 μόσει
530 4586 688 4639 τοῦτο
743 4588 879 4656 μετὰ
928 4589 1022 4643 τοῦ
1082 4590 1235 4654 ὄντος
1296 4594 1392 4645 καὶ
1488 4593 1889 4664 ύφεστηκότος;

330 4675 471 4729 Ἀλλ’
501 4678 594 4731 ἵνα
620 4679 696 4747 μὴ
730 4682 867 4749 πρὸς
894 4681 1049 4734 οὐδὲν
1090 4683 1405 4752 ἐλέγχοντες
1437 4685 1700 4754 δόξωμεν,
1723 4687 1891 4754 ἀφέν-

320 4784 410 4831 τες
446 4769 540 4822 τὸν
573 4773 939 4839 προκείμενον
971 4777 1177 4827 σκοπὸν
1227 4775 1309 4842 (οὐ
1349 4777 1459 4846 γὰρ
1493 4778 1742 4847 ἐλέγχειν
1767 4778 1889 4831 τοῦ-

324 4875 415 4913 τον
451 4860 761 4931 βουλόμεθα
787 4863 1130 4933 θυμούμενόν
1158 4881 1217 4917 τε
1243 4864 1337 4917 καὶ
1361 4864 1736 4935 ὀργιζόμενον,
1758 4864 1893 4919 ἀλλὰ

319 4947 418 5016 τὴν
439 4949 705 5018 ἀλήθειαν
741 4952 1001 5022 ὲρευνᾷν,
1022 4953 1117 5005 καὶ
1151 4953 1359 5024 ταύτην
1383 4936 1700 5025 φανεροῦν),
1757 4955 1890 5025 φέρε

323 5038 446 5091 καθ’
480 5040 672 5109 εἱρμὸν
702 5041 771 5095 τὰ
829 5046 962 5111 παρ’
1011 5043 1180 5095 αὐτοῦ
1217 5044 1485 5113 εἰρημένα
1522 5045 1888 5111 ἐξετάσωμεν.

320 5127 456 5199 Φησὶ
480 5130 589 5200 γὰρ
638 5130 812 5194 οὕτως
848 5149 860 5161 ·
894 5132 1053 5185 Μετὰ
1105 5132 1214 5185 τῶν
1262 5132 1508 5187 Λατίνων
1552 5134 1651 5204 μὲν
1702 5135 1891 5204 ὁμολο-

324 5219 478 5285 γοῦσι
508 5219 589 5287 τὸ,
618 5223 684 5275 ὲκ
713 5221 810 5277 τοῦ
838 5222 993 5288 Υίοῦ,
1012 5223 1109 5275 καὶ
1131 5223 1201 5277 τὰ
1260 5223 1429 5278 λοιπά
1448 5239 1461 5255 ⁸
1493 5224 1615 5294 μεθ’
1641 5225 1801 5293 ἡμῶν
1833 5226 1889 5279 δὲ

234 5350 239 5357 .
323 5308 382 5359 τὸ
415 5313 479 5363 ὲκ
506 5312 601 5363 τοῦ
643 5313 854 5383 [ἰατρὸς
880 5314 1284 5383 ικπορεύεσθαι
1313 5314 1557 5384 λέγουσι.
1594 5316 1779 5370 Ταῦτα
1833 5318 1889 5371 δὲ

323 5402 499 5471 λέγων
536 5403 752 5470 ἀγνοεῖν
786 5407 1191 5474 προσποιεῖται,
1221 5405 1305 5458 ὅτι
1331 5407 1429 5458 καὶ
1463 5407 1685 5460 Λατῖνοι
1705 5409 1767 5460 ἐκ
1795 5407 1885 5460 τοῦ

327 5495 536 5564 lia-:le;
591 5494 651 5547 τὸ
702 5496 927 5564 Πνεῦμα
990 5497 1049 5549 τὸ
1103 5497 1260 5565 ἅγιον
1310 5498 1709 5564 ἐκπορεύεσθαι
1766 5500 1885 5569 μεθ’

327 5589 477 5656 ἡμῶν
502 5587 862 5658 ὁμολογοῦσι·
895 5588 954 5641 τὸ
997 5588 1053 5641 δὲ
1093 5590 1186 5641 καὶ
1213 5591 1277 5642 ἐκ
1312 5590 1409 5643 τοῦ
1443 5590 1569 5643 Υίοῦ
1601 5590 1738 5660 μετὰ
1773 5594 1884 5643 Λα-

326 5679 481 5731 τίνων
511 5680 611 5749 μὲν
643 5679 1042 5747 ὁμολογοῦμεν,
1074 5681 1227 5746 παρά
1250 5681 1305 5733 δὲ
1357 5681 1465 5734 τῶν
1514 5682 1683 5749 ἁγίων
1728 5680 1883 5735 τοῦτο

332 5772 588 5838 μαθόντες
624 5771 879 5840 λέγομεν.
914 5772 1037 5823 Ὅτι
1070 5773 1125 5824 δὲ
1158 5771 1328 5836 οὕτως
1358 5773 1490 5842 ἕχῖι,
1528 5774 1721 5836 αὐτοὺς
1756 5774 1879 5834 τοὺς

1997 4592 2353 4647 exsistentem
2380 4601 2435 4645 et
2462 4606 2652 4660 reapse
2683 4589 3121 4645 consistentem?
3149 4589 3254 4644 Sed
3286 4608 3351 4644 ne
3382 4592 3566 4645 videa-

1997 4699 2119 4737 mur
2151 4683 2217 4736 ad
2254 4683 2304 4735 id
2347 4683 2490 4749 quod
2518 4682 2651 4735 nihil
2684 4690 2767 4737 est
2800 4680 3156 4749 respondere,
3208 4684 3414 4738 omisso
3476 4684 3565 4737 illo

1994 4775 2140 4844 quod
2172 4774 2332 4829 nobis
2369 4784 2450 4829 est
2485 4776 2830 4844 propositum
2868 4774 3149 4845 (nolumus
3195 4776 3341 4828 enim
3376 4775 3563 4829 redar-

1994 4876 2161 4930 guere
2202 4860 2481 4915 hominem
2522 4861 2617 4913 'ira
2662 4858 3081 4924 inflammatum,
3137 4859 3233 4913 sed
3277 4862 3561 4913 veritatem

1994 4952 2333 5022 perquirere,
2367 4960 2419 5007 et
2444 4967 2561 5005 eam
2599 4950 2953 5020 patefacere),
2984 4964 3105 5018 age.
3132 4952 3273 5003 dicta
3316 4950 3434 5019 ejus
3479 4968 3563 5003 or-

1992 5043 2119 5098 dine
2149 5044 2360 5111 singula
2386 5044 2780 5112 expendamus.
2825 5042 2910 5095 Ait
2942 5041 3146 5110 igitur:
3184 5042 3317 5096 Cum
3351 5041 3562 5097 Latinis

1992 5134 2209 5203 quidem
2241 5133 2479 5188 fatentur
2512 5132 2670 5197 illud,
2694 5148 2756 5187 cx
2782 5132 2941 5198 Filio,
2974 5144 3106 5197 etc.,
3137 5134 3424 5187 nobiscum
3459 5150 3559 5185 au-

1993 5233 2098 5280 tem
2128 5225 2340 5289 dicunt,
2376 5239 2441 5279 ex
2474 5223 2632 5278 Patre
2660 5225 2970 5293 procedere.
2995 5226 3121 5279 Haec
3145 5225 3561 5280 diceusnescire

1994 5326 2048 5371 te
2074 5316 2317 5381 simulat,
2352 5315 2579 5370 Latinos
2613 5331 2835 5386 quoque
2865 5316 3155 5371 nobiscum
3220 5316 3399 5377 fateri,
3442 5316 3559 5383 Spi-

1989 5406 2155 5459 ritum
2202 5413 2444 5459 sanetum
2473 5420 2535 5459 ex
2568 5404 2725 5459 Patre
2758 5403 3057 5474 procedere
3089 5422 3102 5469 ;
3139 5421 3201 5457 ex
3240 5403 3376 5457 Filio
3434 5419 3567 5456 vero

1987 5498 2148 5551 ctiam
2188 5512 2288 5550 nos
2324 5496 2543 5565 quidem
2606 5495 2842 5549 fatemur
2900 5511 3021 5549 cum
3067 5493 3303 5554 Latinis,
3368 5510 3554 5546 verum

1988 5589 2093 5643 hoc
2125 5589 2302 5659 ipsum
2336 5603 2365 5640 a
2395 5589 2603 5643 sanctis
2622 5588 2802 5642 edocti
2831 5587 3151 5641 asserimus.
3224 5586 3278 5637 Id
3309 5586 3378 5636 ita
3410 5601 3559 5649 055v,

1986 5684 2239 5734 doctores
2261 5680 2408 5748 ipsos
2442 5695 2503 5731 ac
2539 5680 2821 5747 theologos
2844 5686 3016 5731 testes
3046 5675 3412 5743 proferamus,
3446 5693 3551 5728 nmt

1989 5788 2175 5826 omnes
2206 5779 2298 5825 aut
2326 5770 2529 5835 omnia,
2555 5784 2674 5839 qua:
2703 5770 2769 5823 de
2793 5769 2891 5822 hac
2915 5766 3138 5820 materia
3174 5768 3507 5832 scripserunt
3540 5807 3553 5827 ,
