4112 6274
577 389 677 458 “9

1476 412 1854 478 GliEGORII
1899 420 2197 482 MAMM/E
2228 424 2332 485 ΟΡ.
2377 426 2893 493 ΡΑΤΗΙΑΒΟΗΑΞ

3704 439 3804 506 19.0

565 513 972 626 sedguosdam,
994 523 1048 571 et
1072 534 1244 585 pauca
1271 521 1488 580 illorum
1505 527 1673 594 dicta,
1695 541 1749 585 ut
1779 533 2130 602 aliquatenus

2240 532 2588 605 δὶδαεηιᾶλους
2633 565 2690 599 τε
2725 549 2814 601 καὶ
2852 551 3135 619 θεολόγους
3166 553 3293 618 τοὺς
3335 555 3493 608 τοῦτο
3545 556 3803 626 λέγοντας

564 602 861 669 probemus
917 622 1019 662 nos
1084 609 1188 666 hoc
1240 627 1490 671 asserere
1540 619 1889 691 desumptum
1941 639 1968 678 a
2001 640 2132 680 sau-

563 692 692 747 etis.

561 799 718 848 τινας
746 828 762 852 ,

562 895 757 950 γομεν.

635 972 823 1043 itaque
851 988 1074 1036 sanctus
1104 983 1342 1051 Cyrillus
1400 988 1453 1042 in
1481 1004 1736 1048 sermone
1757 998 1823 1049 ad
1880 997 2135 1055 Theodo-

564 1060 707 1117 sium
743 1065 1152 1137 imperatorem,
1180 1077 1272 1144 qui
1301 1077 1371 1130 ita
1402 1081 1631 1152 incipit:
1677 1084 2004 1156 Supremum
2032 1090 2135 1143 hu-

563 1169 740 1209 manae
762 1157 948 1225 gloriae
979 1164 1194 1220 culmen
1219 1163 1248 1233 ,’
1306 1171 1383 1226 sic
1413 1173 1485 1227 ait
1515 1190 1528 1228 :
1599 1173 2009 1245 Baptizaturum
2052 1179 2134 1232 in-

561 1247 677 1338 quit
700 1246 885 1302 Jesum
915 1252 967 1306 in
999 1255 1121 1324 igne
1173 1268 1227 1312 et
1299 1259 1503 1330 Spiritu
1563 1279 1792 1331 sancto;
1839 1285 1946 1322 non
1983 1270 2130 1338 quod

563 1336 826 1407 Spiritqu
855 1343 1145 1411 baptizatis
1164 1349 1387 1406 deberet
1406 1354 1692 1411 infundere
1711 1360 1948 1412 alienum
1974 1336 2132 1429 quasi

561 1443 757 1485 servus
789 1442 845 1486 et
878 1435 1150 1501 minister,
1188 1441 1282 1493 sed
1306 1457 1430 1498 cum
1481 1459 1737 1514 suprema
1765 1456 2038 1517 potestate
2073 1460 2132 1506 ut

561 1529 758 1608 natura
782 1521 922 1578 Deus
983 1526 1154 1593 illum,
1174 1531 1266 1598 qui
1292 1546 1359 1586 ex
1387 1534 1504 1602 ipso
1526 1545 1631 1597 est,
1656 1547 1709 1589 et
1728 1538 1844 1606 ejus
1879 1541 2133 1608 proprius

561 1617 666 1662 est.
696 1606 751 1661 lu
792 1611 1024 1679 epistola
1055 1629 1273 1684 quoque
1293 1619 1358 1671 ad
1376 1617 1712 1686 Nestorium,
1737 1606 1896 1692 cujus
1915 1606 2131 1680 Initium

560 1705 703 1750 est:
755 1696 890 1751 Cum
949 1698 1200 1757 Salvator
1253 1714 1441 1761 noster
1495 1710 1700 1766 diserte
1793 1715 2133 1782 pronuntiet,

563 1785 845 1891 Quamvis,
873 1791 1073 1891 inquit,
1104 1793 1345 1891 Spiritus
1378 1813 1534 1854 suam
1572 1802 1772 1858 habeat
1797 1804 2128 1874 peculiarem
2162 1835 2206 1891 Β

562 1878 1134 1954 subsistentiam,qua
1188 1888 1514 1960 intelligitur
1556 1909 1653 1964 per
1709 1910 1829 1951 sese
1861 1899 2130 1954 exsistens

561 1970 824 2040 Spiritus,
864 1992 973 2030 non
1003 1978 1202 2046 Filius,
1255 1992 1340 2038 est
1389 1994 1570 2041 tamen
1633 1989 1776 2044 haud
1841 1992 2053 2047 alienus
2103 2007 2132 2046 a

562 2063 702 2121 Filio
735 2068 953 2126 :dictus
975 2072 1178 2143 quippe
1212 2084 1296 2130 est
1323 2076 1562 2147 Spiritus
1611 2083 1878 2148 veritatis,
1931 2085 2134 2140 veritas

561 2168 741 2214 autem
768 2170 848 2216 est
874 2161 1130 2220 Christus
1158 2183 1172 2222 :
1205 2176 1256 2220 et
1285 2169 1584 2226 eiiunditur
1607 2174 1675 2227 ab
1702 2175 1794 2228 illo
1840 2189 1946 2230 non
1975 2189 2136 2230 secus

561 2254 724 2314 atque
747 2248 815 2302 ab
841 2250 960 2319 ipso
989 2253 1097 2308 Deo
1135 2254 1317 2312 Patre.
1344 2259 1503 2324 Quod
1551 2277 1681 2317 vero
1710 2273 1933 2320 sanctus
1975 2264 2137 2321 Pater

564 2351 659 2404 per
676 2352 888 2406 vocem,
907 2342 1229 2408 eﬂ'unditur,
1249 2347 1516 2419 intelligat
1543 2355 1969 2420 processionem.
1993 2357 2138 2423 ipse-

561 2436 676 2480 met
704 2429 942 2486 declarat
967 2436 1020 2486 in
1052 2437 1398 2505 expositione
1432 2440 1700 2510 Symboli.
1724 2445 1985 2498 Aitoenim
2021 2463 2035 2499 :
2071 2447 2134 2500 Et

562 2517 884 2587 eﬂ‘unditur,
923 2523 1024 2580 hoc
1057 2534 1142 2582 est
1177 2531 1444 2595 procedit.
1481 2543 1738 2604 tanquam
1772 2551 1838 2590 ex
1899 2537 2045 2590 fonte
2106 2553 2133 2591 a

565 2607 673 2666 Deo
698 2613 880 2670 Patre.
905 2614 1004 2672 Hic
1033 2618 1190 2686 illud,
1235 2621 1557 2693 cli'unditur,
1585 2627 1651 2680 ab
1701 2628 1796 2681 illo
1827 2643 1929 2682 non
1978 2645 2136 2684 secus

565 2713 727 2776 atque
792 2710 858 2763 ab
911 2711 1029 2778 ipso
1091 2713 1291 2778 Patre;
1345 2719 1620 2783 quomodo
1683 2720 2136 2789 intelligendum?

565 2797 621 2850 Si
663 2798 810 2850 enim
868 2798 1100 2855 dixisset
1163 2803 1362 2870 solum,
1422 2806 1740 2873 eiiunditur,
1797 2810 1934 2863 alius
1997 2825 2137 2879 quo-

565 2902 670 2956 que
709 2903 906 2945 sensus
941 2892 1120 2946 locum
1177 2895 1440 2963 haberet;
1495 2899 1594 2954 sed
1632 2915 1756 2954 cum
1794 2901 1979 2967 addat,
2016 2899 2135 2956 Non

566 2994 727 3033 secus
756 2988 922 3049 atque
949 2981 1016 3035 ab
1047 2983 1166 3051 ipso
1197 2982 1381 3050 Patre,
1401 3001 1619 3040 omnem
1656 2988 1983 3058 detorquere
2017 3003 2138 3042 sen-

565 3084 686 3122 sum
709 3070 1017 3124 volentibus
1044 3073 1289 3139 pra-cidit
1306 3074 1676 3130 occasionem.
1700 3077 1763 3129 Et
1782 3092 2006 3146 magnus
2037 3075 2138 3129 Ba-

566 3162 724 3216 silius
763 3162 818 3216 in
845 3165 1122 3231 opusculis
1143 3173 1327 3220 contra
1353 3165 1703 3232 Eunomium,
1741 3169 1793 3222 in
1817 3171 2017 3238 capite,
2043 3182 2138 3222 cu—
2163 3157 2206 3216 C

562 3253 653 3326 jus
695 3256 978 3325 inscriptio
996 3266 1076 3312 est
1096 3275 1109 3311 :
1135 3257 1288 3325 Quod
1305 3243 1362 3313 ut
1383 3275 1440 3314 se
1453 3259 1614 3315 habet
1630 3259 1800 3316 Filius
1816 3260 1882 3314 ad
1901 3261 2135 3327 Patrem,

568 3348 641 3402 ita
674 3347 912 3416 Spiritus
937 3350 1212 3405 sehabeat
1243 3352 1310 3406 ad
1342 3349 1540 3406 Filium
1582 3370 1596 3405 :
1636 3353 1864 3417 Idcirco,
1921 3353 2017 3419 ait,
2052 3352 2140 3406 Fi-

567 3441 672 3494 lias
694 3441 912 3510 quidem
944 3449 1027 3496 est
1064 3441 1154 3495 Dei
1180 3441 1443 3508 Verbum,
1497 3444 1720 3499 verbum
1777 3455 1957 3500 autem
2015 3444 2138 3500 Filii

567 3531 806 3601 Spiritus
839 3533 1106 3588 :Portans
1126 3536 1286 3600 enim,
1328 3536 1531 3605 inquit,
1572 3538 1748 3590 omnia
1782 3541 1931 3591 verba
1975 3537 2140 3592 τίνω-

569 3626 635 3676 tis
664 3624 843 3690 suae";
878 3635 932 3680 et
960 3629 1086 3694 quia
1131 3628 1356 3682 verbum
1387 3627 1534 3694 Filii,
1577 3639 1863 3698 pr0pterea
1899 3629 2137 3697 gladium

567 3716 748 3788 inquit
782 3717 1044 3788 Spiritus,
1079 3720 1225 3788 quod
1251 3728 1332 3775 est
1359 3721 1584 3776 verbum
1607 3720 1696 3774 Dei
1720 3737 1734 3775 :
1762 3721 1944 3774 vivum
1975 3735 2138 3792 porro

565 3817 620 3864 et
637 3809 825 3864 eliicax
865 3820 950 3865 est
986 3810 1077 3864 Dei
1103 3813 1330 3865 verbum
1364 3822 1416 3865 et
1441 3826 1643 3866 sermo.
1684 3811 1921 3866 Sanctus
1955 3823 2136 3866 autem

565 3901 895 3955 Ambrosius
923 3901 1008 3969 (ad
1045 3917 1205 3969 quem
1259 3902 1509 3956 scribens
1573 3903 1793 3958 divinus
1853 3902 2084 3958 Basilius
2120 3919 2134 3956 :

568 3995 703 4063 Age,
729 3993 925 4062 inquit,
951 3993 1032 4047 vir
1053 3992 1171 4058 Dei,
1195 3995 1415 4061 quando
1439 3993 1644 4047 Christi
1661 3993 2011 4062 Evangelium
2032 4008 2138 4048 non

567 4089 634 4141 ab
664 4087 984 4142 hominibus
1015 4087 1280 4155 accepisti
1338 4096 1432 4141 aut
1463 4085 1729 4151 didicisti,
1787 4089 1881 4140 sed
1928 4086 2042 4155 ipse
2091 4093 2141 4140 te

564 4179 834 4233 Dominus
858 4177 1141 4233 transtulit
1172 4177 1533 4248 dejudicibus
1568 4187 1726 4232 terra:
1751 4177 1820 4230 ad
1875 4175 2140 4246 apostoli-

565 4287 687 4325 cam
725 4270 1095 4342 dignitatem),
1131 4270 1272 4324 libro
1289 4269 1476 4338 primo
1497 4269 1571 4323 De
1621 4269 1826 4337 Spiritu
1861 4273 2050 4322 sancto
2072 4265 2139 4320 ad

569 4364 891 4420 Gratianum
913 4364 1319 4433 imperatorem,
1338 4376 1461 4433 cap.
1485 4361 1572 4427 10,
1590 4362 1693 4417 Sed
1719 4377 1915 4431 neque,
1938 4358 2137 4429 inquit,

564 4472 687 4511 cum
719 4456 786 4510 de
815 4455 974 4510 Patre
1001 4449 1136 4520 exit,
1177 4454 1388 4509 deloco
1433 4455 1656 4518 recedit,
1677 4463 1730 4508 et
1755 4455 1910 4522 quasi
1935 4468 2137 4522 corpus
2169 4485 2217 4546 υ

565 4564 594 4603 a
623 4562 851 4617 corpore
883 4556 1217 4617 separatur;
1278 4561 1458 4616 neque
1516 4561 1639 4601 cum
1703 4547 1762 4598 in
1826 4545 1990 4598 Patre
2025 4553 2130 4609 est,

563 4640 721 4709 quasi
754 4641 807 4695 in
838 4649 1064 4709 corpore
1086 4648 1345 4707 tauquam
1382 4651 1582 4706 corpus
1648 4636 1968 4689 includitur.
2010 4633 2135 4701 Spi-

563 4734 702 4788 ritus
720 4741 937 4802 quoque
962 4740 1190 4786 sanctus
1222 4745 1344 4784 cum
1379 4728 1712 4798 proceditex
1763 4727 1922 4780 Patre
1961 4734 2014 4779 et
2040 4722 2134 4777 Fi-

561 4826 657 4890 lio,
694 4840 802 4879 non
839 4832 1124 4894 separatur
1150 4820 1376 4886 aPatre,
1406 4835 1517 4874 non
1553 4828 1839 4889 separatur
1900 4834 1929 4871 a
1973 4816 2132 4870 Filio.

562 4909 1034 4982 Quemadmodum
1061 4912 1204 4967 enim
1231 4911 1474 4978 separari
1530 4917 1707 4979 potest
1733 4925 1762 4962 a
1800 4907 1981 4971 Patre,
2041 4907 2134 4975 qui

562 5003 791 5075 spiritus
824 5001 938 5058 oris
969 5003 1088 5071 ejus
1122 4999 1251 5055 est?
1288 5000 1439 5070 quod
1473 4999 1661 5067 utique
1693 5009 1747 5052 ct
1808 4996 2135 5050 aeternitatis

564 5095 848 5160 indicium,
891 5103 946 5149 et
978 5093 1281 5148 divinitatis
1303 5089 1869 5159 exprimitunitatem.
1896 5088 2136 5142 Sanctus

565 5187 781 5260 Agatho
808 5187 861 5240 in
893 5200 993 5240 sua
1019 5184 1252 5254 epistola
1302 5195 1466 5253 quam
1526 5183 1676 5238 misit
1721 5179 2138 5248 Subscriptioni-

564 5274 670 5332 bus
697 5284 912 5330 centum
935 5272 1190 5344 etvigiuti
1219 5275 1601 5342 episcoporum
1640 5272 1902 5325 munitam
1923 5267 1992 5322 ad
2009 5283 2105 5322 san
2123 5297 2137 5308 -

563 5378 706 5425 ctam
737 5367 1007 5438 synodum
1039 5373 1274 5430 sextam,
1327 5365 1392 5419 de
1449 5365 1611 5419 beato
1666 5361 1978 5433 Augustino
2024 5361 2138 5414 haec

561 5456 733 5512 habet
765 5472 780 5510 :
808 5455 1006 5511 Beatus
1037 5454 1380 5525 Augustinus
1405 5453 1900 5525 prmSIantissimus
1923 5451 2134 5504 doctor.

562 5539 908 5605 Etrursusé
967 5547 1229 5603 Veritatis
1280 5545 1753 5617 prudentissimus
1815 5541 2137 5612 praedicator

563 5637 755 5697 beatus
789 5640 1146 5711 Augustinus.
1183 5639 1279 5696 llic
1349 5639 1515 5710 igitur
1565 5639 1754 5693 beatus
1799 5633 2136 5704 Augustinus

669 5867 687 5898 ⁸
717 5865 878 5924 Hebr.
907 5885 938 5935 l,
967 5869 1017 5922 5.

2241 631 2320 691 είς
2353 633 2520 699 μέσον
2553 639 2870 707 προθῶμεν,
2907 644 2970 694 οὐ
3002 645 3213 708 πάντας
3243 646 3363 698 οὐδὲ
3388 648 3564 701 πάντα
3593 649 3660 701 τὰ
3711 649 3802 700 ὑπ’

2242 721 2424 775 αὐτῶν
2490 727 2549 777 ὲν
2605 729 2779 802 ταύτῃ
2841 736 2907 802 τῇ
2975 734 3236 789 ὑποθέσει
3313 738 3601 808 εἰρημένα,
3667 739 3803 792 ἀλλά

861 791 954 844 καὶ
1007 792 1062 858 ἐξ
1121 794 1301 848 αὐτῶν
1367 797 1523 867 ὀλίγα
1578 804 1658 866 εἰς
1741 809 1976 876 μερικὴν
2041 826 2164 862 τινα
2243 812 2653 888 πληροφορίαν,
2701 791 2782 876 ὃτί
2973 827 3082 879 τῶν
3145 829 3316 896 ἁγίων
3367 791 3644 893 ’λζσάντὲς
3722 791 3804 886 lsi-

2308 1012 2419 1064 Καὶ
2462 1012 2526 1080 δή
2560 1031 2761 1080 φαμεν,
2803 1016 2878 1078 ὡς
2919 1019 2946 1070 0
2979 1017 3120 1081 οεῖος
3161 1018 3430 1088 Κύριλλος
3463 1021 3521 1073 ἐν
3554 1021 3630 1090 τῷ
3667 1021 3803 1090 πρὸς

2241 1102 2466 1171 βασιλέα
2506 1105 2788 1159 Θεοδόσιον
2845 1109 3011 1178 λόγῳ,
3046 1105 3107 1162 οῦ
3141 1113 3174 1179 ἡ
3223 1111 3390 1180 ἀρχὴ,
3425 1111 3539 1178 Τῆς
3594 1111 3695 1180 μὲν
3747 1112 3804 1164 ἐν

2236 1193 2545 1263 ἀνθρώποις
2573 1197 2826 1260 εὐκλείας
2862 1200 2960 1269 τῆς
2999 1201 3284 1264 ἀνωτάτω,
3321 1200 3805 1270 φησί’Βαπτίζειν

2237 1283 2341 1356 ἔφη
2390 1288 2484 1341 τὸν
2533 1289 2741 1360 Ἰησοῦν
2774 1293 2831 1343 ὲν
2856 1293 2990 1362 πυρὶ
3019 1295 3114 1346 καὶ
3147 1294 3288 1365 ἁγίῳ
3315 1295 3621 1363 Πνεῦματι,
3654 1297 3716 1348 οὐ
3745 1295 3805 1348 τὸ

2236 1377 2516 1448 ἀλλότριον
2551 1384 2662 1444 τοῖς
2693 1383 3114 1452 βαπτιζομένοις
3145 1387 3357 1440 ὲνιέντα
3422 1386 3648 1456 Πνεῦμα
3682 1388 3807 1440 δου-

2233 1469 2525 1539 λοπρεπῶς
2557 1475 2649 1526 καὶ
2690 1473 3061 1544 ὑηρετικῶς,
3093 1477 3209 1530 ἀλλ’
3247 1479 3321 1541 ὡς
3344 1480 3478 1530 Θεὸν
3509 1480 3653 1532 κατά
3702 1481 3806 1546 φύ-

2236 1579 2323 1616 σιν
2361 1563 2480 1632 μετ’
2510 1562 2760 1630 ἐξουσίας
2796 1569 2898 1637 τῆς
2950 1569 3211 1624 ἀνωτάτω
3265 1571 3328 1624 τὸ
3375 1569 3432 1634 ἐξ
3489 1572 3658 1624 αὐτοῦ
3712 1573 3805 1624 καὶ

2237 1654 2372 1707 ἴδιον
2404 1656 2594 1709 αὐτοῦ.
2627 1659 2737 1713 Καὶ
2791 1661 2852 1714 ὲν
2901 1661 2980 1730 τῷ
3017 1663 3154 1731 πρὸς
3206 1663 3500 1733 Νεστόριον
3547 1663 3710 1733 λόγῳ,
3743 1664 3804 1716 οῦ

2239 1746 2272 1814 ὴ
2335 1747 2501 1817 ἀρχὴ,
2547 1747 2654 1801 Τοῦ
2705 1750 2964 1820 Σωτῆρος
3015 1753 3476 1823 ὴμῶν,,λέγοντος
3535 1754 3804 1822 ἐναργῶς,

2236 1837 2435 1906 φησίν·
2471 1839 2534 1893 El
2584 1840 2677 1892 καὶ
2712 1841 2859 1894 ἔστιν
2884 1845 2942 1896 ἐν
2969 1843 3268 1897 ὑποστάσει
3327 1844 3388 1896 τὸ
3429 1843 3654 1908 Πνεῦμα
3713 1843 3809 1899 ἰδι-

2242 1929 2333 1996 κῇ,
2363 1930 2456 1980 καὶ
2480 1929 2541 1998 δὴ
2565 1932 2656 1983 καὶ
2685 1933 2884 1985 νοεῖται
2908 1935 3033 1986 καθ’
3064 1935 3246 2001 ἑαυτὸ,
3279 1932 3414 1987 καθὸ
3432 1931 3660 2001 Πνεῦμα
3689 1933 3807 1986 ἐστι

2241 2023 2340 2076 καὶ
2365 2024 2464 2094 οὐχ
2497 2024 2648 2088 Υἱὸς,
2685 2025 2802 2078 ἀλλ’
2831 2025 2923 2078 οῦν
2967 2028 3117 2080 ἐστιν
3150 2027 3250 2078 οὐκ
3283 2025 3564 2094 ἀλλότριον
3598 2023 3763 2078 αὑτοῦ
3787 2036 3803 2052 °

2239 2118 2469 2188 Πνεῦμα
2498 2120 2608 2187 γὰρ
2639 2121 2897 2191 ἀληθείας
2927 2120 3270 2188 ὠνόμασται,
3301 2119 3396 2173 καὶ
3426 2119 3539 2172 ἐστι
3568 2115 3807 2186 Χριστὸς

2239 2210 2271 2278 ἡ
2315 2209 2576 2278 ἀλήθεια·
2625 2211 3058 2279 καὶ-προχεῖται
3114 2209 3244 2280 παρ’
3305 2206 3494 2271 αὐτοῦ,
3551 2206 3807 2274 καθάπερ

2238 2302 2430 2370 ἀμέλει
2485 2303 2579 2357 καὶ
2607 2303 2669 2354 ἐκ
2699 2303 2793 2355 τοῦ
2826 2302 2961 2355 Θεοῦ
3000 2302 3094 2355 καὶ
3157 2301 3391 2370 Πατρός.
3447 2299 3572 2354 Ὀτι
3627 2298 3685 2352 δὶ
3744 2295 3810 2349 τὸ

2239 2398 2528 2464 προχεῖται
2561 2397 2683 2448 ἀντὶ
2706 2394 2802 2448 τοῦ
2828 2394 3190 2463 ἐκπορεύεται
3227 2397 3254 2446 0
3291 2393 3449 2457 ἅγιος
3471 2392 3640 2458 λέγει,
3667 2407 3808 2458 παρ-

2243 2489 2427 2558 ιστησι
2461 2487 2621 2540 τοῦτο
2666 2490 2692 2540 0
2727 2487 2890 2549 αὐτὸς
2929 2487 2986 2540 ὲν
3017 2489 3081 2555 τῇ
3133 2485 3228 2538 τοῦ
3279 2481 3552 2552 συμσόλου
3603 2481 3809 2547 ἐξηγή-

2241 2601 2323 2637 σει
2347 2601 2361 2615 ο
2387 2584 2522 2652 φησι
2557 2581 2666 2649 γάρ
2687 2599 2700 2611 ο
2738 2581 2844 2632 Καὶ
2876 2579 3184 2647 προχεῖται,
3218 2578 3386 2646 ἤγουν
3417 2571 3805 2642 ἐκπορεύεται,

2237 2677 2312 2737 ὡς
2339 2675 2446 2726 ἀπὸ
2483 2673 2671 2740 πηγῆς
2696 2669 2790 2723 τοῦ
2822 2670 2957 2722 Θεοῦ
2991 2668 3083 2720 καὶ
3115 2667 3354 2737 Πατρός.
3392 2663 3554 2716 Ἀλλά
3579 2663 3639 2715 τὸ
3670 2677 3809 2728 προ-

2239 2768 2414 2835 χεῖται
2448 2765 2582 2833 παρ’
2608 2763 2772 2816 αὑτοῦ
2804 2759 3052 2828 καθάπερ
3085 2757 3277 2829 ἀμέλει
3306 2754 3400 2809 καὶ
3443 2755 3507 2807 ὲκ
3548 2751 3643 2804 τοῦ
3688 2753 3804 2804 Πα-

2238 2858 2386 2927 τρδς,
2413 2857 2467 2910 τί
2490 2857 2556 2911 ἂν
2589 2857 2776 2923 νοήσοι
2806 2870 2927 2918 τιςς
2961 2853 3024 2906 Ei
3051 2851 3160 2921 γὰρ
3208 2848 3269 2902 τὸ
3305 2847 3590 2919 προχεῖται
3616 2842 3808 2904 ἁπλῶς

2238 2950 2444 3016 ἔλεγεν,
2478 2943 2593 3018 εἷχε
2619 2946 2978 3018 χώραν’ἄλλο
3010 2962 3065 2998 τι
3108 2943 3250 2996 νοεῖν
3271 2957 3284 2973 °
3342 2942 3391 2993 εἰ
3423 2939 3502 3002 δὲ,
3553 2935 3807 3001 καθάπερ

2239 3043 2431 3113 ἀμέλει
2465 3044 2560 3094 καὶ
2595 3043 2656 3093 ὲκ
2682 3040 2775 3094 τοῦ
2809 3037 3043 3106 Πατρὸς,
3075 3034 3334 3102 οὐδεμίαν
3380 3033 3652 3102 πρόφασιν
3681 3045 3810 3081 κατ-

2243 3139 2394 3194 έλιπε
2427 3139 2540 3200 τοῖς
2575 3135 2822 3188 ἐθέλουσι
2850 3132 3054 3198 λέγειν.
3112 3129 3219 3181 Καὶ
3243 3129 3272 3180 0
3305 3128 3478 3196 μέγας
3525 3122 3808 3182 Βασίλειος

2241 3234 2300 3284 ὲν
2323 3231 2401 3298 τῷ
2444 3231 2566 3283 κατ’
2596 3226 2888 3294 Εὐνομίου,
2917 3225 2972 3276 ὲν
3005 3223 3088 3275 ἐνὶ
3129 3221 3236 3273 τῶν
3277 3216 3612 3287 κεφαλαίων,
3663 3207 3723 3267 οῦ
3772 3212 3807 3282 ἡ

2241 3323 2546 3393 ἐπιγραφὴ,
2580 3321 2702 3373 Ὀτι
2753 3317 2829 3379 ὼς
2865 3320 2892 3370 0
2929 3315 3053 3376 Υίδς
3111 3313 3245 3382 πρὸς
3279 3311 3370 3364 τὸν
3420 3308 3638 3378 Πατέρα
3672 3305 3804 3372 ἔχει,

2239 3421 2382 3472 οὕτω
2415 3416 2475 3469 τδ
2525 3412 2749 3482 Πνεῦμα
2786 3411 2922 3480 πρὸς
2968 3409 3060 3462 τὸν
3088 3408 3239 3470 Υἱδν,
3307 3402 3441 3472 φησί
3467 3415 3481 3430 ·
3519 3399 3616 3452 Διὰ
3651 3397 3809 3451 τοῦτο

2240 3512 2335 3567 καὶ
2365 3509 2498 3562 Θεοῦ
2541 3509 2636 3578 μὲν
2659 3506 2831 3572 Λόγος
2886 3505 2913 3556 0
2938 3502 3088 3564 Υἱὸς,
3121 3501 3271 3569 ῥῆμα
3299 3498 3354 3551 δὲ
3376 3493 3508 3548 Υίοῦ
3529 3493 3589 3544 τὺ
3637 3490 3806 3544 Πνεῦ-

2243 3616 2350 3673 μαο
2388 3599 2587 3668 Φέρων
2615 3597 2745 3664 γὰρ.
2780 3593 2937 3662 φησὶ,
2971 3591 3043 3645 τὰ
3087 3589 3284 3642 πάντα
3327 3585 3405 3650 τῷ
3433 3584 3655 3652 ῥήματι
3699 3579 3809 3647 τῆς

2239 3691 2548 3762 δυνάμεως
2581 3689 2770 3744 αὑτοῦ
2791 3703 2803 3716 ·
2842 3685 2936 3738 καὶ
2959 3682 3147 3751 ἐπειδὴ
3181 3682 3331 3749 ῥῆμα
3357 3676 3449 3732 τοῦ
3501 3674 3656 3738 Υἰοῦ,
3721 3673 3810 3726 διὰ

2239 3785 2398 3839 τοῦτο
2447 3782 2546 3852 τὴν
2606 3777 2883 3848 μάχαιράν
2933 3791 3066 3844 φησι
3111 3771 3207 3824 τοῦ
3248 3769 3585 3836 Πνεύματος,
3614 3767 3643 3819 ὃ
3690 3766 3808 3818 ἔστι

2243 3879 2394 3950 ρἧα
2415 3872 2547 3929 Θεοῦ
2569 3889 2582 3905 ο
2618 3872 2777 3940 λόγος
2816 3868 2872 3920 δὲ
2909 3863 3044 3918 Θεοῦ
3075 3863 3171 3916 καὶ
3189 3861 3354 3950 ρῆμα
3390 3861 3497 3924 ζῶν
3527 3858 3622 3910 καὶ
3648 3857 3806 3950 susp-

2240 3947 2354 4039 γόν.
2396 3970 2457 4020 '0
2487 3966 2543 4018 δὲ
2599 3963 2753 4030 ἅγιος
2782 3958 3109 4028 Ἀμὸρόσιος
3160 3947 3225 4021 (ᾧ
3268 3954 3296 4006 0
3352 3952 3492 4014 θεῖος
3528 3948 3810 4009 Βασίλειος

2240 4061 2576 4117 ἐπιστέλλων
2602 4056 2787 4122 ἔλεγεν
2808 4068 2822 4083 ·
2857 4053 2992 4119 Ἀγε
3047 4049 3130 4119 δὴ,
3154 4041 3198 4100 ὦ
3232 4046 3489 4115 ἄνθρωπε
3523 4041 3618 4095 τοῦ
3645 4040 3805 4102 Θεοῦ,

2240 4153 2432 4224 ἐπειδὴ
2458 4153 2520 4204 οὐ
2557 4149 2690 4220 παρ’
2732 4145 3036 4216 ἀνθρώπων
3086 4139 3396 4212 παρέλαϐες
3431 4137 3464 4207 ἢ
3524 4135 3807 4204 ἐδιδάχθης

2242 4249 2302 4302 τὸ
2325 4244 2656 4314 Εὖαγγέλιον
2685 4238 2778 4293 τοῦ
2807 4237 3066 4308 Χριστοῦ,
3101 4233 3219 4287 ἀλλ’
3264 4232 3427 4291 αὑτός
3454 4246 3514 4282 σε
3550 4231 3576 4282 0
3607 4227 3810 4295 Κύριος

2241 4340 2349 4394 ἀπὸ
2375 4337 2485 4390 τῶν
2520 4332 2724 4404 κριτῶν
2755 4331 2853 4398 τῆς
2905 4327 3009 4394 γῆς
3046 4325 3136 4378 ἐπὶ
3204 4323 3303 4394 τὴν
3359 4319 3652 4391 προεδρίαν
3701 4317 3812 4368 τῶν

2243 4431 2567 4486 ἀποστόλων
2602 4422 2953 4496 μετέθηκεν),
2993 4412 3147 4481 οὗτος
3190 4417 3254 4487 δὴ
3310 4415 3446 4482 πρὸς
3508 4407 3812 4482 Γρατιανὸν

2242 4526 2334 4580 τὸν
2371 4521 2598 4593 βασιλέα
2631 4521 2687 4571 ἐν
2710 4513 2786 4584 τῷ
2815 4513 3015 4584 πρώτῳ
3042 4509 3232 4580 βιϐλίῳ
3262 4506 3337 4575 τῷ
3369 4502 3504 4593 Περί
3530 4500 3810 4593 τοῦᾷἁγίου

2244 4590 2591 4681 Πνεῦματος,
2628 4604 2909 4672 κεφαλαίῳ
2960 4601 3194 4668 δεκάτῳ,
3251 4594 3450 4664 φησιν·
3495 4590 3642 4645 Ἀλλ’
3689 4590 3812 4642 οὔτε

2242 4705 2466 4763 ἐπειδὰν
2498 4704 2563 4755 ἐκ
2593 4699 2689 4755 τοῦ
2724 4697 2935 4766 Πατρῦς
2967 4693 3270 4762 ἐξέρχεται,
3312 4685 3419 4740 ἀπὸ
3467 4684 3634 4737 τόπου
3686 4684 3814 4735 ἀνα-

2243 4800 2434 4874 χωρεῖ,
2485 4796 2581 4850 καὶ⁹
2642 4791 2775 4845 ὡσεὶ
2832 4790 2990 4857 σῶμα
3046 4783 3340 4854 χωρίζεται
3373 4778 3479 4832 ἀπὸ
3523 4776 3809 4844 σώματος·

2243 4866 2365 4947 οὐδὲ
2401 4891 2511 4958 γὰρ
2555 4890 2612 4941 ὲν
2652 4885 2728 4956 τῷ
2770 4883 2950 4951 Πατρὶ
3003 4877 3077 4939 ὡς
3123 4875 3284 4941 δῆθεν
3333 4874 3390 4924 ὲν
3449 4870 3662 4958 σώματι
3718 4866 3812 4958 ἆτε

2242 4986 2307 5054 δὴ
2361 4955 2523 5050 σιῦμά
2575 4955 3048 5048 ἐμπερικλείεται.
3105 4965 3219 5020 Καὶ
3261 4963 3322 5015 τὸ
3375 4959 3603 5054 Πνεῦμα
3647 4957 3702 5054 δὲ
3751 4955 3812 5008 τὸ

2245 5050 2403 5145 ἅγιον
2447 5073 2610 5143 ἡνίκα
2645 5071 2707 5122 ὲκ
2767 5064 2863 5118 τοῦ
2919 5059 3135 5129 Πατρὸς
3180 5053 3400 5110 καὶτοῦ
3455 5051 3587 5104 Υἰοῦ
3647 5050 3813 5145 simo-

2251 5141 2491 5240 ρεύεται,
2531 5163 2590 5215 οὐ
2623 5157 2922 5230 χωρίζεται
2979 5151 3074 5204 τοῦ
3129 5147 3363 5240 Πατρδς,
3425 5141 3812 5240 συθ-χωρίζεται

2249 5226 2343 5315 τοῦ
2373 5226 2504 5311 Υἱοῦ
2527 5271 2542 5287 ο
2575 5226 2834 5317 τίνα-γὰρ
2861 5243 3063 5315 τρόπον
3089 5239 3314 5293 δύναται
3343 5231 3673 5306 χωρίζεσθαι
3718 5226 3809 5317 τοῦ

2249 5349 2479 5419 Πατρδς,
2521 5314 2746 5410 Πνεῦμα
2789 5314 3059 5406 στόματος
3094 5328 3259 5383 αὐτοῦ
3294 5324 3452 5419 δν;-ὃ
3478 5322 3692 5380 πάντως
3713 5314 3814 5419 οιαὶ

2243 5444 2341 5509 τῆς
2366 5410 2683 5505 ’ἀῖδ-ιότητος
2721 5427 2923 5498 δεῖγμά
2958 5429 3097 5488 ἔστι,
3133 5423 3228 5474 καὶ
3266 5419 3366 5486 τῆς
3406 5417 3658 5509 θεότητομς
3701 5410 3813 5509 ⁵εμε-

2246 5502 2427 5605 φαίνει
2454 5502 2844 5600 τὴνήὲνότητα.
2887 5521 2948 5572 '0
2988 5518 3144 5585 ἅγιος
3189 5511 3437 5606 Ἀγάθων
3468 5509 3525 5559 ὲν
3582 5506 3657 5606 τῇ⁹
3698 5502 3817 5604 ἔπι-

2249 5602 2405 5696 στολῇ
2458 5619 2645 5685 αὑτοῦ,
2697 5616 2763 5688 ἢν
2813 5614 2949 5683 πρὸς
2999 5610 3098 5681 τὴν
3146 5607 3309 5676 ἁγίαν
3372 5602 3540 5666 ἕκτην
3599 5602 3815 5648 σύνοοον
