4112 6274
335 395 423 460 121
1569 396 1867 458 CONTRA
1908 395 2332 483 EPHESIUM.

3469 395 3570 465 122

323 514 556 586 επεμψε,
583 516 735 586 παρά
773 516 971 573 ἑκατὸν
1021 519 1228 572 εῐκοσιν
1279 519 1597 573 ἐπισκόπων
1639 522 1880 591 βεϐαιου-

1992 524 2057 577 ad
2089 523 2342 576 Orosium
2379 522 2628 577 scribens
2659 541 2672 576 :
2702 522 2964 591 Spiritus,
2996 521 3194 589 inquit,
3214 524 3439 574 sanctus
3461 532 3567 570 non

325 610 519 679 μένην,
555 609 683 677 περὶ
718 609 814 662 τοῦ
846 612 1125 682 μακαρίου
1153 614 1526 681 Δύγουστίνου
1560 615 1738 668 τοιάδε
1788 616 1892 683 φά-

326 716 445 751 σκει
467 714 482 729 ⁶
526 697 583 752 ’0
617 699 891 768 μακάριος
923 702 1282 769 Αύγουστῖνος
1310 706 1336 757 6
1387 705 1719 776 ἐξοχώτατος
1742 707 1888 759 διδά-

330 788 557 850 σκαλος·
589 790 688 841 καὶ
742 790 947 844 πάλιν·
990 792 1047 844 ’0
1106 796 1419 863 σοφώτατος
1483 799 1583 864 τῆς
1627 798 1888 868 ἀληθείας

327 878 499 949 κῆρυξ
529 881 557 933 6
594 881 864 948 μακάριος
912 884 1295 950 Αύγουστῖνος.
1340 880 1509 951 Οὗτος
1538 886 1631 943 οῦν
1654 892 1681 942 6
1708 890 1889 959 μακά-

325 985 439 1038 ριος
491 970 858 1040 Αὐγουστῖνος
929 975 1066 1043 πρὸς
1133 976 1395 1047 Ὀρὼσιον
1463 980 1691 1050 γράφων
1745 981 1888 1034 οὕτω

322 1061 454 1128 φησι
476 1075 490 1090 ·
523 1062 597 1112 Τὸ
627 1063 854 1132 Πνεῦμα
884 1065 945 1118 τὸ
974 1065 1132 1134 ἅγιον
1164 1069 1264 1121 οὐκ
1302 1070 1366 1120 ἐκ
1396 1071 1492 1122 τοῦ
1546 1071 1757 1140 Πατρὸς
1807 1073 1889 1134 είς

319 1149 563 1227 τδνοΥίὸν
599 1153 981 1223 ἐκπορεύεται,
1014 1158 1107 1209 καὶ
1141 1160 1203 1210 ἐκ
1234 1158 1327 1211 τοῦ
1362 1159 1492 1213 Υίοῦ
1524 1161 1885 1228 ἐκπορεύεται

320 1241 411 1291 ἐπὶ
437 1243 516 1307 τῷ
535 1243 760 1309 ἁγιάσαι
789 1246 888 1314 τὴν
915 1248 1115 1313 κτίσιν,
1149 1250 1262 1301 ἀλλ’
1298 1250 1414 1318 ἅμα
1446 1250 1505 1314 ἐξ
1556 1253 1887 1321 ἀμφοτέρων

318 1334 707 1402 ἐκπορεύεται.
747 1338 860 1391 Καὶ
892 1340 1051 1392 πάλιν
1091 1344 1306 1406 όαύτὸς
1333 1346 1391 1397 ἐν
1422 1346 1499 1414 τῷ
1534 1350 1675 1399 κατά
1710 1348 1887 1413 Μαξι-

314 1612 537 1681 Πατρός
567 1616 684 1666 ἐστι
713 1617 808 1668 καὶ
835 1618 895 1670 τὸ
926 1621 1149 1690 Πνεῦμα
1176 1622 1238 1675 τὸ
1272 1623 1451 1692 ἅγιον,
1495 1627 1584 1679 διά
1616 1628 1670 1680 τί
1702 1631 1727 1680 6
1785 1631 1886 1697 μὲν

314 1697 397 1766 εἷς
445 1708 595 1758 ἐστιν
624 1708 767 1772 Υἱὸς,
804 1711 865 1764 τὸ
909 1712 966 1763 δὲ
1000 1713 1187 1783 ἕτερον
1221 1717 1320 1769 οὐκ
1357 1718 1504 1771 ἔστιν
1542 1720 1705 1787 Υἱός;
1751 1722 1883 1776 Ἰδοὺ

314 1790 713 1893 ἀποκρίνομαι,
747 1800 850 1853 κάν
873 1818 947 1893 ⁸τε
969 1801 1162 1893 λάϐῃς,
1196 1805 1299 1858 κάν
1328 1824 1387 1859 τε
1431 1810 1503 1880 μὴ
1533 1810 1701 1881 λάόῃς
1736 1828 1750 1844 ·
1792 1812 1883 1866 Ἐκ
1915 1837 1959 1893 Β

307 1880 409 1931 τοῦ
451 1883 668 1953 Πατρός
692 1887 891 1942 ἐστινό
938 1892 1086 1957 Υἱὸς,
1130 1896 1193 1947 ἐκ
1233 1897 1329 1949 τοῦ
1366 1900 1577 1971 Πατρός
1620 1880 1734 1955 ἐστι
1785 1905 1878 1958 καὶ

306 1973 371 2023 τὺ
405 1974 633 2043 Πνεῦμα
663 1978 725 2030 τὸ
760 1980 918 2048 ἆγιον
942 2001 956 2016 ·
990 1985 1105 2038 ἀλλ’
1152 1989 1358 2051 ἐκεῖνος
1404 1992 1685 2061 γεννητὸς,
1722 1995 1880 2047 τοῦτο

307 2064 770 2135 ἐκπορευόμενον.
800 2073 889 2125 Διὸ
910 2073 1114 2138 ἐκεῖνος
1148 2079 1248 2144 μὲν
1287 2081 1413 2143 Υἱός
1449 2085 1564 2135 ἐστι
1615 2083 1708 2135 τοῦ
1766 2086 1877 2137 Πα-

305 2155 460 2225 τρὸς.
494 2158 592 2228 ἀφ’
622 2157 683 2215 οὗ
705 2166 996 2237 ἐγεννήθη,
1053 2171 1215 2225 τοῦτο
1266 2175 1323 2227 δέ
1379 2176 1440 2228 τὸ
1476 2178 1700 2246 Πνεῦμα
1752 2179 1881 2231 ἐκα-

307 2249 495 2353 τέρου,
526 2252 695 2353 δτι-ἐξ
745 2259 1074 2353 ἀμφοτέρων
1136 2266 1518 2330 ἐκπορεύεται.
1564 2269 1723 2322 Ἀλλὰ
1790 2270 1879 2323 sta:

305 2347 469 2395 τοῦτο
504 2347 634 2415 περὶ
664 2349 869 2403 ἐκείνου
916 2351 1090 2421 λέγων
1134 2359 1180 2433 ‘6
1224 2359 1354 2420 Υἱὸς
1414 2359 1516 2427 ἔφη
1542 2376 1557 2393 ·
1630 2361 1730 2414 Ἐκ
1771 2363 1878 2415 τοῦ

306 2438 554 2503 Πατρός
580 2439 988 2510 ἐκπορεύεται,
1008 2447 1088 2499 ὅτι
1110 2452 1136 2500 6
1164 2450 1350 2520 Πατὴρ
1381 2448 1479 2519 τῆς
1500 2454 1877 2522 ἐκπορεύσεως

305 2527 480 2579 αὐτοῦ
534 2532 682 2584 ἐστιν
711 2534 953 2603 ἀρχηγός
980 2552 994 2565 ο
1044 2537 1101 2599 ὃς
1139 2541 1382 2591 τοιοῦτον
1436 2542 1564 2594 Υίὸν
1599 2544 1875 2611 ἐγέννησε,

305 2624 408 2675 καὶ
443 2624 502 2674 ἐν
537 2623 613 2691 τῷ
638 2628 832 2695 γεννᾷν
864 2628 1098 2680 δέδωκεν
1130 2630 1299 2699 αὐτῷ,
1330 2631 1414 2684 ἵνα
1449 2633 1540 2684 καὶ
1605 2634 1663 2697 ἐξ
1709 2635 1874 2687 αὐτοῦ

302 2711 677 2783 ἐκπορεύηται
709 2717 769 2769 τὸ
809 2717 1035 2788 Πνεῦμα
1075 2719 1135 2771 τὸ
1185 2721 1361 2788 ἅγιον.
1394 2722 1502 2776 Καὶ
1550 2726 1658 2794 γὰρ
1711 2726 1759 2778 sl
1802 2725 1875 2795 μὴ

303 2800 669 2871 ἐξεπορεύετο
688 2805 749 2858 τὸ
790 2807 1017 2877 Πνεῦμα
1046 2809 1106 2862 τὸ
1129 2809 1285 2877 ἅγιον
1313 2812 1407 2865 καὶ
1456 2812 1516 2875 ἐξ
1557 2813 1747 2874 αὑτοῦ,
1777 2815 1878 2868 οὐκ

303 2890 371 2945 ἂν
402 2887 528 2945 εἷπε
586 2897 699 2959 τοῖς
761 2898 1063 2967 μαθηταῖς·
1115 2902 1340 2956 Λάϐετε
1392 2903 1635 2971 Πνεῦμα
1668 2904 1875 2973 ἅγιον·

304 2986 405 3038 καὶ
442 2986 610 3038 τοῦτο
648 2987 819 3041 ἐδίδου
866 2990 1146 3059 ἐμφυσῶν,
1184 2994 1270 3046 ἵνα
1302 2996 1397 3047 καὶ
1429 2997 1559 3065 παρ’
1590 2996 1756 3051 αὑτοῦ
1790 3001 1881 3052 ἐκ-ο

303 3078 650 3147 πορεύεσθαι
704 3083 1062 3151 παραδηλῶν,
1117 3086 1669 3158 ἀποκεκαλυμμένως
1704 3092 1880 3160 ἐμφυ-

1993 620 2315 689 proceditex
2334 616 2496 671 Patre
2519 616 2582 669 ad
2606 613 2827 679 Filium,
2853 623 2904 667 et
2924 629 2952 666 a
2977 612 3116 667 Filio
3139 612 3205 665 ad
3225 610 3571 667 sanctifican-

1992 713 2116 766 dam
2143 718 2489 773 creaturam;
2523 708 2615 763 sed
2652 708 2719 760 ab
2777 715 3014 773 utroque
3069 703 3238 757 simul
3296 699 3566 772 procedit.

1991 803 2203 856 Rursus
2223 801 2364 854 idem
2405 800 2542 853 libro
2571 801 2730 852 tertio
2770 794 3272 857 contralMaximum
3314 790 3567 856 :Quaaris

1990 911 2021 949 a
2052 909 2155 957 me,
2182 894 2226 948 si
2256 895 2321 947 de
2338 892 2648 945 substantia
2674 889 2855 942 Patris
2879 898 2964 943 est
2990 886 3184 950 Filius,
3214 884 3281 938 de
3310 883 3564 950 substan-

1992 986 2064 1040 tia
2085 983 2261 1038 Patris
2289 995 2374 1038 est
2401 985 2569 1037 etiam
2596 980 2836 1048 Spiritus
2855 986 3101 1041 sanctus,
3138 990 3241 1030 cur
3287 989 3431 1027 unus
3474 972 3566 1026 Fi—

1992 1077 2099 1131 lius
2122 1076 2215 1140 sit,
2242 1083 2295 1128 et
2316 1074 2451 1127 alius
2478 1087 2587 1126 non
2610 1072 2681 1125 sit
2704 1068 2917 1122 Filius?
2945 1069 3082 1120 Ecce
3105 1063 3431 1133 respondeo,
3452 1061 3568 1114 sive

1991 1168 2194 1237 capias,
2217 1167 2328 1220 sive
2345 1180 2450 1219 no"
2465 1164 2679 1230 capias:
2710 1160 2782 1213 De
2807 1160 2966 1212 Patre
2987 1166 3071 1211 est
3090 1153 3288 1218 Filius,
3307 1156 3374 1207 de
3404 1153 3566 1206 Patre

1988 1271 2070 1315 est
2102 1258 2337 1327 Spiritus
2362 1261 2621 1308 sanctus:
2645 1250 2736 1305 sed
2780 1249 2869 1303 ille
2891 1246 3106 1315 genitus
3124 1252 3231 1306 est,
3256 1245 3360 1297 iste
3378 1256 3568 1310 proci--

1988 1348 2160 1410 dens;
2190 1343 2310 1397 ideo
2334 1340 2421 1394 ille
2440 1339 2610 1392 Filius
2636 1346 2718 1391 est
2740 1335 2940 1399 Patris,
2976 1333 3162 1399 dequo
3187 1340 3272 1385 est
3300 1330 3517 1398 genitus
3542 1345 3557 1393 ;

1987 1441 2087 1495 iste
2117 1448 2296 1492 autem
2338 1435 2576 1501 Spiritus
2607 1434 2911 1500 utriusque,
2940 1428 3198 1499 quoniam
3227 1428 3295 1482 ab
3335 1437 3565 1495 utroque

1987 1530 2252 1600 procedit.
2273 1528 2374 1581 Sed
2394 1528 2515 1580 ideo
2532 1540 2653 1579 cum
2672 1524 2739 1577 de
2768 1523 2861 1576 illo
2888 1520 3062 1576 Filius
3092 1518 3429 1587 loqueretur,
3453 1517 3562 1570 ait:

1986 1621 2237 1675 DePatre
2251 1618 2545 1685 procedit”,
2566 1616 2822 1685 quoniam
2844 1612 3005 1666 Patcr
3036 1607 3405 1679 processionis
3443 1606 3564 1674 ejus

1987 1720 2070 1764 εει
2085 1716 2294 1771 auctor,
2313 1706 2404 1775 qui
2424 1704 2586 1758 talem
2605 1702 2798 1756 Filium
2813 1700 3024 1769 genuit,
3044 1706 3098 1752 et
3117 1696 3389 1767 gignendo
3405 1695 3453 1749 ei
3471 1694 3566 1748 de-

1987 1802 2065 1856 dit
2088 1810 2145 1855 ut
2161 1800 2321 1854 etiam
2345 1797 2412 1852 de.
2430 1798 2549 1866 ipso
2570 1795 2888 1864 procederet
2907 1793 3148 1861 Spiritus
3160 1798 3409 1845 sanctus.
3424 1785 3561 1840 Nam

1989 1892 2094 1947 nisi
2115 1891 2426 1960 procederet
2441 1898 2494 1943 et
2515 1888 2581 1941 de
2604 1887 2744 1955 ipso,
2764 1899 2870 1938 non
2891 1884 3096 1937 diceret
3114 1879 3401 1948 discipulis
3422 1893 3438 1934 :
3460 1877 3564 1930 Ac-

1987 1987 2143 2053 cipite
2162 1982 2419 2048 Spiritum
2435 1991 2674 2034 sanctum
2695 1980 2736 2009 ¹⁰
2756 1995 2771 2041 ;
2789 1988 3022 2042 eumque
3042 1970 3368 2026 insuﬂlando
3385 1969 3559 2032 daret,

1988 2086 2047 2131 ut
2072 2092 2100 2129 a
2118 2091 2176 2132 se
2192 2088 2411 2145 quoque
2424 2072 2719 2142 procedere
2737 2066 3077 2137 signiﬁcans,
3099 2071 3281 2132 aperte
3298 2060 3557 2115 ostende-

1986 2176 2066 2223 ret
2094 2166 2296 2229 ﬂando,
2325 2163 2472 2232 quod
2505 2161 2767 2231 spirando
2789 2158 2955 2212 dabat
2990 2156 3227 2209 occulte.
3257 2152 3396 2217 Quia
3428 2165 3558 2219 ergo

1988 2261 2033 2315 si
2057 2268 2394 2321 nasceretur,
2419 2270 2529 2310 non
2564 2261 2773 2308 tantum
2804 2252 2869 2304 de
2898 2248 3076 2312 Patre,
3105 2262 3206 2300 nec
3260 2252 3468 2298 tantum
3491 2243 3559 2296 de

1984 2353 2143 2415 Filio,
2174 2350 2270 2406 sed
2306 2351 2372 2404 de
2391 2346 2658 2402 ambobus
2686 2344 2873 2411 utique
2906 2348 3246 2401 nasceretur,
3311 2336 3430 2391 sine
3456 2333 3558 2387 du-

1986 2443 2077 2496 bio
2106 2440 2301 2494 Filius
2325 2437 2605 2492 diceretur
2649 2432 2960 2486 amborum.
3009 2428 3087 2481 Ac
3120 2441 3215 2494 per
3265 2424 3392 2485 hoc.
3421 2422 3550 2492 quia

1985 2530 2155 2584 Filius
2180 2528 2465 2583 amborum
2495 2525 2645 2578 nullo
2677 2522 2835 2575 modo
2864 2528 2966 2582 est,
2997 2532 3104 2571 non
3137 2515 3379 2585 oportuit
3398 2511 3553 2567 nasci

1985 2637 2108 2676 eum
2136 2620 2202 2674 de
2223 2618 2508 2672 ambobus.
2536 2613 2833 2667 Amborum
2867 2619 2952 2664 est
2980 2623 3111 2676 ergo
3162 2605 3404 2676 Spiritus
3428 2617 3558 2656 san-

1985 2724 2106 2769 ctus
2147 2707 2490 2778 procedendo
2527 2704 2595 2758 de
2630 2703 2918 2756 ambobus.
2949 2698 3012 2752 Et
3056 2696 3198 2752 infra
3262 2698 3316 2749 in
3361 2693 3554 2748 eodem

1985 2804 2163 2874 capite
2196 2819 2210 2868 ;
2246 2801 2382 2855 satis
2412 2800 2483 2852 sit
2514 2810 2644 2864 ergo
2678 2794 2859 2860 nobis,
2887 2793 3016 2863 quia
3043 2804 3151 2844 non
3181 2798 3265 2842 est
3286 2802 3313 2840 a
3373 2784 3556 2853 seipso

1984 2896 2178 2957 Filius.
2199 2892 2294 2950 sed
2325 2892 2393 2946 ab
2424 2890 2541 2955 illo,
2574 2889 2642 2943 de
2661 2904 2769 2959 quo
2799 2896 2962 2940 natus
2990 2891 3073 2937 est
3103 2899 3116 2937 :
3160 2895 3269 2951 non
3295 2886 3380 2932 est
3412 2886 3558 2930 a'se-

1987 2989 2106 3058 ipso
2134 2986 2374 3055 Spiritus
2405 2991 2653 3043 sanctus,
2686 2979 2781 3034 sed
2815 2978 2881 3032 ab
2919 2977 3014 3029 illo
3048 2975 3116 3029 de
3139 2986 3247 3041 quo
3273 2968 3553 3038 procedit;

1988 3088 2042 3136 et
2062 3079 2190 3148 quia
2212 3079 2278 3132 dc
2311 3087 2543 3144 utroque
2578 3071 2849 3144 procedit,
2880 3070 3022 3123 sicut
3049 3066 3160 3135 jam
3194 3061 3553 3125 ostendimus,

307 3168 427 3220 σῶν
456 3169 736 3243 ἀποδείξῃ,
770 3172 908 3241 ὅπερ
959 3175 1139 3229 πνέων
1196 3154 1627 3249 κεκαλυμμένως
1679 3154 1872 3236 ἐδίδου.

1985 3172 2126 3226 unde
2160 3176 2213 3222 et
2245 3166 2483 3237 Spiritus
2505 3163 2684 3217 Patris
2713 3161 2893 3216 dictus
2918 3166 3025 3220 est,
3053 3164 3165 3210 etc.
3189 3154 3428 3207 Sanctus
3462 3162 3556 3201 au-

316 3259 657 3330 Ἐπειδήπερ
685 3260 778 3315 οὖν
811 3265 859 3316 εἰ
892 3266 1173 3331 ἐγεννᾶτο,
1201 3268 1260 3321 οὑ
1292 3270 1453 3337 μόνον
1499 3273 1563 3325 ἐκ
1609 3272 1702 3325 τοῦ
1766 3276 1878 3327 Πα-

258 3370 271 3381 ί
303 3354 459 3419 τρδς,
490 3350 614 3405 οὔτε
649 3354 809 3422 μόνον
834 3357 896 3410 ἐκ
941 3358 1039 3410 τοῦ
1075 3359 1233 3423 Υἱοῦ,
1281 3360 1394 3413 ἀλλ’
1444 3362 1503 3427 ἐξ
1551 3365 1755 3433 ἀμφοῖν
1788 3366 1880 3437 δή·

304 3442 512 3497 πουθεν
543 3446 611 3499 ἂν
637 3447 916 3515 ἐγεννᾶτο,
942 3451 1355 3522 ἀναντιρρήτως
1399 3454 1526 3525 Υξίδς
1576 3457 1775 3525 ἀμφοῖν
1813 3459 1879 3513 ἂν

302 3534 549 3602 ἐλέγετο*
582 3537 677 3590 καὶ
715 3537 802 3599 διὰ
830 3538 1010 3607 τοῦτο,
1054 3519 1182 3604 Υἱδς
1217 3519 1324 3614 γὰρ
1374 3519 1577 3614 ἀμφοῖν
1617 3519 1879 3617 ἰούδαμῶς

305 3624 453 3679 εἶναι
488 3628 738 3694 δύναται,
772 3632 873 3685 οὐκ
900 3631 1007 3685 ἔδει
1037 3635 1367 3706 γεννηθῆναι
1398 3636 1529 3690 αὐτὸ
1574 3639 1632 3704 ἐξ
1650 3641 1875 3707 ἀμφοῖν.

316 3719 556 3787 Ἀμφοῖν
590 3721 699 3790 ἄρα
726 3722 959 3793 Πνεῦμά
1017 3727 1187 3789 ἐστιν,
1223 3728 1656 3797 ἐκπορευόμενον
1684 3730 1743 3794 ἐξ
1770 3732 1878 3799 ἀμ-

306 3814 453 3879 φοῖν.
482 3812 593 3865 Καὶ
613 3815 909 3883 κατωτέρω
926 3816 984 3867 ἐν
1009 3817 1086 3886 τῷ
1108 3817 1257 3887 αὐτῷ
1285 3821 1574 3890 καφαλαίῳ
1596 3838 1610 3853 ·
1638 3823 1880 3890 ἀρκείτω

304 3901 492 3955 τοίνυν
522 3903 680 3971 ήμῖν,
711 3904 796 3957 ὅτι
826 3907 854 3957 6
885 3906 1014 3969 Υἱὸς
1043 3909 1144 3961 οὐκ
1173 3909 1322 3963 ἔστιν
1376 3911 1436 3974 ἐξ
1489 3911 1711 3979 ἐαυτοῦ,
1763 3914 1879 3969 ἀλλ’

305 3990 362 4055 ἐξ
386 3991 451 4044 οῦ
482 3993 747 4062 ἐγεννήθη
768 4009 781 4024 ·
815 3996 917 4049 οὐκ
945 3996 1093 4049 ἐστιν
1123 3999 1181 4062 ἐξ
1208 4000 1407 4053 ἐαυτοῦ
1438 4003 1499 4055 τὸ
1552 4003 1780 4074 Πνεῦμα
1818 4005 1879 4058 τὸ

307 4082 491 4151 ᾶγιον,
534 4084 652 4138 ἀλλ’
693 4086 752 4149 ἐξ
777 4087 836 4140 οῦ
880 4088 1243 4159 ἐκπορεύεται
1278 4108 1293 4122 ·
1329 4095 1425 4147 καὶ
1453 4094 1576 4147 ἐπεὶ
1613 4097 1742 4164 παρ’
1773 4096 1879 4165 ἀμ·

308 4174 561 4239 φοτέρων
614 4174 996 4245 ἐκπορεύεται,
1050 4177 1125 4240 ὡς
1156 4180 1256 4248 ἤδη
1309 4181 1698 4251 ἀπεδείξαμεν,
1756 4184 1879 4237 ὅθεν

306 4262 542 4333 Πνεῦμα
603 4265 818 4335 Πατρδς
876 4267 1133 4338 εἴρηται·
1212 4270 1307 4324 καὶ
1363 4273 1431 4325 τὰ
1481 4273 1666 4328 λοιπά.
1720 4274 1780 4327 '0
1822 4276 1879 4328 δὲ

310 4354 471 4422 ἀγιος
508 4355 890 4425 Ἀναστάσιος,
946 4362 1074 4429 περὶ
1124 4361 1184 4414 οῦ
1220 4363 1253 4431 ἡ
1292 4363 1423 4430 ἁγία
1477 4364 1610 4434 ἕκτη
1664 4365 1880 4429 σύνοδος

313 4446 502 4517 λέγει’
562 4450 967 4521 Ἀποδεχόμεθα
1010 4453 1099 4506 τὸν
1151 4453 1307 4521 ἅγιον
1348 4457 1739 4513 Ἀναστάσιονο
1782 4463 1875 4514 καὶ

310 4538 585 4610 Θεόδωρος
613 4543 641 4593 6
680 4540 991 4611 Μελιτηνῆς
1028 4545 1305 4617 ἀπεκρίθη
1337 4562 1350 4577 ·
1390 4549 1581 4615 ’Ἀγιον
1610 4552 1877 4606 ἀποκαλεῖ

312 4630 461 4683 πᾶσα
504 4633 536 4699 ἡ
587 4630 857 4702 Ἀνατολὴ
892 4633 1085 4687 τοῦτον
1152 4637 1243 4689 τὸν
1293 4639 1392 4708 τῆς
1453 4641 1608 4703 ὁσίας
1657 4644 1875 4716 μνήμης

322 4720 701 4787 ’Δναστάσιον,
763 4722 855 4776 τὸν
928 4726 1223 4795 γενόμενον
1304 4729 1603 4785 ἐπίσκοπον
1673 4735 1875 4788 Ἀντιο-

310 4814 461 4882 χείας
484 4829 498 4845 ·
523 4816 618 4867 καὶ
653 4819 746 4868 τὸν
778 4816 853 4884 μὴ
902 4818 1195 4888 δεχόμενον
1229 4823 1393 4874 αὑτὸν
1422 4826 1447 4876 6
1492 4825 1624 4888 Θεὸς
1682 4827 1878 4881 ἀναθε-

313 4905 541 4975 ματίσῃ.
595 4907 707 4960 Καὶ
748 4908 952 4970 πάντες
997 4896 1294 4980 ὁμοφώνως
1346 4910 1498 4967 εἷπον
1545 4918 1606 4967 τὸ
1663 4919 1875 4988 Ἀμήνο

253 5006 291 5023 ⁴
311 4989 459 5057 οὗτος
484 4992 578 5049 οὖν
607 4998 633 5049 6
663 4997 817 5064 ἅγιος
849 4999 909 5051 ἐν
942 4999 1018 5068 τῷ
1047 5001 1189 5071 λόγῳ
1219 5003 1410 5065 αὐτοῦ,
1448 5006 1507 5057 οῦ
1542 5009 1573 5075 ἡ
1612 5009 1708 5074 μὲν
1751 5012 1871 5063 ἐπι-

312 5088 521 5158 γραφὴ,
546 5089 684 5156 Περὶ
717 5088 836 5144 τῶν
869 5092 998 5145 καθ’
1026 5092 1184 5161 ἡμᾶς
1211 5095 1404 5163 ὀρθῶν
1428 5096 1737 5165 δογμάτων
1768 5100 1878 5169 τῆς

310 5177 616 5247 ἀληθείας,
657 5181 774 5252 ἠδὲ
808 5186 975 5253 ἀρχὴ,
1002 5186 1121 5238 Τῶν
1156 5188 1288 5255 περὶ
1336 5189 1438 5256 τῆς
1498 5192 1683 5257 ὑγιοῦς
1715 5194 1875 5263 ἡμῶν

309 5269 566 5366 πίστεως,
595 5271 736 5366 οῦτω
784 5275 956 5344 φησί’
992 5276 1102 5328 Τοῦ
1152 5277 1209 5330 δέ
1247 5279 1501 5349 σώματος
1565 5283 1623 5335 τὸ
1678 5286 1872 5356 ἰδίωμα

312 5359 561 5424 λαϐόντες
624 5362 702 5426 ὡς
757 5366 1133 5435 παράδειγμα,
1196 5369 1295 5439 τὴν
1353 5372 1730 5445 ἀλληλουχίαν
1755 5380 1860 5432 τῶν

1980 3273 2089 3320 tem
2151 3261 2497 3324 Anastasius,
2555 3257 2622 3312 de
2677 3270 2785 3325 quo
2832 3260 3020 3308 sancta
3064 3248 3308 3320 synodus
3355 3250 3508 3298 sexta
3537 3278 3553 3304 ,

1982 3356 2354 3425 Suscipimus,
2388 3350 2588 3421 inquit,
2622 3354 2870 3404 sanctum
2904 3340 3250 3396 Anastasium
3279 3344 3366 3401 ;et
3382 3332 3558 3386 Theo-

1982 3449 2152 3502 dorus
2180 3444 2449 3500 Melitenae
2478 3440 2771 3510 episcopus
2796 3432 3080 3503 respondit
3114 3449 3129 3486 :
3172 3428 3433 3483 Sanctum
3462 3436 3558 3475 vo-

1980 3549 2069 3594 cat
2097 3537 2387 3590 universus
2417 3532 2618 3587 Oriens
2636 3530 2784 3584 hunc
2814 3528 2986 3580 beatae
3013 3519 3289 3576 memoria:
3320 3519 3556 3569 Anasta-

1981 3631 2145 3693 sium,
2178 3625 2577 3680 Antiochenam
2612 3621 2741 3673 olim
2771 3618 3087 3686 episcopum
3126 3627 3140 3674 ;
3175 3617 3229 3663 et
3257 3607 3347 3675 qui
3412 3605 3556 3657 hunc

1981 3736 2087 3775 non
2119 3717 2333 3786 recipit,
2369 3714 2521 3768 illum
2558 3714 2703 3765 Deus
2733 3706 3197 3767 auatliematizet;
3224 3709 3280 3755 et
3329 3712 3556 3765 respon-

1982 3812 2182 3867 derunt
2220 3821 2414 3862 omnes
2449 3819 2558 3858 una
2594 3818 2751 3866 voce,
2777 3803 2947 3853 Amen
2988 3815 3002 3852 :
3041 3797 3130 3849 hic
3159 3808 3290 3862 ergo
3335 3799 3557 3846 sanctus

1981 3906 2035 3959 in
2067 3914 2338 3961 sermone,
2373 3898 2465 3968 qui
2502 3896 2799 3964 inscriptus
2869 3901 2975 3954 est,
3010 3889 3087 3943 De
3142 3888 3296 3941 rectis
3325 3900 3440 3954 qua:
3465 3898 3556 3934 nos

1981 3986 2244 4054 crédimus
2262 3992 2593 4063 dogmatibus
2618 3986 2873 4049 veritatis,
2892 3984 3048 4051 cujus
3067 3980 3173 4035 tale
3191 3988 3276 4033 est
3305 3976 3516 4031 initium
3540 3992 3553 4027 :

1980 4092 2181 4147 Eorum
2204 4101 2325 4157 quae
2348 4084 2415 4138 de
2438 4092 2584 4137 recta
2614 4079 2717 4133 ﬁde
2734 4086 2942 4139 nostra,
2972 4075 3054 4129 sic
3077 4073 3185 4126 ait:
3206 4070 3283 4124 Ex
3309 4084 3374 4124 eo
3394 4079 3560 4137 porro

1981 4181 2125 4253 quod
2152 4178 2439 4249 proprium
2468 4172 2718 4242 corporis
2771 4178 2876 4232 est,
2927 4167 3098 4235 petito
3141 4162 3414 4230 exemplo,
3462 4158 3558 4212 de-

1981 4271 2335 4331 claravimus,
2373 4264 2649 4336 quomodo
2688 4262 2743 4315 in
2780 4258 2982 4313 divinis
3013 4257 3246 4309 alterum
3303 4249 3449 4306 sitiu
3480 4247 3559 4300 al-

1985 4375 2100 4419 tero
2126 4377 2192 4416 ex
2223 4358 2580 4428 proportione
2612 4361 2667 4407 et
2730 4350 3093 4405 similitudine
3156 4344 3548 4399 membrorum.

1986 4458 2098 4512 Hac
2124 4454 2265 4510 enim
2290 4452 2501 4505 ratione
2526 4454 2581 4501 et
2603 4444 2827 4513 spiritus
2852 4442 2965 4495 oris
2988 4441 3127 4507 ejus,
3156 4437 3248 4490 Dei
3275 4433 3554 4496 videlicet,

1985 4538 2470 4617 Spiritussanctus
2502 4538 2725 4599 dicitur,
2761 4547 2884 4585 cum
2952 4546 3014 4585 os
3071 4530 3142 4583 sit
3201 4525 3549 4595 Unigeuitus.

2075 4651 2267 4691 rursus
2309 4652 2323 4688 :
2352 4631 2613 4699 Spiritus,
2639 4626 2731 4695 qui
2762 4625 2829 4678 ab
2860 4637 2924 4676 eo
2953 4619 3199 4690 procedit
3222 4627 3277 4673 et
3303 4615 3555 4679 mittitur,

1985 4747 2093 4784 non
2128 4743 2157 4781 a
2186 4727 2346 4782 Patre
2369 4721 2571 4785 solum,
2608 4717 2703 4773 sed
2744 4716 2909 4770 etiam
2938 4728 2965 4764 a
3008 4709 3172 4764 Filio.
3224 4708 3289 4760 Et
3330 4706 3557 4775 quibus-

1985 4823 2108 4877 dam
2127 4814 2462 4885 interpositis
2487 4830 2501 4865 :
2524 4811 2729 4880 Itaque,
2760 4805 2955 4875 inquit,
2980 4802 3241 4856 Dominus
3265 4797 3557 4853 ostendens

1984 4926 2197 4971 cumse
2220 4908 2364 4971 esse,
2403 4920 2433 4958 a
2473 4918 2581 4973 quo
2620 4900 2840 4955 exsistit
2882 4895 3120 4965 Spiritus
3174 4888 3457 4945 iusuﬂlans
3499 4886 3552 4939 iu

1986 5000 2290 5071 discipulos
2321 4997 2502 5052 aiebat
2531 5011 2544 5047 :
2580 4992 2812 5057 Accipite
2840 4988 3093 5057 Spiritum
3112 4992 3376 5038 sanctum.
3419 4978 3555 5033 Esse

1984 5104 2471 5171 porrosermonem
2502 5088 2653 5141 illum
2708 5082 2874 5151 hujus
2933 5078 3197 5142 auctoris,
3260 5072 3554 5128 testabitur

1982 5167 2728 5253 Donstantiuopolitanorum
2768 5176 3009 5245 synodus
3062 5178 3252 5225 contra
3319 5167 3553 5235 Aciudyo

1983 5298 2111 5338 num
2135 5261 2412 5336 celebrata
2439 5294 2451 5339 ;
2485 5273 2691 5343 profert
2718 5271 2862 5324 enim
2893 5266 3023 5322 inde
3080 5262 3420 5320 testimonia.
3445 5260 3551 5316 Te-

1983 5381 2083 5433 stis
2107 5374 2212 5430 erit
2233 5372 2395 5427 etiam
2425 5367 2583 5421 Nilus
2619 5361 2922 5420 Cabasilas.

313 5448 479 5505 θείων
522 5459 945 5529 παρεστήσαμεν
970 5460 1057 5513 διὰ
1116 5462 1215 5531 τῆς
1251 5463 1358 5515 τῶν
1396 5466 1575 5533 μελῶν
1602 5442 1929 5543 --ἀναλογίας
1958 5490 2019 5527 τε
2050 5470 2145 5523 καὶ
2178 5463 2448 5523 εἰκασίας.
2504 5458 2689 5527 Ταύτῃ
2737 5454 2844 5522 γὰρ
2909 5452 3002 5504 καὶ
3051 5448 3264 5516 πνεῦμα
3323 5442 3527 5510 στόμα-

312 5564 401 5637 τος
444 5551 636 5615 αὐτοῦ,
671 5550 827 5620 δῆλον
888 5555 982 5608 τοῦ
1012 5558 1168 5619 Θεοῦ,
1201 5559 1259 5610 τὸ
1300 5559 1522 5631 Πνεῦμα
1552 5564 1612 5616 τὸ
1650 5536 1826 5633 ἅγιον,
1852 5536 2097 5637 λέγεται,
2125 5562 2391 5630 στόματος
2421 5554 2571 5616 ὄντος
2595 5550 2692 5604 τοῦ
2748 5544 3084 5615 Μονογενοῦς
3103 5560 3114 5573 ·
3144 5543 3236 5595 καί
3264 5558 3277 5571 ο
3326 5536 3550 5604 Πνεῦμα

315 5635 470 5693 πάλιν
508 5639 570 5704 ἐξ
589 5640 752 5695 αὐτοῦ
782 5645 1216 5714 ἐκπορευόμενον
1242 5650 1335 5700 καὶ
1361 5627 1847 5725 ἀποστελλόμ-ενον,
1868 5627 1939 5710 οὐ.
1960 5627 2119 5727 μόνον
2142 5627 2295 5722 παρά
2318 5646 2412 5701 τοῦ
2455 5643 2685 5712 Πατρός,
2734 5638 2868 5693 ἀλλὰ
2917 5636 3012 5688 καὶ
3054 5635 3200 5701 παρά
3231 5630 3325 5683 τοῦ
3386 5627 3549 5681 Υἱοῦ’

385 5816 404 5849 ⁹
428 5812 581 5874 Juau.
611 5836 695 5887 xv,
725 5823 811 5877 :26.
893 5826 931 5857 ¹⁰
957 5822 1112 5879 Joan.
1137 5840 1227 5891 xx,
1251 5826 1341 5879 ‘22.
