4112 6274
575 387 675 447 123

574 500 669 550 καὶ
730 504 867 562 μετά
930 524 1093 561 τινα·
1143 510 1254 564 Καὶ
1322 514 1431 586 μὴν
1492 518 1747 590 ὁΚύριος

1440 403 1822 468 GREGORII
1857 411 2155 473 MAMM/E
2192 414 2296 479 ΟΡ.
2344 418 2860 489 ΡΑΤΒΙΑΠΟΗ.Ε

3724 442 3823 506 124

1804 523 1864 588 ιε
1918 524 2085 579 αὑτοῦ
2140 527 2354 595 δεικνὺς
2380 535 2511 590 αὐτὸ
2552 541 2843 612 ὑπάρχειν,
2871 546 3129 615 ἐμφυσῶν
3151 546 3261 611 τοῖς
3315 550 3510 604 ἑαυτοῦ
3549 553 3814 623 μαθηταῖς

2338 594 2343 595 ν
2640 594 2842 612 γαν-τι
2876 594 3121 615 -τ-τνντν
3161 594 3259 611 ν--ν
3315 594 3508 604 --ν--ν
3590 594 3802 623 ἠν-μην

569 594 746 653 ἔλεγε·
778 599 996 655 Λάϐετε
1020 604 1259 675 Πνεῦμα
1281 607 1471 676 ἅγιον.
1499 612 1623 665 Ὀτι
1643 616 1699 668 δὲ
1724 617 1877 670 τοῦδε
1905 618 2473 697 ὁλόγος,μαρτυρήσει
2496 631 2587 685 καὶ
2609 635 2642 703 ἡ
2669 635 2931 709 σύνοδοςή
2962 640 3106 695 κατὰ
3135 642 3467 707 ’Λκινδύνθυ,
3495 594 3802 718 μεῖρτυρίας

570 692 633 718 Ι...
657 693 845 718 --.ε-,η
891 712 916 718 Α
939 714 1002 718 ___
1037 717 1043 718 ,
1110 702 1158 718 η-
1425 707 1437 718 .
1536 709 1562 718 -
1622 711 1669 718 --
1703 711 1737 718 μ-
1843 716 1854 718 -
1881 714 1922 718 __
1984 716 2000 718 _
2101 715 2112 718 _
2144 716 2164 718 α

568 692 633 745 ὲκ
657 693 846 747 τούτου
885 702 1312 766 προκομίζουσα·
1353 707 1448 760 καὶ
1495 709 1602 778 κῦρ
1622 711 1812 775 Νεῖλος
1833 716 1860 765 ὁ
1881 714 2220 777 Καϐασιλᾶς.

639 780 719 833 Ad
755 782 869 836 haec
916 784 1276 856 Epiphanius,
1298 792 1365 846 de
1412 811 1525 864 quo
1561 808 1785 856 sanctus
1817 801 2141 861 Theodorus
2170 804 2217 860 Α

570 871 790 927 Studita
821 876 887 928 ad
922 877 1082 933 linem
1119 884 1346 938 secundi
1406 890 1492 942 sui
1551 890 1676 947 libri
1708 905 1901 950 contra
1956 898 2147 955 [cono-

570 964 796 1020 machos
819 966 929 1021 ait:
960 968 1326 1037 Epiphanium
1355 979 1565 1034 scimus
1599 990 1652 1037 et
1677 996 1929 1041 sanctum
1962 999 2015 1043 et
2041 992 2145 1045 tui-

568 1059 885 1113 raculorum
937 1062 1144 1118 virtute
1175 1069 1493 1127 maximum.
1547 1073 1762 1133 Rursus
1786 1078 1925 1133 idem
1959 1081 2012 1135 in
2043 1099 2140 1139 sua

566 1144 634 1198 ad
667 1146 996 1205 Naucratum
1020 1157 1273 1218 epistola.
1301 1174 1421 1228 qum
1451 1163 1530 1216 sic
1563 1165 1791 1234 incipit:
1830 1171 2014 1225 Altera
2044 1174 2121 1228 tib

567 1236 762 1270 itm-um
801 1244 1012 1270 -..ηιηιη
1062 1245 1134 1270 m:
1184 1248 1407 1270 ,n:u--._,
1447 1254 1483 1270 η
1729 1262 1739 1270 .
1871 1263 1879 1270 .

2296 1144 2306 1157 ,
2582 1144 2837 1165 r.-,----.
2877 1144 2930 1153 -,
2972 1144 3069 1154 -.η
3120 1144 3243 1155 ..η-
3298 1144 3432 1170 ,.....,
3511 1144 3605 1160 ην..
3664 1144 3821 1162 nam.

2243 1182 2270 1233 ό
2300 1182 2461 1245 αὐτὸς
2494 1186 2551 1237 ἐν
2580 1190 2646 1257 τῇ
2676 1188 2814 1257 πρὸς
2840 1144 3164 1261 Ναύκραιζω
3192 1144 3446 1266 ὲπῗστολῇ
3473 1196 3661 1263 αὐτοῦ,
3695 1195 3760 1270 ἦς
3789 1200 3821 1270 ἡ

567 1236 762 1290 iterum
800 1244 1037 1307 cautela,
1062 1245 1137 1299 till
1179 1248 1411 1305 dilecte:
1447 1254 1516 1305 Ea
1541 1270 1692 1322 vero,
1729 1262 1927 1329 inquit.
1964 1277 2084 1330 qua:
2113 1279 2141 1316 ει

568 1344 652 1378 me
680 1333 922 1397 quaesisti
964 1335 1031 1389 de
1062 1339 1347 1397 haereseon
1374 1354 1426 1397 et
1456 1346 1843 1410 baptismatum
1879 1354 2142 1410 diﬂeren-

567 1417 643 1470 tia
706 1421 1046 1492 singulatim,
1077 1431 1231 1497 plura
1272 1444 1402 1487 sunt
1457 1452 1618 1504 quam
1669 1444 1864 1498 modus
1895 1446 2142 1511 cpistola

569 1508 713 1564 l'erre
740 1516 931 1580 possit.
966 1518 1031 1570 Et
1057 1536 1281 1577 rursus;
1315 1524 1661 1592 Super-auum
1697 1542 1782 1585 est
1822 1548 1882 1587 ea
1913 1550 2141 1604 percen-

564 1613 708 1662 sere,
734 1617 854 1668 quae
883 1619 913 1658 a
936 1606 1140 1683 deil‘ero
1175 1611 1482 1682 Epiphanio
1531 1618 1750 1677 invenla
1790 1635 1917 1680 sunt
1944 1636 1995 1681 et
2044 1630 2139 1685 de-

563 1687 768 1756 scripta
799 1691 1141 1763 diligentius,
1179 1717 1341 1769 quam
1379 1708 1446 1761 ab
1476 1709 1586 1763 alio
1604 1713 1798 1781 quovis
1828 1716 2006 1773 l'atre.
2042 1720 2140 1776 Sa-

563 1792 718 1832 crum
751 1798 882 1851 ergo
917 1786 985 1842 de
1040 1791 1345 1853 haaresibus
1406 1799 1604 1856 librum
1645 1805 1765 1874 ejus
1825 1812 2035 1879 evolve,
2082 1824 2135 1869 et

561 1884 683 1936 qua:
715 1872 856 1927 scire
886 1879 1065 1945 cupis,
1097 1896 1389 1950 pernosces
1421 1893 1625 1947 omnia.
1676 1872 1887 1953 Sancta
1920 1918 2137 1970 quoque

559 1970 708 2011 serta
729 1965 969 2031 synodus
1007 1978 1151 2025 tonio
1171 1985 1385 2043 quarto,
1409 1982 1628 2038 actione
1654 1986 1884 2055 decima,
1913 1992 1980 2045 de
2008 2010 2136 2049 san-

558 2056 649 2100 cto
675 2053 774 2108 hoc
797 2053 872 2108 ita
901 2056 1176 2128 loquitur:
1198 2064 1357 2121 Lecta
1373 2079 1501 2124 sunt
1520 2081 1571 2126 et
1596 2053 2132 2139 multorumaliorum

558 2140 901 2211 testimonia,
944 2166 1044 2204 nec
1083 2170 1191 2209 non
1234 2164 1592 2220 auctoritates
1624 2169 1798 2221 sancti
1844 2169 2133 2242 Epipltanii

556 2245 617 2285 es
657 2232 927 2303 Panariis,
989 2261 1245 2305 sermone
1310 2258 1657 2323 sexagesimo
1693 2277 1860 2316 nono.
1916 2265 2131 2324 Rursus

555 2325 743 2379 eadem
767 2335 1007 2400 synodus
1032 2338 1147 2393 haec
1182 2341 1380 2397 habet:
1415 2347 1479 2399 Et
1504 2354 1800 2415 persuadet
1848 2356 1949 2410 hoc
1971 2359 2131 2415 nobis

554 2416 796 2472 eximius
835 2421 998 2477 Pater
1045 2438 1233 2484 noster
1254 2432 1596 2503 Epiphanius
1644 2449 1880 2499 tractatu
1935 2458 2129 2505 contra

553 2500 806 2559 Arianos.
841 2510 1042 2565 Sancta
1075 2500 1313 2587 insuper
1330 2500 1604 2591 generalis
1631 2532 1865 2598 septima
1885 2538 2130 2605 synodus

555 2596 772 2653 actione
803 2609 987 2657 sexta:
1049 2606 1217 2674 Libri,
1254 2612 1455 2682 inquit,
1513 2596 1708 2673 sancti
1730 2596 1931 2681 Patris-
1952 2631 2127 2685 nostri

555 2682 872 2753 Epiphanii,
905 2692 1236 2765 Ancoratus,
1271 2712 1325 2757 et
1359 2705 1553 2774 reliqui
1581 2711 1849 2765 notissimi
1879 2725 2005 2769 sunt
2028 2733 2127 2786 per

556 2780 724 2827 totum
756 2780 967 2847 orbem,
1010 2794 1063 2839 et
1099 2803 1270 2845 sonus
1300 2807 1490 2847 eorum
1525 2795 1685 2866 longe
1718 2800 1933 2870 lateque
1958 2820 2127 2877 vaga-

555 2875 662 2930 tur,
700 2878 751 2921 et
778 2870 889 2928 fere
919 2890 1014 2943 per
1063 2894 1253 2937 omnes
1309 2886 1574 2941 ecclesias
1604 2890 1943 2950 disseminati
1970 2908 2123 2956 sunt.

553 2954 740 3025 Itaque
767 2960 853 3014 hic
878 2975 1103 3021 sanctus
1125 2968 1176 3023 in
1211 2970 1374 3027 dictis
1416 2975 1594 3043 libris,
1632 2985 1871 3037 tractatu
1933 2985 2125 3042 adver-

552 3061 646 3101 sus
674 3050 1046 3111 Semiarianos
1080 3059 1132 3112 in
1161 3060 1407 3119 Panariis
1432 3082 1446 3119 :
1468 3066 1758 3138 Fateatur,
1784 3076 1983 3146 inquit,
2007 3080 2120 3136 dci-

555 3147 719 3193 talem
747 3158 908 3199 unam
941 3159 991 3201 et
1013 3151 1379 3223 principatum
1416 3168 1467 3211 et
1491 3160 1791 3220 dominium
1817 3184 1832 3226 :
1854 3182 2119 3238 personas

552 3238 758 3300 pariter
788 3236 842 3290 in
882 3243 1306 3308 proprietatibus
1373 3252 1735 3321 hypustaticis
1796 3236 1883 3327 pie
1952 3279 2120 3334 agno-

550 3336 761 3393 scunt;
799 3330 1017 3386 Patrem
1066 3336 1120 3389 in
1152 3340 1431 3409 majestate
1460 3356 1685 3414 paterna
1723 3353 2115 3413 subsistentem

2324 813 2384 867 '0
2406 817 2461 871 δὲ
2488 818 2646 889 ἅγιος
2686 825 3025 894 Ἐπιφάνιος,
3053 829 3185 899 περὶ
3217 818 3335 883 οῦό
3366 830 3522 898 ἅγιος
3550 833 3825 907 Θεόδωρος

2247 907 2274 958 ὁ
2308 908 2594 980 Στουδίτης
2633 915 2693 967 ιν
2735 915 2812 985 τῷ
2841 917 2986 970 τέλει
3017 918 3113 971 τοῦ
3145 920 3192 988 β’
3242 920 3413 974 αὐτοῦ
3466 922 3683 992 βιϐλίου
3728 928 3823 981 τοῦ

2247 1000 2390 1053 κατὰ
2446 1001 2834 1077 Εἰκονομάχων
2878 1007 3048 1076 λέγει·
3139 1011 3465 1079 Ἐπιφάνιον
3515 1016 3677 1084 ίσμεν
3727 1020 3823 1072 καὶ

2246 1090 2403 1157 ἅγιον
2433 1094 2531 1146 καὶ
2582 1097 2843 1165 μέγιστον
2877 1102 2935 1153 εν
2967 1102 3435 1173 θαυματουργίαις
3460 1122 3475 1135 ο
3510 1108 3605 1160 καὶ
3657 1110 3823 1162 πάλιν

2243 1271 2406 1341 ἀρχὴ,
2435 1277 2602 1329 Πάλιν
2627 1278 2788 1348 ἑτέρα
2820 1298 2901 1335 σοι
2935 1282 3170 1354 φυλακὴ,
3202 1286 3397 1339 τέκνον
3429 1288 3819 1359 ἠγαπημένον,

2244 1364 2432 1431 φησίν·
2481 1368 2549 1419 Ἀ
2583 1368 2639 1421 δὲ
2689 1370 3035 1440 ὲπεζήτησας
3088 1375 3464 1444 ἀποκριθῆναί
3501 1396 3568 1448 με
3600 1381 3731 1448 περί
3759 1399 3821 1433 τε

2241 1457 2351 1508 τῶν
2377 1458 2648 1527 αἱρέσεων
2699 1464 2792 1515 καὶ
2819 1465 3215 1536 βαπτισμάτων
3243 1471 3365 1524 κατ’
3412 1472 3562 1539 ἔπος,
3596 1476 3820 1529 ἑπιστο·

2239 1544 2337 1613 λῆς
2383 1548 2703 1617 ὑπερϐαίνει
2756 1558 2957 1626 μέτρον
2983 1576 2997 1591 ⁸
3024 1561 3121 1613 καὶ
3165 1562 3365 1617 πάλιν·
3399 1565 3818 1637 Περιττολογείν

2239 1635 2357 1687 ἐστι
2386 1638 2452 1691 τὰ
2485 1640 2624 1694 αὐτὰ
2655 1644 3009 1716 ἀφηγεῖσθαι,
3059 1649 3095 1705 ἃ
3120 1653 3149 1704 ό
3194 1654 3449 1723 θεοφόρος
3483 1635 3814 1726 τἘπιφάνιος

2238 1724 2430 1793 ἐξεῦρε
2459 1730 2553 1783 καὶ
2579 1731 2894 1805 διέγραψεν,
2938 1740 3014 1801 ὡς
3038 1741 3215 1805 οὐδεὶς
3249 1745 3359 1798 τῶν
3391 1724 3652 1818 Πατέρων
3676 1765 3691 1780 ·
3723 1750 3812 1802 εν-

2237 1831 2365 1883 τυχε
2394 1811 2489 1870 οὖν
2511 1822 2575 1889 τῇ
2620 1816 2754 1893 περὶ
2786 1827 2967 1893 αὐτῶν
2999 1830 3120 1901 ἱερᾷ
3145 1833 3311 1887 αὐτοῦ
3353 1811 3554 1905 βίϐλῳ,
3583 1838 3812 1892 κάκεῖσε

2236 1903 2512 1980 διαγνώσῃ
2556 1909 2592 1965 ἃ
2627 1916 2818 1982 μαθεῖν
2852 1918 3087 1986 ἐφίεσαι.
3131 1921 3196 1977 Ἦ
3218 1922 3274 1975 δὲ
3299 1903 3431 1991 ἁγία
3459 1903 3815 1998 οίκουμενικὴ

2235 1994 2368 2065 ἕκτη
2396 1999 2610 2064 σύνοδος
2636 2006 2697 2057 ὲν
2720 2007 2874 2076 τόπῳ
2895 2010 3160 2081 τετάρτῳ,
3194 2014 3390 2082 πράξει
3421 1994 3644 2089 δεκάτῃ,
3680 1994 3812 2088 περί

2166 2128 2206 2180 Β
2237 2085 2388 2141 τοῦδε
2420 2090 2513 2143 τοῦ
2566 2094 2724 2161 ἁγίου
2780 2100 2902 2153 τάδε
2948 2100 3143 2169 λέγει·
3213 2085 3661 2176 Ἀνεγνώσθησαν
3713 2085 3813 2162 καὶ

2234 2177 2410 2234 ἄλλων
2438 2182 2651 2238 πολλῶν
2682 2190 3002 2261 μαρτυρίαι,
3039 2192 3119 2247 ἔτι
3148 2194 3239 2247 καὶ
3266 2198 3489 2267 χρήσεις
3513 2198 3607 2252 τοῦ
3647 2198 3808 2265 ἁγίου

2247 2268 2569 2338 Ἐπιφανίου
2600 2275 2666 2329 ὲκ
2711 2276 2819 2330 τῶν
2861 2282 3195 2350 Παναρίων,
3245 2285 3353 2337 ἀπὸ
3387 2286 3545 2354 λόγου
3578 2282 3674 2350 ξθ¹ο
3712 2288 3810 2338 καὶ

2198 2413 2206 2439 Γ
2233 2361 2397 2412 πάλιν
2425 2364 2456 2431 ή
2489 2365 2629 2436 αὐτὴ
2658 2367 2825 2431 λέγει·
2866 2372 2978 2426 Καὶ
3001 2374 3238 2426 πειθέτω
3261 2377 3412 2443 ἡμᾶς
3431 2377 3459 2428 ό
3494 2378 3809 2449 περιφανὴς

2178 2430 2422 2521 ’Ἣατὴρ
2448 2430 2629 2523 ήμῶν-
2647 2459 2965 2526 Ἐπιφόινιος
2996 2464 3055 2515 ιν
3081 2464 3159 2531 τῷ
3189 2430 3332 2518 κατα
3376 2430 3428 2518 ’λ
3442 2430 3807 2535 ρειομανιτιέν

2230 2539 2397 2612 λόγῳ.
2431 2546 2542 2598 Καὶ
2576 2548 2608 2615 ή
2640 2548 2772 2615 ἁγία
2796 2550 3148 2621 οίκουμενικὴ
3173 2552 3219 2616 ζ’
3246 2553 3460 2613 σύνοδος
3489 2557 3545 2606 ὲν
3572 2557 3637 2624 τῇ
3664 2555 3801 2627 ἕκτῃ

2230 2636 2427 2704 πράξει
2453 2637 2627 2708 αὐτῆς
2672 2638 2813 2693 οὕτω
2840 2640 3008 2710 λέγει·
3053 2644 3120 2696 Δί
3156 2644 3328 2713 βίϐλοι
3356 2645 3451 2699 τοῦ
3501 2647 3657 2714 ἁγίου
3689 2650 3804 2701 Πα-

2227 2725 2355 2795 τρὸς
2382 2727 2541 2796 ἡμῶν
2583 2728 2926 2797 Ἐπιφανίου,
2958 2733 2992 2803 ἥ
3025 2750 3085 2787 τε
3109 2733 3377 2805 λεγομένη
3411 2737 3797 2805 Ἀγκυρωτὸς,

2226 2816 2321 2867 καὶ
2354 2817 2412 2870 ai
2447 2816 2635 2871 λοιπαὶ
2663 2820 2745 2883 είς
2766 2825 2949 2876 πᾶσαν
2966 2823 3089 2896 ρτήν
3132 2829 3459 2898 οἰκουμένην
3485 2828 3799 2899 διαύεϐόην-

2223 2923 2330 2974 ται,
2364 2910 2459 2963 καὶ
2486 2912 2517 2964 ό
2550 2912 2791 2981 φθόγγος
2830 2914 3014 2971 αὐτῶν
3064 2917 3356 2989 ἐξήχηται,
3395 2922 3490 2974 καὶ
3529 2923 3679 2992 παρὰ
3707 2940 3801 2991 μι-

2224 2999 2357 3068 κρὸν
2402 3001 2542 3057 κατὰ
2588 3005 2776 3059 πᾶσαν
2796 3004 3127 3078 Ἐκκλησίαν
3181 3011 3580 3081 διεσπαρμέναι
3627 3013 3792 3071 είσίν.

2222 3091 2393 3155 Οὗτος
2414 3089 2509 3148 οὖν
2536 3097 2566 3148 ό
2609 3097 2765 3165 ἆγιος
2817 3099 2876 3154 ὲν
2907 3103 3021 3163 τοῖς
3076 3103 3395 3173 εἰρημένοις
3455 3104 3696 3174 βιϐλίοις,
3731 3108 3794 3160 ὲν

2223 3183 2323 3252 μὲν
2345 3187 2459 3249 τοῖς
2490 3189 2813 3257 Παναρίοις
2842 3192 2907 3243 ἐκ
2938 3190 3033 3243 τοῦ
3070 3193 3212 3247 κατὰ
3268 3194 3603 3264 Ἦμιαρείων
3625 3196 3791 3263 λόγου

2221 3275 2406 3344 φησίν·
2446 3275 2805 3347 Ὀμολοτοῦσι
2851 3281 2984 3351 μίαν
3013 3285 3245 3355 θεότητα
3270 3285 3365 3337 καὶ
3395 3285 3672 3356 βασιλείαν
3696 3289 3794 3340 καὶ

2218 3368 2392 3436 ἀρχήν
2417 3382 2435 3400 ·
2484 3369 2690 3438 ὁμοίως
2715 3372 2783 3427 τὰ
2830 3374 3100 3443 πρόσωπα
3142 3379 3200 3430 ἐν
3230 3379 3353 3441 ταῖς
3409 3379 3636 3448 loco-mm.
3681 3378 3792 3432 τῶν

550 3418 941 3492 intelligentes,
966 3426 1165 3484 Filium
1222 3450 1442 3504 quoque
1475 3455 1581 3494 non
1613 3452 1823 3510 partem
1878 3450 2114 3520 aliquam

556 3509 729 3541 [ιιι-ιο
787 3516 879 3541 ..μυί
922 3518 1080 3541 -I-_-
1219 3523 1241 3541 ιι
1304 3536 1315 3541 -
1682 3536 1699 3541 -

2222 3418 2584 3514 ιὲτὲἐὲάσενιῖᾆ
2606 3418 2850 3528 εὐσεϐῶς
2877 3418 3231 3537 ⁵γνωρίζουσι·
3265 3468 3357 3521 τὸν
3389 3418 3614 3541 Πατέρία,
3636 3469 3693 3521 ἐν
3722 3472 3791 3538 τῇ

552 3509 753 3576 Patris,
786 3516 879 3569 sed
921 3518 1084 3587 plane
1114 3523 1418 3592 perfectum
1452 3544 1517 3586 ex
1577 3509 1821 3602 perfecto
1849 3509 2033 3596 uatum
2065 3555 2121 3601 et

550 3602 945 3663 subsistentem
1004 3626 1355 3685 asserentes;
1426 3632 1482 3675 et
1542 3623 1807 3693 Spiritum
1863 3643 2117 3689 sanctum

548 3708 709 3762 quem
734 3712 894 3753 sacra
920 3700 1208 3773 Scriptura
1241 3707 1585 3767 Paracletum
1612 3718 1883 3787 nominat,
1910 3738 1976 3777 ex
2009 3724 2116 3781 Pa-

548 3792 630 3839 tre
668 3802 764 3857 per
792 3788 989 3847 Filium
1033 3797 1337 3856 subsistere
1370 3805 1775 3864 existimantes.
1807 3810 1870 3865 Et
1918 3815 1973 3868 in
2005 3816 2118 3871 An-

546 3889 735 3934 corato
763 3900 775 3936 :
815 3882 1055 3953 Spiritus
1081 3902 1327 3957 sanctus,
1366 3893 1603 3964 Spiritus
1637 3904 1878 3958 veritatis
1895 3916 2001 3971 est,
2032 3910 2117 3964 lu-

547 3986 674 4025 men
708 3975 954 4041 tertium,
988 3993 1049 4033 ex
1077 3980 1239 4037 Patre
1267 3994 1322 4037 et
1341 3985 1502 4042 Filio.
1534 3990 1597 4043 Et
1627 4003 1748 4059 post
1776 4009 1949 4063 pauca
1975 4015 1990 4051 :
2022 4000 2114 4053 Si-

545 4074 634 4114 cut
656 4063 802 4116 enim
832 4064 999 4123 Nemo
1031 4073 1171 4125 novit
1201 4074 1417 4130 Patrem
1444 4080 1547 4132 nisi
1571 4080 1766 4148 Filius,
1789 4102 1881 4140 nec
1913 4087 2116 4146 Filium

547 4153 652 4205 nisi
686 4154 849 4211 Pater
873 4159 946 4226 “,
977 4162 1048 4217 ita
1075 4167 1477 4233 pariterdicere
1498 4173 1696 4240 audeo,
1715 4193 1814 4233 nec
1829 4180 2111 4252 Spiritum,

544 4245 650 4299 nisi
686 4248 844 4304 Pater
861 4262 914 4305 et
934 4254 1135 4320 Filius,
1162 4274 1190 4310 a
1216 4275 1327 4329 quo
1348 4264 1595 4330 procedit
1616 4274 1668 4320 et
1694 4283 1723 4321 a
1750 4245 2108 4344 quo—accipit,

544 4348 646 4389 nec
679 4336 877 4395 Filium
929 4353 984 4398 et
1011 4346 1249 4415 Patrem,
1285 4351 1394 4407 nisi
1461 4354 1701 4423 Spiritus
1766 4336 2110 4437 sanctusqui

542 4440 670 4481 vere
708 4430 1001 4501 gloriﬁcat,
1037 4440 1128 4506 qui
1155 4440 1315 4496 docet
1337 4447 1658 4518 omnia,qut
1693 4461 1827 4507 esta
1862 4430 2111 4515 Patre-et

541 4514 699 4574 Filio.
733 4521 799 4576 Et
826 4540 1056 4583 rursus:
1091 4530 1315 4602 Semper
1339 4536 1505 4605 igitur
1524 4514 1642 4596 erat
1681 4544 1862 4612 Pater,
1894 4564 2111 4620 semper

539 4621 660 4666 crat
692 4612 884 4683 Filius,
917 4631 969 4674 et
999 4619 1235 4690 Spiritus
1260 4641 1325 4681 ex
1353 4628 1515 4687 Patre
1549 4642 1603 4688 et
1656 4634 1797 4691 Filio
1842 4612 2105 4709 spiratus.

540 4702 727 4773 Itaque
767 4712 1122 4779 perspicuum
1155 4724 1239 4771 est
1266 4727 1321 4772 et
1346 4720 1506 4787 plane
1560 4702 1935 4795 manifestum,
1988 4742 2042 4787 et
2079 4750 2107 4788 a

540 4799 697 4851 nobis
726 4810 780 4852 et
831 4816 860 4854 a
893 4803 1101 4860 Latinis
1139 4822 1323 4862 vocem
1384 4812 1556 4878 illaut,
1598 4815 1774 4870 Etiam
1826 4835 1889 4874 ex
1945 4822 2108 4891 Filio,

535 4888 879 4960 desumptam
912 4908 1032 4949 esse
1062 4910 1092 4950 a
1122 4897 1444 4956 doctoribus
1465 4913 1519 4957 et
1554 4904 1861 4978 theologis:
1891 4927 1959 4967 ex
1989 4888 2108 4984 qui;

536 4978 638 5035 bus
663 4992 868 5039 sanctae
906 4987 1103 5056 synodi
1140 4993 1514 5059 tecumenicaa,
1537 4994 1669 5053 dum
1689 5003 1926 5069 quaestio
1956 5008 2109 5063 theo~

535 5071 707 5140 logica
730 5082 1079 5145 tractaretur,
1106 5081 1435 5140 adhibebant
1468 5089 1807 5159 testimonia,
1844 5104 1905 5149 ut
1932 5099 2109 5168 expli-

533 5173 718 5220 catum
746 5177 850 5226 est.

2220 3554 2465 3624 πατρικῇ
2497 3554 2761 3628 αύθεντίᾳ
2801 3560 3096 3628 ὑφεστῶτα
3122 3562 3392 3628 νοοῦντες,
3430 3564 3635 3616 καὶτὸν
3661 3563 3792 3617 Υίὸν

2218 3647 2279 3698 ού
2330 3647 2494 3718 μέρος
2543 3649 2672 3703 ὄντα
2721 3651 2816 3705 τοῦ
2854 3654 3090 3722 Πατρὸς,
3136 3654 3271 3709 ἀλλὰ
3301 3655 3557 3724 καθαρῶς
3587 3656 3791 3709 τέλειον

2217 3738 2281 3790 ἐκ
2314 3738 2521 3794 τελείου
2569 3745 2972 3812 γεγεννημένον
2998 3746 3092 3799 καὶ
3125 3746 3414 3816 ὑφεστῶτα
3465 3746 3791 3815 ὁμολογοῦν-

2215 3845 2343 3890 τες·
2385 3833 2476 3885 καὶ
2516 3832 2579 3885 τὸ
2628 3834 2853 3903 Πνεῦμα
2886 3835 2941 3889 δὲ
2982 3837 3045 3888 τὸ
3070 3838 3245 3905 ἅγιον,
3294 3838 3323 3890 ὃ
3366 3838 3546 3905 ήθεία
3597 3837 3787 3906 Γραφὴ

2216 3918 2575 3989 Παράκλητον
2605 3922 2883 3990 ὀνομάζει,
2911 3926 2972 3978 ἐκ
3005 3927 3218 3996 Πατρὸς
3248 3928 3317 3980 δι’
3340 3927 3470 3981 Υίοῦ
3501 3927 3787 3995 ὑφεστῶτα

2215 4013 2599 4081 γνωρίζοντες.
2619 4015 2721 4067 ’Ἕν
2745 4015 2802 4067 δὲ
2828 4016 2906 4085 τῷ
2952 4016 3298 4086 ’Λγκυρωτῷ
3315 4036 3328 4050 ·
3361 4018 3584 4089 Πνεῦμα
3608 4018 3781 4085 ἆγιον,

2215 4101 2438 4168 Πνεῦμα
2471 4103 2730 4172 ἀληθείας
2775 4108 2911 4171 ἐστὶ,
2954 4109 3071 4176 φῶς
3122 4111 3321 4180 τρίτον,
3370 4110 3523 4180 παρὰ
3570 4109 3784 4177 Πατρδς

2212 4192 2306 4245 καὶ
2339 4193 2469 4245 Υίοῦ
2492 4208 2506 4222 ·
2544 4196 2638 4248 καὶ
2672 4198 2790 4263 μετ’
2813 4198 2969 4267 ὀλίγα
2997 4217 3011 4231 ·
3066 4201 3163 4254 Ὃν
3186 4204 3293 4271 γὰρ
3323 4201 3525 4271 τρόπον
3570 4200 3785 4265 Οὐδείς

2211 4280 2366 4348 ἔγνω
2387 4283 2493 4335 τὸν
2514 4285 2747 4353 Πατέρα
2773 4288 2826 4339 εί
2864 4287 2945 4355 μὴ
2973 4293 3005 4343 ό
3029 4292 3179 4355 Υἱὸς,
3227 4291 3372 4344 οὐδὲ
3403 4293 3512 4344 τὸν
3564 4292 3701 4344 nor
3731 4292 3785 4343 ει

2205 4371 2292 4441 μὴ
2346 4376 2381 4427 ὁ
2436 4374 2659 4444 Πατὴρ,
2710 4377 2851 4431 οὓτω
2920 4381 3105 4450 τολμῶ
3162 4383 3341 4449 λέγειν
3401 4383 3483 4435 ὅτι
3547 4383 3667 4434 οὐδὲ
3722 4382 3785 4435 τὸ

2212 4464 2465 4535 Πνεῦμα,
2498 4469 2546 4520 εί
2575 4470 2649 4538 μὴ
2683 4472 2710 4523 ό
2740 4471 2932 4539 Πατὴρ
2967 4475 3062 4525 καὶ
3096 4476 3123 4525 ὁ
3164 4473 3294 4536 Υἱὸς
3315 4514 3330 4537 ,
3363 4474 3494 4544 παρ’
3522 4474 3582 4527 οῦ
3618 4478 3781 4526 ἐκπο-

2213 4556 2457 4625 ρεύεται,
2495 4563 2590 4613 καὶ
2627 4560 2759 4631 παρ’
2801 4562 2861 4616 οὗ
2896 4565 3185 4633 λαμϐάνει·
3223 4567 3318 4619 καὶ
3363 4566 3486 4619 οὐδὲ
3517 4567 3607 4619 τὸν
3650 4566 3779 4619 Υίὸν

2211 4651 2306 4702 καὶ
2335 4649 2427 4701 τὸν
2462 4650 2703 4721 Πατέρα,
2731 4654 2779 4706 εί
2816 4656 2891 4722 μὴ
2936 4656 2997 4708 τὸ
3032 4654 3255 4725 Πνεῦμα
3286 4657 3347 4710 τὸ
3394 4658 3568 4726 ἆγιον,
3606 4657 3667 4711 τὸ
3695 4658 3780 4709 δο-

2137 4775 2189 4833 D
2215 4739 2376 4803 ξάζον
2402 4741 2640 4811 ἀληθῶς,
2696 4745 2757 4798 τὸ
2785 4746 3038 4801 διδάσκον
3078 4748 3146 4801 τὰ
3206 4749 3403 4814 πάντα,
3446 4749 3476 4800 ὃ
3511 4750 3661 4817 παρὰ
3684 4747 3777 4801 τοῦ

2213 4831 2426 4900 Πατρὸς
2458 4833 2553 4885 καὶ
2582 4835 2646 4886 ὲκ
2675 4834 2770 4888 τοῦ
2820 4836 2952 4889 Υίοῦ
2976 4851 2991 4867 ⁶
3049 4840 3142 4891 καὶ
3195 4839 3331 4906 μετά
3367 4856 3490 4893 τινα
3516 4856 3529 4870 ·
3585 4837 3778 4892 Τοίνυν

2210 4923 2400 4994 Πατὴρ
2432 4919 2501 4995 ἦν
2532 4926 2641 4991 ἀεὶ,
2694 4929 2790 4981 καὶ
2819 4929 2946 4992 Υἱὸς
2976 4925 3044 5000 ἦν
3088 4932 3193 4995 ἀεὶ,
3225 4931 3319 4985 καὶ
3367 4932 3427 4983 τὸ
3455 4930 3678 4998 Πνεῦμα
3713 4930 3779 4981 ὲκ

2206 5014 2301 5068 τοῦ
2340 5017 2556 5086 Πατρδς
2582 5021 2676 5073 καὶ
2708 5020 2839 5074 Υίοῦ
2865 5022 3041 5075 πνέει.
3078 5023 3353 5094 Πρόδηλον
3390 5020 3484 5077 οὖν
3520 5025 3637 5075 ἐστι
3683 5022 3779 5075 καὶ

2207 5106 2465 5177 φανερὸν,
2491 5109 2573 5162 ὅτι
2605 5111 2697 5164 καὶ
2726 5112 2887 5181 ἡμεῖς
2933 5130 2992 5167 τε
3017 5115 3110 5167 καὶ
3137 5116 3186 5168 οί
3224 5116 3445 5169 Λατῖνοι
3478 5113 3629 5181 παρὰ
3667 5112 3777 5164 τῶν

2204 5196 2543 5254 διδασκάλων
2573 5202 2666 5254 καὶ
2698 5200 2963 5272 θεολόγων
2990 5204 3089 5274 τῆς
3126 5206 3476 5276 Ἐκκλησίας,
3506 5206 3565 5259 τὸ
3593 5204 3688 5258 καὶ
3714 5205 3778 5255 ὲκ

532 5256 628 5311 τοῦ
655 5259 808 5329 Υίοῦ,
842 5265 1330 5338 παρελάϐομενοὲξ
1359 5266 1433 5327 ὧν
1499 5279 1595 5330 καὶ
1652 5279 1706 5332 αί
1765 5280 1920 5349 ἆγιαι
1984 5286 2362 5357 οίκουμενικαὶ
2416 5292 2621 5346 σύνοδοι
2683 5256 3012 5364 μαρτυρίαις
3044 5256 3151 5350 ’ἐπὶ
3196 5299 3423 5369 ζητήσει
3467 5294 3774 5366 θεολογικοῦ

535 5353 863 5422 πράγματος
893 5364 1281 5435 προεκόμιζον,
1310 5368 1385 5431 ὡς
1417 5369 1836 5441 προδεδήλωται.

1201 5463 1444 5521 EPHES.

607 5543 674 5601 Et
727 5562 851 5604 cum
900 5550 1013 5609 illis
1078 5556 1299 5627 quidem
1360 5559 1513 5616 licite
1578 5577 1643 5618 ac
1697 5565 2100 5622 rationabiliter

538 5634 712 5696 fuisse
753 5643 1057 5711 appositum
1126 5647 1383 5721 Symboto
1429 5656 1854 5713 additamentum
1910 5662 2096 5725 aiunt;

1942 5790 1961 5819 Ι

616 5810 657 5849 ⁸¹
680 5811 871 5873 Matth.
902 5831 980 5887 ιι,
1015 5822 1105 5878 27.

2947 5478 3095 5535 ΦΕΣ.

2947 5478 3095 5535 ΦΕΣ.

2276 5567 2388 5622 Καὶ
2418 5568 2535 5637 μετ’
2573 5569 2798 5623 ἐκείνων
2830 5478 2945 5640 at?
2973 5572 3213 5642 θεμιτῶς
3266 5575 3361 5628 καὶ
3406 5575 3644 5642 εὐλόγως
3672 5575 3774 5645 τὴν

2214 5661 2538 5734 προσθήκην
2586 5665 2647 5718 ὲν
2679 5663 2758 5733 τῷ
2799 5664 3058 5735 συμϐόλῳ
3101 5668 3386 5734 γεγονέναι
3432 5669 3604 5738 φασί·
3650 5668 3773 5741 μεθ’
