4112 6274
377 406 488 461 125

1629 395 1927 457 CONTRA
1968 395 2394 460 EPHESIUM.

3512 396 3613 463 126

375 511 548 583 ἡμῶν
576 511 634 566 δὲ
662 508 842 578 λέγειν
870 509 1076 580 ταύτην
1102 508 1164 564 οὐ
1205 508 1595 579 καταδέχονται
1621 524 1638 542 ο
1674 508 1853 561 καίτοι
1888 525 1939 575 γε

2057 510 2503 567 nobiscum-vero
2531 512 2664 568 illud
2687 511 2999 584 exprimere
3032 511 3347 582 neutiquam
3384 508 3609 575 volunt;

371 606 442 660 τὸ
473 604 708 673 θεμιτῶς
738 605 831 658 καὶ
868 604 1107 671 εὐλόγως
1136 604 1430 673 γενόμενον
1472 602 1555 666 τίς
1578 603 1644 655 ἂν
1673 604 1947 673 παραιτή-

380 712 544 751 σαιτο
574 696 751 766 λεγειν
783 713 799 761 ;

1061 789 1266 843 ΔΠΟΛ.

451 875 528 928 Τὸ
562 874 662 944 μὲν
687 875 782 929 οὖν
806 876 1044 947 θεμιτῶς
1068 879 1161 931 καὶ
1190 878 1429 948 εὐλόγως
1459 880 1629 947 λέγει,
1675 881 1735 934 τδ
1750 882 1808 934 δὲ
1842 886 1946 953 προ

370 967 573 1021 τούτου
601 971 957 1039 παρασιωπᾷο
990 970 1145 1023 ποῖον
1172 970 1237 1039 δὴ
1260 971 1452 1036 τοῦτος
1489 971 1561 1025 Τὸ
1581 972 1677 1040 τὴν
1705 973 1811 1025 τῶν
1847 977 1945 1042 ρη-

374 1060 573 1130 μάτων
592 1062 813 1114 ἐκείνων
835 1062 1137 1125 ἀνάπτυξιν
1157 1063 1277 1130 τὴν,
1291 1064 1383 1116 καὶ
1402 1065 1468 1116 ἐκ
1490 1064 1585 1117 τοῦ
1613 1065 1765 1128 Υίοῦ,
1786 1066 1944 1135 χάριν

370 1150 470 1204 τοῦ
508 1152 614 1220 τὴν
654 1152 916 1220 ἀλήθειαν
960 1154 1381 1223 σαφηνισθῆναι,
1424 1157 1669 1224 ἀνάγκης
1690 1157 1807 1211 τότε
1830 1160 1945 1211 ἐπι-

370 1242 679 1311 κειμένης⁸,
746 1245 986 1313 θεμιτῶς
1038 1247 1134 1299 καὶ
1170 1247 1405 1315 εὐλόγως
1459 1251 1518 1301 ὲν
1565 1249 1644 1318 τῷ
1694 1251 1946 1321 συμϐόλῳ

372 1332 773 1400 προστεθῆναι.
803 1334 868 1388 Τί
893 1331 1027 1400 οὗνς
1059 1338 1242 1390 πᾶσαν
1288 1336 1588 1402 ἀνάπτυξιν
1629 1340 1725 1391 καὶ
1766 1342 1945 1411 σαφή-

370 1441 527 1477 νειαν
558 1424 772 1496 ἀνάγκη
802 1427 888 1480 ἀεὶ
911 1430 1266 1497 προσκεῖσθαι
1287 1431 1363 1498 τῷ
1392 1433 1648 1502 κειμένῳ,
1711 1436 1803 1485 καὶ
1838 1453 1945 1503 χω-

373 1514 460 1583 ρὶς
480 1516 691 1585 ταύτης
719 1518 796 1585 μή
830 1519 1296 1586 ἀναγινώσκεσθαι
1319 1521 1379 1574 τὸ
1401 1528 1485 1577 κεῖ
1492 1540 1652 1593 μενον
1672 1529 1768 1592 τῆς
1798 1528 1946 1590 θείας

369 1605 413 1658 Γ
418 1610 637 1677 ραφῆς;
670 1606 749 1662 Ἥ
777 1610 864 1663 διά
888 1614 949 1665 τὸ
978 1612 1053 1682 μὴ
1080 1614 1552 1681 ἀναγινώσκεσθαι
1574 1616 1715 1670 οὕτω
1742 1635 1947 1688 συνημ-

373 1697 582 1766 μένως,
612 1700 674 1753 οὐ
726 1702 969 1770 θεμιτῶς
1016 1705 1112 1758 καὶ
1163 1707 1399 1775 εὐλόγως
1427 1707 1660 1777 ἐροῦμεν
1685 1709 1780 1778 τὴν
1814 1711 1946 1763 ἀνά-

370 1788 573 1856 πτυξιν
600 1795 884 1859 γεγονέναι
911 1796 1002 1848 καὶ
1048 1798 1147 1867 τὴν
1181 1800 1482 1868 σαφήνειαν
1531 1800 1631 1870 τὴν
1676 1800 1815 1869 μετὰ
1844 1800 1938 1867 τοῦ

368 1880 637 1948 κειμένου
670 1883 994 1954 ήνωμένην;
1024 1888 1134 1941 Καὶ
1160 1890 1242 1951 τίς
1274 1890 1341 1943 ἂν
1380 1890 1539 1943 τοῦτο
1566 1892 1684 1961 ὲρεῖ
1727 1891 1818 1945 νοῦ
1852 1893 1937 1946 καὶ

368 1975 597 2043 φρενῶν
627 1975 851 2046 κύριος;
869 1978 1063 2049 Ἡμεῖς
1083 1980 1193 2051 γὰρ
1223 1981 1469 2052 ἔγνωμεν
1492 1983 1593 2051 τὴν
1621 1987 1679 2037 ὲν
1708 1985 1785 2054 τῷ
1806 1986 1946 2039 κατά

380 2066 644 2136 Ἰωάννην
675 2068 992 2139 Εὐαγγελίῳ
1021 2072 1313 2141 δεκάλογον
1346 2076 1499 2145 παρά
1530 2075 1812 2130 Βασιλείου
1849 2074 1942 2129 τοῦ

367 2158 635 2225 Μεγάλου
692 2162 1120 2231 σαφηνισθεῖσαν
1148 2182 1163 2197 ·
1208 2168 1304 2219 καὶ
1347 2168 1410 2219 τὸ
1442 2168 1571 2221 αὐτὸ
1622 2168 1767 2223 ἅπαν
1802 2170 1945 2240 ίερδν

367 2250 710 2319 Εὐαγγέλιον
764 2255 914 2323 παρά
976 2257 1227 2310 Ἰωάννου
1283 2258 1378 2311 τοῦ
1412 2260 1801 2328 Χρυνσοστόμου
1845 2264 1945 2330 τήν

368 2341 683 2409 σαφήνειαν
738 2342 1078 2413 δεξάμενον,
1134 2348 1231 2400 καὶ
1295 2348 1448 2417 παρὰ
1495 2348 1588 2401 τοῦ
1653 2347 1941 2401 θεσπεσίου

366 2430 649 2498 Κυρίλλου
686 2434 779 2485 καὶ
805 2434 983 2487 ἀλλων
1004 2451 1016 2466 ·
1051 2436 1166 2488 ἀλλ’
1211 2437 1269 2489 οὐ
1304 2439 1445 2506 μετά
1491 2439 1593 2509 τῆς
1627 2440 1943 2510 ἐξηγήσεως

369 2523 465 2573 καὶ
485 2523 796 2590 σαφηνείας
814 2525 901 2578 ἀεὶ
926 2527 1011 2578 ἐπ’
1030 2527 1362 2597 Ἐκκλησίαν
1384 2531 1837 2599 ἀναγινώσκεται,
1864 2533 1943 2586 διὸ

368 2611 418 2663 εί
445 2611 550 2679 μὲν
582 2612 647 2664 τὸ
678 2614 924 2669 ἐλλεῖπον
956 2617 988 2687 ἦ
1018 2618 1080 2670 τὸ
1134 2621 1645 2692 παραλελειμμένον
1679 2624 1943 2694 ἐλέγομεν

365 2704 744 2773 προστεθῆναι
793 2707 826 2776 ἢ
876 2709 1373 2781 ἀναπληρωθῆναι,
1408 2711 1525 2766 εἶτα
1560 2716 1623 2767 οὐ
1682 2716 1819 2783 μετά
1848 2716 1940 2770 τοῦ

366 2798 775 2863 προστεθέντος
804 2802 881 2861 είς
918 2804 1310 2873 ἀναπλήρωσιν
1361 2806 1665 2878 ἔῷἀλλομεν
1699 2850 1713 2874 ,
1762 2809 1942 2875 καλῶς

362 2885 429 2939 ἂν
458 2888 615 2957 εῖχεν
646 2891 901 2957 ἐγκαλεῖν
932 2896 1067 2962 ἡμῖν
1088 2912 1104 2927 ο
1148 2897 1271 2950 ἐπεὶ
1300 2898 1356 2951 δὲ
1402 2898 1700 2966 ἀνάπτυξιν
1749 2899 1939 2955 ἀκούει

364 2978 458 3031 καὶ
487 2980 819 3049 σαφήνειαν,
869 2986 902 3053 ὴ
934 2986 990 3038 δὲ
1041 2988 1340 3052 ἀνάπτυξις
1367 2990 1467 3042 οὐκ
1517 2991 1604 3044 ἀεὶ
1658 2993 1794 3059 μετά
1844 2991 1940 3046 τοῦ

364 3072 629 3139 κειμένου
656 3074 1117 3142 ἀναγινώσκεται,
1150 3079 1209 3130 οὐ
1253 3077 1477 3143 δικαίως
1521 3083 1746 3149 ἐγκαλεῖ
1784 3084 1937 3155 ἡμῖν.

362 3160 538 3214 Τοῦτο
574 3162 739 3231 μόνον
772 3165 920 3241 ἐστὶν
948 3167 1188 3235 ἀνάγκη,
1210 3169 1291 3221 ὅτι
1317 3172 1423 3222 πᾶν
1449 3173 1509 3221 τὸ
1533 3171 1936 3241 ἐξαπλούμενον

360 3253 392 3322 ἢ
429 3256 875 3324 σαφηνιζόμενον
905 3259 1096 3322 ἐκτῶν
1129 3261 1298 3329 ἁγίων
1323 3262 1405 3315 δεῖ
1426 3263 1570 3333 ἔχειν
1600 3264 1695 3335 τὴν
1732 3283 1936 3334 μαρτυ-

363 3345 509 3414 ρίαν·
544 3346 718 3409 καὶ,ὃ
745 3364 795 3400 τι
842 3348 910 3402 ἂν
949 3352 1149 3422 ποιήσῃ
1196 3353 1431 3419 σύνοδος,
1480 3357 1579 3408 οὐκ
1624 3359 1782 3410 ἀλλον
1810 3359 1934 3426 ὅρον

361 3440 511 3491 ποιεῖ
536 3439 635 3492 διὰ
661 3440 762 3508 τῆς
792 3443 1176 3513 ὲπεισαγωγῆς
1216 3443 1326 3497 τῶν
1354 3447 1781 3515 προστεθέντων,
1818 3451 1935 3516 ἀλλ’

359 3530 525 3584 αὐτὸν
561 3532 773 3584 ἐκεῖνον
796 3533 887 3586 τὸν
912 3533 1128 3602 πρῶτον
1159 3535 1284 3604 ὅρον
1316 3536 1539 3600 ἐξαπλοῖ
1579 3539 1933 3612 καιὲπεξερ-

360 3622 624 3695 γάζεται.
656 3624 767 3678 Καὶ
792 3624 873 3677 ὅτι
899 3624 1043 3678 τοῦθ’
1085 3626 1259 3689 οὕτως
1282 3628 1416 3697 ἔχει,
1454 3630 1689 3684 ἄκουσον
1717 3635 1811 3685 καὶ
1838 3635 1930 3687 τοῦ

363 3715 514 3785 ίεροῦ
547 3714 805 3783 Μαξίμου
834 3715 978 3769 οὕτω
1012 3717 1379 3786 βιιϐαιοῦντος⁹
1430 3724 1561 3789 φησι
1622 3724 1727 3793 γὰρ
1762 3726 1819 3777 ὲν
1866 3728 1931 3796 τῇ

363 3808 622 3876 συντόμῳ
650 3808 915 3879 ἀπολογίᾳ
949 3810 1136 3876 αὑτοῦ,
1176 3812 1243 3883 ἢν
1289 3815 1522 3866 ποιεῖται
1555 3815 1693 3885 ὑπὲρ
1728 3817 1826 3886 τῆς
1875 3820 1932 3870 ὲν

363 3899 679 3969 Καλχηδόνι
714 3900 953 3965 συνόδου,
984 3895 1052 3973 ἧς
1081 3903 1113 3972 ή
1165 3903 1332 3972 ἀρχή·
1407 3904 1625 3976 Ἐπειδὴ
1659 3907 1778 3960 λίαν
1810 3926 1933 3977 γεν-

362 3990 527 4052 ναίως
558 3989 593 4058 ἢ
621 3990 863 4057 ἀγεννῶς
886 3993 1061 4045 είπεῖν
1090 3994 1439 4064 οίκειὸτερον⁸
1469 3997 1529 4048 Εἰ
1557 3996 1664 4065 γὰρ
1696 3997 1809 4051 ἔστι
1840 4000 1933 4051 τά-

362 4081 504 4151 ληθῆ
537 4081 681 4152 ὑπὲρ
724 4083 986 4154 ἀληθείας
1040 4086 1235 4150 εἰπεῖν,
1289 4087 1490 4151 πάντες
1541 4089 1591 4142 οἱ
1641 4092 1777 4160 μετά
1832 4094 1931 4162 τὴν

365 4175 625 4230 Νικαέων
658 4175 928 4247 θεόκριτοι
961 4180 1225 4248 Πατέρες,
1256 4182 1351 4235 καὶ
1396 4182 1545 4236 πᾶσα
1595 4183 1811 4248 σύνοδος
1840 4186 1932 4256 ὀρ-

367 4267 599 4333 θοδόξων
625 4272 719 4321 καὶ
746 4269 919 4334 ἁγίων
948 4270 1183 4340 ἀνδρῶν,
1217 4271 1315 4324 οὐκ
1351 4271 1511 4326 ἄλλον
1544 4275 1781 4339 πίστεως
1807 4277 1932 4345 ὅρον

365 4359 454 4413 διὰ
478 4363 583 4431 τῆς
608 4362 1000 4430 ἑπεισαγωγῆς
1030 4363 1141 4416 τῶν
1189 4364 1408 4417 οἰκείων
1439 4367 1702 4435 ῥημάτων
1732 4385 1931 4421 παντες

364 4451 473 4516 λῶς
502 4453 876 4523 ὲπεισήγαγον
903 4495 917 4518 ,
948 4456 1024 4519 ώς
1057 4456 1214 4524 ὑμεῖς
1239 4458 1635 4524 ἀποφαίνεσθε,
1681 4461 1928 4513 πλεῖστον

367 4544 587 4614 παραλη
598 4545 818 4615 ροῦντες
842 4547 1012 4599 καὶτὸ
1036 4547 1157 4599 ὅλον
1181 4550 1518 4618 μαινόμενοι·
1537 4551 1652 4605 ἀλλ’
1676 4552 1836 4604 αὐτὸν
1854 4555 1933 4614 είς
1965 4551 2011 4608 Ι)

366 4636 585 4703 πρῶτον
610 4638 702 4690 καὶ
722 4639 880 4705 μόνον
892 4639 985 4691 τὸν
1007 4640 1071 4693 ἐκ
1086 4639 1200 4693 τῶν
1226 4640 1329 4711 τιη⁹
1353 4644 1497 4696 Πατὲ
1507 4659 1614 4711 ρων
1638 4644 1934 4715 νομοθετη-

368 4729 526 4782 θέντα
554 4729 785 4801 βεϐαίως
804 4730 1115 4800 ἐκύρωσαν,
1135 4733 1461 4801 τρανοῦντες
1520 4736 1681 4789 αὑτὸν
1708 4739 1799 4789 καὶ
1823 4735 1933 4790 οἷον

329 4881 332 4884 ,
369 4820 873 4889 ὲπεξηγούμενοίτε
895 4824 990 4876 καὶ
1013 4821 1168 4887 ὲπεξε
1180 4824 1504 4893 ργαζόμενοι
1522 4825 1608 4879 διά
1634 4828 1760 4890 τοὺς
1790 4830 1934 4881 ἐκεῖ·

368 4927 456 4964 νον
486 4914 576 4966 καὶ
601 4914 669 4967 τὰ
689 4914 904 4966 ἐκείνου
923 4914 1170 4984 δόγματα
1195 4916 1329 4986 πρὸς
1357 4917 1456 4986 τὴν
1485 4919 1693 4973 οἰκείαν
1746 4924 1931 4986 κακῶς

368 5002 809 5073 ὲκλαμϐἀνοντας
879 5003 972 5056 καὶ
1023 5005 1542 5075 παρεξηγουμὲνους
1585 5008 1924 5066 δυσσέϐειαν.

1047 5095 1240 5150 ΕΦΕΣ.

439 5185 550 5238 Καὶ
586 5185 702 5254 μετ’
737 5185 964 5239 ἐκείνων
996 5186 1182 5253 μὶντὸ
1211 5184 1418 5256 ἄζυμον
1440 5186 1611 5258 σῶμα
1656 5188 1751 5241 τοῦ
1797 5188 1925 5260 Χρι-

372 5274 499 5330 στοῦ
527 5276 777 5345 λέγουσι,
824 5277 949 5346 μεθ’
977 5277 1233 5349 ήμῶνδὲ
1275 5277 1440 5332 αὑτοῦ
1494 5280 1933 5351 μεταλαμϐάνειν

370 5366 472 5419 οὐκ
497 5368 562 5421 ἂν
584 5369 937 5440 τολμήσαιεν.

1043 5462 1253 5521 ΔΠΟΛ.

446 5546 566 5601 Ὀτι
612 5550 713 5618 μὲν
737 5544 831 5605 οὖν
859 5552 1084 5619 ἐγκαλεῖ
1125 5556 1277 5625 ἡμῖν,
1312 5556 1407 5610 καὶ
1455 5558 1700 5629 διασύρει
1746 5561 1933 5615 ἕνεκεν

374 5636 483 5690 τῶν
510 5641 756 5711 ἀζύμων,
790 5640 961 5699 οἶδενο
998 5648 1080 5700 ὅτι
1108 5648 1165 5701 δὲ
1190 5650 1222 5715 ό
1263 5650 1468 5720 Κύριος
1493 5651 1563 5704 δι’
1594 5653 1805 5722 ἀζύμου
1832 5653 1931 5724 τὴν

378 5733 641 5799 μυστικὴν
674 5734 889 5788 ἐτέλεσε
917 5736 1112 5791 θυσίαν
1137 5737 1281 5801 τότε,
1308 5741 1404 5792 οὐκ
1435 5738 1598 5804 οἶδεν,
1628 5744 1748 5796 οὐδὲ
1780 5744 1932 5797 asid-

382 5830 540 5892 φορον
587 5822 798 5896 ἡγεῖται
843 5825 903 5879 τὸ
934 5827 1002 5881 δι’
1032 5825 1269 5899 ἐνζύμου
1298 5829 1329 5905 ἢ
1360 5831 1426 5885 δι’
1462 5833 1673 5903 ἀζύμου
1709 5833 1807 5903 τὴν
1840 5835 1927 5887 θυ-

2047 616 2362 672 quanquam
2394 607 2537 673 quod
2573 606 2724 661 licite
2745 620 2810 662 ac
2834 606 3235 663 rationabiliter
3265 604 3470 660 factum
3506 610 3611 670 est,

2047 694 2171 764 quis
2196 706 2411 752 recuset
2437 698 2781 768 exprimere?

2734 790 2930 847 RESP.

2122 880 2463 939 Deﬁnitionis
2512 883 2676 939 verba
2706 884 2797 938 illa
2826 902 2839 938 :
2874 883 3049 938 Licite
3088 896 3152 936 ac
3189 878 3610 945 rationabiliter,

2049 971 2236 1039 ponit,
2268 973 2639 1028 antecedentia
2665 990 2796 1029 vero
2842 982 3019 1040 tacet;
3052 982 3105 1028 et
3169 986 3415 1043 quaenam
3473 971 3609 1034 hmc,

2046 1061 2342 1115 verborum
2370 1063 2583 1117 scilicet
2604 1061 2846 1127 illorum,
2889 1063 3158 1132 Filioque,
3191 1060 3608 1132 explicationem

2048 1152 2296 1205 veritatis
2350 1153 2696 1208 declaranda
2752 1156 2945 1222 gratia,
3002 1165 3056 1208 et
3109 1152 3428 1207 imminente
3480 1159 3612 1202 tunc

2048 1244 2400 1306 necessitate,
2433 1245 2582 1299 licite
2612 1259 2675 1297 ac
2698 1245 3101 1299 rationabiliter
3152 1242 3410 1312 Symbolo
3442 1241 3612 1293 fuisse

2046 1337 2373 1403 appositam.
2396 1334 2538 1399 Quid
2583 1334 2792 1405 igitur?
2822 1349 3047 1390 necesse
3078 1343 3161 1388 est
3191 1348 3403 1387 omnem
3448 1331 3612 1396 expli-

2048 1426 2319 1479 cationem
2352 1434 2405 1479 et
2438 1425 2865 1480 declarationem
2923 1425 3095 1479 textui
3151 1438 3363 1493 semper
3424 1422 3610 1491 adjici,

2048 1528 2148 1570 nec
2184 1515 2289 1584 legi
2343 1522 2527 1584 potest
2557 1516 2677 1571 sine
2710 1516 2803 1570 illa
2852 1524 3033 1571 textus
3070 1531 3241 1571 sacra:
3277 1512 3614 1582 Scripturaa?

2047 1608 2128 1660 An
2162 1607 2294 1675 quia
2316 1607 2614 1663 recitamus
2657 1608 2977 1679 Symbolum
3007 1608 3127 1662 sine
3178 1601 3487 1675 'adjectione
3515 1621 3610 1658 ex-

2047 1699 2383 1770 plicationis,
2426 1699 2674 1756 dicemus
2703 1686 3145 1769 explanationem
3172 1709 3228 1754 et
3281 1699 3614 1753 declaratio-

2052 1805 2176 1845 nem
2211 1792 2381 1845 textui
2412 1792 2714 1860 appositam
2748 1808 2848 1848 nec
2884 1793 3056 1859 licite,
3086 1807 3185 1847 nec
3216 1790 3615 1848 rationabiliter

2046 1881 2285 1937 factam?
2318 1883 2383 1936 Et
2433 1885 2558 1952 quis
2603 1884 2710 1938 hoc
2741 1884 2891 1939 dicat
2955 1886 3154 1939 mentis
3205 1898 3318 1938 suae
3356 1880 3614 1951 compos?

2048 1972 2264 2027 Scimus
2317 1973 2505 2028 decem
2574 1974 2855 2043 Evangelii
2894 1973 3124 2029 Joannis
3151 1975 3328 2046 capita
3360 1972 3533 2029 luisse
3583 1989 3612 2026 a

2046 2077 2242 2134 magno
2265 2064 2467 2119 Basilio
2498 2066 2907 2120 commentariis
2931 2066 3234 2132 illustrata;
3262 2075 3317 2121 et
3348 2067 3488 2121 idem
3526 2067 3612 2120 in-

2049 2160 2262 2223 tegrum
2289 2169 2506 2209 sacrum
2536 2155 2889 2224 Evangelium
2924 2171 2953 2211 a
2982 2156 3198 2211 Joanne
3226 2156 3613 2225 Cbrysostomo

2043 2246 2407 2309 declaratum,
2474 2258 2573 2301 nec
2621 2261 2728 2300 non
2789 2262 2817 2300 a
2870 2247 3330 2317 praestantissimo
3390 2249 3614 2304 doctore

2043 2336 2268 2407 Cyriiio,
2294 2346 2348 2391 et
2380 2337 2535 2392 aliis:
2568 2353 2675 2392 non
2706 2353 2923 2408 semper
2955 2348 3135 2394 tamen
3169 2339 3304 2394 illud
3359 2339 3412 2392 in
3442 2339 3614 2391 eccle-

2044 2427 2126 2482 sia
2156 2427 2355 2496 legitur
2404 2442 2527 2483 cum
2576 2429 2950 2485 enarratione.
3000 2430 3182 2497 Quare
3204 2430 3251 2485 si
3305 2431 3614 2485 diceremus

2043 2521 2286 2576 additum
2329 2538 2450 2578 esse
2482 2527 2627 2594 quod
2656 2526 2869 2591 deerat,
2917 2534 2972 2581 et
3007 2526 3393 2597 supplemento
3439 2525 3614 2594 perfo-

2043 2626 2188 2670 ctum
2216 2616 2360 2685 quod
2416 2630 2525 2671 non
2579 2626 2697 2672 erat
2733 2620 3025 2687 integrum,
3058 2617 3257 2673 deinde
3291 2631 3613 2672 caueremus

2043 2706 2359 2779 Symbolum
2400 2708 2601 2777 absque
2654 2709 2838 2764 addito
2890 2710 3292 2778 supplemento,
3322 2718 3463 2763 esset
3513 2722 3614 2762 cur

2041 2797 2237 2852 merito
2276 2800 2346 2853 ab
2381 2800 2470 2853 illo
2496 2801 3046 2870 reprehenderemur.
3071 2800 3377 2871 Atquando
3410 2800 3607 2854 factam

2042 2888 2195 2941 audit
2225 2888 2646 2957 explicationem
2669 2890 3225 2958 declarationemqne,
3257 2905 3317 2944 ea
3340 2904 3470 2944 vero
3498 2904 3606 2943 non

2042 2991 2253 3044 semper
2281 2992 2404 3031 cum
2443 2988 2592 3032 textu
2622 2980 2838 3048 legitur,
2903 2981 3049 3034 nullo
3075 2996 3206 3035 sane
3264 2981 3455 3035 merito
3502 2995 3601 3034 nos

2041 3078 2281 3120 accusat.
2316 3066 2431 3121 Hoc
2456 3084 2625 3122 unum
2658 3080 2743 3123 est
2775 3071 3173 3135 necessarium,
3206 3079 3265 3124 ut
3288 3079 3608 3125 sanctorum

2045 3158 2375 3212 testimoniis
2401 3160 2686 3227 probatum
2714 3162 2783 3215 sit
2828 3174 2991 3214 omne
3024 3160 3171 3229 quod
3217 3162 3610 3229 explanatione

2041 3249 2373 3303 declaratur.
2400 3251 2532 3304 Nam
2576 3251 2845 3320 quidquid
2872 3253 3122 3307 statuerit
3141 3251 3408 3321 synodus,
3428 3266 3524 3319 per
3543 3265 3607 3304 ea

2036 3338 2338 3409 quasiniert
2361 3341 2630 3408 addendo,
2667 3358 2771 3396 non
2798 3344 2959 3398 aliam
2992 3342 3368 3397 deﬁnitionem
3396 3342 3605 3404 condit,

2035 3432 2129 3485 sed
2177 3432 2348 3499 ipsam
2383 3432 2595 3501 priman
2659 3433 3033 3489 deﬁnitionem
3084 3434 3341 3503 explicat,
3384 3440 3438 3487 et
3515 3448 3611 3486 ex-

2035 3521 2323 3590 plicatione
2346 3524 2552 3577 dilatat.
2583 3524 2738 3589 Quod
2771 3533 2952 3579 autem
2993 3525 3095 3577 hoc
3135 3537 3322 3576 verum
3359 3522 3450 3583 sit.
3480 3523 3606 3575 audi

2034 3620 2284 3666 salictum
2329 3612 2624 3667 Maximum
2664 3615 2739 3668 ita
2771 3614 3144 3669 testimonium
3180 3613 3531 3667 tribuentem.
3559 3612 3611 3666 Is

2033 3703 2176 3757 enim
2210 3705 2262 3756 in
2309 3705 2701 3772 compendiosa
2756 3720 2854 3759 sua
2914 3720 3010 3774 pro
3044 3704 3255 3775 synodo
3302 3703 3609 3757 Chalcedo-

2033 3793 2485 3861 nensiapologia,
2519 3795 2675 3865 cujus
2708 3795 2919 3850 initium
2953 3804 3037 3850 est
3078 3793 3390 3861 :Quoniam
3446 3793 3610 3847 nimis

2033 3896 2298 3951 generoso
2353 3882 2558 3947 animo,
2601 3883 2685 3937 vel
2744 3892 2803 3938 ut
2849 3885 3025 3953 aptius
3051 3883 3250 3949 dicam,
3285 3884 3519 3954 ignavo,
3553 3879 3612 3936 Si

2032 3974 2197 4039 enim,
2256 3974 2459 4043 inquit,
2496 3975 2621 4030 licet
2669 3990 2856 4031 verum
2894 3990 2993 4046 pro
3040 3979 3271 4030 veritate
3335 3975 3610 4044 proloqui,

2034 4080 2227 4119 omnes
2259 4075 2381 4134 post
2411 4066 2683 4121 Nicaeuam
2741 4067 3009 4138 synodum
3046 4082 3075 4120 a
3109 4066 3219 4122 Deo
3273 4066 3463 4121 selecti
3512 4065 3611 4120 Pa-

2034 4171 2169 4219 tres,
2216 4171 2489 4224 omneque
2540 4158 2966 4212 orthodoxorum
3021 4165 3445 4226 sanctorumque
3499 4172 3615 4211 om-

2033 4247 2184 4301 nium
2238 4247 2561 4312 concilium,
2589 4249 2742 4305 nullo
2772 4249 2933 4304 modo
2980 4249 3142 4303 aliam
3177 4249 3440 4303 induxere
3485 4248 3613 4302 ﬁdei

2031 4336 2405 4392 deﬁnitionem
2438 4337 2555 4394 suis
2586 4338 2720 4407 ipsis
2745 4339 2927 4393 verbis
2959 4338 3182 4405 utendo,
3215 4348 3273 4392 ut
3298 4354 3397 4394 vos
3432 4338 3614 4392 dicitis

2030 4427 2323 4497 plurimum
2390 4428 2685 4483 delirantes
2726 4437 2780 4483 et
2830 4429 3044 4497 penitus
3095 4430 3469 4493 insanientes;
3516 4428 3611 4482 sed

2038 4515 2209 4585 ipsam
2237 4516 2310 4570 uti
2342 4516 2571 4585 primam
2605 4524 2656 4570 et
2689 4516 2931 4579 unicam,
2954 4532 3075 4586 qua:
3099 4532 3129 4570 a
3162 4517 3368 4572 sanctis
3397 4522 3612 4569 trecen-

2041 4607 2113 4661 tis
2142 4606 2330 4661 decem
2355 4613 2409 4659 et
2431 4612 2556 4660 octo
2582 4605 2842 4660 Patribus
2893 4605 3103 4660 sancita
3133 4613 3240 4671 est,
3284 4605 3494 4659 ﬁrmam
3556 4611 3610 4657 et

2044 4704 2223 4752 ratam
2282 4709 2407 4753 esse
2437 4698 2749 4761 voluerunt,
2800 4696 3160 4753 dilucidantes
3214 4712 3357 4762 eam,
3412 4704 3467 4753 et
3496 4697 3612 4752 vel-

2042 4790 2122 4844 uti
2151 4790 2394 4860 apertius
2410 4792 2782 4854 euucleantes,
2804 4802 3025 4860 propter
3045 4805 3139 4845 eos
3158 4791 3247 4859 qui
3269 4790 3413 4844 illam
3438 4790 3613 4846 illius.

2037 4896 2143 4947 que
2195 4882 2447 4951 dogmata
2506 4885 2691 4952 pravis
2755 4882 3299 4952 interpretationibus
3324 4882 3390 4936 ad
3452 4896 3610 4939 suam

2041 4971 2292 5039 ipsorum
2346 4973 2675 5042 detorquent
2706 4972 3062 5042 impietatem.

2698 5107 2948 5165 EPHES.

2108 5199 2174 5251 Et
2198 5212 2321 5253 cum
2345 5197 2451 5254 illis
2474 5199 2694 5268 quidem
2726 5216 2978 5272 azymum
3014 5201 3221 5273 Christi
3251 5215 3450 5273 corpus
3489 5217 3610 5258 esse

2036 5289 2249 5354 dicunt,
2276 5289 2559 5346 nobiscum
2610 5306 2740 5347 vero
2764 5291 2898 5347 illud
2944 5291 3011 5347 ad
3043 5294 3482 5349 communionem
3515 5308 3610 5348 su-

2040 5396 2187 5436 mere
2217 5396 2324 5437 non
2352 5383 2554 5438 ausint.

2721 5473 2918 5532 RESP.

2108 5559 2408 5634 Objurgare
2442 5565 2688 5635 quidem,
2743 5577 2797 5623 et
2854 5567 3139 5624 detrahere
3188 5569 3344 5623 nobis
3386 5578 3604 5639 propter

2037 5669 2227 5726 azyma
2254 5658 2428 5724 novit,
2461 5658 2677 5728 ignorat
2711 5670 2887 5713 autem
2915 5676 3008 5730 per
3030 5676 3278 5731 azymum
3305 5676 3330 5714 a
3373 5660 3602 5715 Domino

2035 5746 2207 5802 fuisse
2229 5748 2357 5801 olim
2389 5757 2670 5821 peractum
2738 5750 3026 5821 mysticqu
3077 5751 3451 5817 sacriﬁcium;
3502 5768 3600 5806 nco

2037 5846 2188 5911 putat
2217 5837 2555 5908 indifferens,
2606 5839 2721 5896 sive
2748 5853 2844 5913 per
2865 5853 3135 5910 azymum,
3186 5841 3298 5897 sive
3348 5855 3440 5914 per
3488 5839 3597 5899 fere
