  <div class='ocr_page' id='page_1' title='image "/cluster/home/n/w/nwhite01/storage/ocr_20150623/160/mdp.39015078384693/071.png"; bbox 0 0 4112 6274; ppageno 0'>
   <div class='ocr_carea' id='block_1_1' title="bbox 495 357 598 420">
    <p class='ocr_par' dir='ltr' id='par_1_1' title="bbox 495 357 598 420">
     <span class='ocr_line' id='line_1_1' title="bbox 495 357 598 420; baseline 0 0"><span class='ocrx_word' id='word_1_1' title='bbox 495 357 598 420; x_wconf 79' lang='lat'><strong>1‘27</strong></span> 
     </span>
    </p>
   </div>
   <div class='ocr_carea' id='block_1_2' title="bbox 1418 364 2830 436">
    <p class='ocr_par' dir='ltr' id='par_1_2' title="bbox 1418 364 2830 436">
     <span class='ocr_line' id='line_1_2' title="bbox 1418 364 2830 436; baseline 0.008 -11"><span class='ocrx_word' id='word_1_2' title='bbox 1418 364 1800 428; x_wconf 80' lang='lat' dir='ltr'><strong>GREGORII</strong></span> <span class='ocrx_word' id='word_1_3' title='bbox 1828 367 2127 430; x_wconf 72' lang='grc' dir='ltr'><strong>ΜΛΜΜιΕ</strong></span> <span class='ocrx_word' id='word_1_4' title='bbox 2166 371 2279 432; x_wconf 90' lang='lat' dir='ltr'><strong>CP.</strong></span> <span class='ocrx_word' id='word_1_5' title='bbox 2312 373 2830 436; x_wconf 74' lang='lat' dir='ltr'><strong>PATRIARCIl/E</strong></span> 
     </span>
    </p>
   </div>
   <div class='ocr_carea' id='block_1_3' title="bbox 3623 379 3724 443">
    <p class='ocr_par' dir='ltr' id='par_1_3' title="bbox 3623 379 3724 443">
     <span class='ocr_line' id='line_1_3' title="bbox 3623 379 3724 443; baseline 0 0"><span class='ocrx_word' id='word_1_6' title='bbox 3623 379 3724 443; x_wconf 73' lang='lat'><strong>128</strong></span> 
     </span>
    </p>
   </div>
   <div class='ocr_carea' id='block_1_4' title="bbox 497 474 2059 561">
    <p class='ocr_par' dir='ltr' id='par_1_4' title="bbox 497 474 2052 537">
     <span class='ocr_line' id='line_1_4' title="bbox 497 474 2052 537; baseline 0.005 -9"><span class='ocrx_word' id='word_1_7' title='bbox 497 481 796 528; x_wconf 87' lang='lat' dir='ltr'><strong>mentatum</strong></span> <span class='ocrx_word' id='word_1_8' title='bbox 825 474 1114 537; x_wconf 85' lang='lat' dir='ltr'><strong>conﬁcere,</strong></span> <span class='ocrx_word' id='word_1_9' title='bbox 1147 475 1238 530; x_wconf 89' lang='lat' dir='ltr'><strong>sed</strong></span> <span class='ocrx_word' id='word_1_10' title='bbox 1274 478 1456 531; x_wconf 85' lang='lat' dir='ltr'><strong>omnia</strong></span> <span class='ocrx_word' id='word_1_11' title='bbox 1491 478 1690 534; x_wconf 76' lang='lat' dir='ltr'><strong>frustra</strong></span> <span class='ocrx_word' id='word_1_12' title='bbox 1732 495 1856 536; x_wconf 79' lang='lat' dir='ltr'><strong>esse</strong></span> <span class='ocrx_word' id='word_1_13' title='bbox 1909 481 2052 536; x_wconf 88' lang='lat' dir='ltr'><strong>arbi-</strong></span> 
     </span>
    </p>
   </div>
   <div class='ocr_carea' id='block_1_5' title="bbox 2162 474 3728 561">
    <p class='ocr_par' dir='ltr' id='par_1_5' title="bbox 2162 483 3728 561">
     <span class='ocr_line' id='line_1_5' title="bbox 2162 483 3728 561; baseline 0.006 -26"><span class='ocrx_word' id='word_1_14' title='bbox 2162 483 2277 538; x_wconf 88' lang='grc' dir='ltr'>σίαν</span> <span class='ocrx_word' id='word_1_15' title='bbox 2310 484 2607 540; x_wconf 76' lang='grc' dir='ltr'><strong>τελεῖσθαι.</strong></span> <span class='ocrx_word' id='word_1_16' title='bbox 2640 487 2803 553; x_wconf 81' lang='grc' dir='ltr'>Ἀλλ’,</span> <span class='ocrx_word' id='word_1_17' title='bbox 2841 488 2918 550; x_wconf 85' lang='grc' dir='ltr'>ὠς</span> <span class='ocrx_word' id='word_1_18' title='bbox 2938 489 3125 554; x_wconf 80' lang='grc' dir='ltr'>οἴεται,</span> <span class='ocrx_word' id='word_1_19' title='bbox 3153 488 3352 552; x_wconf 85' lang='grc' dir='ltr'>πάντα,</span> <span class='ocrx_word' id='word_1_20' title='bbox 3392 489 3426 559; x_wconf 80' lang='grc' dir='ltr'>ἦ</span> <span class='ocrx_word' id='word_1_21' title='bbox 3458 505 3519 542; x_wconf 86' lang='grc' dir='ltr'><strong>τε</strong></span> <span class='ocrx_word' id='word_1_22' title='bbox 3571 504 3728 561; x_wconf 85' lang='grc' dir='ltr'>ιερω-</span> 
     </span>
    </p>
   </div>
   <div class='ocr_carea' id='block_1_6' title="bbox 497 567 2054 634">
    <p class='ocr_par' dir='ltr' id='par_1_6' title="bbox 497 567 2054 634">
     <span class='ocr_line' id='line_1_6' title="bbox 497 567 2054 634; baseline 0.005 -14"><span class='ocrx_word' id='word_1_23' title='bbox 497 574 692 632; x_wconf 89' lang='lat' dir='ltr'><strong>tratur,</strong></span> <span class='ocrx_word' id='word_1_24' title='bbox 745 567 1136 634; x_wconf 71' lang='lat' dir='ltr'><strong>sacerdotium,</strong></span> <span class='ocrx_word' id='word_1_25' title='bbox 1195 570 1385 633; x_wconf 87' lang='lat' dir='ltr'><strong>altare,</strong></span> <span class='ocrx_word' id='word_1_26' title='bbox 1439 571 1779 626; x_wconf 89' lang='lat' dir='ltr'><strong>Dominicam</strong></span> <span class='ocrx_word' id='word_1_27' title='bbox 1830 587 2054 628; x_wconf 76' lang='lat' dir='ltr'><strong>vocem:</strong></span> 
     </span>
    </p>
   </div>
   <div class='ocr_carea' id='block_1_7' title="bbox 495 657 2058 730">
    <p class='ocr_par' dir='ltr' id='par_1_7' title="bbox 495 657 2058 730">
     <span class='ocr_line' id='line_1_7' title="bbox 495 657 2058 730; baseline 0.003 -19"><span class='ocrx_word' id='word_1_28' title='bbox 495 657 610 713; x_wconf 82' lang='lat' dir='ltr'><strong>Hoc</strong></span> <span class='ocrx_word' id='word_1_29' title='bbox 635 660 795 728; x_wconf 82' lang='lat' dir='ltr'><strong>facite</strong></span> <span class='ocrx_word' id='word_1_30' title='bbox 826 660 882 712; x_wconf 85' lang='lat' dir='ltr'><strong>in</strong></span> <span class='ocrx_word' id='word_1_31' title='bbox 923 677 1091 714; x_wconf 88' lang='lat' dir='ltr'><strong>meam</strong></span> <span class='ocrx_word' id='word_1_32' title='bbox 1153 665 1736 730; x_wconf 78' lang='lat' dir='ltr'><strong>commemorationem;</strong></span> <span class='ocrx_word' id='word_1_33' title='bbox 1765 674 1817 721; x_wconf 89' lang='lat' dir='ltr'><strong>et</strong></span> <span class='ocrx_word' id='word_1_34' title='bbox 1874 664 2058 718; x_wconf 88' lang='lat' dir='ltr'><strong>divina</strong></span> 
     </span>
    </p>
   </div>
   <div class='ocr_carea' id='block_1_8' title="bbox 407 750 2060 825">
    <p class='ocr_par' dir='ltr' id='par_1_8' title="bbox 407 750 2060 825">
     <span class='ocr_line' id='line_1_8' title="bbox 407 750 2060 825; baseline 0.004 -25"><span class='ocrx_word' id='word_1_35' title='bbox 407 759 420 773; x_wconf 82' lang='lat'><strong><em>‘</em></strong></span> <span class='ocrx_word' id='word_1_36' title='bbox 491 750 689 804; x_wconf 78' lang='lat' dir='ltr'><strong>verba:</strong></span> <span class='ocrx_word' id='word_1_37' title='bbox 721 750 835 804; x_wconf 83' lang='lat' dir='ltr'><strong>Hoc</strong></span> <span class='ocrx_word' id='word_1_38' title='bbox 872 760 949 805; x_wconf 84' lang='lat' dir='ltr'><strong>est</strong></span> <span class='ocrx_word' id='word_1_39' title='bbox 984 769 1171 820; x_wconf 83' lang='lat' dir='ltr'><strong>corpus</strong></span> <span class='ocrx_word' id='word_1_40' title='bbox 1213 771 1420 820; x_wconf 86' lang='lat' dir='ltr'><strong>meum;</strong></span> <span class='ocrx_word' id='word_1_41' title='bbox 1457 765 1548 810; x_wconf 90' lang='lat' dir='ltr'><strong>et:</strong></span> <span class='ocrx_word' id='word_1_42' title='bbox 1591 756 1691 810; x_wconf 80' lang='lat' dir='ltr'><strong>Hic</strong></span> <span class='ocrx_word' id='word_1_43' title='bbox 1719 765 1794 812; x_wconf 78' lang='lat' dir='ltr'><strong>est</strong></span> <span class='ocrx_word' id='word_1_44' title='bbox 1847 757 2060 825; x_wconf 83' lang='lat' dir='ltr'><strong>sanguis</strong></span> 
     </span>
    </p>
   </div>
   <div class='ocr_carea' id='block_1_9' title="bbox 495 843 2058 915">
    <p class='ocr_par' dir='ltr' id='par_1_9' title="bbox 495 843 2058 915">
     <span class='ocr_line' id='line_1_9' title="bbox 495 843 2058 915; baseline 0.006 -24"><span class='ocrx_word' id='word_1_45' title='bbox 495 855 640 893; x_wconf 86' lang='lat' dir='ltr'><strong>meus</strong></span> <span class='ocrx_word' id='word_1_46' title='bbox 674 843 738 903; x_wconf 76' lang='grc' dir='ltr'>η,</span> <span class='ocrx_word' id='word_1_47' title='bbox 761 850 816 894; x_wconf 87' lang='lat' dir='ltr'><strong>et</strong></span> <span class='ocrx_word' id='word_1_48' title='bbox 845 844 1089 912; x_wconf 85' lang='lat' dir='ltr'><strong>reliquos</strong></span> <span class='ocrx_word' id='word_1_49' title='bbox 1120 845 1256 900; x_wconf 89' lang='lat' dir='ltr'><strong>ritus</strong></span> <span class='ocrx_word' id='word_1_50' title='bbox 1279 847 1369 915; x_wconf 89' lang='lat' dir='ltr'><strong>qui</strong></span> <span class='ocrx_word' id='word_1_51' title='bbox 1431 847 1817 912; x_wconf 84' lang='lat' dir='ltr'><strong>observantur.</strong></span> <span class='ocrx_word' id='word_1_52' title='bbox 1850 848 1897 903; x_wconf 90' lang='lat' dir='ltr'><strong>si</strong></span> <span class='ocrx_word' id='word_1_53' title='bbox 1949 862 2058 901; x_wconf 92' lang='lat' dir='ltr'><strong>non</strong></span> 
     </span>
    </p>
   </div>
   <div class='ocr_carea' id='block_1_10' title="bbox 492 929 2060 1004">
    <p class='ocr_par' dir='ltr' id='par_1_10' title="bbox 492 929 2060 1004">
     <span class='ocr_line' id='line_1_10' title="bbox 492 929 2060 1004; baseline 0.006 -22"><span class='ocrx_word' id='word_1_54' title='bbox 492 929 637 982; x_wconf 85' lang='lat' dir='ltr'><strong>adsit</strong></span> <span class='ocrx_word' id='word_1_55' title='bbox 661 931 901 998; x_wconf 75' lang='lat' dir='ltr'><strong>ejusdem</strong></span> <span class='ocrx_word' id='word_1_56' title='bbox 929 950 1144 1000; x_wconf 71' lang='lat' dir='ltr'><strong>massae,</strong></span> <span class='ocrx_word' id='word_1_57' title='bbox 1177 951 1271 990; x_wconf 91' lang='lat' dir='ltr'><strong>seu</strong></span> <span class='ocrx_word' id='word_1_58' title='bbox 1298 937 1541 1004; x_wconf 80' lang='lat' dir='ltr'><strong>ejusdem</strong></span> <span class='ocrx_word' id='word_1_59' title='bbox 1596 940 1842 994; x_wconf 79' lang='lat' dir='ltr'><strong>materiae</strong></span> <span class='ocrx_word' id='word_1_60' title='bbox 1880 938 2060 992; x_wconf 88' lang='lat' dir='ltr'><strong>modi-</strong></span> 
     </span>
    </p>
   </div>
   <div class='ocr_carea' id='block_1_11' title="bbox 492 1023 2060 1094">
    <p class='ocr_par' dir='ltr' id='par_1_11' title="bbox 492 1023 2060 1094">
     <span class='ocr_line' id='line_1_11' title="bbox 492 1023 2060 1094; baseline 0.007 -18"><span class='ocrx_word' id='word_1_61' title='bbox 492 1037 616 1076; x_wconf 85' lang='lat' dir='ltr'><strong>cum</strong></span> <span class='ocrx_word' id='word_1_62' title='bbox 649 1023 972 1093; x_wconf 79' lang='lat' dir='ltr'><strong>acidumque</strong></span> <span class='ocrx_word' id='word_1_63' title='bbox 1021 1025 1371 1082; x_wconf 81' lang='lat' dir='ltr'><strong>fermentum.</strong></span> <span class='ocrx_word' id='word_1_64' title='bbox 1412 1029 1567 1094; x_wconf 89' lang='lat' dir='ltr'><strong>Quod</strong></span> <span class='ocrx_word' id='word_1_65' title='bbox 1611 1046 1744 1086; x_wconf 87' lang='lat' dir='ltr'><strong>vero</strong></span> <span class='ocrx_word' id='word_1_66' title='bbox 1797 1031 2060 1089; x_wconf 85' lang='lat' dir='ltr'><strong>Dominus</strong></span> 
     </span>
    </p>
   </div>
   <div class='ocr_carea' id='block_1_12' title="bbox 493 1112 2058 1188">
    <p class='ocr_par' dir='ltr' id='par_1_12' title="bbox 493 1112 2058 1188">
     <span class='ocr_line' id='line_1_12' title="bbox 493 1112 2058 1188; baseline 0.008 -23"><span class='ocrx_word' id='word_1_67' title='bbox 493 1127 556 1166; x_wconf 92' lang='lat' dir='ltr'><strong>ac</strong></span> <span class='ocrx_word' id='word_1_68' title='bbox 586 1112 727 1166; x_wconf 85' lang='lat' dir='ltr'><strong>Deus</strong></span> <span class='ocrx_word' id='word_1_69' title='bbox 761 1127 944 1168; x_wconf 87' lang='lat' dir='ltr'><strong>noster</strong></span> <span class='ocrx_word' id='word_1_70' title='bbox 971 1117 1136 1186; x_wconf 84' lang='lat' dir='ltr'><strong>legale</strong></span> <span class='ocrx_word' id='word_1_71' title='bbox 1169 1117 1376 1172; x_wconf 85' lang='lat' dir='ltr'><strong>Pascha</strong></span> <span class='ocrx_word' id='word_1_72' title='bbox 1408 1121 1560 1188; x_wconf 89' lang='lat' dir='ltr'><strong>prius</strong></span> <span class='ocrx_word' id='word_1_73' title='bbox 1618 1122 1928 1188; x_wconf 84' lang='lat' dir='ltr'><strong>celebrarit,</strong></span> <span class='ocrx_word' id='word_1_74' title='bbox 1960 1122 2058 1177; x_wconf 86' lang='lat' dir='ltr'><strong>de-</strong></span> 
     </span>
    </p>
   </div>
   <div class='ocr_carea' id='block_1_13' title="bbox 495 1203 2060 1277">
    <p class='ocr_par' dir='ltr' id='par_1_13' title="bbox 495 1203 2060 1277">
     <span class='ocr_line' id='line_1_13' title="bbox 495 1203 2060 1277; baseline 0.007 -20"><span class='ocrx_word' id='word_1_75' title='bbox 495 1203 622 1258; x_wconf 87' lang='lat' dir='ltr'><strong>inde</strong></span> <span class='ocrx_word' id='word_1_76' title='bbox 651 1208 903 1274; x_wconf 83' lang='lat' dir='ltr'><strong>mysteria</strong></span> <span class='ocrx_word' id='word_1_77' title='bbox 933 1207 1217 1277; x_wconf 84' lang='lat' dir='ltr'><strong>discipulis</strong></span> <span class='ocrx_word' id='word_1_78' title='bbox 1268 1213 1569 1277; x_wconf 83' lang='lat' dir='ltr'><strong>tradiderit,</strong></span> <span class='ocrx_word' id='word_1_79' title='bbox 1626 1215 1755 1268; x_wconf 89' lang='lat' dir='ltr'><strong>audi</strong></span> <span class='ocrx_word' id='word_1_80' title='bbox 1810 1223 2060 1269; x_wconf 82' lang='lat' dir='ltr'><strong>sanctum</strong></span> 
     </span>
    </p>
   </div>
   <div class='ocr_carea' id='block_1_14' title="bbox 494 1293 2060 1374">
    <p class='ocr_par' dir='ltr' id='par_1_14' title="bbox 494 1293 2060 1374">
     <span class='ocr_line' id='line_1_14' title="bbox 494 1293 2060 1374; baseline 0.007 -27"><span class='ocrx_word' id='word_1_81' title='bbox 494 1293 710 1349; x_wconf 84' lang='lat' dir='ltr'><strong>Patrem</strong></span> <span class='ocrx_word' id='word_1_82' title='bbox 745 1297 1198 1368; x_wconf 84' lang='lat' dir='ltr'><strong>Cbrysostomum</strong></span> <span class='ocrx_word' id='word_1_83' title='bbox 1261 1301 1480 1356; x_wconf 87' lang='lat' dir='ltr'><strong>homilia</strong></span> <span class='ocrx_word' id='word_1_84' title='bbox 1503 1304 1836 1374; x_wconf 86' lang='lat' dir='ltr'><strong>octogesima</strong></span> <span class='ocrx_word' id='word_1_85' title='bbox 1889 1305 2060 1374; x_wconf 91' lang='lat' dir='ltr'><strong>prima</strong></span> 
     </span>
    </p>
   </div>
   <div class='ocr_carea' id='block_1_15' title="bbox 495 1387 2063 1459">
    <p class='ocr_par' dir='ltr' id='par_1_15' title="bbox 495 1387 2063 1459">
     <span class='ocr_line' id='line_1_15' title="bbox 495 1387 2063 1459; baseline 0.006 -19"><span class='ocrx_word' id='word_1_86' title='bbox 495 1387 573 1440; x_wconf 89' lang='lat' dir='ltr'><strong>sic</strong></span> <span class='ocrx_word' id='word_1_87' title='bbox 598 1388 864 1442; x_wconf 86' lang='lat' dir='ltr'><strong>dicentem</strong></span> <span class='ocrx_word' id='word_1_88' title='bbox 897 1408 910 1443; x_wconf 89' lang='lat'><strong>:</strong></span> <span class='ocrx_word' id='word_1_89' title='bbox 943 1390 1049 1444; x_wconf 88' lang='lat' dir='ltr'><strong>Sed</strong></span> <span class='ocrx_word' id='word_1_90' title='bbox 1075 1407 1236 1459; x_wconf 85' lang='lat' dir='ltr'><strong>quam</strong></span> <span class='ocrx_word' id='word_1_91' title='bbox 1281 1393 1351 1445; x_wconf 91' lang='lat' dir='ltr'><strong>ob</strong></span> <span class='ocrx_word' id='word_1_92' title='bbox 1382 1408 1604 1448; x_wconf 82' lang='lat' dir='ltr'><strong>causam</strong></span> <span class='ocrx_word' id='word_1_93' title='bbox 1659 1393 1866 1449; x_wconf 81' lang='lat' dir='ltr'><strong>Pascha</strong></span> <span class='ocrx_word' id='word_1_94' title='bbox 1921 1395 2063 1449; x_wconf 87' lang='lat' dir='ltr'><strong>cele-</strong></span> 
     </span>
    </p>
   </div>
   <div class='ocr_carea' id='block_1_16' title="bbox 492 1478 2059 1552">
    <p class='ocr_par' dir='ltr' id='par_1_16' title="bbox 492 1478 2059 1552">
     <span class='ocr_line' id='line_1_16' title="bbox 492 1478 2059 1552; baseline 0.006 -24"><span class='ocrx_word' id='word_1_95' title='bbox 492 1479 723 1532; x_wconf 81' lang='lat' dir='ltr'><strong>brabat?</strong></span> <span class='ocrx_word' id='word_1_96' title='bbox 757 1478 1066 1534; x_wconf 88' lang='lat' dir='ltr'><strong>Ostendens</strong></span> <span class='ocrx_word' id='word_1_97' title='bbox 1112 1497 1206 1548; x_wconf 91' lang='lat' dir='ltr'><strong>per</strong></span> <span class='ocrx_word' id='word_1_98' title='bbox 1232 1482 1414 1536; x_wconf 87' lang='lat' dir='ltr'><strong>omnia</strong></span> <span class='ocrx_word' id='word_1_99' title='bbox 1474 1499 1648 1552; x_wconf 82' lang='lat' dir='ltr'><strong>usque</strong></span> <span class='ocrx_word' id='word_1_100' title='bbox 1683 1485 1748 1536; x_wconf 91' lang='lat' dir='ltr'><strong>ad</strong></span> <span class='ocrx_word' id='word_1_101' title='bbox 1807 1485 2059 1538; x_wconf 88' lang='lat' dir='ltr'><strong>ultimum</strong></span> 
     </span>
    </p>
   </div>
   <div class='ocr_carea' id='block_1_17' title="bbox 491 1569 2062 1644">
    <p class='ocr_par' dir='ltr' id='par_1_17' title="bbox 491 1569 2062 1644">
     <span class='ocr_line' id='line_1_17' title="bbox 491 1569 2062 1644; baseline 0.004 -21"><span class='ocrx_word' id='word_1_102' title='bbox 491 1569 660 1633; x_wconf 84' lang='lat' dir='ltr'><strong>diem,</strong></span> <span class='ocrx_word' id='word_1_103' title='bbox 693 1584 750 1623; x_wconf 84' lang='lat' dir='ltr'><strong>se</strong></span> <span class='ocrx_word' id='word_1_104' title='bbox 783 1585 887 1624; x_wconf 93' lang='lat' dir='ltr'><strong>non</strong></span> <span class='ocrx_word' id='word_1_105' title='bbox 911 1581 1061 1625; x_wconf 85' lang='lat' dir='ltr'><strong>‘esse</strong></span> <span class='ocrx_word' id='word_1_106' title='bbox 1089 1572 1193 1642; x_wconf 85' lang='lat' dir='ltr'><strong>legi</strong></span> <span class='ocrx_word' id='word_1_107' title='bbox 1229 1573 1584 1626; x_wconf 82' lang='lat' dir='ltr'><strong>contrarium.</strong></span> <span class='ocrx_word' id='word_1_108' title='bbox 1647 1573 1879 1630; x_wconf 84' lang='lat' dir='ltr'><strong>Attende</strong></span> <span class='ocrx_word' id='word_1_109' title='bbox 1931 1575 2062 1644; x_wconf 90' lang='lat' dir='ltr'><strong>quid</strong></span> 
     </span>
    </p>
   </div>
   <div class='ocr_carea' id='block_1_18' title="bbox 490 1661 2057 1732">
    <p class='ocr_par' dir='ltr' id='par_1_18' title="bbox 490 1661 2057 1732">
     <span class='ocr_line' id='line_1_18' title="bbox 490 1661 2057 1732; baseline 0.007 -19"><span class='ocrx_word' id='word_1_110' title='bbox 490 1661 673 1714; x_wconf 84' lang='lat' dir='ltr'><strong>dicat:</strong></span> <span class='ocrx_word' id='word_1_111' title='bbox 705 1661 780 1715; x_wconf 84' lang='lat' dir='ltr'><strong>Ne</strong></span> <span class='ocrx_word' id='word_1_112' title='bbox 814 1663 915 1732; x_wconf 83' lang='lat' dir='ltr'><strong>legi</strong></span> <span class='ocrx_word' id='word_1_113' title='bbox 953 1672 1097 1722; x_wconf 85' lang='lat' dir='ltr'><strong>esset</strong></span> <span class='ocrx_word' id='word_1_114' title='bbox 1129 1666 1456 1730; x_wconf 86' lang='lat' dir='ltr'><strong>contrarius,</strong></span> <span class='ocrx_word' id='word_1_115' title='bbox 1487 1663 1694 1721; x_wconf 78' lang='lat' dir='ltr'><strong>Pascha</strong></span> <span class='ocrx_word' id='word_1_116' title='bbox 1725 1667 2057 1724; x_wconf 84' lang='lat' dir='ltr'><strong>celebrabat.</strong></span> 
     </span>
    </p>
   </div>
   <div class='ocr_carea' id='block_1_19' title="bbox 491 1752 2057 1825">
    <p class='ocr_par' dir='ltr' id='par_1_19' title="bbox 491 1752 2057 1825">
     <span class='ocr_line' id='line_1_19' title="bbox 491 1752 2057 1825; baseline 0.004 -19"><span class='ocrx_word' id='word_1_117' title='bbox 491 1752 628 1806; x_wconf 87' lang='lat' dir='ltr'><strong>Num</strong></span> <span class='ocrx_word' id='word_1_118' title='bbox 653 1768 780 1820; x_wconf 81' lang='lat' dir='ltr'><strong>ergo</strong></span> <span class='ocrx_word' id='word_1_119' title='bbox 800 1753 1049 1823; x_wconf 80' lang='lat' dir='ltr'><strong>perfregit</strong></span> <span class='ocrx_word' id='word_1_120' title='bbox 1078 1754 1266 1825; x_wconf 88' lang='lat' dir='ltr'><strong>legem,</strong></span> <span class='ocrx_word' id='word_1_121' title='bbox 1317 1770 1602 1811; x_wconf 84' lang='lat' dir='ltr'><strong>asservans</strong></span> <span class='ocrx_word' id='word_1_122' title='bbox 1679 1756 2057 1812; x_wconf 86' lang='lat' dir='ltr'><strong>fermentatum</strong></span> 
     </span>
    </p>
   </div>
   <div class='ocr_carea' id='block_1_20' title="bbox 492 1844 2059 1915">
    <p class='ocr_par' dir='ltr' id='par_1_20' title="bbox 492 1844 2059 1915">
     <span class='ocr_line' id='line_1_20' title="bbox 492 1844 2059 1915; baseline 0.004 -19"><span class='ocrx_word' id='word_1_123' title='bbox 492 1845 726 1914; x_wconf 77' lang='lat' dir='ltr'><strong>panem?</strong></span> <span class='ocrx_word' id='word_1_124' title='bbox 749 1844 901 1912; x_wconf 80' lang='lat' dir='ltr'><strong>Quod</strong></span> <span class='ocrx_word' id='word_1_125' title='bbox 925 1859 1056 1899; x_wconf 88' lang='lat' dir='ltr'><strong>vero</strong></span> <span class='ocrx_word' id='word_1_126' title='bbox 1085 1848 1245 1901; x_wconf 88' lang='lat' dir='ltr'><strong>etiam</strong></span> <span class='ocrx_word' id='word_1_127' title='bbox 1272 1862 1365 1915; x_wconf 89' lang='lat' dir='ltr'><strong>per</strong></span> <span class='ocrx_word' id='word_1_128' title='bbox 1395 1858 1602 1914; x_wconf 82' lang='lat' dir='ltr'><strong>septem</strong></span> <span class='ocrx_word' id='word_1_129' title='bbox 1628 1848 1744 1902; x_wconf 88' lang='lat' dir='ltr'><strong>dies</strong></span> <span class='ocrx_word' id='word_1_130' title='bbox 1781 1850 1873 1902; x_wconf 89' lang='lat' dir='ltr'><strong>illo</strong></span> <span class='ocrx_word' id='word_1_131' title='bbox 1924 1858 2059 1903; x_wconf 89' lang='lat' dir='ltr'><strong>tem-</strong></span> 
     </span>
    </p>
   </div>
   <div class='ocr_carea' id='block_1_21' title="bbox 491 1934 2062 2004">
    <p class='ocr_par' dir='ltr' id='par_1_21' title="bbox 491 1934 2062 2004">
     <span class='ocr_line' id='line_1_21' title="bbox 491 1934 2062 2004; baseline 0.005 -16"><span class='ocrx_word' id='word_1_132' title='bbox 491 1951 621 2004; x_wconf 91' lang='lat' dir='ltr'><strong>pore</strong></span> <span class='ocrx_word' id='word_1_133' title='bbox 645 1934 966 1991; x_wconf 84' lang='lat' dir='ltr'><strong>fermentum</strong></span> <span class='ocrx_word' id='word_1_134' title='bbox 995 1953 1101 1992; x_wconf 91' lang='lat' dir='ltr'><strong>non</strong></span> <span class='ocrx_word' id='word_1_135' title='bbox 1127 1945 1391 2002; x_wconf 75' lang='lat' dir='ltr'><strong>exstaret,</strong></span> <span class='ocrx_word' id='word_1_136' title='bbox 1423 1939 1574 1994; x_wconf 86' lang='lat' dir='ltr'><strong>testis</strong></span> <span class='ocrx_word' id='word_1_137' title='bbox 1595 1940 1700 1995; x_wconf 92' lang='lat' dir='ltr'><strong>erit</strong></span> <span class='ocrx_word' id='word_1_138' title='bbox 1733 1940 1874 1995; x_wconf 90' lang='lat' dir='ltr'><strong>idem</strong></span> <span class='ocrx_word' id='word_1_139' title='bbox 1902 1957 2062 1996; x_wconf 84' lang='lat' dir='ltr'><strong>sacer</strong></span> 
     </span>
    </p>
   </div>
   <div class='ocr_carea' id='block_1_22' title="bbox 492 2030 2056 2102">
    <p class='ocr_par' dir='ltr' id='par_1_22' title="bbox 492 2030 2056 2102">
     <span class='ocr_line' id='line_1_22' title="bbox 492 2030 2056 2102; baseline 0.003 -19"><span class='ocrx_word' id='word_1_140' title='bbox 492 2030 922 2100; x_wconf 82' lang='lat' dir='ltr'><strong>Chrysostomus</strong></span> <span class='ocrx_word' id='word_1_141' title='bbox 946 2030 1000 2085; x_wconf 88' lang='lat' dir='ltr'><strong>in</strong></span> <span class='ocrx_word' id='word_1_142' title='bbox 1030 2031 1267 2101; x_wconf 86' lang='lat' dir='ltr'><strong>priorem</strong></span> <span class='ocrx_word' id='word_1_143' title='bbox 1296 2032 1363 2085; x_wconf 90' lang='lat' dir='ltr'><strong>ad</strong></span> <span class='ocrx_word' id='word_1_144' title='bbox 1391 2031 1707 2088; x_wconf 86' lang='lat' dir='ltr'><strong>Corinthios</strong></span> <span class='ocrx_word' id='word_1_145' title='bbox 1730 2034 2056 2102; x_wconf 84' lang='lat' dir='ltr'><strong>Epistolatn:</strong></span> 
     </span>
    </p>
   </div>
   <div class='ocr_carea' id='block_1_23' title="bbox 497 2121 2061 2195">
    <p class='ocr_par' dir='ltr' id='par_1_23' title="bbox 497 2121 2061 2195">
     <span class='ocr_line' id='line_1_23' title="bbox 497 2121 2061 2195; baseline 0.004 -21"><span class='ocrx_word' id='word_1_146' title='bbox 497 2121 772 2188; x_wconf 84' lang='lat' dir='ltr'><strong>Dicamus,</strong></span> <span class='ocrx_word' id='word_1_147' title='bbox 808 2122 1004 2192; x_wconf 85' lang='lat' dir='ltr'><strong>inquit,</strong></span> <span class='ocrx_word' id='word_1_148' title='bbox 1031 2125 1203 2193; x_wconf 91' lang='lat' dir='ltr'><strong>prius,</strong></span> <span class='ocrx_word' id='word_1_149' title='bbox 1235 2139 1334 2178; x_wconf 90' lang='lat' dir='ltr'><strong>cur</strong></span> <span class='ocrx_word' id='word_1_150' title='bbox 1355 2123 1424 2178; x_wconf 91' lang='lat' dir='ltr'><strong>de</strong></span> <span class='ocrx_word' id='word_1_151' title='bbox 1444 2124 1656 2179; x_wconf 89' lang='lat' dir='ltr'><strong>cunctis</strong></span> <span class='ocrx_word' id='word_1_152' title='bbox 1679 2124 1877 2182; x_wconf 85' lang='lat' dir='ltr'><strong>finibus</strong></span> <span class='ocrx_word' id='word_1_153' title='bbox 1895 2126 2061 2195; x_wconf 86' lang='lat' dir='ltr'><strong>pella-</strong></span> 
     </span>
    </p>
   </div>
   <div class='ocr_carea' id='block_1_24' title="bbox 499 2213 2060 2290">
    <p class='ocr_par' dir='ltr' id='par_1_24' title="bbox 499 2213 2060 2290">
     <span class='ocr_line' id='line_1_24' title="bbox 499 2213 2060 2290; baseline 0.006 -24"><span class='ocrx_word' id='word_1_154' title='bbox 499 2225 587 2268; x_wconf 92' lang='lat' dir='ltr'><strong>tur</strong></span> <span class='ocrx_word' id='word_1_155' title='bbox 611 2213 974 2283; x_wconf 90' lang='lat' dir='ltr'><strong>fermentum;</strong></span> <span class='ocrx_word' id='word_1_156' title='bbox 1002 2218 1132 2286; x_wconf 90' lang='lat' dir='ltr'><strong>quid</strong></span> <span class='ocrx_word' id='word_1_157' title='bbox 1161 2233 1292 2288; x_wconf 85' lang='lat' dir='ltr'><strong>ergo</strong></span> <span class='ocrx_word' id='word_1_158' title='bbox 1323 2219 1427 2273; x_wconf 85' lang='lat' dir='ltr'><strong>sibi</strong></span> <span class='ocrx_word' id='word_1_159' title='bbox 1460 2220 1576 2273; x_wconf 82' lang='lat' dir='ltr'><strong>vult</strong></span> <span class='ocrx_word' id='word_1_160' title='bbox 1629 2221 1732 2274; x_wconf 89' lang='lat' dir='ltr'><strong>hoc</strong></span> <span class='ocrx_word' id='word_1_161' title='bbox 1787 2221 2060 2290; x_wconf 79' lang='lat' dir='ltr'><strong>amigma?</strong></span> 
     </span>
    </p>
   </div>
   <div class='ocr_carea' id='block_1_25' title="bbox 491 2303 2059 2378">
    <p class='ocr_par' dir='ltr' id='par_1_25' title="bbox 491 2303 2059 2378">
     <span class='ocr_line' id='line_1_25' title="bbox 491 2303 2059 2378; baseline 0.004 -19"><span class='ocrx_word' id='word_1_162' title='bbox 491 2303 650 2359; x_wconf 90' lang='lat' dir='ltr'><strong>Omni</strong></span> <span class='ocrx_word' id='word_1_163' title='bbox 684 2307 926 2375; x_wconf 84' lang='lat' dir='ltr'><strong>nequitia</strong></span> <span class='ocrx_word' id='word_1_164' title='bbox 954 2307 1184 2363; x_wconf 89' lang='lat' dir='ltr'><strong>liberum</strong></span> <span class='ocrx_word' id='word_1_165' title='bbox 1226 2317 1439 2378; x_wconf 82' lang='lat' dir='ltr'><strong>oportet</strong></span> <span class='ocrx_word' id='word_1_166' title='bbox 1465 2323 1588 2364; x_wconf 89' lang='lat' dir='ltr'><strong>esse</strong></span> <span class='ocrx_word' id='word_1_167' title='bbox 1621 2309 1854 2365; x_wconf 81' lang='lat' dir='ltr'><strong>fidelem.</strong></span> <span class='ocrx_word' id='word_1_168' title='bbox 1906 2312 2059 2366; x_wconf 90' lang='lat' dir='ltr'><strong>Sicut</strong></span> 
     </span>
    </p>
   </div>
   <div class='ocr_carea' id='block_1_26' title="bbox 493 2396 2060 2473">
    <p class='ocr_par' dir='ltr' id='par_1_26' title="bbox 493 2396 2060 2473">
     <span class='ocr_line' id='line_1_26' title="bbox 493 2396 2060 2473; baseline 0.002 -25"><span class='ocrx_word' id='word_1_169' title='bbox 493 2397 638 2449; x_wconf 90' lang='lat' dir='ltr'><strong>enim</strong></span> <span class='ocrx_word' id='word_1_170' title='bbox 665 2396 740 2449; x_wconf 87' lang='lat' dir='ltr'><strong>ibi</strong></span> <span class='ocrx_word' id='word_1_171' title='bbox 801 2397 1011 2466; x_wconf 82' lang='lat' dir='ltr'><strong>peribat</strong></span> <span class='ocrx_word' id='word_1_172' title='bbox 1057 2399 1124 2462; x_wconf 85' lang='lat' dir='ltr'><strong>is,</strong></span> <span class='ocrx_word' id='word_1_173' title='bbox 1159 2399 1300 2473; x_wconf 74' lang='lat' dir='ltr'><strong>apud</strong></span> <span class='ocrx_word' id='word_1_174' title='bbox 1362 2413 1524 2465; x_wconf 92' lang='lat' dir='ltr'><strong>quem</strong></span> <span class='ocrx_word' id='word_1_175' title='bbox 1581 2408 1856 2468; x_wconf 89' lang='lat' dir='ltr'><strong>repertum</strong></span> <span class='ocrx_word' id='word_1_176' title='bbox 1914 2412 2060 2457; x_wconf 85' lang='lat' dir='ltr'><strong>esset</strong></span> 
     </span>
    </p>
   </div>
   <div class='ocr_carea' id='block_1_27' title="bbox 491 2486 2062 2562">
    <p class='ocr_par' dir='ltr' id='par_1_27' title="bbox 491 2486 2062 2562">
     <span class='ocr_line' id='line_1_27' title="bbox 491 2486 2062 2562; baseline 0.004 -19"><span class='ocrx_word' id='word_1_177' title='bbox 491 2495 647 2543; x_wconf 90' lang='lat' dir='ltr'><strong>vetus</strong></span> <span class='ocrx_word' id='word_1_178' title='bbox 692 2486 1039 2554; x_wconf 82' lang='lat' dir='ltr'><strong>fermentum,</strong></span> <span class='ocrx_word' id='word_1_179' title='bbox 1068 2489 1376 2546; x_wconf 84' lang='lat' dir='ltr'><strong>itaenobis</strong></span> <span class='ocrx_word' id='word_1_180' title='bbox 1421 2491 1535 2557; x_wconf 89' lang='lat' dir='ltr'><strong>ille,</strong></span> <span class='ocrx_word' id='word_1_181' title='bbox 1577 2492 1717 2562; x_wconf 90' lang='lat' dir='ltr'><strong>apud</strong></span> <span class='ocrx_word' id='word_1_182' title='bbox 1745 2507 1906 2562; x_wconf 89' lang='lat' dir='ltr'><strong>quem</strong></span> <span class='ocrx_word' id='word_1_183' title='bbox 1956 2494 2062 2549; x_wconf 89' lang='lat' dir='ltr'><strong>erit</strong></span> 
     </span>
    </p>
   </div>
   <div class='ocr_carea' id='block_1_28' title="bbox 493 2579 2058 2654">
    <p class='ocr_par' dir='ltr' id='par_1_28' title="bbox 493 2579 2058 2654">
     <span class='ocr_line' id='line_1_28' title="bbox 493 2579 2058 2654; baseline 0.006 -23"><span class='ocrx_word' id='word_1_184' title='bbox 493 2579 758 2648; x_wconf 83' lang='lat' dir='ltr'><strong>nequitia.</strong></span> <span class='ocrx_word' id='word_1_185' title='bbox 785 2579 971 2650; x_wconf 86' lang='lat' dir='ltr'><strong>Neque</strong></span> <span class='ocrx_word' id='word_1_186' title='bbox 994 2582 1139 2636; x_wconf 90' lang='lat' dir='ltr'><strong>enim</strong></span> <span class='ocrx_word' id='word_1_187' title='bbox 1185 2583 1285 2637; x_wconf 86' lang='lat' dir='ltr'><strong>sub</strong></span> <span class='ocrx_word' id='word_1_188' title='bbox 1316 2584 1451 2653; x_wconf 84' lang='lat' dir='ltr'><strong>legis</strong></span> <span class='ocrx_word' id='word_1_189' title='bbox 1485 2587 1696 2646; x_wconf 86' lang='lat' dir='ltr'><strong>umbra.</strong></span> <span class='ocrx_word' id='word_1_190' title='bbox 1728 2601 1900 2654; x_wconf 72' lang='lat' dir='ltr'><strong>ptente</strong></span> <span class='ocrx_word' id='word_1_191' title='bbox 1931 2601 2058 2654; x_wconf 84' lang='lat' dir='ltr'><strong>gra-</strong></span> 
     </span>
    </p>
   </div>
   <div class='ocr_carea' id='block_1_29' title="bbox 492 2674 2059 2745">
    <p class='ocr_par' dir='ltr' id='par_1_29' title="bbox 492 2674 2059 2745">
     <span class='ocr_line' id='line_1_29' title="bbox 492 2674 2059 2745; baseline 0.003 -20"><span class='ocrx_word' id='word_1_192' title='bbox 492 2688 586 2726; x_wconf 82' lang='lat' dir='ltr'><strong>ves</strong></span> <span class='ocrx_word' id='word_1_193' title='bbox 619 2674 954 2736; x_wconf 58' lang='lat' dir='ltr'><strong>constituta,</strong></span> <span class='ocrx_word' id='word_1_194' title='bbox 981 2674 1139 2728; x_wconf 91' lang='lat' dir='ltr'><strong>nobis</strong></span> <span class='ocrx_word' id='word_1_195' title='bbox 1170 2683 1350 2728; x_wconf 88' lang='lat' dir='ltr'><strong>autem</strong></span> <span class='ocrx_word' id='word_1_196' title='bbox 1392 2675 1537 2729; x_wconf 86' lang='lat' dir='ltr'><strong>haud</strong></span> <span class='ocrx_word' id='word_1_197' title='bbox 1563 2675 1733 2729; x_wconf 88' lang='lat' dir='ltr'><strong>multo</strong></span> <span class='ocrx_word' id='word_1_198' title='bbox 1759 2676 2059 2745; x_wconf 81' lang='lat' dir='ltr'><strong>graviores.</strong></span> 
     </span>
    </p>
   </div>
   <div class='ocr_carea' id='block_1_30' title="bbox 493 2765 2062 2835">
    <p class='ocr_par' dir='ltr' id='par_1_30' title="bbox 493 2765 2062 2835">
     <span class='ocr_line' id='line_1_30' title="bbox 493 2765 2062 2835; baseline -0.001 -15"><span class='ocrx_word' id='word_1_199' title='bbox 493 2765 547 2820; x_wconf 88' lang='lat' dir='ltr'><strong>Si</strong></span> <span class='ocrx_word' id='word_1_200' title='bbox 581 2767 724 2820; x_wconf 89' lang='lat' dir='ltr'><strong>enim</strong></span> <span class='ocrx_word' id='word_1_201' title='bbox 751 2767 942 2820; x_wconf 89' lang='lat' dir='ltr'><strong>domos</strong></span> <span class='ocrx_word' id='word_1_202' title='bbox 980 2767 1051 2819; x_wconf 88' lang='lat' dir='ltr'><strong>ita</strong></span> <span class='ocrx_word' id='word_1_203' title='bbox 1084 2773 1401 2835; x_wconf 84' lang='lat' dir='ltr'><strong>repurgant,</strong></span> <span class='ocrx_word' id='word_1_204' title='bbox 1436 2775 1495 2820; x_wconf 90' lang='lat' dir='ltr'><strong>ut</strong></span> <span class='ocrx_word' id='word_1_205' title='bbox 1545 2766 1781 2819; x_wconf 85' lang='lat' dir='ltr'><strong>murium</strong></span> <span class='ocrx_word' id='word_1_206' title='bbox 1843 2779 2062 2834; x_wconf 86' lang='lat' dir='ltr'><strong>quoque</strong></span> 
     </span>
    </p>
   </div>
   <div class='ocr_carea' id='block_1_31' title="bbox 493 2856 2057 2926">
    <p class='ocr_par' dir='ltr' id='par_1_31' title="bbox 493 2856 2057 2926">
     <span class='ocr_line' id='line_1_31' title="bbox 493 2856 2057 2926; baseline 0.001 -17"><span class='ocrx_word' id='word_1_207' title='bbox 493 2871 758 2910; x_wconf 80' lang='lat' dir='ltr'><strong>cavernas</strong></span> <span class='ocrx_word' id='word_1_208' title='bbox 780 2857 1073 2918; x_wconf 87' lang='lat' dir='ltr'><strong>rimentur,</strong></span> <span class='ocrx_word' id='word_1_209' title='bbox 1102 2856 1272 2909; x_wconf 88' lang='lat' dir='ltr'><strong>multo</strong></span> <span class='ocrx_word' id='word_1_210' title='bbox 1303 2857 1474 2926; x_wconf 82' lang='lat' dir='ltr'><strong>magis</strong></span> <span class='ocrx_word' id='word_1_211' title='bbox 1497 2856 1654 2911; x_wconf 84' lang='lat' dir='ltr'><strong>decet</strong></span> <span class='ocrx_word' id='word_1_212' title='bbox 1678 2870 1778 2912; x_wconf 73' lang='lat' dir='ltr'><strong>nos</strong></span> <span class='ocrx_word' id='word_1_213' title='bbox 1804 2871 2057 2925; x_wconf 84' lang='lat' dir='ltr'><strong>perscru-</strong></span> 
     </span>
    </p>
   </div>
   <div class='ocr_carea' id='block_1_32' title="bbox 495 2945 2058 3015">
    <p class='ocr_par' dir='ltr' id='par_1_32' title="bbox 495 2945 2058 3015">
     <span class='ocr_line' id='line_1_32' title="bbox 495 2945 2058 3015; baseline -0.001 -13"><span class='ocrx_word' id='word_1_214' title='bbox 495 2949 598 3002; x_wconf 87' lang='lat' dir='ltr'><strong>tari</strong></span> <span class='ocrx_word' id='word_1_215' title='bbox 625 2955 833 3002; x_wconf 87' lang='lat' dir='ltr'><strong>secreta</strong></span> <span class='ocrx_word' id='word_1_216' title='bbox 862 2947 1052 3001; x_wconf 87' lang='lat' dir='ltr'><strong>animi.</strong></span> <span class='ocrx_word' id='word_1_217' title='bbox 1109 2945 1244 3000; x_wconf 91' lang='lat' dir='ltr'><strong>Cum</strong></span> <span class='ocrx_word' id='word_1_218' title='bbox 1296 2946 1463 3014; x_wconf 87' lang='lat' dir='ltr'><strong>igitur</strong></span> <span class='ocrx_word' id='word_1_219' title='bbox 1514 2961 1778 3002; x_wconf 84' lang='lat' dir='ltr'><strong>cavernas</strong></span> <span class='ocrx_word' id='word_1_220' title='bbox 1821 2947 2058 3015; x_wconf 76' lang='lat' dir='ltr'><strong>tnuriutn</strong></span> 
     </span>
    </p>
   </div>
   <div class='ocr_carea' id='block_1_33' title="bbox 493 3036 2057 3103">
    <p class='ocr_par' dir='ltr' id='par_1_33' title="bbox 493 3036 2057 3103">
     <span class='ocr_line' id='line_1_33' title="bbox 493 3036 2057 3103; baseline -0.003 -8"><span class='ocrx_word' id='word_1_221' title='bbox 493 3044 849 3103; x_wconf 87' lang='lat' dir='ltr'><strong>rimarentur,</strong></span> <span class='ocrx_word' id='word_1_222' title='bbox 900 3047 955 3092; x_wconf 89' lang='lat' dir='ltr'><strong>et</strong></span> <span class='ocrx_word' id='word_1_223' title='bbox 1015 3047 1240 3094; x_wconf 85' lang='lat' dir='ltr'><strong>sanctus</strong></span> <span class='ocrx_word' id='word_1_224' title='bbox 1296 3037 1456 3091; x_wconf 86' lang='lat' dir='ltr'><strong>Pater</strong></span> <span class='ocrx_word' id='word_1_225' title='bbox 1507 3036 1736 3092; x_wconf 79' lang='lat' dir='ltr'><strong>affirmet</strong></span> <span class='ocrx_word' id='word_1_226' title='bbox 1780 3038 2057 3093; x_wconf 86' lang='lat' dir='ltr'><strong>Christum</strong></span> 
     </span>
    </p>
   </div>
   <div class='ocr_carea' id='block_1_34' title="bbox 2163 573 3728 650">
    <p class='ocr_par' dir='ltr' id='par_1_34' title="bbox 2163 573 3728 650">
     <span class='ocr_line' id='line_1_34' title="bbox 2163 573 3728 650; baseline 0.006 -25"><span class='ocrx_word' id='word_1_227' title='bbox 2163 573 2318 642; x_wconf 83' lang='grc' dir='ltr'>σύνη,</span> <span class='ocrx_word' id='word_1_228' title='bbox 2346 575 2440 626; x_wconf 77' lang='grc' dir='ltr'><strong>καὶ</strong></span> <span class='ocrx_word' id='word_1_229' title='bbox 2469 576 2530 626; x_wconf 80' lang='grc' dir='ltr'>τὸ</span> <span class='ocrx_word' id='word_1_230' title='bbox 2553 576 2960 644; x_wconf 81' lang='grc' dir='ltr'><strong>θυσιαστήριον,</strong></span> <span class='ocrx_word' id='word_1_231' title='bbox 2995 577 3087 628; x_wconf 74' lang='grc' dir='ltr'><strong>καὶ</strong></span> <span class='ocrx_word' id='word_1_232' title='bbox 3116 578 3149 647; x_wconf 80' lang='grc' dir='ltr'><strong>ἡ</strong></span> <span class='ocrx_word' id='word_1_233' title='bbox 3177 579 3328 646; x_wconf 81' lang='grc' dir='ltr'>φωνὴ</span> <span class='ocrx_word' id='word_1_234' title='bbox 3359 578 3427 646; x_wconf 73' lang='grc' dir='ltr'>ἢν</span> <span class='ocrx_word' id='word_1_235' title='bbox 3447 581 3728 650; x_wconf 80' lang='grc' dir='ltr'><strong>προήκατο</strong></span> 
     </span>
    </p>
   </div>
   <div class='ocr_carea' id='block_1_35' title="bbox 2161 663 3726 739">
    <p class='ocr_par' dir='ltr' id='par_1_35' title="bbox 2161 663 3726 739">
     <span class='ocr_line' id='line_1_35' title="bbox 2161 663 3726 739; baseline 0.004 -23"><span class='ocrx_word' id='word_1_236' title='bbox 2161 666 2189 717; x_wconf 93' lang='lat'><strong>6</strong></span> <span class='ocrx_word' id='word_1_237' title='bbox 2217 663 2441 733; x_wconf 82' lang='grc' dir='ltr'>Κύριος,</span> <span class='ocrx_word' id='word_1_238' title='bbox 2479 665 2663 720; x_wconf 87' lang='grc' dir='ltr'>Τοῦτο</span> <span class='ocrx_word' id='word_1_239' title='bbox 2691 667 2910 721; x_wconf 77' lang='grc' dir='ltr'><strong>ποιεῖτε</strong></span> <span class='ocrx_word' id='word_1_240' title='bbox 2932 669 3017 733; x_wconf 79' lang='grc' dir='ltr'>εὶς</span> <span class='ocrx_word' id='word_1_241' title='bbox 3047 669 3163 737; x_wconf 78' lang='grc' dir='ltr'>τὴν</span> <span class='ocrx_word' id='word_1_242' title='bbox 3181 669 3337 736; x_wconf 82' lang='grc' dir='ltr'>ἐμὴν</span> <span class='ocrx_word' id='word_1_243' title='bbox 3359 668 3726 739; x_wconf 81' lang='grc' dir='ltr'>ἀνάμνησιν,</span> 
     </span>
    </p>
   </div>
   <div class='ocr_carea' id='block_1_36' title="bbox 2160 760 3728 835">
    <p class='ocr_par' dir='ltr' id='par_1_36' title="bbox 2160 760 3728 835">
     <span class='ocr_line' id='line_1_36' title="bbox 2160 760 3728 835; baseline 0.008 -25"><span class='ocrx_word' id='word_1_244' title='bbox 2160 760 2251 811; x_wconf 73' lang='grc' dir='ltr'>καὶ</span> <span class='ocrx_word' id='word_1_245' title='bbox 2281 760 2346 812; x_wconf 84' lang='grc' dir='ltr'>τὰ</span> <span class='ocrx_word' id='word_1_246' title='bbox 2398 760 2515 814; x_wconf 86' lang='grc' dir='ltr'>θεῖα</span> <span class='ocrx_word' id='word_1_247' title='bbox 2569 763 2809 831; x_wconf 79' lang='grc' dir='ltr'>ῥήματα,</span> <span class='ocrx_word' id='word_1_248' title='bbox 2847 764 3032 817; x_wconf 85' lang='grc' dir='ltr'>Τοῦτό</span> <span class='ocrx_word' id='word_1_249' title='bbox 3083 765 3217 818; x_wconf 83' lang='grc' dir='ltr'>ἐστι</span> <span class='ocrx_word' id='word_1_250' title='bbox 3269 767 3334 819; x_wconf 88' lang='grc' dir='ltr'>τὸ</span> <span class='ocrx_word' id='word_1_251' title='bbox 3371 765 3545 835; x_wconf 82' lang='grc' dir='ltr'>σῶμά</span> <span class='ocrx_word' id='word_1_252' title='bbox 3584 784 3728 835; x_wconf 84' lang='grc' dir='ltr'>μου,</span> 
     </span>
    </p>
   </div>
   <div class='ocr_carea' id='block_1_37' title="bbox 2159 849 3725 928">
    <p class='ocr_par' dir='ltr' id='par_1_37' title="bbox 2159 849 3725 928">
     <span class='ocr_line' id='line_1_37' title="bbox 2159 849 3725 928; baseline 0.006 -27"><span class='ocrx_word' id='word_1_253' title='bbox 2159 849 2276 910; x_wconf 71' lang='grc' dir='ltr'>καὶ,</span> <span class='ocrx_word' id='word_1_254' title='bbox 2333 851 2518 906; x_wconf 86' lang='grc' dir='ltr'>Τοῦτό</span> <span class='ocrx_word' id='word_1_255' title='bbox 2547 853 2677 906; x_wconf 79' lang='grc' dir='ltr'>ἐστι</span> <span class='ocrx_word' id='word_1_256' title='bbox 2715 855 2784 906; x_wconf 89' lang='grc' dir='ltr'>τὸ</span> <span class='ocrx_word' id='word_1_257' title='bbox 2813 850 2957 923; x_wconf 75' lang='grc' dir='ltr'>αἷμα</span> <span class='ocrx_word' id='word_1_258' title='bbox 2990 873 3134 925; x_wconf 84' lang='grc' dir='ltr'>μου,</span> <span class='ocrx_word' id='word_1_259' title='bbox 3171 856 3266 909; x_wconf 71' lang='grc' dir='ltr'><strong>καὶ</strong></span> <span class='ocrx_word' id='word_1_260' title='bbox 3309 857 3460 909; x_wconf 82' lang='grc' dir='ltr'>πᾶσα</span> <span class='ocrx_word' id='word_1_261' title='bbox 3510 858 3725 928; x_wconf 78' lang='grc' dir='ltr'>τελετὴ,</span> 
     </span>
    </p>
   </div>
   <div class='ocr_carea' id='block_1_38' title="bbox 2159 944 3728 1023">
    <p class='ocr_par' dir='ltr' id='par_1_38' title="bbox 2159 944 3728 1023">
     <span class='ocr_line' id='line_1_38' title="bbox 2159 944 3728 1023; baseline 0.007 -27"><span class='ocrx_word' id='word_1_262' title='bbox 2159 944 2305 1013; x_wconf 85' lang='grc' dir='ltr'>ἀργά</span> <span class='ocrx_word' id='word_1_263' title='bbox 2325 948 2433 998; x_wconf 83' lang='grc' dir='ltr'>είσι</span> <span class='ocrx_word' id='word_1_264' title='bbox 2466 946 2552 1000; x_wconf 88' lang='grc' dir='ltr'><strong>διά</strong></span> <span class='ocrx_word' id='word_1_265' title='bbox 2585 948 2648 1000; x_wconf 78' lang='grc' dir='ltr'><strong>τὸ</strong></span> <span class='ocrx_word' id='word_1_266' title='bbox 2700 950 2773 1019; x_wconf 85' lang='grc' dir='ltr'><strong>μὴ</strong></span> <span class='ocrx_word' id='word_1_267' title='bbox 2808 951 2953 1020; x_wconf 73' lang='grc' dir='ltr'>ἔχειν</span> <span class='ocrx_word' id='word_1_268' title='bbox 2985 953 3050 1004; x_wconf 82' lang='grc' dir='ltr'>ἐκ</span> <span class='ocrx_word' id='word_1_269' title='bbox 3077 951 3172 1005; x_wconf 78' lang='grc' dir='ltr'>τοῦ</span> <span class='ocrx_word' id='word_1_270' title='bbox 3223 953 3389 1006; x_wconf 82' lang='grc' dir='ltr'>αὑτοῦ</span> <span class='ocrx_word' id='word_1_271' title='bbox 3433 954 3728 1023; x_wconf 81' lang='grc' dir='ltr'>ὑποκειμέ-</span> 
     </span>
    </p>
   </div>
   <div class='ocr_carea' id='block_1_39' title="bbox 2159 1037 3726 1116">
    <p class='ocr_par' dir='ltr' id='par_1_39' title="bbox 2159 1037 3726 1116">
     <span class='ocr_line' id='line_1_39' title="bbox 2159 1037 3726 1116; baseline 0.007 -28"><span class='ocrx_word' id='word_1_272' title='bbox 2159 1052 2274 1097; x_wconf 91' lang='grc' dir='ltr'>νου,</span> <span class='ocrx_word' id='word_1_273' title='bbox 2333 1037 2366 1107; x_wconf 80' lang='grc' dir='ltr'><strong>ἢ</strong></span> <span class='ocrx_word' id='word_1_274' title='bbox 2426 1038 2489 1090; x_wconf 88' lang='grc' dir='ltr'>ἐκ</span> <span class='ocrx_word' id='word_1_275' title='bbox 2522 1040 2624 1108; x_wconf 84' lang='grc' dir='ltr'>τῆς</span> <span class='ocrx_word' id='word_1_276' title='bbox 2674 1041 2842 1111; x_wconf 84' lang='grc' dir='ltr'>αὐτῆς</span> <span class='ocrx_word' id='word_1_277' title='bbox 2889 1043 3022 1113; x_wconf 81' lang='grc' dir='ltr'>ὕλης</span> <span class='ocrx_word' id='word_1_278' title='bbox 3067 1044 3238 1115; x_wconf 81' lang='grc' dir='ltr'><strong>ὀξώδη</strong></span> <span class='ocrx_word' id='word_1_279' title='bbox 3290 1047 3492 1116; x_wconf 82' lang='grc' dir='ltr'>μῐκράν</span> <span class='ocrx_word' id='word_1_280' title='bbox 3523 1046 3726 1114; x_wconf 78' lang='grc' dir='ltr'>ζύμην.</span> 
     </span>
    </p>
   </div>
   <div class='ocr_carea' id='block_1_40' title="bbox 2162 1125 3731 1204">
    <p class='ocr_par' dir='ltr' id='par_1_40' title="bbox 2162 1125 3731 1204">
     <span class='ocr_line' id='line_1_40' title="bbox 2162 1125 3731 1204; baseline 0.005 -26"><span class='ocrx_word' id='word_1_281' title='bbox 2162 1125 2287 1179; x_wconf 79' lang='grc' dir='ltr'>Ὀτι</span> <span class='ocrx_word' id='word_1_282' title='bbox 2335 1126 2392 1180; x_wconf 77' lang='grc' dir='ltr'>δὲ</span> <span class='ocrx_word' id='word_1_283' title='bbox 2441 1129 2470 1180; x_wconf 90' lang='lat'><strong>6</strong></span> <span class='ocrx_word' id='word_1_284' title='bbox 2504 1129 2712 1198; x_wconf 80' lang='grc' dir='ltr'>Κύριος</span> <span class='ocrx_word' id='word_1_285' title='bbox 2765 1131 2922 1200; x_wconf 79' lang='grc' dir='ltr'>ἡμῶν</span> <span class='ocrx_word' id='word_1_286' title='bbox 2975 1134 3068 1186; x_wconf 76' lang='grc' dir='ltr'><strong>καὶ</strong></span> <span class='ocrx_word' id='word_1_287' title='bbox 3119 1134 3252 1198; x_wconf 77' lang='grc' dir='ltr'>Θεὸς</span> <span class='ocrx_word' id='word_1_288' title='bbox 3285 1136 3509 1204; x_wconf 82' lang='grc' dir='ltr'>νομικὸν</span> <span class='ocrx_word' id='word_1_289' title='bbox 3539 1136 3731 1203; x_wconf 90' lang='grc' dir='ltr'>Πάσχα</span> 
     </span>
    </p>
   </div>
   <div class='ocr_carea' id='block_1_41' title="bbox 2160 1215 3727 1297">
    <p class='ocr_par' dir='ltr' id='par_1_41' title="bbox 2160 1215 3727 1297">
     <span class='ocr_line' id='line_1_41' title="bbox 2160 1215 3727 1297; baseline 0.01 -29"><span class='ocrx_word' id='word_1_290' title='bbox 2160 1216 2427 1281; x_wconf 83' lang='grc' dir='ltr'>ἐτέλεσεν,</span> <span class='ocrx_word' id='word_1_291' title='bbox 2461 1215 2580 1272; x_wconf 76' lang='grc' dir='ltr'>εἶτα</span> <span class='ocrx_word' id='word_1_292' title='bbox 2624 1221 2693 1272; x_wconf 87' lang='grc' dir='ltr'><strong>τά</strong></span> <span class='ocrx_word' id='word_1_293' title='bbox 2729 1224 3007 1293; x_wconf 79' lang='grc' dir='ltr'><strong>μυστήρια</strong></span> <span class='ocrx_word' id='word_1_294' title='bbox 3051 1225 3252 1279; x_wconf 78' lang='grc' dir='ltr'>δέδωκε</span> <span class='ocrx_word' id='word_1_295' title='bbox 3287 1229 3398 1290; x_wconf 82' lang='grc' dir='ltr'>τοῖς</span> <span class='ocrx_word' id='word_1_296' title='bbox 3433 1227 3727 1297; x_wconf 67' lang='grc' dir='ltr'>μαθηταῖς,</span> 
     </span>
    </p>
   </div>
   <div class='ocr_carea' id='block_1_42' title="bbox 2161 1305 3730 1387">
    <p class='ocr_par' dir='ltr' id='par_1_42' title="bbox 2161 1305 3730 1387">
     <span class='ocr_line' id='line_1_42' title="bbox 2161 1305 3730 1387; baseline 0.007 -28"><span class='ocrx_word' id='word_1_297' title='bbox 2161 1305 2392 1360; x_wconf 79' lang='grc' dir='ltr'>ἄκουσον</span> <span class='ocrx_word' id='word_1_298' title='bbox 2431 1307 2529 1360; x_wconf 82' lang='grc' dir='ltr'><strong>τοῦ</strong></span> <span class='ocrx_word' id='word_1_299' title='bbox 2573 1309 2719 1363; x_wconf 81' lang='grc' dir='ltr'><strong>θείου</strong></span> <span class='ocrx_word' id='word_1_300' title='bbox 2756 1312 3148 1382; x_wconf 86' lang='grc' dir='ltr'>Χρυσοστόμου</span> <span class='ocrx_word' id='word_1_301' title='bbox 3193 1317 3250 1368; x_wconf 84' lang='grc' dir='ltr'><strong>ἐν</strong></span> <span class='ocrx_word' id='word_1_302' title='bbox 3295 1316 3485 1387; x_wconf 72' lang='grc' dir='ltr'>ὁμιλία</span> <span class='ocrx_word' id='word_1_303' title='bbox 3518 1315 3609 1369; x_wconf 80' lang='grc' dir='ltr'>πα¹</span> <span class='ocrx_word' id='word_1_304' title='bbox 3641 1317 3730 1370; x_wconf 76' lang='grc' dir='ltr'>λέ-</span> 
     </span>
    </p>
   </div>
   <div class='ocr_carea' id='block_1_43' title="bbox 2161 1397 3727 1475">
    <p class='ocr_par' dir='ltr' id='par_1_43' title="bbox 2161 1397 3727 1475">
     <span class='ocr_line' id='line_1_43' title="bbox 2161 1397 3727 1475; baseline 0.008 -27"><span class='ocrx_word' id='word_1_305' title='bbox 2161 1411 2380 1464; x_wconf 81' lang='grc' dir='ltr'>γοντος’</span> <span class='ocrx_word' id='word_1_306' title='bbox 2413 1397 2573 1461; x_wconf 82' lang='grc' dir='ltr'>Τίνος</span> <span class='ocrx_word' id='word_1_307' title='bbox 2599 1400 2664 1470; x_wconf 82' lang='grc' dir='ltr'>δὴ</span> <span class='ocrx_word' id='word_1_308' title='bbox 2695 1400 2880 1455; x_wconf 78' lang='grc' dir='ltr'>ἕνεκεν</span> <span class='ocrx_word' id='word_1_309' title='bbox 2903 1405 2962 1456; x_wconf 80' lang='grc' dir='ltr'>τὸ</span> <span class='ocrx_word' id='word_1_310' title='bbox 2997 1406 3188 1475; x_wconf 83' lang='grc' dir='ltr'>Πάσχα</span> <span class='ocrx_word' id='word_1_311' title='bbox 3219 1407 3428 1474; x_wconf 83' lang='grc' dir='ltr'>ἐτέλει;</span> <span class='ocrx_word' id='word_1_312' title='bbox 3458 1408 3558 1461; x_wconf 88' lang='grc' dir='ltr'>Διά</span> <span class='ocrx_word' id='word_1_313' title='bbox 3591 1411 3727 1462; x_wconf 80' lang='grc' dir='ltr'>πάν-</span> 
     </span>
    </p>
   </div>
   <div class='ocr_carea' id='block_1_44' title="bbox 2161 1487 3730 1568">
    <p class='ocr_par' dir='ltr' id='par_1_44' title="bbox 2161 1487 3730 1568">
     <span class='ocr_line' id='line_1_44' title="bbox 2161 1487 3730 1568; baseline 0.011 -32"><span class='ocrx_word' id='word_1_314' title='bbox 2161 1502 2270 1537; x_wconf 86' lang='grc' dir='ltr'><strong>των</strong></span> <span class='ocrx_word' id='word_1_315' title='bbox 2323 1487 2538 1553; x_wconf 78' lang='grc' dir='ltr'>δεικνὺς</span> <span class='ocrx_word' id='word_1_316' title='bbox 2576 1492 2740 1562; x_wconf 86' lang='grc' dir='ltr'>μέχρι</span> <span class='ocrx_word' id='word_1_317' title='bbox 2790 1495 2888 1562; x_wconf 80' lang='grc' dir='ltr'>τῆς</span> <span class='ocrx_word' id='word_1_318' title='bbox 2937 1495 3170 1567; x_wconf 77' lang='grc' dir='ltr'><strong>ἐσχάτης</strong></span> <span class='ocrx_word' id='word_1_319' title='bbox 3226 1498 3463 1568; x_wconf 78' lang='grc' dir='ltr'>ἡμέρας,</span> <span class='ocrx_word' id='word_1_320' title='bbox 3511 1500 3593 1552; x_wconf 84' lang='grc' dir='ltr'>ὅτι</span> <span class='ocrx_word' id='word_1_321' title='bbox 3627 1501 3730 1553; x_wconf 75' lang='grc' dir='ltr'><strong>οὐκ</strong></span> 
     </span>
    </p>
   </div>
   <div class='ocr_carea' id='block_1_45' title="bbox 2162 1573 3728 1659">
    <p class='ocr_par' dir='ltr' id='par_1_45' title="bbox 2162 1573 3728 1659">
     <span class='ocr_line' id='line_1_45' title="bbox 2162 1573 3728 1659; baseline 0.021 -33"><span class='ocrx_word' id='word_1_322' title='bbox 2162 1573 2307 1627; x_wconf 80' lang='grc' dir='ltr'>ἐστιν</span> <span class='ocrx_word' id='word_1_323' title='bbox 2335 1578 2574 1644; x_wconf 73' lang='grc' dir='ltr'>ἐναντίος</span> <span class='ocrx_word' id='word_1_324' title='bbox 2628 1581 2706 1652; x_wconf 84' lang='grc' dir='ltr'><strong>τῷ</strong></span> <span class='ocrx_word' id='word_1_325' title='bbox 2739 1585 2908 1654; x_wconf 87' lang='grc' dir='ltr'>νόμῳ.</span> <span class='ocrx_word' id='word_1_326' title='bbox 2941 1585 3082 1654; x_wconf 88' lang='grc' dir='ltr'>Ὀρα</span> <span class='ocrx_word' id='word_1_327' title='bbox 3137 1587 3190 1640; x_wconf 83' lang='grc' dir='ltr'><strong>τί</strong></span> <span class='ocrx_word' id='word_1_328' title='bbox 3247 1604 3446 1658; x_wconf 82' lang='grc' dir='ltr'>φησιν·</span> <span class='ocrx_word' id='word_1_329' title='bbox 3486 1589 3603 1642; x_wconf 81' lang='grc' dir='ltr'><strong>Ἵνα</strong></span> <span class='ocrx_word' id='word_1_330' title='bbox 3653 1591 3728 1659; x_wconf 68' lang='grc' dir='ltr'><strong>μὴ</strong></span> 
     </span>
    </p>
   </div>
   <div class='ocr_carea' id='block_1_46' title="bbox 2161 1665 3730 1748">
    <p class='ocr_par' dir='ltr' id='par_1_46' title="bbox 2161 1665 3730 1748">
     <span class='ocr_line' id='line_1_46' title="bbox 2161 1665 3730 1748; baseline 0.01 -32"><span class='ocrx_word' id='word_1_331' title='bbox 2161 1665 2403 1730; x_wconf 76' lang='grc' dir='ltr'>ἐναντίος</span> <span class='ocrx_word' id='word_1_332' title='bbox 2449 1670 2673 1741; x_wconf 83' lang='grc' dir='ltr'>γένηται</span> <span class='ocrx_word' id='word_1_333' title='bbox 2707 1674 2783 1743; x_wconf 83' lang='grc' dir='ltr'>τῷ</span> <span class='ocrx_word' id='word_1_334' title='bbox 2819 1676 2990 1746; x_wconf 86' lang='grc' dir='ltr'>νόμῳ,</span> <span class='ocrx_word' id='word_1_335' title='bbox 3036 1678 3096 1730; x_wconf 82' lang='grc' dir='ltr'>τὸ</span> <span class='ocrx_word' id='word_1_336' title='bbox 3134 1679 3329 1748; x_wconf 81' lang='grc' dir='ltr'>Πάσχα</span> <span class='ocrx_word' id='word_1_337' title='bbox 3361 1679 3624 1735; x_wconf 80' lang='grc' dir='ltr'>ἐπετέλει.</span> <span class='ocrx_word' id='word_1_338' title='bbox 3663 1681 3730 1735; x_wconf 84' lang='grc' dir='ltr'>Τί</span> 
     </span>
    </p>
   </div>
   <div class='ocr_carea' id='block_1_47' title="bbox 2161 1754 3730 1838">
    <p class='ocr_par' dir='ltr' id='par_1_47' title="bbox 2161 1754 3730 1838">
     <span class='ocr_line' id='line_1_47' title="bbox 2161 1754 3730 1838; baseline 0.011 -31"><span class='ocrx_word' id='word_1_339' title='bbox 2161 1754 2288 1821; x_wconf 80' lang='grc' dir='ltr'>οὖν;</span> <span class='ocrx_word' id='word_1_340' title='bbox 2321 1756 2562 1816; x_wconf 86' lang='grc' dir='ltr'>ἐναντίον</span> <span class='ocrx_word' id='word_1_341' title='bbox 2597 1764 2690 1818; x_wconf 83' lang='grc' dir='ltr'>τοῦ</span> <span class='ocrx_word' id='word_1_342' title='bbox 2717 1769 2884 1834; x_wconf 86' lang='grc' dir='ltr'>νόμου</span> <span class='ocrx_word' id='word_1_343' title='bbox 2917 1768 3092 1822; x_wconf 89' lang='grc' dir='ltr'>ἐποίει</span> <span class='ocrx_word' id='word_1_344' title='bbox 3133 1769 3423 1838; x_wconf 80' lang='grc' dir='ltr'><strong>φυλάττων</strong></span> <span class='ocrx_word' id='word_1_345' title='bbox 3451 1770 3544 1824; x_wconf 82' lang='grc' dir='ltr'><strong>τὸν</strong></span> <span class='ocrx_word' id='word_1_346' title='bbox 3575 1771 3730 1836; x_wconf 73' lang='grc' dir='ltr'>ἔνζυ-</span> 
     </span>
    </p>
   </div>
   <div class='ocr_carea' id='block_1_48' title="bbox 2167 1850 3731 1933">
    <p class='ocr_par' dir='ltr' id='par_1_48' title="bbox 2167 1850 3731 1933">
     <span class='ocr_line' id='line_1_48' title="bbox 2167 1850 3731 1933; baseline 0.008 -31"><span class='ocrx_word' id='word_1_347' title='bbox 2167 1864 2266 1917; x_wconf 84' lang='grc' dir='ltr'><strong>μον</strong></span> <span class='ocrx_word' id='word_1_348' title='bbox 2325 1850 2523 1920; x_wconf 74' lang='grc' dir='ltr'>ἀρτονς</span> <span class='ocrx_word' id='word_1_349' title='bbox 2567 1855 2708 1909; x_wconf 80' lang='grc' dir='ltr'>Ἀλλ’</span> <span class='ocrx_word' id='word_1_350' title='bbox 2761 1858 2842 1911; x_wconf 85' lang='grc' dir='ltr'>ὅτι</span> <span class='ocrx_word' id='word_1_351' title='bbox 2884 1860 2977 1912; x_wconf 76' lang='grc' dir='ltr'><strong>καὶ</strong></span> <span class='ocrx_word' id='word_1_352' title='bbox 3026 1861 3085 1913; x_wconf 89' lang='grc' dir='ltr'><strong>ἐν</strong></span> <span class='ocrx_word' id='word_1_353' title='bbox 3133 1862 3272 1914; x_wconf 85' lang='grc' dir='ltr'>ἐπτὰ</span> <span class='ocrx_word' id='word_1_354' title='bbox 3319 1863 3553 1933; x_wconf 80' lang='grc' dir='ltr'><strong>ἡμέραις</strong></span> <span class='ocrx_word' id='word_1_355' title='bbox 3607 1864 3731 1916; x_wconf 83' lang='grc' dir='ltr'>κατ’</span> 
     </span>
    </p>
   </div>
   <div class='ocr_carea' id='block_1_49' title="bbox 2161 1937 3726 2023">
    <p class='ocr_par' dir='ltr' id='par_1_49' title="bbox 2161 1937 3726 2023">
     <span class='ocr_line' id='line_1_49' title="bbox 2161 1937 3726 2023; baseline 0.012 -35"><span class='ocrx_word' id='word_1_356' title='bbox 2161 1937 2335 1992; x_wconf 83' lang='grc' dir='ltr'>ἐκεῖνο</span> <span class='ocrx_word' id='word_1_357' title='bbox 2366 1943 2559 2010; x_wconf 82' lang='grc' dir='ltr'>καιροῦ</span> <span class='ocrx_word' id='word_1_358' title='bbox 2590 1946 2623 2014; x_wconf 83' lang='grc' dir='ltr'><strong>η</strong></span> <span class='ocrx_word' id='word_1_359' title='bbox 2678 1947 2828 2016; x_wconf 85' lang='grc' dir='ltr'><strong>ζύμη</strong></span> <span class='ocrx_word' id='word_1_360' title='bbox 2873 1950 2971 2018; x_wconf 76' lang='grc' dir='ltr'>οὐχ</span> <span class='ocrx_word' id='word_1_361' title='bbox 3021 1951 3330 2019; x_wconf 79' lang='grc' dir='ltr'>εὑρίσκετο,</span> <span class='ocrx_word' id='word_1_362' title='bbox 3387 1955 3726 2023; x_wconf 75' lang='grc' dir='ltr'>μαρτυρήσει</span> 
     </span>
    </p>
   </div>
   <div class='ocr_carea' id='block_1_50' title="bbox 2160 2028 3728 2111">
    <p class='ocr_par' dir='ltr' id='par_1_50' title="bbox 2160 2028 3728 2111">
     <span class='ocr_line' id='line_1_50' title="bbox 2160 2028 3728 2111; baseline 0.008 -29"><span class='ocrx_word' id='word_1_363' title='bbox 2160 2028 2318 2084; x_wconf 81' lang='grc' dir='ltr'>τοῦτο</span> <span class='ocrx_word' id='word_1_364' title='bbox 2350 2033 2504 2086; x_wconf 86' lang='grc' dir='ltr'>πάλιν</span> <span class='ocrx_word' id='word_1_365' title='bbox 2535 2037 2561 2087; x_wconf 97' lang='lat'><strong>6</strong></span> <span class='ocrx_word' id='word_1_366' title='bbox 2594 2034 2736 2099; x_wconf 81' lang='grc' dir='ltr'>Θεῖος</span> <span class='ocrx_word' id='word_1_367' title='bbox 2760 2039 3144 2108; x_wconf 72' lang='grc' dir='ltr'>Χρυσόπομος</span> <span class='ocrx_word' id='word_1_368' title='bbox 3177 2042 3232 2092; x_wconf 90' lang='grc' dir='ltr'><strong>ἐν</strong></span> <span class='ocrx_word' id='word_1_369' title='bbox 3262 2043 3328 2111; x_wconf 83' lang='grc' dir='ltr'>τῇ</span> <span class='ocrx_word' id='word_1_370' title='bbox 3358 2042 3494 2109; x_wconf 84' lang='grc' dir='ltr'>πρὸς</span> <span class='ocrx_word' id='word_1_371' title='bbox 3531 2044 3728 2111; x_wconf 83' lang='grc' dir='ltr'>Κοριν-</span> 
     </span>
    </p>
   </div>
   <div class='ocr_carea' id='block_1_51' title="bbox 2162 2121 3726 2203">
    <p class='ocr_par' dir='ltr' id='par_1_51' title="bbox 2162 2121 3726 2203">
     <span class='ocr_line' id='line_1_51' title="bbox 2162 2121 3726 2203; baseline 0.009 -31"><span class='ocrx_word' id='word_1_372' title='bbox 2162 2121 2308 2184; x_wconf 79' lang='grc' dir='ltr'>θίους</span> <span class='ocrx_word' id='word_1_373' title='bbox 2337 2123 2526 2196; x_wconf 81' lang='grc' dir='ltr'>πρώτῃ</span> <span class='ocrx_word' id='word_1_374' title='bbox 2561 2127 2869 2200; x_wconf 69' lang='grc' dir='ltr'>Ἐπιστολῇι</span> <span class='ocrx_word' id='word_1_375' title='bbox 2898 2130 3166 2203; x_wconf 84' lang='grc' dir='ltr'>Πρότερον</span> <span class='ocrx_word' id='word_1_376' title='bbox 3190 2133 3455 2203; x_wconf 76' lang='grc' dir='ltr'>εῐπωμεν,</span> <span class='ocrx_word' id='word_1_377' title='bbox 3477 2134 3564 2186; x_wconf 71' lang='grc' dir='ltr'>διὰ</span> <span class='ocrx_word' id='word_1_378' title='bbox 3583 2134 3636 2185; x_wconf 84' lang='grc' dir='ltr'><strong>τί</strong></span> <span class='ocrx_word' id='word_1_379' title='bbox 3665 2135 3726 2186; x_wconf 87' lang='grc' dir='ltr'>ἐκ</span> 
     </span>
    </p>
   </div>
   <div class='ocr_carea' id='block_1_52' title="bbox 2159 2212 3726 2294">
    <p class='ocr_par' dir='ltr' id='par_1_52' title="bbox 2159 2212 3726 2294">
     <span class='ocr_line' id='line_1_52' title="bbox 2159 2212 3726 2294; baseline 0.009 -31"><span class='ocrx_word' id='word_1_380' title='bbox 2159 2212 2267 2265; x_wconf 84' lang='grc' dir='ltr'><strong>τῶν</strong></span> <span class='ocrx_word' id='word_1_381' title='bbox 2288 2216 2454 2284; x_wconf 86' lang='grc' dir='ltr'>ὁρίων</span> <span class='ocrx_word' id='word_1_382' title='bbox 2480 2219 2698 2272; x_wconf 88' lang='grc' dir='ltr'>πάντων</span> <span class='ocrx_word' id='word_1_383' title='bbox 2731 2221 3100 2276; x_wconf 81' lang='grc' dir='ltr'>ἀπελαύνεται</span> <span class='ocrx_word' id='word_1_384' title='bbox 3128 2225 3161 2294; x_wconf 85' lang='grc' dir='ltr'>ή</span> <span class='ocrx_word' id='word_1_385' title='bbox 3187 2222 3338 2294; x_wconf 77' lang='grc' dir='ltr'>ζύμη</span> <span class='ocrx_word' id='word_1_386' title='bbox 3359 2242 3373 2256; x_wconf 90' lang='grc'><strong>·</strong></span> <span class='ocrx_word' id='word_1_387' title='bbox 3408 2225 3462 2277; x_wconf 80' lang='grc' dir='ltr'><strong>τί</strong></span> <span class='ocrx_word' id='word_1_388' title='bbox 3491 2222 3584 2279; x_wconf 83' lang='grc' dir='ltr'>οὖν</span> <span class='ocrx_word' id='word_1_389' title='bbox 3614 2227 3726 2277; x_wconf 85' lang='grc' dir='ltr'>ἐστι</span> 
     </span>
    </p>
   </div>
   <div class='ocr_carea' id='block_1_53' title="bbox 2163 2303 3727 2383">
    <p class='ocr_par' dir='ltr' id='par_1_53' title="bbox 2163 2303 3727 2383">
     <span class='ocr_line' id='line_1_53' title="bbox 2163 2303 3727 2383; baseline 0.007 -27"><span class='ocrx_word' id='word_1_390' title='bbox 2163 2303 2220 2356; x_wconf 81' lang='grc' dir='ltr'>τὸ</span> <span class='ocrx_word' id='word_1_391' title='bbox 2253 2306 2517 2374; x_wconf 78' lang='grc' dir='ltr'>αῖνιγμας</span> <span class='ocrx_word' id='word_1_392' title='bbox 2569 2311 2758 2380; x_wconf 85' lang='grc' dir='ltr'>Πάσης</span> <span class='ocrx_word' id='word_1_393' title='bbox 2806 2313 3077 2380; x_wconf 76' lang='grc' dir='ltr'>πονηρίας</span> <span class='ocrx_word' id='word_1_394' title='bbox 3133 2314 3479 2383; x_wconf 77' lang='grc' dir='ltr'>ἀπηλλάχθαι</span> <span class='ocrx_word' id='word_1_395' title='bbox 3515 2315 3597 2366; x_wconf 77' lang='grc' dir='ltr'>δεῖ</span> <span class='ocrx_word' id='word_1_396' title='bbox 3636 2316 3727 2367; x_wconf 78' lang='grc' dir='ltr'><strong>τὸν</strong></span> 
     </span>
    </p>
   </div>
   <div class='ocr_carea' id='block_1_54' title="bbox 2161 2396 3726 2470">
    <p class='ocr_par' dir='ltr' id='par_1_54' title="bbox 2161 2396 3726 2470">
     <span class='ocr_line' id='line_1_54' title="bbox 2161 2396 3726 2470; baseline 0.007 -26"><span class='ocrx_word' id='word_1_397' title='bbox 2161 2396 2371 2450; x_wconf 84' lang='grc' dir='ltr'>πιστόν.</span> <span class='ocrx_word' id='word_1_398' title='bbox 2416 2397 2634 2470; x_wconf 83' lang='grc' dir='ltr'>Ὠσπερ</span> <span class='ocrx_word' id='word_1_399' title='bbox 2680 2403 2788 2470; x_wconf 80' lang='grc' dir='ltr'>γὰρ</span> <span class='ocrx_word' id='word_1_400' title='bbox 2848 2404 3055 2466; x_wconf 80' lang='grc' dir='ltr'>ἐκεῖνος</span> <span class='ocrx_word' id='word_1_401' title='bbox 3105 2404 3424 2467; x_wconf 85' lang='grc' dir='ltr'>ἀπόλλυται,</span> <span class='ocrx_word' id='word_1_402' title='bbox 3481 2407 3616 2457; x_wconf 80' lang='grc' dir='ltr'>ὅπου</span> <span class='ocrx_word' id='word_1_403' title='bbox 3660 2406 3726 2456; x_wconf 83' lang='grc' dir='ltr'>ἂν</span> 
     </span>
    </p>
   </div>
   <div class='ocr_carea' id='block_1_55' title="bbox 2161 2485 3726 2564">
    <p class='ocr_par' dir='ltr' id='par_1_55' title="bbox 2161 2485 3726 2564">
     <span class='ocr_line' id='line_1_55' title="bbox 2161 2485 3726 2564; baseline 0.004 -26"><span class='ocrx_word' id='word_1_404' title='bbox 2161 2485 2359 2558; x_wconf 80' lang='grc' dir='ltr'>εὑρεθῇ</span> <span class='ocrx_word' id='word_1_405' title='bbox 2394 2488 2600 2544; x_wconf 74' lang='grc' dir='ltr'>παλαιὰ</span> <span class='ocrx_word' id='word_1_406' title='bbox 2629 2489 2797 2562; x_wconf 78' lang='grc' dir='ltr'>ζύμη,</span> <span class='ocrx_word' id='word_1_407' title='bbox 2835 2491 2974 2545; x_wconf 82' lang='grc' dir='ltr'>οὕτω</span> <span class='ocrx_word' id='word_1_408' title='bbox 3009 2494 3101 2544; x_wconf 73' lang='grc' dir='ltr'><strong>καὶ</strong></span> <span class='ocrx_word' id='word_1_409' title='bbox 3149 2495 3280 2563; x_wconf 82' lang='grc' dir='ltr'>παρ’</span> <span class='ocrx_word' id='word_1_410' title='bbox 3311 2495 3447 2564; x_wconf 77' lang='grc' dir='ltr'>ημῖν</span> <span class='ocrx_word' id='word_1_411' title='bbox 3496 2495 3624 2548; x_wconf 81' lang='grc' dir='ltr'>ἔνθα</span> <span class='ocrx_word' id='word_1_412' title='bbox 3657 2497 3726 2549; x_wconf 84' lang='grc' dir='ltr'>ἂν</span> 
     </span>
    </p>
   </div>
   <div class='ocr_carea' id='block_1_56' title="bbox 2160 2577 3718 2655">
    <p class='ocr_par' dir='ltr' id='par_1_56' title="bbox 2160 2577 3718 2655">
     <span class='ocr_line' id='line_1_56' title="bbox 2160 2577 3718 2655; baseline 0.007 -27"><span class='ocrx_word' id='word_1_413' title='bbox 2160 2577 2358 2647; x_wconf 78' lang='grc' dir='ltr'>εὑρεθῇ</span> <span class='ocrx_word' id='word_1_414' title='bbox 2393 2583 2663 2648; x_wconf 73' lang='grc' dir='ltr'><strong>πονηρία⁸</strong></span> <span class='ocrx_word' id='word_1_415' title='bbox 2703 2582 2763 2632; x_wconf 82' lang='grc' dir='ltr'>οὐ</span> <span class='ocrx_word' id='word_1_416' title='bbox 2815 2582 2922 2651; x_wconf 80' lang='grc' dir='ltr'><strong>γὰρ</strong></span> <span class='ocrx_word' id='word_1_417' title='bbox 2953 2583 3125 2652; x_wconf 82' lang='grc' dir='ltr'>δήπου</span> <span class='ocrx_word' id='word_1_418' title='bbox 3157 2585 3250 2637; x_wconf 71' lang='grc' dir='ltr'>ἐπὶ</span> <span class='ocrx_word' id='word_1_419' title='bbox 3283 2585 3381 2652; x_wconf 80' lang='grc' dir='ltr'><strong>μὲν</strong></span> <span class='ocrx_word' id='word_1_420' title='bbox 3424 2585 3525 2655; x_wconf 85' lang='grc' dir='ltr'>τῆς</span> <span class='ocrx_word' id='word_1_421' title='bbox 3557 2588 3718 2648; x_wconf 76' lang='grc' dir='ltr'>σκιᾶς</span> 
     </span>
    </p>
   </div>
   <div class='ocr_carea' id='block_1_57' title="bbox 2163 2666 3722 2746">
    <p class='ocr_par' dir='ltr' id='par_1_57' title="bbox 2163 2666 3722 2746">
     <span class='ocr_line' id='line_1_57' title="bbox 2163 2666 3722 2746; baseline 0.007 -28"><span class='ocrx_word' id='word_1_422' title='bbox 2163 2666 2333 2736; x_wconf 83' lang='grc' dir='ltr'>πολλὴ</span> <span class='ocrx_word' id='word_1_423' title='bbox 2365 2671 2396 2738; x_wconf 80' lang='grc' dir='ltr'><strong>η</strong></span> <span class='ocrx_word' id='word_1_424' title='bbox 2449 2670 2693 2736; x_wconf 85' lang='grc' dir='ltr'>κόλασις,</span> <span class='ocrx_word' id='word_1_425' title='bbox 2731 2673 2824 2724; x_wconf 79' lang='grc' dir='ltr'>ἐπὶ</span> <span class='ocrx_word' id='word_1_426' title='bbox 2867 2673 2924 2725; x_wconf 82' lang='grc' dir='ltr'><strong>δέ</strong></span> <span class='ocrx_word' id='word_1_427' title='bbox 2957 2674 3114 2744; x_wconf 81' lang='grc' dir='ltr'>ήμῶν</span> <span class='ocrx_word' id='word_1_428' title='bbox 3145 2675 3206 2728; x_wconf 84' lang='grc' dir='ltr'>οὐ</span> <span class='ocrx_word' id='word_1_429' title='bbox 3257 2674 3438 2746; x_wconf 79' lang='grc' dir='ltr'>πολλῷ</span> <span class='ocrx_word' id='word_1_430' title='bbox 3487 2676 3722 2745; x_wconf 78' lang='grc' dir='ltr'>μείζων·</span> 
     </span>
    </p>
   </div>
   <div class='ocr_carea' id='block_1_58' title="bbox 2161 2760 3727 2840">
    <p class='ocr_par' dir='ltr' id='par_1_58' title="bbox 2161 2760 3727 2840">
     <span class='ocr_line' id='line_1_58' title="bbox 2161 2760 3727 2840; baseline 0.009 -30"><span class='ocrx_word' id='word_1_431' title='bbox 2161 2760 2210 2811; x_wconf 82' lang='grc' dir='ltr'><strong>εί</strong></span> <span class='ocrx_word' id='word_1_432' title='bbox 2238 2760 2346 2829; x_wconf 88' lang='grc' dir='ltr'>γὰρ</span> <span class='ocrx_word' id='word_1_433' title='bbox 2385 2762 2484 2824; x_wconf 69' lang='grc' dir='ltr'><strong>τὰς</strong></span> <span class='ocrx_word' id='word_1_434' title='bbox 2521 2763 2700 2827; x_wconf 85' lang='grc' dir='ltr'>οίκίας</span> <span class='ocrx_word' id='word_1_435' title='bbox 2731 2764 2875 2818; x_wconf 80' lang='grc' dir='ltr'>οὕτω</span> <span class='ocrx_word' id='word_1_436' title='bbox 2904 2767 3280 2838; x_wconf 79' lang='grc' dir='ltr'>καθαίρουσιν,</span> <span class='ocrx_word' id='word_1_437' title='bbox 3317 2769 3393 2832; x_wconf 85' lang='grc' dir='ltr'><strong>ὡς</strong></span> <span class='ocrx_word' id='word_1_438' title='bbox 3427 2770 3520 2822; x_wconf 68' lang='grc' dir='ltr'><strong>καὶ</strong></span> <span class='ocrx_word' id='word_1_439' title='bbox 3580 2771 3727 2840; x_wconf 85' lang='grc' dir='ltr'>μυῶν</span> 
     </span>
    </p>
   </div>
   <div class='ocr_carea' id='block_1_59' title="bbox 2159 2848 3727 2930">
    <p class='ocr_par' dir='ltr' id='par_1_59' title="bbox 2159 2848 3727 2930">
     <span class='ocr_line' id='line_1_59' title="bbox 2159 2848 3727 2930; baseline 0.008 -29"><span class='ocrx_word' id='word_1_440' title='bbox 2159 2848 2300 2914; x_wconf 73' lang='grc' dir='ltr'>ὀπὰς</span> <span class='ocrx_word' id='word_1_441' title='bbox 2331 2853 2820 2922; x_wconf 80' lang='grc' dir='ltr'>περιεργάζεσθαι,</span> <span class='ocrx_word' id='word_1_442' title='bbox 2854 2859 3036 2926; x_wconf 88' lang='grc' dir='ltr'>πολλῷ</span> <span class='ocrx_word' id='word_1_443' title='bbox 3068 2859 3266 2928; x_wconf 79' lang='grc' dir='ltr'>μᾶλλον</span> <span class='ocrx_word' id='word_1_444' title='bbox 3295 2861 3443 2930; x_wconf 79' lang='grc' dir='ltr'>ἡμᾶς</span> <span class='ocrx_word' id='word_1_445' title='bbox 3487 2861 3582 2930; x_wconf 80' lang='grc' dir='ltr'><strong>τὴν</strong></span> <span class='ocrx_word' id='word_1_446' title='bbox 3626 2862 3727 2930; x_wconf 73' lang='grc' dir='ltr'>ψυ-</span> 
     </span>
    </p>
   </div>
   <div class='ocr_carea' id='block_1_60' title="bbox 2162 2940 3727 3024">
    <p class='ocr_par' dir='ltr' id='par_1_60' title="bbox 2162 2940 3727 3024">
     <span class='ocr_line' id='line_1_60' title="bbox 2162 2940 3727 3024; baseline 0.01 -34"><span class='ocrx_word' id='word_1_447' title='bbox 2162 2940 2264 3010; x_wconf 78' lang='grc' dir='ltr'>χὴν</span> <span class='ocrx_word' id='word_1_448' title='bbox 2291 2941 2664 3011; x_wconf 77' lang='grc' dir='ltr'>διερευνᾶσθαι</span> <span class='ocrx_word' id='word_1_449' title='bbox 2693 2948 2792 3000; x_wconf 83' lang='grc' dir='ltr'>δεῖ.</span> <span class='ocrx_word' id='word_1_450' title='bbox 2820 2947 2976 3002; x_wconf 74' lang='grc' dir='ltr'>Ἐπεὶ</span> <span class='ocrx_word' id='word_1_451' title='bbox 3002 2944 3094 3004; x_wconf 79' lang='grc' dir='ltr'>οὖν</span> <span class='ocrx_word' id='word_1_452' title='bbox 3123 2952 3274 3020; x_wconf 74' lang='grc' dir='ltr'>μυῶν</span> <span class='ocrx_word' id='word_1_453' title='bbox 3301 2953 3444 3018; x_wconf 72' lang='grc' dir='ltr'>ὀπὰς</span> <span class='ocrx_word' id='word_1_454' title='bbox 3481 2970 3727 3024; x_wconf 82' lang='grc' dir='ltr'>περιειρ-</span> 
     </span>
    </p>
   </div>
   <div class='ocr_carea' id='block_1_61' title="bbox 2163 3034 3728 3114">
    <p class='ocr_par' dir='ltr' id='par_1_61' title="bbox 2163 3034 3728 3114">
     <span class='ocr_line' id='line_1_61' title="bbox 2163 3034 3728 3114; baseline 0.01 -30"><span class='ocrx_word' id='word_1_455' title='bbox 2163 3034 2412 3101; x_wconf 80' lang='grc' dir='ltr'>γάζοντο,</span> <span class='ocrx_word' id='word_1_456' title='bbox 2439 3037 2466 3089; x_wconf 84' lang='lat'><strong>6</strong></span> <span class='ocrx_word' id='word_1_457' title='bbox 2509 3037 2565 3089; x_wconf 82' lang='grc' dir='ltr'>δὲ</span> <span class='ocrx_word' id='word_1_458' title='bbox 2597 3039 2752 3105; x_wconf 75' lang='grc' dir='ltr'>ἅγιος</span> <span class='ocrx_word' id='word_1_459' title='bbox 2794 3040 2965 3108; x_wconf 82' lang='grc' dir='ltr'>λέγει,</span> <span class='ocrx_word' id='word_1_460' title='bbox 2988 3043 3070 3095; x_wconf 85' lang='grc' dir='ltr'>ὅτι</span> <span class='ocrx_word' id='word_1_461' title='bbox 3121 3043 3286 3114; x_wconf 80' lang='grc' dir='ltr'>μέχρι</span> <span class='ocrx_word' id='word_1_462' title='bbox 3343 3047 3442 3113; x_wconf 87' lang='grc' dir='ltr'>τῆς</span> <span class='ocrx_word' id='word_1_463' title='bbox 3494 3047 3728 3114; x_wconf 75' lang='grc' dir='ltr'>ἐσχάτης</span> 
     </span>
    </p>
   </div>
   <div class='ocr_carea' id='block_1_62' title="bbox 443 3126 2059 3206">
    <p class='ocr_par' dir='ltr' id='par_1_62' title="bbox 443 3128 2054 3200">
     <span class='ocr_line' id='line_1_62' title="bbox 443 3128 2054 3200; baseline -0.002 -12"><span class='ocrx_word' id='word_1_464' title='bbox 443 3173 450 3180; x_wconf 56' lang='grc' dir='ltr'><em>η</em></span> <span class='ocrx_word' id='word_1_465' title='bbox 492 3137 560 3188; x_wconf 83' lang='lat' dir='ltr'><strong>ad</strong></span> <span class='ocrx_word' id='word_1_466' title='bbox 587 3134 838 3186; x_wconf 89' lang='lat' dir='ltr'><strong>ultimum</strong></span> <span class='ocrx_word' id='word_1_467' title='bbox 870 3146 1041 3200; x_wconf 77' lang='lat' dir='ltr'><strong>usque</strong></span> <span class='ocrx_word' id='word_1_468' title='bbox 1066 3130 1208 3185; x_wconf 86' lang='lat' dir='ltr'><strong>diem</strong></span> <span class='ocrx_word' id='word_1_469' title='bbox 1237 3144 1344 3184; x_wconf 91' lang='lat' dir='ltr'><strong>non</strong></span> <span class='ocrx_word' id='word_1_470' title='bbox 1374 3128 1544 3186; x_wconf 86' lang='lat' dir='ltr'><strong>fuisse</strong></span> <span class='ocrx_word' id='word_1_471' title='bbox 1573 3132 1671 3200; x_wconf 91' lang='lat' dir='ltr'><strong>legi</strong></span> <span class='ocrx_word' id='word_1_472' title='bbox 1697 3132 2054 3195; x_wconf 88' lang='lat' dir='ltr'><strong>contrarium,</strong></span> 
     </span>
    </p>
   </div>
   <div class='ocr_carea' id='block_1_63' title="bbox 2162 3126 3727 3206">
    <p class='ocr_par' dir='ltr' id='par_1_63' title="bbox 2162 3126 3727 3206">
     <span class='ocr_line' id='line_1_63' title="bbox 2162 3126 3727 3206; baseline 0.009 -29"><span class='ocrx_word' id='word_1_473' title='bbox 2162 3126 2397 3197; x_wconf 83' lang='grc' dir='ltr'>ἡμέρας,</span> <span class='ocrx_word' id='word_1_474' title='bbox 2421 3129 2505 3180; x_wconf 85' lang='grc' dir='ltr'>ἵνα</span> <span class='ocrx_word' id='word_1_475' title='bbox 2536 3130 2612 3199; x_wconf 82' lang='grc' dir='ltr'><strong>μὴ</strong></span> <span class='ocrx_word' id='word_1_476' title='bbox 2637 3131 2878 3195; x_wconf 81' lang='grc' dir='ltr'>ἐναντίος</span> <span class='ocrx_word' id='word_1_477' title='bbox 2903 3134 3127 3204; x_wconf 82' lang='grc' dir='ltr'>γένηται</span> <span class='ocrx_word' id='word_1_478' title='bbox 3149 3136 3229 3205; x_wconf 86' lang='grc' dir='ltr'>τῷ</span> <span class='ocrx_word' id='word_1_479' title='bbox 3258 3138 3427 3206; x_wconf 84' lang='grc' dir='ltr'>νόμῳ,</span> <span class='ocrx_word' id='word_1_480' title='bbox 3451 3137 3511 3189; x_wconf 73' lang='grc' dir='ltr'>τὸ</span> <span class='ocrx_word' id='word_1_481' title='bbox 3537 3139 3727 3206; x_wconf 81' lang='grc' dir='ltr'>Πάσχα</span> 
     </span>
    </p>
   </div>
   <div class='ocr_carea' id='block_1_64' title="bbox 490 3224 2056 3292">
    <p class='ocr_par' dir='ltr' id='par_1_64' title="bbox 490 3224 2056 3292">
     <span class='ocr_line' id='line_1_64' title="bbox 490 3224 2056 3292; baseline -0.003 -8"><span class='ocrx_word' id='word_1_482' title='bbox 490 3237 546 3284; x_wconf 87' lang='lat' dir='ltr'><strong>et</strong></span> <span class='ocrx_word' id='word_1_483' title='bbox 571 3228 692 3280; x_wconf 86' lang='lat' dir='ltr'><strong>ideo</strong></span> <span class='ocrx_word' id='word_1_484' title='bbox 728 3225 932 3290; x_wconf 81' lang='lat' dir='ltr'><strong>Pascha</strong></span> <span class='ocrx_word' id='word_1_485' title='bbox 963 3224 1272 3279; x_wconf 84' lang='lat' dir='ltr'><strong>celebrasse</strong></span> <span class='ocrx_word' id='word_1_486' title='bbox 1292 3239 1307 3286; x_wconf 89' lang='lat'><strong>;</strong></span> <span class='ocrx_word' id='word_1_487' title='bbox 1327 3232 1473 3278; x_wconf 85' lang='lat' dir='ltr'><strong>certe</strong></span> <span class='ocrx_word' id='word_1_488' title='bbox 1502 3227 1814 3280; x_wconf 86' lang='lat' dir='ltr'><strong>contrarius</strong></span> <span class='ocrx_word' id='word_1_489' title='bbox 1843 3225 2056 3292; x_wconf 87' lang='lat' dir='ltr'><strong>fuisset,</strong></span> 
     </span>
    </p>
   </div>
   <div class='ocr_carea' id='block_1_65' title="bbox 492 3315 2054 3380">
    <p class='ocr_par' dir='ltr' id='par_1_65' title="bbox 492 3315 2054 3380">
     <span class='ocr_line' id='line_1_65' title="bbox 492 3315 2054 3380; baseline 0 -6"><span class='ocrx_word' id='word_1_490' title='bbox 492 3321 537 3374; x_wconf 90' lang='lat' dir='ltr'><strong>si</strong></span> <span class='ocrx_word' id='word_1_491' title='bbox 573 3319 781 3375; x_wconf 89' lang='lat' dir='ltr'><strong>Pascha</strong></span> <span class='ocrx_word' id='word_1_492' title='bbox 834 3317 1185 3380; x_wconf 78' lang='lat' dir='ltr'><strong>celebrasset,</strong></span> <span class='ocrx_word' id='word_1_493' title='bbox 1226 3325 1281 3371; x_wconf 91' lang='lat' dir='ltr'><strong>et</strong></span> <span class='ocrx_word' id='word_1_494' title='bbox 1325 3315 1705 3372; x_wconf 85' lang='lat' dir='ltr'><strong>fermentatum</strong></span> <span class='ocrx_word' id='word_1_495' title='bbox 1759 3330 2054 3374; x_wconf 82' lang='lat' dir='ltr'><strong>servasset.</strong></span> 
     </span>
    </p>
   </div>
   <div class='ocr_carea' id='block_1_66' title="bbox 492 3407 2061 3481">
    <p class='ocr_par' dir='ltr' id='par_1_66' title="bbox 492 3407 2061 3481">
     <span class='ocr_line' id='line_1_66' title="bbox 492 3407 2061 3481; baseline 0 -15"><span class='ocrx_word' id='word_1_496' title='bbox 492 3413 625 3466; x_wconf 85' lang='lat' dir='ltr'><strong>Esse</strong></span> <span class='ocrx_word' id='word_1_497' title='bbox 656 3425 819 3480; x_wconf 89' lang='lat' dir='ltr'><strong>porro</strong></span> <span class='ocrx_word' id='word_1_498' title='bbox 849 3411 899 3464; x_wconf 90' lang='lat' dir='ltr'><strong>id</strong></span> <span class='ocrx_word' id='word_1_499' title='bbox 934 3410 1050 3477; x_wconf 75' lang='lat' dir='ltr'><strong>lege</strong></span> <span class='ocrx_word' id='word_1_500' title='bbox 1076 3409 1323 3469; x_wconf 87' lang='lat' dir='ltr'><strong>vetitum,</strong></span> <span class='ocrx_word' id='word_1_501' title='bbox 1355 3408 1483 3462; x_wconf 90' lang='lat' dir='ltr'><strong>audi</strong></span> <span class='ocrx_word' id='word_1_502' title='bbox 1532 3407 1692 3462; x_wconf 87' lang='lat' dir='ltr'><strong>verba</strong></span> <span class='ocrx_word' id='word_1_503' title='bbox 1723 3409 1844 3478; x_wconf 90' lang='lat' dir='ltr'><strong>ejus</strong></span> <span class='ocrx_word' id='word_1_504' title='bbox 1872 3413 2061 3481; x_wconf 67' lang='lat' dir='ltr'><strong>prteci-</strong></span> 
     </span>
    </p>
   </div>
   <div class='ocr_carea' id='block_1_67' title="bbox 493 3501 2063 3576">
    <p class='ocr_par' dir='ltr' id='par_1_67' title="bbox 493 3501 2063 3576">
     <span class='ocr_line' id='line_1_67' title="bbox 493 3501 2063 3576; baseline -0.002 -17"><span class='ocrx_word' id='word_1_505' title='bbox 493 3506 693 3576; x_wconf 86' lang='lat' dir='ltr'><strong>pientis</strong></span> <span class='ocrx_word' id='word_1_506' title='bbox 723 3521 738 3556; x_wconf 90' lang='lat'><strong>:</strong></span> <span class='ocrx_word' id='word_1_507' title='bbox 775 3503 980 3571; x_wconf 86' lang='lat' dir='ltr'><strong>Septem</strong></span> <span class='ocrx_word' id='word_1_508' title='bbox 1025 3502 1208 3556; x_wconf 86' lang='lat' dir='ltr'><strong>diebus</strong></span> <span class='ocrx_word' id='word_1_509' title='bbox 1231 3518 1416 3572; x_wconf 76' lang='lat' dir='ltr'><strong>azyma</strong></span> <span class='ocrx_word' id='word_1_510' title='bbox 1467 3501 1779 3555; x_wconf 77' lang='lat' dir='ltr'><strong>comedetis:</strong></span> <span class='ocrx_word' id='word_1_511' title='bbox 1814 3504 1898 3557; x_wconf 87' lang='lat' dir='ltr'><strong>die</strong></span> <span class='ocrx_word' id='word_1_512' title='bbox 1947 3505 2063 3574; x_wconf 79' lang='lat' dir='ltr'><strong>pri-&#39;-</strong></span> 
     </span>
    </p>
   </div>
   <div class='ocr_carea' id='block_1_68' title="bbox 494 3592 2062 3664">
    <p class='ocr_par' dir='ltr' id='par_1_68' title="bbox 494 3592 2062 3664">
     <span class='ocr_line' id='line_1_68' title="bbox 494 3592 2062 3664; baseline -0.002 -12"><span class='ocrx_word' id='word_1_513' title='bbox 494 3615 581 3652; x_wconf 88' lang='lat' dir='ltr'><strong>mo</strong></span> <span class='ocrx_word' id='word_1_514' title='bbox 612 3613 714 3650; x_wconf 89' lang='lat' dir='ltr'><strong>non</strong></span> <span class='ocrx_word' id='word_1_515' title='bbox 739 3597 837 3649; x_wconf 86' lang='lat' dir='ltr'><strong>erit</strong></span> <span class='ocrx_word' id='word_1_516' title='bbox 870 3596 1188 3664; x_wconf 78' lang='lat' dir='ltr'><strong>fermentum</strong></span> <span class='ocrx_word' id='word_1_517' title='bbox 1229 3595 1280 3645; x_wconf 84' lang='lat' dir='ltr'><strong>in</strong></span> <span class='ocrx_word' id='word_1_518' title='bbox 1310 3592 1553 3646; x_wconf 78' lang='lat' dir='ltr'><strong>domibus</strong></span> <span class='ocrx_word' id='word_1_519' title='bbox 1588 3595 1794 3649; x_wconf 80' lang='lat' dir='ltr'><strong>uestris.</strong></span> <span class='ocrx_word' id='word_1_520' title='bbox 1829 3595 2062 3660; x_wconf 84' lang='lat' dir='ltr'><strong>Quicun-</strong></span> 
     </span>
    </p>
   </div>
   <div class='ocr_carea' id='block_1_69' title="bbox 495 3684 2060 3760">
    <p class='ocr_par' dir='ltr' id='par_1_69' title="bbox 495 3684 2060 3760">
     <span class='ocr_line' id='line_1_69' title="bbox 495 3684 2060 3760; baseline 0 -18"><span class='ocrx_word' id='word_1_521' title='bbox 495 3707 590 3760; x_wconf 88' lang='lat' dir='ltr'><strong>que</strong></span> <span class='ocrx_word' id='word_1_522' title='bbox 628 3688 905 3742; x_wconf 82' lang='lat' dir='ltr'><strong>comederit</strong></span> <span class='ocrx_word' id='word_1_523' title='bbox 935 3688 1267 3755; x_wconf 79' lang='lat' dir='ltr'><strong>fermentum,</strong></span> <span class='ocrx_word' id='word_1_524' title='bbox 1295 3684 1485 3754; x_wconf 81' lang='lat' dir='ltr'><strong>peribit</strong></span> <span class='ocrx_word' id='word_1_525' title='bbox 1521 3686 1701 3738; x_wconf 89' lang='lat' dir='ltr'><strong>anima</strong></span> <span class='ocrx_word' id='word_1_526' title='bbox 1748 3687 1844 3740; x_wconf 82' lang='lat' dir='ltr'><strong>illa</strong></span> <span class='ocrx_word' id='word_1_527' title='bbox 1885 3689 1950 3742; x_wconf 89' lang='lat' dir='ltr'><strong>de</strong></span> <span class='ocrx_word' id='word_1_528' title='bbox 1979 3688 2060 3742; x_wconf 84' lang='lat' dir='ltr'><strong>Is-</strong></span> 
     </span>
    </p>
   </div>
   <div class='ocr_carea' id='block_1_70' title="bbox 496 3775 2060 3849">
    <p class='ocr_par' dir='ltr' id='par_1_70' title="bbox 496 3775 2060 3849">
     <span class='ocr_line' id='line_1_70' title="bbox 496 3775 2060 3849; baseline -0.001 -15"><span class='ocrx_word' id='word_1_529' title='bbox 496 3782 624 3836; x_wconf 84' lang='lat' dir='ltr'><strong>rael.</strong></span> <span class='ocrx_word' id='word_1_530' title='bbox 655 3781 718 3834; x_wconf 87' lang='lat' dir='ltr'><strong>Et</strong></span> <span class='ocrx_word' id='word_1_531' title='bbox 754 3780 912 3849; x_wconf 89' lang='lat' dir='ltr'><strong>paulo</strong></span> <span class='ocrx_word' id='word_1_532' title='bbox 940 3787 1096 3846; x_wconf 86' lang='lat' dir='ltr'><strong>post:</strong></span> <span class='ocrx_word' id='word_1_533' title='bbox 1161 3775 1344 3828; x_wconf 84' lang='lat' dir='ltr'><strong>Primo</strong></span> <span class='ocrx_word' id='word_1_534' title='bbox 1403 3793 1596 3838; x_wconf 80' lang='lat' dir='ltr'><strong>mense,</strong></span> <span class='ocrx_word' id='word_1_535' title='bbox 1629 3786 1820 3846; x_wconf 84' lang='lat' dir='ltr'><strong>quarta</strong></span> <span class='ocrx_word' id='word_1_536' title='bbox 1855 3781 2060 3833; x_wconf 86' lang='lat' dir='ltr'><strong>decima</strong></span> 
     </span>
    </p>
   </div>
   <div class='ocr_carea' id='block_1_71' title="bbox 497 3867 2058 3938">
    <p class='ocr_par' dir='ltr' id='par_1_71' title="bbox 497 3867 2058 3938">
     <span class='ocr_line' id='line_1_71' title="bbox 497 3867 2058 3938; baseline -0.001 -13"><span class='ocrx_word' id='word_1_537' title='bbox 497 3873 583 3927; x_wconf 83' lang='lat' dir='ltr'><strong>die</strong></span> <span class='ocrx_word' id='word_1_538' title='bbox 606 3871 818 3934; x_wconf 87' lang='lat' dir='ltr'><strong>mensis,</strong></span> <span class='ocrx_word' id='word_1_539' title='bbox 861 3871 928 3922; x_wconf 86' lang='lat' dir='ltr'><strong>ad</strong></span> <span class='ocrx_word' id='word_1_540' title='bbox 961 3883 1224 3934; x_wconf 77' lang='lat' dir='ltr'><strong>vesperam</strong></span> <span class='ocrx_word' id='word_1_541' title='bbox 1252 3867 1529 3919; x_wconf 81' lang='lat' dir='ltr'><strong>comedetis</strong></span> <span class='ocrx_word' id='word_1_542' title='bbox 1575 3884 1762 3936; x_wconf 82' lang='lat' dir='ltr'><strong>azyma</strong></span> <span class='ocrx_word' id='word_1_543' title='bbox 1793 3886 1957 3938; x_wconf 80' lang='lat' dir='ltr'><strong>usque</strong></span> <span class='ocrx_word' id='word_1_544' title='bbox 1991 3873 2058 3923; x_wconf 86' lang='lat' dir='ltr'><strong>ad</strong></span> 
     </span>
    </p>
   </div>
   <div class='ocr_carea' id='block_1_72' title="bbox 495 3958 2061 4030">
    <p class='ocr_par' dir='ltr' id='par_1_72' title="bbox 495 3958 2061 4030">
     <span class='ocr_line' id='line_1_72' title="bbox 495 3958 2061 4030; baseline -0.002 -12"><span class='ocrx_word' id='word_1_545' title='bbox 495 3967 632 4018; x_wconf 89' lang='lat' dir='ltr'><strong>diem</strong></span> <span class='ocrx_word' id='word_1_546' title='bbox 667 3963 963 4016; x_wconf 79' lang='lat' dir='ltr'><strong>vicesimam</strong></span> <span class='ocrx_word' id='word_1_547' title='bbox 1008 3960 1232 4027; x_wconf 84' lang='lat' dir='ltr'><strong>primaut</strong></span> <span class='ocrx_word' id='word_1_548' title='bbox 1266 3958 1498 4024; x_wconf 82' lang='lat' dir='ltr'><strong>ejusdem</strong></span> <span class='ocrx_word' id='word_1_549' title='bbox 1540 3961 1729 4012; x_wconf 80' lang='lat' dir='ltr'><strong>mensis</strong></span> <span class='ocrx_word' id='word_1_550' title='bbox 1770 3962 1839 4013; x_wconf 86' lang='lat' dir='ltr'><strong>ad</strong></span> <span class='ocrx_word' id='word_1_551' title='bbox 1889 3978 2061 4030; x_wconf 82' lang='lat' dir='ltr'><strong>vespe-</strong></span> 
     </span>
    </p>
   </div>
   <div class='ocr_carea' id='block_1_73' title="bbox 497 4048 2060 4117">
    <p class='ocr_par' dir='ltr' id='par_1_73' title="bbox 497 4048 2060 4117">
     <span class='ocr_line' id='line_1_73' title="bbox 497 4048 2060 4117; baseline 0 -11"><span class='ocrx_word' id='word_1_552' title='bbox 497 4066 653 4106; x_wconf 88' lang='lat' dir='ltr'><strong>ram:</strong></span> <span class='ocrx_word' id='word_1_553' title='bbox 685 4060 875 4117; x_wconf 83' lang='lat' dir='ltr'><strong>septem</strong></span> <span class='ocrx_word' id='word_1_554' title='bbox 907 4049 1092 4102; x_wconf 82' lang='lat' dir='ltr'><strong>diebus</strong></span> <span class='ocrx_word' id='word_1_555' title='bbox 1151 4048 1460 4116; x_wconf 76' lang='lat' dir='ltr'><strong>fermentum</strong></span> <span class='ocrx_word' id='word_1_556' title='bbox 1509 4065 1612 4100; x_wconf 81' lang='lat' dir='ltr'><strong>non</strong></span> <span class='ocrx_word' id='word_1_557' title='bbox 1669 4049 1960 4104; x_wconf 78' lang='lat' dir='ltr'><strong>invenietur</strong></span> <span class='ocrx_word' id='word_1_558' title='bbox 2009 4055 2060 4106; x_wconf 87' lang='lat' dir='ltr'><strong>in</strong></span> 
     </span>
    </p>
   </div>
   <div class='ocr_carea' id='block_1_74' title="bbox 497 4141 2062 4212">
    <p class='ocr_par' dir='ltr' id='par_1_74' title="bbox 497 4141 2062 4212">
     <span class='ocr_line' id='line_1_74' title="bbox 497 4141 2062 4212; baseline 0.001 -15"><span class='ocrx_word' id='word_1_559' title='bbox 497 4143 736 4197; x_wconf 79' lang='lat' dir='ltr'><strong>domibus</strong></span> <span class='ocrx_word' id='word_1_560' title='bbox 754 4143 942 4196; x_wconf 80' lang='lat' dir='ltr'><strong>uestris</strong></span> <span class='ocrx_word' id='word_1_561' title='bbox 967 4156 986 4194; x_wconf 91' lang='lat'><strong><em>:</em></strong></span> <span class='ocrx_word' id='word_1_562' title='bbox 1009 4141 1097 4209; x_wconf 86' lang='lat' dir='ltr'><strong>qui</strong></span> <span class='ocrx_word' id='word_1_563' title='bbox 1125 4141 1403 4193; x_wconf 85' lang='lat' dir='ltr'><strong>comederit</strong></span> <span class='ocrx_word' id='word_1_564' title='bbox 1438 4141 1830 4208; x_wconf 77' lang='lat' dir='ltr'><strong>fermentatum,</strong></span> <span class='ocrx_word' id='word_1_565' title='bbox 1875 4146 2062 4212; x_wconf 80' lang='lat' dir='ltr'><strong>peribit</strong></span> 
     </span>
    </p>
   </div>
   <div class='ocr_carea' id='block_1_75' title="bbox 497 4229 2062 4301">
    <p class='ocr_par' dir='ltr' id='par_1_75' title="bbox 497 4229 2062 4301">
     <span class='ocr_line' id='line_1_75' title="bbox 497 4229 2062 4301; baseline 0.002 -12"><span class='ocrx_word' id='word_1_566' title='bbox 497 4236 675 4289; x_wconf 86' lang='lat' dir='ltr'><strong>anima</strong></span> <span class='ocrx_word' id='word_1_567' title='bbox 719 4233 831 4301; x_wconf 86' lang='lat' dir='ltr'><strong>ejus</strong></span> <span class='ocrx_word' id='word_1_568' title='bbox 855 4233 916 4285; x_wconf 89' lang='lat' dir='ltr'><strong>de</strong></span> <span class='ocrx_word' id='word_1_569' title='bbox 939 4241 1073 4286; x_wconf 66' lang='lat' dir='ltr'><strong>coetu</strong></span> <span class='ocrx_word' id='word_1_570' title='bbox 1123 4229 1386 4285; x_wconf 80' lang='lat' dir='ltr'><strong>Israel“.</strong></span> <span class='ocrx_word' id='word_1_571' title='bbox 1426 4231 1578 4298; x_wconf 85' lang='lat' dir='ltr'><strong>Quod</strong></span> <span class='ocrx_word' id='word_1_572' title='bbox 1629 4248 1757 4287; x_wconf 85' lang='lat' dir='ltr'><strong>vero</strong></span> <span class='ocrx_word' id='word_1_573' title='bbox 1810 4235 2062 4292; x_wconf 85' lang='lat' dir='ltr'><strong>Christus</strong></span> 
     </span>
    </p>
   </div>
   <div class='ocr_carea' id='block_1_76' title="bbox 495 4321 2060 4396">
    <p class='ocr_par' dir='ltr' id='par_1_76' title="bbox 495 4321 2060 4396">
     <span class='ocr_line' id='line_1_76' title="bbox 495 4321 2060 4396; baseline -0.001 -13"><span class='ocrx_word' id='word_1_574' title='bbox 495 4335 709 4383; x_wconf 81' lang='lat' dir='ltr'><strong>servato</strong></span> <span class='ocrx_word' id='word_1_575' title='bbox 741 4325 874 4396; x_wconf 89' lang='lat' dir='ltr'><strong>legis</strong></span> <span class='ocrx_word' id='word_1_576' title='bbox 900 4325 1216 4395; x_wconf 69' lang='lat' dir='ltr'><strong>praescripto</strong></span> <span class='ocrx_word' id='word_1_577' title='bbox 1267 4321 1478 4377; x_wconf 87' lang='lat' dir='ltr'><strong>Pascha</strong></span> <span class='ocrx_word' id='word_1_578' title='bbox 1529 4322 1838 4392; x_wconf 86' lang='lat' dir='ltr'><strong>celebrarit,</strong></span> <span class='ocrx_word' id='word_1_579' title='bbox 1888 4325 2060 4381; x_wconf 65' lang='lat' dir='ltr'><strong>Judaei</strong></span> 
     </span>
    </p>
   </div>
   <div class='ocr_carea' id='block_1_77' title="bbox 495 4414 2064 4486">
    <p class='ocr_par' dir='ltr' id='par_1_77' title="bbox 495 4414 2064 4486">
     <span class='ocr_line' id='line_1_77' title="bbox 495 4414 2064 4486; baseline 0.001 -14"><span class='ocrx_word' id='word_1_580' title='bbox 495 4433 625 4472; x_wconf 87' lang='lat' dir='ltr'><strong>vero</strong></span> <span class='ocrx_word' id='word_1_581' title='bbox 664 4430 1005 4486; x_wconf 84' lang='lat' dir='ltr'><strong>nequaquam</strong></span> <span class='ocrx_word' id='word_1_582' title='bbox 1038 4414 1171 4469; x_wconf 90' lang='lat' dir='ltr'><strong>illud</strong></span> <span class='ocrx_word' id='word_1_583' title='bbox 1227 4414 1517 4480; x_wconf 83' lang='lat' dir='ltr'><strong>servarint,</strong></span> <span class='ocrx_word' id='word_1_584' title='bbox 1549 4414 1644 4470; x_wconf 91' lang='lat' dir='ltr'><strong>sed</strong></span> <span class='ocrx_word' id='word_1_585' title='bbox 1673 4416 1816 4470; x_wconf 90' lang='lat' dir='ltr'><strong>diem</strong></span> <span class='ocrx_word' id='word_1_586' title='bbox 1882 4427 2064 4473; x_wconf 88' lang='lat' dir='ltr'><strong>trans-</strong></span> 
     </span>
    </p>
   </div>
   <div class='ocr_carea' id='block_1_78' title="bbox 493 4506 2060 4583">
    <p class='ocr_par' dir='ltr' id='par_1_78' title="bbox 493 4506 2060 4583">
     <span class='ocr_line' id='line_1_78' title="bbox 493 4506 2060 4583; baseline -0.001 -18"><span class='ocrx_word' id='word_1_587' title='bbox 493 4512 666 4583; x_wconf 83' lang='lat' dir='ltr'><strong>gressi</strong></span> <span class='ocrx_word' id='word_1_588' title='bbox 699 4510 922 4573; x_wconf 88' lang='lat' dir='ltr'><strong>fuerint,</strong></span> <span class='ocrx_word' id='word_1_589' title='bbox 946 4510 1070 4562; x_wconf 90' lang='lat' dir='ltr'><strong>audi</strong></span> <span class='ocrx_word' id='word_1_590' title='bbox 1102 4508 1216 4563; x_wconf 89' lang='lat' dir='ltr'><strong>oris</strong></span> <span class='ocrx_word' id='word_1_591' title='bbox 1236 4507 1383 4561; x_wconf 88' lang='lat' dir='ltr'><strong>aurei</strong></span> <span class='ocrx_word' id='word_1_592' title='bbox 1419 4506 1631 4561; x_wconf 91' lang='lat' dir='ltr'><strong>Patrem</strong></span> <span class='ocrx_word' id='word_1_593' title='bbox 1655 4508 1878 4563; x_wconf 89' lang='lat' dir='ltr'><strong>homilia</strong></span> <span class='ocrx_word' id='word_1_594' title='bbox 1911 4516 2060 4564; x_wconf 83' lang='lat' dir='ltr'><strong>octo-</strong></span> 
     </span>
    </p>
   </div>
   <div class='ocr_carea' id='block_1_79' title="bbox 493 4598 2062 4672">
    <p class='ocr_par' dir='ltr' id='par_1_79' title="bbox 493 4598 2062 4672">
     <span class='ocr_line' id='line_1_79' title="bbox 493 4598 2062 4672; baseline -0.003 -14"><span class='ocrx_word' id='word_1_595' title='bbox 493 4603 692 4672; x_wconf 85' lang='lat' dir='ltr'><strong>gesima</strong></span> <span class='ocrx_word' id='word_1_596' title='bbox 723 4611 916 4670; x_wconf 89' lang='lat' dir='ltr'><strong>quarta</strong></span> <span class='ocrx_word' id='word_1_597' title='bbox 973 4599 1026 4654; x_wconf 91' lang='lat' dir='ltr'><strong>in</strong></span> <span class='ocrx_word' id='word_1_598' title='bbox 1074 4599 1360 4662; x_wconf 72' lang='lat' dir='ltr'><strong>Joannem,</strong></span> <span class='ocrx_word' id='word_1_599' title='bbox 1405 4598 1535 4652; x_wconf 88' lang='lat' dir='ltr'><strong>dum</strong></span> <span class='ocrx_word' id='word_1_600' title='bbox 1564 4599 1728 4654; x_wconf 89' lang='lat' dir='ltr'><strong>verba</strong></span> <span class='ocrx_word' id='word_1_601' title='bbox 1771 4598 1861 4652; x_wconf 88' lang='lat' dir='ltr'><strong>illa</strong></span> <span class='ocrx_word' id='word_1_602' title='bbox 1896 4615 2062 4668; x_wconf 72' lang='lat' dir='ltr'><strong>expo-</strong></span> 
     </span>
    </p>
   </div>
   <div class='ocr_carea' id='block_1_80' title="bbox 493 4674 2062 4758">
    <p class='ocr_par' dir='ltr' id='par_1_80' title="bbox 493 4674 2062 4758">
     <span class='ocr_line' id='line_1_80' title="bbox 493 4674 2062 4758; baseline -0.003 -10"><span class='ocrx_word' id='word_1_603' title='bbox 493 4697 606 4748; x_wconf 89' lang='lat' dir='ltr'><strong>nit:</strong></span> <span class='ocrx_word' id='word_1_604' title='bbox 638 4693 916 4747; x_wconf 79' lang='lat' dir='ltr'><strong>Adducunt</strong></span> <span class='ocrx_word' id='word_1_605' title='bbox 939 4674 1122 4749; x_wconf 52' lang='lat' dir='ltr'><strong>Jesu&#39;m</strong></span> <span class='ocrx_word' id='word_1_606' title='bbox 1150 4707 1181 4744; x_wconf 92' lang='lat' dir='ltr'><strong>a</strong></span> <span class='ocrx_word' id='word_1_607' title='bbox 1209 4689 1412 4756; x_wconf 84' lang='lat' dir='ltr'><strong>Caipha</strong></span> <span class='ocrx_word' id='word_1_608' title='bbox 1456 4691 1510 4743; x_wconf 85' lang='lat' dir='ltr'><strong>in</strong></span> <span class='ocrx_word' id='word_1_609' title='bbox 1551 4691 1858 4758; x_wconf 77' lang='lat' dir='ltr'><strong>prtetorium</strong></span> <span class='ocrx_word' id='word_1_610' title='bbox 1887 4708 1900 4744; x_wconf 94' lang='lat'><strong>:</strong></span> <span class='ocrx_word' id='word_1_611' title='bbox 1951 4690 2062 4745; x_wconf 91' lang='lat' dir='ltr'><strong>Cur</strong></span> 
     </span>
    </p>
   </div>
   <div class='ocr_carea' id='block_1_81' title="bbox 495 4779 2059 4850">
    <p class='ocr_par' dir='ltr' id='par_1_81' title="bbox 495 4779 2059 4850">
     <span class='ocr_line' id='line_1_81' title="bbox 495 4779 2059 4850; baseline -0.004 -9"><span class='ocrx_word' id='word_1_612' title='bbox 495 4787 638 4841; x_wconf 89' lang='lat' dir='ltr'><strong>enim</strong></span> <span class='ocrx_word' id='word_1_613' title='bbox 680 4786 811 4838; x_wconf 88' lang='lat' dir='ltr'><strong>illnc</strong></span> <span class='ocrx_word' id='word_1_614' title='bbox 847 4798 972 4837; x_wconf 88' lang='lat' dir='ltr'><strong>eum</strong></span> <span class='ocrx_word' id='word_1_615' title='bbox 1025 4785 1322 4842; x_wconf 81' lang='lat' dir='ltr'><strong>duxerunt,</strong></span> <span class='ocrx_word' id='word_1_616' title='bbox 1365 4779 1458 4832; x_wconf 89' lang='lat' dir='ltr'><strong>ubi</strong></span> <span class='ocrx_word' id='word_1_617' title='bbox 1493 4793 1686 4834; x_wconf 91' lang='lat' dir='ltr'><strong>omnes</strong></span> <span class='ocrx_word' id='word_1_618' title='bbox 1743 4781 2059 4850; x_wconf 82' lang='lat' dir='ltr'><strong>congregati</strong></span> 
     </span>
    </p>
   </div>
   <div class='ocr_carea' id='block_1_82' title="bbox 491 4867 2056 4936">
    <p class='ocr_par' dir='ltr' id='par_1_82' title="bbox 491 4867 2056 4936">
     <span class='ocr_line' id='line_1_82' title="bbox 491 4867 2056 4936; baseline -0.006 -5"><span class='ocrx_word' id='word_1_619' title='bbox 491 4878 686 4932; x_wconf 84' lang='lat' dir='ltr'><strong>erant?</strong></span> <span class='ocrx_word' id='word_1_620' title='bbox 717 4873 785 4930; x_wconf 88' lang='lat' dir='ltr'><strong>Ut</strong></span> <span class='ocrx_word' id='word_1_621' title='bbox 818 4889 904 4928; x_wconf 85' lang='lat' dir='ltr'><strong>res</strong></span> <span class='ocrx_word' id='word_1_622' title='bbox 927 4873 1075 4926; x_wconf 87' lang='lat' dir='ltr'><strong>fieret</strong></span> <span class='ocrx_word' id='word_1_623' title='bbox 1105 4867 1386 4924; x_wconf 89' lang='lat' dir='ltr'><strong>communi</strong></span> <span class='ocrx_word' id='word_1_624' title='bbox 1443 4867 1687 4921; x_wconf 89' lang='lat' dir='ltr'><strong>omnium</strong></span> <span class='ocrx_word' id='word_1_625' title='bbox 1740 4869 2056 4936; x_wconf 85' lang='lat' dir='ltr'><strong>pontificum</strong></span> 
     </span>
    </p>
   </div>
   <div class='ocr_carea' id='block_1_83' title="bbox 492 4959 2056 5033">
    <p class='ocr_par' dir='ltr' id='par_1_83' title="bbox 492 4959 2056 5033">
     <span class='ocr_line' id='line_1_83' title="bbox 492 4959 2056 5033; baseline -0.005 -9"><span class='ocrx_word' id='word_1_626' title='bbox 492 4984 798 5033; x_wconf 85' lang='lat' dir='ltr'><strong>consensu;</strong></span> <span class='ocrx_word' id='word_1_627' title='bbox 825 4974 943 5020; x_wconf 82' lang='lat' dir='ltr'><strong>erat</strong></span> <span class='ocrx_word' id='word_1_628' title='bbox 971 4978 1116 5018; x_wconf 75' lang='lat' dir='ltr'><strong>enim</strong></span> <span class='ocrx_word' id='word_1_629' title='bbox 1157 4962 1248 5015; x_wconf 93' lang='lat' dir='ltr'><strong>ille</strong></span> <span class='ocrx_word' id='word_1_630' title='bbox 1285 4969 1415 5014; x_wconf 90' lang='lat' dir='ltr'><strong>tunc</strong></span> <span class='ocrx_word' id='word_1_631' title='bbox 1465 4959 1729 5029; x_wconf 79' lang='lat' dir='ltr'><strong>pontifex,</strong></span> <span class='ocrx_word' id='word_1_632' title='bbox 1767 4967 1822 5014; x_wconf 90' lang='lat' dir='ltr'><strong>et</strong></span> <span class='ocrx_word' id='word_1_633' title='bbox 1866 4975 2056 5016; x_wconf 83' lang='lat' dir='ltr'><strong>omnes</strong></span> 
     </span>
    </p>
   </div>
   <div class='ocr_carea' id='block_1_84' title="bbox 493 5051 2058 5127">
    <p class='ocr_par' dir='ltr' id='par_1_84' title="bbox 493 5051 2058 5127">
     <span class='ocr_line' id='line_1_84' title="bbox 493 5051 2058 5127; baseline -0.006 -13"><span class='ocrx_word' id='word_1_634' title='bbox 493 5061 647 5114; x_wconf 90' lang='lat' dir='ltr'><strong>illum</strong></span> <span class='ocrx_word' id='word_1_635' title='bbox 679 5056 1155 5127; x_wconf 82' lang='lat' dir='ltr'><strong>praestolabantur.</strong></span> <span class='ocrx_word' id='word_1_636' title='bbox 1179 5053 1258 5106; x_wconf 90' lang='lat' dir='ltr'><strong>lta</strong></span> <span class='ocrx_word' id='word_1_637' title='bbox 1287 5051 1685 5122; x_wconf 88' lang='lat' dir='ltr'><strong>pernoctabant</strong></span> <span class='ocrx_word' id='word_1_638' title='bbox 1725 5051 2058 5120; x_wconf 87' lang='lat' dir='ltr'><strong>vigilabant-</strong></span> 
     </span>
    </p>
   </div>
   <div class='ocr_carea' id='block_1_85' title="bbox 495 5142 2057 5221">
    <p class='ocr_par' dir='ltr' id='par_1_85' title="bbox 495 5142 2057 5221">
     <span class='ocr_line' id='line_1_85' title="bbox 495 5142 2057 5221; baseline -0.004 -18"><span class='ocrx_word' id='word_1_639' title='bbox 495 5166 602 5221; x_wconf 89' lang='lat' dir='ltr'><strong>quc</strong></span> <span class='ocrx_word' id='word_1_640' title='bbox 630 5148 792 5216; x_wconf 88' lang='lat' dir='ltr'><strong>hujus</strong></span> <span class='ocrx_word' id='word_1_641' title='bbox 819 5147 896 5201; x_wconf 88' lang='lat' dir='ltr'><strong>rei</strong></span> <span class='ocrx_word' id='word_1_642' title='bbox 925 5158 1127 5198; x_wconf 89' lang='lat' dir='ltr'><strong>causa:</strong></span> <span class='ocrx_word' id='word_1_643' title='bbox 1155 5142 1275 5197; x_wconf 88' lang='lat' dir='ltr'><strong>Non</strong></span> <span class='ocrx_word' id='word_1_644' title='bbox 1323 5143 1491 5208; x_wconf 90' lang='lat' dir='ltr'><strong>enim,</strong></span> <span class='ocrx_word' id='word_1_645' title='bbox 1549 5142 1750 5212; x_wconf 89' lang='lat' dir='ltr'><strong>inquit,</strong></span> <span class='ocrx_word' id='word_1_646' title='bbox 1809 5143 2057 5197; x_wconf 88' lang='lat' dir='ltr'><strong>comede-</strong></span> 
     </span>
    </p>
   </div>
   <div class='ocr_carea' id='block_1_86' title="bbox 498 5234 2055 5304">
    <p class='ocr_par' dir='ltr' id='par_1_86' title="bbox 498 5234 2055 5304">
     <span class='ocr_line' id='line_1_86' title="bbox 498 5234 2055 5304; baseline -0.006 -7"><span class='ocrx_word' id='word_1_647' title='bbox 498 5253 624 5298; x_wconf 88' lang='lat' dir='ltr'><strong>runt</strong></span> <span class='ocrx_word' id='word_1_648' title='bbox 654 5239 859 5295; x_wconf 84' lang='lat' dir='ltr'><strong>Pascha</strong></span> <span class='ocrx_word' id='word_1_649' title='bbox 891 5246 1044 5299; x_wconf 88' lang='lat' dir='ltr'><strong>tunc,</strong></span> <span class='ocrx_word' id='word_1_650' title='bbox 1079 5234 1175 5291; x_wconf 88' lang='lat' dir='ltr'><strong>sed</strong></span> <span class='ocrx_word' id='word_1_651' title='bbox 1221 5246 1506 5304; x_wconf 88' lang='lat' dir='ltr'><strong>propterea</strong></span> <span class='ocrx_word' id='word_1_652' title='bbox 1556 5235 1874 5304; x_wconf 80' lang='lat' dir='ltr'><strong>vigilabant.</strong></span> <span class='ocrx_word' id='word_1_653' title='bbox 1923 5235 2055 5289; x_wconf 83' lang='lat' dir='ltr'><strong>Nam</strong></span> 
     </span>
    </p>
   </div>
   <div class='ocr_carea' id='block_1_87' title="bbox 500 5325 2056 5404">
    <p class='ocr_par' dir='ltr' id='par_1_87' title="bbox 500 5325 2056 5404">
     <span class='ocr_line' id='line_1_87' title="bbox 500 5325 2056 5404; baseline -0.006 -18"><span class='ocrx_word' id='word_1_654' title='bbox 500 5346 622 5404; x_wconf 80' lang='lat' dir='ltr'><strong>post</strong></span> <span class='ocrx_word' id='word_1_655' title='bbox 654 5335 742 5387; x_wconf 85' lang='lat' dir='ltr'><strong>illa</strong></span> <span class='ocrx_word' id='word_1_656' title='bbox 777 5333 967 5387; x_wconf 84' lang='lat' dir='ltr'><strong>verba:</strong></span> <span class='ocrx_word' id='word_1_657' title='bbox 1011 5330 1140 5384; x_wconf 87' lang='lat' dir='ltr'><strong>Erat</strong></span> <span class='ocrx_word' id='word_1_658' title='bbox 1171 5337 1342 5380; x_wconf 89' lang='lat' dir='ltr'><strong>autem</strong></span> <span class='ocrx_word' id='word_1_659' title='bbox 1370 5325 1800 5389; x_wconf 83' lang='lat' dir='ltr'><strong>mane,.loannes</strong></span> <span class='ocrx_word' id='word_1_660' title='bbox 1855 5327 2056 5392; x_wconf 90' lang='lat' dir='ltr'><strong>intulit,</strong></span> 
     </span>
    </p>
   </div>
   <div class='ocr_carea' id='block_1_88' title="bbox 500 5416 2058 5489">
    <p class='ocr_par' dir='ltr' id='par_1_88' title="bbox 500 5416 2058 5489">
     <span class='ocr_line' id='line_1_88' title="bbox 500 5416 2058 5489; baseline -0.005 -12"><span class='ocrx_word' id='word_1_661' title='bbox 500 5423 572 5476; x_wconf 83' lang='lat' dir='ltr'><strong>Et</strong></span> <span class='ocrx_word' id='word_1_662' title='bbox 599 5423 700 5489; x_wconf 85' lang='lat' dir='ltr'><strong>ipsi</strong></span> <span class='ocrx_word' id='word_1_663' title='bbox 737 5437 836 5476; x_wconf 87' lang='lat' dir='ltr'><strong>non</strong></span> <span class='ocrx_word' id='word_1_664' title='bbox 864 5421 1175 5475; x_wconf 87' lang='lat' dir='ltr'><strong>introierunt</strong></span> <span class='ocrx_word' id='word_1_665' title='bbox 1210 5420 1264 5471; x_wconf 87' lang='lat' dir='ltr'><strong>in</strong></span> <span class='ocrx_word' id='word_1_666' title='bbox 1313 5416 1639 5485; x_wconf 69' lang='lat' dir='ltr'><strong>praetorium,</strong></span> <span class='ocrx_word' id='word_1_667' title='bbox 1674 5426 1728 5467; x_wconf 84' lang='lat' dir='ltr'><strong>ut</strong></span> <span class='ocrx_word' id='word_1_668' title='bbox 1769 5432 1877 5469; x_wconf 84' lang='lat' dir='ltr'><strong>non</strong></span> <span class='ocrx_word' id='word_1_669' title='bbox 1932 5433 2058 5469; x_wconf 67' lang='lat' dir='ltr'><strong>cen-</strong></span> 
     </span>
    </p>
   </div>
   <div class='ocr_carea' id='block_1_89' title="bbox 501 5506 2056 5577">
    <p class='ocr_par' dir='ltr' id='par_1_89' title="bbox 501 5506 2056 5577">
     <span class='ocr_line' id='line_1_89' title="bbox 501 5506 2056 5577; baseline -0.007 -4"><span class='ocrx_word' id='word_1_670' title='bbox 501 5518 905 5577; x_wconf 82' lang='lat' dir='ltr'><strong>taminarentur,</strong></span> <span class='ocrx_word' id='word_1_671' title='bbox 940 5510 1028 5566; x_wconf 84' lang='lat' dir='ltr'><strong>sed</strong></span> <span class='ocrx_word' id='word_1_672' title='bbox 1063 5518 1119 5564; x_wconf 87' lang='lat' dir='ltr'><strong>ut</strong></span> <span class='ocrx_word' id='word_1_673' title='bbox 1150 5509 1527 5564; x_wconf 82' lang='lat' dir='ltr'><strong>manducarent</strong></span> <span class='ocrx_word' id='word_1_674' title='bbox 1580 5506 1782 5560; x_wconf 83' lang='lat' dir='ltr'><strong>Pascha</strong></span> <span class='ocrx_word' id='word_1_675' title='bbox 1820 5508 1880 5560; x_wconf 75' lang='lat'><strong>“.</strong></span> <span class='ocrx_word' id='word_1_676' title='bbox 1917 5509 2056 5573; x_wconf 75' lang='lat' dir='ltr'><strong>Quid</strong></span> 
     </span>
    </p>
   </div>
   <div class='ocr_carea' id='block_1_90' title="bbox 498 5600 2059 5682">
    <p class='ocr_par' dir='ltr' id='par_1_90' title="bbox 498 5600 2059 5682">
     <span class='ocr_line' id='line_1_90' title="bbox 498 5600 2059 5682; baseline -0.006 -17"><span class='ocrx_word' id='word_1_677' title='bbox 498 5624 629 5682; x_wconf 83' lang='lat' dir='ltr'><strong>ergo</strong></span> <span class='ocrx_word' id='word_1_678' title='bbox 659 5609 724 5664; x_wconf 88' lang='lat' dir='ltr'><strong>ad</strong></span> <span class='ocrx_word' id='word_1_679' title='bbox 754 5608 868 5661; x_wconf 69' lang='lat' dir='ltr'><strong>inec</strong></span> <span class='ocrx_word' id='word_1_680' title='bbox 888 5603 1175 5660; x_wconf 82' lang='lat' dir='ltr'><strong>dicemus?</strong></span> <span class='ocrx_word' id='word_1_681' title='bbox 1207 5602 1344 5657; x_wconf 88' lang='lat' dir='ltr'><strong>Illud</strong></span> <span class='ocrx_word' id='word_1_682' title='bbox 1383 5617 1534 5666; x_wconf 82' lang='lat' dir='ltr'><strong>sane,</strong></span> <span class='ocrx_word' id='word_1_683' title='bbox 1583 5601 1725 5671; x_wconf 92' lang='lat' dir='ltr'><strong>quod</strong></span> <span class='ocrx_word' id='word_1_684' title='bbox 1759 5600 1926 5656; x_wconf 79' lang='lat' dir='ltr'><strong>altera</strong></span> <span class='ocrx_word' id='word_1_685' title='bbox 1975 5602 2059 5656; x_wconf 89' lang='lat' dir='ltr'><strong>dic</strong></span> 
     </span>
    </p>
   </div>
   <div class='ocr_carea' id='block_1_91' title="bbox 577 5784 1535 5879">
    <p class='ocr_par' dir='ltr' id='par_1_91' title="bbox 577 5784 1535 5879">
     <span class='ocr_line' id='line_1_91' title="bbox 577 5784 1535 5879; baseline 0.001 -39"><span class='ocrx_word' id='word_1_686' title='bbox 577 5785 620 5817; x_wconf 84' lang='lat'>&quot;</span> <span class='ocrx_word' id='word_1_687' title='bbox 650 5784 782 5879; x_wconf 81' lang='lat' dir='ltr'><strong>Luc.</strong></span> <span class='ocrx_word' id='word_1_688' title='bbox 819 5803 953 5859; x_wconf 79' lang='lat' dir='ltr'><strong>xxu,</strong></span> <span class='ocrx_word' id='word_1_689' title='bbox 986 5789 1084 5859; x_wconf 82' lang='lat' dir='ltr'><strong>l9;</strong></span> <span class='ocrx_word' id='word_1_690' title='bbox 1121 5787 1138 5843; x_wconf 95' lang='lat' dir='ltr'><strong>l</strong></span> <span class='ocrx_word' id='word_1_691' title='bbox 1172 5788 1302 5846; x_wconf 66' lang='lat' dir='ltr'><strong>Cor;</strong></span> <span class='ocrx_word' id='word_1_692' title='bbox 1328 5802 1400 5853; x_wconf 70' lang='grc' dir='ltr'>χι,</span> <span class='ocrx_word' id='word_1_693' title='bbox 1444 5787 1535 5843; x_wconf 63' lang='lat'><strong>94?</strong></span> 
     </span>
    </p>
   </div>
   <div class='ocr_carea' id='block_1_92' title="bbox 1643 5789 2344 5854">
    <p class='ocr_par' dir='ltr' id='par_1_92' title="bbox 1643 5789 2344 5854">
     <span class='ocr_line' id='line_1_92' title="bbox 1643 5789 2344 5854; baseline -0.016 -8"><span class='ocrx_word' id='word_1_694' title='bbox 1643 5790 1680 5821; x_wconf 86' lang='grc'><strong>¹³</strong></span> <span class='ocrx_word' id='word_1_695' title='bbox 1740 5790 1908 5844; x_wconf 63' lang='lat' dir='ltr'><strong>Exod.</strong></span> <span class='ocrx_word' id='word_1_696' title='bbox 1949 5803 2041 5853; x_wconf 63' lang='lat' dir='ltr'><strong>xu,</strong></span> <span class='ocrx_word' id='word_1_697' title='bbox 2094 5789 2154 5846; x_wconf 73' lang='grc' dir='ltr'>ιδ</span> <span class='ocrx_word' id='word_1_698' title='bbox 2195 5801 2344 5854; x_wconf 61' lang='lat' dir='ltr'><strong>seqq.</strong></span> 
     </span>
    </p>
   </div>
   <div class='ocr_carea' id='block_1_93' title="bbox 2163 3218 3728 3298">
    <p class='ocr_par' dir='ltr' id='par_1_93' title="bbox 2163 3218 3728 3298">
     <span class='ocr_line' id='line_1_93' title="bbox 2163 3218 3728 3298; baseline 0.008 -29"><span class='ocrx_word' id='word_1_699' title='bbox 2163 3218 2428 3286; x_wconf 80' lang='grc' dir='ltr'>ἐπετέλει,</span> <span class='ocrx_word' id='word_1_700' title='bbox 2459 3221 2661 3288; x_wconf 82' lang='grc' dir='ltr'>μᾶλλον</span> <span class='ocrx_word' id='word_1_701' title='bbox 2704 3223 2770 3276; x_wconf 84' lang='grc' dir='ltr'>ἂν</span> <span class='ocrx_word' id='word_1_702' title='bbox 2816 3225 3056 3289; x_wconf 82' lang='grc' dir='ltr'>ἐναντίος</span> <span class='ocrx_word' id='word_1_703' title='bbox 3105 3222 3172 3296; x_wconf 75' lang='grc' dir='ltr'>ἦν</span> <span class='ocrx_word' id='word_1_704' title='bbox 3220 3228 3282 3280; x_wconf 79' lang='grc' dir='ltr'>τὸ</span> <span class='ocrx_word' id='word_1_705' title='bbox 3319 3230 3512 3298; x_wconf 84' lang='grc' dir='ltr'>Πάσχα</span> <span class='ocrx_word' id='word_1_706' title='bbox 3558 3230 3728 3282; x_wconf 81' lang='grc' dir='ltr'>τελῶν</span> 
     </span>
    </p>
   </div>
   <div class='ocr_carea' id='block_1_94' title="bbox 2161 3307 3728 3391">
    <p class='ocr_par' dir='ltr' id='par_1_94' title="bbox 2161 3307 3728 3391">
     <span class='ocr_line' id='line_1_94' title="bbox 2161 3307 3728 3391; baseline 0.01 -33"><span class='ocrx_word' id='word_1_707' title='bbox 2161 3309 2255 3359; x_wconf 72' lang='grc' dir='ltr'><strong>καὶ</strong></span> <span class='ocrx_word' id='word_1_708' title='bbox 2279 3308 2339 3361; x_wconf 80' lang='grc' dir='ltr'>τὸ</span> <span class='ocrx_word' id='word_1_709' title='bbox 2362 3307 2592 3379; x_wconf 76' lang='grc' dir='ltr'>ἐνζυμον</span> <span class='ocrx_word' id='word_1_710' title='bbox 2611 3314 2910 3380; x_wconf 84' lang='grc' dir='ltr'>φυλάττων.</span> <span class='ocrx_word' id='word_1_711' title='bbox 2936 3317 3060 3370; x_wconf 80' lang='grc' dir='ltr'><strong>Ὀτι</strong></span> <span class='ocrx_word' id='word_1_712' title='bbox 3076 3317 3132 3370; x_wconf 79' lang='grc' dir='ltr'>δὲ</span> <span class='ocrx_word' id='word_1_713' title='bbox 3156 3320 3183 3370; x_wconf 91' lang='lat'><strong>6</strong></span> <span class='ocrx_word' id='word_1_714' title='bbox 3200 3319 3364 3388; x_wconf 85' lang='grc' dir='ltr'>νόμος</span> <span class='ocrx_word' id='word_1_715' title='bbox 3391 3322 3728 3391; x_wconf 79' lang='grc' dir='ltr'>ἀπαγορεύει</span> 
     </span>
    </p>
   </div>
   <div class='ocr_carea' id='block_1_95' title="bbox 2160 3398 3718 3483">
    <p class='ocr_par' dir='ltr' id='par_1_95' title="bbox 2160 3398 3718 3483">
     <span class='ocr_line' id='line_1_95' title="bbox 2160 3398 3718 3483; baseline 0.013 -32"><span class='ocrx_word' id='word_1_716' title='bbox 2160 3398 2338 3464; x_wconf 81' lang='grc' dir='ltr'>τοῦτο,</span> <span class='ocrx_word' id='word_1_717' title='bbox 2396 3403 2627 3456; x_wconf 81' lang='grc' dir='ltr'>ἄκουσον</span> <span class='ocrx_word' id='word_1_718' title='bbox 2685 3406 2826 3458; x_wconf 77' lang='grc' dir='ltr'>οὕτω</span> <span class='ocrx_word' id='word_1_719' title='bbox 2878 3411 3308 3476; x_wconf 82' lang='grc' dir='ltr'>προστάττοντος</span> <span class='ocrx_word' id='word_1_720' title='bbox 3337 3428 3351 3441; x_wconf 90' lang='grc'><strong>·</strong></span> <span class='ocrx_word' id='word_1_721' title='bbox 3391 3415 3526 3482; x_wconf 77' lang='grc' dir='ltr'>φησὶ</span> <span class='ocrx_word' id='word_1_722' title='bbox 3559 3414 3673 3483; x_wconf 82' lang='grc' dir='ltr'><strong>γάρ</strong></span> <span class='ocrx_word' id='word_1_723' title='bbox 3705 3431 3718 3446; x_wconf 94' lang='grc'><strong>·</strong></span> 
     </span>
    </p>
   </div>
   <div class='ocr_carea' id='block_1_96' title="bbox 2172 3487 3728 3571">
    <p class='ocr_par' dir='ltr' id='par_1_96' title="bbox 2172 3487 3728 3571">
     <span class='ocr_line' id='line_1_96' title="bbox 2172 3487 3728 3571; baseline 0.011 -30"><span class='ocrx_word' id='word_1_724' title='bbox 2172 3487 2357 3543; x_wconf 81' lang='grc' dir='ltr'>Ἑπτὰ</span> <span class='ocrx_word' id='word_1_725' title='bbox 2391 3492 2616 3560; x_wconf 78' lang='grc' dir='ltr'>ἡμέρας</span> <span class='ocrx_word' id='word_1_726' title='bbox 2644 3494 2831 3564; x_wconf 80' lang='grc' dir='ltr'>ἄζυμα</span> <span class='ocrx_word' id='word_1_727' title='bbox 2859 3497 3074 3552; x_wconf 81' lang='grc' dir='ltr'>ἕδεσθε</span> <span class='ocrx_word' id='word_1_728' title='bbox 3096 3516 3107 3529; x_wconf 89' lang='grc'><strong>·</strong></span> <span class='ocrx_word' id='word_1_729' title='bbox 3141 3501 3258 3554; x_wconf 79' lang='grc' dir='ltr'>ἀπὸ</span> <span class='ocrx_word' id='word_1_730' title='bbox 3274 3501 3341 3554; x_wconf 79' lang='grc' dir='ltr'>δὲ</span> <span class='ocrx_word' id='word_1_731' title='bbox 3368 3501 3479 3570; x_wconf 83' lang='grc' dir='ltr'>τῆς</span> <span class='ocrx_word' id='word_1_732' title='bbox 3504 3497 3728 3571; x_wconf 74' lang='grc' dir='ltr'>ἡμέρας</span> 
     </span>
    </p>
   </div>
   <div class='ocr_carea' id='block_1_97' title="bbox 2159 3579 3727 3659">
    <p class='ocr_par' dir='ltr' id='par_1_97' title="bbox 2159 3579 3727 3659">
     <span class='ocr_line' id='line_1_97' title="bbox 2159 3579 3727 3659; baseline 0.01 -27"><span class='ocrx_word' id='word_1_733' title='bbox 2159 3579 2268 3648; x_wconf 82' lang='grc' dir='ltr'>τῆς</span> <span class='ocrx_word' id='word_1_734' title='bbox 2324 3582 2560 3651; x_wconf 80' lang='grc' dir='ltr'>πρώτης</span> <span class='ocrx_word' id='word_1_735' title='bbox 2613 3586 2922 3654; x_wconf 69' lang='grc' dir='ltr'>ἀφανιεῖτε</span> <span class='ocrx_word' id='word_1_736' title='bbox 2978 3589 3167 3659; x_wconf 70' lang='grc' dir='ltr'>ζῢμην</span> <span class='ocrx_word' id='word_1_737' title='bbox 3228 3593 3296 3646; x_wconf 83' lang='grc' dir='ltr'>ἐκ</span> <span class='ocrx_word' id='word_1_738' title='bbox 3347 3594 3468 3648; x_wconf 86' lang='grc' dir='ltr'>τῶν</span> <span class='ocrx_word' id='word_1_739' title='bbox 3523 3595 3727 3648; x_wconf 76' lang='grc' dir='ltr'>οἱκιῶν</span> 
     </span>
    </p>
   </div>
   <div class='ocr_carea' id='block_1_98' title="bbox 2161 3673 3723 3752">
    <p class='ocr_par' dir='ltr' id='par_1_98' title="bbox 2161 3673 3723 3752">
     <span class='ocr_line' id='line_1_98' title="bbox 2161 3673 3723 3752; baseline 0.008 -26"><span class='ocrx_word' id='word_1_740' title='bbox 2161 3673 2348 3741; x_wconf 83' lang='grc' dir='ltr'>ὑμῶν,</span> <span class='ocrx_word' id='word_1_741' title='bbox 2386 3676 2510 3742; x_wconf 83' lang='grc' dir='ltr'>Πᾶς</span> <span class='ocrx_word' id='word_1_742' title='bbox 2553 3676 2620 3742; x_wconf 85' lang='grc' dir='ltr'>ὃς</span> <span class='ocrx_word' id='word_1_743' title='bbox 2657 3676 2735 3734; x_wconf 85' lang='grc' dir='ltr'>ἂν</span> <span class='ocrx_word' id='word_1_744' title='bbox 2776 3679 2938 3750; x_wconf 69' lang='grc' dir='ltr'><strong>φάγῃ</strong></span> <span class='ocrx_word' id='word_1_745' title='bbox 2976 3679 3183 3750; x_wconf 72' lang='grc' dir='ltr'>ζύμην,</span> <span class='ocrx_word' id='word_1_746' title='bbox 3215 3683 3723 3752; x_wconf 62' lang='grc' dir='ltr'>ἐξολοθρευθήσε</span> 
     </span>
    </p>
   </div>
   <div class='ocr_carea' id='block_1_99' title="bbox 2161 3767 3723 3842">
    <p class='ocr_par' dir='ltr' id='par_1_99' title="bbox 2161 3767 3723 3842">
     <span class='ocr_line' id='line_1_99' title="bbox 2161 3767 3723 3842; baseline 0.009 -26"><span class='ocrx_word' id='word_1_747' title='bbox 2161 3781 2252 3817; x_wconf 86' lang='grc' dir='ltr'><strong>ται</strong></span> <span class='ocrx_word' id='word_1_748' title='bbox 2284 3767 2321 3833; x_wconf 79' lang='grc' dir='ltr'>ἡ</span> <span class='ocrx_word' id='word_1_749' title='bbox 2369 3770 2541 3837; x_wconf 65' lang='grc' dir='ltr'>ψυχὴ</span> <span class='ocrx_word' id='word_1_750' title='bbox 2581 3770 2783 3837; x_wconf 83' lang='grc' dir='ltr'>ἐκείνη</span> <span class='ocrx_word' id='word_1_751' title='bbox 2812 3772 2880 3835; x_wconf 82' lang='grc' dir='ltr'>ἐξ</span> <span class='ocrx_word' id='word_1_752' title='bbox 2919 3773 3166 3842; x_wconf 77' lang='grc' dir='ltr'>Ἰσραήλ</span> <span class='ocrx_word' id='word_1_753' title='bbox 3191 3792 3203 3805; x_wconf 75' lang='grc' dir='ltr'><strong>ο</strong></span> <span class='ocrx_word' id='word_1_754' title='bbox 3258 3777 3354 3828; x_wconf 72' lang='grc' dir='ltr'><strong>καὶ.</strong></span> <span class='ocrx_word' id='word_1_755' title='bbox 3387 3781 3532 3834; x_wconf 81' lang='grc' dir='ltr'>μετά</span> <span class='ocrx_word' id='word_1_756' title='bbox 3559 3794 3680 3829; x_wconf 84' lang='grc' dir='ltr'>τινα</span> <span class='ocrx_word' id='word_1_757' title='bbox 3712 3794 3723 3806; x_wconf 90' lang='grc'><strong>·</strong></span> 
     </span>
    </p>
   </div>
   <div class='ocr_carea' id='block_1_100' title="bbox 2175 3860 3725 3934">
    <p class='ocr_par' dir='ltr' id='par_1_100' title="bbox 2175 3860 3725 3934">
     <span class='ocr_line' id='line_1_100' title="bbox 2175 3860 3725 3934; baseline 0.005 -22"><span class='ocrx_word' id='word_1_758' title='bbox 2175 3860 2595 3929; x_wconf 72' lang='grc' dir='ltr'>Ὲνίιρχόμενοι</span> <span class='ocrx_word' id='word_1_759' title='bbox 2625 3861 2699 3930; x_wconf 78' lang='grc' dir='ltr'>τῇ</span> <span class='ocrx_word' id='word_1_760' title='bbox 2731 3865 3360 3933; x_wconf 80' lang='grc' dir='ltr'>τεσσαρεσκαιδεκάτῃ</span> <span class='ocrx_word' id='word_1_761' title='bbox 3397 3866 3591 3934; x_wconf 76' lang='grc' dir='ltr'>ἡμέρα</span> <span class='ocrx_word' id='word_1_762' title='bbox 3620 3869 3725 3925; x_wconf 70' lang='lat' dir='ltr'><strong>ub</strong></span> 
     </span>
    </p>
   </div>
   <div class='ocr_carea' id='block_1_101' title="bbox 2156 3951 3726 4025">
    <p class='ocr_par' dir='ltr' id='par_1_101' title="bbox 2156 3951 3726 4025">
     <span class='ocr_line' id='line_1_101' title="bbox 2156 3951 3726 4025; baseline 0.006 -23"><span class='ocrx_word' id='word_1_763' title='bbox 2156 3951 2352 4018; x_wconf 82' lang='grc' dir='ltr'>μηνὸς</span> <span class='ocrx_word' id='word_1_764' title='bbox 2389 3952 2495 4005; x_wconf 85' lang='grc' dir='ltr'>τοῦ</span> <span class='ocrx_word' id='word_1_765' title='bbox 2535 3953 2791 4022; x_wconf 82' lang='grc' dir='ltr'>πρώτου,</span> <span class='ocrx_word' id='word_1_766' title='bbox 2830 3953 2929 4021; x_wconf 71' lang='grc' dir='ltr'><strong>ἀφ’</strong></span> <span class='ocrx_word' id='word_1_767' title='bbox 2985 3956 3251 4022; x_wconf 79' lang='grc' dir='ltr'>ἑσπέρας</span> <span class='ocrx_word' id='word_1_768' title='bbox 3288 3957 3503 4011; x_wconf 79' lang='grc' dir='ltr'>ἐδεσθε</span> <span class='ocrx_word' id='word_1_769' title='bbox 3533 3957 3726 4025; x_wconf 76' lang='grc' dir='ltr'><strong>ἄζυμα</strong></span> 
     </span>
    </p>
   </div>
   <div class='ocr_carea' id='block_1_102' title="bbox 2161 4040 3761 4116">
    <p class='ocr_par' dir='ltr' id='par_1_102' title="bbox 2161 4040 3761 4116">
     <span class='ocr_line' id='line_1_102' title="bbox 2161 4040 3761 4116; baseline 0.009 -22"><span class='ocrx_word' id='word_1_770' title='bbox 2161 4041 2272 4105; x_wconf 83' lang='grc' dir='ltr'>ἕως</span> <span class='ocrx_word' id='word_1_771' title='bbox 2312 4042 2569 4110; x_wconf 54' lang='grc' dir='ltr'>ἡμέρας,</span> <span class='ocrx_word' id='word_1_772' title='bbox 2593 4040 2736 4111; x_wconf 81' lang='grc' dir='ltr'>μιᾶς</span> <span class='ocrx_word' id='word_1_773' title='bbox 2766 4045 2865 4098; x_wconf 78' lang='grc' dir='ltr'><strong>καὶ</strong></span> <span class='ocrx_word' id='word_1_774' title='bbox 2920 4047 3160 4112; x_wconf 80' lang='grc' dir='ltr'>εὶκὰὃος</span> <span class='ocrx_word' id='word_1_775' title='bbox 3210 4048 3317 4102; x_wconf 89' lang='grc' dir='ltr'>τοῦ</span> <span class='ocrx_word' id='word_1_776' title='bbox 3367 4049 3565 4116; x_wconf 76' lang='grc' dir='ltr'>μηνὸς</span> <span class='ocrx_word' id='word_1_777' title='bbox 3616 4049 3761 4115; x_wconf 31' lang='grc' dir='ltr'>ἓως-ν</span> 
     </span>
    </p>
   </div>
   <div class='ocr_carea' id='block_1_103' title="bbox 2161 4133 3727 4208">
    <p class='ocr_par' dir='ltr' id='par_1_103' title="bbox 2161 4133 3727 4208">
     <span class='ocr_line' id='line_1_103' title="bbox 2161 4133 3727 4208; baseline 0.004 -22"><span class='ocrx_word' id='word_1_778' title='bbox 2161 4133 2418 4201; x_wconf 78' lang='grc' dir='ltr'>ἑσπέρας</span> <span class='ocrx_word' id='word_1_779' title='bbox 2444 4149 2461 4165; x_wconf 84' lang='grc'>⁶</span> <span class='ocrx_word' id='word_1_780' title='bbox 2518 4135 2667 4188; x_wconf 81' lang='grc' dir='ltr'><strong>ἑπτὰ</strong></span> <span class='ocrx_word' id='word_1_781' title='bbox 2722 4135 2943 4204; x_wconf 77' lang='grc' dir='ltr'>ἡμέρας</span> <span class='ocrx_word' id='word_1_782' title='bbox 2982 4136 3127 4206; x_wconf 63' lang='grc' dir='ltr'><strong>ζύμη</strong></span> <span class='ocrx_word' id='word_1_783' title='bbox 3189 4141 3302 4208; x_wconf 85' lang='grc' dir='ltr'>οὺχ</span> <span class='ocrx_word' id='word_1_784' title='bbox 3339 4141 3727 4208; x_wconf 75' lang='grc' dir='ltr'>εὑρεθήσεται</span> 
     </span>
    </p>
   </div>
   <div class='ocr_carea' id='block_1_104' title="bbox 2162 4225 3722 4301">
    <p class='ocr_par' dir='ltr' id='par_1_104' title="bbox 2162 4225 3722 4301">
     <span class='ocr_line' id='line_1_104' title="bbox 2162 4225 3722 4301; baseline 0.004 -23"><span class='ocrx_word' id='word_1_785' title='bbox 2162 4227 2230 4278; x_wconf 83' lang='grc' dir='ltr'><strong>ἐν</strong></span> <span class='ocrx_word' id='word_1_786' title='bbox 2259 4226 2387 4290; x_wconf 84' lang='grc' dir='ltr'>ταῖς</span> <span class='ocrx_word' id='word_1_787' title='bbox 2417 4227 2632 4291; x_wconf 75' lang='grc' dir='ltr'>οἰκίαις</span> <span class='ocrx_word' id='word_1_788' title='bbox 2663 4225 2848 4294; x_wconf 84' lang='grc' dir='ltr'><strong>ὑμῶν,</strong></span> <span class='ocrx_word' id='word_1_789' title='bbox 2880 4228 3006 4294; x_wconf 84' lang='grc' dir='ltr'>Πᾶς</span> <span class='ocrx_word' id='word_1_790' title='bbox 3039 4229 3108 4293; x_wconf 81' lang='grc' dir='ltr'>ὃς</span> <span class='ocrx_word' id='word_1_791' title='bbox 3125 4228 3206 4285; x_wconf 82' lang='grc' dir='ltr'>ἂν</span> <span class='ocrx_word' id='word_1_792' title='bbox 3241 4231 3403 4301; x_wconf 66' lang='grc' dir='ltr'><strong>φάγῃ</strong></span> <span class='ocrx_word' id='word_1_793' title='bbox 3435 4231 3722 4300; x_wconf 77' lang='grc' dir='ltr'>ζυμωτὸν,</span> 
     </span>
    </p>
   </div>
   <div class='ocr_carea' id='block_1_105' title="bbox 2164 4317 3728 4391">
    <p class='ocr_par' dir='ltr' id='par_1_105' title="bbox 2164 4317 3728 4391">
     <span class='ocr_line' id='line_1_105' title="bbox 2164 4317 3728 4391; baseline 0.001 -21"><span class='ocrx_word' id='word_1_794' title='bbox 2164 4317 2742 4384; x_wconf 76' lang='grc' dir='ltr'>ἐξολοθρευθήσεται</span> <span class='ocrx_word' id='word_1_795' title='bbox 2772 4320 2809 4386; x_wconf 79' lang='grc' dir='ltr'><strong><em>ἠ</em></strong></span> <span class='ocrx_word' id='word_1_796' title='bbox 2841 4320 3013 4388; x_wconf 76' lang='grc' dir='ltr'><strong>ψυχὴ</strong></span> <span class='ocrx_word' id='word_1_797' title='bbox 3042 4322 3242 4388; x_wconf 80' lang='grc' dir='ltr'>ἐκείνη</span> <span class='ocrx_word' id='word_1_798' title='bbox 3265 4322 3334 4376; x_wconf 71' lang='grc' dir='ltr'>ἐκ</span> <span class='ocrx_word' id='word_1_799' title='bbox 3366 4321 3728 4391; x_wconf 75' lang='grc' dir='ltr'>συναγωγῆς</span> 
     </span>
    </p>
   </div>
   <div class='ocr_carea' id='block_1_106' title="bbox 2178 4409 3726 4484">
    <p class='ocr_par' dir='ltr' id='par_1_106' title="bbox 2178 4409 3726 4484">
     <span class='ocr_line' id='line_1_106' title="bbox 2178 4409 3726 4484; baseline 0.001 -21"><span class='ocrx_word' id='word_1_800' title='bbox 2178 4409 2444 4476; x_wconf 74' lang='grc' dir='ltr'>Ἰσραήλ.</span> <span class='ocrx_word' id='word_1_801' title='bbox 2467 4410 2657 4463; x_wconf 86' lang='grc' dir='ltr'>Ὅτιδέ</span> <span class='ocrx_word' id='word_1_802' title='bbox 2678 4411 2817 4463; x_wconf 82' lang='grc' dir='ltr'>κατά</span> <span class='ocrx_word' id='word_1_803' title='bbox 2831 4411 2994 4481; x_wconf 80' lang='grc' dir='ltr'>νόμον</span> <span class='ocrx_word' id='word_1_804' title='bbox 3014 4415 3040 4465; x_wconf 89' lang='lat'><strong>6</strong></span> <span class='ocrx_word' id='word_1_805' title='bbox 3061 4414 3297 4482; x_wconf 75' lang='grc' dir='ltr'>Χριστὸς</span> <span class='ocrx_word' id='word_1_806' title='bbox 3314 4414 3374 4467; x_wconf 84' lang='grc' dir='ltr'>τὸ</span> <span class='ocrx_word' id='word_1_807' title='bbox 3397 4415 3585 4484; x_wconf 88' lang='grc' dir='ltr'>Πάσχα</span> <span class='ocrx_word' id='word_1_808' title='bbox 3612 4414 3726 4465; x_wconf 78' lang='grc' dir='ltr'>ἐτέ-</span> 
     </span>
    </p>
   </div>
   <div class='ocr_carea' id='block_1_107' title="bbox 2167 4498 3726 4573">
    <p class='ocr_par' dir='ltr' id='par_1_107' title="bbox 2167 4498 3726 4573">
     <span class='ocr_line' id='line_1_107' title="bbox 2167 4498 3726 4573; baseline 0.003 -23"><span class='ocrx_word' id='word_1_809' title='bbox 2167 4499 2340 4562; x_wconf 85' lang='grc' dir='ltr'>λεσεν,</span> <span class='ocrx_word' id='word_1_810' title='bbox 2373 4499 2422 4550; x_wconf 78' lang='grc' dir='ltr'>οἱ</span> <span class='ocrx_word' id='word_1_811' title='bbox 2448 4498 2505 4551; x_wconf 84' lang='grc' dir='ltr'>δὲ</span> <span class='ocrx_word' id='word_1_812' title='bbox 2547 4499 2788 4552; x_wconf 79' lang='grc' dir='ltr'>Ἰουδαῖοι</span> <span class='ocrx_word' id='word_1_813' title='bbox 2817 4503 3151 4570; x_wconf 85' lang='grc' dir='ltr'>παρανόμως</span> <span class='ocrx_word' id='word_1_814' title='bbox 3182 4505 3448 4573; x_wconf 74' lang='grc' dir='ltr'>ἐποίησαν</span> <span class='ocrx_word' id='word_1_815' title='bbox 3486 4503 3726 4573; x_wconf 75' lang='grc' dir='ltr'>παραϐιο</span> 
     </span>
    </p>
   </div>
   <div class='ocr_carea' id='block_1_108' title="bbox 2161 4587 3724 4659">
    <p class='ocr_par' dir='ltr' id='par_1_108' title="bbox 2161 4587 3724 4659">
     <span class='ocr_line' id='line_1_108' title="bbox 2161 4587 3724 4659; baseline 0.002 -21"><span class='ocrx_word' id='word_1_816' title='bbox 2161 4587 2426 4650; x_wconf 74' lang='grc' dir='ltr'>ϐάσαντες</span> <span class='ocrx_word' id='word_1_817' title='bbox 2455 4589 2512 4639; x_wconf 83' lang='grc' dir='ltr'>τὸ</span> <span class='ocrx_word' id='word_1_818' title='bbox 2544 4588 2736 4658; x_wconf 84' lang='grc' dir='ltr'>Πάσχα</span> <span class='ocrx_word' id='word_1_819' title='bbox 2758 4631 2772 4653; x_wconf 93' lang='grc'><strong>,</strong></span> <span class='ocrx_word' id='word_1_820' title='bbox 2804 4589 3039 4643; x_wconf 80' lang='grc' dir='ltr'>ἄκουσον</span> <span class='ocrx_word' id='word_1_821' title='bbox 3068 4590 3162 4642; x_wconf 85' lang='grc' dir='ltr'>τοῦ</span> <span class='ocrx_word' id='word_1_822' title='bbox 3189 4590 3579 4659; x_wconf 84' lang='grc' dir='ltr'>Χρυσοστόμου</span> <span class='ocrx_word' id='word_1_823' title='bbox 3612 4591 3724 4641; x_wconf 85' lang='grc' dir='ltr'>Πα-</span> 
     </span>
    </p>
   </div>
   <div class='ocr_carea' id='block_1_109' title="bbox 2158 4679 3722 4748">
    <p class='ocr_par' dir='ltr' id='par_1_109' title="bbox 2158 4679 3722 4748">
     <span class='ocr_line' id='line_1_109' title="bbox 2158 4679 3722 4748; baseline 0 -17"><span class='ocrx_word' id='word_1_824' title='bbox 2158 4679 2283 4748; x_wconf 76' lang='grc' dir='ltr'>τρὸς</span> <span class='ocrx_word' id='word_1_825' title='bbox 2336 4681 2392 4731; x_wconf 86' lang='grc' dir='ltr'><strong>ἐν</strong></span> <span class='ocrx_word' id='word_1_826' title='bbox 2428 4679 2510 4731; x_wconf 82' lang='grc' dir='ltr'>πδ¹</span> <span class='ocrx_word' id='word_1_827' title='bbox 2547 4680 2737 4748; x_wconf 78' lang='grc' dir='ltr'>ὁμιλίᾳ.</span> <span class='ocrx_word' id='word_1_828' title='bbox 2807 4680 2897 4732; x_wconf 83' lang='grc' dir='ltr'>τοῦ</span> <span class='ocrx_word' id='word_1_829' title='bbox 2951 4681 3094 4734; x_wconf 80' lang='grc' dir='ltr'>κατὰ</span> <span class='ocrx_word' id='word_1_830' title='bbox 3163 4679 3434 4748; x_wconf 86' lang='grc' dir='ltr'>Ἰωάννην,</span> <span class='ocrx_word' id='word_1_831' title='bbox 3491 4681 3570 4744; x_wconf 80' lang='grc' dir='ltr'><strong>είς</strong></span> <span class='ocrx_word' id='word_1_832' title='bbox 3625 4679 3722 4731; x_wconf 84' lang='grc' dir='ltr'>τό·</span> 
     </span>
    </p>
   </div>
   <div class='ocr_carea' id='block_1_110' title="bbox 2161 4770 3724 4840">
    <p class='ocr_par' dir='ltr' id='par_1_110' title="bbox 2161 4770 3724 4840">
     <span class='ocr_line' id='line_1_110' title="bbox 2161 4770 3724 4840; baseline 0 -18"><span class='ocrx_word' id='word_1_833' title='bbox 2161 4771 2401 4838; x_wconf 54' lang='lat' dir='ltr'><strong>&quot;Ag-ovat</strong></span> <span class='ocrx_word' id='word_1_834' title='bbox 2427 4770 2534 4823; x_wconf 83' lang='grc' dir='ltr'>τὸν</span> <span class='ocrx_word' id='word_1_835' title='bbox 2561 4770 2794 4836; x_wconf 78' lang='grc' dir='ltr'>Ἰησοῦν</span> <span class='ocrx_word' id='word_1_836' title='bbox 2816 4771 2933 4826; x_wconf 78' lang='grc' dir='ltr'>ἀπὸ</span> <span class='ocrx_word' id='word_1_837' title='bbox 2959 4771 3068 4826; x_wconf 75' lang='grc' dir='ltr'>τοῦ,</span> <span class='ocrx_word' id='word_1_838' title='bbox 3086 4771 3323 4840; x_wconf 66' lang='grc' dir='ltr'>Καΐὰφα</span> <span class='ocrx_word' id='word_1_839' title='bbox 3348 4774 3438 4837; x_wconf 81' lang='grc' dir='ltr'><strong>εις</strong></span> <span class='ocrx_word' id='word_1_840' title='bbox 3463 4771 3528 4825; x_wconf 86' lang='grc' dir='ltr'>τὸ</span> <span class='ocrx_word' id='word_1_841' title='bbox 3558 4787 3724 4840; x_wconf 79' lang='grc' dir='ltr'>πραι-</span> 
     </span>
    </p>
   </div>
   <div class='ocr_carea' id='block_1_111' title="bbox 2155 4860 3724 4931">
    <p class='ocr_par' dir='ltr' id='par_1_111' title="bbox 2155 4860 3724 4931">
     <span class='ocr_line' id='line_1_111' title="bbox 2155 4860 3724 4931; baseline -0.001 -18"><span class='ocrx_word' id='word_1_842' title='bbox 2155 4860 2384 4929; x_wconf 86' lang='grc' dir='ltr'>τώριον·</span> <span class='ocrx_word' id='word_1_843' title='bbox 2421 4861 2519 4914; x_wconf 83' lang='grc' dir='ltr'><strong>Διὰ.</strong></span> <span class='ocrx_word' id='word_1_844' title='bbox 2549 4862 2600 4914; x_wconf 92' lang='grc' dir='ltr'><strong>τί</strong></span> <span class='ocrx_word' id='word_1_845' title='bbox 2631 4861 2746 4914; x_wconf 81' lang='grc' dir='ltr'>ἐκεῖ</span> <span class='ocrx_word' id='word_1_846' title='bbox 2775 4863 3065 4931; x_wconf 82' lang='grc' dir='ltr'>ἀπήγαγον</span> <span class='ocrx_word' id='word_1_847' title='bbox 3097 4862 3280 4925; x_wconf 76' lang='grc' dir='ltr'>αὐτὸν,</span> <span class='ocrx_word' id='word_1_848' title='bbox 3318 4861 3447 4914; x_wconf 81' lang='grc' dir='ltr'>ἔνθα</span> <span class='ocrx_word' id='word_1_849' title='bbox 3483 4863 3724 4921; x_wconf 75' lang='grc' dir='ltr'>ἅπαντες</span> 
     </span>
    </p>
   </div>
   <div class='ocr_carea' id='block_1_112' title="bbox 2161 4949 3725 5024">
    <p class='ocr_par' dir='ltr' id='par_1_112' title="bbox 2161 4949 3725 5024">
     <span class='ocr_line' id='line_1_112' title="bbox 2161 4949 3725 5024; baseline -0.001 -20"><span class='ocrx_word' id='word_1_850' title='bbox 2161 4949 2301 5022; x_wconf 77' lang='grc' dir='ltr'>ἦσαν</span> <span class='ocrx_word' id='word_1_851' title='bbox 2337 4953 2699 5024; x_wconf 82' lang='grc' dir='ltr'>συνηγμένοι;</span> <span class='ocrx_word' id='word_1_852' title='bbox 2737 4955 2856 5007; x_wconf 78' lang='grc' dir='ltr'>ἰνα</span> <span class='ocrx_word' id='word_1_853' title='bbox 2890 4954 3029 5022; x_wconf 80' lang='grc' dir='ltr'><strong>μετά</strong></span> <span class='ocrx_word' id='word_1_854' title='bbox 3058 4953 3284 5022; x_wconf 82' lang='grc' dir='ltr'>γνώμης</span> <span class='ocrx_word' id='word_1_855' title='bbox 3314 4953 3532 5007; x_wconf 81' lang='grc' dir='ltr'>πάντων</span> <span class='ocrx_word' id='word_1_856' title='bbox 3565 4952 3725 5020; x_wconf 82' lang='grc' dir='ltr'>ποιή-</span> 
     </span>
    </p>
   </div>
   <div class='ocr_carea' id='block_1_113' title="bbox 2165 5041 3725 5116">
    <p class='ocr_par' dir='ltr' id='par_1_113' title="bbox 2165 5041 3725 5116">
     <span class='ocr_line' id='line_1_113' title="bbox 2165 5041 3725 5116; baseline -0.002 -18"><span class='ocrx_word' id='word_1_857' title='bbox 2165 5063 2299 5099; x_wconf 89' lang='grc' dir='ltr'>σωσι</span> <span class='ocrx_word' id='word_1_858' title='bbox 2327 5047 2433 5099; x_wconf 84' lang='grc' dir='ltr'>τῶν</span> <span class='ocrx_word' id='word_1_859' title='bbox 2481 5047 2781 5116; x_wconf 70' lang='grc' dir='ltr'>ἀρχερέωνσ</span> <span class='ocrx_word' id='word_1_860' title='bbox 2837 5047 3042 5106; x_wconf 85' lang='grc' dir='ltr'>ἐκεῖνος</span> <span class='ocrx_word' id='word_1_861' title='bbox 3079 5045 3188 5114; x_wconf 71' lang='grc' dir='ltr'><strong>γὰρ</strong></span> <span class='ocrx_word' id='word_1_862' title='bbox 3233 5041 3303 5115; x_wconf 78' lang='grc' dir='ltr'>ἦν</span> <span class='ocrx_word' id='word_1_863' title='bbox 3346 5043 3468 5096; x_wconf 83' lang='grc' dir='ltr'>τότε</span> <span class='ocrx_word' id='word_1_864' title='bbox 3537 5047 3725 5115; x_wconf 83' lang='grc' dir='ltr'>ἀρχιε-</span> 
     </span>
    </p>
   </div>
   <div class='ocr_carea' id='block_1_114' title="bbox 2164 5134 3724 5212">
    <p class='ocr_par' dir='ltr' id='par_1_114' title="bbox 2164 5134 3724 5212">
     <span class='ocr_line' id='line_1_114' title="bbox 2164 5134 3724 5212; baseline -0.003 -20"><span class='ocrx_word' id='word_1_865' title='bbox 2164 5142 2311 5212; x_wconf 79' lang='grc' dir='ltr'>ρεὺς,</span> <span class='ocrx_word' id='word_1_866' title='bbox 2364 5140 2456 5193; x_wconf 81' lang='grc' dir='ltr'><strong>καὶ</strong></span> <span class='ocrx_word' id='word_1_867' title='bbox 2491 5139 2688 5202; x_wconf 87' lang='grc' dir='ltr'>πάντες</span> <span class='ocrx_word' id='word_1_868' title='bbox 2735 5134 2876 5208; x_wconf 78' lang='grc' dir='ltr'>ἦσαν</span> <span class='ocrx_word' id='word_1_869' title='bbox 2923 5137 3084 5190; x_wconf 78' lang='grc' dir='ltr'>αὐτὸν</span> <span class='ocrx_word' id='word_1_870' title='bbox 3121 5135 3509 5205; x_wconf 87' lang='grc' dir='ltr'>ἀναμένοντες.</span> <span class='ocrx_word' id='word_1_871' title='bbox 3568 5135 3724 5190; x_wconf 78' lang='grc' dir='ltr'>Οὕτω</span> 
     </span>
    </p>
   </div>
   <div class='ocr_carea' id='block_1_115' title="bbox 2162 5219 3725 5301">
    <p class='ocr_par' dir='ltr' id='par_1_115' title="bbox 2162 5219 3725 5301">
     <span class='ocr_line' id='line_1_115' title="bbox 2162 5219 3725 5301; baseline -0.004 -17"><span class='ocrx_word' id='word_1_872' title='bbox 2162 5230 2570 5301; x_wconf 80' lang='grc' dir='ltr'>διενυκτέρευον</span> <span class='ocrx_word' id='word_1_873' title='bbox 2611 5219 2708 5283; x_wconf 55' lang='lat' dir='ltr'><strong>acui.</strong></span> <span class='ocrx_word' id='word_1_874' title='bbox 2742 5227 3056 5298; x_wconf 81' lang='grc' dir='ltr'>ἠγρύπνουν</span> <span class='ocrx_word' id='word_1_875' title='bbox 3085 5227 3180 5280; x_wconf 78' lang='grc' dir='ltr'>ἐπὶ</span> <span class='ocrx_word' id='word_1_876' title='bbox 3211 5227 3386 5297; x_wconf 82' lang='grc' dir='ltr'>τούτῳ</span> <span class='ocrx_word' id='word_1_877' title='bbox 3409 5241 3425 5257; x_wconf 90' lang='grc'><strong>·</strong></span> <span class='ocrx_word' id='word_1_878' title='bbox 3457 5225 3580 5279; x_wconf 80' lang='grc' dir='ltr'>οὐδὲ</span> <span class='ocrx_word' id='word_1_879' title='bbox 3619 5231 3725 5297; x_wconf 70' lang='grc' dir='ltr'>γὰρ</span> 
     </span>
    </p>
   </div>
   <div class='ocr_carea' id='block_1_116' title="bbox 2165 5319 3724 5392">
    <p class='ocr_par' dir='ltr' id='par_1_116' title="bbox 2165 5319 3724 5392">
     <span class='ocr_line' id='line_1_116' title="bbox 2165 5319 3724 5392; baseline -0.002 -16"><span class='ocrx_word' id='word_1_880' title='bbox 2165 5323 2368 5392; x_wconf 73' lang='grc' dir='ltr'>ἔφαγον</span> <span class='ocrx_word' id='word_1_881' title='bbox 2420 5321 2543 5376; x_wconf 83' lang='grc' dir='ltr'>τότε</span> <span class='ocrx_word' id='word_1_882' title='bbox 2596 5321 2656 5374; x_wconf 87' lang='grc' dir='ltr'><strong>τδ</strong></span> <span class='ocrx_word' id='word_1_883' title='bbox 2709 5321 2936 5392; x_wconf 87' lang='grc' dir='ltr'>Πάσχα,</span> <span class='ocrx_word' id='word_1_884' title='bbox 2999 5320 3200 5390; x_wconf 74' lang='grc' dir='ltr'>φησὶν,</span> <span class='ocrx_word' id='word_1_885' title='bbox 3252 5319 3389 5373; x_wconf 86' lang='grc' dir='ltr'><strong>ἀλλά</strong></span> <span class='ocrx_word' id='word_1_886' title='bbox 3431 5319 3519 5373; x_wconf 88' lang='grc' dir='ltr'><strong>διά</strong></span> <span class='ocrx_word' id='word_1_887' title='bbox 3569 5319 3724 5373; x_wconf 82' lang='grc' dir='ltr'>τοῦτο</span> 
     </span>
    </p>
   </div>
   <div class='ocr_carea' id='block_1_117' title="bbox 2163 5407 3725 5484">
    <p class='ocr_par' dir='ltr' id='par_1_117' title="bbox 2163 5407 3725 5484">
     <span class='ocr_line' id='line_1_117' title="bbox 2163 5407 3725 5484; baseline -0.002 -19"><span class='ocrx_word' id='word_1_888' title='bbox 2163 5413 2480 5484; x_wconf 72' lang='grc' dir='ltr'>ἡγρύπνουν</span> <span class='ocrx_word' id='word_1_889' title='bbox 2502 5428 2514 5442; x_wconf 84' lang='grc'><em>’</em></span> <span class='ocrx_word' id='word_1_890' title='bbox 2544 5410 2718 5465; x_wconf 80' lang='grc' dir='ltr'>είπὼν</span> <span class='ocrx_word' id='word_1_891' title='bbox 2747 5411 2876 5480; x_wconf 86' lang='grc' dir='ltr'>γὰρ,</span> <span class='ocrx_word' id='word_1_892' title='bbox 2913 5412 2994 5465; x_wconf 84' lang='grc' dir='ltr'>ὅτι</span> <span class='ocrx_word' id='word_1_893' title='bbox 3040 5411 3232 5480; x_wconf 85' lang='grc' dir='ltr'>Πρωΐα</span> <span class='ocrx_word' id='word_1_894' title='bbox 3256 5407 3356 5481; x_wconf 80' lang='grc' dir='ltr'>ἦν,</span> <span class='ocrx_word' id='word_1_895' title='bbox 3395 5414 3422 5465; x_wconf 88' lang='lat'><strong>6</strong></span> <span class='ocrx_word' id='word_1_896' title='bbox 3472 5412 3725 5480; x_wconf 85' lang='grc' dir='ltr'>Ἰωάννης</span> 
     </span>
    </p>
   </div>
   <div class='ocr_carea' id='block_1_118' title="bbox 2166 5501 3726 5572">
    <p class='ocr_par' dir='ltr' id='par_1_118' title="bbox 2166 5501 3726 5572">
     <span class='ocr_line' id='line_1_118' title="bbox 2166 5501 3726 5572; baseline 0.001 -16"><span class='ocrx_word' id='word_1_897' title='bbox 2166 5506 2444 5572; x_wconf 83' lang='grc' dir='ltr'>ἐπήγαγεν</span> <span class='ocrx_word' id='word_1_898' title='bbox 2467 5521 2481 5534; x_wconf 77' lang='grc' dir='ltr'><strong>ο</strong></span> <span class='ocrx_word' id='word_1_899' title='bbox 2528 5505 2649 5558; x_wconf 76' lang='grc' dir='ltr'><strong>Οὐκ</strong></span> <span class='ocrx_word' id='word_1_900' title='bbox 2676 5501 2961 5569; x_wconf 72' lang='grc' dir='ltr'>εἰσῆλθον</span> <span class='ocrx_word' id='word_1_901' title='bbox 2989 5504 3075 5568; x_wconf 80' lang='grc' dir='ltr'><strong>εις</strong></span> <span class='ocrx_word' id='word_1_902' title='bbox 3105 5503 3172 5556; x_wconf 84' lang='grc' dir='ltr'>τὸ</span> <span class='ocrx_word' id='word_1_903' title='bbox 3220 5503 3595 5572; x_wconf 83' lang='grc' dir='ltr'>πραιτώριον,</span> <span class='ocrx_word' id='word_1_904' title='bbox 3623 5505 3726 5557; x_wconf 77' lang='grc' dir='ltr'>ἵνα</span> 
     </span>
    </p>
   </div>
   <div class='ocr_carea' id='block_1_119' title="bbox 2161 5591 3724 5670">
    <p class='ocr_par' dir='ltr' id='par_1_119' title="bbox 2161 5591 3724 5670">
     <span class='ocr_line' id='line_1_119' title="bbox 2161 5591 3724 5670; baseline -0.005 -16"><span class='ocrx_word' id='word_1_905' title='bbox 2161 5598 2248 5670; x_wconf 79' lang='grc' dir='ltr'><strong>μὴ</strong></span> <span class='ocrx_word' id='word_1_906' title='bbox 2277 5597 2634 5668; x_wconf 80' lang='grc' dir='ltr'>μιανθῶσιν,</span> <span class='ocrx_word' id='word_1_907' title='bbox 2655 5596 2791 5652; x_wconf 71' lang='grc' dir='ltr'><strong>ἀλλ’</strong></span> <span class='ocrx_word' id='word_1_908' title='bbox 2809 5595 2911 5649; x_wconf 76' lang='grc' dir='ltr'>ἵνα</span> <span class='ocrx_word' id='word_1_909' title='bbox 2953 5594 3186 5665; x_wconf 75' lang='grc' dir='ltr'>φάγωσι</span> <span class='ocrx_word' id='word_1_910' title='bbox 3208 5595 3274 5648; x_wconf 83' lang='grc' dir='ltr'>τὸ</span> <span class='ocrx_word' id='word_1_911' title='bbox 3296 5593 3530 5665; x_wconf 81' lang='grc' dir='ltr'>Πάσχα.</span> <span class='ocrx_word' id='word_1_912' title='bbox 3546 5593 3611 5650; x_wconf 90' lang='grc' dir='ltr'>Τί</span> <span class='ocrx_word' id='word_1_913' title='bbox 3632 5591 3724 5649; x_wconf 72' lang='grc' dir='ltr'>οὖν</span> 
     </span>
    </p>
   </div>
   <div class='ocr_carea' id='block_1_120' title="bbox 2443 5783 2982 5849">
    <p class='ocr_par' dir='ltr' id='par_1_120' title="bbox 2443 5783 2982 5849">
     <span class='ocr_line' id='line_1_120' title="bbox 2443 5783 2982 5849; baseline -0.004 -9"><span class='ocrx_word' id='word_1_914' title='bbox 2443 5785 2484 5816; x_wconf 69' lang='grc'><strong>¹¹⁵</strong></span> <span class='ocrx_word' id='word_1_915' title='bbox 2513 5785 2670 5839; x_wconf 87' lang='lat' dir='ltr'><strong>Joan.</strong></span> <span class='ocrx_word' id='word_1_916' title='bbox 2698 5797 2852 5849; x_wconf 74' lang='lat' dir='ltr'><strong>xvut,</strong></span> <span class='ocrx_word' id='word_1_917' title='bbox 2894 5783 2982 5838; x_wconf 74' lang='lat'><strong>28.</strong></span> 
     </span>
    </p>
   </div>
  </div>
