4112 6274
314 338 414 402 1’29

1532 328 1835 389 CONTRA
1874 329 2303 390 EPHESIUM.

3450 328 3549 393 130

310 454 454 505 ἐστιν
485 446 698 509 είπεῖν;
736 444 857 496 Ὀτι
894 441 954 494 ὲν
984 439 1143 511 ἑτέρᾳ
1176 439 1401 509 ἔφαγον,
1454 442 1549 493 καί⁹
1583 442 1673 495 τὸν
1713 440 1875 509 νόμον

1997 442 2357 506 :omederunt,
2390 447 2445 497 et
2492 456 2521 495 a
2570 439 2687 510 lege
2734 438 3106 495 discesserunt
3164 440 3328 493 caedis
3387 440 3550 509 hujus

310 540 506 593 ἔλυσαν
545 535 632 587 διὰ
666 535 763 602 τὴν
789 528 1085 599 ἐπιθυμίαν
1110 530 1211 597 τὴν
1239 527 1373 595 περ).
1387 527 1485 593 τὴν
1510 526 1725 594 σφαγὴν
1751 526 1881 577 ταύ-

310 649 428 700 την.
463 627 598 683 Οὐδὲ
637 627 746 693 γὰρ
780 625 809 676 ὁ
850 621 1088 691 Χριστὸς
1134 619 1350 689 παρέϐη
1402 618 1492 671 τδν
1542 616 1737 686 καιρὸν
1784 615 1879 668 τοῦ

314 723 525 790 Πάσχα,
556 716 669 771 ἀλλ’
692 716 891 767 ἐκεῖνοι
921 712 970 764 οί
996 711 1174 765 πάντα
1198 708 1509 791 τολμῶντες
1534 709 1628 761 καὶ
1657 706 1882 776 μυρίους

317 809 755 869 καταπατοῦντες
784 805 1006 873 νόμους.
1039 802 1260 855 Τούτων
1296 801 1470 862 οὕτως
1500 799 1736 870 ἑχόντων
1764 797 1881 858 πῶς

320 899 770 970 κατηγορήσομεν
814 897 943 956 τοὺς
995 892 1133 963 μετᾶ
1162 892 1390 960 ἀζύμων
1417 889 1515 959 τὴν
1570 889 1762 942 θυσίαν
1792 904 1881 941 τε-

316 992 539 1054 λοῦντας
566 1007 581 1051 ;
612 988 748 1059 Περὶ
780 987 837 1039 δὲ
873 984 1032 1055 ήμῶν
1077 982 1261 1036 αὐτῶν
1322 980 1467 1034 οὕτω
1515 980 1769 1050 λέγομεν,
1802 981 1883 1032 ὅτι

318 1083 458 1138 οὕτω
483 1079 884 1150 παρελάϐομεν,
915 1079 1009 1131 καὶ
1040 1073 1184 1129 οὕτω
1215 1075 1538 1143 στέργομεν,
1570 1073 1645 1134 ὡς
1673 1073 1721 1124 οί
1754 1071 1887 1123 ἀπό-

319 1172 495 1227 στολοι
524 1170 645 1223 κατ’
670 1164 817 1222 οἷκον
845 1166 1082 1228 κλῶντες
1114 1165 1278 1233 ἄρτον
1322 1163 1422 1232 τὴν
1464 1162 1654 1215 Θυσίαν
1700 1162 1887 1212 ἐπετέ-

319 1266 464 1316 λουν·
497 1261 593 1313 καὶ
641 1256 880 1327 οὐδαμοῦ
930 1256 1182 1324 φαίνεται
1232 1253 1306 1315 ὡς
1350 1253 1561 1321 ἄζυμον
1595 1250 1888 1319 ζητοῦντες

321 1356 418 1425 τὴν
442 1351 636 1406 Θυσίαν
662 1348 972 1402 ἐπετέλουν.
1006 1346 1118 1399 Καὶ
1163 1345 1328 1399 πάλιν
1372 1346 1426 1396 ὲν
1461 1345 1586 1404 ταῖς
1620 1344 1726 1394 τῶν
1757 1342 1887 1403 ἀζύ-

323 1462 440 1515 μων
492 1444 729 1512 ἡμέραις
782 1436 1035 1509 μηδαμοῦ
1087 1439 1145 1489 ἐν
1199 1435 1598 1515 Ἰεροσολύμοις
1652 1430 1888 1499 ὲνζύμου

318 1513 736 1603 εὑρισκομένου,
764 1522 1002 1594 οὐδαμοῦ
1040 1526 1200 1578 πάλιν
1233 1513 1506 1590 φαίνεται,
1545 1523 1627 1575 ὃτι
1659 1520 1888 1587 ἔνζυμον

316 1623 621 1687 αἰτοῦντες,
670 1619 840 1680 οὕτως
910 1617 1151 1670 ἐποίουν.
1213 1616 1474 1684 ’ῌδεισαν
1524 1613 1655 1680 γὰρ,
1704 1612 1786 1663 ὅτι
1828 1610 1889 1661 τὸ

312 1715 448 1766 αὑτό
483 1714 630 1763 ἐστιν
681 1706 1065 1774 ὑποκείμενον,
1102 1706 1130 1756 ὁ
1179 1705 1243 1755 ὲκ
1291 1702 1383 1754 τοῦ
1442 1702 1592 1753 σίτου
1639 1699 1886 1767 ἄλευρος.

311 1805 388 1858 Οὐ
419 1803 529 1871 γὰρ
558 1800 647 1852 διὰ.
674 1798 738 1851 τὸ
774 1796 851 1866 μὴ
903 1794 1046 1864 ἔχειν
1092 1794 1295 1863 μικρὰν
1344 1792 1547 1861 ζύμην,
1584 1790 1681 1860 ηδτ]
1714 1790 1889 1841 πάντα
1922 1774 1962 1829 Β

311 1898 384 1950 τὰ
412 1891 715 1961 τελούμενα
740 1888 910 1957 ἀργὰ,
942 1887 1037 1939 καὶ
1072 1886 1307 1955 μάλιστα
1340 1884 1406 1936 τὰ
1436 1882 1529 1934 τοῦ
1563 1880 1770 1949 Κυρίου
1795 1879 1890 1948 ῥή-

278 2046 283 2049 A
316 2005 490 2056 ματα,
521 1986 677 2039 ἅτινα
700 1983 793 2035 καὶ
819 1977 1176 2049 μεταποιοῦσι
1200 1976 1292 2028 τὸν
1321 1975 1485 2045 ἄρτον
1502 1975 1595 2025 καὶ
1628 1972 1719 2025 τὸν
1749 1967 1892 2024 οἶνον

314 2080 417 2132 σὺν
438 2077 520 2145 τῷ
550 2074 806 2134 ῦδατιείς
858 2070 1018 2140 σῶμα
1068 2069 1161 2121 καὶ
1198 2062 1337 2136 αἷμα
1413 2064 1603 2119 αὑτοῦ.
1658 2062 1781 2114 Ὅτι
1835 2061 1891 2114 δὲ

313 2171 455 2222 αὐτὰ
486 2167 554 2218 τὰ
590 2166 813 2236 ῥήματα
843 2157 1350 2231 μεταῤῥυθμίζουσι
1382 2155 1480 2223 τὴν
1524 2154 1655 2223 ὓλην
1688 2150 1893 2219 ταύτην

312 2266 398 2325 εἰς
454 2260 523 2312 τὰ
558 2255 851 2328 εἰρημένα,
885 2254 1121 2304 ἄκουσον
1169 2247 1263 2301 τοῦ
1306 2248 1454 2301 θείου
1502 2243 1890 2316 Χρυσοστόμου

312 2356 375 2406 ὲν
402 2350 477 2421 τῷ
506 2348 671 2416 λόγῳ,
698 2340 758 2398 οὗ
781 2344 814 2413 ἡ
847 2340 1151 2411 ἐπιγραφὴ,
1181 2342 1286 2405 Είς
1314 2332 1761 2406 τὴνπροδοσίαν
1781 2332 1891 2387 τοῦ

325 2445 554 2508 Ἰούδα,
584 2440 682 2494 καί
711 2441 798 2505 εις
830 2436 895 2490 τὸ
935 2433 1240 2503 μυστικὸν
1284 2430 1532 2485 δεῖπνον
1562 2429 1671 2484 τοῦ
1700 2426 1895 2495 Σωτῆ-

307 2555 446 2606 ρος,
488 2533 587 2589 καὶ
636 2534 785 2585 κατὰ
829 2527 1173 2583 Ἰουδαίων-³
1210 2527 1245 2595 ἡ
1278 2526 1335 2577 δὲ
1372 2523 1517 2594 ἁρχὴ
1565 2521 1659 2575 τοῦ
1707 2520 1889 2587 λόγον’

327 2626 688 2694 Ἐϐουλόμην,
734 2619 1037 2689 ἀγαπητοὶ,
1066 2616 1167 2683 τῆς
1199 2613 1343 2668 κατὰ
1395 2614 1486 2667 τὸν
1548 2611 1894 2681 πατριάρχην

315 2720 484 2774 πάλιν
517 2715 853 2775 ὑποθέσεως.
881 2712 1121 2780 Πάρεστι
1139 2709 1234 2762 καὶ
1261 2705 1357 2759 νῦν
1388 2706 1416 2757 ὁ
1436 2704 1669 2772 Χριστὸς
1686 2704 1895 2762 ἐκεῖνος

317 2813 421 2881 τὴν
448 2805 730 2877 τράπεζαν
771 2800 977 2869 ταύτην
1007 2796 1229 2866 κοσμῶν
1248 2808 1263 2824 ⁸
1290 2796 1317 2846 ὁ
1351 2792 1459 2860 γὰρ
1484 2792 1584 2862 τὴν
1612 2786 1893 2881 τράπεζαν

317 2880 542 2970 ἐκείνην
570 2896 852 2966 κοσμήσας
892 2891 1034 2954 τότε,
1064 2883 1217 2948 οὗτος
1241 2888 1336 2941 καὶ
1374 2884 1581 2954 ταύτην
1610 2880 1896 2949 διακοσμεῖ

316 2994 440 3048 νῦν.
482 2992 558 3044 Οὐ
608 2989 718 3059 γὰρ
774 2981 1064 3054 ἄνθρωπός
1092 2982 1238 3033 ἐστιν
1282 2980 1310 3032 ὁ
1347 2976 1519 3030 ποιῶν
1549 2975 1617 3028 τὰ
1667 2972 1891 3043 προκεί-

1924 1572 1955 1599 δὲ

1982 533 2243 587 faciendze
2279 532 2577 587 desiderio.
2623 529 2811 599 Neque
2864 533 3007 585 enim
3042 530 3293 586 Christus
3334 538 3549 600 tempus

1982 624 2205 679 Pascha;
2229 640 2338 678 non
2371 625 2704 692 observavit,
2730 624 2824 679 sed
2848 624 2921 679 illi
2950 624 3040 692 qui
3070 623 3205 676 nihil
3234 637 3343 677 non
3388 623 3553 677 aude-

1981 715 2132 779 bant,
2165 725 2219 770 et
2246 716 2391 782 leges
2433 716 2744 770 innumeras
2781 716 3227 785 perrumpehant.
3266 713 3400 769 Cum
3436 715 3551 768 haec

1982 806 2055 859 ita
2095 821 2155 860 sc
2182 805 2439 867 habeant,
2472 821 2577 875 qua
2610 808 2823 860 ratione
2879 817 3039 861 erunt
3066 822 3096 859 a
3147 807 3305 861 nobis
3363 820 3551 875 repre-

1983 895 2273 959 hendendi,
2306 898 2399 966 qui
2430 911 2621 968 azymo
2644 897 3003 951 sacriﬁcant?
3053 896 3126 949 De
3177 896 3335 951 nobis
3374 904 3553 949 autem

1985 989 2120 1057 ipsis
2157 989 2411 1053 dicimus,
2438 989 2513 1042 ita
2546 1004 2648 1043 nos
2692 988 2991 1057 accepisse.
3025 996 3078 1041 et
3134 995 3377 1041 nostram
3425 1001 3555 1040 con-

1985 1080 2329 1134 suetudinem
2361 1087 2535 1132 ratam
2574 1079 2773 1133 habere
2800 1095 2812 1141 ;
2845 1085 2896 1131 et
2926 1077 3153 1146 apostoli
3186 1077 3333 1130 domi
3364 1090 3555 1145 panem

1987 1171 2298 1239 frangentes
2320 1170 2651 1224 sacriﬁcium
2679 1169 3044 1232 factitabant;
3082 1183 3260 1236 neque
3319 1182 3547 1235 usquam

1986 1270 2234 1330 apparet,
2265 1262 2554 1329 quaesitum
2587 1275 2710 1314 esse
2739 1261 2807 1313 ab
2841 1261 2945 1313 illis
2974 1274 3166 1328 panem
3208 1273 3457 1328 azymum
3492 1258 3557 1309 ad

1986 1348 2437 1404 sacriﬁcandum.
2467 1348 2681 1403 Rursus
2704 1363 2828 1401 cum
2864 1349 2978 1401 dies
3002 1356 3185 1402 essent
3213 1362 3557 1416 azymorum,

1986 1452 2041 1497 et
2074 1443 2433 1498 fermentatus
2463 1443 2621 1510 panis
2651 1457 2756 1496 non
2788 1449 2935 1497 esset
2988 1439 3399 1510 Hierosolymis,
3429 1454 3561 1491 nus-

1988 1551 2148 1604 quam
2179 1536 2428 1591 similiter
2462 1542 2708 1602 apparet,
2771 1534 2999 1601 quaesito
3063 1530 3388 1585 fermentato
3442 1530 3562 1582 illos

1988 1641 2372 1689 consecrasse,
2397 1628 2543 1695 quod
2577 1625 2779 1680 scirent
2804 1625 3086 1677 materiam
3124 1637 3248 1677 esse
3288 1621 3561 1683 eamdem,

1989 1730 2187 1784 nempe
2217 1716 2450 1769 farinam
2484 1716 2781 1769 triticeam.
2814 1712 3002 1781 Neque
3030 1715 3177 1766 enim
3210 1708 3357 1781 quod
3390 1709 3563 1763 modi-

1992 1821 2116 1861 cum
2182 1821 2288 1859 non
2339 1805 2481 1860 adsit
2547 1804 2895 1868 fermentum,
2947 1802 3186 1859 invalida
3234 1802 3345 1870 jam
3396 1809 3561 1853 erunt

1991 1898 2176 1952 omnia
2206 1911 2327 1966 quae
2361 1896 2426 1950 ad
2454 1896 2783 1950 sacriﬁcium
2816 1902 3087 1964 spectant,
3124 1893 3427 1963 praesertim
3458 1892 3565 1945 Do-

1993 1987 2124 2042 mini
2153 1989 2343 2052 verba,
2382 2001 2505 2056 quae
2535 2000 2727 2054 panem
2761 1994 2814 2039 et
2838 1986 3021 2038 vinum
3053 1999 3176 2039 cum
3213 1999 3355 2053 aqua
3386 1994 3563 2038 trans-

1993 2087 2210 2133 mutant
2283 2079 2337 2131 in
2396 2092 2595 2146 corpus
2664 2076 2784 2145 ejus
2840 2084 2894 2130 et
2953 2074 3343 2144 sanguinem?
3405 2074 3561 2141 Quod

1993 2181 2173 2224 autem
2209 2170 2375 2223 verba
2408 2168 2521 2222 haec
2567 2168 2849 2223 materiam
2882 2168 3032 2221 illam
3085 2177 3455 2222 transmutent
3504 2166 3559 2221 in

1992 2275 2055 2318 ea
2091 2276 2209 2332 quae
2239 2261 2498 2327 diximus,
2546 2259 2673 2314 audi
2715 2275 2782 2315 ex
2834 2260 3018 2315 divino
3066 2260 3458 2331 Chrysostomo
3508 2260 3561 2313 in

1992 2353 2238 2409 oratione
2269 2392 2283 2415 ,
2356 2367 2477 2423 quae
2538 2351 2860 2407 inscribitur
2910 2368 2925 2406 :
2979 2351 3043 2405 Ia
3099 2349 3258 2405 Judre
3306 2351 3565 2420 proditio-

1992 2460 2149 2511 nem,
2207 2452 2257 2496 et
2322 2444 2597 2511 mysticam
2661 2439 2963 2495 Saluatoris
3022 2456 3264 2505 caenam,
3325 2450 3371 2493 et
3441 2455 3566 2493 ron-

1995 2548 2083 2592 tra
2141 2538 2381 2602 Judwos;
2441 2535 2708 2591 orationis
2760 2542 2941 2589 autem
3002 2534 3221 2587 initium
3262 2534 3368 2587 hoc
3420 2541 3503 2588 est
3550 2549 3564 2586 :

1994 2632 2254 2687 Volebam
2321 2644 2453 2685 sane
2488 2669 2503 2693 ,
2563 2624 2930 2690 dilectissimi,
2994 2640 3190 2679 rursus
3244 2624 3568 2691 patriarchae

1994 2731 2394 2796 argumentum,
2428 2726 2535 2774 etc.
2564 2716 2729 2773 Adest
2758 2729 2905 2770 nunc
2948 2715 3113 2769 etiam
3145 2715 3400 2768 Christus
3448 2716 3570 2784 ipse

1994 2829 2237 2871 mensam
2274 2813 2414 2865 hanc
2466 2822 2673 2864 ornans
2720 2806 2866 2877 :qui
2926 2804 3073 2859 enim
3125 2812 3255 2858 tunc
3320 2820 3565 2859 mensam

1994 2909 2139 2964 illam
2165 2905 2399 2969 ornavit,
2427 2903 2567 2957 idem
2595 2916 2740 2955 nunc
2763 2907 2817 2953 et
2844 2899 2983 2952 hanc
3009 2898 3182 2966 ipsam
3212 2898 3567 2952 condecorat.

1994 3000 2179 3069 Neque
2205 2996 2346 3051 enim
2372 2999 2540 3049 homo
2600 3000 2701 3055 est,
2727 2992 2822 3060 qui
2856 2991 2987 3045 facit
3022 3000 3082 3043 ut
3109 2991 3386 3060 proposita
3440 2990 3571 3042 ﬁant

321 3102 469 3156 μενα
508 3080 762 3151 γενέσθαι
795 3076 954 3146 σῶμα
983 3074 1080 3126 καὶ
1110 3067 1252 3141 αἷμα
1293 3068 1555 3137 Χριστοῦ,
1587 3067 1702 3120 ἀλλ’
1734 3066 1895 3127 αὐτὸς

1998 3066 2194 3159 corpus
2216 3097 2268 3142 et
2299 3086 2522 3155 sanguis
2539 3083 2766 3149 Christi,
2790 3082 2881 3136 sed
2903 3083 2994 3151 qui
3026 3096 3127 3151 pro
3176 3082 3339 3137 nobis
3392 3082 3571 3135 cruci-

317 3155 348 3231 δ
385 3170 726 3243 σταυρωθεὶς
754 3166 894 3237 ὑπὲρ
946 3163 1104 3234 ἡμῶν
1135 3161 1389 3229 Χριστός.
1436 3159 1634 3228 Σχῆμα
1673 3155 1898 3227 πληρῶν

208 3332 213 3337 ,
318 3275 349 3327 ὁ
381 3269 567 3340 ἱερεὺς
599 3265 757 3333 μόνον
790 3262 1010 3328 ἕστηκε,
1044 3259 1140 3312 καὶ
1175 3255 1475 3328 προσφέρει
1508 3253 1604 3323 τὴν
1622 3253 1806 3322 δέησιν
1833 3249 1901 3303 τὰ

325 3365 556 3435 ῥήματα
580 3355 949 3427 φθεγγόμενος
980 3352 1186 3435 εκεῖναο
1215 3350 1248 3418 ἠ
1274 3348 1332 3400 δὲ
1364 3348 1523 3417 χάρις
1555 3346 1650 3399 καὶ
1674 3346 1706 3415 ἡ
1740 3344 1902 3397 δύνα-

327 3434 426 3521 μίς
454 3453 570 3503 ἐστι
601 3445 694 3500 τοῦ
724 3443 858 3497 Θεοῦ
891 3444 924 3512 ή
953 3434 1134 3496 πάντα
1163 3436 1529 3508 ἐργαζομένη.
1573 3434 1756 3489 Τοῦτό
1782 3434 1902 3502 μού

322 3544 461 3596 ἐστι
490 3540 556 3593 τὸ
596 3536 789 3605 σῶμα,
817 3533 972 3601 φησί’
1004 3530 1166 3584 τοῦτο
1188 3530 1248 3581 τὸ
1276 3528 1429 3598 ῥῆμα
1464 3527 1532 3581 τὰ
1566 3527 1902 3596 προκείμενα

326 3629 793 3706 μεταρρυθμίζει.
825 3625 938 3679 Καὶ
969 3621 1223 3691 καθάπερ
1266 3621 1447 3681 ἐκείνη
1478 3621 1511 3689 ὴ
1561 3620 1712 3689 φωνὴ
1750 3620 1783 3688 ή
1819 3619 1904 3672 λέ-

324 3740 527 3795 γουσα’
567 3717 940 3785 Αὺξὰγεσθε,
972 3715 1071 3769 καὶ
1107 3712 1512 3779 πληθύνεσθε,
1543 3710 1643 3763 καί
1673 3709 1906 3778 πληρώ-

324 3833 481 3874 (rats
512 3814 629 3880 τὴν
660 3810 801 3880 γῆν,
824 3807 1026 3879 ἐρρέθη
1055 3806 1154 3875 μὲν
1189 3802 1354 3867 ἅπαξ,
1381 3802 1470 3855 διὰ
1493 3801 1693 3863 παντὸς
1721 3800 1778 3853 δὲ
1810 3798 1904 3853 τοῦ
1934 3800 1937 3801 ⁷

325 3909 531 3980 χρόνου
562 3905 774 3972 γίνεται
827 3900 1011 3969 ἔργον,
1066 3894 1378 3964 δυναμοῦσα
1435 3891 1532 3959 τὴν
1592 3890 1754 3960 φύσιν
1807 3891 1907 3962 τὴν

331 4000 621 4073 ἡμετέραν
659 3993 796 4063 πρὸς
826 3988 1194 4045 παιδοποιίανο
1224 3985 1365 4039 οὕτω
1394 3988 1490 4038 καὶ
1520 3985 1658 4054 αὕτη
1688 3988 1721 4054 η
1753 3984 1906 4054 φωνὴ

333 4089 489 4154 ἅπαξ
521 4086 774 4156 λεχθεῖσα
799 4081 950 4149 παρὰ
977 4081 1077 4146 τῆς
1113 4077 1263 4139 θείας
1286 4075 1532 4144 γλώττης
1562 4075 1798 4143 ἐκείνης,
1825 4073 1907 4141 τὸ,

337 4179 526 4237 Τοῦτό
571 4176 689 4246 μού
722 4174 854 4228 ἐστι
886 4171 954 4224 τὸ
992 4168 1186 4238 σῶμα,
1220 4165 1344 4220 καθ’
1374 4166 1609 4237 ἑκάστην
1629 4163 1909 4235 τράπεζαν

332 4277 393 4327 ὲν
426 4274 545 4332 ταῖς
571 4265 915 4335 ἐκκλησίαις,
946 4261 1153 4314 ἐκείνου
1208 4260 1300 4312 τοῦ
1334 4260 1589 4329 ίρήματος
1619 4258 1652 4327 ή
1682 4256 1909 4324 δύναμις

338 4362 503 4432 μέχρι
533 4357 632 4425 τῆς
683 4356 946 4424 σήμερον,
979 4351 1074 4402 καὶ
1104 4350 1232 4419 ἄχρι
1279 4347 1379 4417 τῆς
1409 4345 1585 4421 αὐτοῦ¹
1609 4346 1912 4415 παρουσίας

334 4460 436 4521 τὴν
466 4450 659 4505 θυσίαν
699 4444 1123 4516 ἀπηρτισμένην
1165 4440 1479 4513 ἐργάζεται,
1514 4440 1577 4493 El
1628 4438 1720 4492 οὖν
1751 4438 1910 4491 τοῦτο

335 4550 397 4601 τὸ
423 4546 572 4615 ῥῆμα
598 4545 679 4606 εἰς
708 4542 869 4612 σῶμα
900 4536 1141 4609 Χριστοῦ
1175 4537 1269 4589 καὶ
1300 4530 1440 4606 αἷμα
1466 4534 1537 4587 τὰ
1568 4532 1909 4604 προκείμενα

345 4638 649 4709 μεταποιεῖ,
675 4635 769 4687 καὶ
794 4632 1001 4702 φρικτὰ
1052 4630 1333 4699 μυστήρια
1363 4626 1757 4697 ἀπεργάζεται,
1787 4626 1910 4679 ἁδυ-

340 4728 574 4782 νατείὃὶ
626 4727 799 4778 ταῦτα
833 4718 973 4775 εἶναι
1020 4720 1206 4773 τέλεια
1261 4718 1351 4772 διὰ
1396 4717 1457 4769 τὸ
1517 4717 1592 4787 μὴ
1625 4716 1770 4787 ἔχειν
1819 4733 1909 4784 μισ

342 4822 480 4887 κρὰν
530 4819 731 4888 ζύμην,
790 4814 974 4882 θαῦμα
1005 4813 1069 4866 ἂν
1114 4812 1200 4881 εἴη
1230 4827 1245 4842 ο
1296 4808 1595 4863 καὶταῦτα
1644 4811 1702 4861 ὲν
1740 4808 1911 4879 ταύτῃ

342 4914 405 4981 τῇ
463 4908 566 4979 ὕλῃ
612 4907 704 4959 τοῦ
738 4902 977 4973 Χριστοῦ
1026 4902 1369 4962 τελέσαντος,
1404 4900 1480 4963 ὡς
1525 4898 1912 4969 προαποδεδει-

348 5016 491 5052 κτοιι.

1034 5085 1223 5138 ΕΦΕΣ.

426 5183 539 5253 'Ap'
569 5180 667 5249 οὐχ
707 5181 866 5233 ἱκανὰ
896 5177 1070 5231 ταῦτα
1111 5176 1211 5246 τὴν
1242 5176 1474 5245 γνώμην
1504 5176 1685 5228 αὐτῶν
1716 5176 1917 5229 διαδεῖ-

350 5273 457 5340 ξαι,
488 5274 583 5327 καὶ
631 5273 710 5324 ὅτι
742 5272 843 5324 οὐκ
887 5269 1145 5339 ἀληθείας
1177 5269 1406 5339 ἔρευναν
1444 5268 1756 5339 ποιούμενοι
1804 5270 1917 5330 τοῖς

348 5367 597 5425 Λατίνοις
644 5362 928 5430 συνῆλθον,
955 5360 1023 5430 ἢν
1067 5362 1126 5413 ὲν
1165 5362 1355 5429 χερσὶν
1389 5359 1604 5430 ἔχοντες
1650 5360 1918 5430 προδεδώ-

352 5475 527 5519 κασιν,
562 5455 698 5508 ἀλλὰ
743 5454 1109 5523 χρυσοχοῆσαι
1166 5453 1504 5522 βουλόμενοι,
1556 5452 1649 5507 καὶ
1700 5454 1918 5507 πεπλα-

356 5551 558 5619 σμένην
594 5548 694 5599 οὑκ
729 5545 903 5615 ἁληθῆ
935 5546 1306 5614 συστήσασθαι
1335 5545 1568 5610 ἒνωσινς

421 5754 465 5787 ’⁸
485 5754 621 5808 Gen.
645 5767 686 5818 1,
710 5750 803 5805 28.

2001 3183 2141 3237 ﬁxus
2174 3187 2276 3240 est,
2311 3178 2428 3246 ipse
2473 3175 2746 3232 Christus.
2800 3172 3064 3243 Frguram
3113 3181 3326 3227 tantum
3376 3187 3571 3242 gerens

2004 3281 2112 3330 stat
2130 3270 2409 3332 sacerdos,
2440 3276 2493 3321 et
2522 3280 2710 3336 preces
2734 3263 2908 3331 oﬁ'ert,
2934 3266 3061 3318 dum
3089 3264 3254 3319 verba
3284 3263 3371 3316 illa
3397 3279 3571 3316 enun-

2001 3364 2132 3427 tiat;
2166 3375 2353 3414 verum
2382 3357 2557 3426 gratia
2586 3365 2638 3409 et
2659 3355 2897 3409 eﬁicacia
2926 3352 3023 3407 Dei
3075 3364 3181 3417 est,
3208 3368 3329 3423 quae
3377 3367 3572 3421 opera-

2005 3462 2095 3507 tur
2120 3450 2320 3505 omnia.
2354 3447 2464 3501 Hoc
2501 3456 2602 3506 est,
2647 3445 2849 3514 inquit,
2907 3460 3094 3513 corpus
3149 3458 3357 3506 meum;
3409 3441 3573 3495 verba

2003 3546 2118 3598 hate
2155 3541 2488 3612 propositam
2537 3542 2908 3591 transmutant
2937 3535 3244 3588 materiam.
3273 3534 3339 3587 Et
3386 3548 3574 3602 qucrn—

2004 3607 2294 3687 admo-dum
2335 3643 2439 3681 vox
2477 3628 2610 3680 illa:
2654 3625 2883 3679 Crescite
2934 3634 2981 3677 et
3040 3623 3464 3689 multiplicamini
3524 3632 3575 3675 et
3610 3607 3619 3617 ’

2004 3722 2196 3790 replete
2219 3728 2422 3772 terram
2441 3717 2504 3781 ”,
2532 3716 2741 3782 prolata
2774 3714 2992 3783 quidem
3015 3722 3098 3767 cst
3123 3712 3435 3786 semel,.sed
3464 3727 3580 3781 per-

2007 3813 2185 3885 petuis
2215 3808 2548 3879 temporibus
2576 3807 2635 3860 ﬁt
2683 3820 2840 3874 opus,
2907 3815 3152 3858 naturam
3211 3815 3456 3860 nostram
3507 3804 3574 3857 ad

2004 3903 2441 3973 procreationem
2469 3899 2868 3954 corroborans:
2899 3898 2975 3951 ita
3030 3908 3082 3951 et
3105 3899 3217 3953 haec
3248 3912 3349 3951 vox
3408 3897 3579 3952 sctnrl

2006 4002 2177 4056 missa
2219 3995 2395 4051 abilla
2436 3993 2617 4047 divina
2654 3992 2870 4059 lingua:
2913 3991 3025 4045 Hoc
3070 4002 3147 4044 est
3171 4006 3360 4060 corpus
3387 4006 3578 4053 meum,

2007 4093 2062 4147 in
2095 4090 2322 4161 singulis
2354 4088 2622 4142 altaribus
2644 4102 2739 4155 per
2766 4086 3033 4140 ecclesias
3056 4085 3257 4139 virtute
3274 4099 3372 4138 sua
3397 4083 3577 4143 eﬁicit,

2008 4192 2070 4237 ut
2101 4182 2165 4237 ad
2195 4182 2336 4235 hanc
2376 4180 2519 4234 diem
2551 4186 2606 4232 et
2630 4191 2803 4244 usque
2830 4176 2893 4229 ad
2928 4174 3176 4228 futurum
3230 4174 3348 4244 ejus
3376 4175 3580 4226 adven-

2010 4283 2125 4329 tum
2157 4270 2487 4327 sacrilicium
2515 4270 2784 4341 integrum
2814 4274 3119 4335 peragatur.
3152 4262 3209 4318 Si
3243 4277 3373 4332 ergo
3411 4264 3575 4315 verba

2012 4364 2128 4425 haec
2154 4369 2525 4416 transmutant
2548 4359 2829 4412 materiam
2858 4356 3198 4425 propositam
3267 4356 3319 4408 in
3382 4369 3581 4422 corpus

1940 4426 1985 4483 υ
2013 4463 2069 4508 et
2092 4452 2411 4522 sanguinem
2453 4448 2677 4513 Christi,
2699 4448 3048 4513 cﬁiciuntque
3081 4454 3140 4499 ut
3162 4445 3273 4499 sint
3304 4446 3580 4499 tremenda

2016 4544 2313 4614 mysteria;
2352 4541 2550 4594 mirum
2593 4536 2835 4606 profecto
2880 4536 3068 4599 fuerit,
3103 4536 3149 4589 si
3202 4535 3447 4603 perlecta
3491 4532 3581 4584 ἰιιςι

2016 4646 2138 4687 esse
2163 4646 2273 4686 non
2299 4629 2531 4699 po~sint,
2564 4626 2707 4696 quod
2732 4640 2839 4679 non
2864 4625 3009 4679 adsit
3037 4623 3308 4678 modicum
3344 4621 3583 4676 fermen-

2019 4734 2171 4787 tum;
2201 4724 2361 4792 idque
2387 4735 2510 4776 cum
2542 4720 2599 4774 in
2625 4718 2718 4772 tali
2761 4719 2988 4773 materia
3016 4715 3269 4772 Christus
3319 4715 3434 4784 ipse
3454 4729 3585 4770 con-

2022 4814 2231 4878 iecerit,
2258 4823 2315 4867 ut
2344 4810 2718 4881 probavimus.

2687 5083 2931 5139 EPHES.

2090 5181 2171 5235 An
2212 5194 2319 5234 non
2347 5179 2484 5234 satis
2526 5179 2644 5231 haec
2674 5184 2800 5231 sunt
2835 5174 2898 5227 ad
2922 5171 3317 5230 declarandum
3343 5172 3587 5227 animum

2020 5288 2233 5338 eorum,
2269 5271 2415 5340 quod
2437 5285 2547 5324 non
2574 5267 2895 5338 indagandae
2914 5266 3164 5321 veritatis
3194 5265 3400 5331 studio,
3425 5280 3588 5334 quam

2025 5368 2079 5420 in
2117 5365 2367 5417 manibus
2400 5361 2662 5418 habentes
2723 5358 3041 5431 prodidere,
3102 5358 3157 5412 in
3231 5372 3401 5411 unum
3463 5372 3588 5411 cum

2028 5456 2239 5511 Latinis
2269 5468 2584 5509 convenere
2610 5453 2828 5518 locum;
2862 5450 2957 5506 sed
2984 5450 3268 5505 voluntate
3295 5448 3591 5515 cxpiscan-

2030 5550 2082 5602 di
2120 5561 2340 5613 aurum,
2373 5554 2429 5600 et
2458 5545 2661 5609 ﬁctam,
2695 5559 2802 5598 non
2837 5555 3022 5598 veram
3082 5538 3344 5594 unionem
3409 5537 3596 5593 conci—

2035 5638 2249 5693 ﬂandi?
