4112 6274
530 330 624 395 131

1210 441 1404 500 RESP.

607 534 761 603 Quod
831 549 932 588 nos
1009 532 1296 590 veritatem
1354 534 1681 605 indagantes
1744 535 1949 606 potius,
1995 551 2091 608 per

529 642 649 685 eam
691 625 972 696 conjuncti
1006 624 1277 681 fuerimus
1309 638 1436 681 cum
1461 625 1689 693 Latinis,
1731 634 1947 684 constat
1979 627 2092 695 pla-

534 733 599 773 ne
629 718 911 782 omnibus,
948 717 1042 786 qui
1078 718 1461 773 contentiones
1524 732 1635 772 non
1671 727 1860 773 amant
1900 736 1912 772 :
1967 731 2089 771 nam

533 813 779 867 veritatis
811 810 1098 879 inquisitio
1132 825 1226 881 per
1266 820 1584 866 sanctorum
1641 810 1971 881 theologiam
1997 813 2093 864 ha-

530 905 639 958 bita
676 910 782 966 est,
813 918 920 956 non
980 909 1039 956 ut
1068 903 1184 969 ipse
1239 903 1337 962 ait,
1393 902 1539 969 quod
1599 909 1655 958 et
1704 901 1878 971 ipsam
1931 916 2093 970 quam

532 994 891 1055 habebamus,
922 995 1203 1047 veritatem
1233 994 1660 1058 prodiderimus.
1696 992 1954 1062 Alioquin
1992 994 2095 1047 hoc

529 1085 677 1140 idem
710 1083 781 1141 de
821 1085 1015 1153 quavis
1060 1083 1388 1138 mtumenica
1458 1085 1668 1153 synodo
1713 1084 1823 1140 dici
1887 1094 2093 1152 posset,

530 1177 722 1231 relicta
741 1176 995 1230 videlicet
1022 1176 1191 1245 prima
1218 1174 1347 1243 (ide,
1376 1178 1537 1232 aliam
1556 1192 1679 1234 esse
1702 1163 1771 1232 ab
1785 1172 1857 1233 iis
1871 1177 2092 1232 editam.

532 1266 732 1322 Verum
763 1269 869 1322 hoc
903 1281 1170 1336 nusquam
1221 1269 1489 1336 scriptum
1541 1277 1647 1332 est,
1708 1269 1855 1338 quod
1912 1268 2097 1337 expla-

533 1358 714 1412 nando
743 1373 941 1411 novam
966 1357 1127 1410 [idem
1183 1356 1503 1412 conderent.
1567 1357 1743 1425 llujus
1805 1358 1884 1413 rei
1940 1356 2099 1411 testis

533 1446 635 1500 erit
662 1455 716 1499 et
750 1455 973 1501 sanctus
996 1444 1263 1500 Maximus
1313 1446 1371 1500 in
1398 1446 1493 1500 illo
1524 1454 1781 1512 tractatu,
1818 1446 1977 1514 cujus
2003 1461 2104 1499 an-

538 1545 622 1589 tea
658 1536 987 1588 mentionem
1014 1533 1268 1589 fecimus.
1288 1534 1405 1601 Qua
1433 1535 1605 1600 enim,
1634 1536 1829 1604 inquit,
1861 1536 2096 1601 ratione,

533 1634 588 1680 et
619 1642 727 1694 quo
758 1634 916 1695 pacto
966 1634 1212 1679 sanctam
1252 1625 1754 1683 Chalcedoneusem
1805 1627 2096 1695 synodum,

534 1732 661 1771 cum
688 1718 781 1772 illa
812 1718 1037 1772 Patrum
1073 1717 1297 1771 vocibus
1322 1724 1512 1785 aperte
1547 1731 1643 1771 usa
1675 1717 1769 1781 sit,
1829 1718 2097 1771 crimina-

1408 327 1787 387 GBEGORII
1831 326 2131 388 ΜᾹΜΜᾹΞ
2162 324 2272 385 CP.
2318 319 2818 381 PATRIARCIHE

2119 461 2165 517 Δ

3658 316 3755 387 132

2872 436 3080 495 ΑΠΟΛ.

2265 536 2389 587 Ὀτι
2437 532 2537 602 μὲν
2577 525 2671 584 οὖν
2702 530 2963 600 ἀληθείας
3004 531 3234 601 ἔρευναν
3266 528 3581 599 ποιούμενοι
3616 532 3751 600 μᾶλ-

2191 624 2301 689 λον,
2333 624 2425 677 διὰ
2460 621 2663 693 ταύτης
2702 621 2955 683 Λατίνοις
2994 618 3307 690 ήνὼθημεν,
3356 619 3626 688 πρόδηλον
3664 622 3755 673 καὶ

2194 716 2427 785 φανερὸν
2454 717 2567 778 τοῖς
2613 715 2688 785 μὴ
2732 714 3060 793 φιλονεικεῖν
3091 713 3354 765 ἐθέλουσι·
3394 712 3484 764 διὰ
3521 711 3632 780 γὰρ
3660 712 3755 779 τῆς

2192 809 2301 861 τῶν
2330 807 2501 874 ἁγίων
2544 806 2825 873 θεολογίας
2868 806 2900 875 ἡ
2933 803 3131 875 ἔρευνα
3161 805 3376 872 γέγονε,
3418 804 3514 858 καὶ
3560 803 3658 873 οὐχ
3684 804 3759 867 ὡς

2194 900 2355 961 αὐτός
2410 915 2597 969 φησιν,
2652 898 2734 951 ὅτι
2781 892 3204 965 προδεδώκαμεν
3250 899 3348 950 καὶ
3395 896 3464 966 ἢν
3513 896 3756 964 εῐχομενσ

2194 992 2354 1046 τοῦτο
2382 991 2492 1060 γὰρ
2516 991 2609 1044 καὶ
2630 990 2730 1044 ἐπὶ
2755 992 2939 1061 πάσης
2972 989 3361 1059 οίκουμενικῆς
3392 990 3614 1042 συνόδου
3638 989 3756 1044 ἐλέ-

2195 1100 2326 1151 γετο
2356 1083 2446 1145 ἂν,
2476 1084 2561 1135 ὅτι
2605 1083 2703 1151 τὴν
2752 1082 2979 1153 πρώτην
3028 1081 3211 1135 πίστιν
3246 1082 3530 1144 ἐάσαντες,
3563 1080 3761 1149 ἑτέραν

2200 1174 2379 1245 ἔσχον.
2423 1173 2564 1227 Ἀλλ’
2595 1173 2833 1242 οὐδαμοῦ
2867 1172 3024 1225 τοῦτο
3065 1171 3397 1241 γέγραπται,
3429 1172 3511 1223 ὄτι
3541 1170 3631 1223 διὰ
3659 1170 3762 1238 τῆς

2199 1264 2559 1330 ἐξαπλώσεως
2585 1265 2776 1333 ἑτέραν
2804 1264 2987 1315 πίστιν
3018 1262 3194 1331 ἔσχον.
3221 1263 3575 1333 Μαρτυρήσει
3602 1260 3769 1315 τοῦτο

2199 1354 2294 1405 καὶ
2326 1356 2353 1405 ό
2396 1354 2452 1405 ἐν
2486 1354 2662 1421 ἁγίοις
2708 1352 2957 1420 Μάξιμος
3007 1353 3065 1404 ἐν
3113 1352 3192 1421 τῷ
3219 1352 3764 1421 προμνημονευθιέντι

2197 1444 2343 1511 λόγῳ
2389 1443 2579 1497 αὐτοῦ’
2611 1445 2748 1513 φησι
2782 1444 2912 1512 γάρ’
2946 1442 3066 1494 Τίνι
3096 1442 3241 1513 λόγῳ
3282 1444 3381 1499 καὶ
3410 1444 3527 1505 πῶς
3566 1442 3667 1513 τὴν
3707 1449 3768 1498 ἐν

2201 1533 2507 1601 Καλχηδόνι
2533 1533 2697 1599 ἁγίαν
2741 1533 2980 1597 σύνοδον,
3012 1530 3193 1586 καίτοι
3243 1534 3538 1602 πατρικαῖς
3566 1534 3766 1603 προδή-

2199 1623 2305 1683 λως
2336 1624 2802 1693 ἀποχρησαμένην
2831 1626 3055 1693 φωναῖς.
3085 1625 3356 1686 αξτιᾶσθε,
3389 1624 3489 1678 καὶ
3510 1627 3584 1686 ὡς
3608 1626 3769 1679 ἄλλον

2204 1713 2439 1775 πίστεως
2476 1716 2601 1782 ὅρον
2636 1715 2987 1780 εἰσάγουσαν,
3018 1714 3146 1784 τῇδε
3188 1716 3413 1769 κάκεῖσε
3444 1718 3536 1770 καὶ
3565 1716 3769 1785 ἐγγρά-

538 1806 711 1861 mini?
739 1815 792 1859 et
820 1805 977 1875 quasi
999 1820 1195 1860 novam
1227 1806 1346 1859 ﬁdei
1377 1804 1759 1860 deﬁnitionem
1833 1805 2097 1861 condide-

2209 1822 2318 1873 φως
2357 1807 2451 1857 καὶ
2498 1806 2761 1874 ἀγράφως
2802 1806 3185 1877 διαλοιδορεῖτε
3217 1809 3310 1860 καὶ⁵
3348 1806 3767 1874 διασκώπτετες

535 1900 630 1963 rit,
668 1901 874 1967 passim
904 1897 1168 1952 conviciis
1214 1898 1361 1951 illam
1394 1904 1504 1952 tum
1530 1896 1775 1966 scriptis,
1846 1907 1960 1953 tum
2012 1896 2105 1952 di-

535 1994 640 2046 ctis
668 1990 1018 2060 proscinditis
1041 1990 1063 2044 ?
1084 1987 1286 2051 Nolite,
1343 1990 1521 2058 inquit
1548 1990 1832 2055 Dominus,
1853 1990 2105 2057 judicare

534 2085 817 2140 secundum
848 2082 1061 2151 facient,
1104 2082 1195 2139 sed
1217 2082 1430 2150 justum
1461 2082 1727 2150 judicium
1756 2082 1999 2150 judicale
2028 2082 2095 2136 ⁸⁸.

535 2175 646 2230 Cur
676 2176 729 2231 in
758 2190 865 2229 una
896 2174 1199 2242 eademque
1230 2172 1456 2226 materia
1488 2171 1556 2225 de
1590 2170 1848 2225 Patribus
1904 2172 2103 2240 synodi

536 2265 1001 2325 Chalcedonensis
1048 2261 1473 2331 conquerimini,
1503 2271 1559 2315 et
1600 2262 1944 2333 antiquiores
2004 2263 2107 2319 hoc

537 2360 658 2428 ipso
674 2358 906 2413 crimine
932 2354 1214 2412 liberatis?
1264 2353 1398 2407 Nam
1437 2354 1484 2407 si
1520 2353 1650 2407 licet
1679 2369 1943 2417 accusare
1999 2356 2109 2409 Pa-

540 2463 655 2506 tres
683 2448 1157 2507 Chalcedonensis
1196 2446 1441 2509 concilii,
1467 2454 1527 2501 ut
1559 2444 1721 2501 aliam
1784 2444 1909 2499 tidei
1967 2445 2105 2499 deli.

537 2546 804 2601 nitioncm
829 2541 1259 2611 promulganlcs,
1285 2555 1351 2597 eo
1374 2538 1519 2608 quod
1547 2553 1710 2593 voces
1733 2538 2107 2604 adhibuerim,

538 2652 660 2707 quae
694 2650 802 2691 non
832 2634 1102 2691 habentur
1134 2632 1189 2687 in
1252 2630 1574 2687 deﬁnitione
1602 2631 1819 2691 Patrum
1856 2630 2110 2686 Nicaeae-

538 2746 659 2785 rutn
698 2746 715 2793 ;
747 2731 998 2796 sequitur
1020 2726 1268 2790 omnino,
1300 2735 1361 2779 ut
1414 2727 1518 2780 hoc
1581 2725 1723 2780 idem
1757 2725 1827 2779 ob
1859 2724 2109 2779 eamdem

544 2836 768 2877 causam
813 2819 918 2872 dici
958 2818 1136 2888 possit
1176 2826 1233 2871 et
1264 2824 1455 2873 contra
1489 2814 1777 2885 Cyrillum,
1814 2823 1871 2870 et
1916 2822 2111 2869 contra

541 2920 760 2967 centum
794 2909 1192 2979 quinquaginta
1226 2907 1418 2962 Patres
1452 2923 1468 2960 :
1505 2906 1599 2961 sed
1633 2906 1679 2961 si
1740 2906 1805 2961 de
1836 2905 1947 2963 illis
2006 2906 2113 2961 hoc

541 3002 648 3056 dici
685 3016 792 3056 non
822 3000 972 3065 licet,
1012 3013 1121 3053 non
1155 2997 1313 3053 video
1337 3012 1435 3051 cur
1464 2997 1625 3051 liceat
1648 2997 1715 3051 de
1739 2995 1844 3053 hac
1876 2997 2107 3067 synodo.

2205 1899 2301 1965 Μὴ
2337 1900 2466 1951 κατ’
2492 1899 2638 1966 ὄψιν
2660 1901 2922 1967 κρίνητε,
2953 1900 3043 1954 διὰ
3071 1901 3161 1953 τδν
3183 1903 3408 1955 εἰπόντα
3434 1902 3586 1969 Θεὸν,
3610 1903 3775 1958 ἀλλὰ

2206 1991 2321 2057 τὴν
2349 1990 2590 2044 δικαίαν
2624 1992 2830 2058 κρίσιν
2855 1994 3116 2060 κρίνατε.
3152 1993 3248 2055 Τίς
3287 1993 3319 2061 ἡ
3354 1994 3446 2046 ἐπὶ
3473 1993 3571 2063 τῆς
3600 1994 3774 2062 αὗτῆς

2208 2081 2303 2133 καὶ
2357 2082 2485 2148 μιᾶς
2535 2081 2843 2145 ὑποθέσεως
2895 2083 3003 2134 τῶν
3052 2083 3111 2135 ἐν
3162 2083 3465 2154 Καλχηδόνι
3513 2085 3776 2151 Πατέρων

2207 2170 2465 2238 ιγκλησις
2499 2172 2675 2238 ὑμῶν,
2708 2173 2802 2225 καὶ
2847 2173 2932 2235 τίς
2974 2174 3009 2240 ἠ
3045 2173 3155 2227 τῶν
3194 2174 3581 2244 προλαϐόντων
3610 2178 3777 2248 ἀνάρ-

2210 2263 2401 2331 ρησις;
2440 2263 2500 2314 Et
2544 2263 2654 2333 γάρ
2685 2264 2803 2316 ἐστι
2847 2265 2989 2317 κατά
3038 2266 3133 2335 τῆς
3183 2266 3576 2337 Καλχηδονέων
3613 2268 3777 2321 ἄλλον

2209 2354 2488 2407 αἰτιᾶσθαι
2520 2355 2761 2418 πίστεως
2791 2356 2918 2424 ὅρον
2942 2356 3032 2410 διὰ
3060 2358 3157 2421 τὰς
3198 2360 3299 2412 οὐκ
3342 2361 3666 2427 ἐγκειμένας
3697 2361 3779 2430 τῷ

2208 2445 2318 2513 ὅρῳ
2362 2444 2460 2512 τῆς
2502 2445 2756 2498 Νικαέων
2800 2447 3005 2512 φωνὰς,
3049 2449 3208 2501 τοῦτό
3240 2464 3302 2515 γε
3335 2451 3552 2513 πάντως
3584 2453 3779 2518 ἕψεται

2206 2538 2391 2605 λέγειν
2414 2539 2501 2592 διὰ
2525 2538 2626 2608 τὴν
2659 2538 2829 2607 αὐτὴν
2859 2536 3041 2590 αἰτίαν
3077 2537 3168 2589 καὶ
3201 2538 3343 2589 κατὰ
3375 2538 3647 2607 Κυρίλλου
3682 2540 3778 2591 καὶ

2209 2630 2350 2684 κατὰ
2375 2629 2484 2681 τῶν
2517 2628 2710 2681 ἑκατὸν
2747 2627 3107 2694 πεντήκοντα·
3145 2627 3193 2678 εί
3222 2626 3279 2678 δέ
3310 2627 3430 2679 κατ’
3465 2628 3645 2680 αὐτῶν
3674 2630 3776 2683 οὐκ

2211 2720 2346 2783 εστι,
2380 2718 2494 2778 πῶς
2540 2715 2660 2770 κατ’
2687 2715 2926 2785 ἐκείνης,
2966 2715 3199 2770 συνιδεῖν
3228 2718 3327 2768 οὐκ
3358 2717 3485 2787 ἔχω.
3512 2717 3635 2770 ’Ὁτι
3686 2716 3781 2772 οὖν

2211 2812 2503 2880 πατρικαῖς
2537 2809 2794 2878 ἑπόμενοι
2824 2812 3051 2876 φωναῖς,
3076 2807 3164 2861 διὰ
3209 2809 3413 2862 τούτων
3448 2810 3545 2878 τὴν
3579 2810 3778 2864 ἕνωσιν

2212 2903 2600 2971 πεποιήκαμεν
2646 2900 3045 2953 ἀποδέδεικται·
3080 2899 3162 2951 διὸ
3207 2899 3328 2951 οὐδὲ
3358 2901 3583 2964 δικαίως
3617 2906 3784 2969 ἐγκα-

2185 2993 2313 3055 λεῖ,
2340 2993 2423 3045 ὅτι
2456 2991 2523 3062 ἢν
2559 2993 2780 3060 εἶχομεν
2808 2989 3253 3058 προδεδώκαμεψ
3287 2989 3401 3041 ἀλλ’
3435 2992 3556 3044 οὐδὲ
3588 3010 3785 3061 χρυσοο

543 3094 699 3160 Quod
736 3091 903 3161 igitur
937 3097 1194 3160 paternas
1231 3089 1402 3146 secuti
1433 3103 1614 3152 voces,
1667 3102 1761 3157 per
1792 3102 1886 3143 eas
1943 3088 2106 3144 unio-

2216 3085 2415 3156 χοῆσαι
2458 3083 2776 3153 βουλόμενοι
2828 3080 2927 3150 τὴν
2976 3082 3173 3133 ἕνωσιν
3227 3082 3631 3151 πεποιήκαμεν·
3690 3087 3785 3138 καὶ

2264 3178 2273 3191 ι
2419 3173 2435 3191 \
2512 3173 2524 3191 ν
2574 3172 2590 3191 ι
2620 3190 2627 3191 ,
2660 3169 2852 3191 I_,-!_,_
2886 3172 3015 3191 ιη’..
3040 3170 3091 3191 _\
3132 3188 3294 3191 __‘_s.
3352 3172 3367 3191 Ι
3412 3190 3423 3191 γ
3456 3190 3459 3191 ,
3493 3173 3537 3191 ις
3565 3176 3576 3189 ο
3635 3175 3664 3191 ο

541 3203 667 3244 nem
698 3184 1111 3256 perlecerimus,
1137 3182 1249 3253 jam
1300 3182 1738 3236 demonstratum
1770 3186 1857 3234 est
1886 3196 1900 3233 :
1936 3178 2110 3237 idcir-

538 3295 607 3335 co
639 3293 739 3334 nec
770 3279 896 3348 jure
929 3292 1031 3332 nos
1057 3275 1361 3337 insimulat,
1404 3273 1548 3343 quod
1585 3271 1897 3339 veritatem,
1928 3287 2052 3342 qua
2080 3288 2111 3329 a

548 3371 712 3426 nobis
745 3377 886 3433 erat,
922 3367 1350 3439 prodiderimus.
1383 3364 1493 3420 Sed
1520 3378 1702 3433 neque
1723 3378 1860 3418 auro
1890 3364 2112 3418 inhian-p

539 3472 626 3519 tes
662 3464 922 3518 unionem
963 3459 1302 3516 coniecimus
1327 3472 1487 3523 ;nam
1507 3464 1562 3514 et
1587 3458 1707 3526 ipse
1728 3471 1884 3525 atque
1919 3470 1985 3511 ac
2008 3471 2111 3511 nos

542 3555 847 3610 constituta
876 3552 1081 3608 salaria
1134 3548 1408 3613 sumebat,
1449 3558 1507 3604 et
1574 3561 1860 3603 nummum
1917 3557 2112 3601 aureo-

543 3664 665 3701 rum
690 3660 889 3717 expers
918 3659 1028 3699 non
1053 3652 1176 3699 erat
1201 3659 1214 3696 :
1249 3642 1385 3712 quin
1416 3642 1581 3696 etiam
1613 3640 1680 3694 de
1702 3638 1963 3709 pecunia,
1986 3651 2113 3706 qua

540 3738 650 3791 huc
680 3737 847 3790 missa
877 3742 995 3789 erat
1030 3733 1097 3787 sd
1131 3740 1504 3787 commeatum
1555 3728 1951 3799 navigationis,
2008 3739 2113 3781 nec

547 3842 653 3879 non
686 3824 950 3889 Venetiis,
1007 3833 1062 3878 et
1098 3816 1382 3876 menstrua
1438 3835 1561 3889 quae
1610 3821 1885 3874 dabantur
1945 3816 2111 3882 inibi,

543 3917 803 3972 similiter
837 3923 892 3969 et
925 3915 1042 3983 ipse
1083 3911 1410 3980 accipiebat.
1440 3908 1638 3965 Nescio
1660 3923 1849 3979 porro,
1882 3923 1953 3963 an
1979 3907 2113 3976 quia

546 4007 729 4063 sancti
756 4004 992 4076 Eugenii
1011 4001 1328 4071 depinxerit
1357 4002 1672 4070 imaginem,
1722 4008 1781 4054 ut
1811 4012 1930 4054 eam
1958 4012 2113 4069 papae

544 4098 803 4159 oticrret,
856 4103 911 4147 et
970 4104 1285 4163 sermonem
1347 4089 1416 4144 ad
1478 4103 1604 4144 enin
1667 4086 1982 4157 scripserit,
2050 4088 2124 4163 in

2216 3178 2326 3245 γὰρ
2348 3173 2442 3227 καὶ
2467 3172 2629 3234 αὐτὸς
2652 3169 2853 3239 ὁμοίως
2885 3172 3017 3240 ἡμῖν
3038 3170 3099 3223 τὸ
3129 3172 3463 3240 τεταγμένον
3490 3173 3784 3241 ἐλάμϐανε,

2216 3265 2312 3319 καὶ
2342 3262 2450 3318 τῶν
2481 3261 2754 3332 χρυσίνων
2782 3260 3070 3331 στατήρων
3100 3259 3202 3316 οὐκ
3228 3261 3496 3332 ἀμέτοχος
3530 3257 3621 3331 ἦν·
3649 3264 3787 3319 ἀλλὰ

2218 3357 2310 3411 καὶ
2339 3356 2403 3408 ἐκ
2432 3355 2542 3407 τῶν
2572 3352 2880 3406 σταλέντων
2911 3351 3152 3405 ἐνταῦθα
3184 3353 3255 3407 δι’
3277 3354 3465 3423 ἐφόδια
3498 3356 3593 3410 τοῦ
3626 3355 3785 3424 πλοῦ,

2218 3448 2313 3501 καὶ
2365 3450 2423 3499 ἐν
2469 3448 2535 3515 τῇ
2571 3445 2814 3516 Βενετίᾳ,
2863 3445 2958 3500 καὶ
3000 3445 3065 3498 τδ
3108 3447 3251 3501 κατὰ
3310 3447 3458 3516 μῆνα
3510 3448 3787 3518 διδόμενον

2219 3542 2424 3606 ἐκεῖσε,
2456 3538 2661 3608 ὁμοίως
2690 3537 3020 3608 ἐλάμϐανεν.
3056 3539 3171 3591 Οὐκ
3215 3537 3441 3607 οἴδαμεν
3466 3539 3544 3605 δὲ,
3576 3542 3625 3594 εί
3655 3541 3788 3594 διότι

2214 3630 2306 3685 τδν
2336 3630 2490 3699 ἅγιον
2530 3628 2788 3698 Εύγένιον
2816 3630 3123 3700 ἱστόρησεν,
3151 3630 3238 3682 ἵνα
3270 3629 3420 3702 δώσῃ
3448 3630 3526 3701 τῷ
3561 3632 3785 3704 πάππα,

2216 3724 2310 3775 καὶ
2339 3722 2420 3774 ὅτι
2463 3721 2921 3791 προσφωνητικὸν
2970 3721 3182 3793 ἔγραψε
3225 3722 3361 3793 πρὸς
3395 3726 3625 3790 ἐκεῖνον,
3655 3727 3793 3794 γρά-

2219 3828 2336 3881 φων
2365 3812 2459 3865 καὶ
2494 3810 2671 3864 τοῦτο·
2707 3813 2886 3883 Πάτερ
2928 3812 3207 3882 Ἀϐραὰμ,
3235 3812 3439 3882 ιπαρον
3471 3814 3570 3876 τὰς
3600 3815 3792 3884 χεῖράς

2220 3921 2339 3967 σου,
2383 3904 2481 3957 καὶ
2513 3905 2813 3973 εύλόγησον
2837 3907 2906 3957 τὰ
2935 3904 3103 3961 τέκνα
3144 3922 3237 3958 σου
3266 3904 3473 3976 ἥκοντα
3506 3906 3568 3972 ἐξ
3603 3908 3744 3979 tea;
3773 3926 3788 3941 °

2217 3998 2313 4053 καὶ
2366 3995 2443 4065 μὴ
2489 3994 2675 4048 λαϐὼν
2702 3996 3053 4067 ἀντιμισθίαν
3088 3998 3315 4067 τούτων,
3347 4000 3483 4070 μηδὲ
3527 4016 3790 4071 χρυσοχο-

2217 4089 2378 4157 ήσας,
2410 4089 2479 4141 τὰ
2511 4089 2738 4141 τοιαῦτα
2771 4090 3082 4157 ἐρεύγεται.

545 4205 655 4258 quo
685 4199 883 4257 praeter
940 4186 1046 4240 alia
1127 4183 1391 4239 dicebat:
1452 4181 1612 4237 Pater
1651 4181 1974 4242 Abraham,
2025 4174 2177 4236 eleva
2219 4197 2416 4236 manus
2474 4193 2617 4246 tuas,
2686 4192 2740 4237 et
2790 4184 3020 4238 benedic
3077 4185 3200 4240 filiis
3258 4184 3390 4249 tuis,
3432 4186 3524 4257 qui
3574 4186 3667 4242 tibi
3728 4180 3794 4241 ab

544 4283 755 4333 oriente
786 4279 1011 4333 veniunt
1042 4294 1059 4342 ;
1092 4285 1150 4331 et
1198 4276 1335 4332 nihil
1365 4293 1432 4333 ex
1466 4291 1533 4333 eo
1569 4275 1842 4332 mercedis
1885 4273 2162 4340 habuerit,
2204 4291 2306 4331 nec
2340 4291 2536 4330 aurum
2598 4278 2912 4347 expiscatus
2978 4278 3194 4347 fuerit;
3233 4280 3553 4351 hujusmodi
3625 4283 3792 4338 verba

546 4381 776 4431 cruciet.

1272 4469 1514 4525 EPHES.
2013 4524 2017 4527 .

625 4562 732 4619 Sed
762 4561 1222 4633 quemadmodum
1256 4576 1380 4616 cum
1436 4562 1546 4618 illis
1585 4561 1866 4632 conjuncti
1894 4560 2117 4624 fuerint,

549 4658 1029 4715 considerandum.
1054 4656 1189 4711 Nam
1215 4672 1377 4712 omne
1398 4656 1545 4726 quod
1588 4672 1713 4711 cum
1751 4656 1859 4709 alio
1882 4655 2115 4723 conjun-

548 4755 716 4822 gitur,
754 4766 852 4821 per
887 4750 1109 4820 aliquod
1139 4756 1290 4805 certe
1319 4749 1560 4803 medium
1582 4749 1791 4802 unitur.
1829 4746 1987 4813 Quod
2013 4744 2113 4813 igi-

553 4851 639 4893 tur
670 4838 735 4892 ad
767 4839 1096 4892 sententiam
1126 4838 1191 4891 de
1214 4837 1421 4906 Spiritu
1474 4849 1671 4891 sancto
1721 4837 1941 4899 attinet,
2010 4832 2119 4888 visi

554 4946 682 4985 sunt
710 4930 818 4984 illis
850 4928 1136 4999 conjungi,
1171 4929 1484 4983 sancientes
1517 4928 1670 4981 illum
1702 4944 1730 4981 a
1753 4928 1890 4982 Filio
1951 4925 2119 4982 etiam

552 5038 705 5077 suam
737 5020 1149 5076 subsistentiam
1186 5018 1425 5083 habere;
1462 5028 1518 5072 at
1546 5029 1746 5075 caetera
1785 5018 1972 5074 omnia
2019 5016 2125 5070 dil-

550 5114 756 5178 ferunt,
793 5126 895 5166 nec
926 5120 1008 5166 est
1040 5111 1183 5164 inter
1214 5125 1311 5167 eos
1334 5109 1630 5182 quidquam
1659 5126 1854 5177 unum,
1885 5118 1983 5163 aut
2006 5122 2120 5162 me-

552 5205 722 5267 dium,
757 5210 850 5257 aut
873 5216 1188 5257 commune.

1226 5293 1428 5350 RESP.

616 5383 730 5440 Nos
770 5384 949 5440 medio
972 5384 1038 5441 ad
1068 5385 1332 5442 unionem
1356 5387 1438 5444 usi
1467 5402 1659 5444 sumus
1691 5389 1962 5461 theologia
1990 5405 2119 5445 san-

550 5487 790 5541 ctorum,
823 5490 937 5529 non
964 5476 1157 5545 relicto
1180 5490 1265 5543 eo,
1302 5478 1446 5547 quod
1478 5486 1638 5534 antea
1677 5480 2026 5545 tenebamus,
2062 5487 2121 5533 ut

549 5564 658 5634 jam
685 5567 819 5621 satis
861 5567 996 5623 bene
1058 5568 1460 5639 perSpicueque
1509 5567 1950 5624 demonstratum
2010 5574 2115 5622 est.

660 5741 703 5776 “
728 5742 887 5802 Joan.
914 5761 1008 5812 vn,
1048 5744 1139 5800 24.

2917 4464 3104 4518 ΕΦΕΣ.

2290 4560 2426 4615 Τίνα
2445 4560 2501 4614 δέ
2526 4559 2621 4612 καὶ
2645 4558 2847 4626 τρόπον
2870 4556 3059 4619 αὐτοῖς
3080 4555 3391 4625 ηνώθησαν,
3416 4558 3795 4613 ἐπισκεπτέον.

2221 4652 2338 4705 Πᾶν
2386 4652 2497 4719 γὰρ
2547 4649 2611 4701 τὸ
2653 4647 2829 4718 ἑτέρῳ
2878 4646 3169 4715 ἐνούμενον
3199 4645 3266 4697 δι’
3296 4645 3414 4708 ἑνός
3442 4661 3587 4707 τινος
3628 4649 3797 4716 μέσον

2222 4744 2440 4805 πάντως
2472 4741 2707 4796 ἑνοῦται.
2740 4741 2817 4808 Τῇ
2850 4741 2950 4809 μὲν
2979 4733 3073 4792 οὖν
3102 4738 3230 4813 δόξῃ
3253 4741 3321 4808 τῇ
3353 4738 3483 4809 περὶ
3511 4736 3606 4792 τοῦ
3635 4739 3793 4807 ἁγίου

2223 4831 2549 4901 Πνεύματος
2593 4829 2781 4894 ἔδοξαν
2816 4826 3088 4896 ἐνωθῆναι
3138 4830 3235 4881 σὺν
3282 4827 3489 4893 αὐτοῖς,
3520 4828 3797 4897 ἀποφηνά-

2229 4941 2381 4995 μενοι
2415 4925 2509 4977 καὶ
2536 4923 2601 4974 ἐκ
2629 4921 2720 4973 τοῦ
2749 4919 2879 4971 Υἱοῦ
2923 4919 3082 4971 τοῦτο
3123 4918 3270 4988 ἔχειν
3303 4917 3404 4989 τὴν
3442 4916 3701 4987 ὕπαρξινο
3730 4916 3799 4970 τὰ

2225 5013 2269 5065 δ’
2299 5012 2435 5066 ἄλλα
2489 5012 2670 5063 πάντα
2725 5010 2981 5078 διάφορα,
3019 5011 3116 5061 καὶ
3148 5009 3301 5061 οὐδὲν
3356 5010 3416 5061 ἐν
3471 5009 3657 5072 αὐτοῖς
3718 5006 3795 5073 ἓν,

2225 5106 2347 5159 ούδέ
2382 5104 2572 5176 μέσον,
2604 5104 2722 5157 οὐδὲ
2755 5104 2952 5156 κοινόν.

2906 5281 3112 5335 ΑΠΟΛ.

2309 5379 2502 5447 Ἡμεῖς
2546 5375 2634 5428 διὰ
2670 5373 2841 5443 μέσον
2871 5370 3162 5441 ήνώϐημεν
3192 5374 3288 5443 τῆς
3332 5372 3441 5427 τῶν
3480 5371 3652 5439 ἁγίων
3685 5368 3803 5423 θεο-

2226 5471 2435 5539 λογίας,
2483 5468 2545 5520 οὐ
2580 5465 2974 5528 καταλιπόντες
3017 5467 3082 5537 ἢν
3123 5466 3343 5536 εἴχομεν
3396 5465 3683 5535 πρότερον,
3722 5462 3799 5523 ὠς

2228 5560 2717 5632 προαποδέδεικται
2763 5558 2907 5630 μάλα
2943 5559 3124 5623 καλῶς
3159 5559 3253 5612 καὶ
3286 5555 3622 5629 περιφανῶςο
3658 5553 3801 5608 κατὰ
