  <div class='ocr_page' id='page_1' title='image "/cluster/home/n/w/nwhite01/storage/ocr_20150623/160/mdp.39015078384693/075.png"; bbox 0 0 4112 6274; ppageno 0'>
   <div class='ocr_carea' id='block_1_1' title="bbox 578 336 679 400">
    <p class='ocr_par' dir='ltr' id='par_1_1' title="bbox 578 336 679 400">
     <span class='ocr_line' id='line_1_1' title="bbox 578 336 679 400; baseline 0 -1"><span class='ocrx_word' id='word_1_1' title='bbox 578 336 679 400; x_wconf 73' lang='lat'><strong>135</strong></span> 
     </span>
    </p>
   </div>
   <div class='ocr_carea' id='block_1_2' title="bbox 573 531 2148 600">
    <p class='ocr_par' dir='ltr' id='par_1_2' title="bbox 573 531 2148 600">
     <span class='ocr_line' id='line_1_2' title="bbox 573 531 2148 600; baseline -0.006 -6"><span class='ocrx_word' id='word_1_2' title='bbox 573 557 738 594; x_wconf 86' lang='lat' dir='ltr'><strong>meam</strong></span> <span class='ocrx_word' id='word_1_3' title='bbox 766 538 1339 597; x_wconf 74' lang='lat' dir='ltr'><strong>commemorationem,</strong></span> <span class='ocrx_word' id='word_1_4' title='bbox 1372 534 1593 587; x_wconf 84' lang='lat' dir='ltr'><strong>materia</strong></span> <span class='ocrx_word' id='word_1_5' title='bbox 1623 534 1818 595; x_wconf 83' lang='lat' dir='ltr'><strong>farina,</strong></span> <span class='ocrx_word' id='word_1_6' title='bbox 1848 533 1964 587; x_wconf 84' lang='lat' dir='ltr'><strong>sive</strong></span> <span class='ocrx_word' id='word_1_7' title='bbox 1992 531 2148 600; x_wconf 83' lang='lat' dir='ltr'><strong>panis</strong></span> 
     </span>
    </p>
   </div>
   <div class='ocr_carea' id='block_1_3' title="bbox 576 622 2150 691">
    <p class='ocr_par' dir='ltr' id='par_1_3' title="bbox 576 622 2150 691">
     <span class='ocr_line' id='line_1_3' title="bbox 576 622 2150 691; baseline -0.007 -8"><span class='ocrx_word' id='word_1_8' title='bbox 576 629 843 691; x_wconf 83' lang='lat' dir='ltr'><strong>triticeus,</strong></span> <span class='ocrx_word' id='word_1_9' title='bbox 881 635 935 682; x_wconf 92' lang='lat' dir='ltr'><strong>et</strong></span> <span class='ocrx_word' id='word_1_10' title='bbox 965 626 1151 679; x_wconf 88' lang='lat' dir='ltr'><strong>vinum</strong></span> <span class='ocrx_word' id='word_1_11' title='bbox 1190 639 1313 677; x_wconf 92' lang='lat' dir='ltr'><strong>cum</strong></span> <span class='ocrx_word' id='word_1_12' title='bbox 1341 638 1505 691; x_wconf 86' lang='lat' dir='ltr'><strong>aqua,</strong></span> <span class='ocrx_word' id='word_1_13' title='bbox 1543 637 1705 690; x_wconf 87' lang='lat' dir='ltr'><strong>super</strong></span> <span class='ocrx_word' id='word_1_14' title='bbox 1740 637 1859 689; x_wconf 79' lang='lat' dir='ltr'><strong>quae</strong></span> <span class='ocrx_word' id='word_1_15' title='bbox 1890 622 2150 673; x_wconf 85' lang='lat' dir='ltr'><strong>Dominus</strong></span> 
     </span>
    </p>
   </div>
   <div class='ocr_carea' id='block_1_4' title="bbox 575 709 2148 779">
    <p class='ocr_par' dir='ltr' id='par_1_4' title="bbox 575 709 2148 779">
     <span class='ocr_line' id='line_1_4' title="bbox 575 709 2148 779; baseline -0.006 -10"><span class='ocrx_word' id='word_1_16' title='bbox 575 716 710 769; x_wconf 77' lang='lat' dir='ltr'><strong>dixit</strong></span> <span class='ocrx_word' id='word_1_17' title='bbox 748 734 760 767; x_wconf 90' lang='lat'>:</span> <span class='ocrx_word' id='word_1_18' title='bbox 797 717 909 768; x_wconf 81' lang='lat' dir='ltr'><strong>Hoc</strong></span> <span class='ocrx_word' id='word_1_19' title='bbox 938 723 1012 766; x_wconf 79' lang='lat' dir='ltr'><strong>est</strong></span> <span class='ocrx_word' id='word_1_20' title='bbox 1062 728 1253 779; x_wconf 79' lang='lat' dir='ltr'><strong>carpas</strong></span> <span class='ocrx_word' id='word_1_21' title='bbox 1307 726 1477 763; x_wconf 88' lang='lat' dir='ltr'><strong>meum</strong></span> <span class='ocrx_word' id='word_1_22' title='bbox 1508 728 1526 774; x_wconf 87' lang='lat'><strong>;</strong></span> <span class='ocrx_word' id='word_1_23' title='bbox 1558 720 1611 763; x_wconf 93' lang='lat' dir='ltr'><strong>et</strong></span> <span class='ocrx_word' id='word_1_24' title='bbox 1644 729 1657 763; x_wconf 90' lang='lat'><strong>:</strong></span> <span class='ocrx_word' id='word_1_25' title='bbox 1697 709 1798 761; x_wconf 84' lang='lat' dir='ltr'><strong>llic</strong></span> <span class='ocrx_word' id='word_1_26' title='bbox 1824 719 1898 763; x_wconf 75' lang='lat' dir='ltr'><strong>est</strong></span> <span class='ocrx_word' id='word_1_27' title='bbox 1931 710 2148 777; x_wconf 78' lang='lat' dir='ltr'><strong>sanguis</strong></span> 
     </span>
    </p>
   </div>
   <div class='ocr_carea' id='block_1_5' title="bbox 578 800 2149 872">
    <p class='ocr_par' dir='ltr' id='par_1_5' title="bbox 578 800 2149 872">
     <span class='ocr_line' id='line_1_5' title="bbox 578 800 2149 872; baseline -0.004 -14"><span class='ocrx_word' id='word_1_28' title='bbox 578 822 753 869; x_wconf 66' lang='lat' dir='ltr'><strong>nemo;</strong></span> <span class='ocrx_word' id='word_1_29' title='bbox 785 804 951 872; x_wconf 83' lang='lat' dir='ltr'><strong>ﬁtque</strong></span> <span class='ocrx_word' id='word_1_30' title='bbox 1021 803 1250 856; x_wconf 92' lang='lat' dir='ltr'><strong>materia</strong></span> <span class='ocrx_word' id='word_1_31' title='bbox 1285 801 1399 854; x_wconf 67' lang='lat' dir='ltr'><strong>baac</strong></span> <span class='ocrx_word' id='word_1_32' title='bbox 1447 815 1662 868; x_wconf 86' lang='lat' dir='ltr'><strong>semper</strong></span> <span class='ocrx_word' id='word_1_33' title='bbox 1727 814 1926 867; x_wconf 87' lang='lat' dir='ltr'><strong>corpus</strong></span> <span class='ocrx_word' id='word_1_34' title='bbox 1978 800 2149 866; x_wconf 89' lang='lat' dir='ltr'><strong>ipsius</strong></span> 
     </span>
    </p>
   </div>
   <div class='ocr_carea' id='block_1_6' title="bbox 576 890 2152 964">
    <p class='ocr_par' dir='ltr' id='par_1_6' title="bbox 576 890 2152 964">
     <span class='ocr_line' id='line_1_6' title="bbox 576 890 2152 964; baseline -0.007 -12"><span class='ocrx_word' id='word_1_35' title='bbox 576 900 778 952; x_wconf 84' lang='lat' dir='ltr'><strong>virtute</strong></span> <span class='ocrx_word' id='word_1_36' title='bbox 803 898 925 964; x_wconf 89' lang='lat' dir='ltr'><strong>ejus</strong></span> <span class='ocrx_word' id='word_1_37' title='bbox 955 895 1049 964; x_wconf 77' lang='lat' dir='ltr'><strong>qui</strong></span> <span class='ocrx_word' id='word_1_38' title='bbox 1088 896 1200 948; x_wconf 60' lang='lat' dir='ltr'><strong>haec</strong></span> <span class='ocrx_word' id='word_1_39' title='bbox 1230 902 1583 947; x_wconf 80' lang='lat' dir='ltr'><strong>transmutat.</strong></span> <span class='ocrx_word' id='word_1_40' title='bbox 1613 892 1796 947; x_wconf 82' lang='lat' dir='ltr'><strong>Unum</strong></span> <span class='ocrx_word' id='word_1_41' title='bbox 1833 901 1920 945; x_wconf 89' lang='lat' dir='ltr'><strong>est</strong></span> <span class='ocrx_word' id='word_1_42' title='bbox 1984 890 2152 957; x_wconf 82' lang='lat' dir='ltr'><strong>igitur</strong></span> 
     </span>
    </p>
   </div>
   <div class='ocr_carea' id='block_1_7' title="bbox 577 983 2143 1053">
    <p class='ocr_par' dir='ltr' id='par_1_7' title="bbox 577 983 2143 1053">
     <span class='ocr_line' id='line_1_7' title="bbox 577 983 2143 1053; baseline -0.006 -11"><span class='ocrx_word' id='word_1_43' title='bbox 577 990 681 1043; x_wconf 83' lang='lat' dir='ltr'><strong>hoc</strong></span> <span class='ocrx_word' id='word_1_44' title='bbox 716 986 1073 1051; x_wconf 81' lang='lat' dir='ltr'><strong>sacriﬁcium,</strong></span> <span class='ocrx_word' id='word_1_45' title='bbox 1116 983 1242 1037; x_wconf 90' lang='lat' dir='ltr'><strong>dum</strong></span> <span class='ocrx_word' id='word_1_46' title='bbox 1283 984 1373 1037; x_wconf 83' lang='lat' dir='ltr'><strong>ﬁat</strong></span> <span class='ocrx_word' id='word_1_47' title='bbox 1406 984 1565 1053; x_wconf 76' lang='lat' dir='ltr'><strong>juxta</strong></span> <span class='ocrx_word' id='word_1_48' title='bbox 1625 996 1872 1035; x_wconf 87' lang='lat' dir='ltr'><strong>normam</strong></span> <span class='ocrx_word' id='word_1_49' title='bbox 1904 991 1957 1034; x_wconf 88' lang='lat' dir='ltr'><strong>et</strong></span> <span class='ocrx_word' id='word_1_50' title='bbox 2016 995 2143 1048; x_wconf 75' lang='lat' dir='ltr'><strong>pra:-</strong></span> 
     </span>
    </p>
   </div>
   <div class='ocr_carea' id='block_1_8' title="bbox 576 1060 2148 1147">
    <p class='ocr_par' dir='ltr' id='par_1_8' title="bbox 576 1060 2148 1147">
     <span class='ocr_line' id='line_1_8' title="bbox 576 1060 2148 1147; baseline -0.006 -13"><span class='ocrx_word' id='word_1_51' title='bbox 576 1078 839 1147; x_wconf 87' lang='lat' dir='ltr'><strong>scriptum</strong></span> <span class='ocrx_word' id='word_1_52' title='bbox 875 1060 1035 1131; x_wconf 87' lang='lat' dir='ltr'><strong>nobis</strong></span> <span class='ocrx_word' id='word_1_53' title='bbox 1058 1091 1088 1130; x_wconf 90' lang='lat' dir='ltr'><strong>a</strong></span> <span class='ocrx_word' id='word_1_54' title='bbox 1117 1076 1345 1130; x_wconf 87' lang='lat' dir='ltr'><strong>Domino</strong></span> <span class='ocrx_word' id='word_1_55' title='bbox 1398 1075 1685 1135; x_wconf 87' lang='lat' dir='ltr'><strong>traditum,</strong></span> <span class='ocrx_word' id='word_1_56' title='bbox 1722 1084 1777 1125; x_wconf 87' lang='lat' dir='ltr'><strong>ut</strong></span> <span class='ocrx_word' id='word_1_57' title='bbox 1810 1072 2148 1139; x_wconf 78' lang='lat' dir='ltr'><strong>explicatum</strong></span> 
     </span>
    </p>
   </div>
   <div class='ocr_carea' id='block_1_9' title="bbox 575 1163 2151 1238">
    <p class='ocr_par' dir='ltr' id='par_1_9' title="bbox 575 1163 2151 1238">
     <span class='ocr_line' id='line_1_9' title="bbox 575 1163 2151 1238; baseline -0.008 -12"><span class='ocrx_word' id='word_1_58' title='bbox 575 1180 681 1227; x_wconf 86' lang='lat' dir='ltr'><strong>est.</strong></span> <span class='ocrx_word' id='word_1_59' title='bbox 711 1172 783 1224; x_wconf 89' lang='lat' dir='ltr'><strong>De</strong></span> <span class='ocrx_word' id='word_1_60' title='bbox 821 1184 1009 1238; x_wconf 86' lang='lat' dir='ltr'><strong>azymo</strong></span> <span class='ocrx_word' id='word_1_61' title='bbox 1046 1183 1176 1222; x_wconf 87' lang='lat' dir='ltr'><strong>vero</strong></span> <span class='ocrx_word' id='word_1_62' title='bbox 1210 1176 1265 1221; x_wconf 89' lang='lat' dir='ltr'><strong>et</strong></span> <span class='ocrx_word' id='word_1_63' title='bbox 1315 1166 1639 1219; x_wconf 82' lang='lat' dir='ltr'><strong>fermentato</strong></span> <span class='ocrx_word' id='word_1_64' title='bbox 1697 1166 1807 1233; x_wconf 87' lang='lat' dir='ltr'><strong>jam</strong></span> <span class='ocrx_word' id='word_1_65' title='bbox 1840 1164 1998 1216; x_wconf 67' lang='lat' dir='ltr'><strong>allata</strong></span> <span class='ocrx_word' id='word_1_66' title='bbox 2058 1163 2151 1214; x_wconf 84' lang='lat' dir='ltr'><strong>de-</strong></span> 
     </span>
    </p>
   </div>
   <div class='ocr_carea' id='block_1_10' title="bbox 575 1254 2148 1325">
    <p class='ocr_par' dir='ltr' id='par_1_10' title="bbox 575 1254 2148 1325">
     <span class='ocr_line' id='line_1_10' title="bbox 575 1254 2148 1325; baseline -0.008 -8"><span class='ocrx_word' id='word_1_67' title='bbox 575 1262 903 1317; x_wconf 78' lang='lat' dir='ltr'><strong>monstratio</strong></span> <span class='ocrx_word' id='word_1_68' title='bbox 930 1269 1015 1315; x_wconf 88' lang='lat' dir='ltr'><strong>est</strong></span> <span class='ocrx_word' id='word_1_69' title='bbox 1047 1277 1062 1325; x_wconf 90' lang='lat'><strong>;</strong></span> <span class='ocrx_word' id='word_1_70' title='bbox 1104 1274 1225 1311; x_wconf 90' lang='lat' dir='ltr'><strong>nam</strong></span> <span class='ocrx_word' id='word_1_71' title='bbox 1253 1266 1479 1311; x_wconf 91' lang='lat' dir='ltr'><strong>sanctus</strong></span> <span class='ocrx_word' id='word_1_72' title='bbox 1526 1257 1683 1309; x_wconf 84' lang='lat' dir='ltr'><strong>Pater</strong></span> <span class='ocrx_word' id='word_1_73' title='bbox 1716 1254 2148 1323; x_wconf 77' lang='lat' dir='ltr'><strong>ClirySOstonins</strong></span> 
     </span>
    </p>
   </div>
   <div class='ocr_carea' id='block_1_11' title="bbox 574 1344 2149 1423">
    <p class='ocr_par' dir='ltr' id='par_1_11' title="bbox 574 1344 2149 1423">
     <span class='ocr_line' id='line_1_11' title="bbox 574 1344 2149 1423; baseline -0.008 -15"><span class='ocrx_word' id='word_1_74' title='bbox 574 1353 801 1408; x_wconf 85' lang='lat' dir='ltr'><strong>homilia</strong></span> <span class='ocrx_word' id='word_1_75' title='bbox 869 1352 1320 1423; x_wconf 76' lang='lat' dir='ltr'><strong>quinquagesima</strong></span> <span class='ocrx_word' id='word_1_76' title='bbox 1380 1350 1433 1402; x_wconf 91' lang='lat' dir='ltr'><strong>in</strong></span> <span class='ocrx_word' id='word_1_77' title='bbox 1501 1349 1861 1401; x_wconf 67' lang='lat' dir='ltr'><strong>Manlianum:</strong></span> <span class='ocrx_word' id='word_1_78' title='bbox 1907 1344 2149 1407; x_wconf 81' lang='lat' dir='ltr'><strong>Credite,</strong></span> 
     </span>
    </p>
   </div>
   <div class='ocr_carea' id='block_1_12' title="bbox 576 1435 2142 1514">
    <p class='ocr_par' dir='ltr' id='par_1_12' title="bbox 576 1435 2142 1514">
     <span class='ocr_line' id='line_1_12' title="bbox 576 1435 2142 1514; baseline -0.01 -12"><span class='ocrx_word' id='word_1_79' title='bbox 576 1448 794 1514; x_wconf 90' lang='lat' dir='ltr'><strong>inquit;</strong></span> <span class='ocrx_word' id='word_1_80' title='bbox 820 1445 910 1497; x_wconf 88' lang='lat' dir='ltr'><strong>illa</strong></span> <span class='ocrx_word' id='word_1_81' title='bbox 946 1458 1092 1497; x_wconf 90' lang='lat' dir='ltr'><strong>nunc</strong></span> <span class='ocrx_word' id='word_1_82' title='bbox 1125 1443 1290 1496; x_wconf 88' lang='lat' dir='ltr'><strong>etiam</strong></span> <span class='ocrx_word' id='word_1_83' title='bbox 1333 1456 1489 1495; x_wconf 70' lang='lat' dir='ltr'><strong>cmna</strong></span> <span class='ocrx_word' id='word_1_84' title='bbox 1546 1440 1625 1500; x_wconf 80' lang='lat' dir='ltr'><strong>iit,</strong></span> <span class='ocrx_word' id='word_1_85' title='bbox 1660 1440 1713 1491; x_wconf 91' lang='lat' dir='ltr'><strong>in</strong></span> <span class='ocrx_word' id='word_1_86' title='bbox 1747 1452 1852 1505; x_wconf 89' lang='lat' dir='ltr'><strong>qua</strong></span> <span class='ocrx_word' id='word_1_87' title='bbox 1913 1444 1964 1488; x_wconf 84' lang='lat' dir='ltr'><strong>et</strong></span> <span class='ocrx_word' id='word_1_88' title='bbox 2025 1435 2142 1503; x_wconf 90' lang='lat' dir='ltr'><strong>ipse</strong></span> 
     </span>
    </p>
   </div>
   <div class='ocr_carea' id='block_1_13' title="bbox 578 1526 2146 1597">
    <p class='ocr_par' dir='ltr' id='par_1_13' title="bbox 578 1526 2146 1597">
     <span class='ocr_line' id='line_1_13' title="bbox 578 1526 2146 1597; baseline -0.009 -6"><span class='ocrx_word' id='word_1_89' title='bbox 578 1536 973 1597; x_wconf 85' lang='lat' dir='ltr'><strong>accumbebat;</strong></span> <span class='ocrx_word' id='word_1_90' title='bbox 1008 1533 1145 1585; x_wconf 89' lang='lat' dir='ltr'><strong>nihil</strong></span> <span class='ocrx_word' id='word_1_91' title='bbox 1175 1531 1319 1585; x_wconf 91' lang='lat' dir='ltr'><strong>enim</strong></span> <span class='ocrx_word' id='word_1_92' title='bbox 1352 1531 1466 1583; x_wconf 64' lang='lat' dir='ltr'><strong>hmc</strong></span> <span class='ocrx_word' id='word_1_93' title='bbox 1504 1528 1689 1581; x_wconf 83' lang='lat' dir='ltr'><strong>dillert</strong></span> <span class='ocrx_word' id='word_1_94' title='bbox 1715 1528 1782 1580; x_wconf 89' lang='lat' dir='ltr'><strong>ab</strong></span> <span class='ocrx_word' id='word_1_95' title='bbox 1857 1526 1970 1587; x_wconf 87' lang='lat' dir='ltr'><strong>illa,</strong></span> <span class='ocrx_word' id='word_1_96' title='bbox 2022 1539 2146 1579; x_wconf 90' lang='lat' dir='ltr'><strong>cum</strong></span> 
     </span>
    </p>
   </div>
   <div class='ocr_carea' id='block_1_14' title="bbox 576 1614 2146 1691">
    <p class='ocr_par' dir='ltr' id='par_1_14' title="bbox 576 1614 2146 1691">
     <span class='ocr_line' id='line_1_14' title="bbox 576 1614 2146 1691; baseline -0.01 -9"><span class='ocrx_word' id='word_1_97' title='bbox 576 1644 685 1683; x_wconf 86' lang='lat' dir='ltr'><strong>non</strong></span> <span class='ocrx_word' id='word_1_98' title='bbox 710 1628 874 1680; x_wconf 90' lang='lat' dir='ltr'><strong>homo</strong></span> <span class='ocrx_word' id='word_1_99' title='bbox 905 1625 1017 1688; x_wconf 92' lang='lat' dir='ltr'><strong>hic,</strong></span> <span class='ocrx_word' id='word_1_100' title='bbox 1044 1625 1161 1691; x_wconf 89' lang='lat' dir='ltr'><strong>ipse</strong></span> <span class='ocrx_word' id='word_1_101' title='bbox 1202 1637 1331 1675; x_wconf 79' lang='lat' dir='ltr'><strong>vero</strong></span> <span class='ocrx_word' id='word_1_102' title='bbox 1359 1621 1473 1673; x_wconf 90' lang='lat' dir='ltr'><strong>illic</strong></span> <span class='ocrx_word' id='word_1_103' title='bbox 1518 1621 1589 1673; x_wconf 85' lang='lat' dir='ltr'><strong>sit</strong></span> <span class='ocrx_word' id='word_1_104' title='bbox 1624 1627 1907 1687; x_wconf 77' lang='lat' dir='ltr'><strong>operatus.</strong></span> <span class='ocrx_word' id='word_1_105' title='bbox 1942 1614 2146 1668; x_wconf 81' lang='lat' dir='ltr'><strong>Verum</strong></span> 
     </span>
    </p>
   </div>
   <div class='ocr_carea' id='block_1_15' title="bbox 575 1708 2146 1787">
    <p class='ocr_par' dir='ltr' id='par_1_15' title="bbox 575 1708 2146 1787">
     <span class='ocr_line' id='line_1_15' title="bbox 575 1708 2146 1787; baseline -0.011 -13"><span class='ocrx_word' id='word_1_106' title='bbox 575 1720 709 1774; x_wconf 81' lang='lat' dir='ltr'><strong>satis</strong></span> <span class='ocrx_word' id='word_1_107' title='bbox 734 1718 1024 1787; x_wconf 88' lang='lat' dir='ltr'><strong>probatum</strong></span> <span class='ocrx_word' id='word_1_108' title='bbox 1055 1721 1159 1775; x_wconf 87' lang='lat' dir='ltr'><strong>est,</strong></span> <span class='ocrx_word' id='word_1_109' title='bbox 1188 1712 1319 1782; x_wconf 91' lang='lat' dir='ltr'><strong>quid</strong></span> <span class='ocrx_word' id='word_1_110' title='bbox 1352 1713 1422 1765; x_wconf 87' lang='lat' dir='ltr'><strong>sit</strong></span> <span class='ocrx_word' id='word_1_111' title='bbox 1454 1711 1521 1765; x_wconf 88' lang='lat' dir='ltr'><strong>de</strong></span> <span class='ocrx_word' id='word_1_112' title='bbox 1552 1710 1657 1764; x_wconf 87' lang='lat' dir='ltr'><strong>hoc</strong></span> <span class='ocrx_word' id='word_1_113' title='bbox 1712 1708 1974 1777; x_wconf 87' lang='lat' dir='ltr'><strong>mysterio</strong></span> <span class='ocrx_word' id='word_1_114' title='bbox 2019 1721 2146 1759; x_wconf 85' lang='lat' dir='ltr'><strong>sen-</strong></span> 
     </span>
    </p>
   </div>
   <div class='ocr_carea' id='block_1_16' title="bbox 1478 318 2915 391">
    <p class='ocr_par' dir='ltr' id='par_1_16' title="bbox 1478 318 2915 391">
     <span class='ocr_line' id='line_1_16' title="bbox 1478 318 2915 391; baseline -0.01 0"><span class='ocrx_word' id='word_1_115' title='bbox 1478 328 1865 391; x_wconf 80' lang='lat' dir='ltr'><strong>GREGORII</strong></span> <span class='ocrx_word' id='word_1_116' title='bbox 1910 326 2215 387; x_wconf 54' lang='lat' dir='ltr'><strong>MAMMXE</strong></span> <span class='ocrx_word' id='word_1_117' title='bbox 2247 327 2364 387; x_wconf 73' lang='grc' dir='ltr'><strong>(ΞΡ.</strong></span> <span class='ocrx_word' id='word_1_118' title='bbox 2399 318 2915 384; x_wconf 65' lang='grc' dir='ltr'><strong>ΡΑΤΙΠΑΒΕΗΕ</strong></span> 
     </span>
    </p>
   </div>
   <div class='ocr_carea' id='block_1_17' title="bbox 574 431 2147 514">
    <p class='ocr_par' dir='ltr' id='par_1_17' title="bbox 574 440 2147 514">
     <span class='ocr_line' id='line_1_17' title="bbox 574 440 2147 514; baseline -0.009 -9"><span class='ocrx_word' id='word_1_119' title='bbox 574 448 899 505; x_wconf 71' lang='lat' dir='ltr'><strong>conﬁciendi</strong></span> <span class='ocrx_word' id='word_1_120' title='bbox 947 446 1090 514; x_wconf 89' lang='lat' dir='ltr'><strong>quod</strong></span> <span class='ocrx_word' id='word_1_121' title='bbox 1152 442 1292 499; x_wconf 80' lang='lat' dir='ltr'><strong>dixit</strong></span> <span class='ocrx_word' id='word_1_122' title='bbox 1356 443 1663 497; x_wconf 89' lang='lat' dir='ltr'><strong>Dominus:</strong></span> <span class='ocrx_word' id='word_1_123' title='bbox 1712 440 1826 494; x_wconf 76' lang='lat' dir='ltr'><strong>Hoc</strong></span> <span class='ocrx_word' id='word_1_124' title='bbox 1882 440 2043 509; x_wconf 78' lang='lat' dir='ltr'><strong>facite</strong></span> <span class='ocrx_word' id='word_1_125' title='bbox 2099 440 2147 491; x_wconf 86' lang='lat' dir='ltr'><strong>in</strong></span> 
     </span>
    </p>
   </div>
   <div class='ocr_carea' id='block_1_18' title="bbox 2253 431 3164 514">
    <p class='ocr_par' dir='ltr' id='par_1_18' title="bbox 2258 431 3164 505">
     <span class='ocr_line' id='line_1_18' title="bbox 2258 431 3164 505; baseline -0.014 -15"><span class='ocrx_word' id='word_1_126' title='bbox 2258 438 2366 490; x_wconf 72' lang='grc' dir='ltr'><strong>Καὶ</strong></span> <span class='ocrx_word' id='word_1_127' title='bbox 2419 439 2549 505; x_wconf 76' lang='grc' dir='ltr'>γὰρ,</span> <span class='ocrx_word' id='word_1_128' title='bbox 2603 437 2678 490; x_wconf 85' lang='grc' dir='ltr'><strong>ὡς</strong></span> <span class='ocrx_word' id='word_1_129' title='bbox 2740 431 3079 501; x_wconf 81' lang='grc' dir='ltr'>προείρηται,</span> <span class='ocrx_word' id='word_1_130' title='bbox 3134 431 3164 479; x_wconf 69' lang='grc' dir='ltr'><strong><em>ὁ</em></strong></span> 
     </span>
    </p>
   </div>
   <div class='ocr_carea' id='block_1_19' title="bbox 3722 310 3821 376">
    <p class='ocr_par' dir='ltr' id='par_1_19' title="bbox 3722 310 3821 376">
     <span class='ocr_line' id='line_1_19' title="bbox 3722 310 3821 376; baseline -0.051 0"><span class='ocrx_word' id='word_1_131' title='bbox 3722 310 3821 376; x_wconf 83' lang='lat'><strong>136</strong></span> 
     </span>
    </p>
   </div>
   <div class='ocr_carea' id='block_1_20' title="bbox 3216 424 3815 487">
    <p class='ocr_par' dir='ltr' id='par_1_20' title="bbox 3216 424 3815 487">
     <span class='ocr_line' id='line_1_20' title="bbox 3216 424 3815 487; baseline -0.005 -8"><span class='ocrx_word' id='word_1_132' title='bbox 3216 424 3418 487; x_wconf 80' lang='grc' dir='ltr'>σκοπός</span> <span class='ocrx_word' id='word_1_133' title='bbox 3452 424 3620 487; x_wconf 71' lang='grc' dir='ltr'>ἔστιν,</span> <span class='ocrx_word' id='word_1_134' title='bbox 3664 425 3744 477; x_wconf 85' lang='grc' dir='ltr'>ὅτι</span> <span class='ocrx_word' id='word_1_135' title='bbox 3794 427 3815 476; x_wconf 67' lang='grc' dir='ltr'><strong>ί</strong></span> 
     </span>
    </p>
   </div>
   <div class='ocr_carea' id='block_1_21' title="bbox 2254 515 3821 597">
    <p class='ocr_par' dir='ltr' id='par_1_21' title="bbox 2254 515 3821 597">
     <span class='ocr_line' id='line_1_21' title="bbox 2254 515 3821 597; baseline -0.009 -16"><span class='ocrx_word' id='word_1_136' title='bbox 2254 528 2457 597; x_wconf 81' lang='grc' dir='ltr'>Κύριος</span> <span class='ocrx_word' id='word_1_137' title='bbox 2522 523 2642 579; x_wconf 75' lang='grc' dir='ltr'>εἷπε</span> <span class='ocrx_word' id='word_1_138' title='bbox 2675 540 2688 555; x_wconf 79' lang='grc'><em>’</em></span> <span class='ocrx_word' id='word_1_139' title='bbox 2756 523 2937 576; x_wconf 85' lang='grc' dir='ltr'>Τοῦτο</span> <span class='ocrx_word' id='word_1_140' title='bbox 3012 518 3233 572; x_wconf 83' lang='grc' dir='ltr'><strong>ποιεῖτε</strong></span> <span class='ocrx_word' id='word_1_141' title='bbox 3316 519 3404 581; x_wconf 87' lang='grc' dir='ltr'><strong>είς</strong></span> <span class='ocrx_word' id='word_1_142' title='bbox 3474 515 3588 583; x_wconf 81' lang='grc' dir='ltr'><strong>τὴν</strong></span> <span class='ocrx_word' id='word_1_143' title='bbox 3672 516 3821 584; x_wconf 79' lang='grc' dir='ltr'>ἐμὴν</span> 
     </span>
    </p>
   </div>
   <div class='ocr_carea' id='block_1_22' title="bbox 2251 607 3815 687">
    <p class='ocr_par' dir='ltr' id='par_1_22' title="bbox 2251 607 3815 687">
     <span class='ocr_line' id='line_1_22' title="bbox 2251 607 3815 687; baseline -0.01 -14"><span class='ocrx_word' id='word_1_144' title='bbox 2251 618 2625 687; x_wconf 72' lang='grc' dir='ltr'><strong>ἀνάμνησιν-ο</strong></span> <span class='ocrx_word' id='word_1_145' title='bbox 2675 614 2773 680; x_wconf 80' lang='grc' dir='ltr'><strong>ὕλη</strong></span> <span class='ocrx_word' id='word_1_146' title='bbox 2815 616 2841 663; x_wconf 89' lang='lat'><strong>6</strong></span> <span class='ocrx_word' id='word_1_147' title='bbox 2873 615 2937 663; x_wconf 86' lang='grc' dir='ltr'>ὲκ</span> <span class='ocrx_word' id='word_1_148' title='bbox 2981 607 3075 661; x_wconf 79' lang='grc' dir='ltr'>τοῦ</span> <span class='ocrx_word' id='word_1_149' title='bbox 3119 609 3263 660; x_wconf 83' lang='grc' dir='ltr'>σίτου</span> <span class='ocrx_word' id='word_1_150' title='bbox 3306 607 3529 672; x_wconf 74' lang='grc' dir='ltr'>ἄλευρος</span> <span class='ocrx_word' id='word_1_151' title='bbox 3585 607 3701 673; x_wconf 76' lang='grc' dir='ltr'>ἦτοι</span> <span class='ocrx_word' id='word_1_152' title='bbox 3730 608 3815 673; x_wconf 80' lang='grc' dir='ltr'><strong>ἆρ-</strong></span> 
     </span>
    </p>
   </div>
   <div class='ocr_carea' id='block_1_23' title="bbox 2251 696 3819 772">
    <p class='ocr_par' dir='ltr' id='par_1_23' title="bbox 2251 696 3819 772">
     <span class='ocr_line' id='line_1_23' title="bbox 2251 696 3819 772; baseline -0.01 -9"><span class='ocrx_word' id='word_1_153' title='bbox 2251 728 2366 771; x_wconf 84' lang='grc' dir='ltr'>τος.</span> <span class='ocrx_word' id='word_1_154' title='bbox 2398 710 2492 760; x_wconf 70' lang='grc' dir='ltr'><strong>καὶ</strong></span> <span class='ocrx_word' id='word_1_155' title='bbox 2518 710 2545 759; x_wconf 98' lang='lat'><strong>6</strong></span> <span class='ocrx_word' id='word_1_156' title='bbox 2573 705 2739 766; x_wconf 76' lang='grc' dir='ltr'>οἶνος.</span> <span class='ocrx_word' id='word_1_157' title='bbox 2776 705 2869 757; x_wconf 70' lang='grc' dir='ltr'><strong>καὶ</strong></span> <span class='ocrx_word' id='word_1_158' title='bbox 2897 704 2956 754; x_wconf 77' lang='grc' dir='ltr'>τὸ</span> <span class='ocrx_word' id='word_1_159' title='bbox 2985 702 3149 772; x_wconf 77' lang='grc' dir='ltr'>ὕδωρ,</span> <span class='ocrx_word' id='word_1_160' title='bbox 3185 700 3267 767; x_wconf 74' lang='grc' dir='ltr'><strong>ἐφ’</strong></span> <span class='ocrx_word' id='word_1_161' title='bbox 3298 696 3380 761; x_wconf 81' lang='grc' dir='ltr'>οἷς</span> <span class='ocrx_word' id='word_1_162' title='bbox 3406 700 3433 751; x_wconf 89' lang='lat'><strong>6</strong></span> <span class='ocrx_word' id='word_1_163' title='bbox 3459 697 3659 765; x_wconf 83' lang='grc' dir='ltr'>Κύριος</span> <span class='ocrx_word' id='word_1_164' title='bbox 3684 696 3819 749; x_wconf 76' lang='grc' dir='ltr'>εἶπε·</span> 
     </span>
    </p>
   </div>
   <div class='ocr_carea' id='block_1_24' title="bbox 2252 786 3819 864">
    <p class='ocr_par' dir='ltr' id='par_1_24' title="bbox 2252 786 3819 864">
     <span class='ocr_line' id='line_1_24' title="bbox 2252 786 3819 864; baseline -0.01 -9"><span class='ocrx_word' id='word_1_165' title='bbox 2252 802 2437 856; x_wconf 86' lang='grc' dir='ltr'>Τοῦτό</span> <span class='ocrx_word' id='word_1_166' title='bbox 2466 800 2601 851; x_wconf 84' lang='grc' dir='ltr'>ἐστι</span> <span class='ocrx_word' id='word_1_167' title='bbox 2629 799 2696 850; x_wconf 85' lang='grc' dir='ltr'>τὸ</span> <span class='ocrx_word' id='word_1_168' title='bbox 2720 795 2893 864; x_wconf 80' lang='grc' dir='ltr'>σῶμά</span> <span class='ocrx_word' id='word_1_169' title='bbox 2911 811 3053 863; x_wconf 84' lang='grc' dir='ltr'>μου,</span> <span class='ocrx_word' id='word_1_170' title='bbox 3082 794 3197 856; x_wconf 75' lang='grc' dir='ltr'>καὶ,</span> <span class='ocrx_word' id='word_1_171' title='bbox 3236 791 3420 844; x_wconf 85' lang='grc' dir='ltr'>Τοῦτό</span> <span class='ocrx_word' id='word_1_172' title='bbox 3454 790 3585 842; x_wconf 86' lang='grc' dir='ltr'>ἐστι</span> <span class='ocrx_word' id='word_1_173' title='bbox 3604 790 3669 842; x_wconf 83' lang='grc' dir='ltr'>τὸ</span> <span class='ocrx_word' id='word_1_174' title='bbox 3682 786 3819 857; x_wconf 80' lang='grc' dir='ltr'><strong>αῖμὰ</strong></span> 
     </span>
    </p>
   </div>
   <div class='ocr_carea' id='block_1_25' title="bbox 2248 882 3822 964">
    <p class='ocr_par' dir='ltr' id='par_1_25' title="bbox 2248 882 3822 964">
     <span class='ocr_line' id='line_1_25' title="bbox 2248 882 3822 964; baseline -0.01 -16"><span class='ocrx_word' id='word_1_175' title='bbox 2248 910 2385 964; x_wconf 84' lang='grc' dir='ltr'>μου·</span> <span class='ocrx_word' id='word_1_176' title='bbox 2424 892 2519 945; x_wconf 83' lang='grc' dir='ltr'>καὶ</span> <span class='ocrx_word' id='word_1_177' title='bbox 2544 892 2627 944; x_wconf 79' lang='grc' dir='ltr'>ἀεὶ</span> <span class='ocrx_word' id='word_1_178' title='bbox 2663 893 2742 952; x_wconf 84' lang='grc' dir='ltr'>εἰς</span> <span class='ocrx_word' id='word_1_179' title='bbox 2779 889 2938 955; x_wconf 84' lang='grc' dir='ltr'>σῶμα</span> <span class='ocrx_word' id='word_1_180' title='bbox 2970 886 3138 940; x_wconf 80' lang='grc' dir='ltr'>αὐτοῦ</span> <span class='ocrx_word' id='word_1_181' title='bbox 3171 889 3205 956; x_wconf 75' lang='grc' dir='ltr'><strong>ἡ</strong></span> <span class='ocrx_word' id='word_1_182' title='bbox 3241 886 3339 955; x_wconf 83' lang='grc' dir='ltr'>ῠλη</span> <span class='ocrx_word' id='word_1_183' title='bbox 3377 884 3589 951; x_wconf 89' lang='grc' dir='ltr'>γίνεται</span> <span class='ocrx_word' id='word_1_184' title='bbox 3628 886 3692 952; x_wconf 82' lang='grc' dir='ltr'><strong>τῇ</strong></span> <span class='ocrx_word' id='word_1_185' title='bbox 3731 882 3822 935; x_wconf 81' lang='grc' dir='ltr'>τοῦ</span> 
     </span>
    </p>
   </div>
   <div class='ocr_carea' id='block_1_26' title="bbox 2256 971 3822 1053">
    <p class='ocr_par' dir='ltr' id='par_1_26' title="bbox 2256 971 3822 1053">
     <span class='ocr_line' id='line_1_26' title="bbox 2256 971 3822 1053; baseline -0.008 -16"><span class='ocrx_word' id='word_1_186' title='bbox 2256 981 2683 1053; x_wconf 82' lang='grc' dir='ltr'>μεταποιοῦντος</span> <span class='ocrx_word' id='word_1_187' title='bbox 2714 980 2854 1033; x_wconf 75' lang='grc' dir='ltr'>αὐτὰ</span> <span class='ocrx_word' id='word_1_188' title='bbox 2876 979 3126 1047; x_wconf 72' lang='grc' dir='ltr'>δυνάμει.</span> <span class='ocrx_word' id='word_1_189' title='bbox 3168 977 3286 1031; x_wconf 86' lang='grc' dir='ltr'><strong>Μία</strong></span> <span class='ocrx_word' id='word_1_190' title='bbox 3313 971 3407 1029; x_wconf 79' lang='grc' dir='ltr'><strong>οὖν</strong></span> <span class='ocrx_word' id='word_1_191' title='bbox 3436 978 3582 1027; x_wconf 77' lang='grc' dir='ltr'>ἐστιν</span> <span class='ocrx_word' id='word_1_192' title='bbox 3605 976 3637 1042; x_wconf 79' lang='grc' dir='ltr'><strong>ἡ</strong></span> <span class='ocrx_word' id='word_1_193' title='bbox 3668 973 3822 1026; x_wconf 86' lang='grc' dir='ltr'>θυσία</span> 
     </span>
    </p>
   </div>
   <div class='ocr_carea' id='block_1_27' title="bbox 2253 1065 3823 1141">
    <p class='ocr_par' dir='ltr' id='par_1_27' title="bbox 2253 1065 3823 1141">
     <span class='ocr_line' id='line_1_27' title="bbox 2253 1065 3823 1141; baseline -0.005 -17"><span class='ocrx_word' id='word_1_194' title='bbox 2253 1073 2416 1141; x_wconf 73' lang='grc' dir='ltr'>αὕτη,</span> <span class='ocrx_word' id='word_1_195' title='bbox 2448 1075 2495 1124; x_wconf 86' lang='grc' dir='ltr'>εἰ</span> <span class='ocrx_word' id='word_1_196' title='bbox 2529 1073 2690 1140; x_wconf 81' lang='grc' dir='ltr'>μόνον</span> <span class='ocrx_word' id='word_1_197' title='bbox 2736 1071 2876 1122; x_wconf 67' lang='grc' dir='ltr'>κατὰ</span> <span class='ocrx_word' id='word_1_198' title='bbox 2910 1069 3001 1121; x_wconf 80' lang='grc' dir='ltr'><strong>τὸν</strong></span> <span class='ocrx_word' id='word_1_199' title='bbox 3035 1068 3413 1138; x_wconf 74' lang='grc' dir='ltr'><strong>παραδοθέντα</strong></span> <span class='ocrx_word' id='word_1_200' title='bbox 3440 1068 3571 1135; x_wconf 79' lang='grc' dir='ltr'>ἡμῖν</span> <span class='ocrx_word' id='word_1_201' title='bbox 3609 1066 3713 1117; x_wconf 75' lang='grc' dir='ltr'><strong>ὑπὸ</strong></span> <span class='ocrx_word' id='word_1_202' title='bbox 3734 1065 3823 1117; x_wconf 79' lang='grc' dir='ltr'>τοῦ</span> 
     </span>
    </p>
   </div>
   <div class='ocr_carea' id='block_1_28' title="bbox 2254 1158 3824 1233">
    <p class='ocr_par' dir='ltr' id='par_1_28' title="bbox 2254 1158 3824 1233">
     <span class='ocr_line' id='line_1_28' title="bbox 2254 1158 3824 1233; baseline -0.004 -18"><span class='ocrx_word' id='word_1_203' title='bbox 2254 1165 2463 1233; x_wconf 81' lang='grc' dir='ltr'>Κυρίου</span> <span class='ocrx_word' id='word_1_204' title='bbox 2491 1166 2617 1231; x_wconf 85' lang='grc' dir='ltr'>ὅρον</span> <span class='ocrx_word' id='word_1_205' title='bbox 2645 1180 2703 1215; x_wconf 87' lang='grc' dir='ltr'><strong>τε</strong></span> <span class='ocrx_word' id='word_1_206' title='bbox 2736 1164 2829 1213; x_wconf 70' lang='grc' dir='ltr'><strong>καὶ</strong></span> <span class='ocrx_word' id='word_1_207' title='bbox 2860 1162 3017 1229; x_wconf 83' lang='grc' dir='ltr'>λόγον</span> <span class='ocrx_word' id='word_1_208' title='bbox 3041 1163 3277 1213; x_wconf 82' lang='grc' dir='ltr'><strong>τελεῖται</strong></span> <span class='ocrx_word' id='word_1_209' title='bbox 3302 1200 3317 1224; x_wconf 89' lang='grc'><strong>,</strong></span> <span class='ocrx_word' id='word_1_210' title='bbox 3379 1158 3566 1221; x_wconf 88' lang='grc' dir='ltr'>καθὼς</span> <span class='ocrx_word' id='word_1_211' title='bbox 3624 1158 3824 1227; x_wconf 79' lang='grc' dir='ltr'><strong>ἐδηλὼ-</strong></span> 
     </span>
    </p>
   </div>
   <div class='ocr_carea' id='block_1_29' title="bbox 3138 430 3158 462">
    <p class='ocr_par' dir='ltr' id='par_1_29' title="bbox 3138 430 3158 462">
     <span class='ocr_line' id='line_1_29' title="bbox 3138 430 3158 462; baseline 0 0"><span class='ocrx_word' id='word_1_212' title='bbox 3138 430 3158 462; x_wconf 60' lang='grc' dir='ltr'><em>ὅ</em></span> 
     </span>
    </p>
   </div>
   <div class='ocr_carea' id='block_1_30' title="bbox 2255 1250 3824 1323">
    <p class='ocr_par' dir='ltr' id='par_1_30' title="bbox 2255 1250 3824 1323">
     <span class='ocr_line' id='line_1_30' title="bbox 2255 1250 3824 1323; baseline -0.004 -17"><span class='ocrx_word' id='word_1_213' title='bbox 2255 1271 2450 1322; x_wconf 89' lang='grc' dir='ltr'>σαμεν.</span> <span class='ocrx_word' id='word_1_214' title='bbox 2489 1254 2629 1323; x_wconf 71' lang='grc' dir='ltr'>Περὶ</span> <span class='ocrx_word' id='word_1_215' title='bbox 2664 1255 2720 1306; x_wconf 84' lang='grc' dir='ltr'><strong>δὲ</strong></span> <span class='ocrx_word' id='word_1_216' title='bbox 2752 1254 2820 1305; x_wconf 81' lang='grc' dir='ltr'><strong>δι’</strong></span> <span class='ocrx_word' id='word_1_217' title='bbox 2858 1253 3095 1321; x_wconf 79' lang='grc' dir='ltr'>ὲνζύμου</span> <span class='ocrx_word' id='word_1_218' title='bbox 3131 1252 3163 1319; x_wconf 78' lang='grc' dir='ltr'><strong>ἢ</strong></span> <span class='ocrx_word' id='word_1_219' title='bbox 3198 1252 3267 1303; x_wconf 76' lang='grc' dir='ltr'><strong>δι’</strong></span> <span class='ocrx_word' id='word_1_220' title='bbox 3322 1250 3538 1319; x_wconf 77' lang='grc' dir='ltr'>ἀζύμου</span> <span class='ocrx_word' id='word_1_221' title='bbox 3585 1266 3824 1319; x_wconf 85' lang='grc' dir='ltr'>προαπε-</span> 
     </span>
    </p>
   </div>
   <div class='ocr_carea' id='block_1_31' title="bbox 2248 1343 3827 1413">
    <p class='ocr_par' dir='ltr' id='par_1_31' title="bbox 2248 1343 3827 1413">
     <span class='ocr_line' id='line_1_31' title="bbox 2248 1343 3827 1413; baseline -0.004 -16"><span class='ocrx_word' id='word_1_222' title='bbox 2248 1345 2432 1413; x_wconf 78' lang='grc' dir='ltr'>δείχθη</span> <span class='ocrx_word' id='word_1_223' title='bbox 2455 1361 2468 1375; x_wconf 75' lang='grc' dir='ltr'><strong><em>ο</em></strong></span> <span class='ocrx_word' id='word_1_224' title='bbox 2502 1348 2593 1397; x_wconf 76' lang='grc' dir='ltr'><strong>καὶ</strong></span> <span class='ocrx_word' id='word_1_225' title='bbox 2623 1345 2731 1413; x_wconf 82' lang='grc' dir='ltr'><strong>γὰρ</strong></span> <span class='ocrx_word' id='word_1_226' title='bbox 2766 1346 2792 1396; x_wconf 93' lang='lat'><strong>6</strong></span> <span class='ocrx_word' id='word_1_227' title='bbox 2824 1344 2967 1413; x_wconf 82' lang='grc' dir='ltr'>ίερὸς</span> <span class='ocrx_word' id='word_1_228' title='bbox 3022 1343 3415 1412; x_wconf 82' lang='grc' dir='ltr'>Χρυσόστομος</span> <span class='ocrx_word' id='word_1_229' title='bbox 3445 1344 3501 1393; x_wconf 83' lang='grc' dir='ltr'>ὲν</span> <span class='ocrx_word' id='word_1_230' title='bbox 3535 1344 3600 1410; x_wconf 80' lang='grc' dir='ltr'>τῇ</span> <span class='ocrx_word' id='word_1_231' title='bbox 3637 1346 3679 1392; x_wconf 82' lang='grc' dir='ltr'>ν’</span> <span class='ocrx_word' id='word_1_232' title='bbox 3705 1343 3827 1409; x_wconf 82' lang='grc' dir='ltr'>ὁμι-</span> 
     </span>
    </p>
   </div>
   <div class='ocr_carea' id='block_1_32' title="bbox 2252 1432 3825 1507">
    <p class='ocr_par' dir='ltr' id='par_1_32' title="bbox 2252 1432 3825 1507">
     <span class='ocr_line' id='line_1_32' title="bbox 2252 1432 3825 1507; baseline -0.005 -18"><span class='ocrx_word' id='word_1_233' title='bbox 2252 1438 2343 1507; x_wconf 78' lang='grc' dir='ltr'><strong>λία</strong></span> <span class='ocrx_word' id='word_1_234' title='bbox 2390 1438 2485 1488; x_wconf 77' lang='grc' dir='ltr'>τοῦ</span> <span class='ocrx_word' id='word_1_235' title='bbox 2540 1438 2681 1490; x_wconf 85' lang='grc' dir='ltr'><strong>κατά</strong></span> <span class='ocrx_word' id='word_1_236' title='bbox 2714 1437 2991 1489; x_wconf 62' lang='grc' dir='ltr'>Ματθαὶον</span> <span class='ocrx_word' id='word_1_237' title='bbox 3044 1452 3212 1505; x_wconf 82' lang='grc' dir='ltr'>φησι·</span> <span class='ocrx_word' id='word_1_238' title='bbox 3244 1434 3576 1486; x_wconf 81' lang='grc' dir='ltr'>Πιστεύσατε</span> <span class='ocrx_word' id='word_1_239' title='bbox 3620 1432 3825 1496; x_wconf 82' lang='grc' dir='ltr'>τοίνυν,</span> 
     </span>
    </p>
   </div>
   <div class='ocr_carea' id='block_1_33' title="bbox 2251 1516 3828 1588">
    <p class='ocr_par' dir='ltr' id='par_1_33' title="bbox 2251 1516 3828 1588">
     <span class='ocr_line' id='line_1_33' title="bbox 2251 1516 3828 1588; baseline -0.005 -10"><span class='ocrx_word' id='word_1_240' title='bbox 2251 1528 2431 1579; x_wconf 73' lang='grc' dir='ltr'>ἐκεῖνο</span> <span class='ocrx_word' id='word_1_241' title='bbox 2462 1527 2558 1579; x_wconf 69' lang='grc' dir='ltr'><strong>καὶ</strong></span> <span class='ocrx_word' id='word_1_242' title='bbox 2588 1526 2685 1579; x_wconf 81' lang='grc' dir='ltr'>νῦν</span> <span class='ocrx_word' id='word_1_243' title='bbox 2723 1526 2783 1577; x_wconf 78' lang='grc' dir='ltr'><strong>τὸ</strong></span> <span class='ocrx_word' id='word_1_244' title='bbox 2837 1524 3053 1577; x_wconf 82' lang='grc' dir='ltr'>δεῖπνόν</span> <span class='ocrx_word' id='word_1_245' title='bbox 3094 1525 3264 1584; x_wconf 77' lang='grc' dir='ltr'>ἐστιν,</span> <span class='ocrx_word' id='word_1_246' title='bbox 3322 1524 3379 1574; x_wconf 83' lang='grc' dir='ltr'>ὲν</span> <span class='ocrx_word' id='word_1_247' title='bbox 3425 1516 3468 1588; x_wconf 84' lang='grc' dir='ltr'>ᾧ</span> <span class='ocrx_word' id='word_1_248' title='bbox 3516 1521 3611 1574; x_wconf 79' lang='grc' dir='ltr'>καὶ</span> <span class='ocrx_word' id='word_1_249' title='bbox 3667 1522 3828 1581; x_wconf 79' lang='grc' dir='ltr'>αὐτὸς</span> 
     </span>
    </p>
   </div>
   <div class='ocr_carea' id='block_1_34' title="bbox 2264 1612 3829 1684">
    <p class='ocr_par' dir='ltr' id='par_1_34' title="bbox 2264 1612 3829 1684">
     <span class='ocr_line' id='line_1_34' title="bbox 2264 1612 3829 1684; baseline -0.005 -14"><span class='ocrx_word' id='word_1_250' title='bbox 2264 1619 2536 1671; x_wconf 82' lang='grc' dir='ltr'>ἀνέκειτο·</span> <span class='ocrx_word' id='word_1_251' title='bbox 2574 1618 2729 1670; x_wconf 80' lang='grc' dir='ltr'>οὐδὲν</span> <span class='ocrx_word' id='word_1_252' title='bbox 2756 1617 2864 1684; x_wconf 86' lang='grc' dir='ltr'>γὰρ</span> <span class='ocrx_word' id='word_1_253' title='bbox 2910 1616 3119 1669; x_wconf 77' lang='grc' dir='ltr'>ἐκείνου</span> <span class='ocrx_word' id='word_1_254' title='bbox 3153 1614 3313 1667; x_wconf 82' lang='grc' dir='ltr'>τοῦτο</span> <span class='ocrx_word' id='word_1_255' title='bbox 3349 1615 3687 1682; x_wconf 80' lang='grc' dir='ltr'>διενήνοχεν·</span> <span class='ocrx_word' id='word_1_256' title='bbox 3709 1612 3829 1663; x_wconf 72' lang='grc' dir='ltr'>οὐδὲ</span> 
     </span>
    </p>
   </div>
   <div class='ocr_carea' id='block_1_35' title="bbox 2250 1703 3828 1781">
    <p class='ocr_par' dir='ltr' id='par_1_35' title="bbox 2250 1703 3828 1781">
     <span class='ocr_line' id='line_1_35' title="bbox 2250 1703 3828 1781; baseline -0.004 -20"><span class='ocrx_word' id='word_1_257' title='bbox 2250 1714 2360 1781; x_wconf 66' lang='grc' dir='ltr'><strong>γὰρ</strong></span> <span class='ocrx_word' id='word_1_258' title='bbox 2392 1711 2546 1763; x_wconf 80' lang='grc' dir='ltr'>τοῦτο</span> <span class='ocrx_word' id='word_1_259' title='bbox 2575 1711 2673 1779; x_wconf 79' lang='grc' dir='ltr'>μὲν</span> <span class='ocrx_word' id='word_1_260' title='bbox 2704 1710 2991 1777; x_wconf 83' lang='grc' dir='ltr'>ἄνθρωπος</span> <span class='ocrx_word' id='word_1_261' title='bbox 3058 1709 3376 1775; x_wconf 73' lang='grc' dir='ltr'>ἐργάζεται,</span> <span class='ocrx_word' id='word_1_262' title='bbox 3421 1707 3596 1758; x_wconf 82' lang='grc' dir='ltr'>ἐκεῖνο</span> <span class='ocrx_word' id='word_1_263' title='bbox 3640 1705 3697 1756; x_wconf 76' lang='grc' dir='ltr'>δὲ</span> <span class='ocrx_word' id='word_1_264' title='bbox 3737 1703 3828 1757; x_wconf 75' lang='grc' dir='ltr'><strong>αὖ·</strong></span> 
     </span>
    </p>
   </div>
   <div class='ocr_carea' id='block_1_36' title="bbox 578 1794 2147 1874">
    <p class='ocr_par' dir='ltr' id='par_1_36' title="bbox 578 1798 2147 1874">
     <span class='ocr_line' id='line_1_36' title="bbox 578 1798 2147 1874; baseline -0.009 -10"><span class='ocrx_word' id='word_1_265' title='bbox 578 1809 841 1865; x_wconf 89' lang='lat' dir='ltr'><strong>tiendum.</strong></span> <span class='ocrx_word' id='word_1_266' title='bbox 892 1807 951 1861; x_wconf 85' lang='lat' dir='ltr'><strong>In</strong></span> <span class='ocrx_word' id='word_1_267' title='bbox 1004 1809 1177 1861; x_wconf 88' lang='lat' dir='ltr'><strong>nostri</strong></span> <span class='ocrx_word' id='word_1_268' title='bbox 1241 1818 1404 1874; x_wconf 90' lang='lat' dir='ltr'><strong>porro</strong></span> <span class='ocrx_word' id='word_1_269' title='bbox 1460 1801 1621 1855; x_wconf 85' lang='lat' dir='ltr'><strong>oﬂicii</strong></span> <span class='ocrx_word' id='word_1_270' title='bbox 1673 1799 2022 1862; x_wconf 85' lang='lat' dir='ltr'><strong>lectionibus,</strong></span> <span class='ocrx_word' id='word_1_271' title='bbox 2080 1798 2147 1851; x_wconf 92' lang='lat' dir='ltr'><strong>de</strong></span> 
     </span>
    </p>
   </div>
   <div class='ocr_carea' id='block_1_37' title="bbox 2253 1794 3828 1874">
    <p class='ocr_par' dir='ltr' id='par_1_37' title="bbox 2253 1794 3828 1871">
     <span class='ocr_line' id='line_1_37' title="bbox 2253 1794 3828 1871; baseline -0.004 -18"><span class='ocrx_word' id='word_1_272' title='bbox 2253 1803 2363 1863; x_wconf 83' lang='grc' dir='ltr'>τός.</span> <span class='ocrx_word' id='word_1_273' title='bbox 2410 1802 2571 1859; x_wconf 80' lang='grc' dir='ltr'>Ἀλλὰ</span> <span class='ocrx_word' id='word_1_274' title='bbox 2598 1802 2656 1854; x_wconf 72' lang='grc' dir='ltr'>τὸ</span> <span class='ocrx_word' id='word_1_275' title='bbox 2683 1801 2811 1869; x_wconf 71' lang='grc' dir='ltr'>περὶ</span> <span class='ocrx_word' id='word_1_276' title='bbox 2864 1801 3166 1870; x_wconf 80' lang='grc' dir='ltr'>μυστηρίου</span> <span class='ocrx_word' id='word_1_277' title='bbox 3226 1798 3544 1871; x_wconf 76' lang='grc' dir='ltr'>ἀρκούντως</span> <span class='ocrx_word' id='word_1_278' title='bbox 3591 1794 3828 1865; x_wconf 77' lang='grc' dir='ltr'>ἐδείχθη.</span> 
     </span>
    </p>
   </div>
   <div class='ocr_carea' id='block_1_38' title="bbox 574 1890 2146 1967">
    <p class='ocr_par' dir='ltr' id='par_1_38' title="bbox 574 1890 2146 1967">
     <span class='ocr_line' id='line_1_38' title="bbox 574 1890 2146 1967; baseline -0.008 -13"><span class='ocrx_word' id='word_1_279' title='bbox 574 1901 733 1956; x_wconf 87' lang='lat' dir='ltr'><strong>beato</strong></span> <span class='ocrx_word' id='word_1_280' title='bbox 758 1897 1021 1967; x_wconf 78' lang='lat' dir='ltr'><strong>Gregorio</strong></span> <span class='ocrx_word' id='word_1_281' title='bbox 1065 1910 1255 1950; x_wconf 82' lang='lat' dir='ltr'><strong>mense</strong></span> <span class='ocrx_word' id='word_1_282' title='bbox 1307 1892 1505 1946; x_wconf 77' lang='lat' dir='ltr'><strong>Martio</strong></span> <span class='ocrx_word' id='word_1_283' title='bbox 1563 1899 1615 1946; x_wconf 86' lang='lat' dir='ltr'><strong>ct</strong></span> <span class='ocrx_word' id='word_1_284' title='bbox 1678 1891 1783 1945; x_wconf 88' lang='lat' dir='ltr'><strong>hoc</strong></span> <span class='ocrx_word' id='word_1_285' title='bbox 1829 1890 2146 1943; x_wconf 88' lang='lat' dir='ltr'><strong>habemus:</strong></span> 
     </span>
    </p>
   </div>
   <div class='ocr_carea' id='block_1_39' title="bbox 506 1980 2147 2059">
    <p class='ocr_par' dir='ltr' id='par_1_39' title="bbox 506 1980 2147 2059">
     <span class='ocr_line' id='line_1_39' title="bbox 506 1980 2147 2059; baseline -0.007 -14"><span class='ocrx_word' id='word_1_286' title='bbox 506 1996 507 1999; x_wconf 68' lang='grc'><em>“</em></span> <span class='ocrx_word' id='word_1_287' title='bbox 576 1986 1133 2059; x_wconf 81' lang='lat' dir='ltr'><strong>Gregoriusemedio</strong></span> <span class='ocrx_word' id='word_1_288' title='bbox 1188 1986 1309 2038; x_wconf 66' lang='lat' dir='ltr'><strong>vitae</strong></span> <span class='ocrx_word' id='word_1_289' title='bbox 1344 1982 1617 2047; x_wconf 89' lang='lat' dir='ltr'><strong>sublatus,</strong></span> <span class='ocrx_word' id='word_1_290' title='bbox 1681 1990 1734 2035; x_wconf 89' lang='lat' dir='ltr'><strong>et</strong></span> <span class='ocrx_word' id='word_1_291' title='bbox 1789 1981 1840 2033; x_wconf 94' lang='lat' dir='ltr'><strong>in</strong></span> <span class='ocrx_word' id='word_1_292' title='bbox 1910 1980 2147 2033; x_wconf 88' lang='lat' dir='ltr'><strong>medium</strong></span> 
     </span>
    </p>
   </div>
   <div class='ocr_carea' id='block_1_40' title="bbox 577 2070 2149 2149">
    <p class='ocr_par' dir='ltr' id='par_1_40' title="bbox 577 2070 2149 2149">
     <span class='ocr_line' id='line_1_40' title="bbox 577 2070 2149 2149; baseline -0.009 -14"><span class='ocrx_word' id='word_1_293' title='bbox 577 2082 897 2149; x_wconf 83' lang='lat' dir='ltr'><strong>angelorum</strong></span> <span class='ocrx_word' id='word_1_294' title='bbox 923 2087 1126 2133; x_wconf 71' lang='lat' dir='ltr'><strong>emtum</strong></span> <span class='ocrx_word' id='word_1_295' title='bbox 1146 2082 1430 2131; x_wconf 81' lang='lat' dir='ltr'><strong>evocatus.</strong></span> <span class='ocrx_word' id='word_1_296' title='bbox 1491 2074 1604 2127; x_wconf 88' lang='lat' dir='ltr'><strong>Et:</strong></span> <span class='ocrx_word' id='word_1_297' title='bbox 1656 2071 1893 2126; x_wconf 91' lang='lat' dir='ltr'><strong>Sanctus</strong></span> <span class='ocrx_word' id='word_1_298' title='bbox 1943 2070 2149 2138; x_wconf 81' lang='lat' dir='ltr'><strong>Grego-</strong></span> 
     </span>
    </p>
   </div>
   <div class='ocr_carea' id='block_1_41' title="bbox 578 2162 2147 2235">
    <p class='ocr_par' dir='ltr' id='par_1_41' title="bbox 578 2162 2147 2235">
     <span class='ocr_line' id='line_1_41' title="bbox 578 2162 2147 2235; baseline -0.006 -10"><span class='ocrx_word' id='word_1_299' title='bbox 578 2174 696 2227; x_wconf 82' lang='lat' dir='ltr'><strong>rius</strong></span> <span class='ocrx_word' id='word_1_300' title='bbox 745 2172 799 2225; x_wconf 89' lang='lat' dir='ltr'><strong>in</strong></span> <span class='ocrx_word' id='word_1_301' title='bbox 830 2170 978 2226; x_wconf 91' lang='lat' dir='ltr'><strong>omni</strong></span> <span class='ocrx_word' id='word_1_302' title='bbox 1020 2169 1381 2225; x_wconf 83' lang='lat' dir='ltr'><strong>scientiarum</strong></span> <span class='ocrx_word' id='word_1_303' title='bbox 1437 2182 1636 2235; x_wconf 75' lang='lat' dir='ltr'><strong>genere</strong></span> <span class='ocrx_word' id='word_1_304' title='bbox 1666 2174 1718 2219; x_wconf 90' lang='lat' dir='ltr'><strong>et</strong></span> <span class='ocrx_word' id='word_1_305' title='bbox 1748 2164 1801 2217; x_wconf 91' lang='lat' dir='ltr'><strong>in</strong></span> <span class='ocrx_word' id='word_1_306' title='bbox 1842 2162 2147 2233; x_wconf 80' lang='lat' dir='ltr'><strong>Scripturis</strong></span> 
     </span>
    </p>
   </div>
   <div class='ocr_carea' id='block_1_42' title="bbox 579 2253 2144 2325">
    <p class='ocr_par' dir='ltr' id='par_1_42' title="bbox 579 2253 2144 2325">
     <span class='ocr_line' id='line_1_42' title="bbox 579 2253 2144 2325; baseline -0.004 -13"><span class='ocrx_word' id='word_1_307' title='bbox 579 2271 828 2315; x_wconf 89' lang='lat' dir='ltr'><strong>versatus</strong></span> <span class='ocrx_word' id='word_1_308' title='bbox 861 2260 1060 2315; x_wconf 83' lang='lat' dir='ltr'><strong>multos</strong></span> <span class='ocrx_word' id='word_1_309' title='bbox 1092 2275 1119 2311; x_wconf 90' lang='lat' dir='ltr'><strong>a</strong></span> <span class='ocrx_word' id='word_1_310' title='bbox 1168 2273 1227 2312; x_wconf 86' lang='lat' dir='ltr'><strong>se</strong></span> <span class='ocrx_word' id='word_1_311' title='bbox 1281 2256 1621 2325; x_wconf 88' lang='lat' dir='ltr'><strong>compositos</strong></span> <span class='ocrx_word' id='word_1_312' title='bbox 1684 2255 1855 2309; x_wconf 89' lang='lat' dir='ltr'><strong>libros</strong></span> <span class='ocrx_word' id='word_1_313' title='bbox 1903 2253 2144 2322; x_wconf 87' lang='lat' dir='ltr'><strong>reliquit.</strong></span> 
     </span>
    </p>
   </div>
   <div class='ocr_carea' id='block_1_43' title="bbox 579 2332 2147 2420">
    <p class='ocr_par' dir='ltr' id='par_1_43' title="bbox 579 2332 2147 2420">
     <span class='ocr_line' id='line_1_43' title="bbox 579 2332 2147 2420; baseline -0.005 -15"><span class='ocrx_word' id='word_1_314' title='bbox 579 2352 641 2405; x_wconf 84' lang='lat' dir='ltr'><strong>Et</strong></span> <span class='ocrx_word' id='word_1_315' title='bbox 678 2351 871 2420; x_wconf 85' lang='lat' dir='ltr'><strong>paucis</strong></span> <span class='ocrx_word' id='word_1_316' title='bbox 902 2332 1209 2417; x_wconf 64' lang='lat' dir='ltr'><strong>interiectis</strong></span> <span class='ocrx_word' id='word_1_317' title='bbox 1243 2364 1257 2400; x_wconf 89' lang='lat'><strong>:</strong></span> <span class='ocrx_word' id='word_1_318' title='bbox 1295 2347 1413 2400; x_wconf 82' lang='lat' dir='ltr'><strong>Non</strong></span> <span class='ocrx_word' id='word_1_319' title='bbox 1439 2346 1719 2411; x_wconf 87' lang='lat' dir='ltr'><strong>humanis,</strong></span> <span class='ocrx_word' id='word_1_320' title='bbox 1755 2345 1953 2413; x_wconf 89' lang='lat' dir='ltr'><strong>inquit,</strong></span> <span class='ocrx_word' id='word_1_321' title='bbox 1984 2345 2147 2397; x_wconf 90' lang='lat' dir='ltr'><strong>ratio-</strong></span> 
     </span>
    </p>
   </div>
   <div class='ocr_carea' id='block_1_44' title="bbox 578 2435 2148 2498">
    <p class='ocr_par' dir='ltr' id='par_1_44' title="bbox 578 2435 2148 2498">
     <span class='ocr_line' id='line_1_44' title="bbox 578 2435 2148 2498; baseline -0.008 -1"><span class='ocrx_word' id='word_1_322' title='bbox 578 2440 952 2498; x_wconf 83' lang='lat' dir='ltr'><strong>cinationibus</strong></span> <span class='ocrx_word' id='word_1_323' title='bbox 983 2448 1038 2495; x_wconf 90' lang='lat' dir='ltr'><strong>et</strong></span> <span class='ocrx_word' id='word_1_324' title='bbox 1066 2438 1316 2492; x_wconf 82' lang='lat' dir='ltr'><strong>studiosa</strong></span> <span class='ocrx_word' id='word_1_325' title='bbox 1374 2443 1587 2490; x_wconf 89' lang='lat' dir='ltr'><strong>tantum</strong></span> <span class='ocrx_word' id='word_1_326' title='bbox 1648 2435 1957 2488; x_wconf 89' lang='lat' dir='ltr'><strong>eruditione</strong></span> <span class='ocrx_word' id='word_1_327' title='bbox 2017 2446 2148 2485; x_wconf 87' lang='lat' dir='ltr'><strong>con-</strong></span> 
     </span>
    </p>
   </div>
   <div class='ocr_carea' id='block_1_45' title="bbox 577 2524 2149 2602">
    <p class='ocr_par' dir='ltr' id='par_1_45' title="bbox 577 2524 2149 2602">
     <span class='ocr_line' id='line_1_45' title="bbox 577 2524 2149 2602; baseline -0.006 -15"><span class='ocrx_word' id='word_1_328' title='bbox 577 2529 961 2602; x_wconf 84' lang='lat' dir='ltr'><strong>scriptos,sed</strong></span> <span class='ocrx_word' id='word_1_329' title='bbox 989 2545 1085 2599; x_wconf 88' lang='lat' dir='ltr'><strong>per</strong></span> <span class='ocrx_word' id='word_1_330' title='bbox 1133 2526 1399 2596; x_wconf 84' lang='lat' dir='ltr'><strong>Spiritum</strong></span> <span class='ocrx_word' id='word_1_331' title='bbox 1457 2534 1732 2590; x_wconf 83' lang='lat' dir='ltr'><strong>sanctum,</strong></span> <span class='ocrx_word' id='word_1_332' title='bbox 1791 2524 2149 2595; x_wconf 81' lang='lat' dir='ltr'><strong>quemadmo-</strong></span> 
     </span>
    </p>
   </div>
   <div class='ocr_carea' id='block_1_46' title="bbox 578 2615 2147 2684">
    <p class='ocr_par' dir='ltr' id='par_1_46' title="bbox 578 2615 2147 2684">
     <span class='ocr_line' id='line_1_46' title="bbox 578 2615 2147 2684; baseline -0.008 -6"><span class='ocrx_word' id='word_1_333' title='bbox 578 2625 704 2678; x_wconf 85' lang='lat' dir='ltr'><strong>dum</strong></span> <span class='ocrx_word' id='word_1_334' title='bbox 730 2638 796 2678; x_wconf 90' lang='lat' dir='ltr'><strong>eo</strong></span> <span class='ocrx_word' id='word_1_335' title='bbox 830 2624 939 2675; x_wconf 79' lang='lat' dir='ltr'><strong>vita</strong></span> <span class='ocrx_word' id='word_1_336' title='bbox 972 2620 1163 2675; x_wconf 73' lang='lat' dir='ltr'><strong>[uneto</strong></span> <span class='ocrx_word' id='word_1_337' title='bbox 1194 2620 1387 2675; x_wconf 83' lang='lat' dir='ltr'><strong>Petrus</strong></span> <span class='ocrx_word' id='word_1_338' title='bbox 1412 2618 1836 2671; x_wconf 80' lang='lat' dir='ltr'><strong>archidiaconus</strong></span> <span class='ocrx_word' id='word_1_339' title='bbox 1874 2615 1993 2684; x_wconf 91' lang='lat' dir='ltr'><strong>ejus</strong></span> <span class='ocrx_word' id='word_1_340' title='bbox 2017 2628 2147 2667; x_wconf 71' lang='lat' dir='ltr'><strong>nar~</strong></span> 
     </span>
    </p>
   </div>
   <div class='ocr_carea' id='block_1_47' title="bbox 584 2705 2140 2768">
    <p class='ocr_par' dir='ltr' id='par_1_47' title="bbox 584 2705 2140 2768">
     <span class='ocr_line' id='line_1_47' title="bbox 584 2705 2140 2768; baseline -0.007 -3"><span class='ocrx_word' id='word_1_341' title='bbox 584 2714 746 2765; x_wconf 82' lang='lat' dir='ltr'><strong>ravit.</strong></span> <span class='ocrx_word' id='word_1_342' title='bbox 781 2709 967 2765; x_wconf 74' lang='lat' dir='ltr'><strong>Visam</strong></span> <span class='ocrx_word' id='word_1_343' title='bbox 999 2712 1147 2765; x_wconf 86' lang='lat' dir='ltr'><strong>enim</strong></span> <span class='ocrx_word' id='word_1_344' title='bbox 1184 2723 1215 2761; x_wconf 88' lang='lat' dir='ltr'><strong>a</strong></span> <span class='ocrx_word' id='word_1_345' title='bbox 1245 2724 1303 2763; x_wconf 88' lang='lat' dir='ltr'><strong>se</strong></span> <span class='ocrx_word' id='word_1_346' title='bbox 1338 2708 1522 2761; x_wconf 88' lang='lat' dir='ltr'><strong>aiebat</strong></span> <span class='ocrx_word' id='word_1_347' title='bbox 1579 2707 1759 2759; x_wconf 85' lang='lat' dir='ltr'><strong>albam</strong></span> <span class='ocrx_word' id='word_1_348' title='bbox 1800 2705 2140 2768; x_wconf 86' lang='lat' dir='ltr'><strong>columbam,</strong></span> 
     </span>
    </p>
   </div>
   <div class='ocr_carea' id='block_1_48' title="bbox 576 2796 2146 2865">
    <p class='ocr_par' dir='ltr' id='par_1_48' title="bbox 576 2796 2146 2865">
     <span class='ocr_line' id='line_1_48' title="bbox 576 2796 2146 2865; baseline -0.006 -11"><span class='ocrx_word' id='word_1_349' title='bbox 576 2806 705 2855; x_wconf 88' lang='lat' dir='ltr'><strong>dum</strong></span> <span class='ocrx_word' id='word_1_350' title='bbox 744 2802 833 2855; x_wconf 89' lang='lat' dir='ltr'><strong>ille</strong></span> <span class='ocrx_word' id='word_1_351' title='bbox 865 2799 1155 2864; x_wconf 88' lang='lat' dir='ltr'><strong>scriberet,</strong></span> <span class='ocrx_word' id='word_1_352' title='bbox 1188 2799 1255 2851; x_wconf 90' lang='lat' dir='ltr'><strong>ad</strong></span> <span class='ocrx_word' id='word_1_353' title='bbox 1302 2811 1364 2851; x_wconf 93' lang='lat' dir='ltr'><strong>os</strong></span> <span class='ocrx_word' id='word_1_354' title='bbox 1392 2796 1512 2865; x_wconf 85' lang='lat' dir='ltr'><strong>ejus</strong></span> <span class='ocrx_word' id='word_1_355' title='bbox 1533 2796 1901 2858; x_wconf 82' lang='lat' dir='ltr'><strong>advolantem,</strong></span> <span class='ocrx_word' id='word_1_356' title='bbox 1960 2800 2015 2846; x_wconf 92' lang='lat' dir='ltr'><strong>et</strong></span> <span class='ocrx_word' id='word_1_357' title='bbox 2052 2807 2146 2845; x_wconf 83' lang='lat' dir='ltr'><strong>ve-</strong></span> 
     </span>
    </p>
   </div>
   <div class='ocr_carea' id='block_1_49' title="bbox 580 2883 2146 2959">
    <p class='ocr_par' dir='ltr' id='par_1_49' title="bbox 580 2883 2146 2959">
     <span class='ocr_line' id='line_1_49' title="bbox 580 2883 2146 2959; baseline -0.006 -16"><span class='ocrx_word' id='word_1_358' title='bbox 580 2890 674 2943; x_wconf 92' lang='lat' dir='ltr'><strong>luti</strong></span> <span class='ocrx_word' id='word_1_359' title='bbox 716 2896 1100 2959; x_wconf 77' lang='lat' dir='ltr'><strong>suggerentem</strong></span> <span class='ocrx_word' id='word_1_360' title='bbox 1129 2893 1183 2940; x_wconf 89' lang='lat' dir='ltr'><strong>et</strong></span> <span class='ocrx_word' id='word_1_361' title='bbox 1213 2886 1511 2940; x_wconf 88' lang='lat' dir='ltr'><strong>dictantem</strong></span> <span class='ocrx_word' id='word_1_362' title='bbox 1560 2900 1681 2953; x_wconf 66' lang='lat' dir='ltr'><strong>quae</strong></span> <span class='ocrx_word' id='word_1_363' title='bbox 1733 2883 2146 2938; x_wconf 86' lang='lat' dir='ltr'><strong>scribebantur.</strong></span> 
     </span>
    </p>
   </div>
   <div class='ocr_carea' id='block_1_50' title="bbox 580 2975 2152 3046">
    <p class='ocr_par' dir='ltr' id='par_1_50' title="bbox 580 2975 2152 3046">
     <span class='ocr_line' id='line_1_50' title="bbox 580 2975 2152 3046; baseline -0.002 -14"><span class='ocrx_word' id='word_1_364' title='bbox 580 2980 646 3033; x_wconf 67' lang='lat' dir='ltr'><strong>lit</strong></span> <span class='ocrx_word' id='word_1_365' title='bbox 670 2994 777 3033; x_wconf 91' lang='lat' dir='ltr'><strong>non</strong></span> <span class='ocrx_word' id='word_1_366' title='bbox 808 2979 978 3032; x_wconf 88' lang='lat' dir='ltr'><strong>multo</strong></span> <span class='ocrx_word' id='word_1_367' title='bbox 1001 2986 1125 3046; x_wconf 89' lang='lat' dir='ltr'><strong>post</strong></span> <span class='ocrx_word' id='word_1_368' title='bbox 1158 2994 1176 3033; x_wconf 86' lang='lat'><strong>:</strong></span> <span class='ocrx_word' id='word_1_369' title='bbox 1206 2977 1375 3030; x_wconf 83' lang='lat' dir='ltr'><strong>Aiunt</strong></span> <span class='ocrx_word' id='word_1_370' title='bbox 1421 2984 1601 3029; x_wconf 87' lang='lat' dir='ltr'><strong>autem</strong></span> <span class='ocrx_word' id='word_1_371' title='bbox 1631 2992 1694 3030; x_wconf 81' lang='lat' dir='ltr'><strong>ex</strong></span> <span class='ocrx_word' id='word_1_372' title='bbox 1726 2976 1891 3046; x_wconf 89' lang='lat' dir='ltr'><strong>hujus</strong></span> <span class='ocrx_word' id='word_1_373' title='bbox 1933 2975 2152 3029; x_wconf 88' lang='lat' dir='ltr'><strong>institu-</strong></span> 
     </span>
    </p>
   </div>
   <div class='ocr_carea' id='block_1_51' title="bbox 582 3067 2148 3138">
    <p class='ocr_par' dir='ltr' id='par_1_51' title="bbox 582 3067 2148 3138">
     <span class='ocr_line' id='line_1_51' title="bbox 582 3067 2148 3138; baseline -0.002 -14"><span class='ocrx_word' id='word_1_374' title='bbox 582 3073 729 3126; x_wconf 86' lang='lat' dir='ltr'><strong>tione</strong></span> <span class='ocrx_word' id='word_1_375' title='bbox 756 3071 978 3134; x_wconf 82' lang='lat' dir='ltr'><strong>factum,</strong></span> <span class='ocrx_word' id='word_1_376' title='bbox 1045 3076 1103 3123; x_wconf 92' lang='lat' dir='ltr'><strong>ut</strong></span> <span class='ocrx_word' id='word_1_377' title='bbox 1153 3068 1620 3138; x_wconf 74' lang='lat' dir='ltr'><strong>quadragesimali</strong></span> <span class='ocrx_word' id='word_1_378' title='bbox 1691 3075 1940 3138; x_wconf 89' lang='lat' dir='ltr'><strong>tempore</strong></span> <span class='ocrx_word' id='word_1_379' title='bbox 2006 3067 2148 3137; x_wconf 89' lang='lat' dir='ltr'><strong>apud</strong></span> 
     </span>
    </p>
   </div>
   <div class='ocr_carea' id='block_1_52' title="bbox 582 3158 2146 3229">
    <p class='ocr_par' dir='ltr' id='par_1_52' title="bbox 582 3158 2146 3229">
     <span class='ocr_line' id='line_1_52' title="bbox 582 3158 2146 3229; baseline -0.003 -13"><span class='ocrx_word' id='word_1_380' title='bbox 582 3165 862 3216; x_wconf 71' lang='lat' dir='ltr'><strong>Romanos</strong></span> <span class='ocrx_word' id='word_1_381' title='bbox 894 3160 1072 3215; x_wconf 66' lang='lat' dir='ltr'><strong>Missae</strong></span> <span class='ocrx_word' id='word_1_382' title='bbox 1100 3158 1434 3214; x_wconf 80' lang='lat' dir='ltr'><strong>sacriﬁcium</strong></span> <span class='ocrx_word' id='word_1_383' title='bbox 1500 3159 1773 3229; x_wconf 76' lang='lat' dir='ltr'><strong>integrum</strong></span> <span class='ocrx_word' id='word_1_384' title='bbox 1830 3169 2146 3229; x_wconf 69' lang='lat' dir='ltr'><strong>peragatur,</strong></span> 
     </span>
    </p>
   </div>
   <div class='ocr_carea' id='block_1_53' title="bbox 580 3250 2152 3326">
    <p class='ocr_par' dir='ltr' id='par_1_53' title="bbox 580 3250 2152 3326">
     <span class='ocr_line' id='line_1_53' title="bbox 580 3250 2152 3326; baseline 0 -20"><span class='ocrx_word' id='word_1_385' title='bbox 580 3255 724 3326; x_wconf 78' lang='lat' dir='ltr'><strong>quod</strong></span> <span class='ocrx_word' id='word_1_386' title='bbox 762 3256 903 3324; x_wconf 88' lang='lat' dir='ltr'><strong>apud</strong></span> <span class='ocrx_word' id='word_1_387' title='bbox 936 3253 1055 3309; x_wconf 86' lang='lat' dir='ltr'><strong>illos</strong></span> <span class='ocrx_word' id='word_1_388' title='bbox 1105 3252 1376 3320; x_wconf 79' lang='lat' dir='ltr'><strong>hodieque</strong></span> <span class='ocrx_word' id='word_1_389' title='bbox 1405 3262 1676 3305; x_wconf 85' lang='lat' dir='ltr'><strong>servatur.</strong></span> <span class='ocrx_word' id='word_1_390' title='bbox 1716 3250 1821 3306; x_wconf 89' lang='lat' dir='ltr'><strong>Sed</strong></span> <span class='ocrx_word' id='word_1_391' title='bbox 1870 3267 1979 3306; x_wconf 88' lang='lat' dir='ltr'><strong>non</strong></span> <span class='ocrx_word' id='word_1_392' title='bbox 2026 3266 2152 3321; x_wconf 84' lang='lat' dir='ltr'><strong>pro-</strong></span> 
     </span>
    </p>
   </div>
   <div class='ocr_carea' id='block_1_54' title="bbox 582 3342 2148 3417">
    <p class='ocr_par' dir='ltr' id='par_1_54' title="bbox 582 3342 2148 3417">
     <span class='ocr_line' id='line_1_54' title="bbox 582 3342 2148 3417; baseline 0.001 -19"><span class='ocrx_word' id='word_1_393' title='bbox 582 3360 763 3417; x_wconf 85' lang='lat' dir='ltr'><strong>pterea</strong></span> <span class='ocrx_word' id='word_1_394' title='bbox 792 3344 1052 3414; x_wconf 69' lang='lat' dir='ltr'><strong>disiuncti</strong></span> <span class='ocrx_word' id='word_1_395' title='bbox 1081 3342 1308 3408; x_wconf 82' lang='lat' dir='ltr'><strong>fuimus,</strong></span> <span class='ocrx_word' id='word_1_396' title='bbox 1356 3358 1531 3412; x_wconf 87' lang='lat' dir='ltr'><strong>neque</strong></span> <span class='ocrx_word' id='word_1_397' title='bbox 1555 3344 1701 3399; x_wconf 88' lang='lat' dir='ltr'><strong>illius</strong></span> <span class='ocrx_word' id='word_1_398' title='bbox 1730 3343 1828 3398; x_wconf 67' lang='lat' dir='ltr'><strong>aevi</strong></span> <span class='ocrx_word' id='word_1_399' title='bbox 1896 3345 2148 3399; x_wconf 88' lang='lat' dir='ltr'><strong>homines</strong></span> 
     </span>
    </p>
   </div>
   <div class='ocr_carea' id='block_1_55' title="bbox 580 3436 2148 3507">
    <p class='ocr_par' dir='ltr' id='par_1_55' title="bbox 580 3436 2148 3507">
     <span class='ocr_line' id='line_1_55' title="bbox 580 3436 2148 3507; baseline -0.003 -12"><span class='ocrx_word' id='word_1_400' title='bbox 580 3443 687 3495; x_wconf 88' lang='lat' dir='ltr'><strong>duo</strong></span> <span class='ocrx_word' id='word_1_401' title='bbox 722 3438 1015 3493; x_wconf 83' lang='lat' dir='ltr'><strong>missarum</strong></span> <span class='ocrx_word' id='word_1_402' title='bbox 1074 3450 1277 3506; x_wconf 79' lang='lat' dir='ltr'><strong>genera</strong></span> <span class='ocrx_word' id='word_1_403' title='bbox 1336 3436 1731 3501; x_wconf 74' lang='lat' dir='ltr'><strong>dixerunt;et</strong></span> <span class='ocrx_word' id='word_1_404' title='bbox 1790 3451 1969 3507; x_wconf 89' lang='lat' dir='ltr'><strong>neque</strong></span> <span class='ocrx_word' id='word_1_405' title='bbox 2025 3438 2148 3491; x_wconf 91' lang='lat' dir='ltr'><strong>illos</strong></span> 
     </span>
    </p>
   </div>
   <div class='ocr_carea' id='block_1_56' title="bbox 582 3528 2147 3601">
    <p class='ocr_par' dir='ltr' id='par_1_56' title="bbox 582 3528 2147 3601">
     <span class='ocr_line' id='line_1_56' title="bbox 582 3528 2147 3601; baseline -0.003 -16"><span class='ocrx_word' id='word_1_406' title='bbox 582 3535 684 3601; x_wconf 89' lang='lat' dir='ltr'><strong>ipsi</strong></span> <span class='ocrx_word' id='word_1_407' title='bbox 716 3546 957 3601; x_wconf 85' lang='lat' dir='ltr'><strong>unquam</strong></span> <span class='ocrx_word' id='word_1_408' title='bbox 982 3528 1345 3598; x_wconf 70' lang='lat' dir='ltr'><strong>culparimus,</strong></span> <span class='ocrx_word' id='word_1_409' title='bbox 1383 3544 1561 3598; x_wconf 88' lang='lat' dir='ltr'><strong>neque</strong></span> <span class='ocrx_word' id='word_1_410' title='bbox 1590 3529 1667 3582; x_wconf 87' lang='lat' dir='ltr'><strong>illi</strong></span> <span class='ocrx_word' id='word_1_411' title='bbox 1703 3543 1804 3583; x_wconf 93' lang='lat' dir='ltr'><strong>nos</strong></span> <span class='ocrx_word' id='word_1_412' title='bbox 1830 3535 2147 3598; x_wconf 76' lang='lat' dir='ltr'><strong>coegerunt</strong></span> 
     </span>
    </p>
   </div>
   <div class='ocr_carea' id='block_1_57' title="bbox 581 3618 2150 3692">
    <p class='ocr_par' dir='ltr' id='par_1_57' title="bbox 581 3618 2150 3692">
     <span class='ocr_line' id='line_1_57' title="bbox 581 3618 2150 3692; baseline -0.004 -14"><span class='ocrx_word' id='word_1_413' title='bbox 581 3625 646 3678; x_wconf 90' lang='lat' dir='ltr'><strong>ad</strong></span> <span class='ocrx_word' id='word_1_414' title='bbox 684 3622 993 3692; x_wconf 85' lang='lat' dir='ltr'><strong>hnjusmodi</strong></span> <span class='ocrx_word' id='word_1_415' title='bbox 1028 3619 1527 3685; x_wconf 86' lang='lat' dir='ltr'><strong>consuetudinem;</strong></span> <span class='ocrx_word' id='word_1_416' title='bbox 1565 3620 1829 3691; x_wconf 88' lang='lat' dir='ltr'><strong>quoniam</strong></span> <span class='ocrx_word' id='word_1_417' title='bbox 1860 3621 1975 3675; x_wconf 64' lang='lat' dir='ltr'><strong>hate</strong></span> <span class='ocrx_word' id='word_1_418' title='bbox 2001 3618 2150 3673; x_wconf 88' lang='lat' dir='ltr'><strong>veri-</strong></span> 
     </span>
    </p>
   </div>
   <div class='ocr_carea' id='block_1_58' title="bbox 582 3714 1271 3770">
    <p class='ocr_par' dir='ltr' id='par_1_58' title="bbox 582 3714 1271 3770">
     <span class='ocr_line' id='line_1_58' title="bbox 582 3714 1271 3770; baseline 0 -1"><span class='ocrx_word' id='word_1_419' title='bbox 582 3718 675 3770; x_wconf 78' lang='lat' dir='ltr'><strong>tati</strong></span> <span class='ocrx_word' id='word_1_420' title='bbox 698 3716 820 3770; x_wconf 76' lang='lat' dir='ltr'><strong>ﬁdei</strong></span> <span class='ocrx_word' id='word_1_421' title='bbox 845 3715 983 3769; x_wconf 84' lang='lat' dir='ltr'><strong>nihil</strong></span> <span class='ocrx_word' id='word_1_422' title='bbox 1004 3714 1271 3769; x_wconf 76' lang='lat' dir='ltr'><strong>ofﬁciunt.</strong></span> 
     </span>
    </p>
   </div>
   <div class='ocr_carea' id='block_1_59' title="bbox 1226 3806 1474 3861">
    <p class='ocr_par' dir='ltr' id='par_1_59' title="bbox 1226 3806 1474 3861">
     <span class='ocr_line' id='line_1_59' title="bbox 1226 3806 1474 3861; baseline 0 -2"><span class='ocrx_word' id='word_1_423' title='bbox 1226 3806 1474 3861; x_wconf 81' lang='lat' dir='ltr'><strong>EPHES.</strong></span> 
     </span>
    </p>
   </div>
   <div class='ocr_carea' id='block_1_60' title="bbox 649 3899 2151 3968">
    <p class='ocr_par' dir='ltr' id='par_1_60' title="bbox 649 3899 2151 3968">
     <span class='ocr_line' id='line_1_60' title="bbox 649 3899 2151 3968; baseline 0.001 -18"><span class='ocrx_word' id='word_1_424' title='bbox 649 3899 781 3951; x_wconf 83' lang='lat' dir='ltr'><strong>Bina</strong></span> <span class='ocrx_word' id='word_1_425' title='bbox 803 3913 1020 3968; x_wconf 89' lang='lat' dir='ltr'><strong>quoque</strong></span> <span class='ocrx_word' id='word_1_426' title='bbox 1067 3899 1431 3968; x_wconf 86' lang='lat' dir='ltr'><strong>baptismata;</strong></span> <span class='ocrx_word' id='word_1_427' title='bbox 1485 3914 1653 3952; x_wconf 88' lang='lat' dir='ltr'><strong>unum</strong></span> <span class='ocrx_word' id='word_1_428' title='bbox 1692 3899 1837 3965; x_wconf 89' lang='lat' dir='ltr'><strong>quod</strong></span> <span class='ocrx_word' id='word_1_429' title='bbox 1872 3899 2015 3952; x_wconf 89' lang='lat' dir='ltr'><strong>trina</strong></span> <span class='ocrx_word' id='word_1_430' title='bbox 2050 3900 2151 3953; x_wconf 87' lang='lat' dir='ltr'><strong>im-</strong></span> 
     </span>
    </p>
   </div>
   <div class='ocr_carea' id='block_1_61' title="bbox 583 3987 2150 4057">
    <p class='ocr_par' dir='ltr' id='par_1_61' title="bbox 583 3987 2150 4057">
     <span class='ocr_line' id='line_1_61' title="bbox 583 3987 2150 4057; baseline 0 -13"><span class='ocrx_word' id='word_1_431' title='bbox 583 3990 856 4044; x_wconf 88' lang='lat' dir='ltr'><strong>mersione</strong></span> <span class='ocrx_word' id='word_1_432' title='bbox 886 3988 1195 4054; x_wconf 85' lang='lat' dir='ltr'><strong>confertur,</strong></span> <span class='ocrx_word' id='word_1_433' title='bbox 1234 3990 1464 4044; x_wconf 88' lang='lat' dir='ltr'><strong>alterum</strong></span> <span class='ocrx_word' id='word_1_434' title='bbox 1497 3987 1642 4057; x_wconf 88' lang='lat' dir='ltr'><strong>quod</strong></span> <span class='ocrx_word' id='word_1_435' title='bbox 1681 4004 1834 4057; x_wconf 63' lang='lat' dir='ltr'><strong>aqua:</strong></span> <span class='ocrx_word' id='word_1_436' title='bbox 1870 3988 2150 4045; x_wconf 82' lang='lat' dir='ltr'><strong>infusione</strong></span> 
     </span>
    </p>
   </div>
   <div class='ocr_carea' id='block_1_62' title="bbox 581 4078 2146 4147">
    <p class='ocr_par' dir='ltr' id='par_1_62' title="bbox 581 4078 2146 4147">
     <span class='ocr_line' id='line_1_62' title="bbox 581 4078 2146 4147; baseline -0.001 -14"><span class='ocrx_word' id='word_1_437' title='bbox 581 4098 611 4133; x_wconf 88' lang='lat' dir='ltr'><strong>a</strong></span> <span class='ocrx_word' id='word_1_438' title='bbox 643 4094 854 4133; x_wconf 87' lang='lat' dir='ltr'><strong>summo</strong></span> <span class='ocrx_word' id='word_1_439' title='bbox 881 4079 1120 4143; x_wconf 87' lang='lat' dir='ltr'><strong>vertice;</strong></span> <span class='ocrx_word' id='word_1_440' title='bbox 1156 4086 1212 4131; x_wconf 86' lang='lat' dir='ltr'><strong>et</strong></span> <span class='ocrx_word' id='word_1_441' title='bbox 1252 4094 1421 4132; x_wconf 88' lang='lat' dir='ltr'><strong>unum</strong></span> <span class='ocrx_word' id='word_1_442' title='bbox 1460 4080 1707 4147; x_wconf 89' lang='lat' dir='ltr'><strong>quidem,</strong></span> <span class='ocrx_word' id='word_1_443' title='bbox 1734 4078 1878 4145; x_wconf 88' lang='lat' dir='ltr'><strong>quod</strong></span> <span class='ocrx_word' id='word_1_444' title='bbox 1904 4079 2146 4132; x_wconf 89' lang='lat' dir='ltr'><strong>chrisma</strong></span> 
     </span>
    </p>
   </div>
   <div class='ocr_carea' id='block_1_63' title="bbox 580 4164 2148 4235">
    <p class='ocr_par' dir='ltr' id='par_1_63' title="bbox 580 4164 2148 4235">
     <span class='ocr_line' id='line_1_63' title="bbox 580 4164 2148 4235; baseline 0.003 -17"><span class='ocrx_word' id='word_1_445' title='bbox 580 4166 747 4218; x_wconf 90' lang='lat' dir='ltr'><strong>etiam</strong></span> <span class='ocrx_word' id='word_1_446' title='bbox 805 4164 1048 4230; x_wconf 89' lang='lat' dir='ltr'><strong>adhibet,</strong></span> <span class='ocrx_word' id='word_1_447' title='bbox 1084 4169 1317 4219; x_wconf 88' lang='lat' dir='ltr'><strong>alterum</strong></span> <span class='ocrx_word' id='word_1_448' title='bbox 1356 4180 1489 4219; x_wconf 85' lang='lat' dir='ltr'><strong>vero</strong></span> <span class='ocrx_word' id='word_1_449' title='bbox 1522 4166 1667 4235; x_wconf 88' lang='lat' dir='ltr'><strong>quod</strong></span> <span class='ocrx_word' id='word_1_450' title='bbox 1715 4165 1981 4221; x_wconf 85' lang='lat' dir='ltr'><strong>adhibere</strong></span> <span class='ocrx_word' id='word_1_451' title='bbox 2017 4168 2148 4222; x_wconf 90' lang='lat' dir='ltr'><strong>illud</strong></span> 
     </span>
    </p>
   </div>
   <div class='ocr_carea' id='block_1_64' title="bbox 584 4254 1452 4323">
    <p class='ocr_par' dir='ltr' id='par_1_64' title="bbox 584 4254 1452 4323">
     <span class='ocr_line' id='line_1_64' title="bbox 584 4254 1452 4323; baseline 0.002 -16"><span class='ocrx_word' id='word_1_452' title='bbox 584 4254 724 4307; x_wconf 86' lang='lat' dir='ltr'><strong>nihil</strong></span> <span class='ocrx_word' id='word_1_453' title='bbox 748 4268 979 4323; x_wconf 88' lang='lat' dir='ltr'><strong>prorsus</strong></span> <span class='ocrx_word' id='word_1_454' title='bbox 1002 4268 1236 4309; x_wconf 88' lang='lat' dir='ltr'><strong>necesse</strong></span> <span class='ocrx_word' id='word_1_455' title='bbox 1265 4254 1452 4311; x_wconf 89' lang='lat' dir='ltr'><strong>habet.</strong></span> 
     </span>
    </p>
   </div>
   <div class='ocr_carea' id='block_1_65' title="bbox 1272 4345 1471 4401">
    <p class='ocr_par' dir='ltr' id='par_1_65' title="bbox 1272 4345 1471 4401">
     <span class='ocr_line' id='line_1_65' title="bbox 1272 4345 1471 4401; baseline 0.01 -2"><span class='ocrx_word' id='word_1_456' title='bbox 1272 4345 1471 4401; x_wconf 76' lang='lat' dir='ltr'><strong>RESP.</strong></span> 
     </span>
    </p>
   </div>
   <div class='ocr_carea' id='block_1_66' title="bbox 2264 1889 3827 1963">
    <p class='ocr_par' dir='ltr' id='par_1_66' title="bbox 2264 1889 3827 1963">
     <span class='ocr_line' id='line_1_66' title="bbox 2264 1889 3827 1963; baseline -0.003 -17"><span class='ocrx_word' id='word_1_457' title='bbox 2264 1895 2350 1946; x_wconf 83' lang='grc' dir='ltr'>Ἐν</span> <span class='ocrx_word' id='word_1_458' title='bbox 2386 1896 2496 1953; x_wconf 80' lang='grc' dir='ltr'>τοῖς</span> <span class='ocrx_word' id='word_1_459' title='bbox 2524 1893 2874 1963; x_wconf 80' lang='grc' dir='ltr'>συναξαρίοις</span> <span class='ocrx_word' id='word_1_460' title='bbox 2904 1892 2960 1944; x_wconf 83' lang='grc' dir='ltr'><strong>δὲ</strong></span> <span class='ocrx_word' id='word_1_461' title='bbox 3027 1892 3184 1961; x_wconf 78' lang='grc' dir='ltr'>ἡμῶν</span> <span class='ocrx_word' id='word_1_462' title='bbox 3217 1892 3346 1959; x_wconf 66' lang='grc' dir='ltr'>περὶ</span> <span class='ocrx_word' id='word_1_463' title='bbox 3396 1891 3493 1944; x_wconf 84' lang='grc' dir='ltr'>τοῦ</span> <span class='ocrx_word' id='word_1_464' title='bbox 3555 1889 3827 1959; x_wconf 78' lang='grc' dir='ltr'>μακαρίου</span> 
     </span>
    </p>
   </div>
   <div class='ocr_carea' id='block_1_67' title="bbox 2252 1982 3826 2056">
    <p class='ocr_par' dir='ltr' id='par_1_67' title="bbox 2252 1982 3826 2056">
     <span class='ocr_line' id='line_1_67' title="bbox 2252 1982 3826 2056; baseline -0.004 -17"><span class='ocrx_word' id='word_1_465' title='bbox 2252 1986 2555 2056; x_wconf 82' lang='grc' dir='ltr'>Γρηγορίου</span> <span class='ocrx_word' id='word_1_466' title='bbox 2583 1988 2642 2038; x_wconf 81' lang='grc' dir='ltr'>ὲν</span> <span class='ocrx_word' id='word_1_467' title='bbox 2672 1986 2749 2055; x_wconf 84' lang='grc' dir='ltr'>τῷ</span> <span class='ocrx_word' id='word_1_468' title='bbox 2778 1986 3010 2055; x_wconf 82' lang='grc' dir='ltr'>Μαρτίῳ</span> <span class='ocrx_word' id='word_1_469' title='bbox 3037 1985 3271 2053; x_wconf 71' lang='grc' dir='ltr'>μηνίκαὶ</span> <span class='ocrx_word' id='word_1_470' title='bbox 3296 1982 3453 2035; x_wconf 79' lang='grc' dir='ltr'>τοῦτο</span> <span class='ocrx_word' id='word_1_471' title='bbox 3482 1982 3826 2051; x_wconf 80' lang='grc' dir='ltr'>περιέχεται·</span> 
     </span>
    </p>
   </div>
   <div class='ocr_carea' id='block_1_68' title="bbox 2262 2070 3828 2147">
    <p class='ocr_par' dir='ltr' id='par_1_68' title="bbox 2262 2070 3828 2147">
     <span class='ocr_line' id='line_1_68' title="bbox 2262 2070 3828 2147; baseline -0.006 -17"><span class='ocrx_word' id='word_1_472' title='bbox 2262 2079 2322 2130; x_wconf 88' lang='lat'><strong>&#39;0</strong></span> <span class='ocrx_word' id='word_1_473' title='bbox 2351 2078 2655 2147; x_wconf 79' lang='grc' dir='ltr'>Γρηγόριος</span> <span class='ocrx_word' id='word_1_474' title='bbox 2685 2079 2748 2129; x_wconf 81' lang='grc' dir='ltr'>ἐκ</span> <span class='ocrx_word' id='word_1_475' title='bbox 2788 2077 2955 2143; x_wconf 78' lang='grc' dir='ltr'>μέσου</span> <span class='ocrx_word' id='word_1_476' title='bbox 3010 2076 3109 2145; x_wconf 81' lang='grc' dir='ltr'>μὲν</span> <span class='ocrx_word' id='word_1_477' title='bbox 3165 2074 3260 2126; x_wconf 82' lang='grc' dir='ltr'>ἰοῦ</span> <span class='ocrx_word' id='word_1_478' title='bbox 3299 2074 3437 2143; x_wconf 87' lang='grc' dir='ltr'>βίου,</span> <span class='ocrx_word' id='word_1_479' title='bbox 3490 2074 3547 2125; x_wconf 80' lang='grc' dir='ltr'>ὲν</span> <span class='ocrx_word' id='word_1_480' title='bbox 3585 2074 3736 2141; x_wconf 79' lang='grc' dir='ltr'>μέσῳ</span> <span class='ocrx_word' id='word_1_481' title='bbox 3769 2070 3828 2122; x_wconf 73' lang='grc' dir='ltr'><strong>δὲ</strong></span> 
     </span>
    </p>
   </div>
   <div class='ocr_carea' id='block_1_69' title="bbox 2250 2163 3828 2239">
    <p class='ocr_par' dir='ltr' id='par_1_69' title="bbox 2250 2163 3828 2239">
     <span class='ocr_line' id='line_1_69' title="bbox 2250 2163 3828 2239; baseline -0.005 -17"><span class='ocrx_word' id='word_1_482' title='bbox 2250 2168 2347 2222; x_wconf 82' lang='grc' dir='ltr'>τοῦ</span> <span class='ocrx_word' id='word_1_483' title='bbox 2376 2169 2537 2239; x_wconf 83' lang='grc' dir='ltr'>χοροῦ</span> <span class='ocrx_word' id='word_1_484' title='bbox 2586 2168 2695 2220; x_wconf 82' lang='grc' dir='ltr'><strong>τῶν</strong></span> <span class='ocrx_word' id='word_1_485' title='bbox 2750 2167 3000 2235; x_wconf 81' lang='grc' dir='ltr'>ἀγγέλων</span> <span class='ocrx_word' id='word_1_486' title='bbox 3043 2167 3369 2235; x_wconf 81' lang='grc' dir='ltr'>γενόμενος·</span> <span class='ocrx_word' id='word_1_487' title='bbox 3420 2165 3537 2218; x_wconf 87' lang='grc' dir='ltr'>καί·</span> <span class='ocrx_word' id='word_1_488' title='bbox 3592 2163 3651 2217; x_wconf 88' lang='lat'><strong>&#39;0</strong></span> <span class='ocrx_word' id='word_1_489' title='bbox 3684 2165 3828 2225; x_wconf 82' lang='grc' dir='ltr'>ὅσιος</span> 
     </span>
    </p>
   </div>
   <div class='ocr_carea' id='block_1_70' title="bbox 2252 2253 3830 2330">
    <p class='ocr_par' dir='ltr' id='par_1_70' title="bbox 2252 2253 3830 2330">
     <span class='ocr_line' id='line_1_70' title="bbox 2252 2253 3830 2330; baseline -0.006 -16"><span class='ocrx_word' id='word_1_490' title='bbox 2252 2260 2554 2330; x_wconf 86' lang='grc' dir='ltr'>Γρηγόριος</span> <span class='ocrx_word' id='word_1_491' title='bbox 2588 2259 2766 2329; x_wconf 78' lang='grc' dir='ltr'>πάσης</span> <span class='ocrx_word' id='word_1_492' title='bbox 2796 2260 2987 2327; x_wconf 81' lang='grc' dir='ltr'>σοφίας</span> <span class='ocrx_word' id='word_1_493' title='bbox 3009 2260 3105 2310; x_wconf 76' lang='grc' dir='ltr'>καὶ</span> <span class='ocrx_word' id='word_1_494' title='bbox 3135 2258 3358 2327; x_wconf 77' lang='grc' dir='ltr'>Γραφῆς</span> <span class='ocrx_word' id='word_1_495' title='bbox 3379 2258 3641 2325; x_wconf 77' lang='grc' dir='ltr'>ἔμπειρος</span> <span class='ocrx_word' id='word_1_496' title='bbox 3656 2253 3830 2308; x_wconf 83' lang='grc' dir='ltr'>πολλὰ</span> 
     </span>
    </p>
   </div>
   <div class='ocr_carea' id='block_1_71' title="bbox 2254 2345 3827 2418">
    <p class='ocr_par' dir='ltr' id='par_1_71' title="bbox 2254 2345 3827 2418">
     <span class='ocr_line' id='line_1_71' title="bbox 2254 2345 3827 2418; baseline -0.004 -15"><span class='ocrx_word' id='word_1_497' title='bbox 2254 2351 2666 2418; x_wconf 79' lang='grc' dir='ltr'>συγγράμματα</span> <span class='ocrx_word' id='word_1_498' title='bbox 2696 2350 3057 2402; x_wconf 77' lang='grc' dir='ltr'>καταλέλοιπε</span> <span class='ocrx_word' id='word_1_499' title='bbox 3078 2368 3092 2381; x_wconf 76' lang='grc' dir='ltr'><strong><em>ο</em></strong></span> <span class='ocrx_word' id='word_1_500' title='bbox 3134 2351 3228 2402; x_wconf 78' lang='grc' dir='ltr'>καὶ</span> <span class='ocrx_word' id='word_1_501' title='bbox 3269 2349 3387 2417; x_wconf 82' lang='grc' dir='ltr'>μετ’</span> <span class='ocrx_word' id='word_1_502' title='bbox 3412 2349 3567 2415; x_wconf 82' lang='grc' dir='ltr'>ὀλίγα</span> <span class='ocrx_word' id='word_1_503' title='bbox 3595 2364 3608 2378; x_wconf 84' lang='grc'><em>’</em></span> <span class='ocrx_word' id='word_1_504' title='bbox 3641 2346 3717 2399; x_wconf 82' lang='grc' dir='ltr'><strong>Οὐ</strong></span> <span class='ocrx_word' id='word_1_505' title='bbox 3756 2345 3827 2398; x_wconf 83' lang='grc' dir='ltr'><strong>δι’</strong></span> 
     </span>
    </p>
   </div>
   <div class='ocr_carea' id='block_1_72' title="bbox 2252 2438 3825 2507">
    <p class='ocr_par' dir='ltr' id='par_1_72' title="bbox 2252 2438 3825 2507">
     <span class='ocr_line' id='line_1_72' title="bbox 2252 2438 3825 2507; baseline -0.002 -15"><span class='ocrx_word' id='word_1_506' title='bbox 2252 2441 2619 2504; x_wconf 84' lang='grc' dir='ltr'>ἀνθρωπίνων</span> <span class='ocrx_word' id='word_1_507' title='bbox 2645 2440 3026 2507; x_wconf 81' lang='grc' dir='ltr'>συλλογισμῶν</span> <span class='ocrx_word' id='word_1_508' title='bbox 3055 2444 3147 2491; x_wconf 72' lang='grc' dir='ltr'><strong>καὶ</strong></span> <span class='ocrx_word' id='word_1_509' title='bbox 3175 2440 3272 2505; x_wconf 78' lang='grc' dir='ltr'><strong>τῆς</strong></span> <span class='ocrx_word' id='word_1_510' title='bbox 3316 2442 3373 2489; x_wconf 78' lang='grc' dir='ltr'>ἐν</span> <span class='ocrx_word' id='word_1_511' title='bbox 3414 2438 3591 2503; x_wconf 78' lang='grc' dir='ltr'>λόγοις</span> <span class='ocrx_word' id='word_1_512' title='bbox 3627 2438 3825 2503; x_wconf 75' lang='grc' dir='ltr'>σοφίας</span> 
     </span>
    </p>
   </div>
   <div class='ocr_carea' id='block_1_73' title="bbox 2259 2526 3823 2602">
    <p class='ocr_par' dir='ltr' id='par_1_73' title="bbox 2259 2526 3823 2602">
     <span class='ocr_line' id='line_1_73' title="bbox 2259 2526 3823 2602; baseline -0.004 -18"><span class='ocrx_word' id='word_1_513' title='bbox 2259 2532 2425 2602; x_wconf 78' lang='grc' dir='ltr'>μόνον</span> <span class='ocrx_word' id='word_1_514' title='bbox 2454 2531 2801 2593; x_wconf 76' lang='grc' dir='ltr'>συντεθέντα,</span> <span class='ocrx_word' id='word_1_515' title='bbox 2852 2529 2985 2580; x_wconf 77' lang='grc' dir='ltr'>ἀλλὰ</span> <span class='ocrx_word' id='word_1_516' title='bbox 3016 2528 3103 2579; x_wconf 82' lang='grc' dir='ltr'><strong>διὰ</strong></span> <span class='ocrx_word' id='word_1_517' title='bbox 3160 2526 3477 2595; x_wconf 84' lang='grc' dir='ltr'>Πνεύματος</span> <span class='ocrx_word' id='word_1_518' title='bbox 3513 2527 3693 2591; x_wconf 82' lang='grc' dir='ltr'>ἁγίου,</span> <span class='ocrx_word' id='word_1_519' title='bbox 3747 2528 3823 2590; x_wconf 83' lang='grc' dir='ltr'>ὡς</span> 
     </span>
    </p>
   </div>
   <div class='ocr_carea' id='block_1_74' title="bbox 2255 2616 3822 2691">
    <p class='ocr_par' dir='ltr' id='par_1_74' title="bbox 2255 2616 3822 2691">
     <span class='ocr_line' id='line_1_74' title="bbox 2255 2616 3822 2691; baseline -0.004 -16"><span class='ocrx_word' id='word_1_520' title='bbox 2255 2621 2394 2691; x_wconf 72' lang='grc' dir='ltr'>μετὰ</span> <span class='ocrx_word' id='word_1_521' title='bbox 2425 2622 2525 2689; x_wconf 85' lang='grc' dir='ltr'>τὴν</span> <span class='ocrx_word' id='word_1_522' title='bbox 2556 2619 2722 2674; x_wconf 80' lang='grc' dir='ltr'>αὑτοῦ</span> <span class='ocrx_word' id='word_1_523' title='bbox 2762 2621 2825 2677; x_wconf 83' lang='grc' dir='ltr'>ἐκ</span> <span class='ocrx_word' id='word_1_524' title='bbox 2852 2616 2950 2671; x_wconf 83' lang='grc' dir='ltr'>τοῦ</span> <span class='ocrx_word' id='word_1_525' title='bbox 2988 2617 3108 2686; x_wconf 87' lang='grc' dir='ltr'>βίου</span> <span class='ocrx_word' id='word_1_526' title='bbox 3143 2617 3408 2669; x_wconf 80' lang='grc' dir='ltr'>ἀνάλυσιν</span> <span class='ocrx_word' id='word_1_527' title='bbox 3442 2619 3646 2687; x_wconf 81' lang='grc' dir='ltr'>Πέτρος</span> <span class='ocrx_word' id='word_1_528' title='bbox 3676 2619 3704 2668; x_wconf 91' lang='lat'><strong>6</strong></span> <span class='ocrx_word' id='word_1_529' title='bbox 3726 2618 3822 2686; x_wconf 84' lang='grc' dir='ltr'><strong>ἀρ-</strong></span> 
     </span>
    </p>
   </div>
   <div class='ocr_carea' id='block_1_75' title="bbox 2253 2710 3799 2783">
    <p class='ocr_par' dir='ltr' id='par_1_75' title="bbox 2253 2710 3799 2783">
     <span class='ocr_line' id='line_1_75' title="bbox 2253 2710 3799 2783; baseline -0.002 -17"><span class='ocrx_word' id='word_1_530' title='bbox 2253 2714 2562 2783; x_wconf 85' lang='grc' dir='ltr'>χιδιάκονος</span> <span class='ocrx_word' id='word_1_531' title='bbox 2601 2711 2769 2763; x_wconf 80' lang='grc' dir='ltr'>αὑτοῦ</span> <span class='ocrx_word' id='word_1_532' title='bbox 2824 2711 3154 2780; x_wconf 78' lang='grc' dir='ltr'>ἐξηγήσατο,</span> <span class='ocrx_word' id='word_1_533' title='bbox 3200 2711 3328 2762; x_wconf 78' lang='grc' dir='ltr'>ἰδεῖν</span> <span class='ocrx_word' id='word_1_534' title='bbox 3360 2710 3532 2776; x_wconf 82' lang='grc' dir='ltr'>λέγων</span> <span class='ocrx_word' id='word_1_535' title='bbox 3572 2725 3799 2777; x_wconf 78' lang='grc' dir='ltr'>περιστε</span> 
     </span>
    </p>
   </div>
   <div class='ocr_carea' id='block_1_76' title="bbox 2256 2801 3818 2875">
    <p class='ocr_par' dir='ltr' id='par_1_76' title="bbox 2256 2801 3818 2875">
     <span class='ocr_line' id='line_1_76' title="bbox 2256 2801 3818 2875; baseline -0.002 -20"><span class='ocrx_word' id='word_1_536' title='bbox 2256 2804 2357 2875; x_wconf 82' lang='grc' dir='ltr'><strong>ρὰν</strong></span> <span class='ocrx_word' id='word_1_537' title='bbox 2378 2804 2577 2872; x_wconf 85' lang='grc' dir='ltr'>λευκὴν</span> <span class='ocrx_word' id='word_1_538' title='bbox 2609 2805 2666 2855; x_wconf 81' lang='grc' dir='ltr'>ὲν</span> <span class='ocrx_word' id='word_1_539' title='bbox 2696 2802 2774 2872; x_wconf 84' lang='grc' dir='ltr'>τῷ</span> <span class='ocrx_word' id='word_1_540' title='bbox 2804 2803 3042 2873; x_wconf 76' lang='grc' dir='ltr'>γράφειν</span> <span class='ocrx_word' id='word_1_541' title='bbox 3076 2802 3241 2856; x_wconf 69' lang='grc' dir='ltr'>αὑτὸν</span> <span class='ocrx_word' id='word_1_542' title='bbox 3264 2802 3340 2867; x_wconf 84' lang='grc' dir='ltr'><strong>τῷ</strong></span> <span class='ocrx_word' id='word_1_543' title='bbox 3394 2801 3559 2853; x_wconf 79' lang='grc' dir='ltr'>αὑτοῦ</span> <span class='ocrx_word' id='word_1_544' title='bbox 3590 2817 3818 2868; x_wconf 81' lang='grc' dir='ltr'>προσεγο</span> 
     </span>
    </p>
   </div>
   <div class='ocr_carea' id='block_1_77' title="bbox 2253 2890 3801 2963">
    <p class='ocr_par' dir='ltr' id='par_1_77' title="bbox 2253 2890 3801 2963">
     <span class='ocr_line' id='line_1_77' title="bbox 2253 2890 3801 2963; baseline 0 -18"><span class='ocrx_word' id='word_1_545' title='bbox 2253 2895 2520 2962; x_wconf 80' lang='grc' dir='ltr'>γίζουσαν</span> <span class='ocrx_word' id='word_1_546' title='bbox 2550 2894 2803 2963; x_wconf 86' lang='grc' dir='ltr'>στόματι,</span> <span class='ocrx_word' id='word_1_547' title='bbox 2837 2898 2932 2947; x_wconf 78' lang='grc' dir='ltr'><strong>καὶ</strong></span> <span class='ocrx_word' id='word_1_548' title='bbox 2959 2890 3074 2946; x_wconf 74' lang='grc' dir='ltr'>οἷον</span> <span class='ocrx_word' id='word_1_549' title='bbox 3126 2894 3502 2963; x_wconf 76' lang='grc' dir='ltr'>ἐξηγουμένην</span> <span class='ocrx_word' id='word_1_550' title='bbox 3536 2892 3631 2945; x_wconf 74' lang='grc' dir='ltr'>καὶ</span> <span class='ocrx_word' id='word_1_551' title='bbox 3660 2909 3801 2962; x_wconf 80' lang='grc' dir='ltr'>προσ</span> 
     </span>
    </p>
   </div>
   <div class='ocr_carea' id='block_1_78' title="bbox 2252 2984 3821 3056">
    <p class='ocr_par' dir='ltr' id='par_1_78' title="bbox 2252 2984 3821 3056">
     <span class='ocr_line' id='line_1_78' title="bbox 2252 2984 3821 3056; baseline 0 -18"><span class='ocrx_word' id='word_1_552' title='bbox 2252 2987 2515 3056; x_wconf 84' lang='grc' dir='ltr'>ορμῶσαν</span> <span class='ocrx_word' id='word_1_553' title='bbox 2545 2986 2681 3055; x_wconf 80' lang='grc' dir='ltr'>πρὸς</span> <span class='ocrx_word' id='word_1_554' title='bbox 2710 2988 2825 3048; x_wconf 77' lang='grc' dir='ltr'>τοῖς</span> <span class='ocrx_word' id='word_1_555' title='bbox 2844 2986 3256 3056; x_wconf 82' lang='grc' dir='ltr'>γεγραμμένοις</span> <span class='ocrx_word' id='word_1_556' title='bbox 3280 2986 3403 3038; x_wconf 74' lang='grc' dir='ltr'>’καὶ</span> <span class='ocrx_word' id='word_1_557' title='bbox 3432 2988 3568 3053; x_wconf 72' lang='grc' dir='ltr'>μετὰ</span> <span class='ocrx_word' id='word_1_558' title='bbox 3593 2984 3821 3055; x_wconf 77' lang='grc' dir='ltr'>βραχέα’</span> 
     </span>
    </p>
   </div>
   <div class='ocr_carea' id='block_1_79' title="bbox 2253 3076 3819 3149">
    <p class='ocr_par' dir='ltr' id='par_1_79' title="bbox 2253 3076 3819 3149">
     <span class='ocr_line' id='line_1_79' title="bbox 2253 3076 3819 3149; baseline 0 -19"><span class='ocrx_word' id='word_1_559' title='bbox 2253 3078 2391 3130; x_wconf 78' lang='grc' dir='ltr'>Φασὶ</span> <span class='ocrx_word' id='word_1_560' title='bbox 2423 3077 2500 3139; x_wconf 78' lang='grc' dir='ltr'>δὲ,</span> <span class='ocrx_word' id='word_1_561' title='bbox 2534 3076 2613 3131; x_wconf 83' lang='grc' dir='ltr'>ὅτι</span> <span class='ocrx_word' id='word_1_562' title='bbox 2644 3078 3016 3130; x_wconf 76' lang='grc' dir='ltr'>ἐπιτελεῖσθαι</span> <span class='ocrx_word' id='word_1_563' title='bbox 3046 3077 3395 3146; x_wconf 78' lang='grc' dir='ltr'>λειτουργέαν</span> <span class='ocrx_word' id='word_1_564' title='bbox 3428 3076 3641 3131; x_wconf 87' lang='grc' dir='ltr'>τελείαν</span> <span class='ocrx_word' id='word_1_565' title='bbox 3672 3077 3819 3149; x_wconf 83' lang='grc' dir='ltr'>παρό</span> 
     </span>
    </p>
   </div>
   <div class='ocr_carea' id='block_1_80' title="bbox 2264 3162 3819 3236">
    <p class='ocr_par' dir='ltr' id='par_1_80' title="bbox 2264 3162 3819 3236">
     <span class='ocr_line' id='line_1_80' title="bbox 2264 3162 3819 3236; baseline 0.001 -17"><span class='ocrx_word' id='word_1_566' title='bbox 2264 3167 2559 3236; x_wconf 84' lang='grc' dir='ltr'>Ῥωμαίοις</span> <span class='ocrx_word' id='word_1_567' title='bbox 2590 3169 2648 3219; x_wconf 80' lang='grc' dir='ltr'>ἐν</span> <span class='ocrx_word' id='word_1_568' title='bbox 2677 3170 2801 3228; x_wconf 85' lang='grc' dir='ltr'>ταῖς</span> <span class='ocrx_word' id='word_1_569' title='bbox 2832 3166 3139 3235; x_wconf 75' lang='grc' dir='ltr'>νηστίμοις-</span> <span class='ocrx_word' id='word_1_570' title='bbox 3186 3168 3425 3235; x_wconf 70' lang='grc' dir='ltr'>ἡμέραις</span> <span class='ocrx_word' id='word_1_571' title='bbox 3469 3162 3625 3229; x_wconf 63' lang='grc' dir='ltr'>οὗτός</span> <span class='ocrx_word' id='word_1_572' title='bbox 3654 3170 3819 3235; x_wconf 34' lang='grc' dir='ltr'>,ἐστιν</span> 
     </span>
    </p>
   </div>
   <div class='ocr_carea' id='block_1_81' title="bbox 2251 3255 3820 3325">
    <p class='ocr_par' dir='ltr' id='par_1_81' title="bbox 2251 3255 3820 3325">
     <span class='ocr_line' id='line_1_81' title="bbox 2251 3255 3820 3325; baseline 0 -17"><span class='ocrx_word' id='word_1_573' title='bbox 2251 3259 2279 3309; x_wconf 89' lang='lat'><strong>6</strong></span> <span class='ocrx_word' id='word_1_574' title='bbox 2314 3256 2709 3324; x_wconf 84' lang='grc' dir='ltr'>νομοθετήσας,</span> <span class='ocrx_word' id='word_1_575' title='bbox 2737 3255 2877 3325; x_wconf 84' lang='grc' dir='ltr'>ὅπερ</span> <span class='ocrx_word' id='word_1_576' title='bbox 2930 3258 3216 3323; x_wconf 83' lang='grc' dir='ltr'>κρατεῖται</span> <span class='ocrx_word' id='word_1_577' title='bbox 3250 3256 3415 3325; x_wconf 84' lang='grc' dir='ltr'>μέχρι</span> <span class='ocrx_word' id='word_1_578' title='bbox 3457 3255 3556 3324; x_wconf 83' lang='grc' dir='ltr'><strong>τῆς</strong></span> <span class='ocrx_word' id='word_1_579' title='bbox 3584 3256 3820 3325; x_wconf 67' lang='grc' dir='ltr'>σήμερον</span> 
     </span>
    </p>
   </div>
   <div class='ocr_carea' id='block_1_82' title="bbox 2252 3343 3819 3415">
    <p class='ocr_par' dir='ltr' id='par_1_82' title="bbox 2252 3343 3819 3415">
     <span class='ocr_line' id='line_1_82' title="bbox 2252 3343 3819 3415; baseline 0.001 -18"><span class='ocrx_word' id='word_1_580' title='bbox 2252 3346 2385 3415; x_wconf 84' lang='grc' dir='ltr'>παρ’</span> <span class='ocrx_word' id='word_1_581' title='bbox 2416 3346 2625 3405; x_wconf 82' lang='grc' dir='ltr'>αὐτοῖς.</span> <span class='ocrx_word' id='word_1_582' title='bbox 2668 3344 2808 3396; x_wconf 79' lang='grc' dir='ltr'>’Λλλ“</span> <span class='ocrx_word' id='word_1_583' title='bbox 2836 3346 2896 3395; x_wconf 84' lang='grc' dir='ltr'><strong>οὐ</strong></span> <span class='ocrx_word' id='word_1_584' title='bbox 2948 3345 3035 3395; x_wconf 77' lang='grc' dir='ltr'><strong>διὰ</strong></span> <span class='ocrx_word' id='word_1_585' title='bbox 3083 3343 3246 3396; x_wconf 80' lang='grc' dir='ltr'>τοῦτο</span> <span class='ocrx_word' id='word_1_586' title='bbox 3298 3345 3654 3413; x_wconf 79' lang='grc' dir='ltr'>ἐσχίσθημεν,</span> <span class='ocrx_word' id='word_1_587' title='bbox 3703 3344 3819 3398; x_wconf 70' lang='grc' dir='ltr'>οὺδὶ</span> 
     </span>
    </p>
   </div>
   <div class='ocr_carea' id='block_1_83' title="bbox 2253 3434 3824 3504">
    <p class='ocr_par' dir='ltr' id='par_1_83' title="bbox 2253 3434 3824 3504">
     <span class='ocr_line' id='line_1_83' title="bbox 2253 3434 3824 3504; baseline -0.001 -15"><span class='ocrx_word' id='word_1_588' title='bbox 2253 3438 2438 3499; x_wconf 76' lang='grc' dir='ltr'>διττὰς</span> <span class='ocrx_word' id='word_1_589' title='bbox 2494 3434 2848 3504; x_wconf 87' lang='grc' dir='ltr'>λειτουργίας</span> <span class='ocrx_word' id='word_1_590' title='bbox 2900 3435 3191 3502; x_wconf 79' lang='grc' dir='ltr'>ὠνόμασαν</span> <span class='ocrx_word' id='word_1_591' title='bbox 3222 3435 3271 3486; x_wconf 88' lang='grc' dir='ltr'>οἱ</span> <span class='ocrx_word' id='word_1_592' title='bbox 3322 3434 3445 3487; x_wconf 83' lang='grc' dir='ltr'>τότε</span> <span class='ocrx_word' id='word_1_593' title='bbox 3498 3437 3680 3499; x_wconf 77' lang='grc' dir='ltr'>ὄντες·</span> <span class='ocrx_word' id='word_1_594' title='bbox 3712 3435 3824 3489; x_wconf 79' lang='grc' dir='ltr'>ἀλλ’</span> 
     </span>
    </p>
   </div>
   <div class='ocr_carea' id='block_1_84' title="bbox 2252 3527 3871 3597">
    <p class='ocr_par' dir='ltr' id='par_1_84' title="bbox 2252 3527 3871 3597">
     <span class='ocr_line' id='line_1_84' title="bbox 2252 3527 3871 3597; baseline -0.001 -17"><span class='ocrx_word' id='word_1_595' title='bbox 2252 3529 2361 3580; x_wconf 77' lang='grc' dir='ltr'><strong>οὐδ’</strong></span> <span class='ocrx_word' id='word_1_596' title='bbox 2434 3530 2599 3597; x_wconf 85' lang='grc' dir='ltr'>ἡμεῖς</span> <span class='ocrx_word' id='word_1_597' title='bbox 2675 3542 2805 3579; x_wconf 86' lang='grc' dir='ltr'>ποτε</span> <span class='ocrx_word' id='word_1_598' title='bbox 2883 3528 3114 3589; x_wconf 77' lang='grc' dir='ltr'>ἐκείνοις</span> <span class='ocrx_word' id='word_1_599' title='bbox 3198 3527 3640 3596; x_wconf 71' lang='grc' dir='ltr'>ἐνεκαλέσαμεν,</span> <span class='ocrx_word' id='word_1_600' title='bbox 3707 3528 3871 3581; x_wconf 64' lang='grc' dir='ltr'>ἀλλ”</span> 
     </span>
    </p>
   </div>
   <div class='ocr_carea' id='block_1_85' title="bbox 2252 3621 3824 3695">
    <p class='ocr_par' dir='ltr' id='par_1_85' title="bbox 2252 3621 3824 3695">
     <span class='ocr_line' id='line_1_85' title="bbox 2252 3621 3824 3695; baseline 0.002 -20"><span class='ocrx_word' id='word_1_601' title='bbox 2252 3622 2360 3675; x_wconf 78' lang='grc' dir='ltr'>οὐδ’</span> <span class='ocrx_word' id='word_1_602' title='bbox 2408 3624 2554 3691; x_wconf 71' lang='grc' dir='ltr'>ἡμᾶς</span> <span class='ocrx_word' id='word_1_603' title='bbox 2610 3621 2929 3690; x_wconf 75' lang='grc' dir='ltr'>ἠνάγκασαν</span> <span class='ocrx_word' id='word_1_604' title='bbox 3004 3622 3147 3674; x_wconf 75' lang='grc' dir='ltr'>οὕτω</span> <span class='ocrx_word' id='word_1_605' title='bbox 3213 3625 3412 3676; x_wconf 80' lang='grc' dir='ltr'>ποιεῖν.</span> <span class='ocrx_word' id='word_1_606' title='bbox 3480 3623 3668 3677; x_wconf 85' lang='grc' dir='ltr'>Ταῦτα</span> <span class='ocrx_word' id='word_1_607' title='bbox 3717 3625 3824 3695; x_wconf 84' lang='grc' dir='ltr'><strong>γὰρ</strong></span> 
     </span>
    </p>
   </div>
   <div class='ocr_carea' id='block_1_86' title="bbox 2252 3714 3683 3784">
    <p class='ocr_par' dir='ltr' id='par_1_86' title="bbox 2252 3714 3683 3784">
     <span class='ocr_line' id='line_1_86' title="bbox 2252 3714 3683 3784; baseline 0.003 -18"><span class='ocrx_word' id='word_1_608' title='bbox 2252 3718 2352 3780; x_wconf 78' lang='grc' dir='ltr'>τὴν</span> <span class='ocrx_word' id='word_1_609' title='bbox 2384 3715 2483 3782; x_wconf 80' lang='grc' dir='ltr'>τῆς</span> <span class='ocrx_word' id='word_1_610' title='bbox 2530 3714 2766 3776; x_wconf 79' lang='grc' dir='ltr'>πίστεως</span> <span class='ocrx_word' id='word_1_611' title='bbox 2796 3714 3055 3783; x_wconf 78' lang='grc' dir='ltr'>ἀλήθειαν</span> <span class='ocrx_word' id='word_1_612' title='bbox 3086 3715 3148 3768; x_wconf 82' lang='grc' dir='ltr'><strong>οὐ</strong></span> <span class='ocrx_word' id='word_1_613' title='bbox 3173 3714 3683 3784; x_wconf 76' lang='grc' dir='ltr'>παραὸ).ἀπτουσιν.</span> 
     </span>
    </p>
   </div>
   <div class='ocr_carea' id='block_1_87' title="bbox 2943 3807 3136 3859">
    <p class='ocr_par' dir='ltr' id='par_1_87' title="bbox 2943 3807 3136 3859">
     <span class='ocr_line' id='line_1_87' title="bbox 2943 3807 3136 3859; baseline 0 -1"><span class='ocrx_word' id='word_1_614' title='bbox 2943 3807 3136 3859; x_wconf 83' lang='grc' dir='ltr'>ΕΦΕΣ.</span> 
     </span>
    </p>
   </div>
   <div class='ocr_carea' id='block_1_88' title="bbox 2323 3896 3823 3969">
    <p class='ocr_par' dir='ltr' id='par_1_88' title="bbox 2323 3896 3823 3969">
     <span class='ocr_line' id='line_1_88' title="bbox 2323 3896 3823 3969; baseline 0.003 -21"><span class='ocrx_word' id='word_1_615' title='bbox 2323 3898 2487 3950; x_wconf 85' lang='grc' dir='ltr'>Διττὰ</span> <span class='ocrx_word' id='word_1_616' title='bbox 2532 3897 2589 3949; x_wconf 82' lang='grc' dir='ltr'>δὲ</span> <span class='ocrx_word' id='word_1_617' title='bbox 2621 3896 2997 3966; x_wconf 75' lang='grc' dir='ltr'>βαπτῖσματα,</span> <span class='ocrx_word' id='word_1_618' title='bbox 3032 3898 3092 3949; x_wconf 75' lang='grc' dir='ltr'>τὸ</span> <span class='ocrx_word' id='word_1_619' title='bbox 3136 3898 3235 3967; x_wconf 79' lang='grc' dir='ltr'><strong>μὲν</strong></span> <span class='ocrx_word' id='word_1_620' title='bbox 3260 3898 3346 3951; x_wconf 78' lang='grc' dir='ltr'>διὰ</span> <span class='ocrx_word' id='word_1_621' title='bbox 3378 3900 3598 3969; x_wconf 80' lang='grc' dir='ltr'>τριττῆς</span> <span class='ocrx_word' id='word_1_622' title='bbox 3650 3916 3823 3953; x_wconf 84' lang='grc' dir='ltr'>κατα·</span> 
     </span>
    </p>
   </div>
   <div class='ocr_carea' id='block_1_89' title="bbox 2250 3986 3823 4058">
    <p class='ocr_par' dir='ltr' id='par_1_89' title="bbox 2250 3986 3823 4058">
     <span class='ocr_line' id='line_1_89' title="bbox 2250 3986 3823 4058; baseline 0.004 -20"><span class='ocrx_word' id='word_1_623' title='bbox 2250 3986 2454 4049; x_wconf 86' lang='grc' dir='ltr'>δύσεως</span> <span class='ocrx_word' id='word_1_624' title='bbox 2481 3988 2741 4051; x_wconf 79' lang='grc' dir='ltr'>τελειοῦν,</span> <span class='ocrx_word' id='word_1_625' title='bbox 2771 3989 2830 4040; x_wconf 70' lang='grc' dir='ltr'>τὸ</span> <span class='ocrx_word' id='word_1_626' title='bbox 2863 3990 2917 4041; x_wconf 84' lang='grc' dir='ltr'><strong>δὲ</strong></span> <span class='ocrx_word' id='word_1_627' title='bbox 2945 3990 3013 4040; x_wconf 81' lang='grc' dir='ltr'><strong>δι’</strong></span> <span class='ocrx_word' id='word_1_628' title='bbox 3047 3990 3356 4058; x_wconf 83' lang='grc' dir='ltr'>ἐπιχύσεως</span> <span class='ocrx_word' id='word_1_629' title='bbox 3403 3991 3593 4053; x_wconf 83' lang='grc' dir='ltr'>ὓδατος</span> <span class='ocrx_word' id='word_1_630' title='bbox 3634 3992 3697 4043; x_wconf 69' lang='grc' dir='ltr'>ἐκ</span> <span class='ocrx_word' id='word_1_631' title='bbox 3736 4008 3823 4044; x_wconf 88' lang='grc' dir='ltr'>κο-</span> 
     </span>
    </p>
   </div>
   <div class='ocr_carea' id='block_1_90' title="bbox 2255 4080 3821 4155">
    <p class='ocr_par' dir='ltr' id='par_1_90' title="bbox 2255 4080 3821 4155">
     <span class='ocr_line' id='line_1_90' title="bbox 2255 4080 3821 4155; baseline 0.005 -26"><span class='ocrx_word' id='word_1_632' title='bbox 2255 4080 2429 4147; x_wconf 82' lang='grc' dir='ltr'>ρυφῆς</span> <span class='ocrx_word' id='word_1_633' title='bbox 2461 4081 2687 4133; x_wconf 76' lang='grc' dir='ltr'>ἀνωθενο</span> <span class='ocrx_word' id='word_1_634' title='bbox 2726 4082 2818 4132; x_wconf 73' lang='grc' dir='ltr'><strong>καὶ</strong></span> <span class='ocrx_word' id='word_1_635' title='bbox 2850 4084 2909 4132; x_wconf 75' lang='grc' dir='ltr'>τὸ</span> <span class='ocrx_word' id='word_1_636' title='bbox 2948 4082 3045 4150; x_wconf 83' lang='grc' dir='ltr'>μὲν</span> <span class='ocrx_word' id='word_1_637' title='bbox 3077 4084 3154 4152; x_wconf 79' lang='grc' dir='ltr'><strong>τῷ</strong></span> <span class='ocrx_word' id='word_1_638' title='bbox 3188 4084 3345 4154; x_wconf 83' lang='grc' dir='ltr'>μύρῳ</span> <span class='ocrx_word' id='word_1_639' title='bbox 3374 4086 3821 4155; x_wconf 80' lang='grc' dir='ltr'>προσχρώμενον,</span> 
     </span>
    </p>
   </div>
   <div class='ocr_carea' id='block_1_91' title="bbox 2250 4171 3327 4247">
    <p class='ocr_par' dir='ltr' id='par_1_91' title="bbox 2250 4171 3327 4247">
     <span class='ocr_line' id='line_1_91' title="bbox 2250 4171 3327 4247; baseline 0.009 -26"><span class='ocrx_word' id='word_1_640' title='bbox 2250 4171 2310 4222; x_wconf 72' lang='grc' dir='ltr'><strong>τὸ</strong></span> <span class='ocrx_word' id='word_1_641' title='bbox 2344 4172 2389 4223; x_wconf 81' lang='lat'>6‘</span> <span class='ocrx_word' id='word_1_642' title='bbox 2416 4172 2524 4225; x_wconf 79' lang='grc' dir='ltr'><strong>οὐδ’</strong></span> <span class='ocrx_word' id='word_1_643' title='bbox 2554 4174 2732 4227; x_wconf 73' lang='grc' dir='ltr'>ὁτιοῦν</span> <span class='ocrx_word' id='word_1_644' title='bbox 2766 4176 2929 4227; x_wconf 83' lang='grc' dir='ltr'>αὐτοῦ</span> <span class='ocrx_word' id='word_1_645' title='bbox 2956 4175 3143 4245; x_wconf 77' lang='grc' dir='ltr'>χρείαν</span> <span class='ocrx_word' id='word_1_646' title='bbox 3184 4176 3327 4247; x_wconf 80' lang='grc' dir='ltr'>ἔχον.</span> 
     </span>
    </p>
   </div>
   <div class='ocr_carea' id='block_1_92' title="bbox 2934 4354 3141 4408">
    <p class='ocr_par' dir='ltr' id='par_1_92' title="bbox 2934 4354 3141 4408">
     <span class='ocr_line' id='line_1_92' title="bbox 2934 4354 3141 4408; baseline 0.014 -4"><span class='ocrx_word' id='word_1_647' title='bbox 2934 4354 3141 4408; x_wconf 80' lang='grc' dir='ltr'><strong>ΑΠΟΛ.</strong></span> 
     </span>
    </p>
   </div>
   <div class='ocr_carea' id='block_1_93' title="bbox 652 4436 2147 4519">
    <p class='ocr_par' dir='ltr' id='par_1_93' title="bbox 652 4436 2140 4508">
     <span class='ocr_line' id='line_1_93' title="bbox 652 4436 2140 4508; baseline 0.003 -19"><span class='ocrx_word' id='word_1_648' title='bbox 652 4436 785 4491; x_wconf 89' lang='lat' dir='ltr'><strong>Bina</strong></span> <span class='ocrx_word' id='word_1_649' title='bbox 802 4444 953 4491; x_wconf 88' lang='lat' dir='ltr'><strong>certe</strong></span> <span class='ocrx_word' id='word_1_650' title='bbox 975 4436 1307 4507; x_wconf 82' lang='lat' dir='ltr'><strong>baptismata</strong></span> <span class='ocrx_word' id='word_1_651' title='bbox 1332 4454 1493 4493; x_wconf 85' lang='lat' dir='ltr'><strong>nemo</strong></span> <span class='ocrx_word' id='word_1_652' title='bbox 1514 4454 1753 4508; x_wconf 88' lang='lat' dir='ltr'><strong>unquam</strong></span> <span class='ocrx_word' id='word_1_653' title='bbox 1778 4439 1936 4495; x_wconf 76' lang='lat' dir='ltr'><strong>dixit.</strong></span> <span class='ocrx_word' id='word_1_654' title='bbox 1961 4439 2140 4495; x_wconf 88' lang='lat' dir='ltr'><strong>Unum</strong></span> 
     </span>
    </p>
   </div>
   <div class='ocr_carea' id='block_1_94' title="bbox 2253 4436 3823 4519">
    <p class='ocr_par' dir='ltr' id='par_1_94' title="bbox 2318 4442 3823 4514">
     <span class='ocr_line' id='line_1_94' title="bbox 2318 4442 3823 4514; baseline 0.001 -20"><span class='ocrx_word' id='word_1_655' title='bbox 2318 4443 2680 4511; x_wconf 71' lang='grc' dir='ltr'>Βαπτίσματα</span> <span class='ocrx_word' id='word_1_656' title='bbox 2729 4443 2786 4495; x_wconf 82' lang='grc' dir='ltr'><strong>δὲ</strong></span> <span class='ocrx_word' id='word_1_657' title='bbox 2843 4444 2997 4496; x_wconf 65' lang='grc' dir='ltr'>διττὰ</span> <span class='ocrx_word' id='word_1_658' title='bbox 3044 4444 3298 4496; x_wconf 74' lang='grc' dir='ltr'>οὐδέποτε</span> <span class='ocrx_word' id='word_1_659' title='bbox 3350 4442 3673 4514; x_wconf 74' lang='grc' dir='ltr'>ἐρρέθησαν.</span> <span class='ocrx_word' id='word_1_660' title='bbox 3728 4442 3823 4496; x_wconf 82' lang='grc' dir='ltr'>Ἐν</span> 
     </span>
    </p>
   </div>
   <div class='ocr_carea' id='block_1_95' title="bbox 579 4526 2147 4601">
    <p class='ocr_par' dir='ltr' id='par_1_95' title="bbox 579 4526 2147 4601">
     <span class='ocr_line' id='line_1_95' title="bbox 579 4526 2147 4601; baseline 0.002 -18"><span class='ocrx_word' id='word_1_661' title='bbox 579 4532 780 4601; x_wconf 85' lang='lat' dir='ltr'><strong>quippe</strong></span> <span class='ocrx_word' id='word_1_662' title='bbox 808 4539 895 4585; x_wconf 88' lang='lat' dir='ltr'><strong>est</strong></span> <span class='ocrx_word' id='word_1_663' title='bbox 917 4543 1137 4587; x_wconf 88' lang='lat' dir='ltr'><strong>sacrum</strong></span> <span class='ocrx_word' id='word_1_664' title='bbox 1198 4526 1492 4601; x_wconf 82' lang='lat' dir='ltr'><strong>baptisma,</strong></span> <span class='ocrx_word' id='word_1_665' title='bbox 1545 4534 1686 4601; x_wconf 92' lang='lat' dir='ltr'><strong>quod</strong></span> <span class='ocrx_word' id='word_1_666' title='bbox 1719 4534 1777 4589; x_wconf 82' lang='lat' dir='ltr'><strong>iit</strong></span> <span class='ocrx_word' id='word_1_667' title='bbox 1828 4534 1881 4587; x_wconf 92' lang='lat' dir='ltr'><strong>in</strong></span> <span class='ocrx_word' id='word_1_668' title='bbox 1923 4534 2147 4587; x_wconf 79' lang='lat' dir='ltr'><strong>nomine</strong></span> 
     </span>
    </p>
   </div>
   <div class='ocr_carea' id='block_1_96' title="bbox 578 4620 2147 4692">
    <p class='ocr_par' dir='ltr' id='par_1_96' title="bbox 578 4620 2147 4692">
     <span class='ocr_line' id='line_1_96' title="bbox 578 4620 2147 4692; baseline 0.001 -17"><span class='ocrx_word' id='word_1_669' title='bbox 578 4622 773 4687; x_wconf 85' lang='lat' dir='ltr'><strong>Patris,</strong></span> <span class='ocrx_word' id='word_1_670' title='bbox 814 4632 867 4676; x_wconf 88' lang='lat' dir='ltr'><strong>et</strong></span> <span class='ocrx_word' id='word_1_671' title='bbox 899 4620 1041 4686; x_wconf 84' lang='lat' dir='ltr'><strong>Filii,</strong></span> <span class='ocrx_word' id='word_1_672' title='bbox 1070 4631 1124 4676; x_wconf 92' lang='lat' dir='ltr'><strong>et</strong></span> <span class='ocrx_word' id='word_1_673' title='bbox 1161 4622 1403 4692; x_wconf 85' lang='lat' dir='ltr'><strong>Spiritus</strong></span> <span class='ocrx_word' id='word_1_674' title='bbox 1431 4624 1611 4679; x_wconf 87' lang='lat' dir='ltr'><strong>saneti</strong></span> <span class='ocrx_word' id='word_1_675' title='bbox 1648 4642 1663 4689; x_wconf 89' lang='lat'><strong>;</strong></span> <span class='ocrx_word' id='word_1_676' title='bbox 1702 4638 1757 4680; x_wconf 89' lang='lat' dir='ltr'><strong>et</strong></span> <span class='ocrx_word' id='word_1_677' title='bbox 1800 4626 1891 4692; x_wconf 90' lang='lat' dir='ltr'><strong>qui</strong></span> <span class='ocrx_word' id='word_1_678' title='bbox 1933 4625 2006 4678; x_wconf 86' lang='lat' dir='ltr'><strong>ita</strong></span> <span class='ocrx_word' id='word_1_679' title='bbox 2047 4625 2147 4679; x_wconf 77' lang='lat' dir='ltr'><strong>ba-</strong></span> 
     </span>
    </p>
   </div>
   <div class='ocr_carea' id='block_1_97' title="bbox 582 4714 2147 4787">
    <p class='ocr_par' dir='ltr' id='par_1_97' title="bbox 582 4714 2147 4787">
     <span class='ocr_line' id='line_1_97' title="bbox 582 4714 2147 4787; baseline -0.001 -18"><span class='ocrx_word' id='word_1_680' title='bbox 582 4716 836 4786; x_wconf 86' lang='lat' dir='ltr'><strong>plizatur,</strong></span> <span class='ocrx_word' id='word_1_681' title='bbox 897 4716 1172 4784; x_wconf 81' lang='lat' dir='ltr'><strong>perfectus</strong></span> <span class='ocrx_word' id='word_1_682' title='bbox 1214 4722 1297 4769; x_wconf 91' lang='lat' dir='ltr'><strong>est</strong></span> <span class='ocrx_word' id='word_1_683' title='bbox 1339 4714 1713 4772; x_wconf 85' lang='lat' dir='ltr'><strong>Christianus.</strong></span> <span class='ocrx_word' id='word_1_684' title='bbox 1752 4717 2147 4787; x_wconf 77' lang='lat' dir='ltr'><strong>Signiﬁcantur</strong></span> 
     </span>
    </p>
   </div>
   <div class='ocr_carea' id='block_1_98' title="bbox 580 4803 2144 4875">
    <p class='ocr_par' dir='ltr' id='par_1_98' title="bbox 580 4803 2144 4875">
     <span class='ocr_line' id='line_1_98' title="bbox 580 4803 2144 4875; baseline 0.001 -16"><span class='ocrx_word' id='word_1_685' title='bbox 580 4818 757 4861; x_wconf 89' lang='lat' dir='ltr'><strong>autem</strong></span> <span class='ocrx_word' id='word_1_686' title='bbox 780 4821 872 4875; x_wconf 90' lang='lat' dir='ltr'><strong>per</strong></span> <span class='ocrx_word' id='word_1_687' title='bbox 902 4804 1143 4870; x_wconf 88' lang='lat' dir='ltr'><strong>Patrem,</strong></span> <span class='ocrx_word' id='word_1_688' title='bbox 1179 4814 1233 4857; x_wconf 89' lang='lat' dir='ltr'><strong>et</strong></span> <span class='ocrx_word' id='word_1_689' title='bbox 1267 4803 1464 4859; x_wconf 87' lang='lat' dir='ltr'><strong>Filium</strong></span> <span class='ocrx_word' id='word_1_690' title='bbox 1499 4818 1555 4859; x_wconf 85' lang='lat' dir='ltr'><strong>et</strong></span> <span class='ocrx_word' id='word_1_691' title='bbox 1586 4807 1852 4875; x_wconf 86' lang='lat' dir='ltr'><strong>Spiritum</strong></span> <span class='ocrx_word' id='word_1_692' title='bbox 1893 4818 2144 4863; x_wconf 87' lang='lat' dir='ltr'><strong>sanctum</strong></span> 
     </span>
    </p>
   </div>
   <div class='ocr_carea' id='block_1_99' title="bbox 579 4899 2146 4967">
    <p class='ocr_par' dir='ltr' id='par_1_99' title="bbox 579 4899 2146 4967">
     <span class='ocr_line' id='line_1_99' title="bbox 579 4899 2146 4967; baseline 0.001 -15"><span class='ocrx_word' id='word_1_693' title='bbox 579 4912 687 4953; x_wconf 81' lang='lat' dir='ltr'><strong>tres</strong></span> <span class='ocrx_word' id='word_1_694' title='bbox 714 4899 909 4951; x_wconf 68' lang='lat' dir='ltr'><strong>divina:</strong></span> <span class='ocrx_word' id='word_1_695' title='bbox 960 4899 1313 4967; x_wconf 86' lang='lat' dir='ltr'><strong>hypostases;</strong></span> <span class='ocrx_word' id='word_1_696' title='bbox 1378 4912 1474 4965; x_wconf 87' lang='lat' dir='ltr'><strong>per</strong></span> <span class='ocrx_word' id='word_1_697' title='bbox 1514 4913 1808 4952; x_wconf 83' lang='lat' dir='ltr'><strong>commune</strong></span> <span class='ocrx_word' id='word_1_698' title='bbox 1882 4914 2010 4954; x_wconf 89' lang='lat' dir='ltr'><strong>vero</strong></span> <span class='ocrx_word' id='word_1_699' title='bbox 2044 4915 2146 4954; x_wconf 77' lang='lat' dir='ltr'><strong>no-</strong></span> 
     </span>
    </p>
   </div>
   <div class='ocr_carea' id='block_1_100' title="bbox 580 4988 2146 5060">
    <p class='ocr_par' dir='ltr' id='par_1_100' title="bbox 580 4988 2146 5060">
     <span class='ocr_line' id='line_1_100' title="bbox 580 4988 2146 5060; baseline 0.001 -18"><span class='ocrx_word' id='word_1_700' title='bbox 580 5006 704 5045; x_wconf 84' lang='lat' dir='ltr'><strong>men</strong></span> <span class='ocrx_word' id='word_1_701' title='bbox 753 4989 934 5042; x_wconf 85' lang='lat' dir='ltr'><strong>unitas</strong></span> <span class='ocrx_word' id='word_1_702' title='bbox 981 4997 1050 5055; x_wconf 83' lang='lat' dir='ltr'><strong>et_</strong></span> <span class='ocrx_word' id='word_1_703' title='bbox 1079 4988 1337 5041; x_wconf 89' lang='lat' dir='ltr'><strong>identitas</strong></span> <span class='ocrx_word' id='word_1_704' title='bbox 1378 4990 1647 5053; x_wconf 72' lang='lat' dir='ltr'><strong>essentize,</strong></span> <span class='ocrx_word' id='word_1_705' title='bbox 1684 5004 1786 5042; x_wconf 86' lang='lat' dir='ltr'><strong>nec</strong></span> <span class='ocrx_word' id='word_1_706' title='bbox 1819 5006 1927 5044; x_wconf 90' lang='lat' dir='ltr'><strong>non</strong></span> <span class='ocrx_word' id='word_1_707' title='bbox 1959 5006 2146 5060; x_wconf 56' lang='lat' dir='ltr'><strong>aequa.</strong></span> 
     </span>
    </p>
   </div>
   <div class='ocr_carea' id='block_1_101' title="bbox 580 5080 2149 5149">
    <p class='ocr_par' dir='ltr' id='par_1_101' title="bbox 580 5080 2149 5149">
     <span class='ocr_line' id='line_1_101' title="bbox 580 5080 2149 5149; baseline 0 -13"><span class='ocrx_word' id='word_1_708' title='bbox 580 5085 703 5137; x_wconf 86' lang='lat' dir='ltr'><strong>litas</strong></span> <span class='ocrx_word' id='word_1_709' title='bbox 762 5090 817 5134; x_wconf 88' lang='lat' dir='ltr'><strong>et</strong></span> <span class='ocrx_word' id='word_1_710' title='bbox 876 5080 1323 5149; x_wconf 75' lang='lat' dir='ltr'><strong>inseparabilitas</strong></span> <span class='ocrx_word' id='word_1_711' title='bbox 1388 5090 1443 5134; x_wconf 91' lang='lat' dir='ltr'><strong>et</strong></span> <span class='ocrx_word' id='word_1_712' title='bbox 1502 5082 1847 5135; x_wconf 85' lang='lat' dir='ltr'><strong>indistinctio</strong></span> <span class='ocrx_word' id='word_1_713' title='bbox 1893 5083 2149 5149; x_wconf 65' lang='lat' dir='ltr'><strong>potentiae</strong></span> 
     </span>
    </p>
   </div>
   <div class='ocr_carea' id='block_1_102' title="bbox 584 5172 2148 5244">
    <p class='ocr_par' dir='ltr' id='par_1_102' title="bbox 584 5172 2148 5244">
     <span class='ocr_line' id='line_1_102' title="bbox 584 5172 2148 5244; baseline 0 -16"><span class='ocrx_word' id='word_1_714' title='bbox 584 5178 745 5229; x_wconf 88' lang='lat' dir='ltr'><strong>trium</strong></span> <span class='ocrx_word' id='word_1_715' title='bbox 778 5183 1160 5242; x_wconf 90' lang='lat' dir='ltr'><strong>personarum.</strong></span> <span class='ocrx_word' id='word_1_716' title='bbox 1202 5172 1267 5225; x_wconf 89' lang='lat' dir='ltr'><strong>Et</strong></span> <span class='ocrx_word' id='word_1_717' title='bbox 1296 5173 1543 5242; x_wconf 89' lang='lat' dir='ltr'><strong>quisquis</strong></span> <span class='ocrx_word' id='word_1_718' title='bbox 1582 5173 1657 5226; x_wconf 88' lang='lat' dir='ltr'><strong>ita</strong></span> <span class='ocrx_word' id='word_1_719' title='bbox 1690 5174 2020 5244; x_wconf 81' lang='lat' dir='ltr'><strong>baptizatur,</strong></span> <span class='ocrx_word' id='word_1_720' title='bbox 2073 5176 2148 5228; x_wconf 92' lang='lat' dir='ltr'><strong>ita</strong></span> 
     </span>
    </p>
   </div>
   <div class='ocr_carea' id='block_1_103' title="bbox 504 5258 2149 5335">
    <p class='ocr_par' dir='ltr' id='par_1_103' title="bbox 504 5258 2149 5335">
     <span class='ocr_line' id='line_1_103' title="bbox 504 5258 2149 5335; baseline 0.001 -15"><span class='ocrx_word' id='word_1_721' title='bbox 504 5258 507 5261; x_wconf 60' lang='grc'><em>’</em></span> <span class='ocrx_word' id='word_1_722' title='bbox 584 5267 885 5335; x_wconf 81' lang='lat' dir='ltr'><strong>baptismus</strong></span> <span class='ocrx_word' id='word_1_723' title='bbox 940 5277 1048 5317; x_wconf 92' lang='lat' dir='ltr'><strong>non</strong></span> <span class='ocrx_word' id='word_1_724' title='bbox 1092 5262 1327 5317; x_wconf 86' lang='lat' dir='ltr'><strong>iteratur</strong></span> <span class='ocrx_word' id='word_1_725' title='bbox 1376 5264 1567 5331; x_wconf 89' lang='lat' dir='ltr'><strong>:quod</strong></span> <span class='ocrx_word' id='word_1_726' title='bbox 1622 5265 1668 5319; x_wconf 86' lang='lat' dir='ltr'><strong>si</strong></span> <span class='ocrx_word' id='word_1_727' title='bbox 1732 5266 1920 5320; x_wconf 89' lang='lat' dir='ltr'><strong>addito</strong></span> <span class='ocrx_word' id='word_1_728' title='bbox 1966 5267 2149 5335; x_wconf 89' lang='lat' dir='ltr'><strong>aliquo</strong></span> 
     </span>
    </p>
   </div>
   <div class='ocr_carea' id='block_1_104' title="bbox 585 5354 2150 5423">
    <p class='ocr_par' dir='ltr' id='par_1_104' title="bbox 585 5354 2150 5423">
     <span class='ocr_line' id='line_1_104' title="bbox 585 5354 2150 5423; baseline 0.001 -12"><span class='ocrx_word' id='word_1_729' title='bbox 585 5359 666 5413; x_wconf 83' lang='lat' dir='ltr'><strong>vel</strong></span> <span class='ocrx_word' id='word_1_730' title='bbox 700 5356 879 5409; x_wconf 81' lang='lat' dir='ltr'><strong>ablato</strong></span> <span class='ocrx_word' id='word_1_731' title='bbox 918 5354 1251 5423; x_wconf 77' lang='lat' dir='ltr'><strong>baptizatur,</strong></span> <span class='ocrx_word' id='word_1_732' title='bbox 1310 5365 1439 5409; x_wconf 91' lang='lat' dir='ltr'><strong>tunc</strong></span> <span class='ocrx_word' id='word_1_733' title='bbox 1488 5372 1585 5411; x_wconf 89' lang='lat' dir='ltr'><strong>nec</strong></span> <span class='ocrx_word' id='word_1_734' title='bbox 1634 5357 1858 5422; x_wconf 89' lang='lat' dir='ltr'><strong>dicitur,</strong></span> <span class='ocrx_word' id='word_1_735' title='bbox 1911 5375 2012 5414; x_wconf 84' lang='lat' dir='ltr'><strong>nec</strong></span> <span class='ocrx_word' id='word_1_736' title='bbox 2065 5369 2150 5413; x_wconf 81' lang='lat' dir='ltr'><strong>est</strong></span> 
     </span>
    </p>
   </div>
   <div class='ocr_carea' id='block_1_105' title="bbox 582 5446 2147 5521">
    <p class='ocr_par' dir='ltr' id='par_1_105' title="bbox 582 5446 2147 5521">
     <span class='ocr_line' id='line_1_105' title="bbox 582 5446 2147 5521; baseline -0.001 -16"><span class='ocrx_word' id='word_1_737' title='bbox 582 5450 910 5519; x_wconf 84' lang='lat' dir='ltr'><strong>baptismus.</strong></span> <span class='ocrx_word' id='word_1_738' title='bbox 960 5446 1270 5515; x_wconf 84' lang='lat' dir='ltr'><strong>Baptismus</strong></span> <span class='ocrx_word' id='word_1_739' title='bbox 1309 5447 1455 5500; x_wconf 87' lang='lat' dir='ltr'><strong>enim</strong></span> <span class='ocrx_word' id='word_1_740' title='bbox 1503 5464 1568 5502; x_wconf 79' lang='lat' dir='ltr'><strong>ex</strong></span> <span class='ocrx_word' id='word_1_741' title='bbox 1622 5449 1731 5504; x_wconf 88' lang='lat' dir='ltr'><strong>Deo</strong></span> <span class='ocrx_word' id='word_1_742' title='bbox 1769 5453 1996 5521; x_wconf 88' lang='lat' dir='ltr'><strong>proprie</strong></span> <span class='ocrx_word' id='word_1_743' title='bbox 2028 5463 2147 5519; x_wconf 89' lang='lat' dir='ltr'><strong>est;</strong></span> 
     </span>
    </p>
   </div>
   <div class='ocr_carea' id='block_1_106' title="bbox 582 5537 2150 5614">
    <p class='ocr_par' dir='ltr' id='par_1_106' title="bbox 582 5537 2150 5614">
     <span class='ocr_line' id='line_1_106' title="bbox 582 5537 2150 5614; baseline 0.003 -20"><span class='ocrx_word' id='word_1_744' title='bbox 582 5537 1041 5611; x_wconf 83' lang='lat' dir='ltr'><strong>quemadmodum</strong></span> <span class='ocrx_word' id='word_1_745' title='bbox 1075 5538 1296 5593; x_wconf 86' lang='lat' dir='ltr'><strong>divinus</strong></span> <span class='ocrx_word' id='word_1_746' title='bbox 1338 5540 1497 5593; x_wconf 89' lang='lat' dir='ltr'><strong>Pater</strong></span> <span class='ocrx_word' id='word_1_747' title='bbox 1526 5539 1954 5611; x_wconf 69' lang='lat' dir='ltr'><strong>Chrysostomus</strong></span> <span class='ocrx_word' id='word_1_748' title='bbox 1988 5545 2150 5614; x_wconf 89' lang='lat' dir='ltr'><strong>quin-</strong></span> 
     </span>
    </p>
   </div>
   <div class='ocr_carea' id='block_1_107' title="bbox 580 5629 2150 5702">
    <p class='ocr_par' dir='ltr' id='par_1_107' title="bbox 580 5629 2150 5702">
     <span class='ocr_line' id='line_1_107' title="bbox 580 5629 2150 5702; baseline 0.004 -19"><span class='ocrx_word' id='word_1_749' title='bbox 580 5631 893 5702; x_wconf 78' lang='lat' dir='ltr'><strong>quagesima</strong></span> <span class='ocrx_word' id='word_1_750' title='bbox 920 5630 976 5684; x_wconf 92' lang='lat' dir='ltr'><strong>in</strong></span> <span class='ocrx_word' id='word_1_751' title='bbox 1015 5629 1327 5685; x_wconf 72' lang='lat' dir='ltr'><strong>Matthaaum</strong></span> <span class='ocrx_word' id='word_1_752' title='bbox 1364 5632 1583 5685; x_wconf 83' lang='lat' dir='ltr'><strong>homilia</strong></span> <span class='ocrx_word' id='word_1_753' title='bbox 1612 5636 1768 5688; x_wconf 88' lang='lat' dir='ltr'><strong>docet</strong></span> <span class='ocrx_word' id='word_1_754' title='bbox 1799 5654 1810 5687; x_wconf 89' lang='lat'>:</span> <span class='ocrx_word' id='word_1_755' title='bbox 1860 5635 1993 5689; x_wconf 83' lang='lat' dir='ltr'><strong>Nam</strong></span> <span class='ocrx_word' id='word_1_756' title='bbox 2047 5637 2150 5689; x_wconf 85' lang='lat' dir='ltr'><strong>mi-</strong></span> 
     </span>
    </p>
   </div>
   <div class='ocr_carea' id='block_1_108' title="bbox 580 5720 2148 5786">
    <p class='ocr_par' dir='ltr' id='par_1_108' title="bbox 580 5720 2148 5786">
     <span class='ocr_line' id='line_1_108' title="bbox 580 5720 2148 5786; baseline 0.003 -9"><span class='ocrx_word' id='word_1_757' title='bbox 580 5721 772 5784; x_wconf 89' lang='lat' dir='ltr'><strong>nister,</strong></span> <span class='ocrx_word' id='word_1_758' title='bbox 806 5720 1003 5786; x_wconf 89' lang='lat' dir='ltr'><strong>inquit,</strong></span> <span class='ocrx_word' id='word_1_759' title='bbox 1064 5727 1148 5777; x_wconf 88' lang='lat' dir='ltr'><strong>est</strong></span> <span class='ocrx_word' id='word_1_760' title='bbox 1198 5722 1494 5786; x_wconf 85' lang='lat' dir='ltr'><strong>sacerdos;</strong></span> <span class='ocrx_word' id='word_1_761' title='bbox 1534 5724 1677 5785; x_wconf 80' lang='lat' dir='ltr'><strong>sicut</strong></span> <span class='ocrx_word' id='word_1_762' title='bbox 1709 5723 1854 5779; x_wconf 90' lang='lat' dir='ltr'><strong>enim</strong></span> <span class='ocrx_word' id='word_1_763' title='bbox 1890 5740 2011 5782; x_wconf 91' lang='lat' dir='ltr'><strong>cum</strong></span> <span class='ocrx_word' id='word_1_764' title='bbox 2054 5725 2148 5781; x_wconf 81' lang='lat' dir='ltr'><strong>ba-</strong></span> 
     </span>
    </p>
   </div>
   <div class='ocr_carea' id='block_1_109' title="bbox 2252 4532 3824 4602">
    <p class='ocr_par' dir='ltr' id='par_1_109' title="bbox 2252 4532 3824 4602">
     <span class='ocr_line' id='line_1_109' title="bbox 2252 4532 3824 4602; baseline -0.001 -16"><span class='ocrx_word' id='word_1_765' title='bbox 2252 4533 2358 4602; x_wconf 81' lang='grc' dir='ltr'>γάρ</span> <span class='ocrx_word' id='word_1_766' title='bbox 2388 4534 2500 4585; x_wconf 73' lang='grc' dir='ltr'>ἐστι</span> <span class='ocrx_word' id='word_1_767' title='bbox 2530 4534 2589 4585; x_wconf 77' lang='grc' dir='ltr'>τὸ</span> <span class='ocrx_word' id='word_1_768' title='bbox 2618 4535 2757 4585; x_wconf 77' lang='grc' dir='ltr'>θεῖον</span> <span class='ocrx_word' id='word_1_769' title='bbox 2788 4532 3071 4601; x_wconf 79' lang='grc' dir='ltr'>βάπτισμα</span> <span class='ocrx_word' id='word_1_770' title='bbox 3098 4533 3176 4596; x_wconf 84' lang='grc' dir='ltr'><strong>είς</strong></span> <span class='ocrx_word' id='word_1_771' title='bbox 3198 4535 3257 4585; x_wconf 89' lang='grc' dir='ltr'><strong>τὸ</strong></span> <span class='ocrx_word' id='word_1_772' title='bbox 3284 4534 3455 4602; x_wconf 76' lang='grc' dir='ltr'>ὄνομα</span> <span class='ocrx_word' id='word_1_773' title='bbox 3487 4533 3705 4600; x_wconf 81' lang='grc' dir='ltr'>Πατρδς</span> <span class='ocrx_word' id='word_1_774' title='bbox 3730 4534 3824 4586; x_wconf 78' lang='grc' dir='ltr'><strong>καὶ</strong></span> 
     </span>
    </p>
   </div>
   <div class='ocr_carea' id='block_1_110' title="bbox 2254 4618 3825 4694">
    <p class='ocr_par' dir='ltr' id='par_1_110' title="bbox 2254 4618 3825 4694">
     <span class='ocr_line' id='line_1_110' title="bbox 2254 4618 3825 4694; baseline -0.003 -15"><span class='ocrx_word' id='word_1_775' title='bbox 2254 4626 2383 4679; x_wconf 84' lang='grc' dir='ltr'><strong>Υίοῦ</strong></span> <span class='ocrx_word' id='word_1_776' title='bbox 2420 4627 2514 4678; x_wconf 68' lang='grc' dir='ltr'><strong>καὶ</strong></span> <span class='ocrx_word' id='word_1_777' title='bbox 2547 4627 2703 4692; x_wconf 86' lang='grc' dir='ltr'>ἁγίου</span> <span class='ocrx_word' id='word_1_778' title='bbox 2750 4625 3089 4693; x_wconf 79' lang='grc' dir='ltr'>Πνεύματοςο</span> <span class='ocrx_word' id='word_1_779' title='bbox 3122 4627 3215 4677; x_wconf 76' lang='grc' dir='ltr'><strong>καὶ</strong></span> <span class='ocrx_word' id='word_1_780' title='bbox 3247 4627 3274 4677; x_wconf 92' lang='lat'><strong>6</strong></span> <span class='ocrx_word' id='word_1_781' title='bbox 3309 4624 3450 4677; x_wconf 74' lang='grc' dir='ltr'>οὕτω</span> <span class='ocrx_word' id='word_1_782' title='bbox 3486 4618 3825 4694; x_wconf 75' lang='grc' dir='ltr'>βαπτιζόμε-</span> 
     </span>
    </p>
   </div>
   <div class='ocr_carea' id='block_1_111' title="bbox 2252 4716 3819 4786">
    <p class='ocr_par' dir='ltr' id='par_1_111' title="bbox 2252 4716 3819 4786">
     <span class='ocr_line' id='line_1_111' title="bbox 2252 4716 3819 4786; baseline -0.001 -15"><span class='ocrx_word' id='word_1_783' title='bbox 2252 4736 2337 4778; x_wconf 93' lang='grc' dir='ltr'><strong>νος</strong></span> <span class='ocrx_word' id='word_1_784' title='bbox 2367 4718 2569 4778; x_wconf 80' lang='grc' dir='ltr'>τέλειός</span> <span class='ocrx_word' id='word_1_785' title='bbox 2618 4719 2731 4769; x_wconf 82' lang='grc' dir='ltr'>ἐστι</span> <span class='ocrx_word' id='word_1_786' title='bbox 2760 4716 3105 4785; x_wconf 66' lang='grc' dir='ltr'>Χριστιανός.</span> <span class='ocrx_word' id='word_1_787' title='bbox 3146 4717 3309 4786; x_wconf 87' lang='grc' dir='ltr'><strong>Δηλοῖ</strong></span> <span class='ocrx_word' id='word_1_788' title='bbox 3350 4717 3405 4768; x_wconf 80' lang='grc' dir='ltr'><strong>δὲ</strong></span> <span class='ocrx_word' id='word_1_789' title='bbox 3452 4716 3543 4769; x_wconf 74' lang='grc' dir='ltr'>διὰ</span> <span class='ocrx_word' id='word_1_790' title='bbox 3585 4717 3683 4785; x_wconf 81' lang='grc' dir='ltr'><strong>μὲν</strong></span> <span class='ocrx_word' id='word_1_791' title='bbox 3727 4716 3819 4769; x_wconf 79' lang='grc' dir='ltr'>τοῦ</span> 
     </span>
    </p>
   </div>
   <div class='ocr_carea' id='block_1_112' title="bbox 2253 4810 3823 4881">
    <p class='ocr_par' dir='ltr' id='par_1_112' title="bbox 2253 4810 3823 4881">
     <span class='ocr_line' id='line_1_112' title="bbox 2253 4810 3823 4881; baseline -0.001 -16"><span class='ocrx_word' id='word_1_792' title='bbox 2253 4812 2468 4881; x_wconf 79' lang='grc' dir='ltr'>Πατρδς</span> <span class='ocrx_word' id='word_1_793' title='bbox 2494 4815 2587 4866; x_wconf 82' lang='grc' dir='ltr'>καὶ</span> <span class='ocrx_word' id='word_1_794' title='bbox 2631 4810 2725 4864; x_wconf 81' lang='grc' dir='ltr'>τοῦ</span> <span class='ocrx_word' id='word_1_795' title='bbox 2752 4812 2881 4864; x_wconf 83' lang='grc' dir='ltr'>Υἱοῦ</span> <span class='ocrx_word' id='word_1_796' title='bbox 2914 4812 3008 4864; x_wconf 73' lang='grc' dir='ltr'><strong>καὶ</strong></span> <span class='ocrx_word' id='word_1_797' title='bbox 3042 4812 3136 4864; x_wconf 64' lang='lat' dir='ltr'><strong>to?)</strong></span> <span class='ocrx_word' id='word_1_798' title='bbox 3175 4812 3331 4877; x_wconf 82' lang='grc' dir='ltr'>ἁγίου</span> <span class='ocrx_word' id='word_1_799' title='bbox 3373 4811 3691 4880; x_wconf 77' lang='grc' dir='ltr'>Πνεῦματος</span> <span class='ocrx_word' id='word_1_800' title='bbox 3725 4810 3823 4872; x_wconf 82' lang='grc' dir='ltr'>τὰς</span> 
     </span>
    </p>
   </div>
   <div class='ocr_carea' id='block_1_113' title="bbox 2249 4902 3824 4974">
    <p class='ocr_par' dir='ltr' id='par_1_113' title="bbox 2249 4902 3824 4974">
     <span class='ocr_line' id='line_1_113' title="bbox 2249 4902 3824 4974; baseline 0 -19"><span class='ocrx_word' id='word_1_801' title='bbox 2249 4905 2398 4974; x_wconf 81' lang='grc' dir='ltr'>τρεῖς</span> <span class='ocrx_word' id='word_1_802' title='bbox 2426 4904 2721 4973; x_wconf 77' lang='grc' dir='ltr'>Οεαρχικὰς</span> <span class='ocrx_word' id='word_1_803' title='bbox 2754 4904 3100 4965; x_wconf 78' lang='grc' dir='ltr'>ὑποστάσειςο</span> <span class='ocrx_word' id='word_1_804' title='bbox 3133 4902 3221 4955; x_wconf 79' lang='grc' dir='ltr'>διὰ</span> <span class='ocrx_word' id='word_1_805' title='bbox 3257 4903 3314 4955; x_wconf 76' lang='grc' dir='ltr'><strong>δὲ</strong></span> <span class='ocrx_word' id='word_1_806' title='bbox 3360 4902 3454 4955; x_wconf 84' lang='grc' dir='ltr'>τοῦ</span> <span class='ocrx_word' id='word_1_807' title='bbox 3492 4902 3671 4955; x_wconf 73' lang='grc' dir='ltr'>κοινοῦ</span> <span class='ocrx_word' id='word_1_808' title='bbox 3711 4902 3824 4955; x_wconf 78' lang='lat' dir='ltr'>6V6-</span> 
     </span>
    </p>
   </div>
   <div class='ocr_carea' id='block_1_114' title="bbox 2254 4994 3825 5064">
    <p class='ocr_par' dir='ltr' id='par_1_114' title="bbox 2254 4994 3825 5064">
     <span class='ocr_line' id='line_1_114' title="bbox 2254 4994 3825 5064; baseline -0.003 -16"><span class='ocrx_word' id='word_1_809' title='bbox 2254 5011 2424 5063; x_wconf 86' lang='grc' dir='ltr'>ματος</span> <span class='ocrx_word' id='word_1_810' title='bbox 2445 4995 2504 5046; x_wconf 84' lang='grc' dir='ltr'>τὸ</span> <span class='ocrx_word' id='word_1_811' title='bbox 2532 4996 2590 5047; x_wconf 83' lang='grc' dir='ltr'>ἓν</span> <span class='ocrx_word' id='word_1_812' title='bbox 2618 4995 2717 5064; x_wconf 84' lang='grc' dir='ltr'>τῆς</span> <span class='ocrx_word' id='word_1_813' title='bbox 2744 4994 2930 5056; x_wconf 79' lang='grc' dir='ltr'>οὐσίας</span> <span class='ocrx_word' id='word_1_814' title='bbox 2956 4994 3053 5047; x_wconf 74' lang='grc' dir='ltr'>καὶ</span> <span class='ocrx_word' id='word_1_815' title='bbox 3080 4995 3303 5058; x_wconf 76' lang='grc' dir='ltr'>ταυτὸν,</span> <span class='ocrx_word' id='word_1_816' title='bbox 3337 4994 3433 5047; x_wconf 77' lang='grc' dir='ltr'><strong>καὶ</strong></span> <span class='ocrx_word' id='word_1_817' title='bbox 3462 4994 3521 5047; x_wconf 85' lang='grc' dir='ltr'>τὸ</span> <span class='ocrx_word' id='word_1_818' title='bbox 3555 4997 3609 5046; x_wconf 83' lang='grc' dir='ltr'>ὲν</span> <span class='ocrx_word' id='word_1_819' title='bbox 3643 4994 3825 5062; x_wconf 77' lang='grc' dir='ltr'>τρισὶν</span> 
     </span>
    </p>
   </div>
   <div class='ocr_carea' id='block_1_115' title="bbox 2253 5084 3824 5155">
    <p class='ocr_par' dir='ltr' id='par_1_115' title="bbox 2253 5084 3824 5155">
     <span class='ocr_line' id='line_1_115' title="bbox 2253 5084 3824 5155; baseline -0.001 -16"><span class='ocrx_word' id='word_1_820' title='bbox 2253 5088 2617 5141; x_wconf 80' lang='grc' dir='ltr'>ὑποστάσεσιν</span> <span class='ocrx_word' id='word_1_821' title='bbox 2648 5087 2762 5140; x_wconf 81' lang='grc' dir='ltr'>ἴσον</span> <span class='ocrx_word' id='word_1_822' title='bbox 2792 5104 2851 5138; x_wconf 83' lang='grc' dir='ltr'><strong>τε</strong></span> <span class='ocrx_word' id='word_1_823' title='bbox 2880 5088 2975 5140; x_wconf 68' lang='grc' dir='ltr'><strong>καλ⁸</strong></span> <span class='ocrx_word' id='word_1_824' title='bbox 3003 5086 3309 5155; x_wconf 86' lang='grc' dir='ltr'>ἀχώριστον</span> <span class='ocrx_word' id='word_1_825' title='bbox 3338 5087 3432 5138; x_wconf 73' lang='grc' dir='ltr'><strong>καὶ</strong></span> <span class='ocrx_word' id='word_1_826' title='bbox 3462 5084 3824 5154; x_wconf 76' lang='grc' dir='ltr'>ὀμοδύναμον.</span> 
     </span>
    </p>
   </div>
   <div class='ocr_carea' id='block_1_116' title="bbox 2251 5177 3823 5248">
    <p class='ocr_par' dir='ltr' id='par_1_116' title="bbox 2251 5177 3823 5248">
     <span class='ocr_line' id='line_1_116' title="bbox 2251 5177 3823 5248; baseline -0.003 -16"><span class='ocrx_word' id='word_1_827' title='bbox 2251 5180 2364 5233; x_wconf 69' lang='grc' dir='ltr'>Καὶ</span> <span class='ocrx_word' id='word_1_828' title='bbox 2390 5180 2537 5244; x_wconf 84' lang='grc' dir='ltr'>ὅστις</span> <span class='ocrx_word' id='word_1_829' title='bbox 2566 5182 2707 5232; x_wconf 75' lang='grc' dir='ltr'>οὕτω</span> <span class='ocrx_word' id='word_1_830' title='bbox 2744 5179 3092 5248; x_wconf 79' lang='grc' dir='ltr'>βαπτίζεται,</span> <span class='ocrx_word' id='word_1_831' title='bbox 3144 5180 3243 5231; x_wconf 83' lang='grc' dir='ltr'>οὐκ</span> <span class='ocrx_word' id='word_1_832' title='bbox 3269 5178 3725 5239; x_wconf 78' lang='grc' dir='ltr'>ἁναϐαπτίζεται.</span> <span class='ocrx_word' id='word_1_833' title='bbox 3765 5177 3823 5228; x_wconf 81' lang='lat' dir='ltr'><strong>El</strong></span> 
     </span>
    </p>
   </div>
   <div class='ocr_carea' id='block_1_117' title="bbox 2251 5267 3826 5339">
    <p class='ocr_par' dir='ltr' id='par_1_117' title="bbox 2251 5267 3826 5339">
     <span class='ocr_line' id='line_1_117' title="bbox 2251 5267 3826 5339; baseline -0.001 -20"><span class='ocrx_word' id='word_1_834' title='bbox 2251 5268 2307 5319; x_wconf 72' lang='grc' dir='ltr'><strong>δὲ</strong></span> <span class='ocrx_word' id='word_1_835' title='bbox 2338 5270 2475 5336; x_wconf 86' lang='grc' dir='ltr'>μετὰ</span> <span class='ocrx_word' id='word_1_836' title='bbox 2522 5269 2839 5339; x_wconf 84' lang='grc' dir='ltr'>προσθήκης</span> <span class='ocrx_word' id='word_1_837' title='bbox 2886 5269 2918 5338; x_wconf 79' lang='grc' dir='ltr'>ἢ</span> <span class='ocrx_word' id='word_1_838' title='bbox 2956 5268 3247 5337; x_wconf 75' lang='grc' dir='ltr'>ἐλλείψεως</span> <span class='ocrx_word' id='word_1_839' title='bbox 3291 5269 3634 5337; x_wconf 76' lang='grc' dir='ltr'>βαπτίζεται,</span> <span class='ocrx_word' id='word_1_840' title='bbox 3671 5267 3826 5320; x_wconf 73' lang='grc' dir='ltr'>τοῦτο</span> 
     </span>
    </p>
   </div>
   <div class='ocr_carea' id='block_1_118' title="bbox 2252 5359 3827 5430">
    <p class='ocr_par' dir='ltr' id='par_1_118' title="bbox 2252 5359 3827 5430">
     <span class='ocr_line' id='line_1_118' title="bbox 2252 5359 3827 5430; baseline -0.001 -19"><span class='ocrx_word' id='word_1_841' title='bbox 2252 5359 2312 5411; x_wconf 85' lang='grc' dir='ltr'><strong>οὐ</strong></span> <span class='ocrx_word' id='word_1_842' title='bbox 2350 5360 2633 5428; x_wconf 79' lang='grc' dir='ltr'>βάπτισμα</span> <span class='ocrx_word' id='word_1_843' title='bbox 2675 5360 2890 5427; x_wconf 82' lang='grc' dir='ltr'>λέγεται</span> <span class='ocrx_word' id='word_1_844' title='bbox 2928 5360 3052 5412; x_wconf 82' lang='grc' dir='ltr'>οὔτε</span> <span class='ocrx_word' id='word_1_845' title='bbox 3099 5362 3236 5414; x_wconf 79' lang='grc' dir='ltr'>ἐστί.</span> <span class='ocrx_word' id='word_1_846' title='bbox 3283 5359 3355 5412; x_wconf 84' lang='grc' dir='ltr'>Τὸ</span> <span class='ocrx_word' id='word_1_847' title='bbox 3388 5360 3500 5430; x_wconf 81' lang='grc' dir='ltr'><strong>γὰρ</strong></span> <span class='ocrx_word' id='word_1_848' title='bbox 3544 5359 3827 5428; x_wconf 85' lang='grc' dir='ltr'>βάπτισμα</span> 
     </span>
    </p>
   </div>
   <div class='ocr_carea' id='block_1_119' title="bbox 2253 5449 3826 5520">
    <p class='ocr_par' dir='ltr' id='par_1_119' title="bbox 2253 5449 3826 5520">
     <span class='ocr_line' id='line_1_119' title="bbox 2253 5449 3826 5520; baseline -0.003 -17"><span class='ocrx_word' id='word_1_849' title='bbox 2253 5451 2457 5520; x_wconf 85' lang='grc' dir='ltr'>κυρίως</span> <span class='ocrx_word' id='word_1_850' title='bbox 2511 5452 2607 5518; x_wconf 83' lang='grc' dir='ltr'>μὲν</span> <span class='ocrx_word' id='word_1_851' title='bbox 2642 5452 2705 5503; x_wconf 82' lang='grc' dir='ltr'>ὲκ</span> <span class='ocrx_word' id='word_1_852' title='bbox 2734 5452 2893 5503; x_wconf 82' lang='grc' dir='ltr'>Θεοῦ·</span> <span class='ocrx_word' id='word_1_853' title='bbox 2924 5451 3065 5504; x_wconf 76' lang='grc' dir='ltr'>οὕτω</span> <span class='ocrx_word' id='word_1_854' title='bbox 3094 5452 3203 5519; x_wconf 76' lang='grc' dir='ltr'>γὰρ</span> <span class='ocrx_word' id='word_1_855' title='bbox 3239 5451 3332 5505; x_wconf 76' lang='grc' dir='ltr'>καὶ</span> <span class='ocrx_word' id='word_1_856' title='bbox 3370 5454 3396 5504; x_wconf 89' lang='lat'><strong>6</strong></span> <span class='ocrx_word' id='word_1_857' title='bbox 3425 5451 3566 5512; x_wconf 83' lang='grc' dir='ltr'>θεῖος</span> <span class='ocrx_word' id='word_1_858' title='bbox 3611 5449 3826 5519; x_wconf 84' lang='grc' dir='ltr'>Χρυσό-</span> 
     </span>
    </p>
   </div>
   <div class='ocr_carea' id='block_1_120' title="bbox 2254 5539 3826 5612">
    <p class='ocr_par' dir='ltr' id='par_1_120' title="bbox 2254 5539 3826 5612">
     <span class='ocr_line' id='line_1_120' title="bbox 2254 5539 3826 5612; baseline -0.001 -21"><span class='ocrx_word' id='word_1_859' title='bbox 2254 5555 2449 5607; x_wconf 71' lang='grc' dir='ltr'>στομος</span> <span class='ocrx_word' id='word_1_860' title='bbox 2476 5540 2533 5591; x_wconf 80' lang='grc' dir='ltr'>ἐν</span> <span class='ocrx_word' id='word_1_861' title='bbox 2560 5540 2637 5609; x_wconf 80' lang='grc' dir='ltr'>τῷ</span> <span class='ocrx_word' id='word_1_862' title='bbox 2666 5542 2804 5593; x_wconf 83' lang='grc' dir='ltr'>κατὰ</span> <span class='ocrx_word' id='word_1_863' title='bbox 2833 5542 3116 5594; x_wconf 84' lang='grc' dir='ltr'>Ματθαῖον</span> <span class='ocrx_word' id='word_1_864' title='bbox 3150 5543 3207 5594; x_wconf 86' lang='grc' dir='ltr'>ἐν</span> <span class='ocrx_word' id='word_1_865' title='bbox 3230 5545 3296 5612; x_wconf 81' lang='grc' dir='ltr'>τῇ</span> <span class='ocrx_word' id='word_1_866' title='bbox 3328 5542 3669 5611; x_wconf 79' lang='grc' dir='ltr'>πεντηκοστῇ</span> <span class='ocrx_word' id='word_1_867' title='bbox 3708 5539 3826 5609; x_wconf 83' lang='grc' dir='ltr'>ὁμι-</span> 
     </span>
    </p>
   </div>
   <div class='ocr_carea' id='block_1_121' title="bbox 2252 5629 3825 5705">
    <p class='ocr_par' dir='ltr' id='par_1_121' title="bbox 2252 5629 3825 5705">
     <span class='ocr_line' id='line_1_121' title="bbox 2252 5629 3825 5705; baseline -0.006 -17"><span class='ocrx_word' id='word_1_868' title='bbox 2252 5633 2342 5705; x_wconf 83' lang='grc' dir='ltr'><strong>λίᾳ</strong></span> <span class='ocrx_word' id='word_1_869' title='bbox 2386 5633 2571 5701; x_wconf 73' lang='grc' dir='ltr'>φησίνο</span> <span class='ocrx_word' id='word_1_870' title='bbox 2617 5632 2932 5702; x_wconf 76' lang='grc' dir='ltr'>Ὑπηρέτης</span> <span class='ocrx_word' id='word_1_871' title='bbox 2981 5634 3088 5702; x_wconf 81' lang='grc' dir='ltr'><strong>γάρ</strong></span> <span class='ocrx_word' id='word_1_872' title='bbox 3124 5635 3269 5686; x_wconf 77' lang='grc' dir='ltr'>ἐστιν</span> <span class='ocrx_word' id='word_1_873' title='bbox 3312 5636 3338 5684; x_wconf 92' lang='grc' dir='ltr'>ὀ</span> <span class='ocrx_word' id='word_1_874' title='bbox 3393 5632 3590 5699; x_wconf 76' lang='grc' dir='ltr'>ἱερεύς·</span> <span class='ocrx_word' id='word_1_875' title='bbox 3640 5629 3825 5695; x_wconf 80' lang='grc' dir='ltr'>ὥσπερ</span> 
     </span>
    </p>
   </div>
   <div class='ocr_carea' id='block_1_122' title="bbox 2254 5719 3825 5789">
    <p class='ocr_par' dir='ltr' id='par_1_122' title="bbox 2254 5719 3825 5789">
     <span class='ocr_line' id='line_1_122' title="bbox 2254 5719 3825 5789; baseline -0.006 -9"><span class='ocrx_word' id='word_1_876' title='bbox 2254 5727 2364 5787; x_wconf 77' lang='grc' dir='ltr'><strong>γὰρ</strong></span> <span class='ocrx_word' id='word_1_877' title='bbox 2402 5727 2532 5781; x_wconf 79' lang='grc' dir='ltr'>ὅταν</span> <span class='ocrx_word' id='word_1_878' title='bbox 2582 5724 2841 5788; x_wconf 75' lang='grc' dir='ltr'>Βαπῖίζη,</span> <span class='ocrx_word' id='word_1_879' title='bbox 2888 5725 2984 5778; x_wconf 79' lang='grc' dir='ltr'><strong>οὐκ</strong></span> <span class='ocrx_word' id='word_1_880' title='bbox 3031 5724 3191 5789; x_wconf 76' lang='grc' dir='ltr'>αὐτός</span> <span class='ocrx_word' id='word_1_881' title='bbox 3237 5740 3296 5777; x_wconf 86' lang='grc' dir='ltr'><strong>σε</strong></span> <span class='ocrx_word' id='word_1_882' title='bbox 3347 5723 3626 5789; x_wconf 79' lang='grc' dir='ltr'>βαπτίζει,</span> <span class='ocrx_word' id='word_1_883' title='bbox 3658 5719 3825 5774; x_wconf 76' lang='grc' dir='ltr'>ἀλλ⁹ὁ</span> 
     </span>
    </p>
   </div>
  </div>
