4112 6274
297 311 391 374 1⁸37
1529 315 1833 376 CONTRA
1887 314 2309 375 EPI‘IESIUM.

3457 308 3558 386 tas

290 427 420 491 Θεός
452 429 605 481 ἐστιν
640 429 668 480 ὁ
702 428 949 498 κατέχων
991 446 1081 482 σου
1116 428 1213 499 τὴν
1250 430 1493 501 κεφαλὴν
1526 433 1744 503 ἀοράτῳ
1783 434 1875 487 δυ-

1983 433 2171 502 ptizat,
2215 448 2324 486 non
2350 441 2401 487 te
2426 431 2514 487 ille
2547 430 2786 501 baptizat
2809 471 2825 496 ,
2851 430 2944 486 sed
2979 430 3120 486 Deus
3151 436 3259 494 est,
3280 428 3373 499 qui
3402 440 3559 483 tuum

290 524 469 589 νάμει,
521 521 616 574 καὶ
663 520 787 574 οὔτε
847 522 1102 589 ἄγγελος,
1142 522 1269 576 οὔτε
1323 525 1687 595 ἀρχάγγελος,
1745 525 1870 579 οὔτε

294 613 449 676 ἄλλος
472 629 554 676 τις
582 612 809 666 δύναται
838 616 1159 683 προσελθεῖν
1191 617 1284 669 καὶ
1309 617 1572 685 ἅψασθαι,
1602 619 1746 672 οὕτω
1774 620 1873 672 καὶ

292 705 407 757 νῦν·
444 706 573 757 ὅταν
606 704 715 774 γὰρ
745 708 772 758 ὁ
814 709 947 768 Θεὸς
982 708 1275 777 ἁναγεννᾷ,
1310 708 1476 760 αὑτοῦ
1520 711 1684 778 μόνου
1721 710 1872 762 ἐστὶν

293 799 327 866 ὴ
357 797 555 866 δωρεά.
598 799 750 850 Ἐπεὶ
777 798 871 851 οὖν
902 800 1061 861 αὐτὸς
1085 802 1232 852 ἐστιν
1261 802 1289 853 ὁ
1318 800 1593 870 βαπτίζων
1616 803 1749 865 Θεὸς
1778 804 1873 856 καὶ

295 891 539 959 κατέχων
570 890 669 959 τὴν
696 892 941 963 κεφαλὴν
968 892 1060 944 τοῦ
1089 891 1510 962 βαπτιζομένου,
1544 893 1618 957 ὥς
1647 912 1809 963 φησιν
1843 896 1872 947 ὀ

293 984 466 1050 ἅγιος,
499 984 618 1047 πῶς
645 983 810 1047 αὐτὸς
851 987 1073 1051 φάσκει,
1099 986 1182 1038 ὅτι
1212 986 1306 1038 δύο
1347 985 1700 1056 βαπτίσματά
1731 987 1833 1039 είσι
1859 1005 1873 1052 ;

292 1076 462 1128 Πόθεν
494 1076 658 1130 τοῦτο
685 1076 863 1129 λαϐὼν
890 1077 1026 1146 ἔχει,
1056 1079 1183 1141 τοὺς
1217 1080 1295 1141 είς
1324 1079 1499 1148 ὄνομα
1532 1080 1748 1149 Πατρὸς
1780 1079 1875 1131 καὶ

291 1169 418 1222 ἰ’ίοῦ
462 1173 558 1222 καὶ
604 1170 763 1236 ἁγίου
795 1171 1113 1239 Πνεύματος
1143 1171 1579 1242 βαπτιζομένους
1617 1174 1691 1242 μὴ
1732 1169 1873 1226 εἶναι

290 1264 531 1325 τελείους
565 1264 965 1332 Χριστιανούς;

368 1354 495 1406 "Ott
533 1356 633 1422 μὲν
666 1357 961 1422 ἀναγκαῖόν
999 1358 1116 1409 ἐστι
1152 1359 1247 1410 καὶ
1281 1359 1342 1411 τὸ
1374 1358 1461 1410 διὰ
1493 1358 1663 1427 τριῶν
1700 1375 1873 1411 κατα·

287 1448 518 1513 δύσεων,
554 1449 809 1518 φανερνενο
860 1449 1002 1502 οὕτω
1046 1452 1155 1519 γὰρ
1198 1452 1303 1503 ὑπὸ
1347 1454 1456 1503 τῶν
1498 1453 1666 1519 ἁγίων
1703 1469 1873 1520 παρῖ-

287 1540 441 1609 δόθη,
466 1540 541 1602 ὡς
570 1541 667 1608 τὴν
692 1542 991 1611 τριήμερον
1018 1541 1112 1594 τοῦ
1148 1544 1355 1612 Κυρίου
1382 1544 1557 1611 ταφὴν
1585 1543 1868 1604 εἰκονίζονο

286 1634 379 1684 καὶ
406 1632 579 1692 οὕτως
614 1635 733 1684 ἐστὶ
773 1634 1229 1703 παραδεδομένον,
1267 1634 1364 1687 καὶ
1397 1636 1463 1685 τὰ
1500 1636 1730 1685 τακτικὰ
1764 1633 1872 1683 τῶν

286 1726 537 1778 Λατίνων
565 1726 707 1778 οὕτω
737 1726 981 1790 λέγουσι.
1011 1727 1053 1777 Τ
1058 1730 1084 1777 ὸ
1118 1729 1416 1793 ἀναγκαῖον
1467 1726 1692 1778 οὖν’καὶ
1725 1728 1871 1778 ἀπα-

1980 536 2147 595 caput
2202 525 2465 581 invisibili
2509 526 2750 595 potentia
2800 532 2981 589 tenet;
3042 532 3098 578 et
3150 538 3255 577 nec
3302 521 3561 593 angelus.

1978 630 2082 669 nec
2114 615 2499 686 archangelus,
2535 632 2715 685 neque
2734 616 3029 686 quisquam
3074 614 3217 670 alius
3258 622 3438 683 potest
3469 628 3563 668 ac-

1977 708 2177 762 cedere
2204 717 2257 761 et
2292 717 2540 778 tangere,
2584 709 2659 762 ita
2690 719 2745 762 et
2769 724 2941 763 nunc.
2978 708 3216 773 Quando
3237 707 3385 761 enim
3417 706 3565 761 Deus

1978 810 2287 867 regenerat,
2326 800 2499 868 ipsius
2524 808 2611 854 est
2644 800 2849 854 donum
2875 799 3068 854 solius.
3102 798 3242 853 Cum
3282 797 3470 866 igitur,
3500 804 3564 849 ut

1979 900 2206 944 sanctus
2247 890 2411 945 Pater
2447 894 2644 955 docet,
2681 892 2797 961 ipse
2846 890 2985 945 Deus
3024 890 3097 946 sit
3144 890 3240 960 qui
3284 889 3555 959 baptizat,

1985 991 2247 1053 tenetque
2301 985 2620 1054 baptizandi
2650 985 2891 1040 hominis
2932 996 3127 1053 caput,
3155 968 3434 1053 quomodo
3459 980 3563 1034 iste

1980 1080 2183 1129 asserit
2214 1075 2352 1130 duos
2384 1093 2506 1131 esse
2566 1078 2911 1147 baptismos?
2962 1075 3119 1130 Unde
3174 1090 3304 1130 vero
3366 1073 3562 1133 sumit.

1984 1166 2263 1233 perfectos
2297 1184 2405 1221 non
2436 1184 2558 1223 esse
2586 1169 2952 1233 Christianos,
2986 1171 3079 1237 qui
3112 1169 3166 1221 in
3203 1166 3426 1221 nomine
3463 1163 3564 1219 Pa-

1982 1258 2080 1309 tris
2104 1265 2159 1310 et
2189 1256 2311 1311 Filii
2347 1270 2402 1313 et
2431 1260 2674 1328 Spiritus
2703 1259 2880 1313 sancti
2923 1260 3187 1328 baptizati
3224 1256 3391 1311 sunt?

2056 1350 2192 1403 Esse
2232 1366 2396 1417 porro
2446 1352 2815 1404 necessariam
2873 1352 3074 1403 trinam
3124 1348 3561 1411 immersionem,

1983 1442 2056 1511 ('5)
2089 1451 2273 1510 patet;
2303 1458 2425 1494 nam
2460 1456 2512 1494 et
2554 1459 2582 1495 a
2611 1443 2819 1496 sanctis
2849 1442 2953 1495 hoc
2979 1441 3243 1495 traditum
3271 1446 3374 1499 est.
3406 1453 3566 1492 nem-

1982 1550 2047 1602 pe
2073 1536 2138 1588 ad
2168 1536 2584 1604 signiﬁcandam
2607 1535 2921 1587 tt-iduanam
2954 1533 3167 1586 Domini
3192 1531 3556 1601 sepulturam.

1980 1627 2054 1679 Ita
2109 1641 2243 1681 sane
2276 1627 2542 1680 tradittnn
2583 1637 2710 1687 est,
2757 1638 2810 1679 et
2860 1627 3078 1678 ritualia
3116 1626 3435 1677 Latinorum
3486 1623 3560 1675 ita

1981 1717 2395 1771 observandum
2438 1718 2665 1770 docent.
2725 1716 2880 1782 Quod
2941 1719 3107 1786 igitur
3175 1715 3559 1770 necessztrium

288 1819 551 1888 ραίτητόν
581 1820 733 1870 ἐστιν
760 1821 792 1887 ἡ
825 1821 1078 1887 ἁποταγὴ
1114 1819 1207 1871 τοῦ
1241 1820 1457 1872 Σατανᾶ
1486 1819 1582 1871 καὶ
1606 1821 1700 1889 τῆς
1736 1837 1875 1888 πομο

1986 1819 2067 1861 cst
2098 1816 2152 1862 et
2188 1811 2335 1862 nulla
2367 1812 2580 1865 ratione
2621 1812 3014 1874 omittendum,
3047 1809 3459 1866 abrenuntiatio
3480 1819 3564 1862 est

286 1912 400 1979 πῆς
436 1910 603 1963 αὑτοῦ
642 1912 860 1978 καὶτῆς
903 1911 1156 1979 λατρείας
1194 1913 1290 1965 καὶ
1322 1912 1430 1962 τῶν
1459 1912 1639 1980 ἔργων
1684 1914 1873 1976 αὑτοῦ,

285 2006 383 2055 καὶ
426 2002 670 2071 συνταγὴ
721 2005 801 2065 εἰς
846 2005 938 2055 τὸν
983 2004 1239 2071 Χριστὸν,
1276 2006 1369 2054 καὶ
1406 2007 1436 2071 ἡ
1474 2005 1735 2071 ὁμολογία
1779 2006 1878 2073 τῆς

286 2096 551 2156 πίστεως,
588 2096 682 2146 καὶ
714 2097 747 2164 ὴ
779 2096 896 2164 μετ’
933 2097 1096 2165 εὐχῆς
1143 2096 1236 2148 τοῦ
1283 2098 1466 2149 ἐλαίου
1497 2098 1698 2165 χρίσις,
1734 2099 1877 2165 ἆπερ

284 2185 382 2235 καὶ
421 2185 645 2236 Λατῖνοι
681 2184 930 2237 ποιοῦσιν
960 2185 1378 2255 ἀπαραιτήτως.
1416 2185 1557 2238 Ἀλλ’
1580 2186 1687 2237 οὐδ’
1716 2188 1889 2255 ἡμεῖς

288 2276 635 2345 καταδύομεν
665 2278 733 2328 τὰ
766 2279 934 2346 νήπια
970 2278 1162 2347 μέχρις
1189 2279 1315 2343 ὅλης
1352 2281 1620 2346 κορυφῆς,
1649 2279 1782 2329 διότι
1816 2279 1877 2329 ού

284 2369 574 2436 δυνάμεθα
603 2369 1002 2436 παραγγέλλειν
1027 2370 1212 2431 αὐτοῖς
1235 2370 1462 2437 quiritet;
1479 2389 1523 2421 ιν
1545 2370 1640 2439 τὴν
1664 2372 1880 2421 εἰσπνοε

286 2462 350 2528 ὴν
388 2462 489 2513 καὶ
515 2460 749 2529 ἐκπνοὴν
781 2461 880 2527 τῆς
915 2461 1079 2530 ῥινὸς,
1108 2462 1195 2513 ἵνα
1224 2462 1431 2530 ταύτης
1463 2463 1878 2531 φυλαττομένης

289 2554 387 2604 καὶ
422 2554 453 2621 ἡ
490 2552 555 2604 δι’
583 2550 738 2605 ὢτων
762 2554 856 2604 τοῦ
893 2552 1039 2621 ἱεροῦ
1068 2552 1254 2614 ὕδατος
1287 2555 1488 2617 εἴσοδος
1517 2555 1873 2624 φυλάττηταιο

287 2645 414 2697 ἀλλ’
456 2645 578 2697 οὐδὲ
610 2646 669 2697 τὸ
711 2648 887 2711 στόμα
929 2644 1021 2696 τοῦ
1079 2646 1278 2713 νηπίου
1330 2648 1531 2699 κλείειν
1576 2649 1875 2716 δυνάμεθα.

295 2736 446 2791 Ἀλλ’
478 2737 826 2806 ἐμϐάλλομεν
871 2740 1011 2790 αὐτὰ
1066 2740 1145 2800 είς
1191 2740 1290 2808 τὴν
1340 2739 1751 2809 κολυμϐήθραν,
1802 2741 1878 2803 ὡς

286 2832 440 2884 πάνυ
489 2831 782 2896 ἀναγκαῖον
818 2830 913 2881 καὶ
963 2831 1400 2900 παραδεδομένον
1448 2833 1611 2885 οἱονεί⁵
1644 2832 1742 2900 τῆς
1783 2849 1878 2885 κο-

286 2919 622 2989 λυμϐήθρας
668 2921 887 2988 μήτραν
933 2918 1328 2988 εἰκονιζούσης,
1368 2920 1461 2972 καὶ
1504 2921 1604 2990 τὴν
1643 2921 1878 2987 ἀναγέν-

283 3030 452 3081 νησιν
496 3013 584 3063 διὰ
625 3011 819 3064 τούτου
866 3009 1155 3079 δηλούσης.
1192 3013 1302 3064 Καὶ
1333 3010 1420 3063 ἵνα
1458 3013 1531 3081 μὴ
1573 3014 1604 3079 ἡ
1643 3014 1876 3085 κεφαλὴ,

284 3103 425 3155 ἔνθα
469 3104 502 3170 ἡ
535 3099 643 3153 τῶν
691 3101 1005 3169 αἰσθήσεων
1061 3100 1294 3167 ξυνωρὶς
1331 3102 1425 3153 καὶ
1472 3102 1532 3153 τὸ
1564 3102 1661 3170 τῆς
1698 3103 1877 3172 ψυχῆς

282 3196 505 3265 ὄχημα,
550 3196 781 3263 ἄμοιρος
835 3195 1061 3263 γένηται
1122 3191 1214 3245 τοῦ
1271 3193 1415 3246 θείου
1474 3194 1874 3263 βαπτίσματος,

284 3286 772 3346 ὑποκοιλαίνοντες
801 3285 898 3355 τὴν
932 3289 1111 3354 χεῖρα,
1140 3285 1236 3337 καὶ
1262 3285 1466 3354 ταύτην
1497 3289 1559 3338 ἐκ
1591 3287 1685 3338 τοῦ
1720 3288 1877 3354 ἁγίου

285 3379 487 3440 ὓδατος
533 3378 939 3446 ἐμπλήσαντες,
994 3377 1290 3446 ἐπιχέομεν
1341 3378 1529 3431 ὲπὰνω
1577 3379 1767 3446 αὐτῆς,
1820 3377 1880 3429 τὸ

286 3474 440 3526 θεῖον
472 3472 848 3538 ἐκφωνοῦντες
884 3470 1074 3537 ὄνομα,
1114 3473 1205 3523 καὶ
1239 3470 1481 3538 ἑκάστης
1523 3470 1879 3532 ὑποστάσεως

290 3564 521 3630 ίδίωμα.
548 3562 658 3614 Καὶ
683 3563 707 3612 ὁ
729 3560 878 3627 ἅγιος
905 3561 961 3613 δὲ
1001 3560 1359 3623 Ἀπολλώνιος
1382 3561 1696 3624 ὀνειδισθεὶς
1730 3563 1880 3630 παρᾶ

287 3656 389 3710 τοῦ
422 3655 711 3725 τυράννου,
747 3655 821 3714 ὡς
853 3655 1185 3716 ἁδάπτιστος
1215 3654 1298 3723 εἴη
1332 3656 1424 3705 καὶ
1470 3654 1569 3705 οὑκ
1597 3655 1712 3706 ἔστι
1748 3653 1880 3724 Χρι-

290 3751 546 3809 στιανὸς,
583 3746 713 3808 στὰς
757 3749 834 3807 είς
868 3748 1201 3815 προσευχὴν,
1242 3747 1269 3794 ὁ
1299 3746 1430 3808 Θεὸς
1467 3746 1638 3799 θέλων
1673 3746 1881 3816 πληρο-

291 3841 540 3911 φορῆσαι
570 3840 754 3900 αὐτὸν,
785 3837 882 3905 τὴν
922 3837 1107 3906 δέησιν
1142 3835 1308 3887 αὑτοῦ
1342 3836 1402 3887 ού
1435 3836 1714 3904 παρεῖδεν,
1746 3837 1881 3889 ἀλλὰ

288 3933 533 4000 νεφέλην
576 3930 797 3998 πέμψας
841 3929 1028 3998 δρόσον
1062 3930 1320 3996 κατέχεεν
1369 3928 1459 3978 ἐπὶ
1493 3927 1593 3995 τὴν
1639 3930 1882 3999 κεφαλὴν

288 4023 489 4079 αὐτοῦ,
512 4023 572 4075 Εἰ
599 4020 689 4073 οὖν
715 4022 773 4072 τὸ
800 4020 1059 4091 χεόμενον
1080 4022 1175 4072 ἐπὶ
1205 4019 1447 4087 κεφαλῆς
1471 4020 1530 4071 οὐ
1566 4019 1869 4089 βάπτισμα,

287 4120 395 4169 οὐκ
430 4115 499 4169 ἂν
539 4113 713 4175 οὕτως
746 4113 989 4180 γέγονεν,
1028 4110 1142 4164 ἀλλ’
1175 4111 1348 4181 ἑτέρῳ
1389 4111 1595 4180 τρόπῳ.
1636 4111 1797 4164 ’Λλλὰ
1823 4114 1875 4165 τί

288 4212 402 4283 χρὴ
433 4210 615 4278 λέγειν
641 4208 815 4261 πολλά
851 4208 979 4279 περὶ
1020 4206 1247 4269 τούτου;
1284 4206 1394 4257 Καὶ
1441 4188 1654 4266 οὖτοςῆὁ
1695 4207 1877 4275 τίμιος

291 4309 437 4373 ἀνὴρ
461 4304 519 4355 ἓν
552 4298 661 4355 οίδε
690 4303 749 4352 τὸ
774 4301 1061 4370 βάπτισμα
1086 4300 1146 4350 τό
1173 4316 1232 4351 τε
1263 4299 1530 4368 ἡμέτερον
1561 4301 1736 4352 καὶτὸ
1767 4302 1874 4353 τῶν

290 4397 565 4461 Λατίνων,
599 4396 691 4446 καὶ
713 4395 774 4446 οὐ
804 4393 918 4445 δύοο
947 4394 1037 4445 καὶ
1078 4393 1187 4460 γὰρ
1214 4394 1480 4461 τρόφιμος
1513 4391 1587 4444 ὢν
1620 4393 1717 4460 τῆς
1753 4395 1873 4445 Ἐκ..

1982 1899 2217 1960 Satanas.
2260 1912 2314 1954 et
2347 1918 2672 1971 pomparum
2716 1912 2770 1956 et
2798 1904 2981 1957 cultus
3026 1913 3082 1957 et
3128 1916 3356 1971 operum
3400 1900 3561 1969 ejus;

1984 2008 2083 2045 nec
2119 2009 2225 2046 non
2260 1995 2577 2063 promissio,
2628 2010 2749 2064 qua:
2784 1994 3011 2049 Christo
3050 1995 3132 2058 lit,
3166 2004 3222 2047 et
3272 1993 3397 2047 ﬁdei
3428 2007 3561 2061 pro-

1985 2084 2175 2149 fessio,
2209 2086 2430 2153 oleique
2466 2102 2589 2139 cum
2617 2087 2871 2140 oratione
2915 2087 3103 2141 unctio
3148 2104 3162 2139 :
3195 2101 3319 2155 quae
3347 2100 3376 2138 a
3413 2083 3564 2138 Lati-

1984 2176 2068 2229 nis
2120 2177 2286 2228 etiam
2347 2177 3145 2231 inviolabiliterobservantur.
3206 2176 3313 2230 Sed
3367 2187 3423 2227 et
3465 2191 3568 2228 nos

1985 2269 2407 2337 haudquaquam
2479 2270 2852 2339 immergimus
2931 2269 3173 2325 infantes
3251 2284 3427 2337 usque
3497 2273 3565 2321 ad

1983 2373 2261 2412 summum
2305 2361 2564 2413 verticem
2597 2378 2609 2423 ;
2646 2376 2746 2414 nec
2780 2361 2923 2413 enim
2964 2375 3254 2430 possumus
3289 2360 3393 2412 illis
3430 2375 3564 2427 prat-

1983 2452 2187 2519 cipere,
2227 2463 2285 2506 ut
2322 2454 2742 2522 respirationem
2776 2466 2830 2508 et
2871 2454 3301 2524 exspirationem
3341 2470 3433 2522 per
3466 2468 3565 2507 ua-

1984 2559 2071 2597 res
2106 2547 2437 2610 cohibeant;
2482 2562 2548 2600 ne
2578 2548 2743 2600 etiam
2774 2562 2870 2613 per
2912 2562 3077 2601 aures
3138 2562 3291 2601 sacra
3323 2556 3568 2616 permeet

1983 2651 2164 2704 aqua;
2199 2638 2292 2691 sed
2329 2654 2505 2709 neque
2536 2655 2598 2692 os
2658 2640 2895 2703 infantis,
2941 2640 3200 2694 obturare
3246 2655 3563 2710 possumus.

1986 2728 2183 2783 Verum
2235 2746 2333 2785 eos
2368 2732 2423 2784 in
2462 2710 2681 2785 sacrum
2731 2731 3083 2786 immittitnus
3129 2731 3367 2798 fontem,
3400 2742 3460 2787 ut
3497 2748 3567 2787 ne

1981 2822 2112 2891 quid
2150 2824 2303 2877 valde
2331 2825 2704 2878 necessarium
2733 2840 2797 2879 ex
2833 2825 3130 2879 traditione
3182 2825 3567 2895 praetermitta-

1983 2930 2126 2979 mus,
2156 2914 2311 2982 quasi
2353 2915 2491 2969 uteri
2551 2916 2839 2984 imaginem
2892 2915 3164 2972 referente
3221 2917 3461 2984 lavacro,
3511 2930 3567 2971 et

1984 3006 2454 3076 regenerationem
2495 3022 2591 3075 per
2626 3010 2729 3061 hoc
2762 3007 3061 3063 indicante.
3101 3009 3163 3062 Et
3193 3024 3259 3064 ne
3285 3019 3469 3078 caput,
3511 3011 3566 3064 in

1983 3115 2093 3169 quo
2122 3115 2206 3153 εει
2246 3101 2403 3153 sedes
2436 3100 2683 3153 omnium
2720 3115 2982 3154 sensuum
3017 3112 3071 3155 et
3104 3103 3417 3157 vehiculum
3446 3105 3568 3158 ani-

1984 3210 2104 3257 mae,
2170 3194 2310 3247 sacri
2372 3193 2719 3262 baptismatis
2784 3194 2877 3248 fiat
2910 3210 3131 3264 expers,
3201 3210 3334 3250 cava
3391 3212 3558 3250 manu

1979 3302 2175 3355 aquam
2202 3301 2231 3339 e
2253 3301 2410 3340 sacro
2452 3286 2604 3341 fonte
2624 3288 2965 3352 haurientes,
3001 3289 3132 3343 illud
3162 3288 3565 3358 perfundimus,

1980 3378 2222 3431 divinum
2253 3380 2572 3431 invocantes
2614 3392 2836 3443 nomen,
2887 3388 2942 3432 et
2995 3386 3385 3447 proprietatem
3444 3384 3561 3435 sin-

1982 3470 2227 3536 gularum
2289 3472 2681 3538 hypostaseon.
2730 3470 2863 3523 Nam
2912 3482 2967 3527 et
3015 3480 3206 3527 sancto
3254 3470 3566 3541 Apollonio,

1981 3561 2397 3629 cumohjectum
2428 3562 2505 3614 illi
2535 3572 2683 3617 esset
2705 3578 2732 3613 a
2762 3571 2995 3631 tyranno
3019 3574 3073 3615 ut
3106 3566 3386 3632 probrum,
3418 3567 3566 3633 quod

1982 3654 2255 3722 baptismo
2293 3668 2399 3705 non
2434 3655 2681 3718 ablutus,
2727 3655 2955 3722 proinde
2987 3670 3093 3708 non
3125 3666 3268 3709 esset
3293 3656 3568 3711 Christia-

1983 3762 2126 3810 nus;
2181 3744 2319 3800 fusis
2372 3745 2439 3796 ab
2478 3760 2542 3801 eo
2567 3746 2819 3813 precibus
2874 3745 3143 3800 satisfecit
3177 3746 3339 3812 Deus,
3375 3747 3571 3815 deprc-

1982 3840 2254 3895 cationem
2279 3840 2395 3907 ejus
2422 3840 2656 3908 benigne
2682 3826 2912 3892 audiens
2939 3856 2952 3903 ;
2983 3839 3225 3892 demissa
3245 3840 3393 3894 enim
3420 3838 3569 3894 nube

1983 3942 2147 4003 caput
2177 3935 2299 4002 ejus
2325 3949 2449 3987 rore
2504 3933 2765 4001 perfudit.
2815 3931 2869 3985 Si
2923 3918 3090 4001 igitur
3122 3933 3428 4003 baptismus
3457 3950 3564 3987 nun

1988 4028 2268 4097 perficitur
2291 4027 2611 4098 perfusione
2630 4028 2852 4094 capitis,
2885 4042 2994 4080 non
3024 4029 3118 4091 ita,
3149 4028 3245 4083 sed
3275 4028 3387 4083 alio
3409 4027 3570 4082 modo

1988 4134 2075 4174 res
2111 4131 2264 4189 gesta
2313 4128 2483 4174 esset.
2518 4118 2660 4184 Quid
2720 4118 2946 4172 multa?
2988 4117 3167 4174 Unum
3217 4130 3272 4174 et
3313 4121 3430 4189 ipse
3485 4123 3568 4175 vir

1982 4212 2234 4283 egregius
2270 4214 2426 4267 novit
2480 4211 2753 4282 baptisma
2810 4221 3060 4265 nostrum
3106 4220 3162 4266 et
3222 4210 3564 4280 Latinorum,

1996 4322 2104 4360 non
2154 4306 2283 4358 duo.
2320 4305 2454 4358 Cum
2486 4306 2631 4357 enim
2680 4305 2935 4356 alumnus
2980 4303 3238 4358 Ecclesia:
3296 4307 3389 4371 sit,
3431 4322 3572 4361 nun.

1996 4412 2156 4467 quam
2196 4398 2329 4450 vidit
2373 4394 2596 4449 Latinos
2640 4395 2836 4447 iterum
2872 4395 3139 4461 baptizari
3191 4412 3219 4449 a
3255 4400 3434 4462 nobis,
3478 4416 3570 4453 ve-

293 4490 529 4556 κὶησίας
581 4488 836 4538 οὐδέποτε
899 4480 1006 4537 εἶδε
1059 4484 1190 4554 παρ’
1238 4486 1396 4553 ἡμῶν
1441 4486 1567 4545 τοὺς
1614 4486 1877 4550 Λατίνους

1988 4508 2108 4545 rum
2148 4492 2262 4552 haec
2297 4490 2386 4544 ille
2412 4489 2620 4555 profert
2646 4488 2876 4551 iratior;
2913 4502 3034 4553 quas
3064 4497 3245 4542 autem
3281 4506 3348 4543 ex
3374 4507 3569 4546 averso

294 4579 865 4646 ἀναόαπτιζομένους’
924 4580 1074 4647 ὅμως
1136 4577 1242 4629 ὑπὸ
1302 4577 1495 4644 ἀηδίας
1561 4579 1883 4648 κινούμενος

296 4675 471 4729 ταῦτα
516 4674 684 4740 λέγει.
733 4671 827 4724 καὶ
859 4671 919 4722 οὐ
961 4670 1067 4739 χρὴ
1114 4669 1183 4721 τὰ
1234 4669 1338 4719 ὑπὸ
1378 4669 1568 4737 ἀηδίας
1615 4667 1885 4738 λεγόμενα

296 4767 805 4834 πολυπραγμονεῖν.
844 4762 1008 4813 Ἀλλὰ
1036 4760 1130 4812 καὶ
1161 4760 1236 4828 τῷ
1273 4759 1431 4827 μύρῳ
1460 4761 1585 4821 τοὺς
1628 4760 1885 4828 βαπτιζο-

300 4858 495 4925 μένους
525 4858 574 4908 οἱ
603 4857 823 4908 Λατῖνοι
856 4852 1094 4921 χρίουσι,
1124 4849 1218 4902 καὶ
1237 4849 1311 4909 ὼς
1336 4850 1495 4918 ἡμεῖς
1527 4848 1583 4900 ἒν
1613 4850 1720 4901 τῶν
1748 4851 1886 4903 ἑπτὰ

303 4948 625 5017 μυστηρίων
663 4948 761 5013 τῆς
799 4943 1127 5011 Ἐκκλησίας
1171 4942 1271 5009 τὴν
1318 4941 1542 5008 τελετὴν
1572 4940 1666 4992 τοῦ
1706 4941 1880 5009 μύρου

303 5041 550 5108 λέγουσι.
599 5038 829 5107 Χρίουσι
883 5036 939 5087 δὲ
987 5036 1167 5099 τοῦτο,
1225 5034 1351 5085 ὅταν
1402 5032 1614 5095 τελείας
1659 5034 1882 5103 ἡλικίας

298 5131 672 5185 ἐπιλάϐωνται
708 5132 756 5181 οἱ
787 5129 1087 5195 ἄνθρωποι,
1121 5127 1283 5195 ἡνίκα
1311 5125 1401 5177 καὶ
1432 5126 1668 5177 ἀκοῦσαί
1694 5144 1745 5177 τι
1777 5144 1881 5194 μυο

299 5229 484 5279 στικὸν
517 5228 611 5279 καὶ
636 5221 1036 5293 ἀποκρίνασθαι
1057 5220 1282 5272 δυνατὸν
1310 5219 1450 5271 κατὰ
1482 5220 1571 5271 τὸν
1606 5219 1781 5286 μέγαν
1823 5222 1880 5271 ἐν

297 5321 481 5388 Θεολογ
494 5323 547 5391 ίᾳ
574 5318 893 5388 Γοηγόριον.

993 5408 1183 5462 ΕΦΕΣ.

374 5507 536 5559 Διττὰ
562 5505 619 5557 δὲ
648 5504 716 5555 τὰ
761 5502 859 5573 ἔθη
894 5502 1069 5555 «πάντα
1116 5501 1211 5553 καὶ
1244 5501 1381 5552 πᾶσι
1424 5500 1877 5570 παρηλλαγμένα,

1987 4583 2173 4635 animo
2239 4580 2684 4650 proﬁciscuntur,
2723 4596 2828 4632 non
2853 4595 2980 4635 sunt
3042 4581 3321 4635 curiosius
3360 4583 3569 4634 exami-

1987 4675 2188 4727 nanda.
2226 4672 2494 4727 Cazlerum
2542 4672 2720 4726 Latini
2748 4675 2910 4727 etiam
2949 4675 3261 4742 baptizatos
3294 4675 3569 4740 inungunt

1986 4766 2321 4830 chrismate;
2358 4775 2410 4818 et
2462 4780 2616 4834 aeque
2670 4779 2733 4817 ac
2785 4780 2883 4820 nos
2961 4749 3193 4819 credunt
3249 4764 3565 4818 unctionem

1988 4860 2303 4917 chrismatis
2335 4875 2453 4913 esse
2483 4875 2652 4913 unam
2702 4860 2770 4913 de
2806 4869 3017 4929 septem
3071 4858 3332 4914 Ecclesiae
3380 4873 3567 4912 sacra-

1991 4952 2214 5035 mentis.
2244 4950 2521 5004 Adhilient
2557 4966 2686 5006 vero
2712 4951 2867 5014 illud.
2896 4966 3017 5005 cum
3045 4951 3372 5020 provectiori
3409 4932 3570 5004 aetate

1991 5051 2121 5096 sunt
2151 5043 2401 5097 homines
2431 5061 2444 5109 ;
2484 5044 2704 5112 quando
2729 5083 2744 5107 ,
2775 5042 2933 5112 juxta
2966 5044 3225 5096 eximium
3280 5042 3567 5113 theologiae

1990 5137 2272 5190 doctorem
2306 5111 2631 5202 Gregorium
2665 5137 2853 5207 (4),et
2896 5136 3182 5207 mysticum
3213 5137 3344 5207 quid
3373 5111 3591 5191 audiret

1988 5233 2044 5278 et
2072 5228 2400 5294 respondere
2428 5244 2524 5295 per
2564 5237 2777 5281 :etatem
2807 5228 2951 5282 licet.

2659 5407 2899 5463 EPHES.

2064 5499 2319 5555 lnstituta
2381 5516 2599 5571 quoque
2657 5516 2721 5554 ac
2796 5517 2977 5555 lttOl‘CS
3040 5501 3092 5553 in
3174 5501 3429 5556 omnibus
3484 5499 3569 5554 dl-

378 5682 451 5752 (5)
481 5681 750 5749 Loquitur
778 5682 845 5735 de
881 5681 1210 5745 necessitate
1242 5681 1475 5750 quadam
1506 5678 1950 5746 consuetudinis,
1988 5694 2093 5734 non
2125 5689 2305 5736 autem
2334 5682 2608 5737 absoluta.
2635 5679 2770 5735 Vide
2802 5680 2963 5750 Greg.
3000 5681 3122 5734 libr.
3151 5698 3189 5745 ι,
3227 5697 3309 5748 ep.
3352 5681 3403 5734 l.

376 5753 450 5824 (4)
478 5756 631 5810 Orat.
656 5754 708 5805 in
733 5752 1089 5821 baptismum.

632 5849 895 5907 PATROL.
939 5846 1054 5905 Gn.
1084 5842 1259 5905 CLX.

3141 5840 3177 5896 ὃ

1933 5930 1960 5937 ο-
2014 5928 2065 5936 -Α-
2100 5928 2130 5936 ο-
2142 5927 2166 5933 -
2196 5924 2253 5935 -ο--λ
