4112 6274
541 296 641 358 143

1475 301 1855 363 GREGORII
1896 301 2199 362 MAMM/E
2229 305 2339 367 (1P.
2378 305 2890 367 PATRIARCIIE

3701 289 3799 358 lii

540 417 910 474 Damasccuus
931 419 1107 489 capite
1123 419 1340 474 decimo
1364 421 1530 476 tertio
1553 423 1630 492 (9)
1656 439 1669 476 :
1704 421 1943 492 Spiritus
1969 437 2119 484 vero,

2229 427 2392 495 μέρος
2420 427 2632 494 ἁγίους,
2645 427 2800 480 τοῦτο
2825 423 3192 496 κηρύττοντας
3237 419 3598 492 ἀπαριθμεῖν,
3627 421 3800 489 αὐτῆς

535 511 734 580 inquit.
775 523 1002 566 sanctus
1033 513 1269 567 occulta:
1327 511 1506 571 Patris
1533 513 1756 570 deitatis
1794 511 2118 567 manifesta-

532 604 646 658 tiva
674 605 776 668 vis,
807 605 1114 674 procedens
1137 613 1310 660 estex
1355 604 1512 660 Patre
1539 621 1632 674 per
1664 605 1888 668 Filium,
1917 613 1977 658 ut
2005 605 2119 674 ipse

536 699 709 753 novit.
732 699 802 751 At
829 698 960 768 quid
983 714 1122 766 opus
1142 710 1224 754 est
1243 699 1490 769 singulos
1513 712 1842 754 enumerare
1873 706 2116 761 sanctos,

536 789 630 860 qui
683 789 733 843 id
767 789 1117 858 apertissime
1167 789 1548 858 pronuntiant,
1595 804 1718 843 eum
1766 788 1883 855 ipsa
1927 797 2118 842 sancta

536 883 882 938 tneumenica
912 883 1156 950 synodus
1203 882 1434 952 septima
1477 882 1580 936 hoc
1609 883 1754 934 dicat
1786 879 1943 950 (l0)?
1981 878 2118 933 Nam

537 974 629 1030 illa
691 989 786 1042 per
837 973 1124 1027 Tarasium
1191 973 1565 1044 patriarcham
1630 973 1710 1026 sic
1762 974 1835 1024 ait
1882 987 1894 1022 :
1943 971 2120 1026 Credo

535 1069 700 1121 etiam
725 1066 778 1120 in
802 1065 1071 1134 Spiritum
1098 1073 1376 1131 sanctum,
1400 1065 1494 1136 qui
1527 1079 1591 1118 ex
1616 1065 1777 1118 Patre
1803 1080 1899 1133 per
1922 1061 2118 1117 Filium

538 1156 807 1224 procedit,
839 1156 930 1225 qui
963 1164 1016 1209 et
1051 1155 1171 1225 ipse
1198 1157 1360 1210 estet
1392 1155 1712 1225 agnoscitur
1739 1152 1901 1208 Deus.
1937 1154 1993 1205 Si
2028 1151 2120 1220 qui

537 1266 669 1303 vero
693 1253 838 1318 quod
893 1250 1070 1303 sancti
1115 1247 1328 1312 dicunt,
1383 1247 1484 1301 Per
1532 1245 1755 1308 Filium.
1809 1246 1952 1300 idem
1998 1259 2122 1299 esse

537 1341 728 1392 volunt
781 1355 865 1404 ac,
897 1339 1056 1392 szmul
1092 1353 1214 1392 cum
1281 1336 1416 1390 Filio
1470 1337 1770 1406 procedere
1829 1333 2119 1402 Spititum,

540 1447 647 1487 non
681 1432 815 1485 bene
849 1433 952 1485 hoc
987 1431 1319 1498 intelligunt.
1352 1426 1488 1482 Nam
1517 1436 1743 1482 sanctus
1784 1425 2121 1480 Athanasius

537 1524 594 1577 in
651 1523 881 1592 epistola
937 1522 1005 1575 ad
1061 1520 1440 1590 Serapionem,
1473 1537 1595 1591 qua:
1647 1520 1859 1589 incipit,
1905 1517 2123 1572 Littera:

537 1625 643 1667 tua:
667 1613 882 1682 pietatis
911 1628 926 1666 :
958 1612 1017 1665 In
1044 1611 1286 1673 Christo,
1317 1612 1520 1680 inquit,
1541 1618 1660 1666 erat
1698 1611 1953 1677 Spiritus,
1979 1609 2122 1664 sicut

542 1707 715 1761 Filius
739 1708 791 1760 in
811 1703 994 1759 Patre.
1019 1703 1228 1758 Rursus
1253 1703 1452 1758 ibidem
1481 1723 1492 1758 :
1522 1701 1720 1757 Sancta
1742 1711 1795 1756 et
1824 1702 1977 1756 beata
2000 1701 2121 1755 Tri-

543 1798 944 1853 nitasindivisa
978 1807 1031 1850 et
1057 1796 1208 1849 unita
1233 1795 1286 1848 in
1321 1811 1380 1849 se
1406 1805 1522 1860 est;
1555 1796 1672 1849 etsi
1709 1797 1833 1863 quis
1856 1795 2112 1849 dieatl’a-
2156 1782 2196 1838 Β

539 1903 701 1956 trem,
735 1894 788 1945 in
831 1906 895 1945 eo
915 1899 998 1943 est
1029 1891 1146 1959 ejus
1172 1887 1432 1953 Verbum,
1458 1899 1510 1941 et
1531 1888 1622 1956 qui
1649 1897 1732 1942 est
1765 1889 1814 1940 in
1843 1887 1981 1942 Filio
2001 1888 2124 1957 Spi-

541 1990 702 2041 ritus.
730 1985 787 2040 lu
814 1985 918 2038 alia
943 2000 1160 2055 quoque
1185 1984 1415 2053 epistola
1439 1983 1503 2036 ad
1537 1983 1809 2043 etumlem,
1837 1997 1958 2051 quae
1992 1982 2124 2035 inci-

540 2080 642 2146 pit,
669 2075 923 2130 Fortasse
957 2073 1241 2125 miraberis
1266 2088 1279 2122 :
1305 2070 1420 2124 Νοιι
1443 2071 1585 2124 enim
1613 2083 1719 2134 cst,
1753 2072 1947 2140 inquit.
1971 2087 2122 2124 οχιτιι

538 2167 778 2222 Verbum
806 2165 1067 2235 Spiritus,
1099 2167 1194 2216 sed
1228 2179 1350 2216 cum
1380 2163 1431 2214 in
1480 2159 1660 2215 Verbo
1690 2161 1781 2223 sit,
1809 2177 1902 2228 per
1946 2161 2121 2230 ipsum

540 2265 596 2316 in
621 2261 730 2315 Deo
752 2269 856 2314 est.
883 2257 954 2309 Ex
985 2258 1188 2326 quibus
1213 2255 1527 2308 ostenditur
1547 2270 1639 2307 eos
1660 2256 1752 2323 qui
1775 2255 1985 2320 dicunt,
2007 2254 2126 2322 Spi-

541 2357 708 2408 ritum
735 2351 1030 2420 procedere
1058 2364 1153 2417 per
1179 2346 1395 2406 Filium,
1434 2347 1534 2399 hoe
1570 2354 1652 2399 est
1677 2362 1800 2398 cum
1827 2343 1983 2407 Filio,
2016 2344 2123 2398 dis-

540 2445 747 2500 sentire
763 2442 831 2495 ab
859 2441 944 2494 his
971 2439 1063 2508 qui
1091 2439 1287 2507 prolati
1319 2447 1538 2500 sunt,et
1561 2435 1772 2490 caeteris
1803 2436 1893 2504 qui
1924 2435 2122 2489 similia

537 2542 751 2601 dicunt,
772 2549 931 2605 quos,
961 2548 1025 2586 ne
1049 2531 1277 2584 nimiunt
1306 2531 1394 2594 sit,
1423 2529 1737 2582 omisimus.
1776 2528 1936 2580 Certe
1976 2524 2121 2578 enim

542 2631 736 2687 modus
789 2629 893 2683 iste
937 2625 1006 2680 ad
1064 2623 1318 2676 unionem
1366 2622 1548 2691 potius
1599 2635 1758 2689 quam
1814 2619 1879 2673 ad
1928 2619 2126 2674 distin-

539 2726 784 2780 ctionem
820 2729 1050 2788 Spectat.
1089 2715 1296 2767 Idcirco
1323 2713 1576 2766 doctores
1617 2711 1873 2765 Ecclesia:
1907 2725 2016 2763 non
2053 2709 2123 2760 ita

541 2817 864 2882 laquuntur,
887 2821 1062 2872 neque
1087 2806 1158 2856 ita
1181 2804 1284 2855 hoc
1310 2800 1646 2870 intelligunt,
1672 2801 1764 2853 sed
1789 2801 1986 2852 dictaui
2013 2799 2124 2851 dis—

545 2903 863 2957 tinctionem
882 2894 1246 2953 tradiderunt,
1273 2891 1382 2942 imo
1401 2902 1528 2943 vero
1548 2887 2012 2956 pra'positionum,
2033 2899 2125 2952 per

544 3004 600 3050 ct
618 3008 703 3055 ex,
720 2986 1076 3046 concordiam
1106 2991 1358 3037 statuunt
1383 2998 1397 3047 ;
1422 2992 1495 3045 et,
1514 2996 1625 3048 per,
1653 2978 1964 3049 signiﬁcare
1987 2992 2122 3030 cau-

2224 519 2321 587 τῆς
2357 519 2519 586 ἁγίας
2554 517 2948 588 οἱκουμενικῆς
3003 515 3244 584 ἑϐδόμης
3281 511 3500 565 συνόδου
3535 510 3692 564 τοῦτο
3715 512 3802 564 λε-

2221 611 2466 681 γούσηςς
2504 611 2616 665 Καὶ
2651 611 2762 681 γὰρ
2790 610 2929 680 αὑτὴ
2961 609 3049 662 διὰ
3088 607 3366 677 Ταρασίου
3401 605 3495 659 τοῦ
3536 606 3801 675 πατριάρ-

2221 723 2316 776 χου
2349 705 2516 775 φησί’
2552 703 2800 758 Πιστεύω
2849 705 2942 756 καὶ
2983 702 3064 765 εἰς
3097 701 3158 754 τὸ
3213 701 3434 768 Πνεῦμα
3470 700 3529 751 τὸ
3562 698 3716 764 ἆγιον
3742 696 3803 749 τὸ

2223 801 2286 850 is.
2340 798 2434 850 τοῦ
2490 797 2706 866 Πατρδς
2757 797 2822 850 δι’
2872 795 3004 849 Υίοῦ
3053 793 3510 863 ἐκπορευόμενον,
3545 791 3637 844 καὶ
3672 789 3802 842 αὐτὸ

2222 891 2356 943 Θεὸν
2385 890 2444 942 ὃν
2475 909 2534 943 τε
2563 892 2655 944 καὶ
2683 890 3107 960 γνωριζόμενον.
3145 889 3204 940 Εἰ
3237 888 3294 939 δέ
3326 903 3470 948 τινες
3493 885 3550 938 τὸ
3581 884 3648 936 δι’
3673 883 3801 936 Υίοῦ

2226 980 2283 1033 τὸ
2318 982 2455 1050 μετὰ
2484 981 2578 1034 τοῦ
2607 979 2739 1035 Υίοῦ
2773 980 2806 1048 ἢ
2842 982 2939 1032 σὺν
2971 977 3047 1048 τῷ
3079 976 3194 1039 Υἱῷ
3220 977 3280 1028 τὸ
3311 975 3536 1044 Πνεῦμα
3561 975 3620 1028 τὸ
3641 973 3803 1042 ἆγιον

2224 1072 2622 1141 ἐκπορεύεσθαι
2668 1073 2943 1137 λέγουσιν,
2989 1070 3050 1122 οὐ
3097 1067 3279 1131 καλῶς
3331 1067 3486 1119 τοῦτο
3533 1063 3802 1119 ἐννοοῦσι.

2223 1163 2362 1232 Φησὶ
2383 1163 2490 1230 γὰρ
2517 1163 2545 1214 ὁ
2573 1161 2716 1224 θεῖος
2758 1159 3080 1221 Ἀθανάσιος
3108 1160 3166 1211 ὲν
3193 1161 3257 1226 τῇ
3291 1156 3426 1225 πρὸς
3476 1154 3804 1225 Σεραπίωνα

2225 1255 2508 1322 ἐπιστολῇ,
2531 1248 2598 1324 ἦς
2632 1254 2664 1322 ἡ
2697 1251 2862 1322 ἀρχὴ,
2889 1251 2969 1303 Τὰ
3023 1251 3328 1320 γράμματα
3362 1246 3464 1315 τῆς
3517 1249 3615 1316 σῆς
3649 1245 3802 1315 ἱερᾶς

2223 1345 2516 1408 διαθέσεως
2543 1362 2557 1376 ο
2604 1346 2692 1398 Ἐν
2725 1344 2804 1413 τῷ
2843 1343 3066 1413 Χριστῴ
3117 1338 3185 1412 ἦν
3231 1340 3292 1393 τὸ
3330 1339 3579 1409 Πνεῦμα,
3610 1337 3806 1406 ὥσπερ

2223 1439 2252 1489 ό
2281 1437 2409 1499 Υἱὸς
2441 1438 2499 1488 ὲν
2528 1435 2605 1506 τῷ
2636 1435 2809 1505 Πατρί
2833 1453 2844 1466 ·
2877 1436 2970 1488 καὶ
3001 1435 3164 1488 πάλιν
3192 1438 3247 1486 ἐν
3270 1435 3333 1502 τῇ
3367 1431 3507 1501 αὐτῇ
3528 1447 3542 1460 ο
3582 1429 3645 1483 Ἦ
3669 1428 3802 1497 ἁγία

2225 1529 2320 1582 καὶ
2377 1530 2624 1599 μακαρία
2671 1528 2842 1598 Τριὰς
2887 1528 3193 1599 ἀδιαίρετος
3230 1529 3326 1579 καὶ
3373 1525 3630 1594 ἡνωμένη
3667 1522 3809 1590 πρὸς

2227 1621 2426 1690 ἑαυτήν
2463 1621 2601 1683 ἐστι,
2643 1620 2738 1672 καὶ
2768 1621 3066 1688 λεγομένου
3122 1619 3213 1672 τοῦ
3272 1617 3484 1687 Πατρός
3539 1615 3809 1684 πρόσεστι

2228 1713 2319 1762 καὶ
2351 1713 2378 1762 ὁ
2405 1709 2598 1762 τούτου
2631 1710 2800 1776 Λόγος
2831 1711 2924 1762 καὶ
2956 1708 3018 1760 τὸ
3051 1709 3108 1760 ὲν
3139 1707 3214 1775 τῷ
3249 1707 3361 1775 rte;
3395 1702 3618 1772 Πνεῦμα
3641 1717 3655 1732 ο
3712 1699 3810 1752 καὶ

2228 1801 2388 1852 πάλιν
2419 1803 2476 1851 ὲν
2509 1799 2672 1869 ἑτέρᾳ
2707 1799 2969 1868 ἐπιστολῇ
3009 1799 3145 1867 πρὸς
3169 1797 3260 1848 τὸν
3287 1796 3471 1855 αὐτὴν,
3493 1788 3558 1865 ἧς
3583 1793 3616 1862 ἡ
3638 1790 3807 1860 ἀρχὴ,

2230 1893 2383 1954 Ἴσως
2413 1893 2742 1962 θαυμάσεις,
2779 1891 2943 1959 φησίν
2969 1905 2982 1918 '
3017 1891 3090 1942 Οὐ
3125 1891 3231 1956 γὰρ
3262 1888 3415 1949 ἐκτός
3441 1886 3557 1936 ἐστι
3591 1883 3684 1936 τοῦ
3707 1884 3809 1936 Λό-

2228 2003 2325 2051 γου
2358 1985 2416 2036 τὸ
2447 1983 2693 2053 Πνεῦμα,
2721 1983 2834 2036 ἀλλ’
2867 1985 2924 2035 ὲν
2969 1982 3046 2050 τῷ
3080 1982 3237 2050 Λόγῳ
3276 1980 3355 2042 ὃν,
3390 1980 3444 2030 ἐν
3480 1977 3554 2045 τῷ
3585 1974 3702 2045 Θεῷ
3736 1973 3812 2027 5.‘

2227 2077 2392 2131 αὐτοῦ
2426 2079 2593 2131 ἐστιν.
2623 2078 2786 2130 Ὅθεν
2814 2077 3114 2136 δείκνυται,
3138 2075 3220 2125 ὃτι
3243 2073 3338 2124 τοῦ
3390 2072 3528 2140 μετὰ
3553 2071 3645 2122 τοῦ
3676 2067 3810 2122 Υίοῦ

2226 2173 2258 2242 ἢ
2293 2171 2388 2224 σὺν
2417 2171 2494 2239 τῷ
2525 2169 2640 2234 Υίῷ
2677 2170 2735 2222 τὸ
2773 2168 2997 2236 Πνεῦμα
3031 2165 3453 2234 ἐκπορεύεσθαι,
3485 2165 3545 2218 οὐ
3579 2179 3810 2231 συμιριιιο

2227 2265 2308 2314 νεῖ
2345 2263 2484 2330 μετὰ
2516 2261 2625 2312 τῶν
2663 2262 3101 2330 προειρημένων,
3150 2261 3244 2310 καὶ
3290 2258 3397 2310 τῶν
3449 2255 3652 2310 λοιπῶν
3698 2255 3814 2307 τῶν

2225 2354 2487 2414 ὡσαύτως
2537 2353 2826 2420 λεγόντων,
2856 2352 2891 2406 ἃ
2925 2351 3014 2404 διὰ
3072 2353 3129 2402 τὸ
3179 2351 3384 2418 πλῆθος
3441 2350 3810 2419 παρήκαμεν.

2227 2443 2338 2495 Καὶ
2391 2443 2566 2504 ἄλλως
2609 2445 2636 2494 ὁ
2669 2443 2874 2511 τρόπος
2920 2435 3075 2502 οὗτος
3126 2439 3373 2500 ἐνώσεως
3425 2439 3628 2506 μᾶλλόν
3685 2442 3813 2492 ἐστι

2226 2536 2320 2587 καὶ
2361 2535 2424 2586 οῦ
2457 2533 2784 2602 διακρίσεως
2809 2547 2822 2561 ·
2858 2533 2944 2583 διὰ
2991 2529 3150 2582 τοῦτο
3181 2531 3228 2580 oi
3266 2528 3507 2596 θεολόγοι
3549 2530 3648 2599 τῆς
3685 2529 3816 2583 Ἐκ-

2225 2627 2455 2693 κλησίας
2487 2627 2546 2678 οὐ
2581 2627 2833 2692 λέγουσιν
2876 2625 2994 2676 οὐδὲ
3042 2623 3226 2674 νοοῦσι
3261 2621 3419 2673 τοῦτο
3445 2619 3639 2683 οὕτως,
3669 2621 3814 2673 ἀλλὰ

2226 2721 2324 2787 τὴν
2379 2717 2790 2788 προειρημένην
2843 2717 3120 2784 διάκρισιν
3183 2713 3519 2776 ἀποδιδόασι,
3565 2713 3814 2782 μάλιστα

2225 2810 2345 2878 τὴν,
2371 2809 2488 2872 διὰ,
2516 2808 2654 2878 μετὰ
2678 2807 2797 2875 τῆς,
2827 2807 2916 2870 ἐκ,
2942 2808 3116 2858 οἴδασι
3139 2805 3476 2874 συμφωνεῖν,
3503 2802 3596 2856 καὶ
3623 2803 3810 2857 αἰτίαν

2224 2899 2429 2967 ταύτην
2456 2899 2702 2968 νομίζειν
2731 2899 2788 2964 ἐξ
2821 2898 3083 2962 ἅπαντος,
3113 2897 3188 2958 ὦς
3228 2913 3394 2965 φησιν
3427 2898 3453 2948 ὁ
3487 2895 3630 2957 θεῖος
3657 2895 3806 2963 Χρυ-

2227 2993 2491 3061 σόστομος
2524 2995 2580 3044 ὲν
2613 2993 2690 3060 τῷ
2719 2993 2862 3043 κατὰ
2901 2991 3182 3043 Νιατθαῖον
3211 2990 3266 3041 ἐν
3300 2989 3374 3040 vb'
3423 2987 3613 3056 ὁμιλίᾳ
3642 3005 3654 3017 ·
3693 2983 3806 3040 οἶδε

545 3105 660 3144 sam
691 3083 916 3138 omnino
962 3078 1306 3135 existimant.
1355 3074 1430 3129 ita
1454 3075 1674 3130 divinus
1694 3073 2120 3144 ChrysostOmus

2229 3086 2334 3155 γὰρ
2368 3085 2428 3138 τὸ
2459 3085 2526 3139 δι’
2565 3083 2693 3137 Υίοῦ
2725 3084 2784 3136 τὸ
2814 3083 2903 3151 ὑφ’
2926 3076 2986 3134 οὗ
3017 3081 3197 3150 λέγειν
3230 3084 3261 3151 ἡ
3293 3081 3482 3150 Γραφή
3512 3096 3526 3112 ·
3567 3079 3644 3143 ὡς
3672 3081 3806 3133 ὅταν

542 3177 764 3234 homilia
808 3171 1262 3244 quinquagesima
1300 3183 1444 3222 nona
1479 3168 1532 3222 in
1567 3165 1878 3221 Matthaeum
1910 3155 2119 3220 :Novit

541 3269 687 3324 enim
732 3266 1037 3334 Scriptura,
1078 3262 1282 3332 inquit,
1324 3260 1442 3314 loco
1478 3259 1643 3327 hujus
1687 3259 1860 3323 vocis,
1906 3259 1984 3312 Ex
2023 3259 2123 3312 ali-

542 3374 672 3430 quo,
713 3357 787 3412 uti
839 3360 942 3409 hac
985 3367 1143 3416 voce,
1188 3351 1289 3404 l’er
1340 3351 1602 3420 aliquem,
1650 3359 1711 3404 ut
1769 3365 1891 3403 cum
1943 3349 2118 3404 dicit:

542 3450 761 3505 Possedi
802 3449 1062 3501 hominem
1089 3462 1181 3514 per
1220 3443 1383 3498 Deum
1422 3443 1488 3508 "’,
1559 3457 1686 3496 non-
1715 3442 2119 3505 secundariam,

545 3543 642 3597 sed
709 3540 1030 3610 primariam
1089 3537 1400 3607 intelligens
1443 3550 1667 3590 causam
1707 3545 1810 3595 :et
1868 3548 2060 3587 rursus
2106 3552 2118 3585 :

553 3633 810 3701 Nunquid
829 3647 929 3684 non
950 3646 1042 3699 per
1061 3628 1226 3682 Deum
1246 3631 1340 3682 esti
1362 3627 1701 3695 nterprctatio
1718 3642 1897 3678 eorum
1927 3622 1969 3654 "
1987 3625 2008 3677 ?
2028 3635 2082 3677 et
2107 3641 2120 3679 :

554 3727 750 3781 Fidelis
798 3725 932 3778 L’eus
947 3740 1038 3792 per
1069 3740 1218 3793 quem
1245 3722 1418 3775 vocati
1445 3721 1570 3774 estis
1593 3723 1646 3772 iu
1670 3721 1974 3773 societatem
1998 3717 2126 3772 Filii

541 3823 654 3887 ejus
689 3819 753 3872 ".
779 3818 967 3881 Vides,
991 3815 1365 3876 vocemhanc,
1391 3814 1491 3868 Per
1510 3811 1732 3874 Filium,
1753 3822 1938 3880 aperte
1952 3813 2122 3864 deno-

543 3925 660 3962 tare
688 3923 941 3968 causam,
979 3914 1035 3958 ιιι
1068 3905 1454 3960 contradicere
1488 3919 1649 3957 nemo
1677 3903 1891 3973 possit?
1923 3901 2124 3957 Verum

544 4012 604 4056 ut
641 4001 905 4070 probetur
949 3995 1253 4059 efﬁcacius,
1299 4011 1391 4063 per
1424 4003 1476 4047 et
1533 4009 1618 4058 ex,
1656 3995 1729 4046 ita
1779 3994 2007 4048 alteram
2071 3994 2126 4046 in

545 4092 780 4148 alterius
821 4089 1282 4156 signiﬁcationem
1317 4087 1577 4154 migrare,
1606 4095 1664 4138 ut
1695 4101 1918 4139 causam
1954 4086 2127 4153 signi-

553 4186 738 4245 ﬁcent,
773 4181 909 4234 alios
931 4193 1146 4248 quoque
1171 4185 1394 4232 sanctos
1421 4178 1727 4230 audiamus.
1762 4176 1946 4246 Itaque
1975 4178 2126 4231 Basi-

549 4277 655 4329 lius
683 4271 913 4340 Magnus
945 4270 997 4323 ili
1025 4267 1315 4338 capitulari
1347 4277 1607 4333 tractatu,
1633 4283 1796 4336 quem
1823 4268 1888 4322 de
1918 4269 2123 4338 Spiritu

546 4374 740 4421 saneto
772 4360 1078 4430 inscripsit,
1099 4375 1221 4427 cap.
1255 4358 1308 4422 5,
1336 4359 1494 4428 cujus
1520 4359 1735 4412 initium
1774 4377 1788 4412 :
1827 4357 1952 4414 Haec
1975 4373 2122 4426 sunt,

2227 3177 2357 3245 λέγῃ
2380 3193 2392 3206 ·
2439 3175 2819 3245 Ἐκτησάμην
2848 3176 3166 3242 ἄνθρωπον
3195 3172 3292 3226 διὰ
3321 3173 3428 3226 τοῦ
3451 3171 3600 3226 Θεοῦ
3623 3187 3636 3200 ’
3661 3171 3721 3224 οὐ
3745 3172 3809 3225 τὸ

2223 3269 2476 3338 δεύτερον
2502 3269 2703 3333 αἴτιον,
2731 3269 2867 3321 ἀλλά
2896 3267 2957 3320 τὸ
2982 3267 3194 3336 πρῶτον
3219 3267 3429 3317 τιθεῖσα
3455 3283 3469 3298 σ
3502 3265 3596 3318 καὶ
3619 3264 3808 3318 πάλινσ

2228 3363 2376 3430 Οὐχί
2425 3361 2523 3416 διὰ
2567 3361 2676 3415 τοῦ
2729 3360 2877 3414 Θεοῦ
2911 3360 2947 3427 ἡ
2985 3359 3364 3426 διασάερησις
3409 3355 3609 3411 αὐτῶν
3638 3357 3813 3420 eam;

2226 3454 2340 3513 καὶ.
2360 3453 2584 3518 Πιστὸς
2611 3455 2642 3506 ὁ
2667 3454 2831 3517 Θεὸς,
2849 3451 2923 3505 δι’
2943 3446 3014 3504 οὗ
3038 3449 3336 3517 ἐκλήθητε
3356 3451 3442 3514 είς
3467 3447 3810 3502 διακονίαν.

2238 3547 2404 3616 Ὁρᾷς
2438 3549 2520 3608 τὸ,
2545 3545 2612 3598 δι’
2653 3543 2804 3608 Υῐοῦ,
2842 3544 2957 3605 πῶς
3007 3544 3187 3596 αἰτίαν
3223 3540 3478 3610 σημαίνει
3512 3541 3810 3610 προφανῶς

2227 3637 2323 3688 καὶ
2354 3638 2793 3705 ἀναντιρῤήτως;
2814 3634 2951 3689 Ἀλλ’
2983 3634 3069 3687 ἵνα
3100 3635 3196 3686 καὶ
3227 3633 3306 3684 ἔτι
3333 3631 3676 3701 βεϐαιότερον
3702 3632 3813 3686 δει-

2227 3729 2355 3798 χθῇ,
2398 3730 2482 3780 ὅτι
2533 3727 2981 3796 ἁντιμεθέσταται
3012 3729 3066 3798 ή,
3099 3727 3216 3792 διὰ,
3251 3730 3336 3795 τῇ,
3368 3728 3457 3788 ἐκ,
3488 3729 3580 3780 καὶ
3627 3729 3810 3781 αἰτίαν

2231 3821 2511 3888 σημαίνει,
2541 3819 2652 3871 τῶν
2685 3819 2888 3872 λοιπῶν
2920 3819 3095 3886 ἁγίων
3139 3819 3489 3888 ἀκούσωμεν.
3524 3799 3662 3888 Φησὶ
3694 3825 3807 3889 γὰρ

2227 3913 2256 3964 ό
2288 3909 2462 3979 μέγας
2495 3909 2776 3972 Βασίλειος
2807 3912 2864 3962 ὲν
2899 3910 2977 3979 τῷ
3009 3909 3209 3962 οὑτωσί
3235 3926 3350 3971 πως
3383 3909 3813 3980 ἐπιγραφομένῳ

2230 4003 2362 4072 περὶ
2390 4002 2481 4054 τοῦ
2517 4001 2676 4069 ἁγίου
2729 4001 3048 4070 Πνεύματος
3100 4001 3466 4069 κεφαλαιώδει
3501 4002 3644 4072 λόγῳ
3680 4017 3806 4069 κεφ.

2231 4101 2290 4154 ε’,
2319 4092 2378 4145 οῦ
2417 4095 2449 4162 ἡ
2485 4093 2648 4162 ἀρχὴ,
2676 4093 2757 4144 Τὰ
2802 4092 2902 4159 μὲν
2937 4092 3002 4161 δὴ
3033 4092 3257 4145 ἐκείνων
3287 4091 3534 4154 τοιαῦτα,
3560 4093 3721 4161 ἡμεῖς
3755 4091 3812 4143 δὲ

2231 4184 2478 4254 δείξομεν
2506 4185 2533 4236 ὃ
2569 4183 2946 4253 προεθέμεθα·
2996 4184 3140 4252 Ἤδη
3175 4184 3229 4235 δὲ
3263 4187 3397 4252 πρὸς
3426 4187 3493 4237 τὰ
3521 4183 3612 4236 ὑπ’
3648 4183 3813 4254 ἀλλή-

2231 4278 2338 4328 λων
2373 4278 2751 4345 σημαινόμενα
2795 4275 3058 4338 πολλάκις
3105 4275 3589 4342 ἁντιμεθίστανται
3624 4278 3655 4346 ἡ
3692 4276 3811 4337 διὰ,

2237 4367 2326 4417 καὶ
2364 4368 2420 4433 ἡ,
2443 4365 2532 4430 ἐκ,
2561 4365 2687 4417 ὅταν
2719 4366 2882 4432 ἑτέρα
2904 4364 3000 4432 τῆς
3029 4365 3221 4432 ἑτέρας
3251 4367 3528 4434 σημασίαν
3553 4364 3816 4434 ἀντιλαμ-

547 4474 669 4530 quzn
702 4459 769 4510 ab
825 4455 935 4509 illis
963 4452 1242 4517 dicuntur,
1283 4465 1385 4506 nos
1418 4461 1599 4505 autem
1637 4450 1782 4518 quod
1821 4453 2123 4520 proposui—

2237 4458 2374 4526 ὂάνῃ
2400 4472 2412 4485 ·
2449 4450 2581 4519 οἷον,
2626 4453 3010 4523 Ἐκτησὰμην
3037 4455 3357 4523 ἄνθρωπον
3380 4455 3480 4508 διὰ
3502 4454 3610 4508 τοῦ
3638 4456 3812 4509 Θεοῦο

547 4566 694 4614 mus,
725 4546 1120 4603 ostendemus:
1153 4541 1273 4596 Jam
1308 4557 1460 4604 vero,
1506 4542 1602 4606 ait,
1625 4558 1716 4608 per
1742 4551 1793 4594 et
1828 4557 1913 4612 eas,
1954 4543 2124 4594 altera

550 4642 603 4695 in
629 4641 857 4695 alterius
885 4654 1026 4708 saepe
1053 4637 1229 4690 locum
1256 4635 1523 4697 succedit,
1547 4650 1671 4689 cum
1701 4635 1871 4686 altera
1900 4635 2126 4688 alterius

549 4734 698 4788 subit
722 4734 1088 4804 signiﬁcatum
1120 4745 1136 4796 ;
1180 4739 1259 4791 nt,
1288 4727 1505 4781 Possedi
1526 4728 1789 4779 hominem
1818 4743 1910 4794 per
1937 4727 2124 4790 Deum,

550 4826 695 4896 quod
731 4824 958 4894 perinde
996 4833 1098 4886 εει,
1141 4836 1205 4873 ac
1242 4820 1288 4873 si
1327 4819 1557 4881 diceret,
1593 4818 1664 4869 Ex
1701 4817 1830 4872 Deo.
1862 4817 1925 4869 Et
1954 4818 2082 4870 alibi
2115 4837 2126 4870 :

554 4921 890 4984 Quaecunque
933 4919 1251 4980 praeceperat
1280 4907 1487 4977 Moyses
1513 4906 1688 4960 Israel
1710 4922 1798 4974 per
1820 4907 2128 4959 mandatum

552 5009 784 5061 Domini.
822 5005 884 5058 Et
951 5017 1145 5056 rursus
1188 5019 1201 5054 :
1239 4998 1494 5068 Nunquid
1541 5015 1645 5052 non
1689 5015 1778 5067 per
1829 4997 1997 5051 Deum
2054 5008 2130 5050 (st

550 5099 918 5167 interpretatio
950 5095 1183 5149 eorum?
1236 5093 1339 5148 Per
1389 5095 1559 5146 Deum
1618 5093 1760 5146 enim
1795 5091 1958 5156 dixit,
2003 5106 2126 5144 cum

552 5192 739 5242 dicere
793 5187 974 5249 vellet,
1033 5185 1111 5238 Ex
1148 5184 1280 5238 Deo.
1337 5183 1574 5239 Sanctus
1609 5186 1772 5237 etiam
1807 5183 2042 5254 Cyl-illus
2073 5184 2125 5236 in

552 5281 782 5351 epistola
815 5277 880 5332 ad
914 5275 1248 5340 Nestorium,
1275 5291 1396 5346 qua:
1421 5276 1611 5344 incipit
1641 5294 1653 5330 :
1689 5275 1938 5342 Intelligo
1969 5290 2132 5344 quos-

554 5373 679 5425 dam
732 5371 872 5426 falso
895 5370 1184 5423 detrahere
1207 5384 1337 5422 mea:
1358 5368 1748 5422 existimationi
1781 5385 1793 5421 :
1826 5367 2125 5433 Quoniam,

733 5547 774 5578 "
804 5546 937 5602 Gen.
989 5562 1060 5613 Iv,
1100 5549 1147 5600 l.
1263 5547 1303 5577 ¹³
1335 5546 1470 5601 Gen.
1498 5563 1582 5614 XL,
1615 5547 1669 5603 8.

619 5735 696 5805 (θ)
733 5734 804 5788 De
826 5734 929 5804 fide
947 5733 1260 5787 orthodoxa.

1774 5549 1814 5579 ¹⁹
1844 5549 1856 5600 l
1909 5549 2034 5602 Cor.
2077 5565 2111 5610 ι,
2139 5549 2193 5602 9.

2238 4547 2331 4598 καὶ
2352 4546 2597 4613 ἑτέρωθιο
2628 4546 2782 4597 "Ova
2808 4544 3148 4598 ἐνετείλατο
3175 4544 3435 4612 Μωϋσῆς
3464 4543 3815 4612 τῷἸσραήᾹ

2238 4636 2336 4688 διὰ
2371 4635 2838 4704 προστάγματος
2869 4637 3091 4704 Κυρίου
3117 4651 3131 4665 ο
3163 4638 3256 4688 καὶ
3287 4638 3452 4688 πάλιν
3475 4651 3488 4664 °
3515 4639 3664 4704 Οὐχί
3717 4636 3816 4690 διὰ

2239 4729 2346 4782 τοῦ
2377 4728 2526 4782 Θεοῦ
2571 4729 2608 4795 ἡ
2655 4728 3029 4796 δίασάφησις
3070 4725 3272 4780 αὐτῶν
3302 4729 3472 4782 ἐστιν
3495 4745 3514 4792 ;
3545 4731 3668 4780 ἀντὶ
3721 4729 3814 4782 τοῦ

2239 4823 2302 4872 ἐκ
2324 4820 2415 4872 τοῦ
2441 4819 2576 4872 Θεοῦ
2600 4822 2773 4872 εἰπεῖν
2798 4822 2885 4873 διὰ
2925 4820 3019 4872 τοῦ
3045 4819 3181 4872 Θεοῦ
3213 4820 3457 4887 εἴρηκεν.
3500 4823 3561 4871 ὐ
3582 4819 3637 4872 δὲ
3660 4819 3817 4887 ἅγιος

2241 4910 2507 4980 Κύριλλος
2538 4913 2594 4962 ὲν
2619 4914 2685 4981 τῇ
2712 4912 2846 4980 πρὸς
2871 4911 3167 4981 Νεστόριον
3196 4911 3483 4980 ἐπιστολῇ,
3502 4904 3570 4981 ἦς
3592 4911 3626 4981 ἡ
3648 4910 3816 4979 ἀρχὴ,

2239 4995 2702 5073 Καταφλυαροῦσι
2755 5005 2877 5072 μὲν,
2913 5003 2985 5064 ὡς
3039 5002 3317 5070 μανθάνω,
3343 5001 3493 5065 τινὲς
3538 5001 3638 5072 τῆς
3676 5004 3817 5071 ἐμῆς

2237 5095 2580 5164 ὑπολήψεως,
2616 5097 2777 5164 φησίν
2804 5112 2816 5125 ⁸
2867 5095 3080 5165 Ἐπειδὴ
3112 5096 3290 5163 σάρκα
3318 5095 3499 5147 λαϐὼν
3527 5098 3816 5165 κεχρημά-

2236 5204 2358 5239 τικε
2407 5190 2502 5241 καὶ
2560 5189 2672 5250 ulla;
2723 5187 3036 5256 ἀνθρώπου,
3069 5189 3366 5254 ἀναγκαῖον
3399 5186 3703 5256 ὁμολογεῖν,
3734 5188 3816 5239 ὅτι

2241 5279 2564 5348 γεγέννηται
2615 5283 2759 5332 κατὰ
2814 5281 2994 5348 σάρκα
3039 5280 3127 5332 διὰ
3176 5279 3465 5346 γυναικός·
3526 5283 3619 5333 καὶ
3677 5281 3814 5348 μετὰ

2243 5371 2482 5440 βραχέα·
2531 5373 2588 5422 '0
2622 5374 2684 5422 ἐκ
2721 5370 2858 5422 Θεοῦ
2913 5372 3124 5440 Πιτρδς
3161 5373 3333 5439 Λόγος
3381 5373 3444 5423 ὲκ
3501 5371 3598 5442 τῆς
3650 5371 3818 5439 ἁγίας

2319 5728 2428 5801 (10)
2461 5732 2577 5784 Act.
2603 5729 2656 5796 5,
2693 5729 2744 5782 in
2767 5729 2960 5785 litteris
2979 5727 3215 5786 Tarasii.
