4112 6274
340 328 454 394 245

1576 350 1880 412 CONTRA
1921 350 2345 420 EPHESIUM.

3515 367 3612 430 146
3642 378 3647 381 ’

338 449 631 518 Παρθένςυ
664 451 827 507 ,ἐστί’
861 458 952 509 καὶ
983 462 1382 529 παρακατιὼν
1418 465 1751 536 Γεγέννηται
1806 468 1921 521 καθ¹

2035 473 2233 543 inquit,
2258 485 2538 547 assumpta
2591 493 2754 534 carne
2780 478 2952 535 Filius
2993 495 3209 550 quoque
3252 479 3487 537 hominis
3519 501 3611 538 ex-

338 541 501 610 ἠμᾶς
540 545 596 597 ἐκ
621 549 875 612 γυναικός
898 567 912 580 ·
945 553 1039 604 καὶ
1074 556 1197 624 μετ’
1220 556 1414 626 ὀλίγα·
1459 559 1518 619 Ὀ
1545 562 1609 613 ἐκ
1649 561 1786 614 Θεοῦ
1820 563 1932 614 Πα-

337 633 479 700 ’πρὸς
540 637 705 704 Λόγος
739 641 798 692 ἐν
834 646 1018 714 μορφῇ
1078 646 1173 699 τοῦ
1227 652 1620 721 γεγεννηκότος
1670 653 1930 724 ὑπάρχων

343 724 673 814 πατῴκησεν
723 732 782 782 ἐν
832 733 1106 808 ἀνθρώπῳ
1140 742 1455 811 γεννηθέντι
1500 745 1587 798 διὰ
1644 748 1927 814 γυναικός.

359 810 520 867 Ἐπεὶ
575 811 668 871 οὖν
720 821 1167 888 ἁντιμεθὶσταται
1203 830 1258 899 ἡ,
1296 810 1421 895 διὰ,
1459 833 1551 901 τῇ,
1585 810 1675 896 ἐκ,
1713 833 1929 901 λέγουσι

345 904 403 956 δὲ
437 907 491 959 oi
525 907 735 963 δυτικοὶ
768 913 1030 984 Πατέρες,
1058 920 1151 971 καὶ
1182 921 1246 973 ὲκ
1280 919 1369 973 τοῦ
1409 921 1558 985 Υἱοῦ,
1590 924 1639 974 οἱ
1695 923 1751 976 δὲ
1800 924 1931 977 ἀνα-

344 996 576 1060 τολικοὶ,
607 999 696 1055 διὰ
744 1004 839 1057 τοῦ
884 1006 1015 1061 Υἱοῦ
1065 1011 1159 1063 καὶ
1189 1012 1254 1065 ἐκ
1305 1012 1399 1065 τοῦ
1453 1013 1693 1079 Υίοῦ,οὑ
1722 1013 1929 1067 δίκαιόν

341 1085 465 1140 ἐστι
492 1089 720 1157 τούτους
757 1098 1108 1167 παριδόντας,
1142 1103 1262 1173 τὴν,
1300 1104 1421 1169 διὰ,
1458 1107 1579 1159 ἀντὶ
1612 1107 1730 1177 τῆς,
1753 1106 1926 1175 μετὰ,

343 1181 442 1233 καὶ
493 1183 617 1236 ἀντὶ
666 1187 785 1256 τῆς,
819 1190 962 1256 σὺν,
994 1195 1228 1247 ἐννοεῖν·
1261 1196 1323 1248 τὸ
1371 1198 1501 1267 γὰρ,
1530 1198 1637 1250 Σὺν
1689 1198 1765 1268 τῷ
1815 1196 1928 1266 Υἱῷ

341 1274 877 1354 ὲκπορευόμενον,ἢ
934 1287 1088 1340 Μετὰ
1132 1288 1225 1341 τοῦ
1277 1288 1411 1343 Υίοῦ
1468 1292 1923 1362 ἐκπορευόμενον,

338 1366 527 1429 οὐδεὶς
564 1368 675 1423 τῶν
711 1372 887 1440 ἁγίων
920 1376 1113 1447 εἴρηκε
1138 1392 1152 1407 ⁸
1187 1380 1346 1445 διότι,
1399 1381 1475 1444 ὠς
1512 1384 1607 1435 καὶ
1666 1384 1930 1453 προείρη-

340 1472 460 1518 ται.
493 1460 523 1511 6
555 1462 759 1530 τρόπος
809 1462 962 1528 οὗτος
1020 1470 1267 1534 ἑνὼσεως
1307 1473 1507 1541 μᾶλλόν
1557 1475 1672 1527 ἐστι
1725 1479 1818 1528 καὶ
1864 1476 1925 1529 οὑ

337 1548 692 1621 διακρίσεως.
741 1557 843 1611 Διὰ
894 1559 1055 1613 τοῦτο
1106 1566 1202 1615 καὶ
1253 1563 1352 1634 τὴν
1410 1564 1686 1634 διάκρισιν
1720 1567 1926 1635 ταύτην

340 1644 555 1708 εἰδότες
583 1647 631 1698 οἱ
668 1648 847 1711 καλῶς
878 1651 1238 1723 ἐπιστάμενοι
1272 1656 1340 1707 τὰ
1366 1657 1459 1709 τοῦ
1491 1656 1812 1725 Πνεῦματος
1838 1656 1925 1711 λέ-

338 1750 482 1801 γειν,
524 1737 589 1790 οὐ
640 1738 779 1807 μετᾶ
811 1740 906 1794 τοῦ
942 1742 1071 1796 Υξοῦ
1104 1745 1135 1813 ἢ
1172 1748 1269 1800 σὺν
1322 1748 1401 1817 τῷ
1438 1749 1551 1819 Υἱῷ
1582 1749 1643 1803 τὸ
1700 1749 1924 1819 Πνεῦμα

337 1827 748 1897 ἐκπορεύεσθαι
802 1835 1048 1905 ἔφησαν
1084 1840 1132 1892 si
1180 1840 1290 1909 γὰρ
1337 1842 1496 1895 τοῦτο
1528 1843 1792 1910 ἔγνωσαν,
1822 1847 1923 1899 οὐκ

333 1917 403 1971 ἂν
436 1922 465 1973 6
504 1924 683 1990 μέγας
725 1926 1045 1993 Ἀθανάσιος
1076 1932 1108 1999 ἡ
1142 1934 1292 2003 πηγὴ
1325 1934 1426 2003 τῆς
1457 1936 1736 2004 θεολογίας
1765 1941 1822 1990 ὲν
1848 1938 1924 2008 τῷ

334 2013 483 2066 κατὰ
516 2014 576 2066 Ἀ
588 2019 821 2084 ρειανῶν
844 2022 1091 2091 τετάρτῳ
1112 2025 1255 2092 λόγῳ
1283 2026 1495 2095 ἔλεγεν·
1522 2029 1596 2081 Οὐ
1620 2029 1680 2081 τὸ
1701 2031 1923 2100 Πνεῦμα

336 2100 612 2156 συνάπτει
669 2105 762 2157 τὸν
815 2108 991 2175 Λόγον
1042 2111 1118 2181 τῷ
1173 2115 1371 2184 Πατρὶ,
1409 2117 1544 2171 ἀλλὰ
1610 2120 1811 2188 μᾶλλον
1862 2124 1924 2174 τὸ

339 2190 573 2284 Πνεῦμα
603 2195 757 2265 παρὰ
785 2199 880 2252 τοῦ
914 2202 1088 2269 Λόγου
1116 2206 1275 2259 τοῦτο
1306 2208 1578 2276 λαμϐάνει
1603 2228 1616 2242 ·
1642 2214 1735 2264 καὶ
1773 2214 1828 2264 ὲν
1855 2216 1919 2284 τῇ

332 2282 472 2351 πρὸς
500 2285 831 2354 Σεραπίωνα
855 2307 870 2323 ·
894 2289 986 2345 Ἕν
1016 2294 1239 2366 Χριστῷ
1269 2292 1337 2367 ἦν
1362 2299 1420 2351 τὸ
1452 2300 1698 2370 Πνεῦμα,
1732 2282 1921 2374 ὥσπερ

332 2375 361 2425 6
395 2375 527 2439 Υἱὸς
562 2380 622 2430 ἐν
653 2380 730 2449 τῷ
758 2383 965 2454 Πατρί·
997 2387 1090 2439 καί
1114 2404 1128 2418 ·
1152 2387 1425 2457 Τοιαύτην
1458 2393 1622 2458 φύσιν
1650 2410 1743 2446 και
1767 2395 1923 2459 τάξιν

329 2467 446 2536 ἔχει
476 2470 539 2522 τὸ
572 2472 801 2542 Πνεῦμα
828 2476 967 2545 πρὸς
999 2478 1091 2529 τὸν
1122 2479 1263 2539 Υἰδν,
1292 2480 1411 2533 οῐαν
1440 2482 1551 2550 ἔχει
1578 2486 1602 2537 6
1634 2485 1758 2548 Υἱὸς
1784 2487 1920 2555 πρὸς

329 2562 422 2614 τὸν
456 2564 710 2633 Πατέρα.
748 2569 857 2619 Καὶ
892 2570 1174 2634 Βασίλειος
1205 2572 1259 2625 δὲ
1288 2575 1316 2626 6
1352 2575 1525 2641 μέγας
1551 2577 1578 2628 6
1605 2577 1705 2645 τῆς
1741 2578 1921 2632 θεολο-

328 2655 454 2719 γίας
501 2655 673 2722 βυθὸς
721 2659 783 2711 ἐν
822 2657 889 2723 ιζ’
916 2661 1028 2713 τῶν
1062 2664 1200 2731 πρὸς
1258 2666 1612 2736 Ἀμφιλόχιον
1643 2670 1785 2724 οὕτω
1815 2675 1921 2738 φά-

329 2761 475 2801 σκεν
526 2749 621 2812 Ὧς
652 2751 831 2804 τοίνυν
862 2751 976 2822 ἔχει
1001 2755 1027 2804 6
1058 2755 1185 2818 Υἱὸς
1212 2758 1349 2826 πρὸς
1380 2759 1473 2810 τὸν
1506 2760 1745 2831 Πατέρα,
1777 2762 1921 2817 οὕτω

330 2839 425 2893 καὶ
456 2841 604 2911 πρὸς
634 2843 727 2897 τὸν
758 2845 888 2897 Υἰὸν
918 2848 981 2898 τὸ
1014 2846 1240 2916 Πνεῦμα
1272 2850 1416 2903 κατὰ
1449 2850 1548 2919 τὴν
1579 2854 1637 2905 ὲν
1666 2854 1742 2923 τῷ
1777 2855 1920 2922 βαπ-

327 2930 567 2999 τίσματι
617 2934 1069 3005 παραδεδομένην
1103 2938 1197 2990 τοῦ
1236 2938 1395 3006 λόγου
1454 2942 1707 3010 σύνταξιν
1730 2960 1746 2977 ο
1779 2947 1827 2998 εἰ
1859 2946 1918 2999 δὲ

326 3020 388 3072 τὸ
423 3021 661 3090 Πνεῦμα
703 3024 781 3094 τῷ
832 3026 944 3095 Υίῴ
976 3028 1360 3093 συντέτακται,
1393 3033 1420 3084 6
1451 3033 1508 3085 δὲ
1540 3034 1671 3097 Υἱὸς
1700 3036 1775 3105 τῷ
1812 3038 1920 3089 Πα-

2033 567 2202 632 stitil,
2269 570 2584 624 necessario
2631 570 2911 624 fatendum
2942 581 3027 626 est
3063 571 3364 626 secundum
3389 588 3609 628 carnem

2034 669 2224 718 natum
2257 676 2381 717 esse
2411 678 2503 731 per
2539 664 2849 719 mulierem.
2877 664 3143 734 Et“paulo
3180 676 3301 735 post
3331 683 3345 720 :
3378 667 3471 720 Dei
3511 666 3612 719 Pa-

2034 756 2134 809 tris
2164 755 2400 809 Verbum
2429 754 2496 809 de
2522 765 2710 812 sancta
2739 757 2961 827 Virgine
2985 766 3087 813 est.
3128 758 3193 812 Et
3225 759 3364 813 intra
3390 778 3404 815 :
3435 759 3610 815 Natus

2032 857 2116 901 est
2154 863 2308 915 mque
2360 864 2425 903 ac
2457 865 2558 904 nos
2590 849 2658 904 de
2692 851 2940 906 muliere.
2979 853 3044 906 Et
3087 867 3194 905 non
3230 855 3401 907 mul-lo
3436 865 3560 918 post
3594 874 3606 909 :

2034 938 2126 992 Dei
2162 938 2337 995 Patris
2371 938 2603 994 Verbum
2629 940 2682 994 in
2716 939 2891 995 forma
2920 943 3004 996 sui
3032 943 3295 1009 genitoris
3325 943 3605 997 exsistens

2035 1027 2298 1081 habitavit
2330 1028 2382 1080 in
2419 1028 2643 1083 homine
2675 1038 2803 1082 nato
2821 1045 2917 1098 per
2947 1032 3255 1085 mulierem.
3285 1031 3420 1084 Cum
3443 1032 3610 1102 igitur

2029 1133 2120 1186 per
2166 1128 2219 1172 et
2260 1135 2325 1172 ex
2386 1120 2460 1172 ita
2493 1134 2551 1173 se
2600 1119 2857 1184 habeant,
2916 1128 2975 1173 ut
3006 1122 3229 1176 alterius
3256 1124 3438 1179 altera
3493 1125 3610 1178 vice

2030 1211 2312 1278 fungatur,
2350 1218 2404 1264 et
2462 1211 2655 1266 Patres
2703 1210 3081 1268 Occidentales
3135 1223 3403 1277 asserant,
3442 1216 3604 1269 etiam

2031 1320 2095 1355 ex
2129 1301 2292 1366 Filio,
2320 1300 2629 1357 Orientales
2662 1314 2849 1358 autem
2906 1321 3003 1371 per
3037 1306 3231 1359 Filium
3265 1314 3317 1359 et
3352 1322 3418 1360 ex
3445 1308 3605 1373 Filio,

2030 1410 2137 1448 non
2171 1405 2255 1449 est
2288 1410 2508 1463 aequum
2544 1396 2650 1451 illis
2688 1396 3020 1464 posthabitis
3047 1414 3265 1452 sumere
3316 1414 3429 1467 per,
3449 1401 3607 1469 quasi

2030 1488 2169 1541 idem
2204 1487 2607 1557 signiﬁcantem
2647 1498 2809 1557 atque
2848 1506 2985 1543 cum.
3019 1489 3412 1546 Procedentem
3459 1494 3603 1545 enim

2027 1595 2150 1633 cum
2188 1579 2348 1645 Filio,
2385 1595 2544 1633 nemo
2570 1580 2707 1634 dixit
2763 1590 3105 1645 sanctorum,
3155 1583 3603 1652 quandoquidem

2029 1668 2224 1725 modus
2253 1670 2376 1733 iste,
2406 1680 2465 1722 ut
2501 1678 2663 1725 antea
2698 1671 2904 1725 dictum
2935 1678 3040 1735 est,
3074 1673 3293 1726 unionis
3317 1672 3496 1742 potius
3525 1685 3609 1727 est

2028 1774 2191 1827 quam
2256 1760 2649 1815 distinctionis.
2712 1760 2922 1815 Idcirco
2995 1763 3403 1817 distinctionem
3461 1764 3600 1817 hanc

2028 1852 2288 1917 scientes,
2314 1853 2405 1920 qui
2434 1854 2579 1907 bene
2615 1864 2821 1906 norunt
2858 1838 3241 1923 philosophari
3273 1856 3340 1909 de
3372 1854 3615 1925 Spiritu,

2028 1960 2303 2013 nunquam
2328 1945 2589 1999 dixerunt
2645 1946 2911 2015 Spiritum
2946 1948 3246 2013 procedere
3271 1963 3392 2001 cum
3428 1948 3607 2013 Filio;

2027 2049 2151 2087 nam
2184 2035 2227 2089 si
2257 2035 2359 2089 hnc
2379 2036 2635 2101 scissent,
2660 2044 2809 2090 certe
2831 2052 3062 2106 magnus
3091 2038 3454 2102 Athanasius,
3484 2039 3609 2093 {ous

2027 2126 2116 2180 ille
2142 2125 2425 2182 facultatis
2458 2130 2803 2197 theologicae,
2837 2144 2945 2182 non
2988 2129 3219 2183 dixisset
3243 2141 3441 2197 quarto
3475 2146 3610 2183 con-

2028 2226 2107 2270 tra
2156 2217 2389 2272 Arianos
2426 2219 2565 2272 libro
2600 2240 2614 2274 :
2647 2219 2765 2273 Non
2806 2228 3030 2288 coaptat
3085 2219 3325 2289 Spiritus
3366 2219 3605 2274 Verbum

2027 2307 2201 2369 Patri.
2230 2308 2601 2379 sed'Spiritus
2636 2312 2815 2380 potius
2854 2327 2882 2364 a
2916 2310 3094 2366 Verbo
3137 2312 3237 2365 hoc
3274 2312 3499 2380 accipit.
3543 2310 3609 2366 Et

2028 2400 2079 2453 in
2120 2401 2348 2471 epistola
2376 2402 2443 2455 ad
2470 2402 2827 2468 Serapionem
2860 2421 2872 2455 :
2915 2402 2974 2457 In
3016 2403 3241 2458 Christo
3271 2413 3387 2457 erat
3429 2403 3606 2471 Spiri-

2024 2501 2136 2559 tus,
2164 2492 2505 2547 sicutFilius
2531 2495 2582 2546 in
2617 2492 2798 2548 Patre.
2836 2494 2898 2547 Et
2934 2513 2945 2549 :
2980 2495 3165 2550 Talem
3202 2505 3411 2549 natura:
3452 2496 3606 2549 ordio

2026 2599 2148 2637 nem
2182 2583 2343 2637 habet
2397 2584 2637 2652 Spiritus
2672 2587 2736 2636 ad
2798 2584 3019 2649 Filium,
3056 2586 3273 2653 qualem
3321 2566 3493 2639 Filius
3537 2587 3603 2638 ad

2022 2673 2267 2728 Patrem.
2300 2676 2362 2726 Et
2385 2675 2623 2729 Basilius
2653 2675 2899 2745 Magnus,
2927 2677 3597 2746 theologizeprofundum,

2025 2768 2204 2834 capite
2256 2767 2322 2820 ad
2375 2768 2818 2836 Amphilochium
2851 2769 3065 2822 decimo
3095 2770 3377 2840 septimo:
3416 2769 3605 2837 Itaque

2023 2856 2190 2921 sicut,
2225 2857 2428 2923 inquit,
2458 2856 2632 2910 Filius
2662 2872 2720 2911 se
2752 2859 2917 2911 habet
2942 2858 3006 2910 ad
3032 2859 3272 2925 Patrem,
3302 2860 3373 2912 ita
3403 2870 3455 2913 et
3484 2858 3608 2928 Spi-

2024 2950 2161 3001 ritus
2204 2949 2270 2999 atl
2311 2948 2532 3012 Filium,
2558 2950 2711 3015 juxta
2754 2952 2949 3005 seriem
2987 2951 3039 3004 in
3075 2950 3329 3019 baptismi
3364 2950 3600 3006 formula

2023 3040 2273 3092 traditam
2302 3060 2315 3105 ;
2350 3041 2473 3094 etsi
2508 3040 2645 3094 Filio
2668 3040 2910 3105 Spiritus
2931 3043 3283 3096 coordinalus
3304 3053 3408 3107 est,
3429 3044 3605 3100 Filius

329 3113 440 3180 τρὶ,
472 3114 575 3166 καὶ
606 3115 667 3168 τὸ
702 3116 927 3185 Πνεῦμα
950 3120 1027 3187 τῷ
1071 3122 1246 3192 Πατρὶ
1280 3123 1460 3191 δῆλον.
1491 3126 1601 3178 Καὶ
1630 3126 1709 3180 ἔτι
1756 3129 1917 3183 Ἀθα-

2025 3144 2153 3184 vero
2206 3129 2377 3193 Patri,
2430 3129 2699 3199 Spiritum
2757 3148 2979 3203 quoque
3010 3132 3153 3185 Patri
3212 3134 3600 3187 conrdinatum

328 3206 519 3267 νέσιος
557 3208 619 3259 ὲν
662 3206 740 3276 τῷ
784 3209 930 3279 λόγῳ
958 3211 1035 3277 τῷ
1073 3215 1216 3266 κατὰ
1268 3216 1459 3267 πασῶν
1488 3218 1594 3270 τῶν
1630 3221 1917 3288 αἱρέσεων,

329 3292 454 3365 οῦή
499 3298 673 3369 ἀρχὴ.
720 3301 793 3352 Τὸ
826 3302 1195 3371 προκείμενον
1250 3306 1359 3358 ἀπὸ
1412 3309 1506 3360 τοῦ
1561 3310 1918 3378 Εὑαγγελίου,

331 3391 502 3459 φησίν
531 3409 548 3423 ο
585 3394 821 3462 Ὁμοίως
848 3397 941 3449 καὶ
971 3397 999 3447 6
1034 3397 1205 3464 μέγας
1257 3399 1491 3465 Παῦλος,
1532 3401 1922 3465 Ἐξαπέστει-

328 3484 440 3535 λεν
472 3485 507 3536 ὀ
540 3482 690 3547 Θεὸς
723 3484 790 3536 τὸ
844 3484 1083 3554 Πνεῦμα
1117 3487 1227 3541 τοῦ
1284 3490 1427 3541 Υιοῦ
1473 3491 1659 3544 αὐτοῦ
1698 3493 1787 3557 εἰς
1814 3494 1922 3559 τὰς

332 3575 594 3640 καρδίας
648 3575 837 3643 ἡμῶν,
872 3576 1110 3643 κρᾶζον,
1154 3578 1329 3635 Ἀϐὅᾶ
1362 3582 1396 3633 ὁ
1424 3584 1629 3651 Πατήρ
1650 3600 1664 3615 ·
1696 3586 1788 3638 καὶ
1820 3587 1920 3639 αὒ-

331 3668 422 3728 τὸς
454 3669 484 3719 6
514 3667 709 3736 Πατὴρ
735 3668 881 3735 λέγει
902 3670 989 3722 διὰ
1015 3670 1109 3722 τοῦ
1160 3671 1401 3738 μεγάλου
1439 3675 1721 3743 προφήτου
1745 3695 1760 3709 ·
1800 3678 1921 3731 Ἐκ-

332 3760 451 3826 κεῶ
483 3759 609 3813 ἀπὸ
643 3758 752 3812 τοῦ
786 3763 1134 3829 Πνεύματός
1159 3780 1278 3829 μου
1310 3763 1407 3815 ἐπὶ
1444 3762 1651 3817 πᾶσαν
1677 3767 1872 3833 σάρκα
1904 3786 1916 3798 ·

333 3848 434 3901 καὶ
479 3850 1026 3917 προφητεύσουσι·
1062 3854 1157 3905 καὶ
1212 3852 1375 3910 αὐτὸς
1410 3856 1437 3906 6
1492 3856 1699 3926 Κύριος
1751 3859 1921 3913 ἐλθὼν

335 3941 516 3995 σῶσαι
551 3940 611 3993 τὸ
658 3941 816 4009 γένος
873 3942 1030 4011 ἡμῶν
1072 3942 1182 3996 τῶν
1234 3943 1563 4013 ἀνθρώπων,
1622 3947 1917 4019 αὺθεντικῇ

332 4036 487 4103 φωνῇ
523 4028 718 4084 εἶπενο
765 4031 913 4099 Ἐγὼ
959 4033 1029 4085 ἐν
1082 4033 1162 4098 τῷ
1208 4035 1389 4102 Ιιατρὶ
1429 4037 1526 4089 καὶ
1558 4041 1590 4090 d
1621 4040 1822 4108 Πατὴρ
1849 4042 1920 4094 ἐν

333 4124 468 4192 ἐμοι
489 4141 503 4156 °
532 4123 650 4176 καί·
670 4124 818 4191 Ἐγώ
844 4128 964 4193 ειμι
989 4128 1026 4194 ἡ
1050 4127 1307 4193 ἀλήθεια
1324 4144 1337 4158 '
1370 4131 1486 4183 καί·
1505 4131 1651 4185 Ἐὰν
1680 4132 1919 4190 ἀπέλθω

337 4218 491 4283 πρὸς
525 4216 637 4267 τὸν
665 4214 897 4284 Πατέρα
941 4235 1085 4284 μου,
1109 4220 1221 4272 οὐκ
1272 4220 1489 4288 ἀφήσω
1538 4221 1696 4289 ὑμᾶς
1739 4224 1917 4291 ὀρφα-

228 4360 235 4369 ,
336 4307 507 4373 γοὺς,
541 4307 703 4360 ἀλλά
729 4307 1088 4362 ἀποστέλλω
1114 4311 1258 4379 ὑμῖν
1287 4312 1392 4364 τὸν
1425 4313 1823 4381 Παράκλητον
1850 4316 1917 4370 τὸ

339 4399 585 4468 Πνεῦμα
614 4398 725 4466 τῆς
748 4399 1061 4465 ἀληθείας.
1106 4402 1242 4455 Ἰδοὺ
1270 4403 1331 4455 τὸ
1360 4402 1585 4473 Πνεῦμα
1612 4406 1672 4457 ὲν
1697 4409 1762 4474 τῇ
1788 4407 1918 4478 ἀλη-

2023 3233 2144 3272 εεεε
2192 3220 2547 3289 perspicuum
2578 3230 2683 3275 est.
2737 3218 2947 3276 Rursus
3002 3222 3115 3275 haec
3156 3223 3315 3276 habet
3357 3223 3603 3276 Athana-

2023 3315 2138 3369 sius
2169 3313 2221 3366 in
2260 3328 2513 3367 sermone
2541 3321 2731 3368 contra
2768 3330 2957 3367 orunes
2989 3315 3223 3368 lnereses
3250 3355 3264 3378 ,
3304 3316 3461 3384 cujus
3491 3315 3600 3369 ini-

2025 3405 2161 3457 tium
2205 3421 2218 3458 :
2260 3402 2607 3471 Propositum
2656 3404 2815 3457 nobis
2848 3416 2929 3458 est
2970 3420 3036 3459 ex
3075 3406 3387 3474 Evangelio.
3429 3406 3599 3457 Simi-

2023 3496 2147 3550 liter
2182 3502 2235 3548 et
2268 3511 2503 3564 magnus
2533 3494 2741 3550 Paulus
2776 3510 2790 3549 :
2826 3496 2972 3549 Misit
3005 3496 3141 3549 Deus
3174 3498 3437 3563 Spiritum
3473 3496 3599 3549 Falii

2023 3590 2106 3641 sui
2141 3587 2192 3639 in
2232 3587 2395 3639 corda
2428 3596 2611 3640 nostra
2652 3588 2995 3650 clamantem,
3058 3588 3205 3640 Abba
3242 3588 3406 3641 Pater
3434 3590 3503 3643 ὀ.
3536 3589 3604 3643 Et

2022 3680 2180 3734 Pater
2230 3683 2347 3749 ipse
2376 3694 2471 3745 per
2505 3694 2754 3745 magnum
2794 3681 3116 3748 prophetam
3146 3682 3222 3733 ait
3257 3700 3269 3734 :
3309 3680 3600 3749 E/fnndam

2022 3771 2084 3823 de
2111 3769 2327 3837 Spiritu
2370 3785 2480 3822 meo
2512 3784 2667 3838 super
2697 3784 2897 3822 omnem
2951 3785 3204 3833 carnem,
3241 3783 3288 3825 et
3311 3775 3598 3841 pruphela-

2022 3864 2147 3916 bunt
2181 3864 2249 3916 ".
2280 3862 2343 3915 Et
2370 3863 2486 3929 ipse
2511 3861 2777 3916 Dominus
2801 3878 2924 3915 cum
2951 3862 3016 3915 ad
3050 3863 3330 3918 ferendam
3357 3867 3600 3918 humano

2022 3952 2205 4022 generi
2230 3953 2463 4006 salutem
2489 3952 2755 4015 venisset,
2784 3969 2916 4007 voce
2940 3969 3090 4014 usus,
3115 3972 3235 4021 qtae
3257 3955 3597 4024 maiestatem

2026 4040 2241 4094 Domini
2275 4040 2509 4094 decebat
2555 4058 2568 4093 :
2603 4044 2739 4110 Ego,
2763 4042 2963 4111 inquit,
2986 4044 3037 4096 in
3070 4042 3253 4105 Patre,
3275 4054 3323 4097 et
3366 4044 3601 4099 l’aterin

2022 4150 2102 4187 me
2154 4142 2231 4185 est
2264 4133 2331 4184 ".
2378 4132 2441 4185 Et
2476 4149 2489 4185 :
2525 4133 2637 4202 Ego
2688 4150 2805 4187 sum
2843 4138 3033 4189 veritas
3067 4136 3114 4167 ⁸³
3144 4153 3161 4200 ;
3196 4147 3250 4190 ει
3288 4157 3297 4188 :
3335 4136 3393 4190 Si
3418 4137 3601 4191 abiero

2020 4226 2090 4276 ad
2145 4221 2363 4277 Patrem
2420 4242 2613 4288 meum,
2672 4243 2774 4279 non
2832 4228 3125 4295 relinquam
3165 4246 3249 4281 ros
3288 4233 3595 4297 orphanos,

2018 4316 2110 4369 sed
2145 4319 2352 4370 mittam
2385 4318 2527 4371 vobis
2577 4317 2918 4371 Paracletum
2955 4321 3219 4389 Spiritum
3252 4324 3490 4376 veritatis
3528 4321 3596 4374 "‘.

2024 4408 2234 4462 Eccein
2269 4409 2500 4462 veritate
2529 4407 2801 4477 Spiritus:
2836 4421 2889 4465 et
2924 4413 3124 4464 veritas
3148 4415 3199 4465 in
3230 4414 3431 4477 Patre;
3470 4429 3600 4467 ecce

339 4487 481 4558 θείᾳ,
509 4491 543 4558 ἠ
575 4489 806 4558 ἀλήθεια
834 4491 891 4542 ὲν
915 4489 992 4558 τῷ
1021 4492 1200 4561 Πατρί
1226 4509 1240 4523 ο
1270 4492 1379 4545 ίδοὺ
1413 4494 1444 4563 ἡ
1475 4494 1647 4562 Τριὰς
1677 4477 1919 4567 ἀδιαίρε-

2025 4500 2263 4555 Trinitas
2298 4500 2602 4553 individua.
2636 4500 2737 4565 Qui
2770 4515 2899 4569 ergo
2934 4502 3126 4555 dicunt
3156 4504 3617 4571 pnepositiouem.

338 4596 452 4642 τος.
488 4580 554 4632 0i.
599 4579 693 4633 οὖν
741 4579 994 4647 λέγοντες
1027 4582 1149 4650 τὴν,
1182 4582 1303 4644 διὰ,
1328 4584 1451 4636 ἀντὶ
1480 4585 1600 4655 τῆς,
1633 4587 1805 4655 μετὰ,
1830 4592 1921 4641 κα)⁸

340 4671 462 4740 τῆς,
492 4670 636 4737 σὺν,
663 4671 724 4723 οὐ
761 4671 1047 4740 προδήλως
1098 4672 1359 4736 ἐναντίως
1406 4674 1628 4742 λέγουσι
1658 4680 1779 4741 ταῖς
1813 4678 1921 4732 τῶν

346 4763 602 4830 Πατέρων
634 4762 936 4829 θεολογίαις
967 4779 981 4828 ἱ

1036 4855 1229 4909 ΕΦΕΣ.

411 4948 557 5018 Ὅρα
579 4949 637 5002 δὲ
660 4949 755 5003 καὶ
809 4950 905 5002 ἐπὶ
931 4950 1026 5020 τῆς
1060 4951 1369 5021 γεννήσεως
1390 4968 1403 4983 ·
1436 4953 1539 5007 Τὸν
1568 4953 1637 5008 ἐκ
1666 4954 1772 5010 τοῦ
1799 4959 1919 5010 Πα-

341 5040 501 5107 τρός,
519 5040 673 5111 φησὶ,
703 5041 1074 5110 γεννηθέντα
1103 5042 1218 5109 πρὸ
1245 5043 1493 5097 πάντων
1522 5043 1641 5098 τῶν
1663 5045 1912 5100 αἰώνων.

340 5133 432 5201 Μή
464 5150 543 5197 τις
577 5134 816 5188 ἐνταῦθα
869 5136 950 5199 τὸ,
1006 5137 1071 5188 ὲκ
1125 5137 1314 5206 μόνου,
1365 5136 1758 5206 προστίθησινς
1796 5139 1913 5192 ἀλλ’

340 5221 492 5274 οὐδὲν
514 5219 680 5295 ἦττον
700 5225 932 5294 νοοῦμεν
956 5224 1136 5289 τοῦτο,
1160 5226 1255 5278 καὶ
1278 5224 1510 5295 λέγομεν
1534 5227 1695 5295 ἡνίκα
1719 5226 1909 5298 δεήσῃ·

341 5311 473 5382 παρ’
500 5315 713 5377 οὐδενὸς
763 5315 873 5386 γὰρ
905 5316 1071 5370 ἄλλου
1103 5317 1400 5385 γεννᾶσθαι
1452 5317 1543 5370 τὸν
1573 5318 1702 5371 Υἱὸν
1731 5335 1906 5389 μεμα·

342 5404 610 5474 θήκαμεν.

1023 5502 1231 5556 ΑΠΟΛ.

406 5587 528 5641 Ὅτι
553 5590 653 5660 μὲν
688 5592 749 5644 ὲκ
786 5593 950 5663 μόνου
988 5592 1083 5647 τοῦ
1125 5595 1339 5665 Πατρὸς
1366 5596 1455 5649 τὸν
1488 5596 1613 5649 Υίδν
1643 5589 1784 5649 εἶναι
1813 5598 1908 5649 καὶ

408 5764 453 5793 ’δ
483 5766 655 5825 Galat.
693 5786 767 5836 tv,
802 5770 854 5827 ϐ.

970 5771 1147 5828 “Joel
1182 5789 1241 5840 tt,
1295 5776 1383 5830 2').
1485 5736 1526 5805 ’έ
1577 5770 1737 5828 Joan.
1782 5789 1897 5841 11v,
1928 5773 2010 5827 ll.

2020 4608 2109 4657 per
2140 4592 2278 4645 sumi
2309 4591 2431 4644 loco
2462 4590 2868 4659 pra~positionis
2898 4609 3043 4655 cum,
3082 4609 3265 4648 nonne
3304 4596 3611 4649 tuanil‘eSIe-

2020 4681 2381 4735 adversantur
2417 4681 2708 4750 theologia:
2765 4691 3082 4736 sanctorum
3111 4683 3149 4735 ?.-

2676 4859 2922 4914 EPHES.

2092 4950 2207 5006 Hoc
2232 4953 2411 5020 ipsum
2447 4952 2822 5023 generationis
2859 4953 3113 5021 exetuplo
3146 4954 3290 5008 scies
3321 4970 3387 5006 ea:
3411 4951 3597 5019 Patre,

2021 5044 2217 5113 inquit,
2250 5052 2593 5101 natum.ante
2626 5046 2815 5099 omnia
2856 5046 3076 5099 saecula.
3135 5044 3403 5115 Numquid
3447 5047 3607 5102 addit.

2016 5138 2313 5206 quispiam,
2346 5137 2422 5189 Ex
2455 5136 2574 5190 solo
2606 5136 2627 5189 ?
2655 5136 2837 5190 Nihilo
2869 5147 3051 5189 tamen
3084 5136 3267 5191 secius
3296 5140 3397 5191 hoc
3432 5137 3600 5189 intel-

2016 5228 2253 5297 ligimus.
2275 5236 2329 5279 et
2359 5230 2401 5280 si
2422 5228 2640 5295 quando
2662 5242 2799 5295 opus
2828 5226 3013 5289 fuerit,
3037 5229 3395 5297 exprimimus
3424 5246 3435 5281 :
3466 5244 3611 5282 nam.

2018 5318 2213 5372 Filium
2256 5334 2284 5370 a
2313 5318 2463 5371 nullo
2496 5321 2743 5387 generari
2775 5318 3093 5373 didicimus.

2701 5498 2896 5552 RESP.

2088 5590 2307 5644 Fatetur
2346 5600 2403 5646 et
2429 5592 2544 5659 ipse
2589 5592 2670 5643 vir
2727 5589 3242 5659 praestantissimus,
3298 5584 3489 5638 Filium
3519 5599 3592 5641 ex

2117 5768 2407 5826 “ibid.6.
2516 5766 2711 5823 “ibid.
2777 5767 3008 5832 ιεςςν,
3050 5765 3143 5817 ~26.
