4112 6274
310 336 417 399 153

312 451 536 543 γεῖσθαι
564 455 665 524 τὴν
694 459 971 530 πατρικὴν
1018 463 1323 521 ὑπόστασιν
1353 474 1529 543 ἀρχὴν
1586 479 1679 530 καὶ

310 538 449 593 Υῖοῦ
489 546 588 596 καὶ
621 546 974 617 Πνεῦματος·
1006 556 1097 607 τὸν
1132 556 1187 608 δὲ
1219 558 1347 612 Υῖὸν
1547 566 1613 619 ἂν
1662 570 1891 638 ἀρχικὸν

311 632 494 731 dimov
524 636 986 710 ὁμολογήσαιμεν,
1016 646 1139 699 οὐδὲ
1182 651 1243 701 ἐκ
1274 652 1367 705 τοῦ
1400 654 1531 708 Υιοῦ
1564 658 1625 709 τὸ
1665 632 1885 731 Πνεῦμα

309 722 375 823 t6
431 726 591 823 ἒγιον
638 730 909 801 ἐροῦμεν,
967 740 1107 794 ἀλλὰ
1160 745 1255 795 καὶ
1301 746 1363 799 ὲκ
1420 749 1514 801 τοῦ
1575 751 1705 805 Υῐοῦ
1754 722 1892 823 μετὰ

311 814 404 867 τδν
434 818 675 889 Πατέρα,
709 826 855 891 μετὰ
898 829 1019 894 τοῦ,
1053 832 1175 897 xui,
1234 839 1646 903 συμπλεκτικοῦ
1705 845 1893 896 συνδέ-

310 923 480 1002 agor),
511 909 572 962 '0
633 915 733 981 μὲν
765 917 872 987 γὰρ
905 921 967 973 ὲκ
1031 923 1127 975 τοῦ
1162 925 1289 977 Υἰοῦ
1342 928 1403 979 τὸ
1441 930 1665 1000 Πνεῦμα
1716 934 1889 1002 λέγων

307 998 552 1068 ὑποψίαν
617 1008 844 1078 παρέχει
905 1017 1001 1065 τὸν
1049 1015 1176 1068 Υῖδν
1218 1020 1447 1089 ἀρχικὸν
1496 1024 1671 1078 αἴτιον
1722 1032 1884 1083 νοεῖν.

303 1091 403 1184 Ᾱᾷιὰ
440 1094 606 1149 τοῦτο
659 1102 755 1153 καὶ
808 1103 837 1155 6
888 1104 1032 1169 θεῖος
1079 1109 1338 1183 Ἰωάννης
1392 1118 1557 1184 φησὶν
1587 1157 1601 1180 ,
1654 1120 1748 1173 Ἐκ
1794 1121 1884 1174 τοῦ

304 1182 435 1277 rio;
495 1188 557 1241 τὸ
612 1192 834 1263 Πνεῦμα
890 1199 953 1252 οὐ
1009 1182 1383 1269 λέγομενςὉ
1435 1182 1491 1261 δὲ
1546 1210 1755 1277 λέγων,
1813 1213 1885 1267 Τὸ

284 1276 534 1371 ’Πνεῦμα
587 1284 650 1336 ἐκ
701 1286 795 1338 τοῦ
847 1290 1059 1360 Πατρδς
1097 1295 1187 1347 διὰ
1240 1298 1333 1351 τοῦ
1388 1299 1540 1363 Υῖοῖ,
1677 1305 1739 1357 ὲκ
1789 1304 1882 1358 τοῦ

304 1368 521 1461 Πατρδς
551 1376 645 1426 καὶ
672 1378 735 1429 ἐκ
761 1379 856 1431 τοῦ
885 1381 1036 1445 Υἱοῦ,
1068 1388 1351 1457 προδήλως
1376 1368 1632 1461 ὁμολογεῖ
1655 1394 1745 1447 τόν
1775 1398 1883 1448 [la-

296 1458 436 1524 τέρα
468 1461 637 1527 μόνον
662 1465 895 1535 ἀρχικὸν
921 1471 1095 1526 αῖτιον
1123 1478 1217 1544 τῆς
1245 1479 1337 1531 τοῦ
1371 1482 1685 1553 Πνεύματος
1715 1488 1882 1539 ἐκπο-

299 1548 541 1612 ρεύσεως
567 1569 585 1586 ο
622 1555 803 1610 πάντα
844 1561 952 1630 γὰρ
993 1565 1092 1617 ὅσα
1136 1567 1248 1635 ἔχει
1289 1573 1315 1622 ό
1357 1548 1661 1643 Υξέςίέχει
1702 1576 1880 1630 λαὸὼν

293 1639 467 1737 ταῦτα
500 1645 659 1713 παρὰ
682 1650 776 1701 τοῦ
809 1653 1039 1719 Πατρδς,
1069 1658 1338 1725 οὺσιωδῶς
1367 1639 1693 1736 δηλαδὴ-αισι
1722 1689 1875 1737 φυσιν

296 1731 426 1829 κιῦς,
459 1734 539 1798 ὠς
571 1742 779 1807 κυρίως
818 1744 942 1807 Υἱὸς
974 1748 1037 1799 ὲκ
1071 1753 1272 1820 κυρίως
1307 1731 1516 1825 Πατρός
1542 1731 1791 1829 ’,μᾶλλον
1820 1764 1875 1816 δὲ

293 1823 475 1878 πάντα
519 1829 641 1897 ἔχει
688 1836 827 1900 μετὰ
871 1840 959 1891 τοῦ
1010 1843 1242 1913 Πατρός,
1283 1849 1358 1911 ὼς
1402 1823 1564 1912 αὐτὸς
1592 1823 1630 1904 ’ὁ
1677 1855 1874 1925 Κύριός

293 1932 448 2017 (ρησι,
478 1921 577 1972 καὶ
604 1923 683 1986 ὡς
713 1926 743 1976 6
774 1927 1042 1996 Κύριλλος
1070 1934 1351 2003 ἐξηγεῖται
1375 1956 1389 1969 ·
1422 1943 1558 2010 φησὶ
1585 1943 1693 2012 γὰρ
1722 1921 1781 1998 ἐν
1807 1951 1871 2017 τῇ

294 2010 566 2110 ἀπολογίᾳ
598 2020 665 2085 τῇ
702 2020 841 2088 πρδς
870 2023 1217 2095 Θεοόὡρητον
1247 2031 1342 2083 τοῦ
1376 2032 1421 2084 θ’
1446 2010 1740 2101 κεφαλαῖυυ
1761 2079 1775 2103 ,

291 2105 323 2168 ἡ
360 2104 527 2172 ἁρχὴ,
564 2108 788 2172 Φθάσας
824 2114 979 2184 ἔφην,
1018 2119 1099 2171 ὅτι
1137 2124 1248 2184 τοῖς
1282 2124 1580 2195 Νεστορῖου
1617 2104 1874 2199 βατταρί-

294 2196 467 2291 σμοῖς,
501 2196 680 2291 ἤγουν
708 2201 1079 2274 δυσφημίαις·
1117 2211 1509 2283 Ἐκπορεύεται
1544 2196 1642 2287 μὲν
1673 2196 1870 2291 γὰρ-ὲκ

286 2286 377 2337 τοῦ
408 2288 546 2341 Θεοῦ
588 2294 687 2347 καὶ
720 2298 932 2368 Πατρὸς
964 2302 1025 2353 τὸ
1062 2305 1287 2373 Πνεῦμα
1320 2309 1382 2359 τὸ
1414 2286 1570 2377 ᾶγιον
1604 2286 1757 2366 κατὰ·
1772 2318 1870 2385 τὴν

284 2378 375 2471 τοῦ
426 2382 694 2454 Σωτῆρος
745 2394 953 2456 φωνὴν,
1000 2395 1115 2447 ἀλλ’
1142 2399 1244 2452 οὐκ
1288 2401 1569 2471 ἀλλότριόν
1613 2407 1729 2457 ἐστι
1775 2378 1868 2459 τοῦ

285 2470 412 2524 Υῐοῦ
435 2514 450 2537 ,
489 2478 684 2531 πάντα
717 2480 825 2551 γὰρ
856 2483 969 2553 ἔχει
1000 2488 1140 2539 κατὰ
1168 2490 1261 2542 τοῦ
1302 2470 1509 2562 Πατρός
1537 2510 1550 2523 ⁶
1585 2498 1677 2549 καὶ
1710 2498 1869 2550 τοῦτο

284 2565 441 2628 αὐτὸς
481 2567 738 2636 ἐδίδαξεν
778 2574 948 2628 εἰπὼν
990 2582 1121 2647 περὶ
1164 2582 1257 2633 τοῦ
1306 2584 1461 2652 ἁγίου
1507 2588 1822 2657 Πνεύματος
1850 2607 1863 2620 ’

282 2657 479 2711 Πάντα
508 2661 639 2715 ὅσα
670 2663 793 2732 ἔχει
824 2670 856 2720 ό
885 2671 1086 2739 Πατὴρ
1116 2674 1226 2740 ἐμά
1256 2676 1387 2730 ἐστι
1409 2694 1422 2708 ·
1457 2679 1556 2732 διὰ
1584 2682 1758 2734 τοῦτο
1788 2679 1864 2736 εῖ-

280 2762 412 2816 πον,
452 2753 553 2808 Ἐκ
600 2758 709 2811 τοῦ
741 2759 886 2827 ἐμοῦ
918 2765 1181 2830 λήψεται
1216 2770 1311 2820 καὶ
1349 2770 1673 2840 ἀναγγελεῖ
1700 2776 1860 2841 ὑμῖν.

281 2841 387 2894 Καὶ
429 2844 589 2899 οὕτω
633 2849 864 2918 νοοῦμεν
914 2854 1005 2906 τὸν
1049 2856 1203 2922 ἆγιον
1244 2860 1499 2931 Ἰωάννην
1552 2870 1863 2934 συμφωνεῖν

283 2935 414 3000 μετὰ
446 2938 555 2991 τῶν
606 2938 808 2996 λοιπῶν
842 2945 1015 3011 ἁγίων
1048 2948 1155 3000 τῶν
1190 2950 1458 3019 λεγόντων
1479 2997 1492 3018 ,
1530 2958 1637 3009 Καὶ
1672 2961 1736 3012 ὲκ
1767 2960 1860 3012 τοῦ

293 3027 408 3081 fieri
433 3071 448 3095 ,
483 3030 582 3084 διὰ
612 3034 706 3086 τοῦ
749 3036 874 3089 Υιοῦ
898 3080 910 3101 ,
948 3041 1043 3092 καὶ
1081 3041 1170 3105 Ἐξ
1206 3045 1426 3113 ἀμφοῖν.
1470 3050 1528 3101 Ei
1563 3050 1620 3103 δὲ
1654 3055 1749 3123 οὐχ
1786 3057 1859 3115 ὡς

1559 360 1862 421 CONTRA
1910 365 2336 439 EPIIESIUM.

3470 391 3573 458 154

1715 479 1896 578 αἰτίαν
1924 483 1972 540 Δ
2000 500 2251 546 sanctum
2300 511 2425 551 esse
2484 514 2547 551 ex
2600 498 2757 566 Filio,
2788 502 2883 557 sed
2920 504 3084 559 etiam
3126 521 3190 560 ex
3242 506 3382 561 Filio
3449 518 3575 578 post

1997 584 2235 650 Patrem,
2260 592 2504 657 apposita
2550 601 2597 645 et
2636 595 3027 661 conjunctione
3059 598 3397 666 copulativa.
3436 600 3569 656 Nam

1995 680 2089 744 qui
2122 680 2386 747 Spiritum
2415 698 2478 735 ex
2515 683 2651 737 Filio
2702 686 2853 749 dicit,
2904 690 3277 757 suspicionem
3307 693 3419 758 dat,
3478 693 3570 749 Fi-

1993 768 2123 822 lium
2158 786 2188 823 a
2224 787 2283 825 se
2328 772 2552 841 intelligi
2604 776 2924 842 primarium
2962 781 3316 849 principium.
3361 784 3570 838 Idcirco

1992 872 2220 917 sanctus
2270 862 2535 931 Joannes,
2593 867 2854 936 Spiritum
2886 908 2899 928 ,
2952 870 3149 939 inquit,
3184 889 3248 925 ex
3287 872 3426 926 F-ilio
3455 890 3563 927 non

1989 952 2245 1011 dicimus.
2287 957 2390 1021 Qui
2451 973 2577 1011 vero
2637 960 2765 1015 dicit
2827 961 3088 1029 Spiritum
3148 979 3213 1017 ex
3276 965 3434 1019 Patre
3475 966 3597 1035 per'

1993 1043 2215 1107 Filium,
2270 1049 2384 1100 sive
2413 1067 2477 1102 ex
2537 1051 2699 1105 Patre
2726 1061 2779 1106 et
2808 1068 2873 1106 ex
2933 1054 3092 1118 Filio,
3150 1066 3337 1124 aperte
3368 1056 3566 1111 fatetur

1988 1138 2164 1189 solum
2203 1139 2416 1192 Patrem
2448 1156 2571 1195 esse
2592 1143 2949 1209 primordiale
2987 1146 3318 1213 principium
3360 1148 3565 1216 produ—

1987 1226 2189 1281 ctionis
2236 1233 2409 1283 sancti
2460 1232 2717 1300 Spiritus.
2757 1232 2889 1286 Nam
2922 1237 3104 1289 omnia
3135 1253 3255 1304 quae
3281 1237 3445 1291 habet
3474 1238 3562 1292 Fi-

1986 1318 2110 1381 lius,
2162 1331 2383 1390 accepta
2448 1325 2617 1378 refert
2654 1325 2825 1387 Patri,
2869 1328 3240 1381 essentialiter
3300 1330 3557 1383 nimirum

1983 1420 2037 1463 et
2072 1413 2414 1477 naturaliter,
2470 1423 2527 1467 ut
2568 1416 2784 1484 proprie
2816 1415 2988 1470 Filius
3025 1420 3297 1487 propried
3332 1422 3405 1473 cti
3457 1421 3558 1475 Pa-

1984 1498 2083 1552 tris
2119 1518 2130 1552 :
2162 1501 2272 1555 imo
2334 1518 2465 1555 vero
2517 1520 2640 1558 cum
2699 1504 2859 1559 Patre
2922 1508 3084 1561 habet
3116 1511 3322 1572 omnia,
3349 1519 3407 1563 ut
3439 1512 3556 1578 ipse

1985 1591 2245 1645 Dominus
2270 1594 2366 1659 ait,
2395 1605 2449 1649 et
2507 1594 2744 1666 Cyrillus
2796 1599 3037 1666 exponit.
3082 1600 3133 1654 ls
3163 1601 3332 1664 enim,
3381 1602 3433 1654 in
3474 1619 3556 1655 rv-

1982 1682 2277 1750 Sponsione
2308 1686 2373 1738 ad
2406 1685 2807 1741 Theodoretum
2856 1706 2954 1757 pro
3010 1707 3159 1744 nono
3192 1693 3556 1764 capiteuqna:

1985 1774 2176 1841 incipit
2208 1792 2220 1826 :
2252 1775 2369 1830 Jam
2406 1777 2540 1839 dixi,
2575 1788 2766 1832 contra
2827 1780 3063 1835 Nestm-ii
3101 1797 3294 1849 nugas,
3331 1785 3431 1838 hoc
3468 1792 3555 1839 est

1982 1865 2399 1936 blasphemias:
2449 1871 2699 1925 Procedit
2757 1874 3001 1939 quidem,
3062 1875 3264 1942 inquit,
3314 1874 3553 1946 Spiritus

1978 1969 2204 2012 sanctus
2229 1976 2293 2013 ex
2324 1962 2429 2013 Deo
2452 1959 2615 2016 Patre
2667 1964 2821 2030 juxta
2855 1981 3042 2019 vocem
3099 1965 3421 2031 Salvator-is,
3454 1968 3551 2022 sed

1979 2067 2085 2103 non
2136 2061 2219 2105 est
2251 2051 2461 2106 alienus
2493 2069 2518 2105 a
2550 2052 2711 2116 Filio,
2779 2072 2903 2108 nam
2968 2058 3151 2109 omnia
3210 2072 3336 2111 cum
3393 2057 3551 2112 Patre

1977 2143 2169 2208 habet;
2192 2151 2244 2196 et
2263 2143 2368 2196 hoc
2395 2144 2512 2212 ipse
2546 2146 2753 2207 docu't,
2778 2147 2844 2200 de
2871 2147 3076 2216 Spiritu
3106 2158 3296 2203 sancto
3318 2150 3546 2204 dicens:

1976 2234 2167 2287 Omnia
2190 2252 2508 2306 quacunque
2541 2238 2693 2290 habet
2751 2238 2931 2303 Pater,
2960 2257 3074 2293 mea
3116 2252 3278 2303 sunt;
3306 2253 3547 2309 promer-

1972 2342 2032 2377 ea
2061 2326 2195 2390 dixi,
2251 2328 2378 2396 quia
2412 2329 2476 2380 de
2536 2345 2647 2381 meo
2694 2330 2934 2396 accipiet,
2972 2340 3018 2383 et
3085 2332 3420 2384 amtuntiabit
3463 2350 3550 2387 r0-

1974 2419 2054 2473 bis
2088 2421 2155 2474 “.
2188 2422 2365 2487 Atque
2422 2419 2499 2472 ita
2556 2420 2917 2489 intelligimus
2976 2433 3223 2475 sanctmn
3276 2423 3546 2478 Joannem

1970 2511 2261 2563 convenire
2281 2526 2403 2563 cum
2431 2510 2645 2564 caeteris
2662 2512 2865 2566 sanctis
2889 2512 3234 2566 dicentibus:
3267 2516 3329 2568 Et
3368 2531 3430 2567 ex
3462 2515 3549 2568 Fi-

1970 2601 2063 2663 lio,
2093 2600 2194 2654 Per
2238 2600 2460 2665 Filium,
2498 2609 2552 2655 et
2582 2603 2663 2654 Ab
2691 2609 2948 2671 utroque.
2994 2603 3147 2669 Quod
3195 2604 3240 2657 si
3279 2605 3547 2674 intelliga-

1970 2710 2089 2747 mus
2117 2712 2223 2748 non
2255 2711 2321 2750 eo
2342 2710 2504 2751 sensu
2557 2695 2765 2749 dictum
2808 2711 2929 2750 esse
2961 2712 2989 2750 a
3027 2706 3238 2761 sancto,
3277 2696 3348 2749 Ex
3411 2696 3546 2749 Filio

1967 2799 2095 2837 vero
2132 2800 2236 2838 non
2269 2787 2509 2840 dicimus
2541 2805 2553 2839 :
2591 2797 2649 2839 ut
2682 2787 3002 2853 primarium
3050 2797 3279 2854 negaret
3340 2789 3544 2856 princi-

1964 2878 2134 2946 pium,
2169 2879 2262 2931 sed
2290 2879 2612 2948 simpliciter
2644 2888 2699 2932 et
2730 2880 2977 2934 absolute
3014 2901 3025 2935 :
3059 2895 3236 2948 neque
3270 2881 3376 2933 sibi
3415 2896 3548 2934 con-

1964 2978 2218 3033 stantem,
2255 2987 2429 3038 nequc
2462 2988 2583 3024 eum
2614 2972 2835 3039 reliquis
2866 2974 3070 3025 sanctis
3101 2974 3539 3033 consentientem

1962 3059 2178 3113 Patrem
2209 3062 2351 3114 hunc
2384 3072 2710 3115 statuemus.
2764 3062 2892 3114 illud
2927 3064 3070 3115 enim
3108 3080 3121 3116 :
3157 3062 3260 3115 Per
3290 3061 3536 3117 Verbum

286 3119 505 3189 ἀρχικὶν
535 3126 720 3179 αἴτιον
746 3130 961 3197 νοοῖμεν
991 3134 1079 3183 τὸν
1106 3135 1262 3201 ἆγιον
1288 3144 1508 3207 φρονεῖν
1537 3148 1626 3195 καὶ
1658 3145 1859 3214 λέγειν,

1970 3153 2202 3223 Spiritus
2229 3154 2591 3215 maniicstavi,
2627 3154 2922 3221 productor
2949 3171 2963 3218 ;
2993 3164 3081 3209 et:
3107 3154 3333 3222 Oportet
3364 3155 3541 3209 Verbo

287 3212 345 3262 ὲκ
377 3213 468 3265 τοῦ
512 3216 647 3268 Tia-3
689 3219 745 3270 δὲ
785 3221 843 3272 οὐ
882 3222 1131 3293 λέγομεν,
1171 3227 1287 3279 ἁλλ’
1315 3232 1499 3295 ἁπλῶς
1540 3239 1632 3288 καὶ
1672 3238 1864 3291 ἀπολε-

286 3303 564 3371 λυμένως,
604 3308 731 3362 οὔτε
774 3316 912 3383 πρὸς
956 3320 1149 3373 ἑαυτὸν
1184 3327 1273 3377 τόν
1312 3325 1466 3392 ἆγιον
1504 3334 1855 3400 συμφωνήσο-

292 3413 403 3463 μεν,
435 3398 555 3452 οὔτε
591 3407 737 3470 μετὰ
768 3406 880 3459 τῶν
912 3411 1115 3465 λοιπῶν
1143 3417 1311 3482 ἁγίων
1339 3436 1353 3451 ο
1387 3420 1445 3471 τὸ
1476 3421 1599 3490 γὰρ,
1636 3424 1734 3475 Διὰ
1758 3398 1862 3476 -Λό-

286 3503 377 3553 γου
416 3492 726 3559 προδολεὺς
766 3499 1167 3572 ὲκφαντορικοῦ
1211 3508 1527 3577 Πνεύμιατος
1554 3528 1566 3542 ⁸
1604 3517 1693 3566 καὶ
1717 3554 1730 3576 ,
1772 3520 1863 3569 Δεῖ

287 3578 373 3631 τὸν
404 3583 576 3649 Λόγον
609 3588 705 3637 καὶ
740 3590 964 3660 Πνεῦμα
995 3594 1140 3662 ἔχειν
1164 3637 1178 3659 ,
1210 3599 1286 3661 ὼς
1316 3602 1373 3654 ἐν
1404 3603 1482 3671 τῷ
1513 3603 1556 3666 ζ’
1579 3606 1686 3656 τῶν
1720 3609 1858 3659 Θεο-

288 3674 544 3739 λογικῶν
574 3695 762 3747 φησιν,
797 3684 857 3734 οὐ
894 3692 1194 3757 συγχωρεῖ,
1223 3691 1358 3754 ὅλως
1393 3696 1465 3762 μὴ
1498 3693 1639 3749 εἶναι
1672 3700 1765 3751 καὶ
1796 3702 1858 3752 ἐκ

283 3764 373 3816 τοῦ
409 3766 561 3830 Υἱοῦ,
603 3771 636 3841 ἢ
673 3773 760 3824 διὰ
791 3774 883 3826 τοῦ
920 3776 1070 3833 Υἱοῦ.
1108 3781 1278 3835 Τοῦτο
1314 3783 1368 3835 δὲ
1405 3788 1499 3840 καὶ
1534 3788 1797 3856 Κύριλλος
1834 3796 1859 3844 ὁ

284 3857 419 3922 θεῖος
444 3864 789 3931 παρίστησιν
820 3869 899 3930 εἰς
933 3872 993 3923 τό
1023 3889 1034 3902 ·
1071 3874 1258 3928 Ὅταν
1290 3878 1437 3946 ἔλθῃ
1474 3882 1506 3932 ὀ
1543 3882 1858 3950 Παρὰκληο

285 3967 383 4044 τος
408 3970 422 3983 ·
456 3958 589 4024 φησὶ
625 3958 735 4027 γάρ
763 3975 777 3990 ·
812 3961 1023 4032 Ὥσπερ
1059 3966 1167 4032 γάρ
1199 3968 1348 4020 ἐστιν
1382 3970 1511 4023 ἴδιον
1539 3972 1600 4024 τὸ
1634 3974 1858 4044 Πνεῦμα

284 4042 373 4095 τοῦ
406 4045 531 4099 Υῖ-,ῦ
566 4050 845 4116 φυσικῶς,
880 4055 936 4104 ἐν
967 4056 1114 4124 αὐτῷ
1141 4074 1199 4108 τε
1235 4060 1510 4129 ὑπάρχον,
1545 4066 1635 4116 καὶ
1666 4065 1731 4116 δι’
1759 4067 1856 4118 αὐ·

283 4133 370 4186 τοῦ
400 4140 614 4205 προϊὸν,
646 4140 789 4193 οὕτω
821 4145 915 4195 καὶ
948 4146 1039 4197 τεῦ
1076 4150 1283 4218 Πατρός
1305 4168 1319 4181 ο
1352 4146 1427 4211 οἷς
1462 4154 1517 4206 δὲ
1548 4156 1607 4206 τὸ
1639 4158 1857 4227 Πνεῦμα

284 4228 479 4294 κοινὸν,
514 4232 729 4295 τούτοις
758 4235 841 4303 εῖη
873 4236 1043 4303 δήπου
1076 4240 1294 4304 πάντως
1326 4242 1389 4295 ἂν
1418 4249 1512 4297 καὶ
1542 4247 1608 4299 τὰ
1638 4250 1736 4318 τῆς
1764 4252 1855 4302 οὗ·

285 4317 398 4379 σίας
430 4320 491 4373 οὐ
524 4322 877 4393 διωρισμένα.
914 4329 987 4380 Τὸ
1021 4329 1076 4381 δὲ
1100 4371 1115 4395 ,
1149 4334 1326 4396 Μόνος
1362 4337 1533 4400 αἴτιος
1568 4341 1595 4389 6
1634 4317 1852 4411 Πατὴρ,

244 4448 245 4455 η
285 4407 339 4459 ὲν
374 4412 485 4474 τοῖς
526 4414 910 4480 παλαιοτάτοις
943 4419 1051 4472 τῶν
1090 4421 1313 4491 βιϐλίων
1352 4428 1449 4497 οὐχ
1490 4430 1803 4494 εὑρίσκεται
1831 4450 1845 4464 ·

284 4498 394 4552 ἀλλ’
417 4503 576 4571 ἡμεῖς
605 4506 701 4558 καὶ
728 4507 885 4559 τοῦτο
914 4486 1206 4579 δεχόμεθα,
1240 4515 1335 4566 καὶ
1364 4486 1724 4590 καλῶς-ἐχειν
1755 4522 1846 4575 λέο
1887 4486 1930 4542 D

284 4606 447 4659 γομεν
470 4610 484 4624 ·
519 4596 614 4648 καὶ
654 4597 762 4669 γὰρ
802 4599 981 4653 πάντα
1017 4602 1117 4655 ὅσα
1159 4603 1273 4674 ἔχει
1313 4608 1341 4658 6
1380 4608 1507 4671 Υἱὸς
1529 4650 1543 4672 ,
1580 4613 1715 4680 πρὸς
1748 4613 1847 4683 τὴν

286 4682 503 4755 πρώτην
532 4688 711 4741 αἰτίαν
738 4690 830 4742 τὸν
861 4691 1079 4762 Πατέρα
1112 4696 1442 4763 ἀνάγονται,
1476 4701 1659 4763 καθὼς
1692 4705 1784 4755 καὶ
1817 4706 1847 4757 6

287 4777 453 4845 μέγας
486 4780 768 4846 Βασίλειος
799 4786 859 4837 ὲν
890 4786 967 4853 τῷ
1004 4788 1139 4853 πρὸς
1177 4790 1555 4863 ’Ᾱμφιλόχιον,
1592 4798 1720 4865 περὶ
1751 4798 1845 4851 τοῦ

287 4868 357 4939 μὴ
388 4871 599 4938 ἀγνοεῖν
624 4875 723 4946 τὴν
753 4878 968 4946 ἡμέραν
992 4881 1086 4931 τοῦ
1115 4882 1299 4945 τέλους
1329 4885 1419 4936 τὸν
1451 4886 1674 4957 Κύριον,
1705 4889 1846 4943 οὕτω

284 4963 441 5028 φησιν
460 4980 472 4991 ·
503 4965 658 5019 Οὕτω
689 4969 782 5021 καὶ
811 4970 985 5031 οὐδεὶς
1013 4967 1119 5025 οἶδε
1151 4975 1246 5042 τὴν
1272 4976 1484 5045 ἡμέραν
1511 4980 1604 5031 τοῦ
1634 4981 1845 5048 τέλους,

284 5054 330 5102 εἰ
371 5053 443 5123 μὴ
479 5058 508 5108 6
549 5058 733 5128 Πατὴρ
774 5061 971 5129 μόνος,
1008 5065 1109 5131 τὴν
1144 5064 1371 5135 πρώτην
1404 5069 1612 5138 εἴδησιν
1649 5073 1757 5124 τῶν
1789 5091 1846 5126 τε

283 5138 446 5194 ὄντων
482 5147 589 5199 τῶν
624 5166 684 5201 τε
721 5152 996 5221 ἐσομένων
1035 5155 1129 5207 ἐπὶ
1166 5158 1256 5209 τὸν
1294 5160 1516 5230 Πατέρα
1555 5164 1850 5230 ἀνάγοντος

282 5230 371 5282 τοῦ
411 5233 569 5301 Υἱοῦ,
609 5241 704 5289 καὶ
741 5240 827 5292 διὰ
869 5242 1088 5296 πάντων
1123 5245 1222 5313 τὴν
1259 5246 1482 5317 πρώτην
1519 5251 1700 5304 αἰτίαν
1737 5253 1848 5314 τοῖς

284 5322 583 5393 ἀνθρώποις
614 5330 1077 5399 ὑποδεικνύοντος,
1108 5337 1363 5405 εἰρῆσθαι
1395 5340 1705 5411 νομίζομεν.
1738 5345 1848 5397 Καὶ

284 5411 575 5487 Γρηγόριος
607 5425 634 5474 ό
665 5422 926 5491 Θεολόγος
963 5429 1019 5478 ἐν
1050 5430 1116 5497 τῇ
1150 5429 1249 5496 τῆς
1288 5431 1650 5504 εὐαγγελικῆς
1684 5452 1847 5506 περι-

381 5594 425 5624 "
457 5593 611 5653 Joan.
645 5614 759 5666 xu,
789 5601 881 5656 15.

356 5773 463 5844 (15)
486 5776 632 5832 Orat.
666 5777 703 5830 9..
721 5778 771 5833 in
791 5778 1001 5837 Filium.

1970 3262 2074 3297 non
2111 3245 2301 3298 deesse
2327 3245 2630 3310 Spiritum,
2664 3254 2722 3297 ut
2759 3246 2996 3313 septimo
3030 3261 3206 3298 rerum
3232 3246 3536 3299 divinarum

1965 3339 2141 3405 capite
2191 3339 2267 3390 ait
2304 3357 2316 3391 :
2352 3338 2499 3390 nullo
2553 3338 2714 3390 modo
2770 3338 3132 3407 permittunt,
3181 3348 3239 3392 ut
3304 3340 3539 3405 Spiritus

1967 3447 2071 3482 non
2106 3430 2174 3481 sit
2210 3430 2370 3481 etiam
2406 3445 2469 3481 ex
2506 3428 2663 3491 Filio,
2698 3428 2779 3482 vel
2817 3445 2911 3497 per
2966 3429 3187 3482 Filium.
3252 3430 3363 3484 lloc
3396 3431 3534 3481 idem

1930 3530 2188 3587 _sanclus
2231 3518 2467 3589 Cyrillus
2510 3519 2771 3582 ostendit,
2825 3516 3137 3586 explanans
3188 3521 3314 3572 illud
3356 3543 3365 3574 :
3404 3520 3535 3574 Cum

1963 3613 2156 3664 teneri!
2197 3609 2532 3662 Parce/etus.
2571 3610 2822 3661 Aitcnim
2853 3629 2864 3662 :
2895 3609 3026 3661 Nam
3078 3612 3534 3677 quemadmodum

1964 3702 2218 3770 proprius
2255 3701 2371 3753 Filii
2418 3708 2502 3753 est
2536 3698 2779 3768 Spiritus
2810 3700 3156 3760 naturaliter,
3192 3716 3313 3753 cum
3340 3702 3390 3752 in
3421 3703 3535 3769 ipso

1963 3794 2054 3854 sit,
2083 3801 2135 3844 et
2183 3806 2277 3859 per
2313 3792 2487 3859 ipsum
2542 3790 2824 3858 procedat,
2862 3791 2936 3843 ita
2972 3801 3027 3845 et
3086 3791 3304 3844 Patris:
3336 3794 3535 3861 quibus

1962 3888 2139 3933 autem
2175 3880 2483 3933 comnmnis
2505 3889 2586 3932 est
2624 3877 2886 3946 Spiritus,
2926 3881 3147 3933 illorum
3205 3892 3357 3936 certe
3402 3884 3533 3936 sub-

1963 3972 2160 4025 stantia
2192 3987 2297 4023 non
2334 3980 2509 4037 potest
2556 3986 2679 4025 esse
2729 3973 3005 4028 distincta.
3046 3974 3319 4027 Caeterum
3356 3991 3527 4030 enun-

1964 4062 2153 4117 tiatum
2198 4060 2325 4113 illud
2362 4077 2375 4113 :
2435 4060 2595 4114 Solos
2637 4062 2794 4115 Pater
2821 4071 2905 4116 est
2961 4078 3148 4126 causa,
3183 4066 3236 4117 in
3276 4069 3532 4120 vetustis-

1961 4155 2115 4208 simis
2153 4155 2305 4207 Iibris
2350 4170 2453 4207 non
2489 4156 2758 4219 habetur;
2796 4172 2896 4210 nos
2930 4173 3057 4210 vero
3097 4158 3197 4211 hoc
3230 4160 3396 4212 etiam
3432 4160 3532 4211 ad-

1962 4247 2255 4310 mittimus,
2281 4257 2444 4314 atque
2477 4254 2532 4298 ut
2556 4256 2704 4300 recte
2734 4246 2945 4301 dictum
2980 4256 3366 4318 approliaums.
3402 4249 3531 4301 Nam

1960 4338 2140 4392 omnia
2184 4353 2303 4405 qua:
2346 4339 2511 4390 habet
2536 4338 2730 4412 Filius,
2772 4340 2837 4393 ad
2876 4339 3107 4407 primam
3148 4355 3393 4404 causam,
3430 4341 3534 4394 hoc

1961 4436 2044 4481 est
2067 4427 2132 4479 ad
2161 4426 2370 4479 Patrem
2409 4427 2760 4490 referuntur;
2795 4427 3529 4497 quemadmodumtestaturi

1959 4530 2012 4573 et
2044 4534 2272 4587 magnus
2315 4516 2548 4571 Basilius
2592 4518 2644 4569 in
2678 4517 2908 4585 epistola
2938 4518 3003 4572 ad
3039 4518 3525 4586 Amphilochium:

1958 4612 2077 4677 Quo
2104 4627 2210 4664 non
2233 4610 2302 4665 sit
2338 4612 2523 4678 ignota
2565 4608 2793 4664 Domino
2849 4610 3037 4662 ultima
3092 4609 3232 4670 dies,
3273 4625 3368 4674 per
3418 4610 3531 4663 haec

1960 4702 2122 4756 verba
2160 4701 2276 4755 :lta
2311 4709 2363 4754 et
2396 4713 2556 4753 nemo
2608 4700 2746 4753 diem
2813 4699 3172 4753 novissimum
3213 4699 3385 4760 novit,
3423 4698 3527 4751 nisi

1960 4795 2109 4850 solus
2144 4793 2309 4846 Pater
2347 4811 2360 4847 :
2396 4793 2604 4847 dictum
2643 4802 2920 4860 putamus,
2955 4792 3081 4860 quia
3110 4788 3284 4844 Filius
3339 4791 3532 4846 tribuit

1957 4888 2100 4941 Patri
2135 4888 2363 4956 primam
2392 4901 2570 4938 rerum
2606 4885 2949 4953 prwsenlium
2994 4884 3404 4951 futurarumque
3442 4898 3535 4937 co-

1955 4978 2276 5046 gnitionem,
2342 4984 2396 5028 et
2467 4975 2691 5042 primam
2756 4988 2976 5028 causam
3059 4972 3372 5027 hominibus
3434 4988 3532 5041 per

1954 5068 2137 5121 onmia
2175 5066 2452 5133 patefacit.
2482 5064 2778 5134 Gregorius
2814 5081 3035 5134 quoque
3079 5063 3395 5135 Tlreologus
3430 5082 3528 5119 ex-

1956 5175 2165 5231 ponens
2188 5160 2298 5226 (15)
2323 5161 2500 5213 locum
2545 5159 2936 5228 evangelicum,
2961 5159 3039 5213 sic
3057 5159 3133 5211 ait
3168 5176 3181 5211 :
3216 5155 3286 5211 Ut
3315 5160 3529 5227 singula

1956 5255 2175 5324 quidem
2209 5253 2334 5316 alia,
2370 5253 2449 5306 sic
2470 5253 2632 5306 etiam
2671 5268 2848 5305 rerum
2889 5252 3300 5327 potissimarum
3336 5250 3530 5303 notitia

1958 5347 2232 5401 referatur
2257 5345 2320 5399 ad
2357 5360 2604 5409 causam,
2643 5354 2691 5399 et
2731 5343 2974 5399 chitori
3019 5344 3191 5397 honos
3242 5344 3526 5397 habeatur.

1968 5438 2197 5494 Videtur
2232 5454 2394 5509 porro
2426 5438 2582 5507 mihi,
2613 5437 2656 5493 si
2692 5438 2816 5508 quis
2875 5436 2947 5492 ita
3010 5435 3172 5504 legat,
3204 5443 3261 5488 ut
3305 5432 3528 5502 quidam
