4112 6274
566 377 670 444 159

1493 388 1875 452 GREGORI!
1912 392 2212 454 MAMME
2243 394 2355 456 CP.
2390 393 2902 456 PATRIARCHJE

3741 391 3855 455 Ῑῦίὶ

565 504 672 556 sati
716 519 729 556 :
759 512 814 560 et
846 506 986 560 hanc
1006 505 1076 561 ob
1097 521 1318 562 causam
1346 523 1538 568 sumus
1599 514 1667 566 ab
1701 513 1808 569 illis
1835 513 2140 569 dissociati.

2273 513 2380 566 εοῦν
2421 514 2496 576 ὡς
2526 514 2846 585 αἱρετικοῦς
2889 513 3088 575 αὐτοὺς
3142 512 3605 580 ἀπεστράφημεν,
3631 512 3724 564 καὶ
3748 511 3838 564 διὰ

568 594 711 660 Quid
745 597 891 650 enim
929 597 1074 652 aliud
1102 614 1279 655 causa:
1313 601 1476 656 fuerit
1516 603 1726 658 ?Aiunt
1759 621 1886 660 vero
1949 606 2050 674 piae
2086 607 2158 660 le-

566 702 662 756 ges
695 705 710 739 :
745 685 1045 744 [hereticus
1089 702 1193 755 est,
1228 702 1280 747 et
1331 693 1716 751 haereticorum
1777 698 1989 767 legibus
2028 699 2158 756 sub-

564 778 730 848 jaeet,
786 780 881 850 qui
907 780 989 836 vel
1021 783 1309 840 minimum
1341 801 1372 839 a
1400 797 1548 841 recta
1602 787 1708 843 fide
1732 789 1993 844 declinat.

1245 961 1449 1020 RESP.

646 1047 767 1102 Non
805 1050 909 1104 alia
940 1050 1007 1108 de
1040 1066 1228 1115 causa,
1256 1056 1697 1125 quamfpraedicta
1733 1074 1872 1128 :qua
1947 1075 2163 1130 permo-

573 1139 611 1190 ti
644 1143 1193 1214 argumentabantur,
1218 1150 1310 1214 qui
1345 1156 1538 1202 contra
1600 1150 1723 1204 illos
1780 1153 1982 1220 scripta
2035 1151 2162 1206 ede-

574 1230 728 1294 bant,
756 1230 997 1286 absurda
1028 1249 1153 1303 qua:
1181 1236 1508 1290 videbantur
1537 1254 1604 1292 ex
1653 1239 2031 1295 additamento
2071 1257 2159 1296 se-

570 1321 688 1388 qni,
720 1321 1047 1391 objicienlcs
1082 1338 1135 1381 et
1164 1326 1402 1383 fatentes
1446 1330 1666 1399 quidem
1695 1332 1851 1396 illud,
1893 1331 1970 1387 Ex
1997 1332 2157 1396 Filio,

571 1426 762 1467 vocem
796 1429 919 1470 8888
942 1426 1261 1472 sanctorum
1297 1417 1544 1482 Patrum,
1599 1437 1824 1475 sensum
1890 1437 2021 1476 vero
2068 1439 2161 1476 nc-

573 1514 787 1571 gantes,
821 1515 988 1575 atque
1012 1523 1076 1560 ex
1114 1523 1176 1561 ea
1224 1509 1308 1563 vel
1351 1510 1459 1564 duo
1496 1512 1783 1580 principia,
1847 1513 1932 1566 vel
1966 1528 2160 1582 perso-

574 1610 769 1649 narum
794 1598 1175 1653 confusionem
1203 1601 1525 1657 inferentes.
1549 1602 1871 1672 Quanquam
1893 1607 1941 1660 si
1979 1606 2054 1660 ita
2077 1622 2163 1662 es-

578 1697 684 1752 set,
718 1703 825 1742 non
859 1687 1062 1755 Latini,
1099 1692 1194 1746 sed
1231 1695 1411 1749 sancti
1454 1695 1642 1750 Patres
1669 1705 1853 1750 essent
1887 1698 1939 1750 in
1971 1697 2161 1752 crimi-

574 1794 665 1845 ne,
701 1780 796 1850 qui
824 1782 987 1852 primi
1021 1799 1209 1839 vocem
1255 1787 1396 1840 hanc
1449 1787 1700 1842 emisere.
1734 1788 2000 1842 Caeterum
2059 1790 2160 1856 illi,

575 1886 697 1938 qua
734 1874 887 1942 sequi
921 1874 1200 1944 aliquibus
1227 1877 1487 1932 videntur
1513 1894 1577 1932 ex
1611 1879 1712 1933 hac
1759 1894 1885 1934 voce
1909 1881 2165 1951 absmda,

576 1960 883 2029 subjiciunt
921 1966 1282 2022 anathemati:
1311 1968 1522 2023 idcirco
1555 1971 1708 2024 nullo
1763 1971 1922 2026 modo
1971 1989 2161 2028 sumus

577 2062 759 2106 mente
785 2057 1042 2122 permoti,
1073 2073 1183 2126 quo
1217 2074 1318 2113 nos
1349 2060 1464 2130 ipse
1494 2060 1749 2116 convicio
1800 2063 2024 2118 lacerat.
2051 2065 2164 2120 Nec

584 2161 712 2201 vero
746 2145 971 2203 Latinos
996 2153 1233 2205 aversati
1267 2168 1483 2216 sumus,
1526 2170 1583 2208 ut
1619 2156 1856 2211 absurda
1912 2167 1962 2212 et
1997 2159 2162 2226 impia

579 2239 982 2306 praedicantes;
1013 2258 1138 2297 nam
1165 2245 1209 2298 si
1244 2247 1482 2301 absurda
1508 2255 1561 2300 et
1588 2247 1749 2317 impia
1778 2251 2162 2319 praedicarent,

577 2331 812 2384 ecclesia
880 2346 1066 2388 nosua
1088 2345 1141 2389 et
1195 2337 1553 2406 imperatores
1600 2342 1770 2394 nostri
1817 2358 1924 2395 non
1981 2344 2165 2400 misis-

579 2421 973 2478 sentassiduas
1002 2425 1301 2494 legationes
1355 2429 1421 2482 ad
1474 2428 1822 2500 flagitandum
1875 2433 2163 2502 synodum.

584 2513 885 2570 llwretieos
919 2517 1066 2570 enim
1102 2519 1171 2572 ab
1205 2516 1462 2575 Ecclesiae
1507 2536 1735 2590 corpore
1769 2525 1938 2578 semel
1959 2527 2170 2582 abscis-

581 2625 674 2664 sos
709 2611 966 2666 catholici
1000 2611 1151 2666 nullo
1179 2613 1295 2667 loco
1327 2612 1534 2670 habent
1589 2632 1602 2669 :
1637 2625 1692 2670 at
1722 2631 1904 2672 verere
1939 2621 2164 2682 nostris,

584 2705 681 2771 qui
716 2704 984 2773 sapientia
1036 2715 1090 2758 et
1151 2705 1352 2760 virtute
1415 2707 1711 2774 plurimum
1769 2709 2166 2775 excelluerunt,

582 2794 850 2849 Macarius
871 2796 1326 2862 Nicomediensis,
1367 2806 1420 2852 et
1457 2799 1803 2868 Euthymius,
1831 2800 1922 2868 qui
1983 2801 2048 2852 ad
2077 2817 2168 2855 se-

583 2884 705 2937 dem
745 2894 935 2954 postea
977 2885 1640 2957 Constantinepolitanam
1706 2899 1929 2944 eiectus
1978 2901 2081 2956 est,
2116 2900 2170 2946 et

582 2973 819 3046 Juasaph
854 2966 1146 3045 Ephesius,
1188 2988 1240 3032 et
1264 2978 1539 3034 Macarius
1601 2981 1770 3035 abbas
1843 2983 2166 3038 monasterii

587 3067 749 3123 titulo
787 3069 1224 3136 Pantocratoris,
1256 3073 1388 3127 illuc
1446 3073 1676 3142 profecti
1727 3075 2164 3130 benedictionem

586 3175 738 3230 papae
768 3161 1131 3229 accipiebant,
1174 3163 1308 3233 quin
1346 3166 1456 3219 imo
1489 3175 1543 3220 et
1575 3168 1666 3236 qui
1705 3169 1822 3222 haec
1885 3167 2004 3236 ipsa
2029 3171 2165 3223 scri-

587 3253 689 3316 hit,
722 3253 850 3308 fecit
879 3256 1023 3323 quod
1047 3267 1100 3311 et
1154 3259 1266 3312 alii.
1323 3257 1439 3312 Non
1497 3275 1628 3330 ergo
1691 3263 1926 3316 aversati
1974 3278 2164 3316 sumus

584 3361 680 3402 eos
713 3357 768 3400 ut
799 3349 1105 3405 haereticos.
1139 3349 1342 3405 Verum
1376 3354 1504 3422 quia
1535 3355 1704 3423 legem
1759 3357 1986 3425 profert,
2015 3355 2163 3411 Lati-

589 3440 642 3492 ni
707 3456 926 3509 quoque
980 3442 1153 3514 legem
1217 3445 1516 3500 citabunt:
1586 3444 1866 3500 Neminem
1919 3447 2167 3502 videlicet

589 3533 834 3586 damnari
862 3533 1164 3589 absentem.
1197 3534 1305 3590 Lex
1340 3539 1484 3591 enim
1537 3538 1609 3591 ita
1661 3538 1907 3608 prmenpit
1939 3561 1951 3596 :
2011 3539 2165 3604 Quod

589 3623 634 3678 si
665 3637 794 3678 reus
833 3626 1033 3680 citatus
1069 3627 1252 3680 non‘se
1283 3628 1460 3690 sistat,
1525 3644 1683 3697 poena
1741 3640 1950 3682 tantum
2015 3639 2166 3682 tene-

591 3727 775 3780 uetur,
801 3719 944 3786 quod
968 3718 1234 3786 judicium
1267 3720 1645 3786 declinaverit,
1671 3723 1849 3777 donec
1885 3723 1936 3776 in
1961 3723 2050 3791 jus
2075 3721 2170 3774 ad-

590 3809 845 3864 ducatur.
885 3810 1101 3865 llcirco
1160 3823 1216 3866 et
1279 3829 1310 3867 e
1368 3814 1642 3884 diptychis
1685 3829 2016 3884 expunctum
2068 3815 2170 3868 fuit

594 3916 789 3953 nomen
824 3917 994 3967 papm.
1023 3902 1156 3956 Esse
1182 3919 1346 3972 porro
1377 3906 1714 3969 haereticum,
1748 3911 1841 3974 qui
1900 3909 1963 3961 de
2022 3914 2172 3961 recta

595 3993 698 4046 lide
729 3991 1030 4056 deﬂexerit,
1059 4011 1166 4047 non
1204 4011 1343 4062 opus
1370 4008 1454 4050 est
1485 3997 1694 4066 legibus
1723 4001 1894 4066 prcha
1914 4015 1972 4053 re
2009 4017 2172 4054 :nam

593 4098 924 4150 persuasum
954 4083 1160 4139 habent
1193 4085 1296 4139 hoc
1322 4101 1517 4142 omnes
1547 4087 1873 4154 Christiani,
1906 4098 1958 4142 et
1984 4091 2178 4158 praedi-

595 4184 753 4228 catur
782 4175 852 4228 ab
887 4177 1144 4232 omnibus
1177 4186 1284 4230 tam
1332 4188 1458 4234 ante
1482 4179 1679 4250 legem,
1733 4196 1901 4251 quam
1950 4191 2072 4249 post
2102 4183 2177 4238 le-

597 4283 743 4336 gem.
779 4265 982 4321 Verum
1017 4269 1121 4322 hoc
1153 4268 1290 4337 ipse,
1321 4286 1443 4324 eum
1471 4272 1544 4326 ibi
1605 4288 1848 4340 praesens
1913 4289 2067 4328 esset
2123 4285 2178 4330 et

595 4358 932 4428 disputaret,
961 4376 1071 4414 non
1108 4360 1516 4416 demonswavit
1550 4381 1565 4427 ;
1619 4365 1730 4419 imo
1783 4366 2178 4433 disputationis

597 4461 847 4520 tempore
883 4451 1319 4521 disputationem
1347 4454 1719 4522 detrectat-it;
1775 4474 1902 4512 nam
1960 4460 2008 4514 si
2075 4461 2180 4517 hoc

2261 606 2420 659 τοῦτο
2444 606 2624 660 αὐτῶν
2656 605 3042 675 ὲχωρίσθημεν
3077 620 3093 637 ο
3129 585 3217 658 aia
3251 607 3304 656 τί
3354 604 3464 670 γὰρ
3489 602 3653 667 ἄλλος
3711 603 3848 673 φασὶ

2260 698 2370 766 γάρ
2429 695 2478 748 οί
2554 695 2900 765 φιλευσεϐεῖς
2953 696 3142 762 νόμον
3205 693 3496 764 Αίρετικὸς
3549 695 3688 756 ἔστι,
3744 694 3842 746 καὶ

2261 791 2380 852 τοῖς
2439 789 2584 842 κατά
2624 789 2734 842 τῶν
2767 787 3066 857 αἱρετικῶν
3102 787 3290 855 νόμοις
3332 786 3639 848 ὑπόκειται,
3697 787 3725 835 6
3756 787 3850 837 καὶ

2267 882 2466 952 μικρὸν
2505 881 2642 950 γοῦν
2686 898 2741 935 τι
2783 881 3170 952 παρεκκλίνων
3205 880 3308 948 τῆς
3347 880 3514 950 ὀρθῆς
3553 879 3812 940 πίστεως.

2951 974 3159 1027 ΑΠΟΛ.

2335 1073 2435 1125 Διὰ
2467 1070 2565 1140 τὴν
2614 1066 3025 1138 προειρημένην
3071 1064 3254 1117 αἰτίαν
3317 1064 3409 1116 καὶ
3471 1064 3662 1132 μόνην,
3728 1061 3849 1114 καθ’

2263 1166 2330 1237 ἢν
2355 1165 2404 1218 οί
2439 1162 2560 1216 κατ’
2588 1160 2776 1214 αὐτῶν
2823 1157 3233 1228 συγγράφοντες
3270 1157 3455 1222 ἔλεγον
3485 1157 3554 1208 τά
3603 1155 3712 1208 ἀπὸ
3749 1154 3851 1220 τῆς

2265 1253 2589 1323 προσθήκης
2642 1249 3018 1312 ὑπονοούμενα
3078 1248 3259 1302 ἄτοπα
3317 1246 3700 1314 ἐγκαλοῦντες,
3757 1243 3854 1296 καὶ

2263 1346 2324 1398 τὸ
2366 1344 2464 1398 Ἐκ
2492 1342 2586 1396 τοῦ
2631 1343 2786 1405 Tia-3,
2844 1339 3248 1410 ὁμολογοῦντες.
3275 1339 3375 1405 μὲν
3420 1333 3562 1390 εἶναι
3594 1336 3705 1388 τῶν
3741 1337 3855 1388 Πα-

2265 1440 2440 1504 τέρων
2476 1435 2685 1504 φωνὴν,
2726 1433 2825 1502 τὴν
2853 1434 2910 1486 δὲ
2941 1433 3157 1485 ἔννοιαν
3211 1429 3562 1500 ἀρνούμενοι,
3622 1426 3721 1479 καὶ
3775 1425 3853 1488 ὡς

2265 1529 2343 1589 εἰς
2377 1526 2469 1578 δύο
2503 1526 2700 1595 ἀρχὰς,
2733 1522 3116 1594 ῆσυναλοιφὴν
3147 1521 3247 1590 τὴν
3285 1519 3470 1588 φωνὴν
3509 1516 3814 1584 ἀνάγοντες
3835 1529 3850 1544 ·

2266 1621 2442 1673 καίτοι
2473 1635 2536 1686 γε
2573 1618 2621 1670 εί
2647 1616 2804 1670 τοῦτο
2834 1612 2924 1687 ἦν,
2956 1615 3018 1668 οὐ
3059 1613 3195 1684 πρὸς
3229 1613 3426 1673 αὐτοὺς
3471 1609 3533 1663 τὸ
3563 1607 3850 1677 ἔγκλημα,

2266 1713 2402 1767 ἀλλά
2456 1711 2592 1781 πρὸς
2638 1710 2765 1771 τοὺς
2816 1708 3004 1775 ἁγίους
3035 1707 3284 1774 Πατέρας
3315 1705 3436 1766 τοὺς
3492 1702 3700 1769 ταύτην
3752 1703 3866 1768 τὴν

2267 1801 2453 1870 φωνὴν
2506 1799 2738 1872 πρώτως
2781 1799 3072 1860 εἰπόντας·
3111 1797 3266 1850 αὐτοὶ
3301 1795 3357 1848 δὲ
3392 1795 3455 1847 ὲκ
3509 1795 3611 1862 τῆς
3659 1792 3856 1860 φωνῆς

2205 1890 2242 1943 Β
2273 1893 2478 1962 ταύτης
2531 1893 2912 1960 ὑπονοούμενα
2956 1892 3134 1946 ἄτοπα
3159 1888 3236 1958 τῷ
3279 1888 3583 1958 άναθέματι
3605 1885 3862 1938 καθυπο⁴

2263 1985 2541 2040 ϐάλλουσι.
2578 1984 2668 2037 Διὸ
2711 1985 2830 2037 οὐδὲ
2870 1985 3307 2052 διασεσεισμένοι
3330 1983 3467 2043 ὅλως
3497 1981 3589 2033 τὸν
3615 1979 3862 2048 ἐγκέφα-

2263 2081 2374 2143 λον,
2388 2079 2464 2143 ὡς
2481 2080 2644 2142 αὐτὸς
2663 2079 2809 2147 ἡμᾶς
2824 2076 3150 2146 διαλοιδορεῖ
3168 2095 3182 2107 ·
3203 2075 3320 2128 ἀλλ’
3339 2075 3447 2127 οὐδ’
3465 2073 3541 2138 ὡς
3560 2071 3736 2126 ἄτοπα
3764 2072 3862 2125 καὶ

2264 2169 2499 2238 δυσσεϐῆ
2532 2169 2902 2238 κηρύττοντας
2927 2168 3126 2231 αὐτοὺς
3151 2167 3594 2236 ἀπεστράφημεν
3613 2177 3625 2191 °
3659 2163 3709 2216 εί
3741 2163 3862 2232 γὰρ

2265 2266 2442 2318 ἄτοπα
2479 2265 2574 2318 καλ⁵
2605 2264 2842 2333 δυσσεϐῆ
2879 2265 3208 2331 ἐκήρυττον,
3242 2261 3344 2314 οὐκ
3376 2260 3500 2329 ἂνῆ
3535 2257 3662 2311 καθ’
3703 2257 3866 2328 ἡμᾶς

2277 2357 2578 2428 Ἐκκλησία
2601 2376 2660 2411 τε
2715 2358 2812 2410 καὶ
2854 2355 3102 2424 βασιλεία
3157 2355 3403 2422 συνεχεῖς
3443 2350 3742 2420 πρεσϐείας
3797 2350 3854 2402 έ-

2266 2451 2474 2514 ποὲουν,
2506 2450 2725 2503 σύνοδον
2768 2447 3045 2509 αἰτοῦντες
3075 2445 3330 2513 γενέσθαι
3357 2459 3371 2473 ·
3405 2445 3531 2504 τοὺς
3563 2444 3671 2510 γὰρ
3697 2443 3862 2511 αἱρε-

2265 2541 2452 2603 τικοὺς
2511 2541 2659 2606 ἅπαξ
2688 2539 2782 2592 τοῦ
2809 2539 2912 2606 τῆς
2937 2538 3234 2604 ἐκκλησίας
3266 2534 3637 2602 πληρώματος
3708 2534 3866 2585 ἀπο-

2270 2632 2534 2698 τεμόντες
2555 2632 2603 2681 οί
2627 2629 2920 2697 ὀρθόδοξοι,
2953 2626 3206 2695 οὐδαμῶς
3241 2625 3454 2690 ἀξιοῦσι
3486 2624 3648 2692 λόγου
3672 2639 3688 2655 ο
3733 2624 3867 2678 ἀλλ’

2270 2725 2320 2775 οί
2357 2722 2616 2790 ἡμέτεροι
2645 2721 2693 2771 οί
2725 2721 2872 2771 κατά
2916 2719 3108 2786 σοφίαν
3157 2720 3251 2771 καὶ
3291 2718 3494 2787 ἀρετὴν
3527 2717 3864 2784 θαυμάσιοι,

2269 2813 2639 2884 Νικομηδείας
2669 2829 2728 2862 τε
2763 2810 3068 2877 Μακάριος,
3124 2809 3221 2860 καὶ
3263 2807 3536 2874 Εὐθύμιος
3563 2809 3590 2858 ὁ
3621 2804 3853 2859 ἐσύστε-

2272 2923 2363 2974 ρον
2411 2905 2504 2957 ἐπὶ
2559 2905 2657 2973 τὴν
2715 2902 3008 2971 προεδρίαν
3076 2901 3178 2968 τῆς
3213 2898 3857 2958 Κωνσταντινουπό).εω;

2273 2996 2688 3065 προϐιϐασθεὶς,
2732 2994 2827 3047 καὶ
2879 2993 3118 3060 ἰωάσαφ
3158 2992 3185 3042 6
3234 2991 3487 3058 Ἐφέσου,
3526 2992 3618 3042 καὶ
3646 2991 3851 3044 Μακά-

2257 3071 2388 3157 ’ριος
2422 3091 2448 3140 6
2469 3091 2565 3156 τῆς
2604 3087 2774 3154 μονῆς
2809 3085 2902 3138 τοῦ
2951 3085 3406 3152 Παντοκράτορος
3437 3083 3847 3152 προϊστάμενος

2269 3181 2448 3230 ἐκεῖσε
2513 3176 2957 3246 παραγενόμενοι
3018 3174 3270 3241 εὐλογίαν
3304 3173 3454 3244 παρὰ
3504 3177 3598 3226 τοῦ
3647 3175 3859 3228 πάππα

2268 3271 2600 3340 ἐλάμϐανον·
2634 3270 2766 3323 ἀλλὰ
2795 3269 2890 3322 καὶ
2912 3269 3075 3330 αὐτὸς
3103 3269 3132 3320 6
3167 3268 3340 3320 ταῦτα
3384 3269 3614 3337 γράφων
3645 3268 3854 3336 ὁμοίως

2265 3365 2376 3424 τοῖς
2427 3363 2605 3425 ἄλλοις
2646 3362 2950 3430 πεποίηκεν
2982 3375 2996 3388 '
3037 3361 3238 3412 ούκοῦν
3289 3362 3388 3430 οὐχ
3421 3359 3496 3422 ὡς
3533 3359 3860 3426 αἱρετικοὺς

2268 3457 2465 3519 αὐτοὺς
2503 3456 2958 3526 ἀπεστράφημεν.
2994 3453 3147 3507 Ἐπεὶ
3183 3455 3238 3506 δέ
3264 3455 3360 3507 καὶ
3398 3454 3560 3523 νόμον
3601 3453 3846 3520 προϐάλ-

2268 3548 2440 3610 λεται,
2473 3549 2566 3599 καὶ
2599 3549 2818 3600 Λατῖνοι
2845 3548 3007 3614 νόμον
3043 3545 3264 3615 ὲροῦσιν
3287 3561 3301 3577 ·
3338 3545 3414 3607 ὡς
3459 3545 3641 3597 Ἀπὼν
3671 3544 3857 3606 οὐδεὶς

2271 3641 2690 3704 καταδικάζεται
2717 3625 2900 3692 ὀὕτω
2949 3639 3058 3710 γάρ
3109 3656 3276 3708 φησιν
3313 3641 3340 3692 6
3381 3639 3564 3708 νόμος·
3617 3637 3749 3690 Ἐὰν
3799 3637 3860 3691 δὲ

2271 3731 2490 3802 κληθεὶς
2519 3734 2546 3784 6
2574 3731 3054 3800 κατηγορούμενος
3087 3732 3188 3783 οὐκ
3221 3731 3567 3800 ἀπαντήσει,
3625 3728 3702 3798 τῷ
3755 3729 3858 3797 τῆς

2271 3823 2618 3892 φευγοδικίας
2647 3823 2740 3876 καὶ
2785 3823 2943 3892 μόνον
2972 3821 3261 3875 ὑπόκειται
3313 3825 3599 3891 ἐπιτιμίῳ,
3639 3821 3746 3883 ἕως
3792 3810 3857 3872 οὗ

2273 3917 2562 3986 ἀπαντήσῃ
2589 3917 2668 3978 εἱς
2699 3915 2758 3967 τὸ
2789 3919 3093 3984 κριτήριον.
3129 3914 3227 3966 Διὰ
3265 3912 3423 3965 τοῦτο
3476 3912 3571 3964 καὶ
3613 3912 3724 3983 τῷν
3773 3912 3857 3964 δι-

2275 4009 2498 4076 πτύχων
2533 4007 2594 4058 τὸ
2623 4006 2718 4059 τοῦ
2751 4007 2954 4061 πάππα
3003 4007 3172 4075 δνομα
3229 4004 3495 4074 ἐξεϐλήθη
3527 4005 3539 4056 !
3590 4004 3672 4057 ὅτι
3725 4003 3785 4056 δὲ
3823 4003 3854 4054 6

2277 4098 2541 4151 ἐκκλίνων
2573 4097 2673 4162 τῆς
2716 4098 3004 4168 ὀρθοδὸξου
3059 4098 3297 4159 πίστεως
3344 4095 3623 4166 αἱρετικὸς
3674 4097 3850 4157 ἐστιν,

2275 4189 2336 4242 οὐ
2386 4191 2546 4259 χρεία
2574 4190 2776 4258 νόμουο
2815 4189 3017 4252 πάντες
3067 4189 3176 4258 γὰρ
3222 4189 3272 4240 οί
3312 4185 3636 4258 Χριστιανοὶ
3682 4178 3848 4238 τοῦτο

2279 4283 2601 4338 πιστεύουσι
2631 4283 2726 4336 καὶ
2757 4281 3091 4350 κηρύττουσι
3120 4281 3214 4334 καὶ
3246 4283 3352 4350 πρδ
3389 4279 3484 4332 τοῦ
3535 4278 3729 4347 νόμον,
3761 4276 3861 4331 καὶ

2283 4377 2422 4445 μετὰ
2445 4375 2534 4427 τὸν
2565 4374 2752 4443 νόμον.
2791 4372 2929 4425 Ἀλλ’
2959 4373 3057 4425 οὐκ
3089 4370 3338 4434 ἀπέδειξε
3363 4371 3522 4423 τοῦτο
3545 4371 3724 4422 ὲκεῖσε
3754 4384 3856 4420 πα-

2284 4469 2394 4542 ρὼν
2424 4468 2520 4522 καλ⁵
2548 4467 2970 4535 διαλεγόμενοςς
3014 4463 3152 4518 ἀλλά
3209 4463 3413 4533 μᾶλλον
3458 4465 3516 4516 ἐν
3560 4463 3638 4530 τῷ
3687 4461 3864 4531 καιρῷ

599 4543 1055 4609 demonstrasset,
1099 4546 1284 4601 nullus
1342 4549 1574 4603 omnino
1635 4550 1981 4606 Christianus
2019 4554 2172 4607 unio-

2277 4545 2384 4631 ¹τῆς
2413 4559 2700 4624 διαλέξεως
2733 4558 3007 4612 ἀπείπατο
3032 4559 3132 4624 τήν
3177 4551 3413 4620 διάλεξιν
3436 4572 3449 4585 ⁸
3481 4557 3529 4606 εί
3560 4554 3667 4624 γὰρ
3696 4553 3860 4606 τοῦτο

602 4653 725 4694 nem
760 4652 884 4693 cum
909 4638 1120 4696 Latinis
1184 4641 1529 4709 admisisset,
1561 4644 1864 4713 praesertim
1922 4644 2182 4700 Ecclesia:

602 4731 886 4803 prre~ules,
918 4739 974 4789 et
999 4734 1186 4789 clerici
1220 4735 1315 4805 qui
1338 4736 1813 4804 subscripserunt.
1835 4736 2010 4793 Nemo
2034 4739 2181 4793 enim

601 4827 720 4880 sive
753 4826 958 4892 minor,
991 4826 1108 4881 sive
1139 4826 1314 4895 major
1347 4827 1556 4881 Christi
1587 4828 1860 4884 beneficio
1918 4831 2186 4887 voluisset

603 4917 890 4985 suscipere
918 4920 1180 4972 unionem
1231 4917 1581 4985 Latinorum,
1638 4921 1684 4975 si
1746 4923 2188 4979 demonstrasset

607 5009 724 5076 ipse
758 5025 869 5064 non
902 5019 1058 5066 recte
1091 5009 1216 5066 illos
1251 5011 1480 5067 sentire.
1547 5012 1654 5068 Sed
1719 5013 2185 5083 quemadmodum

606 5101 662 5154 in
691 5101 796 5155 hac
818 5102 1052 5170 epistola
1071 5117 1284 5168 vocem,
1310 5104 1387 5159 Ex
1413 5107 1554 5172 solo,
1580 5107 1927 5175 pronuntiat:
1951 5108 2025 5160 ita
2055 5121 2190 5176 quo-

607 5209 715 5259 que
747 5191 822 5246 ibi
855 5208 979 5247 eum
1009 5195 1111 5250 hoc
1143 5197 1314 5262 idem,
1356 5195 1434 5252 Ex
1486 5199 1628 5265 solo,
1701 5200 1952 5265 inferret,
2013 5198 2190 5254 Latini

608 5283 834 5339 Patrum
867 5283 1187 5341 testimonio
1217 5287 1496 5355 protulere
1529 5303 1543 5342 :
1573 5289 1690 5356 ipse
1752 5303 1881 5342 vero
1934 5287 2190 5357 disputa-

612 5395 673 5436 re
702 5379 943 5449 amplius
975 5380 1174 5447 noluit,
1206 5397 1308 5436 nec
1343 5383 1570 5436 omnino
1599 5381 1666 5436 ad
1709 5380 1978 5453 synodum
2035 5397 2196 5436 acce-

612 5475 747 5530 dere
771 5473 949 5529 voluit
990 5491 1004 5528 :
1038 5489 1164 5529 cum
1193 5483 1372 5530 tamen
1406 5476 1453 5529 is
1485 5475 1578 5544 qui
1608 5490 1729 5529 eum
1765 5489 1831 5530 eo
1857 5474 2195 5545 disputabat,

617 5580 900 5642 praesente
926 5570 1285 5641 imperatore,
1328 5578 1383 5625 et
1409 5570 1795 5640 optimatibus,
1831 5578 1886 5624 et
1944 5570 2196 5640 praesuli-

553 5690 557 5695 -
617 5665 746 5730 bus,
775 5672 830 5719 et
852 5664 1112 5718 universo
1150 5666 1356 5734 populo
1387 5663 1649 5719 clamaret
1688 5682 1704 5718 :
1762 5663 2008 5718 Accedat
2063 5663 2190 5717 volo

622 5754 883 5809 dominus
935 5755 1274 5811 reverendus
1339 5754 1629 5823 Ephesius,
1688 5763 1747 5809 ut
1812 5752 2199 5823 responsiones

626 5846 814 5904 audiat
849 5846 913 5904 ad
935 5863 998 5905 ea
1034 5863 1154 5919 qua:
1177 5847 1337 5916 dixit,
1380 5846 1681 5919 reddatque
1701 5846 1969 5903 rationem
2001 5844 2066 5902 de
2107 5844 2194 5899 iis.

2286 4653 2662 4716 ἀπεδείκνυεν,
2699 4651 2874 4718 οὐδεὶς
2920 4651 2987 4704 ἂν
3018 4650 3362 4718 Χριστιανοῖς
3400 4647 3659 4702 συνέθετο
3695 4662 3863 4697 κατα-

2273 4749 2546 4812 δέξασθαι
2597 4747 2698 4816 τὴν
2738 4746 2847 4798 τῶν
2908 4743 3158 4798 Λατίνων
3203 4742 3420 4803 ἕνωσιν,
3474 4740 3565 4792 καὶ
3623 4737 3864 4807 μάλιστα

2287 4841 2336 4892 0i
2365 4839 2464 4906 τῆς
2490 4836 2817 4905 Ἐκκλησίας
2866 4835 3170 4904 προστάται
3199 4833 3294 4886 καὶ
3328 4831 3586 4902 κληρικοὶ
3621 4828 3870 4898 ὑπογρά-

2287 4930 2488 4999 ψαντες
2511 4948 2525 4962 ο
2549 4930 2727 4991 οὐδεὶς
2754 4927 2864 4998 γὰρ
2890 4928 2978 4980 διὰ
2998 4925 3099 4991 τῆς
3127 4926 3348 4995 χάριτος
3381 4924 3476 4976 τοῦ
3508 4920 3775 4992 Χριστοῦ,
3800 4921 3864 4975 ού

2293 5022 2512 5093 μικρὸς,
2548 5022 2623 5091 ,οὐ
2665 5020 2857 5090 μέγας,
2891 5019 3126 5088 ἠθέλησε
3183 5014 3587 5080 καταδέξασθαι
3619 5014 3724 5081 τὴν
3763 5012 3871 5065 τῶν

2292 5111 2534 5167 Λατίνων
2570 5110 2786 5175 ἕνωσιν,
2811 5111 2857 5161 εἰ
2874 5108 3036 5171 αὐτὸς
3057 5107 3416 5161 ἀπεδείκνυεν
3431 5105 3630 5166 αὐτοὺς
3647 5104 3872 5156 κακοδό-

2295 5199 2441 5265 ξους⁶
2473 5201 2586 5254 ἀλλ’
2605 5201 2792 5270 ὥσπερ
2819 5201 2872 5250 ὲν
2889 5199 3060 5269 ταύτῃ
3078 5202 3142 5268 τῇ
3166 5200 3428 5267 επιστολῇ
3457 5199 3519 5248 τὸ
3543 5196 3641 5249 Ἐκ
3668 5196 3858 5262 μόνον,

2293 5294 2466 5361 λέγει,
2509 5291 2653 5345 οὕτω
2690 5293 2915 5344 κάκεῖσε
2941 5292 3002 5343 τὸ
3055 5292 3153 5343 Ἐκ
3207 5292 3392 5360 μόνον,
3448 5287 3870 5358 συμπεραίνων,

2296 5387 2346 5438 0i
2386 5387 2607 5439 Λατῖνοι
2641 5386 2740 5446 τὰς
2793 5384 2903 5436 τῶν
2939 5385 3201 5452 Πατέρων
3239 5380 3549 5453 μαρτυρίας
3602 5379 3874 5449 προκομί-

2301 5493 2532 5542 σαντες,
2573 5475 2736 5535 αύτὺς
2777 5473 3097 5545 ἀπηνήνατο
3157 5475 3256 5543 τὴν
3320 5470 3576 5536 διάλεξιν,
3632 5469 3878 5538 μηδόλως

2300 5565 2563 5634 ἐθελήσας
2615 5563 2962 5633 ἀπαντῆσαν
3015 5565 3198 5619 καίτοι
3239 5579 3304 5630 γε
3343 5561 3436 5615 τού
3485 5560 3877 5631 προσδιαλεγο-

2307 5658 2472 5727 μένου
2516 5657 2748 5726 βοῶντος
2805 5657 3042 5711 ἐνώπιον
3095 5656 3388 5726 βασιλέως,
3433 5654 3527 5705 καὶ
3578 5652 3875 5721 ἀρχόντων,

2304 5751 2396 5802 καὶ
2435 5750 2767 5820 ἀρχιερέων,
2803 5752 2897 5804 καὶ
2929 5752 3130 5813 aram-:0;
3180 5749 3276 5800 τοῦ
3337 5745 3491 5810 λαοῦ,
3548 5746 3636 5798 τὸν
3691 5743 3877 5813 κύριον

2306 5842 2396 5898 τὸν
2425 5842 2705 5913 αἰδέσιμον
2735 5842 2822 5897 τὸν
2853 5842 3082 5911 Ἐφέσου
3120 5841 3288 5895 ἐθέλω
3321 5840 3514 5905 ἐλθεῖν,
3551 5836 3633 5892 ἵνα
3663 5834 3873 5904 ἀκούσῃ
