4112 6274
304 350 392 418 lGl
1563 350 1871 411 CONTRA
1918 344 2348 411 EPHESIUM.

3465 336 3566 401 162

300 465 391 526 τὰς
419 460 717 529 ἀπολογίας
757 463 836 527 εἰς
870 461 905 515 ἃ
959 463 1165 521 ἐκεῖνος
1217 459 1362 526 εἶπε,
1408 464 1501 516 καὶ
1544 463 1703 531 λόγον
1732 469 1869 520 ἀπο·

1979 461 2042 515 At
2073 461 2188 529 ipse
2222 458 2396 512 noluit
2424 455 2691 509 accedere
2725 452 2910 509 multis
2931 466 3067 507 sane
3093 450 3340 507 omnium
3367 454 3567 508 cohor-

297 553 504 608 δοῦναι.
543 552 689 605 Ἀλλ’
720 554 819 605 οὐκ
849 552 1115 622 ἠθέλησεν
1144 552 1482 622 ἀπαντῆσαι,
1520 551 1690 604 πολλὰ
1724 552 1873 621 παρᾶ

298 647 514 700 πάντων
566 646 956 713 ἀναγκασθείς.
1012 645 1137 709 Πῶς
1185 640 1280 699 οὗν
1335 643 1510 698 ταῦτα
1551 644 1704 713 λέγει
1756 643 1873 706 νῦν,

295 731 332 785 ἃ
358 734 483 800 μήτ
512 732 660 785 ἄλλοι
711 730 887 797 εἷπον,
934 735 1059 805 μήτ’
1091 735 1254 797 αὐτὸς
1288 733 1874 805 ὲδυνὴθη,ἀποδείξαι;

300 826 511 878 Ἐκείσε
541 823 636 880 οὖν
672 827 926 899 ὑπῆρχεν
963 830 995 898 ἡ
1039 829 1209 898 πάλη,
1243 831 1338 882 καὶ
1366 831 1416 881 οί
1467 829 1638 896 λόγοι,
1695 831 1791 882 καὶ
1822 830 1877 882 αἱ

299 917 607 984 ἁπολογίαι,
644 919 741 972 καὶ
786 921 888 972 οὐκ
915 921 1183 990 ἠθέλησεν
1240 922 1583 992 ἀπαντῆσαι,
1640 923 1737 974 καὶ
1782 922 1878 974 νῦν

298 1008 447 1075 λέγει
474 1011 574 1064 ὅσα
601 1013 696 1064 καὶ
733 1011 1019 1082 βούλεται·
1055 1016 1135 1069 διὸ
1169 1014 1289 1067 οὐδὲ
1316 1015 1476 1085 χρεία
1505 1015 1711 1086 πολλῆς
1742 1017 1878 1068 ἁπο-

298 1104 483 1170 λογίας
520 1145 536 1159 .

974 1198 1170 1254 ΕΦΕΣ.

369 1289 432 1340 El
464 1289 563 1357 μὲν
594 1288 687 1342 οὖν
723 1290 879 1343 οὐδέν
921 1307 976 1345 τι
1034 1292 1504 1363 παρεκκλίνουσιν
1557 1294 1607 1346 οἱ
1658 1295 1878 1346 Λατῖνοι

292 1380 395 1447 τῆς
422 1380 594 1450 ὀρθῆς
629 1383 886 1445 πίστεως,
915 1384 1092 1452 μάτην
1121 1384 1322 1447 αὐτοὺς
1351 1386 1427 1447 ὡς
1474 1385 1651 1438 ἔοικεν
1680 1384 1880 1437 ἀπεκό-

286 1470 479 1540 ψαμεν
507 1489 523 1502 ·
562 1475 612 1524 εί
643 1472 699 1525 δὲ
730 1473 1189 1541 παρεκκλίνουσιν
1220 1476 1377 1539 ὅλως,
1419 1480 1509 1531 καὶ
1540 1475 1714 1529 ταῦτα
1748 1477 1879 1545 περὶ

291 1562 395 1631 τὴν
433 1562 719 1631 θεολογίαν
748 1564 843 1617 τοῦ
906 1566 1247 1634 Πνεύματος,
1296 1569 1376 1630 εἰς
1402 1567 1430 1620 ὃ
1480 1566 1878 1638 βλασφημῆσαι

292 1654 569 1708 κινδύνων
601 1656 629 1707 ὁ
665 1656 1078 1724 χαλεπώτατος,
1115 1659 1385 1727 αἱρετικοί
1435 1661 1575 1711 εἰσιν
1621 1659 1751 1728 ἄρα,
1783 1660 1879 1713 καὶ

294 1747 371 1809 ὡς
407 1748 719 1810 αἱρετικοὺς
752 1750 947 1811 αὐτοὺς
974 1750 1354 1820 ἀπεκόψαμεν.

987 1844 1194 1897 ΛΠΟΛ.

372 1931 496 1981 Εἴτε
560 1935 1021 1999 παρεκκλίνουσιν
1073 1940 1180 1987 εἴτε
1247 1938 1343 2006 μὴ,
1385 1939 1876 2006 προαποδέδεικται

290 2021 369 2073 Τὸ
401 2021 456 2072 δὲ
492 2022 888 2093 βλασφημῆσαι
921 2028 1050 2096 περὶ
1074 2028 1171 2096 τὴν
1201 2029 1480 2095 θεολογίαν
1503 2030 1594 2082 τοῦ
1631 2031 1880 2099 ῐῐνεύμα-

288 2131 407 2176 τος,
442 2116 594 2178 ὅπως
629 2118 656 2167 ὁ
702 2116 906 2186 Κὺριος
935 2120 995 2171 τό
1051 2137 1108 2173 τε
1142 2123 1255 2191 τοῖς
1312 2122 1593 2183 Ἰουδαίοις
1631 2125 1876 2193 εἴρηκεν,

288 2210 396 2259 οὐκ
423 2204 542 2261 οῖδα
571 2210 686 2272 πῶς
721 2212 945 2279 ἀγνοεῖ·
983 2214 1146 2282 ἡμεῖς
1188 2214 1297 2284 γὰρ
1334 2218 1415 2278 είς
1465 2218 1739 2286 ὁποτέραν
1771 2218 1880 2269 τῶν

290 2299 465 2350 θείων
496 2300 853 2355 ὑποστάσεων
890 2303 1287 2375 βλασφημήσει
1324 2324 1429 2369 τις,
1471 2309 1755 2368 κινδύνων,
1790 2309 1877 2360 λέ-

287 2407 489 2458 γομεν,
536 2394 686 2445 ἐστὶν
716 2396 743 2447 ὁ
772 2395 1159 2463 χαλεπώτατος
1185 2416 1198 2430 ·
1260 2400 1454 2469 ὲπίσης
1497 2402 1604 2468 γὰρ
1658 2402 1725 2454 τὰ
1760 2403 1879 2454 θεῖσι

288 2485 570 2549 πρῦσωπα
608 2485 981 2556 ὁμολογοῦμεν
1010 2488 1065 2540 ἕν
1096 2507 1155 2541 τε
1196 2491 1460 2560 ἁῖδιότητι
1510 2496 1602 2544 καὶ
1648 2494 1877 2561 δυνάμει

290 2576 392 2625 καὶ
426 2575 642 2645 θεότητι
666 2591 680 2607 ⁸
726 2579 821 2629 καὶ
848 2578 904 2639 ὃς
940 2582 1019 2642 εἰς
1058 2581 1354 2649 πρόσωπον
1404 2584 1514 2637 τῶν
1564 2584 1877 2653 θεαρχικῶν

287 2669 652 2720 ὑποστάσεων
685 2670 1097 2742 βλασφημήσει,
1131 2676 1228 2743 οὐχ
1261 2676 1374 2739 ἕξει
1423 2664 1616 2745 ἄφεσιν
1646 2677 1771 2731 οὔτε
1818 2680 1877 2730 ὲν

283 2759 367 2824 τῷ
417 2757 513 2809 νῦν
560 2759 740 2823 αἰῶνι,
779 2760 901 2813 οὔτε
960 2765 1014 2814 ὲν
1066 2764 1143 2830 τῷ
1199 2765 1463 2833 μέλλοντι.
1519 2766 1691 2819 Τοῦτο
1734 2770 1879 2822 καὶό

290 2851 475 2916 μέγας
517 2851 839 2913 Ἀθανάσιος
870 2854 926 2905 ὲν
961 2857 1026 2922 τῇ
1066 2856 1328 2925 ἐξηγήσει
1377 2858 1470 2909 τοῦ
1515 2860 1875 2928 εὐαγγελικοῦ

288 2938 490 3007 ῥητοῦ,
514 2938 831 3010 Πάνταμοι
855 2945 1183 3011 παρεδόθη,
1209 2947 1533 3002 διαϐεδαιοῖ.
1567 2952 1625 3003 'U
1653 2953 1766 3021 γὰρ
1794 2956 1873 3014 είς

285 3031 566 3098 ὁποτέραν
590 3034 722 3102 φησὶ
776 3034 883 3087 τῶν
914 3036 1077 3090 θείων
1121 3039 1479 3094 ὑποστάσεων
1525 3045 1875 3114 βλασφημῶν

282 3119 519 3190 οὑχέξει
544 3122 738 3187 ἄφεσιν
765 3124 891 3177 οὔτε
914 3127 973 3179 ὲν
996 3126 1072 3196 τῷ
1098 3128 1191 3180 νῦν
1214 3132 1393 3193 αἰῶνι.
1412 3132 1535 3186 οὔτε
1563 3138 1618 3187 ὲν
1644 3137 1719 3207 τῷ
1745 3138 1872 3206 μέλ·
1903 3152 1949 3205 c

284 3214 467 3270 λοντι.
508 3216 616 3267 Καὶ
638 3218 981 3288 Γρηγόριοςὸ
1034 3222 1297 3289 Θεολὸγος
1340 3223 1485 3276 οὕτω
1510 3227 1778 3295 φησίνθὼς
1807 3230 1875 3280 Ὂ

286 3321 337 3358 τι
364 3304 437 3356 ἂν
467 3307 575 3357 τῶν
598 3308 765 3376 τριῶν
791 3310 941 3362 κάτω
969 3309 1157 3382 βάλῃς,
1186 3314 1245 3365 τὸ
1267 3316 1372 3366 πᾶν
1394 3314 1491 3385 ἔσῃ
1516 3317 1875 3389 καθῃρηκὼς,

285 3399 393 3450 καὶ
442 3402 651 3468 σεαυτῷ
699 3402 797 3471 τὴν
837 3402 1140 3457 τελείωσιν.
1173 3406 1280 3458 Καὶ
1328 3410 1374 3460 oi
1426 3410 1647 3473 Λατῖνοι
1683 3411 1777 3465 οὖν
1814 3416 1876 3465 ἐκ

283 3488 404 3541 τῶν
451 3490 620 3558 τριῶν
653 3492 804 3544 οὐδὲν
835 3494 987 3547 κάτω
1040 3495 1329 3565 βάλλουσιν
1354 3518 1368 3533 ·
1400 3502 1601 3570 ἐπίσης
1652 3507 1762 3574 γὰρ
1810 3506 1877 3559 τὰ

283 3580 412 3633 θεῖα
443 3583 716 3650 πρόσωπα
747 3586 1103 3654 ὁμολογοῦσιν
1139 3589 1195 3641 ἔν
1223 3607 1281 3643 τε
1312 3592 1542 3663 δυνάμει
1567 3597 1660 3647 καὶ
1692 3599 1851 3667 κυριό

280 3690 417 3739 τητι
454 3676 549 3725 καὶ
591 3673 830 3746 θεότητι,
866 3680 956 3731 καὶ
986 3681 1271 3750 ἀῖδιότητι.
1309 3684 1437 3748 Πῶς
1467 3685 1561 3739 οὖν
1589 3688 1761 3756 λέγει,
1793 3691 1876 3743 ὅτι

280 3766 365 3827 είς
402 3765 463 3815 τὸ
504 3766 730 3835 Πνεῦμα
760 3769 820 3820 τὸ
850 3768 1007 3837 ἆγιον
1046 3771 1475 3845 βλασφημοῦσις
1510 3778 1681 3831 Πόθεν
1716 3782 1877 3835 τοῦτο

283 3856 487 3927 μαθὼν
513 3857 699 3926 λέγει;
736 3860 858 3914 Ὀτι
892 3862 946 3914 δὲ
984 3862 1152 3930 λέγει,
1190 3868 1478 3936 αίρετικοί.
1507 3871 1635 3933 εἰσι,
1665 3874 1757 3925 καὶ
1801 3875 1875 3938 ὡς

280 3951 605 4020 αἱρετικοῦς
636 3953 833 4014 αὐτοὺς
881 3955 1267 4026 ἁπεκόψαμεν,
1305 3958 1711 4031 ἀναμνησθήτω
1746 3966 1877 4033 πρό-

279 4058 451 4112 τερον
496 4043 745 4095 Ἰωάννου
775 4044 869 4097 τοῦ
910 4047 1242 4117 Ἀντιοχείας
1271 4053 1367 4104 καὶ
1400 4052 1671 4121 Κυρίλλου
1703 4071 1716 4087 ο
1764 4057 1872 4124 ἁμ-

282 4135 514 4202 φότεροι
565 4135 674 4201 γὰρ
721 4137 818 4201 τῆς
854 4138 1018 4205 ὀρθῆς
1069 4141 1582 4212 πίστεως,εἵχοντο,
1619 4147 1755 4200 ἀλλὰ
1785 4149 1872 4201 διὰ

282 4224 346 4276 τὸ
384 4224 460 4291 μὴ
502 4228 830 4294 προσμεῖναι
859 4227 949 4279 τὸν
981 4228 1270 4298 Κύριλλον,
1313 4234 1448 4286 ἀλλὰ
1477 4236 1869 4305 ἀποφήνασθαι

286 4316 435 4368 κατὰ
469 4315 773 4386 Νεστορίου
832 4320 937 4387 πρὸ
970 4320 1067 4373 τοῦ
1120 4325 1531 4392 παραγενέσθαι
1567 4330 1655 4379 τὸν
1691 4329 1873 4382 Ἰωαν-

285 4425 409 4473 νην,
443 4408 585 4458 κατὰ
617 4409 889 4476 Κυρίλλου
921 4411 1017 4463 τοῦ
1053 4412 1198 4464 θείου
1236 4414 1283 4466 οί
1321 4414 1448 4485 περὶ
1477 4418 1566 4468 τὸν
1616 4418 1871 4492 Ἰωάννην

1981 551 2287 606 tatiouibus
2317 548 2672 604 sollicitatus.
2703 547 2991 613 Quomodo
3016 562 3150 617 ergo
3216 562 3441 602 nuncea
3480 548 3567 602 di-

1978 644 2073 707 cit,
2114 658 2235 711 quze
2275 656 2374 694 nec
2409 640 2475 693 ab
2499 641 2620 693 aliis
2650 640 2797 693 dicta
2836 646 2988 701 sunt,
3023 653 3125 693 nec
3186 638 3255 690 ab
3300 638 3420 706 ipso
3471 638 3566 692 de-

1980 733 2276 789 monstrari
2311 740 2608 801 potuerunt
2636 731 2658 784 ?
2685 731 2762 785 lbi
2801 731 2943 785 lucta
3015 744 3154 795 erat,
3205 730 3277 784 ibi
3309 731 3563 801 disputa-

1982 825 2159 877 tiones
2190 831 2242 875 et
2279 822 2673 890 responsiones
2700 862 2714 886 ,
2754 831 2809 875 et
2847 822 3022 875 noluit
3074 822 3337 875 accedere
3366 837 3379 874 :
3414 833 3565 874 nunc

1980 914 2113 968 dicit
2143 928 2480 983 quaecunque
2510 915 2652 968 vult.
2690 915 2879 984 Itaque
2920 928 3028 968 non
3096 929 3234 984 Opus
3285 921 3372 968 est
3403 912 3562 981 longa

1981 1008 2356 1075 responsione.

2651 1143 2896 1200 EPHES.

2053 1282 2107 1336 Si
2151 1283 2319 1351 igitur
2355 1284 2586 1338 Latinia
2622 1293 2772 1338 recta
2810 1282 2912 1337 fide
2934 1282 3067 1335 nihil
3118 1280 3438 1347 deﬂectunt,
3465 1294 3567 1335 ne-

1982 1374 2282 1443 quidquam
2320 1376 2441 1428 illOs
2466 1376 2627 1444 plane
2664 1375 3037 1443 praecidimus,
3072 1377 3165 1427 sed
3197 1373 3240 1426 si
3290 1385 3441 1427 certe
3470 1373 3564 1427 de-

1982 1466 2228 1527 flectunt,
2263 1469 2426 1536 idque
2445 1468 2591 1521 circa
2624 1468 2962 1520 divinitatem
2996 1448 3259 1534 Spiritus,
3315 1465 3368 1518 in
3399 1480 3563 1535 quem

1982 1558 2366 1627 blasphemare
2384 1557 2688 1627 perieulum
2711 1565 2794 1611 est
2816 1558 3059 1610 omnium
3082 1555 3561 1621 exitiosissimnm,

1982 1648 2225 1704 haeretici
2261 1662 2392 1717 ergo
2433 1656 2581 1711 sunt,
2614 1656 2779 1716 atque
2819 1656 2875 1699 ut
2905 1647 3194 1701 haereticos
3219 1662 3246 1697 a
3320 1644 3559 1699 fidelium

1983 1752 2126 1796 (ἀξίη
2161 1742 2521 1796 abscidimus.

2674 1830 2874 1887 RESP.

2064 1930 2143 1982 An
2175 1928 2251 1981 illi
2287 1927 2578 1981 deﬂectant
2612 1942 2801 1990 necne,
2836 1927 2944 1994 jam
2991 1926 3421 1979 demonstratum
3458 1928 3562 1975 est.

1983 1994 2370 2089 blasphemare
2434 2028 2615 2071 autem
2673 2019 2816 2071 circa
2880 2017 3220 2069 divinitatem
3279 2015 3560 2083 Spiritus,

1982 2128 2091 2181 quo
2149 2128 2308 2165 sensu
2384 2108 2547 2163 fuerit
2586 2107 2791 2162 JlldLBlS
2846 2124 2875 2160 a
2918 2106 3149 2160 Domino
3183 2107 3429 2187 ‘dictum,
3464 2120 3565 2160 cur

1984 2204 2211 2266 nesciat,
2242 2204 2453 2272 ignoro.
2491 2202 2596 2255 Nos
2631 2204 2773 2253 enim
2802 2201 3107 2267 periculum
3163 2214 3286 2253 esse
3324 2198 3564 2251 dicimus

1983 2296 2462 2359 exitiosissimum,
2499 2296 2550 2347 in
2582 2309 2970 2363 quamcunque
3026 2293 3151 2360 quis
3219 2293 3562 2360 blasphemet

1982 2384 2220 2439 divinam
2260 2402 2570 2455 personam;
2595 2402 2830 2439 namcas
2872 2386 3246 2439 etretcrniiate
3287 2394 3339 2436 et
3370 2392 3564 2452 poten-

1986 2481 2055 2532 tia
2090 2489 2143 2534 et
2179 2481 2469 2533 divinitate
2503 2482 2742 2532 fatemur
2768 2479 3005 2546 aequales
3064 2497 3079 2531 :
3139 2488 3197 2531 ut
3247 2480 3563 2547 quicunque

1985 2574 2039 2626 in
2070 2573 2307 2626 divinam
2337 2573 2573 2641 aliquam
2598 2573 2917 2641 hypostasiu
2946 2572 3428 2637 blasphemaverit,
3459 2570 3563 2624 hoc

1983 2665 2029 2719 ei
2065 2680 2239 2732 neque
2266 2666 2316 2717 in
2350 2667 2450 2716 hoc
2483 2665 2683 2715 δαὶς-μισ
2720 2677 2893 2730 neque
2922 2664 2971 2714 in
3008 2662 3192 2715 futuro
3230 2664 3557 2715 remittatur.

1981 2758 2060 2809 Ita
2088 2756 2251 2810 sentit
2270 2771 2499 2825 magnus
2524 2756 2858 2808 Athanasius
2881 2769 3160 2821 exponens
3181 2754 3310 2805 illud
3332 2770 3565 2823 evange-

1982 2849 2143 2902 licum
2175 2865 2189 2902 :
2233 2847 2426 2900 Omnia
2457 2848 2583 2898 mihi
2619 2846 2821 2898 tradita
2853 2856 2991 2897 sunt.
3036 2844 3137 2909 Qui
3163 2847 3327 2909 enim,
3362 2846 3561 2914 inquit,

1983 2940 2035 2993 in
2062 2954 2222 2991 uuam
2242 2937 2550 2991 divinarum
2571 2939 2936 3007 hypostaseon
2963 2939 3559 3006 lilasphcumverit,non

1983 3032 2289 3085 remittetur
2306 3030 2353 3084 ei
2373 3046 2550 3098 neque
2574 3031 2625 3081 in
2646 3034 2749 3083 hoc
2766 3032 2988 3096 saeculo,
3012 3032 3249 3098 nequein
3275 3032 3474 3084 futuro.
3500 3031 3564 3083 Et

1982 3124 2281 3193 Gregorius
2297 3124 2604 3194 Theologus
2625 3125 2733 3193 (l5)
2771 3125 3069 3194 Quidquid,
3094 3127 3362 3195 inquil,ex
3387 3126 3561 3181 tribus

1982 3222 2048 3269 de
2082 3215 2252 3284 gradu
2288 3215 2555 3283 dejcceris
2582 3256 2597 3281 ,
2648 3225 2821 3268 totum
2869 3216 3112 3285 profecto
3158 3219 3557 3276 deturbaveris.

1983 3322 2035 3363 et
2067 3308 2424 3377 perfectionis
2457 3318 2861 3362 sacramentum
2924 3310 3019 3362 tibi
3054 3309 3450 3377 deperdidrris.
3485 3309 3561 3362 La

1979 3418 2109 3471 ergo
2140 3400 2320 3454 Latini
2353 3402 2561 3454 nullam
2599 3417 2627 3454 e
2661 3401 2836 3454 tribus
2868 3401 3117 3470 personis
3170 3404 3235 3453 de
3268 3400 3438 3470 gradu
3475 3400 3564 3453 il.-

1978 3493 2204 3563 gnitatis
2234 3493 2534 3550 dimovent.
2555 3506 2679 3546 cum
2712 3490 2986 3544 fateantur
3017 3493 3136 3544 illas
3165 3506 3288 3545 esse
3318 3492 3561 3560 aiqnules

1980 3584 2248 3653 potentia,
2275 3585 2612 3653 principatu,
2640 3583 2839 3636 deitate
2889 3597 2941 3636 et
2970 3583 3290 3636 aeternitate.
3318 3582 3559 3648 Quomo-

1980 3682 2050 3733 do
2090 3694 2223 3747 ergo
2274 3680 2408 3731 dicit
2477 3693 2573 3731 eos
2622 3678 2673 3729 in
2710 3676 2972 3744 Spiritum
3022 3686 3270 3730 sanctum
3312 3677 3565 3745 hlaSphe-

1980 3771 2171 3825 mare?
2219 3770 2371 3825 Unde
2435 3785 2563 3823 vero
2630 3778 2905 3834 sumptum
2970 3770 3070 3822 h0c
3107 3769 3347 3822 asserit?
3399 3766 3558 3833 Quod

1981 3880 2142 3934 porro
2172 3863 2268 3928 ait,
2303 3862 2588 3915 haereticos
2616 3876 2759 3924 esse,
2782 3872 2945 3930 atque
2974 3870 3033 3913 ut
3061 3863 3351 3917 hmreticos
3386 3846 3562 3917 fuisse

1978 3974 2005 4010 a
2042 3957 2198 4010 nobis
2226 3955 2523 4024 praecisos;
2565 3953 2750 4007 redeat
2773 3955 2927 4023 prius
2962 3955 3012 4007 in
3048 3954 3364 4008 meu;0riam
3397 3954 3564 4008 Joan-

1980 4049 2063 4102 nis
2097 4048 2427 4102 Antiocheni
2476 4057 2530 4101 et
2559 4046 2746 4118 Cyrilli
2783 4065 2795 4100 :
2831 4063 2957 4101 nam
3008 4060 3157 4101 recte
3194 4049 3354 4102 fidem
3408 4059 3561 4103 uter-

1979 4158 2089 4211 que
2125 4142 2457 4197 defendebat
2491 4158 2505 4205 ;
2543 4144 2666 4209 quia
2706 4151 2885 4194 tamen
2931 4141 3168 4211 (lyrinus
3203 4158 3309 4196 non
3359 4158 3556 4210 exspe-

1978 4243 2243 4299 ctaverat,
2282 4236 2375 4288 sed
2414 4243 2541 4287 ante
2581 4232 2812 4287 Joannis
2851 4234 3148 4286 adventum
3185 4236 3387 4288 tulerat
3432 4252 3563 4290 con-

1978 4338 2058 4380 tra
2113 4327 2424 4380 Nestorium
2474 4328 2823 4385 sententiam.
2890 4325 3131 4380 Joannes
3182 4329 3561 4383 Antiochenus

1979 4420 2201 4486 scriptis
2233 4427 2481 4470 sanetum
2532 4417 2800 4487 Cyrillum
2834 4418 3135 4485 exagitavit
3163 4434 3177 4472 :
3210 4420 3559 4471 testabuntur

300 4498 637 4568 Ἀντιοχείας
681 4499 958 4569 ἔγραφον·
1008 4504 1101 4557 καὶ
1143 4506 1305 4558 τοῦτο
1339 4513 1752 4580 μαρτυρήσουσι
1802 4514 1871 4566 τὰ

1979 4512 2080 4564 huc
2111 4512 2244 4564 Acta
2283 4511 2453 4563 tertia
2480 4509 2695 4579 synodi.
2729 4509 2783 4561 Si
2813 4518 2990 4563 autem
3022 4509 3145 4563 illos
3172 4522 3229 4561 ut
3269 4509 3558 4564 luereticos

287 4591 387 4657 τῆς
424 4590 611 4658 τρίτης
643 4592 864 4644 συνόδου
901 4594 1207 4659 Πρακτικὰ.
1244 4599 1305 4651 El
1339 4600 1395 4653 δὲ
1440 4602 1515 4663 ὡς
1550 4605 1869 4672 αἱρετικοὺς

289 4681 673 4751 ἀπεκόψαμεν,
704 4683 778 4745 ὡς
810 4686 973 4747 αὐτός
1006 4704 1190 4757 φησιν,
1234 4691 1593 4758 ἐμφανισάτω
1623 4695 1721 4763 τὴν
1749 4696 1870 4749 κατ’

289 4772 473 4824 αὐτῶν
499 4772 775 4839 ἀπόφασιν
806 4776 905 4843 τῆς
929 4777 1170 4839 συνόδου,
1210 4779 1356 4841 ὅπως
1388 4782 1481 4833 καὶ
1526 4783 1655 4835 πότε
1701 4784 1864 4837 κατεσ

287 4862 627 4931 δικασθησαν
652 4880 666 4894 ·
703 4865 795 4916 καὶ
834 4869 883 4917 εί
920 4867 1204 4935 ἐμμένωσι
1263 4875 1330 4940 τῇ
1388 4873 1644 4945 κριθείσῃ
1700 4893 1869 4928 κακο-

286 4952 457 5024 δοξίᾳ,
489 4956 557 5006 δι’
615 4958 681 5025 ἢν
737 4960 1211 5027 κατεδικάσθησαν
1238 4977 1251 4992 ⁸
1292 4964 1377 5015 ἵνα
1427 4966 1521 5017 καὶ
1550 4969 1711 5036 ἡμεῖς
1769 4970 1868 5037 τὴν

287 5048 471 5114 κρίσιν
500 5050 723 5113 γνόντες
752 5050 847 5103 καὶ
892 5052 993 5120 τὴν
1028 5053 1303 5121 ἀπόφασιν
1342 5057 1659 5125 στέρξωμεν
1692 5061 1867 5127 ἅσμε-

288 5143 539 5196 νέστατα.
586 5144 727 5197 Ἀλλ’
789 5147 888 5199 ουκ
944 5146 1057 5216 ἔχει
1119 5150 1295 5203 ταῦτα
1351 5148 1561 5215 δεῖξαιυ
1610 5154 1709 5205 ποῦ
1758 5159 1866 5223 γὰρ

287 5230 402 5298 ἔχει
451 5232 642 5297 δεῖξαι,
672 5236 753 5286 ὅτι
803 5237 1016 5306 αἵρεσιν
1074 5239 1445 5307 κηρύττουσιν
1503 5243 1551 5293 οἱ
1602 5243 1864 5307 Λατῖνοι;

287 5323 337 5373 εἰ
370 5323 463 5392 μὴ,
497 5326 581 5376 ὅτι
623 5325 835 5380 ἕπεται.
866 5330 926 5381 Οἱ
959 5330 1012 5381 δὲ
1043 5332 1265 5384 Λατῖνοί
1326 5350 1515 5401 φασιν,
1548 5335 1596 5386 εἰ
1626 5335 1717 5387 καὶ
1742 5334 1868 5385 ἒπε-

285 5430 402 5475 ται,
456 5416 612 5485 ὑμεῖς
678 5420 897 5482 λέγετε·
942 5420 1058 5473 ἀλλ’
1126 5420 1219 5475 οὖν
1283 5426 1463 5493 ἡμεῖς,
1497 5428 1594 5497 οὐχ
1650 5428 1865 5494 ἕπεται,

363 5592 410 5623 ³⁷
430 5592 619 5648 Matth.
668 5609 745 5656 ιι,
780 5594 873 5649 27.

368 5779 473 5849 (l5;
504 5778 656 5836 Orat.
691 5782 743 5835 in
767 5780 823 5835 S.
856 5782 1164 5853 baptisma.

1974 4602 2340 4665 resecuimus,
2361 4603 2503 4669 quod
2532 4601 2649 4668 ipse
2673 4599 2926 4663 aﬂirniat,
2951 4600 3199 4653 ostendat
3221 4602 3552 4655 sententiam

1973 4692 2190 4762 synodi,
2213 4708 2335 4762 quae
2362 4691 2481 4743 illos
2501 4690 2865 4750 damnaverit,
2885 4706 3061 4758 quove
3080 4692 3242 4743 modo
3260 4701 3313 4743 et
3337 4694 3557 4758 quando

1973 4784 2075 4837 hoc
2105 4784 2194 4836 illa
2224 4782 2413 4837 fecerit
2440 4800 2454 4848 ;
2496 4793 2548 4836 et
2569 4799 2636 4834 an
2668 4782 2743 4836 illi
2782 4783 3066 4836 damnatas
3103 4794 3407 4850 sequantur
3438 4786 3556 4852 opi-

1974 4878 2185 4943 niones,
2245 4880 2312 4931 ob
2352 4891 2489 4945 quas
2547 4876 2653 4930 lata
2704 4878 2865 4929 fuerit
2906 4878 2959 4929 in
2999 4891 3094 4929 eos
3145 4878 3414 4929 sententia
3447 4894 3461 4940 ;
3491 4858 3556 4931 ut

1973 4968 2157 5036 agnito
2181 4966 2388 5037 judicio
2434 4981 2535 5019 nos
2571 4982 2791 5035 quoque
2820 4966 3189 5019 libentissime
3227 4966 3556 5035 pronuntia-

1979 5070 2089 5114 tam
2125 5062 2522 5127 amplectamur
2577 5057 2931 5111 sententiam.
2982 5060 3051 5110 At
3089 5074 3370 5127 nunquam
3441 5060 3555 5114 haec

1977 5152 2280 5205 ostenderit
2307 5168 2319 5212 ;
2358 5152 2498 5203 unde
2528 5149 2672 5202 enim
2714 5149 3026 5217 probaverit
3096 5150 3326 5204 hacresin
3352 5165 3378 5203 a
3411 5152 3557 5206 Lati-

1977 5244 2061 5298 nis
2085 5242 2309 5297 defendi
2337 5243 2359 5295 ?
2394 5241 2546 5295 Dicet
2576 5241 2633 5295 id
2663 5242 2842 5310 colligi
2874 5259 2966 5310 per
2992 5244 3269 5310 sequelam
3299 5260 3313 5307 ;
3347 5254 3400 5296 at
3428 5261 3555 5298 vero

1977 5333 2152 5387 Latini
2188 5333 2545 5401 respondent,
2569 5331 2623 5386 id
2644 5332 2823 5400 sequi,
2857 5332 2951 5386 sed
2973 5333 3114 5400 apud
3149 5348 3283 5397 vos;
3319 5348 3443 5385 nam
3478 5344 3559 5387 ta-

1978 5429 2080 5482 lem
2117 5426 2392 5497 sequelam
2426 5424 2528 5494 ipsi
2582 5439 2881 5494 negamus;
2921 5425 3097 5493 primo
3131 5426 3378 5494 quidem,
3408 5427 3558 5494 quod
