  <div class='ocr_page' id='page_1' title='image "/cluster/home/n/w/nwhite01/storage/ocr_20150623/160/mdp.39015078384693/093.png"; bbox 0 0 4112 6274; ppageno 0'>
   <div class='ocr_carea' id='block_1_1' title="bbox 504 312 599 375">
    <p class='ocr_par' dir='ltr' id='par_1_1' title="bbox 504 312 599 375">
     <span class='ocr_line' id='line_1_1' title="bbox 504 312 599 375; baseline -0.011 0"><span class='ocrx_word' id='word_1_1' title='bbox 504 312 599 375; x_wconf 73' lang='grc' dir='ltr'><strong>ΓΙ</strong></span> 
     </span>
    </p>
   </div>
   <div class='ocr_carea' id='block_1_2' title="bbox 1398 290 2821 376">
    <p class='ocr_par' dir='ltr' id='par_1_2' title="bbox 1398 290 2821 376">
     <span class='ocr_line' id='line_1_2' title="bbox 1398 290 2821 376; baseline 0.001 -3"><span class='ocrx_word' id='word_1_2' title='bbox 1398 314 1772 376; x_wconf 74' lang='grc' dir='ltr'><strong>ΟΒΕΟΟΙΠΙ</strong></span> <span class='ocrx_word' id='word_1_3' title='bbox 1818 290 2115 376; x_wconf 64' lang='lat' dir='ltr'><strong>nam”:</strong></span> <span class='ocrx_word' id='word_1_4' title='bbox 2157 314 2262 376; x_wconf 71' lang='lat' dir='ltr'><strong>cn.</strong></span> <span class='ocrx_word' id='word_1_5' title='bbox 2309 306 2821 376; x_wconf 67' lang='lat' dir='ltr'><strong>PATRIARCIUE</strong></span> 
     </span>
    </p>
   </div>
   <div class='ocr_carea' id='block_1_3' title="bbox 3660 308 3765 378">
    <p class='ocr_par' dir='ltr' id='par_1_3' title="bbox 3660 308 3765 378">
     <span class='ocr_line' id='line_1_3' title="bbox 3660 308 3765 378; baseline -0.038 0"><span class='ocrx_word' id='word_1_6' title='bbox 3660 308 3765 378; x_wconf 78' lang='lat'><strong>172</strong></span> 
     </span>
    </p>
   </div>
   <div class='ocr_carea' id='block_1_4' title="bbox 499 427 2077 497">
    <p class='ocr_par' dir='ltr' id='par_1_4' title="bbox 499 428 2075 493">
     <span class='ocr_line' id='line_1_4' title="bbox 499 428 2075 493; baseline 0.001 -13"><span class='ocrx_word' id='word_1_7' title='bbox 499 428 821 482; x_wconf 75' lang='grc' dir='ltr'><strong>Ιιοηιαιιιίοη</strong></span> <span class='ocrx_word' id='word_1_8' title='bbox 845 441 971 483; x_wconf 86' lang='lat' dir='ltr'><strong>vero</strong></span> <span class='ocrx_word' id='word_1_9' title='bbox 997 442 1109 482; x_wconf 84' lang='lat' dir='ltr'><strong>rem</strong></span> <span class='ocrx_word' id='word_1_10' title='bbox 1142 428 1561 485; x_wconf 86' lang='lat' dir='ltr'><strong>assimulatione</strong></span> <span class='ocrx_word' id='word_1_11' title='bbox 1586 446 1691 485; x_wconf 92' lang='lat' dir='ltr'><strong>non</strong></span> <span class='ocrx_word' id='word_1_12' title='bbox 1730 429 2075 493; x_wconf 83' lang='lat' dir='ltr'><strong>dissimilem,</strong></span> 
     </span>
    </p>
   </div>
   <div class='ocr_carea' id='block_1_5' title="bbox 2180 427 3763 497">
    <p class='ocr_par' dir='ltr' id='par_1_5' title="bbox 2194 427 3763 497">
     <span class='ocr_line' id='line_1_5' title="bbox 2194 427 3763 497; baseline -0.002 -16"><span class='ocrx_word' id='word_1_13' title='bbox 2194 428 2400 496; x_wconf 84' lang='grc' dir='ltr'><strong>Ὀμοία</strong></span> <span class='ocrx_word' id='word_1_14' title='bbox 2455 429 2628 483; x_wconf 72' lang='grc' dir='ltr'><strong>ἐστὶν</strong></span> <span class='ocrx_word' id='word_1_15' title='bbox 2670 430 2710 497; x_wconf 76' lang='grc' dir='ltr'><strong><em>ἡ</em></strong></span> <span class='ocrx_word' id='word_1_16' title='bbox 2757 431 3047 495; x_wconf 73' lang='grc' dir='ltr'><strong>βασιλεία</strong></span> <span class='ocrx_word' id='word_1_17' title='bbox 3095 428 3212 483; x_wconf 70' lang='grc' dir='ltr'><strong>τῶν</strong></span> <span class='ocrx_word' id='word_1_18' title='bbox 3262 427 3535 495; x_wconf 78' lang='grc' dir='ltr'><strong>οὐρανῶν</strong></span> <span class='ocrx_word' id='word_1_19' title='bbox 3559 430 3763 490; x_wconf 72' lang='grc' dir='ltr'><strong>κόκκῳ</strong></span> 
     </span>
    </p>
   </div>
   <div class='ocr_carea' id='block_1_6' title="bbox 498 519 2073 593">
    <p class='ocr_par' dir='ltr' id='par_1_6' title="bbox 498 519 2073 593">
     <span class='ocr_line' id='line_1_6' title="bbox 498 519 2073 593; baseline 0.001 -19"><span class='ocrx_word' id='word_1_20' title='bbox 498 522 660 590; x_wconf 86' lang='lat' dir='ltr'><strong>quale</strong></span> <span class='ocrx_word' id='word_1_21' title='bbox 682 531 763 575; x_wconf 90' lang='lat' dir='ltr'><strong>est</strong></span> <span class='ocrx_word' id='word_1_22' title='bbox 802 520 933 575; x_wconf 88' lang='lat' dir='ltr'><strong>illud</strong></span> <span class='ocrx_word' id='word_1_23' title='bbox 965 537 981 578; x_wconf 84' lang='lat'><strong>:</strong></span> <span class='ocrx_word' id='word_1_24' title='bbox 1020 519 1203 575; x_wconf 81' lang='lat' dir='ltr'><strong>Simile</strong></span> <span class='ocrx_word' id='word_1_25' title='bbox 1249 533 1323 576; x_wconf 76' lang='lat' dir='ltr'><strong>est</strong></span> <span class='ocrx_word' id='word_1_26' title='bbox 1352 539 1569 593; x_wconf 77' lang='lat' dir='ltr'><strong>regnum</strong></span> <span class='ocrx_word' id='word_1_27' title='bbox 1621 525 1872 578; x_wconf 71' lang='lat' dir='ltr'><strong>calorum</strong></span> <span class='ocrx_word' id='word_1_28' title='bbox 1904 538 2073 592; x_wconf 85' lang='lat' dir='ltr'><strong>grano</strong></span> 
     </span>
    </p>
   </div>
   <div class='ocr_carea' id='block_1_7' title="bbox 498 612 2071 682">
    <p class='ocr_par' dir='ltr' id='par_1_7' title="bbox 498 612 2071 682">
     <span class='ocr_line' id='line_1_7' title="bbox 498 612 2071 682; baseline -0.001 -15"><span class='ocrx_word' id='word_1_29' title='bbox 498 614 697 679; x_wconf 77' lang='lat' dir='ltr'><strong>sinapis</strong></span> <span class='ocrx_word' id='word_1_30' title='bbox 758 614 845 677; x_wconf 85' lang='lat'><strong>”;</strong></span> <span class='ocrx_word' id='word_1_31' title='bbox 885 622 940 667; x_wconf 86' lang='lat' dir='ltr'><strong>et</strong></span> <span class='ocrx_word' id='word_1_32' title='bbox 999 612 1177 667; x_wconf 91' lang='lat' dir='ltr'><strong>illud:</strong></span> <span class='ocrx_word' id='word_1_33' title='bbox 1254 614 1385 668; x_wconf 85' lang='lat' dir='ltr'><strong>Cum</strong></span> <span class='ocrx_word' id='word_1_34' title='bbox 1446 615 1687 669; x_wconf 75' lang='lat' dir='ltr'><strong>Christus</strong></span> <span class='ocrx_word' id='word_1_35' title='bbox 1744 616 2071 682; x_wconf 84' lang='lat' dir='ltr'><strong>apparuerit,</strong></span> 
     </span>
    </p>
   </div>
   <div class='ocr_carea' id='block_1_8' title="bbox 500 705 2077 769">
    <p class='ocr_par' dir='ltr' id='par_1_8' title="bbox 500 705 2077 769">
     <span class='ocr_line' id='line_1_8' title="bbox 500 705 2077 769; baseline 0.001 -12"><span class='ocrx_word' id='word_1_36' title='bbox 500 705 700 758; x_wconf 81' lang='lat' dir='ltr'><strong>similes</strong></span> <span class='ocrx_word' id='word_1_37' title='bbox 727 705 773 757; x_wconf 77' lang='lat' dir='ltr'><strong>ei</strong></span> <span class='ocrx_word' id='word_1_38' title='bbox 798 706 996 759; x_wconf 83' lang='lat' dir='ltr'><strong>erimus</strong></span> <span class='ocrx_word' id='word_1_39' title='bbox 1032 707 1148 769; x_wconf 83' lang='grc'><strong>¹⁹⁶;</strong></span> <span class='ocrx_word' id='word_1_40' title='bbox 1192 707 1305 760; x_wconf 71' lang='lat' dir='ltr'><strong>haec</strong></span> <span class='ocrx_word' id='word_1_41' title='bbox 1328 707 1473 761; x_wconf 89' lang='lat' dir='ltr'><strong>enim</strong></span> <span class='ocrx_word' id='word_1_42' title='bbox 1513 724 1619 762; x_wconf 88' lang='lat' dir='ltr'><strong>non</strong></span> <span class='ocrx_word' id='word_1_43' title='bbox 1658 708 1900 762; x_wconf 83' lang='lat' dir='ltr'><strong>indicant</strong></span> <span class='ocrx_word' id='word_1_44' title='bbox 1924 707 2077 763; x_wconf 82' lang='lat' dir='ltr'><strong>simi-</strong></span> 
     </span>
    </p>
   </div>
   <div class='ocr_carea' id='block_1_9' title="bbox 502 795 2075 851">
    <p class='ocr_par' dir='ltr' id='par_1_9' title="bbox 502 795 2075 851">
     <span class='ocr_line' id='line_1_9' title="bbox 502 795 2075 851; baseline 0.001 -5"><span class='ocrx_word' id='word_1_45' title='bbox 502 796 790 849; x_wconf 88' lang='lat' dir='ltr'><strong>litudinem</strong></span> <span class='ocrx_word' id='word_1_46' title='bbox 816 795 1186 850; x_wconf 84' lang='lat' dir='ltr'><strong>essentialem.</strong></span> <span class='ocrx_word' id='word_1_47' title='bbox 1220 796 1285 849; x_wconf 81' lang='lat' dir='ltr'><strong>At</strong></span> <span class='ocrx_word' id='word_1_48' title='bbox 1316 811 1445 850; x_wconf 90' lang='lat' dir='ltr'><strong>vero</strong></span> <span class='ocrx_word' id='word_1_49' title='bbox 1474 796 1525 849; x_wconf 89' lang='lat' dir='ltr'><strong>in</strong></span> <span class='ocrx_word' id='word_1_50' title='bbox 1574 796 1665 851; x_wconf 85' lang='lat' dir='ltr'><strong>Dei</strong></span> <span class='ocrx_word' id='word_1_51' title='bbox 1699 795 1839 851; x_wconf 79' lang='lat' dir='ltr'><strong>Filio</strong></span> <span class='ocrx_word' id='word_1_52' title='bbox 1886 796 2075 849; x_wconf 86' lang='lat' dir='ltr'><strong>Salva-</strong></span> 
     </span>
    </p>
   </div>
   <div class='ocr_carea' id='block_1_10' title="bbox 501 888 2069 956">
    <p class='ocr_par' dir='ltr' id='par_1_10' title="bbox 501 888 2069 956">
     <span class='ocr_line' id='line_1_10' title="bbox 501 888 2069 956; baseline 0.001 -17"><span class='ocrx_word' id='word_1_53' title='bbox 501 897 617 939; x_wconf 83' lang='lat' dir='ltr'><strong>tnre</strong></span> <span class='ocrx_word' id='word_1_54' title='bbox 669 897 859 939; x_wconf 83' lang='lat' dir='ltr'><strong>neSIro</strong></span> <span class='ocrx_word' id='word_1_55' title='bbox 895 902 1001 939; x_wconf 91' lang='lat' dir='ltr'><strong>non</strong></span> <span class='ocrx_word' id='word_1_56' title='bbox 1036 888 1132 949; x_wconf 86' lang='lat' dir='ltr'><strong>ita,</strong></span> <span class='ocrx_word' id='word_1_57' title='bbox 1165 890 1258 941; x_wconf 85' lang='lat' dir='ltr'><strong>sed</strong></span> <span class='ocrx_word' id='word_1_58' title='bbox 1314 889 1837 943; x_wconf 78' lang='lat' dir='ltr'><strong>consubstantialem</strong></span> <span class='ocrx_word' id='word_1_59' title='bbox 1894 888 2069 956; x_wconf 89' lang='lat' dir='ltr'><strong>ipsum</strong></span> 
     </span>
    </p>
   </div>
   <div class='ocr_carea' id='block_1_11' title="bbox 500 978 2071 1048">
    <p class='ocr_par' dir='ltr' id='par_1_11' title="bbox 500 978 2071 1048">
     <span class='ocr_line' id='line_1_11' title="bbox 500 978 2071 1048; baseline 0.001 -17"><span class='ocrx_word' id='word_1_60' title='bbox 500 980 778 1043; x_wconf 74' lang='lat' dir='ltr'><strong>novimus,</strong></span> <span class='ocrx_word' id='word_1_61' title='bbox 831 978 1109 1033; x_wconf 78' lang='lat' dir='ltr'><strong>Christum</strong></span> <span class='ocrx_word' id='word_1_62' title='bbox 1184 980 1361 1048; x_wconf 87' lang='lat' dir='ltr'><strong>ipsum</strong></span> <span class='ocrx_word' id='word_1_63' title='bbox 1416 981 1703 1036; x_wconf 71' lang='lat' dir='ltr'><strong>audientes</strong></span> <span class='ocrx_word' id='word_1_64' title='bbox 1757 980 2071 1035; x_wconf 90' lang='lat' dir='ltr'><strong>dicentem:</strong></span> 
     </span>
    </p>
   </div>
   <div class='ocr_carea' id='block_1_12' title="bbox 499 1066 2070 1141">
    <p class='ocr_par' dir='ltr' id='par_1_12' title="bbox 499 1066 2070 1141">
     <span class='ocr_line' id='line_1_12' title="bbox 499 1066 2070 1141; baseline -0.001 -17"><span class='ocrx_word' id='word_1_65' title='bbox 499 1066 611 1139; x_wconf 78' lang='lat' dir='ltr'><strong>Ego</strong></span> <span class='ocrx_word' id='word_1_66' title='bbox 643 1082 687 1124; x_wconf 81' lang='lat' dir='ltr'><strong>et</strong></span> <span class='ocrx_word' id='word_1_67' title='bbox 728 1070 890 1125; x_wconf 83' lang='lat' dir='ltr'><strong>Pater</strong></span> <span class='ocrx_word' id='word_1_68' title='bbox 918 1088 1076 1123; x_wconf 83' lang='lat' dir='ltr'><strong>unum</strong></span> <span class='ocrx_word' id='word_1_69' title='bbox 1110 1089 1291 1127; x_wconf 78' lang='lat' dir='ltr'><strong>sumus</strong></span> <span class='ocrx_word' id='word_1_70' title='bbox 1338 1072 1402 1126; x_wconf 79' lang='lat'><strong>&quot;.</strong></span> <span class='ocrx_word' id='word_1_71' title='bbox 1434 1071 1534 1126; x_wconf 85' lang='lat' dir='ltr'><strong>Ubi</strong></span> <span class='ocrx_word' id='word_1_72' title='bbox 1567 1088 1659 1141; x_wconf 90' lang='lat' dir='ltr'><strong>per</strong></span> <span class='ocrx_word' id='word_1_73' title='bbox 1702 1072 1857 1133; x_wconf 87' lang='lat' dir='ltr'><strong>illud,</strong></span> <span class='ocrx_word' id='word_1_74' title='bbox 1885 1084 2070 1129; x_wconf 65' lang='lat' dir='ltr'><strong>unum.</strong></span> 
     </span>
    </p>
   </div>
   <div class='ocr_carea' id='block_1_13' title="bbox 500 1161 2072 1225">
    <p class='ocr_par' dir='ltr' id='par_1_13' title="bbox 500 1161 2072 1225">
     <span class='ocr_line' id='line_1_13' title="bbox 500 1161 2072 1225; baseline -0.001 -11"><span class='ocrx_word' id='word_1_75' title='bbox 500 1161 838 1215; x_wconf 82' lang='lat' dir='ltr'><strong>identitatem</strong></span> <span class='ocrx_word' id='word_1_76' title='bbox 868 1164 1121 1218; x_wconf 72' lang='lat' dir='ltr'><strong>essentia:</strong></span> <span class='ocrx_word' id='word_1_77' title='bbox 1148 1179 1271 1216; x_wconf 89' lang='lat' dir='ltr'><strong>cum</strong></span> <span class='ocrx_word' id='word_1_78' title='bbox 1300 1164 1726 1217; x_wconf 84' lang='lat' dir='ltr'><strong>invariabilitate</strong></span> <span class='ocrx_word' id='word_1_79' title='bbox 1752 1163 2072 1225; x_wconf 74' lang='lat' dir='ltr'><strong>declaravit;</strong></span> 
     </span>
    </p>
   </div>
   <div class='ocr_carea' id='block_1_14' title="bbox 499 1255 2071 1325">
    <p class='ocr_par' dir='ltr' id='par_1_14' title="bbox 499 1255 2071 1325">
     <span class='ocr_line' id='line_1_14' title="bbox 499 1255 2071 1325; baseline 0.001 -19"><span class='ocrx_word' id='word_1_80' title='bbox 499 1270 596 1323; x_wconf 85' lang='lat' dir='ltr'><strong>per</strong></span> <span class='ocrx_word' id='word_1_81' title='bbox 626 1255 755 1308; x_wconf 82' lang='lat' dir='ltr'><strong>illud</strong></span> <span class='ocrx_word' id='word_1_82' title='bbox 785 1265 987 1321; x_wconf 78' lang='lat' dir='ltr'><strong>autem,</strong></span> <span class='ocrx_word' id='word_1_83' title='bbox 1025 1272 1232 1321; x_wconf 82' lang='lat' dir='ltr'><strong>sumus,</strong></span> <span class='ocrx_word' id='word_1_84' title='bbox 1261 1256 1407 1311; x_wconf 81' lang='lat' dir='ltr'><strong>duas</strong></span> <span class='ocrx_word' id='word_1_85' title='bbox 1429 1257 1706 1325; x_wconf 76' lang='lat' dir='ltr'><strong>expressit</strong></span> <span class='ocrx_word' id='word_1_86' title='bbox 1732 1255 2071 1325; x_wconf 73' lang='lat' dir='ltr'><strong>hypostases.</strong></span> 
     </span>
    </p>
   </div>
   <div class='ocr_carea' id='block_1_15' title="bbox 497 1345 2075 1415">
    <p class='ocr_par' dir='ltr' id='par_1_15' title="bbox 497 1345 2075 1415">
     <span class='ocr_line' id='line_1_15' title="bbox 497 1345 2075 1415; baseline -0.001 -16"><span class='ocrx_word' id='word_1_87' title='bbox 497 1345 763 1399; x_wconf 67' lang='lat' dir='ltr'><strong>Caeterum</strong></span> <span class='ocrx_word' id='word_1_88' title='bbox 813 1347 1023 1408; x_wconf 79' lang='lat' dir='ltr'><strong>Ariani,</strong></span> <span class='ocrx_word' id='word_1_89' title='bbox 1073 1348 1201 1415; x_wconf 88' lang='lat' dir='ltr'><strong>quia</strong></span> <span class='ocrx_word' id='word_1_90' title='bbox 1243 1362 1349 1401; x_wconf 92' lang='lat' dir='ltr'><strong>non</strong></span> <span class='ocrx_word' id='word_1_91' title='bbox 1390 1347 1689 1401; x_wconf 77' lang='lat' dir='ltr'><strong>credebant</strong></span> <span class='ocrx_word' id='word_1_92' title='bbox 1735 1346 1827 1400; x_wconf 91' lang='lat' dir='ltr'><strong>Dei</strong></span> <span class='ocrx_word' id='word_1_93' title='bbox 1860 1346 1974 1399; x_wconf 81' lang='lat' dir='ltr'><strong>veri</strong></span> <span class='ocrx_word' id='word_1_94' title='bbox 2022 1354 2075 1399; x_wconf 90' lang='lat' dir='ltr'><strong>et</strong></span> 
     </span>
    </p>
   </div>
   <div class='ocr_carea' id='block_1_16' title="bbox 498 1436 2075 1508">
    <p class='ocr_par' dir='ltr' id='par_1_16' title="bbox 498 1436 2075 1508">
     <span class='ocr_line' id='line_1_16' title="bbox 498 1436 2075 1508; baseline -0.001 -16"><span class='ocrx_word' id='word_1_95' title='bbox 498 1437 675 1493; x_wconf 83' lang='lat' dir='ltr'><strong>Patris</strong></span> <span class='ocrx_word' id='word_1_96' title='bbox 716 1437 911 1492; x_wconf 82' lang='lat' dir='ltr'><strong>Filium</strong></span> <span class='ocrx_word' id='word_1_97' title='bbox 940 1438 1187 1493; x_wconf 80' lang='lat' dir='ltr'><strong>eamdem</strong></span> <span class='ocrx_word' id='word_1_98' title='bbox 1236 1454 1400 1508; x_wconf 87' lang='lat' dir='ltr'><strong>quam</strong></span> <span class='ocrx_word' id='word_1_99' title='bbox 1436 1448 1491 1493; x_wconf 87' lang='lat' dir='ltr'><strong>et</strong></span> <span class='ocrx_word' id='word_1_100' title='bbox 1517 1438 1677 1493; x_wconf 84' lang='lat' dir='ltr'><strong>Pater</strong></span> <span class='ocrx_word' id='word_1_101' title='bbox 1709 1438 1910 1491; x_wconf 82' lang='lat' dir='ltr'><strong>habere</strong></span> <span class='ocrx_word' id='word_1_102' title='bbox 1942 1436 2075 1491; x_wconf 87' lang='lat' dir='ltr'><strong>sub-</strong></span> 
     </span>
    </p>
   </div>
   <div class='ocr_carea' id='block_1_17' title="bbox 494 1526 2073 1597">
    <p class='ocr_par' dir='ltr' id='par_1_17' title="bbox 494 1526 2073 1597">
     <span class='ocr_line' id='line_1_17' title="bbox 494 1526 2073 1597; baseline -0.001 -16"><span class='ocrx_word' id='word_1_103' title='bbox 494 1530 778 1591; x_wconf 82' lang='lat' dir='ltr'><strong>stantiam,</strong></span> <span class='ocrx_word' id='word_1_104' title='bbox 818 1535 1029 1581; x_wconf 86' lang='lat' dir='ltr'><strong>remota</strong></span> <span class='ocrx_word' id='word_1_105' title='bbox 1055 1541 1281 1597; x_wconf 81' lang='lat' dir='ltr'><strong>prorsus</strong></span> <span class='ocrx_word' id='word_1_106' title='bbox 1301 1527 1454 1581; x_wconf 89' lang='lat' dir='ltr'><strong>omni</strong></span> <span class='ocrx_word' id='word_1_107' title='bbox 1482 1526 1805 1591; x_wconf 75' lang='lat' dir='ltr'><strong>variatione,</strong></span> <span class='ocrx_word' id='word_1_108' title='bbox 1841 1540 2073 1593; x_wconf 85' lang='lat' dir='ltr'><strong>esseque</strong></span> 
     </span>
    </p>
   </div>
   <div class='ocr_carea' id='block_1_18' title="bbox 497 1615 2072 1686">
    <p class='ocr_par' dir='ltr' id='par_1_18' title="bbox 497 1615 2072 1686">
     <span class='ocr_line' id='line_1_18' title="bbox 497 1615 2072 1686; baseline -0.003 -17"><span class='ocrx_word' id='word_1_109' title='bbox 497 1617 575 1670; x_wconf 85' lang='lat' dir='ltr'><strong>illi</strong></span> <span class='ocrx_word' id='word_1_110' title='bbox 619 1616 905 1686; x_wconf 68' lang='lat' dir='ltr'><strong>aequalem,</strong></span> <span class='ocrx_word' id='word_1_111' title='bbox 950 1616 994 1668; x_wconf 89' lang='lat' dir='ltr'><strong>si</strong></span> <span class='ocrx_word' id='word_1_112' title='bbox 1048 1616 1459 1684; x_wconf 78' lang='lat' dir='ltr'><strong>generationem</strong></span> <span class='ocrx_word' id='word_1_113' title='bbox 1493 1615 1761 1683; x_wconf 79' lang='lat' dir='ltr'><strong>excipias,</strong></span> <span class='ocrx_word' id='word_1_114' title='bbox 1791 1621 2072 1665; x_wconf 88' lang='lat' dir='ltr'><strong>mutarunt</strong></span> 
     </span>
    </p>
   </div>
   <div class='ocr_carea' id='block_1_19' title="bbox 496 1703 2074 1774">
    <p class='ocr_par' dir='ltr' id='par_1_19' title="bbox 496 1703 2074 1774">
     <span class='ocr_line' id='line_1_19' title="bbox 496 1703 2074 1774; baseline -0.004 -13"><span class='ocrx_word' id='word_1_115' title='bbox 496 1708 823 1761; x_wconf 87' lang='lat' dir='ltr'><strong>linmousion</strong></span> <span class='ocrx_word' id='word_1_116' title='bbox 853 1708 905 1761; x_wconf 92' lang='lat' dir='ltr'><strong>in</strong></span> <span class='ocrx_word' id='word_1_117' title='bbox 943 1707 1289 1761; x_wconf 73' lang='lat' dir='ltr'><strong>homteusion</strong></span> <span class='ocrx_word' id='word_1_118' title='bbox 1318 1724 1331 1760; x_wconf 87' lang='lat'>:</span> <span class='ocrx_word' id='word_1_119' title='bbox 1364 1706 1525 1774; x_wconf 82' lang='lat' dir='ltr'><strong>idque</strong></span> <span class='ocrx_word' id='word_1_120' title='bbox 1552 1706 1786 1758; x_wconf 85' lang='lat' dir='ltr'><strong>medium</strong></span> <span class='ocrx_word' id='word_1_121' title='bbox 1818 1703 2074 1756; x_wconf 84' lang='lat' dir='ltr'><strong>nomina-</strong></span> 
     </span>
    </p>
   </div>
   <div class='ocr_carea' id='block_1_20' title="bbox 2176 519 3757 587">
    <p class='ocr_par' dir='ltr' id='par_1_20' title="bbox 2176 519 3757 587">
     <span class='ocr_line' id='line_1_20' title="bbox 2176 519 3757 587; baseline 0.001 -15"><span class='ocrx_word' id='word_1_122' title='bbox 2176 519 2482 585; x_wconf 80' lang='grc' dir='ltr'><strong>σινάπεως</strong></span> <span class='ocrx_word' id='word_1_123' title='bbox 2508 536 2523 550; x_wconf 83' lang='grc'><strong>·</strong></span> <span class='ocrx_word' id='word_1_124' title='bbox 2580 521 2676 575; x_wconf 86' lang='grc' dir='ltr'><strong>καί</strong></span> <span class='ocrx_word' id='word_1_125' title='bbox 2701 536 2716 550; x_wconf 77' lang='grc' dir='ltr'><strong>ο</strong></span> <span class='ocrx_word' id='word_1_126' title='bbox 2786 522 2965 575; x_wconf 80' lang='grc' dir='ltr'><strong>Ὅταν</strong></span> <span class='ocrx_word' id='word_1_127' title='bbox 3029 525 3062 575; x_wconf 83' lang='grc' dir='ltr'><em>ὁ</em></span> <span class='ocrx_word' id='word_1_128' title='bbox 3119 523 3374 587; x_wconf 75' lang='grc' dir='ltr'><strong>Χριστὸς</strong></span> <span class='ocrx_word' id='word_1_129' title='bbox 3417 519 3757 587; x_wconf 72' lang='grc' dir='ltr'><strong>φανερωθῇ,</strong></span> 
     </span>
    </p>
   </div>
   <div class='ocr_carea' id='block_1_21' title="bbox 2176 606 3759 682">
    <p class='ocr_par' dir='ltr' id='par_1_21' title="bbox 2176 606 3759 682">
     <span class='ocr_line' id='line_1_21' title="bbox 2176 606 3759 682; baseline -0.003 -17"><span class='ocrx_word' id='word_1_130' title='bbox 2176 612 2366 679; x_wconf 80' lang='grc' dir='ltr'><strong>ὅμοιοι</strong></span> <span class='ocrx_word' id='word_1_131' title='bbox 2391 610 2551 676; x_wconf 83' lang='grc' dir='ltr'><strong>αὑτῷ</strong></span> <span class='ocrx_word' id='word_1_132' title='bbox 2584 612 2848 681; x_wconf 83' lang='grc' dir='ltr'><strong>ἐσόμεθα</strong></span> <span class='ocrx_word' id='word_1_133' title='bbox 2878 628 2892 643; x_wconf 81' lang='grc'><strong><em>⁸</em></strong></span> <span class='ocrx_word' id='word_1_134' title='bbox 2927 613 2987 664; x_wconf 87' lang='grc' dir='ltr'><strong>οὐ</strong></span> <span class='ocrx_word' id='word_1_135' title='bbox 3027 614 3094 682; x_wconf 76' lang='grc' dir='ltr'><strong>τῇ</strong></span> <span class='ocrx_word' id='word_1_136' title='bbox 3130 612 3290 682; x_wconf 80' lang='grc' dir='ltr'><strong>οὐσίᾳ</strong></span> <span class='ocrx_word' id='word_1_137' title='bbox 3320 610 3489 679; x_wconf 76' lang='grc' dir='ltr'><strong>δηλοῖ.</strong></span> <span class='ocrx_word' id='word_1_138' title='bbox 3536 611 3661 662; x_wconf 81' lang='grc' dir='ltr'><strong>Ἐπὶ</strong></span> <span class='ocrx_word' id='word_1_139' title='bbox 3701 606 3759 662; x_wconf 79' lang='grc' dir='ltr'><strong>δὲ</strong></span> 
     </span>
    </p>
   </div>
   <div class='ocr_carea' id='block_1_22' title="bbox 2176 700 3762 773">
    <p class='ocr_par' dir='ltr' id='par_1_22' title="bbox 2176 700 3762 773">
     <span class='ocr_line' id='line_1_22' title="bbox 2176 700 3762 773; baseline -0.001 -19"><span class='ocrx_word' id='word_1_140' title='bbox 2176 701 2269 755; x_wconf 87' lang='grc' dir='ltr'><strong>τοῦ</strong></span> <span class='ocrx_word' id='word_1_141' title='bbox 2316 702 2449 754; x_wconf 77' lang='grc' dir='ltr'><strong>Υὶοῦ</strong></span> <span class='ocrx_word' id='word_1_142' title='bbox 2498 700 2594 754; x_wconf 85' lang='grc' dir='ltr'><strong>τοῦ</strong></span> <span class='ocrx_word' id='word_1_143' title='bbox 2645 702 2782 755; x_wconf 83' lang='grc' dir='ltr'><strong>Θεοῦ</strong></span> <span class='ocrx_word' id='word_1_144' title='bbox 2835 701 2927 755; x_wconf 91' lang='grc' dir='ltr'><strong>τοῦ</strong></span> <span class='ocrx_word' id='word_1_145' title='bbox 2982 703 3233 773; x_wconf 79' lang='grc' dir='ltr'><strong>Σωτῆρος</strong></span> <span class='ocrx_word' id='word_1_146' title='bbox 3294 700 3451 768; x_wconf 74' lang='grc' dir='ltr'><strong>ἡμῶν</strong></span> <span class='ocrx_word' id='word_1_147' title='bbox 3516 700 3614 770; x_wconf 71' lang='grc' dir='ltr'><strong>οὐχ</strong></span> <span class='ocrx_word' id='word_1_148' title='bbox 3664 700 3762 753; x_wconf 75' lang='grc' dir='ltr'><strong>οῦο</strong></span> 
     </span>
    </p>
   </div>
   <div class='ocr_carea' id='block_1_23' title="bbox 2176 788 3757 863">
    <p class='ocr_par' dir='ltr' id='par_1_23' title="bbox 2176 788 3757 863">
     <span class='ocr_line' id='line_1_23' title="bbox 2176 788 3757 863; baseline 0.001 -18"><span class='ocrx_word' id='word_1_149' title='bbox 2176 810 2303 859; x_wconf 88' lang='grc' dir='ltr'><strong>τως,</strong></span> <span class='ocrx_word' id='word_1_150' title='bbox 2337 794 2453 847; x_wconf 78' lang='grc' dir='ltr'><strong>ἀλλ’</strong></span> <span class='ocrx_word' id='word_1_151' title='bbox 2509 795 2795 863; x_wconf 87' lang='grc' dir='ltr'><strong>όμοούσιον</strong></span> <span class='ocrx_word' id='word_1_152' title='bbox 2847 795 3115 863; x_wconf 80' lang='grc' dir='ltr'><strong>ἔγνωμεν,</strong></span> <span class='ocrx_word' id='word_1_153' title='bbox 3153 793 3318 847; x_wconf 69' lang='grc' dir='ltr'><strong>αὐτοῦ</strong></span> <span class='ocrx_word' id='word_1_154' title='bbox 3366 792 3460 846; x_wconf 84' lang='grc' dir='ltr'><strong>τοῦ</strong></span> <span class='ocrx_word' id='word_1_155' title='bbox 3515 788 3757 862; x_wconf 88' lang='grc' dir='ltr'><strong>Χριστοῦ</strong></span> 
     </span>
    </p>
   </div>
   <div class='ocr_carea' id='block_1_24' title="bbox 2176 885 3758 957">
    <p class='ocr_par' dir='ltr' id='par_1_24' title="bbox 2176 885 3758 957">
     <span class='ocr_line' id='line_1_24' title="bbox 2176 885 3758 957; baseline 0.001 -20"><span class='ocrx_word' id='word_1_156' title='bbox 2176 886 2466 947; x_wconf 83' lang='grc' dir='ltr'><strong>ἀκούοντες</strong></span> <span class='ocrx_word' id='word_1_157' title='bbox 2498 887 2750 954; x_wconf 82' lang='grc' dir='ltr'><strong>λέγοντος</strong></span> <span class='ocrx_word' id='word_1_158' title='bbox 2778 902 2792 916; x_wconf 71' lang='grc'><strong><em>⁵</em></strong></span> <span class='ocrx_word' id='word_1_159' title='bbox 2848 887 2995 957; x_wconf 83' lang='grc' dir='ltr'><strong>Ἐγὼ</strong></span> <span class='ocrx_word' id='word_1_160' title='bbox 3025 888 3120 939; x_wconf 79' lang='grc' dir='ltr'><strong>καὶ</strong></span> <span class='ocrx_word' id='word_1_161' title='bbox 3149 890 3182 940; x_wconf 86' lang='grc' dir='ltr'><em>ὁ</em></span> <span class='ocrx_word' id='word_1_162' title='bbox 3212 885 3411 952; x_wconf 78' lang='grc' dir='ltr'><strong>Πατὴρ</strong></span> <span class='ocrx_word' id='word_1_163' title='bbox 3438 886 3509 939; x_wconf 80' lang='grc' dir='ltr'><strong>ἓν</strong></span> <span class='ocrx_word' id='word_1_164' title='bbox 3532 886 3721 953; x_wconf 77' lang='grc' dir='ltr'><strong>ἐσμεν</strong></span> <span class='ocrx_word' id='word_1_165' title='bbox 3740 898 3758 921; x_wconf 75' lang='grc' dir='ltr'><strong><em>ο</em></strong></span> 
     </span>
    </p>
   </div>
   <div class='ocr_carea' id='block_1_25' title="bbox 2174 975 3758 1047">
    <p class='ocr_par' dir='ltr' id='par_1_25' title="bbox 2174 975 3758 1047">
     <span class='ocr_line' id='line_1_25' title="bbox 2174 975 3758 1047; baseline 0.002 -19"><span class='ocrx_word' id='word_1_166' title='bbox 2174 975 2263 1028; x_wconf 69' lang='grc' dir='ltr'><strong>διὰ</strong></span> <span class='ocrx_word' id='word_1_167' title='bbox 2312 976 2433 1041; x_wconf 79' lang='grc' dir='ltr'><strong>τοῦ,</strong></span> <span class='ocrx_word' id='word_1_168' title='bbox 2466 976 2556 1039; x_wconf 79' lang='grc' dir='ltr'><strong>ἓν,</strong></span> <span class='ocrx_word' id='word_1_169' title='bbox 2585 976 2647 1037; x_wconf 77' lang='grc' dir='ltr'><strong>τὸ</strong></span> <span class='ocrx_word' id='word_1_170' title='bbox 2699 980 2895 1030; x_wconf 75' lang='grc' dir='ltr'><strong>ταυτδν</strong></span> <span class='ocrx_word' id='word_1_171' title='bbox 2944 979 3040 1047; x_wconf 77' lang='grc' dir='ltr'><strong>τῆς</strong></span> <span class='ocrx_word' id='word_1_172' title='bbox 3089 978 3281 1038; x_wconf 86' lang='grc' dir='ltr'><strong>οὐσίας</strong></span> <span class='ocrx_word' id='word_1_173' title='bbox 3330 976 3617 1047; x_wconf 67' lang='grc' dir='ltr'><strong>ἐμφαίνων</strong></span> <span class='ocrx_word' id='word_1_174' title='bbox 3658 977 3758 1031; x_wconf 69' lang='grc' dir='ltr'><strong>καὶ</strong></span> 
     </span>
    </p>
   </div>
   <div class='ocr_carea' id='block_1_26' title="bbox 2175 1067 3731 1143">
    <p class='ocr_par' dir='ltr' id='par_1_26' title="bbox 2175 1067 3731 1143">
     <span class='ocr_line' id='line_1_26' title="bbox 2175 1067 3731 1143; baseline 0.001 -24"><span class='ocrx_word' id='word_1_175' title='bbox 2175 1068 2635 1137; x_wconf 76' lang='grc' dir='ltr'><strong>ἀπαράλλακτον·</strong></span> <span class='ocrx_word' id='word_1_176' title='bbox 2666 1068 2753 1121; x_wconf 80' lang='grc' dir='ltr'><strong>διὰ</strong></span> <span class='ocrx_word' id='word_1_177' title='bbox 2786 1068 2841 1121; x_wconf 74' lang='grc' dir='ltr'><strong>δὲ</strong></span> <span class='ocrx_word' id='word_1_178' title='bbox 2874 1068 2990 1131; x_wconf 86' lang='grc' dir='ltr'><strong>τοῦ,</strong></span> <span class='ocrx_word' id='word_1_179' title='bbox 3016 1069 3228 1143; x_wconf 62' lang='grc' dir='ltr'><strong>ιξσμιῖννν</strong></span> <span class='ocrx_word' id='word_1_180' title='bbox 3260 1067 3357 1131; x_wconf 86' lang='grc' dir='ltr'><strong>τάς</strong></span> <span class='ocrx_word' id='word_1_181' title='bbox 3391 1068 3483 1120; x_wconf 82' lang='grc' dir='ltr'><strong>δύο</strong></span> <span class='ocrx_word' id='word_1_182' title='bbox 3516 1069 3731 1121; x_wconf 83' lang='grc' dir='ltr'><strong>ὑποστά</strong></span> 
     </span>
    </p>
   </div>
   <div class='ocr_carea' id='block_1_27' title="bbox 2178 1158 3761 1230">
    <p class='ocr_par' dir='ltr' id='par_1_27' title="bbox 2178 1158 3761 1230">
     <span class='ocr_line' id='line_1_27' title="bbox 2178 1158 3761 1230; baseline 0.003 -22"><span class='ocrx_word' id='word_1_183' title='bbox 2178 1174 2290 1218; x_wconf 68' lang='lat' dir='ltr'><strong>ost;</strong></span> <span class='ocrx_word' id='word_1_184' title='bbox 2319 1158 2516 1229; x_wconf 69' lang='grc' dir='ltr'><strong>δηλῶν.</strong></span> <span class='ocrx_word' id='word_1_185' title='bbox 2564 1160 2730 1211; x_wconf 83' lang='grc' dir='ltr'><strong>Ὀοεν</strong></span> <span class='ocrx_word' id='word_1_186' title='bbox 2761 1159 2811 1210; x_wconf 81' lang='grc' dir='ltr'><strong>οἱ</strong></span> <span class='ocrx_word' id='word_1_187' title='bbox 2843 1160 2970 1229; x_wconf 71' lang='grc' dir='ltr'><strong>περὶ</strong></span> <span class='ocrx_word' id='word_1_188' title='bbox 3000 1161 3091 1212; x_wconf 79' lang='grc' dir='ltr'><strong>τὸν</strong></span> <span class='ocrx_word' id='word_1_189' title='bbox 3134 1161 3355 1230; x_wconf 75' lang='grc' dir='ltr'><strong>Ἀρειον</strong></span> <span class='ocrx_word' id='word_1_190' title='bbox 3385 1159 3459 1228; x_wconf 80' lang='grc' dir='ltr'><strong>μὴ</strong></span> <span class='ocrx_word' id='word_1_191' title='bbox 3496 1158 3761 1228; x_wconf 86' lang='grc' dir='ltr'><strong>φρονοῦν-</strong></span> 
     </span>
    </p>
   </div>
   <div class='ocr_carea' id='block_1_28' title="bbox 2175 1249 3763 1322">
    <p class='ocr_par' dir='ltr' id='par_1_28' title="bbox 2175 1249 3763 1322">
     <span class='ocr_line' id='line_1_28' title="bbox 2175 1249 3763 1322; baseline 0.002 -21"><span class='ocrx_word' id='word_1_192' title='bbox 2175 1267 2265 1311; x_wconf 90' lang='grc' dir='ltr'><strong>τες</strong></span> <span class='ocrx_word' id='word_1_193' title='bbox 2326 1251 2418 1301; x_wconf 77' lang='grc' dir='ltr'><strong>τὸν</strong></span> <span class='ocrx_word' id='word_1_194' title='bbox 2456 1250 2582 1301; x_wconf 57' lang='lat' dir='ltr'><strong>my</strong></span> <span class='ocrx_word' id='word_1_195' title='bbox 2614 1250 2708 1303; x_wconf 83' lang='grc' dir='ltr'><strong>τοῦ</strong></span> <span class='ocrx_word' id='word_1_196' title='bbox 2761 1250 3019 1319; x_wconf 80' lang='grc' dir='ltr'><strong>ἀληθινοῦ</strong></span> <span class='ocrx_word' id='word_1_197' title='bbox 3067 1249 3209 1304; x_wconf 79' lang='grc' dir='ltr'><strong>Θεοῦ</strong></span> <span class='ocrx_word' id='word_1_198' title='bbox 3264 1251 3358 1304; x_wconf 75' lang='grc' dir='ltr'><strong>καὶ</strong></span> <span class='ocrx_word' id='word_1_199' title='bbox 3396 1252 3609 1322; x_wconf 82' lang='grc' dir='ltr'><strong>Πατρὸς</strong></span> <span class='ocrx_word' id='word_1_200' title='bbox 3656 1252 3763 1320; x_wconf 85' lang='grc' dir='ltr'><strong>τῆς</strong></span> 
     </span>
    </p>
   </div>
   <div class='ocr_carea' id='block_1_29' title="bbox 2176 1340 3763 1413">
    <p class='ocr_par' dir='ltr' id='par_1_29' title="bbox 2176 1340 3763 1413">
     <span class='ocr_line' id='line_1_29' title="bbox 2176 1340 3763 1413; baseline 0.001 -19"><span class='ocrx_word' id='word_1_201' title='bbox 2176 1340 2348 1408; x_wconf 79' lang='grc' dir='ltr'><strong>αὐτῆς</strong></span> <span class='ocrx_word' id='word_1_202' title='bbox 2381 1342 2571 1403; x_wconf 74' lang='grc' dir='ltr'><strong>οὐσίας</strong></span> <span class='ocrx_word' id='word_1_203' title='bbox 2621 1342 2763 1395; x_wconf 77' lang='grc' dir='ltr'><strong>κατά</strong></span> <span class='ocrx_word' id='word_1_204' title='bbox 2820 1342 2999 1395; x_wconf 83' lang='grc' dir='ltr'><strong>πάντα</strong></span> <span class='ocrx_word' id='word_1_205' title='bbox 3030 1343 3479 1413; x_wconf 76' lang='grc' dir='ltr'><strong>ἀπαράλλακτον,</strong></span> <span class='ocrx_word' id='word_1_206' title='bbox 3510 1347 3607 1399; x_wconf 79' lang='grc' dir='ltr'><strong>καὶ</strong></span> <span class='ocrx_word' id='word_1_207' title='bbox 3642 1343 3763 1395; x_wconf 71' lang='grc' dir='ltr'><strong>ἴσον</strong></span> 
     </span>
    </p>
   </div>
   <div class='ocr_carea' id='block_1_30' title="bbox 2175 1432 3758 1503">
    <p class='ocr_par' dir='ltr' id='par_1_30' title="bbox 2175 1432 3758 1503">
     <span class='ocr_line' id='line_1_30' title="bbox 2175 1432 3758 1503; baseline 0.001 -19"><span class='ocrx_word' id='word_1_208' title='bbox 2175 1432 2255 1501; x_wconf 83' lang='grc' dir='ltr'><strong>τῷ</strong></span> <span class='ocrx_word' id='word_1_209' title='bbox 2296 1433 2474 1500; x_wconf 67' lang='grc' dir='ltr'><strong>Πατρλ⁵</strong></span> <span class='ocrx_word' id='word_1_210' title='bbox 2522 1432 2662 1501; x_wconf 83' lang='grc' dir='ltr'><strong>πλὴν</strong></span> <span class='ocrx_word' id='word_1_211' title='bbox 2693 1433 2788 1485; x_wconf 91' lang='grc' dir='ltr'><strong>τοῦ</strong></span> <span class='ocrx_word' id='word_1_212' title='bbox 2822 1434 3044 1503; x_wconf 84' lang='grc' dir='ltr'><strong>γεννᾷν,</strong></span> <span class='ocrx_word' id='word_1_213' title='bbox 3074 1433 3399 1503; x_wconf 76' lang='grc' dir='ltr'><strong>ἀμείϐοντες</strong></span> <span class='ocrx_word' id='word_1_214' title='bbox 3448 1435 3507 1486; x_wconf 77' lang='grc' dir='ltr'><strong>τὸ</strong></span> <span class='ocrx_word' id='word_1_215' title='bbox 3556 1434 3758 1503; x_wconf 60' lang='grc' dir='ltr'><strong>ὁμνού-</strong></span> 
     </span>
    </p>
   </div>
   <div class='ocr_carea' id='block_1_31' title="bbox 2179 1524 3755 1595">
    <p class='ocr_par' dir='ltr' id='par_1_31' title="bbox 2179 1524 3755 1595">
     <span class='ocr_line' id='line_1_31' title="bbox 2179 1524 3755 1595; baseline 0.001 -18"><span class='ocrx_word' id='word_1_216' title='bbox 2179 1541 2315 1591; x_wconf 86' lang='grc' dir='ltr'><strong>σιον,</strong></span> <span class='ocrx_word' id='word_1_217' title='bbox 2354 1526 2417 1577; x_wconf 75' lang='grc' dir='ltr'><strong>τὸ</strong></span> <span class='ocrx_word' id='word_1_218' title='bbox 2439 1524 2746 1593; x_wconf 79' lang='grc' dir='ltr'><strong>όμοιούσιον</strong></span> <span class='ocrx_word' id='word_1_219' title='bbox 2773 1526 3048 1589; x_wconf 76' lang='grc' dir='ltr'><strong>ἐτίθεσαν,</strong></span> <span class='ocrx_word' id='word_1_220' title='bbox 3080 1527 3176 1579; x_wconf 69' lang='grc' dir='ltr'><strong>καὶ</strong></span> <span class='ocrx_word' id='word_1_221' title='bbox 3212 1527 3496 1595; x_wconf 80' lang='grc' dir='ltr'><strong>μεσότητα</strong></span> <span class='ocrx_word' id='word_1_222' title='bbox 3533 1527 3755 1592; x_wconf 82' lang='grc' dir='ltr'><strong>ὠνόμα-</strong></span> 
     </span>
    </p>
   </div>
   <div class='ocr_carea' id='block_1_32' title="bbox 2177 1614 3758 1689">
    <p class='ocr_par' dir='ltr' id='par_1_32' title="bbox 2177 1614 3758 1689">
     <span class='ocr_line' id='line_1_32' title="bbox 2177 1614 3758 1689; baseline 0.001 -22"><span class='ocrx_word' id='word_1_223' title='bbox 2177 1614 2269 1679; x_wconf 76' lang='grc' dir='ltr'><strong>ζον</strong></span> <span class='ocrx_word' id='word_1_224' title='bbox 2316 1617 2635 1680; x_wconf 81' lang='grc' dir='ltr'><strong>ἀπατῶντες</strong></span> <span class='ocrx_word' id='word_1_225' title='bbox 2667 1618 2793 1679; x_wconf 79' lang='grc' dir='ltr'><strong>τοὺς</strong></span> <span class='ocrx_word' id='word_1_226' title='bbox 2844 1617 3265 1689; x_wconf 79' lang='grc' dir='ltr'><strong>ἀφελεστέρους.</strong></span> <span class='ocrx_word' id='word_1_227' title='bbox 3294 1617 3420 1682; x_wconf 87' lang='grc' dir='ltr'><strong>Πῶς</strong></span> <span class='ocrx_word' id='word_1_228' title='bbox 3454 1620 3758 1688; x_wconf 76' lang='grc' dir='ltr'><strong>ἐφαρμόζει</strong></span> 
     </span>
    </p>
   </div>
   <div class='ocr_carea' id='block_1_33' title="bbox 2176 1708 3759 1777">
    <p class='ocr_par' dir='ltr' id='par_1_33' title="bbox 2176 1708 3759 1777">
     <span class='ocr_line' id='line_1_33' title="bbox 2176 1708 3759 1777; baseline 0.001 -16"><span class='ocrx_word' id='word_1_229' title='bbox 2176 1708 2334 1762; x_wconf 77' lang='grc' dir='ltr'><strong>τοῦτο</strong></span> <span class='ocrx_word' id='word_1_230' title='bbox 2377 1709 2463 1777; x_wconf 72' lang='grc' dir='ltr'><strong>ἐφ’</strong></span> <span class='ocrx_word' id='word_1_231' title='bbox 2512 1708 2672 1777; x_wconf 79' lang='grc' dir='ltr'><strong>ἡμῶν</strong></span> <span class='ocrx_word' id='word_1_232' title='bbox 2724 1726 2783 1761; x_wconf 85' lang='grc' dir='ltr'><strong>τε</strong></span> <span class='ocrx_word' id='word_1_233' title='bbox 2840 1712 2937 1761; x_wconf 66' lang='grc' dir='ltr'><strong>καὶ</strong></span> <span class='ocrx_word' id='word_1_234' title='bbox 2992 1709 3262 1772; x_wconf 71' lang='grc' dir='ltr'><strong>Λατίνων,</strong></span> <span class='ocrx_word' id='word_1_235' title='bbox 3318 1711 3512 1773; x_wconf 81' lang='grc' dir='ltr'><strong>οἵτινες</strong></span> <span class='ocrx_word' id='word_1_236' title='bbox 3566 1710 3759 1773; x_wconf 78' lang='grc' dir='ltr'><strong>κοινῶς</strong></span> 
     </span>
    </p>
   </div>
   <div class='ocr_carea' id='block_1_34' title="bbox 497 1778 2077 1869">
    <p class='ocr_par' dir='ltr' id='par_1_34' title="bbox 497 1795 2074 1868">
     <span class='ocr_line' id='line_1_34' title="bbox 497 1795 2074 1868; baseline -0.005 -15"><span class='ocrx_word' id='word_1_237' title='bbox 497 1801 655 1863; x_wconf 82' lang='lat' dir='ltr'><strong>bant,</strong></span> <span class='ocrx_word' id='word_1_238' title='bbox 682 1808 736 1853; x_wconf 89' lang='lat' dir='ltr'><strong>et</strong></span> <span class='ocrx_word' id='word_1_239' title='bbox 769 1797 1199 1868; x_wconf 87' lang='lat' dir='ltr'><strong>simplicioribus</strong></span> <span class='ocrx_word' id='word_1_240' title='bbox 1244 1797 1619 1866; x_wconf 86' lang='lat' dir='ltr'><strong>imponebant.</strong></span> <span class='ocrx_word' id='word_1_241' title='bbox 1658 1796 1771 1848; x_wconf 81' lang='lat' dir='ltr'><strong>Hoc</strong></span> <span class='ocrx_word' id='word_1_242' title='bbox 1805 1795 1856 1846; x_wconf 91' lang='lat' dir='ltr'><strong>in</strong></span> <span class='ocrx_word' id='word_1_243' title='bbox 1892 1809 1992 1849; x_wconf 84' lang='lat' dir='ltr'><strong>nos</strong></span> <span class='ocrx_word' id='word_1_244' title='bbox 2018 1801 2074 1847; x_wconf 90' lang='lat' dir='ltr'><strong>et</strong></span> 
     </span>
    </p>
   </div>
   <div class='ocr_carea' id='block_1_35' title="bbox 2180 1778 3760 1869">
    <p class='ocr_par' dir='ltr' id='par_1_35' title="bbox 2180 1800 3760 1869">
     <span class='ocr_line' id='line_1_35' title="bbox 2180 1800 3760 1869; baseline -0.001 -17"><span class='ocrx_word' id='word_1_245' title='bbox 2180 1800 2549 1868; x_wconf 70' lang='grc' dir='ltr'><strong>ἔμολογοῦμεν</strong></span> <span class='ocrx_word' id='word_1_246' title='bbox 2587 1801 2676 1853; x_wconf 82' lang='grc' dir='ltr'><strong>τὸν</strong></span> <span class='ocrx_word' id='word_1_247' title='bbox 2732 1802 2947 1869; x_wconf 78' lang='grc' dir='ltr'><strong>Πατέρα</strong></span> <span class='ocrx_word' id='word_1_248' title='bbox 2978 1801 3074 1854; x_wconf 79' lang='grc' dir='ltr'><strong>καὶ</strong></span> <span class='ocrx_word' id='word_1_249' title='bbox 3104 1801 3194 1853; x_wconf 77' lang='grc' dir='ltr'><strong>τὸν</strong></span> <span class='ocrx_word' id='word_1_250' title='bbox 3226 1802 3353 1853; x_wconf 72' lang='grc' dir='ltr'><strong>Υἱὸν</strong></span> <span class='ocrx_word' id='word_1_251' title='bbox 3385 1804 3483 1855; x_wconf 71' lang='grc' dir='ltr'><strong>καλ⁸</strong></span> <span class='ocrx_word' id='word_1_252' title='bbox 3509 1804 3567 1852; x_wconf 66' lang='grc' dir='ltr'><strong>τὸ</strong></span> <span class='ocrx_word' id='word_1_253' title='bbox 3599 1802 3760 1868; x_wconf 81' lang='grc' dir='ltr'><strong>ἆγιον</strong></span> 
     </span>
    </p>
   </div>
   <div class='ocr_carea' id='block_1_36' title="bbox 497 1884 2077 1963">
    <p class='ocr_par' dir='ltr' id='par_1_36' title="bbox 497 1884 2071 1961">
     <span class='ocr_line' id='line_1_36' title="bbox 497 1884 2071 1961; baseline -0.006 -15"><span class='ocrx_word' id='word_1_254' title='bbox 497 1892 723 1947; x_wconf 83' lang='lat' dir='ltr'><strong>Latinos</strong></span> <span class='ocrx_word' id='word_1_255' title='bbox 751 1890 1026 1961; x_wconf 79' lang='lat' dir='ltr'><strong>quomodo</strong></span> <span class='ocrx_word' id='word_1_256' title='bbox 1053 1888 1362 1959; x_wconf 86' lang='lat' dir='ltr'><strong>quadrahit,</strong></span> <span class='ocrx_word' id='word_1_257' title='bbox 1407 1887 1498 1955; x_wconf 89' lang='lat' dir='ltr'><strong>qni</strong></span> <span class='ocrx_word' id='word_1_258' title='bbox 1548 1886 1759 1939; x_wconf 77' lang='lat' dir='ltr'><strong>Patrem</strong></span> <span class='ocrx_word' id='word_1_259' title='bbox 1793 1894 1845 1939; x_wconf 90' lang='lat' dir='ltr'><strong>et</strong></span> <span class='ocrx_word' id='word_1_260' title='bbox 1874 1884 2071 1937; x_wconf 84' lang='lat' dir='ltr'><strong>Filium</strong></span> 
     </span>
    </p>
   </div>
   <div class='ocr_carea' id='block_1_37' title="bbox 2180 1884 3758 1963">
    <p class='ocr_par' dir='ltr' id='par_1_37' title="bbox 2180 1892 3758 1963">
     <span class='ocr_line' id='line_1_37' title="bbox 2180 1892 3758 1963; baseline -0.001 -19"><span class='ocrx_word' id='word_1_261' title='bbox 2180 1894 2402 1961; x_wconf 78' lang='grc' dir='ltr'><strong>Πνεῦμα</strong></span> <span class='ocrx_word' id='word_1_262' title='bbox 2456 1892 2553 1945; x_wconf 78' lang='grc' dir='ltr'><strong>ἕνα</strong></span> <span class='ocrx_word' id='word_1_263' title='bbox 2598 1894 2762 1945; x_wconf 85' lang='grc' dir='ltr'><strong>Θεόν·</strong></span> <span class='ocrx_word' id='word_1_264' title='bbox 2802 1896 2898 1946; x_wconf 81' lang='grc' dir='ltr'><strong>καὶ</strong></span> <span class='ocrx_word' id='word_1_265' title='bbox 2929 1894 3113 1946; x_wconf 83' lang='grc' dir='ltr'><strong>πάντα</strong></span> <span class='ocrx_word' id='word_1_266' title='bbox 3150 1893 3249 1946; x_wconf 84' lang='grc' dir='ltr'><strong>ὅσα</strong></span> <span class='ocrx_word' id='word_1_267' title='bbox 3281 1895 3307 1945; x_wconf 87' lang='grc' dir='ltr'><strong>ὁ</strong></span> <span class='ocrx_word' id='word_1_268' title='bbox 3342 1893 3550 1963; x_wconf 77' lang='grc' dir='ltr'><strong>Πατὴρ,</strong></span> <span class='ocrx_word' id='word_1_269' title='bbox 3582 1893 3758 1946; x_wconf 78' lang='grc' dir='ltr'><strong>ταῦτα</strong></span> 
     </span>
    </p>
   </div>
   <div class='ocr_carea' id='block_1_38' title="bbox 494 1980 2077 2053">
    <p class='ocr_par' dir='ltr' id='par_1_38' title="bbox 494 1980 2071 2053">
     <span class='ocr_line' id='line_1_38' title="bbox 494 1980 2071 2053; baseline -0.005 -16"><span class='ocrx_word' id='word_1_270' title='bbox 494 1994 551 2038; x_wconf 83' lang='grc' dir='ltr'><strong>οι</strong></span> <span class='ocrx_word' id='word_1_271' title='bbox 578 1984 839 2053; x_wconf 83' lang='lat' dir='ltr'><strong>Spiritum</strong></span> <span class='ocrx_word' id='word_1_272' title='bbox 858 1986 1108 2034; x_wconf 86' lang='lat' dir='ltr'><strong>sanctum</strong></span> <span class='ocrx_word' id='word_1_273' title='bbox 1132 1996 1297 2033; x_wconf 91' lang='lat' dir='ltr'><strong>unum</strong></span> <span class='ocrx_word' id='word_1_274' title='bbox 1324 1980 1487 2031; x_wconf 85' lang='lat' dir='ltr'><strong>Deum</strong></span> <span class='ocrx_word' id='word_1_275' title='bbox 1511 1980 1710 2048; x_wconf 69' lang='lat' dir='ltr'><strong>paritur</strong></span> <span class='ocrx_word' id='word_1_276' title='bbox 1734 1981 1998 2039; x_wconf 80' lang='lat' dir='ltr'><strong>fatemur;</strong></span> <span class='ocrx_word' id='word_1_277' title='bbox 2022 1984 2071 2029; x_wconf 86' lang='lat' dir='ltr'><strong>et</strong></span> 
     </span>
    </p>
   </div>
   <div class='ocr_carea' id='block_1_39' title="bbox 2180 1980 3760 2053">
    <p class='ocr_par' dir='ltr' id='par_1_39' title="bbox 2180 1983 3760 2053">
     <span class='ocr_line' id='line_1_39' title="bbox 2180 1983 3760 2053; baseline -0.003 -16"><span class='ocrx_word' id='word_1_278' title='bbox 2180 1988 2269 2037; x_wconf 71' lang='grc' dir='ltr'><strong>καὶ</strong></span> <span class='ocrx_word' id='word_1_279' title='bbox 2293 1986 2321 2037; x_wconf 85' lang='grc' dir='ltr'><strong>ό</strong></span> <span class='ocrx_word' id='word_1_280' title='bbox 2352 1984 2479 2047; x_wconf 77' lang='grc' dir='ltr'><strong>Υἱός</strong></span> <span class='ocrx_word' id='word_1_281' title='bbox 2506 2000 2521 2016; x_wconf 90' lang='grc'><strong>·</strong></span> <span class='ocrx_word' id='word_1_282' title='bbox 2555 1985 2653 2036; x_wconf 75' lang='grc' dir='ltr'><strong>καὶ</strong></span> <span class='ocrx_word' id='word_1_283' title='bbox 2679 1985 2779 2037; x_wconf 73' lang='grc' dir='ltr'><strong>ὅσα</strong></span> <span class='ocrx_word' id='word_1_284' title='bbox 2808 1986 2836 2037; x_wconf 84' lang='grc' dir='ltr'>ὁ</span> <span class='ocrx_word' id='word_1_285' title='bbox 2867 1983 3055 2053; x_wconf 81' lang='grc' dir='ltr'><strong>[ἰατὴρ</strong></span> <span class='ocrx_word' id='word_1_286' title='bbox 3089 1985 3185 2037; x_wconf 69' lang='grc' dir='ltr'><strong>καὶ</strong></span> <span class='ocrx_word' id='word_1_287' title='bbox 3219 1984 3246 2034; x_wconf 85' lang='grc' dir='ltr'><strong>ό</strong></span> <span class='ocrx_word' id='word_1_288' title='bbox 3276 1983 3424 2048; x_wconf 75' lang='grc' dir='ltr'><strong>Υἱὸς,</strong></span> <span class='ocrx_word' id='word_1_289' title='bbox 3462 1983 3635 2036; x_wconf 84' lang='grc' dir='ltr'><strong>ταῦτα</strong></span> <span class='ocrx_word' id='word_1_290' title='bbox 3664 1984 3760 2035; x_wconf 67' lang='grc' dir='ltr'><strong>καὶ</strong></span> 
     </span>
    </p>
   </div>
   <div class='ocr_carea' id='block_1_40' title="bbox 496 2069 2077 2145">
    <p class='ocr_par' dir='ltr' id='par_1_40' title="bbox 496 2069 2077 2145">
     <span class='ocr_line' id='line_1_40' title="bbox 496 2069 2077 2145; baseline -0.005 -17"><span class='ocrx_word' id='word_1_291' title='bbox 496 2074 763 2145; x_wconf 84' lang='lat' dir='ltr'><strong>quidquid</strong></span> <span class='ocrx_word' id='word_1_292' title='bbox 811 2083 897 2128; x_wconf 89' lang='lat' dir='ltr'><strong>est</strong></span> <span class='ocrx_word' id='word_1_293' title='bbox 943 2074 1103 2128; x_wconf 84' lang='lat' dir='ltr'><strong>Pater</strong></span> <span class='ocrx_word' id='word_1_294' title='bbox 1158 2082 1207 2125; x_wconf 91' lang='lat' dir='ltr'><strong>et</strong></span> <span class='ocrx_word' id='word_1_295' title='bbox 1254 2072 1448 2131; x_wconf 76' lang='lat' dir='ltr'><strong>Filius,</strong></span> <span class='ocrx_word' id='word_1_296' title='bbox 1510 2072 1613 2124; x_wconf 90' lang='lat' dir='ltr'><strong>hoc</strong></span> <span class='ocrx_word' id='word_1_297' title='bbox 1637 2086 1758 2124; x_wconf 78' lang='lat' dir='ltr'><strong>esse</strong></span> <span class='ocrx_word' id='word_1_298' title='bbox 1808 2069 2077 2138; x_wconf 83' lang='lat' dir='ltr'><strong>Spiritqu</strong></span> 
     </span>
    </p>
   </div>
   <div class='ocr_carea' id='block_1_41' title="bbox 495 2158 2075 2231">
    <p class='ocr_par' dir='ltr' id='par_1_41' title="bbox 495 2158 2075 2231">
     <span class='ocr_line' id='line_1_41' title="bbox 495 2158 2075 2231; baseline -0.008 -8"><span class='ocrx_word' id='word_1_299' title='bbox 495 2177 768 2228; x_wconf 84' lang='lat' dir='ltr'><strong>sanctum,</strong></span> <span class='ocrx_word' id='word_1_300' title='bbox 810 2164 923 2219; x_wconf 86' lang='lat' dir='ltr'><strong>sive</strong></span> <span class='ocrx_word' id='word_1_301' title='bbox 956 2163 1240 2227; x_wconf 79' lang='lat' dir='ltr'><strong>virtutem,</strong></span> <span class='ocrx_word' id='word_1_302' title='bbox 1296 2163 1410 2217; x_wconf 85' lang='lat' dir='ltr'><strong>sive</strong></span> <span class='ocrx_word' id='word_1_303' title='bbox 1465 2160 1837 2231; x_wconf 82' lang='lat' dir='ltr'><strong>principatum</strong></span> <span class='ocrx_word' id='word_1_304' title='bbox 1900 2158 2075 2221; x_wconf 85' lang='lat' dir='ltr'><strong>dicas,</strong></span> 
     </span>
    </p>
   </div>
   <div class='ocr_carea' id='block_1_42' title="bbox 496 2250 2074 2327">
    <p class='ocr_par' dir='ltr' id='par_1_42' title="bbox 496 2250 2074 2327">
     <span class='ocr_line' id='line_1_42' title="bbox 496 2250 2074 2327; baseline -0.007 -15"><span class='ocrx_word' id='word_1_305' title='bbox 496 2259 611 2313; x_wconf 85' lang='lat' dir='ltr'><strong>sive</strong></span> <span class='ocrx_word' id='word_1_306' title='bbox 638 2262 963 2327; x_wconf 75' lang='lat' dir='ltr'><strong>potestatem</strong></span> <span class='ocrx_word' id='word_1_307' title='bbox 1000 2265 1055 2309; x_wconf 88' lang='lat' dir='ltr'><strong>et</strong></span> <span class='ocrx_word' id='word_1_308' title='bbox 1079 2254 1362 2319; x_wconf 80' lang='lat' dir='ltr'><strong>deitatem,</strong></span> <span class='ocrx_word' id='word_1_309' title='bbox 1396 2253 1831 2322; x_wconf 83' lang='lat' dir='ltr'><strong>preprietatibus</strong></span> <span class='ocrx_word' id='word_1_310' title='bbox 1875 2250 2074 2304; x_wconf 78' lang='lat' dir='ltr'><strong>immo-</strong></span> 
     </span>
    </p>
   </div>
   <div class='ocr_carea' id='block_1_43' title="bbox 494 2345 991 2406">
    <p class='ocr_par' dir='ltr' id='par_1_43' title="bbox 494 2345 991 2406">
     <span class='ocr_line' id='line_1_43' title="bbox 494 2345 991 2406; baseline -0.016 0"><span class='ocrx_word' id='word_1_311' title='bbox 494 2352 567 2406; x_wconf 90' lang='lat' dir='ltr'><strong>tis</strong></span> <span class='ocrx_word' id='word_1_312' title='bbox 592 2347 945 2402; x_wconf 83' lang='lat' dir='ltr'><strong>manentibus</strong></span> <span class='ocrx_word' id='word_1_313' title='bbox 968 2345 991 2399; x_wconf 86' lang='lat' dir='ltr'><strong>‘l</strong></span> 
     </span>
    </p>
   </div>
   <div class='ocr_carea' id='block_1_44' title="bbox 1158 2432 1403 2488">
    <p class='ocr_par' dir='ltr' id='par_1_44' title="bbox 1158 2432 1403 2488">
     <span class='ocr_line' id='line_1_44' title="bbox 1158 2432 1403 2488; baseline -0.004 0"><span class='ocrx_word' id='word_1_314' title='bbox 1158 2432 1403 2488; x_wconf 79' lang='lat' dir='ltr'><strong>EPllES.</strong></span> 
     </span>
    </p>
   </div>
   <div class='ocr_carea' id='block_1_45' title="bbox 564 2523 2076 2599">
    <p class='ocr_par' dir='ltr' id='par_1_45' title="bbox 564 2523 2076 2599">
     <span class='ocr_line' id='line_1_45' title="bbox 564 2523 2076 2599; baseline -0.002 -19"><span class='ocrx_word' id='word_1_315' title='bbox 564 2528 706 2596; x_wconf 80' lang='lat' dir='ltr'><strong>Quid</strong></span> <span class='ocrx_word' id='word_1_316' title='bbox 734 2545 861 2599; x_wconf 81' lang='lat' dir='ltr'><strong>ergo</strong></span> <span class='ocrx_word' id='word_1_317' title='bbox 897 2530 1141 2583; x_wconf 77' lang='lat' dir='ltr'><strong>futurum</strong></span> <span class='ocrx_word' id='word_1_318' title='bbox 1168 2536 1251 2580; x_wconf 83' lang='lat' dir='ltr'><strong>cst</strong></span> <span class='ocrx_word' id='word_1_319' title='bbox 1282 2526 1473 2579; x_wconf 76' lang='lat' dir='ltr'><strong>mediis</strong></span> <span class='ocrx_word' id='word_1_320' title='bbox 1506 2523 2076 2587; x_wconf 77' lang='lat' dir='ltr'><strong>ltisceGr:ecolatitiis,</strong></span> 
     </span>
    </p>
   </div>
   <div class='ocr_carea' id='block_1_46' title="bbox 495 2616 2078 2695">
    <p class='ocr_par' dir='ltr' id='par_1_46' title="bbox 495 2616 2078 2695">
     <span class='ocr_line' id='line_1_46' title="bbox 495 2616 2078 2695; baseline -0.004 -20"><span class='ocrx_word' id='word_1_321' title='bbox 495 2628 586 2690; x_wconf 80' lang='lat' dir='ltr'><strong>qui</strong></span> <span class='ocrx_word' id='word_1_322' title='bbox 622 2623 857 2676; x_wconf 83' lang='lat' dir='ltr'><strong>medium</strong></span> <span class='ocrx_word' id='word_1_323' title='bbox 903 2622 1322 2695; x_wconf 81' lang='lat' dir='ltr'><strong>amplectentes,</strong></span> <span class='ocrx_word' id='word_1_324' title='bbox 1361 2634 1424 2672; x_wconf 78' lang='lat' dir='ltr'><strong>ex</strong></span> <span class='ocrx_word' id='word_1_325' title='bbox 1454 2618 1776 2672; x_wconf 88' lang='lat' dir='ltr'><strong>Latinorum</strong></span> <span class='ocrx_word' id='word_1_326' title='bbox 1814 2616 2078 2669; x_wconf 85' lang='lat' dir='ltr'><strong>institutis</strong></span> 
     </span>
    </p>
   </div>
   <div class='ocr_carea' id='block_1_47' title="bbox 492 2708 2078 2782">
    <p class='ocr_par' dir='ltr' id='par_1_47' title="bbox 492 2708 2078 2782">
     <span class='ocr_line' id='line_1_47' title="bbox 492 2708 2078 2782; baseline -0.005 -13"><span class='ocrx_word' id='word_1_327' title='bbox 492 2726 549 2769; x_wconf 81' lang='lat' dir='ltr'><strong>et</strong></span> <span class='ocrx_word' id='word_1_328' title='bbox 593 2713 944 2782; x_wconf 73' lang='lat' dir='ltr'><strong>dogmatibus</strong></span> <span class='ocrx_word' id='word_1_329' title='bbox 994 2711 1241 2780; x_wconf 73' lang='lat' dir='ltr'><strong>quzirdain</strong></span> <span class='ocrx_word' id='word_1_330' title='bbox 1287 2720 1469 2777; x_wconf 85' lang='lat' dir='ltr'><strong>aperte</strong></span> <span class='ocrx_word' id='word_1_331' title='bbox 1518 2709 1863 2777; x_wconf 83' lang='lat' dir='ltr'><strong>approbant;</strong></span> <span class='ocrx_word' id='word_1_332' title='bbox 1900 2708 2078 2776; x_wconf 84' lang='lat' dir='ltr'><strong>aliqua</strong></span> 
     </span>
    </p>
   </div>
   <div class='ocr_carea' id='block_1_48' title="bbox 494 2799 2077 2874">
    <p class='ocr_par' dir='ltr' id='par_1_48' title="bbox 494 2799 2077 2874">
     <span class='ocr_line' id='line_1_48' title="bbox 494 2799 2077 2874; baseline -0.008 -13"><span class='ocrx_word' id='word_1_333' title='bbox 494 2819 627 2861; x_wconf 82' lang='lat' dir='ltr'><strong>vero</strong></span> <span class='ocrx_word' id='word_1_334' title='bbox 685 2805 918 2874; x_wconf 87' lang='lat' dir='ltr'><strong>probant</strong></span> <span class='ocrx_word' id='word_1_335' title='bbox 945 2802 1185 2870; x_wconf 86' lang='lat' dir='ltr'><strong>quidem,</strong></span> <span class='ocrx_word' id='word_1_336' title='bbox 1222 2800 1313 2853; x_wconf 89' lang='lat' dir='ltr'><strong>sed</strong></span> <span class='ocrx_word' id='word_1_337' title='bbox 1345 2800 1448 2869; x_wconf 85' lang='lat' dir='ltr'><strong>ipsi</strong></span> <span class='ocrx_word' id='word_1_338' title='bbox 1486 2814 1833 2869; x_wconf 89' lang='lat' dir='ltr'><strong>nequaquam</strong></span> <span class='ocrx_word' id='word_1_339' title='bbox 1870 2799 2077 2867; x_wconf 87' lang='lat' dir='ltr'><strong>ample-</strong></span> 
     </span>
    </p>
   </div>
   <div class='ocr_carea' id='block_1_49' title="bbox 496 2886 2081 2959">
    <p class='ocr_par' dir='ltr' id='par_1_49' title="bbox 496 2886 2081 2959">
     <span class='ocr_line' id='line_1_49' title="bbox 496 2886 2081 2959; baseline -0.006 -9"><span class='ocrx_word' id='word_1_340' title='bbox 496 2896 688 2951; x_wconf 87' lang='lat' dir='ltr'><strong>ctenda</strong></span> <span class='ocrx_word' id='word_1_341' title='bbox 736 2893 1038 2957; x_wconf 83' lang='lat' dir='ltr'><strong>duxerint,</strong></span> <span class='ocrx_word' id='word_1_342' title='bbox 1093 2892 1197 2945; x_wconf 88' lang='lat' dir='ltr'><strong>alia</strong></span> <span class='ocrx_word' id='word_1_343' title='bbox 1250 2906 1380 2945; x_wconf 87' lang='lat' dir='ltr'><strong>vero</strong></span> <span class='ocrx_word' id='word_1_344' title='bbox 1428 2907 1495 2945; x_wconf 87' lang='lat' dir='ltr'><strong>ne</strong></span> <span class='ocrx_word' id='word_1_345' title='bbox 1534 2892 1769 2959; x_wconf 90' lang='lat' dir='ltr'><strong>probant</strong></span> <span class='ocrx_word' id='word_1_346' title='bbox 1816 2886 2081 2957; x_wconf 89' lang='lat' dir='ltr'><strong>quidem?</strong></span> 
     </span>
    </p>
   </div>
   <div class='ocr_carea' id='block_1_50' title="bbox 497 2981 2082 3051">
    <p class='ocr_par' dir='ltr' id='par_1_50' title="bbox 497 2981 2082 3051">
     <span class='ocr_line' id='line_1_50' title="bbox 497 2981 2082 3051; baseline -0.006 -11"><span class='ocrx_word' id='word_1_347' title='bbox 497 2985 779 3040; x_wconf 82' lang='lat' dir='ltr'><strong>Devitandi</strong></span> <span class='ocrx_word' id='word_1_348' title='bbox 819 2992 944 3041; x_wconf 89' lang='lat' dir='ltr'><strong>sunt</strong></span> <span class='ocrx_word' id='word_1_349' title='bbox 973 2999 1079 3039; x_wconf 88' lang='lat' dir='ltr'><strong>non</strong></span> <span class='ocrx_word' id='word_1_350' title='bbox 1106 2996 1268 3038; x_wconf 90' lang='lat' dir='ltr'><strong>secus</strong></span> <span class='ocrx_word' id='word_1_351' title='bbox 1299 2990 1461 3051; x_wconf 89' lang='lat' dir='ltr'><strong>atque</strong></span> <span class='ocrx_word' id='word_1_352' title='bbox 1488 2981 1700 3035; x_wconf 86' lang='lat' dir='ltr'><strong>colubri</strong></span> <span class='ocrx_word' id='word_1_353' title='bbox 1726 2996 1740 3045; x_wconf 90' lang='lat'><strong>;</strong></span> <span class='ocrx_word' id='word_1_354' title='bbox 1779 2995 1885 3033; x_wconf 91' lang='lat' dir='ltr'><strong>non</strong></span> <span class='ocrx_word' id='word_1_355' title='bbox 1920 2992 2082 3032; x_wconf 86' lang='lat' dir='ltr'><strong>secus</strong></span> 
     </span>
    </p>
   </div>
   <div class='ocr_carea' id='block_1_51' title="bbox 2175 2074 3763 2145">
    <p class='ocr_par' dir='ltr' id='par_1_51' title="bbox 2175 2074 3763 2145">
     <span class='ocr_line' id='line_1_51' title="bbox 2175 2074 3763 2145; baseline 0.001 -18"><span class='ocrx_word' id='word_1_356' title='bbox 2175 2077 2236 2127; x_wconf 81' lang='grc' dir='ltr'><strong>τὸ</strong></span> <span class='ocrx_word' id='word_1_357' title='bbox 2266 2076 2490 2145; x_wconf 84' lang='grc' dir='ltr'><strong>Πνεῦμα</strong></span> <span class='ocrx_word' id='word_1_358' title='bbox 2518 2076 2578 2127; x_wconf 75' lang='grc' dir='ltr'><strong>τδ</strong></span> <span class='ocrx_word' id='word_1_359' title='bbox 2603 2076 2762 2143; x_wconf 68' lang='grc' dir='ltr'><strong>ἅγιον</strong></span> <span class='ocrx_word' id='word_1_360' title='bbox 2789 2076 2845 2128; x_wconf 78' lang='grc' dir='ltr'><strong>εν</strong></span> <span class='ocrx_word' id='word_1_361' title='bbox 2884 2092 2941 2127; x_wconf 88' lang='grc' dir='ltr'><strong>τε</strong></span> <span class='ocrx_word' id='word_1_362' title='bbox 2969 2074 3196 2144; x_wconf 82' lang='grc' dir='ltr'><strong>δυνάμει</strong></span> <span class='ocrx_word' id='word_1_363' title='bbox 3230 2077 3323 2127; x_wconf 66' lang='grc' dir='ltr'><strong>καὶ</strong></span> <span class='ocrx_word' id='word_1_364' title='bbox 3348 2077 3634 2144; x_wconf 75' lang='grc' dir='ltr'><strong>κυριότητι</strong></span> <span class='ocrx_word' id='word_1_365' title='bbox 3663 2077 3763 2128; x_wconf 76' lang='grc' dir='ltr'><strong>καὶ</strong></span> 
     </span>
    </p>
   </div>
   <div class='ocr_carea' id='block_1_52' title="bbox 2180 2164 3761 2237">
    <p class='ocr_par' dir='ltr' id='par_1_52' title="bbox 2180 2164 3761 2237">
     <span class='ocr_line' id='line_1_52' title="bbox 2180 2164 3761 2237; baseline -0.001 -20"><span class='ocrx_word' id='word_1_366' title='bbox 2180 2165 2399 2237; x_wconf 72' lang='grc' dir='ltr'><strong>ἐξουσίᾳ</strong></span> <span class='ocrx_word' id='word_1_367' title='bbox 2459 2167 2573 2221; x_wconf 49' lang='grc' dir='ltr'><strong>καί</strong></span> <span class='ocrx_word' id='word_1_368' title='bbox 2608 2167 2848 2237; x_wconf 58' lang='lat' dir='ltr'><strong>arma,</strong></span> <span class='ocrx_word' id='word_1_369' title='bbox 2909 2164 3265 2236; x_wconf 70' lang='grc' dir='ltr'><strong>τηρουμένων</strong></span> <span class='ocrx_word' id='word_1_370' title='bbox 3319 2167 3424 2217; x_wconf 83' lang='grc' dir='ltr'><strong>τῶν</strong></span> <span class='ocrx_word' id='word_1_371' title='bbox 3482 2165 3761 2233; x_wconf 75' lang='grc' dir='ltr'><strong>ίδιοτήτων</strong></span> 
     </span>
    </p>
   </div>
   <div class='ocr_carea' id='block_1_53' title="bbox 2178 2251 3661 2329">
    <p class='ocr_par' dir='ltr' id='par_1_53' title="bbox 2178 2251 3661 2329">
     <span class='ocr_line' id='line_1_53' title="bbox 2178 2251 3661 2329; baseline 0.001 -19"><span class='ocrx_word' id='word_1_372' title='bbox 2178 2251 2484 2329; x_wconf 53' lang='grc' dir='ltr'><strong>ἀκινήτωῖις</strong></span> <span class='ocrx_word' id='word_1_373' title='bbox 3658 2260 3661 2261; x_wconf 50' lang='grc'><strong><em>⁷</em></strong></span> 
     </span>
    </p>
   </div>
   <div class='ocr_carea' id='block_1_54' title="bbox 2876 2437 3064 2494">
    <p class='ocr_par' dir='ltr' id='par_1_54' title="bbox 2876 2437 3064 2494">
     <span class='ocr_line' id='line_1_54' title="bbox 2876 2437 3064 2494; baseline -0.005 0"><span class='ocrx_word' id='word_1_374' title='bbox 2876 2437 3064 2494; x_wconf 75' lang='grc' dir='ltr'><strong>ΕΦΕΣ.</strong></span> 
     </span>
    </p>
   </div>
   <div class='ocr_carea' id='block_1_55' title="bbox 2270 2529 3765 2599">
    <p class='ocr_par' dir='ltr' id='par_1_55' title="bbox 2270 2529 3765 2599">
     <span class='ocr_line' id='line_1_55' title="bbox 2270 2529 3765 2599; baseline -0.002 -14"><span class='ocrx_word' id='word_1_375' title='bbox 2270 2531 2431 2585; x_wconf 72' lang='grc' dir='ltr'><strong>Ἀλλὰ</strong></span> <span class='ocrx_word' id='word_1_376' title='bbox 2460 2531 2540 2588; x_wconf 84' lang='grc' dir='ltr'><strong>τί.</strong></span> <span class='ocrx_word' id='word_1_377' title='bbox 2572 2531 2724 2599; x_wconf 59' lang='grc' dir='ltr'><strong>φησι,</strong></span> <span class='ocrx_word' id='word_1_378' title='bbox 2758 2532 3031 2599; x_wconf 71' lang='grc' dir='ltr'><strong>δράσομεν</strong></span> <span class='ocrx_word' id='word_1_379' title='bbox 3061 2529 3197 2598; x_wconf 76' lang='grc' dir='ltr'><strong>πρὸς</strong></span> <span class='ocrx_word' id='word_1_380' title='bbox 3233 2534 3357 2591; x_wconf 76' lang='grc' dir='ltr'><strong>τοὺς</strong></span> <span class='ocrx_word' id='word_1_381' title='bbox 3396 2529 3596 2596; x_wconf 78' lang='grc' dir='ltr'><strong>μέσους</strong></span> <span class='ocrx_word' id='word_1_382' title='bbox 3636 2530 3765 2583; x_wconf 82' lang='grc' dir='ltr'><strong>τού-</strong></span> 
     </span>
    </p>
   </div>
   <div class='ocr_carea' id='block_1_56' title="bbox 2182 2621 3761 2693">
    <p class='ocr_par' dir='ltr' id='par_1_56' title="bbox 2182 2621 3761 2693">
     <span class='ocr_line' id='line_1_56' title="bbox 2182 2621 3761 2693; baseline -0.003 -15"><span class='ocrx_word' id='word_1_383' title='bbox 2182 2642 2307 2685; x_wconf 83' lang='grc' dir='ltr'><strong>τους</strong></span> <span class='ocrx_word' id='word_1_384' title='bbox 2347 2625 2820 2693; x_wconf 75' lang='grc' dir='ltr'><strong>Γραικολατίνους,</strong></span> <span class='ocrx_word' id='word_1_385' title='bbox 2846 2622 2896 2675; x_wconf 84' lang='grc' dir='ltr'><strong>οἶ</strong></span> <span class='ocrx_word' id='word_1_386' title='bbox 2926 2621 3021 2691; x_wconf 76' lang='grc' dir='ltr'><strong>τὴν</strong></span> <span class='ocrx_word' id='word_1_387' title='bbox 3061 2622 3336 2690; x_wconf 80' lang='grc' dir='ltr'><strong>μεσότητα</strong></span> <span class='ocrx_word' id='word_1_388' title='bbox 3371 2623 3761 2689; x_wconf 83' lang='grc' dir='ltr'><strong>περιέποντες.</strong></span> 
     </span>
    </p>
   </div>
   <div class='ocr_carea' id='block_1_57' title="bbox 2180 2711 3765 2783">
    <p class='ocr_par' dir='ltr' id='par_1_57' title="bbox 2180 2711 3765 2783">
     <span class='ocr_line' id='line_1_57' title="bbox 2180 2711 3765 2783; baseline -0.001 -15"><span class='ocrx_word' id='word_1_389' title='bbox 2180 2716 2249 2768; x_wconf 73' lang='grc' dir='ltr'><strong>τὰ</strong></span> <span class='ocrx_word' id='word_1_390' title='bbox 2278 2714 2378 2782; x_wconf 83' lang='grc' dir='ltr'><strong>μὲν</strong></span> <span class='ocrx_word' id='word_1_391' title='bbox 2411 2711 2695 2765; x_wconf 67' lang='grc' dir='ltr'><strong>ἐπαινοῦσι</strong></span> <span class='ocrx_word' id='word_1_392' title='bbox 2719 2713 2829 2765; x_wconf 82' lang='grc' dir='ltr'><strong>τῶν</strong></span> <span class='ocrx_word' id='word_1_393' title='bbox 2851 2711 3157 2764; x_wconf 85' lang='grc' dir='ltr'><strong>Λατινικῶν</strong></span> <span class='ocrx_word' id='word_1_394' title='bbox 3187 2712 3326 2765; x_wconf 72' lang='grc' dir='ltr'><strong>ἐθῶν</strong></span> <span class='ocrx_word' id='word_1_395' title='bbox 3349 2713 3443 2764; x_wconf 75' lang='grc' dir='ltr'><strong>καὶ</strong></span> <span class='ocrx_word' id='word_1_396' title='bbox 3470 2713 3765 2783; x_wconf 75' lang='grc' dir='ltr'><strong>δογμάτων</strong></span> 
     </span>
    </p>
   </div>
   <div class='ocr_carea' id='block_1_58' title="bbox 2183 2800 3763 2873">
    <p class='ocr_par' dir='ltr' id='par_1_58' title="bbox 2183 2800 3763 2873">
     <span class='ocr_line' id='line_1_58' title="bbox 2183 2800 3763 2873; baseline -0.002 -15"><span class='ocrx_word' id='word_1_397' title='bbox 2183 2803 2531 2873; x_wconf 76' lang='grc' dir='ltr'><strong>ἀναφανδὸν,</strong></span> <span class='ocrx_word' id='word_1_398' title='bbox 2581 2805 2649 2855; x_wconf 86' lang='grc' dir='ltr'><strong>τά</strong></span> <span class='ocrx_word' id='word_1_399' title='bbox 2706 2801 2753 2855; x_wconf 84' lang='grc' dir='ltr'><strong>δ’</strong></span> <span class='ocrx_word' id='word_1_400' title='bbox 2825 2801 3105 2855; x_wconf 76' lang='grc' dir='ltr'><strong>ἐπαινοῦσι</strong></span> <span class='ocrx_word' id='word_1_401' title='bbox 3175 2800 3295 2871; x_wconf 80' lang='grc' dir='ltr'><strong>μὲν,</strong></span> <span class='ocrx_word' id='word_1_402' title='bbox 3344 2802 3459 2855; x_wconf 85' lang='grc' dir='ltr'><strong>ἀλλ’</strong></span> <span class='ocrx_word' id='word_1_403' title='bbox 3527 2805 3627 2856; x_wconf 81' lang='grc' dir='ltr'><strong>οὐκ</strong></span> <span class='ocrx_word' id='word_1_404' title='bbox 3693 2806 3763 2858; x_wconf 82' lang='grc' dir='ltr'><strong>ἂν</strong></span> 
     </span>
    </p>
   </div>
   <div class='ocr_carea' id='block_1_59' title="bbox 2182 2893 3762 2961">
    <p class='ocr_par' dir='ltr' id='par_1_59' title="bbox 2182 2893 3762 2961">
     <span class='ocr_line' id='line_1_59' title="bbox 2182 2893 3762 2961; baseline -0.002 -12"><span class='ocrx_word' id='word_1_405' title='bbox 2182 2898 2385 2949; x_wconf 80' lang='grc' dir='ltr'><strong>ῑλοιντο</strong></span> <span class='ocrx_word' id='word_1_406' title='bbox 2412 2935 2425 2957; x_wconf 95' lang='grc'><strong>,</strong></span> <span class='ocrx_word' id='word_1_407' title='bbox 2460 2895 2526 2946; x_wconf 86' lang='grc' dir='ltr'><strong>τά</strong></span> <span class='ocrx_word' id='word_1_408' title='bbox 2561 2894 2607 2947; x_wconf 79' lang='grc' dir='ltr'><strong>δ’</strong></span> <span class='ocrx_word' id='word_1_409' title='bbox 2649 2894 2760 2946; x_wconf 86' lang='grc' dir='ltr'><strong>οὐδ’</strong></span> <span class='ocrx_word' id='word_1_410' title='bbox 2806 2893 3121 2947; x_wconf 68' lang='grc' dir='ltr'><strong>ἐπαινοῦσιν</strong></span> <span class='ocrx_word' id='word_1_411' title='bbox 3155 2893 3326 2961; x_wconf 86' lang='grc' dir='ltr'><strong>ὄλως;</strong></span> <span class='ocrx_word' id='word_1_412' title='bbox 3357 2895 3625 2948; x_wconf 78' lang='grc' dir='ltr'><strong>Φευκτέον</strong></span> <span class='ocrx_word' id='word_1_413' title='bbox 3655 2897 3762 2949; x_wconf 81' lang='grc' dir='ltr'><strong>αὐ-</strong></span> 
     </span>
    </p>
   </div>
   <div class='ocr_carea' id='block_1_60' title="bbox 2183 2984 3763 3055">
    <p class='ocr_par' dir='ltr' id='par_1_60' title="bbox 2183 2984 3763 3055">
     <span class='ocr_line' id='line_1_60' title="bbox 2183 2984 3763 3055; baseline -0.003 -14"><span class='ocrx_word' id='word_1_414' title='bbox 2183 2988 2330 3049; x_wconf 81' lang='grc' dir='ltr'><strong>τοὺς,</strong></span> <span class='ocrx_word' id='word_1_415' title='bbox 2356 2987 2429 3048; x_wconf 83' lang='grc' dir='ltr'><strong>ὡς</strong></span> <span class='ocrx_word' id='word_1_416' title='bbox 2460 2984 2651 3055; x_wconf 71' lang='grc' dir='ltr'><strong>ᾳεύγει</strong></span> <span class='ocrx_word' id='word_1_417' title='bbox 2683 3002 2765 3050; x_wconf 87' lang='grc' dir='ltr'><strong>τις</strong></span> <span class='ocrx_word' id='word_1_418' title='bbox 2791 2985 2899 3039; x_wconf 86' lang='grc' dir='ltr'><strong>ἀπὸ</strong></span> <span class='ocrx_word' id='word_1_419' title='bbox 2924 2985 3099 3054; x_wconf 76' lang='grc' dir='ltr'><strong>ὄφεως</strong></span> <span class='ocrx_word' id='word_1_420' title='bbox 3128 3001 3141 3016; x_wconf 80' lang='lat'><strong><em>°</em></strong></span> <span class='ocrx_word' id='word_1_421' title='bbox 3166 2985 3242 3048; x_wconf 82' lang='grc' dir='ltr'><strong>ὡς</strong></span> <span class='ocrx_word' id='word_1_422' title='bbox 3263 2985 3461 3048; x_wconf 80' lang='grc' dir='ltr'><strong>αὐτοὺς</strong></span> <span class='ocrx_word' id='word_1_423' title='bbox 3492 2985 3763 3055; x_wconf 75' lang='grc' dir='ltr'><strong>ἐκείνους,</strong></span> 
     </span>
    </p>
   </div>
   <div class='ocr_carea' id='block_1_61' title="bbox 497 3071 2077 3155">
    <p class='ocr_par' dir='ltr' id='par_1_61' title="bbox 497 3071 2066 3148">
     <span class='ocr_line' id='line_1_61' title="bbox 497 3071 2066 3148; baseline -0.008 -17"><span class='ocrx_word' id='word_1_424' title='bbox 497 3088 658 3148; x_wconf 88' lang='lat' dir='ltr'><strong>atque</strong></span> <span class='ocrx_word' id='word_1_425' title='bbox 687 3078 787 3143; x_wconf 89' lang='lat' dir='ltr'><strong>illi,</strong></span> <span class='ocrx_word' id='word_1_426' title='bbox 825 3091 947 3131; x_wconf 88' lang='lat' dir='ltr'><strong>cum</strong></span> <span class='ocrx_word' id='word_1_427' title='bbox 979 3075 1089 3131; x_wconf 89' lang='lat' dir='ltr'><strong>sint</strong></span> <span class='ocrx_word' id='word_1_428' title='bbox 1111 3076 1271 3129; x_wconf 89' lang='lat' dir='ltr'><strong>etiam</strong></span> <span class='ocrx_word' id='word_1_429' title='bbox 1300 3073 1622 3134; x_wconf 80' lang='lat' dir='ltr'><strong>deteriores,</strong></span> <span class='ocrx_word' id='word_1_430' title='bbox 1650 3073 1740 3140; x_wconf 89' lang='lat' dir='ltr'><strong>qui</strong></span> <span class='ocrx_word' id='word_1_431' title='bbox 1780 3071 2066 3123; x_wconf 77' lang='lat' dir='ltr'><strong>Christum</strong></span> 
     </span>
    </p>
   </div>
   <div class='ocr_carea' id='block_1_62' title="bbox 2180 3071 3765 3155">
    <p class='ocr_par' dir='ltr' id='par_1_62' title="bbox 2185 3073 3765 3149">
     <span class='ocr_line' id='line_1_62' title="bbox 2185 3073 3765 3149; baseline -0.002 -18"><span class='ocrx_word' id='word_1_432' title='bbox 2185 3079 2217 3149; x_wconf 76' lang='grc' dir='ltr'><strong>ἢ</strong></span> <span class='ocrx_word' id='word_1_433' title='bbox 2260 3077 2529 3131; x_wconf 86' lang='grc' dir='ltr'><strong>κάκείνων</strong></span> <span class='ocrx_word' id='word_1_434' title='bbox 2566 3074 2749 3145; x_wconf 80' lang='grc' dir='ltr'><strong>πολλῷ</strong></span> <span class='ocrx_word' id='word_1_435' title='bbox 2781 3076 2951 3145; x_wconf 83' lang='grc' dir='ltr'><strong>δήπου</strong></span> <span class='ocrx_word' id='word_1_436' title='bbox 2998 3075 3253 3145; x_wconf 86' lang='grc' dir='ltr'><strong>χείρονας</strong></span> <span class='ocrx_word' id='word_1_437' title='bbox 3300 3076 3426 3138; x_wconf 83' lang='grc' dir='ltr'><strong>τοὺς</strong></span> <span class='ocrx_word' id='word_1_438' title='bbox 3455 3073 3765 3145; x_wconf 58' lang='grc' dir='ltr'><strong>Χριστοκαέ</strong></span> 
     </span>
    </p>
   </div>
   <div class='ocr_carea' id='block_1_63' title="bbox 494 3159 2078 3240">
    <p class='ocr_par' dir='ltr' id='par_1_63' title="bbox 494 3159 2078 3240">
     <span class='ocr_line' id='line_1_63' title="bbox 494 3159 2078 3240; baseline -0.008 -17"><span class='ocrx_word' id='word_1_439' title='bbox 494 3179 899 3240; x_wconf 83' lang='lat' dir='ltr'><strong>cauponantur,</strong></span> <span class='ocrx_word' id='word_1_440' title='bbox 943 3168 1257 3236; x_wconf 88' lang='lat' dir='ltr'><strong>habentque</strong></span> <span class='ocrx_word' id='word_1_441' title='bbox 1308 3165 1457 3218; x_wconf 91' lang='lat' dir='ltr'><strong>illum</strong></span> <span class='ocrx_word' id='word_1_442' title='bbox 1508 3162 1739 3232; x_wconf 70' lang='lat' dir='ltr'><strong>quasstni</strong></span> <span class='ocrx_word' id='word_1_443' title='bbox 1782 3178 1796 3213; x_wconf 87' lang='lat'><strong>:</strong></span> <span class='ocrx_word' id='word_1_444' title='bbox 1834 3159 1905 3213; x_wconf 81' lang='lat' dir='ltr'><strong>Ili</strong></span> <span class='ocrx_word' id='word_1_445' title='bbox 1938 3160 2078 3213; x_wconf 82' lang='lat' dir='ltr'><strong>enim</strong></span> 
     </span>
    </p>
   </div>
   <div class='ocr_carea' id='block_1_64' title="bbox 503 3256 2078 3329">
    <p class='ocr_par' dir='ltr' id='par_1_64' title="bbox 503 3256 2078 3329">
     <span class='ocr_line' id='line_1_64' title="bbox 503 3256 2078 3329; baseline -0.006 -17"><span class='ocrx_word' id='word_1_446' title='bbox 503 3272 652 3325; x_wconf 81' lang='lat' dir='ltr'><strong>sunt,</strong></span> <span class='ocrx_word' id='word_1_447' title='bbox 695 3269 751 3311; x_wconf 89' lang='lat' dir='ltr'><strong>ut</strong></span> <span class='ocrx_word' id='word_1_448' title='bbox 784 3260 962 3329; x_wconf 90' lang='lat' dir='ltr'><strong>inquit</strong></span> <span class='ocrx_word' id='word_1_449' title='bbox 1002 3259 1321 3328; x_wconf 80' lang='lat' dir='ltr'><strong>Apostolus,</strong></span> <span class='ocrx_word' id='word_1_450' title='bbox 1355 3256 1444 3325; x_wconf 81' lang='lat' dir='ltr'><strong>qui</strong></span> <span class='ocrx_word' id='word_1_451' title='bbox 1465 3256 1771 3307; x_wconf 74' lang='lat' dir='ltr'><strong>existimant</strong></span> <span class='ocrx_word' id='word_1_452' title='bbox 1818 3260 2078 3320; x_wconf 59' lang='lat' dir='ltr'><strong>quantum</strong></span> 
     </span>
    </p>
   </div>
   <div class='ocr_carea' id='block_1_65' title="bbox 492 3341 2081 3420">
    <p class='ocr_par' dir='ltr' id='par_1_65' title="bbox 492 3341 2081 3420">
     <span class='ocr_line' id='line_1_65' title="bbox 492 3341 2081 3420; baseline -0.009 -13"><span class='ocrx_word' id='word_1_453' title='bbox 492 3368 610 3407; x_wconf 80' lang='lat' dir='ltr'><strong>esse</strong></span> <span class='ocrx_word' id='word_1_454' title='bbox 638 3346 928 3420; x_wconf 82' lang='lat' dir='ltr'><strong>pietatem;</strong></span> <span class='ocrx_word' id='word_1_455' title='bbox 960 3348 1028 3405; x_wconf 84' lang='lat' dir='ltr'><strong>de</strong></span> <span class='ocrx_word' id='word_1_456' title='bbox 1055 3350 1258 3419; x_wconf 89' lang='lat' dir='ltr'><strong>quibus</strong></span> <span class='ocrx_word' id='word_1_457' title='bbox 1306 3348 1424 3417; x_wconf 85' lang='lat' dir='ltr'><strong>ipse</strong></span> <span class='ocrx_word' id='word_1_458' title='bbox 1465 3344 1753 3413; x_wconf 76' lang='lat' dir='ltr'><strong>suhjiingit</strong></span> <span class='ocrx_word' id='word_1_459' title='bbox 1803 3359 1816 3395; x_wconf 90' lang='lat'><strong>:</strong></span> <span class='ocrx_word' id='word_1_460' title='bbox 1874 3341 2081 3410; x_wconf 79' lang='lat' dir='ltr'><strong>Hujus-</strong></span> 
     </span>
    </p>
   </div>
   <div class='ocr_carea' id='block_1_66' title="bbox 496 3434 2077 3505">
    <p class='ocr_par' dir='ltr' id='par_1_66' title="bbox 496 3434 2077 3505">
     <span class='ocr_line' id='line_1_66' title="bbox 496 3434 2077 3505; baseline -0.008 -7"><span class='ocrx_word' id='word_1_461' title='bbox 496 3444 637 3498; x_wconf 73' lang='grc' dir='ltr'><strong>πιοᾰὶ</strong></span> <span class='ocrx_word' id='word_1_462' title='bbox 670 3444 904 3498; x_wconf 82' lang='lat' dir='ltr'><strong>homines</strong></span> <span class='ocrx_word' id='word_1_463' title='bbox 932 3442 1105 3496; x_wconf 81' lang='lat' dir='ltr'><strong>devita</strong></span> <span class='ocrx_word' id='word_1_464' title='bbox 1143 3438 1225 3505; x_wconf 85' lang='grc'><strong>³¹;</strong></span> <span class='ocrx_word' id='word_1_465' title='bbox 1261 3453 1372 3492; x_wconf 89' lang='lat' dir='ltr'><strong>non</strong></span> <span class='ocrx_word' id='word_1_466' title='bbox 1424 3436 1569 3490; x_wconf 91' lang='lat' dir='ltr'><strong>enim</strong></span> <span class='ocrx_word' id='word_1_467' title='bbox 1629 3445 1687 3489; x_wconf 89' lang='lat' dir='ltr'><strong>ut</strong></span> <span class='ocrx_word' id='word_1_468' title='bbox 1750 3434 2077 3495; x_wconf 86' lang='lat' dir='ltr'><strong>addiscant,</strong></span> 
     </span>
    </p>
   </div>
   <div class='ocr_carea' id='block_1_67' title="bbox 496 3526 2078 3605">
    <p class='ocr_par' dir='ltr' id='par_1_67' title="bbox 496 3526 2078 3605">
     <span class='ocr_line' id='line_1_67' title="bbox 496 3526 2078 3605; baseline -0.008 -13"><span class='ocrx_word' id='word_1_469' title='bbox 496 3540 588 3593; x_wconf 78' lang='lat' dir='ltr'><strong>sed</strong></span> <span class='ocrx_word' id='word_1_470' title='bbox 621 3548 678 3592; x_wconf 90' lang='lat' dir='ltr'><strong>ut</strong></span> <span class='ocrx_word' id='word_1_471' title='bbox 702 3538 804 3593; x_wconf 85' lang='lat' dir='ltr'><strong>sibi</strong></span> <span class='ocrx_word' id='word_1_472' title='bbox 841 3534 1052 3605; x_wconf 84' lang='lat' dir='ltr'><strong>aliquid</strong></span> <span class='ocrx_word' id='word_1_473' title='bbox 1086 3532 1384 3594; x_wconf 80' lang='lat' dir='ltr'><strong>asciscant,</strong></span> <span class='ocrx_word' id='word_1_474' title='bbox 1414 3528 1478 3583; x_wconf 88' lang='lat' dir='ltr'><strong>ad</strong></span> <span class='ocrx_word' id='word_1_475' title='bbox 1519 3528 1645 3581; x_wconf 91' lang='lat' dir='ltr'><strong>illos</strong></span> <span class='ocrx_word' id='word_1_476' title='bbox 1687 3526 2078 3597; x_wconf 76' lang='lat' dir='ltr'><strong>transfugiunt.</strong></span> 
     </span>
    </p>
   </div>
   <div class='ocr_carea' id='block_1_68' title="bbox 497 3620 2081 3698">
    <p class='ocr_par' dir='ltr' id='par_1_68' title="bbox 497 3620 2081 3698">
     <span class='ocr_line' id='line_1_68' title="bbox 497 3620 2081 3698; baseline -0.009 -16"><span class='ocrx_word' id='word_1_477' title='bbox 497 3632 630 3698; x_wconf 80' lang='lat' dir='ltr'><strong>Qua:</strong></span> <span class='ocrx_word' id='word_1_478' title='bbox 664 3645 793 3683; x_wconf 88' lang='lat' dir='ltr'><strong>vero</strong></span> <span class='ocrx_word' id='word_1_479' title='bbox 824 3628 1066 3681; x_wconf 82' lang='lat' dir='ltr'><strong>societas</strong></span> <span class='ocrx_word' id='word_1_480' title='bbox 1095 3625 1201 3679; x_wconf 93' lang='lat' dir='ltr'><strong>luci</strong></span> <span class='ocrx_word' id='word_1_481' title='bbox 1238 3622 1301 3675; x_wconf 86' lang='lat' dir='ltr'><strong>ad</strong></span> <span class='ocrx_word' id='word_1_482' title='bbox 1353 3620 1605 3675; x_wconf 86' lang='lat' dir='ltr'><strong>tenebras</strong></span> <span class='ocrx_word' id='word_1_483' title='bbox 1636 3660 1650 3685; x_wconf 94' lang='lat'><strong>,</strong></span> <span class='ocrx_word' id='word_1_484' title='bbox 1682 3630 1770 3671; x_wconf 82' lang='lat' dir='ltr'><strong>aut</strong></span> <span class='ocrx_word' id='word_1_485' title='bbox 1803 3632 1923 3687; x_wconf 75' lang='lat' dir='ltr'><strong>qua:</strong></span> <span class='ocrx_word' id='word_1_486' title='bbox 1953 3632 2081 3671; x_wconf 89' lang='lat' dir='ltr'><strong>eou-</strong></span> 
     </span>
    </p>
   </div>
   <div class='ocr_carea' id='block_1_69' title="bbox 497 3710 2077 3783">
    <p class='ocr_par' dir='ltr' id='par_1_69' title="bbox 497 3710 2077 3783">
     <span class='ocr_line' id='line_1_69' title="bbox 497 3710 2077 3783; baseline -0.009 -8"><span class='ocrx_word' id='word_1_487' title='bbox 497 3722 680 3778; x_wconf 84' lang='lat' dir='ltr'><strong>ventio</strong></span> <span class='ocrx_word' id='word_1_488' title='bbox 717 3719 920 3777; x_wconf 87' lang='lat' dir='ltr'><strong>Christi</strong></span> <span class='ocrx_word' id='word_1_489' title='bbox 950 3717 1017 3773; x_wconf 91' lang='lat' dir='ltr'><strong>ad</strong></span> <span class='ocrx_word' id='word_1_490' title='bbox 1051 3716 1262 3772; x_wconf 86' lang='lat' dir='ltr'><strong>Belial?</strong></span> <span class='ocrx_word' id='word_1_491' title='bbox 1316 3713 1380 3768; x_wconf 87' lang='lat' dir='ltr'><strong>Et</strong></span> <span class='ocrx_word' id='word_1_492' title='bbox 1434 3727 1551 3783; x_wconf 69' lang='lat' dir='ltr'><strong>quae</strong></span> <span class='ocrx_word' id='word_1_493' title='bbox 1601 3726 1728 3782; x_wconf 89' lang='lat' dir='ltr'><strong>pars</strong></span> <span class='ocrx_word' id='word_1_494' title='bbox 1774 3710 1915 3765; x_wconf 89' lang='lat' dir='ltr'><strong>lideli</strong></span> <span class='ocrx_word' id='word_1_495' title='bbox 1954 3723 2077 3764; x_wconf 90' lang='lat' dir='ltr'><strong>cum</strong></span> 
     </span>
    </p>
   </div>
   <div class='ocr_carea' id='block_1_70' title="bbox 496 3812 745 3870">
    <p class='ocr_par' dir='ltr' id='par_1_70' title="bbox 496 3812 745 3870">
     <span class='ocr_line' id='line_1_70' title="bbox 496 3812 745 3870; baseline -0.02 0"><span class='ocrx_word' id='word_1_496' title='bbox 496 3812 745 3870; x_wconf 75' lang='lat' dir='ltr'><strong>infideli?</strong></span> 
     </span>
    </p>
   </div>
   <div class='ocr_carea' id='block_1_71' title="bbox 1189 3895 1392 3953">
    <p class='ocr_par' dir='ltr' id='par_1_71' title="bbox 1189 3895 1392 3953">
     <span class='ocr_line' id='line_1_71' title="bbox 1189 3895 1392 3953; baseline -0.005 -1"><span class='ocrx_word' id='word_1_497' title='bbox 1189 3895 1392 3953; x_wconf 79' lang='lat' dir='ltr'><strong>RESP.</strong></span> 
     </span>
    </p>
   </div>
   <div class='ocr_carea' id='block_1_72' title="bbox 569 3984 2076 4059">
    <p class='ocr_par' dir='ltr' id='par_1_72' title="bbox 569 3984 2076 4059">
     <span class='ocr_line' id='line_1_72' title="bbox 569 3984 2076 4059; baseline -0.007 -10"><span class='ocrx_word' id='word_1_498' title='bbox 569 3995 649 4049; x_wconf 80' lang='lat' dir='ltr'><strong>Ad</strong></span> <span class='ocrx_word' id='word_1_499' title='bbox 682 3993 797 4048; x_wconf 67' lang='lat' dir='ltr'><strong>haec</strong></span> <span class='ocrx_word' id='word_1_500' title='bbox 822 3986 969 4045; x_wconf 87' lang='lat' dir='ltr'><strong>nulla</strong></span> <span class='ocrx_word' id='word_1_501' title='bbox 996 3989 1359 4059; x_wconf 85' lang='lat' dir='ltr'><strong>responsione</strong></span> <span class='ocrx_word' id='word_1_502' title='bbox 1386 3996 1467 4042; x_wconf 87' lang='lat' dir='ltr'><strong>est</strong></span> <span class='ocrx_word' id='word_1_503' title='bbox 1501 4000 1672 4055; x_wconf 81' lang='lat' dir='ltr'><strong>Opus;</strong></span> <span class='ocrx_word' id='word_1_504' title='bbox 1712 3984 2076 4040; x_wconf 84' lang='lat' dir='ltr'><strong>contumelias</strong></span> 
     </span>
    </p>
   </div>
   <div class='ocr_carea' id='block_1_73' title="bbox 498 4074 2082 4153">
    <p class='ocr_par' dir='ltr' id='par_1_73' title="bbox 498 4074 2082 4153">
     <span class='ocr_line' id='line_1_73' title="bbox 498 4074 2082 4153; baseline -0.006 -14"><span class='ocrx_word' id='word_1_505' title='bbox 498 4085 644 4140; x_wconf 88' lang='lat' dir='ltr'><strong>enim</strong></span> <span class='ocrx_word' id='word_1_506' title='bbox 672 4086 723 4138; x_wconf 93' lang='lat' dir='ltr'><strong>in</strong></span> <span class='ocrx_word' id='word_1_507' title='bbox 746 4082 995 4153; x_wconf 84' lang='lat' dir='ltr'><strong>nosjacit</strong></span> <span class='ocrx_word' id='word_1_508' title='bbox 1031 4082 1108 4133; x_wconf 82' lang='lat' dir='ltr'><strong>ira</strong></span> <span class='ocrx_word' id='word_1_509' title='bbox 1144 4080 1395 4148; x_wconf 85' lang='lat' dir='ltr'><strong>percitus</strong></span> <span class='ocrx_word' id='word_1_510' title='bbox 1427 4092 1490 4131; x_wconf 89' lang='lat' dir='ltr'><strong>ac</strong></span> <span class='ocrx_word' id='word_1_511' title='bbox 1520 4077 1911 4149; x_wconf 84' lang='lat' dir='ltr'><strong>inﬂammatus.</strong></span> <span class='ocrx_word' id='word_1_512' title='bbox 1938 4074 2082 4129; x_wconf 84' lang='lat' dir='ltr'><strong>Bene</strong></span> 
     </span>
    </p>
   </div>
   <div class='ocr_carea' id='block_1_74' title="bbox 498 4170 2082 4246">
    <p class='ocr_par' dir='ltr' id='par_1_74' title="bbox 498 4170 2082 4246">
     <span class='ocr_line' id='line_1_74' title="bbox 498 4170 2082 4246; baseline -0.006 -15"><span class='ocrx_word' id='word_1_513' title='bbox 498 4192 628 4246; x_wconf 79' lang='lat' dir='ltr'><strong>ergo</strong></span> <span class='ocrx_word' id='word_1_514' title='bbox 657 4174 828 4237; x_wconf 87' lang='lat' dir='ltr'><strong>dicat,</strong></span> <span class='ocrx_word' id='word_1_515' title='bbox 860 4186 1058 4236; x_wconf 87' lang='lat' dir='ltr'><strong>necne,</strong></span> <span class='ocrx_word' id='word_1_516' title='bbox 1134 4171 1524 4240; x_wconf 86' lang='lat' dir='ltr'><strong>responsiones</strong></span> <span class='ocrx_word' id='word_1_517' title='bbox 1561 4184 1697 4237; x_wconf 89' lang='lat' dir='ltr'><strong>quas</strong></span> <span class='ocrx_word' id='word_1_518' title='bbox 1725 4170 1979 4222; x_wconf 87' lang='lat' dir='ltr'><strong>dedimus</strong></span> <span class='ocrx_word' id='word_1_519' title='bbox 2027 4176 2082 4222; x_wconf 88' lang='lat' dir='ltr'><strong>et</strong></span> 
     </span>
    </p>
   </div>
   <div class='ocr_carea' id='block_1_75' title="bbox 499 4260 2077 4333">
    <p class='ocr_par' dir='ltr' id='par_1_75' title="bbox 499 4260 2077 4333">
     <span class='ocr_line' id='line_1_75' title="bbox 499 4260 2077 4333; baseline -0.004 -12"><span class='ocrx_word' id='word_1_520' title='bbox 499 4266 680 4321; x_wconf 83' lang='lat' dir='ltr'><strong>daturi</strong></span> <span class='ocrx_word' id='word_1_521' title='bbox 717 4282 930 4333; x_wconf 85' lang='lat' dir='ltr'><strong>sumus,</strong></span> <span class='ocrx_word' id='word_1_522' title='bbox 964 4262 1291 4325; x_wconf 86' lang='lat' dir='ltr'><strong>ostendunt,</strong></span> <span class='ocrx_word' id='word_1_523' title='bbox 1343 4272 1397 4317; x_wconf 89' lang='lat' dir='ltr'><strong>et</strong></span> <span class='ocrx_word' id='word_1_524' title='bbox 1437 4260 1645 4332; x_wconf 87' lang='lat' dir='ltr'><strong>patebit</strong></span> <span class='ocrx_word' id='word_1_525' title='bbox 1696 4260 1801 4314; x_wconf 89' lang='lat' dir='ltr'><strong>hoc</strong></span> <span class='ocrx_word' id='word_1_526' title='bbox 1833 4260 2077 4315; x_wconf 88' lang='lat' dir='ltr'><strong>cordatis</strong></span> 
     </span>
    </p>
   </div>
   <div class='ocr_carea' id='block_1_76' title="bbox 502 4357 838 4414">
    <p class='ocr_par' dir='ltr' id='par_1_76' title="bbox 502 4357 838 4414">
     <span class='ocr_line' id='line_1_76' title="bbox 502 4357 838 4414; baseline -0.006 -1"><span class='ocrx_word' id='word_1_527' title='bbox 502 4357 838 4414; x_wconf 81' lang='lat' dir='ltr'><strong>hominibus.</strong></span> 
     </span>
    </p>
   </div>
   <div class='ocr_carea' id='block_1_77' title="bbox 1174 4443 1445 4517">
    <p class='ocr_par' dir='ltr' id='par_1_77' title="bbox 1174 4443 1445 4517">
     <span class='ocr_line' id='line_1_77' title="bbox 1174 4443 1445 4517; baseline 0.007 -17"><span class='ocrx_word' id='word_1_528' title='bbox 1174 4443 1445 4517; x_wconf 55' lang='lat' dir='ltr'><strong>eruas,</strong></span> 
     </span>
    </p>
   </div>
   <div class='ocr_carea' id='block_1_78' title="bbox 573 4533 2079 4608">
    <p class='ocr_par' dir='ltr' id='par_1_78' title="bbox 573 4533 2079 4608">
     <span class='ocr_line' id='line_1_78' title="bbox 573 4533 2079 4608; baseline -0.003 -15"><span class='ocrx_word' id='word_1_529' title='bbox 573 4537 851 4608; x_wconf 89' lang='lat' dir='ltr'><strong>Siquidem</strong></span> <span class='ocrx_word' id='word_1_530' title='bbox 882 4554 981 4595; x_wconf 91' lang='lat' dir='ltr'><strong>nos</strong></span> <span class='ocrx_word' id='word_1_531' title='bbox 1008 4554 1130 4594; x_wconf 91' lang='lat' dir='ltr'><strong>cum</strong></span> <span class='ocrx_word' id='word_1_532' title='bbox 1172 4540 1510 4593; x_wconf 85' lang='lat' dir='ltr'><strong>Damasceno</strong></span> <span class='ocrx_word' id='word_1_533' title='bbox 1550 4542 1605 4590; x_wconf 87' lang='lat' dir='ltr'><strong>et</strong></span> <span class='ocrx_word' id='word_1_534' title='bbox 1653 4534 1870 4591; x_wconf 86' lang='lat' dir='ltr'><strong>cunctis</strong></span> <span class='ocrx_word' id='word_1_535' title='bbox 1904 4533 2079 4589; x_wconf 89' lang='lat' dir='ltr'><strong>Patri-</strong></span> 
     </span>
    </p>
   </div>
   <div class='ocr_carea' id='block_1_79' title="bbox 499 4624 2081 4699">
    <p class='ocr_par' dir='ltr' id='par_1_79' title="bbox 499 4624 2081 4699">
     <span class='ocr_line' id='line_1_79' title="bbox 499 4624 2081 4699; baseline -0.003 -14"><span class='ocrx_word' id='word_1_536' title='bbox 499 4630 622 4696; x_wconf 85' lang='lat' dir='ltr'><strong>bus,</strong></span> <span class='ocrx_word' id='word_1_537' title='bbox 653 4646 717 4685; x_wconf 78' lang='lat' dir='ltr'><strong>ex</strong></span> <span class='ocrx_word' id='word_1_538' title='bbox 747 4629 885 4686; x_wconf 84' lang='lat' dir='ltr'><strong>Filio</strong></span> <span class='ocrx_word' id='word_1_539' title='bbox 923 4646 1053 4685; x_wconf 86' lang='lat' dir='ltr'><strong>vero</strong></span> <span class='ocrx_word' id='word_1_540' title='bbox 1084 4624 1346 4699; x_wconf 85' lang='lat' dir='ltr'><strong>Spiritum</strong></span> <span class='ocrx_word' id='word_1_541' title='bbox 1397 4644 1508 4681; x_wconf 85' lang='lat' dir='ltr'><strong>non</strong></span> <span class='ocrx_word' id='word_1_542' title='bbox 1545 4627 1778 4682; x_wconf 81' lang='lat' dir='ltr'><strong>dicimus</strong></span> <span class='ocrx_word' id='word_1_543' title='bbox 1810 4645 1823 4681; x_wconf 92' lang='lat'><strong>:</strong></span> <span class='ocrx_word' id='word_1_544' title='bbox 1858 4626 1948 4681; x_wconf 82' lang='lat' dir='ltr'><strong>isti</strong></span> <span class='ocrx_word' id='word_1_545' title='bbox 1985 4642 2081 4681; x_wconf 79' lang='lat' dir='ltr'><strong>au-</strong></span> 
     </span>
    </p>
   </div>
   <div class='ocr_carea' id='block_1_80' title="bbox 499 4713 1838 4787">
    <p class='ocr_par' dir='ltr' id='par_1_80' title="bbox 499 4713 1838 4787">
     <span class='ocr_line' id='line_1_80' title="bbox 499 4713 1838 4787; baseline -0.004 -12"><span class='ocrx_word' id='word_1_546' title='bbox 499 4730 606 4775; x_wconf 89' lang='lat' dir='ltr'><strong>tem</strong></span> <span class='ocrx_word' id='word_1_547' title='bbox 640 4736 765 4777; x_wconf 92' lang='lat' dir='ltr'><strong>cum</strong></span> <span class='ocrx_word' id='word_1_548' title='bbox 796 4719 1008 4776; x_wconf 83' lang='lat' dir='ltr'><strong>Latinis</strong></span> <span class='ocrx_word' id='word_1_549' title='bbox 1037 4736 1102 4775; x_wconf 80' lang='lat' dir='ltr'><strong>ex</strong></span> <span class='ocrx_word' id='word_1_550' title='bbox 1142 4713 1281 4774; x_wconf 84' lang='lat' dir='ltr'><strong>Filio</strong></span> <span class='ocrx_word' id='word_1_551' title='bbox 1314 4718 1579 4787; x_wconf 81' lang='lat' dir='ltr'><strong>Spiritum</strong></span> <span class='ocrx_word' id='word_1_552' title='bbox 1626 4714 1838 4772; x_wconf 86' lang='lat' dir='ltr'><strong>dicunt.</strong></span> 
     </span>
    </p>
   </div>
   <div class='ocr_carea' id='block_1_81' title="bbox 1184 4892 1385 4952">
    <p class='ocr_par' dir='ltr' id='par_1_81' title="bbox 1184 4892 1385 4952">
     <span class='ocr_line' id='line_1_81' title="bbox 1184 4892 1385 4952; baseline 0.005 -2"><span class='ocrx_word' id='word_1_553' title='bbox 1184 4892 1385 4952; x_wconf 78' lang='lat' dir='ltr'><strong>BESP.</strong></span> 
     </span>
    </p>
   </div>
   <div class='ocr_carea' id='block_1_82' title="bbox 566 4987 2135 5066">
    <p class='ocr_par' dir='ltr' id='par_1_82' title="bbox 566 4987 2135 5066">
     <span class='ocr_line' id='line_1_82' title="bbox 566 4987 2135 5066; baseline 0.001 -23"><span class='ocrx_word' id='word_1_554' title='bbox 566 4987 677 5045; x_wconf 73' lang='lat' dir='ltr'><strong>Nos</strong></span> <span class='ocrx_word' id='word_1_555' title='bbox 699 5005 917 5061; x_wconf 90' lang='lat' dir='ltr'><strong>quoque</strong></span> <span class='ocrx_word' id='word_1_556' title='bbox 938 5005 1065 5045; x_wconf 89' lang='lat' dir='ltr'><strong>cum</strong></span> <span class='ocrx_word' id='word_1_557' title='bbox 1095 4998 1286 5045; x_wconf 87' lang='lat' dir='ltr'><strong>saneto</strong></span> <span class='ocrx_word' id='word_1_558' title='bbox 1312 4989 1650 5044; x_wconf 88' lang='lat' dir='ltr'><strong>Damasceno</strong></span> <span class='ocrx_word' id='word_1_559' title='bbox 1673 4989 1938 5058; x_wconf 85' lang='lat' dir='ltr'><strong>Spiritum</strong></span> <span class='ocrx_word' id='word_1_560' title='bbox 1967 5005 2074 5044; x_wconf 92' lang='lat' dir='ltr'><strong>non</strong></span> <span class='ocrx_word' id='word_1_561' title='bbox 2126 5056 2135 5066; x_wconf 28' lang='grc' dir='ltr'>θ</span> 
     </span>
    </p>
   </div>
   <div class='ocr_carea' id='block_1_83' title="bbox 498 5079 2074 5150">
    <p class='ocr_par' dir='ltr' id='par_1_83' title="bbox 498 5079 2074 5150">
     <span class='ocr_line' id='line_1_83' title="bbox 498 5079 2074 5150; baseline 0.001 -16"><span class='ocrx_word' id='word_1_562' title='bbox 498 5080 735 5135; x_wconf 77' lang='lat' dir='ltr'><strong>dicimus</strong></span> <span class='ocrx_word' id='word_1_563' title='bbox 759 5097 825 5136; x_wconf 77' lang='lat' dir='ltr'><strong>ex</strong></span> <span class='ocrx_word' id='word_1_564' title='bbox 859 5079 1020 5146; x_wconf 84' lang='lat' dir='ltr'><strong>Filio,</strong></span> <span class='ocrx_word' id='word_1_565' title='bbox 1047 5080 1142 5135; x_wconf 89' lang='lat' dir='ltr'><strong>sed</strong></span> <span class='ocrx_word' id='word_1_566' title='bbox 1169 5081 1337 5136; x_wconf 89' lang='lat' dir='ltr'><strong>etiam</strong></span> <span class='ocrx_word' id='word_1_567' title='bbox 1369 5097 1432 5135; x_wconf 74' lang='lat' dir='ltr'><strong>ex</strong></span> <span class='ocrx_word' id='word_1_568' title='bbox 1470 5079 1641 5145; x_wconf 85' lang='lat' dir='ltr'><strong>Filio;</strong></span> <span class='ocrx_word' id='word_1_569' title='bbox 1681 5096 1804 5134; x_wconf 89' lang='lat' dir='ltr'><strong>nam</strong></span> <span class='ocrx_word' id='word_1_570' title='bbox 1836 5080 2074 5150; x_wconf 84' lang='lat' dir='ltr'><strong>conjun-</strong></span> 
     </span>
    </p>
   </div>
   <div class='ocr_carea' id='block_1_84' title="bbox 500 5170 2075 5241">
    <p class='ocr_par' dir='ltr' id='par_1_84' title="bbox 500 5170 2075 5241">
     <span class='ocr_line' id='line_1_84' title="bbox 500 5170 2075 5241; baseline 0.002 -16"><span class='ocrx_word' id='word_1_571' title='bbox 500 5173 611 5226; x_wconf 87' lang='lat' dir='ltr'><strong>ctio</strong></span> <span class='ocrx_word' id='word_1_572' title='bbox 643 5172 955 5241; x_wconf 82' lang='lat' dir='ltr'><strong>copulativa</strong></span> <span class='ocrx_word' id='word_1_573' title='bbox 986 5172 1192 5240; x_wconf 88' lang='lat' dir='ltr'><strong>optime</strong></span> <span class='ocrx_word' id='word_1_574' title='bbox 1222 5172 1424 5226; x_wconf 87' lang='lat' dir='ltr'><strong>indicat</strong></span> <span class='ocrx_word' id='word_1_575' title='bbox 1451 5170 1720 5241; x_wconf 87' lang='lat' dir='ltr'><strong>Spiritum</strong></span> <span class='ocrx_word' id='word_1_576' title='bbox 1750 5181 1803 5225; x_wconf 88' lang='lat' dir='ltr'><strong>et</strong></span> <span class='ocrx_word' id='word_1_577' title='bbox 1825 5187 1889 5227; x_wconf 79' lang='lat' dir='ltr'><strong>ex</strong></span> <span class='ocrx_word' id='word_1_578' title='bbox 1917 5170 2075 5228; x_wconf 85' lang='lat' dir='ltr'><strong>Patre</strong></span> 
     </span>
    </p>
   </div>
   <div class='ocr_carea' id='block_1_85' title="bbox 497 5261 2075 5334">
    <p class='ocr_par' dir='ltr' id='par_1_85' title="bbox 497 5261 2075 5334">
     <span class='ocr_line' id='line_1_85' title="bbox 497 5261 2075 5334; baseline 0 -15"><span class='ocrx_word' id='word_1_579' title='bbox 497 5278 549 5319; x_wconf 91' lang='lat' dir='ltr'><strong>et</strong></span> <span class='ocrx_word' id='word_1_580' title='bbox 579 5280 644 5318; x_wconf 83' lang='lat' dir='ltr'><strong>ex</strong></span> <span class='ocrx_word' id='word_1_581' title='bbox 672 5261 837 5317; x_wconf 81' lang='lat' dir='ltr'><strong>Filio.</strong></span> <span class='ocrx_word' id='word_1_582' title='bbox 875 5262 1061 5318; x_wconf 83' lang='lat' dir='ltr'><strong>Dicere</strong></span> <span class='ocrx_word' id='word_1_583' title='bbox 1106 5272 1289 5317; x_wconf 89' lang='lat' dir='ltr'><strong>autem</strong></span> <span class='ocrx_word' id='word_1_584' title='bbox 1323 5264 1572 5319; x_wconf 86' lang='lat' dir='ltr'><strong>absolute</strong></span> <span class='ocrx_word' id='word_1_585' title='bbox 1598 5262 1862 5334; x_wconf 84' lang='lat' dir='ltr'><strong>Spiritum</strong></span> <span class='ocrx_word' id='word_1_586' title='bbox 1895 5280 1960 5319; x_wconf 78' lang='lat' dir='ltr'><strong>ex</strong></span> <span class='ocrx_word' id='word_1_587' title='bbox 1987 5264 2075 5319; x_wconf 89' lang='lat' dir='ltr'><strong>Fi-</strong></span> 
     </span>
    </p>
   </div>
   <div class='ocr_carea' id='block_1_86' title="bbox 499 5353 2079 5426">
    <p class='ocr_par' dir='ltr' id='par_1_86' title="bbox 499 5353 2079 5426">
     <span class='ocr_line' id='line_1_86' title="bbox 499 5353 2079 5426; baseline 0.003 -19"><span class='ocrx_word' id='word_1_588' title='bbox 499 5356 593 5419; x_wconf 91' lang='lat' dir='ltr'><strong>lio,</strong></span> <span class='ocrx_word' id='word_1_589' title='bbox 626 5355 852 5409; x_wconf 89' lang='lat' dir='ltr'><strong>denotat</strong></span> <span class='ocrx_word' id='word_1_590' title='bbox 886 5353 1085 5409; x_wconf 82' lang='lat' dir='ltr'><strong>Filium</strong></span> <span class='ocrx_word' id='word_1_591' title='bbox 1120 5370 1245 5410; x_wconf 90' lang='lat' dir='ltr'><strong>esse</strong></span> <span class='ocrx_word' id='word_1_592' title='bbox 1275 5371 1500 5410; x_wconf 73' lang='lat' dir='ltr'><strong>causam</strong></span> <span class='ocrx_word' id='word_1_593' title='bbox 1539 5357 1919 5426; x_wconf 82' lang='lat' dir='ltr'><strong>originariam,</strong></span> <span class='ocrx_word' id='word_1_594' title='bbox 1956 5373 2079 5426; x_wconf 66' lang='lat' dir='ltr'><strong>qua:</strong></span> 
     </span>
    </p>
   </div>
   <div class='ocr_carea' id='block_1_87' title="bbox 498 5447 2082 5517">
    <p class='ocr_par' dir='ltr' id='par_1_87' title="bbox 498 5447 2082 5517">
     <span class='ocr_line' id='line_1_87' title="bbox 498 5447 2082 5517; baseline 0 -14"><span class='ocrx_word' id='word_1_595' title='bbox 498 5459 616 5503; x_wconf 80' lang='lat' dir='ltr'><strong>erat</strong></span> <span class='ocrx_word' id='word_1_596' title='bbox 641 5447 899 5502; x_wconf 85' lang='lat' dir='ltr'><strong>Eunomii</strong></span> <span class='ocrx_word' id='word_1_597' title='bbox 932 5456 986 5502; x_wconf 88' lang='lat' dir='ltr'><strong>et</strong></span> <span class='ocrx_word' id='word_1_598' title='bbox 1014 5447 1330 5517; x_wconf 87' lang='lat' dir='ltr'><strong>sequacium</strong></span> <span class='ocrx_word' id='word_1_599' title='bbox 1360 5448 1477 5517; x_wconf 72' lang='lat' dir='ltr'><strong>ejus</strong></span> <span class='ocrx_word' id='word_1_600' title='bbox 1502 5450 1793 5502; x_wconf 86' lang='lat' dir='ltr'><strong>sententia.</strong></span> <span class='ocrx_word' id='word_1_601' title='bbox 1818 5448 1928 5504; x_wconf 87' lang='lat' dir='ltr'><strong>Nos</strong></span> <span class='ocrx_word' id='word_1_602' title='bbox 1954 5466 2082 5503; x_wconf 89' lang='lat' dir='ltr'><strong>vero</strong></span> 
     </span>
    </p>
   </div>
   <div class='ocr_carea' id='block_1_88' title="bbox 498 5538 2081 5598">
    <p class='ocr_par' dir='ltr' id='par_1_88' title="bbox 498 5538 2081 5598">
     <span class='ocr_line' id='line_1_88' title="bbox 498 5538 2081 5598; baseline -0.001 -1"><span class='ocrx_word' id='word_1_603' title='bbox 498 5555 623 5597; x_wconf 78' lang='lat' dir='ltr'><strong>cum</strong></span> <span class='ocrx_word' id='word_1_604' title='bbox 659 5539 1001 5595; x_wconf 87' lang='lat' dir='ltr'><strong>Daniasceno</strong></span> <span class='ocrx_word' id='word_1_605' title='bbox 1051 5549 1106 5594; x_wconf 91' lang='lat' dir='ltr'><strong>et</strong></span> <span class='ocrx_word' id='word_1_606' title='bbox 1156 5539 1427 5593; x_wconf 73' lang='lat' dir='ltr'><strong>universis</strong></span> <span class='ocrx_word' id='word_1_607' title='bbox 1466 5538 1721 5595; x_wconf 80' lang='lat' dir='ltr'><strong>Pati-ibus</strong></span> <span class='ocrx_word' id='word_1_608' title='bbox 1750 5541 1862 5596; x_wconf 84' lang='lat' dir='ltr'><strong>diei</strong></span> <span class='ocrx_word' id='word_1_609' title='bbox 1890 5559 1991 5598; x_wconf 82' lang='lat' dir='ltr'><strong>nus</strong></span> <span class='ocrx_word' id='word_1_610' title='bbox 2026 5552 2081 5597; x_wconf 91' lang='lat' dir='ltr'><strong>et</strong></span> 
     </span>
    </p>
   </div>
   <div class='ocr_carea' id='block_1_89' title="bbox 588 5717 1757 5804">
    <p class='ocr_par' dir='ltr' id='par_1_89' title="bbox 588 5717 1757 5804">
     <span class='ocr_line' id='line_1_89' title="bbox 588 5717 1757 5804; baseline 0 -29"><span class='ocrx_word' id='word_1_611' title='bbox 588 5721 632 5753; x_wconf 84' lang='lat'><strong>&quot;</strong></span> <span class='ocrx_word' id='word_1_612' title='bbox 653 5719 853 5776; x_wconf 81' lang='lat' dir='ltr'><strong>Matth.</strong></span> <span class='ocrx_word' id='word_1_613' title='bbox 888 5734 1004 5776; x_wconf 80' lang='lat' dir='ltr'><strong>xm.</strong></span> <span class='ocrx_word' id='word_1_614' title='bbox 1039 5720 1129 5777; x_wconf 78' lang='grc'><strong>51.</strong></span> <span class='ocrx_word' id='word_1_615' title='bbox 1257 5721 1320 5751; x_wconf 79' lang='grc'><strong>²⁹·</strong></span> <span class='ocrx_word' id='word_1_616' title='bbox 1352 5717 1368 5771; x_wconf 95' lang='lat' dir='ltr'><strong>I</strong></span> <span class='ocrx_word' id='word_1_617' title='bbox 1412 5717 1563 5804; x_wconf 83' lang='lat' dir='ltr'><strong>Joan.</strong></span> <span class='ocrx_word' id='word_1_618' title='bbox 1596 5735 1681 5787; x_wconf 87' lang='lat' dir='ltr'><strong>tn,</strong></span> <span class='ocrx_word' id='word_1_619' title='bbox 1704 5721 1757 5775; x_wconf 75' lang='lat'><strong>2.</strong></span> 
     </span>
    </p>
   </div>
   <div class='ocr_carea' id='block_1_90' title="bbox 1854 5721 2260 5794">
    <p class='ocr_par' dir='ltr' id='par_1_90' title="bbox 1854 5721 2260 5794">
     <span class='ocr_line' id='line_1_90' title="bbox 1854 5721 2260 5794; baseline 0.012 -17"><span class='ocrx_word' id='word_1_620' title='bbox 1854 5724 1898 5756; x_wconf 86' lang='grc'><strong>³⁰</strong></span> <span class='ocrx_word' id='word_1_621' title='bbox 1913 5721 2066 5780; x_wconf 82' lang='lat' dir='ltr'><strong>Joan.</strong></span> <span class='ocrx_word' id='word_1_622' title='bbox 2095 5740 2149 5794; x_wconf 67' lang='grc' dir='ltr'><strong>π,</strong></span> <span class='ocrx_word' id='word_1_623' title='bbox 2171 5726 2260 5782; x_wconf 74' lang='lat'><strong>50.</strong></span> 
     </span>
    </p>
   </div>
   <div class='ocr_carea' id='block_1_91' title="bbox 2184 3164 3762 3241">
    <p class='ocr_par' dir='ltr' id='par_1_91' title="bbox 2184 3164 3762 3241">
     <span class='ocr_line' id='line_1_91' title="bbox 2184 3164 3762 3241; baseline -0.001 -18"><span class='ocrx_word' id='word_1_624' title='bbox 2184 3172 2389 3241; x_wconf 78' lang='grc' dir='ltr'><strong>πήλους</strong></span> <span class='ocrx_word' id='word_1_625' title='bbox 2416 3172 2512 3223; x_wconf 84' lang='grc' dir='ltr'><strong>καὶ</strong></span> <span class='ocrx_word' id='word_1_626' title='bbox 2546 3170 3028 3239; x_wconf 86' lang='grc' dir='ltr'><strong>Χριστεμπόρους.</strong></span> <span class='ocrx_word' id='word_1_627' title='bbox 3076 3164 3251 3223; x_wconf 83' lang='grc' dir='ltr'><strong>Οὗτοι</strong></span> <span class='ocrx_word' id='word_1_628' title='bbox 3299 3168 3407 3237; x_wconf 73' lang='grc' dir='ltr'><strong>γάρ</strong></span> <span class='ocrx_word' id='word_1_629' title='bbox 3439 3174 3582 3233; x_wconf 79' lang='grc' dir='ltr'><strong>εισι,</strong></span> <span class='ocrx_word' id='word_1_630' title='bbox 3617 3174 3762 3222; x_wconf 82' lang='grc' dir='ltr'><strong>κατὰ</strong></span> 
     </span>
    </p>
   </div>
   <div class='ocr_carea' id='block_1_92' title="bbox 2181 3260 3766 3330">
    <p class='ocr_par' dir='ltr' id='par_1_92' title="bbox 2181 3260 3766 3330">
     <span class='ocr_line' id='line_1_92' title="bbox 2181 3260 3766 3330; baseline -0.001 -16"><span class='ocrx_word' id='word_1_631' title='bbox 2181 3264 2271 3315; x_wconf 85' lang='grc' dir='ltr'><strong>τὸν</strong></span> <span class='ocrx_word' id='word_1_632' title='bbox 2298 3265 2445 3316; x_wconf 84' lang='grc' dir='ltr'><strong>Θείον</strong></span> <span class='ocrx_word' id='word_1_633' title='bbox 2487 3263 2831 3327; x_wconf 78' lang='grc' dir='ltr'><strong>Ἀπόστολον,</strong></span> <span class='ocrx_word' id='word_1_634' title='bbox 2865 3264 2919 3316; x_wconf 79' lang='lat' dir='ltr'><strong>ol</strong></span> <span class='ocrx_word' id='word_1_635' title='bbox 2948 3261 3251 3330; x_wconf 81' lang='grc' dir='ltr'><strong>πορισμὸν</strong></span> <span class='ocrx_word' id='word_1_636' title='bbox 3288 3261 3611 3328; x_wconf 72' lang='grc' dir='ltr'><strong>ἡγούμενοι</strong></span> <span class='ocrx_word' id='word_1_637' title='bbox 3641 3260 3766 3329; x_wconf 71' lang='grc' dir='ltr'><strong>τὴν</strong></span> 
     </span>
    </p>
   </div>
   <div class='ocr_carea' id='block_1_93' title="bbox 2181 3347 3766 3422">
    <p class='ocr_par' dir='ltr' id='par_1_93' title="bbox 2181 3347 3766 3422">
     <span class='ocr_line' id='line_1_93' title="bbox 2181 3347 3766 3422; baseline -0.001 -15"><span class='ocrx_word' id='word_1_638' title='bbox 2181 3353 2501 3407; x_wconf 77' lang='grc' dir='ltr'><strong>εὐσέϐειαν</strong></span> <span class='ocrx_word' id='word_1_639' title='bbox 2526 3371 2539 3384; x_wconf 90' lang='grc'><strong>·</strong></span> <span class='ocrx_word' id='word_1_640' title='bbox 2579 3353 2709 3422; x_wconf 74' lang='grc' dir='ltr'><strong>περὶ</strong></span> <span class='ocrx_word' id='word_1_641' title='bbox 2736 3347 2810 3408; x_wconf 81' lang='grc' dir='ltr'><strong>ὧν</strong></span> <span class='ocrx_word' id='word_1_642' title='bbox 2828 3353 3022 3421; x_wconf 71' lang='grc' dir='ltr'><strong>ὲπάγει</strong></span> <span class='ocrx_word' id='word_1_643' title='bbox 3053 3354 3226 3419; x_wconf 86' lang='grc' dir='ltr'><strong>λέγων</strong></span> <span class='ocrx_word' id='word_1_644' title='bbox 3245 3368 3259 3381; x_wconf 90' lang='grc'><strong>·</strong></span> <span class='ocrx_word' id='word_1_645' title='bbox 3292 3352 3613 3420; x_wconf 62' lang='grc' dir='ltr'><strong>Ἀρίστασο</strong></span> <span class='ocrx_word' id='word_1_646' title='bbox 3643 3352 3766 3406; x_wconf 82' lang='grc' dir='ltr'><strong>ἀπὸ</strong></span> 
     </span>
    </p>
   </div>
   <div class='ocr_carea' id='block_1_94' title="bbox 2181 3444 3766 3515">
    <p class='ocr_par' dir='ltr' id='par_1_94' title="bbox 2181 3444 3766 3515">
     <span class='ocr_line' id='line_1_94' title="bbox 2181 3444 3766 3515; baseline 0.001 -17"><span class='ocrx_word' id='word_1_647' title='bbox 2181 3444 2302 3499; x_wconf 85' lang='grc' dir='ltr'><strong>τῶν</strong></span> <span class='ocrx_word' id='word_1_648' title='bbox 2338 3448 2657 3501; x_wconf 73' lang='grc' dir='ltr'><strong>τοιούτων-ο</strong></span> <span class='ocrx_word' id='word_1_649' title='bbox 2702 3447 2761 3499; x_wconf 87' lang='grc' dir='ltr'><strong>οὐ</strong></span> <span class='ocrx_word' id='word_1_650' title='bbox 2812 3447 2921 3515; x_wconf 86' lang='grc' dir='ltr'><strong>γὰρ</strong></span> <span class='ocrx_word' id='word_1_651' title='bbox 2969 3448 3057 3499; x_wconf 84' lang='grc' dir='ltr'><strong>ἵνα</strong></span> <span class='ocrx_word' id='word_1_652' title='bbox 3104 3446 3372 3514; x_wconf 76' lang='grc' dir='ltr'><strong>μάθωσιν,</strong></span> <span class='ocrx_word' id='word_1_653' title='bbox 3408 3444 3522 3499; x_wconf 82' lang='grc' dir='ltr'><strong>ἀλλ’</strong></span> <span class='ocrx_word' id='word_1_654' title='bbox 3556 3445 3643 3497; x_wconf 77' lang='grc' dir='ltr'><strong>ἵνα</strong></span> <span class='ocrx_word' id='word_1_655' title='bbox 3671 3444 3766 3499; x_wconf 77' lang='grc' dir='ltr'><strong>λά-</strong></span> 
     </span>
    </p>
   </div>
   <div class='ocr_carea' id='block_1_95' title="bbox 2182 3536 3763 3608">
    <p class='ocr_par' dir='ltr' id='par_1_95' title="bbox 2182 3536 3763 3608">
     <span class='ocr_line' id='line_1_95' title="bbox 2182 3536 3763 3608; baseline 0 -20"><span class='ocrx_word' id='word_1_656' title='bbox 2182 3537 2318 3592; x_wconf 77' lang='grc' dir='ltr'><strong>ϐωσι</strong></span> <span class='ocrx_word' id='word_1_657' title='bbox 2367 3539 2502 3608; x_wconf 80' lang='grc' dir='ltr'><strong>πρὸς</strong></span> <span class='ocrx_word' id='word_1_658' title='bbox 2557 3539 2801 3599; x_wconf 66' lang='grc' dir='ltr'><strong>ἐκείνους</strong></span> <span class='ocrx_word' id='word_1_659' title='bbox 2835 3536 3217 3608; x_wconf 75' lang='grc' dir='ltr'><strong>αὐτομολοῦσι.</strong></span> <span class='ocrx_word' id='word_1_660' title='bbox 3253 3540 3387 3591; x_wconf 84' lang='grc' dir='ltr'><strong>Ποία</strong></span> <span class='ocrx_word' id='word_1_661' title='bbox 3416 3537 3472 3591; x_wconf 78' lang='grc' dir='ltr'><strong>δὲ</strong></span> <span class='ocrx_word' id='word_1_662' title='bbox 3503 3538 3763 3590; x_wconf 82' lang='grc' dir='ltr'><strong>κοινωνία</strong></span> 
     </span>
    </p>
   </div>
   <div class='ocr_carea' id='block_1_96' title="bbox 2183 3627 3767 3700">
    <p class='ocr_par' dir='ltr' id='par_1_96' title="bbox 2183 3627 3767 3700">
     <span class='ocr_line' id='line_1_96' title="bbox 2183 3627 3767 3700; baseline -0.001 -20"><span class='ocrx_word' id='word_1_663' title='bbox 2183 3629 2323 3695; x_wconf 82' lang='grc' dir='ltr'><strong>φωτὶ</strong></span> <span class='ocrx_word' id='word_1_664' title='bbox 2355 3631 2490 3700; x_wconf 76' lang='grc' dir='ltr'><strong>πρὸς</strong></span> <span class='ocrx_word' id='word_1_665' title='bbox 2531 3631 2720 3692; x_wconf 83' lang='grc' dir='ltr'><strong>σκότος</strong></span> <span class='ocrx_word' id='word_1_666' title='bbox 2742 3667 2758 3693; x_wconf 86' lang='grc'><strong>,</strong></span> <span class='ocrx_word' id='word_1_667' title='bbox 2787 3630 2818 3699; x_wconf 78' lang='grc' dir='ltr'>ἢ</span> <span class='ocrx_word' id='word_1_668' title='bbox 2855 3629 3211 3699; x_wconf 78' lang='grc' dir='ltr'><strong>συμφώνησις</strong></span> <span class='ocrx_word' id='word_1_669' title='bbox 3243 3629 3462 3699; x_wconf 83' lang='grc' dir='ltr'><strong>Χριστῷ</strong></span> <span class='ocrx_word' id='word_1_670' title='bbox 3495 3628 3630 3699; x_wconf 80' lang='grc' dir='ltr'><strong>πρὸς</strong></span> <span class='ocrx_word' id='word_1_671' title='bbox 3661 3627 3767 3679; x_wconf 77' lang='lat' dir='ltr'><strong>Bs-</strong></span> 
     </span>
    </p>
   </div>
   <div class='ocr_carea' id='block_1_97' title="bbox 2180 3721 3407 3793">
    <p class='ocr_par' dir='ltr' id='par_1_97' title="bbox 2180 3721 3407 3793">
     <span class='ocr_line' id='line_1_97' title="bbox 2180 3721 3407 3793; baseline -0.001 -19"><span class='ocrx_word' id='word_1_672' title='bbox 2180 3721 2305 3791; x_wconf 73' lang='grc' dir='ltr'><strong>λίαρ</strong></span> <span class='ocrx_word' id='word_1_673' title='bbox 2332 3738 2348 3789; x_wconf 87' lang='lat'><strong>;</strong></span> <span class='ocrx_word' id='word_1_674' title='bbox 2376 3723 2445 3776; x_wconf 87' lang='grc' dir='ltr'><strong><em>Ἦ</em></strong></span> <span class='ocrx_word' id='word_1_675' title='bbox 2469 3722 2553 3786; x_wconf 87' lang='grc' dir='ltr'><strong>τίς</strong></span> <span class='ocrx_word' id='word_1_676' title='bbox 2588 3724 2743 3793; x_wconf 69' lang='grc' dir='ltr'><strong>μερὶς</strong></span> <span class='ocrx_word' id='word_1_677' title='bbox 2774 3721 2946 3791; x_wconf 83' lang='grc' dir='ltr'><strong>πιστῷ</strong></span> <span class='ocrx_word' id='word_1_678' title='bbox 2973 3723 3112 3790; x_wconf 81' lang='grc' dir='ltr'><strong>μετά</strong></span> <span class='ocrx_word' id='word_1_679' title='bbox 3138 3721 3369 3773; x_wconf 86' lang='grc' dir='ltr'><strong>ἀπίστου</strong></span> <span class='ocrx_word' id='word_1_680' title='bbox 3393 3735 3407 3785; x_wconf 91' lang='lat'><strong>;</strong></span> 
     </span>
    </p>
   </div>
   <div class='ocr_carea' id='block_1_98' title="bbox 2869 3908 3075 3961">
    <p class='ocr_par' dir='ltr' id='par_1_98' title="bbox 2869 3908 3075 3961">
     <span class='ocr_line' id='line_1_98' title="bbox 2869 3908 3075 3961; baseline 0 0"><span class='ocrx_word' id='word_1_681' title='bbox 2869 3908 3075 3961; x_wconf 76' lang='grc' dir='ltr'><strong>ΑΠΟΛ.</strong></span> 
     </span>
    </p>
   </div>
   <div class='ocr_carea' id='block_1_99' title="bbox 2267 3998 3763 4071">
    <p class='ocr_par' dir='ltr' id='par_1_99' title="bbox 2267 3998 3763 4071">
     <span class='ocr_line' id='line_1_99' title="bbox 2267 3998 3763 4071; baseline 0 -19"><span class='ocrx_word' id='word_1_682' title='bbox 2267 3998 2532 4053; x_wconf 81' lang='grc' dir='ltr'><strong>Ἐνταῦθα</strong></span> <span class='ocrx_word' id='word_1_683' title='bbox 2574 3998 2805 4067; x_wconf 82' lang='grc' dir='ltr'><strong>οὐδεμία</strong></span> <span class='ocrx_word' id='word_1_684' title='bbox 2857 3999 3158 4064; x_wconf 81' lang='grc' dir='ltr'><strong>ἀπολογίας</strong></span> <span class='ocrx_word' id='word_1_685' title='bbox 3199 3999 3388 4070; x_wconf 79' lang='grc' dir='ltr'><strong>χρεία·</strong></span> <span class='ocrx_word' id='word_1_686' title='bbox 3426 3998 3615 4069; x_wconf 76' lang='grc' dir='ltr'><strong>ὕϐρεις</strong></span> <span class='ocrx_word' id='word_1_687' title='bbox 3653 3999 3763 4071; x_wconf 76' lang='grc' dir='ltr'><strong>γὰρ</strong></span> 
     </span>
    </p>
   </div>
   <div class='ocr_carea' id='block_1_100' title="bbox 2184 4089 3769 4162">
    <p class='ocr_par' dir='ltr' id='par_1_100' title="bbox 2184 4089 3769 4162">
     <span class='ocr_line' id='line_1_100' title="bbox 2184 4089 3769 4162; baseline 0 -20"><span class='ocrx_word' id='word_1_688' title='bbox 2184 4089 2309 4142; x_wconf 77' lang='grc' dir='ltr'><strong>καθ’</strong></span> <span class='ocrx_word' id='word_1_689' title='bbox 2349 4089 2509 4159; x_wconf 75' lang='grc' dir='ltr'><strong>ἡμῶν</strong></span> <span class='ocrx_word' id='word_1_690' title='bbox 2540 4089 2811 4158; x_wconf 82' lang='grc' dir='ltr'><strong>προφέρει</strong></span> <span class='ocrx_word' id='word_1_691' title='bbox 2848 4089 3191 4159; x_wconf 83' lang='grc' dir='ltr'><strong>θυμούμενος</strong></span> <span class='ocrx_word' id='word_1_692' title='bbox 3232 4091 3435 4161; x_wconf 80' lang='grc' dir='ltr'><strong>μᾶλλον</strong></span> <span class='ocrx_word' id='word_1_693' title='bbox 3480 4093 3575 4144; x_wconf 74' lang='grc' dir='ltr'><strong>καὶ</strong></span> <span class='ocrx_word' id='word_1_694' title='bbox 3614 4093 3769 4162; x_wconf 83' lang='grc' dir='ltr'><strong>ὀργι-</strong></span> 
     </span>
    </p>
   </div>
   <div class='ocr_carea' id='block_1_101' title="bbox 2184 4174 3762 4259">
    <p class='ocr_par' dir='ltr' id='par_1_101' title="bbox 2184 4174 3762 4259">
     <span class='ocr_line' id='line_1_101' title="bbox 2184 4174 3762 4259; baseline 0 -27"><span class='ocrx_word' id='word_1_695' title='bbox 2184 4179 2430 4249; x_wconf 79' lang='grc' dir='ltr'><strong>ζόμενος.</strong></span> <span class='ocrx_word' id='word_1_696' title='bbox 2483 4178 2607 4259; x_wconf 58' lang='grc' dir='ltr'><strong>Εἴτε</strong></span> <span class='ocrx_word' id='word_1_697' title='bbox 2660 4174 2756 4232; x_wconf 81' lang='grc' dir='ltr'><strong>οὖν</strong></span> <span class='ocrx_word' id='word_1_698' title='bbox 2787 4179 2970 4242; x_wconf 75' lang='grc' dir='ltr'><strong>καλῶς</strong></span> <span class='ocrx_word' id='word_1_699' title='bbox 3020 4180 3191 4248; x_wconf 73' lang='grc' dir='ltr'><strong>λέγει,</strong></span> <span class='ocrx_word' id='word_1_700' title='bbox 3222 4182 3332 4233; x_wconf 76' lang='grc' dir='ltr'><strong>εἴτε</strong></span> <span class='ocrx_word' id='word_1_701' title='bbox 3369 4181 3465 4250; x_wconf 85' lang='grc' dir='ltr'><strong>μὴ,</strong></span> <span class='ocrx_word' id='word_1_702' title='bbox 3497 4181 3555 4235; x_wconf 72' lang='grc' dir='ltr'><strong>αἱ</strong></span> <span class='ocrx_word' id='word_1_703' title='bbox 3589 4198 3762 4250; x_wconf 82' lang='grc' dir='ltr'><strong>προα-</strong></span> 
     </span>
    </p>
   </div>
   <div class='ocr_carea' id='block_1_102' title="bbox 2183 4270 3768 4342">
    <p class='ocr_par' dir='ltr' id='par_1_102' title="bbox 2183 4270 3768 4342">
     <span class='ocr_line' id='line_1_102' title="bbox 2183 4270 3768 4342; baseline -0.001 -17"><span class='ocrx_word' id='word_1_704' title='bbox 2183 4271 2642 4339; x_wconf 79' lang='grc' dir='ltr'><strong>ναγεγραμμέναι</strong></span> <span class='ocrx_word' id='word_1_705' title='bbox 2691 4270 2980 4338; x_wconf 84' lang='grc' dir='ltr'><strong>ἀπολογίαι</strong></span> <span class='ocrx_word' id='word_1_706' title='bbox 3010 4270 3253 4339; x_wconf 85' lang='grc' dir='ltr'><strong>δηλοῦσι,</strong></span> <span class='ocrx_word' id='word_1_707' title='bbox 3295 4272 3392 4327; x_wconf 75' lang='grc' dir='ltr'><strong>καὶ</strong></span> <span class='ocrx_word' id='word_1_708' title='bbox 3427 4271 3508 4325; x_wconf 72' lang='grc' dir='ltr'><strong>ἔτι</strong></span> <span class='ocrx_word' id='word_1_709' title='bbox 3554 4272 3609 4324; x_wconf 81' lang='lat' dir='ltr'><strong>al</strong></span> <span class='ocrx_word' id='word_1_710' title='bbox 3660 4273 3768 4342; x_wconf 78' lang='grc' dir='ltr'><strong>ὀδῷ</strong></span> 
     </span>
    </p>
   </div>
   <div class='ocr_carea' id='block_1_103' title="bbox 2184 4360 3212 4433">
    <p class='ocr_par' dir='ltr' id='par_1_103' title="bbox 2184 4360 3212 4433">
     <span class='ocr_line' id='line_1_103' title="bbox 2184 4360 3212 4433; baseline 0.002 -18"><span class='ocrx_word' id='word_1_711' title='bbox 2184 4362 2583 4432; x_wconf 77' lang='grc' dir='ltr'><strong>προδαίνουσαι</strong></span> <span class='ocrx_word' id='word_1_712' title='bbox 2603 4376 2619 4391; x_wconf 81' lang='grc'><strong>’</strong></span> <span class='ocrx_word' id='word_1_713' title='bbox 2654 4360 2749 4414; x_wconf 72' lang='grc' dir='ltr'><strong>καὶ</strong></span> <span class='ocrx_word' id='word_1_714' title='bbox 2780 4363 2808 4415; x_wconf 85' lang='grc' dir='ltr'><strong>ό</strong></span> <span class='ocrx_word' id='word_1_715' title='bbox 2837 4362 2975 4415; x_wconf 82' lang='grc' dir='ltr'><strong>νοῶν</strong></span> <span class='ocrx_word' id='word_1_716' title='bbox 3005 4363 3212 4433; x_wconf 86' lang='grc' dir='ltr'><strong>νοήσει.</strong></span> 
     </span>
    </p>
   </div>
   <div class='ocr_carea' id='block_1_104' title="bbox 2882 4453 3072 4509">
    <p class='ocr_par' dir='ltr' id='par_1_104' title="bbox 2882 4453 3072 4509">
     <span class='ocr_line' id='line_1_104' title="bbox 2882 4453 3072 4509; baseline 0.021 -4"><span class='ocrx_word' id='word_1_717' title='bbox 2882 4453 3072 4509; x_wconf 82' lang='grc' dir='ltr'><strong>ΕΦΕΣ.</strong></span> 
     </span>
    </p>
   </div>
   <div class='ocr_carea' id='block_1_105' title="bbox 2277 4540 3771 4613">
    <p class='ocr_par' dir='ltr' id='par_1_105' title="bbox 2277 4540 3771 4613">
     <span class='ocr_line' id='line_1_105' title="bbox 2277 4540 3771 4613; baseline 0 -20"><span class='ocrx_word' id='word_1_718' title='bbox 2277 4540 2472 4611; x_wconf 80' lang='grc' dir='ltr'><strong>Ἡμεῖς</strong></span> <span class='ocrx_word' id='word_1_719' title='bbox 2516 4541 2614 4611; x_wconf 76' lang='grc' dir='ltr'><strong>μὲν</strong></span> <span class='ocrx_word' id='word_1_720' title='bbox 2661 4540 2768 4610; x_wconf 81' lang='grc' dir='ltr'><strong>γὰρ</strong></span> <span class='ocrx_word' id='word_1_721' title='bbox 2809 4542 2947 4610; x_wconf 83' lang='grc' dir='ltr'><strong>μετὰ</strong></span> <span class='ocrx_word' id='word_1_722' title='bbox 2977 4542 3072 4595; x_wconf 90' lang='grc' dir='ltr'><strong>τοῦ</strong></span> <span class='ocrx_word' id='word_1_723' title='bbox 3114 4542 3479 4613; x_wconf 83' lang='grc' dir='ltr'><strong>Δαμασκηνοῦ</strong></span> <span class='ocrx_word' id='word_1_724' title='bbox 3534 4542 3629 4595; x_wconf 68' lang='grc' dir='ltr'><strong>καὶ</strong></span> <span class='ocrx_word' id='word_1_725' title='bbox 3661 4543 3771 4594; x_wconf 84' lang='grc' dir='ltr'><strong>τῶν</strong></span> 
     </span>
    </p>
   </div>
   <div class='ocr_carea' id='block_1_106' title="bbox 2182 4632 3765 4706">
    <p class='ocr_par' dir='ltr' id='par_1_106' title="bbox 2182 4632 3765 4706">
     <span class='ocr_line' id='line_1_106' title="bbox 2182 4632 3765 4706; baseline -0.001 -20"><span class='ocrx_word' id='word_1_726' title='bbox 2182 4632 2444 4702; x_wconf 76' lang='grc' dir='ltr'><strong>Πατέρων</strong></span> <span class='ocrx_word' id='word_1_727' title='bbox 2478 4633 2755 4699; x_wconf 80' lang='grc' dir='ltr'><strong>ἁπάντων,</strong></span> <span class='ocrx_word' id='word_1_728' title='bbox 2790 4635 2854 4686; x_wconf 84' lang='grc' dir='ltr'><strong>ὲκ</strong></span> <span class='ocrx_word' id='word_1_729' title='bbox 2885 4634 2980 4686; x_wconf 86' lang='grc' dir='ltr'><strong>τοῦ</strong></span> <span class='ocrx_word' id='word_1_730' title='bbox 3012 4634 3143 4688; x_wconf 84' lang='grc' dir='ltr'><strong>Υἰοῦ</strong></span> <span class='ocrx_word' id='word_1_731' title='bbox 3179 4635 3235 4688; x_wconf 78' lang='grc' dir='ltr'><strong>δὲ</strong></span> <span class='ocrx_word' id='word_1_732' title='bbox 3261 4635 3486 4706; x_wconf 84' lang='grc' dir='ltr'><strong>Πνεῦμα</strong></span> <span class='ocrx_word' id='word_1_733' title='bbox 3518 4637 3579 4688; x_wconf 91' lang='grc' dir='ltr'><strong>οὐ</strong></span> <span class='ocrx_word' id='word_1_734' title='bbox 3610 4634 3765 4702; x_wconf 59' lang='grc' dir='ltr'><strong>λέγι.-</strong></span> 
     </span>
    </p>
   </div>
   <div class='ocr_carea' id='block_1_107' title="bbox 2186 4717 3768 4794">
    <p class='ocr_par' dir='ltr' id='par_1_107' title="bbox 2186 4717 3768 4794">
     <span class='ocr_line' id='line_1_107' title="bbox 2186 4717 3768 4794; baseline 0.001 -17"><span class='ocrx_word' id='word_1_735' title='bbox 2186 4741 2322 4794; x_wconf 67' lang='grc' dir='ltr'><strong>μενι</strong></span> <span class='ocrx_word' id='word_1_736' title='bbox 2354 4717 2499 4778; x_wconf 73' lang='grc' dir='ltr'><strong>οὗτοι</strong></span> <span class='ocrx_word' id='word_1_737' title='bbox 2529 4725 2585 4779; x_wconf 84' lang='grc' dir='ltr'><strong>δὲ</strong></span> <span class='ocrx_word' id='word_1_738' title='bbox 2636 4726 2778 4793; x_wconf 85' lang='grc' dir='ltr'><strong>μετά</strong></span> <span class='ocrx_word' id='word_1_739' title='bbox 2830 4726 2937 4780; x_wconf 85' lang='grc' dir='ltr'><strong>τῶν</strong></span> <span class='ocrx_word' id='word_1_740' title='bbox 2992 4727 3241 4782; x_wconf 87' lang='grc' dir='ltr'><strong>Λατίνων</strong></span> <span class='ocrx_word' id='word_1_741' title='bbox 3290 4729 3355 4781; x_wconf 77' lang='grc' dir='ltr'><strong>ἐκ</strong></span> <span class='ocrx_word' id='word_1_742' title='bbox 3404 4728 3496 4782; x_wconf 88' lang='grc' dir='ltr'><strong>τοῦ</strong></span> <span class='ocrx_word' id='word_1_743' title='bbox 3543 4728 3673 4781; x_wconf 81' lang='grc' dir='ltr'><strong>Υῑοῦ</strong></span> <span class='ocrx_word' id='word_1_744' title='bbox 3703 4726 3768 4780; x_wconf 80' lang='grc' dir='ltr'><strong>τὸ</strong></span> 
     </span>
    </p>
   </div>
   <div class='ocr_carea' id='block_1_108' title="bbox 2186 4815 2680 4884">
    <p class='ocr_par' dir='ltr' id='par_1_108' title="bbox 2186 4815 2680 4884">
     <span class='ocr_line' id='line_1_108' title="bbox 2186 4815 2680 4884; baseline 0.008 -18"><span class='ocrx_word' id='word_1_745' title='bbox 2186 4815 2407 4884; x_wconf 80' lang='grc' dir='ltr'><strong>Πνεῦμα</strong></span> <span class='ocrx_word' id='word_1_746' title='bbox 2437 4817 2680 4884; x_wconf 78' lang='grc' dir='ltr'><strong>λέγουσι.</strong></span> 
     </span>
    </p>
   </div>
   <div class='ocr_carea' id='block_1_109' title="bbox 2868 4910 3077 4963">
    <p class='ocr_par' dir='ltr' id='par_1_109' title="bbox 2868 4910 3077 4963">
     <span class='ocr_line' id='line_1_109' title="bbox 2868 4910 3077 4963; baseline 0.014 -3"><span class='ocrx_word' id='word_1_747' title='bbox 2868 4910 3077 4963; x_wconf 80' lang='grc' dir='ltr'><strong>ΔΠΟΛ.</strong></span> 
     </span>
    </p>
   </div>
   <div class='ocr_carea' id='block_1_110' title="bbox 2257 4998 3765 5072">
    <p class='ocr_par' dir='ltr' id='par_1_110' title="bbox 2257 4998 3765 5072">
     <span class='ocr_line' id='line_1_110' title="bbox 2257 4998 3765 5072; baseline 0.002 -19"><span class='ocrx_word' id='word_1_748' title='bbox 2257 4999 2369 5053; x_wconf 77' lang='grc' dir='ltr'><strong>Καὶ</strong></span> <span class='ocrx_word' id='word_1_749' title='bbox 2413 5000 2575 5066; x_wconf 83' lang='grc' dir='ltr'><strong>ἡμεῖς</strong></span> <span class='ocrx_word' id='word_1_750' title='bbox 2631 4998 2904 5068; x_wconf 75' lang='grc' dir='ltr'><strong>μετά.τοῦ</strong></span> <span class='ocrx_word' id='word_1_751' title='bbox 2951 5001 3109 5069; x_wconf 83' lang='grc' dir='ltr'><strong>ἁγίου</strong></span> <span class='ocrx_word' id='word_1_752' title='bbox 3156 5002 3524 5072; x_wconf 84' lang='grc' dir='ltr'><strong>Δαμασκηνοῦ</strong></span> <span class='ocrx_word' id='word_1_753' title='bbox 3572 5004 3635 5056; x_wconf 78' lang='grc' dir='ltr'><strong>ἐκ</strong></span> <span class='ocrx_word' id='word_1_754' title='bbox 3668 5004 3765 5058; x_wconf 87' lang='grc' dir='ltr'><strong>τοῦ</strong></span> 
     </span>
    </p>
   </div>
   <div class='ocr_carea' id='block_1_111' title="bbox 2186 5090 3766 5163">
    <p class='ocr_par' dir='ltr' id='par_1_111' title="bbox 2186 5090 3766 5163">
     <span class='ocr_line' id='line_1_111' title="bbox 2186 5090 3766 5163; baseline 0.004 -21"><span class='ocrx_word' id='word_1_755' title='bbox 2186 5090 2315 5143; x_wconf 82' lang='grc' dir='ltr'><strong>Υίοῦ</strong></span> <span class='ocrx_word' id='word_1_756' title='bbox 2348 5090 2407 5142; x_wconf 85' lang='grc' dir='ltr'><strong>τὸ</strong></span> <span class='ocrx_word' id='word_1_757' title='bbox 2443 5091 2666 5159; x_wconf 82' lang='grc' dir='ltr'><strong>Πνεῦμα</strong></span> <span class='ocrx_word' id='word_1_758' title='bbox 2692 5094 2754 5144; x_wconf 90' lang='grc' dir='ltr'><strong>οὐ</strong></span> <span class='ocrx_word' id='word_1_759' title='bbox 2787 5093 3039 5163; x_wconf 73' lang='grc' dir='ltr'><strong>λέγομεν,</strong></span> <span class='ocrx_word' id='word_1_760' title='bbox 3071 5091 3206 5146; x_wconf 83' lang='grc' dir='ltr'><strong>ἀλλὰ</strong></span> <span class='ocrx_word' id='word_1_761' title='bbox 3251 5097 3345 5147; x_wconf 84' lang='grc' dir='ltr'><strong>καὶ</strong></span> <span class='ocrx_word' id='word_1_762' title='bbox 3375 5095 3441 5146; x_wconf 78' lang='grc' dir='ltr'><strong>ὲκ</strong></span> <span class='ocrx_word' id='word_1_763' title='bbox 3466 5092 3561 5147; x_wconf 91' lang='grc' dir='ltr'><strong>τοῦ</strong></span> <span class='ocrx_word' id='word_1_764' title='bbox 3594 5095 3724 5148; x_wconf 89' lang='grc' dir='ltr'><strong>Υἰοῦ</strong></span> <span class='ocrx_word' id='word_1_765' title='bbox 3751 5112 3766 5128; x_wconf 78' lang='grc' dir='ltr'><strong>ο</strong></span> 
     </span>
    </p>
   </div>
   <div class='ocr_carea' id='block_1_112' title="bbox 2184 5181 3763 5254">
    <p class='ocr_par' dir='ltr' id='par_1_112' title="bbox 2184 5181 3763 5254">
     <span class='ocr_line' id='line_1_112' title="bbox 2184 5181 3763 5254; baseline 0.001 -19"><span class='ocrx_word' id='word_1_766' title='bbox 2184 5182 2318 5235; x_wconf 87' lang='grc' dir='ltr'><strong>διότι</strong></span> <span class='ocrx_word' id='word_1_767' title='bbox 2347 5183 2374 5233; x_wconf 84' lang='grc' dir='ltr'>ὁ</span> <span class='ocrx_word' id='word_1_768' title='bbox 2405 5181 2813 5250; x_wconf 79' lang='grc' dir='ltr'><strong>συμπλεκτικὸς</strong></span> <span class='ocrx_word' id='word_1_769' title='bbox 2849 5183 3147 5253; x_wconf 81' lang='grc' dir='ltr'><strong>σύνδεσμος</strong></span> <span class='ocrx_word' id='word_1_770' title='bbox 3164 5186 3463 5254; x_wconf 73' lang='grc' dir='ltr'><strong>παρίστησι</strong></span> <span class='ocrx_word' id='word_1_771' title='bbox 3488 5185 3632 5254; x_wconf 84' lang='grc' dir='ltr'><strong>μάλα</strong></span> <span class='ocrx_word' id='word_1_772' title='bbox 3660 5202 3763 5237; x_wconf 83' lang='grc' dir='ltr'><strong>κα·</strong></span> 
     </span>
    </p>
   </div>
   <div class='ocr_carea' id='block_1_113' title="bbox 2186 5271 3760 5342">
    <p class='ocr_par' dir='ltr' id='par_1_113' title="bbox 2186 5271 3760 5342">
     <span class='ocr_line' id='line_1_113' title="bbox 2186 5271 3760 5342; baseline 0.004 -20"><span class='ocrx_word' id='word_1_773' title='bbox 2186 5272 2294 5333; x_wconf 84' lang='grc' dir='ltr'><strong>λῶς</strong></span> <span class='ocrx_word' id='word_1_774' title='bbox 2328 5275 2423 5326; x_wconf 76' lang='grc' dir='ltr'><strong>καὶ</strong></span> <span class='ocrx_word' id='word_1_775' title='bbox 2453 5274 2517 5324; x_wconf 83' lang='grc' dir='ltr'><strong>ὲκ</strong></span> <span class='ocrx_word' id='word_1_776' title='bbox 2548 5271 2641 5325; x_wconf 86' lang='grc' dir='ltr'><strong>τοῦ</strong></span> <span class='ocrx_word' id='word_1_777' title='bbox 2696 5274 2910 5342; x_wconf 72' lang='grc' dir='ltr'><strong>Πατρὸς</strong></span> <span class='ocrx_word' id='word_1_778' title='bbox 2945 5275 3041 5328; x_wconf 82' lang='grc' dir='ltr'><strong>καὶ</strong></span> <span class='ocrx_word' id='word_1_779' title='bbox 3072 5275 3168 5329; x_wconf 90' lang='grc' dir='ltr'><strong>τοῦ</strong></span> <span class='ocrx_word' id='word_1_780' title='bbox 3204 5274 3336 5327; x_wconf 81' lang='grc' dir='ltr'><strong>Υίοῦ</strong></span> <span class='ocrx_word' id='word_1_781' title='bbox 3363 5290 3377 5304; x_wconf 75' lang='grc' dir='ltr'><strong>ο</strong></span> <span class='ocrx_word' id='word_1_782' title='bbox 3405 5276 3467 5327; x_wconf 76' lang='grc' dir='ltr'><strong>’τὸ</strong></span> <span class='ocrx_word' id='word_1_783' title='bbox 3496 5275 3543 5327; x_wconf 87' lang='grc' dir='ltr'><strong>δ’</strong></span> <span class='ocrx_word' id='word_1_784' title='bbox 3572 5276 3635 5327; x_wconf 83' lang='grc' dir='ltr'><strong>ὲκ</strong></span> <span class='ocrx_word' id='word_1_785' title='bbox 3664 5274 3760 5328; x_wconf 90' lang='grc' dir='ltr'><strong>τοῦ</strong></span> 
     </span>
    </p>
   </div>
   <div class='ocr_carea' id='block_1_114' title="bbox 2187 5363 3767 5438">
    <p class='ocr_par' dir='ltr' id='par_1_114' title="bbox 2187 5363 3767 5438">
     <span class='ocr_line' id='line_1_114' title="bbox 2187 5363 3767 5438; baseline 0.001 -22"><span class='ocrx_word' id='word_1_786' title='bbox 2187 5363 2318 5417; x_wconf 82' lang='grc' dir='ltr'><strong>Υἱοῦ</strong></span> <span class='ocrx_word' id='word_1_787' title='bbox 2367 5364 2790 5434; x_wconf 81' lang='grc' dir='ltr'><strong>ἀπολελυμένως</strong></span> <span class='ocrx_word' id='word_1_788' title='bbox 2828 5366 3030 5434; x_wconf 75' lang='grc' dir='ltr'><strong>λέγειν,</strong></span> <span class='ocrx_word' id='word_1_789' title='bbox 3059 5366 3539 5438; x_wconf 70' lang='grc' dir='ltr'><strong>προκαταρκτικὸν</strong></span> <span class='ocrx_word' id='word_1_790' title='bbox 3590 5366 3767 5419; x_wconf 83' lang='grc' dir='ltr'><strong>αἴτιον</strong></span> 
     </span>
    </p>
   </div>
   <div class='ocr_carea' id='block_1_115' title="bbox 2186 5454 3768 5528">
    <p class='ocr_par' dir='ltr' id='par_1_115' title="bbox 2186 5454 3768 5528">
     <span class='ocr_line' id='line_1_115' title="bbox 2186 5454 3768 5528; baseline -0.001 -19"><span class='ocrx_word' id='word_1_791' title='bbox 2186 5454 2277 5509; x_wconf 72' lang='grc' dir='ltr'><strong>τὸν</strong></span> <span class='ocrx_word' id='word_1_792' title='bbox 2323 5454 2449 5507; x_wconf 83' lang='grc' dir='ltr'><strong>Υἰὸν</strong></span> <span class='ocrx_word' id='word_1_793' title='bbox 2482 5456 2720 5522; x_wconf 83' lang='grc' dir='ltr'><strong>τίθησιν,</strong></span> <span class='ocrx_word' id='word_1_794' title='bbox 2778 5458 2915 5527; x_wconf 76' lang='grc' dir='ltr'><strong>ὅπερ</strong></span> <span class='ocrx_word' id='word_1_795' title='bbox 2946 5460 2973 5510; x_wconf 88' lang='grc' dir='ltr'>ὁ</span> <span class='ocrx_word' id='word_1_796' title='bbox 3004 5458 3272 5528; x_wconf 88' lang='grc' dir='ltr'><strong>Εὐνόμιος</strong></span> <span class='ocrx_word' id='word_1_797' title='bbox 3305 5458 3400 5513; x_wconf 82' lang='grc' dir='ltr'><strong>καὶ</strong></span> <span class='ocrx_word' id='word_1_798' title='bbox 3426 5459 3473 5511; x_wconf 85' lang='lat' dir='ltr'><strong>ol</strong></span> <span class='ocrx_word' id='word_1_799' title='bbox 3504 5457 3645 5511; x_wconf 85' lang='grc' dir='ltr'><strong>κατά</strong></span> <span class='ocrx_word' id='word_1_800' title='bbox 3672 5457 3768 5509; x_wconf 64' lang='grc' dir='ltr'><strong>τὶν</strong></span> 
     </span>
    </p>
   </div>
   <div class='ocr_carea' id='block_1_116' title="bbox 2188 5544 3767 5619">
    <p class='ocr_par' dir='ltr' id='par_1_116' title="bbox 2188 5544 3767 5619">
     <span class='ocr_line' id='line_1_116' title="bbox 2188 5544 3767 5619; baseline 0.001 -22"><span class='ocrx_word' id='word_1_801' title='bbox 2188 5545 2451 5616; x_wconf 73' lang='grc' dir='ltr'><strong>Εὐνόμιον</strong></span> <span class='ocrx_word' id='word_1_802' title='bbox 2483 5547 2766 5616; x_wconf 75' lang='grc' dir='ltr'><strong>ἐφρόνουν.</strong></span> <span class='ocrx_word' id='word_1_803' title='bbox 2805 5548 2997 5616; x_wconf 79' lang='grc' dir='ltr'><strong>Ἡμεῖς</strong></span> <span class='ocrx_word' id='word_1_804' title='bbox 3022 5549 3079 5602; x_wconf 78' lang='grc' dir='ltr'><strong>δὲ</strong></span> <span class='ocrx_word' id='word_1_805' title='bbox 3102 5548 3244 5619; x_wconf 84' lang='grc' dir='ltr'><strong>μετὰ</strong></span> <span class='ocrx_word' id='word_1_806' title='bbox 3269 5548 3362 5602; x_wconf 89' lang='grc' dir='ltr'><strong>τοῦ</strong></span> <span class='ocrx_word' id='word_1_807' title='bbox 3397 5544 3767 5617; x_wconf 84' lang='grc' dir='ltr'><strong>Δαμασκηνοῦ</strong></span> 
     </span>
    </p>
   </div>
   <div class='ocr_carea' id='block_1_117' title="bbox 2357 5726 2842 5797">
    <p class='ocr_par' dir='ltr' id='par_1_117' title="bbox 2357 5726 2842 5797">
     <span class='ocr_line' id='line_1_117' title="bbox 2357 5726 2842 5797; baseline 0 -15"><span class='ocrx_word' id='word_1_808' title='bbox 2357 5727 2396 5759; x_wconf 80' lang='grc'>³³</span> <span class='ocrx_word' id='word_1_809' title='bbox 2427 5727 2444 5782; x_wconf 95' lang='grc' dir='ltr'><strong>Ι</strong></span> <span class='ocrx_word' id='word_1_810' title='bbox 2471 5726 2613 5783; x_wconf 82' lang='lat' dir='ltr'><strong>Tim.</strong></span> <span class='ocrx_word' id='word_1_811' title='bbox 2644 5742 2716 5797; x_wconf 88' lang='lat' dir='ltr'><strong>tv,</strong></span> <span class='ocrx_word' id='word_1_812' title='bbox 2758 5729 2842 5782; x_wconf 76' lang='grc'><strong>15.</strong></span> 
     </span>
    </p>
   </div>
  </div>
