4112 6274
400 279 503 345 173

1662 264 1965 344 CONTRA
1995 263 2409 344 EPHESIUM.

3538 284 3641 347 1⁵14

385 413 474 449 και
503 394 609 448 τῶν
642 393 896 464 Πατέρων
945 392 1204 449 ἁπάντων
1240 396 1334 449 καὶ
1379 397 1445 449 ὲκ
1497 398 1592 450 τοῦ
1658 398 1809 463 Υίοῦ,
1865 399 1960 453 καὶ

2066 413 2125 452 ex
2159 396 2297 451 Filio
2326 404 2377 450 et
2405 410 2501 465 per
2529 392 2750 450 Filium.
2780 394 2919 448 lllud
2963 394 3106 449 enim
3134 395 3416 449 asserebat
3445 395 3633 449 Euno-

383 489 467 543 διὰ
502 486 593 540 τοῦ
637 472 768 539 Υἱοῦ
811 485 1076 554 λέγομενο
1111 487 1171 539 τὸ
1210 472 1309 556 μὲν
1339 490 1446 558 γάρ
1477 488 1626 541 ἑστιν
1658 490 1952 558 Εὐνομίου,

384 581 447 634 ἐκ
477 579 636 649 μόνου
668 579 762 631 τοῦ
788 576 917 631 Υἱοῦ
946 580 1006 632 τὸ
1040 577 1262 644 Πνεῦμα
1291 577 1564 645 λέγοντος,
1591 582 1686 631 καὶ
1712 581 1956 650 βαθμοὺς

383 671 647 742 θεοτήτων
687 670 1003 739 εἰσάγοντος
1026 684 1041 700 °
1072 670 1136 724 1:6
1174 654 1253 733 δὲ,
1290 670 1401 723 Καὶ
1429 672 1492 723 ἐκ
1527 670 1624 724 τοῦ
1658 654 1814 736 Υίοῠ,
1848 673 1958 725 τῶν

385 756 639 832 Πατέρων
669 764 788 816 ἐστὶ
816 749 993 831 φωνή.
1048 762 1210 815 Ἀλλὰ
1262 764 1356 815 καὶ
1392 763 1668 835 ἐξηγητὴν
1696 766 1805 817 τῶν
1834 766 1961 817 ἑαυ-

384 856 473 909 τοῦ
520 856 696 924 λόγων
730 857 823 910 τὸν
874 857 1247 925 Δαμασκηνὸν
1286 851 1546 927 Ἰωάννην
1586 856 1961 926 διασαφοῦντα

380 949 448 1005 τὰ
498 948 694 1002 ἑαυτοῦ
748 950 1223 1019 προεκομίσαμεν,
1267 947 1362 1001 καὶ
1410 947 1594 1011 καλῶς
1636 948 1736 1017 τὴν
1764 947 1955 1000 διασά-

384 1057 545 1111 φησιν
572 1039 669 1110 τὴν
702 1040 831 1111 περὶ
864 1040 1057 1094 τούτου
1092 1030 1481 1110 πεποιήκαμεν
1510 1043 1567 1092 έν
1594 1040 1707 1103 τοῖς
1746 1039 1961 1110 ἔμπρο-

384 1131 528 1185 60m

1074 1210 1263 1279 Eous.

450 1308 563 1371 Καὶ
612 1317 774 1387 ἡμεῖς
818 1316 916 1385 μὲν
956 1315 1098 1386 μετὰ
1138 1317 1234 1369 τοῦ
1284 1316 1436 1379 θείου
1466 1314 1749 1371 Διονυσίου
1785 1319 1957 1389 μόνην

385 1407 569 1478 πηγὴν
598 1409 697 1477 τῆς
737 1409 1066 1478 ὑπερουσίου
1098 1408 1354 1478 θεότητος
1403 1410 1494 1463 τὸν
1546 1410 1769 1480 Πατέρα
1799 1412 1958 1479 λέγο-

384 1517 505 1569 μιν,
539 1486 686 1554 οὗτοι
719 1498 776 1553 δὲ
808 1501 946 1567 μετὰ
979 1500 1087 1552 τῶν
1118 1500 1361 1554 Λατίνων
1385 1502 1479 1554 καὶ
1505 1502 1596 1553 τὸν
1620 1504 1748 1555 Υίδν
1773 1506 1960 1573 πηγὴν

379 1592 470 1645 τοῦ
526 1592 684 1659 ἁγίου
744 1591 1062 1661 Πνεύματος
1114 1592 1390 1659 λέγουσιν,
1422 1594 1776 1658 ἐκϐάλλοντες
1829 1597 1960 1649 αὐτὸ

379 1683 585 1755 δηλαδὴ
612 1686 711 1755 τῆς
745 1684 1017 1756 θεότητος.

1039 1762 1251 1835 ΑΠΟΛ.

460 1858 741 1933 Ὧσαύτω,
780 1873 874 1926 καὶ
903 1873 1067 1942 ἡμεῖς
1097 1875 1233 1942 μετὰ
1258 1873 1353 1926 τοῦ
1384 1874 1530 1927 θείου
1561 1877 1838 1929 Διονυσίου
1869 1878 1965 1930 καὶ

382 1964 608 2017 πάντων
653 1962 764 2017 τῶν
813 1964 988 2029 ἁγίων
1044 1963 1217 2032 μόνην
1269 1965 1455 2035 πηγὴν
1492 1968 1585 2020 καὶ
1634 1968 1809 2037 ἀρχὴν
1861 1969 1963 2037 τῆς

384 2055 644 2124 θεότητος
679 2054 770 2107 τὸν
816 2045 1037 2126 Πατέρα
1075 2054 1343 2123 ἔγνωμεν,
1380 2058 1505 2110 οὐδὲ
1551 2062 1963 2127 προεπινοεῖται

382 2146 592 2215 ταύτης
639 2148 811 2217 ἄλληο
844 2148 979 2201 ἀλλὰ
1017 2150 1125 2216 μὴν
1159 2149 1224 2199 ἐκ
1261 2150 1465 2217 ταύτης
1497 2152 1596 2218 τῆς
1645 2152 1830 2220 πηγῆς
1868 2151 1964 2204 τοῦ

381 2240 603 2311 Πατρδς
629 2243 814 2309 πηγὴν
835 2240 926 2294 τὸν
957 2241 1088 2293 Υίδν
1114 2241 1455 2311 γινώσκομεν
1485 2242 1581 2294 τοῦ
1611 2243 1769 2310 ἁγίου
1796 2244 1964 2296 Ilvati-

383 2349 582 2401 ματος.
614 2333 752 2401 Φησὶ
780 2334 890 2402 γὰρ
919 2333 946 2385 6
976 2333 1147 2396 πολὺς
1193 2333 1263 2386 τὰ
1294 2332 1412 2386 Θεία
1463 2335 1492 2386 6
1526 2334 1697 2403 μέγας
1738 2334 1966 2388 Ἀθανά-

381 2425 498 2486 etot
537 2424 596 2474 ὲν
650 2423 726 2492 τῷ
788 2414 927 2491 Περὶ
980 2424 1285 2493 ἑνσάρκου
1319 2423 1672 2493 ἐπιφανείας
1702 2425 1869 2496 λόγῳ,
1901 2425 1961 2478 οὗ

381 2516 414 2583 ἡ
444 2514 618 2583 ἀρχὴ,
648 2516 711 2566 Οί
743 2516 1092 2585 κακοτέχνως
1124 2515 1221 2577 τὰς
1251 2515 1400 2578 θείας
1434 2515 1664 2585 Γραφὰς
1694 2516 1962 2586 βουλόμει

378 2618 459 2662 νοι
495 2610 679 2660 νοεῖν·
727 2603 850 2660 Οἵδε
885 2611 994 2679 γὰρ
1045 2609 1198 2678 παρὰ
1241 2610 1319 2678 τῷ
1350 2610 1467 2679 Θεῷ
1502 2611 1679 2681 Πασιτρ)⁸
1710 2611 1839 2663 ὄντα
1875 2613 1967 2666 τὸν

381 2699 514 2752 Υίὸν
543 2700 727 2770 πηγὴν
754 2699 851 2753 τοῦ
883 2700 1041 2768 ἁγίου
1082 2700 1405 2772 Πνεὺματος
1424 2719 1440 2734 ο
1467 2702 1563 2756 καὶ
1592 2705 1620 2755 6
1652 2705 1830 2773 μέγας
1861 2704 1966 2759 Βα-

381 2789 585 2853 σίλειος
606 2805 621 2822 ⁶
654 2792 807 2861 Πηγὴ
844 2790 993 2860 ζωῆς
1015 2795 1042 2845 6
1068 2792 1195 2854 Υἱός
1217 2808 1231 2823 ο
1266 2796 1398 2863 φησὶ
1427 2795 1536 2864 γὰρ
1566 2796 1594 2847 6
1622 2796 1788 2849 Δαῦὶδ
1824 2780 1964 2866 Δ’πρὸς

377 2885 468 2936 τὸν
508 2884 732 2953 Πατέρα
753 2902 767 2917 °
799 2874 920 2938 Ὅτι
945 2885 1109 2952 παρὰ
1138 2887 1240 2940 σοὶ
1273 2887 1436 2955 πηγὴ
1460 2888 1632 2956 ζωῆς.
1664 2889 1774 2942 Καὶ
1803 2891 1966 2944 πάλιν

378 2968 573 3048 ἕτερος
626 2979 915 3049 προφήτης
973 2980 1126 3045 λέγει
1160 2980 1289 3049 περὶ
1322 2981 1430 3033 τῶν
1476 2982 1749 3036 Ἰουδαίων
1778 2998 1793 3015 ⁸
1833 2983 1967 3052 Ἐμὲ

2062 487 2231 554 mitts,
2254 489 2508 544 nimirum
2532 504 2593 543 ex
2624 488 2742 543 solo
2768 488 2940 555 Filio;
2969 488 3061 557 qui
3094 487 3298 555 gradus
3320 487 3484 541 etiam
3516 488 3634 543 dei-

2062 591 2230 636 tatum
2264 580 2577 634 inducebat.
2623 574 2736 633 Vos
2770 590 2977 643 autem,
3012 578 3081 632 Et
3107 594 3169 631 ex
3212 576 3374 643 Filio,
3408 586 3636 647 accepts

2062 682 2147 730 est
2175 687 2203 726 a
2240 672 2516 727 Patriltus.
2574 671 2736 725 Certe
2768 685 2868 725 nos
2917 668 3184 725 Joannem
3239 669 3635 726 Damascenunt

2062 764 2393 835 protulimus
2423 763 2588 818 verba
2624 778 2721 817 sua
2776 771 3141 832 exponentem
3169 804 3184 828 ,
3223 762 3419 831 suique
3464 762 3641 832 ipsius

2064 857 2451 925 interpretem;
2487 864 2540 910 et
2575 856 2712 909 satis
2746 855 2848 908 hoc
2882 858 2934 908 in
2968 854 3421 909 antecedentibus
3451 854 3639 909 decla-

2062 965 2324 1004 ravmtus.

2752 1207 2995 1280 EPHES.

2135 1300 2199 1370 Et.
2229 1330 2330 1370 nos
2364 1315 2583 1383 quidem
2628 1330 2754 1369 cum
2804 1325 3002 1370 sancto
3036 1315 3296 1385 Dionysio
3330 1318 3509 1370 ‘solnm
3551 1331 3643 1371 su-

2066 1407 2477 1477 peressentialis
2506 1406 2730 1462 deitatis
2760 1406 2970 1461 fontem
3008 1408 3244 1462 dicimus
3274 1390 3525 1470 Patrem;
3553 1408 3646 1463 isti

2064 1514 2197 1553 vero
2232 1514 2355 1553 cum
2388 1499 2595 1554 Latinis
2634 1499 2831 1553 Filium
2877 1513 3095 1568 quoque
3148 1500 3349 1555 fontem
3402 1500 3644 1570 Spiritus

2066 1592 2240 1647 sancti
2297 1592 2591 1657 aﬂirmant,
2625 1592 2982 1648 excludentes
3032 1592 3293 1648 nimirum
3351 1607 3381 1646 a
3441 1594 3645 1648 deitate

2066 1683 2351 1753 Spiritum.

2741 1777 2933 1833 περ.
3636 1848 3641 1853 η

2138 1872 2203 1926 Ει
2223 1887 2322 1925 nos
2342 1871 2545 1941 pariter
2565 1885 2686 1925 cum
2714 1880 2906 1925 sancto
2931 1871 3187 1941 Dionysio
3206 1871 3322 1942 (l7)
3351 1878 3404 1923 et
3439 1872 3645 1927 sanctis

2066 1964 2325 2018 omnibus
2361 1964 2539 2017 solum
2576 1962 2783 2017 fontem
2816 1971 2871 2017 et
2920 1962 3253 2032 principium
3296 1964 3516 2018 deitatis
3548 1980 3645 2018 no-

2068 2054 2244 2109 vimus
2280 2054 2521 2115 Patrem.
2568 2063 2619 2109 et
2658 2055 2869 2107 nullum
2907 2052 3073 2109 alium
3128 2055 3207 2107 illi
3259 2056 3644 2123 praeintelligi;

2068 2162 2253 2200 verum
2289 2161 2353 2200 ex
2405 2147 2550 2201 fonte
2584 2148 2707 2208 hoc,
2741 2162 2936 2214 nempe
2974 2146 3157 2212 Putre,
3188 2145 3386 2200 Filium
3436 2146 3644 2201 scimus

2069 2235 2271 2290 fontem
2308 2237 2482 2290 sancti
2526 2236 2783 2305 Spiritus.
2814 2237 2904 2289 Ait
2933 2238 3078 2290 enim
3116 2251 3297 2290 rerum
3333 2238 3639 2291 divinarum

2067 2329 2439 2400 peritissimus
2460 2329 2796 2384 Athanasius
2825 2329 3074 2399 Magnus,
3106 2331 3158 2382 in
3181 2330 3434 2385 oratione
3454 2331 3519 2385 de
3546 2329 3642 2382 Dei

2068 2421 2232 2477 Verbi
2272 2422 2325 2476 in
2360 2437 2527 2477 carne
2555 2422 2922 2491 apparitione.
2952 2437 3073 2491 quae
3102 2422 3295 2492 incipit
3323 2442 3337 2477 :
3367 2421 3470 2489 Qui
3504 2423 3643 2477 divi—

2068 2530 2169 2569 nas
2205 2514 2515 2585 Scripturas
2564 2517 2832 2571 malitiose
2869 2515 3055 2569 volunt
3103 2516 3400 2583 intelligere
3438 2533 3449 2566 :
3486 2515 3644 2569 Novit

2069 2608 2215 2661 enim
2240 2606 2385 2677 apud
2414 2606 2580 2660 Deum
2611 2606 2827 2661 Patrem
2862 2594 3059 2661 Filium
3092 2622 3213 2663 esse
3237 2607 3443 2661 fontem
3468 2608 3643 2661 sancti

2071 2698 2332 2768 Spiritus.
2369 2698 2434 2752 Et
2473 2698 2708 2753 Basilius
2740 2698 2989 2769 Magnus,
3055 2697 3222 2760 Fons,
3255 2698 3471 2767 inquit,
3521 2698 3645 2750 vita:

2067 2801 2153 2846 est
2182 2790 2375 2845 Filius.
2412 2791 2552 2845 Dicit
2595 2793 2739 2844 enim
2778 2792 2941 2845 David
2982 2791 3048 2845 ad
3078 2790 3295 2844 Patrem
3332 2808 3347 2843 :
3379 2788 3643 2855 Quoniam

2068 2883 2210 2950 apud
2245 2891 2292 2937 te
2325 2892 2405 2937 est
2436 2883 2555 2952 fons
2594 2882 2714 2937 ritw
2742 2882 2825 2944 ⁸¹;
2867 2892 2922 2935 et
2966 2898 3161 2938 rursus
3205 2882 3345 2937 alius
3386 2882 3644 2951 propheta

2069 2975 2133 3028 de
2158 2973 2365 3030 ludatis
2390 2992 2406 3030 :
2444 2973 2527 3028 Me
2554 2975 2948 3042 dereliquertmt
3009 2974 3209 3042 {ant-2m
3245 2990 3396 3043 aqua:
3424 2976 3554 3027 viva:
3576 2973 3643 3031 ’δι

377 3070 784 3140 ἐγκατέλιπον
811 3070 1017 3139 πηγὴν
1046 3071 1266 3138 ὕδατος
1306 3072 1519 3139 ζῶντος
1545 3091 1559 3105 ο
1591 3074 1736 3146 ὕδωρ
1766 3075 1823 3128 δὲ
1856 3076 1960 3139 ζῶν

2070 3080 2210 3131 aqua
2243 3081 2374 3120 vero
2400 3067 2520 3120 viva
2550 3067 2865 3119 nominatur
2897 3074 3128 3122 sanctus
3154 3066 3414 3135 Spiritus,
3439 3065 3508 3119 de
3537 3081 3647 3134 quo

379 3164 716 3234 ὀνομάζεται
745 3166 805 3216 τὸ
839 3166 1064 3233 Πνεῦμα
1114 3166 1174 3217 τὸ
1205 3162 1359 3234 ἅγιον
1384 3184 1397 3196 ·
1445 3167 1570 3236 περὶ
1603 3162 1664 3221 οὗ
1697 3170 1725 3220 6
1757 3167 1963 3236 Κύριος

379 3255 610 3325 εἴρηκεν
641 3255 698 3307 ὲν
729 3258 837 3319 τοῖς
869 3257 1226 3325 Εὑαγγελίοις
1250 3273 1263 3288 ·
1301 3260 1398 3322 ’⁸ος
1430 3258 1482 3311 δ’
1506 3258 1582 3311 ἂν
1613 3260 1720 3327 πίῃ
1755 3260 1826 3315 ἐκ
1856 3259 1963 3313 τοῦ

378 3345 625 3409 ὕδατος,
653 3341 725 3403 οὗ
757 3345 869 3415 ἐγὼ
896 3344 1070 3399 δώσω
1113 3346 1295 3409 αὐτῷ,
1325 3346 1579 3414 ποταμοὶ
1604 3346 1673 3400 ἐκ
1701 3346 1813 3413 τῆς
1846 3364 1964 3401 κοι-

376 3440 522 3502 λίας
571 3438 760 3491 αὑτοῦ
787 3438 1130 3505 ῥεύσουσιν
1180 3438 1401 3503 ὕδατος
1430 3437 1652 3505 ζῶντος
1673 3454 1687 3469 ο
1716 3439 1875 3492 τοῦτο
1906 3440 1962 3491 δὲ

377 3531 537 3597 ἔλεγε
582 3518 714 3599 περὶ
746 3529 841 3582 τοῦ
878 3529 1224 3597 Πνεύματος,
1254 3530 1281 3582 ὅ
1318 3530 1544 3597 ἔμελλον
1574 3530 1878 3599 λαμϐάνειν
1913 3532 1962 3583 οί

379 3606 736 3682 πιστεύοντες
770 3608 852 3682 είς
881 3612 1061 3673 αὐτόν.
1092 3620 1167 3673 Δι’
1192 3612 1266 3672 ὦν
1290 3621 1532 3673 δείκνυσι
1566 3623 1753 3690 σαφῶς
1781 3620 1963 3691 πηγὴν

378 3710 471 3763 τοῦ
527 3710 727 3775 ζῶντος
778 3710 972 3774 ὓδατος
1006 3712 1124 3780 ἦτοι
1177 3710 1272 3765 τοῦ
1329 3711 1651 3781 Πνεύματος
1692 3713 1822 3766 ὄντα
1865 3714 1962 3766 τὸν

378 3805 535 3858 Υἱόν.
583 3793 691 3855 Καὶ
735 3805 762 3854 6
789 3803 1041 3872 Χρυσοῦς
1092 3803 1188 3872 τὴν
1227 3804 1478 3872 γλῶτταν
1514 3807 1571 3855 ἐν
1600 3804 1679 3872 τῷ
1712 3805 1854 3871 λόγῳ
1884 3804 1962 3873 τῷ

377 3897 458 3958 εἰς
495 3895 556 3946 τὸ
588 3894 889 3965 μυστήριον
924 3895 1019 3946 τοῦ
1057 3893 1456 3964 βαπτίσματος,
1485 3894 1545 3947 οὗ
1585 3896 1616 3963 ἡ
1650 3896 1816 3963 ἀρχὴ,
1856 3898 1964 3949 Πά-

378 3988 462 4041 λιν
496 3990 631 4058 ἡμῖν
658 3982 705 4057 ήί
725 3988 817 4041 τοῦ
851 3987 1126 4057 μακαρίου
1154 3986 1318 4040 Δαῦὶδ
1358 3980 1703 4056 πνευματικὴ
1734 3988 1959 4057 κιθάρα.

379 4081 519 4149 φησί
543 4097 555 4109 ·
601 4082 699 4132 Διὰ
731 4082 889 4132 τοῦτο
915 4083 941 4131 ὁ
972 4079 1163 4149 Σωτὴρ
1200 4079 1476 4132 δείκνυσιν
1526 4081 1722 4133 ἑαυτὸν
1774 4080 1960 4150 πηγὴν

378 4172 550 4238 ζωῆς,
576 4171 671 4223 καὶ
704 4169 847 4239 ὕδωρ
874 4170 982 4234 ζῶν
1005 4170 1066 4222 τὸ
1096 4171 1320 4240 Πνεῦμα
1343 4172 1403 4223 τὸ
1430 4171 1609 4238 ἆγιον.
1640 4173 1958 4241 Συμφὼνως

378 4263 475 4316 καὶ
505 4265 533 4315 6
564 4263 719 4329 ἅγιος
761 4263 814 4315 ’Λ
829 4263 1090 4333 μόρόσιος
1123 4266 1182 4315 ὲν
1226 4264 1304 4333 τῷ
1339 4264 1476 4334 πρὸς
1527 4266 1828 4335 Γρατιανὺν
1865 4265 1964 4335 βα-

380 4352 537 4408 σιλέα
559 4358 760 4425 πρώτῳ
790 4355 984 4424 βιῦλίῳ
1008 4356 1063 4407 ὲν
1097 4363 1167 4424 ιη’
1193 4357 1475 4425 κεφαλαίῳ
1500 4373 1512 4386 ⁸
1548 4358 1741 4411 Τοίνυν
1771 4359 1961 4426 ὥσπερ

377 4448 437 4499 τὸ
466 4440 617 4516 ῥῆμα
654 4449 749 4514 τῆς
784 4438 931 4513 ξωῆς
963 4448 1076 4516 ζωή
1109 4450 1277 4503 ἐστιν,
1308 4447 1453 4500 οὕτω
1476 4451 1574 4500 καὶ
1603 4450 1705 4518 τῆς
1727 4449 1872 4523 ζωῆς
1899 4450 1960 4501 τὸ

379 4528 609 4606 Πνεῦμα
640 4536 753 4607 ζωή
795 4539 935 4588 ἐστι.
990 4538 1159 4605 Δέχου
1195 4535 1279 4606 δὴ,
1308 4536 1391 4588 ὃτι
1428 4535 1678 4606 καθάπερ
1710 4540 1737 4588 6
1769 4538 1957 4605 Πατὴρ

380 4629 534 4697 πηγὴ
586 4626 732 4696 ζωῆς
780 4630 951 4690 ἐστιν,
993 4626 1136 4679 οὕτω
1185 4630 1279 4679 καὶ⁵
1329 4629 1422 4680 τὸν
1454 4628 1580 4680 Υἰδν
1603 4629 1685 4680 ὅτι
1713 4630 1957 4681 πλεῖστοι

379 4722 565 4789 πηγὴν
600 4720 747 4787 ζωῆς
778 4719 1197 4789 ἐμνημόνευσαν
1229 4721 1659 4789 σημαινόμενον,
1692 4722 1774 4772 ὅτι
1806 4722 1958 4789 παρὰ

380 4817 487 4874 σοὶ,
520 4812 676 4880 φησὶ,
704 4808 803 4862 Θεὲ
835 4811 1240 4880 παντοδύναμε,
1275 4814 1303 4863 6
1332 4812 1461 4873 Υἱός
1496 4829 1591 4863 σου
1618 4812 1774 4882 πηγὴ
1806 4811 1955 4881 ζωῆς

380 4904 519 4967 ἐστι,
535 4903 779 4953 τουτέστι
803 4902 954 4972 πηγὴ
971 4901 1063 4952 τοῦ
1084 4902 1243 4968 ἁγίου
1268 4901 1604 4970 Πνεύματος’
1627 4904 1708 4955 ὅτι
1730 4904 1957 4970 Πνεῦμα

380 4993 494 5062 ζωή
530 4995 668 5056 ἐστι,
698 4993 885 5056 καθὼς
916 4995 943 5046 6
976 4993 1179 5064 Κύριος
1211 4995 1345 5063 φησί
1371 5010 1384 5022 ·
1416 4995 1489 5048 Τὰ
1509 4993 1753 5064 ῥήματα
1783 4994 1821 5049 d
1846 4996 1961 5063 ἐγὼ

379 5085 665 5151 ἐλάλησα
711 5085 875 5155 ὑμῖν,
907 5085 1148 5153 πνεῦμά
1199 5089 1319 5139 εισι
1359 5086 1456 5139 καὶ
1493 5084 1628 5154 ζωή.
1690 5072 1798 5141 Καὶ
1851 5092 1959 5158 γὰρ

382 5176 516 5226 ὃπου
550 5179 610 5226 τὸ
644 5174 892 5245 πνεῦμα,
939 5177 1033 5230 καὶ
1080 5178 1231 5246 ζωή·
1278 5178 1372 5230 καὶ
1415 5180 1549 5231 ὅπου
1596 5180 1732 5249 ζωὴ,
1777 5180 1961 5233 καὶτὸ

382 5262 610 5332 Πνεῦμα
642 5264 704 5316 τὸ
752 5264 909 5331 ἅγιόν
966 5267 1100 5319 ἐστι.
1148 5266 1343 5319 Πολλοὶ
1402 5269 1587 5336 μέντοι
1620 5272 1677 5320 ὲν
1708 5270 1839 5337 τῷδε
1883 5271 1959 5339 τῷ

381 5355 568 5425 χωρίῳ
599 5359 692 5409 τὸν
722 5358 941 5427 Πατέρα
977 5357 1257 5426 βούλονται
1293 5360 1455 5429 μόνον
1485 5364 1955 5430 πηγὴνσημχίνε-

382 5451 532 5515 σθαι,
559 5453 764 5522 καίπερ
788 5451 1021 5521 ὁρῶντες
1046 5453 1097 5505 τί
1122 5453 1434 5525 ὑπέμνησεν
1461 5458 1493 5525 ἡ
1530 5455 1719 5525 Γραρή
1743 5472 1755 5483 ⁸
1788 5459 1899 5523 [qu
1917 5457 1953 5509 ἀ

457 5590 502 5621 ²¹
544 5591 687 5645 Psal.
726 5607 887 5654 xxxv,
933 5591 1017 5646 l0.
1127 5592 1171 5622 ³³
1202 5592 1403 5649 Jrretn.
1438 5611 1498 5659 tt,
1542 5597 1625 5650 l3.

1733 5600 1776 5630 ³⁸
1820 5599 1976 5655 Juan.

456 5705 567 5776 (Π)
597 5705 727 5777 Cap.
751 5708 784 5759 ξ).
810 5707 883 5760 De
918 5709 1106 5762 dit'ittis
1142 5711 1461 5765 nominibus.

2068 3154 2333 3211 Dominus
2370 3156 2423 3210 in
2459 3155 2750 3226 Evangelio
2785 3175 2799 3212 :
2828 3157 2933 3223 Qui
2962 3158 3149 3211 biberit
3192 3173 3255 3210 ea:
3296 3174 3455 3221 aqua,
3485 3172 3649 3233 quam

2067 3268 2159 3318 ego
2194 3249 2331 3302 dabo
2382 3250 2471 3312 ei,
2517 3252 2740 3319 ﬂumina
2790 3252 2855 3303 de
2903 3264 3085 3304 ventre
3124 3252 3239 3319 ejus
3284 3253 3446 3320 ﬂuent
3493 3266 3646 3318 aqua!

2067 3343 2193 3396 vivte
2220 3341 2296 3406 ";
2340 3343 2445 3398 hoc
2475 3352 2656 3397 autent
2699 3343 2915 3396 dicebat
2960 3344 3026 3397 tle
3068 3343 3312 3409 Spiritu,
3344 3358 3503 3412 quem
3552 3359 3643 3398 ac—

2066 3435 2277 3503 cepturi
2309 3446 2468 3488 erant
2498 3435 2784 3490 credentes
2815 3437 2866 3487 in
2894 3451 3041 3487 eum.
3068 3436 3323 3502 Per‘qttae
3360 3436 3646 3491 manifesto

2066 3525 2246 3591 docet,
2297 3525 2493 3580 Filium
2548 3544 2670 3582 esse
2725 3527 2941 3581 fontem.
2979 3536 3130 3591 aquae
3182 3526 3339 3590 vivae,
3391 3529 3645 3583 videlicet

2069 3606 2328 3686 Spiritus.
2364 3623 2527 3675 Attrei
2556 3637 2777 3690 quoque
2809 3620 2923 3674 oris
2953 3618 3111 3674 Pater
3160 3636 3417 3677 sermone
3459 3624 3513 3677 in
3543 3639 3642 3678 sa-

2065 3723 2407 3766 cramentum
2436 3714 2716 3782 baptismi,
2747 3714 2910 3781 cujus
2946 3706 3160 3769 initium
3193 3733 3206 3768 :
3242 3714 3455 3771 Rursus
3488 3718 3644 3770 noltis

2066 3804 2211 3857 lieati
2247 3803 2414 3859 David
2450 3806 2716 3874 spiritalis
2747 3808 2987 3871 cithara,
3063 3807 3355 3878 Propterea
3378 3850 3393 3875 ,
3434 3809 3641 3879 inquit,

2067 3894 2320 3951 Salvator
2373 3898 2617 3952 ostendit
2668 3912 2729 3953 se
2778 3898 2985 3953 fontem
3043 3900 3203 3965 vitae,
3265 3912 3321 3957 et
3367 3903 3639 3957 viventem

2066 4004 2264 4057 aquam
2297 4003 2418 4046 esse
2450 3990 2715 4060 Spiritum
2748 4002 3024 4048 sanctum.
3053 3992 3319 4061 Similiter
3341 4004 3395 4049 et
3416 4007 3638 4050 sanctus

2067 4082 2418 4147 Ambrosius,
2444 4083 2584 4137 libro
2607 4084 2782 4150 primo
2805 4085 2871 4138 ad
2890 4085 3212 4140 Gratianum
3237 4088 3640 4157 imperatorem,

2065 4174 2240 4241 capite
2278 4173 2492 4228 decimo
2529 4177 2985 4243 oetavo:ltaque,
3021 4178 3222 4247 inquit,
3249 4180 3390 4234 sicut
3415 4182 3640 4235 verbum

2066 4266 2190 4320 vita:
2220 4267 2328 4319 vita
2360 4278 2467 4328 est,
2501 4268 2573 4320 ita
2607 4256 2662 4321 et
2708 4271 2828 4323 vitae
2866 4268 3124 4339 Spiritus,
3161 4273 3271 4326 vita
3305 4284 3408 4328 est.
3444 4275 3645 4341 Act-ipe

2066 4373 2232 4417 nunc.
2265 4358 2392 4426 quia
2429 4359 2571 4413 sicut
2596 4359 2757 4414 Pater
2787 4360 2911 4415 l’ons
2943 4364 3066 4415 vitae
3102 4374 3187 4417 est
3210 4406 3225 4428 ,
3262 4366 3332 4418 ita
3365 4366 3527 4418 etiam
3554 4364 3644 4419 Fi~

2067 4448 2199 4502 lium
2244 4449 2496 4517 plerique
2542 4450 2744 4505 fontem
2795 4453 2918 4506 vitae
2966 4465 3342 4508 metnorarunt
3374 4456 3641 4520 signiﬁca-

2068 4552 2205 4605 tum,
2234 4557 2299 4596 eo
2329 4544 2471 4612 quod
2518 4545 2659 4611 apud
2697 4557 2765 4606 te,
2806 4545 3003 4613 inquit,
3054 4547 3196 4599 Deus
3247 4548 3600 4618 omnipotens
3629 4591 3641 4609 ,

2069 4633 2242 4688 Filius
2283 4641 2411 4689 tuus
2452 4635 2574 4689 fons
2608 4634 2729 4687 vitm
2773 4637 2845 4689 sit
2870 4676 2883 4697 ,
2921 4640 3021 4690 hoc
3061 4645 3183 4697 est.
3239 4639 3360 4694 fons
3402 4641 3640 4708 Spiritus

2071 4727 2288 4785 sancti:
2331 4727 2458 4796 quia
2499 4728 2739 4794 Spiritus
2780 4730 2887 4783 vita
2912 4739 3018 4795 est,
3044 4732 3184 4785 sicut
3221 4730 3485 4786 Dominus
3519 4734 3592 4787 ait
3628 4753 3639 4786 :

2077 4817 2247 4872 Verba
2278 4835 2393 4888 qua:
2437 4836 2531 4890 ego
2579 4819 2787 4874 locutus
2836 4838 2950 4874 sum
2985 4822 3148 4885 vobis,
3181 4823 3397 4890 spiritus
3443 4834 3493 4876 et
3533 4825 3644 4877 vita

2069 4923 2190 4965 sunt
2216 4912 2282 4964 ³⁸.
2307 4912 2443 4977 Quia
2475 4913 2563 4965 ubi
2596 4913 2845 4981 spiritus,
2870 4923 2921 4966 et
2946 4916 3093 4978 vita;
3120 4924 3179 4968 et
3201 4914 3289 4969 ubi
3320 4915 3452 4978 vita,
3477 4917 3639 4971 etiam

2067 5004 2304 5071 Spiritus
2334 5015 2580 5059 sanctus.
2612 5005 2866 5075 Plerique
2907 5015 3085 5059 tamen
3125 5008 3229 5060 hoc
3268 5007 3389 5061 loco
3420 5005 3639 5061 Patrem

2067 5094 2256 5148 volunt
2313 5098 2694 5149 tantummodo
2745 5096 2951 5151 fantem
3004 5098 3414 5167 signiﬁcatum,
3463 5115 3638 5167 quan-

2063 5200 2228 5253 quam
2264 5185 2514 5239 videatur
2544 5188 2687 5251 quod
2719 5187 3001 5255 Scriptura
3028 5190 3415 5243 memoraverit
3445 5207 3457 5240 :
3487 5192 3637 5258 Apud

2064 5286 2137 5340 te,
2176 5274 2376 5343 inquit,
2407 5278 2525 5343 fons
2554 5279 2709 5338 oitw;
2751 5281 2851 5333 hoc
2889 5289 2971 5333 est
3004 5280 3147 5350 apud
3182 5280 3395 5335 Patrem
3431 5280 3636 5342 Ftlius;

2066 5368 2327 5436 quoniam
2365 5367 2597 5423 Verbum
2628 5371 2768 5438 apud
2812 5368 3003 5436 Deum,
3036 5372 3177 5439 quod
3219 5380 3336 5425 crat
3386 5371 3439 5423 in
3492 5370 3637 5438 prin-

2067 5461 2231 5529 cip‘o,
2266 5469 2319 5512 et
2352 5470 2470 5514 erat
2518 5462 2661 5529 apud
2705 5459 2912 5527 Deum;
2954 5463 3047 5516 sed
3090 5464 3205 5517 sive
3250 5462 3463 5513 Patrem
3513 5463 3636 5527 quis

2033 5619 2103 5658 γιι
2171 5604 2262 5657 53.
2347 5602 2389 5634 ³⁸
2422 5601 2582 5657 Joan.
2620 5618 2692 5671 vt,
2730 5602 2820 5658 64.
