4112 6274
434 283 537 348 175

1363 277 1746 342 GBEGORII
1781 279 2082 344 MAMM/E
2117 283 2222 345 ΟΡ.
2252 281 2764 346 PATRIARCH/E

3594 282 3617 348 ἰ
3629 281 3702 348 ἶϐ-

424 402 530 455 hoc
562 401 704 464 loco,
730 399 846 456 sive
879 401 1076 456 Filium
1109 398 1377 472 intelligat
1406 400 1638 466 fontem,
1669 400 1872 456 fontem
1897 390 2004 457 uti-

2113 403 2209 458 σοι
2253 403 2417 472 πηγὴ
2468 402 2617 471 ζωῆς
2665 404 2798 455 ἐστι
2825 418 2838 432 ·
2872 402 3124 456 τουτέστι
3159 400 3311 470 παρὰ
3339 399 3417 470 τῷ
3463 399 3636 471 Πατρῐ
3673 408 3702 455 ὁ

423 507 528 559 que
562 491 920 573 intelligimus
950 508 1057 547 non
1095 507 1250 562 aqua:
1279 493 1442 548 istius
1461 509 1584 563 quae
1611 505 1865 549 creatura
1897 503 2007 557 est,

421 584 512 636 sed
559 583 759 638 divine
798 584 942 640 illius
972 585 1163 654 gratia:
1188 625 1202 649 ,
1237 585 1340 640 hoc
1373 598 1458 640 est
1508 585 1748 654 Spiritus
1787 589 1962 643 sancti
1991 607 2004 654 ;

423 674 540 743 ipse
571 684 652 730 est
692 677 836 730 enim
868 691 1008 746 aqua
1045 679 1194 732 viva.
1232 681 1297 733 Et
1343 677 1638 748 Gregorius
1671 679 2006 750 Theologus,

419 778 543 821 orat
569 783 677 823 one
703 768 756 822 in
786 769 1076 838 Spiritum,
1111 786 1230 840 qua!
1262 771 1456 840 incipit
1492 791 1505 828 :
1543 773 1606 825 Et
1635 774 1750 827 hinc
1788 774 2008 842 quidem

421 859 487 910 de
518 857 656 914 Filio
689 861 834 915 dicta
870 861 1005 924 sint,
1075 864 1303 916 Oculum
1332 902 1347 927 ,
1389 863 1606 932 inquit,
1635 873 1688 918 et
1719 861 1923 918 fontem
1957 873 2012 916 et

422 951 653 1004 ﬂuvium
685 963 870 1006 mente
905 953 1277 1022 apprehendi;
1313 970 1436 1008 nam
1475 955 1578 1009 hoc
1618 957 1758 1009 idem
1803 966 1856 1008 ct
1887 957 2010 1010 aiiis

422 1045 474 1096 in
525 1055 762 1100 mentem
810 1048 976 1100 venit.
1018 1046 1075 1101 Si
1117 1061 1249 1116 ergo
1294 1048 1427 1113 quia
1484 1048 1751 1109 dicimus,
1806 1045 2008 1100 Filium

421 1152 546 1191 esse
579 1137 834 1206 Spiritus
885 1139 1060 1193 sancti
1096 1139 1301 1192 fontem
1337 1139 1405 1192 de
1437 1137 1607 1200 fonte,
1642 1139 1743 1192 hoc
1773 1149 1856 1190 est
1894 1140 2011 1206 ipso

420 1229 602 1295 Patre,
639 1233 942 1285 secundum
977 1233 1140 1285 hosce
1171 1231 1390 1286 divinos
1424 1240 1760 1299 sanctosque
1795 1229 2008 1294 Patres;

420 1327 540 1382 ideo
572 1324 862 1393 Spiritum,
915 1331 972 1375 ut
1002 1322 1284 1376 contendit
1328 1324 1442 1390 ipse
1468 1363 1482 1384 ,
1519 1335 1548 1374 a
1583 1321 1786 1374 deitate
1820 1314 2006 1374 exciu-

356 1420 362 1426 ’
418 1421 628 1484 diuius;
655 1428 804 1472 certe
833 1419 950 1485 ipse
981 1431 1198 1485 quoque
1224 1413 1423 1468 Filium
1447 1430 1476 1467 a
1500 1413 1706 1466 deitate
1731 1413 2006 1474 excludet,

421 1527 490 1568 eo
518 1512 663 1581 quod
722 1510 876 1564 solus
925 1509 1084 1562 Pater
1123 1507 1195 1560 sit
1253 1505 1374 1558 Filii
1430 1513 1480 1556 et
1544 1501 1786 1572 Spiritus
1837 1501 2009 1554 sancti

419 1606 562 1659 fons.
614 1603 720 1657 Sed
772 1599 1231 1670 quemadmodum
1289 1597 1406 1666 ipse
1444 1595 1545 1648 hoc
1599 1603 1656 1646 ut
1707 1593 2008 1646 absurdum

420 1696 719 1764 negaverit,
750 1697 822 1748 ita
855 1693 1023 1746 multo
1059 1695 1239 1760 aptius
1269 1690 1560 1756 veriusque
1590 1687 1734 1740 idem
1763 1688 1827 1738 de
1852 1685 2009 1737 nobis

2116 497 2280 560 Υἰός·
2315 499 2452 550 ὅτιὸ
2485 497 2656 565 Λόγος
2693 496 2832 567 πρὸς
2880 498 2972 548 τδν
3023 495 3178 559 Θεὸν,
3231 494 3292 557 ὃς
3334 488 3402 564 ἦν
3436 494 3494 546 ἒν
3529 497 3698 563 ἀρχῇ.

2112 589 2206 642 καὶ
2237 583 2303 658 ἦν
2341 589 2476 654 πρὸς
2508 588 2598 640 τὸν
2637 587 2788 640 Θείν.
2808 585 2948 639 Ἀλλ’
2980 586 3090 638 εἴτε
3126 585 3218 638 τὸν
3250 584 3469 652 Πατέρα
3505 587 3562 637 ἐν
3587 585 3695 653 τῷ·

2113 682 2168 733 δέ
2199 698 2283 743 τις
2307 680 2382 749 τῷ
2416 681 2622 750 χωρίῳ,
2651 681 2762 731 εἴτε
2794 679 2887 732 τὸν
2930 679 3057 730 Υἰδν
3090 676 3235 746 νοοίη
3275 673 3479 746 πηγὴν,
3514 679 3702 746 πηγὴν

2116 775 2335 835 πάντως
2366 772 2600 836 νοοῦμεν
2645 774 2705 824 οὐ
2762 773 2955 824 τούτου
2986 771 3078 824 τοῦ
3108 771 3325 834 ὓδατος,
3356 772 3492 840 ὅπερ
3521 771 3698 832 κτίσις

2114 867 2282 929 ἐστὶν,
2312 865 2447 918 ἀλλὰ
2488 867 2583 931 τῆς
2624 865 2774 925 Θείας
2819 867 3034 932 ἐκείνης
3075 865 3318 933 χάριτος,
3353 863 3561 932 δηλαδὴ
3597 863 3697 915 τοῦ

2094 941 2275 1025 ⁶ἁγίου
2313 959 2633 1028 Πνεῦματος
2655 975 2668 989 °
2701 957 2832 1010 αὐτὸ
2889 958 2995 1025 γάρ
3047 959 3163 1008 ἐστι
3195 956 3255 1008 τὸ
3296 956 3444 1025 ὕδωρ
3477 958 3535 1008 τὸ
3564 956 3698 1020 ζῶν.

2113 1049 2224 1107 Καὶ
2257 1050 2556 1119 Γρηγόριος
2590 1049 2644 1102 δὲ
2675 1049 2702 1100 6
2736 1049 2998 1116 Θεολόγος
3023 1050 3080 1100 δν
3123 1047 3201 1117 τῷ
3235 1049 3378 1115 Περί
3427 1049 3700 1116 Πνεῦμα-ι

2113 1161 2215 1207 τος
2245 1143 2412 1212 λόγῳ,
2445 1141 2504 1194 οὗ
2538 1144 2570 1211 ἡ
2602 1142 2768 1211 ἁρχὴ.
2817 1141 2878 1192 Ὀ
2925 1141 3025 1209 μὲν
3057 1140 3120 1207 δὴ
3164 1141 3292 1208 περὶ
3319 1138 3414 1192 τοῦ
3451 1138 3584 1192 Υίοῦ
3613 1139 3702 1191 λδ·-

2114 1253 2210 1300 γος
2262 1236 2528 1296 τοιοῦτος,
2563 1235 2769 1304 φησιν’
2820 1233 3128 1300 Ὀφθαλμὸν
3181 1246 3304 1284 τινα
3357 1233 3452 1283 καί
3511 1231 3698 1301 πηγὴν

2111 1327 2210 1379 καὶ
2263 1323 2512 1394 ποταμὸν
2561 1326 2846 1392 ἐνενόησα,
2887 1323 3116 1393 καὶγὰρ
3152 1323 3246 1375 xa‘t
3304 1321 3477 1377 ἄλλοι.
3513 1323 3574 1376 Εἰ
3602 1323 3698 1376 οὖν

2112 1419 2247 1471 διότι
2271 1418 2524 1487 λέγομεν,
2561 1417 2645 1470 δτι
2677 1415 2829 1486 πηγὴ
2855 1417 2884 1468 δ
2904 1415 3030 1479 Υἱὸς
3060 1414 3155 1467 τοῦ
3187 1414 3343 1480 ἁγίου
3378 1403 3696 1484 Πνεύματος

2115 1509 2178 1560 ὲκ
2223 1508 2407 1576 πηγῆς
2439 1507 2532 1560 τοῦ
2572 1507 2784 1576 Πατρδς
2831 1508 2974 1559 κατὰ
3022 1507 3148 1566 τοὺς
3181 1506 3360 1574 ἰεροὺς
3393 1507 3488 1560 καὶ
3516 1505 3696 1569 Θείους

2114 1598 2342 1660 τούτους
2375 1597 2648 1667 Πατέρας,
2673 1596 3012 1665 ἐκϐάλλομεν
3039 1597 3173 1650 αὐτὸ
3197 1599 3293 1666 τῆς
3317 1598 3594 1667 Θεότητος,
3621 1597 3697 1660 ὡς

2112 1691 2276 1752 αὐτὸς
2309 1689 2735 1759 διισχυρίζεται,
2765 1690 2984 1751 πάντως
3027 1690 3094 1742 ἂν
3124 1691 3220 1742 καὶ
3245 1690 3406 1752 αὐτὸς
3437 1689 3694 1741 ἐκϐάλλοι

421 1744 715 1854 ίιιῖίξιιὶεθι.
753 1784 1045 1838 Credimus
1095 1744 1244 1834 enim
1298 1780 1350 1832 in
1395 1778 1720 1858 Trinitatem
1756 1775 2001 1845 ejusdem

2113 1781 2202 1834 τὸν
2232 1744 2358 1833 in»
2400 1744 2507 1850 τὶς.
2530 1744 2787 1849 Θεότητος
2835 1781 2929 1834 διὰ
2959 1744 3020 1834 τὸ
3046 1781 3136 1834 τὸν
3170 1744 3404 1851 Πατέρα⁷
3421 1781 3582 1850 μόνον
3612 1775 3694 1832 εἴ·

419 1877 711 1938 essentian,
768 1875 1024 1944 petentia:
1073 1884 1126 1928 et
1169 1875 1414 1937 deitatis,
1451 1885 1765 1940 quanquam
1806 1869 2005 1937 injuria

422 1972 563 2024 sicut
588 1969 642 2022 in
677 1969 820 2032 aliis,
860 1969 960 2020 hac
987 1965 1151 2019 etiam
1187 1964 1240 2017 in
1277 1979 1334 2018 re
1362 1963 1525 2016 nobis
1562 1964 1861 2015 obtrectat.

2110 1890 2201 1926 ναι
2236 1873 2420 1942 πηγὴν
2452 1872 2546 1926 τοῦ
2577 1871 2715 1924 Υἰοῦ
2746 1876 2840 1925 καὶ
2865 1873 2959 1926 τοῦ
2985 1872 3143 1941 ἁγίου
3174 1873 3510 1942 Πνεύματος.
3543 1871 3693 1924 Ἀλλ’

2111 1967 2253 2033 ὅπερ
2299 1964 2366 2016 ἂν
2416 1964 2581 2026 αὐτὸς
2628 1963 2704 2026 ὡς
2752 1963 2953 2016 ἄτοπον
2986 1965 3266 2034 ἐκφεύγοι,
3295 1962 3452 2016 τοῦτο
3485 1955 3691 2033 μᾶλλὸν

420 2061 596 2124 καλῶς
622 2061 716 2111 καὶ
743 2057 956 2126 ἀληθῶς
977 2057 1067 2108 καὶ
1101 2057 1228 2123 περί
1250 2055 1408 2124 ἡμῶν
1431 2055 1622 2107 νοείτω
1643 2069 1656 2081 ·
1687 2056 1765 2115 εἰς
1789 2052 1998 2120 Τριάόα
2041 2056 2150 2124 γὰρ
2180 2055 2513 2124 πιστεύομεν
2545 2054 2832 2124 ὁμοούσιον
2863 2055 2952 2107 καί
2985 2057 3330 2126 ὀμοδῦναμον
3400 2058 3492 2110 καὶ
3552 2055 3688 2110 Θεδν

419 2155 540 2221 ἱνα,
571 2155 621 2207 ιι
652 2154 746 2206 καὶ
771 2152 968 2216 ἀδίκως
993 2153 1142 2220 ἡμᾶς
1174 2151 1268 2203 καὶ
1289 2155 1346 2202 ὲν
1381 2149 1557 2219 τούτῳ
1578 2149 1655 2212 ὡς
1682 2151 1776 2202 καί
1803 2150 1860 2200 ἰν
1885 2153 1996 2213 τοῖς
2036 2149 2221 2215 ἄλλοις
2247 2150 2523 2222 διασύρει.

1085 2244 1330 2300 EPHES.
1397 2251 1403 2257 '

493 2341 561 2400 Et
616 2358 715 2398 nos
775 2341 994 2410 quidem
1015 2353 1137 2391 cum
1169 2336 1431 2407 Gregorio
1472 2337 1816 2389 Nazianzeno
1842 2341 1886 2406 -ιο
1912 2333 2002 2388 Fi-

420 2435 554 2489 lium
607 2447 635 2485 a
673 2431 835 2485 Patre
887 2429 1211 2484 causalitate
1256 2427 1686 2494 distinguimus;
1733 2424 1823 2479 isti
1877 2438 2004 2478 vero

421 2540 549 2580 cum
578 2522 789 2578 Latinis
823 2521 1147 2575 causalitate
1180 2518 1300 2572 illos
1335 2516 1697 2586 coniungunt.

1138 2693 1338 2748 RESP.
1420 2720 1421 2723 η

493 2792 893 2863 Coniungimus
919 2789 1136 2843 Patrem
1170 2796 1225 2840 et
1247 2786 1442 2839 Filium
1471 2793 1667 2838 natura
1699 2793 1755 2837 et
1803 2782 2008 2838 deitate

421 2897 485 2942 ut
514 2885 732 2940 Patrem
763 2891 816 2937 et
843 2881 1064 2939 Filium,
1121 2893 1230 2933 non
1261 2877 1602 2930 causalitate.
1641 2875 1893 2945 Alioquin
1944 2890 2008 2929 ex

421 2976 607 3034 verbis
637 2975 756 3030 suis
789 2974 905 3041 ipse
964 2985 1182 3040 quoque
1211 2969 1507 3038 conjunget
1541 2968 1738 3022 Filium
1801 2976 1854 3022 et
1888 2967 2014 3037 Spi-

425 3072 592 3126 ritum
626 3076 901 3130 sanctum,
938 3079 1064 3118 cum
1097 3066 1168 3116 sit
1198 3075 1252 3116 et
1285 3064 1503 3116 dicatur
1556 3072 1784 3132 uterque
1813 3076 2010 3115 causa-

425 3175 533 3218 tus.
577 3160 759 3216 Unum
818 3168 925 3222 est,
976 3156 1198 3225 obloqui
1239 3155 1353 3208 vult
1381 3193 1396 3215 ,
1429 3164 1481 3207 et
1540 3169 1736 3208 causas
1778 3154 2010 3208 rimatur

425 3268 786 3326 quascunque
813 3251 945 3314 vult,
977 3250 1088 3303 imo
1112 3264 1240 3302 vero
1266 3262 1626 3318 quascunque
1655 3248 1828 3317 ﬁngit.
1860 3247 2004 3312 Qua-

427 3361 486 3400 re
517 3345 584 3399 ad
619 3345 799 3398 minus
836 3342 1150 3397 necessaria
1187 3341 1373 3395 multis
1435 3339 2004 3395 demonstrationibus

427 3450 533 3496 non
566 3433 899 3504 indigemus.

501 3528 542 3599 1-
571 3523 716 3581 Idem
751 3527 854 3580 iste
910 3532 1101 3580 auctor
1132 3523 1428 3591 Gregorius
1478 3521 1918 3592 protosyncellus
1951 3521 2005 3576 in

425 3621 794 3690 reSponsione
831 3616 898 3672 ad
929 3615 1337 3671 confessionem
1365 3614 1530 3670 Marci
1564 3613 1806 3684 Ephesii,
1831 3613 2005 3668 eidem

428 3712 607 3768 Marco
630 3713 744 3766 haec
777 3711 966 3765 eadem
985 3708 1262 3778 obiicienti
1290 3709 1370 3762 sic
1405 3707 1733 3777 respondet:
1774 3707 2010 3761 Nazian-

426 3819 598 3860 zenus
644 3818 774 3858 vero
835 3802 926 3856 ubi
975 3801 1114 3855 dixit
1150 3816 1166 3854 :
1202 3798 1396 3854 Omnia
1426 3814 1548 3868 qua:
1610 3797 1772 3851 Pater
1816 3797 2005 3861 habet,

427 3905 557 3950 sunt
596 3895 715 3948 Filii
769 3902 968 3961 praeter
1005 3907 1258 3955 causam,
1321 3891 1508 3943 intulit
1544 3907 1557 3942 :
1599 3888 1797 3942 Omnia
1853 3904 2005 3955 vero,

425 4002 548 4056 qua:
577 3984 753 4038 Filius
779 3983 962 4048 liabet,
994 3990 1126 4036 sunt
1145 3981 1407 4050 Spiritus,
1429 3989 1628 4050 praeter
1662 3980 2005 4033 tlliationem:

425 4089 653 4130 causam
711 4072 902 4126 dicens
934 4072 1147 4125 ratione
1206 4068 1604 4140 generationis,
1671 4078 1733 4122 ut
1779 4069 2010 4137 ipsemet

426 4167 661 4238 explicat
690 4166 943 4219 oratione
973 4163 1150 4234 prima
1186 4161 1552 4232 De‘tlteologia
1586 4179 1600 4218 :
1634 4162 1808 4217 Filius
1837 4163 2006 4230 enim,

427 4258 626 4328 inquit,
652 4255 922 4326 siquidem
964 4263 1024 4308 ut
1060 4269 1284 4309 causam
1340 4254 1582 4324 accipias
1619 4254 1857 4319 Patrem,
1895 4271 2006 4310 non

428 4358 515 4404 est
575 4347 694 4401 sine
750 4345 1066 4415 principio:
1113 4357 1241 4397 nam
1301 4341 1466 4399 Pater
1517 4355 1603 4398 est
1655 4344 2008 4414 principium,

432 4447 616 4510 utpote
661 4454 849 4494 causa.
882 4437 1070 4508 itaque
1093 4444 1477 4507 argumentum
1513 4435 1730 4505 Ephesii
1760 4437 2009 4507 aequiso-

431 4533 649 4588 catione
679 4531 918 4586 laborat.

1093 4621 1338 4679 EPHES.

499 4716 567 4772 Et
606 4732 706 4772 nos
736 4715 958 4787 quidem
1001 4731 1126 4768 cum
1165 4715 1467 4769 venerabili
1517 4714 1755 4767 Maximo
1807 4723 1860 4767 et
1889 4714 2012 4767 illo-

425 4825 549 4864 rum
573 4817 882 4878 temporum
913 4806 1194 4870 Romanis,
1229 4814 1280 4859 et
1321 4819 1446 4858 eum
1476 4803 1728 4860 Patribus
1753 4805 2011 4858 occiden-

425 4902 629 4957 talibus
688 4897 889 4957 Filium
953 4911 1062 4951 non
1125 4895 1423 4950 statuimus
1475 4909 1700 4950 causam
1767 4894 2008 4963 Spiritus

425 4993 622 5048 sancti.
659 4991 750 5046 Isti
782 5004 913 5044 vero
937 4989 1134 5043 Filium
1170 4987 1478 5041 secundum
1503 4986 1726 5042 ercos
1755 5003 2005 5051 causam,

424 5087 727 5140 secundum
767 5082 991 5137 Latinos
1045 5080 1372 5150 principium
1426 5080 1661 5150 Spiritus
1727 5083 1778 5134 in
1817 5083 2010 5136 deﬁni-

427 5181 598 5244 tione,
635 5192 733 5231 seu
792 5176 975 5245 potius
1013 5173 1413 5236 deformatione
1446 5188 1544 5228 sua
1607 5177 2002 5242 pronuntiant:

426 5267 746 5323 honoranda
773 5267 978 5337 quippe
1013 5277 1097 5320 est
1125 5280 1154 5319 a
1190 5265 1350 5320 nobis
1386 5267 1486 5319 hoc
1517 5268 1758 5332 ιιοιυίιιο,
1791 5282 1914 5321 cum
1948 5278 2003 5320 et

427 5357 742 5412 formidinis
776 5356 919 5426 pleni
957 5355 1351 5423 subscriptioni
1385 5355 1506 5423 ejus
1548 5371 1834 5410 assensum
1871 5371 2008 5425 prte-

426 5451 663 5508 buerint.

1113 5537 1312 5592 RESP.

496 5633 734 5690 Debebat
759 5649 895 5690 sane
921 5632 1004 5687 vir
1035 5630 1526 5704 praestantissimis
1554 5631 1821 5701 integram
1887 5633 2006 5701 epi-

423 5725 578 5784 itolte
609 5731 817 5794 partem
866 5738 1166 5793 exponere,
1205 5737 1326 5792 qua:
1362 5722 1469 5776 huc
1515 5732 1767 5792 spectat;
1805 5728 1857 5776 et
1899 5737 2006 5776 non

2805 2245 2996 2302 ΕΦΕΣ.

2182 2339 2290 2392 Καὶ
2326 2340 2486 2409 ἡμεῖς
2518 2337 2616 2407 μὲν
2645 2339 2781 2408 μετὰ
2818 2341 2912 2390 τοῦ
2939 2337 3202 2405 Θεολὸγου
3235 2337 3532 2408 Γρηγορίου
3559 2338 3598 2410 ’ᾕ-
3626 2341 3694 2410 τῇ

2111 2431 2264 2500 αἰτίᾳ
2313 2429 2670 2498 διακρίνομεν
2721 2428 2817 2480 τοῦ
2869 2427 3002 2480 Υίοῦ
3034 2429 3125 2480 τὸν
3163 2429 3417 2497 Πατέρα.⁹
3457 2428 3606 2480 οὗτοι
3636 2429 3696 2482 δὲ

2115 2521 2254 2590 μετὰ
2306 2520 2417 2572 τῶν
2462 2519 2709 2573 Λατίνων
2759 2521 2826 2589 τῇ
2882 2519 3033 2589 αἰτίᾳ
3088 2519 3312 2580 τούτους
3377 2519 3695 2572 συνάπτου-

2111 2626 2217 2665 σιν.

2403 2752 2406 2753 ,
2777 2701 2982 2756 ΑΠΟΛ.

2181 2793 2537 2862 Συνάπτομεν
2572 2792 2660 2844 τὸν
2703 2791 2926 2862 Πατέρα
2968 2793 3064 2846 καὶ
3113 2793 3207 2846 τὸν
3253 2795 3380 2847 Υίὸν
3417 2798 3481 2865 τῇ
3515 2793 3690 2864 φύσει

2115 2886 2213 2937 καὶ
2246 2885 2466 2956 θεότητι
2497 2887 2570 2948 ὼς
2603 2887 2823 2958 Πατέρα
2857 2889 2952 2939 καὶ
2991 2887 3136 2950 Υἰὸν,
3190 2887 3251 2940 οὐ
3298 2890 3363 2957 τῇ
3420 2889 3591 2960 αἰτία.
3627 2890 3696 2944 Et

2117 2974 2162 3028 δ’
2194 2975 2269 3038 ὥς
2301 2976 2462 3038 αὐτὸς
2502 2976 2650 3044 λέγει
2677 3019 2690 3042 ,
2733 2976 2965 3046 συνάψει
3003 2977 3098 3030 καὶ
3124 2979 3286 3042 αὐτος
3319 2981 3411 3033 τὸν
3442 2979 3569 3032 Υἰδν
3599 2986 3699 3036 καὶ

2117 3061 2178 3116 τὸ
2208 3062 2458 3134 Πνεῦμα,
2491 3065 2580 3120 διὰ
2631 3066 2693 3117 τὸ
2742 3067 2912 3135 ἄμφω
2947 3067 3168 3121 αίτιατὰ
3223 3065 3359 3122 εἶναι
3413 3072 3507 3124 καὶ
3541 3069 3698 3142 λέγε-

2119 3156 2264 3209 σθαι.
2313 3157 2406 3208 Ἐν
2462 3155 2623 3227 μόνον
2677 3157 2935 3227 ὁρῶμεν,
2977 3161 3054 3211 ὅτι
3095 3159 3342 3230 βούλεται
3391 3161 3694 3232 διασύρειν,

2111 3247 2208 3299 καὶ
2245 3245 2448 3310 πολλὰς
2471 3250 2646 3300 ὲννοεῐ
2673 3249 2848 3312 αἰτίας
2877 3251 3008 3313 ὅσας
3048 3253 3144 3303 xal.
3175 3251 3454 3321 βούλεται,
3495 3257 3698 3324 μᾶλλον

2109 3338 2167 3390 δὲ
2196 3339 2330 3400 ὅσας
2363 3339 2720 3394 ἀναπλάττει.
2776 3341 2866 3393 Διὸ
2919 3342 3041 3396 οὐδὲ
3095 3343 3308 3396 πολλῶν
3349 3346 3697 3415 ’ἀποδείξεων

2109 3429 2345 3501 δεόμεθα
2377 3433 2458 3492 εἰς
2488 3433 2557 3484 τὰ
2590 3432 2665 3502 μὴ
2701 3434 3000 3501 ἀναγκαῖα.

2193 3522 2233 3593 1-
2263 3525 2435 3587 Αὐτίις
2482 3523 2636 3588 οὗτος
2703 3525 3003 3596 Γρηγόριος
3037 3527 3065 3580 ὁ
3097 3530 3584 3599 πρωτοσύγκελλος
3640 3534 3704 3588 ὲν

2111 3616 2176 3685 τῇ
2206 3616 2478 3686 ἀπολογίᾳ
2525 3617 2660 3686 πρὸς
2701 3618 2802 3687 τὴν
2834 3617 2928 3670 τοῦ
2964 3619 3191 3689 Ἐφέσου
3240 3622 3532 3690 ὁμολογίαν
3565 3623 3703 3678 duo.

2113 3708 2438 3778 κρινόμενος
2489 3709 2627 3777 πρὸς
2688 3709 2849 3762 τοῦτό
2893 3727 3081 3781 φησιν’
3131 3711 3194 3765 '0
3221 3712 3279 3765 δὲ
3319 3713 3580 3781 Θεολόγος
3617 3719 3703 3770 εί·-

2113 3801 2251 3850 πών·
2286 3800 2470 3853 Πάντα
2498 3800 2597 3852 ὅσα
2629 3800 2742 3870 ἔχει
2773 3803 2800 3854 ὁ
2830 3802 3045 3876 Πατὴρ,
3079 3802 3174 3856 τοῦ
3228 3804 3381 3870 Υἰοῦ,
3417 3805 3558 3878 πλὴν
3599 3809 3700 3878 τῆς

2112 3892 2319 3954 αἰτίας·
2359 3895 2638 3962 ἐπιφέρειο
2678 3893 2864 3947 Πάντα
2897 3894 2953 3947 δὲ
2995 3896 3098 3949 ὅσα
3147 3896 3243 3950 τοῦ
3276 3897 3430 3964 Υίοῦ,
3479 3902 3576 3954 καὶ
3603 3901 3698 3954 τοῦ

2114 3983 2456 4052 Πνεύματος,
2515 3984 2657 4056 πλὴν
2711 3986 2806 4057 τῆς
2849 3987 3136 4058 υίότητοςο
3179 3989 3362 4043 αἰτίαν
3408 3988 3584 4058 λέγων
3609 3992 3698 4044 ὲν-

2111 4075 2294 4130 ταῦθα
2331 4079 2431 4147 τὴν
2462 4077 2604 4130 κατὰ
2644 4078 2704 4130 τὸ
2758 4081 2981 4151 γεννᾷν,
3025 4080 3208 4145 καθὼς
3239 4082 3404 4147 αὐτὸς
3438 4083 3700 4155 διασαφεῐ
3753 4065 3760 4072 ’

2113 4171 2172 4222 ὲν
2199 4169 2277 4239 τῷ
2307 4169 2452 4239 λόγῳ
2481 4170 2618 4238 Περί
2657 4170 2959 4240 δόγματος
2986 4174 3086 4226 καί
3111 4175 3541 4244 καταστάσεως
3566 4177 3697 4232 ἐπι-

2111 4261 2382 4315 σκόπωνο
2423 4261 2558 4332 φησί
2591 4261 2723 4333 γάρ’
2763 4263 2823 4315 ’0
2855 4263 2912 4317 δὲ
2944 4263 3097 4332 Υἰὸς,
3135 4266 3229 4319 ἐὰν
3260 4267 3360 4336 μὲν
3406 4270 3480 4333 ὡς
3521 4268 3696 4323 αἴτιον

2109 4353 2202 4405 τδν
2260 4354 2480 4422 Πατέρα
2531 4354 2841 4426 λαμϐάνῃς,
2904 4356 3002 4408 οὐκ
3052 4357 3324 4429 ἄναρχος·
3357 4360 3499 4431 ἀρχὴ
3531 4364 3640 4432 γὰρ
3669 4364 3700 4416 ὁ

2112 4445 2302 4515 Πατὴρ
2331 4445 2499 4510 ,Υἰοῦ,
2534 4445 2610 4510 ὡς
2645 4445 2820 4511 αἴτιος
2843 4464 2859 4480 ο
2892 4449 3047 4502 οὐδὲν
3087 4450 3198 4521 ἄρα
3253 4453 3614 4524 συμπεραίνει
3667 4456 3699 4508 ὁ

2041 4559 2088 4615 υ
2130 4539 2380 4608 Ἐρέσου,
2411 4539 2709 4611 ὁμωνυμίᾳ
2739 4543 3113 4610 χρησάμενος.

2799 4632 2991 4688 ΕΦΕΣ.

2187 4725 2298 4776 Καὶ
2329 4724 2495 4794 ἡμεῖς
2529 4726 2668 4795 μετὰ
2719 4725 2816 4779 τοῦ
2864 4728 3063 4780 σεπτοῦ
3119 4729 3374 4800 Μαξίμου
3433 4734 3527 4785 καὶ
3585 4733 3696 4786 τῶν

2114 4815 2237 4867 τότε
2278 4813 2566 4884 Ῥωμαίων
2605 4817 2700 4870 καὶ
2739 4817 2849 4871 τῶν
2880 4819 3115 4872 δυτικῶν
3167 4822 3427 4891 Πατέρων
3465 4824 3526 4876 οὐ
3573 4842 3696 4878 ποι-

2114 4906 2283 4976 οῦμεν
2312 4911 2405 4959 τὸν
2431 4907 2562 4962 Υίὸν
2590 4911 2772 4962 αἰτίαν
2793 4909 2889 4963 τοῦ
2921 4911 3259 4980 Πνεύματος’
3290 4913 3436 4967 οὗτοι
3465 4915 3522 4968 δὲ
3559 4917 3698 4968 κατὰ

2123 4999 2222 5068 μὲν
2253 4999 2375 5061 τοὺς
2407 4999 2682 5068 Γραικοὺς
2722 5003 2901 5054 αἰτίαν
2926 5041 2941 5064 .
2977 5003 3119 5055 κατὰ
3167 5003 3224 5056 δὲ
3275 5007 3400 5068 τοὺς
3432 5007 3697 5069 Λατίνους

2116 5090 2294 5158 ἀρχὴν
2328 5091 2424 5143 τοῦ
2468 5091 2786 5161 Πνεύματος
2844 5093 2938 5145 τὸν
2992 5093 3122 5146 Υἰὺν
3172 5096 3231 5147 ἐν
3273 5094 3348 5164 τῷ
3375 5099 3486 5167 ὅρῳ
3515 5097 3701 5151 αὐτῶν

2116 5182 2539 5250 ἀποφαίνονται’
2575 5185 2748 5254 τιμᾷν
2786 5185 2894 5256 γὰρ
2922 5186 3085 5239 αὑτὸν
3115 5186 3259 5240 οὕτω
3301 5187 3510 5242 δίκαιον
3556 5189 3698 5256 γρά-

2119 5290 2342 5341 φοντας,
2379 5275 2500 5325 ἐπεὶ
2547 5275 2643 5327 καὶ
2704 5276 3078 5346 ὀρρωδοῦντες
3132 5279 3287 5332 αὑτοί
3341 5280 3515 5352 τούτῳ
3570 5297 3698 5333 συν-

2119 5364 2301 5417 έθεντο
3353 5371 3362 5379 ·

2852 5545 3063 5602 ΔΠΟΛ.

2194 5631 2344 5686 Ἔδει
2376 5634 2483 5706 γὰρ
2515 5635 2613 5708 τίεν
2641 5638 2825 5706 τίμιον
2876 5639 3047 5710 ἄνδρα
3087 5640 3278 5695 τοῦτον
3309 5641 3430 5696 ὅλον
3461 5639 3700 5692 ἐκθεῖναι

2115 5724 2176 5776 τὸ
2232 5725 2401 5796 μέρος
2451 5728 2552 5797 τῆς
2593 5730 2886 5800 ἐπιστολῆς
2919 5734 2979 5786 τὸ
3025 5736 3154 5805 περὶ
3199 5725 3394 5790 τούτου
3443 5735 3692 5803 φάσκον,
