4112 6274
337 415 436 478 177

1586 422 1888 483 CONTRA
1916 423 2342 490 EPHESIUM.
2685 463 2691 468 -
3396 415 3399 418 ‘
3504 431 3603 492 tri

330 543 426 594 καὶ
469 540 545 610 μὴ
585 536 647 591 τί,
692 537 791 607 μὲν
822 537 910 593 διὰ
968 536 1063 592 τοῦ
1098 536 1231 591 Υίοῦ
1269 536 1678 606 παραδραμεῖν,
1725 539 1784 590 τὸ
1823 538 1879 591 δέ
1904 555 1919 570 ο

2055 546 2182 616 llud,
2249 547 2352 603 Per
2387 546 2610 613 Filium,
2664 551 2947 619 praeterire
3006 551 3259 616 silentio;
3295 551 3416 604 illas
3474 566 3604 605 vero

333 636 448 686 Οὐκ
483 632 670 685 αἰτίαν
705 630 1000 693 ποιοῦντας
1053 631 1147 684 τδν
1206 630 1333 683 Υἰὸν
1382 631 1527 697 σφᾶς
1564 632 1764 695 αὐτοὺς
1792 631 1922 684 ἀπέ-

332 725 543 789 δειξαψ
574 724 669 777 καὶ
715 725 878 792 μόνον
918 723 1304 795 προκομίζειν.
1354 724 1496 777 Ἀλλ’
1524 726 1690 794 ἡμεῖς
1725 724 1785 776 τὸ
1811 743 1920 794 χω-

338 819 448 890 ρίον
477 821 601 872 ὃλον
649 819 984 888 ὲκθήσομεν,
1039 819 1125 871 ἵνα
1178 819 1271 874 καὶ
1306 818 1619 889 σαφεστέρα
1683 819 1923 886 γένηται

337 915 366 977 ἡ
413 912 653 981 δήλωσις
678 954 693 977 ,
725 910 991 973 ὡσαύτως
1032 912 1129 966 καὶ
1173 913 1205 980 ἡ
1235 912 1567 978 ἀπάντησις.
1598 911 1739 977 Φησὶ
1778 912 1885 981 γάρ
1906 925 1925 947 ο

336 1006 457 1057 Τῶν
487 1005 585 1058 τοῦ
621 1005 717 1058 νῦν
767 1005 1082 1072 ἁγιωτάτου
1119 1006 1321 1058 πάππα
1378 1004 1680 1057 συνοδικῶν
1725 1005 1827 1058 οὐκ
1868 1006 1927 1057 ἐν

336 1099 615 1159 τοσούτοις
652 1100 803 1161 ὅσοις
840 1097 1156 1165 γεγράφατε
1206 1098 1531 1168 κεφαλαίοις
1554 1100 1604 1151 οἰ
1644 1100 1741 1169 τῆς
1774 1098 1927 1167 βασι-

334 1191 480 1252 λίδος
512 1188 863 1251 ἐπελάϐοντο,
891 1189 1013 1244 δυσὶ
1045 1190 1101 1241 δὲ
1138 1190 1348 1257 μόνοις·
1385 1183 1461 1243 ὧν
1505 1190 1566 1243 τὸ
1601 1191 1703 1260 μὲν
1749 1191 1928 1259 ὑπάρ·

338 1301 425 1351 χει
480 1282 611 1350 περὶ
657 1281 983 1349 θεολογίας,
1041 1282 1123 1334 ὅτι
1158 1265 1241 1344 τέ,
1285 1282 1472 1351 φησὶν,
1527 1277 1721 1348 εἶπεν,
1760 1284 1930 1336 ὲκπο-

343 1375 600 1443 ρεύεσθαι
637 1377 744 1429 κάκ
774 1374 870 1429 τοῦ
929 1375 1061 1429 Υἰοῦ
1091 1375 1152 1428 τὸ
1182 1375 1412 1445 Πνεῦμα
1459 1376 1521 1427 τὸ
1553 1376 1713 1443 ἆγιον
1738 1392 1752 1407 ο
1788 1375 1847 1428 τὸ
1885 1374 1930 1427 δ’

340 1467 472 1520 ἄλλο
515 1468 646 1537 περὶ
706 1466 806 1535 τῆς
850 1466 1003 1527 θείας
1058 1468 1417 1537 σαρκώσεως.
1452 1468 1561 1520 Καὶ
1596 1468 1735 1535 μετὰ
1786 1468 1931 1519 πάνυ

344 1558 573 1627 βραχέα·
618 1560 731 1612 Καὶ
775 1559 856 1628 τῷ
902 1558 1000 1627 μὲν
1058 1557 1267 1632 πρώτῳ
1316 1560 1646 1629 συμφώνους
1681 1560 1935 1628 παρήγα-

344 1668 443 1718 γον
484 1651 715 1720 χρήσεις
766 1650 1062 1719 Ῥωμαίων
1108 1650 1372 1719 Πατὲρων
1398 1693 1413 1717 ,
1444 1651 1526 1704 ἔτι
1566 1669 1628 1718 γε
1682 1651 1789 1720 μὴν
1838 1652 1936 1703 καὶ

289 1800 296 1807 _
348 1744 624 1813 Κυρίλλου
670 1741 1089 1811 ’Δλεξανδρείας
1145 1744 1210 1796 ἐκ
1260 1745 1361 1812 τῆς
1401 1742 1751 1813 πονηθείσης
1787 1743 1936 1814 αὐτῷ

344 1834 427 1895 είς
453 1833 545 1885 τὸν
589 1832 984 1901 εὐαγγελιστὴν
1026 1833 1283 1904 Ἰωάννην
1318 1834 1475 1903 ἱερᾶς
1504 1835 1894 1903 πραγματείας
1920 1851 1933 1865 ·

345 1924 407 1988 ἐξ
456 1916 531 1977 ὧν
587 1923 649 1976 οὐ
702 1924 795 1975 τὸν
836 1924 968 1977 Υἰὸν
1005 1925 1186 1977 αἰτίαν
1226 1925 1517 1989 ποιοῦντας
1553 1925 1648 1979 τοῦ
1688 1927 1941 1991 Πνεύμα-

344 2034 441 2079 τος
474 2018 614 2084 σφᾶς
652 2017 852 2081 αὐτοὺς
886 2017 1205 2082 ἀπέδειξαν..
1247 2017 1396 2072 Μίαν
1435 2018 1544 2088 γὰρ
1582 2020 1763 2071 ἴσασιν
1808 2018 1938 2071 Υἰοῦ

348 2113 449 2166 καὶ
494 2111 812 2183 Πνεύματος
850 2113 942 2165 τὸν
984 2114 1206 2182 Πατέρα
1262 2114 1465 2179 αἰτίαν,
1497 2112 1593 2166 τοῦ
1644 2114 1742 2183 μὲν
1795 2114 1941 2167 κατὰ

347 2203 633 2272 γέννησιν,
662 2205 757 2256 τοῦ
814 2204 871 2258 δὲ
906 2203 1025 2258 κατ’
1058 2204 1391 2275 ὲκπόρευσιν
1415 2220 1429 2235 ·
1463 2205 1579 2257 ἀλλ’
1622 2206 1709 2258 ἵνα
1764 2206 1824 2257 τὸ
1873 2204 1942 2256 δι’

345 2297 519 2352 αὐτοῦ
555 2297 807 2366 προϊέναι
839 2296 1133 2365 δηλώσωσι
1164 2337 1178 2360 ,
1224 2297 1318 2350 καὶ
1373 2297 1551 2368 ταύτῃ
1589 2297 1650 2349 τὸ
1705 2298 1943 2364 συναφὲς

348 2391 451 2455 τῆς
481 2389 667 2452 οὐσίας
720 2391 815 2441 καὶ
865 2389 1297 2456 ἀπαράλλακτον
1332 2390 1785 2459 παραστήσωσιν.
1824 2391 1943 2441 Οὐκ

318 2506 319 2509 η
362 2482 477 2534 ἔδει
508 2479 606 2534 οὖν
656 2480 747 2533 τὸν
792 2481 1076 2551 αἰδέσιμον
1106 2482 1276 2549 ἄνδρα
1302 2481 1492 2535 τοῦτον
1523 2481 1704 2550 λέγειν
1735 2482 1814 2546 τὸ,
1848 2482 1944 2535 Ἐκ

355 2574 522 2640 μόνου
548 2589 563 2603 ·
610 2572 721 2627 ἰδοὺ
762 2574 873 2642 γὰρ
931 2574 1227 2640 προφανῶς
1291 2576 1385 2625 καί
1427 2573 1696 2643 ἀριδήλως
1727 2576 1754 2625 6
1788 2573 1947 2640 ἅγιος

352 2666 610 2735 Μάξιμος
660 2668 951 2738 μαρτυρεῖ,
1007 2665 1084 2727 ὡς
1143 2667 1192 2718 oi
1243 2667 1395 2733 ἅγιοι
1452 2666 1699 2735 Πατέρες
1750 2666 1798 2718 οἰ
1845 2665 1945 2733 τῆς

364 2755 642 2824 Ἑσπέρας
702 2757 841 2823 μετὰ
882 2754 973 2809 καὶ
1005 2754 1099 2807 τοῦ
1135 2755 1284 2808 θείου
1318 2756 1592 2825 Κυρίλλου
1630 2755 1725 2809 καὶ
1759 2757 1821 2808 ὲκ
1852 2755 1945 2808 τοῦ

356 2846 493 2899 Υἰοῦ
534 2846 939 2915 ἐκπορεύεσθαι
989 2849 1049 2899 τὸ
1105 2847 1262 2914 ἆγιον
1299 2847 1522 2916 Πνεῦμα
1578 2848 1945 2914 θεολογοῦσιν.

357 2937 419 2990 Ei
452 2938 547 2990 οῦν
575 2940 670 2991 καὶ
699 2940 762 2991 ἐκ
797 2940 890 2993 τοῦ
926 2938 1082 3001 Υἰοῦ,
1109 2940 1271 3009 δῆλον
1303 2938 1379 3000 ὼς
1405 2941 1509 2992 οὐκ
1541 2940 1607 2992 ἐκ
1641 2939 1806 3009 μόνου
1852 2940 1950 2993 τοῦ

355 3030 594 3097 Πατρδς,
625 3029 699 3093 ὡς
747 3031 909 3091 αὐτὸς
963 3031 1228 3092 πολλάκις
1280 3030 1502 3099 εἴρηκε.
1542 3031 1680 3099 Περὶ
1729 3031 1785 3083 δὶ
1825 3030 1945 3092 τοῦ,

352 3120 459 3179 οὐκ
514 3120 698 3172 αἰτίαν
727 3125 819 3172 τὸν
870 3120 999 3174 Υίδν
1066 3118 1382 3183 ποιοῦντας,
1413 3120 1698 3174 τουτέστιν
1751 3120 1871 3173 οἵαν
1922 3123 1951 3173 6

2026 622 2237 691 tantum
2268 653 2434 693 vocas
2457 638 2670 704 aﬂ‘erre,
2721 638 3085 696 Ostenderunt
3110 656 3138 694 a
3175 657 3233 695 se
3267 640 3462 694 Filium
3498 656 3604 693 non

2028 731 2195 783 statui
2225 744 2448 786 causam
2476 733 2715 790 Spiritus
2748 734 2947 789 sancti.
2982 735 3120 803 Ergo
3155 750 3254 789 nos
3298 734 3479 788 locum
3519 735 3609 787 in-

2030 832 2239 893 tegrum
2273 838 2631 891 exponemus,
2676 836 2737 882 ut
2778 842 2867 882 res
2900 827 3100 881 clarius
3157 828 3510 894 intelligatur,
3552 834 3609 880 et

2027 901 2658 984 objectionidilucidius
2695 920 3117 989 respondeatur.
3171 920 3260 974 Ait
3296 919 3462 988 igitur
3496 935 3509 971 :
3551 917 3606 973 In

2031 1008 2314 1078 synodicis
2398 994 2736 1065 sanctissimi
2806 1027 2977 1080 papae,
3038 1012 3128 1078 qui
3192 1027 3335 1065 nunc
3396 1021 3613 1080 prmost,

2000 1098 2229 1175 Ilitteris
2272 1116 2376 1154 non
2440 1108 2517 1154 tot
2551 1102 2750 1169 capita,
2782 1114 2841 1157 ut
2894 1104 3221 1173 scripsistis,
3279 1104 3440 1172 regiae
3466 1104 3617 1158 urbis

2032 1190 2226 1245 incolae
2251 1200 2527 1253 notarunt.
2556 1194 2648 1248 sed
2683 1194 2792 1246 duo
2818 1203 3028 1247 tantum
3061 1212 3075 1259 ;
3109 1208 3344 1264 quorum
3380 1197 3614 1249 alterum

2033 1282 2098 1335 ad
2133 1282 2313 1335 divina
2368 1292 2601 1350 spectat,
2656 1285 2808 1353 quod
2862 1286 3128 1354 Spiritum
3179 1294 3428 1340 sanctum
3463 1286 3619 1339 aiunt

2034 1375 2195 1428 etiam
2233 1388 2295 1427 ex
2340 1374 2475 1427 Filio
2502 1376 2800 1441 procedere
2847 1378 3071 1442 dixerit,
3108 1377 3343 1431 alterum
3394 1392 3526 1431 vero
3552 1376 3621 1429 ad

2036 1466 2495 1521 incarnationem.
2555 1468 2619 1520 Et
2688 1454 2875 1537 paucis
2917 1470 3214 1524 admodum
3274 1469 3620 1538 interiectis:

2039 1556 2102 1611 Et
2129 1559 2180 1609 in
2207 1559 2442 1624 primum
2467 1559 2685 1627 quidem
2710 1575 2981 1615 consouas
3004 1542 3377 1614 Romanorum:
3400 1559 3620 1614 Patrum

2040 1650 2272 1705 attulere
2315 1652 2643 1717 sententias,
2708 1668 2809 1707 nec
2864 1669 2969 1707 non
3025 1654 3212 1724 Cyrilli
3270 1652 3624 1707 Alexandrini

2038 1759 2101 1796 ex
2156 1742 2332 1796 sacris
2396 1742 2515 1812 ejus
2577 1744 2630 1797 in
2701 1745 2964 1799 Joannem
3025 1746 3471 1810 commentariis;
3530 1758 3625 1812 per

2041 1850 2177 1902 quas
2206 1835 2491 1889 evidenter
2534 1836 2915 1900 ostenderunt,
2951 1853 3073 1891 sese
3098 1852 3206 1891 non
3267 1846 3508 1891 statuere
3537 1834 3624 1889 Fi-

2043 1927 2173 1979 lium
2206 1926 2448 1996 Spiritus
2486 1930 2663 1983 sancti
2696 1945 2918 1983 causam
2955 1932 3143 1996 (unam
3192 1931 3392 1999 quippe
3423 1938 3627 1982 norunt

2043 2035 2267 2074 causam
2296 2020 2417 2074 Filii
2446 2031 2501 2075 et
2534 2022 2771 2091 Spiritus
2813 2021 3052 2087 Patrem,
3088 2024 3233 2077 illius
3271 2039 3365 2092 per
3395 2035 3625 2087 genera-

2046 2112 2270 2174 tionem,
2305 2113 2464 2179 hujus
2512 2128 2608 2182 per
2656 2115 3112 2181 processionem),
3147 2115 3242 2168 sed
3282 2114 3520 2166 voluisse
3548 2112 3630 2165 si-

2044 2204 2304 2275 gniﬁcare
2338 2205 2604 2275 Spiritum
2671 2207 2898 2277 produci
2959 2222 3054 2274 per
3112 2206 3357 2270 Filium;
3414 2214 3465 2259 et
3524 2204 3629 2261 hac

2046 2298 2262 2351 ratione
2334 2301 2568 2365 probare
2629 2300 2884 2353 essentia:
2958 2298 3103 2351 nulla
3177 2313 3301 2352 cum
3362 2296 3629 2351 varietate

2046 2392 2516 2445 Communionem.
2554 2388 2671 2444 Non
2704 2406 2833 2459 ergo
2870 2391 3101 2445 debebat
3154 2390 3406 2460 egregius
3436 2390 3524 2443 bic
3547 2388 3631 2441 vir

2048 2495 2318 2546 usurpare
2374 2495 2586 2540 vocem.
2653 2482 2725 2535 Ex
2800 2487 2941 2536 solo.
2999 2480 3076 2533 En
3147 2481 3346 2550 quippe
3407 2490 3632 2535 sanctus

2047 2568 2319 2625 Maximus
2353 2583 2537 2640 aperte
2574 2574 2863 2643 palamque
2894 2582 3150 2639 testatur,
3193 2580 3414 2628 sanctos
3448 2573 3633 2626 Patres

2048 2661 2428 2718 Occidentales
2458 2682 2559 2718 una
2586 2680 2707 2719 cum
2737 2669 2927 2721 sancto
2956 2666 3164 2735 Cyrillo
3198 2680 3443 2720 asserere
3463 2664 3635 2733 Spiri-

2050 2765 2162 2808 tum
2182 2768 2429 2809 sanctum
2448 2754 2608 2810 etia‘m
2629 2774 2692 2810 ex
2710 2756 2846 2812 Filio
2890 2759 3215 2823 procedere;
3240 2756 3384 2825 quod
3408 2758 3452 2810 si
3473 2756 3633 2808 etiam

2050 2862 2115 2901 ex
2140 2845 2296 2911 Filio,
2330 2856 2567 2911 constat,
2597 2865 2705 2902 non
2732 2866 2792 2903 ex
2828 2849 2987 2904 Patre
3027 2850 3167 2913 solo,
3206 2848 3347 2912 quod
3384 2864 3529 2916 saepe
3559 2847 3641 2902 di-

2050 2945 2199 2991 ctum
2228 2937 2295 2990 ab
2319 2939 2437 3008 ipso
2457 2949 2560 2993 est.
2576 2937 2745 2993 Porro
2764 2949 2944 2994 autent
2965 2956 3126 2995 voces
3152 2941 3278 3003 illae,
3300 2955 3422 2995 sese
3439 2938 3636 2994 Filium

2052 3043 2161 3081 non
2181 3037 2421 3082 statuere
2440 3046 2682 3093 causam,
2701 3031 3070 3100 intelligenda:
3090 3040 3221 3087 sunt
3238 3032 3302 3084 de
3321 3046 3485 3083 causa
3503 3045 3636 3098 qua-

2053 3120 2157 3175 lem
2193 3124 2428 3190 ponebat
2470 3123 2792 3190 Eunomius,
2830 3126 3295 3192 quemadmodum
3334 3124 3640 3179 declarari-

356 3211 633 3281 Εὑνόμιος
664 3212 879 3280 ἔλεγεν,
908 3213 986 3273 ὼς
1019 3213 1115 3265 καὶ
1148 3214 1205 3264 ιν
1237 3214 1350 3275 τοῖς
1380 3209 1697 3282 ἔμπροσθεν
1747 3210 1950 3280 ἐδηλώ-

2056 3226 2198 3265 mus.
2222 3210 2455 3266 Causam
2487 3215 2632 3267 enim
2665 3217 2883 3282 proprie
2907 3216 3310 3285 primordialem
3340 3213 3514 3269 sancti
3543 3215 3641 3268 Pa-

359 3324 537 3375 σαμεν
559 3323 571 3335 ·
609 3306 702 3359 καὶ
732 3308 838 3376 γὰρ
869 3306 1051 3359 αἰτίαν
1078 3306 1299 3375 κυρίως
1340 3307 1389 3358 οἰ
1431 3305 1578 3373 ἆγιοι
1612 3302 1708 3374 τὴν
1735 3304 1951 3375 ἀρχοει-

358 3400 426 3467 ὃῆ
450 3390 555 3452 καί
580 3398 1070 3469 προκαταρκτικὴν
1110 3400 1335 3453 εἰώθασι
1386 3399 1587 3465 λέγειν,
1625 3397 1810 3460 καθὼς
1856 3398 1951 3450 καὶ

355 3496 388 3545 6
444 3493 708 3561 Θεολόγος
750 3493 1056 3562 Γρηγόριος
1104 3491 1257 3562 δηλοῖ
1304 3492 1359 3543 ἑν
1414 3491 1494 3559 τῷ
1547 3490 1627 3554 εἰς
1661 3490 1754 3545 τὸν
1785 3489 1952 3542 κατά-

362 3572 534 3636 πλουν
566 3583 658 3637 τὸν
693 3584 789 3637 ἀπ’
826 3584 1131 3651 Αἰγύπτου,
1170 3585 1403 3649 φάσκων
1457 3582 1636 3643 οὕτως
1663 3598 1676 3611 ⁸
1727 3580 1863 3642 Θεὸς
1895 3581 1953 3633 ἐν

359 3674 545 3743 τρισὶν
589 3675 810 3728 ἵσταται
865 3675 978 3736 τοῖς
1014 3674 1319 3743 μεγίστοις,
1352 3673 1534 3743 αἰτίῳ,
1562 3673 1656 3724 καὶ
1688 3671 1951 3740 δημιουρ-

362 3764 470 3832 γῷ,
506 3746 598 3817 καὶ
642 3764 988 3833 τελειοποιῷ,
1049 3762 1126 3833 τῷ
1180 3764 1360 3828 "arpi.
1396 3762 1549 3829 ¹λέγω
1583 3763 1676 3815 καὶ
1724 3761 1802 3829 τῷ
1845 3760 1957 3829 Υἱῴ

366 3858 465 3909 καὶ
514 3857 590 3927 τῷ
634 3857 776 3927 ἁγίῳ
817 3855 1120 3925 Πνεύματι.
1158 3855 1224 3907 Τί
1255 3854 1373 3920 οὖν,
1406 3854 1510 3905 οὐκ
1538 3854 1713 3915 αἴτιος
1748 3854 1776 3905 6
1826 3853 1955 3915 Υἱὸς

363 3953 466 4019 τῆς
499 3949 592 4001 τοῦ
631 3950 841 4019 κόσμου
893 3948 1299 4019 δημιουργίαςς
1359 3946 1482 4009 Πῶς
1518 3941 1611 3998 οὖν
1663 3962 1845 4014 φαμεν
1902 3946 1959 3997 ὲν

365 4045 436 4111 τῇ
479 4042 745 4111 ὁμολογία.
769 4044 863 4111 τῆς
899 4043 1161 4103 πίστεως,
1197 4039 1279 4093 Δι’
1325 4034 1396 4095 οὗ
1438 4038 1510 4092 τὰ
1566 4038 1767 4091 πάντα
1834 4037 1958 4106 ἐγέ-

366 4152 511 4190 νετο
547 4153 563 4197 ;
611 4135 759 4187 Ἀλλ’
791 4138 817 4187 ὀ
847 4135 1110 4200 Θεολόγος
1145 4134 1240 4189 καὶ
1268 4136 1294 4186 6
1322 4132 1608 4193 Βασίλειος
1642 4134 1724 4193 τὸ,
1761 4132 1957 4197 αἴτιος,

369 4227 467 4279 ἐπὶ
505 4228 668 4294 μόνου
699 4225 794 4278 τοῦ
848 4227 1061 4292 Πατρδς
1094 4225 1325 4293 ἔφησαν.
1374 4224 1514 4278 Ἀλλ’
1553 4223 1671 4277 οὐδὲ
1725 4224 1903 4292 μάτην
1928 4224 1962 4275 6

371 4320 519 4381 θεῖος
557 4318 811 4387 Μάξιμος
868 4321 953 4383 τὸ,
1007 4321 1086 4372 Δι’
1126 4319 1295 4371 αὑτοῦ
1351 4319 1628 4383 προῖέναι,
1682 4318 1957 4387 ἐπιφέρει·

376 4415 501 4465 ἐπεὶ
547 4413 810 4466 ἀδύνατον
842 4413 932 4467 διὰ
966 4412 1059 4464 τοῦ
1094 4412 1227 4465 Υίοῦ
1281 4412 1557 4481 προϊέναι,
1602 4413 1698 4466 καὶ
1754 4412 1831 4481 μὴ
1868 4411 1962 4464 καὶ

372 4508 465 4559 τὸν
510 4506 639 4559 Υἱὸν
674 4508 849 4558 αἴτιον
883 4506 1151 4575 ὑπάρχειν
1181 4506 1283 4574 τῆς
1322 4504 1417 4558 τοῦ
1450 4505 1767 4573 ῘΙνεύματος
1798 4506 1963 4555 ἐκπο-

2057 3311 2167 3358 tres
2189 3319 2509 3371 nuncupare
2533 3306 2735 3369 solent,
2755 3316 2813 3359 ut
2840 3306 3136 3375 Gregorius
3158 3307 3534 3361 Nazianzenus
3548 3308 3643 3359 do-

2057 3400 2143 3445 cet
2183 3393 2429 3446 oratione
2473 3393 2535 3446 ad
2580 3409 2673 3448 eos
2715 3398 2804 3463 qui
2838 3412 2905 3449 ex
2942 3395 3175 3466 Egypto
3210 3395 3637 3464 adnavigarunt.

2058 3483 2144 3539 his
2166 3484 2346 3539 verbis
2379 3503 2391 3537 :
2420 3484 2562 3540 Deus
2585 3486 2636 3539 in
2669 3486 2842 3540 tribus
2878 3486 3024 3539 liisce
3060 3484 3315 3538 maximis
3365 3485 3640 3547 subsistit,

2058 3589 2248 3634 causa,
2284 3584 2533 3628 creatore
2572 3584 2627 3628 et
2654 3574 2984 3643 perfectore,
3010 3573 3190 3636 Patre,
3216 3578 3456 3643 inquam,
3478 3583 3531 3628 et
3559 3574 3647 3627 Fi-

2060 3666 2156 3727 lio.
2181 3675 2230 3719 et
2250 3664 2458 3733 Spiritu
2482 3680 2692 3717 saneto.
2715 3667 2869 3719 Anne
2891 3666 3055 3733 igitur
3074 3664 3244 3718 Filius
3278 3681 3383 3718 non
3423 3665 3528 3718 erit
3551 3681 3646 3717 au-

2059 3765 2180 3812 ctor
2198 3770 2341 3812 creat
2354 3757 2495 3811 iouis
2514 3756 2735 3810 tumidi?
2752 3757 3040 3823 Quomodo
3054 3773 3183 3825 ergo
3208 3757 3260 3811 in
3289 3758 3406 3811 lidei
3430 3772 3530 3810 con
3542 3757 3644 3810 fes—

2062 3852 2213 3905 sione
2240 3851 2513 3905 dicimus:
2548 3849 2649 3903 Per
2678 3866 2828 3921 quem
2853 3852 3031 3903 omnia
3066 3851 3209 3918 facta
3242 3861 3363 3904 sunt
3390 3854 3414 3906 ?
3445 3850 3644 3904 Verum

2062 3941 2435 3997 Nazianzenus
2464 3953 2519 3996 et
2545 3943 2778 3997 Basilius
2807 3957 2987 3997 causae
3009 3958 3205 3997 nomen
3240 3944 3339 3997 soli
3376 3943 3522 3998 Patri
3556 3945 3650 3997 tri-

2064 4034 2260 4089 buunt.
2306 4034 2413 4089 Nec
2464 4051 2593 4089 vero
2647 4034 2853 4091 frustra
2899 4036 3119 4091 divinus
3170 4036 3439 4091 Maximus
3489 4037 3652 4090 infert

2064 4129 2228 4183 verba
2258 4129 2369 4193 illa,
2416 4127 2519 4182 Per
2554 4129 2732 4197 ipsum
2762 4128 2986 4197 produci
3015 4146 3029 4194 ;
3062 4146 3188 4185 cum
3217 4130 3553 4198 impossibile
3583 4133 3653 4183 sit.

2066 4239 2161 4292 per
2196 4221 2397 4275 Filium
2439 4220 2759 4289 procedere,
2788 4221 2920 4289 quin
2962 4223 3035 4275 sit
3064 4232 3115 4274 et
3141 4221 3256 4289 ipse
3286 4219 3459 4274 Filius
3488 4237 3652 4273 causa

2067 4314 2440 4383 processionis
2476 4312 2739 4382 Spiritus.
2784 4309 2897 4364 Hoc
2943 4310 3085 4365 idem
3113 4312 3328 4380 egregie
3360 4311 3652 4365 admodum

2072 4408 2364 4459 conlirmat
2414 4405 2580 4458 etiam
2638 4402 2932 4471 Gregorius
2990 4400 3269 4471 Nyssenus
3334 4404 3505 4471 prima
3557 4419 3654 4456 sua

2073 4500 2322 4553 oratione
2356 4500 2499 4551 inter
2521 4512 2634 4556 eas.
2668 4497 2869 4565 quibus
2911 4495 3163 4549 confutat
3187 4494 3534 4557 Eunomium,
3564 4511 3657 4561 per

378 4603 639 4670 ρεύσεως.
662 4590 839 4652 Τοῦτο
869 4602 964 4651 καὶ
1000 4598 1304 4667 Γρηγόριος
1346 4600 1375 4650 6
1424 4597 1649 4663 Νύσσης
1695 4595 1838 4664 μάλα
1869 4611 1950 4647 κα-

2076 4592 2189 4644 haec
2222 4591 2385 4643 verba
2427 4605 2441 4639 :
2475 4588 2607 4641 Nam
2649 4591 2694 4642 si
2723 4587 2961 4655 spatium
2995 4588 3261 4655 temporis
3312 4597 3437 4663 ante
3470 4601 3658 4653 perso—

376 4694 485 4756 λῶς
516 4694 726 4763 βεόαιοί
769 4698 830 4745 ὲν
861 4691 940 4761 τῷ
970 4692 1094 4744 κατ’
1135 4692 1407 4759 Εὐνομέου
1458 4688 1833 4762 ἁντιῤῥητικῷ
1864 4690 1965 4743 αὑ-

379 4786 475 4839 τοῦ
507 4787 653 4855 λόγῳ
684 4784 911 4856 πρώτῳ,
961 4784 1137 4851 λέγων
1170 4784 1343 4845 οὕτως
1370 4801 1382 4813 ·
1436 4782 1501 4835 Εί
1536 4783 1636 4851 μὲν
1663 4778 1758 4835 οὖν
1785 4798 1968 4851 χρονι-

379 4883 483 4950 κὴν
525 4879 772 4948 ἔμφασιν
806 4878 1109 4948 ὑπερετίθη
1155 4877 1255 4946 τῆς
1304 4877 1403 4929 τοῦ
1458 4876 1801 4943 Μονογενοῦς
1834 4875 1969 4927 ὑπο-

381 4972 626 5034 στάσεως
664 4973 694 5024 6
747 4972 841 5025 τὸν
874 4971 1096 5041 Πατέρα
1143 4969 1239 5024 τσῦ
1295 4968 1427 5025 Υίοῦ
1468 4969 1616 5040 μόνῳ
1640 4967 1718 5038 τῷ
1745 4968 1846 5033 τῆς
1880 4970 1971 5020 atto

380 5065 501 5127 τίας
530 5064 674 5133 λόγῳ
706 5063 1045 5132 προθεωρῶν
1078 5103 1089 5122 ,
1128 5064 1354 5124 εἰκότως
1397 5062 1464 5114 ἂν
1514 5064 1540 5114 6
1580 5062 1682 5130 τῆς
1728 5061 1973 5129 ἀῖδιότη-

381 5171 475 5211 τος
516 5154 650 5221 ἡμῖν
708 5154 835 5219 περὶ
886 5152 984 5203 τοῦ
1033 5150 1164 5204 Υἰοῦ
1215 5150 1372 5218 λόγος
1412 5149 1807 5203 ἐκινδυνεύετο.
1864 5150 1974 5202 Καὶ

388 5247 532 5316 μετά
558 5264 682 5298 τινα
706 5261 720 5275 ’
767 5247 854 5308 Ἠς
898 5246 1006 5314 γὰρ
1043 5244 1379 5297 συνάπτεται
1418 5246 1497 5313 τῷ
1542 5243 1716 5312 Πατρὶ
1763 5242 1791 5293 6
1824 5242 1972 5307 Υἰὸς,

385 5343 481 5393 καὶ
528 5338 608 5409 τῷ
659 5340 719 5403 ἑξ
778 5338 947 5391 αὐτοῦ
1009 5334 1149 5390 εἶναι
1211 5337 1310 5405 οὐχ
1366 5336 1643 5407 ὑστερίζει
1692 5336 1833 5388 κατὰ
1878 5335 1975 5404 τὴν

388 5433 663 5500 ὕπαρξιν·
701 5431 846 5485 οὕτω
904 5430 1068 5483 πάλιν
1123 5429 1215 5481 τοῦ
1281 5428 1620 5496 Μονογενοῦς
1681 5427 1868 5498 ἔχεται
1918 5428 1976 5480 τὸ

391 5525 618 5593 Πνεῦμα
670 5525 730 5575 ea
784 5525 963 5591 ἅγιον,
999 5521 1218 5590 ἐπινοίᾳ.
1258 5521 1395 5591 μόνῃ
1454 5520 1595 5573 κατὰ
1648 5520 1741 5573 τὸν
1796 5520 1978 5582 αἰτίας

393 5618 554 5682 λόγον
585 5614 1078 5684 προθεωρουμένου
1129 5615 1229 5683 τῆς
1263 5611 1358 5664 τοῦ
1394 5611 1712 5680 Πνεύματος
1745 5610 1980 5663 ὑποστά-

395 5726 555 5770 σεως.
589 5708 698 5761 Καὶ
728 5708 1013 5769 Βασίλειος
1060 5708 1117 5758 ὲν
1156 5705 1235 5774 τῷ
1268 5703 1404 5771 πρὸς
1433 5702 1785 5772 Ἀμφιλόχιον
1822 5706 1879 5756 ὲν
1904 5701 1980 5770 τῷ

398 5809 473 5865 ις’
500 5801 801 5868 κεφαλαίῳ,
830 5792 891 5855 οὗ
924 5802 954 5869 ἡ
989 5797 1300 5866 ἐπιγραφὴ,
1338 5795 1468 5847 ’Ὅτι
1499 5796 1847 5864 ἀχώριστον
1879 5794 1979 5848 ἐπὶ

394 5893 601 5962 πὼγης
651 5892 893 5957 ἐννοίας
939 5890 1168 5960 Πατρός
1219 5887 1316 5945 καὶ
1381 5885 1516 5943 Υἰοῦ
1578 5889 1640 5945 τὸ
1701 5887 1978 5959 Πνεῦμα,

2075 4698 2199 4736 nam
2227 4680 2490 4751 unigeniti
2517 4686 2807 4741 statueret,
2844 4676 3187 4748 quiPatrem
3222 4675 3361 4731 Filio
3386 4677 3657 4745 praaiutt-l-

2075 4775 2191 4844 ligit
2218 4775 2333 4829 sola
2363 4787 2546 4827 causa:
2577 4772 2884 4841 prioritate,
2912 4770 3035 4838 jure
3068 4769 3318 4839 profecto
3346 4769 3506 4822 nobis
3534 4767 3656 4821 Filii

2075 4867 2354 4921 aeternitas
2382 4864 2807 4935 periclitaretur.
2862 4864 2926 4918 Et
2972 4862 3132 4931 paulo
3188 4868 3353 4930 post:
3388 4858 3662 4925 Qut-mad-

2076 4960 2298 5013 modum
2346 4958 2492 5012 enim
2521 4957 2857 5026 conjunctus
2886 4964 2969 5010 est
3017 4953 3159 5007 Patri
3206 4953 3398 5015 Filius,
3437 4968 3532 5005 nec
3577 4963 3661 5005 est

2077 5050 2170 5103 illo
2220 5051 2511 5118 pOSlel'iOI',
2562 5046 2707 5116 quod
2763 5047 2830 5099 ab
2874 5046 2993 5114 ipso
3047 5045 3156 5098 sit:
3204 5044 3277 5097 ita
3337 5053 3390 5096 et
3423 5042 3662 5112 Spiritus

2079 5153 2304 5199 sanctus
2329 5140 2681 5210 Unigenitum
2713 5138 2985 5205 sequitur,
3016 5137 3133 5191 sola
3178 5137 3377 5191 mentis
3410 5136 3664 5189 conside-

2080 5236 2296 5290 ratione
2328 5237 2687 5287 antecedente
2718 5230 2857 5285 Filio
2910 5233 3225 5301 liypostasin
3289 5230 3526 5298 Spiritus
3573 5246 3661 5282 ra-

2081 5331 2229 5386 tiOne
2258 5328 2626 5383 causalitatis.
2662 5327 2726 5378 Et
2782 5326 3014 5381 Basilius
3064 5326 3115 5377 in
3153 5326 3290 5380 libro
3339 5325 3406 5377 ad
3442 5324 3666 5389 Amphi-

2082 5424 2348 5483 lochium,
2406 5424 2585 5490 capite
2619 5422 2836 5473 decimo
2869 5430 3048 5482 sexto,
3106 5419 3194 5473 cui
3242 5419 3432 5471 titulus
3468 5434 3479 5467 :
3510 5416 3663 5480 Quod

2082 5515 2457 5583 inseparabilis
2480 5516 2546 5566 sit
2589 5513 2821 5581 Spiritus
2851 5521 3064 5565 sanctus
3087 5528 3118 5562 a
3159 5508 3319 5562 Patre
3351 5519 3398 5559 et
3443 5508 3575 5559 Filio
3608 5507 3665 5559 in

2084 5611 2264 5677 quovis
2300 5623 2473 5661 rerum
2500 5618 2772 5672 conceptu.
2797 5602 3232 5672 Comprelrende.
3259 5599 3451 5668 inquit,
3482 5599 3664 5651 animo

2089 5703 2331 5766 Patrem,
2366 5717 2548 5754 rerum
2595 5715 2714 5767 qua:
2745 5698 2880 5749 [lunt
2938 5694 3346 5764 primordialem
3408 5705 3656 5750 causam,

2089 5789 2411 5843 creatricem
2440 5785 2659 5847 Filium,
2686 5784 3064 5853 perl'ectricem
3089 5780 3355 5848 Spiritum
3382 5786 3657 5832 sanctum.

2092 5883 2156 5939 Hi
2194 5868 2385 5939 omnes
2429 5878 2807 5936 causalitatcm
2862 5876 3105 5932 referunt
3136 5872 3201 5925 ad
3248 5871 3485 5935 Patrem,
3535 5883 3661 5921 cum
