4176 6278
583 357 682 424 187

1509 377 1890 439 GREGORII
1930 384 2232 443 ΜΛΜΜιΕ
2266 385 2378 450 CP.
2406 388 2921 452 PATRIARCIUE

3753 400 3859 466 188

577 484 683 547 psit
702 497 1030 547 sermonem,
1053 487 1211 557 cujus
1237 492 1568 565 principium
1596 500 1703 555 tale
1726 512 1841 557 est:
1866 502 2015 571 Opus
2038 522 2139 574 pro

2273 507 2421 561 Ἔδει
2458 513 2558 580 μὲν
2607 510 2826 581 ἀληθῶς
2890 512 3022 584 ἡμῖν
3074 511 3475 584 οὐρανοδρόμου
3516 514 3609 570 τοῦ
3662 519 3852 589 λόγου,

574 573 715 626 tecto
785 587 929 630 esset
988 580 1148 634 nobis
1224 599 1406 640 sermo
1481 591 1788 657 granditate
1868 598 2157 653 verborum

2272 602 2686 672 συνεπαρθῆναι
2720 603 2789 657 δι’
2850 604 3018 658 αὐτοῦ
3078 604 3155 675 τῷ
3218 606 3424 681 θεόπτῃ
3459 610 3850 681 προθυμουμέ-

573 664 819 733 turgidus
850 677 1014 738 atque
1041 672 1093 726 in
1125 677 1370 731 cmlestia
1411 683 1722 749 pervolans,
1756 685 1881 739 dum
1915 691 2131 758 cupimu

2266 708 2378 755 νοις
2399 710 2413 723 ·
2440 664 2502 748 ἐν
2521 664 2695 764 τοῦτῳ
2727 698 2890 765 φησίν
2911 714 2923 727 ⁸
2970 664 3279 767 Ἑγὼδότι
3312 664 3651 770 μιξεξέστιν
3669 664 3847 773 αὐτῷ,

575 772 673 825 per
690 776 812 816 eum
830 777 935 817 una
964 779 1086 819 cmn
1110 781 1297 826 sancto
1314 772 1404 829 Dei
1428 787 1646 846 aspectu
1665 778 1887 851 dignate
1909 784 2139 838 sublimi:

2265 783 2519 855 καθάπερ
2545 788 2634 840 καὶ
2661 791 2776 851 ταῖς
2803 789 2913 841 τῶν
2943 790 3114 857 ἁγίων
3144 790 3365 861 ψυχαῖς,
3396 792 3520 846 ὅποι
3549 794 3678 849 ποτὲ
3713 796 3847 864 βοῦ-

575 863 785 919 petere.
832 858 896 911 in
930 859 1030 915 hoc
1064 861 1182 930 ipso
1217 865 1382 935 igitur
1443 876 1605 928 verba
1638 877 1752 931 haec
1786 880 1946 933 habet
1993 900 2006 935 :
2050 880 2139 953 Egi

2261 878 2411 930 λεται
2437 880 2575 932 κατὰ
2595 882 2786 948 καιρδν
2816 858 3394 951 ἐπιχωριάζειν,ναοῖς
3412 902 3472 938 τε
3499 887 3720 949 οἰκείοις
3743 890 3847 953 ἐμ·
3871 922 3875 927 -

571 959 703 998 vero
744 947 906 1003 licere
933 955 1155 1020 quidem
1190 956 1313 1025 ipsi,
1384 962 1525 1016 sicut
1588 977 1641 1021 et
1694 970 1979 1026 animabus
2034 990 2159 1029 san-

570 1044 807 1101 c’orum,
852 1056 1180 1113 quocunque
1212 1049 1465 1116 voluerit,
1498 1071 1592 1121 per
1639 1066 1849 1127 tempus
1880 1076 2001 1115 sese
2023 1079 2156 1117 con-

576 1126 738 1194 ferre,
767 1134 981 1203 sibique
1007 1139 1185 1193 dicata
1235 1146 1433 1213 templa
1492 1148 1743 1214 invisere,
1772 1167 1933 1222 atque
1963 1155 2027 1208 ad
2060 1173 2155 1213 eos

570 1223 855 1287 accedere,
891 1229 984 1295 qui
1041 1233 1160 1296 ejus
1188 1249 1343 1300 Opem
1401 1240 1713 1307 implorant,
1779 1247 2151 1301 necessarium

568 1311 807 1367 arbitror
838 1328 887 1369 et
922 1334 1108 1374 verum
1147 1338 1289 1382 esse:
1327 1344 1431 1379 non
1466 1340 1641 1384 tamen
1673 1344 1962 1403 propterea
1999 1338 2153 1393 dixe-

570 1404 669 1454 rim
709 1405 903 1460 abesse
942 1410 1092 1464 illum
1118 1416 1317 1469 acmlis
1364 1427 1417 1469 ct
1465 1420 1794 1479 micantibus
1831 1425 1939 1480 illic
1965 1431 2151 1497 splen-

570 1492 823 1558 doribus,
861 1512 1098 1554 autcum
1129 1506 1335 1571 angelis
1387 1518 1441 1561 et
1493 1511 1670 1577 ipsum
1726 1530 1836 1569 non
1890 1521 2150 1574 assistere

573 1585 841 1652 Domino;
884 1592 955 1643 ita
985 1595 1129 1647 enim
1153 1598 1325 1660 lieret,
1361 1612 1415 1653 ut
1444 1604 1653 1657 caeteris
1702 1610 1907 1663 sanctis
1966 1613 2147 1668 minus

574 1677 812 1747 haberet,
849 1685 942 1751 qui
976 1684 1088 1739 fere
1115 1691 1372 1746 omnibus
1431 1696 1624 1759 anteit,
1662 1696 1704 1750 si
1735 1698 1863 1765 quia
1925 1716 2143 1756 carnem

570 1778 765 1833 gestat,
806 1775 1029 1831 orbatus
1056 1789 1200 1833 esset
1264 1797 1449 1836 eorum
1521 1790 1824 1852 censortio,
1884 1803 1936 1844 et
2000 1795 2141 1848 t'Ittra

568 1862 664 1917 Dei
700 1867 911 1923 visione
942 1887 1047 1924 non
1084 1873 1383 1937 frueretur,
1413 1880 1575 1948 cujus
1631 1884 2145 1952 pra-cipuelrnitio-

569 1970 636 2008 ne
662 1973 768 2011 non
800 1965 977 2015 caruit
1012 1979 1108 2033 per
1148 1974 1319 2019 totum
1377 1971 1499 2024 vitze
1564 1976 1918 2029 curriculum.
1967 1978 2146 2033 Τυμιί-

570 2051 748 2102 monio
778 2054 910 2106 mihi
947 2068 1031 2110 est
1068 2059 1195 2111 illud
1224 2061 1410 2126 etiam,
1467 2066 1611 2131 quod
1649 2067 1700 2119 in
1754 2083 1876 2121 eum
1912 2072 1993 2125 his
2026 2089 2146 2125 ver-

567 2140 650 2194 his
684 2145 829 2196 canit
851 2145 1087 2203 Ecclesia
1118 2170 1128 2203 :
1195 2152 1459 2223 Propheta
1484 2155 1685 2211 Christi
1708 2174 1882 2228 prmco
1914 2172 1965 2215 tu
2000 2180 2143 2217 nuu-

570 2247 729 2297 quam
788 2250 817 2288 ιι
878 2239 1007 2292 sede
1068 2243 1369 2311 majestalis
1413 2246 1749 2317 abjungeris,
1810 2263 1859 2305 et
1915 2254 2142 2321 singulis

564 2328 962 2392 a-grotantihns
991 2346 1207 2402 semper
1235 2337 1387 2403 ades,
1427 2341 1479 2393 in
1517 2342 1747 2395 excelsis
1778 2344 2010 2399 {irridens
2045 2364 2140 2415 pro

564 2413 823 2469 ouinibus
851 2433 1061 2486 preces,
1088 2424 1207 2478 orbi
1267 2435 1537 2483 terrarum
1597 2431 1860 2487 beneﬁcia
1919 2436 2137 2501 tribuis,

565 2514 620 2555 υι
654 2507 1128 2582 laudibusubique
1177 2518 1497 2576 celrbraris.
1527 2523 1601 2576 En
1630 2526 1709 2577 vir
1762 2527 1996 2584 eximius
2051 2547 2141 2597 pa-

565 2594 669 2648 lam
699 2609 993 2671 aperteque
1022 2619 1302 2664 asseverat
1360 2623 1581 2669 sanctos
1632 2617 1739 2671 [νηί
1770 2619 1916 2673 clara
1940 2620 2031 2676 Dei
2064 2624 2142 2676 vi-

466 2758 473 2763 .
563 2688 1074 2753 sione-,etsanctum
1107 2698 1276 2753 Elian)
1304 2702 1385 2753 vel
1418 2720 1543 2757 cum
1577 2707 1695 2774 ipso
1751 2723 1981 2778 corpore
2037 2713 2140 2766 hu-

557 2778 799 2845 jusmodi
836 2784 1051 2841 visione
1076 2804 1181 2842 non
1203 2791 1383 2848 deﬁci.
1408 2796 1605 2847 Doceat
1628 2812 1761 2867 ergo
1792 2813 1914 2863 nos,
1944 2815 2009 2854 an
2044 2818 2139 2872 pa-

563 2877 741 2923 ratum
776 2889 1003 2943 regnum
1030 2887 1082 2931 et
1115 2894 1317 2935 arcana
1349 2883 1437 2935 illa
1473 2886 1614 2940 bona
1674 2888 1957 2943 diversum
2008 2894 2136 2961 quid

559 2962 719 3017 sinta
749 2964 894 3019 clara
932 2966 1024 3024 Dei
1057 2970 1291 3036 visione,
1320 2972 1391 3026 ita
1460 2975 1604 3029 enim
1652 2978 1841 3033 l'ruitio
1899 2981 1987 3035 illa
2034 2984 2139 3038 erit

563 3055 771 3111 visione
803 3057 892 3112 Dei
923 3060 1049 3129 quid
1113 3065 1312 3133 majus.
1366 3067 1437 3120 At
1491 3083 1652 3122 nemo
1699 3081 2013 3128 sanctorum
2068 3078 2133 3130 ad

562 3146 703 3202 hanc
736 3148 877 3204 dietn
908 3150 1065 3220 dixit,
1102 3169 1225 3210 esse
1250 3159 1576 3226 quidpiam,
1620 3164 1764 3231 quod
1798 3180 1902 3221 una
1927 3168 2137 3223 visione

562 3234 653 3289 Dei
687 3237 809 3305 plus
835 3239 1082 3297 conferat
1113 3244 1177 3297 ad
1199 3246 1514 3302 l‘ruitionem
1554 3266 1567 3302 :
1608 3251 1751 3306 sicut
1780 3256 1945 3307 etiam
1978 3273 2138 3312 nemo

556 3329 714 3392 dixit,
744 3332 889 3400 quod
925 3334 1043 3402 ipse
1067 3338 1288 3404 asserit,
1322 3339 1375 3393 in
1434 3342 1603 3412 hujus
1631 3345 1983 3404 scilicetvitze
2013 3365 2139 3404 cur-

554 3420 727 3476 rieulo
766 3423 1038 3493 ejusmodi
1077 3428 1340 3485 visionem
1364 3435 1615 3490 concedi.
1653 3437 1816 3502 Quod
1860 3455 1990 3495 vero
2013 3457 2140 3498 san-

557 3514 630 3566 C'i
669 3512 833 3569 Deum
867 3517 1016 3572 clare
1052 3535 1199 3575 nunc
1229 3522 1471 3591 videant,
1498 3539 1870 3597 congruenter
1901 3547 2139 3602 vereque

553 3604 828 3677 afﬁrmat;
891 3612 1054 3668 habet
1100 3615 1245 3669 enim
1296 3616 1460 3687 hujus
1524 3622 1600 3675 rei
1667 3631 1831 3679 testes
1887 3634 1940 3678 et
1976 3626 2136 3689 alios,

554 3713 750 3769 nempe
786 3712 1031 3766 sanctos,
1088 3705 1232 3762 inter
1263 3724 1404 3777 quos
1465 3710 1682 3767 Patrem
1747 3715 2138 3788 doctoremque

550 3786 817 3845 Joannem
849 3792 1333 3864 Chrysostomum,
1364 3802 1463 3869 qui
1498 3804 1550 3855 in
1574 3803 1667 3857 illo
1731 3821 2008 3876 sermone,
2038 3827 2138 3865 cu-

546 3878 639 3949 jus
693 3882 981 3953 inscriptio
1037 3897 1121 3942 est
1167 3905 1182 3942 :
1244 3889 1400 3953 Quod
1454 3904 1759 3960 peccatores
1814 3897 2134 3967 deplorandi

549 3975 681 4035 sint,
734 3975 972 4045 quodque
1018 3980 1399 4034 dormientibus
1449 3999 1697 4053 magnam
1734 3988 1966 4055 afferant
2029 3996 2138 4046 uti-

555 4065 757 4118 lilalem
792 4067 1061 4135 sacriﬁcia
1088 4086 1185 4138 pro
1217 4071 1322 4125 illis
1362 4074 1543 4127 oblata
1575 4091 1593 4128 :
1620 4077 1836 4131 initium
1869 4097 1997 4136 vero
2020 4098 2137 4138 ser-

554 4155 732 4210 monis
778 4157 925 4211 tale:
992 4156 1162 4225 Mors,
1217 4165 1440 4227 fratres,
1502 4180 1591 4219 res
1651 4175 1737 4223 est
1792 4168 2129 4240 indifferens,

550 4244 919 4313 Gaudeamus,
951 4249 1151 4319 inquit,
1180 4262 1402 4321 prepter
1447 4256 1627 4323 justos
1670 4274 1778 4315 non
1838 4262 2014 4317 solum
2042 4280 2134 4320 su-

554 4338 833 4406 perstites,
851 4340 944 4395 sed
971 4340 1133 4394 etiam
1157 4344 1263 4397 vita
1283 4345 1521 4404 iunctos.
1545 4348 1622 4402 Illi
1645 4349 1773 4404 dum
1794 4351 1971 4407 adhuc
1994 4353 2135 4412 hanc

554 4429 729 4485 lucem
750 4432 1046 4501 aspiciunt,
1073 4436 1370 4492 miserandi
1409 4442 1667 4497 omnibus
1692 4452 1843 4509 sunt,
1873 4448 2130 4515 quoniam

2263 970 2609 1039 φιλοχωρεῖν,
2643 974 2738 1025 καὶ
2776 974 2888 1033 τοῖς
2914 975 3171 1028 ἑκάστοτε
3213 975 3488 1045 δεομένοις
3524 978 3837 1047 ἐπιφοιτᾷν,

2260 1062 2558 1129 ἀναγκαῖόν
2593 1082 2649 1116 τε
2681 1065 2925 1135 ἡγοῦμαι
2957 1067 3050 1120 καὶ
3080 1068 3281 1134 ἀληθὲς
3312 1063 3485 1121 εἶναι·
3520 1069 3581 1121 οῦ
3615 1068 3723 1139 μὴν
3752 1070 3846 1123 διὰ

2257 1151 2429 1205 ταῦτα
2458 1154 2626 1223 φαίην
2661 1155 2727 1209 ἂν
2758 1157 2921 1209 αὐτὸν
2960 1157 3070 1210 τῶν
3121 1157 3367 1227 οὐρανῶν
3418 1157 3842 1224 ἀπολείπεσθαι,

2259 1243 2354 1294 καὶ
2390 1244 2491 1313 τῆς
2529 1246 2709 1298 ἐκεῖσε
2740 1247 3188 1319 λαμπροφορίας,
3235 1251 3329 1302 καὶ
3366 1250 3503 1319 μετὰ
3530 1252 3639 1303 τῶν
3664 1252 3841 1319 ἀγγέ-

2255 1332 2363 1384 λων
2420 1336 2750 1406 δεσποτικῆς
2807 1335 3303 1410 παραστάσεωςοῆ
3341 1341 3451 1413 γὰρ
3487 1343 3555 1396 ἂν
3611 1342 3841 1396 ἔλαττον

2253 1425 2365 1499 εἶχε
2414 1429 2522 1481 τῶν
2556 1430 2731 1483 ἄλλων
2758 1432 2930 1499 ἁγίων
2955 1435 2982 1485 ὁ
3008 1433 3147 1501 ὑπὲρ
3188 1433 3397 1497 πάντας
3451 1434 3661 1504 σχεδὸν,
3694 1435 3748 1488 εῐ
3770 1452 3837 1501 γε

2250 1518 2337 1570 διὰ
2368 1518 2427 1569 τὸ
2450 1517 2548 1587 τὴν
2571 1518 2748 1587 σάρκα
2778 1523 2965 1591 φορεῖν
2991 1522 3317 1593 ἀφειστήκει
3350 1525 3451 1593 τῆς
3497 1524 3612 1593 μετ’
3650 1525 3838 1577 αὐτῶν

2251 1609 2534 1671 κοινωνίας
2557 1610 2772 1679 καὶτῆς
2793 1612 2888 1664 τοῦ
2914 1613 3051 1666 Θεοῦ
3077 1613 3213 1684 πρὸς
3245 1613 3538 1684 πρόσωπον
3570 1616 3832 1686 θεωρὶας,

2249 1694 2316 1769 ἧς
2347 1701 2440 1753 καὶ
2475 1700 2628 1771 παρὰ
2660 1703 2837 1755 πάντα
2864 1702 2956 1756 τὸν
2988 1703 3103 1773 βίον
3180 1704 3478 1772 ἐξαιρέτως
3516 1706 3828 1774 ἀπήλαυσε.

2248 1794 2536 1861 Μαρτυρεῖ
2583 1810 2674 1860 μοι
2704 1793 2781 1863 τῷ
2828 1794 2969 1865 λόγῳ
3005 1795 3098 1847 καὶ
3128 1797 3187 1848 τὸ
3241 1798 3320 1856 είς
3359 1797 3520 1849 αὐτὸν
3552 1798 3700 1868 παρὰ
3728 1800 3837 1869 τῆς

2264 1882 2591 1950 Ἐκκλησίας
2631 1884 2890 1954 ᾀδόμενον
2928 1882 3101 1947 οὕτως
3137 1884 3257 1955 ἔχον
3283 1898 3296 1913 ⁸
3334 1886 3591 1955 Προφῆτα
3650 1885 3834 1954 κῆρυξ

2256 1974 2493 2045 Χριστοῦ
2547 1974 2641 2026 τοῦ
2706 1974 2897 2043 θρόνου
2948 1975 3049 2044 τῆς
3114 1976 3512 2046 μεγαλωσύνης
3571 1978 3833 2029 οὐδέποτε

2253 2063 2482 2133 χωρίζῃ,
2536 2066 2625 2115 καί
2682 2065 2896 2135 ἑκάστῳ
2948 2065 3263 2117 ἀσθενοῦντι
3323 2067 3410 2119 ἀεὶ
3467 2068 3833 2133 παρίστασαι,

2253 2156 2309 2205 ὲν
2328 2158 2442 2219 τοῖς
2461 2156 2707 2225 ὑψίστοις
2737 2155 3069 2226 λειτουργῶν
3093 2157 3189 2227 τὴν
3222 2158 3554 2227 οἰκουμένην
3581 2158 3829 2225 εὐλογεῖς

2254 2247 2531 2317 πανταχοῦ
2568 2248 2954 2320 δοξαζόμενος.
2995 2251 3126 2305 ’ἰδοῦ
3170 2252 3440 2322 λαμπρῶς
3480 2255 3573 2305 καὶ
3608 2268 3829 2327 στροφα-

2252 2342 2618 2407 νῶςὸτίμιος
2691 2338 2844 2407 οὗτος
2873 2348 2973 2415 τῆς
3029 2345 3165 2413 πρὸς
3241 2347 3530 2409 πρόσωπον
3589 2344 3830 2412 θεωρίας

2248 2432 2340 2484 τοῦ
2384 2433 2518 2485 Θεοῦ
2570 2435 2697 2497 τοὺς
2748 2436 2936 2503 ἁγίους
2966 2436 3259 2488 ἀπολαύειν
3280 2434 3694 2503 διισχυρίζεται,
3733 2434 3835 2489 καὶ

2249 2523 2340 2577 τὸν
2368 2523 2526 2591 ἅγιον
2557 2527 2744 2579 Ἠλίαν
2765 2526 2858 2578 καὶ
2883 2527 3023 2593 μετά
3039 2526 3134 2578 τοῦ
3164 2524 3409 2594 σώματος
3443 2527 3543 2594 τῆς
3564 2529 3833 2596 τοιαύτης

2247 2616 2528 2681 ἀξιοῦσθαι
2579 2617 2818 2685 θεωρίας
2885 2619 3105 2684 φάσκει.
3176 2619 3236 2670 El
3286 2616 3378 2670 οῦν
3416 2619 3545 2672 ἄλλο
3589 2622 3642 2671 τί
3675 2623 3831 2675 ἐστιν

2248 2704 2695 2775 ὴὴτοιμασμένη
2731 2705 2979 2775 βασιλεία
3039 2706 3135 2758 καὶ
3185 2706 3253 2759 τὰ
3298 2708 3591 2783 ἀπόρρητα
3643 2708 3827 2775 ἀγαθά

2246 2795 2294 2845 si
2327 2793 2455 2863 μὴή
2494 2794 2586 2847 τοῦ
2615 2794 2752 2848 Θεοῦ
2792 2796 2997 2866 θεωρία
3031 2799 3063 2866 ἠ
3099 2798 3393 2866 πρόσωπον
3432 2798 3570 2867 πρὶς
3600 2798 3825 2869 πρόσω-

2245 2903 2370 2952 πον,
2404 2887 2763 2955 ὲμφανισάτω
2793 2890 2927 2958 ἡμῖν
2952 2906 2965 2920 ·
3017 2889 3171 2943 ἔσται
3212 2890 3318 2959 γὰρ
3378 2892 3559 2962 ἐκείνη
3617 2890 3821 2959 μείζων

2244 2979 2346 3048 τῆς
2378 2979 2613 3048 θεωρίας
2643 2979 2811 3034 αὐτοῦ
2844 2980 2936 3032 τοῦ
2973 2981 3106 3034 Θεοῦ
3140 2983 3173 3051 ἡ
3208 2983 3526 3045 ἀπόλαυσις.
3559 2983 3705 3035 Ἀλλ’
3730 2984 3822 3035 οὐ.

2243 3069 2356 3134 δεῖς
2391 3070 2500 3122 τῶν
2534 3069 2709 3138 ἁγίων
2744 3071 2909 3140 μέχρι
2962 3071 3056 3123 καὶ
3104 3073 3345 3142 τήμερον
3396 3072 3543 3127 τοῦτ’
3570 3072 3819 3143 εἴρηκεν,

2243 3162 2327 3214 ὅτι
2360 3161 2477 3213 ἔστι
2508 3178 2561 3214 τι
2595 3162 2781 3231 μεῖζον
2816 3164 2897 3226 εἰς
2929 3163 3256 3230 ἀπόλαυσιν,
3294 3164 3341 3215 εἰ
3376 3165 3451 3234 μὴ
3486 3166 3625 3234 μόνη
3657 3168 3690 3234 ὴ
3721 3166 3821 3219 τοῦ

2242 3253 2377 3307 Θεοῦ
2412 3255 2637 3325 θεωρία.
2671 3256 2836 3310 Ἀλλά
2871 3258 2967 3311 καῖ⁵
3001 3258 3060 3309 τὸ
3112 3258 3266 3327 παρά
3318 3257 3511 3311 τοῦτον
3559 3257 3653 3311 τδν
3703 3258 3821 3329 βίον

2242 3348 2503 3417 τοιαύτης
2537 3347 2824 3412 ἀξιοῦσθαι
2859 3349 3122 3421 θεωρίας,
3157 3352 3234 3415 ὡς
3278 3352 3442 3415 αὑτός
3498 3370 3682 3423 φησιν,
3731 3357 3825 3408 οῦ-

2239 3440 2347 3503 an;
2373 3441 2595 3509 εἴρηκεο
2629 3442 2689 3495 τὸ
2727 3442 2787 3494 δὲ
2817 3443 3113 3509 πρᾶσωπον
3159 3444 3295 3514 πρὸς
3328 3444 3620 3514 πρόσωπον
3679 3446 3817 3516 ὁρᾷν

2239 3532 2367 3595 τοὺς
2402 3532 2590 3598 ἁγίους
2625 3532 2722 3586 νῦν
2748 3535 2840 3587 τὸν
2867 3534 2997 3587 Θεὸν
3035 3535 3218 3597 καλῶς
3243 3537 3338 3588 καὶ
3368 3536 3586 3605 ἀληθῶς
3633 3539 3783 3607 λέγει
3803 3555 3821 3571 ⁸

2238 3624 2354 3695 ἔχει
2389 3626 2498 3697 γὰρ
2551 3627 2644 3679 καὶ
2696 3627 2888 3691 ἄλλους
2950 3630 3056 3682 τῶν
3105 3629 3278 3695 ἁγίων
3330 3628 3590 3695 λέγοντας
3643 3628 3823 3695 τοῦτο,

2238 3719 2375 3773 ἀλλά
2402 3720 2496 3773 καὶ
2530 3722 2621 3773 τὸν
2658 3722 2879 3792 Πατέρα
2912 3724 3007 3775 καὶ
3060 3721 3384 3775 διδάσκαλον
3434 3723 3688 3793 Ἰωάννην
3730 3723 3824 3775 τὸν

2239 3813 2474 3883 χρυσοῦν
2513 3812 2612 3885 τὴν
2646 3814 2932 3882 γλῶτταν⁹
2989 3816 3125 3884 φησὶ
3154 3814 3265 3884 γὰρ
3303 3816 3361 3867 ὲν
3417 3815 3493 3885 τῷ
3542 3816 3709 3885 λόγῳ,
3759 3808 3823 3869 οῦ

2238 3905 2592 3973 ἡέπιγραφή’
2616 3905 2743 3958 Ὀτι
2771 3905 2914 3971 τοὺς
2933 3905 3324 3975 ἁμαρτωλοὺς
3349 3906 3445 3960 δεῖ
3462 3908 3705 3975 θρηνεῖν
3720 3909 3822 3962 καὶ

2238 3993 2326 4046 ὅτι
2360 3994 2633 4063 μεγάλως
2675 3995 2980 4064 ὠφελοῦσι
3019 3997 3163 4066 τοὺς
3206 4000 3682 4067 κεκοιμημένους
3750 4002 3813 4053 αὶ
3844 4050 3851 4053 η

2238 4086 2391 4153 ὑπὲρ
2441 4086 2642 4141 αὐτῶν
2693 4090 3057 4157 λειτουργίαι
3085 4107 3100 4122 ο
3132 4091 3165 4161 ἡ
3209 4090 3266 4143 δὲ
3311 4090 3455 4162 ἀρχὴ
3492 4091 3585 4145 τοῦ
3617 4092 3777 4159 λόγου
3804 4108 3821 4122 ο

2237 4177 2498 4243 Θάνατες,
2545 4179 2782 4249 ἀδελφοὶ,
2806 4180 2915 4233 τῶν
2937 4181 3253 4252 ἀδιαφόρων
3273 4183 3420 4236 ὲστίο
3446 4184 3741 4253 Χαίρωμεν
3765 4182 3825 4237 δὲ

2236 4268 2333 4319 ἐπὶ
2363 4272 2477 4330 τοῖς
2511 4268 2745 4332 δικαίοις
2780 4270 2855 4341 μὴ
2898 4272 3034 4336 ζῶσι
3085 4273 3269 4342 μόνον,
3299 4274 3435 4327 ἀλλά
3490 4275 3582 4327 καὶ
3664 4290 3821 4327 τετε-

2238 4361 2581 4432 λευτηκόσιν.
2639 4362 2872 4416 Ἐκεῖνοι
2934 4364 3031 4416 καὶ
3093 4364 3335 4423 ἐνταῦθα
3387 4366 3543 4429 ὄντες
3594 4366 3823 4419 ὲλεεινοὶ

2239 4455 2402 4509 πᾶσίν
2432 4456 2593 4519 εἰσιν,
2640 4456 2827 4523 ἐπειδὴ
2860 4458 3303 4527 προσκρούουσιν
3325 4476 3339 4489 ·
3386 4457 3533 4511 οῦτοι
3561 4460 3653 4511 καὶ
3692 4460 3814 4511 ἐκεῖ

549 4521 859 4591 oll'endunt,
893 4525 945 4579 hi
969 4542 1097 4582 vero
1120 4530 1208 4583 ubi
1237 4530 1398 4584 etiam
1420 4533 1550 4587 illuc
1594 4536 1973 4606 migraverint,
1999 4539 2123 4595 bea-

2244 4550 2607 4616 μεταστάντες
2644 4521 2945 4617 insidiator,
2986 4521 3070 4601 ὅτί
3105 4550 3245 4620 πρὸς
3279 4549 3515 4621 Χριστὸν
3546 4551 3819 4620 ἀπῆλθον’

552 4614 588 4665 ti
637 4626 790 4677 sunt,
823 4618 1085 4685 quoniam
1126 4621 1417 4676 evolarunt
1468 4624 1533 4678 ad
1587 4626 1897 4685 Chrismm.
1928 4629 2127 4686 Pecca-

2230 4640 2293 4694 Οί
2360 4640 2675 4710 ἁμαρτωλοὶ
2736 4642 2869 4693 ὅπου
2922 4641 2988 4694 ἂν
3040 4634 3145 4694 ὦσι
3177 4641 3369 4711 πόρῤω
3407 4642 3500 4694 τοῦ
3554 4641 3823 4711 βασιλέως

551 4718 696 4762 tores
727 4709 1040 4781 ubicunque
1069 4712 1297 4780 fuerint,
1352 4718 1543 4785 procul
1604 4735 1633 4772 a
1688 4737 1813 4790 rege
1867 4736 2015 4789 sum,
2076 4734 2130 4780 et

2244 4734 2362 4794 εἰσὶ,
2396 4709 2489 4785 διᾶι
2530 4733 2687 4787 τοῦτο
2735 4735 2830 4785 καὶ
2885 4734 3139 4801 δακρύων
3176 4709 3316 4797 ἄξιοι
3341 4750 3355 4764 ⁸
3396 4736 3445 4787 οἱ
3499 4709 3563 4788 δὲ.
3598 4735 3806 4789 δίκαιοι

548 4811 831 4868 propterea
867 4802 1102 4857 deﬂendi
1122 4822 1138 4870 ;
1161 4806 1295 4875 justi
1326 4818 1506 4863 autem
1530 4811 1644 4865 sive
1667 4812 1780 4876 hic,
1806 4815 1921 4868 sive
1946 4817 2020 4870 ibi
2054 4820 2131 4872 vi-

548 4900 654 4945 tam
676 4905 1002 4964 agant,cum
1025 4878 1324 4965 regesunt:
1348 4910 1509 4970 atque
1542 4902 1613 4956 ibi
1640 4905 1865 4974 prepius
1901 4908 2131 4977 conjun-

546 4987 820 5056 ctiusque,
857 5005 963 5042 non
989 5005 1083 5059 per
1110 4991 1419 5060 speculum,
1452 5010 1563 5049 non
1593 5011 1687 5062 per
1716 4996 1898 5062 iidem,
1924 5001 2017 5054 sed
2044 5018 2135 5054 eo-

546 5077 856 5145 ranripsum
876 5079 1168 5136 intuentes.
1196 5082 1261 5137 Et
1279 5083 1574 5155 Gregorius
1591 5086 1965 5146 Nazianzenus
1991 5092 2058 5147 ad
2076 5092 2137 5147 li-

548 5181 670 5220 nem
689 5170 958 5226 sermonis
986 5173 1038 5226 in
1065 5184 1310 5229 sanctum
1324 5176 1680 5248 Cyprianum,
1724 5181 1787 5235 Et
1810 5185 2135 5251 radiantem,

552 5258 751 5327 inquit,
780 5260 1045 5331 fulgorem
1080 5278 1283 5321 sanctae
1323 5269 1628 5337 Trinitatis,
1656 5274 1744 5326 cui
1784 5291 1930 5329 nunc
1962 5288 2135 5332 astas.

548 5353 696 5406 Idem
729 5351 908 5409 fusius
935 5355 1003 5411 de
1042 5358 1145 5412 hac
1174 5359 1289 5428 ipsa
1322 5378 1378 5415 re
1409 5363 1462 5416 in
1529 5364 1742 5419 funebri
1795 5368 2042 5423 oratione
2080 5372 2131 5425 in

549 5459 818 5501 sororem.
843 5446 911 5502 At
932 5448 1064 5518 quid
1081 5465 1219 5519 opus
1244 5462 1329 5508 est
1346 5452 1541 5510 aﬂ‘erre
1562 5456 1731 5510 multa
1777 5459 2089 5515 testimonia
2115 5460 2135 5513 ?

552 5537 690 5592 Nam
732 5540 786 5594 in
817 5549 1076 5608 traCtatu,
1109 5561 1271 5614 quem
1300 5545 1368 5602 de
1420 5547 1522 5601 hac
1574 5548 1800 5605 materia
1837 5549 2131 5619 edidimus,

555 5632 836 5702 copiosius
888 5638 1331 5709 explicatiusque
1409 5640 2129 5715 disseruimus,.apologiam

630 5810 740 5879 (Ἣ)
779 5812 1223 5889 θεεδιύπάρχεις
1257 5829 1347 5876 aut
1390 5819 1520 5893 quid
1572 5820 1768 5876 simile.

2231 4827 2296 4879 ἄν
2326 4844 2385 4877 τε
2423 4825 2678 4889 ἐνταῦθα,
2707 4825 2771 4877 ἄν
2803 4842 2862 4877 τε
2900 4824 3039 4890 ἐκεῖ,
3074 4824 3217 4893 μετά
3248 4824 3343 4877 τοῦ
3376 4825 3646 4895 βασιλέως
3679 4830 3813 4894 sict,

2232 4919 2394 4972 κάκεῖ
2430 4901 2632 4986 μᾶλλον
2663 4917 2758 4976 καὶ
2787 4918 3111 4985 ἐγγύτερον,
3165 4918 3227 4971 οὺ
3287 4917 3377 4970 διὰ
3412 4918 3707 4988 ἐσόπτρου,
3752 4922 3817 4973 οῦ

2236 5007 2324 5059 διὰ
2349 5010 2574 5071 πίστως,
2613 5008 2751 5060 ἀλλὰ
2795 5008 3087 5078 πρόσωπον
3136 5011 3272 5077 πρδς
3325 5009 3643 5078 πρόσωπον.
3704 5011 3818 5063 Καὶ

2241 5100 2547 5169 Γρηγόριος
2578 5099 2633 5152 δὲ
2660 5101 2688 5152 ὁ
2713 5098 2980 5166 Θεολόγος
3021 5102 3079 5152 ὲν
3111 5099 3187 5169 τῷ
3219 5101 3365 5152 τέλει
3392 5098 3487 5152 τοῦ
3518 5102 3675 5167 λόγου
3721 5101 3817 5155 τοῦ

2235 5195 2315 5255 είς
2346 5193 2436 5245 τὸν
2462 5193 2619 5259 ἆγιον
2652 5192 2974 5261 Κυπριανόν
3023 5207 3183 5260 φησιν
3228 5192 3338 5244 Καὶ
3366 5193 3466 5262 τὴν
3512 5192 3610 5260 τῆς
3653 5193 3819 5260 ἀγίας

2236 5286 2467 5354 Τριάδος
2518 5285 2809 5355 ἐλλαμψιν,
2871 5280 2938 5358 ἧς
2997 5285 3091 5339 νῦν
3120 5287 3483 5354 παραστάτης
3526 5286 3680 5357 (21)·
3737 5286 3817 5339 ἐτι

2241 5372 2824 5441 πλατῦτερονὸαὖτὸς
2887 5374 3019 5442 περὶ
3084 5374 3277 5426 τούτου
3331 5376 3388 5425 ὲν
3452 5373 3530 5442 τῷ
3587 5375 3668 5437 είς
3715 5372 3818 5443 τὴν

2241 5462 2481 5533 ἀδελφὴν
2512 5464 2810 5533 ἐπιταφίῳ.
2850 5465 2960 5517 Καὶ
2988 5464 3042 5516 τί
3064 5464 3147 5517 δεῖ
3180 5463 3380 5524 πολλὰς
3406 5464 3650 5532 εἰσάγειν
3678 5480 3818 5533 μαρ-

2206 5555 2468 5623 ’τυρίας;
2502 5555 2593 5608 Ἐν
2640 5556 2748 5627 γὰρ
2787 5558 2852 5630 τῇ
2886 5557 3014 5627 περὶ
3047 5555 3240 5608 τούτου
3277 5552 3634 5625 πραγματείᾳ
3682 5554 3822 5606 πλα-

2240 5646 2465 5718 τύτερον
2497 5647 2723 5719 εἴπομεν
2757 5650 2851 5704 καὶ
2884 5646 3238 5719 σαφέστερον,
3288 5643 3821 5714 ὑπεραπολογοῦμε·
