  <div class='ocr_page' id='page_1' title='image "/cluster/home/n/w/nwhite01/storage/ocr_20150623/160/mdp.39015078384693/102.png"; bbox 0 0 4176 6278; ppageno 0'>
   <div class='ocr_carea' id='block_1_1' title="bbox 326 380 435 455">
    <p class='ocr_par' dir='ltr' id='par_1_1' title="bbox 326 380 435 455">
     <span class='ocr_line' id='line_1_1' title="bbox 326 380 435 455; baseline -0.073 0"><span class='ocrx_word' id='word_1_1' title='bbox 326 380 435 455; x_wconf 72' lang='lat'><strong>189</strong></span> 
     </span>
    </p>
   </div>
   <div class='ocr_carea' id='block_1_2' title="bbox 1558 384 2382 473">
    <p class='ocr_par' dir='ltr' id='par_1_2' title="bbox 1558 384 2382 473">
     <span class='ocr_line' id='line_1_2' title="bbox 1558 384 2382 473; baseline 0.016 -16"><span class='ocrx_word' id='word_1_2' title='bbox 1558 397 1857 459; x_wconf 70' lang='lat' dir='ltr'><strong>comm</strong></span> <span class='ocrx_word' id='word_1_3' title='bbox 1904 403 2328 473; x_wconf 70' lang='lat' dir='ltr'><strong>senzsmm.</strong></span> <span class='ocrx_word' id='word_1_4' title='bbox 2375 384 2382 391; x_wconf 83' lang='grc'><strong>’</strong></span> 
     </span>
    </p>
   </div>
   <div class='ocr_carea' id='block_1_3' title="bbox 2834 348 2913 355">
    <p class='ocr_par' dir='ltr' id='par_1_3' title="bbox 2834 348 2913 355">
     <span class='ocr_line' id='line_1_3' title="bbox 2834 348 2913 355; baseline 0.013 -1"><span class='ocrx_word' id='word_1_5' title='bbox 2834 348 2846 354; x_wconf 57' lang='grc' dir='ltr'><strong>θ</strong></span> <span class='ocrx_word' id='word_1_6' title='bbox 2856 348 2913 355; x_wconf 57' lang='grc' dir='ltr'><strong>,Α’-</strong></span> 
     </span>
    </p>
   </div>
   <div class='ocr_carea' id='block_1_4' title="bbox 3487 413 3596 478">
    <p class='ocr_par' dir='ltr' id='par_1_4' title="bbox 3487 413 3596 478">
     <span class='ocr_line' id='line_1_4' title="bbox 3487 413 3596 478; baseline 0.009 -3"><span class='ocrx_word' id='word_1_7' title='bbox 3487 413 3596 478; x_wconf 73' lang='grc' dir='ltr'><strong>1θο</strong></span> 
     </span>
    </p>
   </div>
   <div class='ocr_carea' id='block_1_5' title="bbox 321 499 1897 594">
    <p class='ocr_par' dir='ltr' id='par_1_5' title="bbox 321 499 1897 579">
     <span class='ocr_line' id='line_1_5' title="bbox 321 499 1897 579; baseline 0.01 -27"><span class='ocrx_word' id='word_1_8' title='bbox 321 517 405 557; x_wconf 83' lang='grc' dir='ltr'><strong>νοι</strong></span> <span class='ocrx_word' id='word_1_9' title='bbox 433 499 527 553; x_wconf 81' lang='grc' dir='ltr'>τοῦ</span> <span class='ocrx_word' id='word_1_10' title='bbox 592 500 650 553; x_wconf 81' lang='grc' dir='ltr'>ὲν</span> <span class='ocrx_word' id='word_1_11' title='bbox 695 500 773 573; x_wconf 83' lang='grc' dir='ltr'><strong>τῷ</strong></span> <span class='ocrx_word' id='word_1_12' title='bbox 815 503 925 573; x_wconf 78' lang='grc' dir='ltr'><strong>ὅρῳ</strong></span> <span class='ocrx_word' id='word_1_13' title='bbox 946 506 1569 579; x_wconf 22' lang='grc' dir='ltr'>τετάρτουξκῖςραλαίου.</span> <span class='ocrx_word' id='word_1_14' title='bbox 1610 514 1719 565; x_wconf 72' lang='grc' dir='ltr'><strong>Καὶ</strong></span> <span class='ocrx_word' id='word_1_15' title='bbox 1751 516 1777 567; x_wconf 99' lang='lat'><strong>6</strong></span> <span class='ocrx_word' id='word_1_16' title='bbox 1810 516 1897 566; x_wconf 72' lang='grc' dir='ltr'><strong>ὲν-</strong></span> 
     </span>
    </p>
   </div>
   <div class='ocr_carea' id='block_1_6' title="bbox 2000 499 3586 594">
    <p class='ocr_par' dir='ltr' id='par_1_6' title="bbox 2004 520 3586 594">
     <span class='ocr_line' id='line_1_6' title="bbox 2004 520 3586 594; baseline 0.003 -23"><span class='ocrx_word' id='word_1_17' title='bbox 2004 531 2103 585; x_wconf 87' lang='lat' dir='ltr'><strong>pro</strong></span> <span class='ocrx_word' id='word_1_18' title='bbox 2168 530 2368 589; x_wconf 88' lang='lat' dir='ltr'><strong>quarto</strong></span> <span class='ocrx_word' id='word_1_19' title='bbox 2418 520 2755 577; x_wconf 80' lang='lat' dir='ltr'><strong>definitionis</strong></span> <span class='ocrx_word' id='word_1_20' title='bbox 2808 524 2985 594; x_wconf 81' lang='lat' dir='ltr'><strong>capite</strong></span> <span class='ocrx_word' id='word_1_21' title='bbox 3033 526 3357 593; x_wconf 80' lang='lat' dir='ltr'><strong>scribentes,</strong></span> <span class='ocrx_word' id='word_1_22' title='bbox 3422 540 3586 592; x_wconf 88' lang='lat' dir='ltr'><strong>quam</strong></span> 
     </span>
    </p>
   </div>
   <div class='ocr_carea' id='block_1_7' title="bbox 318 593 1893 677">
    <p class='ocr_par' dir='ltr' id='par_1_7' title="bbox 318 593 1893 677">
     <span class='ocr_line' id='line_1_7' title="bbox 318 593 1893 677; baseline 0.01 -33"><span class='ocrx_word' id='word_1_23' title='bbox 318 593 506 664; x_wconf 73' lang='grc' dir='ltr'>τυχὼν</span> <span class='ocrx_word' id='word_1_24' title='bbox 534 593 765 659; x_wconf 77' lang='grc' dir='ltr'>ἐκείνοις</span> <span class='ocrx_word' id='word_1_25' title='bbox 799 600 893 650; x_wconf 72' lang='grc' dir='ltr'>καὶ</span> <span class='ocrx_word' id='word_1_26' title='bbox 920 598 1018 660; x_wconf 73' lang='grc' dir='ltr'><strong>τὰς</strong></span> <span class='ocrx_word' id='word_1_27' title='bbox 1047 602 1238 665; x_wconf 64' lang='grc' dir='ltr'>λοιπὰς</span> <span class='ocrx_word' id='word_1_28' title='bbox 1288 604 1510 673; x_wconf 80' lang='grc' dir='ltr'>εύρήσει</span> <span class='ocrx_word' id='word_1_29' title='bbox 1561 609 1893 677; x_wconf 80' lang='grc' dir='ltr'>μαρτυρίας.</span> 
     </span>
    </p>
   </div>
   <div class='ocr_carea' id='block_1_8' title="bbox 325 683 1897 768">
    <p class='ocr_par' dir='ltr' id='par_1_8' title="bbox 325 683 1897 768">
     <span class='ocr_line' id='line_1_8' title="bbox 325 683 1897 768; baseline 0.01 -32"><span class='ocrx_word' id='word_1_30' title='bbox 325 683 390 737; x_wconf 73' lang='lat' dir='ltr'><strong>Et</strong></span> <span class='ocrx_word' id='word_1_31' title='bbox 426 683 523 738; x_wconf 78' lang='grc' dir='ltr'>οὖν</span> <span class='ocrx_word' id='word_1_32' title='bbox 576 686 626 739; x_wconf 78' lang='grc' dir='ltr'>οἱ</span> <span class='ocrx_word' id='word_1_33' title='bbox 660 687 810 755; x_wconf 79' lang='grc' dir='ltr'>ἀγιοι</span> <span class='ocrx_word' id='word_1_34' title='bbox 857 691 1228 759; x_wconf 77' lang='grc' dir='ltr'><strong>παρίστανται</strong></span> <span class='ocrx_word' id='word_1_35' title='bbox 1266 697 1329 764; x_wconf 85' lang='grc' dir='ltr'>τῇ</span> <span class='ocrx_word' id='word_1_36' title='bbox 1373 696 1505 768; x_wconf 80' lang='grc' dir='ltr'>ἀγίᾳ</span> <span class='ocrx_word' id='word_1_37' title='bbox 1551 698 1764 767; x_wconf 80' lang='grc' dir='ltr'>Τριὰδι,</span> <span class='ocrx_word' id='word_1_38' title='bbox 1803 701 1897 753; x_wconf 77' lang='grc' dir='ltr'><strong>καὶ</strong></span> 
     </span>
    </p>
   </div>
   <div class='ocr_carea' id='block_1_9' title="bbox 322 777 1899 853">
    <p class='ocr_par' dir='ltr' id='par_1_9' title="bbox 322 777 1899 853">
     <span class='ocr_line' id='line_1_9' title="bbox 322 777 1899 853; baseline 0.01 -25"><span class='ocrx_word' id='word_1_39' title='bbox 322 777 618 847; x_wconf 74' lang='grc' dir='ltr'>πρόσωπον</span> <span class='ocrx_word' id='word_1_40' title='bbox 647 780 784 848; x_wconf 68' lang='grc' dir='ltr'>πρὸς</span> <span class='ocrx_word' id='word_1_41' title='bbox 833 782 1130 849; x_wconf 82' lang='grc' dir='ltr'>πρόσωπον</span> <span class='ocrx_word' id='word_1_42' title='bbox 1181 786 1416 853; x_wconf 81' lang='grc' dir='ltr'>ὁρῶντες</span> <span class='ocrx_word' id='word_1_43' title='bbox 1465 789 1562 840; x_wconf 77' lang='grc' dir='ltr'>τὸν</span> <span class='ocrx_word' id='word_1_44' title='bbox 1614 790 1750 842; x_wconf 71' lang='grc' dir='ltr'>Θεὸν</span> <span class='ocrx_word' id='word_1_45' title='bbox 1797 793 1899 845; x_wconf 76' lang='grc' dir='ltr'><strong>οὐκ</strong></span> 
     </span>
    </p>
   </div>
   <div class='ocr_carea' id='block_1_10' title="bbox 322 868 1900 951">
    <p class='ocr_par' dir='ltr' id='par_1_10' title="bbox 322 868 1900 951">
     <span class='ocr_line' id='line_1_10' title="bbox 322 868 1900 951; baseline 0.011 -33"><span class='ocrx_word' id='word_1_46' title='bbox 322 868 772 937; x_wconf 67' lang='grc' dir='ltr'>ἀπολαμϐάνουσι</span> <span class='ocrx_word' id='word_1_47' title='bbox 825 873 1069 939; x_wconf 76' lang='grc' dir='ltr'><strong>τελείως,</strong></span> <span class='ocrx_word' id='word_1_48' title='bbox 1095 876 1233 930; x_wconf 83' lang='grc' dir='ltr'><strong>ἀλλά</strong></span> <span class='ocrx_word' id='word_1_49' title='bbox 1270 878 1400 932; x_wconf 78' lang='grc' dir='ltr'>ἄλλο</span> <span class='ocrx_word' id='word_1_50' title='bbox 1431 881 1485 933; x_wconf 82' lang='grc' dir='ltr'><strong>τί</strong></span> <span class='ocrx_word' id='word_1_51' title='bbox 1512 882 1663 933; x_wconf 69' lang='grc' dir='ltr'>ἐστιν</span> <span class='ocrx_word' id='word_1_52' title='bbox 1696 883 1727 951; x_wconf 82' lang='grc' dir='ltr'><strong>ή</strong></span> <span class='ocrx_word' id='word_1_53' title='bbox 1762 884 1900 935; x_wconf 70' lang='grc' dir='ltr'>ἀπόο</span> 
     </span>
    </p>
   </div>
   <div class='ocr_carea' id='block_1_11' title="bbox 320 958 1899 1044">
    <p class='ocr_par' dir='ltr' id='par_1_11' title="bbox 320 958 1899 1044">
     <span class='ocr_line' id='line_1_11' title="bbox 320 958 1899 1044; baseline 0.011 -32"><span class='ocrx_word' id='word_1_54' title='bbox 320 958 533 1027; x_wconf 79' lang='grc' dir='ltr'>λαυσις,</span> <span class='ocrx_word' id='word_1_55' title='bbox 550 966 905 1032; x_wconf 81' lang='grc' dir='ltr'>ὲμφανισάτω</span> <span class='ocrx_word' id='word_1_56' title='bbox 923 969 1106 1034; x_wconf 73' lang='grc' dir='ltr'>αὐτὸς,</span> <span class='ocrx_word' id='word_1_57' title='bbox 1128 973 1219 1022; x_wconf 80' lang='grc' dir='ltr'><strong>καὶ</strong></span> <span class='ocrx_word' id='word_1_58' title='bbox 1239 972 1270 1040; x_wconf 82' lang='grc' dir='ltr'>ἡ</span> <span class='ocrx_word' id='word_1_59' title='bbox 1279 974 1398 1040; x_wconf 78' lang='grc' dir='ltr'>μείς</span> <span class='ocrx_word' id='word_1_60' title='bbox 1416 978 1733 1044; x_wconf 78' lang='grc' dir='ltr'>σιγήσομεν.</span> <span class='ocrx_word' id='word_1_61' title='bbox 1758 977 1899 1029; x_wconf 83' lang='grc' dir='ltr'>Ἀλλ’</span> 
     </span>
    </p>
   </div>
   <div class='ocr_carea' id='block_1_12' title="bbox 320 1052 1947 1137">
    <p class='ocr_par' dir='ltr' id='par_1_12' title="bbox 320 1052 1947 1137">
     <span class='ocr_line' id='line_1_12' title="bbox 320 1052 1947 1137; baseline 0.013 -37"><span class='ocrx_word' id='word_1_62' title='bbox 320 1052 420 1107; x_wconf 80' lang='grc' dir='ltr'>οὐκ</span> <span class='ocrx_word' id='word_1_63' title='bbox 448 1052 559 1123; x_wconf 76' lang='grc' dir='ltr'>ἔχει</span> <span class='ocrx_word' id='word_1_64' title='bbox 588 1073 642 1107; x_wconf 89' lang='grc' dir='ltr'><strong>τι</strong></span> <span class='ocrx_word' id='word_1_65' title='bbox 678 1056 840 1109; x_wconf 82' lang='grc' dir='ltr'>πλέον</span> <span class='ocrx_word' id='word_1_66' title='bbox 874 1058 1066 1124; x_wconf 77' lang='grc' dir='ltr'>δεῖξαι,</span> <span class='ocrx_word' id='word_1_67' title='bbox 1096 1063 1143 1111; x_wconf 89' lang='grc' dir='ltr'><strong>εί</strong></span> <span class='ocrx_word' id='word_1_68' title='bbox 1182 1064 1255 1132; x_wconf 84' lang='grc' dir='ltr'>μὴ</span> <span class='ocrx_word' id='word_1_69' title='bbox 1287 1064 1383 1132; x_wconf 84' lang='grc' dir='ltr'>τὴν</span> <span class='ocrx_word' id='word_1_70' title='bbox 1407 1064 1638 1135; x_wconf 78' lang='grc' dir='ltr'><strong>θεωρίαν</strong></span> <span class='ocrx_word' id='word_1_71' title='bbox 1669 1067 1898 1137; x_wconf 81' lang='grc' dir='ltr'>ταύτην.</span> <span class='ocrx_word' id='word_1_72' title='bbox 1944 1118 1947 1121; x_wconf 88' lang='grc'>.</span> 
     </span>
    </p>
   </div>
   <div class='ocr_carea' id='block_1_13' title="bbox 326 1141 1900 1221">
    <p class='ocr_par' dir='ltr' id='par_1_13' title="bbox 326 1141 1900 1221">
     <span class='ocr_line' id='line_1_13' title="bbox 326 1141 1900 1221; baseline 0.011 -29"><span class='ocrx_word' id='word_1_73' title='bbox 326 1141 424 1193; x_wconf 81' lang='grc' dir='ltr'>Ἕν</span> <span class='ocrx_word' id='word_1_74' title='bbox 456 1144 617 1210; x_wconf 84' lang='grc' dir='ltr'>μόνον</span> <span class='ocrx_word' id='word_1_75' title='bbox 646 1147 815 1212; x_wconf 75' lang='grc' dir='ltr'>ἐστὶν,</span> <span class='ocrx_word' id='word_1_76' title='bbox 844 1141 889 1214; x_wconf 79' lang='grc' dir='ltr'>ᾧ</span> <span class='ocrx_word' id='word_1_77' title='bbox 921 1146 970 1200; x_wconf 83' lang='lat' dir='ltr'><strong>oi</strong></span> <span class='ocrx_word' id='word_1_78' title='bbox 995 1151 1180 1204; x_wconf 78' lang='grc' dir='ltr'>πολλοὶ</span> <span class='ocrx_word' id='word_1_79' title='bbox 1207 1154 1300 1204; x_wconf 71' lang='grc' dir='ltr'><strong>καὶ</strong></span> <span class='ocrx_word' id='word_1_80' title='bbox 1332 1153 1743 1221; x_wconf 82' lang='grc' dir='ltr'>διαφωνοῦντας</span> <span class='ocrx_word' id='word_1_81' title='bbox 1772 1160 1900 1219; x_wconf 68' lang='grc' dir='ltr'>τοὺς</span> 
     </span>
    </p>
   </div>
   <div class='ocr_carea' id='block_1_14' title="bbox 317 1233 1898 1315">
    <p class='ocr_par' dir='ltr' id='par_1_14' title="bbox 317 1233 1898 1315">
     <span class='ocr_line' id='line_1_14' title="bbox 317 1233 1898 1315; baseline 0.011 -32"><span class='ocrx_word' id='word_1_82' title='bbox 317 1233 513 1299; x_wconf 73' lang='grc' dir='ltr'>ἁγίους</span> <span class='ocrx_word' id='word_1_83' title='bbox 552 1237 888 1305; x_wconf 71' lang='grc' dir='ltr'>νομίζουσιν,</span> <span class='ocrx_word' id='word_1_84' title='bbox 913 1241 995 1292; x_wconf 86' lang='grc' dir='ltr'>ὅτι</span> <span class='ocrx_word' id='word_1_85' title='bbox 1038 1244 1168 1294; x_wconf 85' lang='grc' dir='ltr'>ποτὲ</span> <span class='ocrx_word' id='word_1_86' title='bbox 1222 1245 1321 1311; x_wconf 78' lang='grc' dir='ltr'>μὲν</span> <span class='ocrx_word' id='word_1_87' title='bbox 1371 1246 1596 1310; x_wconf 78' lang='grc' dir='ltr'><strong>τελείως</strong></span> <span class='ocrx_word' id='word_1_88' title='bbox 1645 1248 1898 1315; x_wconf 71' lang='grc' dir='ltr'>λέγουσιν</span> 
     </span>
    </p>
   </div>
   <div class='ocr_carea' id='block_1_15' title="bbox 316 1327 1893 1402">
    <p class='ocr_par' dir='ltr' id='par_1_15' title="bbox 316 1327 1893 1402">
     <span class='ocr_line' id='line_1_15' title="bbox 316 1327 1893 1402; baseline 0.012 -27"><span class='ocrx_word' id='word_1_89' title='bbox 316 1327 732 1397; x_wconf 77' lang='grc' dir='ltr'>ἀπολαμϐάνειν</span> <span class='ocrx_word' id='word_1_90' title='bbox 781 1333 908 1393; x_wconf 79' lang='grc' dir='ltr'>τοὺς</span> <span class='ocrx_word' id='word_1_91' title='bbox 956 1334 1170 1400; x_wconf 73' lang='grc' dir='ltr'>ἁγίους,</span> <span class='ocrx_word' id='word_1_92' title='bbox 1224 1338 1355 1389; x_wconf 70' lang='grc' dir='ltr'>ποτε</span> <span class='ocrx_word' id='word_1_93' title='bbox 1414 1338 1470 1391; x_wconf 74' lang='grc' dir='ltr'><strong>δὲ</strong></span> <span class='ocrx_word' id='word_1_94' title='bbox 1525 1340 1586 1391; x_wconf 86' lang='grc' dir='ltr'><strong>ού</strong></span> <span class='ocrx_word' id='word_1_95' title='bbox 1650 1341 1893 1402; x_wconf 84' lang='grc' dir='ltr'>τελείως.</span> 
     </span>
    </p>
   </div>
   <div class='ocr_carea' id='block_1_16' title="bbox 321 1417 1896 1494">
    <p class='ocr_par' dir='ltr' id='par_1_16' title="bbox 321 1417 1896 1494">
     <span class='ocr_line' id='line_1_16' title="bbox 321 1417 1896 1494; baseline 0.011 -25"><span class='ocrx_word' id='word_1_96' title='bbox 321 1417 495 1471; x_wconf 80' lang='grc' dir='ltr'>Ὅταν</span> <span class='ocrx_word' id='word_1_97' title='bbox 523 1421 629 1489; x_wconf 73' lang='grc' dir='ltr'><strong>γὰρ</strong></span> <span class='ocrx_word' id='word_1_98' title='bbox 666 1423 796 1490; x_wconf 80' lang='grc' dir='ltr'>περὶ</span> <span class='ocrx_word' id='word_1_99' title='bbox 830 1424 938 1476; x_wconf 83' lang='grc' dir='ltr'><strong>τῶν</strong></span> <span class='ocrx_word' id='word_1_100' title='bbox 971 1426 1160 1494; x_wconf 78' lang='grc' dir='ltr'>ψυχῶν</span> <span class='ocrx_word' id='word_1_101' title='bbox 1183 1428 1366 1480; x_wconf 80' lang='grc' dir='ltr'>αὐτῶν</span> <span class='ocrx_word' id='word_1_102' title='bbox 1401 1429 1645 1485; x_wconf 79' lang='grc' dir='ltr'>ὲννοοῦσι</span> <span class='ocrx_word' id='word_1_103' title='bbox 1672 1434 1767 1485; x_wconf 73' lang='grc' dir='ltr'><strong>καὶ</strong></span> <span class='ocrx_word' id='word_1_104' title='bbox 1807 1433 1896 1485; x_wconf 80' lang='grc' dir='ltr'><strong>λέ-</strong></span> 
     </span>
    </p>
   </div>
   <div class='ocr_carea' id='block_1_17' title="bbox 316 1514 1896 1596">
    <p class='ocr_par' dir='ltr' id='par_1_17' title="bbox 316 1514 1896 1596">
     <span class='ocr_line' id='line_1_17' title="bbox 316 1514 1896 1596; baseline 0.011 -36"><span class='ocrx_word' id='word_1_105' title='bbox 316 1526 533 1577; x_wconf 81' lang='grc' dir='ltr'>γουσιν,</span> <span class='ocrx_word' id='word_1_106' title='bbox 570 1514 981 1583; x_wconf 80' lang='grc' dir='ltr'>ἀπολαμϐάνειν</span> <span class='ocrx_word' id='word_1_107' title='bbox 1025 1518 1246 1580; x_wconf 76' lang='grc' dir='ltr'><strong>τελείως</strong></span> <span class='ocrx_word' id='word_1_108' title='bbox 1287 1522 1474 1588; x_wconf 79' lang='grc' dir='ltr'>φασίν·</span> <span class='ocrx_word' id='word_1_109' title='bbox 1511 1523 1639 1575; x_wconf 83' lang='grc' dir='ltr'>ὅταν</span> <span class='ocrx_word' id='word_1_110' title='bbox 1678 1524 1732 1577; x_wconf 74' lang='grc' dir='ltr'><strong>δὲ</strong></span> <span class='ocrx_word' id='word_1_111' title='bbox 1767 1528 1896 1596; x_wconf 78' lang='grc' dir='ltr'>περὶ</span> 
     </span>
    </p>
   </div>
   <div class='ocr_carea' id='block_1_18' title="bbox 311 1601 1898 1687">
    <p class='ocr_par' dir='ltr' id='par_1_18' title="bbox 311 1601 1898 1687">
     <span class='ocr_line' id='line_1_18' title="bbox 311 1601 1898 1687; baseline 0.013 -37"><span class='ocrx_word' id='word_1_112' title='bbox 311 1601 412 1652; x_wconf 77' lang='grc' dir='ltr'>τοῦ</span> <span class='ocrx_word' id='word_1_113' title='bbox 448 1602 573 1654; x_wconf 78' lang='grc' dir='ltr'>ὅλου</span> <span class='ocrx_word' id='word_1_114' title='bbox 596 1604 910 1674; x_wconf 84' lang='grc' dir='ltr'>ἀνθρώπου,</span> <span class='ocrx_word' id='word_1_115' title='bbox 938 1609 1001 1660; x_wconf 85' lang='grc' dir='ltr'><strong>ού</strong></span> <span class='ocrx_word' id='word_1_116' title='bbox 1028 1609 1271 1673; x_wconf 73' lang='grc' dir='ltr'>τελείως·</span> <span class='ocrx_word' id='word_1_117' title='bbox 1307 1613 1423 1676; x_wconf 82' lang='grc' dir='ltr'>πῶς</span> <span class='ocrx_word' id='word_1_118' title='bbox 1452 1614 1559 1683; x_wconf 77' lang='grc' dir='ltr'>γὰρ</span> <span class='ocrx_word' id='word_1_119' title='bbox 1582 1615 1681 1684; x_wconf 86' lang='grc' dir='ltr'>τῆς</span> <span class='ocrx_word' id='word_1_120' title='bbox 1710 1618 1898 1687; x_wconf 78' lang='grc' dir='ltr'>κοινῆς</span> 
     </span>
    </p>
   </div>
   <div class='ocr_carea' id='block_1_19' title="bbox 313 1691 1897 1782">
    <p class='ocr_par' dir='ltr' id='par_1_19' title="bbox 313 1691 1897 1782">
     <span class='ocr_line' id='line_1_19' title="bbox 313 1691 1897 1782; baseline 0.012 -41"><span class='ocrx_word' id='word_1_121' title='bbox 313 1691 670 1782; x_wconf 62' lang='grc' dir='ltr'>ἀναστάσεως</span> <span class='ocrx_word' id='word_1_122' title='bbox 712 1695 787 1765; x_wconf 80' lang='grc' dir='ltr'>μὴ</span> <span class='ocrx_word' id='word_1_123' title='bbox 853 1697 1121 1768; x_wconf 75' lang='grc' dir='ltr'>ἐλθούσης</span> <span class='ocrx_word' id='word_1_124' title='bbox 1175 1701 1234 1752; x_wconf 69' lang='grc' dir='ltr'>τὸ</span> <span class='ocrx_word' id='word_1_125' title='bbox 1298 1705 1708 1782; x_wconf 74' lang='grc' dir='ltr'>συναμφότερον</span> <span class='ocrx_word' id='word_1_126' title='bbox 1763 1707 1897 1760; x_wconf 74' lang='grc' dir='ltr'>ἀπο-</span> 
     </span>
    </p>
   </div>
   <div class='ocr_carea' id='block_1_20' title="bbox 313 1780 1896 1865">
    <p class='ocr_par' dir='ltr' id='par_1_20' title="bbox 313 1780 1896 1865">
     <span class='ocr_line' id='line_1_20' title="bbox 313 1780 1896 1865; baseline 0.013 -37"><span class='ocrx_word' id='word_1_127' title='bbox 313 1780 623 1849; x_wconf 74' lang='grc' dir='ltr'>λαμϐάνοι;</span> <span class='ocrx_word' id='word_1_128' title='bbox 657 1784 749 1837; x_wconf 79' lang='grc' dir='ltr'><strong>Διὸ</strong></span> <span class='ocrx_word' id='word_1_129' title='bbox 783 1786 918 1839; x_wconf 77' lang='grc' dir='ltr'>καθδ</span> <span class='ocrx_word' id='word_1_130' title='bbox 958 1789 1060 1857; x_wconf 81' lang='grc' dir='ltr'>μὲν</span> <span class='ocrx_word' id='word_1_131' title='bbox 1088 1788 1259 1860; x_wconf 68' lang='grc' dir='ltr'>ψυχαὶ</span> <span class='ocrx_word' id='word_1_132' title='bbox 1303 1780 1525 1856; x_wconf 72' lang='grc' dir='ltr'>τελείως</span> <span class='ocrx_word' id='word_1_133' title='bbox 1566 1795 1896 1865; x_wconf 72' lang='grc' dir='ltr'>ἀπολαμϐά-</span> 
     </span>
    </p>
   </div>
   <div class='ocr_carea' id='block_1_21' title="bbox 312 1873 1897 1955">
    <p class='ocr_par' dir='ltr' id='par_1_21' title="bbox 312 1873 1897 1955">
     <span class='ocr_line' id='line_1_21' title="bbox 312 1873 1897 1955; baseline 0.013 -34"><span class='ocrx_word' id='word_1_134' title='bbox 312 1887 500 1955; x_wconf 81' lang='grc' dir='ltr'>νουσιν</span> <span class='ocrx_word' id='word_1_135' title='bbox 531 1875 580 1925; x_wconf 81' lang='grc' dir='ltr'>οἱ</span> <span class='ocrx_word' id='word_1_136' title='bbox 612 1873 780 1941; x_wconf 74' lang='grc' dir='ltr'>ἅγιοι,</span> <span class='ocrx_word' id='word_1_137' title='bbox 812 1877 945 1929; x_wconf 80' lang='grc' dir='ltr'>καθὸ</span> <span class='ocrx_word' id='word_1_138' title='bbox 973 1879 1028 1931; x_wconf 83' lang='grc' dir='ltr'><strong>δὲ</strong></span> <span class='ocrx_word' id='word_1_139' title='bbox 1056 1881 1118 1932; x_wconf 82' lang='grc' dir='ltr'><strong>ού</strong></span> <span class='ocrx_word' id='word_1_140' title='bbox 1164 1882 1328 1950; x_wconf 80' lang='grc' dir='ltr'>μόνον</span> <span class='ocrx_word' id='word_1_141' title='bbox 1358 1883 1527 1951; x_wconf 70' lang='grc' dir='ltr'>ψυχαὶ</span> <span class='ocrx_word' id='word_1_142' title='bbox 1560 1881 1723 1954; x_wconf 76' lang='grc' dir='ltr'>ἦσαν,</span> <span class='ocrx_word' id='word_1_143' title='bbox 1760 1888 1897 1941; x_wconf 82' lang='grc' dir='ltr'>ἀλλὰ</span> 
     </span>
    </p>
   </div>
   <div class='ocr_carea' id='block_1_22' title="bbox 315 1966 1893 2047">
    <p class='ocr_par' dir='ltr' id='par_1_22' title="bbox 315 1966 1893 2047">
     <span class='ocr_line' id='line_1_22' title="bbox 315 1966 1893 2047; baseline 0.012 -33"><span class='ocrx_word' id='word_1_144' title='bbox 315 1966 557 2033; x_wconf 81' lang='grc' dir='ltr'>σώματα</span> <span class='ocrx_word' id='word_1_145' title='bbox 611 1969 941 2036; x_wconf 77' lang='grc' dir='ltr'>ὲνεδέδυντο,</span> <span class='ocrx_word' id='word_1_146' title='bbox 996 1973 1057 2024; x_wconf 84' lang='grc' dir='ltr'>οὐ</span> <span class='ocrx_word' id='word_1_147' title='bbox 1110 1975 1333 2036; x_wconf 75' lang='grc' dir='ltr'><strong>τελείως</strong></span> <span class='ocrx_word' id='word_1_148' title='bbox 1388 1979 1893 2047; x_wconf 81' lang='grc' dir='ltr'>ἀπολαμϐάνουσιν.</span> 
     </span>
    </p>
   </div>
   <div class='ocr_carea' id='block_1_23' title="bbox 324 2055 1895 2141">
    <p class='ocr_par' dir='ltr' id='par_1_23' title="bbox 324 2055 1895 2141">
     <span class='ocr_line' id='line_1_23' title="bbox 324 2055 1895 2141; baseline 0.01 -33"><span class='ocrx_word' id='word_1_149' title='bbox 324 2057 418 2118; x_wconf 79' lang='grc' dir='ltr'>Ὠς</span> <span class='ocrx_word' id='word_1_150' title='bbox 445 2060 555 2126; x_wconf 69' lang='grc' dir='ltr'><strong>γὰρ</strong></span> <span class='ocrx_word' id='word_1_151' title='bbox 582 2055 718 2122; x_wconf 73' lang='grc' dir='ltr'>εἶδος</span> <span class='ocrx_word' id='word_1_152' title='bbox 745 2062 803 2113; x_wconf 65' lang='grc' dir='ltr'>ἂν</span> <span class='ocrx_word' id='word_1_153' title='bbox 834 2062 909 2131; x_wconf 83' lang='grc' dir='ltr'><strong>τῷ</strong></span> <span class='ocrx_word' id='word_1_154' title='bbox 945 2065 1158 2132; x_wconf 81' lang='grc' dir='ltr'>σώματι</span> <span class='ocrx_word' id='word_1_155' title='bbox 1184 2068 1215 2136; x_wconf 86' lang='grc' dir='ltr'><strong>ἡ</strong></span> <span class='ocrx_word' id='word_1_156' title='bbox 1247 2067 1418 2138; x_wconf 74' lang='grc' dir='ltr'>ψυχή·</span> <span class='ocrx_word' id='word_1_157' title='bbox 1450 2070 1544 2122; x_wconf 71' lang='grc' dir='ltr'><strong>καὶ</strong></span> <span class='ocrx_word' id='word_1_158' title='bbox 1580 2072 1612 2141; x_wconf 78' lang='grc' dir='ltr'><strong>ἡ</strong></span> <span class='ocrx_word' id='word_1_159' title='bbox 1640 2071 1737 2139; x_wconf 67' lang='grc' dir='ltr'>μιν</span> <span class='ocrx_word' id='word_1_160' title='bbox 1770 2070 1895 2140; x_wconf 78' lang='grc' dir='ltr'>ὖλη,</span> 
     </span>
    </p>
   </div>
   <div class='ocr_carea' id='block_1_24' title="bbox 312 2144 1895 2232">
    <p class='ocr_par' dir='ltr' id='par_1_24' title="bbox 312 2144 1895 2232">
     <span class='ocr_line' id='line_1_24' title="bbox 312 2144 1895 2232; baseline 0.009 -33"><span class='ocrx_word' id='word_1_161' title='bbox 312 2144 455 2214; x_wconf 62' lang='grc' dir='ltr'>ὅπερ</span> <span class='ocrx_word' id='word_1_162' title='bbox 478 2149 597 2201; x_wconf 69' lang='grc' dir='ltr'>ἐστὶ</span> <span class='ocrx_word' id='word_1_163' title='bbox 620 2150 888 2221; x_wconf 76' lang='grc' dir='ltr'>τὺ,σῶμα,</span> <span class='ocrx_word' id='word_1_164' title='bbox 927 2152 1083 2207; x_wconf 69' lang='grc' dir='ltr'>οὔπω</span> <span class='ocrx_word' id='word_1_165' title='bbox 1119 2156 1357 2226; x_wconf 72' lang='grc' dir='ltr'>ἀνέστη,</span> <span class='ocrx_word' id='word_1_166' title='bbox 1390 2160 1501 2211; x_wconf 77' lang='grc' dir='ltr'><strong>οὐδ’</strong></span> <span class='ocrx_word' id='word_1_167' title='bbox 1531 2161 1833 2213; x_wconf 74' lang='grc' dir='ltr'>ἀπέλαϐενο</span> <span class='ocrx_word' id='word_1_168' title='bbox 1863 2164 1895 2232; x_wconf 79' lang='grc' dir='ltr'>ἠ</span> 
     </span>
    </p>
   </div>
   <div class='ocr_carea' id='block_1_25' title="bbox 315 2239 1897 2324">
    <p class='ocr_par' dir='ltr' id='par_1_25' title="bbox 315 2239 1897 2324">
     <span class='ocr_line' id='line_1_25' title="bbox 315 2239 1897 2324; baseline 0.011 -33"><span class='ocrx_word' id='word_1_169' title='bbox 315 2239 372 2292; x_wconf 81' lang='grc' dir='ltr'><strong>δὲ</strong></span> <span class='ocrx_word' id='word_1_170' title='bbox 407 2240 554 2311; x_wconf 75' lang='grc' dir='ltr'>ψυχὴ</span> <span class='ocrx_word' id='word_1_171' title='bbox 582 2243 806 2309; x_wconf 81' lang='grc' dir='ltr'>τελείως</span> <span class='ocrx_word' id='word_1_172' title='bbox 839 2249 1245 2318; x_wconf 81' lang='grc' dir='ltr'>ἀπολαμϐάνει.</span> <span class='ocrx_word' id='word_1_173' title='bbox 1279 2253 1401 2305; x_wconf 81' lang='grc' dir='ltr'><strong>Ὀτι</strong></span> <span class='ocrx_word' id='word_1_174' title='bbox 1426 2253 1483 2305; x_wconf 75' lang='grc' dir='ltr'><strong>δὲ</strong></span> <span class='ocrx_word' id='word_1_175' title='bbox 1519 2253 1577 2306; x_wconf 78' lang='grc' dir='ltr'><strong>τὸ</strong></span> <span class='ocrx_word' id='word_1_176' title='bbox 1619 2256 1897 2324; x_wconf 76' lang='grc' dir='ltr'>συναμφό-</span> 
     </span>
    </p>
   </div>
   <div class='ocr_carea' id='block_1_26' title="bbox 312 2332 1892 2413">
    <p class='ocr_par' dir='ltr' id='par_1_26' title="bbox 312 2332 1892 2413">
     <span class='ocr_line' id='line_1_26' title="bbox 312 2332 1892 2413; baseline 0.01 -30"><span class='ocrx_word' id='word_1_177' title='bbox 312 2347 473 2398; x_wconf 81' lang='grc' dir='ltr'>τερον</span> <span class='ocrx_word' id='word_1_178' title='bbox 496 2335 522 2386; x_wconf 88' lang='lat'><strong>6</strong></span> <span class='ocrx_word' id='word_1_179' title='bbox 549 2332 863 2404; x_wconf 73' lang='grc' dir='ltr'>ἄνθρωπος,</span> <span class='ocrx_word' id='word_1_180' title='bbox 890 2341 984 2391; x_wconf 76' lang='grc' dir='ltr'><strong>καὶ</strong></span> <span class='ocrx_word' id='word_1_181' title='bbox 1013 2341 1072 2392; x_wconf 77' lang='grc' dir='ltr'>τὸ</span> <span class='ocrx_word' id='word_1_182' title='bbox 1104 2344 1523 2413; x_wconf 65' lang='grc' dir='ltr'>συναμφότερον</span> <span class='ocrx_word' id='word_1_183' title='bbox 1559 2345 1892 2413; x_wconf 79' lang='grc' dir='ltr'>ἠγωνίσατο,</span> 
     </span>
    </p>
   </div>
   <div class='ocr_carea' id='block_1_27' title="bbox 314 2422 1895 2500">
    <p class='ocr_par' dir='ltr' id='par_1_27' title="bbox 314 2422 1895 2500">
     <span class='ocr_line' id='line_1_27' title="bbox 314 2422 1895 2500; baseline 0.009 -26"><span class='ocrx_word' id='word_1_184' title='bbox 314 2422 473 2477; x_wconf 74' lang='grc' dir='ltr'>οὔπω</span> <span class='ocrx_word' id='word_1_185' title='bbox 506 2426 730 2490; x_wconf 83' lang='grc' dir='ltr'>τελείως</span> <span class='ocrx_word' id='word_1_186' title='bbox 759 2427 989 2498; x_wconf 79' lang='grc' dir='ltr'>λέγομεν</span> <span class='ocrx_word' id='word_1_187' title='bbox 1020 2430 1453 2500; x_wconf 78' lang='grc' dir='ltr'>ἀπολαμϐάνειν.</span> <span class='ocrx_word' id='word_1_188' title='bbox 1486 2434 1656 2488; x_wconf 86' lang='grc' dir='ltr'>Ὅταν</span> <span class='ocrx_word' id='word_1_189' title='bbox 1696 2436 1751 2489; x_wconf 80' lang='grc' dir='ltr'>δὲ</span> <span class='ocrx_word' id='word_1_190' title='bbox 1789 2437 1895 2489; x_wconf 73' lang='grc' dir='ltr'><strong>ἀπὸ</strong></span> 
     </span>
    </p>
   </div>
   <div class='ocr_carea' id='block_1_28' title="bbox 316 2520 1894 2598">
    <p class='ocr_par' dir='ltr' id='par_1_28' title="bbox 316 2520 1894 2598">
     <span class='ocr_line' id='line_1_28' title="bbox 316 2520 1894 2598; baseline 0.01 -32"><span class='ocrx_word' id='word_1_191' title='bbox 316 2520 520 2587; x_wconf 74' lang='grc' dir='ltr'>μέρους</span> <span class='ocrx_word' id='word_1_192' title='bbox 549 2521 610 2572; x_wconf 82' lang='grc' dir='ltr'>τὸ</span> <span class='ocrx_word' id='word_1_193' title='bbox 637 2521 746 2575; x_wconf 77' lang='grc' dir='ltr'>πᾶν</span> <span class='ocrx_word' id='word_1_194' title='bbox 780 2522 1112 2594; x_wconf 76' lang='grc' dir='ltr'>λογιζόμεθα</span> <span class='ocrx_word' id='word_1_195' title='bbox 1155 2528 1248 2579; x_wconf 78' lang='grc' dir='ltr'><strong>καὶ</strong></span> <span class='ocrx_word' id='word_1_196' title='bbox 1280 2527 1374 2579; x_wconf 78' lang='grc' dir='ltr'><strong>τοῦ</strong></span> <span class='ocrx_word' id='word_1_197' title='bbox 1413 2527 1766 2598; x_wconf 75' lang='grc' dir='ltr'>τιμιωτέρου,</span> <span class='ocrx_word' id='word_1_198' title='bbox 1803 2547 1894 2583; x_wconf 85' lang='grc' dir='ltr'>τε-</span> 
     </span>
    </p>
   </div>
   <div class='ocr_carea' id='block_1_29' title="bbox 312 2609 1916 2693">
    <p class='ocr_par' dir='ltr' id='par_1_29' title="bbox 312 2609 1916 2693">
     <span class='ocr_line' id='line_1_29' title="bbox 312 2609 1916 2693; baseline 0.011 -32"><span class='ocrx_word' id='word_1_199' title='bbox 312 2609 478 2673; x_wconf 85' lang='grc' dir='ltr'>λείως</span> <span class='ocrx_word' id='word_1_200' title='bbox 510 2612 747 2682; x_wconf 77' lang='grc' dir='ltr'>λέγομεν</span> <span class='ocrx_word' id='word_1_201' title='bbox 794 2616 1209 2686; x_wconf 80' lang='grc' dir='ltr'>ἀπολαμϐάνειν</span> <span class='ocrx_word' id='word_1_202' title='bbox 1250 2620 1377 2682; x_wconf 78' lang='grc' dir='ltr'>τοὺς</span> <span class='ocrx_word' id='word_1_203' title='bbox 1427 2623 1637 2689; x_wconf 86' lang='grc' dir='ltr'>ἁγίους,</span> <span class='ocrx_word' id='word_1_204' title='bbox 1675 2624 1916 2693; x_wconf 45' lang='lat' dir='ltr'><strong>Magnus</strong></span> 
     </span>
    </p>
   </div>
   <div class='ocr_carea' id='block_1_30' title="bbox 312 2704 1896 2783">
    <p class='ocr_par' dir='ltr' id='par_1_30' title="bbox 312 2704 1896 2783">
     <span class='ocr_line' id='line_1_30' title="bbox 312 2704 1896 2783; baseline 0.011 -30"><span class='ocrx_word' id='word_1_205' title='bbox 312 2704 476 2771; x_wconf 82' lang='grc' dir='ltr'>ρήσει</span> <span class='ocrx_word' id='word_1_206' title='bbox 502 2704 663 2758; x_wconf 81' lang='grc' dir='ltr'>τοῦτο</span> <span class='ocrx_word' id='word_1_207' title='bbox 693 2710 787 2761; x_wconf 72' lang='grc' dir='ltr'><strong>καὶ</strong></span> <span class='ocrx_word' id='word_1_208' title='bbox 810 2708 839 2760; x_wconf 90' lang='lat'><strong>6</strong></span> <span class='ocrx_word' id='word_1_209' title='bbox 867 2710 1138 2778; x_wconf 82' lang='grc' dir='ltr'>μακάριος</span> <span class='ocrx_word' id='word_1_210' title='bbox 1164 2711 1471 2781; x_wconf 79' lang='grc' dir='ltr'>Γρηγόριος</span> <span class='ocrx_word' id='word_1_211' title='bbox 1495 2716 1523 2767; x_wconf 90' lang='grc' dir='ltr'><strong>ὁ</strong></span> <span class='ocrx_word' id='word_1_212' title='bbox 1556 2716 1814 2783; x_wconf 77' lang='grc' dir='ltr'>Διάλογος</span> <span class='ocrx_word' id='word_1_213' title='bbox 1839 2719 1896 2771; x_wconf 86' lang='grc' dir='ltr'>ὲν</span> 
     </span>
    </p>
   </div>
   <div class='ocr_carea' id='block_1_31' title="bbox 309 2793 1893 2876">
    <p class='ocr_par' dir='ltr' id='par_1_31' title="bbox 309 2793 1893 2876">
     <span class='ocr_line' id='line_1_31' title="bbox 309 2793 1893 2876; baseline 0.018 -31"><span class='ocrx_word' id='word_1_214' title='bbox 309 2793 392 2863; x_wconf 78' lang='grc' dir='ltr'>τῷ</span> <span class='ocrx_word' id='word_1_215' title='bbox 421 2796 707 2867; x_wconf 79' lang='grc' dir='ltr'>κεφαλαίῳ</span> <span class='ocrx_word' id='word_1_216' title='bbox 734 2798 845 2851; x_wconf 83' lang='grc' dir='ltr'>τῶν</span> <span class='ocrx_word' id='word_1_217' title='bbox 877 2801 1204 2871; x_wconf 72' lang='grc' dir='ltr'>Διαλόγων.</span> <span class='ocrx_word' id='word_1_218' title='bbox 1243 2804 1397 2857; x_wconf 75' lang='grc' dir='ltr'>Ἐπεὶ</span> <span class='ocrx_word' id='word_1_219' title='bbox 1426 2806 1541 2868; x_wconf 81' lang='grc' dir='ltr'><strong>πῶς</strong></span> <span class='ocrx_word' id='word_1_220' title='bbox 1567 2807 1741 2869; x_wconf 76' lang='grc' dir='ltr'>ἄλλως</span> <span class='ocrx_word' id='word_1_221' title='bbox 1774 2807 1893 2876; x_wconf 75' lang='grc' dir='ltr'><strong>ἔχο-</strong></span> 
     </span>
    </p>
   </div>
   <div class='ocr_carea' id='block_1_32' title="bbox 312 2888 1896 2964">
    <p class='ocr_par' dir='ltr' id='par_1_32' title="bbox 312 2888 1896 2964">
     <span class='ocr_line' id='line_1_32' title="bbox 312 2888 1896 2964; baseline 0.008 -26"><span class='ocrx_word' id='word_1_222' title='bbox 312 2903 419 2955; x_wconf 85' lang='grc' dir='ltr'><strong>μεν</strong></span> <span class='ocrx_word' id='word_1_223' title='bbox 450 2888 679 2953; x_wconf 75' lang='grc' dir='ltr'>ἐννοεῖν,</span> <span class='ocrx_word' id='word_1_224' title='bbox 711 2891 793 2943; x_wconf 75' lang='grc' dir='ltr'>ὅτι</span> <span class='ocrx_word' id='word_1_225' title='bbox 828 2893 875 2945; x_wconf 87' lang='grc' dir='ltr'><strong>εί</strong></span> <span class='ocrx_word' id='word_1_226' title='bbox 916 2894 993 2962; x_wconf 69' lang='grc' dir='ltr'>μὴ</span> <span class='ocrx_word' id='word_1_227' title='bbox 1023 2896 1229 2947; x_wconf 80' lang='grc' dir='ltr'>τέλειον</span> <span class='ocrx_word' id='word_1_228' title='bbox 1260 2896 1534 2949; x_wconf 85' lang='grc' dir='ltr'>ἀπέλαϐον</span> <span class='ocrx_word' id='word_1_229' title='bbox 1565 2896 1657 2949; x_wconf 81' lang='grc' dir='ltr'>τὸν</span> <span class='ocrx_word' id='word_1_230' title='bbox 1694 2898 1896 2964; x_wconf 69' lang='grc' dir='ltr'>στέφα-</span> 
     </span>
    </p>
   </div>
   <div class='ocr_carea' id='block_1_33' title="bbox 309 2979 1892 3058">
    <p class='ocr_par' dir='ltr' id='par_1_33' title="bbox 309 2979 1892 3058">
     <span class='ocr_line' id='line_1_33' title="bbox 309 2979 1892 3058; baseline 0.009 -30"><span class='ocrx_word' id='word_1_231' title='bbox 309 2995 406 3039; x_wconf 77' lang='grc' dir='ltr'><strong>νον</strong></span> <span class='ocrx_word' id='word_1_232' title='bbox 452 2979 512 3031; x_wconf 73' lang='grc' dir='ltr'>ἐν</span> <span class='ocrx_word' id='word_1_233' title='bbox 539 2981 814 3049; x_wconf 77' lang='grc' dir='ltr'>οὐρανοῖς,</span> <span class='ocrx_word' id='word_1_234' title='bbox 854 2984 941 3037; x_wconf 84' lang='grc' dir='ltr'>ῐνα</span> <span class='ocrx_word' id='word_1_235' title='bbox 973 2985 1352 3053; x_wconf 82' lang='grc' dir='ltr'>πρεσϐεύωσιν</span> <span class='ocrx_word' id='word_1_236' title='bbox 1386 2988 1529 3053; x_wconf 80' lang='grc' dir='ltr'>ὑπὲρ</span> <span class='ocrx_word' id='word_1_237' title='bbox 1562 2987 1667 3039; x_wconf 82' lang='grc' dir='ltr'><strong>τῶν</strong></span> <span class='ocrx_word' id='word_1_238' title='bbox 1699 2988 1892 3058; x_wconf 83' lang='grc' dir='ltr'>ψυχῶν</span> 
     </span>
    </p>
   </div>
   <div class='ocr_carea' id='block_1_34' title="bbox 308 3071 1895 3152">
    <p class='ocr_par' dir='ltr' id='par_1_34' title="bbox 308 3071 1895 3152">
     <span class='ocr_line' id='line_1_34' title="bbox 308 3071 1895 3152; baseline 0.008 -30"><span class='ocrx_word' id='word_1_239' title='bbox 308 3071 509 3141; x_wconf 54' lang='lat' dir='ltr'><strong>mum;</strong></span> <span class='ocrx_word' id='word_1_240' title='bbox 542 3075 602 3127; x_wconf 81' lang='grc' dir='ltr'><strong>Εἰ</strong></span> <span class='ocrx_word' id='word_1_241' title='bbox 628 3075 759 3143; x_wconf 82' lang='grc' dir='ltr'>γοῦν</span> <span class='ocrx_word' id='word_1_242' title='bbox 789 3076 889 3130; x_wconf 79' lang='grc' dir='ltr'><strong>οὐκ</strong></span> <span class='ocrx_word' id='word_1_243' title='bbox 925 3077 1203 3132; x_wconf 71' lang='grc' dir='ltr'>ἀπέλαϐον</span> <span class='ocrx_word' id='word_1_244' title='bbox 1245 3080 1306 3131; x_wconf 78' lang='grc' dir='ltr'><strong>τὸ</strong></span> <span class='ocrx_word' id='word_1_245' title='bbox 1350 3080 1582 3144; x_wconf 84' lang='grc' dir='ltr'>τέλειον,</span> <span class='ocrx_word' id='word_1_246' title='bbox 1609 3080 1735 3135; x_wconf 72' lang='grc' dir='ltr'>οὐδὲ</span> <span class='ocrx_word' id='word_1_247' title='bbox 1762 3099 1895 3152; x_wconf 85' lang='grc' dir='ltr'>πρε-</span> 
     </span>
    </p>
   </div>
   <div class='ocr_carea' id='block_1_35' title="bbox 2003 611 3585 686">
    <p class='ocr_par' dir='ltr' id='par_1_35' title="bbox 2003 611 3585 686">
     <span class='ocr_line' id='line_1_35' title="bbox 2003 611 3585 686; baseline 0.003 -24"><span class='ocrx_word' id='word_1_248' title='bbox 2003 611 2092 680; x_wconf 91' lang='lat' dir='ltr'><strong>qui</strong></span> <span class='ocrx_word' id='word_1_249' title='bbox 2124 612 2335 683; x_wconf 88' lang='lat' dir='ltr'><strong>legerit,</strong></span> <span class='ocrx_word' id='word_1_250' title='bbox 2371 614 2608 669; x_wconf 72' lang='lat' dir='ltr'><strong>inveniet</strong></span> <span class='ocrx_word' id='word_1_251' title='bbox 2637 615 2867 669; x_wconf 90' lang='lat' dir='ltr'><strong>aliorum</strong></span> <span class='ocrx_word' id='word_1_252' title='bbox 2887 631 3105 686; x_wconf 83' lang='lat' dir='ltr'><strong>quoque</strong></span> <span class='ocrx_word' id='word_1_253' title='bbox 3143 615 3585 671; x_wconf 76' lang='lat' dir='ltr'><strong>testimoniorum</strong></span> 
     </span>
    </p>
   </div>
   <div class='ocr_carea' id='block_1_36' title="bbox 1999 705 3590 777">
    <p class='ocr_par' dir='ltr' id='par_1_36' title="bbox 1999 705 3590 777">
     <span class='ocr_line' id='line_1_36' title="bbox 1999 705 3590 777; baseline -0.001 -19"><span class='ocrx_word' id='word_1_254' title='bbox 1999 706 2336 774; x_wconf 79' lang='lat' dir='ltr'><strong>cengeriem.</strong></span> <span class='ocrx_word' id='word_1_255' title='bbox 2374 705 2561 777; x_wconf 55' lang='lat' dir='ltr'><strong>Itaque</strong></span> <span class='ocrx_word' id='word_1_256' title='bbox 2579 709 2623 762; x_wconf 89' lang='lat' dir='ltr'><strong>si</strong></span> <span class='ocrx_word' id='word_1_257' title='bbox 2648 715 2851 763; x_wconf 66' lang='lat' dir='ltr'><strong>sanctae</strong></span> <span class='ocrx_word' id='word_1_258' title='bbox 2874 709 3132 762; x_wconf 80' lang='lat' dir='ltr'><strong>Trinitati</strong></span> <span class='ocrx_word' id='word_1_259' title='bbox 3165 708 3431 763; x_wconf 84' lang='lat' dir='ltr'><strong>assistunt</strong></span> <span class='ocrx_word' id='word_1_260' title='bbox 3462 722 3590 759; x_wconf 83' lang='lat' dir='ltr'><strong>san-</strong></span> 
     </span>
    </p>
   </div>
   <div class='ocr_carea' id='block_1_37' title="bbox 2000 799 3587 869">
    <p class='ocr_par' dir='ltr' id='par_1_37' title="bbox 2000 799 3587 869">
     <span class='ocr_line' id='line_1_37' title="bbox 2000 799 3587 869; baseline -0.004 -16"><span class='ocrx_word' id='word_1_261' title='bbox 2000 799 2096 863; x_wconf 84' lang='lat' dir='ltr'><strong>eti,</strong></span> <span class='ocrx_word' id='word_1_262' title='bbox 2126 810 2179 852; x_wconf 92' lang='lat' dir='ltr'><strong>et</strong></span> <span class='ocrx_word' id='word_1_263' title='bbox 2208 814 2388 854; x_wconf 89' lang='lat' dir='ltr'><strong>coram</strong></span> <span class='ocrx_word' id='word_1_264' title='bbox 2418 810 2708 869; x_wconf 76' lang='lat' dir='ltr'><strong>praesentes</strong></span> <span class='ocrx_word' id='word_1_265' title='bbox 2764 799 2857 854; x_wconf 88' lang='lat' dir='ltr'><strong>Dei</strong></span> <span class='ocrx_word' id='word_1_266' title='bbox 2906 800 3100 854; x_wconf 84' lang='lat' dir='ltr'><strong>faciem</strong></span> <span class='ocrx_word' id='word_1_267' title='bbox 3148 800 3455 859; x_wconf 86' lang='lat' dir='ltr'><strong>intuemur,</strong></span> <span class='ocrx_word' id='word_1_268' title='bbox 3488 811 3587 850; x_wconf 83' lang='lat' dir='ltr'><strong>nec</strong></span> 
     </span>
    </p>
   </div>
   <div class='ocr_carea' id='block_1_38' title="bbox 2002 886 3590 957">
    <p class='ocr_par' dir='ltr' id='par_1_38' title="bbox 2002 886 3590 957">
     <span class='ocr_line' id='line_1_38' title="bbox 2002 886 3590 957; baseline -0.003 -15"><span class='ocrx_word' id='word_1_269' title='bbox 2002 898 2179 943; x_wconf 87' lang='lat' dir='ltr'><strong>tamen</strong></span> <span class='ocrx_word' id='word_1_270' title='bbox 2208 890 2447 957; x_wconf 82' lang='lat' dir='ltr'><strong>perfecta</strong></span> <span class='ocrx_word' id='word_1_271' title='bbox 2467 891 2718 945; x_wconf 86' lang='lat' dir='ltr'><strong>fruuntur</strong></span> <span class='ocrx_word' id='word_1_272' title='bbox 2777 890 3136 951; x_wconf 79' lang='lat' dir='ltr'><strong>beatitudine,</strong></span> <span class='ocrx_word' id='word_1_273' title='bbox 3170 888 3267 943; x_wconf 82' lang='lat' dir='ltr'><strong>sed</strong></span> <span class='ocrx_word' id='word_1_274' title='bbox 3316 886 3493 939; x_wconf 84' lang='lat' dir='ltr'><strong>aliain</strong></span> <span class='ocrx_word' id='word_1_275' title='bbox 3531 898 3590 937; x_wconf 87' lang='lat' dir='ltr'><strong>re</strong></span> 
     </span>
    </p>
   </div>
   <div class='ocr_carea' id='block_1_39' title="bbox 2001 976 3582 1051">
    <p class='ocr_par' dir='ltr' id='par_1_39' title="bbox 2001 976 3582 1051">
     <span class='ocr_line' id='line_1_39' title="bbox 2001 976 3582 1051; baseline -0.004 -16"><span class='ocrx_word' id='word_1_276' title='bbox 2001 981 2252 1035; x_wconf 82' lang='lat' dir='ltr'><strong>consistit</strong></span> <span class='ocrx_word' id='word_1_277' title='bbox 2284 981 2512 1036; x_wconf 91' lang='lat' dir='ltr'><strong>beatitas</strong></span> <span class='ocrx_word' id='word_1_278' title='bbox 2541 982 2793 1037; x_wconf 85' lang='lat' dir='ltr'><strong>ostendat</strong></span> <span class='ocrx_word' id='word_1_279' title='bbox 2820 983 2958 1051; x_wconf 88' lang='lat' dir='ltr'><strong>ipse,</strong></span> <span class='ocrx_word' id='word_1_280' title='bbox 2986 990 3041 1035; x_wconf 93' lang='lat' dir='ltr'><strong>et</strong></span> <span class='ocrx_word' id='word_1_281' title='bbox 3081 995 3179 1034; x_wconf 90' lang='lat' dir='ltr'><strong>nos</strong></span> <span class='ocrx_word' id='word_1_282' title='bbox 3227 976 3507 1033; x_wconf 75' lang='lat' dir='ltr'><strong>silebimus</strong></span> <span class='ocrx_word' id='word_1_283' title='bbox 3563 992 3582 1029; x_wconf 89' lang='lat'><strong>:</strong></span> 
     </span>
    </p>
   </div>
   <div class='ocr_carea' id='block_1_40' title="bbox 2001 1066 3583 1139">
    <p class='ocr_par' dir='ltr' id='par_1_40' title="bbox 2001 1066 3583 1139">
     <span class='ocr_line' id='line_1_40' title="bbox 2001 1066 3583 1139; baseline -0.002 -19"><span class='ocrx_word' id='word_1_284' title='bbox 2001 1084 2186 1123; x_wconf 87' lang='lat' dir='ltr'><strong>verum</strong></span> <span class='ocrx_word' id='word_1_285' title='bbox 2211 1071 2345 1124; x_wconf 81' lang='lat' dir='ltr'><strong>nihil</strong></span> <span class='ocrx_word' id='word_1_286' title='bbox 2374 1072 2571 1139; x_wconf 88' lang='lat' dir='ltr'><strong>poterit</strong></span> <span class='ocrx_word' id='word_1_287' title='bbox 2602 1072 2895 1126; x_wconf 70' lang='lat' dir='ltr'><strong>Ostendere</strong></span> <span class='ocrx_word' id='word_1_288' title='bbox 2914 1071 3121 1124; x_wconf 90' lang='lat' dir='ltr'><strong>visione</strong></span> <span class='ocrx_word' id='word_1_289' title='bbox 3148 1069 3238 1121; x_wconf 89' lang='lat' dir='ltr'><strong>Dei</strong></span> <span class='ocrx_word' id='word_1_290' title='bbox 3264 1066 3583 1121; x_wconf 77' lang='lat' dir='ltr'><strong>sublimius.</strong></span> 
     </span>
    </p>
   </div>
   <div class='ocr_carea' id='block_1_41' title="bbox 2002 1158 3585 1229">
    <p class='ocr_par' dir='ltr' id='par_1_41' title="bbox 2002 1158 3585 1229">
     <span class='ocr_line' id='line_1_41' title="bbox 2002 1158 3585 1229; baseline -0.004 -15"><span class='ocrx_word' id='word_1_291' title='bbox 2002 1158 2181 1214; x_wconf 90' lang='lat' dir='ltr'><strong>Unum</strong></span> <span class='ocrx_word' id='word_1_292' title='bbox 2212 1171 2319 1222; x_wconf 88' lang='lat' dir='ltr'><strong>est.</strong></span> <span class='ocrx_word' id='word_1_293' title='bbox 2362 1162 2417 1213; x_wconf 92' lang='lat' dir='ltr'><strong>in</strong></span> <span class='ocrx_word' id='word_1_294' title='bbox 2450 1177 2557 1229; x_wconf 88' lang='lat' dir='ltr'><strong>quo</strong></span> <span class='ocrx_word' id='word_1_295' title='bbox 2592 1171 2816 1216; x_wconf 89' lang='lat' dir='ltr'><strong>sanctos</strong></span> <span class='ocrx_word' id='word_1_296' title='bbox 2852 1161 3005 1215; x_wconf 89' lang='lat' dir='ltr'><strong>multi</strong></span> <span class='ocrx_word' id='word_1_297' title='bbox 3053 1160 3343 1214; x_wconf 83' lang='lat' dir='ltr'><strong>dissentire</strong></span> <span class='ocrx_word' id='word_1_298' title='bbox 3398 1158 3585 1209; x_wconf 77' lang='lat' dir='ltr'><strong>existi-</strong></span> 
     </span>
    </p>
   </div>
   <div class='ocr_carea' id='block_1_42' title="bbox 2002 1250 3582 1321">
    <p class='ocr_par' dir='ltr' id='par_1_42' title="bbox 2002 1250 3582 1321">
     <span class='ocr_line' id='line_1_42' title="bbox 2002 1250 3582 1321; baseline -0.004 -18"><span class='ocrx_word' id='word_1_299' title='bbox 2002 1261 2172 1316; x_wconf 90' lang='lat' dir='ltr'><strong>mant,</strong></span> <span class='ocrx_word' id='word_1_300' title='bbox 2201 1254 2345 1321; x_wconf 90' lang='lat' dir='ltr'><strong>quod</strong></span> <span class='ocrx_word' id='word_1_301' title='bbox 2376 1253 2410 1305; x_wconf 92' lang='lat' dir='ltr'><strong>ii</strong></span> <span class='ocrx_word' id='word_1_302' title='bbox 2443 1252 2605 1306; x_wconf 87' lang='lat' dir='ltr'><strong>modo</strong></span> <span class='ocrx_word' id='word_1_303' title='bbox 2631 1252 2927 1321; x_wconf 79' lang='lat' dir='ltr'><strong>perfectam</strong></span> <span class='ocrx_word' id='word_1_304' title='bbox 2958 1252 3138 1305; x_wconf 86' lang='lat' dir='ltr'><strong>dicant</strong></span> <span class='ocrx_word' id='word_1_305' title='bbox 3173 1266 3199 1303; x_wconf 93' lang='lat' dir='ltr'><strong>a</strong></span> <span class='ocrx_word' id='word_1_306' title='bbox 3231 1250 3438 1303; x_wconf 85' lang='lat' dir='ltr'><strong>sanctis</strong></span> <span class='ocrx_word' id='word_1_307' title='bbox 3487 1262 3582 1298; x_wconf 85' lang='lat' dir='ltr'><strong>ac-</strong></span> 
     </span>
    </p>
   </div>
   <div class='ocr_carea' id='block_1_43' title="bbox 2001 1335 3580 1409">
    <p class='ocr_par' dir='ltr' id='par_1_43' title="bbox 2001 1335 3580 1409">
     <span class='ocr_line' id='line_1_43' title="bbox 2001 1335 3580 1409; baseline -0.003 -18"><span class='ocrx_word' id='word_1_308' title='bbox 2001 1340 2144 1409; x_wconf 87' lang='lat' dir='ltr'><strong>quiri</strong></span> <span class='ocrx_word' id='word_1_309' title='bbox 2177 1340 2595 1404; x_wconf 79' lang='lat' dir='ltr'><strong>beatitudinem,</strong></span> <span class='ocrx_word' id='word_1_310' title='bbox 2633 1341 2794 1394; x_wconf 86' lang='lat' dir='ltr'><strong>modo</strong></span> <span class='ocrx_word' id='word_1_311' title='bbox 2817 1355 2945 1393; x_wconf 86' lang='lat' dir='ltr'><strong>vero</strong></span> <span class='ocrx_word' id='word_1_312' title='bbox 2963 1355 3070 1393; x_wconf 89' lang='lat' dir='ltr'><strong>non</strong></span> <span class='ocrx_word' id='word_1_313' title='bbox 3098 1340 3418 1407; x_wconf 89' lang='lat' dir='ltr'><strong>perfectam.</strong></span> <span class='ocrx_word' id='word_1_314' title='bbox 3448 1335 3580 1387; x_wconf 71' lang='lat' dir='ltr'><strong>Nam</strong></span> 
     </span>
    </p>
   </div>
   <div class='ocr_carea' id='block_1_44' title="bbox 2000 1431 3584 1493">
    <p class='ocr_par' dir='ltr' id='par_1_44' title="bbox 2000 1431 3584 1493">
     <span class='ocr_line' id='line_1_44' title="bbox 2000 1431 3584 1493; baseline -0.006 -8"><span class='ocrx_word' id='word_1_315' title='bbox 2000 1446 2123 1485; x_wconf 89' lang='lat' dir='ltr'><strong>cum</strong></span> <span class='ocrx_word' id='word_1_316' title='bbox 2161 1446 2345 1485; x_wconf 81' lang='lat' dir='ltr'><strong>sermo</strong></span> <span class='ocrx_word' id='word_1_317' title='bbox 2376 1440 2459 1486; x_wconf 91' lang='lat' dir='ltr'><strong>est</strong></span> <span class='ocrx_word' id='word_1_318' title='bbox 2493 1431 2602 1485; x_wconf 88' lang='lat' dir='ltr'><strong>illis</strong></span> <span class='ocrx_word' id='word_1_319' title='bbox 2631 1431 2699 1484; x_wconf 89' lang='lat' dir='ltr'><strong>de</strong></span> <span class='ocrx_word' id='word_1_320' title='bbox 2722 1431 3011 1484; x_wconf 87' lang='lat' dir='ltr'><strong>animabus</strong></span> <span class='ocrx_word' id='word_1_321' title='bbox 3071 1436 3411 1490; x_wconf 86' lang='lat' dir='ltr'><strong>sanctorum,</strong></span> <span class='ocrx_word' id='word_1_322' title='bbox 3457 1439 3584 1493; x_wconf 84' lang='lat' dir='ltr'><strong>per—</strong></span> 
     </span>
    </p>
   </div>
   <div class='ocr_carea' id='block_1_45' title="bbox 1998 1516 3585 1585">
    <p class='ocr_par' dir='ltr' id='par_1_45' title="bbox 1998 1516 3585 1585">
     <span class='ocr_line' id='line_1_45' title="bbox 1998 1516 3585 1585; baseline -0.006 -9"><span class='ocrx_word' id='word_1_323' title='bbox 1998 1522 2195 1577; x_wconf 90' lang='lat' dir='ltr'><strong>fectam</strong></span> <span class='ocrx_word' id='word_1_324' title='bbox 2232 1523 2381 1575; x_wconf 88' lang='lat' dir='ltr'><strong>aiunt</strong></span> <span class='ocrx_word' id='word_1_325' title='bbox 2412 1522 2600 1576; x_wconf 85' lang='lat' dir='ltr'><strong>haberi</strong></span> <span class='ocrx_word' id='word_1_326' title='bbox 2660 1522 3048 1577; x_wconf 85' lang='lat' dir='ltr'><strong>beatitudinem</strong></span> <span class='ocrx_word' id='word_1_327' title='bbox 3084 1538 3098 1585; x_wconf 90' lang='lat'><strong>;</strong></span> <span class='ocrx_word' id='word_1_328' title='bbox 3139 1534 3262 1573; x_wconf 90' lang='lat' dir='ltr'><strong>cum</strong></span> <span class='ocrx_word' id='word_1_329' title='bbox 3331 1531 3463 1569; x_wconf 75' lang='lat' dir='ltr'><strong>vero</strong></span> <span class='ocrx_word' id='word_1_330' title='bbox 3519 1516 3585 1567; x_wconf 89' lang='lat' dir='ltr'><strong>de</strong></span> 
     </span>
    </p>
   </div>
   <div class='ocr_carea' id='block_1_46' title="bbox 2001 1608 3581 1685">
    <p class='ocr_par' dir='ltr' id='par_1_46' title="bbox 2001 1608 3581 1685">
     <span class='ocr_line' id='line_1_46' title="bbox 2001 1608 3581 1685; baseline -0.006 -18"><span class='ocrx_word' id='word_1_331' title='bbox 2001 1622 2116 1668; x_wconf 90' lang='lat' dir='ltr'><strong>toto</strong></span> <span class='ocrx_word' id='word_1_332' title='bbox 2146 1614 2389 1678; x_wconf 87' lang='lat' dir='ltr'><strong>homine,</strong></span> <span class='ocrx_word' id='word_1_333' title='bbox 2441 1616 2683 1670; x_wconf 90' lang='lat' dir='ltr'><strong>nondum</strong></span> <span class='ocrx_word' id='word_1_334' title='bbox 2730 1616 3054 1685; x_wconf 82' lang='lat' dir='ltr'><strong>perfectam.</strong></span> <span class='ocrx_word' id='word_1_335' title='bbox 3108 1613 3212 1679; x_wconf 81' lang='lat' dir='ltr'><strong>Qui</strong></span> <span class='ocrx_word' id='word_1_336' title='bbox 3277 1612 3424 1665; x_wconf 88' lang='lat' dir='ltr'><strong>enim</strong></span> <span class='ocrx_word' id='word_1_337' title='bbox 3476 1608 3581 1660; x_wconf 83' lang='lat' dir='ltr'><strong>frui</strong></span> 
     </span>
    </p>
   </div>
   <div class='ocr_carea' id='block_1_47' title="bbox 2003 1708 3581 1777">
    <p class='ocr_par' dir='ltr' id='par_1_47' title="bbox 2003 1708 3581 1777">
     <span class='ocr_line' id='line_1_47' title="bbox 2003 1708 3581 1777; baseline -0.007 -15"><span class='ocrx_word' id='word_1_338' title='bbox 2003 1709 2171 1776; x_wconf 90' lang='lat' dir='ltr'><strong>possit</strong></span> <span class='ocrx_word' id='word_1_339' title='bbox 2206 1716 2438 1777; x_wconf 89' lang='lat' dir='ltr'><strong>utraque</strong></span> <span class='ocrx_word' id='word_1_340' title='bbox 2458 1708 2695 1763; x_wconf 86' lang='lat' dir='ltr'><strong>hominis</strong></span> <span class='ocrx_word' id='word_1_341' title='bbox 2718 1708 3012 1775; x_wconf 90' lang='lat' dir='ltr'><strong>conjuncta</strong></span> <span class='ocrx_word' id='word_1_342' title='bbox 3067 1719 3195 1776; x_wconf 84' lang='lat' dir='ltr'><strong>pars</strong></span> <span class='ocrx_word' id='word_1_343' title='bbox 3253 1712 3378 1756; x_wconf 91' lang='lat' dir='ltr'><strong>aute</strong></span> <span class='ocrx_word' id='word_1_344' title='bbox 3435 1716 3581 1753; x_wconf 79' lang='lat' dir='ltr'><strong>com-</strong></span> 
     </span>
    </p>
   </div>
   <div class='ocr_carea' id='block_1_48' title="bbox 2002 1791 3585 1864">
    <p class='ocr_par' dir='ltr' id='par_1_48' title="bbox 2002 1791 3585 1864">
     <span class='ocr_line' id='line_1_48' title="bbox 2002 1791 3585 1864; baseline -0.006 -11"><span class='ocrx_word' id='word_1_345' title='bbox 2002 1816 2221 1855; x_wconf 86' lang='lat' dir='ltr'><strong>munem</strong></span> <span class='ocrx_word' id='word_1_346' title='bbox 2256 1802 2715 1855; x_wconf 87' lang='lat' dir='ltr'><strong>resurrectionem</strong></span> <span class='ocrx_word' id='word_1_347' title='bbox 2744 1800 3002 1854; x_wconf 85' lang='lat' dir='ltr'><strong>?ldcirco</strong></span> <span class='ocrx_word' id='word_1_348' title='bbox 3037 1797 3231 1857; x_wconf 87' lang='lat' dir='ltr'><strong>sancti,</strong></span> <span class='ocrx_word' id='word_1_349' title='bbox 3280 1794 3423 1864; x_wconf 89' lang='lat' dir='ltr'><strong>quod</strong></span> <span class='ocrx_word' id='word_1_350' title='bbox 3454 1791 3585 1844; x_wconf 82' lang='lat' dir='ltr'><strong>alti-</strong></span> 
     </span>
    </p>
   </div>
   <div class='ocr_carea' id='block_1_49' title="bbox 2003 1885 3580 1962">
    <p class='ocr_par' dir='ltr' id='par_1_49' title="bbox 2003 1885 3580 1962">
     <span class='ocr_line' id='line_1_49' title="bbox 2003 1885 3580 1962; baseline -0.006 -16"><span class='ocrx_word' id='word_1_351' title='bbox 2003 1902 2092 1947; x_wconf 89' lang='lat' dir='ltr'><strong>net</strong></span> <span class='ocrx_word' id='word_1_352' title='bbox 2125 1895 2191 1947; x_wconf 89' lang='lat' dir='ltr'><strong>ad</strong></span> <span class='ocrx_word' id='word_1_353' title='bbox 2225 1896 2463 1958; x_wconf 89' lang='lat' dir='ltr'><strong>animas,</strong></span> <span class='ocrx_word' id='word_1_354' title='bbox 2496 1893 2739 1962; x_wconf 79' lang='lat' dir='ltr'><strong>perfeCIe</strong></span> <span class='ocrx_word' id='word_1_355' title='bbox 2769 1894 2909 1947; x_wconf 78' lang='lat' dir='ltr'><strong>beati</strong></span> <span class='ocrx_word' id='word_1_356' title='bbox 2940 1900 3068 1946; x_wconf 85' lang='lat' dir='ltr'><strong>sunt</strong></span> <span class='ocrx_word' id='word_1_357' title='bbox 3097 1907 3111 1955; x_wconf 93' lang='lat'><strong>;</strong></span> <span class='ocrx_word' id='word_1_358' title='bbox 3153 1888 3296 1957; x_wconf 89' lang='lat' dir='ltr'><strong>quod</strong></span> <span class='ocrx_word' id='word_1_359' title='bbox 3338 1902 3460 1939; x_wconf 81' lang='lat' dir='ltr'><strong>vero</strong></span> <span class='ocrx_word' id='word_1_360' title='bbox 3514 1885 3580 1936; x_wconf 79' lang='lat' dir='ltr'><strong>ad</strong></span> 
     </span>
    </p>
   </div>
   <div class='ocr_carea' id='block_1_50' title="bbox 1998 1975 3583 2053">
    <p class='ocr_par' dir='ltr' id='par_1_50' title="bbox 1998 1975 3583 2053">
     <span class='ocr_line' id='line_1_50' title="bbox 1998 1975 3583 2053; baseline -0.008 -15"><span class='ocrx_word' id='word_1_361' title='bbox 1998 2000 2251 2053; x_wconf 84' lang='lat' dir='ltr'><strong>corpora,</strong></span> <span class='ocrx_word' id='word_1_362' title='bbox 2279 1986 2478 2053; x_wconf 82' lang='lat' dir='ltr'><strong>quibus</strong></span> <span class='ocrx_word' id='word_1_363' title='bbox 2510 1985 2683 2037; x_wconf 82' lang='lat' dir='ltr'><strong>induti</strong></span> <span class='ocrx_word' id='word_1_364' title='bbox 2706 1994 2884 2043; x_wconf 85' lang='lat' dir='ltr'><strong>erant,</strong></span> <span class='ocrx_word' id='word_1_365' title='bbox 2912 2000 3035 2036; x_wconf 89' lang='lat' dir='ltr'><strong>cum</strong></span> <span class='ocrx_word' id='word_1_366' title='bbox 3068 1997 3175 2033; x_wconf 89' lang='lat' dir='ltr'><strong>non</strong></span> <span class='ocrx_word' id='word_1_367' title='bbox 3202 1986 3387 2032; x_wconf 85' lang='lat' dir='ltr'><strong>essent</strong></span> <span class='ocrx_word' id='word_1_368' title='bbox 3422 1975 3583 2028; x_wconf 65' lang='lat' dir='ltr'><strong>nuda:</strong></span> 
     </span>
    </p>
   </div>
   <div class='ocr_carea' id='block_1_51' title="bbox 2000 2069 3580 2146">
    <p class='ocr_par' dir='ltr' id='par_1_51' title="bbox 2000 2069 3580 2146">
     <span class='ocr_line' id='line_1_51' title="bbox 2000 2069 3580 2146; baseline -0.009 -16"><span class='ocrx_word' id='word_1_369' title='bbox 2000 2079 2214 2140; x_wconf 68' lang='lat' dir='ltr'><strong>animae,</strong></span> <span class='ocrx_word' id='word_1_370' title='bbox 2248 2094 2352 2131; x_wconf 90' lang='lat' dir='ltr'><strong>non</strong></span> <span class='ocrx_word' id='word_1_371' title='bbox 2381 2088 2510 2131; x_wconf 90' lang='lat' dir='ltr'><strong>sunt</strong></span> <span class='ocrx_word' id='word_1_372' title='bbox 2537 2078 2780 2146; x_wconf 80' lang='lat' dir='ltr'><strong>perfecte</strong></span> <span class='ocrx_word' id='word_1_373' title='bbox 2813 2077 2980 2129; x_wconf 89' lang='lat' dir='ltr'><strong>beati.</strong></span> <span class='ocrx_word' id='word_1_374' title='bbox 3014 2073 3109 2127; x_wconf 83' lang='lat' dir='ltr'><strong>Est</strong></span> <span class='ocrx_word' id='word_1_375' title='bbox 3160 2073 3303 2125; x_wconf 86' lang='lat' dir='ltr'><strong>enim</strong></span> <span class='ocrx_word' id='word_1_376' title='bbox 3352 2069 3403 2121; x_wconf 91' lang='lat' dir='ltr'><strong>in</strong></span> <span class='ocrx_word' id='word_1_377' title='bbox 3451 2081 3580 2120; x_wconf 86' lang='lat' dir='ltr'><strong>cor-</strong></span> 
     </span>
    </p>
   </div>
   <div class='ocr_carea' id='block_1_52' title="bbox 1998 2158 3579 2241">
    <p class='ocr_par' dir='ltr' id='par_1_52' title="bbox 1998 2158 3579 2241">
     <span class='ocr_line' id='line_1_52' title="bbox 1998 2158 3579 2241; baseline -0.008 -17"><span class='ocrx_word' id='word_1_378' title='bbox 1998 2186 2131 2241; x_wconf 86' lang='lat' dir='ltr'><strong>pore</strong></span> <span class='ocrx_word' id='word_1_379' title='bbox 2152 2172 2332 2223; x_wconf 85' lang='lat' dir='ltr'><strong>anima</strong></span> <span class='ocrx_word' id='word_1_380' title='bbox 2366 2180 2420 2223; x_wconf 93' lang='lat' dir='ltr'><strong>ut</strong></span> <span class='ocrx_word' id='word_1_381' title='bbox 2451 2170 2648 2231; x_wconf 87' lang='lat' dir='ltr'><strong>forma,</strong></span> <span class='ocrx_word' id='word_1_382' title='bbox 2683 2176 2737 2222; x_wconf 93' lang='lat' dir='ltr'><strong>et</strong></span> <span class='ocrx_word' id='word_1_383' title='bbox 2772 2168 2999 2220; x_wconf 86' lang='lat' dir='ltr'><strong>materia</strong></span> <span class='ocrx_word' id='word_1_384' title='bbox 3059 2165 3302 2235; x_wconf 86' lang='lat' dir='ltr'><strong>quidem,</strong></span> <span class='ocrx_word' id='word_1_385' title='bbox 3354 2158 3579 2231; x_wconf 76' lang='lat' dir='ltr'><strong>scilicet</strong></span> 
     </span>
    </p>
   </div>
   <div class='ocr_carea' id='block_1_53' title="bbox 1996 2254 3576 2332">
    <p class='ocr_par' dir='ltr' id='par_1_53' title="bbox 1996 2254 3576 2332">
     <span class='ocr_line' id='line_1_53' title="bbox 1996 2254 3576 2332; baseline -0.009 -16"><span class='ocrx_word' id='word_1_386' title='bbox 1996 2278 2218 2332; x_wconf 88' lang='lat' dir='ltr'><strong>corpus,</strong></span> <span class='ocrx_word' id='word_1_387' title='bbox 2266 2263 2507 2315; x_wconf 81' lang='lat' dir='ltr'><strong>nondum</strong></span> <span class='ocrx_word' id='word_1_388' title='bbox 2566 2261 2825 2322; x_wconf 76' lang='lat' dir='ltr'><strong>surrexit,</strong></span> <span class='ocrx_word' id='word_1_389' title='bbox 2886 2274 2983 2313; x_wconf 89' lang='lat' dir='ltr'><strong>nec</strong></span> <span class='ocrx_word' id='word_1_390' title='bbox 3034 2257 3269 2327; x_wconf 72' lang='lat' dir='ltr'><strong>prmmiis</strong></span> <span class='ocrx_word' id='word_1_391' title='bbox 3317 2254 3576 2308; x_wconf 78' lang='lat' dir='ltr'><strong>allectum</strong></span> 
     </span>
    </p>
   </div>
   <div class='ocr_carea' id='block_1_54' title="bbox 1996 2348 3577 2422">
    <p class='ocr_par' dir='ltr' id='par_1_54' title="bbox 1996 2348 3577 2422">
     <span class='ocr_line' id='line_1_54' title="bbox 1996 2348 3577 2422; baseline -0.007 -15"><span class='ocrx_word' id='word_1_392' title='bbox 1996 2362 2118 2419; x_wconf 89' lang='lat' dir='ltr'><strong>est;</strong></span> <span class='ocrx_word' id='word_1_393' title='bbox 2156 2354 2336 2406; x_wconf 86' lang='lat' dir='ltr'><strong>anima</strong></span> <span class='ocrx_word' id='word_1_394' title='bbox 2392 2368 2523 2406; x_wconf 83' lang='lat' dir='ltr'><strong>vero</strong></span> <span class='ocrx_word' id='word_1_395' title='bbox 2596 2352 2897 2422; x_wconf 86' lang='lat' dir='ltr'><strong>perfectum</strong></span> <span class='ocrx_word' id='word_1_396' title='bbox 2948 2348 3303 2404; x_wconf 87' lang='lat' dir='ltr'><strong>beatitudinis</strong></span> <span class='ocrx_word' id='word_1_397' title='bbox 3371 2354 3577 2400; x_wconf 87' lang='lat' dir='ltr'><strong>statum</strong></span> 
     </span>
    </p>
   </div>
   <div class='ocr_carea' id='block_1_55' title="bbox 1999 2446 3576 2514">
    <p class='ocr_par' dir='ltr' id='par_1_55' title="bbox 1999 2446 3576 2514">
     <span class='ocr_line' id='line_1_55' title="bbox 1999 2446 3576 2514; baseline -0.004 -16"><span class='ocrx_word' id='word_1_398' title='bbox 1999 2447 2336 2514; x_wconf 84' lang='lat' dir='ltr'><strong>assequitur.</strong></span> <span class='ocrx_word' id='word_1_399' title='bbox 2363 2446 2426 2499; x_wconf 80' lang='lat' dir='ltr'><strong>Et</strong></span> <span class='ocrx_word' id='word_1_400' title='bbox 2458 2446 2718 2514; x_wconf 89' lang='lat' dir='ltr'><strong>quoniam</strong></span> <span class='ocrx_word' id='word_1_401' title='bbox 2759 2447 2921 2497; x_wconf 76' lang='lat' dir='ltr'><strong>homo</strong></span> <span class='ocrx_word' id='word_1_402' title='bbox 2950 2459 3013 2496; x_wconf 81' lang='lat' dir='ltr'><strong>ex</strong></span> <span class='ocrx_word' id='word_1_403' title='bbox 3056 2452 3286 2510; x_wconf 85' lang='lat' dir='ltr'><strong>utroque</strong></span> <span class='ocrx_word' id='word_1_404' title='bbox 3339 2446 3576 2499; x_wconf 84' lang='lat' dir='ltr'><strong>constat.</strong></span> 
     </span>
    </p>
   </div>
   <div class='ocr_carea' id='block_1_56' title="bbox 1997 2532 3578 2606">
    <p class='ocr_par' dir='ltr' id='par_1_56' title="bbox 1997 2532 3578 2606">
     <span class='ocr_line' id='line_1_56' title="bbox 1997 2532 3578 2606; baseline -0.005 -14"><span class='ocrx_word' id='word_1_405' title='bbox 1997 2547 2050 2592; x_wconf 91' lang='lat' dir='ltr'><strong>et</strong></span> <span class='ocrx_word' id='word_1_406' title='bbox 2089 2553 2214 2606; x_wconf 85' lang='lat' dir='ltr'><strong>pars</strong></span> <span class='ocrx_word' id='word_1_407' title='bbox 2246 2548 2475 2605; x_wconf 88' lang='lat' dir='ltr'><strong>utraque</strong></span> <span class='ocrx_word' id='word_1_408' title='bbox 2498 2538 2711 2591; x_wconf 91' lang='lat' dir='ltr'><strong>labores</strong></span> <span class='ocrx_word' id='word_1_409' title='bbox 2737 2536 3023 2598; x_wconf 87' lang='lat' dir='ltr'><strong>sustinuit,</strong></span> <span class='ocrx_word' id='word_1_410' title='bbox 3048 2534 3170 2587; x_wconf 89' lang='lat' dir='ltr'><strong>ideo</strong></span> <span class='ocrx_word' id='word_1_411' title='bbox 3193 2532 3431 2586; x_wconf 91' lang='lat' dir='ltr'><strong>nondum</strong></span> <span class='ocrx_word' id='word_1_412' title='bbox 3457 2545 3578 2599; x_wconf 81' lang='lat' dir='ltr'><strong>per-</strong></span> 
     </span>
    </p>
   </div>
   <div class='ocr_carea' id='block_1_57' title="bbox 2000 2624 3579 2685">
    <p class='ocr_par' dir='ltr' id='par_1_57' title="bbox 2000 2624 3579 2685">
     <span class='ocr_line' id='line_1_57' title="bbox 2000 2624 3579 2685; baseline -0.006 -2"><span class='ocrx_word' id='word_1_413' title='bbox 2000 2630 2195 2685; x_wconf 80' lang='lat' dir='ltr'><strong>fectant</strong></span> <span class='ocrx_word' id='word_1_414' title='bbox 2228 2645 2354 2683; x_wconf 87' lang='lat' dir='ltr'><strong>esse</strong></span> <span class='ocrx_word' id='word_1_415' title='bbox 2388 2628 2618 2683; x_wconf 92' lang='lat' dir='ltr'><strong>dicimus</strong></span> <span class='ocrx_word' id='word_1_416' title='bbox 2648 2624 3249 2681; x_wconf 85' lang='lat' dir='ltr'><strong>beatitudinem.&#39;Cum</strong></span> <span class='ocrx_word' id='word_1_417' title='bbox 3313 2639 3441 2677; x_wconf 83' lang='lat' dir='ltr'><strong>vero</strong></span> <span class='ocrx_word' id='word_1_418' title='bbox 3490 2632 3579 2675; x_wconf 86' lang='lat' dir='ltr'><strong>to-</strong></span> 
     </span>
    </p>
   </div>
   <div class='ocr_carea' id='block_1_58' title="bbox 1999 2715 3577 2787">
    <p class='ocr_par' dir='ltr' id='par_1_58' title="bbox 1999 2715 3577 2787">
     <span class='ocr_line' id='line_1_58' title="bbox 1999 2715 3577 2787; baseline -0.005 -12"><span class='ocrx_word' id='word_1_419' title='bbox 1999 2734 2111 2775; x_wconf 88' lang='lat' dir='ltr'><strong>tum</strong></span> <span class='ocrx_word' id='word_1_420' title='bbox 2141 2738 2170 2775; x_wconf 91' lang='lat' dir='ltr'><strong>a</strong></span> <span class='ocrx_word' id='word_1_421' title='bbox 2205 2721 2457 2775; x_wconf 86' lang='lat' dir='ltr'><strong>nobiliori</strong></span> <span class='ocrx_word' id='word_1_422' title='bbox 2490 2719 2880 2787; x_wconf 88' lang='lat' dir='ltr'><strong>intelligimus,</strong></span> <span class='ocrx_word' id='word_1_423' title='bbox 2919 2716 3248 2785; x_wconf 85' lang='lat' dir='ltr'><strong>completam</strong></span> <span class='ocrx_word' id='word_1_424' title='bbox 3291 2715 3524 2768; x_wconf 78' lang='lat' dir='ltr'><strong>dicimus</strong></span> <span class='ocrx_word' id='word_1_425' title='bbox 3546 2728 3577 2767; x_wconf 70' lang='grc' dir='ltr'><strong>δ</strong></span> 
     </span>
    </p>
   </div>
   <div class='ocr_carea' id='block_1_59' title="bbox 1997 2806 3581 2882">
    <p class='ocr_par' dir='ltr' id='par_1_59' title="bbox 1997 2806 3581 2882">
     <span class='ocr_line' id='line_1_59' title="bbox 1997 2806 3581 2882; baseline -0.006 -14"><span class='ocrx_word' id='word_1_426' title='bbox 1997 2814 2203 2868; x_wconf 86' lang='lat' dir='ltr'><strong>sanctis</strong></span> <span class='ocrx_word' id='word_1_427' title='bbox 2243 2810 2509 2882; x_wconf 87' lang='lat' dir='ltr'><strong>possideri</strong></span> <span class='ocrx_word' id='word_1_428' title='bbox 2540 2811 2958 2864; x_wconf 85' lang='lat' dir='ltr'><strong>beatitudinem.</strong></span> <span class='ocrx_word' id='word_1_429' title='bbox 2995 2806 3164 2874; x_wconf 84' lang='lat' dir='ltr'><strong>llujus</strong></span> <span class='ocrx_word' id='word_1_430' title='bbox 3192 2807 3270 2860; x_wconf 85' lang='lat' dir='ltr'><strong>rei</strong></span> <span class='ocrx_word' id='word_1_431' title='bbox 3295 2807 3452 2860; x_wconf 85' lang='lat' dir='ltr'><strong>testis</strong></span> <span class='ocrx_word' id='word_1_432' title='bbox 3474 2806 3581 2859; x_wconf 90' lang='lat' dir='ltr'><strong>erit</strong></span> 
     </span>
    </p>
   </div>
   <div class='ocr_carea' id='block_1_60' title="bbox 1998 2896 3580 2972">
    <p class='ocr_par' dir='ltr' id='par_1_60' title="bbox 1998 2896 3580 2972">
     <span class='ocr_line' id='line_1_60' title="bbox 1998 2896 3580 2972; baseline -0.006 -14"><span class='ocrx_word' id='word_1_433' title='bbox 1998 2905 2191 2958; x_wconf 86' lang='lat' dir='ltr'><strong>beatus</strong></span> <span class='ocrx_word' id='word_1_434' title='bbox 2220 2904 2520 2972; x_wconf 81' lang='lat' dir='ltr'><strong>Gregorius</strong></span> <span class='ocrx_word' id='word_1_435' title='bbox 2556 2916 2693 2971; x_wconf 88' lang='lat' dir='ltr'><strong>papa</strong></span> <span class='ocrx_word' id='word_1_436' title='bbox 2731 2902 2783 2954; x_wconf 91' lang='lat' dir='ltr'><strong>in</strong></span> <span class='ocrx_word' id='word_1_437' title='bbox 2830 2900 2974 2954; x_wconf 85' lang='lat' dir='ltr'><strong>libro</strong></span> <span class='ocrx_word' id='word_1_438' title='bbox 3026 2897 3379 2967; x_wconf 82' lang='lat' dir='ltr'><strong>Dialogorum</strong></span> <span class='ocrx_word' id='word_1_439' title='bbox 3436 2896 3580 2965; x_wconf 62' lang='grc' dir='ltr'><strong>(ἓξ).</strong></span> 
     </span>
    </p>
   </div>
   <div class='ocr_carea' id='block_1_61' title="bbox 1997 2990 3577 3064">
    <p class='ocr_par' dir='ltr' id='par_1_61' title="bbox 1997 2990 3577 3064">
     <span class='ocr_line' id='line_1_61' title="bbox 1997 2990 3577 3064; baseline -0.003 -17"><span class='ocrx_word' id='word_1_440' title='bbox 1997 2995 2252 3064; x_wconf 84' lang='lat' dir='ltr'><strong>Alioquin</strong></span> <span class='ocrx_word' id='word_1_441' title='bbox 2279 3009 2384 3064; x_wconf 87' lang='lat' dir='ltr'><strong>qua</strong></span> <span class='ocrx_word' id='word_1_442' title='bbox 2417 2994 2623 3047; x_wconf 85' lang='lat' dir='ltr'><strong>ratione</strong></span> <span class='ocrx_word' id='word_1_443' title='bbox 2679 2990 3059 3060; x_wconf 82' lang='lat' dir='ltr'><strong>concipiamus</strong></span> <span class='ocrx_word' id='word_1_444' title='bbox 3089 2991 3294 3050; x_wconf 90' lang='lat' dir='ltr'><strong>animo,</strong></span> <span class='ocrx_word' id='word_1_445' title='bbox 3356 2999 3577 3043; x_wconf 86' lang='lat' dir='ltr'><strong>sanctos</strong></span> 
     </span>
    </p>
   </div>
   <div class='ocr_carea' id='block_1_62' title="bbox 1998 3080 3577 3154">
    <p class='ocr_par' dir='ltr' id='par_1_62' title="bbox 1998 3080 3577 3154">
     <span class='ocr_line' id='line_1_62' title="bbox 1998 3080 3577 3154; baseline -0.002 -16"><span class='ocrx_word' id='word_1_446' title='bbox 1998 3084 2337 3140; x_wconf 86' lang='lat' dir='ltr'><strong>intercedere</strong></span> <span class='ocrx_word' id='word_1_447' title='bbox 2369 3100 2466 3154; x_wconf 91' lang='lat' dir='ltr'><strong>pro</strong></span> <span class='ocrx_word' id='word_1_448' title='bbox 2495 3084 2784 3138; x_wconf 84' lang='lat' dir='ltr'><strong>animabus</strong></span> <span class='ocrx_word' id='word_1_449' title='bbox 2818 3084 3050 3145; x_wconf 86' lang='lat' dir='ltr'><strong>nostris,</strong></span> <span class='ocrx_word' id='word_1_450' title='bbox 3086 3081 3137 3135; x_wconf 86' lang='lat' dir='ltr'><strong>si</strong></span> <span class='ocrx_word' id='word_1_451' title='bbox 3182 3080 3273 3134; x_wconf 68' lang='lat' dir='ltr'><strong>illa</strong></span> <span class='ocrx_word' id='word_1_452' title='bbox 3337 3080 3577 3149; x_wconf 81' lang='lat' dir='ltr'><strong>perfecta</strong></span> 
     </span>
    </p>
   </div>
   <div class='ocr_carea' id='block_1_63' title="bbox 312 3160 1897 3250">
    <p class='ocr_par' dir='ltr' id='par_1_63' title="bbox 312 3165 1893 3243">
     <span class='ocr_line' id='line_1_63' title="bbox 312 3165 1893 3243; baseline 0.006 -27"><span class='ocrx_word' id='word_1_453' title='bbox 312 3165 632 3232; x_wconf 70' lang='grc' dir='ltr'>σϐεύουσιν,</span> <span class='ocrx_word' id='word_1_454' title='bbox 653 3169 768 3220; x_wconf 85' lang='grc' dir='ltr'>ἀλλ’</span> <span class='ocrx_word' id='word_1_455' title='bbox 790 3170 912 3224; x_wconf 81' lang='grc' dir='ltr'><strong>οὐδὲ</strong></span> <span class='ocrx_word' id='word_1_456' title='bbox 941 3171 1399 3241; x_wconf 84' lang='grc' dir='ltr'>πρεσϐεύσουσιν,</span> <span class='ocrx_word' id='word_1_457' title='bbox 1430 3174 1492 3225; x_wconf 82' lang='grc' dir='ltr'>ἐν</span> <span class='ocrx_word' id='word_1_458' title='bbox 1516 3172 1626 3243; x_wconf 75' lang='grc' dir='ltr'><strong>γὰρ</strong></span> <span class='ocrx_word' id='word_1_459' title='bbox 1658 3173 1735 3242; x_wconf 83' lang='grc' dir='ltr'><strong>τῷ</strong></span> <span class='ocrx_word' id='word_1_460' title='bbox 1764 3173 1893 3243; x_wconf 82' lang='grc' dir='ltr'>μέλ-</span> 
     </span>
    </p>
   </div>
   <div class='ocr_carea' id='block_1_64' title="bbox 2000 3160 3577 3250">
    <p class='ocr_par' dir='ltr' id='par_1_64' title="bbox 2000 3160 3577 3242">
     <span class='ocr_line' id='line_1_64' title="bbox 2000 3160 3577 3242; baseline -0.004 -12"><span class='ocrx_word' id='word_1_461' title='bbox 2000 3177 2356 3231; x_wconf 85' lang='lat' dir='ltr'><strong>beatitudinis</strong></span> <span class='ocrx_word' id='word_1_462' title='bbox 2423 3192 2622 3230; x_wconf 89' lang='lat' dir='ltr'><strong>corona</strong></span> <span class='ocrx_word' id='word_1_463' title='bbox 2649 3184 2777 3230; x_wconf 91' lang='lat' dir='ltr'><strong>sunt</strong></span> <span class='ocrx_word' id='word_1_464' title='bbox 2802 3173 3043 3229; x_wconf 88' lang='lat' dir='ltr'><strong>redimiti</strong></span> <span class='ocrx_word' id='word_1_465' title='bbox 3070 3174 3098 3227; x_wconf 90' lang='lat'><strong>?</strong></span> <span class='ocrx_word' id='word_1_466' title='bbox 3126 3174 3181 3227; x_wconf 87' lang='lat' dir='ltr'><strong>Si</strong></span> <span class='ocrx_word' id='word_1_467' title='bbox 3211 3187 3339 3242; x_wconf 87' lang='lat' dir='ltr'><strong>ergo</strong></span> <span class='ocrx_word' id='word_1_468' title='bbox 3360 3160 3577 3240; x_wconf 71' lang='lat' dir='ltr'><strong>plenam</strong></span> 
     </span>
    </p>
   </div>
   <div class='ocr_carea' id='block_1_65' title="bbox 310 3258 1892 3339">
    <p class='ocr_par' dir='ltr' id='par_1_65' title="bbox 310 3258 1892 3339">
     <span class='ocr_line' id='line_1_65' title="bbox 310 3258 1892 3339; baseline 0.006 -26"><span class='ocrx_word' id='word_1_469' title='bbox 310 3258 460 3313; x_wconf 81' lang='grc' dir='ltr'>λοντι</span> <span class='ocrx_word' id='word_1_470' title='bbox 506 3262 777 3329; x_wconf 80' lang='grc' dir='ltr'>πρεσϐεία</span> <span class='ocrx_word' id='word_1_471' title='bbox 825 3264 927 3317; x_wconf 78' lang='grc' dir='ltr'><strong>οὐκ</strong></span> <span class='ocrx_word' id='word_1_472' title='bbox 976 3264 1149 3319; x_wconf 76' lang='grc' dir='ltr'>ἐσται.</span> <span class='ocrx_word' id='word_1_473' title='bbox 1198 3266 1340 3320; x_wconf 82' lang='grc' dir='ltr'>Ἀλλ’</span> <span class='ocrx_word' id='word_1_474' title='bbox 1376 3269 1459 3321; x_wconf 84' lang='grc' dir='ltr'>ὅτι</span> <span class='ocrx_word' id='word_1_475' title='bbox 1507 3269 1602 3322; x_wconf 71' lang='grc' dir='ltr'><strong>καὶ</strong></span> <span class='ocrx_word' id='word_1_476' title='bbox 1653 3269 1714 3322; x_wconf 81' lang='grc' dir='ltr'>ὲν</span> <span class='ocrx_word' id='word_1_477' title='bbox 1764 3270 1892 3339; x_wconf 79' lang='grc' dir='ltr'>πυρὶ</span> 
     </span>
    </p>
   </div>
   <div class='ocr_carea' id='block_1_66' title="bbox 308 3354 1896 3431">
    <p class='ocr_par' dir='ltr' id='par_1_66' title="bbox 308 3354 1896 3431">
     <span class='ocr_line' id='line_1_66' title="bbox 308 3354 1896 3431; baseline 0.006 -25"><span class='ocrx_word' id='word_1_478' title='bbox 308 3354 633 3419; x_wconf 77' lang='grc' dir='ltr'>κολάζονται</span> <span class='ocrx_word' id='word_1_479' title='bbox 659 3358 765 3427; x_wconf 75' lang='grc' dir='ltr'>πρὸ</span> <span class='ocrx_word' id='word_1_480' title='bbox 786 3357 889 3426; x_wconf 81' lang='grc' dir='ltr'>τῆς</span> <span class='ocrx_word' id='word_1_481' title='bbox 912 3359 1095 3428; x_wconf 83' lang='grc' dir='ltr'>κοινῆς</span> <span class='ocrx_word' id='word_1_482' title='bbox 1117 3360 1473 3423; x_wconf 80' lang='grc' dir='ltr'>ἀναστάσεως</span> <span class='ocrx_word' id='word_1_483' title='bbox 1494 3363 1541 3412; x_wconf 89' lang='grc' dir='ltr'>οἱ</span> <span class='ocrx_word' id='word_1_484' title='bbox 1564 3360 1639 3431; x_wconf 84' lang='grc' dir='ltr'><strong>μὴ</strong></span> <span class='ocrx_word' id='word_1_485' title='bbox 1660 3361 1896 3416; x_wconf 73' lang='grc' dir='ltr'>ἐνταῦθα</span> 
     </span>
    </p>
   </div>
   <div class='ocr_carea' id='block_1_67' title="bbox 310 3448 1893 3524">
    <p class='ocr_par' dir='ltr' id='par_1_67' title="bbox 310 3448 1893 3524">
     <span class='ocr_line' id='line_1_67' title="bbox 310 3448 1893 3524; baseline 0.003 -23"><span class='ocrx_word' id='word_1_486' title='bbox 310 3448 827 3519; x_wconf 78' lang='grc' dir='ltr'>ἱκανοποιήσαντες.</span> <span class='ocrx_word' id='word_1_487' title='bbox 854 3451 963 3503; x_wconf 69' lang='grc' dir='ltr'><strong>ἀπὸ</strong></span> <span class='ocrx_word' id='word_1_488' title='bbox 1010 3451 1316 3521; x_wconf 79' lang='grc' dir='ltr'>διηγήσεως</span> <span class='ocrx_word' id='word_1_489' title='bbox 1352 3452 1460 3505; x_wconf 84' lang='grc' dir='ltr'><strong>τῶν</strong></span> <span class='ocrx_word' id='word_1_490' title='bbox 1499 3453 1764 3524; x_wconf 82' lang='grc' dir='ltr'>Πατέρων</span> <span class='ocrx_word' id='word_1_491' title='bbox 1797 3456 1893 3506; x_wconf 71' lang='grc' dir='ltr'>καὶ</span> 
     </span>
    </p>
   </div>
   <div class='ocr_carea' id='block_1_68' title="bbox 308 3541 1896 3615">
    <p class='ocr_par' dir='ltr' id='par_1_68' title="bbox 308 3541 1896 3615">
     <span class='ocr_line' id='line_1_68' title="bbox 308 3541 1896 3615; baseline 0.004 -24"><span class='ocrx_word' id='word_1_492' title='bbox 308 3541 447 3609; x_wconf 67' lang='grc' dir='ltr'>περὶ</span> <span class='ocrx_word' id='word_1_493' title='bbox 495 3541 691 3594; x_wconf 87' lang='grc' dir='ltr'>τούτου</span> <span class='ocrx_word' id='word_1_494' title='bbox 722 3543 1131 3614; x_wconf 67' lang='grc' dir='ltr'>ἐμφανέστερον</span> <span class='ocrx_word' id='word_1_495' title='bbox 1176 3547 1498 3614; x_wconf 83' lang='grc' dir='ltr'>ποιήσομεν.</span> <span class='ocrx_word' id='word_1_496' title='bbox 1544 3545 1633 3597; x_wconf 84' lang='grc' dir='ltr'>Ἐν</span> <span class='ocrx_word' id='word_1_497' title='bbox 1679 3546 1756 3615; x_wconf 83' lang='grc' dir='ltr'>τῷ</span> <span class='ocrx_word' id='word_1_498' title='bbox 1805 3544 1896 3598; x_wconf 75' lang='grc' dir='ltr'><strong>ἐπ’</strong></span> 
     </span>
    </p>
   </div>
   <div class='ocr_carea' id='block_1_69' title="bbox 309 3631 1895 3709">
    <p class='ocr_par' dir='ltr' id='par_1_69' title="bbox 309 3631 1895 3709">
     <span class='ocr_line' id='line_1_69' title="bbox 309 3631 1895 3709; baseline 0.006 -26"><span class='ocrx_word' id='word_1_499' title='bbox 309 3631 615 3701; x_wconf 70' lang='grc' dir='ltr'>ἐκκλησίαι·</span> <span class='ocrx_word' id='word_1_500' title='bbox 670 3634 1172 3705; x_wconf 81' lang='grc' dir='ltr'>ἀναγινωσκομὲνῳ</span> <span class='ocrx_word' id='word_1_501' title='bbox 1224 3636 1389 3706; x_wconf 81' lang='grc' dir='ltr'>λόγῳ,</span> <span class='ocrx_word' id='word_1_502' title='bbox 1447 3637 1528 3705; x_wconf 81' lang='grc' dir='ltr'><strong>τῷ</strong></span> <span class='ocrx_word' id='word_1_503' title='bbox 1578 3639 1895 3709; x_wconf 73' lang='grc' dir='ltr'>ὶπιγραφὴν</span> 
     </span>
    </p>
   </div>
   <div class='ocr_carea' id='block_1_70' title="bbox 309 3722 1893 3795">
    <p class='ocr_par' dir='ltr' id='par_1_70' title="bbox 309 3722 1893 3795">
     <span class='ocr_line' id='line_1_70' title="bbox 309 3722 1893 3795; baseline 0.004 -23"><span class='ocrx_word' id='word_1_504' title='bbox 309 3722 519 3789; x_wconf 65' lang='grc' dir='ltr'>ιχσντι,</span> <span class='ocrx_word' id='word_1_505' title='bbox 583 3722 834 3775; x_wconf 78' lang='grc' dir='ltr'>Ἰωάννου</span> <span class='ocrx_word' id='word_1_506' title='bbox 901 3724 1137 3793; x_wconf 85' lang='grc' dir='ltr'>μοναχοῦ</span> <span class='ocrx_word' id='word_1_507' title='bbox 1199 3726 1295 3777; x_wconf 71' lang='grc' dir='ltr'><strong>καὶ</strong></span> <span class='ocrx_word' id='word_1_508' title='bbox 1366 3724 1743 3795; x_wconf 79' lang='grc' dir='ltr'>πρεσϐυτέρου</span> <span class='ocrx_word' id='word_1_509' title='bbox 1798 3727 1893 3780; x_wconf 78' lang='grc' dir='ltr'><strong>τοῦ</strong></span> 
     </span>
    </p>
   </div>
   <div class='ocr_carea' id='block_1_71' title="bbox 312 3812 1896 3887">
    <p class='ocr_par' dir='ltr' id='par_1_71' title="bbox 312 3812 1896 3887">
     <span class='ocr_line' id='line_1_71' title="bbox 312 3812 1896 3887; baseline 0.004 -23"><span class='ocrx_word' id='word_1_510' title='bbox 312 3812 710 3880; x_wconf 73' lang='grc' dir='ltr'>Δαμασκηνοῦ,</span> <span class='ocrx_word' id='word_1_511' title='bbox 732 3814 871 3882; x_wconf 85' lang='grc' dir='ltr'><strong>μετά</strong></span> <span class='ocrx_word' id='word_1_512' title='bbox 893 3814 1004 3867; x_wconf 82' lang='grc' dir='ltr'><strong>τῶν</strong></span> <span class='ocrx_word' id='word_1_513' title='bbox 1028 3814 1207 3867; x_wconf 76' lang='grc' dir='ltr'>ἄλλων</span> <span class='ocrx_word' id='word_1_514' title='bbox 1229 3815 1339 3867; x_wconf 86' lang='grc' dir='ltr'><strong>τῶν</strong></span> <span class='ocrx_word' id='word_1_515' title='bbox 1368 3815 1572 3883; x_wconf 83' lang='grc' dir='ltr'>ὁμοίων</span> <span class='ocrx_word' id='word_1_516' title='bbox 1598 3815 1775 3887; x_wconf 81' lang='grc' dir='ltr'>τούτῳ</span> <span class='ocrx_word' id='word_1_517' title='bbox 1800 3820 1896 3871; x_wconf 81' lang='grc' dir='ltr'><strong>καὶ</strong></span> 
     </span>
    </p>
   </div>
   <div class='ocr_carea' id='block_1_72' title="bbox 309 3904 1897 3977">
    <p class='ocr_par' dir='ltr' id='par_1_72' title="bbox 309 3904 1897 3977">
     <span class='ocr_line' id='line_1_72' title="bbox 309 3904 1897 3977; baseline 0.003 -18"><span class='ocrx_word' id='word_1_518' title='bbox 309 3904 481 3959; x_wconf 56' lang='grc' dir='ltr'>τοῦτο</span> <span class='ocrx_word' id='word_1_519' title='bbox 527 3907 865 3975; x_wconf 68' lang='grc' dir='ltr'>περιέχεται*</span> <span class='ocrx_word' id='word_1_520' title='bbox 893 3906 975 3958; x_wconf 83' lang='grc' dir='ltr'>ὅτι</span> <span class='ocrx_word' id='word_1_521' title='bbox 1016 3924 1103 3970; x_wconf 90' lang='grc' dir='ltr'><strong>τις</strong></span> <span class='ocrx_word' id='word_1_522' title='bbox 1150 3907 1261 3960; x_wconf 85' lang='grc' dir='ltr'><strong>τῶν</strong></span> <span class='ocrx_word' id='word_1_523' title='bbox 1308 3907 1587 3977; x_wconf 83' lang='grc' dir='ltr'>θεοφόρων</span> <span class='ocrx_word' id='word_1_524' title='bbox 1636 3906 1897 3976; x_wconf 75' lang='grc' dir='ltr'>Πατέρων</span> 
     </span>
    </p>
   </div>
   <div class='ocr_carea' id='block_1_73' title="bbox 314 3997 1896 4070">
    <p class='ocr_par' dir='ltr' id='par_1_73' title="bbox 314 3997 1896 4070">
     <span class='ocr_line' id='line_1_73' title="bbox 314 3997 1896 4070; baseline 0.004 -22"><span class='ocrx_word' id='word_1_525' title='bbox 314 3999 574 4066; x_wconf 78' lang='grc' dir='ltr'>μαθητὴν</span> <span class='ocrx_word' id='word_1_526' title='bbox 608 3997 749 4066; x_wconf 71' lang='grc' dir='ltr'>ἔχων</span> <span class='ocrx_word' id='word_1_527' title='bbox 776 3999 838 4050; x_wconf 75' lang='grc' dir='ltr'>ὲν</span> <span class='ocrx_word' id='word_1_528' title='bbox 868 3998 1102 4068; x_wconf 68' lang='grc' dir='ltr'>ἀμελείᾳ</span> <span class='ocrx_word' id='word_1_529' title='bbox 1135 3997 1377 4067; x_wconf 81' lang='grc' dir='ltr'>βιοῦντα,</span> <span class='ocrx_word' id='word_1_530' title='bbox 1413 4000 1509 4051; x_wconf 75' lang='grc' dir='ltr'><strong>καὶ</strong></span> <span class='ocrx_word' id='word_1_531' title='bbox 1530 4000 1721 4054; x_wconf 82' lang='grc' dir='ltr'>τοῦτον</span> <span class='ocrx_word' id='word_1_532' title='bbox 1758 4003 1896 4070; x_wconf 66' lang='grc' dir='ltr'>πρὸς</span> 
     </span>
    </p>
   </div>
   <div class='ocr_carea' id='block_1_74' title="bbox 310 4086 1900 4158">
    <p class='ocr_par' dir='ltr' id='par_1_74' title="bbox 310 4086 1900 4158">
     <span class='ocr_line' id='line_1_74' title="bbox 310 4086 1900 4158; baseline 0.001 -15"><span class='ocrx_word' id='word_1_533' title='bbox 310 4090 378 4143; x_wconf 75' lang='grc' dir='ltr'><strong>τὸ</strong></span> <span class='ocrx_word' id='word_1_534' title='bbox 404 4086 497 4141; x_wconf 72' lang='grc' dir='ltr'><strong>τοῦ</strong></span> <span class='ocrx_word' id='word_1_535' title='bbox 532 4088 656 4157; x_wconf 83' lang='grc' dir='ltr'>βίου</span> <span class='ocrx_word' id='word_1_536' title='bbox 697 4089 871 4157; x_wconf 87' lang='grc' dir='ltr'>πέρας</span> <span class='ocrx_word' id='word_1_537' title='bbox 903 4088 1167 4158; x_wconf 76' lang='grc' dir='ltr'>ῥᾳθύμως</span> <span class='ocrx_word' id='word_1_538' title='bbox 1207 4089 1616 4158; x_wconf 73' lang='grc' dir='ltr'>ἑπιφθάσαντα,</span> <span class='ocrx_word' id='word_1_539' title='bbox 1647 4092 1676 4143; x_wconf 88' lang='lat'><strong>6</strong></span> <span class='ocrx_word' id='word_1_540' title='bbox 1708 4109 1900 4144; x_wconf 74' lang='grc' dir='ltr'>πανοιι-</span> 
     </span>
    </p>
   </div>
   <div class='ocr_carea' id='block_1_75' title="bbox 313 4178 1897 4253">
    <p class='ocr_par' dir='ltr' id='par_1_75' title="bbox 313 4178 1897 4253">
     <span class='ocr_line' id='line_1_75' title="bbox 313 4178 1897 4253; baseline 0 -19"><span class='ocrx_word' id='word_1_541' title='bbox 313 4179 572 4250; x_wconf 79' lang='grc' dir='ltr'>κτίρμων</span> <span class='ocrx_word' id='word_1_542' title='bbox 600 4181 696 4232; x_wconf 76' lang='grc' dir='ltr'><strong>καὶ</strong></span> <span class='ocrx_word' id='word_1_543' title='bbox 727 4179 1023 4248; x_wconf 68' lang='grc' dir='ltr'>φιλόψυχος</span> <span class='ocrx_word' id='word_1_544' title='bbox 1050 4178 1255 4248; x_wconf 78' lang='grc' dir='ltr'>Κύριος</span> <span class='ocrx_word' id='word_1_545' title='bbox 1285 4180 1424 4249; x_wconf 81' lang='grc' dir='ltr'><strong>μετά</strong></span> <span class='ocrx_word' id='word_1_546' title='bbox 1456 4180 1713 4252; x_wconf 77' lang='grc' dir='ltr'>δακρύων</span> <span class='ocrx_word' id='word_1_547' title='bbox 1742 4184 1897 4253; x_wconf 86' lang='grc' dir='ltr'>αἰτη-</span> 
     </span>
    </p>
   </div>
   <div class='ocr_carea' id='block_1_76' title="bbox 315 4257 1898 4343">
    <p class='ocr_par' dir='ltr' id='par_1_76' title="bbox 315 4257 1898 4343">
     <span class='ocr_line' id='line_1_76' title="bbox 315 4257 1898 4343; baseline 0.001 -18"><span class='ocrx_word' id='word_1_548' title='bbox 315 4272 560 4340; x_wconf 73' lang='grc' dir='ltr'>σαμένου</span> <span class='ocrx_word' id='word_1_549' title='bbox 587 4270 682 4325; x_wconf 84' lang='grc' dir='ltr'>τοῦ</span> <span class='ocrx_word' id='word_1_550' title='bbox 713 4257 995 4340; x_wconf 57' lang='grc' dir='ltr'>γέροντος,</span> <span class='ocrx_word' id='word_1_551' title='bbox 1031 4270 1108 4333; x_wconf 83' lang='grc' dir='ltr'>ὦς</span> <span class='ocrx_word' id='word_1_552' title='bbox 1149 4272 1294 4324; x_wconf 72' lang='grc' dir='ltr'>κατὰ</span> <span class='ocrx_word' id='word_1_553' title='bbox 1330 4272 1422 4325; x_wconf 62' lang='grc' dir='ltr'>τὶν</span> <span class='ocrx_word' id='word_1_554' title='bbox 1452 4273 1704 4343; x_wconf 71' lang='grc' dir='ltr'>Λάζαρον</span> <span class='ocrx_word' id='word_1_555' title='bbox 1733 4275 1898 4329; x_wconf 89' lang='grc' dir='ltr'>πλού-</span> 
     </span>
    </p>
   </div>
   <div class='ocr_carea' id='block_1_77' title="bbox 315 4362 1896 4437">
    <p class='ocr_par' dir='ltr' id='par_1_77' title="bbox 315 4362 1896 4437">
     <span class='ocr_line' id='line_1_77' title="bbox 315 4362 1896 4437; baseline 0.001 -19"><span class='ocrx_word' id='word_1_556' title='bbox 315 4382 457 4429; x_wconf 79' lang='grc' dir='ltr'>σιον,</span> <span class='ocrx_word' id='word_1_557' title='bbox 486 4366 545 4416; x_wconf 77' lang='grc' dir='ltr'>ὲν</span> <span class='ocrx_word' id='word_1_558' title='bbox 587 4366 656 4432; x_wconf 75' lang='grc' dir='ltr'><strong>τῇ</strong></span> <span class='ocrx_word' id='word_1_559' title='bbox 685 4362 848 4431; x_wconf 73' lang='grc' dir='ltr'>φλογὶ</span> <span class='ocrx_word' id='word_1_560' title='bbox 881 4362 1257 4432; x_wconf 83' lang='grc' dir='ltr'>καυσούμενον</span> <span class='ocrx_word' id='word_1_561' title='bbox 1289 4364 1453 4434; x_wconf 81' lang='grc' dir='ltr'>μέχρι</span> <span class='ocrx_word' id='word_1_562' title='bbox 1485 4364 1580 4417; x_wconf 84' lang='grc' dir='ltr'>τοῦ</span> <span class='ocrx_word' id='word_1_563' title='bbox 1623 4369 1896 4437; x_wconf 83' lang='grc' dir='ltr'>τραχήλου</span> 
     </span>
    </p>
   </div>
   <div class='ocr_carea' id='block_1_78' title="bbox 315 4452 1896 4526">
    <p class='ocr_par' dir='ltr' id='par_1_78' title="bbox 315 4452 1896 4526">
     <span class='ocr_line' id='line_1_78' title="bbox 315 4452 1896 4526; baseline 0.001 -17"><span class='ocrx_word' id='word_1_564' title='bbox 315 4455 620 4519; x_wconf 61' lang='grc' dir='ltr'>ὑπέδειξεν</span> <span class='ocrx_word' id='word_1_565' title='bbox 647 4452 722 4518; x_wconf 80' lang='grc' dir='ltr'>ὥς</span> <span class='ocrx_word' id='word_1_566' title='bbox 751 4453 1000 4507; x_wconf 72' lang='grc' dir='ltr'>ἐντεῦθεν</span> <span class='ocrx_word' id='word_1_567' title='bbox 1026 4454 1196 4507; x_wconf 83' lang='grc' dir='ltr'>πολλὰ</span> <span class='ocrx_word' id='word_1_568' title='bbox 1238 4455 1335 4507; x_wconf 78' lang='grc' dir='ltr'><strong>τοῦ</strong></span> <span class='ocrx_word' id='word_1_569' title='bbox 1362 4456 1519 4522; x_wconf 83' lang='grc' dir='ltr'>ἁγίου</span> <span class='ocrx_word' id='word_1_570' title='bbox 1542 4460 1896 4526; x_wconf 86' lang='grc' dir='ltr'>πονήσαντος,</span> 
     </span>
    </p>
   </div>
   <div class='ocr_carea' id='block_1_79' title="bbox 1997 3261 3571 3333">
    <p class='ocr_par' dir='ltr' id='par_1_79' title="bbox 1997 3261 3571 3333">
     <span class='ocr_line' id='line_1_79' title="bbox 1997 3261 3571 3333; baseline -0.004 -14"><span class='ocrx_word' id='word_1_571' title='bbox 1997 3264 2385 3319; x_wconf 87' lang='lat' dir='ltr'><strong>beatitudinem</strong></span> <span class='ocrx_word' id='word_1_572' title='bbox 2419 3266 2654 3319; x_wconf 83' lang='lat' dir='ltr'><strong>nondum</strong></span> <span class='ocrx_word' id='word_1_573' title='bbox 2684 3264 2863 3333; x_wconf 84' lang='lat' dir='ltr'><strong>adepti</strong></span> <span class='ocrx_word' id='word_1_574' title='bbox 2889 3272 3037 3328; x_wconf 81' lang='lat' dir='ltr'><strong>sunt,</strong></span> <span class='ocrx_word' id='word_1_575' title='bbox 3065 3278 3164 3316; x_wconf 91' lang='lat' dir='ltr'><strong>nec</strong></span> <span class='ocrx_word' id='word_1_576' title='bbox 3202 3261 3571 3326; x_wconf 85' lang='lat' dir='ltr'><strong>intercedunt,</strong></span> 
     </span>
    </p>
   </div>
   <div class='ocr_carea' id='block_1_80' title="bbox 1996 3354 3577 3421">
    <p class='ocr_par' dir='ltr' id='par_1_80' title="bbox 1996 3354 3577 3421">
     <span class='ocr_line' id='line_1_80' title="bbox 1996 3354 3577 3421; baseline -0.005 -10"><span class='ocrx_word' id='word_1_577' title='bbox 1996 3372 2097 3411; x_wconf 89' lang='lat' dir='ltr'><strong>nec</strong></span> <span class='ocrx_word' id='word_1_578' title='bbox 2135 3359 2513 3421; x_wconf 88' lang='lat' dir='ltr'><strong>intercedent;</strong></span> <span class='ocrx_word' id='word_1_579' title='bbox 2539 3358 2595 3411; x_wconf 88' lang='lat' dir='ltr'><strong>in</strong></span> <span class='ocrx_word' id='word_1_580' title='bbox 2628 3358 2813 3411; x_wconf 78' lang='lat' dir='ltr'><strong>futuro</strong></span> <span class='ocrx_word' id='word_1_581' title='bbox 2845 3359 2990 3411; x_wconf 86' lang='lat' dir='ltr'><strong>enim</strong></span> <span class='ocrx_word' id='word_1_582' title='bbox 3021 3356 3221 3411; x_wconf 62' lang='lat' dir='ltr'><strong>saeculo</strong></span> <span class='ocrx_word' id='word_1_583' title='bbox 3278 3354 3425 3407; x_wconf 87' lang='lat' dir='ltr'><strong>nulla</strong></span> <span class='ocrx_word' id='word_1_584' title='bbox 3470 3354 3577 3407; x_wconf 86' lang='lat' dir='ltr'><strong>erit</strong></span> 
     </span>
    </p>
   </div>
   <div class='ocr_carea' id='block_1_81' title="bbox 1997 3446 3577 3516">
    <p class='ocr_par' dir='ltr' id='par_1_81' title="bbox 1997 3446 3577 3516">
     <span class='ocr_line' id='line_1_81' title="bbox 1997 3446 3577 3516; baseline -0.002 -14"><span class='ocrx_word' id='word_1_585' title='bbox 1997 3449 2339 3503; x_wconf 85' lang='lat' dir='ltr'><strong>intercessio.</strong></span> <span class='ocrx_word' id='word_1_586' title='bbox 2368 3448 2634 3503; x_wconf 64' lang='lat' dir='ltr'><strong>Caeterum</strong></span> <span class='ocrx_word' id='word_1_587' title='bbox 2671 3462 2765 3502; x_wconf 90' lang='lat' dir='ltr'><strong>eos</strong></span> <span class='ocrx_word' id='word_1_588' title='bbox 2802 3448 2965 3501; x_wconf 87' lang='lat' dir='ltr'><strong>etiam</strong></span> <span class='ocrx_word' id='word_1_589' title='bbox 2994 3449 3090 3516; x_wconf 89' lang='lat' dir='ltr'><strong>qui</strong></span> <span class='ocrx_word' id='word_1_590' title='bbox 3117 3448 3170 3500; x_wconf 92' lang='lat' dir='ltr'><strong>in</strong></span> <span class='ocrx_word' id='word_1_591' title='bbox 3195 3446 3299 3498; x_wconf 89' lang='lat' dir='ltr'><strong>hac</strong></span> <span class='ocrx_word' id='word_1_592' title='bbox 3335 3446 3442 3499; x_wconf 81' lang='lat' dir='ltr'><strong>vita</strong></span> <span class='ocrx_word' id='word_1_593' title='bbox 3469 3460 3577 3499; x_wconf 83' lang='lat' dir='ltr'><strong>non</strong></span> 
     </span>
    </p>
   </div>
   <div class='ocr_carea' id='block_1_82' title="bbox 1996 3539 3577 3610">
    <p class='ocr_par' dir='ltr' id='par_1_82' title="bbox 1996 3539 3577 3610">
     <span class='ocr_line' id='line_1_82' title="bbox 1996 3539 3577 3610; baseline -0.003 -16"><span class='ocrx_word' id='word_1_594' title='bbox 1996 3539 2407 3603; x_wconf 80' lang='lat' dir='ltr'><strong>satisfecerunt,</strong></span> <span class='ocrx_word' id='word_1_595' title='bbox 2436 3541 2577 3610; x_wconf 88' lang='lat' dir='ltr'><strong>ignis</strong></span> <span class='ocrx_word' id='word_1_596' title='bbox 2604 3540 2911 3593; x_wconf 88' lang='lat' dir='ltr'><strong>cruciatum</strong></span> <span class='ocrx_word' id='word_1_597' title='bbox 2941 3548 3069 3593; x_wconf 88' lang='lat' dir='ltr'><strong>ante</strong></span> <span class='ocrx_word' id='word_1_598' title='bbox 3092 3552 3435 3592; x_wconf 87' lang='lat' dir='ltr'><strong>communem</strong></span> <span class='ocrx_word' id='word_1_599' title='bbox 3486 3552 3577 3590; x_wconf 83' lang='lat' dir='ltr'><strong>re-</strong></span> 
     </span>
    </p>
   </div>
   <div class='ocr_carea' id='block_1_83' title="bbox 1998 3627 3577 3701">
    <p class='ocr_par' dir='ltr' id='par_1_83' title="bbox 1998 3627 3577 3701">
     <span class='ocr_line' id='line_1_83' title="bbox 1998 3627 3577 3701; baseline -0.004 -15"><span class='ocrx_word' id='word_1_600' title='bbox 1998 3632 2394 3686; x_wconf 81' lang='lat' dir='ltr'><strong>surrectionem</strong></span> <span class='ocrx_word' id='word_1_601' title='bbox 2428 3632 2562 3701; x_wconf 89' lang='lat' dir='ltr'><strong>pati,</strong></span> <span class='ocrx_word' id='word_1_602' title='bbox 2609 3631 2961 3700; x_wconf 88' lang='lat' dir='ltr'><strong>probabimus</strong></span> <span class='ocrx_word' id='word_1_603' title='bbox 3007 3646 3072 3683; x_wconf 79' lang='lat' dir='ltr'><strong>ex</strong></span> <span class='ocrx_word' id='word_1_604' title='bbox 3120 3627 3439 3682; x_wconf 86' lang='lat' dir='ltr'><strong>narratione</strong></span> <span class='ocrx_word' id='word_1_605' title='bbox 3476 3627 3577 3680; x_wconf 83' lang='lat' dir='ltr'><strong>Pa-</strong></span> 
     </span>
    </p>
   </div>
   <div class='ocr_carea' id='block_1_84' title="bbox 1997 3719 3575 3790">
    <p class='ocr_par' dir='ltr' id='par_1_84' title="bbox 1997 3719 3575 3790">
     <span class='ocr_line' id='line_1_84' title="bbox 1997 3719 3575 3790; baseline 0.001 -15"><span class='ocrx_word' id='word_1_606' title='bbox 1997 3730 2167 3775; x_wconf 89' lang='lat' dir='ltr'><strong>trum.</strong></span> <span class='ocrx_word' id='word_1_607' title='bbox 2196 3719 2417 3790; x_wconf 80' lang='lat' dir='ltr'><strong>Legitur</strong></span> <span class='ocrx_word' id='word_1_608' title='bbox 2464 3721 2520 3775; x_wconf 90' lang='lat' dir='ltr'><strong>in</strong></span> <span class='ocrx_word' id='word_1_609' title='bbox 2552 3721 2784 3776; x_wconf 88' lang='lat' dir='ltr'><strong>ecclesia</strong></span> <span class='ocrx_word' id='word_1_610' title='bbox 2819 3736 2999 3775; x_wconf 89' lang='lat' dir='ltr'><strong>sermo</strong></span> <span class='ocrx_word' id='word_1_611' title='bbox 3036 3722 3140 3775; x_wconf 90' lang='lat' dir='ltr'><strong>bac</strong></span> <span class='ocrx_word' id='word_1_612' title='bbox 3192 3722 3575 3789; x_wconf 83' lang='lat' dir='ltr'><strong>inscriptione,</strong></span> 
     </span>
    </p>
   </div>
   <div class='ocr_carea' id='block_1_85' title="bbox 1998 3810 3578 3883">
    <p class='ocr_par' dir='ltr' id='par_1_85' title="bbox 1998 3810 3578 3883">
     <span class='ocr_line' id='line_1_85' title="bbox 1998 3810 3578 3883; baseline -0.001 -19"><span class='ocrx_word' id='word_1_613' title='bbox 1998 3810 2228 3865; x_wconf 81' lang='lat' dir='ltr'><strong>Joannis</strong></span> <span class='ocrx_word' id='word_1_614' title='bbox 2262 3812 2516 3866; x_wconf 78' lang='lat' dir='ltr'><strong>monachi</strong></span> <span class='ocrx_word' id='word_1_615' title='bbox 2546 3821 2599 3868; x_wconf 91' lang='lat' dir='ltr'><strong>et</strong></span> <span class='ocrx_word' id='word_1_616' title='bbox 2625 3812 2931 3883; x_wconf 84' lang='lat' dir='ltr'><strong>presbyteri</strong></span> <span class='ocrx_word' id='word_1_617' title='bbox 2973 3813 3291 3867; x_wconf 87' lang='lat' dir='ltr'><strong>Damasceni</strong></span> <span class='ocrx_word' id='word_1_618' title='bbox 3328 3830 3343 3878; x_wconf 91' lang='lat'><strong>;</strong></span> <span class='ocrx_word' id='word_1_619' title='bbox 3377 3814 3432 3866; x_wconf 88' lang='lat' dir='ltr'><strong>in</strong></span> <span class='ocrx_word' id='word_1_620' title='bbox 3466 3829 3578 3880; x_wconf 81' lang='lat' dir='ltr'><strong>quo</strong></span> 
     </span>
    </p>
   </div>
   <div class='ocr_carea' id='block_1_86' title="bbox 1998 3904 3578 3968">
    <p class='ocr_par' dir='ltr' id='par_1_86' title="bbox 1998 3904 3578 3968">
     <span class='ocr_line' id='line_1_86' title="bbox 1998 3904 3578 3968; baseline -0.001 -10"><span class='ocrx_word' id='word_1_621' title='bbox 1998 3920 2121 3958; x_wconf 84' lang='lat' dir='ltr'><strong>cum</strong></span> <span class='ocrx_word' id='word_1_622' title='bbox 2153 3906 2322 3959; x_wconf 88' lang='lat' dir='ltr'><strong>multa</strong></span> <span class='ocrx_word' id='word_1_623' title='bbox 2354 3904 2458 3958; x_wconf 84' lang='lat' dir='ltr'><strong>alia</strong></span> <span class='ocrx_word' id='word_1_624' title='bbox 2487 3904 2796 3959; x_wconf 88' lang='lat' dir='ltr'><strong>consimilia</strong></span> <span class='ocrx_word' id='word_1_625' title='bbox 2826 3912 3135 3968; x_wconf 87' lang='lat' dir='ltr'><strong>narrentur,</strong></span> <span class='ocrx_word' id='word_1_626' title='bbox 3190 3904 3424 3959; x_wconf 84' lang='lat' dir='ltr'><strong>habetur</strong></span> <span class='ocrx_word' id='word_1_627' title='bbox 3472 3905 3578 3957; x_wconf 82' lang='lat' dir='ltr'><strong>hoc</strong></span> 
     </span>
    </p>
   </div>
   <div class='ocr_carea' id='block_1_87' title="bbox 1998 3996 3577 4067">
    <p class='ocr_par' dir='ltr' id='par_1_87' title="bbox 1998 3996 3577 4067">
     <span class='ocr_line' id='line_1_87' title="bbox 1998 3996 3577 4067; baseline -0.001 -16"><span class='ocrx_word' id='word_1_628' title='bbox 1998 3998 2182 4063; x_wconf 84' lang='lat' dir='ltr'><strong>etiam,</strong></span> <span class='ocrx_word' id='word_1_629' title='bbox 2250 3999 2417 4053; x_wconf 90' lang='lat' dir='ltr'><strong>fuisse</strong></span> <span class='ocrx_word' id='word_1_630' title='bbox 2448 3996 2663 4052; x_wconf 90' lang='lat' dir='ltr'><strong>Patrem</strong></span> <span class='ocrx_word' id='word_1_631' title='bbox 2687 3998 2977 4067; x_wconf 82' lang='lat' dir='ltr'><strong>quemdam</strong></span> <span class='ocrx_word' id='word_1_632' title='bbox 3008 4007 3296 4052; x_wconf 82' lang='lat' dir='ltr'><strong>sanctitate</strong></span> <span class='ocrx_word' id='word_1_633' title='bbox 3353 3998 3577 4065; x_wconf 90' lang='lat' dir='ltr'><strong>conspi-</strong></span> 
     </span>
    </p>
   </div>
   <div class='ocr_carea' id='block_1_88' title="bbox 1997 4089 3582 4159">
    <p class='ocr_par' dir='ltr' id='par_1_88' title="bbox 1997 4089 3582 4159">
     <span class='ocr_line' id='line_1_88' title="bbox 1997 4089 3582 4159; baseline -0.001 -16"><span class='ocrx_word' id='word_1_634' title='bbox 1997 4105 2184 4154; x_wconf 84' lang='lat' dir='ltr'><strong>cuum,</strong></span> <span class='ocrx_word' id='word_1_635' title='bbox 2203 4090 2296 4159; x_wconf 88' lang='lat' dir='ltr'><strong>qui</strong></span> <span class='ocrx_word' id='word_1_636' title='bbox 2315 4089 2638 4157; x_wconf 87' lang='lat' dir='ltr'><strong>discipulum</strong></span> <span class='ocrx_word' id='word_1_637' title='bbox 2661 4089 2885 4144; x_wconf 84' lang='lat' dir='ltr'><strong>haberet</strong></span> <span class='ocrx_word' id='word_1_638' title='bbox 2904 4091 3067 4142; x_wconf 82' lang='lat' dir='ltr'><strong>vitam</strong></span> <span class='ocrx_word' id='word_1_639' title='bbox 3089 4089 3446 4159; x_wconf 83' lang='lat' dir='ltr'><strong>negligentius</strong></span> <span class='ocrx_word' id='word_1_640' title='bbox 3463 4096 3582 4141; x_wconf 84' lang='lat' dir='ltr'><strong>tra-</strong></span> 
     </span>
    </p>
   </div>
   <div class='ocr_carea' id='block_1_89' title="bbox 1998 4179 3572 4252">
    <p class='ocr_par' dir='ltr' id='par_1_89' title="bbox 1998 4179 3572 4252">
     <span class='ocr_line' id='line_1_89' title="bbox 1998 4179 3572 4252; baseline 0.003 -19"><span class='ocrx_word' id='word_1_641' title='bbox 1998 4179 2322 4248; x_wconf 86' lang='lat' dir='ltr'><strong>ducentem;</strong></span> <span class='ocrx_word' id='word_1_642' title='bbox 2351 4182 2496 4236; x_wconf 82' lang='lat' dir='ltr'><strong>hunc</strong></span> <span class='ocrx_word' id='word_1_643' title='bbox 2517 4183 2680 4252; x_wconf 80' lang='lat' dir='ltr'><strong>igitur</strong></span> <span class='ocrx_word' id='word_1_644' title='bbox 2699 4182 2788 4237; x_wconf 85' lang='lat' dir='ltr'><strong>ubi</strong></span> <span class='ocrx_word' id='word_1_645' title='bbox 2807 4182 2997 4237; x_wconf 85' lang='lat' dir='ltr'><strong>eadem</strong></span> <span class='ocrx_word' id='word_1_646' title='bbox 3015 4182 3338 4252; x_wconf 79' lang='lat' dir='ltr'><strong>negligentia</strong></span> <span class='ocrx_word' id='word_1_647' title='bbox 3385 4196 3415 4236; x_wconf 90' lang='lat' dir='ltr'><strong>e</strong></span> <span class='ocrx_word' id='word_1_648' title='bbox 3462 4184 3572 4237; x_wconf 82' lang='lat' dir='ltr'><strong>vita</strong></span> 
     </span>
    </p>
   </div>
   <div class='ocr_carea' id='block_1_90' title="bbox 1997 4273 3573 4343">
    <p class='ocr_par' dir='ltr' id='par_1_90' title="bbox 1997 4273 3573 4343">
     <span class='ocr_line' id='line_1_90' title="bbox 1997 4273 3573 4343; baseline 0.001 -16"><span class='ocrx_word' id='word_1_649' title='bbox 1997 4276 2278 4337; x_wconf 86' lang='lat' dir='ltr'><strong>cessisset,</strong></span> <span class='ocrx_word' id='word_1_650' title='bbox 2295 4274 2754 4328; x_wconf 84' lang='lat' dir='ltr'><strong>clementissimus</strong></span> <span class='ocrx_word' id='word_1_651' title='bbox 2775 4274 3189 4343; x_wconf 87' lang='lat' dir='ltr'><strong>animarumque</strong></span> <span class='ocrx_word' id='word_1_652' title='bbox 3204 4282 3417 4327; x_wconf 78' lang='lat' dir='ltr'><strong>amatur</strong></span> <span class='ocrx_word' id='word_1_653' title='bbox 3430 4273 3573 4329; x_wconf 81' lang='lat' dir='ltr'><strong>Deus</strong></span> 
     </span>
    </p>
   </div>
   <div class='ocr_carea' id='block_1_91' title="bbox 2000 4354 3573 4436">
    <p class='ocr_par' dir='ltr' id='par_1_91' title="bbox 2000 4354 3573 4436">
     <span class='ocr_line' id='line_1_91' title="bbox 2000 4354 3573 4436; baseline 0.001 -18"><span class='ocrx_word' id='word_1_654' title='bbox 2000 4365 2064 4418; x_wconf 85' lang='lat' dir='ltr'><strong>ad</strong></span> <span class='ocrx_word' id='word_1_655' title='bbox 2086 4381 2276 4433; x_wconf 87' lang='lat' dir='ltr'><strong>preces</strong></span> <span class='ocrx_word' id='word_1_656' title='bbox 2292 4377 2347 4420; x_wconf 90' lang='lat' dir='ltr'><strong>et</strong></span> <span class='ocrx_word' id='word_1_657' title='bbox 2366 4367 2635 4436; x_wconf 80' lang='lat' dir='ltr'><strong>lacrymas</strong></span> <span class='ocrx_word' id='word_1_658' title='bbox 2655 4354 2831 4431; x_wconf 83' lang='lat' dir='ltr'><strong>senis,</strong></span> <span class='ocrx_word' id='word_1_659' title='bbox 2862 4375 2919 4419; x_wconf 88' lang='lat' dir='ltr'><strong>ut</strong></span> <span class='ocrx_word' id='word_1_660' title='bbox 2941 4366 3169 4419; x_wconf 89' lang='lat' dir='ltr'><strong>alterum</strong></span> <span class='ocrx_word' id='word_1_661' title='bbox 3197 4367 3573 4435; x_wconf 82' lang='lat' dir='ltr'><strong>evangelicum</strong></span> 
     </span>
    </p>
   </div>
   <div class='ocr_carea' id='block_1_92' title="bbox 2001 4440 3577 4526">
    <p class='ocr_par' dir='ltr' id='par_1_92' title="bbox 2001 4440 3577 4526">
     <span class='ocr_line' id='line_1_92' title="bbox 2001 4440 3577 4526; baseline 0 -17"><span class='ocrx_word' id='word_1_662' title='bbox 2001 4456 2313 4526; x_wconf 83' lang='lat' dir='ltr'><strong>epulouetn,</strong></span> <span class='ocrx_word' id='word_1_663' title='bbox 2367 4457 2607 4509; x_wconf 86' lang='lat' dir='ltr'><strong>ostendit</strong></span> <span class='ocrx_word' id='word_1_664' title='bbox 2664 4440 2836 4525; x_wconf 82' lang='lat' dir='ltr'><strong>usque</strong></span> <span class='ocrx_word' id='word_1_665' title='bbox 2896 4456 2961 4509; x_wconf 84' lang='lat' dir='ltr'><strong>ad</strong></span> <span class='ocrx_word' id='word_1_666' title='bbox 3012 4456 3278 4509; x_wconf 79' lang='lat' dir='ltr'><strong>cervicem</strong></span> <span class='ocrx_word' id='word_1_667' title='bbox 3339 4454 3577 4509; x_wconf 80' lang='lat' dir='ltr'><strong>ﬂammis</strong></span> 
     </span>
    </p>
   </div>
   <div class='ocr_carea' id='block_1_93' title="bbox 316 4545 1897 4617">
    <p class='ocr_par' dir='ltr' id='par_1_93' title="bbox 316 4545 1897 4617">
     <span class='ocr_line' id='line_1_93' title="bbox 316 4545 1897 4617; baseline 0.002 -19"><span class='ocrx_word' id='word_1_668' title='bbox 316 4547 416 4605; x_wconf 69' lang='grc' dir='ltr'><strong>καὶ</strong></span> <span class='ocrx_word' id='word_1_669' title='bbox 448 4548 547 4599; x_wconf 70' lang='grc' dir='ltr'>σὺν</span> <span class='ocrx_word' id='word_1_670' title='bbox 574 4545 944 4614; x_wconf 81' lang='grc' dir='ltr'>δάκρυσι-τὸν</span> <span class='ocrx_word' id='word_1_671' title='bbox 984 4545 1116 4599; x_wconf 79' lang='grc' dir='ltr'>Θεὸν</span> <span class='ocrx_word' id='word_1_672' title='bbox 1167 4545 1666 4617; x_wconf 76' lang='grc' dir='ltr'>ὲκλιπαρήσαντος,</span> <span class='ocrx_word' id='word_1_673' title='bbox 1701 4566 1897 4602; x_wconf 76' lang='grc' dir='ltr'>παντε-</span> 
     </span>
    </p>
   </div>
   <div class='ocr_carea' id='block_1_94' title="bbox 2000 4545 3575 4617">
    <p class='ocr_par' dir='ltr' id='par_1_94' title="bbox 2006 4547 3575 4617">
     <span class='ocr_line' id='line_1_94' title="bbox 2006 4547 3575 4617; baseline -0.001 -17"><span class='ocrx_word' id='word_1_674' title='bbox 2006 4548 2322 4601; x_wconf 86' lang='lat' dir='ltr'><strong>immersum</strong></span> <span class='ocrx_word' id='word_1_675' title='bbox 2352 4563 2365 4599; x_wconf 90' lang='lat'><strong>:</strong></span> <span class='ocrx_word' id='word_1_676' title='bbox 2391 4554 2450 4600; x_wconf 86' lang='lat' dir='ltr'><strong>ut</strong></span> <span class='ocrx_word' id='word_1_677' title='bbox 2481 4557 2763 4617; x_wconf 85' lang='lat' dir='ltr'><strong>propterea</strong></span> <span class='ocrx_word' id='word_1_678' title='bbox 2803 4547 2886 4599; x_wconf 83' lang='lat' dir='ltr'><strong>vir</strong></span> <span class='ocrx_word' id='word_1_679' title='bbox 2916 4558 3143 4601; x_wconf 85' lang='lat' dir='ltr'><strong>sanctus</strong></span> <span class='ocrx_word' id='word_1_680' title='bbox 3174 4556 3292 4615; x_wconf 89' lang='lat' dir='ltr'><strong>post</strong></span> <span class='ocrx_word' id='word_1_681' title='bbox 3344 4549 3575 4601; x_wconf 79' lang='lat' dir='ltr'><strong>multum</strong></span> 
     </span>
    </p>
   </div>
   <div class='ocr_carea' id='block_1_95' title="bbox 317 4638 1901 4713">
    <p class='ocr_par' dir='ltr' id='par_1_95' title="bbox 317 4638 1901 4713">
     <span class='ocr_line' id='line_1_95' title="bbox 317 4638 1901 4713; baseline 0.002 -22"><span class='ocrx_word' id='word_1_682' title='bbox 317 4640 579 4708; x_wconf 69' lang='grc' dir='ltr'>λεύθερον</span> <span class='ocrx_word' id='word_1_683' title='bbox 627 4640 721 4692; x_wconf 76' lang='grc' dir='ltr'><strong>καὶ</strong></span> <span class='ocrx_word' id='word_1_684' title='bbox 760 4638 855 4692; x_wconf 76' lang='grc' dir='ltr'><strong>τοῦ</strong></span> <span class='ocrx_word' id='word_1_685' title='bbox 902 4639 1075 4709; x_wconf 82' lang='grc' dir='ltr'>πυρὸς</span> <span class='ocrx_word' id='word_1_686' title='bbox 1126 4638 1540 4709; x_wconf 75' lang='grc' dir='ltr'>λελυτρωμένον</span> <span class='ocrx_word' id='word_1_687' title='bbox 1572 4643 1629 4693; x_wconf 82' lang='grc' dir='ltr'>ὲν</span> <span class='ocrx_word' id='word_1_688' title='bbox 1665 4642 1901 4713; x_wconf 65' lang='grc' dir='ltr'>ὀπτασίᾳ</span> 
     </span>
    </p>
   </div>
   <div class='ocr_carea' id='block_1_96' title="bbox 316 4727 1900 4802">
    <p class='ocr_par' dir='ltr' id='par_1_96' title="bbox 316 4727 1900 4802">
     <span class='ocr_line' id='line_1_96' title="bbox 316 4727 1900 4802; baseline 0 -19"><span class='ocrx_word' id='word_1_689' title='bbox 316 4730 400 4799; x_wconf 79' lang='grc' dir='ltr'>τῷ</span> <span class='ocrx_word' id='word_1_690' title='bbox 452 4731 674 4801; x_wconf 77' lang='grc' dir='ltr'>γέροντι</span> <span class='ocrx_word' id='word_1_691' title='bbox 718 4729 1005 4798; x_wconf 81' lang='grc' dir='ltr'>δεδεῖχθαι·</span> <span class='ocrx_word' id='word_1_692' title='bbox 1049 4728 1138 4781; x_wconf 83' lang='grc' dir='ltr'>διὰ</span> <span class='ocrx_word' id='word_1_693' title='bbox 1186 4727 1296 4798; x_wconf 79' lang='grc' dir='ltr'>γὰρ</span> <span class='ocrx_word' id='word_1_694' title='bbox 1340 4728 1440 4797; x_wconf 85' lang='grc' dir='ltr'>τῆς</span> <span class='ocrx_word' id='word_1_695' title='bbox 1498 4730 1759 4800; x_wconf 87' lang='grc' dir='ltr'>ἀμελείας</span> <span class='ocrx_word' id='word_1_696' title='bbox 1803 4733 1900 4802; x_wconf 76' lang='grc' dir='ltr'>τὴν</span> 
     </span>
    </p>
   </div>
   <div class='ocr_carea' id='block_1_97' title="bbox 316 4819 1897 4894">
    <p class='ocr_par' dir='ltr' id='par_1_97' title="bbox 316 4819 1897 4894">
     <span class='ocr_line' id='line_1_97' title="bbox 316 4819 1897 4894; baseline 0.001 -20"><span class='ocrx_word' id='word_1_697' title='bbox 316 4820 547 4876; x_wconf 77' lang='grc' dir='ltr'>κόλασιν</span> <span class='ocrx_word' id='word_1_698' title='bbox 576 4822 864 4890; x_wconf 71' lang='grc' dir='ltr'>ὑπέμεινε,</span> <span class='ocrx_word' id='word_1_699' title='bbox 894 4820 983 4873; x_wconf 80' lang='grc' dir='ltr'><strong>διὰ</strong></span> <span class='ocrx_word' id='word_1_700' title='bbox 1012 4819 1169 4873; x_wconf 74' lang='grc' dir='ltr'>τοῦτο</span> <span class='ocrx_word' id='word_1_701' title='bbox 1202 4820 1301 4874; x_wconf 75' lang='grc' dir='ltr'>καί</span> <span class='ocrx_word' id='word_1_702' title='bbox 1330 4820 1581 4885; x_wconf 84' lang='grc' dir='ltr'>εύὶλατος</span> <span class='ocrx_word' id='word_1_703' title='bbox 1608 4825 1637 4891; x_wconf 84' lang='grc' dir='ltr'>ἡ</span> <span class='ocrx_word' id='word_1_704' title='bbox 1670 4822 1897 4894; x_wconf 80' lang='grc' dir='ltr'>τοιαύτη</span> 
     </span>
    </p>
   </div>
   <div class='ocr_carea' id='block_1_98' title="bbox 316 4908 1899 4984">
    <p class='ocr_par' dir='ltr' id='par_1_98' title="bbox 316 4908 1899 4984">
     <span class='ocr_line' id='line_1_98' title="bbox 316 4908 1899 4984; baseline -0.007 -15"><span class='ocrx_word' id='word_1_705' title='bbox 316 4914 593 4983; x_wconf 78' lang='grc' dir='ltr'>ἁμαρτία.</span> <span class='ocrx_word' id='word_1_706' title='bbox 630 4914 691 4967; x_wconf 77' lang='lat' dir='ltr'><strong>El</strong></span> <span class='ocrx_word' id='word_1_707' title='bbox 728 4908 821 4966; x_wconf 77' lang='grc' dir='ltr'><strong>οὖν</strong></span> <span class='ocrx_word' id='word_1_708' title='bbox 854 4913 1013 4965; x_wconf 84' lang='grc' dir='ltr'>τοῦτο</span> <span class='ocrx_word' id='word_1_709' title='bbox 1056 4911 1275 4981; x_wconf 74' lang='grc' dir='ltr'>ψεῦδος,</span> <span class='ocrx_word' id='word_1_710' title='bbox 1311 4914 1404 4966; x_wconf 71' lang='grc' dir='ltr'><strong>καὶ</strong></span> <span class='ocrx_word' id='word_1_711' title='bbox 1439 4912 1501 4966; x_wconf 83' lang='grc' dir='ltr'>τὸ</span> <span class='ocrx_word' id='word_1_712' title='bbox 1536 4919 1687 4984; x_wconf 77' lang='grc' dir='ltr'>παρὰ</span> <span class='ocrx_word' id='word_1_713' title='bbox 1735 4915 1899 4969; x_wconf 80' lang='grc' dir='ltr'>Λατί-</span> 
     </span>
    </p>
   </div>
   <div class='ocr_carea' id='block_1_99' title="bbox 316 5005 1900 5079">
    <p class='ocr_par' dir='ltr' id='par_1_99' title="bbox 316 5005 1900 5079">
     <span class='ocr_line' id='line_1_99' title="bbox 316 5005 1900 5079; baseline -0.001 -18"><span class='ocrx_word' id='word_1_714' title='bbox 316 5026 436 5075; x_wconf 80' lang='grc' dir='ltr'>νοις</span> <span class='ocrx_word' id='word_1_715' title='bbox 470 5007 897 5077; x_wconf 80' lang='grc' dir='ltr'>πουργατώριον</span> <span class='ocrx_word' id='word_1_716' title='bbox 927 5005 1126 5075; x_wconf 80' lang='grc' dir='ltr'>ψεῦδός</span> <span class='ocrx_word' id='word_1_717' title='bbox 1173 5008 1345 5059; x_wconf 70' lang='grc' dir='ltr'>ἔστιν’</span> <span class='ocrx_word' id='word_1_718' title='bbox 1380 5007 1431 5059; x_wconf 80' lang='lat' dir='ltr'><strong>ei</strong></span> <span class='ocrx_word' id='word_1_719' title='bbox 1473 5007 1528 5060; x_wconf 86' lang='grc' dir='ltr'><strong>δὲ</strong></span> <span class='ocrx_word' id='word_1_720' title='bbox 1558 5008 1719 5062; x_wconf 78' lang='grc' dir='ltr'>τοῦτο</span> <span class='ocrx_word' id='word_1_721' title='bbox 1768 5008 1900 5079; x_wconf 78' lang='grc' dir='ltr'><strong>ἁληο</strong></span> 
     </span>
    </p>
   </div>
   <div class='ocr_carea' id='block_1_100' title="bbox 318 5098 1898 5170">
    <p class='ocr_par' dir='ltr' id='par_1_100' title="bbox 318 5098 1898 5170">
     <span class='ocr_line' id='line_1_100' title="bbox 318 5098 1898 5170; baseline 0 -17"><span class='ocrx_word' id='word_1_722' title='bbox 318 5103 439 5165; x_wconf 77' lang='grc' dir='ltr'>ίιὲς,</span> <span class='ocrx_word' id='word_1_723' title='bbox 470 5100 593 5154; x_wconf 67' lang='grc' dir='ltr'>ἐπεὶ</span> <span class='ocrx_word' id='word_1_724' title='bbox 623 5102 719 5154; x_wconf 68' lang='grc' dir='ltr'><strong>καὶ</strong></span> <span class='ocrx_word' id='word_1_725' title='bbox 756 5100 820 5152; x_wconf 71' lang='grc' dir='ltr'><strong>τὸ</strong></span> <span class='ocrx_word' id='word_1_726' title='bbox 861 5100 1137 5170; x_wconf 80' lang='grc' dir='ltr'>πλήρωμα</span> <span class='ocrx_word' id='word_1_727' title='bbox 1176 5098 1274 5151; x_wconf 77' lang='grc' dir='ltr'>τοῦ</span> <span class='ocrx_word' id='word_1_728' title='bbox 1321 5100 1656 5167; x_wconf 82' lang='grc' dir='ltr'>Εὐαγγελίου</span> <span class='ocrx_word' id='word_1_729' title='bbox 1693 5102 1757 5153; x_wconf 73' lang='grc' dir='ltr'><strong>ἐκ</strong></span> <span class='ocrx_word' id='word_1_730' title='bbox 1788 5100 1898 5153; x_wconf 86' lang='grc' dir='ltr'><strong>τῶν</strong></span> 
     </span>
    </p>
   </div>
   <div class='ocr_carea' id='block_1_101' title="bbox 319 5192 1900 5263">
    <p class='ocr_par' dir='ltr' id='par_1_101' title="bbox 319 5192 1900 5263">
     <span class='ocr_line' id='line_1_101' title="bbox 319 5192 1900 5263; baseline -0.003 -17"><span class='ocrx_word' id='word_1_731' title='bbox 319 5196 457 5263; x_wconf 77' lang='grc' dir='ltr'>βίων</span> <span class='ocrx_word' id='word_1_732' title='bbox 486 5194 596 5245; x_wconf 84' lang='grc' dir='ltr'><strong>τῶν</strong></span> <span class='ocrx_word' id='word_1_733' title='bbox 629 5193 801 5260; x_wconf 84' lang='grc' dir='ltr'>ἁγίων</span> <span class='ocrx_word' id='word_1_734' title='bbox 830 5193 974 5244; x_wconf 78' lang='grc' dir='ltr'>Πατέ</span> <span class='ocrx_word' id='word_1_735' title='bbox 987 5209 1096 5261; x_wconf 89' lang='grc' dir='ltr'><strong>ρων</strong></span> <span class='ocrx_word' id='word_1_736' title='bbox 1127 5192 1483 5259; x_wconf 82' lang='grc' dir='ltr'>πιστεύομεν,</span> <span class='ocrx_word' id='word_1_737' title='bbox 1520 5192 1739 5254; x_wconf 80' lang='grc' dir='ltr'>πάντως</span> <span class='ocrx_word' id='word_1_738' title='bbox 1763 5192 1900 5263; x_wconf 75' lang='grc' dir='ltr'>ἀλη-</span> 
     </span>
    </p>
   </div>
   <div class='ocr_carea' id='block_1_102' title="bbox 318 5285 1900 5355">
    <p class='ocr_par' dir='ltr' id='par_1_102' title="bbox 318 5285 1900 5355">
     <span class='ocr_line' id='line_1_102' title="bbox 318 5285 1900 5355; baseline -0.001 -17"><span class='ocrx_word' id='word_1_739' title='bbox 318 5288 389 5355; x_wconf 76' lang='grc' dir='ltr'>ιῆ</span> <span class='ocrx_word' id='word_1_740' title='bbox 446 5286 557 5338; x_wconf 85' lang='grc' dir='ltr'>είσι</span> <span class='ocrx_word' id='word_1_741' title='bbox 605 5287 699 5337; x_wconf 78' lang='grc' dir='ltr'><strong>καὶ</strong></span> <span class='ocrx_word' id='word_1_742' title='bbox 744 5286 781 5338; x_wconf 72' lang='grc' dir='ltr'><strong>ἀ</strong></span> <span class='ocrx_word' id='word_1_743' title='bbox 832 5287 929 5337; x_wconf 58' lang='grc' dir='ltr'><strong>σὺν</strong></span> <span class='ocrx_word' id='word_1_744' title='bbox 977 5285 1229 5347; x_wconf 86' lang='grc' dir='ltr'>Λατίνοις</span> <span class='ocrx_word' id='word_1_745' title='bbox 1281 5285 1537 5353; x_wconf 80' lang='grc' dir='ltr'>λέγομεν,</span> <span class='ocrx_word' id='word_1_746' title='bbox 1577 5286 1681 5337; x_wconf 74' lang='grc' dir='ltr'>κᾶν</span> <span class='ocrx_word' id='word_1_747' title='bbox 1737 5285 1900 5349; x_wconf 74' lang='grc' dir='ltr'>αὐτὸς</span> 
     </span>
    </p>
   </div>
   <div class='ocr_carea' id='block_1_103' title="bbox 315 5375 1897 5446">
    <p class='ocr_par' dir='ltr' id='par_1_103' title="bbox 315 5375 1897 5446">
     <span class='ocr_line' id='line_1_103' title="bbox 315 5375 1897 5446; baseline -0.003 -15"><span class='ocrx_word' id='word_1_748' title='bbox 315 5377 737 5445; x_wconf 82' lang='grc' dir='ltr'>ἁπαρέσκηται.</span> <span class='ocrx_word' id='word_1_749' title='bbox 774 5377 885 5429; x_wconf 71' lang='grc' dir='ltr'><strong>Καὶ</strong></span> <span class='ocrx_word' id='word_1_750' title='bbox 916 5376 1207 5445; x_wconf 78' lang='grc' dir='ltr'>Μαλαχίας</span> <span class='ocrx_word' id='word_1_751' title='bbox 1240 5375 1297 5428; x_wconf 75' lang='grc' dir='ltr'><strong>δὲ</strong></span> <span class='ocrx_word' id='word_1_752' title='bbox 1329 5378 1356 5427; x_wconf 93' lang='lat'><strong>6</strong></span> <span class='ocrx_word' id='word_1_753' title='bbox 1387 5377 1677 5446; x_wconf 62' lang='grc' dir='ltr'>προφήτης</span> <span class='ocrx_word' id='word_1_754' title='bbox 1708 5379 1897 5445; x_wconf 80' lang='grc' dir='ltr'>φησίν·</span> 
     </span>
    </p>
   </div>
   <div class='ocr_carea' id='block_1_104' title="bbox 328 5466 1901 5537">
    <p class='ocr_par' dir='ltr' id='par_1_104' title="bbox 328 5466 1901 5537">
     <span class='ocr_line' id='line_1_104' title="bbox 328 5466 1901 5537; baseline -0.004 -12"><span class='ocrx_word' id='word_1_755' title='bbox 328 5474 420 5537; x_wconf 80' lang='grc' dir='ltr'>Ὠς</span> <span class='ocrx_word' id='word_1_756' title='bbox 453 5470 574 5537; x_wconf 78' lang='grc' dir='ltr'>πῦρ</span> <span class='ocrx_word' id='word_1_757' title='bbox 602 5470 675 5523; x_wconf 74' lang='grc' dir='ltr'>ἐν</span> <span class='ocrx_word' id='word_1_758' title='bbox 708 5471 1107 5537; x_wconf 81' lang='grc' dir='ltr'>χωνευτηρίφ,</span> <span class='ocrx_word' id='word_1_759' title='bbox 1136 5470 1234 5522; x_wconf 75' lang='grc' dir='ltr'><strong>καὶ</strong></span> <span class='ocrx_word' id='word_1_760' title='bbox 1266 5469 1348 5534; x_wconf 83' lang='grc' dir='ltr'>ὡς</span> <span class='ocrx_word' id='word_1_761' title='bbox 1372 5466 1515 5520; x_wconf 84' lang='grc' dir='ltr'>ποιὰ</span> <span class='ocrx_word' id='word_1_762' title='bbox 1540 5468 1901 5520; x_wconf 75' lang='grc' dir='ltr'>πλυνόντων</span> 
     </span>
    </p>
   </div>
   <div class='ocr_carea' id='block_1_105' title="bbox 316 5558 1901 5630">
    <p class='ocr_par' dir='ltr' id='par_1_105' title="bbox 316 5558 1901 5630">
     <span class='ocr_line' id='line_1_105' title="bbox 316 5558 1901 5630; baseline -0.003 -13"><span class='ocrx_word' id='word_1_763' title='bbox 316 5562 549 5617; x_wconf 60' lang='grc' dir='ltr'>πλυνεῖ</span> <span class='ocrx_word' id='word_1_764' title='bbox 589 5562 689 5614; x_wconf 78' lang='grc' dir='ltr'>καί</span> <span class='ocrx_word' id='word_1_765' title='bbox 742 5560 1015 5628; x_wconf 79' lang='grc' dir='ltr'>καθαριεῖ</span> <span class='ocrx_word' id='word_1_766' title='bbox 1057 5562 1090 5613; x_wconf 88' lang='lat' dir='ltr'><strong>d</strong></span> <span class='ocrx_word' id='word_1_767' title='bbox 1125 5563 1270 5626; x_wconf 78' lang='grc' dir='ltr'>Θεός</span> <span class='ocrx_word' id='word_1_768' title='bbox 1317 5577 1504 5626; x_wconf 77' lang='grc' dir='ltr'>τινας.</span> <span class='ocrx_word' id='word_1_769' title='bbox 1537 5559 1611 5612; x_wconf 78' lang='grc' dir='ltr'><strong>Τὸ</strong></span> <span class='ocrx_word' id='word_1_770' title='bbox 1646 5558 1758 5630; x_wconf 82' lang='grc' dir='ltr'><strong>πῦρ</strong></span> <span class='ocrx_word' id='word_1_771' title='bbox 1808 5559 1901 5613; x_wconf 76' lang='grc' dir='ltr'>οὖν</span> 
     </span>
    </p>
   </div>
   <div class='ocr_carea' id='block_1_106' title="bbox 318 5651 1889 5724">
    <p class='ocr_par' dir='ltr' id='par_1_106' title="bbox 318 5651 1889 5724">
     <span class='ocr_line' id='line_1_106' title="bbox 318 5651 1889 5724; baseline -0.001 -17"><span class='ocrx_word' id='word_1_772' title='bbox 318 5658 497 5723; x_wconf 66' lang='grc' dir='ltr'>ἐκεῖνο</span> <span class='ocrx_word' id='word_1_773' title='bbox 530 5656 591 5707; x_wconf 71' lang='grc' dir='ltr'><strong>τ’)</strong></span> <span class='ocrx_word' id='word_1_774' title='bbox 641 5653 861 5706; x_wconf 79' lang='grc' dir='ltr'>αἰώνιον</span> <span class='ocrx_word' id='word_1_775' title='bbox 910 5654 971 5706; x_wconf 81' lang='grc' dir='ltr'><strong>ού</strong></span> <span class='ocrx_word' id='word_1_776' title='bbox 1026 5653 1283 5724; x_wconf 81' lang='grc' dir='ltr'>καθαριεῖ</span> <span class='ocrx_word' id='word_1_777' title='bbox 1318 5671 1491 5722; x_wconf 78' lang='grc' dir='ltr'>τινας,</span> <span class='ocrx_word' id='word_1_778' title='bbox 1525 5652 1644 5708; x_wconf 79' lang='grc' dir='ltr'>οὐδὲ</span> <span class='ocrx_word' id='word_1_779' title='bbox 1678 5651 1889 5705; x_wconf 81' lang='grc' dir='ltr'>πλυνεῖ.</span> 
     </span>
    </p>
   </div>
   <div class='ocr_carea' id='block_1_107' title="bbox 390 5820 925 5892">
    <p class='ocr_par' dir='ltr' id='par_1_107' title="bbox 390 5820 925 5892">
     <span class='ocr_line' id='line_1_107' title="bbox 390 5820 925 5892; baseline -0.011 -15"><span class='ocrx_word' id='word_1_780' title='bbox 390 5823 498 5892; x_wconf 50' lang='lat' dir='ltr'><strong>ti?)</strong></span> <span class='ocrx_word' id='word_1_781' title='bbox 539 5820 656 5889; x_wconf 74' lang='lat' dir='ltr'><strong>Lib.</strong></span> <span class='ocrx_word' id='word_1_782' title='bbox 692 5836 763 5885; x_wconf 79' lang='lat' dir='ltr'><strong>tv,</strong></span> <span class='ocrx_word' id='word_1_783' title='bbox 797 5838 837 5875; x_wconf 89' lang='lat' dir='ltr'><strong>c.</strong></span> <span class='ocrx_word' id='word_1_784' title='bbox 870 5820 925 5872; x_wconf 71' lang='lat'><strong>:3.</strong></span> 
     </span>
    </p>
   </div>
   <div class='ocr_carea' id='block_1_108' title="bbox 2006 4638 3577 4710">
    <p class='ocr_par' dir='ltr' id='par_1_108' title="bbox 2006 4638 3577 4710">
     <span class='ocr_line' id='line_1_108' title="bbox 2006 4638 3577 4710; baseline -0.001 -14"><span class='ocrx_word' id='word_1_785' title='bbox 2006 4643 2261 4696; x_wconf 83' lang='lat' dir='ltr'><strong>sudorem</strong></span> <span class='ocrx_word' id='word_1_786' title='bbox 2283 4650 2337 4695; x_wconf 86' lang='lat' dir='ltr'><strong>et</strong></span> <span class='ocrx_word' id='word_1_787' title='bbox 2365 4642 2635 4710; x_wconf 78' lang='lat' dir='ltr'><strong>lacrymas</strong></span> <span class='ocrx_word' id='word_1_788' title='bbox 2666 4640 2732 4693; x_wconf 86' lang='lat' dir='ltr'><strong>ad</strong></span> <span class='ocrx_word' id='word_1_789' title='bbox 2776 4638 2944 4693; x_wconf 89' lang='lat' dir='ltr'><strong>Deum</strong></span> <span class='ocrx_word' id='word_1_790' title='bbox 2970 4654 3092 4692; x_wconf 91' lang='lat' dir='ltr'><strong>cum</strong></span> <span class='ocrx_word' id='word_1_791' title='bbox 3123 4640 3381 4706; x_wconf 86' lang='lat' dir='ltr'><strong>precibus</strong></span> <span class='ocrx_word' id='word_1_792' title='bbox 3404 4638 3577 4704; x_wconf 83' lang='lat' dir='ltr'><strong>fusas,</strong></span> 
     </span>
    </p>
   </div>
   <div class='ocr_carea' id='block_1_109' title="bbox 2002 4730 3579 4801">
    <p class='ocr_par' dir='ltr' id='par_1_109' title="bbox 2002 4730 3579 4801">
     <span class='ocr_line' id='line_1_109' title="bbox 2002 4730 3579 4801; baseline -0.001 -14"><span class='ocrx_word' id='word_1_793' title='bbox 2002 4735 2233 4788; x_wconf 88' lang='lat' dir='ltr'><strong>liberum</strong></span> <span class='ocrx_word' id='word_1_794' title='bbox 2269 4732 2495 4786; x_wconf 80' lang='lat' dir='ltr'><strong>omnino</strong></span> <span class='ocrx_word' id='word_1_795' title='bbox 2534 4732 2683 4786; x_wconf 90' lang='lat' dir='ltr'><strong>illum</strong></span> <span class='ocrx_word' id='word_1_796' title='bbox 2711 4740 2766 4785; x_wconf 92' lang='lat' dir='ltr'><strong>et</strong></span> <span class='ocrx_word' id='word_1_797' title='bbox 2812 4730 3201 4786; x_wconf 83' lang='lat' dir='ltr'><strong>ellammarum</strong></span> <span class='ocrx_word' id='word_1_798' title='bbox 3228 4732 3405 4801; x_wconf 68' lang='lat' dir='ltr'><strong>poenis</strong></span> <span class='ocrx_word' id='word_1_799' title='bbox 3459 4746 3579 4785; x_wconf 87' lang='lat' dir='ltr'><strong>ere-</strong></span> 
     </span>
    </p>
   </div>
   <div class='ocr_carea' id='block_1_110' title="bbox 2005 4824 3583 4897">
    <p class='ocr_par' dir='ltr' id='par_1_110' title="bbox 2005 4824 3583 4897">
     <span class='ocr_line' id='line_1_110' title="bbox 2005 4824 3583 4897; baseline -0.003 -17"><span class='ocrx_word' id='word_1_800' title='bbox 2005 4836 2153 4897; x_wconf 91' lang='lat' dir='ltr'><strong>ptum</strong></span> <span class='ocrx_word' id='word_1_801' title='bbox 2181 4838 2274 4895; x_wconf 82' lang='lat' dir='ltr'><strong>per</strong></span> <span class='ocrx_word' id='word_1_802' title='bbox 2307 4824 2481 4880; x_wconf 85' lang='lat' dir='ltr'><strong>visum</strong></span> <span class='ocrx_word' id='word_1_803' title='bbox 2514 4826 2861 4894; x_wconf 74' lang='lat' dir='ltr'><strong>conspexerit</strong></span> <span class='ocrx_word' id='word_1_804' title='bbox 2892 4842 2905 4879; x_wconf 92' lang='lat'><strong>:</strong></span> <span class='ocrx_word' id='word_1_805' title='bbox 2942 4838 3177 4894; x_wconf 88' lang='lat' dir='ltr'><strong>namque</strong></span> <span class='ocrx_word' id='word_1_806' title='bbox 3211 4824 3281 4879; x_wconf 87' lang='lat' dir='ltr'><strong>ob</strong></span> <span class='ocrx_word' id='word_1_807' title='bbox 3302 4824 3583 4894; x_wconf 75' lang='lat' dir='ltr'><strong>negligen-</strong></span> 
     </span>
    </p>
   </div>
   <div class='ocr_carea' id='block_1_111' title="bbox 2003 4913 3577 4987">
    <p class='ocr_par' dir='ltr' id='par_1_111' title="bbox 2003 4913 3577 4987">
     <span class='ocr_line' id='line_1_111' title="bbox 2003 4913 3577 4987; baseline -0.001 -17"><span class='ocrx_word' id='word_1_808' title='bbox 2003 4918 2132 4971; x_wconf 91' lang='lat' dir='ltr'><strong>tiam</strong></span> <span class='ocrx_word' id='word_1_809' title='bbox 2162 4915 2338 4987; x_wconf 71' lang='lat' dir='ltr'><strong>pmuis</strong></span> <span class='ocrx_word' id='word_1_810' title='bbox 2369 4916 2546 4969; x_wconf 87' lang='lat' dir='ltr'><strong>fuerat</strong></span> <span class='ocrx_word' id='word_1_811' title='bbox 2571 4914 2847 4978; x_wconf 90' lang='lat' dir='ltr'><strong>addictus,</strong></span> <span class='ocrx_word' id='word_1_812' title='bbox 2888 4914 3095 4970; x_wconf 86' lang='lat' dir='ltr'><strong>idcirco</strong></span> <span class='ocrx_word' id='word_1_813' title='bbox 3121 4915 3332 4968; x_wconf 77' lang='lat' dir='ltr'><strong>veniant</strong></span> <span class='ocrx_word' id='word_1_814' title='bbox 3382 4913 3577 4983; x_wconf 78' lang='lat' dir='ltr'><strong>hujus-</strong></span> 
     </span>
    </p>
   </div>
   <div class='ocr_carea' id='block_1_112' title="bbox 2003 5002 3579 5076">
    <p class='ocr_par' dir='ltr' id='par_1_112' title="bbox 2003 5002 3579 5076">
     <span class='ocr_line' id='line_1_112' title="bbox 2003 5002 3579 5076; baseline -0.002 -16"><span class='ocrx_word' id='word_1_815' title='bbox 2003 5005 2151 5060; x_wconf 85' lang='lat' dir='ltr'><strong>modi</strong></span> <span class='ocrx_word' id='word_1_816' title='bbox 2188 5016 2471 5076; x_wconf 87' lang='lat' dir='ltr'><strong>peccatum</strong></span> <span class='ocrx_word' id='word_1_817' title='bbox 2507 5005 2837 5074; x_wconf 82' lang='lat' dir='ltr'><strong>impetravit.</strong></span> <span class='ocrx_word' id='word_1_818' title='bbox 2880 5004 2936 5057; x_wconf 87' lang='lat' dir='ltr'><strong>Si</strong></span> <span class='ocrx_word' id='word_1_819' title='bbox 2968 5002 3161 5058; x_wconf 87' lang='lat' dir='ltr'><strong>falsum</strong></span> <span class='ocrx_word' id='word_1_820' title='bbox 3187 5012 3269 5057; x_wconf 85' lang='lat' dir='ltr'><strong>est</strong></span> <span class='ocrx_word' id='word_1_821' title='bbox 3302 5004 3424 5063; x_wconf 76' lang='lat' dir='ltr'><strong>hoc.</strong></span> <span class='ocrx_word' id='word_1_822' title='bbox 3445 5018 3579 5073; x_wconf 82' lang='lat' dir='ltr'><strong>pur-</strong></span> 
     </span>
    </p>
   </div>
   <div class='ocr_carea' id='block_1_113' title="bbox 2002 5095 3581 5170">
    <p class='ocr_par' dir='ltr' id='par_1_113' title="bbox 2002 5095 3581 5170">
     <span class='ocr_line' id='line_1_113' title="bbox 2002 5095 3581 5170; baseline 0.002 -18"><span class='ocrx_word' id='word_1_823' title='bbox 2002 5099 2273 5170; x_wconf 89' lang='lat' dir='ltr'><strong>gatorium</strong></span> <span class='ocrx_word' id='word_1_824' title='bbox 2302 5113 2541 5169; x_wconf 86' lang='lat' dir='ltr'><strong>quoque,</strong></span> <span class='ocrx_word' id='word_1_825' title='bbox 2569 5098 2714 5166; x_wconf 84' lang='lat' dir='ltr'><strong>quod</strong></span> <span class='ocrx_word' id='word_1_826' title='bbox 2737 5096 2914 5151; x_wconf 87' lang='lat' dir='ltr'><strong>Latini</strong></span> <span class='ocrx_word' id='word_1_827' title='bbox 2944 5106 3221 5163; x_wconf 84' lang='lat' dir='ltr'><strong>asserunt,</strong></span> <span class='ocrx_word' id='word_1_828' title='bbox 3245 5106 3328 5152; x_wconf 88' lang='lat' dir='ltr'><strong>est</strong></span> <span class='ocrx_word' id='word_1_829' title='bbox 3356 5095 3581 5156; x_wconf 86' lang='lat' dir='ltr'><strong>falsum.</strong></span> 
     </span>
    </p>
   </div>
   <div class='ocr_carea' id='block_1_114' title="bbox 2004 5188 3579 5259">
    <p class='ocr_par' dir='ltr' id='par_1_114' title="bbox 2004 5188 3579 5259">
     <span class='ocr_line' id='line_1_114' title="bbox 2004 5188 3579 5259; baseline 0 -15"><span class='ocrx_word' id='word_1_830' title='bbox 2004 5190 2058 5245; x_wconf 88' lang='lat' dir='ltr'><strong>Si</strong></span> <span class='ocrx_word' id='word_1_831' title='bbox 2085 5205 2270 5244; x_wconf 78' lang='lat' dir='ltr'><strong>verum</strong></span> <span class='ocrx_word' id='word_1_832' title='bbox 2300 5190 2446 5259; x_wconf 82' lang='lat' dir='ltr'><strong>(naut</strong></span> <span class='ocrx_word' id='word_1_833' title='bbox 2469 5197 2522 5243; x_wconf 91' lang='lat' dir='ltr'><strong>et</strong></span> <span class='ocrx_word' id='word_1_834' title='bbox 2566 5188 2669 5257; x_wconf 89' lang='lat' dir='ltr'><strong>ipsi</strong></span> <span class='ocrx_word' id='word_1_835' title='bbox 2720 5188 3053 5259; x_wconf 68' lang='lat' dir='ltr'><strong>evangelica:</strong></span> <span class='ocrx_word' id='word_1_836' title='bbox 3119 5190 3363 5245; x_wconf 69' lang='lat' dir='ltr'><strong>historia:</strong></span> <span class='ocrx_word' id='word_1_837' title='bbox 3419 5190 3579 5245; x_wconf 81' lang='lat' dir='ltr'><strong>iidem</strong></span> 
     </span>
    </p>
   </div>
   <div class='ocr_carea' id='block_1_115' title="bbox 2005 5282 3579 5351">
    <p class='ocr_par' dir='ltr' id='par_1_115' title="bbox 2005 5282 3579 5351">
     <span class='ocr_line' id='line_1_115' title="bbox 2005 5282 3579 5351; baseline 0 -15"><span class='ocrx_word' id='word_1_838' title='bbox 2005 5282 2266 5337; x_wconf 87' lang='lat' dir='ltr'><strong>habemus</strong></span> <span class='ocrx_word' id='word_1_839' title='bbox 2298 5297 2394 5351; x_wconf 88' lang='lat' dir='ltr'><strong>per</strong></span> <span class='ocrx_word' id='word_1_840' title='bbox 2421 5298 2485 5336; x_wconf 86' lang='lat' dir='ltr'><strong>ea</strong></span> <span class='ocrx_word' id='word_1_841' title='bbox 2516 5297 2637 5350; x_wconf 77' lang='lat' dir='ltr'><strong>quze</strong></span> <span class='ocrx_word' id='word_1_842' title='bbox 2684 5282 2917 5351; x_wconf 84' lang='lat' dir='ltr'><strong>legimus</strong></span> <span class='ocrx_word' id='word_1_843' title='bbox 2962 5282 3016 5336; x_wconf 90' lang='lat' dir='ltr'><strong>iu</strong></span> <span class='ocrx_word' id='word_1_844' title='bbox 3052 5284 3205 5338; x_wconf 75' lang='lat' dir='ltr'><strong>Actis</strong></span> <span class='ocrx_word' id='word_1_845' title='bbox 3257 5292 3579 5338; x_wconf 84' lang='lat' dir='ltr'><strong>sanctorum</strong></span> 
     </span>
    </p>
   </div>
   <div class='ocr_carea' id='block_1_116' title="bbox 2003 5373 3580 5445">
    <p class='ocr_par' dir='ltr' id='par_1_116' title="bbox 2003 5373 3580 5445">
     <span class='ocr_line' id='line_1_116' title="bbox 2003 5373 3580 5445; baseline 0.001 -19"><span class='ocrx_word' id='word_1_846' title='bbox 2003 5373 2276 5443; x_wconf 88' lang='lat' dir='ltr'><strong>Patrum),</strong></span> <span class='ocrx_word' id='word_1_847' title='bbox 2301 5390 2428 5429; x_wconf 80' lang='lat' dir='ltr'><strong>vera</strong></span> <span class='ocrx_word' id='word_1_848' title='bbox 2458 5376 2706 5445; x_wconf 85' lang='lat' dir='ltr'><strong>profecto</strong></span> <span class='ocrx_word' id='word_1_849' title='bbox 2738 5384 2918 5439; x_wconf 86' lang='lat' dir='ltr'><strong>erunt,</strong></span> <span class='ocrx_word' id='word_1_850' title='bbox 2943 5391 3062 5444; x_wconf 67' lang='lat' dir='ltr'><strong>quae</strong></span> <span class='ocrx_word' id='word_1_851' title='bbox 3086 5392 3183 5430; x_wconf 79' lang='lat' dir='ltr'><strong>nos</strong></span> <span class='ocrx_word' id='word_1_852' title='bbox 3206 5393 3327 5430; x_wconf 90' lang='lat' dir='ltr'><strong>cum</strong></span> <span class='ocrx_word' id='word_1_853' title='bbox 3375 5376 3580 5429; x_wconf 77' lang='lat' dir='ltr'><strong>Latinis</strong></span> 
     </span>
    </p>
   </div>
   <div class='ocr_carea' id='block_1_117' title="bbox 2007 5464 3579 5534">
    <p class='ocr_par' dir='ltr' id='par_1_117' title="bbox 2007 5464 3579 5534">
     <span class='ocr_line' id='line_1_117' title="bbox 2007 5464 3579 5534; baseline -0.002 -16"><span class='ocrx_word' id='word_1_854' title='bbox 2007 5464 2265 5529; x_wconf 86' lang='lat' dir='ltr'><strong>dicimus,</strong></span> <span class='ocrx_word' id='word_1_855' title='bbox 2289 5464 2419 5519; x_wconf 89' lang='lat' dir='ltr'><strong>licet</strong></span> <span class='ocrx_word' id='word_1_856' title='bbox 2448 5464 2552 5534; x_wconf 90' lang='lat' dir='ltr'><strong>ipsi</strong></span> <span class='ocrx_word' id='word_1_857' title='bbox 2582 5481 2689 5519; x_wconf 91' lang='lat' dir='ltr'><strong>non</strong></span> <span class='ocrx_word' id='word_1_858' title='bbox 2736 5465 3056 5533; x_wconf 79' lang='lat' dir='ltr'><strong>probentur.</strong></span> <span class='ocrx_word' id='word_1_859' title='bbox 3112 5465 3382 5532; x_wconf 80' lang='lat' dir='ltr'><strong>PrOpheta</strong></span> <span class='ocrx_word' id='word_1_860' title='bbox 3435 5476 3579 5530; x_wconf 61' lang='lat' dir='ltr'><strong>quo;</strong></span> 
     </span>
    </p>
   </div>
   <div class='ocr_carea' id='block_1_118' title="bbox 2010 5554 3576 5626">
    <p class='ocr_par' dir='ltr' id='par_1_118' title="bbox 2010 5554 3576 5626">
     <span class='ocr_line' id='line_1_118' title="bbox 2010 5554 3576 5626; baseline -0.002 -15"><span class='ocrx_word' id='word_1_861' title='bbox 2010 5572 2115 5625; x_wconf 87' lang='lat' dir='ltr'><strong>quc</strong></span> <span class='ocrx_word' id='word_1_862' title='bbox 2174 5557 2488 5620; x_wconf 82' lang='lat' dir='ltr'><strong>Malacltias,</strong></span> <span class='ocrx_word' id='word_1_863' title='bbox 2533 5556 2703 5622; x_wconf 76' lang='lat' dir='ltr'><strong>Quasi</strong></span> <span class='ocrx_word' id='word_1_864' title='bbox 2758 5557 2915 5626; x_wconf 76' lang='lat' dir='ltr'><strong>ignis,</strong></span> <span class='ocrx_word' id='word_1_865' title='bbox 2972 5557 3170 5626; x_wconf 90' lang='lat' dir='ltr'><strong>inquit,</strong></span> <span class='ocrx_word' id='word_1_866' title='bbox 3226 5554 3483 5622; x_wconf 75' lang='lat' dir='ltr'><strong>conﬁniis,</strong></span> <span class='ocrx_word' id='word_1_867' title='bbox 3526 5564 3576 5608; x_wconf 84' lang='lat' dir='ltr'><strong>et</strong></span> 
     </span>
    </p>
   </div>
   <div class='ocr_carea' id='block_1_119' title="bbox 2009 5647 3577 5721">
    <p class='ocr_par' dir='ltr' id='par_1_119' title="bbox 2009 5647 3577 5721">
     <span class='ocr_line' id='line_1_119' title="bbox 2009 5647 3577 5721; baseline -0.001 -18"><span class='ocrx_word' id='word_1_868' title='bbox 2009 5650 2161 5720; x_wconf 72' lang='lat' dir='ltr'><strong>quasi</strong></span> <span class='ocrx_word' id='word_1_869' title='bbox 2193 5649 2354 5705; x_wconf 83' lang='lat' dir='ltr'><strong>herba</strong></span> <span class='ocrx_word' id='word_1_870' title='bbox 2422 5650 2683 5721; x_wconf 71' lang='lat' dir='ltr'><strong>fullonum</strong></span> <span class='ocrx_word' id='word_1_871' title='bbox 2717 5650 2959 5719; x_wconf 81' lang='lat' dir='ltr'><strong>purgabit</strong></span> <span class='ocrx_word' id='word_1_872' title='bbox 2994 5648 3130 5701; x_wconf 76' lang='lat' dir='ltr'><strong>Deus</strong></span> <span class='ocrx_word' id='word_1_873' title='bbox 3175 5655 3225 5700; x_wconf 85' lang='lat' dir='ltr'><strong>et</strong></span> <span class='ocrx_word' id='word_1_874' title='bbox 3272 5647 3577 5702; x_wconf 80' lang='lat' dir='ltr'><strong>emundabit</strong></span> 
     </span>
    </p>
   </div>
  </div>
