4176 6278
624 270 727 340 195

1519 262 1902 329 GREGORII
1937 264 2241 324 ΜΑΜΜΕ
2277 258 2390 327 'CP.
2435 252 2947 324 PATRHRCHE

3770 252 3868 317 lilii

619 403 754 445 vero
783 400 876 442 seu
906 383 1136 454 mystica
1183 380 1442 450 abrogata
1470 421 1487 447 ,
1523 379 2022 440 circumcisionem,
2057 376 2196 431 Sab-
2229 416 2238 439 Α

2344 378 2401 432 αὶ
2451 375 2785 439 ἁπεδίωξαν,
2819 371 2919 441 τήν
2965 368 3020 422 δὲ
3065 365 3366 438 σεμνότητα
3409 362 3750 433 ὲτράνωσαν,
3779 370 3873 419 καὶ

617 483 828 546 batnm,
858 476 1264 532 immolationes
1289 472 1635 535 animalium,
1663 470 1870 526 Pascha
1893 481 1946 524 et
1977 485 2203 540 agnum.

618 574 964 644 Quapropter
997 565 1393 634 Hierosolymis
1423 571 1633 619 tantum
1665 563 1947 619 observari
1981 562 2073 616 illa
2109 575 2204 614 vo-

624 665 825 725 luerat,
858 671 918 715 ut
957 659 1133 715 facilis
1180 666 1325 712 esset
1358 671 1548 711 eorum
1575 653 1881 720 abrogatio,
1918 651 2121 721 templo
2148 658 2205 704 et

624 755 766 810 urbe
782 750 1028 806 funditus
1053 750 1284 814 eversis.
1308 745 1443 803 Cum
1474 746 1622 801 enim
1645 745 1774 800 alibi
1807 757 1914 798 non
1949 750 2095 798 esset
2122 740 2205 796 fas

625 849 716 901 illa
749 857 988 907 servare,
1015 851 1164 896 certe
1187 840 1343 893 ﬁnem
1369 837 1621 892 habitura
1642 845 1817 891 erant.
1856 833 2204 903 {Imbraside-

627 953 774 992 mum
810 940 865 990 in
899 936 1077 989 lucem
1113 931 1366 986 veritatis
1393 929 1564 986 fuisse
1593 936 1848 982 mutatas.
1881 927 1990 982 Iste
2021 935 2204 980 autem

628 1031 982 1082 incruentum
1023 1029 1478 1089 tremendumque
1523 1019 1882 1085 sacriﬁcium,
1912 1018 2061 1087 quod
2093 1017 2203 1071 vir-

631 1127 746 1171 tute
779 1115 1020 1184 Spiritus
1047 1121 1100 1168 et
1131 1112 1304 1180 ipsius
1333 1109 1534 1166 Christi
1562 1107 1850 1175 Patrisque
1884 1105 2202 1175 perﬁcitur:

626 1207 859 1262 indivisa
904 1204 1048 1259 enim
1097 1211 1229 1257 sunt
1273 1215 1436 1272 opera
1493 1209 1696 1255 sanctae
1729 1195 2038 1260 Trinitatis,
2078 1195 2208 1250 licet

626 1317 730 1354 vox
771 1299 859 1353 illa
891 1296 1083 1352 eﬂicax
1108 1295 1180 1350 sit
1202 1293 1502 1348 Salvatoris
1523 1308 1536 1344 :
1559 1294 1672 1346 Hoc
1689 1300 1768 1345 ut
1796 1304 1988 1356 corpus
2011 1298 2206 1354 meum;

2304 472 2425 532 ταῖς
2473 468 2582 521 τῶν
2627 464 2936 535 ἀνθρώπων
2983 460 3183 532 ψυχαῖς
3240 455 3628 526 ὲνεφύτευσαν.
3687 455 3771 509 Τὰ
3820 457 3875 510 δὲ

2303 561 2508 616 τυπικὰ
2555 559 2593 614 ἃ
2650 559 2747 612 καὶ
2807 555 3048 628 μυστικὰ
3108 550 3369 607 καλοῦσιν
3422 548 3666 618 ἀπέκοψε
3697 565 3712 580 ο
3777 551 3877 618 τὴν

2309 658 2636 728 περιτομὴν,
2674 657 2770 708 καὶ
2813 655 2876 708 τδ
2930 653 3228 713 Σάϐϐατον,
3258 657 3357 703 καὶ
3401 649 3500 712 τὰς
3552 648 3877 713 ζωοθυσίας,

2305 749 2400 803 καὶ
2435 749 2494 802 τὸ
2525 749 2738 817 Πάσχα,
2780 746 2874 800 καὶ
2911 745 3003 798 τὸν
3040 743 3234 813 ἀμνόν.
3259 742 3358 794 Διὰ
3389 739 3548 793 τοῦτο
3583 741 3681 792 καὶ
3705 738 3878 792 ταῦτα

2306 844 2364 895 ὲν
2409 841 2804 914 Ἱεροσολύμοις
2835 838 3087 892 ἐκέλευσε
3136 835 3230 890 καὶ
3275 835 3436 903 μόνον
3462 834 3758 897 τελεῖσθαι,
3791 833 3882 886 ῖιια

2308 933 2403 986 καὶ.
2438 932 2636 1004 ῥᾳδίως
2685 932 2719 1000 ή
2770 929 3070 990 κατάλυσις
3114 923 3298 978 αὐτῶν
3329 923 3576 991 γεννῆται,
3617 921 3712 974 τοῦ
3751 919 3880 974 ναοῦ

2309 1025 2408 1078 καὶ
2460 1027 2562 1092 τῆς
2610 1022 2820 1084 πόλεως
2863 1019 3364 1086 κατασκαφέντων,
3404 1015 3631 1069 ἄλλοθεν
3684 1015 3744 1068 δὲ
3807 1014 3884 1082 μὴ

2307 1116 2623 1185 δυναμένων
2671 1113 2844 1168 ταῦτα
2887 1112 3063 1166 τελεῖν
3094 1111 3437 1164 παύσωνται.
3472 1111 3554 1162 Τὰ
3582 1108 3641 1162 δὲ
3675 1107 3884 1176 σκιώδη

2309 1208 2724 1274 ἀνεμόρφωσεν,
2751 1202 2873 1255 ἀντὶ
2919 1200 3077 1262 σκιᾶς
3109 1199 3208 1268 τὴν
3258 1197 3520 1268 ἀλήθειαν
3555 1197 3886 1266 μορφώσας.

2309 1295 2480 1359 Αὐτὸς
2518 1290 2571 1348 δδ
2605 1294 2704 1365 τήν
2752 1292 3096 1363 ἀναίμακτον
3135 1291 3233 1344 καὶ
3262 1289 3498 1358 φρικτὴν
3541 1287 3756 1351 θυσίαν,
3783 1285 3888 1355 τὴν

626 1399 682 1447 et
719 1409 734 1445 :
776 1389 877 1444 Hic
917 1396 994 1444 est
1044 1386 1261 1456 sanguis
1310 1399 1496 1447 meus;
1547 1395 1654 1450 qua
1708 1379 1866 1448 panis
1918 1389 1977 1432 et
2021 1379 2208 1431 vinum

630 1498 754 1539 cum
805 1494 946 1549 aqua
984 1485 1425 1533 transmutantur
1457 1475 1510 1527 in
1557 1487 1760 1541 corpus
1798 1479 1852 1525 et
1883 1469 2208 1539 sanguinem

2342 1479 2439 1530 τοῦ
2499 1479 2596 1532 καὶ
2641 1478 2737 1531 τοῦ
2792 1477 3027 1547 Πατρδς,
3066 1476 3143 1538 ὥς
3195 1472 3520 1542 ἀδιαιρέτων
3574 1471 3747 1525 ὅντων
3776 1469 3894 1520 τῶν

631 1571 864 1636 Christi,
899 1579 955 1624 ut
1005 1569 1186 1638 inquit
1220 1567 1682 1637 Chrysostomus;
1737 1561 1802 1615 ad
1847 1559 2064 1615 Judaici
2111 1557 2214 1612 Pa-

2345 1587 2490 1639 ργων
2515 1569 2615 1638 τῆς
2645 1569 2808 1636 ἁγίας
2837 1567 3086 1638 Τριάδος,
3125 1566 3174 1618 εί
3226 1564 3324 1619 καὶ
3359 1564 3499 1632 αὕτη
3534 1563 3569 1632 ή
3603 1559 3756 1630 φωνή
3789 1557 3891 1611 τοῦ

635 1664 844 1718 schatis
873 1660 1312 1716 observationem
1348 1655 1538 1717 refert,
1567 1663 1623 1709 et
1663 1666 1927 1707 canonem
1957 1665 2212 1720 perverse

2342 1662 2570 1732 Ξωτῆρός
2606 1662 2772 1723 ἐστιν,
2801 1660 2834 1727 ή
2861 1657 3160 1712 κελεύουσα
3183 1672 3198 1689 ·
3247 1654 3428 1710 Τοῦτό
3467 1656 3600 1709 ἐστι
3625 1653 3690 1707 τὸ
3715 1650 3898 1721 σῶμά

637 1757 1052 1824 interpretatur.
1083 1751 1152 1804 At
1197 1764 1298 1804 nos
1345 1748 1608 1820 mysticas
1657 1759 1850 1800 omnes
1898 1743 2210 1797 Judaeorum

2342 1773 2443 1809 νου
2471 1769 2484 1784 ο
2516 1752 2612 1806 καί
2637 1768 2650 1783 ·
2689 1749 2868 1805 τοῦτό
2890 1750 3022 1804 ἐστι
3071 1749 3138 1806 τὸ
3167 1741 3310 1818 αἷμά
3333 1763 3452 1817 μου
3473 1751 3487 1778 ⁵
3519 1748 3552 1816 ή
3577 1747 3668 1798 τὸν
3699 1744 3896 1816 ἄρτον,

636 1845 995 1902 cmremonias
1038 1859 1137 1914 pro
1185 1843 1415 1912 impuris
1460 1847 1514 1893 et
1555 1836 1803 1908 profanis
1837 1835 2128 1894 habemus,
2161 1825 2223 1886 ιιι

2342 1845 2422 1900 καὶ
2450 1844 2542 1898 τὸν
2566 1840 2709 1896 οἶνον
2738 1841 2831 1897 καὶ
2861 1841 2920 1893 τὸ
2947 1839 3092 1909 ὕδωρ
3117 1840 3196 1902 είς
3222 1837 3379 1908 σῶμα
3407 1835 3649 1907 Χριστοῦ
3687 1835 3901 1904 μεταρο

634 1940 1065 2010 Chrysostomus
1099 1937 1260 1989 etiam
1298 1934 1350 1987 in
1379 1931 1727 1986 sermonibus
1756 1936 1946 1984 contra
1991 1925 2213 1980 Judaaos

2342 1930 2668 2006 Βυθμὶζουσα
2705 1935 2797 1987 καὶ
2827 1930 2988 1999 αἷμα,
3014 1930 3090 1995 ὣς
3141 1947 3310 2001 φησιν
3354 1931 3382 1982 ὀ
3409 1929 3554 1992 θεῖος
3583 1927 3907 1998 Χρυσόστο-

639 2031 840 2086 habitis
865 2029 1113 2099 apertius
1145 2027 1360 2097 probat,
1395 2027 1539 2080 inter
1579 2038 1721 2093 quas
1762 2034 1816 2077 et
1862 2020 2076 2075 Pascha
2119 2033 2218 2072 nu-

2342 2042 2423 2088 10;
2444 2041 2459 2056 ’
2491 2026 2571 2085 εἰς
2599 2023 2698 2092 τὴν
2731 2022 2820 2076 τοῦ
2860 2019 3153 2074 Ἰουδαῖκοῦ
3187 2019 3380 2088 Πάσχα
3423 2018 3648 2086 τελετὴν
3675 2018 3905 2082 ἀνάγει,

2310 1388 2696 1456 τελειουμένην
2723 1385 2876 1455 παρὰ
2908 1381 3006 1435 τοῦ
3036 1381 3360 1450 Πνεύματος
3395 1381 3496 1433 καὶ
3539 1377 3708 1432 αὑτοῦ
3739 1377 3887 1444 Χρι-

640 2132 888 2178 meratur
924 2137 938 2173 :
977 2134 1102 2174 cum
1133 2128 1286 2174 extra
1332 2117 1595 2184 templum
1655 2111 2214 2183 Hi'erosolymitanum

2342 2117 2416 2170 cal
2445 2116 2539 2169 τὸν
2588 2115 2792 2168 κανόνα
2837 2111 3253 2182 παρεξηγεῖται.
3292 2110 3437 2165 Ἀλλ’
3488 2111 3653 2179 ήμεῖς
3715 2111 3909 2164 πάντα

637 2226 832 2274 contra
861 2216 1108 2270 divinum
1140 2220 1474 2282 praeceptum
1511 2209 1662 2262 ﬁant.
1715 2205 1789 2260 De
1842 2205 1944 2260 hac
1996 2203 2220 2257 materia

2342 2204 2432 2256 τῶν
2492 2203 2770 2256 Ἰουδαίων
2825 2204 2892 2256 τὰ
2951 2201 3189 2268 μυστικὰ
3245 2201 3555 2270 ἀκάθαρτα,
3602 2199 3676 2262 ὥς
3734 2202 3828 2252 καὶ
3880 2201 3913 2253 ὁ

643 2309 859 2380 mystici
891 2306 1147 2364 sacriﬁcii
1167 2304 1279 2374 jam
1309 2312 1467 2357 antea
1516 2299 1777 2361 diximus,
1812 2311 1913 2350 nec
1956 2309 2095 2363 opus
2140 2301 2227 2348 est

2342 2297 2717 2364 Κρυσόστομος
2748 2297 2804 2348 ἒν
2853 2296 2968 2357 τοῖς
3001 2295 3145 2347 κατὰ
3179 2292 3452 2346 Ἰουδαίων
3496 2292 3676 2358 λόγοις
3703 2291 3917 2358 τρανό-

644 2407 895 2470 repetere
915 2398 1104 2452 eadem
1136 2412 1154 2449 :
1182 2405 1496 2464 quanquam
1531 2389 1599 2442 ab
1623 2389 1742 2456 ipso
1767 2388 1944 2440 coacti
1973 2384 2078 2438 hoc
2103 2383 2224 2436 loco

2342 2404 2484 2454 τερον
2533 2387 2889 2456 παρίστησιν,
2922 2380 2996 2439 ὧν
3039 2386 3099 2439 ἓν
3149 2386 3262 2438 ἔστι
3319 2385 3416 2437 καὶ
3473 2383 3537 2434 τδ
3584 2383 3799 2452 Πάσχα,
3827 2381 3919 2443 ὡς

644 2489 1068 2561 disputavimus,
1109 2485 1254 2540 baud
1286 2498 1422 2538 sane
1454 2481 1725 2542 libentes,
1758 2477 1877 2548 ipse
1913 2475 2056 2531 enim
2092 2489 2224 2529 cau-

2342 2475 2434 2538 Ξξω
2473 2474 2566 2527 τοῦ
2605 2475 2732 2527 ναοῦ
2787 2475 2879 2526 τοῦ
2913 2477 2971 2526 ὲν
3011 2471 3414 2542 Ἰεροσολύμοις
3447 2471 3602 2538 παρὰ
3650 2470 3752 2537 τὴν
3807 2470 3918 2522 τοῦ

645 2600 764 2640 sam
788 2583 958 2640 dedit.
2329 2566 2476 2619 θείου
2529 2567 2699 2634 νόμου
2750 2566 3006 2619 κέλευσιν
3049 2565 3378 2633 τελούμενα.
3423 2561 3770 2630 Προείπομεν
3814 2568 3925 2620 καὶ

647 2676 906 2747 περὶτῆς
944 2670 1211 2741 μυστικῆς
1247 2667 1454 2735 ταύτης
1484 2663 1703 2725 θυσίας,
1738 2662 1832 2715 καὶ
1865 2661 1926 2713 οὺ
1961 2660 2068 2728 χρὴ
2146 2657 2274 2726 περὶ
2313 2659 2504 2711 τούτου
2562 2658 2942 2725 παλιλλογεῖν·
3025 2659 3075 2709 εἱ
3129 2659 3223 2711 καὶ
3289 2655 3528 2710 ἐνταῦθα
3588 2655 3681 2708 ὑπ’
3737 2655 3919 2710 αὐτοῦ

649 2764 1091 2834 ἀναγκαζόμενοι
1133 2759 1392 2828 λέγομεν,
1421 2757 1522 2808 ὅσα
1569 2753 1705 2821 δῆτα
1741 2749 1836 2804 καὶ
1860 2750 2094 2818 λέγομεν
2129 2748 2223 2801 καὶ
2263 2749 2337 2824 μὴ
2367 2749 2704 2820 βουλόμενοι,
2739 2749 2901 2813 αὕτδς
2929 2752 3037 2820 γὰρ
3067 2753 3095 2804 ὁ
3122 2750 3314 2812 αἴτιος.

1316 2846 1561 2902 EPHES.
2991 2842 3181 2897 ΕΦΕΣ.

723 2947 792 3002 Ει
836 2961 939 3002 nos
985 2941 1204 3012 quidem
1246 2949 1438 2996 contra
1489 2938 1664 3008 leges,
1716 2937 1870 3005 jnssa
1922 2941 1976 2987 et
2008 2931 2224 2985 decreta

2404 2941 2517 2993 Kal
2562 2940 2723 3009 ἡμεῖς
2778 2939 2876 3007 μὲν
2916 2936 3210 3007 ἀθεμίτως,
3253 2936 3346 2988 καὶ
3406 2934 3762 3005 παρανόμως,
3811 2937 3918 2988 ita!

653 3043 880 3096 Patrum
911 3037 1146 3096 dicimus
1193 3032 1508 3103 appositum
1556 3043 1678 3084 esse
1723 3024 1986 3096 Symbolo
2020 3020 2228 3076 addita-

2342 3035 2448 3095 τοῖς
2491 3031 2772 3102 Πατρᾶσιν
2845 3029 2900 3096 ἐξ
2950 3028 3193 3082 ἐναντίου
3246 3027 3344 3098 τήν
3393 3026 3452 3079 ὲν
3517 3025 3594 3096 τῷ
3652 3025 3923 3094 συμϐόλῳ

656 3145 924 3188 mentum.
965 3127 1054 3182 Isti
1103 3141 1234 3180 vero
1283 3123 1435 3178 licite
1479 3128 1534 3175 et
1581 3116 1982 3174 rationabiliter
2028 3112 2232 3167 factum

2342 3124 2655 3194 προσθήκην
2726 3119 3079 3190 γεγενῆσθαί¹
3117 3135 3334 3187 φαμενο
3390 3117 3536 3171 οὗτοι
3612 3117 3672 3170 δὲ
3741 3117 3920 3184 αὐτὴν

659 3224 794 3280 illud
822 3227 1075 3277 asserunt
1109 3236 1122 3270 :
1156 3216 1291 3272 adeo
1331 3219 1540 3272 norunt
1578 3209 1796 3266 veritati
1843 3215 1897 3264 et
1949 3203 2054 3262 sibi
2103 3205 2236 3275 ipsis

2342 3213 2578 3283 θεμιτῶς
2649 3197 2747 3266 ίιαί
2815 3212 3053 3279 εὐλόγως
3129 3209 3459 3280 διορίζονται
3528 3205 3866 3275 γεγενῆσθαι
3901 3221 3918 3238 ο

657 3311 1016 3388 congruentia
1047 3310 1254 3366 dicere.
1418 3332 1424 3338 -

2342 3306 2596 3359 τοσοῦτον
2645 3304 2823 3358 οἴδασι
2871 3304 2936 3374 τῇ
2997 3301 3226 3372 ἀληθείᾳ
3270 3303 3366 3356 καὶ
3419 3302 3634 3362 ἑαυτοῖς
3687 3313 3922 3367 συμφω-

2340 3401 2470 3450 νεῖν.

1349 3506 1548 3564 RESP.

737 3608 845 3664 Nos
871 3619 1088 3664 omnem
1124 3601 1547 3672 explicationem
1581 3606 1639 3656 et
1679 3595 2100 3652 declarationem
2135 3606 2241 3646 non

663 3702 1000 3761 contrariam
1034 3697 1683 3758 sententimsanctorum,
1715 3692 1808 3745 sed
1837 3704 1930 3760 per
1961 3689 2110 3758 ipsos
2151 3700 2247 3754 po-

665 3796 778 3850 tius
807 3794 1102 3853 ﬁrmatam,
1134 3803 1160 3841 a
1197 3787 1406 3857 synodo
1453 3784 1649 3854 quovis
1694 3784 1746 3837 itt
1783 3783 1902 3836 loco
1948 3779 2246 3850 appositam

666 3884 982 3952 recipimus.
1013 3881 1070 3933 In
1095 3879 1198 3932 hac
1218 3877 1489 3931 sententia
1512 3883 1598 3929 est
1629 3875 1788 3928 etiam
1824 3881 2051 3926 sanctus
2078 3870 2250 3923 Maxi-

672 3988 793 4027 mus
818 4011 833 4033 ,
870 3983 929 4024 ut
962 3976 1178 4025 constat
1205 3983 1270 4022 ex
1305 3967 1426 4034 eius
1462 3965 1678 4031 dialogo
1710 3979 1836 4016 cum
1882 3961 2248 4015 Eunomiano.

671 4064 973 4133 lnterrogat
1011 4062 1157 4114 enim
1214 4057 1287 4110 ibi
1345 4055 1696 4110 Macedonius
1761 4053 2052 4107 Maximum
2083 4092 2097 4113 ,
2149 4060 2248 4104 et:

673 4155 1087 4215 Subscrihisne,
1105 4149 1306 4220 inquit,
1325 4147 1650 4217 expositioni
1685 4145 1948 4200 Luciani?
1969 4143 2252 4197 Maximus.

673 4246 816 4312 Quid
847 4244 992 4299 enim
1035 4250 1119 4297 est
1150 4254 1366 4303 causae,
1407 4253 1506 4293 cur
1549 4236 1856 4304 improbata
1909 4233 2255 4302 expositione

673 4347 986 4394 Sanctorum
1005 4335 1224 4388 Patrum
1245 4339 1614 4386 trecentorum
1634 4329 1820 4383 decem
1844 4336 1898 4380 et
1919 4335 2043 4380 octo
2065 4323 2255 4377 Nicmze

3029 3481 3236 3538 ΑΠΟΛ.

2417 3581 2525 3635 Καὶ
2573 3577 2732 3649 ἡμεῖς
2783 3575 2966 3631 πᾶσαν
3016 3576 3313 3640 ἀνάπτυξιν
3362 3577 3457 3630 καὶ
3492 3575 3790 3646 σαφήνειαν
3841 3567 3922 3644 μὴ

2349 3673 2595 3727 ἐναντίαν
2647 3667 2814 3724 οὖσαν
2862 3674 2928 3741 τῇ
2959 3668 3086 3742 δόξῃ
3116 3671 3223 3723 τῶν
3256 3670 3447 3737 ἁγίων,
3480 3663 3594 3722 ἀλλ’
3625 3669 3683 3732 ἐξ
3733 3667 3923 3721 αὐτῶν

2353 3766 2550 3836 μᾶλλον
2578 3764 2999 3834 βεϐαιουμένην,
3037 3761 3188 3833 παρὰ
3223 3763 3442 3814 συνόδου
3495 3760 3918 3832 προστεθεῖσαι),

2350 3861 2484 3912 ὅπου
2533 3859 2599 3911 ἂν
2646 3857 2950 3928 προστεθῇ,
2981 3853 3270 3926 δεχόμεθα.
3306 3855 3477 3908 Τοῦτο
3526 3856 3618 3908 καὶ
3667 3853 3928 3922 Μάξιμος

2351 3953 2378 4002 ὁ
2404 3951 2548 4011 θεῖος
2581 3948 2790 4019 βεϐαιοῖ
2815 3951 2873 4000 ὲν
2902 3950 2967 4018 τῇ
2996 3948 3231 4013 διαλέξει
3266 3946 3433 4000 αὐτοῦ
3465 3949 3528 4017 τῇ
3559 3945 3696 4016 πρὸς
3723 3945 3819 3997 τὸν
3851 3947 3928 3998 τὰ

2354 4043 2620 4110 Εὗνεμίου
2687 4039 3009 4110 φρονοῦντα.
3055 4039 3196 4107 Φησὶ
3248 4039 3583 4102 Μακεδόνως
3636 4035 3771 4106 πρὸς
3825 4037 3925 4088 τὸν

2353 4133 2643 4200 Μάξιμονο
2684 4130 3052 4200 ’Υπογράφεις
3100 4124 3194 4182 οὖν
3229 4133 3292 4200 τῇ
3330 4129 3547 4183 ἐκθέσει
3579 4115 3926 4190 Λουκιανοῧς

2355 4223 2647 4292 Μάξιμος.
2677 4221 2742 4275 Τί
2773 4222 3058 4290 κατέγνως
3091 4221 3192 4289 τῆς
3243 4223 3346 4273 ὑπὸ
3379 4221 3489 4272 τῶν
3526 4226 3629 4288 “rw;
3663 4219 3932 4286 Πατέρων

2359 4318 2529 4384 ἁγίων
2577 4315 2684 4370 τῶν
2718 4317 2774 4368 ὲν
2800 4314 3007 4382 Νικαίᾳ
3041 4315 3137 4382 τῆς
3171 4309 3424 4375 Βιθυνίας
3456 4312 3800 4378 ὲκτεθείσης,
3835 4312 3932 4364 ἵνα

677 4432 735 4487 in
795 4427 1045 4499 Bithynia
1103 4435 1594 4497 congregatorum,
1653 4421 1897 4490 inquiras
1952 4416 2238 4471 aliam?—

2352 4402 2449 4455 καὶ
2469 4401 2637 4471 ἄλλην
2665 4401 3037 4474 περιϐλὲψῃςς
3065 4431 3134 4441 -
3168 4401 3557 4467 Μακεδόγιος.
3598 4401 3671 4452 Σὺ
3708 4400 3761 4451 τί
3789 4409 3935 4452 κατε

680 4521 1043 4577 Macedonius.
1084 4518 1164 4572 Tu
1205 4531 1337 4571 vero
1369 4530 1473 4584 qua
1509 4513 1577 4569 de
1617 4527 1778 4566 causa
1827 4509 2108 4578 improbas
2144 4507 2253 4562 Ιλιιι

673 4615 818 4671 ciani
857 4608 1297 4682 expositionem?
1327 4635 1399 4650 -
1434 4605 1795 4660 Orthodoxus.
1827 4600 2083 4670 Improbo
2108 4599 2253 4666 quod

677 4702 966 4761 addidistis
995 4697 1331 4756 contrarium
1365 4694 1489 4749 ﬁdei
1518 4693 1766 4746 Patrum.
1793 4718 1863 4730 —
1890 4685 2252 4741 Macedonius.

679 4797 841 4862 Quasi
892 4808 990 4847 vos
1031 4806 1138 4845 non
1187 4785 1611 4841 addideritisad
1663 4783 1820 4858 ﬁdem
1859 4778 2154 4832 Nicmnam.
2187 4799 2258 4817 -—-

683 4877 1054 4943 Ortliodoxus.
1083 4878 1426 4950 Addidimtts,
1459 4873 1554 4928 sed
1591 4887 1699 4927 non
1729 4869 2021 4926 contraria.
2046 4895 2116 4907 —
2143 4867 2260 4920 Ma-

683 4980 958 5032 cedonius.
1011 4972 1249 5026 Omnino
1298 4966 1611 5021 addidistis.
1637 4994 1706 5003 —
1729 4961 2093 5016 Orthodoxus.
2128 4960 2260 5026 Qua!

681 5080 814 5125 tunc
841 5069 896 5122 in
923 5063 1362 5133 disquisitionem
1395 5073 1504 5112 non
1540 5064 1822 5119 venerant,
1853 5053 2043 5107 Patres
2071 5059 2258 5120 postea

683 5160 774 5230 pie
799 5163 1189 5226 exposuerunt.
1221 5152 1434 5206 Idcirco
1456 5164 1555 5202 nos
1577 5147 1742 5202 etiam
1770 5144 1931 5214 hujus
1953 5151 2005 5197 et
2031 5142 2259 5195 aliorum

687 5248 908 5301 Patrum
941 5241 1256 5298 testimonio
1284 5239 1402 5292 fulti
1433 5236 1822 5295 asserentium,
1863 5232 2260 5302 expositionem

687 5353 858 5394 saerre
898 5337 1196 5405 Scriptura:
1246 5338 1633 5400 congruentem
1685 5343 1792 5380 non
1829 5340 1952 5380 esse
1998 5324 2219 5378 vetitam
2246 5360 2262 5382 ,

688 5429 968 5499 suﬂragati
1008 5442 1198 5482 sumus
1235 5422 1476 5476 veritati.
1524 5421 1603 5474 An
1639 5433 1838 5488 negare
1872 5417 1990 5487 ipse
2040 5412 2262 5483 poterit,

692 5527 1000 5578 universam
1051 5531 1263 5573 sacram
1300 5513 1645 5580 Scripturam
1674 5511 1962 5566 admittere
1989 5507 2264 5574 explana-

691 5612 932 5670 tionem?
958 5611 1138 5678 Quare
1177 5608 1228 5661 id
1259 5605 1402 5676 quod
1454 5605 1699 5659 additum
1745 5611 1826 5656 est
1867 5597 2128 5670 Symbolo
2174 5612 2266 5648 ur-

693 5716 850 5779 gente
874 5703 1218 5766 necessitate,
1241 5702 1414 5753 visum
1444 5708 1525 5752 est
1550 5698 1672 5767 jure
1698 5695 1904 5764 optimo
1931 5690 2264 5759 appositum.

2359 4494 2533 4562 έγνως
2588 4496 2684 4564 τῆς
2748 4493 2845 4546 τοῦ
2924 4492 3252 4554 Λουκιανοῦ;
3301 4522 3374 4534 --
3426 4491 3488 4544 Ὀ
3553 4491 3931 4560 Ὀρθόὸοξος.

2359 4588 2655 4652 Κατέγνων
2689 4587 2787 4656 τῆς
2813 4586 3152 4656 προσθήκης,
3188 4580 3254 4655 ἧς
3282 4573 3663 4654 προσεθήκατε
3709 4585 3936 4636 ἐναντία

2359 4681 2551 4749 αὐτῆς.
2573 4701 2643 4718 -έ
2664 4662 3056 4743 Μακέδόνιος.
3099 4678 3288 4746 Ὑμεῖς
3323 4677 3429 4746 γὰρ
3459 4677 3520 4729 οὐ
3547 4675 3935 4745 προσεθήκατε

2359 4775 2426 4842 τῇ
2457 4774 2516 4824 ὲν
2545 4773 2786 4842 Νικαίας
2818 4799 2888 4813 —-
2928 4770 2992 4823 '0
3033 4769 3405 4837 Ὀρθόδοξος.
3434 4757 3597 4822 ,Ἄλλδ
3638 4768 3739 4821 οὐκ
3769 4769 3933 4819 ὲναν-

2360 4865 2453 4919 τία
2480 4866 2637 4933 αὐτῇ.
2670 4891 2738 4904 -
2768 4861 3159 4926 Μακεδόνιος.
3191 4861 3369 4923 Ὀλως
3423 4861 3822 4931 προσεθήκατε.
3862 4881 3940 4899 ~—'

2375 4955 2741 5024 Ὀρθόὂοξος.
2776 4953 2854 5006 Τὰ
2911 4954 3033 5005 τότε
3070 4953 3144 5022 μή
3179 4951 3488 5021 ζητηθέντα
3514 4951 3609 5002 νῦν
3652 4953 3942 5020 ἡρμήνευ-

2366 5065 2465 5100 σαν
2503 5049 2550 5100 oi
2581 5045 2824 5111 Πατέρες
2853 5042 3115 5104 εὐσεϐῶς.
3144 5043 3235 5095 Διὸ
3279 5044 3372 5095 καὶ
3400 5044 3565 5111 ἡμεῖς
3609 5043 3709 5110 τὴν
3737 5041 3935 5094 τούτου

2369 5135 2677 5208 μαρτυρίαν
2731 5134 2945 5205 ἔχοντες
2997 5135 3092 5187 καὶ
3134 5133 3244 5186 τῶν
3281 5133 3488 5209 iam:ti
3521 5131 3782 5201 ῐΙατέρων
3823 5131 3938 5184 τῶν

2365 5230 2652 5298 λεγόντων,
2683 5228 2766 5279 ὅτι
2799 5226 3093 5289 ἁνάπτυξις
3144 5227 3206 5280 οὐ
3247 5225 3519 5278 κωλύεται
3565 5221 3939 5290 συμφωνοῦσα.

2366 5324 2431 5390 τῇ
2487 5321 2611 5389 ίερᾷ
2651 5319 2867 5387 Γραφῇ,
2919 5320 2983 5388 τῇ
3043 5317 3272 5388 ἀληθεία
3327 5316 3805 5385 συνηγορήσαμεν.
3857 5315 3940 5370 οὐ

2367 5397 2476 5479 γὰρ
2527 5409 2752 5461 δύναται
2808 5406 2973 5469 αὐτὸς
3035 5408 3335 5470 ἀντειπεῖν,
3390 5406 3472 5458 ὅτι
3537 5407 3686 5458 πᾶσα
3729 5406 3762 5472 ή
3812 5403 3942 5457 θεία

2368 5501 2559 5572 Γραφὴ
2608 5499 2910 5565 ἀνάπτυξιν
2953 5498 3217 5569 δεχομένη
3251 5499 3313 5550 οὐ
3367 5497 3638 5550 κωλύεται
3665 5511 3677 5524 ’
3725 5496 3806 5548 διὸ
3841 5500 3944 5548 καὶ

2369 5597 2428 5647 τὸ
2465 5592 2784 5663 προστεθὲν,
2818 5591 3064 5657 ἀνάγκης
3097 5589 3420 5657 γενομένης.
3458 5590 3518 5641 ὲν
3561 5587 3641 5656 τῷ
3675 5587 3943 5656 συμϐόλῳ

2371 5685 2577 5738 δῖκαιον
2621 5682 2766 5746 ἔδοξε
2817 5681 3193 5737 προσκεῖσθαι.
3229 5681 3333 5731 Καὶ
3367 5678 3444 5730 ἔτι
3492 5680 3551 5731 ὲκ
3587 5679 3681 5741 τῆς
3732 5677 3940 5739 βιϐλιο-
