4176 6278
332 304 433 369 ιιι-ι

1579 311 1880 372 CONTRA
1922 303 2337 372 EPHESIUM.

3494 286 3592 381 tas

321 418 736 473 πανσυλλέκτου
796 418 1140 489 Ἀνθολογίας
1217 422 1482 489 Εὐλογίου
1558 424 1904 494 πατριάρχου

2016 419 2124 477 Ηοο
2162 422 2303 477 idem
2356 421 2619 492 probatur
2649 432 2713 476 ex
2747 421 3037 493 Florilegio
3077 424 3529 484 collectanemum
3562 448 3594 486 e

331 510 783 579 Ἀλεξανδρείας·
836 511 975 581 φησὶ
1041 512 1152 583 γάρ
1181 529 1197 545 ο
1240 513 1407 567 Ἀλλά
1455 514 1564 583 γὰρ
1611 516 1710 583 τῆς
1743 515 1903 585 αίρέ-

319 619 460 663 σεως
514 600 677 655 πάλιν
736 604 769 673 ἡ
826 604 1057 658 ἀπόνοια
1124 604 1225 675 τὴν
1287 603 1558 676 τετάρτην
1623 606 1904 676 μέμφεται

320 695 568 757 σύνοδον,
621 694 698 757 ὡς
771 696 897 763 ὅρον
962 696 1288 766 ἐκθεμένην,
1349 698 1729 768 διατεινομένη
1805 698 1905 769 τὴν

317 786 585 855 τοιαύτην
632 786 981 858 ἐπιχείρησιν
1035 789 1141 843 ὑπὸ
1181 790 1282 860 τῆς
1329 792 1472 844 κατά
1524 776 1630 861 ¹’τὴν
1664 792 1904 861 Ἔφεσον

323 880 556 949 πρώτης
591 881 816 935 συνόδου
875 882 1157 946 παντελῶς
1192 883 1672 939 ἀποκεκωλῦσθαι.
1716 884 1906 939 Καίτοι

324 989 392 1039 γε
428 974 477 1025 εί
535 972 678 1025 κατά
714 973 810 1026 τὸν
868 973 1034 1045 λῆρον
1091 973 1275 1028 αὐτῶν
1326 976 1592 1047 ἀπεῖργεν
1624 977 1658 1047 ἠ
1689 976 1908 1039 σύνοδος

323 1063 514 1132 ἕτερον
559 1054 829 1132 μηδόλως’
858 1065 1157 1133 προάγειν,
1205 1066 1347 1139 αὐτὴ
1394 1068 1519 1120 καθ’
1562 1069 1762 1138 ἐαυτῆς
1801 1070 1909 1141 πρὸ

322 1154 434 1206 τῶν
467 1153 645 1208 ἄλλων
698 1155 797 1224 τὴν
831 1155 1316 1221 καταδικάζουσαν
1370 1160 1636 1231 ἐξήνεγκε
1685 1161 1865 1230 ψῆφον
1891 1177 1907 1193 ο

324 1246 501 1317 ὁρίζει
545 1247 655 1318 γὰρ
712 1248 847 1301 αύτδ
894 1247 1055 1301 τοῦτο
1102 1247 1371 1314 τυποῦσα,
1404 1250 1441 1305 ἃ
1490 1251 1766 1320 μηδετέρα
1799 1252 1909 1305 τῶν

324 1340 435 1408 πρὸ
464 1338 636 1407 αὐτῆς
665 1340 974 1409 διωρίσατο.
1022 1340 1185 1394 Ἀλλά
1215 1344 1313 1393 καὶ
1362 1342 1396 1411 ἡ
1439 1341 1563 1395 καθ’
1601 1343 1906 1396 ὑπόστασιν

330 1429 534 1492 ἓνωσις
561 1430 733 1499 αὐτῆς
780 1431 928 1483 ἐστιν
957 1430 1103 1501 ὅρος,
1134 1432 1162 1484 ὃ
1192 1435 1310 1495 ταῖς
1355 1433 1762 1503 πρεσὸυτέραις
1799 1434 1909 1489 τῶν

325 1522 567 1574 συνόδων
592 1520 652 1573 οὐ
683 1520 986 1591 διώρισται.
1021 1522 1127 1575 Ναὶ
1156 1523 1220 1595 δὴ
1251 1525 1343 1577 καὶ
1377 1525 1476 1594 τὴν
1508 1527 1565 1579 ἐν
1612 1528 1910 1581 Κωνσταν-

324 1613 636 1666 τινουπόλει
691 1612 802 1666 τῶν
855 1616 931 1684 ρν¹
987 1617 1165 1683 ἀγίων
1218 1617 1481 1690 Πατέρων
1533 1620 1593 1684 ἐξ
1627 1615 1909 1677 ῶνσαύτοὶ

325 1703 562 1773 ληροῦσι
591 1708 1071 1776 παραγράφονται,
1102 1708 1227 1778 ἥτις
1270 1708 1379 1763 τῶν
1415 1711 1902 1784 Πνευματομάχων

323 1799 429 1867 τὴν
457 1799 671 1867 αἵρεσιν
704 1799 1026 1864 καθελοῦσα,
1052 1800 1130 1869 τῷ
1164 1803 1303 1855 κατά
1329 1804 1428 1872 τὴν
1459 1805 1697 1860 Νίκαιαν
1730 1809 1911 1877 ἐκφω-

325 1889 552 1957 νηθέντι
577 1890 689 1960 ὅρῳ
721 1889 820 1961 τὴν
856 1891 987 1959 περὶ
1039 1890 1133 1945 τοῦ
1166 1892 1325 1960 ἁγίου
1359 1895 1678 1965 Πνεύματος
1723 1898 1908 1952 θεολο-

323 1980 459 2049 γίαν
484 1982 785 2050 προσθεῖσα
816 1983 1184 2053 συνήρμοσεν.
1218 1986 1278 2038 El
1313 1986 1423 2055 γὰρ
1450 1989 1505 2039 αἱ
1536 1988 1912 2058 προλαϐοῦσαι

324 2073 710 2144 προστιθεῖσαι
741 2075 833 2127 τδν
888 2075 1083 2144 μῶμον
1132 2076 1522 2145 ἐκφεύγουσιν,
1552 2080 1663 2134 οὐδ’
1696 2083 1752 2135 αἱ
1790 2082 1910 2151 μετ’

326 2167 504 2228 αὖτάς
553 2166 612 2218 ἐν
651 2168 763 2229 τοῖς
817 2168 1027 2235 ὁμοίοις
1074 2170 1347 2239 ἀνομοίως
1380 2167 1575 2236 ἕξουσι
1600 2173 1698 2242 τὴν
1741 2175 1911 2227 κατά-

326 2275 554 2324 γνωσιν.
591 2258 746 2313 Οὕτω
796 2260 854 2312 τὸ
906 2260 1169 2313 ἀσύνετον
1222 2264 1402 2316 πάντα
1451 2264 1615 2332 φύρει
1659 2265 1753 2317 καὶ
1797 2267 1915 2319 δια-

328 2352 582 2421 στρέφει.
608 2351 715 2403 Καὶ
754 2352 862 2421 γὰρ
891 2354 922 2420 ἡ
956 2355 1013 2405 ἐν
1056 2352 1272 2423 Ἐφέσῳ
1312 2354 1534 2419 σύνοδος
1578 2358 1763 2411 πίστιν
1809 2360 1911 2429 μὲν

326 2443 549 2512 ἑτέραν,
579 2438 647 2512 ἦς
679 2443 899 2497 ἐναντία
925 2446 992 2497 τά
1022 2444 1270 2513 δόγματα
1309 2446 1448 2514 πρὸς
1477 2447 1580 2515 τὴν
1612 2449 1672 2502 ἐν
1704 2449 1912 2522 Νικαίᾳ.

326 2532 644 2600 καθέστηκε
677 2533 916 2597 σύνοδον,
955 2534 1239 2598 παντελῶς
1279 2535 1597 2590 ἐκτίθεσθαι
1646 2540 1910 2594 διεκώλυ-

329 2640 429 2676 σεν
451 2638 467 2653 ·
511 2624 800 2693 ἀκηράτων
819 2624 877 2677 δὲ
906 2624 1013 2679 τῶν
1044 2627 1102 2679 ἐν
1145 2626 1283 2697 αὐτῇ
1324 2626 1673 2697 σωζομένων,
1709 2632 1854 2699 ἀπερ
1884 2633 1912 2685 ό

327 2716 528 2783 καιρὸς
552 2717 777 2771 ἀπαιτεῖ
801 2717 1150 2786 προστιθέναι
1182 2721 1353 2790 αὐτῆς
1382 2738 1443 2774 τε
1472 2722 1701 2789 γέγονεν
1728 2725 1911 2801 ἔργον,

328 2810 428 2862 καὶ
460 2808 569 2861 τῶν
606 2808 950 2879 πραγμάτων
1004 2811 1036 2875 ἡ
1094 2810 1256 2879 φύσις
1302 2811 1647 2878 διδάσκαλος,
1686 2816 1781 2868 καὶ
1812 2815 1911 2885 τῆς

342 2900 678 2969 Ἐκκλησίας
723 2902 920 2971 ὁρᾶται
955 2901 1116 2955 τοῦτο
1153 2903 1460 2971 στέργουσα
1510 2894 1597 2958 διὰ
1643 2905 1910 2977 παντδςή

328 2992 660 3062 παράδοσις.
693 2993 786 3044 Διὸ
830 2993 924 3045 καὶ
956 2994 1099 3045 κατά
1148 2996 1248 3062 τὴν
1288 2995 1725 3066 Ἀλεξάνδρειαν,
1758 2996 1912 3051 τρύπω

2009 513 2150 568 libro
2180 514 2428 581 cujusvis
2467 514 2685 582 generis
2721 515 2934 585 Eulogii
2980 518 3307 587 patriarchae
3350 522 3594 576 Alexan-

2007 604 2169 660 drini.
2214 606 2306 661 Sic
2350 606 2494 661 enim
2524 607 2599 661 ait
2632 623 2645 659 :
2679 607 2891 664 Rursus
2929 610 3308 665 hatreticorum
3355 615 3593 669 amentia

2007 696 2076 750 de
2107 706 2315 767 quartae
2360 698 2554 768 synodi
2596 699 2916 755 deﬁnitione
2968 703 3340 768 conqueritur,
3380 720 3595 761 asseve-

2010 802 2146 843 rans
2173 788 2405 856 primam
2436 790 2700 860 synodum
2734 792 3063 860 Ephesinam
3099 795 3201 850 hoc
3229 798 3443 864 penitus
3479 798 3593 852 ﬁeri

2009 877 2379 944 prohibuisse.
2417 881 2572 947 Quod
2603 885 2670 946 si,
2707 894 2764 936 ut
2794 884 2870 937 illi
2913 898 3209 954 nugantur,
3238 888 3479 957 synodus
3509 907 3599 943 ve».
3633 942 3641 957 ,

2010 972 2115 1027 ῑυῑι
2138 972 2357 1042 quidvis
2389 975 2537 1031 aliud
2571 975 2799 1029 omnino
2826 976 3081 1046 proferri,
3109 987 3254 1033 certe
3283 980 3335 1033 in
3357 982 3593 1048 seipsam

2009 1064 2160 1135 prior
2196 1064 2284 1118 illa
2324 1065 2449 1120 tulit
2486 1066 2848 1121 sententiam.
2886 1068 3007 1136 Ipsa
3059 1069 3202 1123 enim
3244 1070 3433 1125 deﬁnit
3479 1088 3599 1138 quae

2010 1157 2160 1210 nulla
2210 1156 2363 1223 prior
2407 1156 2737 1212 deﬁniverat
2779 1158 3021 1227 synodus
3063 1159 3383 1228 :siquidem
3425 1163 3598 1231 ipsius

2011 1248 2338 1301 auctoritate
2371 1257 2590 1317 recepta
2635 1257 2720 1304 est
2761 1264 2859 1303 vox
2895 1250 2982 1304 illa
3009 1291 3023 1316 ,
3055 1250 3412 1322 Hypostatica
3445 1256 3595 1315 unio.

2009 1335 2076 1391 de
2107 1353 2211 1406 qua
2241 1340 2430 1409 synodi
2485 1341 2824 1408 antiquiores
2872 1344 2947 1397 nil
2992 1354 3309 1398 sanxerant.
3364 1347 3505 1411 Quin
3546 1360 3599 1401 et

2010 1428 2680 1500 Constantinopolitanum
2708 1446 2929 1487 centum
2958 1435 3352 1503 quinquaginta
3383 1450 3601 1492 sancto-

2011 1536 2131 1574 rum
2161 1521 2389 1576 Patrum
2426 1526 2718 1578 concilium
2753 1541 2850 1593 pro
2893 1526 3010 1581 suis
3049 1528 3207 1595 nugis
3235 1526 3527 1595 rejiciunt;
3565 1546 3592 1581 a

2010 1627 2118 1681 quo
2151 1613 2437 1685 proﬂigata
2483 1618 2710 1672 haeresis
2742 1620 3181 1686 oppugnantium
3224 1619 3510 1688 Spiritum,
3541 1631 3595 1674 ct

2011 1704 2214 1759 additis
2255 1704 2476 1760 Nicaeno
2504 1706 2763 1778 Symbolo
2803 1710 2986 1764 verbis
3039 1711 3107 1764 de
3143 1712 3319 1766 sancti
3364 1711 3603 1781 Spiritus

2015 1796 2323 1861 divinitate,
2356 1797 2488 1852 ﬁdes
2519 1810 2885 1869 congruenter
2915 1801 3181 1870 explicata
3218 1811 3323 1857 est.
3357 1802 3413 1857 Si
3453 1804 3599 1858 enim

2014 1888 2229 1955 priores
2277 1891 2470 1958 synodi
2509 1893 2758 1946 addendo
2801 1895 3291 1961 reprehensionem
3341 1895 3599 1966 fugiunt,

2014 1994 2121 2032 non
2164 1979 2365 2035 debent
2393 1984 2725 2051 posteriores
2760 1986 2813 2038 in
2850 1986 3122 2041 similibus
3147 1987 3492 2042 dissimiliter
3524 1989 3602 2042 vi-

2015 2074 2414 2142 tuperationem
2464 2076 2669 2130 subire.
2706 2079 2785 2131 lta
2831 2080 3217 2145 desipientium
3265 2096 3422 2135 mens
3466 2096 3600 2137 con-

2016 2164 2194 2219 fundit
2227 2167 2407 2220 omnia
2446 2168 2835 2237 pervenitque.
2870 2167 3003 2222 Nam
3033 2170 3307 2237 Ephesina
3340 2174 3584 2242 synodus

2016 2255 2174 2310 ﬁdem
2197 2256 2491 2320 diversam,
2521 2258 2675 2324 cujus
2703 2262 2955 2329 dogmata
2991 2258 3111 2314 ﬁdei
3139 2258 3374 2316 Nicaeum
3405 2263 3601 2317 adver-

2016 2356 2227 2410 sentur,
2261 2347 2486 2401 omnino
2521 2349 2806 2416 prohibuit
2841 2366 2855 2403 :
2891 2352 3018 2406 dum
3063 2359 3244 2406 tamen
3274 2352 3478 2407 illibata
3513 2354 3600 2407 illa

2019 2447 2296 2503 servetur,
2332 2439 2456 2492 addi
2510 2449 2768 2508 poterunt
2807 2456 2930 2512 qum
2976 2447 3195 2499 occasio
3226 2444 3431 2508 tulerit,
3463 2446 3605 2501 sicut

2018 2528 2245 2597 ipsamrt
2292 2529 2499 2583 addidit
2539 2546 2553 2582 :
2600 2531 2703 2586 hoc
2743 2541 2797 2587 et
2851 2534 3114 2603 magistra
3170 2550 3355 2590 rerum
3408 2545 3604 2589 natura

2015 2618 2197 2678 docet.
2228 2630 2282 2673 et
2316 2621 2577 2677 Ecclesiae
2604 2639 2738 2678 usus
2766 2624 2922 2693 juxta
2975 2638 3293 2695 perpetuam
3350 2626 3607 2681 traditio-

2016 2726 2138 2764 nem
2172 2712 2484 2767 conﬁrmat.
2523 2715 2816 2783 Propterea
2854 2716 2937 2769 vir
2970 2716 3306 2773 admirabilis
3346 2717 3605 2788 Cyrillus.

2015 2804 2353 2858 meumenica
2392 2805 2603 2874 synodo
2642 2807 2884 2860 nondum
2923 2808 3220 2873 celebrata,
3258 2812 3609 2880 congregatis
3682 2796 3683 2801 “

2015 2895 2310 2965 provincia:
2342 2912 2455 2952 suae
2485 2899 2785 2968 episcopis,
2813 2900 3201 2957 Alexandrina:
3238 2902 3360 2957 ﬁdei
3386 2905 3610 2973 scripsit

2014 2989 2439 3057 expositionem.
2498 3006 2663 3060 quam
2722 2990 2977 3047 Nestorio
3015 2994 3183 3048 misit.
3237 2995 3299 3048 Et
3355 2994 3495 3048 inl‘ra
3554 2996 3609 3049 in

324 3084 435 3153 τῆς
470 3085 858 3154 οἰκουμενικῆς
905 3084 1376 3154 συγκροτηθείσης
1409 3088 1658 3153 συνόδου,
1686 3091 1814 3153 τοὺς
1851 3092 1909 3144 ἐν

2016 3079 2207 3135 eodem
2236 3081 2377 3136 libro
2414 3084 2577 3137 verba
2612 3083 2727 3138 haec
2766 3084 2945 3154 magni
2982 3084 3287 3154 Ephrazmii
3330 3087 3571 3155 reperies
3594 3104 3631 3149 τ,

328 3178 471 3245 αὐτῇ
504 3177 611 3229 τῶν
641 3176 836 3246 ἱερέων
865 3176 1097 3244 λογάδας
1124 3181 1152 3231 ὁ
1185 3179 1475 3242 θεσπέσιος
1503 3179 1911 3251 ἀθροισάμενος

329 3267 629 3337 Κύριλλος,
692 3269 788 3321 καὶ
858 3268 1040 3321 πίστιν
1095 3267 1420 3338 διαθέμενος
1476 3270 1776 3342 ἔγγραφον,
1840 3276 1917 3342 τῷ

328 3360 616 3431 Νεστορῑῳ
673 3360 1028 3430 διεπέμψατο.
1066 3362 1174 3413 Καὶ
1230 3361 1371 3429 μετά
1421 3380 1540 3415 τινα
1595 3366 1656 3418 ἐν
1684 3369 1748 3436 τῇ
1778 3369 1915 3439 αὐτῇ

331 3452 506 3520 βίὸλῳ
551 3452 876 3521 Ἐφραιμίου
933 3452 1028 3504 τοῦ
1082 3452 1344 3521 Μεγάλου
1394 3453 1491 3506 καὶ¹
1526 3453 1698 3509 ταῦτα
1747 3458 1916 3529 εὑρή-

331 3557 486 3605 σεις·
519 3542 691 3595 Πάλιν
723 3541 780 3594 δὲ
831 3542 1235 3611 ἐπηρεάζουσιν
1283 3544 1331 3595 οἱ
1375 3544 1651 3613 αἱρετικοὶ
1701 3545 1802 3618 τὴν
1834 3566 1919 3601 τε·

327 3634 541 3702 τάρτην
570 3633 806 3696 σύνοδον,
842 3634 1120 3701 λέγοντες,
1157 3633 1232 3697 ὡς
1258 3634 1682 3704 ὲδεδογμάτιστο
1726 3638 1918 3708 μηδενὶ

330 3729 547 3790 ἐξεῖναι
600 3725 984 3797 προφέρειν,ῆ
1022 3726 1387 3796 συγγράφειν,
1428 3729 1461 3798 ἦ
1516 3729 1849 3793 συντιθέναι,
1882 3731 1915 3800 ἢ

327 3820 553 3888 φρονεῖν
577 3820 763 3871 πίστιν
793 3818 1010 3887 ἑτέραν,
1045 3819 1177 3888 παρ’
1213 3820 1281 3888 ἦν
1311 3819 1528 3885 ἐξέθετο
1570 3822 1709 3890 αὐτή
1734 3836 1748 3851 ⁸
1791 3821 1917 3874 καί·

324 3927 415 3963 τοι
446 3910 507 3963 ού
538 3908 697 3962 τοῦτο
730 3912 762 3980 ἡ
794 3910 1010 3973 σύνοδος
1046 3909 1359 3980 διωρίσατο,
1399 3910 1505 3964 κᾶν
1537 3912 1917 3982 ἀναισχύντως

324 4003 481 4058 οὗτοι
505 4004 955 4072 καταψεύδωνται
984 4019 999 4034 ο
1034 4002 1169 4055 ἀλλά
1203 4002 1301 4073 τὴν
1333 4002 1532 4068 πίστιν,
1569 4004 1635 4076 ἢν
1683 4006 1732 4056 οἱ
1759 4022 1917 4076 τριαο

322 4095 509 4151 κόσιοι
569 4095 702 4148 δέκα
762 4094 858 4146 καὶ
918 4093 1065 4147 ὀκτὼ
1129 4095 1279 4161 ἆγιοι
1343 4096 1583 4164 Πατέρες
1636 4096 1910 4164 ἐξέθεντο,

323 4186 553 4255 τιμῶσά
578 4204 635 4239 τε
664 4186 752 4238 καὶ
789 4186 1102 4250 θειάζουσα,
1137 4187 1286 4254 παρᾶ
1346 4188 1553 4256 ταύτην
1601 4188 1771 4256 ἔφησε
1809 4208 1914 4263 μη-

322 4280 442 4332 δενὶ
476 4277 679 4342 ἐξεῖναι
728 4279 1024 4348 προφέρειν
1055 4276 1251 4346 ἐτέραν
1308 4277 1511 4342 πίστιν,
1544 4279 1638 4330 καὶ
1684 4280 1753 4333 τά
1783 4280 1914 4334 ύπό-

323 4371 519 4423 λοιπα.
546 4369 721 4439 Δῆλον
761 4370 817 4422 δέ
848 4371 997 4421 ἐστιν
1033 4368 1093 4433 ἐξ
1122 4369 1303 4421 αὐτῶν
1338 4370 1579 4438 μάλιστα
1610 4372 1721 4425 τῶν
1753 4389 1913 4426 συνο-

2019 3170 2228 3223 Rursus
2271 3170 2516 3224 haeretici
2568 3184 2816 3241 quartam
2865 3174 3139 3243 synodum
3192 3176 3613 3230 calumniantur

2018 3262 2266 3315 dicentes
2295 3262 2574 3318 decretum
2614 3264 2788 3319 fuisse
2820 3276 2947 3320 ante
2977 3267 3150 3331 illam,
3199 3283 3265 3321 ne
3299 3269 3386 3322 cui
3419 3269 3610 3323 liceret

2018 3352 2288 3420 proferre,
2318 3367 2413 3409 aut
2449 3356 2717 3421 scribere,
2746 3366 2839 3410 aut
2867 3373 3198 3427 componere
3226 3400 3241 3423 ,
3296 3369 3389 3413 aut
3426 3370 3609 3414 tenere

2019 3444 2183 3498 aliam
2218 3444 2401 3509 ﬁdem,
2431 3454 2631 3517 praeter
2660 3463 2776 3501 eam
2812 3465 2934 3518 quae
2960 3460 3077 3503 erat
3110 3453 3353 3518 exposita
3382 3472 3395 3505 :
3434 3470 3611 3520 quan-

2018 3550 2178 3603 quam
2219 3537 2460 3605 synodus
2502 3553 2611 3591 non
2650 3539 2755 3592 hoc
2784 3539 3123 3599 decreverat,
3164 3540 3292 3593 licet
3324 3541 3611 3611 impuden-

2019 3633 2103 3677 ter
2150 3627 2253 3692 ipsi
2307 3628 2647 3681 mentiantur
2682 3646 2695 3682 :
2731 3631 2825 3683 sed
2864 3632 3022 3681 tidem
3061 3644 3089 3681 a
3121 3632 3381 3683 trecentis
3417 3633 3607 3688 decem

2019 3724 2072 3767 et
2103 3724 2231 3768 octo
2260 3715 2517 3769 Patribus
2549 3719 2854 3785 expositam
2905 3733 3123 3772 summo
3180 3718 3232 3772 in
3273 3720 3483 3776 honore
3512 3723 3609 3775 ba-

2021 3808 2157 3862 bens
2188 3818 2551 3877 praeceperat,
2589 3825 2658 3863 ne
2696 3809 2781 3862 cui
2838 3808 2919 3864 las
2958 3819 3112 3863 esset
3163 3810 3323 3865 aliam
3366 3813 3611 3882 proferre

2022 3901 2204 3964 ﬁdem,
2237 3910 2295 3957 et
2340 3916 2462 3971 qum
2494 3910 2828 3962 sequuntur.
2862 3901 2917 3955 ld
2952 3913 3098 3956 certe
3128 3920 3191 3958 ex
3241 3905 3376 3973 ipsis
3413 3907 3608 3976 synodi

2018 3990 2251 4044 vocibus
2280 3990 2522 4045 maxime
2560 4000 2812 4057 constat;
2858 3991 3063 4059 patebit
3091 3993 3235 4046 enim
3285 3995 3399 4061 ipsa
3433 4011 3528 4065 per
3554 4014 3612 4048 se

2033 4083 2237 4137 veritas
2285 4083 2434 4136 nulla
2470 4084 2793 4153 probatione
2822 4086 3099 4154 indigens,
3130 4087 3174 4140 si
3217 4087 3391 4140 solum
3424 4103 3501 4143 eae
3532 4091 3606 4142 ln-

2019 4185 2239 4246 gantur.
2277 4176 2387 4231 Nec
2435 4178 2508 4230 ita
2553 4179 2776 4247 quidem
2806 4179 3068 4242 decrevit,
3106 4180 3250 4233 aliud
3286 4196 3415 4234 vero
3448 4182 3606 4242 fecit;

2019 4267 2113 4321 sed
2166 4268 2300 4321 illud
2353 4264 2557 4337 ubique
2607 4273 2884 4336 servavit,
2922 4273 3062 4340 quod
3114 4272 3181 4323 ab
3217 4287 3277 4325 ea
3329 4273 3606 4327 decretnzi

2021 4360 2144 4413 l’uit.
2171 4360 2306 4414 Nam
2338 4361 2403 4413 ad
2428 4375 2611 4414 veram
2646 4364 2978 4417 accedentes
3002 4363 3322 4429 religionem
3363 4380 3472 4419 non
3502 4366 3608 4417 alio

322 4462 496 4515 δικῶν
526 4462 742 4529 φωνῶν,
772 4455 846 4514 ὧν
891 4461 988 4512 καὶ
1036 4463 1215 4530 μόνων
1263 4461 1798 4531 ἀναγινωσκομένων
1829 4465 1911 4516 ού-

2026 4450 2306 4521 Symbolo,
2336 4468 2496 4519 quam
2533 4468 2563 4506 a
2594 4457 2856 4507 trecentis
2891 4459 3076 4507 decem
3115 4465 3168 4509 et
3195 4467 3319 4509 octo
3352 4456 3607 4511 Pati-ibus

210 4606 217 4610 _
324 4554 527 4621 δεμιᾶς
588 4552 757 4619 ἄλλης
831 4552 1003 4604 δεῖται
1082 4551 1439 4637 κατασκευῇς
1500 4553 1532 4620 ἧ
1600 4554 1914 4614 συστάσεως

323 4645 705 4714 ἐπιδειχθεῖπα
776 4646 808 4713 ὴ
856 4642 1136 4712 ἀλήθεια.
1188 4643 1298 4694 Καὶ
1359 4645 1457 4711 οὐχ
1521 4642 1689 4712 ὥρισε
1750 4645 1914 4712 μόνον

323 4737 510 4799 τοῦτο,
542 4736 745 4808 ἔπραξε
797 4736 852 4788 δὲ
910 4736 1117 4796 ἄλλως·
1177 4716 1295 4786 ἀλλ’
1352 4735 1425 4796 ὡς
1485 4734 1708 4803 ὥρισεν.
1768 4735 1913 4789 οὕτω

324 4814 1088 4899 πανταχοδδιαπραττομέτιη
1121 4827 1472 4896 γνωρίζεται.
1505 4828 1614 4879 Καὶ
1642 4828 1750 4897 γὰρ
1784 4827 1911 4889 τοὺς

323 4927 397 4993 τῇ
453 4922 707 4990 εύσεδεία
764 4919 1096 4989 προσιόντας
1145 4917 1247 4968 οὐκ
1293 4916 1422 4970 ἄλλο
1474 4915 1743 4983 σύμϐολον
1774 4914 1911 4968 ἀλλὰ

326 5015 445 5068 τῶν
483 5013 590 5083 τιη’
622 5014 795 5080 ἁγίων
839 5010 1147 5063 ἐκδιδάσκει
1178 5007 1274 5060 καλ⁵
1301 5006 1657 5077 παραδίδωσι.
1691 5005 1913 5059 Γέλωτα

322 5106 388 5159 δὲ
423 5104 622 5173 μᾶλλον
652 5102 775 5155 καθ’
806 5101 1018 5154 ἑαυτῶν
1049 5099 1080 5167 ἢ
1112 5097 1370 5160 διαϐολὴν
1410 5097 1511 5161 τῆς
1555 5097 1774 5149 συνόδου
1811 5116 1913 5150 κα-

323 5195 618 5264 ταχέουσιν
646 5194 704 5244 ἐν
734 5185 814 5253 οἷς
852 5206 1021 5259 φασιν
1070 5185 1240 5257 αὐτὴν
1278 5185 1385 5238 ὑπὸ
1411 5184 1623 5237 πολλῶν
1653 5184 1911 5254 διασύρε-

322 5283 498 5337 39m,-
553 5282 719 5334 πόσαι
767 5280 878 5350 γὰρ
930 5277 1031 5347 τῆς
1090 5275 1313 5346 πρώτης
1363 5277 1460 5327 καὶ
1517 5276 1910 5344 οἱκουμενικῆς

320 5375 492 5443 ἁγίας
540 5373 761 5426 συνόδου
822 5374 1081 5425 κατεῖπον
1116 5368 1325 5422 σύνοδοι
1374 5365 1550 5419 καίτοι
1602 5368 1910 5435 ἀρχιερέων

320 5468 484 5522 οὖσαι
517 5465 825 5535 πλήρωμα;
856 5463 968 5533 Τὴν
996 5462 1053 5514 δὲ
1084 5460 1194 5513 τῶν
1234 5464 1308 5529 ρν⁹
1336 5457 1445 5512 οὐδ’
1471 5460 1517 5510 εἰ
1542 5459 1734 5526 γέγονε
1765 5458 1911 5521 τινές

320 5560 439 5612 τῶν
474 5558 790 5626 Αἰγυπτίων
825 5554 1021 5609 εἰδέναι
1054 5552 1346 5621 ἠθέλησαν.
1394 5550 1535 5602 Ἀλλ’
1562 5550 1819 5619 ἐάσωμεν
1849 5549 1907 5602 τὸ

323 5655 654 5719 ἀλόγιστον·
699 5650 807 5703 τῶν
862 5648 971 5717 γὰρ
1010 5646 1184 5715 ἁγίων
1239 5644 1499 5714 Πατέρων
1545 5640 1689 5696 οὕτω
1723 5642 1918 5695 διασα-

2024 4544 2196 4606 edito,
2235 4544 2492 4597 instituit.
2537 4545 2730 4598 Risum
2764 4560 2893 4599 vero
2948 4547 3128 4610 potius
3165 4547 3215 4598 in
3251 4562 3307 4599 se
3336 4558 3555 4600 movent
3586 4591 3599 4608 ,
3672 4542 3687 4617 ί

2025 4651 2185 4706 quam
2224 4644 2421 4704 petunt
2445 4636 2739 4690 calumniis
2779 4637 3048 4706 synodum
3071 4678 3087 4703 ,
3121 4638 3247 4691 dum
3283 4639 3439 4691 aiunt
3470 4641 3606 4692 mul—
3686 4708 3691 4717 ι

2029 4738 2113 4781 tos
2146 4728 2221 4781 illi
2251 4728 2584 4782 obtreCIare.
2621 4729 2753 4782 Nam
2806 4730 2872 4783 de
2921 4729 3099 4797 prima
3152 4739 3340 4783 sancta
3373 4742 3426 4786 et
3456 4748 3607 4785 mcu—

2025 4819 2236 4872 tneuica
2278 4820 2486 4889 synodo
2524 4830 2661 4889 quot
2710 4821 2904 4892 synodi
2962 4822 3345 4884 detraxerunt,
3378 4838 3501 4876 cum
3551 4835 3601 4877 et

2022 4909 2155 4979 ipsae
2193 4920 2371 4966 caelus
2410 4921 2593 4966 essent
2639 4912 3068 4983 episcoporum?
3117 4913 3261 4979 Quid
3305 4913 3485 4969 dicam
3538 4917 3605 4969 de

2023 5004 2236 5074 synodo
2259 5014 2477 5058 centum
2515 5008 2915 5075 quinquaginta
2941 5006 3189 5071 Patrum,
3217 5007 3284 5063 de
3311 5023 3417 5078 qua
3440 5007 3603 5081 Egy-

2024 5095 2119 5159 ptii
2157 5094 2405 5163 quidam,
2446 5109 2515 5148 ne
2554 5095 2601 5149 si
2639 5096 2778 5148 facta
2821 5096 3040 5164 quidem
3091 5097 3277 5161 fuerit,
3322 5099 3463 5155 seire
3504 5118 3602 5155 vo-

2014 5184 2261 5237 luerunt?
2286 5184 2387 5238 Sed
2408 5186 2575 5240 missa
2600 5186 2866 5240 faciamus
2894 5189 2945 5240 dt
2965 5188 3246 5243 liramenta
3275 5202 3290 5243 ξ
3315 5191 3447 5245 Nam
3476 5208 3604 5247 san-

2015 5278 2119 5330 ctis
2155 5277 2408 5329 Patribus
2451 5276 2521 5329 ita
2575 5280 3003 5346 exponentibus,
3041 5289 3094 5333 ct
3124 5272 3299 5351 nugas
3335 5284 3446 5336 haec
3481 5300 3599 5337 esse

2017 5367 2363 5435 impudentes
2410 5367 2687 5437 verbaque
2752 5370 2928 5443 iutilia
2971 5370 3419 5434 afﬁrmantibus,
3469 5374 3598 5441 quid

2019 5475 2116 5512 nos
2149 5459 2212 5509 ad
2249 5456 2591 5526 profcrentes
2615 5473 2677 5513 ea
2701 5459 2992 5515 dicamus?
3018 5462 3422 5516 llefellamusne
3454 5463 3599 5522 illos,

2019 5565 2085 5601 an
2118 5564 2247 5600 vero
2268 5548 2410 5601 dicta
2443 5549 2774 5616 probemus?
2802 5548 3107 5618 Utrumque
3142 5552 3445 5619 negaverit,
3476 5554 3601 5622 qui-

2017 5654 2233 5708 cunque
2274 5654 2386 5692 su.e
2421 5640 2619 5692 tuentis
2645 5648 2729 5692 est
2760 5654 3004 5708 compos.

334 5748 613 5820 φούντων,
652 5747 747 5801 καὶ
793 5745 995 5816 λήρους
1043 5741 1444 5811 ἀναισχύντους
1497 5740 1591 5793 καὶ
1625 5738 1947 5806 ἀλογίστους
2003 5736 2173 5791 ταῦτα
2224 5735 2665 5805 ἀποφηναμένων
2722 5735 2834 5796 τοῖς
2896 5732 2962 5784 τὰ
3006 5732 3225 5787 τοιαῦτα
3293 5732 3597 5803 φθεγγομέσ
