4176 6278
2456 184 2461 189 ~
2474 179 2686 195 -..αθ-Π*

636 297 743 359 SOl
1550 299 1927 360 GREGORII
1964 300 2169 362 ΜΑΜΗ

2301 299 2407 362 CP.
2450 292 2956 368 PATRIARCHE

634 415 701 469 Et
735 413 863 468 alibi
892 428 1120 469 rursus:
1157 414 1216 470 Si
1247 414 1363 481 quis
1381 416 1521 469 vobis
1539 416 1973 486 euangelizaverit
2008 425 2169 486 prtete

2272 470 2273 473 η
2301 420 2553 488 στερῤὸς
2572 420 2846 490 θεμέλιος
2871 418 2979 488 τῆς
3006 423 3263 488 πίστεως
3288 422 3549 491 ἔστηκεν
3568 424 3725 492 ἔχων
3754 427 3866 494 τὴν

629 507 688 560 id
715 506 854 575 quod
880 507 1174 575 accepistis,
1232 508 1349 560 licet
1397 508 1613 576 angelus
1639 510 1702 563 de
1729 509 1878 576 calo,
1912 511 2169 565 anathemt

2305 510 2606 579 σφραγῖδα
2654 513 2913 578 ταύτην.
2974 511 3084 564 Καὶ
3136 511 3372 581 ἀλλαχοῦ
3425 512 3625 566 πάλιν·
3677 515 3747 567 Et
3776 532 3863 580 τις

627 598 696 651 sit
729 597 793 650 “.
829 597 1035 651 Videtis
1088 600 1405 667 pr0plteticc
1451 599 1659 654 dictum
1691 601 1824 655 illud
1859 620 1872 657 :
1919 601 2058 656 Licet
2095 620 2169 657 tm

2300 599 2458 668 ὑμᾶς
2488 600 2924 670 εὐαγγελίζεται
2945 601 3081 666 παρ’
3101 600 3133 653 ὃ
3164 601 3550 669 παρελάϐετε,
3603 603 3717 657 κᾶν
3764 604 3862 671 ἀτ-

624 689 768 755 geltts
800 692 864 743 de
890 689 1022 742 caelo
1044 729 1059 754 ,
1098 705 1163 744 ne
1189 692 1313 760 quis
1344 692 1696 745 eminentiam
1730 707 1881 762 papae
1910 694 2169 749 obtendat

2299 694 2478 760 γελος
2508 691 2577 756 ἐξ
2605 691 2887 759 οὐρανοῦ,
2922 691 3190 761 ἀνάθεμα
3223 692 3402 747 ἔστω.
3443 694 3676 746 Βλέπετε
3732 712 3862 765 προ-

627 780 690 833 Et
726 781 962 835 dilectus
1017 780 1323 849 discipulus
1355 797 1369 834 :
1430 781 1490 835 Si
1533 782 1678 851 quis,
1720 784 1922 851 inquit,
1953 786 2090 838 venit
2123 802 2169 839 at

2299 785 2548 855 φητικῶς
2579 786 2661 849 τὸ,
2696 783 2816 839 κᾶν
2857 785 3113 854 ἄγγελος
3136 776 3205 849 ἐξ
3225 786 3510 852 cupas-air,
3542 787 3628 838 ἵνα
3672 789 3744 857 μή
3781 805 3860 849 τις

3758 312 3865 377 201

624 889 731 935 ros,
780 880 831 926 et
878 874 1012 926 hanc
1063 874 1356 926 doctrinam
1404 889 1506 926 non
1564 874 1741 942 aﬁ'ert,
1776 865 1938 929 nolite
1963 878 2169 945 recipert

2295 877 2394 948 τὴν
2429 876 2705 947 ὑπεροχὴν
2730 875 2821 930 τοῦ
2849 876 3049 929 πάππα
3092 876 3489 946 προϐάλληται.
3536 877 3646 929 Καὶ
3671 879 3700 929 ό
3728 879 3862 946 ἠγα-

620 980 736 1016 eum
765 965 816 1016 in
847 963 1092 1028 domum,
1130 980 1221 1017 nec
1267 965 1372 1017 Aes
1418 965 1465 1017 ei
1496 964 1741 1020 dixeritis
1766 980 1785 1019 :
1825 968 1915 1037 qui
1948 969 2088 1021 enim
2110 968 2164 1021 di

2293 970 2542 1039 πημένος
2579 969 2852 1038 μαθητής
2880 968 2953 1021 El
2985 983 3077 1033 τις
3110 968 3344 1037 ἔρχεται
3375 969 3525 1037 πρὸς
3555 968 3733 1037 ὑμᾶς,
3762 969 3856 1021 καὶ

621 1058 689 1109 rit
744 1056 827 1108 illi
874 1056 978 1110 Ave
1000 1096 1014 1119 ,
1048 1058 1402 1110 communicat
1429 1058 1670 1126 operibus
1695 1058 1810 1128 ejus
1841 1060 2090 1130 malignis
2117 1061 2165 1092 “

2299 1061 2525 1127 ταύτην
2551 1059 2669 1127 τὴν
2691 1058 2951 1128 διδαχὴν
2996 1062 3071 1114 σὺ
3101 1058 3285 1130 φέρει,
3327 1062 3416 1127 εἰς
3438 1062 3635 1114 οἰκίαν
3676 1060 3863 1115 αὐτὸν

621 1152 706 1224 μὴ
736 1153 1092 1222 λαμϐάνετε,
1125 1152 1224 1205 καί
1284 1154 1516 1222 χαίρειν
1559 1154 1722 1219 αὐτῷ
1759 1156 1846 1225 μὴ
1899 1154 2125 1225 λέγετε
2165 1157 2198 1209 ό
2236 1154 2345 1226 γὰρ
2375 1158 2570 1224 λέγων
2619 1154 2781 1220 αὐτῷ
2865 1155 3098 1224 χαίρειν
3184 1154 3459 1210 κοινωνεῖ
3498 1154 3622 1220 τοῖς
3667 1154 3862 1223 ἔργοις

616 1245 803 1297 αὐτοῦ
833 1245 955 1309 τόῗς
975 1242 1282 1312 πονηροῖς.

688 1341 822 1393 Cum
866 1341 979 1393 lure
1034 1341 1186 1395 vobis
1237 1342 1349 1395 sint
1400 1356 1429 1393 a
1489 1342 1698 1398 sanctis
1748 1343 2010 1412 apostolis
2053 1359 2169 1415 praet

2366 1346 2584 1399 Τούτων
2636 1346 2766 1415 ὑμῖν
2818 1345 2924 1398 ὕπὸ
2972 1346 3080 1399 τῶν
3127 1347 3309 1413 ἀγίων
3334 1345 3647 1399 ἀποστόλων
3674 1346 3864 1418 διωρι-

627 1434 856 1502 scripta,
889 1439 1032 1486 state
1064 1431 1116 1484 in
1144 1432 1532 1488 traditionibus
1563 1447 1702 1501 quas
1730 1434 2042 1503 accepistis,
2075 1435 2169 1489 sivi

2296 1438 2533 1506 σμένων,
2583 1437 2812 1504 στήκετε
2869 1436 3199 1506 κρατοῦντες
3250 1438 3348 1499 τὰς
3415 1437 3763 1506 παραδόσεις,
3796 1438 3864 1500 ἃς

621 1525 891 1593 scriptas,
923 1523 1037 1577 sive
1072 1537 1179 1576 non
1214 1522 1484 1592 scriptas;
1511 1538 1577 1577 nc
1608 1522 1977 1593 improborum
2002 1538 2169 1578 errort

2296 1527 2635 1598 παρελάϐετε
2667 1530 2766 1589 τάς
2799 1545 2855 1579 τε
2898 1528 3214 1596 ἑγγράφους
3264 1528 3357 1581 καὶ
3406 1528 3685 1597 ἀγράφους
3710 1548 3726 1563 ’
3775 1531 3862 1583 ἕνα

533 1618 536 1621 ‘
622 1614 854 1668 traducti
885 1629 914 1667 a
944 1614 1162 1683 prepria
1203 1613 1472 1666 excidatis
1526 1613 1805 1667 ﬁrmitate.
1840 1614 1981 1669 Deus
2007 1622 2169 1667 auten

2297 1621 2373 1690 μὴ
2401 1622 2467 1691 τῇ
2496 1619 2605 1671 τῶν
2635 1618 2889 1688 ἀθέσμων
2916 1619 3095 1691 πλάνῃ
3130 1618 3570 1688 συναπαχθέντες
3591 1620 3859 1689 ἐκπέσητε

620 1705 715 1773 qui
741 1706 922 1759 omnia
952 1714 1152 1775 potest,
1178 1715 1229 1759 et
1261 1704 1396 1768 illis,
1424 1713 1482 1758 ut
1510 1721 1669 1760 suum
1704 1717 2003 1776 agnoscant
2035 1721 2169 1760 crro'

2292 1708 2387 1763 τοῦ
2427 1711 2560 1763 ἰδίου
2613 1708 2941 1780 στηριγμοῦ.
2986 1708 3119 1771 Θεὸς
3169 1709 3225 1763 δὲ
3277 1713 3305 1763 ό
3337 1712 3516 1765 πάντα
3560 1711 3860 1781 δυνάμενος

617 1812 753 1862 rem,
813 1805 1059 1866 praestet,
1117 1806 1169 1851 et
1220 1811 1319 1851 nos
1365 1797 1530 1852 veluti
1583 1812 1777 1867 purum
1820 1798 2169 1868 selectumqut

2290 1799 2532 1863 ἐκείνους
2561 1816 2619 1853 τε
2655 1799 2951 1866 ἐπιγνῶναι
3000 1799 3098 1868 τὴν
3149 1800 3360 1852 οἰκείαν
3405 1802 3618 1871 πλάνην
3670 1818 3858 1870 παρα-

616 1888 944 1943 fulmentum
988 1890 1055 1943 ab
1084 1890 1193 1944 illis
1243 1897 1504 1959 tanquam
1536 1889 1720 1960 pravis
1747 1888 1975 1944 zizaniis
2004 1903 2169 1944 serer-

2291 1892 2594 1955 σκευάσειε,
2629 1889 2722 1943 καὶ
2755 1891 2902 1961 ἡμᾶς
2936 1889 3116 1943 αὐτῶν
3144 1890 3461 1954 ἀπαλλάξας
3493 1892 3570 1954 ὡς
3595 1892 3861 1959 πονηρῶν

616 1995 774 2045 nens,
811 1984 863 2035 in
899 1981 1096 2035 horreo
1122 1997 1222 2036 suo
1253 1988 1597 2050 reponendus
1629 1981 1847 2049 colligat
1882 1981 1935 2034 in
1968 1980 2169 2037 Cbrislt

2287 1980 2545 2046 ζιζανίων
2574 1977 2663 2035 οἷα
2691 1982 2932 2051 καθαρὸν
2963 1984 3057 2035 καὶ⁵
3101 1980 3403 2051 εὔχρηστον
3432 1985 3579 2035 σῖτον
3623 1984 3702 2044 εἰς
3752 1984 3856 2042 τὰς

617 2072 746 2127 .lesu
802 2072 1033 2125 Domino
1082 2080 1305 2137 nostro,
1338 2086 1497 2141 quem
1560 2071 1717 2125 deret
1773 2071 1951 2125 amnis
1987 2071 2180 2141 gloria,

622 2167 819 2231 bonor,
851 2174 902 2217 et
935 2163 1205 2219 adoratio.

1319 2341 1520 2396 RESP.

688 2437 769 2491 Ad
792 2438 903 2491 haec
936 2449 1089 2499 sane,
1121 2448 1243 2503 quae
1273 2434 1361 2487 bie
1385 2434 1608 2502 profert,
1638 2436 1784 2489 nutla
1826 2445 1969 2490 esset
2004 2436 2185 2489 danda

612 2528 937 2599 responsio;
972 2541 1091 2582 nam
1124 2541 1227 2582 suo
1251 2540 1403 2580 more
1418 2525 1549 2595 jacit
1571 2527 1624 2581 in
1658 2542 1755 2583 nos
1785 2526 2141 2581 contumelias
2162 2543 2184 2583 :

618 2631 798 2675 tamen
853 2620 1101 2674 dicemus
1151 2632 1346 2686 pauca.
1382 2618 1521 2682 Vox.
1575 2619 2092 2682 Consubstautialis,
2127 2627 2182 2674 et

608 2726 713 2767 vox
772 2711 1019 2779 Deipara,
1076 2719 1130 2761 et
1177 2723 1515 2779 quascunque
1567 2713 1741 2764 sancti
1793 2712 2176 2777 explanarunt,

618 2818 727 2855 non
757 2809 887 2855 sunt
916 2801 984 2855 ab
1026 2800 1288 2867 apostolis
1322 2800 1575 2869 explicite
1610 2800 1827 2855 tradita.
1852 2800 1969 2855 Nos
2000 2809 2175 2854 tamen

609 2892 819 2954 omnia,
868 2905 991 2959 qua:
1037 2888 1228 2945 Patres
1276 2890 1446 2943 nostri
1485 2892 1549 2945 de
1577 2889 1743 2945 rebus
1774 2891 1978 2944 divinis
2007 2890 2177 2943 locuti

611 2983 779 3039 latius
802 2981 1183 3052 explicarunt,
1221 2989 1479 3050 tanquam
1521 2982 1849 3051 apostolicos
1880 2981 2174 3050 recipimus

2286 2072 2482 2127 ἑαυτοῦ
2515 2072 2799 2143 ἀποθήκας
2852 2072 3134 2138 συνάξειεν
3164 2074 3221 2124 ὲν
3275 2073 3499 2143 Χριστῷ
3549 2072 3726 2140 Ἰησοῦ
3776 2072 3855 2139 τῷ

2286 2163 2672 2234 Κυρίῳήμῶν,
2704 2155 2749 2231 ᾧ
2773 2162 2977 2233 πρέπει
3006 2163 3153 2217 πᾶσα
3196 2160 3501 2230 δόξα,τιμὴ
3557 2162 3651 2215 καὶ
3682 2177 3859 2234 προσ-α

2285 2252 2534 2323 κῦνησιις.

2362 2346 2413 2389 ο
2959 2343 3166 2396 ΔΠυΛ.

2359 2433 2509 2486 Ἔδει
2534 2435 2631 2501 μὲν
2678 2435 2827 2504 ἡμᾶς
2875 2433 3148 2501 μηδεμίαν
3204 2430 3509 2497 ἀπολογίαν
3532 2433 3741 2495 δοῦναι,
3797 2434 3855 2483 ὲν

2280 2514 2362 2583 οἷς
2384 2518 2618 2575 ἐνταῦθα
2638 2521 2902 2589 προφέρει
2922 2534 2936 2550 ·
2971 2519 3217 2588 συνήθως
3245 2520 3353 2586 γὰρ
3383 2521 3531 2571 ποιεῖ
3553 2521 3854 2587 προφέρων

2283 2611 2467 2678 ὖῦρεις
2499 2608 2621 2662 καθ’
2654 2609 2831 2678 ήμῶνο
2853 2610 3002 2678 ὅμως
3032 2607 3264 2677 ἐροῦμεν
3292 2608 3471 2676 όλίγα.
3500 2610 3605 2662 Καὶ
3636 2611 3745 2679 γὰρ
3764 2611 3851 2675 τὸ,

2315 2701 2636 2767 Ομοούοιον.
2663 2699 2756 2752 καὶ
2787 2698 2883 2761 τὸ,
2914 2698 3197 2763 Θεοτόκος,
3231 2699 3327 2751 καὶ
3353 2700 3453 2751 ὅσα
3480 2701 3530 2752 οἰ
3562 2699 3705 2766 ᾰγιοι
3736 2700 3851 2753 διε-

2278 2791 2587 2859 τράνωσαν,
2628 2790 2817 2851 aurati;
2845 2789 3054 2854 λέξεσιν
3078 2791 3126 2842 οἰ
3157 2790 3443 2845 ἀπόστολοι
3472 2792 3576 2844 οὐκ
3609 2792 3852 2861 εὐηγγε-

2279 2885 2516 2936 λίσαντο.
2553 2881 2695 2933 Ἀλλ’
2724 2883 2884 2951 ήμείς
2915 2881 3012 2933 ὅσα
3037 2898 3096 2934 τε
3141 2882 3192 2934 οἰ
3221 2882 3467 2951 Πατέρες
3510 2881 3667 2951 ήμῶν
3694 2882 3849 2937 ἐθιο-

2278 2974 2516 3042 λόγησαν
2547 2972 2642 3025 καὶ
2662 2971 3084 3035 ὲξήπ).ωσαν,ὠς
3113 2971 3479 3034 ἀποσωλικάς
3510 2974 3847 3041 παραδόσεις

610 3073 960 3128 traditiones.
997 3071 1183 3138 Itaque
1217 3071 1259 3126 si
1302 3071 1477 3126 sancti
1510 3073 1587 3127 ilii
1612 3073 1788 3143 pmnis
1820 3087 1916 3143 per
1949 3081 2169 3142 aposto-

2276 3065 2371 3116 καὶ
2394 3062 2567 3119 ταῦτα
2597 3064 2930 3131 στέργομεν.
2971 3064 3032 3115 Εἰ
3071 3061 3166 3115 οὖν
3200 3062 3304 3116 ὑπὸ
3336 3063 3398 3115 τὸ
3428 3064 3703 3130 ἐπιτίμιον
3741 3063 3847 3117 τοῦ

605 3167 718 3220 lum
779 3163 1101 3220 constitutis
1154 3172 1429 3225 tenentur,
1480 3175 1534 3220 et
1586 3180 1687 3220 nos
1740 3173 2006 3221 tenemur.
2045 3165 2175 3233 Qua

605 3271 769 3327 porro
793 3255 846 3310 in
884 3271 985 3311 nos
1016 3253 1224 3326 profert
1250 3268 1312 3308 ex
1351 3254 1609 3325 Epistolis
1643 3257 2034 3327 apostolorum,
2064 3273 2173 3314 non

604 3348 813 3403 faciunt
844 3346 910 3400 ad
959 3362 1097 3401 rem.
1125 3346 1470 3403 Traditioan
1502 3348 1648 3403 enim
1693 3349 2025 3418 aposmlicas
2062 3357 2171 3403 tam

596 3442 843 3512 scriptas
900 3455 1061 3510 quam
1130 3455 1235 3494 non
1293 3439 1525 3510 scriptas
1573 3439 1917 3494 orationibus
1951 3440 2170 3495 illorum

607 3534 728 3588 fulti
768 3541 1089 3588 constanter
1121 3539 1403 3596 tenemus,
1437 3530 1724 3586 credentes
1758 3531 1812 3585 in
1844 3528 2168 3586 Trinitatem

607 3623 1149 3687 consubstantialem,
1183 3622 1458 3692 Deumque
1474 3621 1840 3689 incarnatum,
1858 3636 1925 3677 ex
1956 3636 2174 3691 semper

600 3714 823 3786 Virgine
874 3715 969 3770 Dei
1021 3714 1302 3770 Genitrice
1357 3722 1569 3768 natum.
1601 3711 1708 3769 Sed
1751 3714 1865 3769 hate
1892 3714 2040 3770 dicta
2061 3714 2174 3770 sint

595 3825 707 3864 non
761 3810 1123 3863 contentiosa
1174 3808 1563 3864 ostentationis
1591 3822 1765 3876 ergo;
1800 3822 1982 3877 neque
2020 3807 2170 3862 enim

598 3899 768 3954 rixari
802 3907 856 3952 et
886 3896 1220 3952 contendere
1248 3897 1522 3960 volumus,
1556 3897 1650 3952 sed
1685 3899 1969 3951 veritatem
2005 3911 2166 3951 scru-

598 3991 703 4044 tari
737 3990 875 4043 duce
903 3988 1064 4042 nobis
1091 3986 1353 4041 divinitus
1384 3987 1581 4040 tradita
1615 3987 1844 4041 scientia
1875 3997 1930 4042 et
1962 3986 2167 4041 doctri-

596 4095 668 4136 na
717 4091 1036 4134 sanctorum
1064 4116 1080 4143 ,
1108 4091 1140 4130 a
1173 4077 1377 4146 quibus
1411 4092 1566 4132 sacra
1595 4077 1850 4146 dogmata
1895 4078 2164 4146 explicata

599 4178 751 4233 sunt,
801 4185 908 4223 non
947 4169 1052 4221 alia
1094 4167 1180 4221 via
1212 4167 1538 4237 persuadere
1556 4169 1799 4222 volentes
1828 4167 2162 4233 hominibus,

599 4274 763 4329 quam
795 4272 880 4324 ea,
910 4271 1031 4325 quae
1058 4256 1216 4311 nobis
1234 4256 1548 4324 perlumiua
1582 4258 1836 4310 Ecclesiae
1864 4266 2028 4327 patet.
2065 4257 2165 4312 Te-

601 4353 703 4408 stis
731 4350 1122 4420 cogitationum
1186 4347 1467 4413 Domiuus,
1493 4349 1584 4417 qui
1614 4349 1877 4403 rationem
1910 4349 1983 4404 ab
2014 4349 2158 4405 omni

601 4442 951 4499 mendacium
984 4439 1298 4511 proferente
1325 4449 1592 4509 reposcet.
1625 4439 1735 4495 Nos
1767 4442 1912 4495 enim
1953 4441 2157 4496 inimici

594 4537 745 4607 pacis
771 4550 895 4591 esse
927 4549 1028 4591 nee
1063 4535 1355 4590 habuimus
1380 4577 1395 4599 ,
1430 4548 1531 4589 nec
1567 4534 1894 4588 habebimus
1920 4548 2158 4602 unquam

591 4629 647 4684 in
685 4629 908 4695 animo;
943 4642 1068 4681 nam
1115 4627 1160 4682 si
1205 4641 1395 4698 pacem
1441 4625 1775 4691 amittamus,
1831 4630 2015 4681 hostes
2040 4627 2159 4683 illo-

593 4736 714 4774 rum
749 4721 977 4788 erimus,
1013 4720 1212 4790 quibus
1239 4735 1266 4772 a
1294 4717 1516 4774 Christo
1545 4718 1748 4772 dictum
1790 4726 1908 4771 est:
1941 4714 2056 4771 Pax
2071 4734 2163 4771 vo-

593 4810 693 4874 bis,
715 4809 807 4863 sed
835 4810 973 4862 hanc
994 4817 1180 4863 tenere
1211 4807 1460 4860 volumus
1479 4819 1531 4860 et
1546 4793 1815 4874 optamus.
1837 4803 2037 4860 Potens
2065 4821 2162 4860 au-

592 4908 700 4952 tem
765 4909 850 4953 est
915 4898 1052 4952 Deus
1103 4911 1288 4965 pacem
1351 4897 1555 4949 donare
1589 4903 1642 4950 et
1690 4899 2016 4949 conlirmare
2064 4911 2159 4964 per

593 4990 903 5044 universam
940 4987 1234 5043 Ecclesiatu
1268 5002 1423 5042 suam
1455 5005 1466 5039 :
1503 4996 1562 5039 ut
1602 5001 1791 5040 omnes
1824 4986 2155 5040 unanimiter

597 5079 737 5131 'vdem
770 5079 1074 5133 sentientes
1103 5087 1157 5132 et
1184 5078 1520 5147 proﬁtentes,
1550 5078 1769 5133 Christo
1792 5076 1925 5141 Deo,
1954 5076 2040 5131 cui
2078 5078 2156 5131 sic

592 5168 851 5236 placitum
881 5176 965 5221 est
988 5206 1003 5231 ,
1031 5170 1259 5237 gloriam
1294 5171 1627 5235 tribuamus,
1681 5168 1937 5239 quoniam
1973 5168 2153 5236 ipsum

593 5260 750 5313 decet
777 5257 948 5328 gloria
977 5260 1029 5312 in
1061 5259 1284 5314 saecula.
1329 5262 1519 5315 Amen.

664 5545 919 5605 “Galat.
953 5561 997 5617 ι,
1020 5547 1071 5604 8.
1161 5509 1451 5604 autem.
1497 5565 1548 5615 χ,
1581 5550 1662 5603 tt.

2289 3155 2617 3209 ’Δποστόλου
2664 3155 2712 3207 οἱ
2737 3155 2912 3209 ταῦτα
2958 3155 3265 3224 ἐκθέμενοι,
3317 3157 3412 3209 καὶ
3458 3158 3614 3226 ἡμεῖς
3649 3158 3843 3225 ἐσμεν.

2277 3248 2422 3300 Ὅσα
2451 3245 2507 3299 δὲ
2533 3248 2597 3298 ἐκ
2623 3246 2732 3298 τῶν
2756 3246 3132 3301 ἀποστολικῶν
3167 3247 3498 3301 Ἐπιστολῶν
3526 3247 3650 3302 καθ’
3683 3249 3843 3318 ήμῶν

2274 3340 2563 3411 προφέρει,
2618 3340 2680 3392 οὐ
2739 3339 3110 3407 συμσάλλουσι
3157 3339 3293 3410 πρὸς
3348 3342 3516 3410 ἡμᾶς.
3569 3341 3680 3404 Τάς
3727 3343 3842 3413 γὰρ

2273 3431 2605 3498 παραδόσεις
2641 3431 2757 3482 τῶν
2785 3431 3121 3495 ἀποστόλων,
3166 3432 3262 3493 τάς
3285 3447 3345 3484 τε
3385 3433 3701 3502 ἐγγράφους
3738 3437 3847 3490 καὶ

2271 3522 2576 3591 ἀγράφους,
2605 3522 2724 3583 ταῖς
2747 3520 2934 3589 εὐχαῖς
2964 3521 3153 3574 αὐτῶν
3186 3520 3567 3591 στηριζόμενοι
3600 3521 3840 3591 βεϐαίως

2272 3613 2597 3682 κατέχομεν,
2625 3613 2703 3673 εἰς
2735 3610 2944 3679 Τριάδα
2998 3611 3349 3675 πιστεύοντες
3387 3612 3698 3682 όμοούσιον,
3735 3616 3841 3669 καὶ

2270 3702 2404 3756 Θεὸν
2435 3699 2858 3772 σεσαρκωμένον
2903 3701 2969 3754 ἐκ
3019 3701 3116 3771 τῆς
3165 3702 3527 3772 ἀειπαρθένου
3570 3704 3843 3757 Θεοτόκου

2269 3792 2620 3864 γεννηθέντα.
2661 3791 2821 3846 Ἀλλά
2846 3790 3017 3845 ταῦτα
3047 3792 3148 3859 μὲν
3175 3793 3391 3863 εῐρηται
3419 3794 3479 3847 οὗ
3511 3797 3652 3847 κατά
3684 3796 3838 3863 φιλόο

2270 3901 2452 3939 νεικον
2472 3882 2772 3949 ἀπόδειξιν,
2804 3883 2924 3937 οὐδὲ
2955 3884 3064 3953 γὰρ
3087 3883 3391 3955 βουλόμεθα
3418 3885 3629 3953 ἐρίζειν·
3650 3904 3708 3939 τε
3743 3888 3841 3940 καὶ

2269 3977 2616 4047 φιλονεικεῖν,
2648 3976 2786 4030 ἀλλά
2810 3979 2912 4048 τὴν
2939 3979 3200 4050 ἀλήθειαν
3222 3980 3449 4051 ἐρευνᾷν
3477 3980 3565 4035 διὰ
3590 3981 3685 4050 τῆς
3709 3982 3838 4051 όδη-

2267 4067 2473 4134 γούσης
2499 4069 2632 4136 ἡμῖν
2660 4066 2812 4137 παρά
2839 4067 2977 4121 Θεοῦ
3001 4069 3256 4135 γνώσεως
3288 4070 3383 4122 καὶ
3408 4069 3507 4137 τῆς
3533 4070 3640 4123 τῶν
3659 4069 3844 4136 ἀγῐων

2265 4158 2639 4224 διδασκαλίας,
2670 4161 2865 4222 οἵτινες
2896 4161 2963 4213 τὰ
3005 4160 3124 4214 θεῖα
3167 4162 3413 4230 δόγματα
3444 4154 3831 4233 διετράνωσανο

2265 4247 2368 4300 οὐκ
2393 4246 2569 4310 άλλως
2619 4246 2936 4317 βουλόμενοι
2973 4250 3189 4304 πείθειν
3233 4250 3615 4321 ἀνθρώπουςῆ
3659 4253 3734 4313 ὡς
3783 4255 3835 4306 οἰ

2265 4337 2368 4406 τῆς
2429 4337 2760 4408 Ἐκκλησίας
2802 4341 3090 4410 φωστῆρες
3132 4340 3468 4397 διδάσκουσι.
3523 4344 3750 4413 Μάρτυς
3805 4345 3833 4396 ό

2265 4429 2372 4484 τῶν
2396 4428 2618 4483 ἐννοιῶν
2665 4430 2966 4499 Δεσπότης,
2994 4431 3053 4494 δς
3104 4433 3400 4503 ἀπαιτήσει
3445 4434 3602 4500 λόγον
3652 4436 3832 4489 πάντα

2266 4519 2357 4574 τὸν
2384 4519 2650 4575 λαλοῦντα
2708 4521 2770 4575 τὸ
2816 4521 3033 4592 ψεῦδος.
3090 4524 3202 4576 Καὶ
3231 4524 3340 4594 γὰρ
3376 4524 3561 4594 ἐχθροὶ
3604 4525 3832 4596 εἰρήνης

2267 4610 2391 4665 οὗτε
2445 4613 2817 4682 ἠθελήσαμεν,
2852 4611 2980 4665 οὔτε
3011 4614 3141 4666 ποτὲ
3196 4613 3499 4685 θελήσομεν
3530 4614 3786 4683 γενέσθαι
3810 4632 3827 4648 ο

2265 4703 2360 4755 ὲάν
2382 4701 2491 4771 γάρ
2514 4703 2612 4769 τὴν
2635 4692 2861 4771 εἰρήνην
2879 4703 3258 4773 ἀπολέσωμεν,
3284 4704 3469 4775 ἐχθροί
3491 4705 3659 4773 ἐσμεν
3686 4705 3833 4758 ἑκείο

2264 4811 2379 4847 νων
2400 4793 2509 4846 τῶν
2536 4793 2892 4848 ἀκουσάντων
2915 4794 3064 4864 παρά
3094 4795 3355 4865 Χριστοῦ·
3382 4797 3609 4865 Εἰρήνη
3642 4795 3787 4866 ὑμῖν
3812 4813 3827 4829 ο

2266 4881 2401 4935 ἀλλὰ
2426 4881 2631 4951 ταύτην
2664 4881 2892 4953 θέλομεν
2923 4885 3017 4937 καὶ
3041 4884 3313 4954 ποθοῦμεν
3363 4889 3638 4956 κατέχειψ
3663 4886 3827 4939 δυνα-

2265 4974 2355 5035 τὸς
2384 4973 2441 5025 δὲ
2470 4975 2497 5026 ό
2543 4972 2677 5036 Θεὸς
2726 4976 2948 5043 εἰρήνην
2992 4974 3177 5028 δοῦναι
3210 4979 3305 5029 καὶ
3350 4978 3517 5044 πῆξαι
3540 4979 3635 5030 καὶ
3687 4976 3825 5046 βρα-

2262 5063 2455 5117 ϐεῦσαι
2479 5066 2535 5117 ἐν
2564 5064 2640 5133 τῷ
2664 5064 2994 5134 πληρώματι
3024 5068 3121 5132 τῆς
3152 5068 3320 5121 αὐτοῦ
3353 5067 3699 5137 Ἐκκλησίας,
3739 5067 3825 5122 ἴνα

2264 5158 2463 5217 πάντες
2487 5154 2832 5225 ὁμοθυμαδὸν
2848 5157 2908 5209 τὸ
2927 5158 2985 5209 ἓν
3003 5158 3326 5227 φρονοῦντες
3356 5162 3449 5213 καὶ
3471 5160 3718 5225 λέγοντες
3747 5160 3829 5230 τῷ

2262 5248 2439 5310 οὕτως
2475 5246 2832 5299 εὐδοκήσαντι
2860 5249 3082 5319 Χριστῷ
3106 5250 3184 5319 τῷ
3220 5250 3337 5320 Θεῷ
3377 5252 3534 5318 δόξαν
3572 5253 3823 5320 ἀναπέμ-

2262 5338 2492 5407 ψωμεν·
2544 5341 2626 5415 ὅτι
2678 5341 2828 5411 αὖτῷ
2878 5341 3076 5414 πρέπει
3121 5343 3247 5409 δόξα
3294 5346 3374 5407 εἰς
3418 5346 3542 5408 τοὺς
3597 5344 3826 5408 αἰῶνας.

2273 5431 2329 5482 Ἀ
2340 5432 2464 5500 μήν.
