4176 6278
442 333 540 396 211
1351 339 1726 398 GREGORII
1764 339 2018 396 MAMM."

2120 339 2199 395 ΞΡ.
2237 333 2742 396 PATRIARCHrE
3569 327 3676 391 212

443 441 638 495 Filium
688 458 753 496 ex
800 445 916 498 solo
960 444 1120 502 Patre
1173 449 1425 515 generari
1477 448 1868 518 prodiderunt,
1915 446 2008 500 sed

2120 449 2161 499 οί
2194 448 2340 514 ἅγιοι
2365 447 2460 500 ἀπ’
2486 447 2650 500 αὑτοῦ
2681 446 2774 498 τοῦ
2810 444 3056 512 Σωτῆρος
3077 443 3109 510 ἡ
3119 441 3234 509 μῶν
3259 440 3421 509 μέχρι
3454 441 3546 492 καὶ
3570 440 3675 508 τῆς

441 547 536 601 per
567 532 759 587 Filium
801 543 853 590 et
883 538 1160 606 proprium
1197 539 1388 608 ipsius,
1427 551 1480 593 et
1509 555 1572 594 ex
1607 539 1763 608 ipso;
1799 547 1853 592 et
1895 553 2004 604 prae

2120 539 2274 605 ἁγίας
2305 538 2693 608 οίκουμενικῆς
2734 536 2968 603 ἑόδόμης
3017 533 3262 595 συνόδου,
3288 533 3352 584 ἐκ
3389 530 3550 599 μόνου
3579 530 3676 584 τοῦ

439 625 660 682 caeteris
703 625 941 695 Cyrillus
989 629 1042 683 in
1088 631 1237 683 Actis
1297 641 1496 685 sanetae
1549 641 1603 684 et
1654 630 2004 685 meumeuica:

2120 631 2320 698 Πατρός
2355 629 2413 682 τὸ
2444 627 2665 696 Πνεῦμα
2698 627 2760 680 τὸ
2807 624 2964 692 ἅγιον
3013 623 3320 692 εἰρηκότες,
3345 619 3536 689 ὥσπερ
3580 619 3677 674 τὸν

439 712 641 784 Synodi
676 717 871 778 tertiae,
915 717 968 771 in
1024 717 1310 774 duodecim
1340 718 1638 788 Capitibus,
1685 726 1740 774 et
1786 719 1840 773 in
1873 717 2005 772 The-

2120 720 2233 772 I‘i6v
2281 721 2344 772 ὲκ
2377 724 2540 788 μόνου
2576 717 2668 770 τοῦ
2703 715 2917 784 Πατρός
2963 712 3674 782 ἐθεολόγησανγεννᾶσθαι,

439 805 640 868 sauris,
680 823 699 855 ι
732 820 799 859 ex
838 807 1076 862 essentia
1106 807 1302 874 Palris,
1331 817 1384 863 et
1419 825 1483 864 ex
1514 809 1750 865 essentia
1778 805 1922 873 Filii,
1947 818 2003 864 et

2120 810 2241 864 ἱλλὰ
2271 812 2359 864 διὰ
2388 810 2482 862 τοῦ
2537 809 2684 872 Υίοῦ,
2726 807 2822 861 καὶ
2865 806 2997 858 ἴδιον
3043 803 3230 868 αὑτοῦ,
3264 805 3358 858 καὶ
3389 804 3448 870 ἐξ
3479 802 3678 865 αὐτοῦ,

439 897 709 952 exsistens
734 913 797 952 ex
831 899 969 966 ipso,
1002 918 1020 950 ι
1050 900 1300 955 allii-mat.

2120 902 2179 963 ὓς
2215 904 2348 970 φησι
2377 900 2642 969 Κύριλλος
2669 900 2727 951 ὲν
2765 903 2875 961 τοῖς
2910 900 3236 967 Πρακτικοϊς
3265 900 3364 969 τῆς
3387 900 3545 966 ἁγίας
3571 898 3672 950 καὶ

439 987 820 1060 οίκουμενικῆς
857 992 1075 1044 συνόδου
1108 994 1296 1064 τρίτης
1329 996 1387 1046 ὲν
1417 1011 1528 1058 τοις
1570 995 1778 1048 δώδεκα
1809 993 2167 1063 Κεφαλαίοις,
2195 996 2288 1046 καὶ
2316 996 2375 1047 ὲν
2419 995 2532 1057 τοῖς
2599 995 2955 1061 Θησαυροῖς,
2986 1013 3004 1046 ι
3038 995 3104 1046 ὲκ
3166 994 3268 1063 τῆς
3325 993 3514 1054 οὐσίας
3566 994 3667 1048 τοῦ

444 1083 681 1150 Πατρός,
712 1083 805 1136 καὶ
831 1086 894 1136 ὲκ
923 1083 1023 1152 τῆς
1055 1085 1243 1148 οὐσίας
1269 1086 1361 1138 τοῦ
1387 1086 1539 1146 Υίοῦ.
1567 1089 1661 1141 καὶ
1695 1089 1939 1157 ὑπάρχον
1969 1087 2027 1153 ἐξ
2063 1087 2230 1140 αὑτοῦ
2279 1107 2299 1139 ι
2339 1087 2626 1157 Θεολογῶν.

509 1174 561 1226 5.
596 1173 669 1226 Ex
703 1172 821 1228 solo
862 1187 1026 1243 porro
1055 1173 1211 1231 Patre
1242 1187 1462 1234 sanctos
1491 1178 1684 1232 Filium
1730 1179 2001 1248 generari,

437 1265 760 1331 tradidisse,
806 1267 954 1321 audi.
1029 1265 1254 1337 Magnus
1324 1269 1593 1339 siquidem
1652 1269 1887 1326 Basilius
1947 1270 2001 1322 in

438 1356 808 1410 Antirrheticis
840 1357 1018 1426 inquit
1051 1375 1064 1412 :
1100 1378 1117 1409 ι
1161 1356 1484 1424 Uuigenitus
1510 1359 1706 1423 Filius,
1733 1359 1878 1428 quod
1914 1375 2003 1414 so—

437 1447 521 1500 lus
551 1462 616 1500 ex
663 1447 779 1502 solo
808 1458 1121 1516 generatur.
1160 1466 1180 1499 ι
1221 1449 1285 1502 Et
1325 1447 1636 1518 Theologus
1683 1447 1998 1518 Gregorius,

437 1537 684 1592 oratione
715 1539 954 1593 secunda
984 1539 1051 1593 de
1077 1538 1214 1593 Filio
1252 1557 1265 1593 :
1300 1557 1318 1592 ι
1353 1538 1675 1608 Unigenitus
1697 1541 1866 1605 enim,
1903 1553 2009 1593 non

438 1627 584 1695 quod
644 1629 796 1683 solus
843 1645 909 1685 ex
960 1630 1103 1697 solo,
1137 1633 1204 1698 let
1251 1631 1450 1697 solum,
1505 1632 1600 1687 sed
1659 1632 1803 1700 quod
1850 1631 2014 1685 etiam

438 1721 811 1788 singulariter.
852 1740 870 1774 ι
908 1722 973 1775 Ει
999 1720 1272 1778 Maximus
1295 1732 1486 1778 contra
1516 1723 1837 1779 Anomoeum
1869 1723 2016 1778 edis-

441 1825 650 1877 serens,
686 1829 704 1862 ι
746 1811 1198 1882 Quandoquidem
1233 1813 1382 1868 solus
1413 1828 1479 1867 ex
1510 1814 1647 1868 sola.
1684 1832 1716 1866 ι.
1740 1813 1804 1866 Et
1837 1812 2020 1865 Tliau"

2182 1178 2244 1234 ε’.
2280 1178 2405 1232 Ὅτι
2429 1179 2484 1232 δὲ
2512 1179 2578 1233 ἑκ
2605 1178 2770 1248 μόνου
2799 1177 2893 1232 τοῦ
2926 1177 3136 1246 Πατρός
3168 1178 3216 1229 οί
3245 1176 3391 1245 ἅγιοι
3432 1177 3524 1230 τὸν
3548 1180 3640 1233 Υἱὲ

2115 1272 2428 1338 Θςολογοῦσι
2475 1270 2799 1337 γεννᾶσθαι,
2843 1269 3096 1326 ἄκουσον.
3133 1269 3269 1338 Φησὶ
3296 1273 3404 1339 γὰρ
3447 1273 3475 1322 6
3507 1271 3681 1340 μέγας

2116 1363 2397 1426 Βασίλειος
2443 1363 2501 1418 ἐν
2535 1365 2647 1427 τοῖς
2711 1362 3191 1430 Ἀντιρῤητικοῖς,
3233 1381 3251 1412 ι
3299 1361 3610 1430 Μονογενὴς
3650 1365 3680 1415 6

2116 1455 2243 1515 Υίὺς
2273 1454 2361 1508 διὰ
2388 1454 2446 1506 τὸ
2475 1453 2635 1522 μόνος
2662 1455 2726 1506 ἐκ
2757 1457 2922 1520 μόνου
2977 1452 3295 1519 γεννᾶσθαι.
3345 1471 3362 1502 ι
3396 1452 3507 1504 Kal
3539 1452 3683 1518 Γρη-

2116 1542 2299 1611 γόριος
2328 1544 2355 1595 ό
2379 1541 2638 1609 Θεολόγος
2669 1542 2726 1592 ὲν
2770 1541 2847 1608 τῷ
2878 1541 3006 1609 mpl
3034 1541 3163 1593 Υίοῦ
3208 1540 3479 1610 δευτέρῳο
3511 1559 3529 1590 ι
3569 1541 3683 1592 Μο-

2114 1629 2339 1696 νογενὴς
2377 1629 2435 1680 δὲ
2479 1628 2578 1698 οὐχ
2607 1631 2689 1682 ὅτι
2729 1627 2888 1697 μόνος
2926 1630 2988 1680 ὲκ
3026 1630 3186 1698 μόνου
3217 1629 3312 1682 καὶ
3349 1629 3531 1696 μόνον,
3559 1629 3680 1680 ἁλλ’

2112 1720 2194 1774 δτι
2227 1721 2320 1776 καὶ
2357 1724 2723 1790 μονοτρόπως.
2772 1739 2792 1774 ι
2823 1723 2931 1774 Kal
2954 1722 3204 1790 Μάξιμος
3233 1721 3292 1774 δὲ
3331 1721 3467 1788 μετὰ
3529 1719 3682 1770 Ἀνο-

2119 1813 2270 1883 μοίου
2284 1814 2882 1883 διαλεγόμενοςφάσκει,
2916 1831 2936 1866 ι
2959 1813 3177 1882 Ἐπειδὴ
3199 1813 3356 1880 μόνος
3380 1813 3440 1864 ὲκ
3456 1812 3637 1880 μόνου.
3652 1827 3672 1856 ι

441 1911 727 1965 malumus
765 1903 1082 1972 Gregorius,
1123 1921 1141 1955 ι
1176 1903 1333 1959 Unus
1369 1903 1512 1961 Deus
1553 1903 1712 1959 Pater
1743 1903 1927 1968 Verbi,
1964 1911 2017 1958 et

2120 1903 2230 1956 Kal
2276 1904 2304 1955 6
2350 1903 2780 1973 Θαυματουργὸς
2832 1903 2889 1956 δὲ
2942 1903 3242 1971 Γρηγόριος
3298 1901 3482 1966 λέγει·
3519 1916 3538 1949 ι
3588 1893 3682 1960 Εἷς

439 2002 584 2040 unus
621 1986 882 2042 Dominus
915 1989 1069 2044 solus
1100 2005 1165 2045 ex
1203 1990 1343 2045 solo.
1384 2009 1403 2043 ι
1440 1993 1506 2045 Et
1546 1991 1782 2063 inclytus
1815 1991 2013 2045 Dama-

439 2091 642 2134 sceuus
693 2076 953 2136 Oratione
1030 2081 1098 2136 de
1157 2080 1384 2149 Triade,
1459 2082 1614 2153 cujus
1686 2082 2012 2153 principium

444 2168 718 2226 Credimus
754 2169 928 2239 itaque
960 2184 978 2221 :
1015 2190 1033 2222 ι
1070 2171 1234 2227 Solus
1267 2188 1332 2227 ex
1371 2174 1493 2228 solo
1531 2175 1693 2229 Patre
1730 2173 1900 2230 Filius
1929 2189 2015 2229 so-

443 2257 529 2313 lus
556 2272 842 2330 generatus
865 2274 968 2320 est.
997 2281 1015 2314 ι
1050 2259 1392 2319 Anastasium
1431 2266 1580 2331 item,
1610 2274 1665 2319 et
1722 2264 1858 2319 alios
1905 2265 2016 2332 ple-

447 2365 646 2418 rosque
703 2360 927 2408 sanctos
983 2354 1296 2424 repereris,
1329 2355 1381 2409 id
1421 2353 1563 2408 idem
1612 2365 2011 2410 asseverantes.

440 2441 694 2497 Attamen
733 2459 795 2498 ex
836 2445 955 2500 snio
988 2444 1148 2500 Patre
1178 2454 1303 2499 ante
1333 2454 1579 2501 sanetam
1613 2445 2012 2500 mcumenicam

443 2535 706 2604 synodum
742 2551 902 2590 nemo
930 2537 1086 2601 dixit,
1129 2553 1222 2607 per
1244 2534 1440 2591 Filium
1473 2552 1622 2601 vero,
1653 2545 1708 2590 ut
1743 2546 2018 2605 praenota-

444 2626 640 2688 \imus.
677 2628 848 2680 sancti
893 2628 1207 2683 selectiores
1243 2637 1296 2682 et
1340 2635 1530 2682 sancta
1581 2627 1810 2695 septima
1857 2640 2016 2694 syno-

442 2721 566 2773 dus.
601 2716 803 2769 Octava
835 2719 1018 2786 itaque
1056 2718 1380 2786 praacedenti
1412 2718 1656 2784 septimae
1687 2731 1783 2785 per
1815 2713 2011 2769 Filium

445 2805 706 2873 Spiritum
741 2813 987 2860 sanctum
1020 2807 1316 2874 procedere
1353 2807 1693 2862 asseveranti
1731 2805 2012 2867 insistens,

443 2896 872 2964 examinansque
914 2896 1042 2965 quid
1075 2897 1163 2951 illa
1210 2897 1519 2967 przepositio
1554 2913 1645 2966 per
1684 2895 2009 2957 insinuaret,

443 3001 508 3038 ex
544 2984 858 3053 Evangelio,
891 2983 1172 3053 Symbolo,
1216 2995 1270 3041 et
1296 2987 1612 3042 doctoribus
1643 2986 1897 3042 Ecclesia:
1928 2987 2009 3039 iu-

447 3077 720 3130 tellectum
786 3077 1088 3143 hauriens,
1148 3092 1369 3132 causam
1433 3079 1692 3134 denotare
1756 3077 2010 3134 decrevit.

2115 1992 2246 2056 Θεὸς
2271 1994 2458 2062 Πατὴρ
2486 1993 2682 2060 Λόγου,
2716 1993 2808 2046 καὶ
2834 1987 2914 2054 εἷς
2945 1994 3152 2061 Κύριος
3178 1991 3333 2060 μόνος
3365 1990 3430 2044 ὲκ
3458 1991 3673 2058 μόνου.»

2116 2086 2226 2140 Kal
2258 2087 2614 2154 Δαμασκηνὸς
2661 2085 2719 2136 δὲ
2761 2085 2789 2136 ό
2832 2085 3042 2146 κλεινὸς
3070 2087 3126 2137 ὲν
3167 2083 3247 2152 τῷ
3283 2084 3412 2153 περὶ
3443 2083 3679 2148 Τριάδος

2114 2178 2277 2247 λόγῳ,
2309 2171 2370 2232 οὗ
2397 2180 2430 2248 ἡ
2457 2177 2621 2249 ἁρχὴ.
2663 2177 3003 2246 Πιστεύομεν
3031 2175 3343 2244 τοιγαροῦν,
3372 2178 3562 2244 φησιν,
3598 2175 3680 2227 δτι

2122 2273 2328 2334 «Μόνος
2355 2272 2421 2326 ἐκ
2476 2271 2637 2340 μόνου
2670 2270 2764 2324 τοῦ
2815 2268 3024 2340 Πατρδς
3058 2271 3086 2321 6
3129 2269 3277 2330 Υίὺς,
3332 2268 3491 2336 μόνος
3523 2269 3684 2334 εγεν-

2117 2365 2274 2433 νήοη.
2326 2382 2345 2416 ι
2404 2364 2514 2416 Kal
2559 2363 2910 2416 ’Δναστάσιον
2941 2361 3020 2423 δὲ,
3068 2361 3165 2413 καὶ
3219 2358 3425 2420 ἄλλους
3453 2357 3683 2418 πολλοὺς

2116 2456 2226 2509 τῶν
2251 2453 2426 2522 ἁγίων
2456 2453 2710 2522 εὑρήσεις
2737 2449 2879 2502 οὕτω
2924 2449 3082 2501 τοῦτο
3131 2445 3534 2512 θεολογοῦντας.
3584 2442 3682 2496 Ἐκ

2121 2543 2285 2612 μόνου
2315 2541 2372 2594 δὲ
2400 2541 2494 2594 τοῦ
2526 2539 2739 2608 Πατρός
2782 2540 2887 2605 πρὸ
2934 2537 3031 2603 τῆς
3084 2534 3249 2599 ἁγίας
3298 2533 3682 2612 οἰκουμενιιξῆς

2120 2605 2334 2686 συνόδου
2369 2633 2540 2694 οὐδεὶς
2572 2605 2743 2684 atria.
2775 2630 2873 2681 Διὰ
2906 2627 2999 2680 τοῦ
3031 2625 3162 2679 nos
3195 2626 3271 2685 δὲ,
3300 2625 3374 2687 ὡς
3420 2625 3512 2675 καὶ
3540 2605 3682 2690 φόά-

2118 2741 2308 2786 σαντες
2333 2724 2580 2789 εἴπομεν,
2611 2723 2659 2778 οί
2704 2720 2810 2773 τῶν
2854 2720 3026 2786 ἁγίων
3072 2719 3336 2787 ἔκκριτοι,
3362 2718 3457 2769 καὶ
3485 2719 3517 2785 ἡ
3548 2717 3680 2784 ἁγία

2116 2815 2321 2884 ἑϐδόμη
2352 2813 2588 2877 σύνοδος.
2627 2812 2696 2866 Ἦ
2726 2813 2858 2879 γοῦν
2916 2810 3076 2880 ὀγδόη
3113 2813 3175 2880 τῇ
3214 2808 3320 2880 πρὸ
3347 2809 3516 2877 αὐτῆς
3548 2809 3680 2862 ἁκο-

2116 2906 2382 2959 λουοοῦσα
2419 2905 2650 2976 ἐϐδόμῃ,
2682 2906 2747 2974 τῇ
2780 2903 3012 2974 λεγούσῃ
3039 2902 3106 2956 δι’
3137 2901 3270 2955 Υίοῦ
3305 2901 3682 2970 ἐκπορευόμεο

2117 3015 2206 3049 νον
2233 2997 2295 3049 τὸ
2331 2996 2558 3065 Πνεῦμα
2586 2997 2644 3048 τὸ
2675 2995 2853 3062 ἅγιον,
2884 2993 2981 3047 καὶ
3012 2994 3065 3046 τί
3105 2993 3171 3046 ἂν
3201 2993 3445 3063 βούλοιτο
3476 2993 3682 3061 σημαί-

2117 3105 2228 3141 νειν
2256 3090 2287 3158 ἡ
2317 3086 2415 3141 διά
2439 3125 2454 3152 ,
2489 3087 2671 3141 αἰτίαν
2696 3086 2897 3155 ἔφησεν
2917 3089 2979 3139 ὲκ
3006 3085 3098 3138 τοῦ
3117 3085 3449 3153 Εὑαγγελίου
3471 3086 3562 3138 καὶ
3587 3083 3681 3136 τοῦ

447 3166 658 3222 Etenim
711 3168 778 3223 ab
836 3167 1127 3240 Evangelio
1181 3170 1425 3224 dicitur:
1479 3169 1673 3223 Omnia
1713 3186 1804 3237 per
1839 3171 2011 3237 ipsum

2121 3176 2386 3245 συμϐόλου
2425 3175 2519 3228 καὶ
2548 3174 2658 3227 τῶν
2688 3175 3024 3227 διδασκάλων
3047 3173 3148 3240 τῆς
3180 3172 3507 3241 Ἑκκλησίας
3528 3171 3685 3224 τοῦτο

445 3259 585 3327 facta
615 3271 759 3324 sunt,
787 3270 883 3315 et:
925 3259 1024 3315 Par
1059 3277 1208 3331 quem
1253 3263 1430 3317 omnia
1475 3262 1618 3332 facta
1654 3272 1794 3327 sunt,
1831 3277 2012 3316 sacro-

447 3361 699 3406 sanctum
735 3352 1052 3424 Symbolum
1084 3353 1295 3417 definit,
1321 3353 1630 3424 Paulusque
1664 3357 1960 3425 Apostolus
1997 3373 2008 3407 :

451 3443 555 3496 Per
584 3444 904 3498 voluntatem
946 3443 1073 3498 Jcsu
1111 3445 1338 3511 Christi;
1367 3454 1421 3499 el
1457 3459 1475 3497 :
1515 3445 1824 3500 Benedictus
1876 3445 2014 3499 Deus

448 3551 540 3602 per
583 3551 729 3602 quem
774 3540 947 3591 uocati
986 3539 1110 3591 estis
1147 3539 1201 3591 in
1249 3538 1613 3592 ministerium.
1664 3535 1793 3603 Quze
1834 3538 2016 3590 omnia

449 3639 669 3682 causam
699 3629 1025 3699 signiﬁcant.
1062 3629 1170 3684 Aut
1200 3629 1387 3701 igitur,
1416 3639 1468 3682 et
1499 3629 1550 3682 in
1588 3628 1739 3683 hisce
1764 3644 1855 3697 per
1884 3643 2013 3682 cau-

451 3729 564 3771 sam
596 3733 704 3772 non
743 3718 973 3772 innuere
1011 3719 1498 3787 comprehendant,
1533 3718 1780 3786 maloque
1814 3716 2014 3769 malum

455 3810 807 3876 medeantur;
855 3821 948 3863 aut
976 3821 1196 3865 sanctos
1225 3825 1332 3864 non
1365 3818 1513 3864 recte
1539 3809 1850 3878 scripsisse,
1891 3821 2014 3859 cum

452 3903 740 3963 dicerent,
809 3899 1073 3969 Spiritum
1116 3914 1211 3969 per
1255 3898 1449 3953 Filium
1501 3898 1822 3967 procedere,
1874 3896 2018 3963 aliir-

457 3999 624 4055 ment,
652 3999 706 4044 et
735 3989 840 4044 alio
873 4004 1037 4046 sensu
1071 4004 1165 4043 eos
1203 4003 1296 4056 per
1331 3989 1628 4058 accepisse,
1662 3987 1807 4057 quod
1843 4001 2020 4056 neque

453 4082 612 4151 periti
667 4096 842 4150 neque
904 4080 1137 4150 theologi
1191 4080 1372 4134 fuerit.
1402 4079 1505 4133 Sed
1551 4078 1672 4148 quis
1717 4077 1917 4132 similia
1953 4078 2019 4131 de

458 4183 646 4229 sancta
674 4175 1013 4228 meumenica
1065 4173 1274 4244 synodo
1306 4172 1540 4239 aliisque
1575 4185 1824 4225 asserere
1855 4170 2019 4223 aude-

456 4266 578 4320 ret?
605 4265 754 4320 Licet
785 4265 945 4318 Pater
973 4263 1396 4332 Chrysostomus
1425 4264 1488 4316 ad
1521 4264 1738 4318 verbum
1771 4263 1887 4316 haec
1914 4271 2022 4315 tra-

458 4361 583 4413 dat:
625 4377 642 4409 ι
686 4358 836 4412 Solet
859 4359 1002 4412 enim
1035 4372 1128 4427 per
1161 4359 1304 4419 Ιιοε(
1328 4355 1457 4410 illud
1502 4357 1569 4409 ab
1600 4356 1704 4409 hoc
1736 4354 2020 4425 Scriptura

415 4501 425 4511 _
460 4465 743 4520 usurpare,
763 4459 818 4504 ut
849 4463 971 4504 cum
991 4449 1142 4512 dicit,
1174 4447 1395 4506 Possedi
1420 4447 1676 4502 hominem
1708 4461 1799 4515 per
1830 4445 2020 4508 Deum,

2117 3268 2489 3338 πορισαμένη.
2534 3264 2797 3328 Θεσπίζει
2829 3264 2935 3334 γὰρ
2976 3264 3038 3316 τὺ
3082 3263 3445 3331 Εὐαγγέλιον,
3481 3263 3686 3315 Πάντα

2115 3360 2188 3414 δι’
2221 3359 2406 3413 αὐτοῦ
2458 3357 2720 3426 ἐγένετο,
2758 3356 2853 3409 καὶ
2893 3357 2973 3410 Δι’
3002 3350 3073 3411 οὗ
3105 3355 3176 3409 τὰ
3201 3353 3398 3409 πάντα
3427 3353 3681 3422 ἐγένετο,

2115 3451 2176 3504 τὸ
2210 3447 2355 3519 ἱερὸν
2405 3447 2673 3518 σύμὸολον
2705 3445 2973 3516 ὁρίζεται.
3011 3446 3119 3499 Kal
3152 3445 3359 3510 Παῦλος
3389 3447 3419 3499 6
3448 3447 3684 3499 ἀπόστο-

2114 3543 2225 3607 λος,
2243 3544 2343 3594 Διὰ
2372 3537 2699 3608 θελήματος
2739 3537 2943 3604 Ἰησοῦ
2965 3537 3244 3604 Χριστοῦ,
3270 3540 3383 3601 καὶ,
3419 3539 3688 3605 Εὐλογη-

2117 3633 2219 3698 τὸς
2252 3635 2284 3685 ό
2323 3631 2490 3696 Θεὸς,
2523 3629 2600 3683 δι’
2623 3625 2694 3685 οὗ
2738 3629 3032 3698 ἐκλήθητε
3061 3631 3142 3694 είς
3183 3629 3516 3690 διακονίαν.
3545 3628 3691 3696 ἆπερ

2116 3723 2288 3777 ταῦτα
2338 3722 2514 3775 πάντα
2557 3721 2736 3774 αἰτίαν
2781 3723 3157 3789 σημαίνουσιν.
3195 3721 3266 3772 Ἦ
3301 3719 3434 3788 γοῦν
3491 3721 3589 3772 καὶ
3625 3720 3682 3770 ὲν

2118 3813 2329 3876 τούτοις
2375 3814 2448 3882 μὴ
2493 3813 2781 3882 σημαίνειν
2824 3812 3004 3864 αἰτίαν
3031 3811 3393 3881 φρονήτωσαν
3427 3810 3525 3880 τὴν
3559 3808 3682 3874 διὰ,

2120 3909 2217 3966 καὶ
2265 3907 2421 3976 κοικῷ
2450 3907 2511 3959 τὸ
2558 3905 2728 3959 κακὸν
2773 3902 3311 3974 θεραπευέτωσαν,ἢ
3343 3902 3469 3963 τοὺς
3499 3894 3694 3967 ἁγίους

2124 3997 2197 4067 μὴ
2239 3997 2414 4067 ὀρθῶς
2471 3997 2807 4066 γράφοντας,
2865 3995 2922 4044 ἐν
2969 3992 3046 4062 τῷ
3094 3991 3277 4060 λέγειν
3322 3989 3390 4042 δι’
3443 3988 3576 4042 Υίοῦ
3628 3988 3693 4040 τδ

2121 4085 2349 4156 Πνεῦμα
2377 4082 2776 4153 ἐκπορεύεσθαι
2803 4081 3134 4150 λεγέτωσαν,
3164 4081 3256 4132 καὶ
3277 4079 3452 4142 ἄλλως
3474 4079 3569 4150 τὴν
3594 4077 3696 4131 διὰ
3781 4075 3784 4078 ’

2121 4178 2342 4242 τούτους
2385 4177 2548 4240 νοεῖν,
2585 4175 2743 4241 ὅπερ
2773 4171 2894 4224 οὔτε
2943 4171 3328 4242 ἐπιστημόνων
3362 4171 3533 4233 ἐστὶν,
3567 4168 3695 4222 οὔτε

2125 4269 2413 4335 θεολόγων.
2471 4265 2634 4318 Ἀλλὰ
2665 4267 2748 4327 τίς
2783 4263 2961 4316 ταῦτα
2992 4263 3317 4332 τολμήσειεν
3358 4261 3532 4313 εἰπεῖν
3564 4261 3697 4328 περὶ

2124 4362 2222 4429 τῆς
2272 4359 2434 4428 ἁγίας
2476 4355 2870 4426 οἰκουμενικῆς
2918 4354 3154 4423 ἑϐδόμης
3187 4351 3429 4416 συνόδου,
3460 4351 3556 4404 καὶ
3582 4351 3692 4403 τῶν

2125 4451 2364 4517 λοιπῶν;
2438 4449 2634 4504 Καίτοι
2668 4465 2732 4516 γε
2761 4446 2854 4498 τοῦ
2892 4441 3286 4515 Χρυσοστόμου
3319 4443 3531 4512 Πατρός
3556 4441 3697 4494 οὕτω

460 4560 565 4597 non
596 4542 914 4609 secundam,
935 4542 1028 4597 sed
1052 4542 1280 4612 primam
1304 4553 1523 4595 causam
1563 4540 1929 4608 exprimens,»
1970 4545 2018 4592 et

2130 4540 2310 4611 ῥητῶς
2351 4542 2633 4608 λέγοντος·
2679 4556 2700 4589 ι
2745 4533 2865 4592 Οἵδε
2910 4537 3017 4607 γὰρ
3066 4537 3125 4588 τὸ
3181 4536 3249 4588 δι⁹
3286 4535 3377 4598 οὗ,
3420 4537 3482 4586 τὸ
3513 4535 3606 4602 ὑφ’
3633 4528 3695 4588 οὗ

460 4651 580 4700 quae
607 4649 932 4706 sequuntur.
957 4631 1194 4688 Videsne
1229 4631 1414 4686 divum
1436 4630 1857 4702 Cliysostomum
1882 4630 2024 4684 allir-

460 4741 630 4786 mare,
649 4742 741 4796 per
757 4738 978 4780 causam
1009 4723 1149 4794 apud
1170 4722 1501 4791 Scripturam
1535 4723 1766 4777 notare?
1797 4720 2024 4775 Divinus

463 4817 590 4869 item
619 4814 887 4868 Maximus
923 4813 975 4866 in
999 4812 1238 4882 Dialogis
1263 4813 1524 4865 adversus
1558 4813 1881 4865 Anommum
1912 4807 2022 4860 ait:

467 4925 484 4955 ι
526 4905 687 4960 Puris
711 4905 896 4976 omnia
927 4917 1059 4971 pura
1094 4903 1236 4971 apud
1261 4917 1360 4958 nos
1390 4903 1690 4958 secundum
1726 4901 2027 4968 Scriptura:

466 5005 723 5052 mentem.
755 4997 856 5050 Per
901 5011 1049 5066 quem
1091 4997 1232 5052 idem
1292 5006 1411 5061 est,
1460 5011 1521 5049 ac
1562 4996 1605 5050 si
1673 4995 1910 5053 diceret,
1963 5006 2028 5044 ea:

461 5104 585 5158 quo.
651 5107 670 5139 ι
737 5087 802 5141 Et
855 5089 1173 5158 superaddit
1221 5090 1578 5159 apostolicum
1629 5083 2024 5143 testimonium,

463 5197 585 5235 cum
621 5180 820 5235 Paulus
850 5181 1036 5236 dicat:
1080 5179 1185 5236 Per
1210 5197 1382 5251 quem,
1432 5179 1607 5249 ﬁdelis
1643 5178 1798 5237 Dens,
1852 5174 2028 5227 vocati

461 5275 583 5328 estis
628 5275 682 5328 in
729 5274 1142 5329 ministerium‘.
1171 5274 1233 5328 Et
1268 5273 1547 5343 Nyssenus
1587 5267 1901 5337 Gregorius,
1944 5265 2032 5319 Fi-

465 5367 596 5418 lium
633 5381 857 5422 causam
890 5376 1078 5436 aperte
1116 5365 1246 5422 dicit
1276 5362 1512 5431 Spiritus
1543 5362 1713 5416 sancti
1759 5361 1842 5416 liis
1877 5361 2035 5430 ipsis-

463 5459 619 5514 simis
659 5460 861 5524 verbis,
898 5460 1156 5513 Oratione
1191 5457 1256 5511 ad
1285 5456 1604 5509 Anommum
1639 5470 1654 5508 ι
1694 5471 1712 5504 ι
1751 5453 2032 5523 Siquidem

464 5549 682 5618 aliquod
734 5551 1119 5620 temporarium
1173 5546 1517 5601 intervallum
1569 5554 1867 5616 apponeret
1905 5545 2034 5599 Uni-

464 5640 630 5708 geniti
669 5641 968 5711 hypostasi,
1005 5639 1096 5709 qui
1134 5638 1344 5692 Patrem
1377 5644 1500 5691 ante
1537 5636 1730 5690 Filium
1759 5636 1871 5690 sola
1907 5649 2032 5689 cau-

536 5752 551 5784 ⁸
589 5755 607 5811 l
639 5753 763 5807 Cor.
795 5768 828 5818 ι,
864 5751 916 5806 9.

2127 4631 2306 4697 λέγειν
2341 4632 2374 4699 ὴ
2407 4629 2623 4699 Γραφὴ,
2672 4627 2746 4690 ὡς
2793 4628 2922 4681 ὅταν
2952 4626 3109 4698 λέγῃ,
3167 4623 3552 4692 Ἐκτησάμην
3593 4622 3696 4676 ἂν·

2128 4726 2361 4790 Ορωπον
2387 4720 2484 4773 διὰ
2515 4719 2618 4773 τοῦ
2655 4719 2823 4778 Θεοῦ.
2849 4719 2909 4771 ού
2939 4717 3000 4770 τὸ
3037 4716 3288 4786 δεύτερον
3323 4715 3517 4774 αἴτιον,
3559 4712 3697 4766 ἀλλὰ

2127 4814 2188 4864 τὸ
2223 4811 2436 4881 πρῶτον
2468 4809 2731 4861 τιθεῖσιν)
2759 4809 2853 4860 καὶ
2881 4807 2946 4860 τὰ
2987 4807 3135 4874 ἑξῆς.
3178 4805 3349 4874 Ὁρᾷς
3385 4804 3468 4855 ὅτι
3497 4802 3524 4855 6
3552 4802 3696 4861 θεῖος

2130 4905 2513 4975 Χρυσόστομος
2543 4901 2642 4971 τὴν
2672 4900 2770 4954 διὰ
2815 4899 2999 4952 αἰτίαν
3037 4897 3330 4967 σημαίνειν
3363 4896 3512 4962 λέγει
3545 4892 3696 4960 παρὰ

2131 5000 2197 5067 τῇ
2234 4997 2422 5066 Γραφῇ
2446 5013 2460 5061 ;
2487 4996 2594 5048 Kal
2625 4994 2653 5045 6
2683 4993 2824 5052 Θεῖος
2854 4989 3104 5058 Μάξιμος
3151 4990 3208 5040 ἐν
3237 4988 3349 5050 τοῖς
3371 4986 3508 5055 πρὸς
3545 4983 3698 5036 Ἀνό-

2139 5105 2288 5158 μοιον
2321 5087 2588 5155 διαλόγοις
2619 5085 2774 5154 φησί·
2803 5084 2956 5143 «Τοῖς
2995 5081 3252 5148 καθαροῖς
3273 5081 3444 5131 πάντα
3479 5075 3696 5144 καθαρὰ

2137 5180 2417 5250 παρ“ὴμῖν
2451 5177 2590 5230 κατὰ
2625 5181 2715 5226 τδν
2750 5173 2948 5226 σκοπὸν
2981 5174 3079 5238 τῆς
3121 5171 3361 5239 Γραφῆς.
3403 5168 3476 5219 T6
3520 5166 3595 5217 δι’
3619 5160 3692 5219 οὗ

2137 5268 2332 5321 ταυτόν
2365 5268 2478 5318 ἐστι
2500 5264 2575 5333 τῷ
2598 5263 2666 5327 ἐξ
2691 5257 2761 5315 οὗ
2779 5278 2826 5311 ἰ
2857 5262 2947 5312 καὶ
2972 5258 3220 5329 ἐπιφέρει
3241 5257 3544 5326 μαρτυρίαν
3560 5255 3699 5306 ἀπο-

2137 5358 2412 5428 στολικὴν,
2442 5355 2634 5423 ἀμέλει
2683 5352 2833 5420 λέγει
2863 5353 2890 5402 ὁ
2940 5348 3176 5412 Παῦλος,
3235 5347 3318 5402 Δι’
3351 5341 3446 5406 οὗ,
3479 5344 3700 5407 πιστές

2137 5454 2170 5505 ὁ
2203 5449 2372 5514 Θεὸς.
2402 5445 2700 5515 ἐκλήθητε
2737 5445 2825 5508 εις
2856 5441 3197 5496 διακονίαν.
3232 5439 3344 5492 Kal
3366 5439 3392 5490 6
3415 5436 3641 5503 Νύσσης
3669 5435 3702 5488 δ

2131 5539 2434 5612 Γρηγόριος
2466 5537 2557 5590 τὸν
2593 5536 2722 5591 Υἱον
2772 5534 2952 5587 αἰτίαν
2997 5532 3147 5612 λέγει
3179 5529 3366 5597 σαφῶς
3411 5526 3504 5579 τοῦ
3539 5525 3698 5593 ἁγίου

2135 5609 2472 5699 Πνεύματος,
2506 5625 2681 5693 λέγων
2716 5620 2888 5684 οὓτως
2925 5623 2983 5676 ὲν
3024 5609 3108 5690 ’τῷ
3139 5619 3272 5688 προς
3296 5618 3387 5669 τὸν
3417 5613 3701 5685 Ἀνόμοιον
