4176 6278
350 311 457 374 213
1477 326 1572 386 AD
1617 325 1974 386 lMPERl'i‘.
2014 324 2487 384 'l‘RAPEZUN'T.
3489 319 3594 382 2H

353 422 558 492 πρώτῳ
592 422 731 491 λόγῳ
753 438 764 452 ο
811 423 903 475 «ΕΞ
935 426 1031 494 μέν
1060 444 1178 479 τινα
1211 429 1470 498 χρονικὴν
1492 431 1731 500 ἔμφασιν
1760 433 1898 491 ὑπερ
1959 437 1997 488 Α

1959 437 1997 488 Α
2031 445 2104 482 sm
2141 433 2347 483 ratione
2402 431 2788 500 pra-intelligit,
2839 447 2944 485 neti
3001 431 3293 498 incongrue
3340 429 3484 480 ratio
3533 430 3598 480 di:

350 514 521 568 ετίΘει
565 513 666 582 τῆς
717 515 827 566 τοῦ·
856 517 1194 584 Μονογενοῦς
1232 520 1584 583 ὑποστάσεως
1618 525 1645 574 6
1679 523 1770 574 τὸν
1814 524 1924 574 Πα-

2032 522 2334 575 aeternitate
2359 521 2475 574 Filii
2505 523 2933 590 periclitaretur.
2967 541 2982 571 ι
3016 521 3080 573 Ει
3112 520 3301 586 paucis
3327 519 3559 588 adjectis
3585 538 3596 571 :

349 606 485 673 τέρα
521 606 614 658 τοῦ
652 606 780 658 Υίοῦ
819 608 964 677 μόνῳ
1007 609 1083 678 τῷ
1118 612 1216 678 τῆς
1262 611 1440 674 αίτίας
1481 612 1624 680 λόγῳ
1677 613 1923 682 7:960:63-

2038 630 2056 661 ι
2092 610 2162 665 Ut
2191 613 2333 664 enim
2363 613 2714 682 conjungitiir
2752 613 2921 668 Filius
2951 613 3117 674 Patri,
3155 621 3209 666 et
3255 628 3316 666 cx
3352 627 3416 665 eo
3452 612 3594 680 quod

353 699 484 766 ρῶν,
524 698 748 760 εἰκότως
772 698 840 751 ἂν
870 701 897 751 6
928 701 1060 770 περὶ
1099 703 1194 769 τῆς
1227 702 1529 773 ἀῖδιότητος
1581 706 1712 772 ἡμῖν
1764 707 1923 768 λόγος

2028 701 2122 762 sit,
2158 701 2366 754 habens
2407 703 2703 760 secundum
2747 702 3147 765 exsisteiitiam,
3178 703 3446 770 posterior
3489 717 3594 754 non

354 792 480 860 περὶ
513 790 605 842 τοῦ
634 790 764 843 Υἱού
799 793 1169 847 ὲκινδυνεύετο
1193 811 1206 824 ·
1247 814 1266 848 ι
1306 797 1398 848 καὶ
1431 797 1567 866 μετά
1600 815 1740 849 τινα·
1771 818 1790 849 ι
1814 799 1826 815 '
1849 800 1922 860 Ως

2027 798 2134 851 est,
2171 792 2356 844 eadem
2400 792 2552 861 plane
2583 795 2793 847 ratione
2827 793 3066 862 Spiritus
3097 800 3320 846 sanctus
3359 791 3598 844 cohaeret

354 881 459 948 γὰρ
492 880 824 933 συνάπτεται
851 884 877 933 6
908 883 1034 944 Υἱὸς
1055 882 1128 950 τῷ
1155 885 1344 952 Πατρὶ,
1375 887 1468 938 καὶ
1497 885 1554 950 ἐξ
1581 887 1744 940 αὐτοῦ
1778 883 1918 939 εἶναι

2032 875 2340 947 Uiiigenito,
2379 881 2471 948 qui
2524 882 2854 949 cogitatione
2903 882 3016 936 sola
3065 882 3365 936 secundum
3418 896 3596 934 causa:

354 970 514 1036 ἔχων,
547 969 640 1038 οὐχ
667 970 940 1038 ὑστερίζει
974 972 1115 1024 κατὰ
1150 973 1246 1042 τὴν
1286 973 1520 1042 ὓπαρξιν
1543 991 1556 1004 ο
1588 973 1728 1027 οὕτω
1759 977 1921 1030 πάλιν

1917 996 1921 1019 ι
2027 968 2294 1020 rationem
2345 969 2579 1039 Spiritus
2614 973 2894 1042 liypostasi
2949 973 3410 1042 praaintclligitur.
3452 989 3470 1022 ι
3509 971 3566 1024 Di

352 1061 441 1112 καὶ
472 1059 567 1111 τοῦ
601 1060 938 1128 Μονογενοῦς
965 1061 1148 1131 ἔχεται
1182 1065 1240 1114 τὸ
1271 1062 1493 1133 Πνεῦμα
1517 1065 1576 1116 τὺ
1597 1066 1772 1132 ἅγιον,
1801 1068 1923 1118 ἐπι-

2027 1059 2185 1111 vinus
2227 1075 2443 1128 quoque
2477 1062 2710 1134 Cyrillus
2743 1063 3127 1118 Thesaurorum
3172 1065 3349 1132 capite
3383 1062 3595 1116 tricesi-

349 1151 466 1221 νοίᾳ.
505 1155 646 1222 μόνῃ
686 1154 824 1223 κατὰ
857 1154 949 1204 τὸν
980 1154 1077 1220 τῆς
1101 1154 1281 1216 αίτίας
1321 1155 1476 1224 λόγον
1504 1142 1918 1225 προθεωρουμέ-

2025 1163 2114 1199 mo
2141 1150 2300 1202 tertio
2330 1152 2496 1205 dicit:
2535 1169 2556 1204 ι
2592 1152 2827 1217 Quando
2865 1153 3031 1223 igitur
3061 1169 3203 1206 unus
3227 1161 3309 1207 est
3335 1153 3593 1206 Dominus

349 1258 460 1305 νου,
492 1245 596 1309 τῆς
623 1242 715 1295 τοῦ
754 1242 1068 1310 Πνεύματος
1098 1244 1474 1306 ὑποστάσεως.
1522 1265 1538 1297 ι
1580 1249 1689 1298 Καὶ
1717 1248 1920 1316 Κύριλ-

2022 1237 2178 1293 ιειευε
2216 1241 2473 1298 Christus
2513 1245 2812 1299 secundum
2849 1245 3001 1299 Pauli
3051 1260 3234 1298 vocem
3261 1286 3275 1309 ,
3309 1245 3590 1309 Dominum

347 1332 433 1392 λος
467 1333 525 1384 δὲ
556 1335 584 1383 6
619 1333 904 1394 Θεσπέσιος
928 1337 984 1386 ἐν
1014 1337 1124 1398 τοῖς
1154 1337 1490 1404 Θησαυροῗς
1520 1339 1577 1389 ἐν
1605 1337 1916 1406 τριακοστῷ

2022 1344 2149 1381 vero
2169 1331 2430 1395 Spiritum
2455 1343 2629 1394 vocat,
2661 1335 2868 1388 nullum
2896 1350 3024 1403 ergo
3052 1336 3346 1388 discrimen
3385 1344 3593 1387 natura:

346 1423 514 1493 τρίτῳ
554 1425 837 1494 κεφαλαίῳ
865 1427 1030 1494 φησίν
1053 1443 1066 1458 ⁸
1099 1447 1116 1479 ι
1161 1429 1291 1481 Ὅτε
1333 1430 1516 1482 τοίνυν
1546 1427 1623 1492 εἷς
1659 1433 1775 1483 ἐστι
1806 1430 1914 1484 Κύ-

2021 1419 2142 1474 Filii
2169 1430 2222 1476 et
2247 1422 2500 1490 Spiiiius,
2526 1426 2619 1478 sed
2651 1432 2906 1494 tanquam
2937 1441 3002 1480 cx
3041 1427 3158 1493 ipso
3190 1433 3242 1478 et
3272 1427 3327 1478 in
3358 1426 3478 1490 ipso
3501 1441 3595 1476 na-

349 1528 462 1577 ριος
500 1511 717 1579 Ἰησοῦς
752 1515 984 1582 Χριστὸς
1014 1517 1152 1569 κατὰ
1197 1517 1296 1586 τὴν
1337 1518 1430 1570 τοῦ
1467 1519 1675 1571 Παύλου
1711 1519 1914 1590 φωνὴν,

2023 1513 2270 1564 turaliter
2290 1515 2579 1575 exsistcns.
2602 1515 2990 1568 dominationis
3016 1517 3234 1570 nomine
3253 1524 3549 1583 nuncupat.
3569 1533 3586 1564 ι

347 1603 551 1673 Κύριον
590 1605 646 1656 δὲ
677 1606 735 1656 τὸ
768 1606 993 1675 Πνεῦμα
1023 1609 1198 1671 διαλεῖ,
1272 1609 1531 1679 οὐδεμίαν
1562 1609 1669 1681 ἄρα
1701 1612 1919 1680 φύσεως

2021 1601 2086 1655 Et
2106 1604 2231 1670 quid
2264 1619 2399 1672 opus
2425 1613 2505 1659 est
2529 1615 2844 1660 sanctorum
2869 1609 3053 1661 omnia
3093 1609 3193 1661 hoc
3217 1609 3267 1660 in
3295 1610 3411 1660 loco
3439 1609 3593 1661 testi—

340 1693 608 1762 δάῳορὰν
638 1695 729 1747 τοῦ
763 1694 892 1748 Υίοῦ
923 1701 1014 1750 καὶ
1048 1699 1383 1766 Πνεύματος,
1405 1701 1616 1764 ἀλλ’ὡς
1639 1703 1696 1766 ἐξ
1725 1701 1913 1769 αὑτοῦ,
1953 1759 1984 1769 λ

1953 1759 1984 1769 λ
2021 1696 2200 1748 monia
2225 1695 2469 1763 digerere
2512 1711 2654 1764 quae,
2679 1713 2799 1750 cuin
2827 1699 3061 1766 plurima
3087 1700 3216 1760 sint,
3243 1701 3589 1766 prolixiorem

343 1759 517 1835 καὶέν
553 1785 702 1854 αὐτῷ
739 1789 987 1853 φυσικῶς
1040 1759 1302 1859 {ancipin
1463 1794 1564 1860 τῆς
1597 1759 1913 1863 πυριότητος
1950 1759 1988 1813 Β

1950 1759 1988 1813 Β
2020 1800 2330 1838 sermonem
2362 1785 2688 1842 redderent:
2725 1797 2778 1840 et
2801 1805 2862 1842 ea
2890 1789 3002 1857 jam
3037 1805 3135 1842 nos
3178 1792 3228 1842 iii
3261 1790 3580 1858 Responsio-

339 1875 573 1942 ὀνόματι
601 1878 774 1930 καλεῖ.
818 1897 836 1930 ι
881 1879 990 1932 Καὶ
1018 1881 1068 1933 τί
1098 1881 1180 1933 δεῖ
1225 1883 1402 1935 πάντα
1435 1885 1540 1936 τῶν
1581 1883 1752 1950 ἁγίων
1783 1901 1914 1951 προ·-

2021 1879 2184 1929 niliiis
2222 1876 2286 1928 ad
2328 1881 2684 1932 reverendum
2719 1881 2870 1932 illum
2914 1880 3228 1948 Ephesium.
3255 1896 3378 1932 cum
3414 1885 3592 1933 adhuc

339 1966 570 2029 τιθέναι,
596 1966 740 2035 ἅπερ
776 1969 945 2021 πολλὰ
990 1970 1119 2024 ὄντα
1156 1971 1238 2033 είς
1290 1973 1462 2040 μῆκος
1493 1971 1583 2024 τὸν
1624 1973 1780 2040 λόγον
1823 1974 1912 2023 ὲκ-

2021 1968 2160 2020 inter
2184 1969 2337 2022 vivos
2369 1983 2535 2033 esset,
2570 1970 2814 2040 aliosque.
2839 1973 2929 2041 qui
2977 1987 3097 2025 cum
3140 1989 3204 2025 eo
3244 1989 3350 2025 una
3393 1973 3589 2026 sentic-

339 2059 502 2109 τείνει
532 2077 547 2122 ;
590 2060 682 2109 καὶ
722 2059 893 2112 ταῦτα
925 2063 982 2113 ὲν
1013 2063 1134 2123 ταῖς
1165 2062 1302 2131 πρὸς
1333 2064 1422 2115 τὺν
1467 2062 1749 2132 αἰδέσιμον
1772 2066 1912 2116 ἐκεῖ-

2021 2059 2170 2121 baiit.
2216 2061 2652 2129 exscripsimus?
2680 2062 3026 2133 Quapropter
3065 2058 3200 2119 satis
3238 2081 3356 2119 esse
3387 2082 3589 2128 remur,

341 2167 426 2200 vov
473 2150 710 2218 Ἐφέσου
739 2152 1080 2218 ἀπολογίαις,
1107 2155 1188 2206 ἔτι
1222 2156 1504 2224 περιόντος
1534 2155 1625 2208 τοῦ
1656 2157 1793 2226 βίου,
1821 2157 1912 2224 ἑγ-

2020 2150 2065 2205 si
2099 2151 2179 2204 vel
2229 2153 2405 2204 solum
2457 2155 2632 2223 palam
2691 2153 2975 2210 fecerimus
3028 2165 3274 2210 octavam
3321 2157 3585 2226 synodum

342 2240 703 2308 χαράξαντες,
736 2243 830 2294 καὶ
863 2242 1000 2310 πρὸς
1031 2244 1225 2307 ἄλλους
1251 2247 1378 2306 τοὺς
1409 2247 1602 2316 ἐκείνῳ
1625 2245 1912 2311 ἐξακολου-

2021 2243 2286 2312 septimae,
2323 2261 2441 2312 qua:
2469 2261 2588 2300 eam
2617 2256 2996 2316 praecesserat,
3043 2248 3390 2302 insistentem
3426 2249 3590 2298 vcsti-

343 2328 593 2387 θοῦντας.
629 2332 719 2383 Διὸ
745 2334 935 2402 ἀρκεῖν
963 2335 1246 2404 ἡγούμεθα
1275 2337 1369 2390 καὶ
1403 2339 1562 2406 μόνον
1586 2337 1909 2406 ἐμφανίσαι,

2020 2333 2145 2402 giis,
2188 2333 2394 2387 nullum
2437 2349 2636 2388 navum
2681 2334 2875 2404 dogma
2911 2336 3222 2397 induxisse,
3255 2336 3349 2390 sed
3385 2337 3500 2388 solu
3531 2355 3590 2384 :—

344 2421 484 2489 ὖτιή
539 2420 704 2492 ὀγδόη
740 2423 960 2487 σύνοδος
1008 2427 1074 2496 τῇ
1111 2426 1219 2496 πρὸ
1266 2428 1434 2493 αὐτῆς
1480 2410 1682 2497 ἐϐδόμῃ
1723 2430 1911 2493 ἑξακο-

2020 2425 2184 2479 modo
2224 2426 2652 2494 propositionem
2686 2442 2778 2494 per
2805 2427 3112 2479 declarasse
3135 2466 3148 2490 ,
3179 2442 3340 2495 quam
3392 2425 3480 2478 illa
3522 2425 3590 2479 de

345 2511 637 2578 λουθοῦσα,
670 2514 822 2568 οὐδὲν
848 2516 1034 2568 καινόν
1064 2518 1242 2585 δόγμα
1269 2519 1500 2587 είσῆξεν,
1528 2518 1663 2570 ἀλλὰ
1695 2519 1791 2587 τὴν
1814 2518 1911 2570 διὰ

2023 2516 2229 2584 Spiritu
2268 2525 2500 2583 ,sancto,
2549 2525 2602 2570 et
2637 2529 2762 2570 ante
2797 2531 2914 2568 eam
2947 2516 3121 2569 sancti
3172 2532 3234 2570 ac
3266 2514 3452 2567 deiferi
3483 2515 3587 2569 Pa-

345 2600 698 2672 διεσάφησεν,
723 2607 789 2675 ἢν
814 2607 952 2675 αὕτη
975 2608 1104 2677 περὶ
1126 2609 1221 2660 τοῦ
1245 2609 1403 2674 ἁγίου
1427 2609 1744 2679 Πνεύματος
1769 2609 1912 2662 €050-

2023 2616 2131 2660 tres
2153 2617 2621 2670 asseveraveram,
2648 2621 2710 2659 ex
2737 2607 2966 2669 sanctis,
2991 2617 3041 2660 et
3065 2605 3371 2674 Evangeliis
3396 2605 3587 2655 imma-

345 2690 549 2760 λόγησε
583 2695 673 2745 καὶ
714 2696 761 2749 σί
807 2695 914 2765 πρὸ
945 2695 1115 2765 αὐτῆς
1149 2697 1295 2764 ἅγιοι
1329 2699 1569 2766 Πατέρες
1603 2701 1694 2750 καὶ
1723 2699 1912 2764 θεοφό-

2019 2696 2256 2762 cuiatis,
2311 2704 2365 2750 et
2424 2696 2795 2750 voluminibus
2842 2697 3194 2766 apostolicis,
3268 2709 3478 2749 necnon
3533 2701 3587 2745 et

350 2797 451 2848 ροι,
489 2784 560 2834 ἐκ
590 2784 698 2836 τῶν
727 2785 897 2852 ἁγίων
925 2785 1165 2840 λαϐοῦσα
1198 2789 1297 2851 τὰς
1333 2789 1657 2858 μαρτυρίας,
1685 2793 1780 2842 καὶ
1805 2789 1915 2842 τῶν

2022 2787 2336 2841 doctoribus
2391 2785 2648 2840 Ecclesia:
2699 2785 2886 2856 petitis
2934 2786 3262 2841 testimoniis
3316 2803 3330 2838 :
3378 2799 3587 2851 liosquc

347 2873 636 2942 ἀχρὰντων
659 2876 1032 2944 Εὑαγγελίων,
1049 2879 1144 2933 καλ⁸
1167 2879 1274 2932 τῶν
1291 2881 1665 2934 ἀποστολικῶν
1691 2883 1912 2950 βίϐλων,

2025 2877 2172 2931 nullo
2198 2877 2358 2929 modo
2391 2884 2680 2944 paternum
2713 2878 2904 2945 dogma
2933 2877 3275 2940 immutasse,
3315 2875 3410 2930 sed
3441 2878 3583 2942 quod

348 2965 437 3015 καὶ
471 2967 591 3018 τῶν
621 2966 716 3036 τῆς
751 2956 1076 3036 Ἐκπλησίας
1109 2969 1460 3026 διδασκάλων.
1504 2973 1613 3025 Καὶ
1658 2973 1917 3041 οὐδαμῶς

2023 2966 2256 3020 obscure
2311 2967 2780 3034 przedicabamus,
2822 2975 3006 3036 aperte
3044 2968 3378 3034 enuntiasse,
3424 2965 3587 3020 veluti

350 3056 722 3126 ἐνηλλάξαμεν
741 3057 800 3110 τὸ
822 3059 1049 3129 πάτριον
1078 3061 1235 3131 ἡμῶν
1258 3062 1450 3132 δόγμα,
1478 3062 1593 3116 ἀλλ’
1617 3063 1748 3116 αὐτὸ
1777 3066 1914 3134 ὅπερ
1954 3132 1970 3134 _

1954 3132 1970 3134 _
2025 3066 2078 3111 et
2115 3057 2168 3110 in
2199 3057 2319 3113 aliis
2351 3060 2573 3128 synodis
2605 3059 2806 3112 factum
2837 3068 2943 3121 est,
2986 3068 3262 3113 contracta
3309 3067 3360 3113 et
3395 3059 3589 3128 perob-

349 3146 811 3214 συνετιτυγμένως
880 3149 1268 3219 ὲκηρύττομεν,
1331 3152 1427 3204 νῦν
1477 3148 1907 3222 διεσαφήσαμεν,
1939 3132 1982 3189 c

1639 3132 1907 3222 φήσαιμεν,
1939 3132 1982 3189 c
2016 3166 2174 3206 scura
2201 3151 2645 3216 preductioribus
2669 3153 2950 3208 vocabulis
2975 3153 3288 3209 dilatantcs.

343 3235 532 3304 ὥσπερ
563 3243 657 3289 καὶ
687 3241 742 3290 ὲν
766 3241 888 3301 ταῖς
915 3240 1100 3304 ἄλλαις
1130 3242 1369 3307 συνόδοις
1400 3244 1613 3313 γέγονε,
1645 3244 1713 3297 τὰ.
1748 3242 2209 3313 συνεπτυγμένως
2245 3244 2626 3311 κηρυττόμενα
2656 3241 3038 3306 ὲξαπλοῦντες.

413 3331 487 3396 ς’.
531 3331 593 3384 Ei
620 3333 675 3386 δὲ
707 3337 797 3388 καὶ
823 3336 871 3387 oi
900 3336 1120 3388 Λατῖνοι
1143 3337 1203 3389 οὐ
1231 3336 1483 3404 λέγουσιν
1508 3337 1683 3391 αἴτιον
1713 3341 1804 3390 καὶ
1831 3339 1917 3391 aii-

2093 3337 2144 3391 6.
2185 3336 2250 3390 Et
2281 3337 2406 3390 licet
2437 3337 2614 3390 Latini
2646 3336 2700 3389 in
2734 3337 2946 3391 duabus
2968 3338 3276 3394 divinarum
3311 3354 3582 3407 persona-

344 3424 528 3475 τιατὸν
560 3426 652 3478 ἐπὶ
678 3424 786 3475 τῶν
819 3425 966 3486 ὲντὺς
995 3425 1090 3480 δύο
1119 3429 1382 3495 προόδων,
1410 3430 1483 3492 ὡς
1514 3429 1632 3482 οὐδὲ
1663 3432 1689 3482 6
1721 3429 1916 3481 θεσπέ-

2024 3443 2143 3480 rum
2195 3427 2667 3497 progressionibus
2723 3428 3079 3484 interioribus
3149 3445 3253 3483 non
3314 3429 3587 3482 fateantur

346 3530 455 3576 σιος
489 3515 764 3583 Κύριλλος
793 3514 950 3568 τοῦτο
983 3517 1234 3585 βούλεται
1255 3560 1270 3584 ,
1301 3519 1510 3588 λέγων,
1553 3537 1573 3571 ι
1611 3519 1790 3573 Αἴτιον
1823 3520 1916 3572 καὶ

2023 3530 2246 3570 causam
2272 3524 2326 3569 ct
2355 3517 2632 3581 etfectum,
2660 3518 3122 3587 quemadmodum
3163 3534 3340 3587 neque
3371 3519 3591 3574 divinus

345 3606 587 3657 αίτιατὸν
618 3607 707 3658 ἐπὶ
738 3607 835 3676 τῆς
865 3609 1024 3676 ἁγίας
1055 3609 1299 3679 Τριόιδος,
1323 3595 1632 3679 ούθεμιτὸν
1659 3610 1856 3678 λέγειν,
1891 3629 1911 3662 ι

2022 3607 2256 3676 Cyrillus
2293 3609 2469 3662 simile
2501 3610 2630 3676 quid
2659 3611 2712 3662 iu
2763 3609 2874 3664 illis
2903 3609 3169 3676 admittit,
3213 3625 3338 3664 cum
3400 3612 3535 3666 dicit
3572 3632 3582 3666 :

347 3697 459 3749 ἀλλ’
482 3699 662 3767 ἀρχὴν
693 3700 810 3751 ἀντὶ
845 3702 1017 3752 αἰτίου
1047 3699 1294 3768 λέγουσι,
1330 3701 1423 3754 καὶ
1455 3704 1533 3765 είς
1565 3702 1760 3754 ταυτὸν
1792 3718 1919 3754 συν-

2025 3716 2042 3749 ι
2074 3698 2304 3751 Causam
2335 3705 2388 3752 et
2416 3698 2668 3753 eﬂ‘ectum
2707 3699 2761 3753 in
2795 3700 3147 3756 sanctissima
3176 3701 3395 3764 Triade,
3446 3703 3589 3756 haud

349 3791 594 3858 ἔρχονται
627 3790 686 3842 τό
715 3807 773 3842 τε
807 3790 980 3843 αίτιον
1012 3791 1101 3842 καὶ
1134 3791 1166 3861 ὴ
1204 3792 1367 3860 ἀρχή.
1393 3791 1569 3861 Ὅπερ
1605 3792 1700 3843 καὶ
1732 3793 1760 3844 6
1791 3791 1921 3844 Θεο-

2023 3790 2104 3843 fas
2130 3796 2214 3843 est
2235 3789 2421 3844 dicere
2449 3806 2464 3853 ;
2505 3809 2522 3842 ι
2558 3791 2917 3845 nihilominus
2938 3792 3264 3861 principium
3300 3808 3396 3861 pro
3423 3809 3585 3847 causa

349 3881 503 3948 λόγος
550 3883 847 3952 Γρηγόριος
889 3884 1056 3952 λέγει,
1102 3903 1120 3934 ι
1167 3883 1231 3937 ’Π
1272 3886 1334 3936 ὲκ
1369 3883 1470 3954 τῆς
1509 3884 1682 3953 ἀρχῆς
1723 3884 1867 3953 ἀρχή
1901 3899 1915 3914 ⁸

2024 3889 2256 3950 ponunt,
2291 3891 2344 3935 et
2372 3882 2424 3935 in
2461 3897 2628 3936 unum
2653 3882 2984 3937 conveniunt
3019 3891 3072 3937 et
3101 3899 3269 3940 causa
3304 3893 3355 3938 et
3390 3886 3587 3952 princi-

349 3974 462 4025 ἀλλ’
485 3975 548 4027 ού
580 3974 671 4026 δύο
702 3975 874 4044 ἀρχὰς
906 3975 1222 4046 νομίζομεν.
1258 3995 1274 4025 ι
1307 3976 1450 4028 Διότι
1479 3977 1587 4028 πᾶν
1614 3977 1672 4026 τὸ
1703 3977 1776 4044 μὴ
1805 3975 1920 4028 δια-

2023 3972 2193 4040 pium,
2228 3973 2370 4040 quod
2403 3983 2456 4026 et
2493 3973 2778 4042 theologus
2812 3973 3110 4044 Gregorius
3158 3978 3356 4031 astruit
3392 3995 3405 4031 :
3445 3995 3463 4028 ι
3510 3979 3585 4032 Ex

351 4065 531 4130 κρῖνον
567 4062 656 4116 τὸν
693 4065 909 4133 Πατέρα
955 4066 1048 4117 καὶ
1086 4067 1175 4117 τὸν
1209 4065 1336 4117 Υἱὸν
1372 4066 1547 4118 κοινόν
1586 4067 1699 4118 ἐστι
1740 4066 1914 4136 Πατρὶ

2025 4059 2293 4130 principio
2331 4061 3096 4132 principium:verumtamen
3143 4081 3250 4120 non
3296 4067 3404 4122 duo
3439 4070 3589 4136 priu-

350 4156 436 4204 καὶ
473 4154 602 4221 Υίῷ.
631 4155 703 4206 Τὸ
730 4155 1055 4222 προϐάλλειν
1081 4155 1172 4207 οῦν
1199 4157 1259 4209 οὐ
1287 4156 1551 4226 διακρίνει
1577 4158 1666 4208 τὸν
1696 4157 1915 4227 Πατέρα

2025 4152 2164 4220 cipia
2202 4153 2574 4222 intelligimus.
2617 4174 2635 4206 ι
2664 4154 2821 4220 Quod
2856 4171 3038 4222 omne,
3067 4156 3211 4227 quod
3241 4175 3347 4212 non
3377 4171 3591 4228 separat.

352 4250 439 4299 καὶ
475 4249 564 4301 τὸν
599 4249 745 4312 Υίὸν,
781 4250 841 4301 τὸ
881 4250 1207 4318 προϐάλλειν
1242 4249 1348 4316 ἄρα
1393 4249 1568 4301 κοινὸν
1604 4249 1778 4318 Ιίατρὶ
1819 4251 1914 4302 καὶ

2023 4242 2234 4297 Patrem
2283 4251 2338 4296 et
2387 4243 2608 4306 Filium.
2676 4245 2821 4300 Patrl
2875 4254 2930 4301 et
2964 4247 3104 4302 Filio
3153 4264 3446 4304 commune
3480 4265 3586 4306 esu

353 4338 479 4406 Υίῷ.
509 4341 606 4392 Διὰ
635 4341 794 4393 τοῦτο
820 4339 912 4392 καὶ
944 4342 1043 4409 μία
1071 4340 1210 4410 ἀρχὴ
1238 4339 1329 4392 τοῦ
1360 4340 1514 4408 ἁγίου
1547 4339 1858 4410 Πνεύματος
1885 4343 1913 4393 6

2021 4331 2330 4388 Prodiiccre
2388 4335 2570 4403 itaque
2605 4351 2714 4389 non
2756 4349 2971 4406 separat
3019 4343 3234 4396 Patrem
3271 4354 3322 4395 et
3350 4345 3584 4409 Filium;

355 4431 537 4501 Πατὴρ
562 4432 656 4484 καὶ
681 4433 708 4483 6
737 4432 883 4496 Υἱὸς,
909 4431 1091 4494 καθὼς
1118 4433 1211 4484 καὶ
1236 4434 1262 4482 6
1293 4433 1738 4503 μαρτυρούμενος
1765 4431 1916 4501 παρὰ
1948 4435 1990 4488 D

1948 4435 1990 4488 ο
2021 4433 2105 4478 est
2131 4438 2259 4492 ergo
2293 4424 2594 4492 producere
2624 4441 2915 4482 commune
2957 4430 3103 4484 Patri
3151 4443 3206 4486 et
3269 4433 3424 4487 Filio.
3457 4435 3589 4489 Pro-

355 4521 455 4573 τῶν
491 4524 885 4592 οίκουμενικῶν
923 4523 1156 4576 συνόδων
1191 4524 1450 4593 πέμπτης
1482 4541 1563 4586 τε,
1599 4524 1693 4576 καὶ
1725 4525 1914 4592 ἕκτης,

2021 4525 2317 4585 ptereaque
2344 4523 2399 4568 et
2431 4531 2597 4568 unum
2655 4518 2978 4587 principium
3032 4532 3113 4574 est
3143 4523 3399 4591 Spiritus,
3432 4526 3589 4580 Pater

356 4616 443 4666 καὶ
486 4615 721 4685 ἑϐδόμης
762 4615 1072 4683 σοφώτατος
1107 4617 1201 4668 καὶ
1236 4615 1570 4683 ἐξοχώτατος
1608 4617 1700 4667 καὶ
1739 4615 1918 4682 μέγας

2019 4618 2072 4662 ct
2101 4607 2273 4661 Filius
2298 4648 2312 4672 ,
2372 4608 2836 4676 quemadmodum
2861 4647 2876 4671 ,
2941 4612 3034 4679 qui
3054 4657 3070 4668 .,
3109 4617 3581 4670 ωοιιιιιυιιίοοτυηι

356 4702 666 4766 διδασκαλος
701 4706 798 4773 τῆς
839 4705 1166 4774 Ἐκκλησίας
1203 4706 1298 4759 καὶ
1332 4705 1486 4773 ἅγιος
1521 4707 1612 4757 καὶ
1651 4704 1916 4774 μακάριος

2021 4699 2352 4769 syiiodoruui
2383 4700 2608 4767 quintae,
2668 4707 2835 4752 sexta:
2867 4711 2921 4754 et
2968 4703 3215 4771 septima:
3266 4707 3586 4761 testimonio

359 4793 732 4862 Λῦγουστίνος,
757 4795 900 4849 οὓτω
923 4797 1032 4865 γὰρ
1063 4799 1421 4866 μαρτυρεῖται
1451 4797 1601 4866 παρὰ
1631 4797 1736 4851 τῶν
1765 4799 1915 4867 εἰρη-

2020 4791 2502 4860 sapieiitissimus.
2559 4799 2614 4844 et
2674 4792 3186 4858 ciiiinentissiuiits,
3247 4813 3586 4868 magnusque

362 4885 529 4952 μένων
559 4887 731 4953 ἁγίων
761 4888 854 4938 καί
881 4889 1276 4956 οἰκουμενικῶν
1308 4890 1548 4942 συνόδων
1571 4928 1586 4952 ,
1618 4890 1804 4953 λέγει,
1835 4890 1916 4940 ὅτι

2022 4882 2280 4938 Ecclesia:
2333 4885 2526 4938 doctor
2584 4885 2938 4953 declaratur,
2995 4898 3219 4944 sanctus
3284 4894 3586 4962 beatusque

364 4993 380 5025 ι
417 4978 528 5030 Μία
559 4979 700 5046 ἀρχὴ
729 4980 756 5031 ὁ
789 4979 978 5048 Πατὴρ
1011 4981 1102 5031 καὶ
1131 4981 1157 5031 6
1189 4979 1317 5042 Υἱὸς
1345 4981 1438 5032 τοῦ
1469 4979 1624 5047 ἁγίου
1659 4979 1912 5048 Πνεύμα-

2018 4976 2360 5044 Augustinus
2421 4976 2531 5047 (liis
2558 4980 2702 5030 enim
2737 4981 3028 5046 praeconiis
3061 4997 3088 5034 a
3120 4981 3231 5049 jam
3261 4984 3501 5039 laudatis
3533 4996 3585 5040 ct

359 5082 462 5126 τος.
501 5087 518 5118 ι
557 5069 662 5120 Καὶ
692 5073 739 5120 εἰ
777 5071 875 5137 μὲν
905 5071 1162 5138 ἀρκοῦσιν
1193 5071 1332 5123 αὐτὰ
1363 5074 1426 5140 τῇ
1460 5073 1526 5139 σῇ
1560 5070 1810 5141 βασιλείᾳ
1840 5070 1915 5134 ὼς

2019 5069 2372 5124 ωοιιιυριιὶοίε
2419 5069 2641 5138 syiiodis
2700 5072 3027 5142 extollitur)
3072 5077 3232 5129 tradit
3271 5095 3284 5132 :
3329 5096 3345 5128 ι
3407 5077 3583 5132 Unum

359 5156 656 5227 ὑπόμνησις
687 5161 826 5213 κατὰ
852 5161 912 5212 τὸ
931 5201 945 5225 ,
975 5179 993 5210 ι
1029 5161 1180 5213 Δίδου
1211 5162 1361 5228 σοφῷ
1389 5161 1674 5230 ἀφορμὴν,
1706 5163 1802 5214 καὶ
1830 5179 1916 5212 σο-

2020 5158 2341 5226 principium
2365 5160 2542 5221 Pater.
2573 5171 2625 5213 ct
2650 5160 2840 5226 Filius,
2872 5162 3104 5233 Spiritus
3128 5171 3360 5224 sancti.»
3387 5171 3448 5224 Et
3476 5173 3587 5226 iure

360 5248 592 5317 φὼῖερος
617 5251 786 5315 ἔσται,
821 5271 839 5303 ι
867 5253 1023 5322 χάρις
1046 5251 1121 5320 τῷ
1143 5252 1259 5321 Θεῷ
1280 5269 1295 5283 ·
1323 5254 1370 5304 εί
1394 5253 1450 5304 δὲ
1477 5256 1568 5305 καὶ
1593 5253 1669 5304 ἔτι
1697 5253 1916 5305 πλείονα

2020 5247 2236 5315 quidem
2270 5249 2314 5299 si
2351 5249 2621 5315 niajestati
2661 5260 2768 5305 tua:
2803 5254 2937 5308 satis
2972 5257 3324 5321 videbuntur,
3376 5270 3434 5313 ut
3472 5278 3583 5314 nie-

361 5340 586 5407 κελεύει,
621 5344 715 5396 καὶ
753 5343 1062 5410 σαφέστερα
1087 5343 1351 5412 ἐροῦμεν,
1388 5343 1658 5404 δικνύντες
1700 5343 1787 5395 διὰ
1821 5346 1918 5410 τῆς

2019 5339 2246 5392 moriani
2275 5340 2544 5392 excitent:
2580 5359 2813 5413 namque
2849 5345 3070 5410 dicitur,
3101 5349 3206 5403 «Da
3238 5353 3581 5407 occasionem

360 5431 570 5498 χάριτος
595 5431 688 5485 τοῦ
715 5433 978 5503 Χριστοῦ,
1009 5434 1080 5497 ὡς
1112 5433 1266 5486 οὐδὲν
1292 5434 1480 5486 καινὶν
1508 5434 1588 5495 εἰς
1612 5432 1708 5501 τὴν
1736 5434 1915 5485 (iacio.-

2019 5430 2270 5497 sapieiiti,
2302 5439 2355 5481 et
2380 5431 2679 5498 sapieniior
2709 5436 2814 5487 erit
2843 5453 2855 5487 :
2889 5455 2906 5485 ι
2953 5439 3059 5490 Deo
3077 5443 3250 5506 gratia
3271 5442 3360 5495 sit.
3384 5443 3594 5508 Quodsi.

360 5520 478 5585 γίαν
511 5523 806 5594 εἰσὴξαμεν
828 5565 842 5592 ,
879 5524 1058 5588 καθὼς
1092 5525 1185 5577 καὶ
1217 5523 1306 5578 διὰ
1340 5522 1435 5576 τοῦ
1475 5522 1624 5578 θείου,
1657 5522 1914 5592 Μαξίμου

2021 5521 2174 5589 plura
2201 5520 2382 5572 atlerri
2409 5521 2589 5586 jiibcs,
2615 5533 2668 5576 et
2701 5527 2944 5593 planiora
2983 5529 3248 5595 diei-mus,
3285 5532 3460 5600 gratia
3489 5535 3579 5588 Dei

359 5611 750 5684 δεδηλώκαμεν.
1893 5613 1895 5615 ’
1947 5625 1960 5628 ”

1947 5625 1960 5628 “
2021 5613 2368 5664 ostendentes
2426 5628 2524 5664 nos
2553 5614 2688 5666 nihil
2726 5617 2846 5668 novi
2881 5618 2932 5669 iii
2965 5620 3587 5688 rcstheologicasintro-

931 5694 936 5698 ’
2021 5702 2262 5771 duxisse,
2298 5713 2351 5756 ut
2386 5719 2451 5759 ex
2481 5704 2604 5757 divo
2635 5705 2865 5762 Maximo
2899 5707 3246 5765 manifcswiu
3271 5711 3518 5772 fecimus.
