4176 6278
533 331 644 422 2.7

1649 338 1747 396 AD
1803 337 1883 397 Ili
1897 339 2166 402 PERAT.
2218 340 2708 407 TRAPEZUNT.

3715 353 3816 415 218

539 455 912 525 curm-perat
938 456 1005 507 ἐι·
1033 454 1109 520 τῷ
1139 457 1382 523 ὀνόματι
1413 459 1600 511 αὐτοῦ
1623 461 1821 526 μέσον
1843 454 2026 518 εἶναι,
2055 460 2121 511 τὰ

2235 460 2357 516 ﬁdei
2389 461 2758 531 dogmatibus,
2789 463 3068 520 Christum
3117 465 3172 522 in
3232 465 3542 536 semetipsis
3580 465 3819 536 loquen-

541 551 672 619 παρ’
704 549 934 600 ἐκείνων
978 550 1244 618 εἰρημένα
1294 550 1544 603 τοσοῦτον
1594 551 1708 621 ἔχει
1758 554 1818 604 τὸ
1869 555 2117 623 ἰσχυρον,

540 639 692 696 ὥστὲ
719 640 924 710 μηδένα
958 641 1093 711 πρὸς
1123 641 1295 694 ταῦτα
1325 642 1689 696 ἀντιϐλέπειν.
1732 645 1893 708 Ἀλλὰ
1923 646 1982 696 τδ
2014 646 2121 698 κώ-

540 733 692 800 λυμα
743 733 845 800 τῆς
894 732 1093 800 ἐτέρας
1144 731 1384 795 πίστεως
1435 734 1543 786 ἀπὸ
1590 735 1698 787 τῶν
1748 737 2124 804 πανευφήμων

541 826 861 878 ἀποστόλων
906 825 1078 879 ἐστίν.
1117 825 1272 878 Ἐπεὶ
1317 825 1500 889 καθὼς
1545 845 1677 896 φησι
1727 828 1958 890 Παῦλος,
2007 829 2124 882 Μία

541 917 768 982 πίστις,
804 912 890 982 εἷς
925 917 1168 984 Κύριος.
1206 917 1360 970 Ἐπεὶ
1395 913 1487 972 οὖν
1523 920 1620 988 μία
1655 922 1855 984 πίστις,
1893 923 1924 988 ὴ
1961 921 2123 988 ἑτέρα

541 1012 763 1072 πάντως
799 1011 1041 1064 ἐναντία.
1079 1012 1140 1062 Εί
1175 1012 1286 1081 γὰρ
1321 1012 1484 1081 ἑτέρα
1508 1052 1522 1075 ,
1557 1013 1615 1064 οὐ
1659 1012 1779 1082 μία.
1803 1011 1912 1066 Ἦν
1947 1015 2054 1083 γὰρ
2087 1014 2120 1082 ἡ

543 1105 704 1170 αὐτὴ,
735 1105 828 1155 καὶ
857 1105 976 1174 οὐχὶ
1006 1103 1188 1173 ἑτέρα.
1219 1105 1280 1156 Ei
1307 1104 1363 1157 δὲ
1393 1106 1575 1173 ἑτέρα,
1605 1106 1700 1175 οἰχ
1726 1108 1756 1173 ἠ
1790 1107 1950 1175 αὐτή.
1981 1106 2126 1159 Παῦ-

543 1198 631 1259 λος
663 1199 719 1250 δὲ
752 1200 779 1250 ὁ
815 1197 986 1263 μέγας
1015 1197 1314 1259 ἀπόστολος
1345 1197 1626 1266 κηρύττει,
1661 1199 1732 1250 El
1763 1215 1850 1262 τις
1881 1202 2124 1268 εὐαγγε-

540 1290 765 1350 λίζεται
801 1290 956 1344 ἄλλο
990 1291 1124 1358 παρ’
1149 1289 1181 1342 ὃ
1216 1289 1608 1358 παρελάϐετε,
1641 1290 1910 1358 ἀνάθεμα
1943 1290 2119 1348 ἔστω.

547 1383 657 1435 Καὶ
683 1381 962 1445 Διονύσιος
985 1382 1042 1434 δὲ
1070 1383 1097 1433 ὁ
1123 1381 1315 1434 τούτου
1349 1383 1610 1450 φοιτητὴς
1639 1381 1998 1449 ἀποφαίνεται
2028 1402 2124 1436 κα-

543 1475 701 1529 θόλου
734 1477 909 1544 λέγων
930 1517 942 1540 ,
981 1495 1000 1528 ι
1039 1477 1114 1528 Ού
1145 1475 1445 1544 τολμητέον
1475 1476 1651 1528 εἰπεῖν
1685 1479 1833 1547 παρὰ
1867 1476 1934 1528 τὰ
1969 1478 2124 1533 θειω-

541 1572 648 1634 δῶς
680 1572 811 1640 ἡμῖν
840 1571 1106 1640 περὶτῶν
1138 1571 1300 1624 θείων
1327 1569 1524 1637 λογίων
1554 1573 1970 1640 ὲκπεφασμένα,
2001 1573 2122 1626 οὐτε

541 1666 751 1729 εἰπεῖν,
779 1662 903 1716 οὔτε
935 1665 1214 1732 ἐννοῆσαι.
1254 1684 1271 1715 ν
1314 1665 1474 1717 Ἀλλὰ
1505 1666 1677 1717 πᾶσαι
1707 1667 1760 1718 αἱ
1794 1667 1999 1719 σύνοδοι
2033 1667 2126 1718 καὶ

540 1758 700 1826 ἅγιαι
737 1757 830 1809 καὶ
869 1757 1012 1825 ἱεραὶ
1046 1757 1372 1827 ὲξήπλωσαν
1409 1758 1499 1810 καὶ
1539 1759 1910 1826 διεσάφησαν,
1950 1760 2043 1811 καὶ
2077 1759 2125 1810 οἱ

542 1853 686 1922 ἱεροὶ
735 1853 1003 1922 ΙΙατέρες,
1048 1851 1146 1904 καὶ
1190 1852 1428 1919 οὐδαμοῦ
1473 1852 1658 1917 ἔδοξαν
1704 1853 1898 1922 ἑτέραν
1940 1853 2122 1905 πίστιν

538 1945 768 2014 ποιῆσαι
805 1945 896 1997 διὰ
931 1945 1027 2012 τῆς
1062 1945 1448 2012 διασαφήσεως
1489 1946 1581 1998 καὶ
1619 1945 1981 2010 ἐξαπλώσεως
2012 1946 2122 1998 τῶν

539 2039 708 2106 ἱερῶν
738 2036 958 2105 λογίων.
999 2036 1141 2088 Ἀλλ’
1170 2037 1340 2104 ἴωμεν
1367 2039 1456 2088 ἐπὶ
1483 2037 1580 2105 τὴν
1605 2039 1881 2102 ἀπόδειξιν
1909 2040 2123 2091 ἀποδει-

537 2131 798 2193 κνύντες,
837 2128 912 2190 ὡς
948 2129 1007 2180 οὐ
1046 2128 1228 2192 καλῶς
1265 2129 1536 2196 λεγόντων
1571 2131 1680 2182 τῶν
1722 2134 2122 2198 καινοφωνούν-

534 2240 671 2285 των,
699 2221 781 2272 ὅτι
807 2221 934 2283 τοὺς
959 2223 1118 2289 ὅρους
1143 2221 1498 2290 παρείδομεν,
1526 2221 1794 2288 λεγόντων
1821 2223 1943 2276 καθ’
1968 2225 2121 2294 ἡμῶν

535 2316 759 2376 ἐκεῖνα,
798 2312 946 2382 ἅπερ
982 2315 1041 2365 οὐ
1082 2313 1241 2378 θέμις
1275 2313 1482 2380 λέγειν.
1522 2315 1630 2367 Καὶ
1669 2315 1776 2382 γὰρ
1815 2316 1874 2368 τὸ
1909 2319 2122 2383 όμοούο

535 2405 822 2471 σιον,·καὶ
845 2409 904 2456 τὸ
937 2405 1076 2470 Θεὸς
1103 2405 1169 2456 τὸ
1198 2407 1441 2473 Πνεῦμα
1467 2408 1530 2458 τὸ
1561 2407 1750 2476 ἄγνον,
1779 2410 1873 2461 καὶ
1899 2412 1959 2461 re
1990 2413 2121 2463 Θεο-

536 2497 750 2561 τόκος,
792 2495 890 2549 καί
929 2495 1044 2562 τὴν
1083 2496 1214 2549 καθ’
1242 2498 1594 2552 ὑπόστασιν
1631 2499 1853 2553 ἕνωσιν
1893 2503 1941 2554 οἱ
1988 2502 2121 2555 θεῖοι

535 2585 833 2644 ἀπύστολοι
864 2587 964 2639 οὐκ
992 2583 1169 2652 εἷπον,
1205 2588 1321 2639 ἀλλ’
1347 2589 1456 2640 οὐδ’
1481 2591 1581 2642 ὅσα
1609 2593 1657 2644 οἱ
1692 2593 1833 2658 ἅγιοι
1863 2593 2119 2662 διεσάφη-

538 2695 643 2730 σαν
671 2694 684 2704 ·
720 2677 833 2734 ἀλλ’
856 2678 916 2730 οὐ
945 2679 1232 2747 τολμηταὶ,
1261 2679 1371 2732 οὐδ’
1397 2680 1501 2732 ὐπὸ
1528 2681 1589 2733 τὸ
1617 2683 1865 2750 ἀνάθεμα
1899 2685 2122 2753 ἐκρίθη-

539 2787 666 2822 σαν.
694 2771 806 2823 Καὶ
828 2769 987 2822 τοῦτο
1017 2769 1161 2836 μάλα
1187 2770 1367 2831 καλῶς
1394 2772 1688 2840 παρίστησι
1717 2775 1812 2826 καὶ
1841 2775 1872 2842 ἡ
1903 2774 2121 2837 σύνοδος

537 2864 573 2930 ἡ
612 2861 756 2913 κατὰ
795 2860 1105 2914 Ἀκινδύνου
1143 2862 1471 2930 συναχθεῖσα
1499 2905 1513 2927 ,
1551 2865 1931 2935 ἐγκαλουμένη
1970 2870 2120 2935 παρὰ

535 2957 651 3008 τῶν
685 2955 1085 3018 στασιαζόντων
1107 2996 1120 3018 ,
1154 2957 1335 3016 καθὼς
1365 2957 1683 3026 περιέχεται
1719 2961 1776 3012 ὲν
1808 2957 1888 3029 τῷ
1922 2961 2118 3030 Τὸμῳ,

539 3047 603 3101 οὐ
649 3050 683 3117 ἡ
726 3047 906 3117 ἀρχήο
957 3066 976 3099 ι
1025 3045 1166 3102 Οὔτε
1210 3048 1352 3120 κατά
1392 3046 1490 3114 τὴν
1530 3049 1628 3116 τῆς
1661 3049 1986 3119 Ἐκκλησίας
2025 3053 2117 3104 τοῦ

2221 566 2341 637 Item
2384 555 2694 617 habentes.
2753 565 2815 610 ut
2896 556 3012 626 ipse
3050 557 3227 612 dicit:
3287 557 3385 611 Ubi
3432 569 3554 612 sunt
3602 577 3816 630 tangre-

2226 647 2426 715 gatiin
2483 647 2690 700 nomine
2751 664 2906 712 meo,
2972 649 3025 700 in
3086 650 3256 702 medio
3318 667 3524 712 eorum
3583 668 3699 704 sum
3773 655 3812 713 ¹,

2223 753 2342 790 ea-n
2405 739 2640 792 decretis
2704 739 2820 792 suis
2877 740 3193 794 lirmitate-n
3273 741 3565 802 tribuunt,
3603 750 3660 793 ut
3711 757 3810 795 nc-

2229 831 2357 884 mini
2401 829 2480 886 fas
2515 833 2587 884 sit
2618 846 2682 884 ex
2725 830 2956 886 adverso
3027 831 3081 884 in
3149 847 3213 886 ea
3267 833 3540 906 aspicere.
3614 833 3813 886 Prohi-

2227 925 2362 978 bitio
2389 925 2613 982 alterius
2641 925 2762 979 lidei
2785 939 2814 978 a
2833 924 3247 995 gloriosissimis
3273 924 3405 991 ipsis
3424 924 3684 992 apostolis
3709 931 3814 989 est,

2229 1015 2673 1084 quandoquidem
2732 1016 2937 1072 Paulus
2989 1016 3182 1072 scribit
3228 1034 3242 1070 :
3293 1013 3409 1070 Una
3475 1016 3629 1084 ﬁdes,
3679 1033 3812 1069 tinus

2237 1108 2494 1164 Dominus
2552 1109 2594 1164 ’.
2641 1108 2775 1162 Cum
2867 1109 3043 1179 igitur
3097 1125 3205 1164 una
3290 1109 3424 1164 ﬁdes
3490 1119 3617 1173 est,
3688 1125 3816 1162 mo-

2225 1200 2311 1253 dis
2367 1201 2628 1254 munibus
2683 1200 2788 1254 alia
2849 1201 3124 1254 contraria
3183 1203 3261 1255 illi
3327 1201 3544 1256 fuerit:
3585 1216 3710 1255 nam
3765 1201 3809 1255 si

2229 1293 2332 1345 alia
2363 1300 2468 1357 est,
2497 1307 2604 1352 non
2636 1296 2824 1362 utique
2847 1309 2953 1348 una
2987 1301 3088 1348 est.
3129 1295 3289 1349 Esset
3319 1296 3468 1349 enim
3496 1295 3684 1349 ealem
3714 1333 3729 1356 ,
3757 1304 3810 1346 et

2229 1400 2337 1439 non
2362 1385 2463 1438 alia
2494 1401 2510 1452 ;
2561 1386 2705 1454 quod
2735 1385 2778 1439 si
2808 1385 2914 1442 alia
2962 1397 3068 1452 est,
3104 1400 3210 1440 non
3242 1388 3432 1440 eadem
3464 1397 3568 1440 cst.
3603 1386 3812 1440 Paulus

2230 1477 2355 1532 item
2417 1494 2648 1547 magnus
2714 1480 2998 1546 apostolus
3027 1480 3242 1534 intonat
3271 1497 3286 1534 :
3313 1479 3372 1534 Si
3401 1481 3518 1548 quis
3551 1481 3814 1547 evangeli-

2228 1579 2307 1626 τοι
2371 1574 2516 1626 aliud
2576 1583 2768 1642 printer
2836 1575 2888 1628 id
2947 1573 3089 1645 quod
3151 1575 3454 1642 accepistis,
3521 1573 3809 1627 anathema

2228 1667 2294 1718 sit
2329 1666 2371 1720 ³.
2405 1666 2469 1718 Et
2496 1665 2786 1736 Dionysius
2845 1667 2994 1722 illius
3035 1667 3343 1734 discipulus
3383 1665 3647 1726 decernit,
3696 1683 3714 1715 ι
3750 1666 3808 1720 in

2229 1759 2545 1814 universum
2579 1774 2686 1812 non
2738 1773 2862 1813 esse
2911 1760 3074 1813 nobis
3118 1759 3434 1813 audendum
3488 1765 3685 1826 pneter
3719 1771 3809 1817 ea,

2228 1867 2349 1920 qua:
2403 1850 2666 1904 divinitus
2718 1850 2784 1904 de
2818 1851 3020 1904 divinis
3066 1851 3299 1919 eloquiis
3363 1850 3602 1902 revelata
3645 1857 3805 1910 sunt;

2227 1942 2434 2011 aliquid
2471 1945 2552 1998 vel
2601 1943 2846 1998 dictione
2902 1943 3182 2013 prosequi,
3248 1943 3333 1996 vel
3389 1949 3572 1994 mente
3624 1940 3811 1995 conci-

2227 2051 2375 2104 pere.
2418 2055 2436 2088 ι
2494 2036 2597 2090 Sed
2627 2037 2897 2090 universa:
2950 2037 3145 2106 synodi
3189 2043 3584 2098 sacrosanctzc,
3627 2044 3681 2088 et
3713 2032 3812 2085 Pa-

2228 2137 2340 2182 tres
2374 2143 2460 2183 res
2498 2127 2714 2182 divinas
2766 2128 3160 2188 emendi-runt,
3199 2135 3254 2179 et
3315 2124 3698 2188 declararunt,
3755 2132 3809 2179 et

2229 2228 2406 2274 lainen
2441 2221 2590 2274 nullo
2622 2221 2672 2272 in
2709 2221 2829 2273 loco
2863 2220 3097 2285 reputati
3150 2229 3301 2282 sunt,
3336 2229 3557 2286 propter
3586 2227 3810 2270 sancto-

2227 2329 2346 2367 rum
2399 2313 3144 2382 eloquiorumextensiouem
3205 2320 3260 2364 et
3325 2310 3805 2392 declarationem,

2227 2406 2388 2458 aliam
2441 2404 2603 2460 ﬁdem
2659 2405 3061 2473 composmsse.
3120 2402 3485 2472 PrOperemus
3519 2402 3584 2455 ad
3627 2402 3804 2470 ipsam

2227 2497 2772 2561 demonstrationem,
2793 2511 2898 2564 qua
2926 2497 3099 2564 palam
3122 2495 3379 2548 omnibus
3399 2495 3511 2556 ﬁet,
3538 2509 3640 2548 non
3662 2501 3807 2547 recte

2228 2590 2401 2658 loqui,
2439 2589 2531 2658 qui
2585 2589 2822 2644 inaniter
2869 2587 3246 2642 vociferantur
3273 2628 3288 2652 ,
3320 2570 3668 2650 asserentes,
3706 2601 3805 2641 nos

2225 2683 2446 2735 decreta
2480 2682 2701 2736 Patrum
2729 2681 3148 2749 contempsisse,
3187 2680 3674 2747 obloquunturquc
3707 2679 3804 2731 ad-

2224 2791 2419 2829 versus
2453 2790 2734 2842 nos,.quze
2766 2757 2920 2827 uetas
2953 2783 3035 2827 est
3060 2772 3264 2826 dicere.
3306 2771 3520 2824 Etenim
3564 2757 3804 2824 Ποηιοιέ-

2225 2872 2360 2931 sion,
2389 2878 2439 2921 et
2477 2867 2641 2920 Deum
2701 2866 2960 2936 Spiritum
3019 2877 3286 2926 sanetum,
3315 2875 3362 2919 et
3426 2865 3729 2930 Deiparam,
3755 2880 3804 2916 et

2226 2962 2511 3016 secundum
2547 2959 2867 3028 ﬁgpostasim
2901 2959 3172 3020 unionem,
3225 2972 3404 3024 neque
3465 2957 3630 3009 divini
3662 2958 3807 3023 Apo-

2228 3052 2783 3115 stolicnttntiarunt,
2845 3065 3020 3118 neque
3078 3048 3269 3102 Patres
3327 3047 3660 3102 sanetissiini
3716 3065 3812 3115 pr
3885 3088 3896 3098 .

539 3141 724 3195 κοινοῦ
751 3140 1013 3208 πολεμίου
1040 3141 1253 3205 ἀγνοεῖν
1274 3140 1482 3191 οὐδένα.
1520 3157 1536 3189 ι
1568 3140 1722 3192 Μετὰ
1750 3142 1919 3194 πο).λά
1947 3160 2081 3210 φησι
2106 3162 2117 3175 ·

2228 3147 2410 3199 omnia
2470 3145 2845 3207 declararunt,
2909 3141 3004 3195 sed
3061 3156 3169 3193 non
3219 3150 3507 3210 propterea
3569 3140 3805 3194 audaces

547 3255 567 3287 ι
600 3237 753 3296 Τίνος
781 3234 969 3287 ἕνεκεν
996 3233 1260 3304 βασιλέως
1288 3233 1542 3293 εὐσεϐοῦς
1568 3234 1767 3296 ζῶντος
1795 3237 1922 3303 παρ’
1944 3237 2121 3288 αὐτῶν

539 3327 766 3382 τοιαῦτα
795 3327 937 3379 κατὰ
969 3326 1067 3395 τῆς
1103 3324 1392 3386 εὐσεϐείας
1427 3325 1696 3394 τολμᾶται
1725 3344 1738 3388 ;
1775 3328 1838 3379 Ol
1873 3327 1928 3377 δὲ
1964 3329 2122 3397 ᾐτιά-

541 3437 708 3472 σαντο
743 3419 1065 3490 προσθήκην
1099 3417 1223 3470 τινὰ
1258 3418 1315 3469 ἐν
1347 3420 1410 3488 τῇ
1448 3417 1705 3488 ὁμολογία
1737 3419 1844 3469 τῶν
1876 3435 2122 3486 χειροτο-

541 3513 823 3583 νουμένων
847 3511 1153 3580 ἀρχιερέων
1177 3511 1555 3579 γεγενημένην
1581 3525 1594 3536 ·
1632 3526 1650 3559 ι
1680 3510 1775 3562 καὶ
1804 3511 1941 3578 μετά
1966 3527 2087 3561 τινα
2110 3526 2121 3539 ·

548 3628 567 3659 ι
611 3607 732 3658 Ἐπὶ
761 3605 972 3665 τούτοις
1004 3605 1035 3672 ή
1068 3601 1186 3654 θεία
1219 3603 1460 3663 σύνοδος,
1497 3603 1633 3670 πρὸς
1665 3601 1732 3671 ἢν
1762 3603 1898 3670 φατὲ
1930 3601 2120 3668 δυσχε-

544 3698 748 3766 ραίνειν
769 3734 784 3756 ,
818 3695 952 3761 φησὶ
977 3734 990 3758 ,
1031 3692 1356 3760 προσθήκην
1377 3731 1390 3753 ,
1425 3691 1546 3759 ἣτις
1575 3691 1698 3742 οὐδὲ
1735 3690 2022 3758 προσθήκη
2055 3689 2120 3741 ἂν

539 3789 768 3852 δικαίως
800 3787 1076 3846 καλεῖται,
1109 3784 1182 3845 ὡς
1214 3782 1513 3846 ἀνάπτυξις
1544 3776 1680 3834 οὖσα
1705 3780 1807 3848 τῆς
1839 3780 1998 3846 ἁγίας
2028 3779 2120 3831 καὶ

541 3880 932 3950 οίκουμενικῆς
965 3879 1128 3947 ἕκτης
1164 3877 1406 3928 συνόδου.
1451 3894 1468 3926 ι
1513 3875 1670 3928 Οὖτω
1707 3875 1892 3942 σαφῶς
1930 3875 2120 3940 φαίνε-

538 3993 636 4028 ται
671 3975 765 4027 καὶ
799 3990 869 4025 πα
884 3972 948 4041 ρὰ
983 3970 1190 4024 τούτων
1225 3970 1336 4020 τῶν
1370 3968 1629 4034 Πατὲρων
1651 4009 1665 4030 ,
1701 3969 1784 4018 ὅτι
1820 3967 2121 4030 ἀνάπτυξτς

539 4065 602 4116 οὐ
637 4062 934 4123 κωλύεται,
993 4060 1114 4111 οὐδὲ
1149 4059 1443 4127 σαφήνεια,
1474 4059 1549 4120 ὼς
1578 4060 1870 4126 νοουμένου
1902 4058 1995 4110 καὶ
2024 4058 2116 4110 τοῦ

545 4157 620 4226 μὴ
662 4154 978 4224 εἰρημένου.
1019 4153 1140 4215 Πῶς
1183 4149 1276 4204 οὖν
1317 4151 1373 4201 ὲν
1413 4151 1606 4211 αίτίοις
1651 4153 1953 4218 ποιήσομεν
1993 4151 2120 4212 τοὺς

542 4246 714 4298 ταυτὰ
743 4244 953 4304 τούτοις
984 4243 1277 4310 λέγοντας,
1311 4241 1384 4304 ὡς
1419 4243 1716 4312 σαφήνειαν
1750 4242 1847 4293 καὶ
1879 4242 2123 4296 ἀνάπτυ-

542 4339 627 4402 ξιν
659 4337 1020 4406 πεποιηκέναι
1041 4354 1054 4399 ;

2229 3237 2424 3301 fuisse,
2454 3249 2505 3291 et
2525 3238 2815 3289 anathema
2850 3233 3155 3288 incurrisse
3180 3249 3275 3288 eos
3310 3234 3402 3302 qui
3429 3233 3805 3293 declararunt,

2229 3329 2602 3394 existimatum
2632 3336 2713 3381 est
2753 3344 2766 3379 :
2802 3326 2947 3383 (ιιιοά
2979 3325 3265 3394 aptissime
3291 3324 3582 3378 conﬁrmat
3616 3322 3813 3375 adver-

2233 3438 2327 3476 sus
2356 3418 2698 3489 Acindynum
2723 3428 2912 3471 coacta
2939 3419 3202 3486 synodus,
3257 3415 3324 3470 ab
3352 3415 3437 3479 iis,
3468 3413 3559 3482 qui
3585 3412 3810 3465 seditio-

2233 3515 2396 3568 nibus
2420 3527 2638 3580 operam
2668 3511 2892 3570 dabant.
2915 3512 2976 3563 in.
3004 3511 3210 3564 Crimen
3239 3520 3456 3571 vocata,
3492 3513 3549 3558 ut
3575 3506 3804 3560 habetur

2235 3604 2288 3656 in
2326 3612 2497 3667 tomo,
2532 3601 2690 3669 cujus
2717 3600 3046 3666 principium
3080 3616 3093 3652 :
3139 3617 3157 3649 ι
3190 3597 3369 3665 Neque
3392 3596 3658 3649 adversus
3697 3593 3805 3647 Ec-

2231 3695 2449 3749 clesiam
2478 3693 2788 3748 communis
2837 3690 3136 3744 adversarii
3165 3691 3417 3758 ignorare
3448 3689 3745 3750 neminem.
3783 3705 3801 3734 ν

2233 3787 2414 3865 Illultis
2451 3785 2749 3857 interiectis
2798 3784 3018 3838 demum
3070 3783 3258 3836 subdit
3288 3801 3302 3838 :
3336 3801 3352 3833 ι
3381 3781 3495 3846 Qua
3532 3780 3600 3834 de
3639 3794 3808 3832 causa

2231 3880 2323 3948 pio
2380 3878 2714 3946 imperatore
2761 3877 2941 3931 adhuc
3001 3876 3303 3944 superstite
3355 3874 3557 3929 similia
3617 3883 3807 3926 reiitra

2229 3972 2485 4039 pietatem
2534 3969 2781 4024 audent?
2839 3968 2897 4021 lli
2934 3983 3062 4021 vero
3098 3968 3370 4021 criminati
3403 3979 3533 4022 sum
3579 3965 3810 4019 additio-

2231 4079 2352 4117 nem
2395 4064 2686 4131 quamdam
2739 4063 2937 4116 factam
2978 4078 3100 4116 esse
3137 4064 3194 4134 in.
3225 4059 3582 4116 confessione
3615 4074 3802 4114 corum

2227 4157 2548 4224 praesulum,
2608 4156 2699 4223 qui
2757 4155 2810 4207 in
2867 4155 3184 4222 dignitatem
3235 4161 3649 4222 promoventur.
3686 4169 3706 4202 ι
3746 4150 3808 4202 lit

2232 4255 2358 4316 post
2408 4261 2579 4314 pauca
2615 4261 2633 4300 :
2667 4264 2683 4296 ι
2745 4245 2820 4297 De
2849 4246 2934 4300 his
2973 4255 3160 4298 sancta
3217 4243 3489 4314 synodus,
3543 4243 3807 4296 adversus

2161 4315 2201 4382 Π
2233 4336 2394 4406 qubm
2423 4338 2725 4406 iniquiores
2745 4337 2900 4400 estis,
2963 4337 3320 4400 additionem,
3356 4337 3510 4398 dicit,
3547 4350 3668 4403 qua:
3711 4347 3810 4386 nec

540 4435 737 4490 merito
767 4432 975 4488 additio
1007 4431 1185 4485 vocari
1234 4430 1418 4492 debet,
1454 4437 1716 4499 tauquam
1766 4446 1889 4500 quae
1923 4431 2228 4492 declaratio
2258 4432 2328 4487 sit
2388 4441 2593 4487 sanctae
2657 4441 2708 4485 et
2742 4432 3096 4484 mcumcnicze
3139 4438 3306 4483 sexta)
3372 4429 3587 4497 synodi.
3623 4445 3640 4477 ι
3716 4427 3808 4479 Sic

542 4527 834 4584 manifesto
905 4535 1131 4596 apparet
1185 4525 1327 4592 apud
1395 4525 1494 4579 hos
1543 4541 1762 4595 quoque
1813 4523 2006 4579 Patres
2057 4541 2167 4580 non
2245 4524 2525 4593 prohiberi
2593 4521 3034 4591 expositionem,
3110 4534 3285 4586 neque
3332 4517 3802 4578 declarationem,

538 4642 694 4695 mque
750 4642 812 4680 ac
867 4625 912 4679 si
957 4624 1481 4694 subiutelligeretur,
1519 4626 1662 4690 quod
1727 4624 1906 4678 verbis
1940 4637 2259 4690 expressum
2298 4635 2405 4674 non
2441 4630 2541 4674 est.
2586 4619 2704 4684 Qua
2763 4616 2928 4687 igitur
2978 4617 3188 4669 ratione
3256 4615 3309 4667 in
3377 4614 3582 4666 crimen
3644 4626 3811 4663 vora-

543 4726 721 4779 bimus
753 4736 869 4784 eos,
906 4720 995 4788 qui
1023 4719 1210 4772 eadem
1243 4732 1406 4788 atque
1436 4720 1522 4773 isti
1553 4719 1812 4783 fatentur,
1843 4728 1896 4772 (ιι
1925 4719 2345 4771 declarationem
2377 4725 2540 4785 atque
2568 4714 2964 4784 expositionem
2999 4709 3324 4778 apposuisse
3353 4723 3460 4759 non
3505 4705 3737 4773 negant?

2304 4812 2356 4867 9.
2425 4811 2692 4864 Prmterea
2736 4807 2954 4862 dicebat
3014 4803 3305 4873 Ephesius,
3379 4800 3802 4868 prohibitionem

613 4816 676 4869 θ’.
710 4817 830 4866 Ἔτι
857 4814 914 4866 δὲ
951 4814 1134 4890 ἔλεγεν
1175 4815 1202 4864 ὁ
1239 4814 1490 4880 Ἐφέσου,
1523 4813 1598 4875 ὡς
1630 4813 1690 4864 τὸ
1711 4813 1938 4882 κώλυμα
1965 4809 2123 4865 τοῦτο

544 4908 695 4974 παρὰ
728 4907 828 4976 τῆς
871 4907 1030 4973 ἁγίας
1083 4905 1175 4958 καὶ
1233 4906 1622 4974 οἰκουμενικῆς
1671 4905 1862 4975 τρίτης
1903 4905 2120 4958 συνόδου

539 5000 956 5068 νενομοθέτητο.
984 4998 1121 5067 Φησὶ
1146 4997 1279 5065 γὰρ,
1326 5015 1345 5047 ‹
1385 4996 1519 5048 Κατ’
1545 4996 1736 5049 οὐδένα
1792 4996 1994 5066 τρόπον
2028 5012 2124 5047 σα-

543 5092 802 5146 λεύεσθαι
831 5091 982 5161 ποιρά
1013 5108 1174 5142 τινων
1215 5089 1523 5157 ἀνεχόμεθα
1548 5092 1646 5160 τὴν
1686 5089 2003 5158 ὁρισθεῖσαν
2036 5091 2124 5140 πί-

544 5201 686 5250 στιν,
716 5183 834 5254 ήτοι
861 5182 923 5236 τὸ
951 5183 1053 5252 τῆς
1083 5183 1322 5245 πίστεως
1351 5181 1648 5250 Σύμϐολον,
1704 5183 1763 5235 τὸ
1806 5183 1955 5248 παρὰ
2019 5182 2128 5234 τῶν

545 5277 720 5344 ἁγίων
759 5275 1205 5347 Πατέρωνήμῶν
1235 5274 1344 5326 τῶν
1396 5276 1452 5325 ἐν
1502 5273 1707 5342 Νικαῗα
1758 5273 2126 5325 συνεὶθύντων

546 5370 688 5423 κατὰ
714 5368 962 5439 καιροὺς,
991 5365 1117 5420 οὐτε
1153 5366 1262 5436 μὴν
1287 5360 1656 5434 ἐπιτρέπομεν
1693 5369 1789 5419 ὲαυ
1803 5370 1928 5431 τινίς,
1953 5369 1985 5438 ἢ
2015 5368 2128 5420 ἑτέ-

549 5477 683 5530 ροις,
715 5459 747 5528 ἣ
775 5458 923 5523 λέξιν
953 5456 1182 5525 ἀμεῖψαι
1210 5457 1317 5508 τῶν
1345 5457 1686 5524 ἐγκειμένων
1715 5459 1972 5528 ἐκεῖσε,ἢ
2001 5460 2130 5527 μίαν

545 5551 678 5620 γοῦν
714 5550 1030 5620 παραϐῆναι
1067 5548 1360 5617 συλλαϐὴν,
1417 5549 1758 5618 μεμνημένοι
1817 5549 1910 5599 τοῦ
1946 5549 2128 5616 λέγον-

546 5663 659 5709 τος,
726 5662 744 5695 ι
784 5643 876 5711 Μὴ
907 5642 1134 5711 μέταιρε
1167 5641 1293 5708 ὅρια
1324 5639 1542 5707 αἰώνια,
1577 5640 1610 5692 ἃ.
1651 5642 1838 5694 ἔθεντο
1877 5643 1922 5692 ei
1963 5642 2131 5693 Πατέ-

651 5809 852 5867 ‘Mattb
909 5826 1042 5879 xm,
1066 5811 1152 5865 21).
1233 5816 1250 5845 ²
1277 5811 1570 5880 ίοῖιιῖιιεάιν,
1595 5827 1642 5865 γ.
1742 5811 1756 5842 ⁵
1792 5808 1965 5864 Galat.
1994 5823 2030 5873 ι,

2237 4901 2374 4953 hanc
2408 4914 2434 4951 a
2466 4909 2655 4953 sancta
2674 4906 2727 4951 ct
2759 4895 3092 4952 mcumcnica
3143 4893 3303 4947 tertia
3337 4890 3543 4961 synodo
3565 4890 3808 4959 praescri-

2231 5007 2375 5065 ptam
2409 4994 2613 5058 fuisse;
2642 5007 2875 5055 namque
2905 4988 3090 5043 scribit
3121 5006 3132 5041 :
3171 5006 3187 5038 ι
3229 4985 3386 5040 Nullo
3419 4984 3578 5038 modo
3630 4999 3814 5037 move-

2234 5089 2277 5140 ri
2314 5088 2382 5140 ab
2417 5086 2689 5154 aliquibus
2731 5093 3070 5138 sustmemus
3121 5081 3396 5136 decretam
3459 5078 3642 5142 ﬁdem,
3698 5079 3812 5133 sive

2233 5177 2352 5232 ﬁdei
2395 5176 2710 5246 Symbolum
2747 5188 2773 5226 a
2799 5173 3007 5228 sanctis
3062 5172 3320 5226 Patribus
3372 5170 3576 5224 nostris
3615 5166 3811 5222 Nicaea:

2233 5271 2399 5326 certis
2439 5268 2774 5338 temporibus
2797 5265 3145 5336 congregatis
3177 5264 3543 5333 compositum
3589 5280 3602 5316 :
3635 5277 3812 5329 neque

2236 5362 2394 5416 nobis
2425 5361 2580 5430 ipsis,
2617 5360 2701 5412 vel
2737 5359 2862 5412 aliis
2913 5357 3304 5426 permittinms,
3362 5366 3456 5409 aut
3509 5370 3686 5408 rerum
3739 5355 3809 5407 ibi

2233 5454 2526 5524 positarum
2567 5452 2862 5506 dictionem
2890 5451 3200 5510 imnmtare,
3237 5455 3511 5499 autunam
3545 5445 3808 5514 syllabmu

2233 5544 2602 5616 printer-gredi,
2639 5542 2872 5596 dicentis
2920 5554 3209 5603 memores,
3266 5553 3332 5591 ne
3389 5536 3616 5591 sustolle
3678 5538 3812 5590 iiut's

2234 5639 2619 5709 sempiternos,
2653 5651 2788 5704 quos
2826 5648 3056 5704 posuere
3092 5631 3279 5686 Patres
3321 5629 3421 5694 tui,
3453 5641 3506 5686 et
3548 5645 3667 5698 qua:
3721 5645 3809 5684 se-
