4176 6278
443 359 548 423 219

1364 370 1753 430 'GREGORII
1804 368 2104 428 ΜΑΜΜᾸΞ
2141 369 2248 430 CP.
2295 367 2809 429 PATRIARCHE

3585 366 3695 431 2:20

439 493 706 550 qttuntur.
739 480 864 537 Haec
889 490 948 537 ut
976 498 1036 540 se
1064 484 1320 549 habeant,
1345 485 1782 540 consideremus.
1825 483 2012 552 Neque

2118 522 2208 574 ρες
2241 521 2354 558 σου’
2394 525 2411 557 ι
2456 507 2550 556 καὶ
2582 505 2650 556 τά
2679 503 2826 570 ἑξῆς.
2869 503 3105 570 Ἰδωμεν
3137 502 3193 554 δὲ
3221 504 3338 566 πῶς
3375 503 3514 573 ἔχει.
3579 507 3691 560 Καὶ

441 589 508 627 ex
541 574 756 637 alienis,
790 589 965 645 neque
988 589 1053 628 ex
1102 578 1306 632 nostris
1355 579 1609 646 cogitatis
1668 579 2013 632 demonstra-

440 667 640 728 bimus.
672 667 764 721 sed
790 684 853 723 ex
881 676 1195 724 sanctorum
1223 670 1442 724 Patrum
1476 680 1530 726 et
1562 670 1814 726 Ecclesiae
1831 671 2016 725 docto-

443 774 562 811 rum
596 759 783 823 dictis,
813 775 922 813 non
951 775 979 813 a
1013 762 1172 815 tertia
1192 763 1416 831 synodo,
1443 763 1537 818 sed
1572 773 1697 817 ante
1715 763 2011 818 secundam

441 862 662 916 quoque
686 849 1106 917 prohibitionem
1142 853 1287 906 illam
1311 852 1514 908 factam
1538 853 1729 909 fuisse.
1802 852 2012 907 Scribit

444 956 678 1010 namque
697 956 928 1012 magnus
959 943 1192 1000 Basilius
1245 947 1475 1016 epistola
1515 949 1581 1002 ad
1617 948 2012 1003 Antiochenam

445 1030 768 1100 Ecclesiam,
811 1037 966 1106 cujus
1035 1039 1366 1108 principium
1411 1059 1424 1094 :
1470 1041 1602 1107 Quis
1659 1042 1812 1096 dabit
1879 1043 2012 1098 mihi

444 1128 559 1183 alas
593 1130 768 1183 instar
825 1130 1128 1185 columbae?
1169 1150 1182 1185 :
1221 1151 1240 1183 ι
1270 1132 1454 1187 Fidem
1492 1150 1590 1191 nos
1623 1152 1800 1206 neque
1829 1153 2014 1193 recen-

442 1223 632 1275 tiorem
662 1223 728 1276 ah
745 1221 866 1275 aliis
886 1225 1248 1295 conscriptam
1280 1238 1653 1297 acceptamus,
1677 1247 1856 1300 neque
1879 1231 2012 1300 ipsis

441 1314 643 1367 mentis
673 1324 876 1369 nostra!
904 1315 1066 1371 factus
1094 1318 1215 1372 aliis
1254 1319 1553 1374 obtrudere
1605 1323 1892 1385 audemus,
1947 1339 2016 1377 ne

441 1405 676 1460 humana
714 1408 980 1464 faciamus
1045 1411 1264 1479 pietatis
1292 1414 1477 1477 verba,
1504 1415 1597 1469 sed
1631 1431 1750 1484 qua:
1777 1431 1806 1470 a
1838 1417 2014 1472 sancti

441 1496 697 1553 Patrihus
727 1502 904 1555 edocti
930 1519 1143 1565 smnus,
1172 1519 1232 1556 ea
1265 1520 1364 1559 nos
1390 1506 1860 1576 interrogantibus
1912 1525 2015 1563 an-

443 1593 781 1645 nuntiamus.
819 1592 913 1646 Est
944 1595 1131 1662 itaque
1157 1596 1410 1650 Ecclesia:
1450 1609 1650 1652 nostra;
1680 1613 1709 1651 a
1763 1599 2016 1654 Patribus

442 1683 838 1739 administrata:
859 1685 1018 1740 etiam
1052 1703 1080 1739 a
1113 1691 1321 1743 sanctis
1347 1686 1623 1756 Patribus,
1681 1691 1774 1760 qui
1826 1691 2018 1746 Nicmaa

441 1787 767 1837 convenere,
819 1777 1133 1846 conscripta
1193 1779 1348 1839 fides.
1401 1795 1564 1850 quam
1631 1785 2016 1837 tametsiarbi-

443 1873 654 1920 tramur
677 1881 770 1919 ore
796 1876 976 1932 tenus,
1003 1880 1054 1922 et
1089 1871 1232 1938 apud
1264 1873 1436 1925 vosin
1486 1888 1584 1928 usu
1639 1874 1847 1940 haberi,
1907 1893 2012 1931 non

442 1968 622 2010 tamen
651 1956 1099 2022 detrectabimus,
1157 1976 1223 2016 ne
1287 1963 1514 2018 desidiei
1569 1967 1802 2021 crimine
1858 1974 2013 2020 note-

440 2065 584 2113 lltul‘,
620 2052 733 2118 ipsa
770 2064 988 2117 qucque
1013 2053 1174 2106 verba
1204 2053 1403 2110 litteris
1429 2063 1713 2113 annotare.
1743 2057 1883 2112 Sunt
1920 2074 2014 2111 au-

439 2150 546 2195 tent
579 2141 682 2195 ista
718 2158 731 2196 :
761 2140 1040 2197 Credimus
1070 2145 1126 2198 in
1148 2161 1308 2198 unum
1343 2146 1509 2201 Deum
1541 2147 1757 2202 Patrem
1781 2151 2015 2218 omnipo-

440 2241 651 2295 tentem,
680 2240 735 2286 et
754 2233 961 2303 reliqua
983 2233 1226 2304 Symboli
1263 2236 1524 2292 Nicaeni.»
1559 2240 1750 2294 Annon
1781 2256 2014 2309 congru-

437 2334 535 2378 unt
566 2325 706 2377 inter
739 2340 798 2379 se
851 2327 1203 2381 concorditer
1257 2339 1312 2380 et
1367 2345 1598 2397 magnus
1658 2331 1916 2396 Basilius,
1961 2342 2016 2386 et

437 2415 891 2486 divus_Cyrillus,
927 2417 1020 2486 qui
1049 2419 1147 2482 ait,
1179 2435 1198 2468 ι
1235 2418 1351 2471 Non
1413 2419 1783 2486 permittimus
1835 2435 2015 2491 neque

438 2505 1087 2586 nobismetipsishneque
1131 2507 1302 2563 aliis?
1331 2527 1349 2560 ι
1389 2507 1452 2562 Et
1519 2509 1738 2566 divinus
1791 2513 2011 2580 quidem

436 2598 676 2667 Cyrillus
704 2599 808 2654 hoc
843 2600 1028 2665 modo,
1063 2609 1118 2656 et
1147 2617 1373 2670 magnus
1410 2602 1666 2668 Basilius,
1692 2620 1816 2673 quae
1845 2623 2010 2678 supra

437 2690 683 2758 apposita
709 2700 836 2744 sunt
872 2711 885 2745 :
926 2709 943 2742 ι
979 2691 1165 2746 Fidem
1199 2708 1300 2748 nos
1335 2710 1510 2762 neque
1537 2696 1889 2751 recentiorem
1947 2700 2014 2753 ab

438 2783 559 2837 aliis
589 2784 954 2851 conscriptam
989 2792 1359 2852 acceptamus,
1417 2801 1596 2854 neque
1645 2787 1746 2856 ipsi
1809 2791 2012 2845 utentis

436 2884 641 2929 nostrae
664 2875 832 2930 foetus
879 2876 1002 2930 aliis
1062 2876 1358 2933 obtrudere
1416 2879 1704 2934 audemus.
1765 2899 1783 2932 ι
1856 2883 2014 2949 Quod

437 2983 606 3020 unum
641 2967 894 3037 idemque
919 2978 1003 3023 est
1035 2984 1160 3026 cum
1187 2985 1253 3026 eo
1285 2989 1299 3026 :
1325 2990 1346 3023 ‹
1382 2969 1498 3028 Non
1524 2974 1897 3044 permittimus
1918 2990 2014 3030 no-

436 3060 522 3114 bis
555 3061 707 3127 ipsis,
741 3076 841 3115 ncc
863 3061 1009 3118 aliis.
1041 3080 1060 3115 ι

511 3243 598 3298 10.
641 3243 926 3310 Praeterea,
962 3243 1211 3315 pluribus
1245 3248 1391 3302 enim
1419 3249 1521 3305 hoc
1553 3248 1696 3305 idem
1737 3265 2014 3320 exponen-

436 3334 561 3387 dum
588 3343 690 3400 est,
721 3335 797 3389 ait
829 3347 1056 3393 sanctus
1083 3337 1418 3394 Athanasius
1481 3349 1630 3395 tomo
1685 3341 1752 3395 ad
1825 3342 2016 3398 Antio-

435 3427 660 3494 chenos,
697 3430 854 3496 Cujus
897 3430 1266 3498 principium,
1300 3429 1540 3492 Dilectis,
1565 3440 1620 3485 et
1664 3430 2015 3489 desideratis-

435 3521 609 3582 simis,
647 3539 659 3573 :
695 3542 714 3572 ‹
758 3520 841 3574 Nil
881 3529 1077 3590 prater
1095 3536 1330 3590 ca,qutc
1363 3521 1556 3577 Nicaea
1582 3523 1804 3578 decreta
1860 3536 2013 3592 sunt,

436 3629 708 3680 promere.
745 3632 762 3665 ι
800 3614 866 3667 Et
912 3615 1100 3683 paucis
1137 3614 1436 3683 interiectis
1473 3632 1489 3670 :
1535 3634 1554 3668 ι
1593 3613 1824 3672 Voluere
1869 3618 2014 3672 enim

435 3706 678 3759 nonnulli
714 3706 870 3775 qu:tsi
928 3720 1118 3759 manca
1191 3715 1542 3777 cssent,qu:e
1581 3707 1800 3763 Nicaeae
1857 3725 2015 3780 syno-

433 3801 534 3848 dus
566 3797 884 3860 tradiderat,
921 3796 989 3850 de
1016 3799 1118 3852 [ide
1165 3799 1375 3868 aliquid
1429 3801 1671 3856 scribere
1710 3810 1766 3856 et
1818 3819 2014 3859 manus

435 3890 700 3941 audacter
735 3888 1048 3944 admovere.
1076 3885 1462 3943 Verumtamen
1491 3893 1738 3960 synodus
1769 3892 2015 3948 Sardicae

433 3990 621 4034 coacta
677 3993 959 4046 nona-quo
1006 3979 1190 4031 animo
1243 3979 1385 4042 tulit,
1431 3982 1835 4048 ordinavitquc,
1882 3984 2018 4037 nihil

433 4082 696 4141 przeterea
723 4069 790 4123 de
811 4070 914 4122 [ide
941 4071 1144 4137 scripto
1165 4070 1402 4134 tradere,
1428 4070 1522 4126 sed
1543 4072 1896 4140 acquiescere
1939 4076 2015 4129 illi

433 4178 552 4230 qua:
570 4179 598 4216 a
618 4160 865 4214 Patribus
887 4161 940 4213 in
968 4160 1147 4215 Nicaea
1203 4160 1337 4214 urbe
1361 4161 1494 4216 fides
1519 4163 1715 4217 tradita
1744 4175 1849 4232 est,
1875 4165 2018 4236 quod

434 4255 572 4307 nihil
591 4255 643 4306 in
667 4270 728 4306 ea
749 4254 911 4317 desit,
931 4253 1023 4306 sed
1043 4255 1245 4322 pietate
1268 4254 1527 4310 abundet.
1551 4257 1610 4309 Et
1646 4259 1791 4326 quod
1827 4275 2021 4314 secun-

434 4344 501 4396 da
530 4343 661 4396 ﬁdes
687 4341 1044 4410 seriptitanda
1071 4357 1178 4396 non
1203 4351 1310 4408 est,
1331 4360 1419 4408 ne,
1440 4361 1562 4413 quae
1585 4346 1777 4401 Nicaea:
1805 4351 2009 4418 scripta

431 4435 721 4494 est,ve|uti
756 4449 948 4488 manca
997 4445 1158 4504 atque
1184 4436 1853 4505 imperfectaexistimata,
1879 4457 2015 4496 ansa

2115 598 2213 650 οὐκ
2245 597 2440 666 ἔχομεν
2466 595 2626 648 τοῦτο
2651 595 2826 657 ἄλλως
2859 595 3135 658 ἀποδεῖξαι
3167 595 3276 650 οὐδ’
3305 597 3411 650 ἀπὸ
3444 599 3540 666 τῆς
3557 599 3690 667 ἡμε-

2115 690 2275 757 τέρας
2307 689 2565 752 διανοίας,
2598 687 2713 742 ἀλλ’
2748 685 2805 750 ἐξ
2836 681 2910 738 ὧν
2942 689 2989 740 οἱ
3024 687 3158 739 θεῖοι
3191 688 3437 757 Πατέρες
3492 690 3588 742 καὶ
3618 691 3694 742 δι-

2114 778 2373 832 δάσκαλοι
2403 779 2676 845 λέγουσιν,
2709 781 2790 831 ὅτι
2814 779 2914 830 οὐκ
2942 778 3052 830 ἀπὸ
3086 778 3188 844 τῆς
3221 778 3411 847 τρίτης
3469 781 3692 836 συνόδου

2115 873 2332 938 ἐγένετο
2357 871 2416 922 τὸ
2445 870 2695 938 κώλυμα,
2729 869 2867 924 ἀλλὰ
2925 869 3022 923 καὶ
3089 869 3197 938 πρὸ
3257 871 3356 936 τῆς
3392 870 3690 940 ³δευτέρας.

2115 963 2253 1028 Φησὶ
2283 963 2448 1033 γάρὸ
2498 962 2671 1032 μέγας
2723 962 3005 1022 Βασίλειος
3059 961 3118 1013 ἐν
3171 962 3239 1030 τῇ
3300 962 3554 1032 ἐπιστολῇ
3627 966 3692 1032 τῇ

2117 1053 2253 1123 πρὸς
2286 1053 2384 1121 τὴν
2427 1053 2747 1122 Ἀντιοχέων
2789 1051 3141 1120 Ἐκκλησίαν,
3180 1046 3250 1122 ἦς
3309 1052 3342 1117 ἡ
3384 1051 3546 1120 ἀρχὴ,
3599 1053 3696 1114 Τίς

2116 1144 2274 1198 δώσει
2305 1162 2392 1214 μοι
2411 1147 2686 1212 πτέρυγας
2708 1144 2838 1196 ὡσεὶ
2866 1143 3196 1213 περιστερᾶς
3224 1159 3238 1171 ·
3277 1158 3296 1192 ε
3322 1143 3510 1194 Πίστιν
3536 1145 3694 1212 ἡμεῖς

2117 1237 2240 1290 οὔτε
2271 1240 2401 1308 παρ’
2431 1239 2590 1291 ἄλλον
2618 1235 2977 1305 γραφομένην
3025 1236 3161 1303 ἡμῖν
3207 1235 3482 1302 νεωτέραν
3518 1251 3698 1302 παρα-

2120 1326 2561 1399 δεχόμεθα,οὓτε
2621 1325 2777 1381 αὐτοὶ
2837 1326 2906 1379 τὰ
2965 1325 3066 1393 τῆς
3118 1324 3392 1394 ἡμετέρας
3455 1325 3696 1385 διανοίας

2119 1423 2437 1489 γεννήματα
2466 1421 2821 1490 παραδιδόναι
2849 1419 3166 1487 τολμῶμεν,
3226 1417 3316 1470 ἵνα
3373 1417 3447 1487 μὴ
3484 1416 3697 1483 ἀνθρώ-

2120 1531 2251 1567 πινα
2278 1513 2594 1580 ποιήσωμεν
2623 1512 2688 1564 τὰ
2708 1511 2808 1578 τῆς
2830 1509 3115 1571 εὐσεὸείας
3142 1511 3385 1578 ῥήματα,
3414 1509 3529 1561 ἀλλ’
3553 1509 3698 1578 ἅπερ

2119 1605 2268 1674 παρὰ
2297 1603 2407 1656 τῶν
2439 1601 2611 1670 ἁγίων
2645 1600 2911 1668 Πατέρων
2956 1599 3350 1668 δεδιδάγμεθα,
3382 1599 3554 1652 ταῦτα
3584 1602 3697 1664 τοῖς

2121 1697 2397 1765 ἐρωτῶσιν
2439 1696 2578 1762 ἡμῖν
2599 1691 3015 1759 διαγγέλλομεν.
3053 1691 3211 1742 Ἔστι
3258 1691 3441 1743 τοίνυν
3493 1692 3556 1743 ἐκ
3589 1693 3698 1743 lla—

2119 1784 2293 1852 τέρων
2325 1780 2792 1848 ἐμπολιτευομένη
2826 1782 2893 1848 τῇ
2933 1780 3242 1850 Ἐκκλησία
3291 1779 3452 1848 ἡμῶν
3500 1781 3533 1849 ἡ
3565 1797 3701 1849 γρα-

2125 1877 2286 1941 φεῖσα
2321 1874 2470 1943 παρὰ
2495 1873 2603 1924 τῶν
2635 1871 2808 1940 άγίων
2845 1865 3105 1940 Πατέρων
3153 1874 3340 1933 πίστις
3392 1872 3502 1924 τῶν
3558 1872 3700 1923 κατὰ

2121 1967 2360 2018 Νίκαιαν
2399 1964 2766 2017 συνελθόντων
2795 1964 2947 2035 ἡμῖν,
2999 1963 3068 2032 ἣν
3130 1962 3418 2032 ἡγούμεθα
3473 1962 3575 2031 μὲν
3608 1962 3700 2014 διὰ

2125 2057 2394 2125 στόματος
2427 2052 2683 2107 εἶναικαὶ
2714 2053 2845 2123 παρ’
2877 2055 3030 2122 ὑμῖν,
3079 2054 3140 2106 οὐ
3174 2053 3594 2122 παραιτούμεθα
3619 2053 3699 2118 δὲ,

2125 2149 2212 2200 ἵνα
2246 2147 2381 2217 μηδέ
2414 2127 2573 2200 ὄκνου
2609 2146 2867 2214 ἔγκλημα
2918 2144 3372 2213 ἐπενεγκώμεθα,
3434 2145 3529 2196 καὶ
3559 2145 3699 2197 αὐτὰ

2121 2244 2190 2294 τά
2259 2241 2482 2311 ῥήματα
2542 2237 2850 2307 ἐνσημῆναι
2922 2237 3002 2306 τῷ
3059 2238 3373 2306 γράμματι.
3425 2237 3582 2289 Ἔστι
3643 2236 3698 2289 δέ

2120 2333 2312 2387 ταῦτα’
2345 2334 2720 2399 Πιστεύομεν
2750 2333 2835 2396 είς
2864 2329 2976 2383 ἕνα
3032 2329 3446 2394 Θεὸν-,Πατέρα
3472 2344 3699 2382 παντο-

2121 2429 2398 2496 κράτορα,
2423 2426 2520 2479 καὶ
2550 2427 2617 2479 τὰ
2647 2425 2772 2494 ἐξῆς
2785 2423 2879 2476 τοῦ
2912 2423 3055 2475 κατὰ
3078 2422 3316 2473 Νίκαιαν
3357 2419 3696 2486 Συμϐόλου.»

2124 2523 2199 2572 Οὐ
2234 2517 2543 2588 συμφώνως
2578 2517 2654 2586 τῷ
2685 2516 2815 2585 θείῳ
2850 2512 3103 2581 Κυρίλλῳ
3128 2512 3222 2561 καὶ
3269 2512 3296 2561 6
3331 2511 3503 2578 μέγας
3537 2511 3697 2562 Βασί-

2119 2611 2258 2672 λειος
2292 2608 2463 2662 ταῦτά
2489 2625 2652 2676 φησιν
2679 2623 2694 2671 ;
2727 2607 2832 2667 ὅτι,
2871 2622 2889 2655 ι
2925 2604 3040 2655 Ούκ
3072 2600 3442 2672 ἐπιτρέπομεν
3462 2601 3698 2667 ἑαυτοῖς,

2122 2704 2153 2773 ἢ
2187 2703 2451 2770 ἑτέροις.»
2491 2698 2602 2752 Καὶ
2631 2698 2660 2750 ό
2691 2698 2789 2766 μὲν
2821 2697 2961 2756 θεῖος
2992 2693 3258 2770 Κύριλλος
3314 2692 3509 2755 οὕτως·
3561 2695 3590 2746 ὁ
3643 2694 3698 2745 δὲ

2125 2797 2300 2866 μέγας
2329 2795 2608 2854 Βασίλειος
2640 2793 2708 2843 τά
2760 2788 3028 2859 ἀνώτερα,
3083 2791 3187 2852 ὅτι,
3231 2806 3250 2838 ι
3293 2787 3483 2840 Πίστιν
3535 2789 3696 2857 ἡμεῖς

2121 2888 2244 2941 οὔτε
2270 2886 2399 2955 παρ’
2426 2885 2586 2937 ἄλλου
2613 2883 2969 2950 γραφομένην
2993 2881 3132 2950 ἡμῖν
3162 2879 3435 2948 νεωτέραν
3462 2879 3702 2948 παραδε-

2121 2977 2350 3048 χόμεθα,
2384 2973 2510 3029 οὔτε
2547 2973 2708 3027 αὐτοὶ
2738 2975 2805 3024 τὰ
2833 2971 2932 3039 τῆς
2973 2971 3254 3041 ἡμετέρας
3283 2970 3522 3031 διανοίας
3569 2985 3700 3036 -γεν-

2120 3071 2338 3138 νήματα
2360 3065 2714 3134 παραδιδόναι
2739 3064 3076 3131 τολμῶμεν.»
3109 3062 3288 3130 Ὅπερ
3312 3061 3334 3114 ῖ
3339 3077 3427 3112 σον
3454 3062 3550 3114 καὶ
3569 3077 3701 3113 ταυ-

2041 3183 2086 3241 c
2117 3159 2211 3211 τόν
2245 3159 2364 3210 ἐστι
2387 3156 2485 3225 τῷ,
2519 3175 2536 3207 ι
2564 3155 2678 3208 Ούκ
2708 3157 3076 3223 ἐπιτρέπομεν
3105 3154 3339 3217 ἑαυτοῖς,
3366 3153 3398 3222 ἢ
3432 3153 3692 3223 ἑτέροις.»

2199 3254 2252 3302 ι’.
2291 3249 2440 3313 Ἔτι,
2473 3247 2556 3300 δεῖ
2579 3247 2687 3318 γάρ
2712 3247 2808 3299 καὶ
2835 3247 2921 3299 διὰ
2967 3245 3229 3298 πλειόνων
3258 3245 3319 3296 τὸ
3359 3246 3490 3311 περὶ
3543 3243 3701 3296 τοῦτο

2118 3342 2475 3410 διασαφῆσαι,
2511 3340 2678 3408 φησιν
2739 3340 2766 3391 ὁ
2805 3340 3078 3408 μακάριος
3153 3335 3474 3397 Ἀθανάσιος
3536 3336 3594 3387 ἐν
3625 3334 3701 3402 τῷ

2119 3432 2253 3500 πρὸς
2298 3432 2591 3500 ’Δντιοχεῖς
2641 3430 2898 3498 τόμῳ,οὐ
2935 3429 2966 3496 ἡ
3013 3427 3177 3498 ἀρχὴ,
3222 3426 3346 3488 Τοῖς
3393 3427 3700 3492 ἀγαπητοῖς

2119 3525 2214 3577 καὶ
2244 3522 2669 3587 ποθεινοτάτοις,
2701 3541 2719 3572 ι
2747 3520 2928 3588 Μηδὲν
2962 3519 3125 3570 πλέον
3151 3517 3228 3588 τῷ
3258 3520 3314 3571 ἐν
3347 3517 3548 3586 Νικαία
3573 3534 3690 3587 προ

2118 3614 2436 3669 ϐάλλεσθαι·
2469 3632 2487 3665 ι
2513 3613 2604 3666 καὶ
2634 3611 2774 3681 μετά
2798 3626 2941 3665 τιναο
2980 3627 2999 3661 t
3023 3610 3296 3673 Ἡξίωσαν
3315 3608 3412 3676 μὲν
3426 3608 3536 3677 γάρ
3559 3623 3700 3668 τινες

2117 3705 2192 3768 ὡς
2229 3705 2426 3766 ἐνδεῶς
2452 3703 2686 3773 ἐχούσης
2720 3702 2818 3766 τῆς
2844 3700 2983 3752 κατὰ
3012 3699 3250 3753 Νίκαιαν
3281 3698 3526 3760 συνόδου,
3564 3695 3699 3765 γράο

2115 3798 2218 3867 ψαι
2246 3797 2373 3868 περὶ
2416 3797 2674 3858 πίστεως,
2711 3795 2804 3847 καὶ
2852 3794 3222 3862 ἐπεχείρησαν
3251 3789 3565 3860 προπετῶς.
3635 3789 3699 3840 Ἠ

2117 3890 2171 3943 δὲ
2199 3890 2330 3956 άγία
2363 3888 2637 3957 σύνοδοςὴ
2675 3889 2733 3940 ἐν
2811 3885 3052 3955 Σαρδικῇ
3115 3883 3441 3952 συναχθεῖσα
3496 3880 3696 3949 ἠγανά-

2118 3998 2312 4048 κτησε,
2348 3981 2442 4034 καὶ
2504 3979 2672 4047 ὥρισε
2734 3977 2899 4048 μηδὲν
2952 3977 3032 4030 ἐτι
3089 3977 3218 4046 περὶ
3272 3977 3509 4036 πίστεως
3569 3973 3697 4042 γρά-

2119 4070 2480 4141 φεσθαι,ἁλλ’
2519 4071 2811 4140 ἀρκεῖσθαι
2873 4072 2941 4139 τῇ
3002 4070 3062 4121 ἐν
3125 4067 3334 4137 Νικαίᾳ
3379 4065 3532 4134 παρὰ
3591 4065 3699 4117 τῶν

2121 4165 2381 4232 Πατέρων
2413 4160 2818 4233 ὀμολογηθείσῃ
2848 4162 3053 4226 πίστει,
3096 4159 3185 4212 διὰ
3217 4159 3277 4212 τδ
3333 4159 3500 4229 μηδὲν
3559 4158 3698 4228 αὐτῇ

2119 4254 2408 4315 ἐλλείπειν,
2436 4253 2573 4306 ἀλλὰ
2608 4252 2791 4322 πλήρη
2824 4250 3110 4312 εὐσεϐείας
3158 4243 3319 4302 εἶναι’
3375 4247 3468 4302 καὶ
3496 4249 3578 4302 ὅτι
3625 4248 3698 4318 μὴ

2117 4347 2227 4398 δεῖν
2250 4345 2514 4414 δευτέραν
2545 4342 2866 4395 ἐκτίθεσθαι
2921 4342 3128 4404 πίστιν,
3179 4341 3267 4394 ἵνα
3295 4340 3424 4410 μὴὴ
3486 4341 3543 4391 ἐν
3604 4340 3697 4391 Νι-

2118 4437 2252 4508 καίᾳ
2278 4441 2556 4507 γραφεῖσα
2591 4435 2666 4497 ὡς
2697 4435 2899 4503 ἀτελὴς
2930 4429 3066 4486 οὖσα
3123 4434 3384 4503 νομισθῇ,
3439 4433 3533 4485 καὶ
3564 4431 3697 4502 πρός

432 4522 741 4590 pra-beatur
771 4522 1074 4579 volentibus
1107 4526 1275 4579 multa
1305 4527 1548 4583 scribere
1607 4531 2014 4601 decernercqne

2121 4546 2283 4598 φασις
2305 4529 2433 4598 δοθῇ
2464 4530 2576 4590 τοῖς
2620 4525 2868 4578 ἐθέλουσι
2905 4525 3076 4578 πολλὰ
3101 4525 3360 4596 γράφειν,
3431 4524 3528 4578 καὶ
3585 4523 3698 4592 ὁρί-

430 4621 498 4668 ιιο
545 4615 666 4668 iide.
701 4634 719 4667 ›
760 4615 827 4669 Et
861 4632 966 4670 non
1024 4619 1328 4686 posttnulta
1358 4637 1373 4674 :
1408 4638 1426 4671 ι
1463 4621 1738 4678 Meliorem
1791 4638 2017 4679 accura-

431 4710 736 4778 tioretnque
767 4725 909 4773 esse,
945 4727 1066 4778 qua:
1094 4727 1124 4765 a
1159 4713 1417 4769 Patribus
1437 4715 1569 4769 ilch
1591 4719 1890 4784 composita
1910 4727 2012 4778 est,

430 4813 488 4853 et
523 4801 573 4852 in
611 4813 888 4870 posterum
919 4803 1065 4857 illius
1121 4805 1302 4858 verbis
1347 4820 1471 4860 esse
1524 4808 2015 4875 acquieseendutn,

430 4893 652 4960 iliisque
683 4892 970 4947 utendum.
1022 4913 1039 4944 ι
1080 4891 1152 4943 Ex
1190 4894 1294 4947 hoc
1318 4895 1450 4948 item
1490 4904 1682 4950 sancto
1715 4897 1892 4964 palam
1927 4900 2010 4959 iit,

428 4998 557 5042 tmte
585 4989 881 5044 secundani
897 4991 1161 5054 synodum
1184 4989 1324 5044 hanc
1363 4990 1786 5058 prohibitionem
1811 4991 1980 5047 fuisse
1999 5029 2016 5055 ,

431 5077 883 5149 superadditquc,
926 5077 1310 5133 Sardicensem
1356 5082 1649 5149 synodum,
1699 5096 1804 5136 non
1855 5097 2014 5151 aquo

431 5172 616 5224 animo
673 5170 884 5234 tulisse,
917 5169 1316 5240 ordinasseque
1367 5187 1435 5225 ne
1482 5175 1612 5241 quid
1643 5175 1696 5226 in
1734 5183 2015 5243 posterum

430 5265 498 5318 tle
537 5265 640 5317 [ide
670 5264 1030 5326 scriberetur,
1058 5264 1154 5319 sed
1176 5266 1591 5333 acquiescerent
1627 5266 1749 5322 lidei
1772 5283 1810 5320 .a
1843 5266 2011 5322 Patri-

432 5359 534 5412 bus
561 5357 754 5409 Nic-tea:
785 5357 1130 5428 conscriptae,
1162 5357 1304 5426 quod
1343 5357 1476 5410 nihil
1526 5358 1578 5412 in
1630 5374 1693 5413 ea
1735 5359 2015 5429 deﬁceret,

431 5460 526 5508 sed
548 5462 690 5508 esset
714 5454 930 5522 pietatis
957 5455 1133 5525 plena.
1169 5455 1669 5527 Subscripsereque
1693 5457 1839 5511 dicto
1872 5470 2018 5514 tonio

434 5549 652 5616 triginta
696 5557 826 5603 tres.
861 5547 924 5602 Et
953 5557 1179 5604 sanctus
1207 5549 1273 5602 ad
1320 5537 1722 5604 corroboranda
1784 5551 2018 5605 dicenda

436 5635 778 5693 Sardicensis
807 5638 1000 5708 synodi
1030 5640 1361 5692 mentionem
1387 5637 1617 5692 inducit.
1651 5636 1714 5691 Et
1745 5638 1859 5691 haec
1879 5638 2018 5692 satis

439 5731 758 5800 abundeque
776 5735 884 5785 sint
913 5749 928 5798 ;
961 5731 1160 5802 quibus
1183 5739 1684 5786 connuonstratum
1710 5737 1815 5792 est,
1839 5728 2020 5798 prohi-

441 5824 702 5879 bituncnt
741 5827 964 5883 ulterius
992 5826 1116 5881 ﬁdei
1153 5825 1323 5879 multo
1350 5824 1416 5878 ab
1448 5825 1574 5880 hinc
1614 5832 1860 5897 tempore
1897 5829 1951 5877 Cl
1984 5838 2013 5875 at

2122 4622 2236 4685 ζειν
2268 4622 2396 4690 περὶ
2423 4621 2680 4679 πίστεως.
2711 4635 2730 4668 ι
2768 4619 2876 4670 Καὶ
2913 4619 3052 4684 μετά
3083 4621 3208 4670 τινά
3233 4633 3389 4686 φησι·
3429 4635 3447 4668 ι
3489 4615 3697 4668 Βελτίο-

2121 4732 2186 4766 να
2218 4715 2314 4767 καὶ
2347 4711 2746 4782 ἁκριὸεστέραν
2775 4709 2917 4763 εἶναι
2948 4711 3050 4781 τὴν
3096 4714 3153 4764 ἐν
3181 4712 3386 4780 Nini;
3419 4710 3569 4779 παρά
3593 4712 3697 4761 τῶι

2121 4807 2382 4877 Πατὲρων
2401 4803 2830 4874 ὁμολογηθεῖσαν
2893 4804 3100 4868 πίστιν,
3133 4802 3338 4859 καὶτοῦ
3370 4801 3557 4854 λοιποῦ
3590 4805 3697 4864 τοῖς

2121 4897 2323 4965 ταύτης
2356 4895 2658 4965 ἀρκεῖσθαι
2687 4896 2781 4948 καὶ
2816 4894 3051 4966 χρῆσθαι
3087 4887 3350 4965 ῥήμασιν.
3387 4913 3405 4945 ι
3473 4895 3584 4947 Καὶ
3637 4894 3696 4946 ἐκ
3761 4963 3769 4970 .

2121 4988 2314 5041 τούτου
2347 4988 2438 5040 τοῦ
2471 4987 2630 5051 ἁγίου
2659 4989 2901 5058 φανερλιν
2936 4988 3288 5049 καθίσταται,
3314 4986 3397 5038 δτι
3431 4991 3525 5038 καὶ
3562 4985 3698 5054 πρὸς

2123 5079 2221 5147 τῆς
2247 5080 2514 5147 δευτέρας
2556 5079 2781 5132 συνόδου
2839 5078 3000 5130 τοῦτο
3052 5079 3114 5129 τὸ
3153 5077 3387 5148 κώλυμα
3439 5074 3527 5148 ἦν.
3592 5077 3696 5129 Καὶ

2121 5171 2486 5240 προστίθησιν
2542 5172 2691 5240 ὅτιὴ
2748 5173 2806 5223 ἐν
2867 5170 3108 5240 Σαρδικῇ
3171 5173 3548 5241 ἠγανάκτησε,
3609 5170 3696 5222 καὶ

2122 5265 2346 5332 ὥρισεν,
2382 5260 2509 5317 Ὀτι
2549 5263 2717 5333 μηδὲν
2773 5261 2854 5314 ἔτι
2886 5262 3016 5332 περὶ
3080 5263 3319 5326 πίστεως
3364 5262 3695 5332 γράφεσθαι,

2122 5354 2238 5409 ἀλλ’
2262 5355 2551 5425 ἀρκεῖσθαι
2600 5356 2666 5424 τῇ
2725 5354 2784 5405 ἐν
2815 5353 3020 5425 Νικαίᾳ
3063 5355 3216 5424 παρὰ
3272 5355 3380 5408 τῶν
3445 5354 3695 5428 Πατέρωι

2123 5445 2523 5516 ὀμολογηθείσῃ
2554 5447 2761 5508 πίστει,
2799 5446 2886 5497 διὰ
2911 5445 2972 5497 τὸ
3007 5448 3172 5514 μηδὲν
3206 5445 3346 5514 αύτῇ
3407 5444 3695 5497 ἐλλείπειν.

2122 5541 2257 5595 ἀλλὰ
2289 5541 2474 5608 πλήρη
2515 5539 2798 5601 εὐσεϐείας
2829 5534 2992 5592 εἶναι.
3021 5540 3130 5591 Καὶ
3153 5538 3344 5590 τοῦτον
3402 5535 3496 5588 τὸν
3523 5535 3694 5604 Τόμοι

2124 5630 2452 5701 ὑπέγραψαν
2481 5630 2776 5700 τριάκοντα
2837 5630 3007 5696 τρεῖς.
3076 5627 3224 5698 Ὀᾔδὲ
3262 5627 3419 5694 ἆγιος
3469 5626 3550 5686 είς
3614 5624 3692 5692 βει

2123 5724 2353 5777 ϐαίωσν
2375 5724 2483 5776 τῶν
2518 5723 2910 5793 ῥηθησομένων
2955 5721 3172 5790 καὶτῆς
3228 5723 3284 5772 ὲν
3316 5718 3552 5788 Σαρδικῇ
3608 5717 3688 5782 μέ·

2125 5835 2331 5889 μνηται
2368 5819 2609 5872 συνόδου.
2648 5816 2753 5869 Καὶ
2794 5815 2965 5869 ταῦτα
3003 5813 3102 5884 μὲν
3133 5815 3189 5876 ἐς
3221 5811 3499 5867 τοσοῦτον.
3535 5808 3691 5864 Ὅθεν
