4176 6278
422 385 520 445 221

1559 390 1597 447 A
1612 390 1656 447 D
1699 389 1783 448 1M
1798 391 2064 453 PERAT.
2107 395 2583 457 'J‘RAPEZUNT.

3571 408 3675 467 222

424 498 690 549 δδεικται
722 496 803 549 ὅτι
835 499 894 549 τὸ
920 498 1148 567 κώλυμα
1181 501 1275 567 τῆς
1311 500 1505 570 ἐτέρας
1557 505 1801 567 πίστεως
1859 506 2000 559 ἅνω-

2110 512 2369 580 principio
2391 528 2419 566 a
2450 516 2657 570 sanctis
2692 515 2949 573 Patribus
2982 519 3154 575 fuisse
3204 520 3504 576 decretam.
3568 524 3675 578 Sed

425 587 515 638 θέν
544 603 602 637 τε
629 586 722 637 καὶ
742 586 800 649 ἐξ
825 588 996 654 ἀρχῆς
1021 588 1174 656 παρὰ
1228 590 1335 641 τῶν
1392 591 1563 655 ἁγίων
1597 592 1858 660 Πατέρων
1922 590 1993 663 ἦν

423 675 755 744 ἁποερανθέν.
790 675 950 729 Ἀλλὰ
985 679 1076 729 καὶ
1106 680 1154 730 οἱ
1191 678 1307 746 ὅροι
1348 680 1456 733 τῶν
1483 682 1658 747 ἁγίων
1710 685 1997 749 Πατέρων,

424 774 577 824 εἱδεῖ
607 773 839 843 τάληθὲς
865 774 1063 837 εἰπεῖν,
1113 776 1209 828 καὶ
1258 775 1319 828 τὸ
1374 776 1468 828 τοῦ
1513 778 1674 843 ἁγίου
1726 780 1994 849 Κυρίλλου

2100 611 2152 655 et
2179 603 2527 661 deﬁnitiones
2567 612 2883 663 sanctorum
2919 611 3159 675 Patrum,
3202 613 3245 666 si
3281 629 3468 667 verum
3503 613 3677 668 laten-

2102 693 2228 746 dum
2262 703 2368 761 est,
2401 705 2452 751 et
2488 698 2616 753 illud
2648 699 2834 771 Cyrilli
2871 718 2886 755 :
2919 719 2938 751 ι
2966 700 3082 755 Νοη
3117 704 3483 771 permittimus
3512 705 3674 757 nobis

2104 784 2260 852 ipsis,
2288 800 2464 855 neque
2492 789 2635 851 aliis,
2680 809 2698 841 ι
2723 790 2790 844 de
2810 791 3048 862 Nyczeno
3074 790 3330 860 Symbolo
3354 792 3676 862 loquuntur.

424 863 504 927 τὸ,
537 881 555 913 ι
587 865 701 916 Οὐκ
744 865 1114 937 ἐπιτρέπομεν
1155 867 1392 932 ἐαυτοῖς,
1444 867 1475 935 ἢ
1509 870 1739 938 ἑτέροις,
1772 888 1791 922 ι
1850 872 1980 939 περὶ
2012 873 2107 926 τοῦ
2144 877 2202 927 ἐν
2237 877 2440 949 Nunt;
2465 882 2748 950 Συμϐόλου
2780 884 2969 952 φασίν.

497 962 587 1009 ια’.
620 956 744 1008 Ὀτι
763 955 818 1007 δέ
847 958 915 1007 τά
942 956 1034 1011 δύο
1064 956 1319 1024 Σῦμϐολα
1350 957 1453 1010 οὐκ
1476 958 1723 1024 ἐγένοντο
1763 960 1820 1012 ἓν
1882 963 1988 1029 μά-

426 1045 597 1112 θημα.
638 1045 759 1097 οὐδέ
787 1046 965 1114 ἥνωσέ
1019 1064 1104 1108 τις
1145 1048 1254 1098 τῶν
1303 1047 1565 1118 Πατέρων
1610 1050 1808 1115 ταῦτα,
1852 1053 1987 1105 ἀπο-

422 1136 771 1207 θειχθήσεται
801 1137 916 1191 νῦν.
952 1139 1061 1192 Καὶ
1097 1139 1316 1208 πρῶτον
1379 1140 1478 1207 μὲν
1512 1141 1622 1193 ἀπὸ
1658 1142 1760 1210 τῆς
1806 1143 1997 1213 τρίτης

426 1227 675 1284 συνόδου.
710 1228 856 1296 Αὕτη
888 1231 997 1301 γὰρ
1032 1231 1125 1282 τοῦ
1180 1231 1237 1283 ἐν
1292 1231 1500 1303 Νικαίᾳ
1561 1232 1857 1302 μέμνηται,
1904 1236 2003 1289 καὶ

425 1321 556 1386 περὶ⁷
583 1321 800 1390 ἐκείνης
831 1322 1022 1389 φησιν,
1074 1340 1091 1372 ‹
1127 1319 1263 1374 Οὐτε
1308 1323 1414 1389 μὴν
1465 1324 1839 1392 ἐπιτρέπομεν
1871 1326 1998 1377 ἐαυ-

422 1413 563 1473 τοῖς,
601 1410 632 1481 ἢ
671 1412 968 1482 ἐτέροις,ῆ
1003 1412 1152 1477 λέξιν
1210 1412 1443 1481 ἀμεῖψαι
1491 1415 1603 1466 τῶν
1664 1416 2002 1483 ἐγκειμένων

425 1505 625 1567 ἐκεῖσε,
663 1505 697 1568 ἢ
733 1504 862 1573 μίαν
891 1503 1023 1572 γοῦν
1050 1506 1367 1574 παραϐῆναι
1402 1506 1696 1574 συλλαϐήν.
1740 1525 1758 1558 ι
1822 1506 1997 1560 Τοῦτο

424 1593 481 1642 δὲ
515 1593 670 1659 ἔλεγε
702 1596 835 1663 πρὸς
873 1596 998 1656 τοὺς
1036 1596 1386 1662 μαχομένους
1435 1597 1524 1649 ἀεὶ
1575 1594 1653 1662 τῷ
1703 1597 2000 1666 δμοουσίῳ,

426 1685 504 1743 ὡς
558 1683 765 1752 προῖὼν
792 1688 818 1738 ὁ
850 1684 1005 1752 λόγος
1037 1686 1290 1753 δηλώσει.
1328 1687 1451 1738 Ὅτι
1485 1686 1540 1739 δέ
1568 1685 1897 1756 οὐτωςέχει,
1928 1686 2003 1748 ὡς

424 1772 775 1843 διῃρημένως
823 1773 1007 1843 έχουσι
1049 1776 1116 1828 τὰ
1150 1774 1427 1843 Σύμϐολα,
1483 1777 1783 1844 παρίστησι
1847 1775 2006 1827 τοῦτο

429 1864 623 1930 σαφῶς
678 1864 710 1933 ἡ
771 1865 906 1932 ἁγία
944 1865 1039 1917 καὶ
1084 1867 1440 1934 οἰκουμενικὴ
1496 1866 1730 1936 τετάρτη
1789 1864 2005 1925 σύνοδος

426 1956 487 2005 ἐν
518 1958 585 2025 τῇ
620 1955 851 2025 δευτέρα
877 1956 1072 2026 πράξει
1112 1957 1303 2025 αὐτῆς⁸
1346 1974 1363 2006 ι
1409 1956 1747 2023 Πιστεύομεν
1798 1955 1876 2016 είς
1906 1955 2003 2007 Eva.

428 2048 566 2100 Θεὸν
601 2047 820 2117 Πατέρα
844 2047 1296 2117 παντοκράτορα,
1359 2047 1569 2114 ὁρατῶν
1608 2063 1669 2099 τε
1718 2047 1808 2099 καί
1840 2044 2005 2116 ἀορά-

423 2158 538 2194 των
568 2141 817 2210 ποιητὴν,
847 2141 941 2193 καὶ
977 2141 1058 2203 είς
1086 2140 1192 2193 ἕνα
1216 2140 1423 2210 Κύριον
1463 2138 1673 2211 Ἰησοῦν
1735 2138 1995 2208 Χριστὸν,

423 2234 523 2285 τὸν
557 2234 685 2286 Υἱδν
709 2233 802 2285 τοῦ
824 2232 978 2297 Θεοῦ,
1011 2231 1339 2299 γεννηθέντα
1363 2235 1426 2285 ἐκ
1464 2232 1559 2284 τοῦ
1587 2230 1822 2299 Πατρός,
1852 2246 2006 2297 μονο-

427 2327 589 2391 γενῆ,
618 2323 903 2376 τουτέστιν
930 2324 993 2377 ἐκ
1024 2327 1125 2389 τῆς
1158 2323 1349 2385 οὐσίας
1379 2322 1474 2376 τοῦ
1512 2322 1750 2392 Πατρός,
1781 2323 1914 2375 Θεὸν
1938 2324 2001 2374 ἐκ

422 2415 587 2481 Θεοῦ,
621 2416 735 2485 φῶς
768 2418 831 2467 ἐκ
860 2415 1063 2483 φωτὸς,
1100 2414 1237 2466 Θεὸν
1260 2412 1523 2482 ’ἀληθινὸν
1554 2415 1616 2466 ἐκ
1646 2414 1782 2466 Θεοῦ
1812 2413 2006 2481 ἀληθι-

423 2510 543 2577 νοῦ,
575 2509 927 2576 γεννηθέντα,
958 2508 1017 2559 οὐ
1056 2506 1371 2576 ποιηθέντα,
1429 2505 1719 2576 ὁμοούσιον
1759 2506 1837 2572 τῷ
1892 2502 2002 2559 Πᾶ-

421 2600 540 2665 τρὶ,
571 2599 637 2653 δι’
661 2592 722 2651 οῦ
773 2600 841 2653 τὰ
870 2599 1049 2652 πάντα
1084 2599 1324 2666 ἐγένετο.
1353 2598 1422 2651 τά
1462 2616 1521 2650 τε
1560 2600 1618 2651 ἐν
1663 2598 1878 2668 οὐρανῷ
1907 2599 2003 2650 καὶ

422 2689 499 2740 τὰ
529 2684 587 2743 ἔν
615 2691 679 2758 τῇ
716 2692 809 2755 γῇ,
832 2688 922 2740 τὸν
952 2688 1021 2740 δι’
1051 2688 1199 2757 ἡμᾶς
1227 2686 1351 2748 τοὺς
1373 2686 1719 2755 ἀνθρώπους,
1786 2686 1880 2739 καὶ
1914 2686 2003 2744 διὰ

426 2782 534 2849 τὴν
583 2780 860 2850 ἡμετέραν
908 2779 1185 2847 σωτηρίαν
1244 2778 1595 2843 κατελθόντα,
1651 2779 1747 2829 καὶ
1783 2793 2001 2846 σαρκωι

425 2872 617 2936 θέντα,
667 2872 767 2924 καὶ
816 2868 1336 2939 ἐνανθρωπήσαντα,
1400 2868 1665 2934 παθόντα,
1726 2868 1822 2921 καὶ
1875 2868 2005 2920 ἀνα-ι

426 2962 635 3014 στάντα
678 2963 744 3030 τῇ
775 2961 937 3032 τρίτῃ
969 2959 1177 3028 ἡμέρᾳ.
1232 2956 1526 3010 ἀνελθόντα
1574 2959 1656 3018 είς
1714 2955 2000 3026 οὐρανοὺς.

422 3051 721 3120 ἐρχόμενον
744 3052 929 3120 κρῖναι
965 3049 1173 3114 ζῶντας
1219 3050 1314 3101 καὶ
1364 3049 1615 3119 νεκροὺς,
1658 3047 1754 3100 καὶ
1812 3047 1892 3109 είς
1944 3043 2004 3097 τδ

430 3140 658 3210 Πνεῦμα
687 3141 747 3194 τδ
774 3141 950 3208 ἅγιον.
979 3140 1116 3204 Τοὺς
1140 3139 1197 3192 δὲ
1220 3139 1500 3207 λέγοντας,
1550 3136 1657 3192 Ἦν
1715 3153 1851 3190 ποτε
1916 3137 2003 3188 ὅτε

430 3236 535 3285 οἶσι
560 3227 649 3303 ἦν,
677 3232 773 3285 καὶ
806 3232 934 3301 πρὶν
963 3229 1287 3300 γεννηθῆναι
1314 3230 1412 3282 οὐκ
1434 3225 1526 3299 ἦν,
1583 3228 1678 3282 καὶ
1700 3230 1782 3281 ὅτι
1815 3226 1876 3291 ἐξ
1903 3226 2004 3279 οὐκ

431 3321 607 3374 ὄντων
637 3321 870 3386 ἐγένετο,
914 3320 1031 3390 ἢέξ
1060 3318 1255 3390 ἐτέρας
1295 3320 1649 3378 ὑποστάσεως
1729 3318 1763 3389 ἢ
1817 3317 2006 3381 οὐσίας

430 3414 749 3481 φάσκοντας
772 3408 937 3474 εἶναι,
974 3412 1285 3481 ἢτρεπτὸν,
1332 3412 1365 3480 ἦ
1391 3410 1682 3465 ἀλλοιωτὸν
1732 3410 1823 3463 τὸν
1874 3409 2004 3462 Υίὸν

423 3503 527 3557 τοῦ
557 3502 716 3569 Θεοῦ,
747 3502 973 3564 τούτους
1000 3501 1389 3571 ἁναθεματίζει
1422 3504 1456 3571 ἡ
1482 3503 1830 3574 ἀποστολικη
1878 3502 2009 3556 ἐκ-

434 3594 661 3663 κλησία.
698 3595 761 3647 0i
791 3593 1175 3646 εὐλαϐέστατοι
1224 3593 1514 3647 ἐπίσκοποι
1547 3594 1805 3663 ἐϐόησαν⁹
1855 3594 2004 3663 Αὐτη

434 3686 470 3753 ἡ
498 3685 680 3748 πίστις
706 3684 815 3737 τῶν
837 3683 1155 3753 όρθοδόξων.
1177 3684 1394 3754 Ταύτην
1431 3684 1633 3747 πάντες
1656 3683 2008 3754 πιστεύομεν.

457 3775 549 3827 Ἐν
567 3776 740 3845 ταύτῃ
756 3774 1187 3844 ἐϐαπτίσθημεν.
1210 3773 1298 3826 Ἐν
1326 3773 1497 3844 ταύτῃ
1533 3772 1897 3844 βαπτίζομεν.
1948 3778 2007 3828 Ὀ

440 3867 715 3936 μακάριος
741 3867 1038 3931 ἐπίσκοπος
1067 3865 1334 3937 Κύριλλος
1354 3865 1523 3928 οὕτως
1542 3865 1805 3932 ἐδίδαξεν.
1858 3865 2007 3934 Αὕτη

438 3961 471 4027 ὴ
491 3958 722 4027 ἀληθινὴ
740 3959 945 4020 πίστις.
966 3956 1114 4025 Α’ύτη
1145 3956 1273 4025 ἁγία
1293 3956 1497 4017 πίστις.
1527 3954 1678 4024 Αὕτη
1702 3956 1895 4008 αἰωνία
1917 3955 2009 4007 πί-

434 4067 576 4112 στις.
602 4049 690 4111 Είς
706 4047 905 4118 ταύτην
928 4048 1357 4116 ἐϐαπτίσθημεν.
1390 4048 1446 4097 '0
1494 4046 1722 4107 πάπποις
1749 4048 1902 4099 Λέων
1921 4046 2012 4099 οὐ-

436 4157 547 4200 τως
564 4139 901 4192 ἐπίστευσεν.
919 4139 977 4190 Ὀ
996 4138 1229 4201 πάππας
1260 4138 1409 4191 Λέων
1438 4136 1611 4199 οὕτως
1638 4138 2008 4208 ἡρμήνευσεν.

440 4230 508 4285 ΟΞ
541 4231 1153 4301 ἐνδοξότατοιᾶρχοντες
1209 4231 1368 4299 καίή
1420 4229 1707 4298 ὑπερφυὴς
1768 4228 2010 4297 σύγκληο

432 4338 528 4381 τος
561 4315 737 4373 εἷπον·
799 4321 1351 4388 Ἀναγινωσκέτωσαν
1386 4320 1443 4372 δὲ
1489 4322 1583 4373 καὶ
1617 4320 1687 4372 τὰ
1717 4320 2011 4372 ἐκτεθέντα

437 4414 594 4482 παρὰ
624 4412 733 4464 τῶν
768 4412 962 4464 ἑκατὸν
995 4412 1336 4481 πεντήκοντα
1369 4410 1541 4479 ἁγίων
1572 4411 1853 4479 Πατέρων.
1894 4410 2012 4463 ’Λέ-

2166 967 2256 1020 lt.
2293 970 2411 1024 Duo
2448 986 2611 1039 porro
2639 972 2895 1043 Symbola
2939 988 3041 1027 non
3073 972 3243 1028 fuisse
3274 989 3437 1027 unam
3473 974 3675 1029 doctri-

2097 1074 2247 1123 nam,
2282 1074 2461 1131 neque
2522 1077 2582 1116 ea
2610 1062 2842 1130 aliquem
2878 1079 3045 1118 unum
3073 1080 3136 1118 ex
3159 1063 3411 1118 Patribus
3439 1065 3679 1120 univisse

2098 1151 2168 1204 in'
2189 1154 2446 1220 praesenti
2480 1154 2959 1211 demonstrabitur.
2988 1155 3047 1209 Et
3077 1157 3311 1224 primum
3340 1157 3560 1226 quidem
3610 1174 3676 1211 ex

2100 1245 2259 1297 tertia
2293 1245 2525 1315 synodo.
2554 1245 2678 1300 Haec
2706 1248 2851 1302 enim
2885 1247 3124 1317 Symboli
3190 1245 3393 1301 Nicami
3448 1249 3681 1301 mentio‘

2100 1350 2224 1388 nem
2270 1334 2419 1400 fecit,
2458 1336 2603 1391 etde
2631 1352 2695 1392 ea
2744 1338 2909 1392 tradit
2954 1354 2967 1391 :
3005 1355 3023 1388 ‹
3068 1336 3257 1405 Neque
3309 1338 3681 1407 permittimus

2107 1426 2263 1478 nobis
2302 1425 2453 1494 ipsis,
2479 1442 2658 1498 neque
2695 1428 2839 1492 aliis,
2899 1438 2992 1482 aut
3045 1428 3337 1482 dictionem
3385 1428 3679 1483 immutare

2106 1534 2170 1572 ex
2216 1518 2282 1573 iis
2317 1534 2436 1587 qua:
2469 1519 2540 1573 ibi
2585 1527 2736 1582 sunt,
2799 1528 2893 1573 aut
2934 1520 3123 1573 saltem
3184 1535 3347 1572 unam
3413 1520 3678 1587 syllabam

2106 1619 2449 1677 praevertere.
2489 1626 2507 1661 ι
2545 1607 2657 1663 Hoc
2690 1622 2817 1662 vero
2851 1609 3110 1663 adversus
3168 1606 3440 1661 homousii
3500 1624 3672 1676 oppu-

2107 1709 2359 1771 gnatores
2386 1701 2623 1767 dicebat,
2674 1709 2735 1755 ut
2772 1700 3074 1771 procedens
3114 1700 3292 1754 oratio
3351 1701 3677 1756 manifesta-

2112 1794 2205 1846 bit.
2240 1792 2295 1845 ld
2354 1801 2533 1848 autem
2579 1794 2651 1847 ita
2705 1808 2765 1849 se
2821 1794 3039 1859 habere,
3071 1793 3181 1847 duo
3233 1793 3442 1847 scilicet
3520 1792 3682 1862 Sym-

2088 1882 2231 1955 bola
2267 1883 2437 1937 divisa
2466 1885 2608 1937 inter
2633 1899 2691 1937 se
2719 1898 2859 1947 esse,
2893 1884 3051 1950 plane
3081 1884 3369 1937 conﬁrmat
3405 1891 3593 1936 sancta
3627 1890 3683 1935 et

2109 1974 2448 2030 (ecumenica
2475 1986 2665 2044 quarta
2699 1974 2940 2043 synodus
2967 1973 3176 2029 actione
3198 1974 3467 2029 secunda:
3504 1991 3523 2023 ι
3548 1973 3682 2027 Cre-

2108 2065 2289 2119 dimus
2324 2066 2377 2119 in
2410 2082 2575 2119 unum
2609 2065 2777 2119 Deum
2811 2064 3023 2118 Patrem
3056 2066 3513 2133 omnipotentem.
3541 2064 3677 2116 visi-

2106 2155 2298 2210 bilium
2335 2163 2389 2209 et
2417 2154 2771 2208 invisibilium
2798 2153 3079 2207 factorem.
3110 2152 3171 2207 Et
3210 2154 3261 2205 in
3294 2167 3462 2204 unum
3489 2151 3671 2204 Domi-

2107 2263 2237 2302 num
2273 2245 2457 2303 Jesum
2492 2246 2771 2301 Christum
2810 2244 3004 2299 Filium
3036 2244 3154 2309 Dei,
3179 2260 3241 2299 ex
3279 2244 3437 2297 Patre
3469 2250 3683 2302 natum,

2109 2337 2468 2405 unigenitum,
2498 2338 2599 2391 hoc
2628 2345 2711 2392 est
2742 2336 2985 2405 ejusdem
3010 2350 3131 2389 cum
3156 2335 3311 2389 Patre
3343 2334 3683 2397 substantim,

2108 2424 2275 2480 Deum
2302 2427 2369 2481 de
2395 2427 2522 2491 Deo,
2547 2426 2726 2478 lumen
2749 2426 2813 2478 de
2837 2424 3062 2485 lumine,
3093 2422 3259 2477 Deum
3285 2438 3469 2477 verum
3492 2424 3558 2476 de
3578 2423 3686 2475 Deo

2110 2530 2260 2581 vero,
2294 2515 2559 2585 genitum,
2595 2530 2701 2568 non
2737 2514 2963 2575 factum,
2997 2514 3527 2569 consubstantialem
3581 2515 3687 2566 Pa.

2110 2606 2201 2668 tri,
2232 2622 2323 2675 per
2353 2622 2512 2675 quem
2534 2606 2717 2660 omnia
2747 2606 2888 2659 facta
2922 2614 3070 2669 sunt,
3098 2613 3210 2657 tum
3249 2620 3375 2672 qua:
3421 2606 3473 2657 in
3519 2603 3685 2666 coelo,

2111 2706 2224 2752 tum
2260 2713 2382 2767 qua:
2404 2699 2457 2751 in
2478 2707 2621 2751 terra
2649 2707 2799 2751 sant.
2830 2696 2932 2761 Qui
2960 2704 3181 2765 prOpter
3213 2709 3312 2748 nos
3333 2693 3604 2754 homines,
3633 2702 3682 2745 et

2110 2800 2333 2860 propter
2414 2798 2657 2843 nostram
2747 2788 2979 2842 salutem
3073 2783 3383 2849 descendit,
3460 2793 3515 2838 et
3600 2784 3685 2837 in-

2110 2891 2368 2936 carnatus
2425 2888 2530 2944 cst,
2588 2887 2645 2933 et
2723 2880 3053 2933 liumanatus
3146 2884 3251 2939 est,
3335 2889 3555 2944 passus,
3629 2882 3686 2927 et

2109 2972 2409 3028 resurrexit
2434 2971 2590 3026 tertia
2625 2971 2737 3034 die,
2768 2970 3090 3024 etiascendit
3141 2969 3195 3023 in
3245 2968 3438 3031 caelos,
3472 2978 3525 3020 et
3552 2982 3683 3019 ven-

2111 3069 2263 3116 turus
2293 3069 2377 3116 est
2439 3060 2682 3127 judicare
2738 3059 2890 3112 vivos
2922 3066 2975 3113 et
3031 3066 3294 3111 mortuos.
3358 3054 3425 3108 Et
3472 3054 3523 3106 in
3566 3052 3683 3121 Spi-

2109 3151 2276 3205 ritum
2320 3159 2593 3203 sanetum.
2640 3146 2747 3202 Eos
2808 3160 2992 3215 porro,
3020 3145 3115 3215 qui
3167 3144 3376 3206 dicunt,
3412 3154 3529 3196 erat
3579 3143 3686 3196 ali-

2112 3239 2333 3310 quando
2381 3237 2606 3310 quando
2636 3252 2745 3291 non
2782 3248 2922 3299 erat,
2946 3244 3001 3290 et
3027 3245 3153 3290 ante
3221 3251 3382 3306 quam
3454 3249 3684 3303 genera-

2112 3344 2263 3387 rctur
2300 3346 2407 3386 non
2442 3341 2579 3392 erat,
2604 3340 2659 3384 et
2686 3328 2829 3399 quod
2850 3328 3000 3382 exiis
3019 3342 3139 3396 quae
3158 3342 3263 3381 non
3290 3335 3447 3381 erant
3506 3324 3687 3379 factus

2112 3429 2216 3486 est,
2247 3427 2339 3473 aut
2368 3434 2435 3473 ex
2469 3418 2572 3472 alia
2604 3417 2933 3481 substantia,
2960 3425 3053 3469 aut
3082 3416 3323 3469 essentia
3351 3414 3687 3467 aﬁirmantes

2111 3524 2255 3571 esse,
2280 3518 2371 3563 aut
2408 3507 2745 3571 mutabilem,
2780 3514 2875 3559 aut
2899 3505 3264 3567 alterabilem,
3292 3518 3386 3557 eos
3436 3501 3681 3555 Ecclesia

2113 3601 2409 3670 apostolica
2428 3602 2775 3653 anathemata
2797 3597 2941 3650 ferit.
2967 3594 3426 3649 Reveren'dissimi
3444 3592 3683 3663 episcopi

2116 3691 2505 3745 clamaverunt.
2536 3688 2660 3741 llaec
2693 3687 2827 3741 ﬁdes
2855 3686 3311 3739 orthodoxorum.
3348 3684 3551 3739 Omnes
3603 3688 3685 3738 sic

2113 3779 2402 3833 credimus.
2433 3778 2486 3831 ln
2517 3780 2616 3831 hac
2640 3774 2899 3845 baptizati
2926 3790 3140 3829 smnus.
3174 3778 3232 3827 ln
3290 3775 3393 3827 hac
3446 3774 3688 3842 baptiza-

2114 3885 2256 3923 mus.
2289 3867 2487 3923 Beatus
2511 3867 2801 3937 episcopus
2872 3867 3108 3937 Cyrillus
3159 3868 3232 3919 ita
3290 3865 3495 3920 docuit.
3558 3865 3685 3919 Haec

2114 3974 2237 4014 vera
2284 3958 2436 4013 ﬁdes.
2478 3957 2607 4015 Haec
2635 3969 2823 4013 sancta
2865 3958 3017 4012 ﬁdes.
3041 3957 3164 4012 llazc
3191 3967 3390 4012 aeterna
3438 3956 3590 4011 ﬁdes.
3622 3956 3680 4009 ln

2115 4052 2254 4105 hanc
2293 4050 2550 4118 baptizati
2576 4064 2785 4107 sumus.
2815 4049 2955 4119 Papa
2987 4046 3097 4102 Leo
3127 4049 3197 4101 ita
3237 4048 3492 4102 credidit.
3537 4046 3682 4115 l’apa

2111 4139 2221 4195 Leo
2255 4141 2327 4194 ita
2356 4141 2746 4208 interpretatus
2776 4150 2879 4194 est.
2940 4137 3338 4193 Gratiosissimi
3390 4137 3684 4207 principes,

2111 4238 2167 4284 et
2200 4231 2570 4299 amplissimus
2592 4240 2819 4285 senatus
2837 4229 3092 4284 dixerunt
3120 4227 3468 4284 :Recitentur
3489 4236 3541 4282 et
3563 4242 3684 4295 qua!

2113 4336 2142 4373 a
2198 4330 2418 4374 centum
2471 4320 2860 4389 quinquaginta
2928 4318 3179 4373 l’utrihus
3231 4320 3479 4388 exposita
3535 4325 3685 4371 sunt.

2114 4410 2303 4464 Aetius
2362 4411 2644 4480 piissimus
2678 4408 2946 4463 diaconus
2969 4424 3031 4462 ex
3085 4410 3363 4463 volumine
3394 4407 3643 4463 recitavit
3674 4424 3688 4458 :

443 4519 560 4564 τιος
611 4502 1003 4563 εὐλαϐέστατος
1052 4501 1297 4564 διάκονος
1362 4501 1468 4553 ἀπὸ
1511 4501 1715 4570 βιϐλίου
1768 4501 2003 4569 ἀνέγνω·

2117 4500 2313 4555 Sancta
2340 4501 2495 4563 lidcs,
2523 4515 2685 4568 quam
2714 4499 3003 4566 ediderunt
3037 4508 3257 4555 centum
3283 4500 3690 4567 quinquaginta

459 4593 526 4644 ’Π
551 4592 680 4660 ἁγία
716 4591 917 4655 πίστις,
949 4591 1016 4661 ἢν
1047 4591 1296 4656 ἐξέθεντο
1323 4591 1372 4643 οἱ
1404 4591 1549 4658 ἅγιοι
1578 4590 1772 4643 ἑκατὸν
1820 4591 2016 4659 πεντή-

444 4702 615 4737 κοντα
648 4685 892 4753 Πατέρ..ς
948 4683 1318 4752 συμφωνοῦσα
1368 4686 1431 4752 τῇ
1467 4684 1598 4751 ἁγίᾳ
1657 4684 1749 4734 καὶ
1802 4682 2014 4751 μεγάλῃ

439 4776 648 4844 συνόδῳ
676 4778 740 4844 τῇ
769 4777 827 4828 ἐν
855 4774 1079 4844 Νικαίσυ
1116 4773 1449 4843 Πιστεύομεν
1475 4775 1555 4836 εἰς
1602 4774 1697 4827 ἕνα
1728 4774 1859 4826 Θεὸν
1900 4774 2013 4827 Πα-

434 4872 573 4937 τέρα
610 4869 1079 4932 παντοκράτορα·›
1117 4865 1213 4917 καὶ
1236 4866 1302 4918 τὰ
1334 4864 1460 4933 ἐξῆς
1498 4866 1662 4933 μέχρι
1694 4863 1811 4929 τοῦ,
1854 4864 2015 4932 «μὲλ-

437 4961 625 5018 λοντος
655 4960 867 5019 αίεῖἱνος.
906 4956 1101 5025 Ἀμήν.
1142 4955 1351 5017 Πάντες
1397 4956 1448 5007 oi
1476 4955 1860 5007 εὐλαϐέστατοι
1887 4954 2008 5006 ἐπί-

434 5065 643 5102 σκοποι
670 5048 925 5117 ἐϐόησαν·
958 5046 1103 5117 Αὕτη
1135 5047 1351 5100 πάντων
1394 5047 1601 5109 πίστις.
1629 5045 1777 5114 Α’ύτη
1831 5046 2013 5110 πίστις

434 5141 547 5193 τῶν
574 5139 886 5207 όρθοδόξων.
904 5140 1059 5191 Οῦτω
1082 5139 1283 5201 πάντες
1311 5137 1694 5207 πιστεύομεν.»
1738 5138 2013 5204 Ἀναγνω-

437 5231 679 5282 σθέντων
714 5224 771 5282 δὲ
804 5231 899 5281 καὶ
952 5230 1057 5281 τῶν
1090 5229 1364 5297 Κυρίλλου
1411 5228 1734 5290 ἐπιστολῶν,
1789 5230 1838 5279 οἱ
1892 5228 2014 5280 ἐπί-

435 5339 636 5374 σκοποι
713 5322 1068 5390 ἐϐόησαννι
1150 5322 1356 5382 Πάντες
1447 5318 1588 5371 οῦιω
1660 5318 2006 5387 πιστεύομεν.

443 5414 508 5465 '0
534 5413 765 5475 πάππας
805 5413 960 5467 Λέων
1012 5413 1184 5474 οὕτως
1239 5410 1506 5464 πιστεύει.
1585 5410 1816 5478 Ὁμοίως
1856 5413 2011 5464 Λέων

436 5504 537 5556 καὶ
563 5504 893 5567 Ἀνατόλιος.
944 5503 1032 5563 Ὠς
1068 5502 1360 5572 Κύριλλος,
1390 5499 1533 5553 οὐτω
1593 5502 1946 5570 πιστεύομεν.
1983 5521 2002 5554 ι

449 5596 917 5666 ’Λναγνωσθείσης
957 5596 1014 5649 δὲ
1051 5595 1267 5662 καὶτῆς
1312 5594 1601 5662 ἐπιστολῆς
1642 5594 1893 5659 Λέοντος,
1940 5594 2009 5647 τὰ

436 5686 581 5740 αὐτὰ
610 5687 939 5757 ἐπεϐόησαν.
983 5686 1262 5749 Ὡσαύτως
1290 5685 1647 5756 περὶτούτων
1716 5684 1825 5737 τῶν
1867 5703 2010 5755 συμ-

437 5777 637 5845 ϐόλων,
668 5778 761 5832 καὶ
803 5781 859 5832 ἐν
901 5783 967 5851 τῇ
1032 5780 1255 5850 πέμπτῃ
1321 5778 1449 5849 ἁγίᾳ
1508 5779 1600 5831 καὶ
1647 5779 2001 5850 οἰκούμενεκῇ

2119 4590 2324 4655 Patres,
2352 4600 2405 4643 et
2434 4600 2515 4643 est
2564 4603 2797 4643 concors
2852 4596 3054 4641 sanctae
3106 4603 3423 4657 magnmque
3483 4590 3693 4657 synodo

2116 4680 2377 4734 Nicacnae:
2402 4679 2686 4734 Credimus
2717 4678 2770 4733 in
2795 4694 2963 4732 unum
2996 4678 3182 4743 Deum,
3208 4678 3419 4733 Patrem
3442 4680 3694 4748 omnipo-

2119 4781 2343 4836 tentem,
2385 4790 2403 4823 ι
2436 4779 2488 4825 et
2520 4770 2724 4840 reliqua
2764 4786 2937 4839 usque
2964 4770 3030 4825 ad
3062 4770 3175 4835 illa,
3220 4789 3237 4821 ι
3269 4769 3437 4822 futuri
3483 4771 3691 4827 smculi,

2115 4860 2308 4916 Amen.
2339 4861 2540 4918 Omnes
2562 4861 2791 4933 piissimi
2822 4860 3518 4935 Episcopiclamaverunt:
3562 4858 3687 4913 llaec

2116 4954 2359 5008 omnium
2391 4954 2522 5009 lides
2549 4962 2651 5008 est.
2688 4953 2815 5007 Htec
2869 4950 3002 5007 ﬁdes
3064 4952 3516 5023 ortliodoxorum.
3596 4949 3687 5004 Sic

2117 5064 2307 5104 omnes
2341 5046 2637 5101 credimus.
2672 5065 2690 5096 ι
2736 5044 2997 5099 ltecitatis
3053 5053 3233 5098 autem
3264 5049 3316 5097 et
3345 5042 3529 5112 Cyrilli
3572 5042 3688 5110 cpio

2115 5138 2555 5206 stolis,episcopi
2586 5136 2893 5190 clamarunt
2923 5152 2937 5188 :
2975 5154 2994 5186 ι
3038 5134 3128 5188 Sic
3164 5148 3355 5189 omnes
3387 5134 3690 5187 credimus.

2113 5230 2221 5284 Leo
2251 5228 2393 5298 Papa
2426 5229 2505 5283 sic
2539 5228 2730 5282 credit.
2770 5225 3155 5281 SimiliterLeo
3181 5235 3233 5279 et
3277 5226 3582 5279 Anatolius.
3610 5223 3697 5279 Uti

2112 5323 2366 5393 Cyrillus,
2398 5322 2472 5375 ita
2524 5320 2819 5375 credimus.
2870 5340 2888 5372 ι
2919 5319 3093 5373 Lecta
3142 5320 3270 5373 item
3320 5318 3521 5373 Leonis
3570 5315 3694 5385 epi-

2116 5415 2275 5478 Stola,
2295 5414 2481 5468 eadem
2515 5414 2912 5466 clan‘iaverunt.
2933 5412 3134 5464 Eodem
3169 5424 3383 5478 quoque
3403 5408 3563 5462 modo
3580 5409 3695 5460 haec

2119 5505 2372 5576 Symbola
2389 5512 2442 5559 et
2478 5505 2529 5557 in
2564 5510 2751 5559 sancta
2785 5503 2972 5572 quinta
3002 5511 3051 5554 et
3083 5500 3418 5555 meumenica
3456 5496 3690 5568 synodo,

2120 5596 2598 5660 nulloimmutato,
2631 5592 2761 5647 etin
2804 5599 2996 5646 octavo
3064 5599 3210 5643 lOlth
3266 5598 3470 5641 saneta:
3523 5597 3690 5644 sexta:

2116 5687 2327 5757 synodi,
2365 5686 2576 5740 actione
2602 5684 2810 5738 decima
2842 5681 3071 5751 septima
3095 5696 3202 5734 non
3230 5680 3335 5733 alia
3363 5681 3573 5734 ratione
3596 5681 3683 5733 di-

2113 5782 2226 5837 visa
2260 5778 2520 5850 reperies.
2553 5775 2795 5845 Namque
2820 5772 3082 5832 scribitur
3114 5790 3139 5829 ις
3165 5792 3183 5826 ι
3221 5771 3502 5843 Expositio
3555 5772 3681 5827 ﬁdei
