4176 6278
519 351 625 417 227

1442 351 1823 417 GREGORII
1850 349 2153 413 MAMMIE
2187 352 2296 413 CP.
2335 347 2853 413 PATRIAHCHIB

3678 336 3786 408 228

523 485 688 526 unam
710 470 900 526 saltem
925 470 1189 543 syllabam
1218 479 1566 542 puerei-tere.
1600 489 1619 524 ι
1648 469 1947 525 Immutare
1971 485 2103 524 vero

2212 471 2503 540 προσέχειν
2531 473 2646 534 τοῖς
2685 465 3243 538 ἀναγινωσκομένοις,
3292 463 3389 518 καὶ
3437 461 3618 527 καλῶς
3644 467 3786 518 νοεῖν

523 571 631 625 est,
648 561 943 617 dictionem
967 578 1130 617 unam
1158 564 1276 618 loco
1299 565 1527 620 alterius
1550 579 1754 634 ponere
1768 572 1822 618 ct
1843 564 2099 618 alterare.

523 651 706 720 Quare
752 653 1145 709 attendendum
1173 666 1257 710 est
1307 656 1436 721 illis,
1491 672 1612 726 quae
1642 657 1915 725 leguntur,
1973 669 2099 723 pru.

525 745 828 814 denterque
884 747 1086 816 scripta
1148 745 1596 803 consideranda:
1647 756 1698 800 et
1761 762 1866 801 non
1914 746 2105 799 leviter

529 846 844 908 temereque
869 838 1095 907 legenda
1152 840 1652 909 percurrendaque.
1686 837 1752 892 Et
1799 845 2106 905 pravertere

529 929 598 982 iis
627 927 789 983 etiam
843 935 934 998 qui
978 931 1138 998 pleno
1164 939 1386 998 pectore
1435 930 1657 998 sapiunt
1703 927 1983 998 praeterire
2025 927 2106 980 in-

530 1020 698 1074 dicat.
729 1019 797 1074 Et
822 1019 1060 1074 Basilius
1113 1028 1168 1074 et
1203 1019 1558 1086 Athanasius,
1592 1019 1686 1088 qui
1721 1019 1837 1074 haec
1890 1019 2107 1081 dicunt,

529 1111 894 1180 scribuntque
913 1120 1039 1165 ante
1089 1120 1333 1164 sanctam
1365 1111 1760 1164 meumenicam
1810 1107 2104 1163 secundam

529 1203 791 1272 synodum
817 1203 989 1265 fuere,
1034 1209 1453 1272 proptereaque,
1491 1208 1547 1256 ut
1572 1199 1944 1270 prmdiximus,
1979 1208 2107 1254 ante

530 1307 648 1344 eam
678 1291 975 1359 prohibitio
1012 1292 1211 1350 similis
1273 1292 1580 1346 invaluerat
1607 1300 1829 1361 propter
1877 1290 2107 1344 bomou-

528 1381 670 1445 sion,
703 1390 761 1435 nt
790 1391 978 1436 nostra
1003 1383 1179 1438 oratio
1223 1383 1332 1452 jam
1383 1383 1728 1436 laudatorum
1786 1387 2104 1435 sanctorum

528 1482 580 1524 et
615 1471 901 1527 doctorum
939 1475 1270 1529 testimoniis
1309 1473 1732 1538 demonstravit,
1758 1471 1824 1525 ad
1886 1471 2106 1524 haereti-

2209 561 2276 615 τὰ
2303 562 2690 632 γεγραμμένα,
2723 562 2822 614 καὶ
2865 560 2941 628 μὴ
2997 557 3359 619 ἐπιπολαίως,
3405 557 3501 609 καὶ
3537 554 3614 618 ὡς
3659 555 3786 609 ἐτυ-

2209 664 2304 720 γεν
2339 649 2740 717 ἀναγινώσκειν
2808 649 2912 701 καὶ
2946 646 3336 717 παρατρέχειν.
3363 647 3471 700 Καὶ
3506 645 3569 698 τὸ
3603 660 3790 713 παρα-

2211 739 2390 808 ϐῆναι
2419 740 2477 793 δέ
2506 741 2619 804 τοῖς
2643 739 2824 802 καλῶς
2849 738 3034 793 νοοῦσι
3065 739 3126 791 τὸ
3158 737 3548 807 παραδραμεῖν
3591 737 3792 806 σημαί-

2211 848 2311 885 νει.
2340 831 2624 896 Βασίλειος
2659 831 2716 884 δέ
2743 833 2836 885 καὶ
2871 830 3195 891 Ἀθανάσιος
3220 830 3270 881 οί
3312 827 3490 881 ταῦτα
3537 828 3790 895 λέγοντές

2212 937 2273 976 τε
2305 925 2398 975 καὶ
2425 923 2735 992 γράφοντες
2767 925 2875 994 πρὸ
2896 925 2995 993 τῆς
3027 922 3193 990 ἁγίας
3233 921 3626 991 οίκουμενικῆς
3665 922 3792 974 δευ-

2212 1011 2377 1080 τέρας
2403 1011 2624 1064 συνόδου
2675 1011 2946 1081 ὑπῆρχον.
2995 1012 3087 1063 Διὸ
3133 1013 3249 1075 καὶ,
3308 1009 3386 1073 ὡς
3441 1011 3793 1080 προείρηται.

2214 1102 2310 1154 καὶ
2335 1104 2441 1170 πρδι
2471 1102 2677 1173 ταύτης
2701 1104 2764 1158 τδ
2813 1103 3044 1172 κώλυμα
3081 1101 3241 1156 τοῦτο
3270 1101 3662 1171 νενομοθέτητο
3707 1101 3797 1154 διὰ

2213 1192 2274 1244 τὸ
2303 1193 2612 1260 δμοούσιον,
2663 1193 2740 1256 ὡς
2788 1195 3106 1261 σαφέστατα
3138 1194 3165 1245 ὁ
3191 1192 3347 1260 λόγος
3372 1191 3460 1244 διὰ
3478 1191 3583 1244 τῶν
3611 1207 3800 1261 προειο

2219 1283 2474 1353 ρημένων
2501 1285 2672 1354 ἁγίων
2706 1285 3168 1352 καὶδιδασκὰλων
3194 1283 3468 1347 ἀπέδειξε,
3512 1283 3610 1336 καὶ
3664 1284 3798 1347 τοὺς

2215 1378 2529 1446 αίρετικοὺς
2595 1378 2898 1433 ἐκκὸππων
2928 1380 3027 1450 τῆς
3053 1378 3195 1432 κατά
3229 1377 3322 1432 τοῦ
3357 1377 3644 1447 δμοουσίου
3675 1378 3798 1430 τόλ-

2221 1483 2327 1537 μης
2357 1468 2452 1520 καὶ
2485 1484 2625 1537 μετα
2635 1471 2923 1537 ποιήσεως.

529 1579 719 1617 eorum
749 1565 1071 1618 temerarios
1090 1573 1346 1627 conatus,
1382 1563 1978 1634 atqueimmutationes
2016 1561 2083 1615 ad
2099 1573 2294 1616 versus
2331 1558 2658 1616 bomousion
2688 1559 3086 1628 impediendas.

600 1656 689 1709 H.
722 1655 788 1711 Ut
817 1671 948 1710 vero
977 1656 1232 1724 pluribus
1265 1657 1480 1724 planius
1525 1669 1588 1708 ac
1613 1653 1959 1709 manifestius
2013 1665 2114 1722 pa-

532 1755 664 1808 teat,
696 1746 1124 1814 prohibitionem
1195 1746 1464 1802 bomousii
1499 1745 1673 1814 gratia
1720 1744 1920 1800 iactam
1971 1759 2113 1808 esse,

2304 1649 2402 1705 ιδ’.
2446 1650 2567 1705 Ἵνα
2601 1651 2655 1704 δὲ
2683 1653 3018 1720 σαφέστερον
3046 1654 3141 1704 καὶ
3174 1650 3526 1721 ἐκδηλότερον
3567 1652 3800 1722 γένηται

2221 1739 2310 1791 διά
2337 1742 2626 1808 πλειόνων,
2681 1742 2756 1806 ὡς
2799 1742 2891 1795 τοῦ
2923 1745 3212 1816 ὀμοουσίου
3274 1742 3438 1814 χάριν
3480 1744 3704 1811 ἐγένετο
3763 1749 3796 1814 ἡ

531 1839 784 1906 licetjam
821 1839 984 1893 dictis
1039 1840 1174 1894 satis
1229 1839 1281 1892 id
1338 1853 1616 1907 superque
1676 1837 1965 1908 probatum
2011 1837 2106 1896 sit.

2219 1829 2532 1896 κώλυσις,εί
2570 1833 2664 1886 καὶ
2699 1835 2768 1887 τά
2821 1814 3093 1904 εἰρημένα
3134 1835 3448 1905 ἀρκούντως
3504 1835 3800 1901 ἀπέδειξαν

531 1945 731 1983 rursus
767 1931 987 1984 divinus
1017 1931 1356 1984 Athanasius
1378 1929 1684 1984 audiendus
1705 1933 1814 1984 est.
1846 1928 1945 1983 Hic
1961 1929 2104 1984 enim

531 2021 586 2071 in
656 2019 890 2084 quadam
940 2035 1039 2074 sua
1082 2020 1335 2089 epistola,
1389 2019 1548 2089 Cujus
1604 2019 1974 2088 principium,
2005 2018 2108 2071 Ad-

529 2109 778 2173 decebat,
845 2109 1040 2164 fratres
1109 2113 1348 2165 maxime
1421 2112 1753 2176 honorandi,
1831 2112 1946 2166 haec
2008 2113 2106 2165 ha-

530 2202 658 2255 bet:
690 2219 706 2252 ι
738 2200 838 2266 Qui
860 2203 1039 2269 itaque
1058 2201 1316 2256 Acacium
1352 2203 1743 2272 sequebantur,
1771 2219 1884 2258 suae
1921 2202 2106 2257 stulti-

531 2294 619 2346 tiae
643 2291 874 2344 audacia
901 2292 1218 2357 abutentes,
1251 2309 1478 2361 prorsus
1523 2295 1724 2362 scripta
1755 2293 1974 2349 Nicazna
2008 2290 2106 2348 rie—

533 2379 759 2448 gabaut,
789 2386 842 2430 ct
897 2379 1160 2448 synodum
1220 2381 1696 2447 criminabantur;
1749 2383 1839 2437 alii
1876 2399 2006 2437 vero
2039 2393 2106 2436 ex

534 2467 889 2522 multitudine
922 2479 975 2523 et
999 2470 1174 2538 plebe,
1207 2472 1413 2539 reliqua
1441 2475 1622 2526 omnia
1669 2475 1862 2544 synodi
1918 2491 2110 2546 accep-

532 2559 742 2620 tabant,
773 2561 1154 2616 tantummodo
1189 2562 1487 2616 dictionem
1520 2565 1793 2620 bomousii
1820 2567 1983 2622 veluti
2013 2573 2108 2622 ob-

532 2664 750 2702 scuram
786 2649 838 2702 in
870 2650 1238 2718 suspicionem
1263 2653 1555 2708 vocabant.
1592 2653 1719 2709 Pari
1754 2657 1966 2712 ratione
2019 2673 2109 2728 sy—

533 2741 713 2795 nodus
744 2743 884 2811 apud
914 2742 1350 2812 Hierosolymam
1383 2745 1473 2799 Dei
1509 2749 1680 2815 gratia
1712 2761 1898 2803 coacta
1939 2749 2108 2806 dicit:

534 2829 736 2883 nullam
788 2831 950 2882 aliain
988 2830 1059 2883 ob
1087 2845 1308 2885 causam
1337 2846 1458 2886 cum
1519 2849 1713 2904 magna
1749 2836 1839 2891 illa
1899 2839 2111 2908 synodo

478 2920 838 2989 .decertant,
874 2920 978 2974 nisi
1012 2922 1153 2989 quod
1212 2923 1302 2976 illa
1353 2922 1610 2979 Arianam
1667 2925 1925 2981 haeresim
1972 2942 2107 2982 con-

485 2990 491 2998 ’
534 3009 833 3065 demnavit.
864 3011 1073 3067 Idcirco
1108 3015 1251 3068 enim
1291 3025 1344 3067 et
1365 3015 1637 3072 bomousii
1678 3018 1971 3074 dictionem
2024 3025 2110 3075 in-

533 3109 754 3164 cusant,
777 3103 918 3157 male
952 3103 1053 3172 ipsi
1076 3104 1144 3160 de
1182 3121 1245 3160 ea
1287 3108 1605 3163 sentientes.
1663 3125 1682 3160 ι
1740 3108 2002 3166 Ρταειετεα
2051 3112 2105 3165 in

536 3193 639 3247 bac
669 3193 858 3247 eadem
907 3196 1133 3262 epistola
1190 3204 1314 3266 post
1350 3212 1520 3265 pauca
1573 3199 1808 3254 scribit:
1839 3217 1858 3252 ι
1897 3199 1953 3254 In
1991 3204 2105 3270 ipsa

537 3283 746 3343 Isauria
801 3287 1078 3339 contraria
1133 3287 1500 3356 scripserunt,
1558 3289 1825 3355 dicentes,
1879 3293 2110 3347 bomou-

535 3373 698 3436 siurn,
725 3373 1198 3444 bomtnusiumque
1259 3385 1518 3447 tanquam
1564 3395 1594 3433 a
1637 3379 1933 3449 Scripturis
1975 3384 2106 3436 alie-

537 3479 665 3517 num
693 3463 996 3533 ejicicntes,
1029 3475 1082 3520 et
1111 3469 1364 3522 essentia:
1395 3485 1589 3524 nomen
1618 3471 1928 3539 eijciemus,
1989 3481 2106 3527 tan-

534 3557 864 3624 quamquod
895 3572 1163 3626 nusquam
1193 3559 1244 3613 in
1289 3559 1591 3630 Scripturis
1650 3571 1752 3617 est.
1797 3580 1816 3614 ι
1859 3562 2103 3633 Hincquc

533 3647 704 3714 probe
737 3645 896 3701 divus
938 3647 1217 3719 Cyr-illus:
1277 3668 1298 3702 ι
1366 3650 1484 3706 Non
1537 3653 1901 3719 permittimus
1949 3655 2108 3709 nobis

534 3737 691 3805 ipsis,
728 3748 821 3792 aut
849 3738 994 3805 aliis,
1021 3740 1178 3801 dicit.
1213 3757 1282 3796 ne
1314 3742 1542 3797 libertas
1567 3744 1878 3799 volentibus
1938 3743 2102 3798 detur

536 3828 847 3893 immutare,
883 3839 938 3883 et
961 3832 1239 3884 contraria
1257 3833 1524 3888 scribere.
1548 3853 1566 3885 ι
1604 3833 1769 3904 quue
1815 3838 2108 3892 manifesto

537 3926 763 3986 apparet
799 3934 863 3972 ex
891 3920 1127 3986 septimo
1187 3936 1396 3978 canone
1431 3927 1604 3979 tertiae
1637 3928 1852 3995 synodi,
1914 3929 1967 3982 in
2001 3945 2109 3998 quo

536 4008 834 4062 scribitur:
877 4027 896 4059 ι
943 4009 1045 4075 Qui
1080 4012 1240 4066 ﬁdem
1274 4014 1434 4067 aliam
1464 4030 1627 4084 quam
1683 4031 1802 4069 eam
1852 4033 1974 4086 qua:
2017 4019 2111 4072 Ni-

536 4099 911 4154 cuezedcllnita
967 4109 1070 4168 est,
1137 4103 1491 4160 introducens
1526 4105 1835 4174 episcopus,
1886 4108 1952 4160 ab
1996 4109 2111 4175 cpi-

537 4198 764 4257 smpatu
801 4192 1017 4248 alienus
1060 4203 1163 4260 est,
1201 4197 1374 4250 laicus
1426 4195 1701 4264 ejiciatur.
1735 4215 1754 4250 ι
1797 4197 1966 4268 Cujus
2026 4202 2110 4252 in-

538 4283 852 4347 terpretatio
900 4291 1020 4338 est:
1061 4302 1079 4336 ι
1147 4286 1249 4350 Qui
1307 4296 1501 4356 praeter
1555 4301 1674 4340 eam
1739 4289 1896 4342 ﬁdem
1945 4306 2107 4359 quam

537 4371 713 4426 sancti
738 4370 926 4428 Patres
964 4375 1017 4428 in
1053 4374 1268 4430 Nicatna
1302 4377 1512 4445 synodo
1572 4381 1887 4448 congregati
1926 4380 2112 4435 edide-

2220 1923 2405 1988 τοῦτο,
2437 1925 2600 1978 πάλιν
2659 1923 2755 1978 τοῦ
2828 1927 2985 1994 ἀγίου
3051 1926 3380 1981 Ἀθανασίου
3443 1927 3796 1996 ἀκούσωμεν,

2222 2007 2392 2074 οὗτος
2457 2016 2690 2085 γὰρέν
2751 2021 2817 2087 τῇ
2894 2020 3030 2088 αὐτῇ
3081 2019 3335 2092 ἐπιστολῇ
3395 2015 3462 2092 ἦς
3508 2023 3541 2091 ἠ
3607 2021 3800 2092 ἀρχὴ.

2221 2105 2508 2176 Προσῆκον
2565 2104 2674 2178 ἦν,
2711 2108 2930 2177 ἀδελφοὶ
2988 2109 3330 2177 τιμιώτατοι,
3396 2113 3522 2165 τάδε
3580 2117 3748 2184 φησίν
3779 2131 3792 2145 ·

2224 2215 2242 2247 ι
2284 2197 2348 2250 Ol
2383 2199 2484 2267 μὲν
2540 2198 2635 2253 οῦν
2685 2201 2816 2269 περὶ
2915 2201 3174 2257 Ἀκάκιον
3226 2205 3676 2276 ἀποχρησάμενοι
3718 2209 3802 2278 τῷ

2214 2291 2314 2358 τῆς
2337 2290 2597 2354 ἀπονοίας
2633 2290 2827 2361 θράσει
2873 2293 3062 2347 τέλεον
3124 2295 3388 2364 ἠρνοῦντο
3406 2298 3476 2350 τά
3503 2300 3560 2350 ἐν
3590 2299 3801 2370 Nimia

2216 2382 2524 2450 γραφέντα,
2570 2385 2662 2436 καὶ
2688 2383 2787 2455 τὴν
2820 2384 3040 2439 σύνοδον
3088 2387 3386 2441 διέϐαλλονο
3433 2391 3482 2442 oi
3519 2391 3574 2443 δὲ
3613 2392 3793 2457 ἄλλοι,

2214 2469 2278 2523 τὸ
2307 2470 2514 2540 πλῆθος
2541 2471 2598 2524 δέ
2643 2467 2785 2544 ἦσαν
2835 2471 3005 2540 οὗτοι,
3051 2476 3120 2529 τὰ
3149 2476 3248 2545 μὲν
3289 2476 3422 2530 ἄλλα
3474 2479 3650 2532 πάντα
3692 2482 3800 2550 τῆς

2224 2557 2448 2611 συνόδου
2471 2559 2822 2630 ἀπεδέχοντο,
2906 2564 3067 2630 μόνον
3123 2563 3179 2616 δὲ
3215 2565 3313 2630 τὴν
3350 2564 3444 2616 τοῦ
3497 2566 3797 2636 δμοουσίου

2217 2648 2362 2713 λέξιν
2393 2649 2469 2714 ὼς
2497 2653 2560 2704 ἐκ
2597 2653 2696 2721 τῆς
2721 2654 2991 2721 ἀσαφείας
3023 2654 3268 2708 ὕποπτον
3321 2655 3793 2725 ἐπροφασίζοντο.

2231 2740 2464 2809 Ὁμοίως
2495 2743 2551 2795 δέ
2580 2744 2673 2796 καὶ
2724 2744 2758 2813 ἡ
2785 2744 3002 2808 σύνοδος
3039 2747 3071 2816 ὴ
3125 2748 3181 2798 ἐν
3229 2746 3624 2819 Ἱεροσολύμοις
3655 2752 3796 2807 Θεοῦ

2216 2833 2401 2904 χάριτι
2435 2833 2769 2904 συναχθείσά
2801 2851 2958 2904 φησι·
3001 2835 3078 2888 Δι’
3113 2836 3264 2890 οὐδὲν
3291 2839 3479 2910 ἕτερον
3525 2842 3796 2912 μάχονται

2218 2926 2353 2995 πρὸς
2383 2924 2481 2995 τὴν
2519 2925 2731 2979 σύνοδον
2763 2927 2982 2997 ἐκείνην
3040 2928 3141 2996 τὴν
3195 2929 3462 3002 μεγάλην,
3516 2932 3549 3004 ἢ
3585 2936 3664 2988 ὅτι
3695 2938 3796 3007 τὴν

2234 3015 2576 3087 Ἀρειανικὴν
2611 3017 2825 3086 αἵρεσιν
2854 3019 3168 3089 κατέκρινε.
3220 3023 3320 3074 Διά
3348 3023 3506 3077 τοῦτο
3541 3026 3648 3095 γὰρ
3696 3030 3797 3084 καὶ

2214 3105 2314 3176 τὴν
2342 3105 2436 3159 τοῦ
2466 3107 2756 3175 ὀμοουσίου
2792 3107 2934 3173 λέξιν
2967 3111 3336 3179 διαϐάλλουσι,
3387 3117 3570 3179 κακῶς
3627 3119 3790 3172 αὐτοὶ

2213 3197 2540 3267 φρονοῦντες
2595 3201 2726 3270 περὶ
2780 3201 2971 3271 αὐτῆς.
3015 3222 3034 3256 ι
3100 3205 3221 3258 Ἔτι
3281 3208 3374 3258 καὶ
3430 3208 3486 3259 ἐν
3516 3211 3580 3278 τῇ
3650 3212 3793 3283 αὐτῇ

2212 3286 2467 3357 ἐπιστολῇ
2507 3290 2640 3357 φησὶ
2689 3291 2807 3357 μετ’
2853 3291 3072 3361 ὀλίγον’
3108 3313 3127 3348 ι
3173 3296 3264 3350 Ἐν
3304 3301 3369 3368 τῇ
3433 3301 3571 3370 αὐτῇ
3618 3302 3796 3356 Ἰσαυ-

2214 3374 2306 3444 ρίᾳ
2335 3376 2595 3430 τάναντία
2623 3378 2872 3448 ἔγραψαν
2921 3381 3196 3450 λέγοντες,
3258 3388 3317 3440 τὸ
3373 3388 3663 3457 ὀμοούσιον
3697 3392 3794 3444 καὶ

2209 3466 2268 3518 τὸ
2289 3467 2601 3534 ὀμοιούσιον
2631 3469 2983 3536 ἐκϐάλλοντες
3005 3473 3079 3537 ὡς
3102 3477 3382 3548 ἀλλότριον
3408 3483 3515 3534 τῶν
3534 3484 3792 3554 Γραφῶν,

2211 3558 2308 3609 καὶ
2338 3557 2396 3609 τὸ
2424 3559 2522 3628 τῆς
2558 3560 2744 3621 οὐσίας
2772 3556 2947 3630 ὄνομα
2976 3567 3396 3638 περιαιροῦμεν,
3423 3571 3499 3635 ὡς
3544 3574 3619 3644 μὴ
3673 3578 3795 3629 κει.

2214 3663 2378 3716 μενον
2407 3650 2464 3701 ἐν
2489 3653 2609 3714 ταῖς
2638 3652 2902 3722 Γραφαίς.
2932 3675 2950 3707 ι
2986 3658 3097 3710 Καὶ
3119 3658 3228 3728 γὰρ
3259 3661 3442 3726 καλῶς
3480 3665 3574 3718 καὶ
3593 3667 3621 3719 ὁ
3649 3667 3794 3732 θεῖος

2211 3740 2476 3810 Κύριλλος
2510 3743 2595 3794 τό·
2629 3761 2648 3794 ι
2689 3743 2806 3798 Οὐκ
2838 3747 3212 3818 ἐπιτρέπομεν
3240 3751 3529 3824 ueremi}
3559 3758 3789 3828 ἐτέρας,

2209 3834 2396 3900 φησὶν,
2435 3832 2523 3886 [va
2589 3833 2664 3902 μὴ
2693 3835 2845 3888 ἄδεια
2885 3837 3010 3909 δοθῇ
3044 3843 3157 3917 τοῖς
3227 3840 3572 3914 βουλομένοις
3636 3851 3792 3904 ἐναλ-
3865 3904 3868 3908 .

2211 3920 2453 3988 λάττειν,
2486 3926 2578 3978 καὶ
2606 3927 2826 3980 ἐναντία
2882 3931 3139 3997 γράφειν.
3186 3951 3203 3983 ι
3269 3936 3377 3988 Καὶ
3408 3939 3568 3994 τοῦτο
3623 3942 3788 4009 δῆλον

2210 4011 2303 4063 καὶ
2331 4013 2394 4064 ἐκ
2425 4012 2519 4064 τοῦ
2585 4015 2818 4082 ἑϐδόμου
2864 4021 3092 4083 κανόνος
3147 4023 3247 4094 τῆς
3306 4026 3494 4096 τρίτης
3543 4033 3782 4086 συνόδουο

2210 4103 2342 4192 φησὶ
2374 4102 2481 4171 γάρ
2510 4119 2522 4132 ·
2562 4122 2579 4156 ι
2621 4106 2682 4158 Ὀ
2710 4107 2890 4160 πίστιν
2926 4111 3123 4179 ἑτέραν
3151 4113 3253 4180 τῆς
3287 4119 3344 4168 ἐν
3370 4119 3576 4192 Notata
3609 4140 3784 4192 προσ-
3868 4144 3870 4146 '

2209 4189 2357 4256 ἀγων
2381 4192 2672 4256 ἐπίσκοπος
2703 4197 3084 4268 ἠλλοτρίωται,
3134 4203 3323 4268 λαῖκὸς
3382 4210 3437 4262 δὲ
3495 4189 3588 4265 καὶ
3645 4189 3782 4282 ἐξω-

2212 4280 2552 4374 στράκισται.
2587 4304 2606 4336 ι
2659 4285 2720 4338 Ἢ
2763 4287 2820 4340 δὲ
2857 4290 3170 4363 Ἐξηγήσις·
3209 4315 3228 4348 ι
3263 4298 3322 4350 '0
3354 4301 3505 4370 παρὰ
3545 4303 3642 4374 τὴν
3688 4280 3787 4358 ⁷πί-

2212 4386 2330 4423 στιν
2349 4373 2447 4440 τὴν
2483 4375 2634 4445 παρά
2675 4381 2786 4431 τῶν
2830 4381 3003 4449 ἁγίων
3036 4385 3295 4457 Πατέρων
3330 4391 3440 4442 τὼν
3471 4395 3528 4444 ἐν
3582 4373 3786 4468 Νικαὶα

537 4471 687 4526 runt,
731 4464 877 4518 aliud
913 4468 1222 4536 symbolum
1266 4467 1489 4535 impium
1543 4466 1795 4534 alferens,
1823 4471 1890 4525 ad
1952 4487 2104 4524 ever-

2212 4462 2715 4533 συναθροισθέντων
2739 4473 3089 4528 συντεθεῖσαν
3119 4478 3308 4546 ἕτερον
3347 4481 3626 4552 Σύμϐολον
3659 4462 3784 4539 δυαλ

536 4554 745 4608 sionem
779 4569 948 4625 atque
984 4557 1264 4612 interitum
1293 4571 1482 4610 eorum
1530 4559 1622 4626 qui
1653 4575 1717 4614 ex
1772 4551 2102 4630 gentilitate,

536 4655 631 4699 aut
671 4647 972 4716 judaismo,
1006 4649 1088 4703 vel
1119 4666 1184 4704 ex
1219 4663 1544 4720 quacunque
1577 4651 1681 4705 alia
1734 4652 1928 4708 haeresi
1973 4668 2105 4709 con-

538 4750 825 4790 vertuntur
848 4739 916 4792 ad
967 4741 1213 4794 veritatis
1271 4739 1622 4807 agnitionem,
1674 4742 1720 4796 si
1770 4741 1936 4797 laicus
1997 4751 2104 4810 est,

539 4828 1074 4894 anathematizetur;
1106 4830 1152 4883 si
1189 4845 1318 4884 vero
1349 4829 1659 4899 episcopus,
1717 4839 1808 4885 aut
1849 4833 2106 4896 clericus,

535 4919 602 4970 ab
625 4921 941 4989 episcopatu
973 4931 1025 4974 et
1057 4923 1202 4976 clero
1225 4921 1496 4990 ejiciatur.
1535 4940 1554 4974 ι
1594 4921 1670 4975 En
1692 4924 1800 4992 jam
1825 4933 2106 4980 ostensum

533 5019 642 5072 est,
669 5020 918 5078 separata
951 5026 1073 5065 esse
1102 5009 1354 5079 Symbola
1380 5019 1693 5065 sanctarum
1745 5015 2105 5082 synodorum,

533 5100 663 5151 licet
697 5102 980 5154 sententia:
1021 5102 1163 5155 inter
1187 5117 1245 5156 se
1281 5102 1688 5157 nihilditferant
1720 5116 1772 5158 et
1831 5105 2110 5161 deﬁnitio-

534 5203 632 5243 nes
655 5189 721 5242 de
752 5191 970 5244 Nicmno
1007 5196 1341 5247 mentionem
1386 5193 1566 5249 facere
1627 5204 1848 5264 propter
1879 5198 2109 5252 bomou-

535 5280 679 5344 sion,
716 5289 772 5332 ut
797 5281 1004 5334 dictum
1037 5291 1140 5337 est.
1175 5282 1308 5336 Nam
1339 5285 1482 5353 quod
1524 5286 1575 5339 in
1623 5288 1756 5340 urbe
1783 5287 2108 5342 Constanti-

535 5372 848 5440 nopolituna
872 5377 1237 5443 rouipositum
1283 5375 1409 5441 fuit,
1470 5377 1545 5430 ita
1598 5379 1952 5446 poscentibus
1999 5381 2107 5433 cla-

537 5464 774 5520 rissimis
807 5467 1150 5536 principibus
1181 5469 1249 5523 ab
1272 5469 1432 5524 Aetio
1467 5469 1697 5522 diacono
1746 5469 1946 5522 lectum
1979 5479 2102 5523 est:

534 5556 679 5624 quod
728 5556 1004 5612 Nicaenum
1038 5571 1243 5613 tantum
1300 5559 1689 5620 iunotesccrct,
1743 5571 1863 5610 cum
1915 5573 2105 5613 omnes

537 5664 595 5703 in
629 5665 694 5704 eo
721 5651 1136 5719 baptizarcntur
1170 5659 1228 5703 et
1278 5649 1637 5718 baptizarent,
1675 5657 1729 5700 at
1773 5649 1916 5716 quod
1959 5650 2103 5704 Con-

533 5738 888 5806 Stantinopoli
935 5742 1307 5807 conscriptum
1388 5737 1566 5789 fuerat
1633 5737 1800 5791 veluti
1855 5738 2101 5795 deﬁnitio

2214 4554 2372 4618 σεϐὲς
2424 4559 2776 4629 προκομίζων
2813 4565 2893 4626 είς
2923 4542 3312 4639 καταστροςρὴν
3379 4542 3473 4624 κᾶι
3500 4575 3782 4628 ἀπώλειαν
3819 4542 3834 4559 ⁸

2208 4643 2314 4696 τῶν
2344 4643 2404 4737 ἐξ
2443 4647 2821 4721 Ἑλληνισμοῦ,
2859 4654 2891 4725 ἢ
2965 4656 3327 4729 Ἰουδαῖσμοῦ,
3385 4663 3418 4732 ἢ
3471 4663 3534 4728 ἐξ
3562 4667 3780 4737 οίασδη-

2209 4735 2408 4789 ποτοῦν
2433 4738 2700 4808 αίρέσεως
2730 4743 3174 4814 ἐπιστρεφόντων
3237 4753 3316 4814 είς
3348 4755 3649 4823 ἐπίγνωσιν
3680 4763 3777 4828 τῆς

2206 4830 2488 4900 ἀληθείας,
2527 4836 2576 4887 εί
2627 4836 2726 4904 μὲν
2790 4838 2978 4903 λαῖκός
3037 4843 3208 4908 ἐστιν,
3271 4846 3777 4915 ἀναθεματίζεσθωο

2208 4924 2256 4974 εί
2312 4921 2369 4974 δὲ
2401 4923 2698 4986 ἐπίσκοπος
2757 4926 3110 4998 ἢκληρικδς,
3169 4934 3270 5001 τῆς
3322 4936 3627 5007 ἐπισκοπῆς
3684 4938 3778 4991 καὶ

2207 5013 2301 5067 τοῦ
2332 5015 2536 5083 κλήρου
2588 5017 3026 5087 ἀλλοτριοῦσθαι.
3069 5042 3087 5072 ›
3157 5024 3289 5077 Ἰδοὺ
3337 5026 3631 5092 δέδεικται,
3691 5030 3773 5082 ὅτι

2207 5105 2310 5156 ἀνὰ
2336 5107 2500 5173 μέρος
2529 5105 2688 5174 ἔσχον
2715 5109 2782 5159 τά
2811 5109 3064 5178 Σύμϐολα
3097 5115 3207 5167 τῶν
3241 5117 3410 5178 ἁγίων
3442 5121 3692 5184 συνόδων,
3729 5122 3775 5172 εί

2209 5196 2300 5246 καὶ
2332 5198 2471 5248 κατὰ
2491 5198 2578 5248 τὸν
2612 5197 2735 5251 νοῦν
2766 5202 2826 5252 ού
2856 5201 3194 5271 διαφέρουσι,
3246 5210 3344 5260 καὶ
3387 5210 3471 5262 ὅτι
3520 5213 3645 5280 περὶ
3679 5213 3772 5265 τοῦ

2210 5289 2269 5338 ἐν
2289 5288 2496 5360 Νικαία
2526 5291 2573 5342 oi
2601 5291 2718 5359 ὅροι
2779 5294 3085 5364 μέμνηνται
3113 5299 3198 5352 διὰ
3249 5302 3308 5352 τὸ
3357 5304 3662 5371 ὀμοούσιον,
3697 5304 3773 5368 ὡς

2209 5378 2558 5448 προείρηται.
2595 5383 2702 5434 Καὶ
2727 5387 2833 5453 γὰρ
2858 5384 2917 5435 τὸ
2968 5389 3025 5440 ὲν
3088 5391 3656 5448 Κωνσταντικουπόλει
3716 5395 3774 5461 ἐξ

2209 5469 2473 5537 αἱρέσεως
2538 5472 2647 5526 τῶν
2701 5474 3060 5538 ἐνδοξοτάτων
3109 5482 3384 5550 ἀρχόντων
3409 5485 3518 5538 ἀπὺ
3565 5487 3771 5556 βιϐλίου
3835 5503 3839 5506 ·

2208 5559 2523 5631 ἀνεγνώσθη
2560 5565 2710 5634 παρά
2748 5565 2957 5619 Ἀετίου
3013 5570 3282 5636 διακόνου,
3337 5575 3426 5628 διὰ
3457 5577 3515 5629 τὸ
3559 5582 3616 5630 ἐν
3675 5580 3770 5631 Νι-

2208 5651 2338 5721 καίᾳ
2375 5652 2656 5724 γνώριμον
2699 5653 2842 5712 εἶναι
2877 5664 2972 5715 καὶ
3006 5663 3186 5731 μόνον,
3229 5665 3301 5727 ὡς
3330 5667 3534 5731 πάντας
3561 5673 3618 5722 ἐν
3643 5672 3764 5724 τού⁸

2203 5740 2282 5810 τῷ
2305 5741 2654 5809 βαπτίζεσθαι
2691 5750 2783 5801 καὶ
2819 5748 3119 5817 βαπτίζειν,
3155 5753 3310 5806 τοῦτο
3345 5754 3399 5807 δὲ
3442 5756 3501 5810 τὸ
3534 5758 3590 5809 ὲν
3620 5759 3772 5811 Κων-
