4176 6278
409 322 517 384 2'29

1520 326 1623 386 AD
1662 324 2023 388 IMPERAT.
2068 326 2544 393 TRAPEZUNT.

3553 343 3660 407 230

412 440 1098 495 etavztvooné‘utxeieOat
1146 443 1220 505 ὡς
1274 440 1420 514 ὅρον.
1448 444 1508 499 Εί
1539 446 1646 516 γάρ
1677 447 1771 500 καὶ
1824 446 1970 499 ίόστε¹

2092 452 2400 520 appositum
2430 464 2600 510 esset.
2636 454 2790 511 Licet
2835 460 2979 515 enim
3019 463 3367 532 postmodum
3392 462 3446 519 in
3476 479 3541 520 eo
3569 466 3663 520 ba-

412 549 506 603 ρον
546 532 602 583 ἐν
657 528 831 599 τούτῳ
888 531 1267 602 βαπτιζόμεθα
1326 535 1417 587 καὶ
1457 535 1790 607 βαπτίζομεν
1816 576 1831 601 ,
1866 538 1981 591 ἀλλ’

410 623 501 677 οὖν
520 624 578 676 τὸ
606 623 665 676 ἐν
683 623 890 696 Νικαίᾳ
908 623 1120 688 πάντας
1145 626 1234 678 διὰ
1259 624 1505 695 γλώττης
1535 624 1701 697 εἶχον,
1735 629 1809 688 ὡς
1838 628 1932 683 καὶ
1956 632 1983 683 ὁ

410 717 554 778 θεῖος
586 714 871 777 Βασίλειος
906 715 1151 784 εἴρηκεν,
1184 716 1325 783 καὶὴ
1362 716 1493 784 ἁγία
1518 719 1676 788 τρίτη
1715 720 1952 785 σύνοδος.

483 812 562 861 ιε’.
609 805 751 858 Ἀλλ’
785 807 1086 872 ἀναγκαίον
1114 808 1210 860 καὶ
1229 808 1296 861 τὰ
1322 810 1770 880 προκομιζόμενα
1787 814 1851 864 ἐκ
1874 813 1982 864 τῶν

410 896 549 961 ὅρων
578 894 880 962 προθεῖναι,
933 895 1003 948 ἵν’
1034 897 1368 969 ἐκδηλοτέρα
1420 901 1645 969 γένηται
1682 903 1713 971 ἡ
1763 902 1984 956 ἀπόδει-

338 1010 341 1011 ν
413 985 510 1048 ξιςο
541 984 676 1055 φησὶ
702 984 832 1055 γάρ·
873 1003 892 1037 ι
928 986 1148 1040 Τούτων
1180 989 1359 1041 τοίνυν
1388 992 1527 1058 μετὰ
1565 992 1747 1061 πάσης
1780 1010 1985 1046 παντα-

409 1074 562 1144 χόθεν
599 1076 893 1142 ἀκριϐείας
926 1095 987 1129 τε
1028 1082 1121 1131 καὶ
1170 1080 1463 1149 ἐμμελείας
1494 1085 1626 1154 παρ’
1658 1086 1818 1155 ἡμῶν
1869 1089 1985 1140 δια-

407 1166 789 1230 τυπωθέντων,
824 1169 1079 1237 ὁρίζομεν
1104 1171 1296 1240 ἑτέραν
1331 1173 1515 1228 πίστιν
1551 1177 1739 1244 μηδενὶ
1782 1178 1981 1245 ἐξεῖναι

407 1258 722 1325 προφέρειν,
754 1257 939 1328 ἤγοῦν
970 1264 1331 1330 συγγράφειν,
1362 1265 1392 1333 ἦ
1421 1265 1749 1331 συντιθέναι,
1781 1269 1813 1339 ἦ
1850 1288 1986 1340 φροι-

406 1348 535 1408 νεῖν,
563 1346 595 1414 ἣ
629 1345 903 1399 διδάσκειν
935 1348 1162 1418 ἑτέρως.
1188 1350 1325 1415 Τοὺς
1357 1354 1413 1407 δὲ
1441 1356 1758 1425 τολμῶντας
1784 1360 1815 1429 ἢ
1852 1378 1982 1412 συν-

405 1435 614 1487 τιθέναι
642 1437 825 1490 πίστιν
856 1439 1113 1510 ἐτέραν,ἥ
1150 1444 1524 1512 προκομίζειν,
1552 1448 1580 1515 ἢ
1613 1448 1904 1516 διδάσκειν,
1948 1452 1981 1522 ἢ

406 1528 763 1595 παραδιδόναι
798 1531 989 1600 ἕτερον
1050 1536 1321 1605 σύμϐολον
1362 1541 1472 1601 τοῖς
1525 1539 1802 1596 ἐθέλουσιν
1861 1544 1983 1597 ἐπι-

406 1611 656 1680 στρέφειν
680 1615 758 1676 είς
778 1616 1078 1685 ἐπίγνωσιν
1103 1622 1201 1689 τῆς
1221 1623 1474 1692 ἀληθείας
1503 1624 1565 1689 ἐξ
1627 1627 1987 1699 Ἑλληνισμοῦ

404 1702 435 1772 ἢ
485 1702 844 1775 Ἰουδαῖσμοῦ,
904 1711 1073 1779 ήγουν
1107 1713 1164 1780 ἐξ
1200 1716 1463 1785 αἱρέσεως
1504 1721 1744 1785 οἱασοῦν,
1796 1722 1983 1793 ἢκαι·

402 1801 695 1864 νοφωνίαν,
725 1799 845 1868 ἦτοι
880 1800 1076 1868 λέξεως
1113 1806 1403 1877 ἐφεύρεσιν
1470 1812 1605 1881 πρὸς
1669 1813 1983 1885 ἀνατροπὴν

401 1890 642 1956 εἰσάγειν
669 1891 776 1945 τῶν
810 1896 929 1948 νυνὶ
956 1896 1087 1966 παρ’
1118 1899 1276 1969 ἡμῶν
1308 1901 1710 1971 διορισθέντων,
1736 1903 1980 1970 τούτους,

403 1984 450 2033 εί
482 1983 583 2052 μὲν
619 1985 908 2039 ἐπίσκοποι
948 1984 1058 2041 εἷεν
1112 1991 1144 2060 ἢ
1177 1991 1453 2062 κληρικοὶ,
1495 1995 1809 2064 ἀλλοτρίους
1843 1993 1982 2051 εἶναι

400 2076 523 2139 τοὺς
553 2079 889 2143 ἐπισκόπους
945 2082 1042 2151 τῆς
1077 2084 1403 2155 ἐπισκοπῆς,
1455 2090 1550 2139 καὶ
1603 2090 1728 2151 τοὺς
1784 2089 1978 2159 κληριο

400 2169 526 2231 xuii;
559 2171 655 2223 τοῦ
690 2172 914 2243 κλήρου·
945 2176 993 2226 εί
1040 2176 1097 2227 δὲ
1167 2178 1491 2245 μονάζοντες
1542 2176 1654 2232 εἶεν
1709 2181 1740 2252 ἢ
1778 2182 1978 2247 λα’ίκοὶ,

398 2262 903 2333 ἀναθεματίζεσθαι
930 2267 1152 2332 αὐτούς.
1188 2288 1208 2321 ›
1246 2270 1353 2323 Καὶ
1400 2272 1457 2323 ἐν
1486 2275 1548 2341 τῇ
1608 2273 1745 2346 ἕκτῃ
1775 2275 1978 2346 συνόδῳ

398 2354 571 2421 φησί·
634 2373 654 2405 ι
698 2355 915 2410 Τούτων
965 2358 1144 2411 τοίνυν
1204 2360 1345 2428 μετὰ
1408 2366 1588 2431 πάσης
1644 2366 1978 2434 πανταχόθεν

398 2444 682 2513 ἀκριϐείας
702 2450 791 2499 καὶ
822 2450 1117 2517 ἐμμελείας
1142 2449 1273 2521 παρ’
1299 2454 1455 2522 ἡμῶν
1510 2454 1975 2523 διατυπωθέντων,

397 2538 659 2611 ὦρεσενή
697 2544 827 2611 ἀγία
859 2545 999 2616 αὕτη
1057 2551 1151 2602 καὶ
1180 2549 1395 2618 μεγάλη
1457 2549 1676 2613 σύνοδος
1720 2552 1977 2622 οἰκούμε-

395 2636 540 2706 νικὴ,
572 2637 767 2706 ἑτέραν
797 2641 982 2692 πίστιν
1044 2641 1237 2709 μηδεν)⁸
1304 2642 1506 2707 ἐξεῖναι
1564 2646 1882 2714 προφέρειν,
1914 2646 1976 2718 ή-

396 2748 527 2797 γουν
561 2731 927 2801 συγγράφειν,
958 2731 988 2802 ἢ
1023 2734 1357 2801 συντιθέναι,
1385 2736 1415 2801 ἢ
1468 2739 1708 2808 φρονεῖν,
1759 2738 1793 2807 ἢ
1827 2739 1974 2794 διδά-

396 2840 550 2876 σκειν
614 2824 838 2893 ἑτέρως.
907 2825 1132 2889 Τοὺς’δὲ
1188 2829 1503 2898 τολμῶντας
1566 2831 1598 2900 ἢ
1664 2833 1971 2887 συντιθέναι

393 2915 580 2967 πίστιν
660 2915 880 2983 ἑτέραν,
940 2917 973 2989 ἢ
1036 2919 1414 2987 προκομίζειν,
1493 2920 1524 2991 ἢ
1584 2922 1879 2986 διδάσκειν,
1935 2923 1968 2995 ἤ

391 3004 748 3073 παραδιδόναι
845 3004 1033 3076 ἕτερον
1131 3009 1407 3075 Σύμϐολον
1501 3014 1613 3075 τοῖς
1691 3013 1971 3069 ἐθέλουσιν

2088 545 2359 611 ptizemur
2390 552 2444 599 et
2472 546 2814 617 baptizemus
2834 591 2847 612 ,
2868 559 3106 609 attamen
3145 552 3421 610 Nicaanum
3460 558 3514 611 in
3545 574 3663 612 om-

2088 636 2235 690 nium
2296 654 2393 693 ore
2438 650 2578 706 erat,
2642 653 2699 696 ut
2749 644 2975 699 tradidit
3029 648 3250 704 divinus
3312 647 3565 714 Basilius,
3608 659 3663 706 et

2086 739 2275 784 sancta
2297 733 2456 786 tertia
2484 734 2747 802 synodus.

2166 823 2251 876 15.
2288 822 2484 877 Verum
2516 826 2809 895 digerenda
2842 840 2968 882 sunt
2996 830 3108 892 hic,
3145 843 3266 897 qua
3308 830 3359 885 in
3389 831 3663 886 deﬁnitio-

2087 913 2247 967 nibus
2275 928 2649 983 apponuntur,
2679 928 2739 971 ut
2788 919 2991 972 clarior
3046 922 3660 978 demonstratiocullu-

2086 1017 2288 1059 ccscat.
2322 1006 2595 1064 Scribitur
2616 1011 2758 1064 enim
2794 1026 2809 1065 :
2849 1029 2866 1063 ι
2909 1009 3006 1066 His
3030 1014 3213 1081 itaque
3241 1030 3365 1069 cum
3406 1028 3661 1071 accurata

2087 1099 2368 1169 diligentia
2396 1110 2445 1156 et
2470 1103 2775 1156 attentione
2806 1117 2836 1155 a
2889 1104 3048 1160 nobis
3101 1107 3456 1175 praescriptis.
3508 1124 3662 1161 man—

2086 1190 2282 1245 damus
2315 1208 2423 1245 non
2468 1193 2634 1248 licere
2685 1194 2971 1261 cuiquam,
3014 1196 3171 1249 aliam
3227 1197 3384 1251 ﬁdem
3445 1199 3663 1263 ali‘erre,

2086 1282 2169 1334 vel
2197 1283 2463 1341 scribere.
2512 1283 2592 1337 vel
2631 1297 2983 1352 componere,
3011 1286 3092 1341 vel
3135 1293 3353 1349 tenere,
3391 1289 3471 1342 vel
3505 1290 3664 1342 aliter

2088 1377 2306 1430 docere.
2360 1373 2462 1439 Qui
2523 1383 2700 1428 autem
2754 1378 2955 1431 audent
3018 1378 3176 1432 {idem
3222 1380 3384 1433 aliam
3437 1395 3664 1449 cumpo-

2090 1480 2228 1519 nere
2255 1504 2269 1529 ,
2310 1463 2394 1518 vel
2443 1463 2663 1528 otferre,
2704 1466 2785 1519 vel
2852 1465 3081 1534 docere,
3114 1468 3197 1522 vel
3252 1470 3465 1525 tradere
3514 1470 3661 1524 aliud

2089 1557 2410 1627 Symbolum
2436 1558 2505 1612 iis
2536 1560 2626 1626 qui
2664 1559 2730 1612 ad
2762 1559 3010 1613 veritatis
3054 1561 3418 1629 cognitionem
3475 1560 3664 1620 volunt

2087 1647 2355 1712 converti,
2395 1647 2476 1702 vel
2510 1662 2573 1700 ex
2597 1647 2903 1717 gentilitate
2941 1690 2954 1713 ,
2986 1649 3071 1702 vel
3123 1664 3186 1702 ex
3220 1649 3518 1719 judaismo,
3577 1651 3662 1704 Vel

2020 1771 2059 1827 Β
2088 1754 2153 1794 ex
2177 1753 2505 1808 quacunque
2536 1739 2641 1791 alia
2669 1738 2883 1801 haeresi,
2924 1747 3019 1792 aut
3064 1754 3258 1793 novam
3320 1755 3535 1804 vocem,
3579 1743 3661 1795 vel

2088 1831 2384 1886 dictionem
2412 1829 2759 1885 introducere
2791 1831 2858 1884 ad
2882 1833 3204 1895 evertenda,
3253 1848 3374 1902 qua:
3434 1848 3581 1888 nunc
3630 1847 3661 1886 a

2089 1919 2244 1976 nobis
2276 1921 2502 1976 decreta
2532 1930 2684 1985 sunt,
2717 1935 2838 1983 eos,
2865 1922 2909 1976 si
2958 1932 3085 1977 sunt
3115 1925 3357 1992 episcOpi
3401 1933 3491 1977 aut
3550 1924 3659 1978 cle-

2086 2012 2207 2076 rici,
2243 2012 2536 2082 episcopos
2576 2013 2644 2067 ab
2674 2014 2993 2082 episcopatu
3023 2029 3147 2069 esse
3196 2015 3429 2081 alienos,
3473 2025 3525 2071 ct
3552 2018 3661 2072 cle-

2086 2105 2231 2158 ricos
2269 2118 2301 2158 a
2334 2104 2484 2159 clero
2515 2121 2529 2169 ;
2564 2104 2612 2158 si
2639 2120 2764 2160 vero
2796 2105 3051 2160 monachi
3098 2108 3333 2172 fuerint,
3362 2116 3456 2162 aut
3510 2110 3658 2174 laici,

2014 2245 2017 2248 .
2084 2197 2560 2251 anathetuatizari.
2582 2214 2599 2246 ι
2631 2195 2695 2251 Ει
2725 2197 2776 2250 in
2807 2205 2959 2251 sexta
2988 2198 3234 2267 synodo:
3277 2218 3296 2251 ι
3348 2197 3443 2253 His
3477 2200 3659 2267 itaque

2082 2297 2339 2343 accurate
2369 2287 2659 2343 admodum
2693 2287 3099 2359 diligenterque
3148 2291 3392 2353 statutis,
3434 2292 3659 2345 manda-

2082 2383 2159 2435 vit
2185 2389 2372 2435 saneta
2402 2380 2513 2434 lucc
2532 2392 2583 2434 ct
2610 2396 2803 2449 magna
2827 2382 3075 2452 synodus
3117 2384 3484 2444 mctttnenica.
3520 2384 3653 2436 nulli

2082 2473 2273 2539 licere,
2296 2474 2452 2528 [idem
2482 2467 2644 2527 aliam
2700 2488 3024 2543 proponere,
3081 2484 3177 2529 aut
3235 2475 3496 2540 scribere,
3560 2486 3654 2528 aut

2079 2580 2429 2635 componere,
2450 2575 2543 2618 aut
2567 2574 2774 2626 tenere,
2809 2555 3048 2621 aut’alio
3080 2569 3240 2622 modo
3264 2567 3497 2632 docere;
3560 2568 3653 2636 qui

2079 2676 2207 2715 vero
2271 2661 2387 2714 ausi
2448 2658 2672 2724 fuerint,
2720 2668 2814 2713 aut
2862 2672 3195 2730 componere
3239 2660 3401 2713 aliam
3471 2662 3656 2727 tidem,

2078 2760 2172 2804 aut
2209 2765 2535 2818 proponere,
2566 2759 2663 2804 aut
2714 2752 2934 2813 docere,
2957 2760 3048 2804 aut
3073 2751 3290 2805 tradere
3337 2751 3480 2805 aliud
3506 2752 3658 2821 Sym-

2078 2844 2285 2906 bolum,
2318 2844 2387 2896 iis
2412 2844 2505 2912 qui
2544 2859 2609 2896 ex
2644 2843 2950 2909 gentilitate
2979 2850 3033 2897 et
3076 2843 3381 2912 judaismo,
3427 2842 3508 2896 vel
3553 2842 3659 2896 alia

2076 2937 2321 3006 qualibet
2355 2936 2545 2989 hatresi
2579 2944 2997 2997 convertuntur,
3022 2950 3139 2997 eos,
3186 2935 3230 2989 si
3262 2934 3500 3003 episcopi
3563 2943 3657 2988 aut

2077 3029 2260 3085 clerici
2306 3038 2456 3094 sunt,
2507 3030 2799 3098 episcopos
2846 3029 3189 3098 episcopatu,
3240 3029 3472 3082 clericos
3506 3028 3657 3083 clero

389 3098 748 3167 ἐπιστρέφειν
804 3100 862 3163 ἐξ
894 3100 1254 3170 Ἑλληνισμοῦ
1327 3103 1361 3174 ἢ
1408 3087 1771 3175 Ἰουδαῖσμοῦ,
1815 3107 1849 3176 ἢ
1913 3108 1970 3175 ἐξ

2078 3121 2386 3186 moveri;si
2425 3136 2556 3175 vero
2590 3121 2842 3174 monachi
2906 3128 2999 3173 aut
3060 3120 3183 3175 laici
3241 3129 3391 3182 sunt,
3426 3120 3657 3173 anathe-

387 3190 664 3257 αἱρέσεως
692 3191 1110 3262 οἱασδηποτοῦν,
1152 3192 1400 3259 τούτους,
1432 3196 1481 3248 εί
1545 3196 1644 3265 μὲν
1682 3196 1791 3251 εἷεν
1847 3201 1968 3253 ἐπί-

390 3297 587 3334 σκοποι
648 3281 986 3352 ἢκληρικοὶ,
1035 3284 1353 3355 ἀλλοτρίους
1388 3282 1530 3340 εῖναι
1565 3290 1688 3352 τοὺς
1742 3292 1968 3345 ἐπισκό-

388 3392 523 3437 πους
552 3376 652 3443 τῆς
691 3376 1031 3446 ἐπισκοπῆς,
1056 3380 1154 3433 καὶ
1186 3379 1315 3441 τοὺς
1348 3380 1659 3451 κληρικοὺς
1687 3383 1778 3436 τοῦ
1833 3386 1967 3456 κλή-

391 3481 506 3536 ριυ·
544 3468 595 3518 εί
629 3466 684 3519 δὲ
722 3468 1052 3536 μονάζοντες
1110 3465 1282 3542 εἷενῆ
1317 3472 1516 3539 λαῖκοὶ,
1565 3474 1964 3544 ἀναθεματίζε-

389 3560 512 3611 σθαι
546 3558 769 3622 αὐτούς.
814 3579 833 3612 ι
863 3562 1108 3631 Φανερδν
1139 3557 1234 3616 οὖν
1265 3565 1412 3618 ἐστιν
1441 3567 1505 3619 ὲκ
1531 3567 1641 3621 τῶν
1658 3569 1969 3639 εἰρημένων

386 3650 530 3720 ὅρων
568 3650 679 3702 τῶν
720 3651 1013 3722 μακαρίων
1048 3654 1337 3725 Πατέρων,
1361 3655 1438 3720 ὡς
1470 3658 1532 3711 τὸ
1555 3658 1749 3728 ἐτέραν
1779 3660 1963 3715 πίστιν

389 3742 584 3813 μηδενὶ
622 3743 820 3807 ἐξεῖναι
874 3746 1261 3816 προφέρειν,ἢ
1314 3748 1455 3816 γοῦν
1510 3753 1870 3821 συγγράφειν,
1928 3756 1960 3823 ἢ

387 3835 785 3906 συντιθέναι,ῆ
824 3840 1212 3906 καινοφωνίαν,
1256 3840 1376 3910 ἦτοι
1419 3841 1619 3906 λέξεως
1673 3844 1964 3913 ἐφεύρεσιν

387 3927 525 3995 πρὸς
572 3928 897 3997 ἀνατροπὴν
944 3930 1190 3998 εἰσάγειν
1244 3933 1353 3986 τῶν
1417 3934 1771 4002 ὁρισθέντων,
1837 3941 1965 4006 περὶ

384 4018 635 4080 ἐναντίας
685 4020 816 4085 φασὶ
844 4018 1103 4085 πίστεως.
1148 4022 1221 4075 Τὸ
1258 4023 1367 4094 γὰρ
1401 4026 1555 4094 πρὸς
1609 4027 1963 4097 ἀνατροπὴν

383 4111 559 4164 τοῦτο
593 4109 763 4181 δηλοῖ.
805 4114 881 4167 Οὐ
914 4114 1025 4185 γὰρ
1051 4114 1216 4184 μόνον
1254 4119 1390 4188 περὶ
1420 4119 1528 4171 τῶν
1559 4119 1718 4191 ίερῶν
1752 4121 1964 4189 Συμϐό-

383 4204 490 4257 λων
531 4203 710 4259 ταῦτά
739 4221 894 4275 φασι.
926 4207 1084 4260 Πᾶσα
1137 4207 1353 4273 ἔκθεσις
1411 4212 1646 4275 πίστεως
1686 4212 1965 4283 Σύμϐολον

382 4295 717 4377 ὀνομάζεται
771 4298 866 4351 καὶ
919 4298 1061 4354 ἐστι.
1127 4301 1379 4373 Περιέχει
1423 4304 1531 4374 γὰρ
1573 4303 1728 4369 οὗτος
1777 4308 1805 4359 ὁ
1838 4308 1961 4379 ὄρος

383 4389 515 4458 περὶ
547 4390 646 4459 τῆς
676 4390 1153 4461 ἐνανθρωπήσεως
1184 4394 1278 4447 τοῦ
1309 4396 1543 4465 Κυρίου,
1578 4398 1672 4450 καὶ
1698 4400 1779 4452 ὅτι
1810 4403 1955 4454 ἁπα-

2078 3209 2349 3262 matizari.
2388 3227 2407 3260 ι
2460 3208 2557 3263 Est
2612 3224 2739 3277 ergo
2803 3209 3151 3265 manifestum
3210 3226 3276 3265 ex
3319 3210 3433 3281 jam
3497 3210 3658 3265 dictis

2075 3298 2357 3354 beatorum
2409 3299 2632 3369 Patrum
2680 3301 3119 3365 definitionibus,
3155 3303 3315 3356 aliam
3369 3303 3524 3357 ﬁdem
3563 3318 3659 3356 nec

2077 3391 2208 3445 mini
2243 3391 2406 3446 licere
2434 3406 2766 3461 proponere,
2820 3405 2916 3446 aut
2951 3395 3211 3458 scribere,
3271 3403 3367 3448 aut
3432 3409 3657 3461 (Ontpn-

2076 3476 2229 3547 nere,
2264 3490 2356 3534 aut
2394 3496 2564 3535 novas
2594 3496 2752 3536 voces
2818 3490 2915 3534 aut
2966 3479 3237 3535 dictiones
3289 3479 3655 3544 comminisci,

2073 3584 2128 3627 et
2159 3574 2224 3628 ad
2248 3574 2590 3627 eversionem
2626 3573 2978 3627 decretorum
3013 3571 3388 3632 introducere,
3426 3570 3494 3624 de
3550 3569 3655 3622 {ide

2073 3665 2347 3719 contraria
2366 3678 2487 3718 esse
2529 3662 2696 3717 dicta.
2757 3661 3001 3729 Namque
3031 3661 3100 3713 ad
3132 3662 3468 3723 eversionem,
3520 3660 3653 3713 illud

2073 3748 2243 3811 notat.
2275 3754 2394 3809 Non
2431 3756 2576 3809 enim
2605 3755 2671 3809 de
2700 3753 2907 3809 sanctis
2956 3752 3233 3823 Symbolis
3267 3755 3383 3807 haee
3440 3752 3649 3821 prolata

2072 3857 2220 3909 sunt,
2253 3862 2376 3900 cum
2405 3849 2582 3900 omnis
2616 3846 2737 3901 lidei
2789 3845 3061 3915 expositio
3112 3844 3430 3916 Symbolum
3469 3845 3653 3914 appel—

2074 3940 2237 4000 latur,
2257 3947 2311 3993 et
2342 3947 2448 3994 est.
2474 3938 2734 3995 Continet
2778 3939 3053 4008 siquidem
3099 3939 3214 3994 haec
3276 3937 3545 4003 definitio,
3586 3937 3654 3990 de

2073 4031 2456 4086 incarnatione
2515 4031 2753 4097 Domini,
2814 4031 3160 4087 divinitatem
3213 4046 3322 4086 non
3362 4045 3485 4085 esse
3528 4043 3657 4097 pas-

2070 4124 2320 4181 siouibus
2403 4126 2695 4181 obnoxiam
2733 4167 2748 4191 ,
2805 4137 2860 4181 et
2922 4126 2990 4181 de
3069 4126 3285 4182 duabus
3352 4122 3656 4181 voluntati-

2073 4217 2197 4271 bus.
2239 4216 2370 4283 Qure
2400 4233 2523 4272 cum
2558 4218 2763 4287 optime
2815 4218 3181 4287 expediissent
3244 4217 3454 4273 Patres.
3523 4217 3655 4271 sub-

2071 4308 2206 4362 dunt
2237 4324 2249 4359 :
2290 4306 2426 4363 «His
2460 4310 2645 4379 itaque
2806 4311 3083 4367 mandavit
3140 4320 3329 4366 sancta
3386 4309 3654 4376 synodus,

2072 4401 2277 4455 nemini
2312 4401 2497 4456 licere.
2566 4421 2585 4454 ι
2652 4402 2720 4456 Et
2776 4403 2892 4457 bare
2950 4403 3174 4472 quidem
3223 4404 3294 4474 in
3336 4400 3654 4456 deﬁnitione

384 4481 481 4552 θὴς
510 4483 547 4553 ἡ
581 4482 799 4553 θεότης,
828 4484 928 4538 καὶ
958 4486 1090 4555 περὶ
1122 4487 1219 4540 δύο
1248 4487 1599 4558 θελημάτων,
1632 4492 1728 4543 καὶ
1779 4494 1962 4558 καλῶς

2074 4505 2275 4548 sanctae
2310 4493 2501 4563 synodi
2527 4493 2904 4549 continentur.
2958 4495 3064 4551 Sed
3097 4510 3185 4555 ea.
3244 4509 3366 4562 quae
3397 4503 3483 4547 est
3540 4500 3653 4545 ter-

383 4574 559 4627 ταῦτα
645 4576 1185 4647 ἐπεξεργασαμένων
1255 4580 1523 4651 Πατέρων
1617 4583 1958 4651 ἐπάγουσινο

390 4681 407 4714 ι
447 4665 669 4718 Τούτων
694 4667 901 4733 τοίνυν,
946 4687 965 4719 ι
1002 4670 1097 4721 καὶ
1151 4670 1221 4725 τὰ
1243 4671 1431 4726 λοιπά.
1462 4712 1476 4727 .
1507 4712 1519 4727 .
1544 4673 1745 4743 ὥρισεν
1776 4676 1963 4745 ἡάγία

384 4756 601 4821 σύνοδος
636 4759 832 4827 μηδενὶ
863 4759 1087 4825 ἐξεῖναι.
1128 4780 1148 4813 ι
1187 4762 1298 4815 Καὶ
1324 4762 1498 4817 ταῦτα
1537 4766 1635 4835 μὲν
1683 4767 1964 4836 περιέχον-

382 4863 472 4901 ται
500 4848 558 4899 ἐν
585 4848 662 4917 τῷ
702 4851 816 4919 ὅρῳ
862 4851 960 4919 τῆς
1010 4851 1172 4920 ἁγίας
1220 4854 1480 4908 συνόδου·
1521 4858 1548 4907 ὁ
1576 4856 1631 4909 δὲ
1670 4857 1771 4926 τῆς
1800 4858 1963 4922 ἁγίας

384 4939 571 5008 τρίτης
607 4941 829 4994 συνόδου
857 4943 1057 5011 φησίν·
1097 4961 1115 4994 ι
1157 4945 1356 5014 Ἤρκει
1392 4945 1489 5014 μὲν
1524 4946 1617 4998 οὖν
1650 4948 1728 5009 εἰς
1770 4949 1960 5017 ἐντελῆ

382 5030 481 5098 τῆς
514 5031 806 5095 εὐσεϐείας
858 5034 1164 5101 ἐπίγνωσίν
1208 5053 1265 5087 τε
1310 5037 1403 5087 καὶ
1452 5036 1744 5106 βεϐαίωσιν
1804 5039 1963 5092 τοῦτο

382 5120 565 5191 τὸτῆς
594 5122 745 5187 θείας
793 5126 1017 5195 χάριτος
1066 5125 1370 5196 Σύμϐολονσ
1430 5130 1562 5197 περί
1600 5146 1659 5180 τε
1702 5130 1812 5199 γὰρ
1864 5130 1959 5182 τοῦ

383 5211 598 5283 Πατρὸς
631 5218 728 5269 καὶ
766 5218 861 5270 τοῦ
903 5218 1034 5271 Υίοῢ
1078 5220 1173 5272 καὶ
1205 5220 1297 5273 τοῦ
1328 5221 1486 5289 ἁγίου
1528 5222 1666 5274 Πνεύ
1680 5239 1847 5291 ματος
1868 5224 1960 5275 ἐκ·

383 5304 624 5360 διδάσκει
654 5307 714 5361 τὸ
761 5308 996 5363 τέλειον.
1034 5329 1053 5362 ι
1090 5306 1223 5364 Εἶτα
1256 5311 1410 5379 λέγει
1436 5313 1566 5381 περὶ
1595 5313 1694 5380 τῆς
1717 5313 1811 5365 τοῦ
1849 5315 1964 5367 Κυ-

388 5397 502 5466 ρίου
554 5399 1059 5472 ἐνανθρωπήσεως,
1107 5403 1203 5455 κοιλ⁴
1268 5403 1351 5455 ὅτι
1418 5403 1681 5466 Θεοτόκος
1731 5405 1763 5474 ἡ
1831 5406 1962 5473 ἁγία.

384 5489 682 5561 Παρθένος,
738 5495 837 5547 καὶ
888 5495 988 5564 τὴν
1041 5495 1239 5548 ἕνωσιν
1272 5495 1381 5547 τῶν
1437 5494 1532 5547 δύο
1591 5495 1831 5564 φύσεων,
1867 5498 1961 5551 καὶ

383 5583 465 5635 ὅτι
493 5585 554 5636 τὸ
584 5586 697 5640 τῶν
725 5588 1057 5658 τριακοσίων
1079 5589 1210 5641 δέκα
1242 5588 1337 5641 καὶ
1357 5588 1503 5641 ὀκτὼ
1536 5590 1796 5659 Πατέρων
1819 5591 1964 5660 Σύμ-

384 5674 542 5730 ϐολον
587 5682 793 5749 ὀφείλει
836 5682 1020 5751 μένειν
1055 5682 1534 5753 ἀπαρεγχείρητον
1561 5697 1573 5711 ·
1624 5679 1743 5736 εἶτα
1781 5684 1873 5737 καὶ
1901 5684 1964 5737 τὸ

383 5768 494 5823 τῶν
516 5771 709 5829 ἑκατὸν
740 5777 1081 5850 πεντήκοντα
1141 5775 1437 5846 Σύμϐολον,
1506 5774 1599 5829 καὶ
1660 5777 1815 5848 φησὶ,
1864 5777 1961 5832 διὰ

2067 4585 2157 4638 tim
2204 4586 2423 4655 synodi,
2486 4586 2601 4639 ait:
2652 4604 2670 4636 ‹
2715 4584 2860 4640 Satis
2924 4587 3091 4658 igitur
3145 4592 3290 4641 esset
3354 4585 3423 4639 ad
3476 4583 3652 4649 perfe-

2066 4685 2209 4731 ctam
2262 4677 2482 4746 pietatis
2537 4678 2909 4746 cognitionem
2955 4694 3020 4734 ac
3071 4678 3386 4732 ﬁrmitatem
3424 4677 3527 4729 hoc
3571 4674 3653 4729 di—
3696 4716 3703 4723 .

2064 4768 2207 4822 vina:
2235 4769 2425 4837 gratim
2483 4769 2843 4840 Symbolum;
2886 4789 2905 4823 ι
2984 4770 3336 4841 postmodum
3386 4768 3651 4831 adnectit,

2065 4860 2133 4915 de
2161 4860 2372 4915 Domini
2398 4862 2803 4926 incarnatione,
2841 4871 2897 4918 et
2920 4872 3168 4918 sanctam
3204 4861 3483 4930 Virginem
3532 4874 3653 4913 esse

2068 4949 2381 5021 Deiparam,
2445 4965 2497 5009 et
2565 4954 2797 5008 duarum
2864 4965 3192 5009 naturarum
3260 4954 3542 5016 unionem,
3595 4960 3651 5004 et

2066 5055 2439 5102 trecentorum
2466 5048 2656 5102 decem
2695 5059 2887 5103 ctocto
2940 5049 3161 5102 Patrum
3198 5047 3518 5119 Symbolum
3552 5048 3649 5111 in-

2068 5147 2269 5193 tactum
2309 5141 2813 5208 alqueinviolatnm
2839 5141 3278 5196 conservandum
3312 5156 3470 5207 esse;
3532 5152 3648 5193 tum

2065 5230 2323 5299 deinceps
2343 5243 2398 5286 et
2433 5242 2657 5288 centum
2690 5235 3083 5305 quinquaginta
3121 5235 3463 5307 Symbolum,
3525 5236 3652 5289 sub-

2066 5323 2271 5389 ditqne,
2304 5331 2515 5391 prouter
2545 5324 2776 5391 Spiritus
2802 5330 2972 5380 sancti
3016 5329 3209 5393 hostes,
3268 5337 3320 5381 et
3354 5327 3649 5397 synodiras

2064 5412 2251 5483 Cyrilli
2275 5425 2327 5468 et
2346 5413 2545 5470 Leonis
2576 5418 2858 5484 epismlas,
2890 5430 2941 5473 et
2979 5420 3328 5472 Divinitatem
3358 5418 3639 5485 Unigeniti

2063 5505 2413 5572 passion'ibus
2452 5523 2559 5560 non
2604 5508 2913 5578 subjacere,
2966 5520 3017 5565 et
3048 5511 3336 5564 Dominum
3393 5518 3646 5563 nostrum

2063 5594 2249 5651 Jesum
2281 5598 2561 5653 Christum
2591 5603 2889 5654 secundum
2950 5603 3285 5656 divinitatem
3346 5615 3466 5654 esse
3510 5618 3645 5655 con-

2066 5688 2485 5743 substantialem
2513 5691 2688 5755 Patri,
2715 5695 3015 5745 secundum
3063 5708 3190 5747 vero
3247 5686 3644 5747 humanitatem

2065 5780 2249 5837 nobis.
2291 5780 2505 5848 Quibus
2558 5786 2810 5840 omnibus
2858 5800 3122 5856 perquam
3162 5788 3519 5844 accommodo.
3551 5804 3642 5843 ex-
