4176 6278
429 312 539 390 931‘

1338 316 2062 384 enaconnnauna
2098 314 2207 379 ce.
2244 283 2762 375 PATRIARCll.-E

3590 304 3715 368 232

431 435 632 500 positis
672 436 1036 507 digestisque,
1088 444 1351 506 tanquam
1400 437 1492 508 qui
1555 452 1609 490 tn
1666 450 1726 489 se
1772 439 2000 487 mentem

2120 426 2265 494 τοὺς
2304 426 2874 495 ηνευματομάχους,
2905 421 3121 484 καὶτὰς
3166 418 3448 477 summa.
3480 420 3703 470 ἐπισπο-

430 528 632 582 Cziristi
679 529 1029 597 possidebant
1059 528 1268 595 Patres,
1301 530 1636 585 subnectunt
1665 548 1677 582 :
1708 527 1804 582 His
1837 527 2012 596 itaque

431 618 673 684 decretis,
707 622 965 677 omnibus
998 622 1209 676 scilicet
1241 629 1370 676 ante
1400 622 1584 676 dictis.

2122 522 2220 583 λὰς
2256 519 2526 588 Κυρίλλου
2590 514 2693 571 καῖ
2719 517 2969 578 Λέοντος,
3020 512 3118 566 καὶ
3152 512 3235 565 ὅτι
3288 511 3350 563 οὗ
3392 509 3613 578 παθητὴ
3661 512 3695 578 ἠ

2125 614 2317 679 θεότης
2349 611 2443 664 τοῦ
2484 606 2846 677 Μονογενοῦς,
2878 605 2972 659 καὶ
2997 604 3070 666 ὡς
3099 602 3383 672 όμοούσιος
3415 601 3495 671 τῷ
3520 601 3697 669 Πατρὶ

428 719 457 768 ὸ
494 717 697 786 Κύριος
735 717 898 787 ἡμῶν
940 717 1152 788 Ἰησοῦς
1182 719 1421 786 Χριστὸς
1453 718 1598 771 κατὰ
1660 716 1758 790 τὴν
1792 716 2047 785 θεότητα,
2126 714 2221 766 καὶ
2268 708 2558 780 ὁμοούσιος
2596 708 2729 777 ἡμῖν
2757 703 2899 771 κατὰ
2940 701 3040 769 τὴν
3098 697 3521 769 ἀνθρωπότητα.
3586 694 3696 748 Καὶ

428 810 607 865 ταῦτα
639 814 816 867 πάντα
863 813 1310 884 διασαφήσαντες
1346 815 1469 868 λίαν
1514 814 1891 884 ἁρμοζόντως.
1928 812 2003 876 ὡς
2044 809 2168 864 νοῦν
2196 806 2438 880 Χριστοῦ
2509 806 2747 876 ἔχοντες,

2828 800 3152 869 ἐπάγουσιν·
3197 796 3432 849 Τούτων
3488 793 3699 847 τοίνυν

429 907 798 975 (τρια-θέντων
827 947 842 971 ,
901 907 1145 977 δηλονότι
1212 908 1432 960 πάντων
1493 908 1605 961 τῶν
1668 907 2102 977 προειρημένων.

500 1000 592 1053 16.
635 998 990 1054 Manifestum
1020 1000 1201 1070 itaque
1241 1008 1346 1065 est,
1389 1014 1483 1055 eos
1510 1001 1708 1054 similia
1755 999 1822 1054 de
1878 1013 2008 1053 con-

431 1092 600 1145 traria
642 1091 744 1145 fide
768 1094 1103 1146 enuntiassc.
1136 1090 1269 1146 Nam
1307 1093 1556 1161 plerique
1579 1094 1741 1146 etiam
1797 1093 1888 1146 alii
1935 1091 2005 1147 de

428 1183 497 1236 iis
530 1200 651 1253 qua:
689 1184 822 1237 inibi
856 1184 1308 1248 continebantur,
1331 1185 1805 1254 conscripserunt.
1834 1198 2007 1253 eaque

430 1274 632 1328 fusiore
663 1284 917 1331 sermOne
941 1278 1215 1346 prosecuti
1254 1287 1380 1331 sunt
1410 1294 1426 1343 ;
1460 1286 1515 1332 et
1550 1279 1691 1331 inter
1712 1286 1808 1332 eos
1835 1292 1863 1329 a
1897 1276 2008 1330 Deo

426 1363 605 1416 edocti
636 1363 849 1429 Patres,
883 1363 1149 1421 Maximus
1180 1373 1234 1421 ct
1290 1365 1687 1420 Damasccnus.
1727 1366 1868 1430 Quid
1904 1365 2004 1419 ita-

425 1470 532 1523 que
562 1456 851 1510 dicemus?
897 1456 1264 1526 lgnorassene
1321 1456 1511 1512 Patres
1537 1456 2008 1529 prohibitionem?

430 1562 497 1599 an
523 1548 738 1601 novisse
765 1556 818 1601 et
838 1549 1142 1618 neglexisse
1168 1550 1369 1605 ?Absit
1395 1552 1559 1604 verbo
1619 1550 1845 1618 injuria.
1873 1549 2010 1603 Sed-

426 1640 572 1691 enim
612 1639 909 1705 prohibitio
940 1650 1056 1695 erat
1084 1641 1148 1695 de
1175 1645 1277 1697 lide
1316 1642 1591 1697 contraria
1641 1656 1697 1697 et
1754 1657 1875 1711 quae
1930 1657 2009 1697 rc-

433 1735 578 1779 ctam
629 1727 786 1782 tidcm
832 1737 1125 1795 everteret,
1164 1745 1286 1785 cum
1323 1747 1427 1786 una
1466 1731 1597 1786 fides
1629 1734 1699 1787 sit
1734 1750 1748 1795 ;
1808 1731 2008 1785 confir-

432 1825 669 1884 matque
700 1818 753 1872 id
790 1821 980 1875 beatus
1022 1821 1225 1877 Paulus
1259 1822 1449 1878 dicens
1487 1839 1501 1876 :
1542 1822 1691 1877 Unus
1726 1822 2002 1883 Dominus,

2196 996 2295 1060 ις’.
2353 993 2627 1065 Πρόδηλον
2675 988 2807 1057 γοῦν
2848 987 2924 1050 ὡς
2979 984 3108 1054 περὶ
3152 981 3402 1043 ἐναντίας
3455 980 3694 1038 πίστεως

2115 1091 2294 1145 ταῦτά
2322 1104 2477 1157 φασι.
2512 1083 2713 1139 Πολλοὶ
2767 1082 2876 1150 γὰρ
2936 1080 3031 1131 καὶ
3062 1078 3213 1133 ἄλλοι
3278 1076 3697 1145 συνεγράψαντο

2118 1185 2246 1250 περὶ
2277 1181 2388 1233 τῶν
2420 1176 2838 1247 περιεχομένων
2862 1174 2921 1225 ἐν
2951 1171 3184 1233 τούτοις,
3215 1170 3309 1223 καὶ
3341 1168 3692 1237 ἐξήπλωσαν·

2112 1273 2250 1327 ἀλλὰ
2272 1271 2364 1324 καὶ
2380 1271 2428 1323 οἱ
2452 1268 2702 1333 θεόσοιροι
2722 1259 2967 1334 Πατέρες
2998 1262 3250 1328 Μάξιμος
3279 1262 3369 1313 καὶ
3394 1263 3696 1329 Δαμασκη-

2114 1365 2226 1424 νός.
2272 1363 2338 1415 Τί
2368 1361 2461 1414 οὖν
2488 1359 2730 1429 ἐροῦμεν
2764 1373 2779 1420 ;
2825 1353 3187 1421 Ἥγνοηκέναι
3245 1353 3372 1413 τοὺς
3423 1349 3610 1417 ἁγίους
3635 1349 3697 1400 τδ

2118 1456 2346 1523 κώλυμα
2364 1454 2470 1506 τῶν
2503 1452 2662 1512 ὅλων,
2701 1447 2733 1518 ἢ
2764 1445 3065 1514 ἐγνωκέναι
3096 1443 3191 1495 καὶ
3233 1440 3651 1508 καταφρονῆσαι
3678 1455 3692 1502 ;

2119 1549 2210 1617 Μὴ
2239 1548 2470 1614 γένοιτο.
2521 1541 2684 1595 ’Δλλὰ
2734 1539 2866 1607 περὶ
2930 1537 3179 1596 ἐναντίας
3240 1533 3476 1593 πίστεως
3509 1526 3576 1601 ἦν
3632 1530 3695 1580 τὸ

2117 1640 2350 1707 κώλυμα
2379 1637 2475 1689 καὶ⁵
2514 1632 2826 1701 ἀνατροπῆς
2884 1629 2986 1697 τῆς
3040 1626 3209 1695 ὀρθῆς
3258 1623 3517 1683 πίστεως,
3571 1620 3692 1671 ἐπεὶ

2117 1734 2208 1785 καὶ
2238 1732 2335 1800 μία
2362 1728 2543 1788 πίστις
2570 1727 2710 1788 ἐστὶ,
2771 1723 2868 1775 καὶ
2901 1718 3199 1786 παρίστησι
3228 1713 3385 1765 τοῦτο
3443 1707 3470 1763 ό
3507 1712 3692 1780 μακά-

2120 1836 2232 1887 ριος
2288 1817 2499 1878 Παῦλος
2532 1814 2729 1882 λέγων,
2762 1805 2873 1873 Εἷς
2911 1808 3151 1874 Κύριος,
3204 1806 3305 1870 μία
3356 1803 3581 1864 πίστις.
3630 1800 3691 1851 Ei

426 1925 531 1962 una
559 1911 713 1977 ﬁdes.
749 1908 804 1966 Si
847 1914 1035 1981 itaque
1062 1929 1171 1967 una
1200 1914 1359 1979 fides,
1382 1911 1557 1969 modis
1590 1915 1849 1971 omnibus
1887 1917 1999 1969 alia

2112 1906 2208 1963 οὖν
2243 1908 2340 1976 μία
2372 1906 2578 1967 πίστις,
2620 1903 2838 1962 πάντως
2880 1900 2914 1968 ἡ
2942 1899 3109 1966 ἐτέρα
3159 1893 3399 1948 ἐναντία.
3436 1892 3545 1971 Καὶ
3601 1891 3691 1943 οὺ-

425 2007 704 2058 contraria
731 2004 915 2059 fuerit.
961 2004 1267 2076 Nemoquc,
1308 2007 1610 2063 dummodo
1667 2020 1696 2062 a
1735 2009 2002 2078 sapientia

426 2110 534 2149 non
574 2098 812 2161 aberret,
850 2099 995 2153 dieet
1044 2114 1226 2155 veram
1263 2116 1387 2155 esse
1433 2101 1592 2155 aliam
1653 2101 1813 2156 fidem
1880 2117 2003 2171 pro-

423 2187 687 2254 positam,
729 2202 853 2241 cum
908 2203 1012 2241 una
1045 2198 1259 2243 tantum
1291 2205 1418 2243 vera
1452 2191 1544 2246 sit.
1578 2191 1922 2260 Quapropter
1949 2201 2000 2245 rt

424 2279 755 2330 cotitrariam
785 2280 944 2333 divus
981 2279 1251 2335 Maximus
1279 2281 1617 2335 additioncm
1644 2281 1853 2351 rejicit,
1910 2298 1999 2337 ve-

427 2383 542 2420 ram
571 2369 941 2436 amplectitur.
978 2370 1145 2436 idque
1174 2381 1362 2439 aperte
1386 2372 1662 2441 colligitur
1697 2388 1760 2426 ex
1777 2373 2003 2445 DiaIOgo

423 2462 597 2528 ipsius
619 2462 885 2537 adversus
907 2462 1058 2515 illum
1082 2463 1172 2533 qui
1193 2463 1514 2528 Macedonii,
1539 2464 1781 2532 Spiritus
1803 2466 2000 2530 hostis,

423 2552 752 2606 sententiam
792 2554 1099 2621 tutabatur,
1155 2556 1207 2609 in
1235 2572 1343 2624 quo
1380 2572 1502 2609 cum
1538 2556 1895 2611 Ortltodoxus
1924 2559 2005 2610 di-

424 2653 605 2698 ceret:
642 2662 661 2695 ι
687 2645 1061 2700 Condemnavi
1087 2648 1441 2713 auditionem,
1463 2663 1628 2717 quam
1650 2650 1875 2702 editioni
1893 2648 2003 2702 Lu-

422 2740 569 2793 ciani
628 2740 961 2807 apposuistis
998 2758 1012 2794 :
1048 2756 1380 2811 possuntque
1409 2742 1698 2796 ostendere
1759 2743 1999 2796 additam

424 2828 500 2882 illi
528 2829 805 2883 adversari
841 2847 857 2895 ;
903 2849 922 2881 ι
966 2841 1019 2884 ct
1057 2837 1420 2900 reSpondente
1440 2831 1832 2887 Macedoniano
1855 2849 1869 2886 :
1895 2852 1912 2883 ι
1940 2834 2001 2886 lit

421 2934 520 2975 vos
545 2921 727 2975 nonne
743 2921 1036 2977 addidistis
1058 2922 1291 2978 Nicaeum
1341 2924 1361 2976 ί
1392 2943 1408 2975 ι
1439 2924 1785 2980 Orthodoxus
1805 2925 2000 2979 iui-tri:

427 3011 564 3066 tSed
588 3028 696 3067 non
730 3014 807 3068 illi
836 3018 1136 3070 contraria.
1173 3035 1192 3068 ι
1225 3015 1289 3070 Ει
1331 3018 1680 3072 manifestius
1711 3017 1853 3073 idem
1886 3017 2002 3087 ipse

421 3112 646 3159 sanctus
678 3105 731 3159 in
786 3122 882 3161 sua
939 3107 1286 3163 confessione
1342 3109 1668 3179 compendio
1728 3112 1996 3179 exposita,

421 3208 587 3264 quam
613 3211 712 3264 pro
734 3196 1173 3254 Chalcedonensi
1214 3202 1425 3271 synodo
1472 3202 1811 3272 compilavit,
1842 3205 2001 3275 cujus

2110 2002 2222 2065 δεὶς
2251 2000 2364 2053 τῶν
2389 1998 2515 2052 νοῦν
2544 1998 2797 2065 ἐχόντων,
2823 1993 2898 2057 ὡς
2922 1994 2956 2059 ἡ
2990 1990 3152 2057 ἑτέρα
3180 1986 3541 2059 προστεθεῖσα
3596 1986 3688 2036 πί-

2109 2111 2224 2155 στις
2249 2091 2455 2161 ἀληθής
2510 2092 2683 2153 ἐστιν,
2727 2085 2849 2139 ἐπεὶ
2910 2085 3009 2152 μία
3070 2081 3215 2134 ἐστὶν
3262 2080 3295 2149 ἡ
3335 2077 3562 2148 ἀληθής.
3595 2074 3687 2127 Διὸ

2105 2186 2205 2254 τὴν
2231 2181 2475 2236 ἐναντίαν
2504 2183 2601 2234 καὶ
2643 2180 2900 2249 Μάξιμος
2927 2180 2955 2232 ό
2989 2176 3134 2246 ἱερὸς
3163 2174 3488 2243 ἀποπέμπει
3512 2187 3685 2241 προσ-

2107 2279 2303 2346 θήκην,
2336 2275 2437 2345 τῆν
2458 2275 2514 2327 δὲ
2544 2273 2719 2345 ἁληθῆ
2760 2274 2855 2325 καὶ
2911 2270 3292 2339 προσδέχεται.
3361 2265 3473 2319 Καὶ
3523 2263 3687 2317 τοῦτο

2107 2369 2267 2437 ἄλλον
2290 2368 2356 2421 ἂν
2391 2367 2455 2418 ἐκ
2485 2366 2577 2417 τοῦ
2619 2364 2882 2430 Διαλόγου
2918 2362 3086 2416 αὑτοῦ
3147 2362 3283 2428 πρὸς
3341 2358 3433 2411 τὸν
3467 2358 3536 2409 τὰ
3588 2354 3684 2410 τοῦ

2109 2462 2577 2529 Πνευματομάχου
2614 2455 2951 2511 Μακεδονίου
3015 2454 3339 2523 φρονοῦντα,
3400 2452 3460 2502 ἐν
3499 2441 3544 2515 ᾦ
3588 2448 3689 2503 τοῦ

2120 2555 2438 2627 Ὁρθοδόξου
2486 2553 2759 2622 λέγοντος,
2827 2568 2847 2598 ‹
2887 2550 3183 2613 Κατέγνων
3213 2546 3308 2614 τῆς
3340 2543 3680 2613 προσθήκης.

2106 2645 2176 2719 ἧς
2206 2648 2588 2718 προσεθήκατε
2650 2647 2706 2695 ἐν
2736 2644 2803 2712 τῇ
2835 2640 3050 2693 ἐκθέσει
3080 2636 3175 2690 τοῦ
3230 2634 3556 2690 Λουκιανοῦο
3587 2638 3683 2688 καὶ

2107 2743 2217 2811 ἔχω
2246 2740 2440 2804 δεῖξαι,
2463 2742 2546 2790 ὅτι
2582 2736 2961 2805 προσεθήκατε
3004 2729 3247 2784 ἐναντίον
3285 2726 3457 2796 αὐτῆς
3484 2743 3497 2756 ’
3541 2745 3559 2778 ι
3587 2728 3683 2780 τοῦ

2104 2835 2159 2886 δὲ
2218 2832 2285 2885 τὰ
2354 2825 2760 2883 Μακεδονιανοῦ
2843 2822 3168 2894 φρονοῦντος
3226 2820 3682 2884 ἀντεπάγοντος,

2112 2924 2346 2994 «Ὑμεῖς
2376 2929 2485 2991 γὰρ
2538 2921 2597 2972 οὐ
2641 2917 3021 2987 προσεθήκατε
3080 2917 3145 2985 τῇ
3196 2916 3251 2965 ἐν
3307 2911 3545 2981 Νικαίᾳ;
3589 2929 3606 2962 ι
3655 2912 3681 2961 ὁ

2120 3015 2435 3087 Ὀρθόδοξος
2465 3012 2602 3081 πρὸς
2628 3010 2784 3064 τοῦτο
2809 3027 2824 3041 ο
2862 3027 2880 3058 ι
2924 3007 3064 3059 Ἀλλ’
3086 3006 3184 3059 οὐκ
3209 3001 3428 3056 ἐναντία
3457 3003 3619 3070 αὐτῇ.
3660 3019 3673 3051 l

2104 3111 2217 3166 Καὶ
2249 3110 2329 3162 ἐτι
2355 3106 2711 3175 ἐκδηλότερον
2747 3104 2775 3155 ό
2830 3101 2993 3162 αὐτὸς
3047 3100 3202 3167 ἅγιος
3253 3095 3467 3164 τίθησιν
3496 3095 3556 3144 ἐν
3612 3096 3681 3161 τῖ,

2107 3198 2273 3253 αὐτοῦ
2313 3196 2563 3265 συντόμῳ
2594 3192 2883 3263 ὁμολογίᾳ,
2916 3190 2983 3258 ἣν
3019 3189 3259 3240 ποιεῖται
3305 3185 3445 3250 ὑπὲρ
3483 3183 3581 3252 τῆς
3626 3185 3689 3233 ἐν’

419 3287 770 3357 principium,
809 3288 947 3344 Cum
992 3290 1286 3345 admodum
1339 3308 1621 3361 generose,
1668 3294 1760 3350 aut
1794 3297 1999 3366 ignavi-

2105 3289 2411 3360 Χαλκηδόνι
2440 3287 2685 3351 συνόδου,
2716 3279 2782 3355 ἧς
2817 3286 2851 3353 ἡ
2878 3282 3045 3353 ἀρχὴ,
3085 3280 3240 3332 Ἐπεὶ
3280 3278 3336 3329 δὲ
3385 3276 3505 3328 λίαν
3558 3291 3685 3342 γεν-

418 3391 527 3446 ter,
553 3392 609 3435 ut
639 3383 821 3452 aptius
858 3372 1110 3453 eloquar,
1159 3394 1282 3453 post
1330 3402 1500 3456 pauca
1531 3402 1545 3440 :
1585 3406 1603 3439 ι
1635 3388 1772 3452 Quis
1809 3390 1994 3457 igitur,

419 3479 474 3526 ct
519 3471 588 3528 de
613 3473 816 3543 quibus
845 3476 1199 3530 criminatio?
1228 3476 1639 3541 Asserit,aliam
1660 3480 1781 3534 tidei
1807 3479 1995 3534 delinia

428 3563 630 3618 tionem
658 3565 930 3621 diversam
962 3568 1029 3621 ah
1055 3583 1117 3623 ca
1152 3585 1272 3638 qua:
1311 3570 1365 3623 in
1406 3581 1594 3624 sancta
1626 3570 1851 3626 Nicama
1912 3587 2001 3642 sy‘

425 3654 572 3708 nodo
598 3655 794 3710 tradita
829 3669 914 3713 est
945 3674 974 3711 ιι
996 3649 1209 3713 sanctis
1236 3668 1549 3714 tercentum
1575 3662 1761 3715 decem
1793 3672 1844 3714 et
1874 3669 1998 3715 octo

424 3746 682 3803 Patribus
714 3750 1144 3805 introduxissc.»
1174 3750 1271 3805 Rei
1291 3767 1513 3821 quoque
1546 3753 1999 3821 peraceommoda

420 3828 567 3898 erit,
625 3852 690 3890 ex
737 3836 1028 3908 Florilegio
1060 3854 1089 3893 c
1127 3840 1375 3907 cujusvis
1421 3842 1635 3910 generis
1668 3843 1824 3897 libris
1870 3857 1999 3897 con-

420 3928 646 3980 cinnato
669 3928 850 3982 Photii
870 3930 1486 3999 Constantirmpolitani,
1527 3932 1740 4002 Eulogii
1765 3935 2000 4002 patriar-

426 4016 543 4069 chae
573 4015 933 4071 Alexandrini
968 4020 1265 4083 sententia,
1318 4020 1592 4090 habetque
1641 4036 1703 4076 se
1754 4023 1904 4078 hunc
1946 4026 1997 4078 in

419 4111 644 4165 modum
677 4126 691 4164 :
723 4130 742 4163 ι
795 4111 901 4166 Sed
939 4114 1323 4168 haereticorum
1360 4131 1549 4171 rursns
1577 4120 1797 4172 vesania
1834 4135 2001 4188 quar-

421 4215 532 4256 tam
566 4204 817 4272 synoduu
864 4204 1214 4269 criminatur,
1238 4208 1383 4276 quod
1422 4208 1704 4263 decretum
1743 4212 1995 4278 ediderit,

417 4295 851 4363 contenditque,
927 4297 1092 4349 talem
1162 4308 1421 4353 coaatum
1470 4316 1499 4353 a
1548 4302 1721 4370 prima
1790 4306 1997 4374 synodo

419 4380 622 4451 Ephesi
650 4384 833 4438 habita
853 4388 1075 4439 omnino
1091 4389 1426 4455 prohibitum
1451 4389 1642 4446 fuisse.
1669 4393 1733 4446 Et
1761 4395 1903 4457 licet,
1924 4396 1991 4463 si,

429 4484 486 4527 ιιι
512 4475 611 4542 ipsi
649 4487 944 4547 unguntur,
981 4482 1253 4547 synodum
1291 4482 1511 4550 quidvis
1542 4485 1687 4539 aliud
1716 4487 1992 4542 decretum

427 4567 727 4634 producere
757 4570 949 4634 vetuit,
986 4570 1101 4625 inec
1132 4582 1261 4627 ante
1285 4575 1421 4629 alias
1446 4585 1632 4630 contra
1655 4593 1714 4633 se
1735 4580 1993 4635 condent;

416 4660 659 4714 nationis
694 4662 1027 4717 sententiam
1073 4666 1299 4732 protulit
1329 4684 1344 4721 :
1380 4667 1572 4723 definit
1594 4671 1737 4724 enim
1779 4672 1881 4726 hoc
1912 4674 1991 4741 ip-

416 4763 536 4803 sum
567 4749 897 4819 decernens,
923 4756 1068 4824 quod
1104 4758 1253 4812 nulla
1287 4759 1393 4811 alia
1449 4773 1577 4816 ante
1599 4762 1771 4829 ipsam
1800 4762 1991 4817 delini-

411 4840 509 4894 vit.
556 4839 660 4896 Sed
692 4843 1032 4913 hypostatica
1061 4848 1327 4916 siquidem
1382 4849 1514 4902 unio
1548 4851 1712 4918 hujus
1746 4859 1832 4905 est
1864 4867 1988 4915 vox,

416 4931 484 4983 de
516 4946 622 5000 qua
693 4934 1033 5005 antiquiores
1105 4937 1300 5008 synodi
1343 4938 1418 4991 nil
1475 4950 1789 4996 sanxerant.
1847 4940 1988 5007 Quin

428 5031 483 5074 et
508 5024 1161 5099 constantinopolitanam
1191 5038 1408 5084 centum
1449 5034 1846 5101 quinquaginta
1885 5032 1989 5086 Pa-

421 5124 564 5167 trum
620 5119 736 5169 suis
769 5116 869 5184 ipsl
901 5120 1066 5188 nugis
1108 5122 1386 5187 rejiciunt,
1417 5131 1471 5176 et
1530 5124 1921 5188 condemnant,
1957 5139 1985 5177 a

412 5221 520 5274 qua
564 5204 847 5275 proﬂigata
887 5220 971 5264 est
1016 5210 1278 5280 Spiritum
1326 5216 1759 5283 oppugnantium
1818 5217 1987 5270 inere-

414 5299 513 5362 sis,
552 5308 614 5351 et
637 5298 835 5353 additis
852 5299 1069 5357 Nicaeae
1092 5302 1355 5372 Symboio
1381 5306 1563 5362 verbis
1581 5308 1647 5360 de
1662 5309 1837 5362 sancti
1860 5307 1952 5376 Spi
1971 5336 1986 5347 -

417 5393 559 5449 ritus
604 5393 916 5459 divinitate,
955 5395 1090 5451 fides
1123 5406 1486 5465 congruenter
1550 5397 1822 5465 explicata
1878 5407 1981 5452 est.

417 5486 475 5539 Si
510 5488 657 5541 enim
701 5489 1073 5559 pra:cedentcs
1131 5491 1452 5559 apponendo
1501 5490 1982 5558 reprehensionem

414 5578 704 5650 eﬂ'ugiunt,
741 5598 916 5653 neque
940 5585 1061 5641 illas
1088 5588 1403 5642 subsecutae
1431 5584 1483 5638 in
1514 5583 1786 5639 similibus
1825 5585 1988 5639 dissi-

416 5670 620 5722 militer
652 5672 1106 5740 vituperationem
1141 5678 1442 5729 incurrent.
1481 5673 1572 5728 Sic
1597 5673 1984 5742 desipientium

415 5775 573 5814 mens
602 5763 783 5815 omnia
821 5768 1137 5821 commiscet
1163 5776 1213 5821 et
1245 5764 1448 5819 turbat.
1486 5764 1755 5832 Ephesius
1784 5767 1986 5821 etenim

1008 5972 1041 5981 ~—

1118 6029 1153 6041 Α.

2105 3385 2271 3447 ναίως
2352 3383 2385 3452 ἢ
2457 3381 2668 3446 ἀγενῶς
2714 3379 2894 3430 εἰπεῖν
2965 3375 3333 3440 οἰκειότερον,
3383 3371 3479 3422 καὶ
3544 3368 3681 3437 μετά

2103 3492 2258 3533 τινα⁶
2299 3477 2424 3539 ιΤίς
2453 3471 2673 3543 οῦνᾶρα
2701 3471 2794 3524 καὶ
2822 3468 2952 3538 περ)⁴
2983 3467 3145 3520 τίνων
3173 3466 3205 3533 ἡ
3234 3463 3525 3531 ἕγκλησιςς
3556 3460 3679 3512 Ὅτι

2103 3572 2180 3633 δὲ,
2213 3569 2399 3638 φησιν,
2430 3566 2588 3618 ἄλλον
2619 3564 2859 3624 πίστεως
2887 3561 3010 3627 ὅρον
3046 3555 3201 3624 παρὰ
3230 3554 3321 3606 τὸν
3373 3555 3430 3604 ἐν
3472 3549 3677 3618 Nimia

2106 3663 2239 3731 ἁγίᾳ
2274 3658 2479 3726 συνόδῳ
2504 3654 2729 3707 τεθέντα
2764 3652 2829 3703 ὲκ
2853 3649 2962 3702 τῶν
2997 3647 3166 3713 ἁγίων
3194 3641 3523 3712 τριακοσῖων
3546 3639 3679 3691 δέκα

2106 3756 2198 3807 καὶ
2236 3749 2381 3803 ὀκτὼ
2411 3747 2675 3814 Πατέρων
2711 3745 3032 3812 εισήγαγεν.
3076 3760 3103 3789 r
3147 3738 3306 3791 Ἀλλὰ
3345 3735 3439 3786 καὶ
3471 3736 3533 3785 ἐκ
3580 3732 3682 3799 τῆς

2109 3839 2706 3917 βιϐλιοπανσυλ).ἐκτου
2740 3834 3131 3901 ’Λνθολογίας
3155 3829 3359 3882 Φωτὶσιυ
3392 3828 3682 3879 Κωνσταν-

2105 3936 2470 3995 τινουπόλεως
2502 3932 2596 3984 καὶ
2618 3931 2679 3983 τὸ
2717 3927 2812 3980 τοῦ
2851 3926 3109 3990 Εὐλογίου
3151 3919 3492 3989 πατριάρχου
3533 3917 3684 3966 Ἀλε-

2107 4028 2393 4097 ξανδρείας
2451 4023 2819 4093 προκείμενον
2866 4018 2985 4069 λίαν
3028 4017 3313 4084 ἁρμόζειν.
3353 4010 3508 4079 Ἔχει
3571 4007 3681 4076 γὰρ

2104 4117 2310 4182 οὕτως·
2354 4134 2372 4167 ι
2398 4115 2558 4168 Ἀλλὰ
2593 4114 2700 4180 γὰρ
2723 4111 2820 4178 τῆς
2855 4109 3124 4177 αἱρέσεως
3168 4106 3330 4157 πάλιν
3361 4104 3392 4171 ἡ
3448 4100 3681 4154 ἀπόνοια

2102 4213 2202 4277 τὴν
2237 4207 2505 4276 τετάρτην
2547 4207 2824 4273 μέμφεται
2864 4197 3106 4260 σύνοδον,
3143 4195 3218 4256 ὡς
3268 4195 3395 4261 ὅρον
3449 4188 3673 4255 ἐκθεμέ-

2104 4317 2223 4365 νην,
2254 4295 2665 4365 διατεινομένην
2695 4296 2795 4361 τὴν
2824 4290 3086 4359 τοιαύτην
3145 4289 3537 4369 ἐπιχείρησιν,.
3568 4280 3673 4335 ὑπὸ

2100 4391 2200 4458 τῆς
2238 4388 2382 4442 κατὰ
2407 4390 2505 4456 τὴν
2542 4387 2780 4452 Ἔφεσον
2813 4383 3037 4449 πρώτης
3097 4378 3340 4437 συνόδου,
3394 4373 3673 4435 παντελῶς

2101 4462 2597 4538 ἀποκεκωλῦσθαιέ
2622 4479 2815 4532 Καίτοι
2836 4494 2898 4544 γε
2924 4478 2974 4528 εί
3002 4473 3146 4528 κατὰ
3178 4473 3269 4524 τὸν
3299 4470 3462 4537 λῆρον
3510 4466 3673 4523 αὐτὸν

2102 4574 2426 4643 ἀπεῖργενή
2463 4569 2678 4634 σύνοδος
2716 4570 2906 4637 ἕτερον
2927 4568 3053 4637 ὅρον
3102 4564 3348 4634 μηδόλως
3383 4561 3668 4629 προάγειν,

2095 4664 2234 4731 αὑτὴ
2266 4662 2387 4715 καθ’
2418 4662 2621 4729 ἑαυτῆς
2677 4661 2783 4729 πρὸ
2823 4660 2931 4711 τῶν
2965 4658 3139 4710 ἄλλων
3192 4657 3293 4722 τὴν
3341 4652 3671 4715 δικάζουσαν

2094 4753 2356 4822 ἐξήνεγκε
2392 4750 2594 4819 ψῆφον.
2640 4750 2981 4820 Ὀρίζειγὰρ
3025 4747 3161 4800 αὑτό
3191 4745 3350 4800 τοῦτο
3396 4745 3668 4806 τυποῦσα,

2062 4846 2122 4899 -ὂ
2165 4844 2288 4915 μηδ’
2315 4844 2479 4913 ἑτέρα
2510 4843 2623 4898 τῶν
2657 4844 2763 4913 πρὸ
2793 4843 2961 4910 αὐτῆς
2992 4840 3310 4911 διωρίσατο.
3359 4838 3523 4892 Ἀλλά
3576 4838 3671 4890 καὶ

2095 4941 2128 5009 ἠ
2158 4936 2279 4990 καθ’
2313 4937 2629 4991 ὑπόστασιν
2658 4936 2859 4998 ἒνωσις
2915 4934 3088 5003 αὐτῆς
3122 4936 3269 4986 ἐστιν
3303 4934 3450 5002 ὄρος,
3476 4930 3505 4983 ὃ
3548 4931 3671 4991 ταῖς

2098 5030 2508 5100 πρεσϐυτέραις
2572 5034 2684 5079 τῶν
2745 5026 2984 5078 συνόδων
3039 5026 3101 5075 οὐ
3128 5024 3436 5093 διώρισται.
3471 5024 3578 5076 Ναὶ
3604 5022 3670 5091 δὴ

2094 5124 2189 5175 καὶ
2214 5121 2316 5191 τὴν
2347 5124 2405 5174 ἐν
2440 5118 3013 5173 Κωνσταντινουπὸλει
3067 5118 3177 5173 τῶν
3215 5116 3410 5170 ἑκατὸν
3470 5116 3669 5182 πεντή-

2095 5228 2265 5266 κοντα
2302 5211 2475 5278 ἁγίων
2506 5210 2772 5279 Πατὲρων
2797 5209 2855 5272 ἐξ
2884 5201 2959 5263 ὧν
2986 5208 3144 5262 αὐτοὶ
3191 5205 3417 5275 ληροῦσι
3474 5221 3660 5274 παρα-

2093 5307 2385 5375 γράφεται.
2410 5306 2514 5356 Τὸν
2545 5302 3011 5372 Πνευματομάχον
3049 5302 3160 5371 γὰρ
3190 5301 3331 5372 αὕτη
3362 5298 3667 5353 καθελοῦσα

2093 5396 2171 5467 τῷ
2201 5397 2342 5450 κατὰ
2383 5395 2482 5465 τὴν
2514 5395 2750 5450 Νίκαιαν
2805 5395 3183 5464 ἐκφωνηθέντι
3221 5397 3334 5464 ὅρῳ
3385 5393 3484 5461 τὴν
3540 5392 3669 5462 περὶ

2093 5488 2188 5540 τοῦ
2219 5487 2374 5554 ἁγίου
2402 5487 2717 5556 Πνεύματος
2748 5487 3029 5555 θεολογίαν
3054 5485 3354 5556 προσθεῖσα
3384 5484 3667 5573 συνήρμοο

2098 5598 2210 5634 σεν.
2245 5581 2304 5633 Εἰ
2333 5582 2442 5650 γὰρ
2475 5581 2533 5633 ai
2560 5581 2929 5648 προλαόοῦσαι
2953 5581 3331 5651 προστιθεῖσαι
3357 5578 3446 5631 τὸν
3479 5574 3670 5643 μῶμον

2104 5675 2492 5742 ἐκφεύγουσιν,
2520 5673 2643 5725 οὐδὲ
2685 5674 2740 5726 σί
2778 5675 2897 5742 μετ’
2955 5674 3129 5737 αὑτὰς
3187 5675 3245 5727 ἐν
3302 5672 3415 5733 τοῖς
3459 5669 3670 5735 ὁμοίως

2100 5764 2367 5833 ἀνομοίως
2392 5765 2577 5828 ἕξουσι
2611 5766 2706 5833 τὴν
2739 5768 3105 5833 κατίγνωσιν.
3138 5764 3296 5817 Οὕτω
3326 5763 3386 5816 τὸ
3409 5761 3672 5813 ἀσύνετον
