4176 6278
413 381 519 446 233

1530 380 1627 437 AD
1678 377 2045 438 IMPERAT.
2088 372 2569 433 TRAI‘EZU‘NT.

3557 368 3664 433 ΞΜ

413 505 591 557 πάντα
620 501 783 568 φύρει
817 500 911 553 καὶ
939 496 1277 568 διαστρέφει.
1311 496 1421 550 Καὶ
1451 498 1557 565 γὰρ
1612 499 1644 567 ἡ
1685 499 1743 548 ἐν
1772 496 1987 564 Ἐφέσῳ

2094 492 2337 561 synodus
2358 492 2518 545 fidem
2543 489 2762 558 quidem
2785 489 2969 555 aliam,
2986 490 3142 560 cujus
3169 488 3420 561 dogmata
3439 489 3670 547 Nic-amas

414 593 635 655 σύνοδος
672 587 855 644 πίστιν
881 592 978 659 μὲν
1003 591 1223 656 ἑτέραν,
1256 583 1323 660 ἦς
1375 588 1599 640 ἐναντία
1626 589 1695 640 τὰ
1743 588 1992 654 δόγματα

414 686 551 754 πρὸς
576 686 676 753 τὴν
701 686 759 736 ἐν
800 680 1005 751 Νικαίᾳ
1050 681 1361 748 καθέστηκε
1412 678 1653 739 σύνοδον,
1711 677 1992 739 παντελῶς

413 776 731 829 ἐκτίθεσθαι
758 774 1088 829 διεκώλυσεν
1115 790 1130 804 ·
1167 772 1464 842 ἀκηράτων
1503 771 1560 823 δὲ
1589 771 1697 823 τῶν
1734 771 1789 822 ἐν
1851 769 1991 837 αὐτῇ

416 866 764 934 σωζομένων,
825 864 971 931 άπερ
1014 865 1043 916 6
1101 862 1293 931 καιρὸς
1338 862 1562 914 ἀπαιτεί
1614 847 1991 928 προστιθέναι,

412 960 580 1025 αὐτῆς
612 974 673 1009 τε
702 956 928 1023 γέγονεν
962 954 1147 1024 ἔργον,
1180 955 1274 1006 καὶ
1306 952 1415 1006 τῶν
1439 952 1787 1022 πραγμάτων
1817 951 1849 1020 ἡ
1887 949 1992 1018 φύ-

415 1068 501 1113 σις
546 1049 891 1111 διδάσκαλος,
940 1046 1165 1114 καὶτῆς
1206 1045 1538 1115 Ἐκκλησίας
1582 1045 1782 1114 ὁρᾶται
1834 1042 1992 1095 τοῦτο

415 1140 723 1208 στέργουσα
746 1136 838 1190 διὰ
894 1134 1099 1196 παντὸς
1130 1137 1162 1203 ἡ
1208 1133 1534 1203 παράδοσις.
1571 1132 1665 1184 Διὸ
1704 1132 1802 1185 καὶ
1848 1130 1991 1184 κατὰ

410 1230 513 1298 τὴν
558 1225 970 1293 Ἀλεξάνδρειαν
999 1223 1154 1281 ούπω
1177 1224 1273 1293 τῆς
1327 1224 1722 1292 οἰκουμενικῆς
1753 1236 1991 1290 συγκρο-

411 1320 677 1389 τηθείσης
712 1316 962 1380 συνόδου,
988 1318 1113 1379 τοὺς
1146 1317 1203 1369 ἐν
1236 1315 1375 1384 αὐτῇ
1401 1315 1506 1367 τῶν
1532 1314 1724 1384 ἱερέων
1754 1312 1987 1377 λογάδας

409 1412 441 1464 6
508 1411 799 1471 θεσπέσιος
857 1406 1132 1477 Κύριλλος
1191 1405 1612 1474 ἁθροισάμενος,
1655 1406 1753 1458 καὶ¹
1806 1405 1992 1458 πίστιν

409 1503 732 1571 διαθέμενος
759 1502 1038 1570 ἔγγραφον
1082 1499 1160 1567 τῷ
1212 1499 1498 1567 Νεστορίῳ
1551 1497 1914 1567 διεπέμψατο.
1965 1513 1984 1549 ι

410 1598 526 1647 Καὶ
575 1596 603 1647 6
658 1595 811 1660 ἅγιος
854 1592 1177 1662 Ἐφραίμιος
1239 1589 1589 1661 πατριάρχης
1658 1587 1987 1658 Ἀντιοχείας

413 1686 594 1755 φησί·
631 1702 648 1735 ι
688 1685 861 1739 Πάλιν
906 1683 965 1736 δὲ
1001 1682 1410 1753 ἐπηρεάζουσιν
1463 1683 1513 1733 οἱ
1562 1681 1829 1752 αἱρετικοὶ
1891 1682 1990 1749 τὴν

407 1776 682 1844 τετάρτην
706 1774 947 1837 σύνοδον,
980 1772 1254 1842 λέγοντες,
1275 1770 1351 1835 ὡς
1377 1771 1758 1840 ἐδογμάτισεν,
1799 1770 1989 1840 μηδενὶ

407 1865 620 1929 ἐξεῖναι
656 1863 979 1935 προφέρειν,
1017 1865 1050 1932 ἢ
1081 1864 1449 1933 συγγράφειν,
1477 1860 1511 1931 ἢ
1568 1860 1873 1914 συντιθέναι
1900 1860 1991 1913 πί-
2022 1848 2064 1905 Β

411 1974 538 2009 στιν
564 1957 782 2026 ἐτέραν,
818 1956 850 2019 ἦ
880 1958 1122 2022 φρονεῖν,
1154 1953 1285 2023 παρ’
1321 1954 1389 2024 ἣν
1414 1952 1631 2017 ἐξέθετο
1656 1952 1819 2022 αὐτή.
1855 1952 1993 2005 Καί-

407 2049 585 2103 τοιού
623 2046 783 2101 τοῦτο
816 2049 848 2115 ἡ
879 2046 1095 2109 σύνοδος
1120 2045 1438 2115 διωρίσατο,
1483 2044 1586 2097 κᾶν
1615 2042 1991 2113 ἀναισχύντως

406 2134 564 2191 οὗτοι
586 2136 1052 2205 καταψεύδωνται.
1091 2134 1254 2188 Ἀλλὰ
1285 2138 1384 2205 τὴν
1413 2134 1617 2197 πίστιν,
1654 2134 1723 2204 ἦν
1752 2134 1800 2187 οἱ
1834 2149 1991 2202 τρια-

409 2229 592 2282 κόσιοι
626 2228 757 2281 δέκα
792 2228 887 2280 καὶ
921 2226 1068 2279 ὀκτὼ
1096 2226 1337 2297 Πατέρες
1380 2227 1645 2292 ἐξέθεντο,
1683 2225 1903 2295 τιμῶσά
1931 2241 1990 2277 τε

379 2321 514 2387 ,καὶ
541 2319 905 2385 θεσπίζουσα,
948 2318 1102 2388 παρὰ
1124 2317 1331 2387 ταύτην
1365 2319 1535 2387 ἔφησε
1573 2318 1763 2388 μηδενὶ
1787 2316 1991 2380 ἐξεῖναι

413 2411 717 2481 προφέρειν
738 2411 933 2479 έτέραν
977 2410 1183 2475 πίστιν,
1209 2428 1226 2461 ι
1248 2411 1341 2463 καὶ
1370 2409 1439 2463 τὰ
1471 2410 1792 2463 ύπόλοιπα.‹
1824 2411 1990 2479 Δῆλον

408 2503 475 2557 δέ
497 2506 649 2556 ἐστιν
684 2502 744 2566 ἐξ
769 2502 951 2555 αὐτῶν
1009 2501 1247 2571 μάλιστα
1277 2502 1386 2555 τῶν
1442 2502 1735 2554 συνοδικιῖιν
1774 2503 1988 2570 φωνῶν,

409 2588 612 2646 ὤνκαὶ
651 2594 811 2663 μόνον
873 2592 1420 2662 ἀναγινωσκομένων,
1471 2592 1589 2645 οὐδὲ
1645 2596 1776 2660 μιᾶς
1826 2592 1990 2661 ἄλλης

406 2685 621 2738 δεῖσθαι
656 2684 1094 2754 κατασκευῆς,ἢ
1156 2685 1467 2746 συστάσεως
1538 2682 1905 2752 ἐπιδειχθεῖσα
1956 2684 1988 2751 ἡ

410 2776 669 2843 ἀλήθεια.
706 2778 812 2828 Καὶ
836 2778 933 2847 οὐχ
961 2774 1129 2846 ὥρισε
1183 2775 1285 2844 μὲν
1313 2776 1492 2843 τοῦτο,
1553 2775 1758 2846 ἔπραξε
1790 2775 1847 2828 δὲ
1895 2776 1990 2829 άλ-

411 2867 548 2934 λως,
580 2868 697 2920 ἀλλ’
718 2867 795 2931 ὡς
829 2866 1055 2936 ὥρισεν,
1086 2865 1257 2930 οὕτως
1284 2867 1558 2936 πανταχοῦ
1598 2871 1691 2919 καὶ
1729 2868 1991 2937 διαπρατ-

409 2961 618 3027 τομένη
652 2957 948 3025 λογίζεται.
975 2960 1081 3010 Καὶ
1113 2957 1221 3025 γὰρ
1254 2958 1381 3019 τοὺς
1410 2960 1476 3027 τῇ
1530 2958 1788 3030 εὐσεϐείᾳ
1818 2977 1990 3030 προσ-

413 3053 601 3110 ιόντας
630 3051 731 3102 οὐκ
762 3051 889 3102 ἄλλο
915 3048 1210 3118 σύμϐολον,
1246 3048 1391 3101 ἀλλὰ
1431 3050 1627 3107 τὸτὼν
1662 3054 1990 3120 τριακοσίων

411 3140 551 3193 δέκα
583 3140 675 3191 καὶ
698 3136 842 3191 ὀκτὼ
868 3140 1043 3205 ἁγίων
1076 3139 1337 3208 Πατέρων
1391 3140 1703 3193 ἐκδιδάσκει
1740 3144 1833 3194 καὶ
1882 3160 1988 3194 πα-

416 3230 700 3299 ραδιδωσι.
731 3229 949 3281 Γέλωτα
978 3229 1033 3281 δὲ
1061 3231 1263 3299 μᾶλλον
1293 3230 1413 3283 καθ’
1444 3231 1652 3284 ἑαυτῶν
1675 3232 1707 3303 ἢ
1733 3233 1989 3306 διαϐιλὴν

412 3320 517 3387 τῆς
558 3320 777 3389 συνόδου
813 3322 1157 3390 κατέχουσιν,
1195 3324 1254 3374 ἐν
1307 3316 1388 3385 οἷς
1444 3340 1609 3391 φασιν
1662 3323 1833 3395 αὐτὴν
1885 3325 1990 3377 ὑπὸ

417 3410 635 3463 πολλῶν
662 3411 1042 3479 διασύρεσθαι.
1076 3413 1252 3467 Πόσαι
1289 3414 1398 3484 γὰρ
1429 3416 1527 3484 τῆς
1550 3417 1774 3486 πρώτης
1794 3418 1886 3470 καὶ
1916 3418 1991 3470 ol-

412 3503 748 3573 κουμενικῆς
806 3503 972 3569 ἁγίας
1026 3504 1247 3559 συνόδου
1307 3508 1567 3560 κατεῖπον
1614 3507 1857 3575 σύνοδοι,
1894 3510 1989 3563 καὶ

411 3592 537 3644 τότε
568 3593 871 3661 ἀρχιερέων
895 3589 1052 3645 οὖσαι
1097 3593 1370 3664 πλήρωμα
1398 3613 1411 3662 ;
1443 3596 1551 3666 Τὴν
1572 3596 1624 3649 δὲ
1654 3599 1760 3651 τῶν
1793 3600 1990 3655 ἑκατὸν

412 3685 787 3751 πεντήκοντα,
820 3683 928 3735 οὐδ’
964 3686 1014 3736 εἰ
1070 3686 1288 3753 γέγονε,
1326 3691 1469 3750 τινες
1526 3690 1634 3741 τῶν
1676 3691 1989 3758 Αἰγυπτίων

410 3773 621 3825 εἰδέναι
660 3774 955 3844 ἠθέλησαν.
1003 3775 1145 3828 Ἀλλ’
1198 3779 1453 3847 ἐάσωμεν
1515 3781 1574 3833 τὸ
1625 3782 1931 3849 ἀλόγιστον.
1962 3802 1981 3833 ο

409 3865 529 3917 Καὶ
557 3865 715 3920 πάλιν
750 3866 946 3929 ὁθεῖος
996 3868 1287 3936 Μάξιμοςο
1325 3887 1343 3919 ι
1387 3870 1508 3934 Πῶς
1557 3866 1651 3925 οὖν
1698 3872 1799 3942 τὴν
1846 3872 1989 3926 οὕτω

407 3957 594 4010 ταῦτα
626 3957 940 4026 σεϐασμίως
969 3956 1083 4027 ἅμα
1150 3961 1242 4011 καὶ
1292 3959 1633 4029 διαπρυσίως
1667 3962 1884 4033 δρῶσάν
1929 3982 1987 4016 τε

407 4048 513 4097 καὶ
539 4045 972 4115 διαγορεύουσαν
1006 4047 1171 4116 ἁγίαν
1206 4051 1262 4101 ἐν
1290 4051 1598 4121 Χαλκηδόνι
1649 4053 1888 4120 σύνοδον,
1912 4053 1989 4118 ὡς
2014 4058 2018 4061 ’

404 4137 875 4210 διαπεμπομὲνην
900 4140 990 4191 τὸν
1020 4142 1117 4210 τῆς
1154 4142 1408 4197 Νικαέων
1451 4145 1575 4215 ὅρον
1611 4148 1987 4215 παραστῆσαι,

412 4228 507 4289 τίς
537 4229 602 4281 ἂν
630 4230 934 4299 ἐξισχύσειε
978 4231 1219 4298 πώποτε,
1256 4234 1360 4287 κᾶν
1398 4236 1615 4289 πάντων
1744 4236 1989 4307 ποριμώ-

404 4337 576 4383 tum;
619 4326 698 4385 είς
751 4323 1029 4393 ἐξεύρεσιν
1091 4327 1199 4379 τῶν
1251 4328 1341 4381 διὰ
1400 4329 1625 4396 ψεύδους
1655 4332 1720 4383 τὰ
1752 4333 1827 4399 μὴ
1858 4329 1988 4382 ὄντα

406 4413 556 4462 κατά
602 4411 699 4480 τῆς
746 4413 983 4484 ἀληθοῦς
1030 4415 1123 4469 καὶ
1152 4414 1319 4478 ὅντως
1361 4416 1787 4487 πλαττομένων;
1822 4420 1880 4471 Εἰ
1927 4420 1984 4471 δὲ

404 4503 505 4554 καὶ
534 4503 608 4564 ὡς
639 4504 828 4557 τοῦτον
861 4506 959 4574 μὲν
988 4506 1266 4576 τηροῦσαν
1322 4508 1579 4578 βεϐαίως,
1607 4509 1681 4572 ὼς
1729 4510 1985 4580 δεύτερον
2019 4477 2065 4537 D

399 4595 467 4647 δὲ
492 4584 655 4664 τυχόν
687 4599 1092 4665 ἐπεισάγουσαν
1120 4600 1246 4668 ὅρον
1276 4600 1659 4671 διαλοιδορεῖτε
1719 4603 1814 4655 καὶ
1847 4606 1988 4673 μέμ-

400 4687 601 4757 φεσθε,
629 4688 711 4752 τίς
737 4688 892 4752 οὗτος
926 4691 1268 4760 καθέστηκεν
1301 4694 1328 4744 6
1368 4692 1459 4745 ὑπ’
1481 4695 1651 4763 αὐτῆς
1689 4694 1982 4764 ἐπεισαγό-

402 4797 575 4850 μενος
607 4780 856 4851 δεύτερος
882 4783 1039 4853 ὃρος;
1081 4782 1147 4835 Ἦ
1205 4786 1490 4855 ὁμολογία,
1525 4789 1680 4856 φησὶ,
1741 4788 1850 4840 τῶν
1891 4788 1986 4841 δύο

402 4872 650 4942 φύσεων,
714 4876 809 4925 κα)⁵
863 4875 921 4926 ἐν
954 4874 1047 4926 δύο
1095 4876 1292 4943 φύσεσι
1351 4878 1556 4947 φωνῆς.
1605 4880 1680 4932 Οὐ
1732 4879 1841 4948 γὰρ
1875 4879 1988 4950 ἔχει

402 4966 616 5033 ταύτην
638 4967 667 5019 6
693 4966 787 5034 τῆς
814 4963 1065 5021 Νικαέων
1110 4971 1257 5040 ὄρος.
1288 4971 1530 5042 Εἰσήχθη
1583 4974 1641 5025 δέ
1698 4975 1985 5045 προδήλως

402 5058 518 5110 ὑπὸ
548 5058 658 5110 τῶν
709 5060 762 5112 ἐν
794 5058 1102 5131 Χαλκηδόνι
1132 5064 1416 5135 ιιατέρων,
1449 5066 1510 5119 ού
1541 5067 1811 5139 πρότερον
1842 5085 1985 5138 γνω-

403 5149 746 5225 ρισθεῖσα,ἤ
779 5153 1146 5224 ὀνομασθεῖσα
1179 5160 1331 5228 παρά
1360 5175 1527 5225 τινος.
1560 5161 1683 5215 Ὅτι
1727 5164 1827 5234 μὲν
1865 5164 1987 5218 οὐδὲ

400 5243 573 5297 τοῦτο
606 5245 861 5313 δύνασθε,
898 5252 1256 5320 παραστῆσαι
1299 5252 1479 5323 δῆλον.
1526 5255 1745 5320 Πολλοῖς
1783 5274 1842 5309 τε
1877 5258 1986 5326 γὰρ

398 5334 521 5388 τῶν
558 5337 664 5404 πρὸ
710 5338 879 5405 αὐτῆς
908 5340 1084 5408 ἁγίων
1122 5342 1385 5413 Πατερων
1407 5345 1482 5409 ὡς
1517 5346 1748 5415 εὐσεϐὴς
1775 5347 1808 5417 ἡ
1836 5348 1988 5417 φωνὴ

404 5426 509 5481 καὶ
542 5429 736 5501 ἐκρίθη
772 5434 866 5484 καὶ
892 5434 1263 5505 ἀνηγορεύθη,
1327 5437 1423 5489 καὶ
1483 5439 1823 5511 μαρτυροῦσι
1876 5440 1986 5493 τῶν

401 5521 620 5591 ταύτην
658 5524 1018 5593 κηρυξάντων
1051 5529 1102 5579 οἱ
1132 5529 1301 5596 λόγοι,
1339 5530 1519 5599 πάσης
1560 5530 1713 5594 ὄντες
1754 5533 1984 5602 ἡλιακῆς

401 5614 631 5677 ἀκτῖνος
715 5618 1165 5685 φωτοειδέστατοι
1242 5623 1343 5674 καὶ
1422 5622 1813 5695 λαμπρότεροι.
1872 5626 1980 5679 Καὶ

404 5707 570 5775 ὑμεῖς
598 5708 631 5776 ἦ
661 5709 905 5774 ἀγνοεῖτε
953 5710 1021 5763 δι’
1056 5713 1443 5779 ἀπαιδευσίαν,
1480 5715 1512 5784 ἢ
1566 5717 1782 5784 ἀγνοεῖν
1815 5734 1985 5787 προσ-

405 5800 652 5852 ποιεῖσθε
686 5801 772 5853 διὰ
806 5803 1097 5871 λο.δορίαν,
1133 5807 1227 5857 καὶ
1281 5806 1389 5857 τῶν
1428 5809 1667 5861 εύσεϐων
1721 5810 1981 5882 Ματέρων

734 5901 978 5960 ιἈΤιιυι.
1048 5910 1164 5961 (ιιι.
1214 5902 1385 5964 CLX.

2095 586 2368 641 contraria
2398 595 2605 646 essent,
2636 585 2861 639 omnino
2886 584 3082 654 exponi
3120 584 3309 637 vetuit.
3348 582 3510 639 Puris
3538 599 3670 639 vero

2096 685 2260 744 atque
2296 675 2597 740 inviolatis,
2633 691 2755 744 quae
2787 675 2841 730 in
2878 692 2940 729 ea
2971 685 3121 740 sunt,
3154 676 3407 740 servatis,
3431 690 3551 745 quae
3582 691 3674 731 oc-

2093 768 2243 822 casio
2298 768 2538 836 postulat
2594 767 3116 837 apponenda,sicut
3149 768 3379 836 ipsamet
3438 767 3671 829 addidit,

2097 861 2199 915 hoc
2220 870 2273 915 et
2308 875 2491 914 rerum
2519 871 2718 914 natura
2756 860 3016 929 magistra
3072 859 3249 924 docet,
3306 869 3360 913 et
3411 860 3673 914 Ecclesia:

2098 968 2233 1008 usus
2290 953 2509 1009 videtur
2575 966 2685 1007 non
2733 952 3009 1022 rejeeisse.
3053 951 3236 1016 Quare
3274 960 3330 1004 et
3371 950 3667 1005 Alexandii

2096 1042 2335 1099 nondum
2362 1045 2697 1098 mcumenica
2727 1044 2939 1112 synodo
2972 1050 3182 1106 coacta,
3249 1041 3493 1095 delectos
3528 1041 3580 1094 in
3606 1058 3668 1094 ea

2092 1135 2403 1189 sacerdotes
2420 1134 2636 1189 divinus
2653 1133 2887 1206 Cyrillus
2907 1147 3265 1202 congregans,
3286 1142 3339 1186 et
3358 1132 3517 1186 ﬁdem
3540 1131 3673 1185 scri-

2093 1233 2238 1294 ptam
2257 1226 2573 1293 disponens,
2590 1224 2847 1280 Nestorio
2868 1225 3039 1279 misit.
3058 1234 3083 1275 i‘
3099 1226 3163 1279 Et
3177 1227 3350 1278 sancti
3378 1225 3491 1294 Eph
3502 1223 3671 1277 rannii

2092 1314 2412 1382 patriarchae
2428 1316 2786 1369 Antiocheni:
2819 1333 2837 1366 ι
2865 1316 2999 1370 Ecce
3017 1316 3213 1369 iterum
3231 1324 3485 1383 quartam
3514 1329 3677 1384 syno-

2093 1405 2224 1460 dum
2246 1405 2937 1470 calumnianturhaeretici,
2959 1416 3219 1475 tanquam
3250 1420 3371 1476 qua:
3405 1404 3674 1467 docuerit,

2092 1495 2385 1550 nonlicere
2420 1494 2579 1549 alicui
2612 1492 2877 1566 proferre,
2910 1504 3001 1547 aut
3034 1494 3299 1559 scribere,
3339 1504 3434 1547 aut
3455 1507 3677 1563 compu-

2096 1604 2252 1655 nere,
2290 1596 2386 1643 aut
2422 1599 2609 1644 tenere
2661 1588 2822 1643 aliam
2858 1587 3017 1642 ﬁdem
3062 1596 3259 1657 praeter
3287 1600 3407 1641 eam
3425 1601 3588 1654 quam
3611 1600 3677 1639 ca

2092 1681 2369 1753 exposuit.
2418 1680 2484 1735 Et
2545 1687 2728 1735 tamen
2774 1678 2830 1735 id
2893 1678 3133 1750 synodus
3176 1694 3283 1734 non
3336 1678 3677 1740 decreverat.

2090 1774 2345 1844 quamvis
2361 1774 2415 1828 id
2434 1772 2678 1829 haeretici
2696 1772 3170 1841 impudentissime
3190 1771 3547 1825 mentiantur.
3570 1768 3677 1825 Sed

2092 1881 2212 1923 eam
2230 1866 2413 1933 ﬁdem,
2438 1881 2600 1937 quam
2627 1864 2856 1920 trecenti
2879 1863 3184 1920 octodecim
3207 1860 3398 1917 Patres
3421 1876 3676 1917 asserue-

2092 1968 2476 2024 runt,summo
2514 1959 2568 2013 in
2624 1957 2832 2013 honore
2872 1957 3081 2013 habens
3120 1966 3287 2024 atque
3318 1954 3673 2020 confirmans,

2092 2064 2290 2121 praeter
2313 2053 2461 2107 illam
2483 2051 2649 2117 dixit,
2689 2050 2897 2107 nemini
2942 2050 3106 2105 licere
3132 2049 3294 2102 aliam
3356 2046 3513 2102 ﬁdem
3544 2060 3677 2116 pro-

2095 2146 2236 2201 ferre
2260 2184 2276 2211 ,
2319 2165 2336 2196 ι
2371 2154 2427 2201 et
2453 2160 2575 2215 quae
2600 2154 2925 2214 sequuntur.
2951 2161 2970 2195 ι
2996 2142 3074 2198 Ex
3093 2142 3180 2196 bis
3209 2140 3462 2196 omnibus
3481 2137 3677 2210 synodi

2093 2240 2345 2303 vocibus,
2407 2254 2531 2308 quae
2584 2235 2881 2292 dummodo
2932 2235 3084 2291 lectae
3125 2233 3329 2289 fuerint
3352 2231 3503 2287 nulla
3563 2230 3675 2285 alia

2093 2329 2418 2400 probatione
2469 2338 2566 2384 aut
2588 2316 3060 2386 demonstratione
3082 2327 3372 2382 veritatem
3403 2324 3673 2393 indigere,

2091 2430 2425 2492 compertum
2477 2432 2585 2488 est,
2616 2435 2716 2478 nec
2754 2422 2901 2477 aliud
2931 2421 3207 2486 deﬁnisse,
3260 2419 3407 2474 aliud
3440 2432 3568 2473 vero
3600 2414 3679 2470 fe-

2092 2516 2234 2571 cisse
2263 2532 2278 2581 ;
2306 2516 2397 2570 sed
2420 2525 2479 2571 ut
2507 2515 2772 2579 decrevit,
2806 2516 2887 2569 sic
2921 2523 2975 2570 et
3006 2514 3210 2584 ubique
3238 2512 3437 2567 fecisse
3469 2524 3676 2579 cogno-

2092 2610 2281 2664 scitur.
2306 2607 2551 2678 Namque
2576 2623 2669 2663 eos
2685 2607 2776 2677 qui
2794 2607 2861 2662 ad
2882 2607 3136 2677 pietatem
3183 2605 3408 2677 gradum
3446 2601 3675 2662 faciunt,

2092 2702 2300 2755 nullum
2328 2701 2473 2755 aliud
2501 2702 2844 2770 Symbolum,
2866 2714 3030 2769 quam
3064 2707 3432 2761 trecentorum
3460 2695 3679 2749 octode-

2090 2793 2197 2847 cim
2217 2792 2434 2846 Patrum
2461 2792 2649 2847 docuit
2692 2791 3043 2861 tradiditque,
3065 2792 3234 2846 risum
3267 2796 3451 2845 autem
3491 2791 3675 2858 potius

2092 2894 2281 2938 contra
2309 2884 2547 2954 seipsos,
2577 2900 2740 2955 quam
2768 2884 2961 2955 synodi
2990 2883 3396 2939 accusationem
3417 2882 3677 2944 excitant,

2094 2975 2183 3030 ubi
2216 2977 2405 3029 dicunt
2437 2990 2555 3031 eam
2582 2992 2612 3029 ο
2637 2976 2884 3045 pluribus
2911 2974 3169 3030 derideri.
3203 2974 3351 3041 Quot
3375 2974 3523 3027 enim
3563 2972 3678 3041 pri-

2092 3082 2237 3120 mam
2262 3081 2311 3121 et
2335 3069 2732 3123 aecumenicam
2766 3079 3010 3121 sanctam
3037 3066 3307 3138 synodum
3333 3065 3529 3135 synodi
3572 3064 3680 3118 tri-

2095 3158 2314 3211 minatte
2330 3167 2481 3224 sunt,
2500 3168 2611 3217 tum
2630 3159 2798 3213 etiam
2812 3160 2940 3228 ipsa:
2960 3159 3284 3227 praesulibus
3306 3156 3679 3211 abundantes?

2095 3247 2240 3302 Illam
2262 3264 2388 3303 vero
2402 3258 2622 3305 centum
2657 3249 3050 3319 quinquaginta
3069 3248 3308 3315 Patrum,
3326 3264 3393 3302 an
3413 3248 3491 3302 vel
3512 3246 3675 3302 fuerit

2095 3338 2338 3409 Λεωνιὶὶ
2372 3341 2512 3395 seire
2558 3342 2874 3396 noluerunt.
2922 3338 3029 3394 Sed
3063 3340 3230 3397 missa
3286 3338 3549 3394 faciamus
3587 3353 3679 3391 eo-

2096 3433 2338 3486 rumdcm
2380 3430 2763 3487 deliramenta.
2813 3449 2832 3485 ι
2870 3430 2952 3485 Ad
2995 3429 3112 3485 haec
3150 3431 3305 3484 divus
3354 3429 3623 3485 Maximus
3659 3445 3674 3481 :

2098 3542 2116 3576 ι
2149 3524 2393 3589 Quanam
2416 3525 2581 3593 igitur
2608 3525 2841 3591 ratione,
2876 3539 2999 3594 qua:
3035 3524 3139 3578 hoc
3170 3533 3328 3592 pacto
3360 3522 3561 3577 similia
3592 3524 3679 3590 pie

2014 3644 2038 3665 ο
2093 3617 2348 3683 clareque
2376 3626 2642 3683 Operatur
2676 3628 2731 3668 et
2776 3615 2955 3669 sancit
2980 3625 3229 3668 sanctam
3260 3612 3677 3668 Chalcedonen-

2093 3724 2206 3761 sent
2232 3707 2500 3775 synodum
2528 3719 2679 3774 teque
2714 3719 2779 3759 ac
2809 3706 2851 3759 si
2883 3702 3162 3757 Nicanam
3196 3703 3566 3759 definitionem
3594 3720 3676 3758 re-

2094 3798 2362 3867 pudiaret,
2393 3799 2593 3866 poterit
2638 3812 2883 3867 unquam
2934 3795 3208 3866 quispiam
3240 3796 3493 3866 probare,
3544 3796 3676 3850 licet

2091 3890 2334 3944 omnium
2368 3891 2435 3945 ad
2471 3905 2580 3956 res,
2605 3906 2729 3961 quas
2780 3904 3054 3961 nusquam
3099 3898 3247 3957 sunt,
3286 3890 3675 3960 tiugunturque

2092 3984 2356 4036 adversus
2389 3983 2697 4048 veritatem,
2720 3981 2886 4036 etiam
2919 3997 3044 4036 cum
3072 3982 3359 4037 mendacio
3384 3983 3674 4038 commini-

2092 4072 2324 4129 sceudas
2349 4075 2656 4135 acerrimus
2679 4074 2772 4131 sit.
2799 4073 2953 4142 Quod
2972 4073 3021 4129 si
3042 4086 3097 4128 ut
3118 4075 3235 4129 haec
3256 4076 3474 4147 quidem
3501 4077 3671 4131 firmi-

2092 4173 2176 4220 ter
2212 4176 2657 4231 censet-ventem,
2686 4176 2741 4221 et
2766 4165 3067 4222 secundam
3121 4166 3262 4223 forte
3295 4168 3670 4224 deﬁnitionem

2090 4256 2531 4311 introducentem
2562 4255 2947 4311 maledictione
2992 4264 3046 4309 et
3078 4257 3328 4311 convicio
3378 4256 3630 4326 excipitis
3654 4298 3667 4321 ,

2091 4367 2212 4421 qua:
2223 4352 2338 4407 llaec
2352 4352 2596 4407 fueritab
2608 4351 2798 4407 eadem
2817 4351 3058 4407 secunda
3074 4353 3671 4409 delinitiointroducta?

2089 4443 2397 4506 Confessio,
2419 4445 2627 4513 inquis,
2651 4445 2884 4498 duarum
2908 4446 3668 4513 naturarum,dictioqueilla,

2091 4537 2144 4589 in
2174 4534 2387 4588 duabus
2422 4534 2660 4598 naturis,
2696 4549 2815 4603 qua
2855 4535 3003 4588 nullo
3029 4534 3194 4587 modo
3221 4533 3441 4589 Nicmna
3477 4536 3671 4590 deﬁni-

2092 4627 2170 4681 tio
2202 4626 2468 4691 continet,
2492 4623 2588 4679 sed
2620 4625 2799 4694 palam
2842 4640 2871 4679 a
2907 4624 3451 4680 Chalcedonensibus
3494 4626 3670 4679 Patri-

2090 4716 2192 4771 bus
2225 4715 2437 4769 intrusa
2472 4723 2621 4778 sunt,
2653 4714 2807 4768 nullo
2830 4713 2994 4769 modo
3042 4720 3202 4767 antea
3242 4714 3486 4783 cognita,
3513 4714 3594 4768 vel
3640 4731 3669 4767 a

2089 4820 2360 4877 quoquam
2399 4805 2692 4861 recensita.
2722 4805 2874 4872 Quod
2909 4821 3037 4860 vero
3097 4822 3275 4877 neque
3321 4808 3371 4861 id
3436 4810 3671 4877 probare

2091 4900 2341 4970 potestis,
2364 4898 2718 4953 manifestum
2750 4910 2874 4954 est:
2909 4914 2939 4953 a
2972 4900 3159 4954 multis
3210 4899 3485 4969 siquidem
3540 4912 3668 4954 ante

2090 5009 2212 5051 eam
2246 4993 2498 5048 Patribus
2530 5008 2635 5047 vox
2669 4992 2759 5047 illa
2792 4994 2869 5048 uti
2903 4994 2989 5063 pia
3031 5001 3279 5062 reputata
3322 5004 3407 5049 est
3462 5002 3516 5049 et
3568 5009 3663 5066 pu-

2092 5087 2231 5141 blice
2270 5085 2657 5156 depra-dicata,
2708 5094 2986 5156 testesque
3020 5095 3151 5142 sunt
3209 5100 3399 5141 eorum
3460 5102 3672 5142 sermo-

2090 5191 2211 5243 nes,
2280 5177 2373 5246 qui
2405 5190 2526 5232 eam
2557 5178 2866 5244 edixerunt,
2919 5181 3114 5248 quovis
3160 5179 3293 5235 solis
3334 5180 3488 5233 radio
3552 5180 3669 5234 cla-

2091 5270 2266 5324 riores
2316 5276 2481 5338 atque
2509 5270 2935 5339 splendidiores.
2968 5270 3187 5341 Vosque
3223 5273 3275 5326 id
3302 5284 3399 5326 aut
3447 5280 3671 5342 prepter

2090 5359 2365 5414 inscitiam
2417 5361 2704 5429 ignoratis,
2773 5370 2869 5416 aut
2925 5363 3179 5432 ignorare
3220 5363 3425 5432 ﬁngitis
3450 5371 3671 5431 propter

2090 5451 2553 5518 maledictionem,
2598 5462 2652 5507 et
2676 5455 2893 5523 piorum
2951 5456 3174 5509 Patrum
3232 5470 3298 5510 ac
3343 5455 3665 5525 dogmatum

2091 5555 2344 5595 vesanam
2381 5543 2841 5597 criminationem.
2890 5541 3104 5607 Quodsi
3138 5544 3345 5597 nullum
3377 5542 3430 5596 id
3450 5557 3668 5610 quoque

2094 5642 2259 5698 esset,
2308 5649 2428 5687 cum
2458 5643 2640 5688 tamen
2678 5636 2998 5701 plurimum,
3032 5646 3092 5688 ut
3118 5636 3252 5701 dixi,
3295 5652 3417 5690 sese
3448 5634 3663 5699 oﬂerat,

2092 5726 2224 5795 quid
2255 5727 2480 5793 impedit
2531 5736 2612 5779 tot
2656 5727 2864 5791 Patres,
2895 5728 3003 5779 imo
3053 5728 3491 5784 Christianorum
3547 5744 3661 5779 on.-

2095 5834 2244 5873 Inutn
2288 5831 2510 5888 conum,
2538 5821 2587 5874 id
2620 5835 2851 5887 namque
2888 5835 3103 5888 ιιι-ουτω
3132 5836 3215 5876 est
3238 5824 3664 5877 ortindoxotum

3229 5914 3262 5974 8
