4176 6278
517 300 627 363 235

1419 302 1799 361 GltEGORIi
1842 302 2146 362 MAMM/E
2184 301 2295 366 (ΣΡ.
2344 303 2860 366 ΡΑΤΒΙΑΗΟΗᾸΞ

3684 300 3793 363 235

524 422 746 473 Patrum
792 416 1140 472 sanctissima
1169 416 1431 486 synodus,
1464 432 1561 471 sua
1608 420 1941 473 auctoritate
1987 433 2109 471 eam

2219 443 2277 479 τε
2320 427 2417 479 καὶ
2451 426 2742 495 δογμάτων
2767 423 2997 493 ἀνόητον
3033 388 3315 491 εγκληύιν.
3351 421 3413 473 Εἰ
3461 420 3517 475 δὲ
3558 424 3650 476 καὶ
3679 441 3790 493 μη-

518 513 787 576 emittere,
806 509 1264 580 pmscribereque
1275 512 1541 566 adversus
1557 512 1802 566 haeresim
1825 512 2112 583 Eutychia-

519 604 709 657 nam?»
738 602 803 657 Et
825 602 1103 657 nonnullis
1132 603 1453 671 interiectis,
1476 603 1663 658 subdit
1687 623 1700 660 :
1723 625 1741 655 ι
1762 604 1877 670 Qua
1900 606 2112 660 ratione

517 707 569 748 et
602 695 762 750 modo
789 704 1036 749 sanctam
1068 694 1583 750 Chalcedonensem
1624 698 1893 765 synodum
1926 707 2111 766 aperte

518 799 779 857 paternas
793 789 1062 844 dietiones
1081 798 1460 857 usurpantem,
1480 789 1872 851 criminamiui,
1892 798 1942 843 et
1959 803 2113 858 aeque

520 898 584 936 ac
618 882 662 934 si
698 881 861 935 aliam
899 880 1024 935 fidei
1053 880 1422 934 deﬁnitionem
1470 881 1861 943 introduceret,
1894 881 2027 934 locis
2057 880 2110 932 in

516 973 775 1025 omnibus
805 987 898 1025 ore
928 982 981 1025 et
1011 971 1230 1039 scriptis
1251 970 1498 1023 convicio
1522 970 1797 1039 exvipitis,
1821 979 1875 1023 et
1904 968 2110 1022 derisui

518 1064 763 1119 habetis?
795 1062 876 1117 Ne
913 1063 1167 1132 judicetis
1217 1062 1504 1115 secundum
1545 1061 2104 1128 faciem,Deusdixit,

517 1159 607 1208 sed
628 1156 834 1224 justum
858 1154 1124 1223 judicium
1160 1152 1462 1223 judicate‘.
1484 1152 1614 1217 Quae
1662 1155 1716 1206 in
1746 1170 1855 1206 uno
1886 1154 2110 1207 eodem-

516 1264 623 1318 que
644 1258 963 1317 argumento
986 1246 1520 1300 Cbalcedonensiutn
1542 1243 1767 1299 Patrum
1798 1256 1979 1298 vestra
2002 1246 2112 1298 cri-

518 1340 748 1393 tninatio
764 1348 870 1401 est,
889 1347 941 1391 et
960 1352 1147 1391 eorum
1168 1339 1259 1406 qui
1282 1337 1608 1405 praeiverunt
1623 1376 1637 1399 ,
1659 1338 1991 1405 praeconium
2013 1337 2035 1388 ἲ
2052 1336 2109 1391 Si

518 1430 782 1485 adversus
801 1430 1278 1482 (thalcedoneuses
1307 1437 1409 1493 est,
1438 1430 1586 1497 quod
1610 1429 1682 1481 illi
1716 1428 1931 1482 scilicet
1950 1430 2109 1482 aliam

520 1522 643 1576 fidei
675 1520 1074 1580 deﬁnitionem,
1100 1529 1321 1586 propter
1354 1515 1587 1572 Nicaeum
1613 1518 1919 1572 deﬁnitioni
1952 1532 2112 1573 voces

519 1614 823 1682 appositas,
843 1610 1330 1680 promulgaverint.
1349 1609 1453 1664 hoc
1475 1610 1632 1678 plane
1661 1618 1943 1679 sequetur,
1966 1595 2117 1662 eam;

520 1708 645 1762 dem
664 1708 733 1760 ob
753 1721 997 1765 causam,
1022 1714 1071 1758 et
1093 1713 1283 1759 contra
1308 1701 1593 1772 Cyrillum,
1612 1710 1665 1756 et
1682 1713 1869 1755 contra
1892 1714 2109 1754 centum

521 1798 938 1868 quinquaginta.
965 1794 1120 1861 Quod
1146 1794 1191 1849 si
1209 1805 1400 1848 contra
1432 1808 1527 1849 eos
1554 1808 1660 1847 non
1693 1801 1797 1855 est,
1831 1793 2111 1861 quomodo

522 1902 715 1945 contra
737 1904 856 1942 eam
878 1903 1000 1942 esse
1021 1886 1217 1956 possit,
1266 1900 1374 1938 non
1405 1884 1583 1951 capio.
1607 1881 1995 1937 Verumtamen
2021 1898 2110 1936 ve-

522 1990 692 2037 stram
716 1980 921 2035 rabiem
941 1988 995 2034 et
1011 1978 1421 2033 contentionem
1444 1978 1496 2030 in
1518 1977 1585 2030 iis
1610 1992 1730 2046 qua:
1749 1973 2115 2031 demonstrari

522 2076 749 2131 minime
792 2082 1044 2146 possunt,
1098 2085 1407 2142 proponere
1449 2086 1718 2125 moneor:
1752 2070 1796 2123 si
1830 2068 1970 2124 forte
2013 2068 2115 2121 ltac

523 2169 853 2233 ratione,uti
902 2181 998 2235 par
1027 2175 1134 2228 est,
1188 2166 1613 2231 erubescentes,
1636 2166 1859 2219 missam
1896 2161 2115 2217 faciatis

527 2260 960 2322 Iamsitatiottem,
1005 2258 1279 2325 lluemque
1310 2256 1602 2325 imponatis
1639 2264 1802 2310 tanta
1847 2255 2113 2309 adversus

524 2352 811 2405 veritatem
870 2350 1042 2419 ipsam
1089 2349 1511 2417 conspirationi.
1549 2346 2013 2416 Quandoquidem
2060 2356 2113 2400 et

524 2444 825 2512 Gregorius
873 2440 1162 2509 theologia:
1198 2440 1396 2494 vindex
1440 2448 1677 2494 vestram
1724 2446 1917 2493 contra
1949 2436 2112 2492 Chal-

524 2534 894 2590 cedunensem
920 2533 1187 2603 synodum
1217 2532 1626 2587 accusationem
1657 2532 1838 2584 minus
1855 2529 2110 2598 effugiet;

526 2628 658 2690 itttu,
683 2626 758 2677 ttti
795 2640 888 2678 vos
912 2624 1293 2693 praescribitis,
1327 2624 1566 2678 maxime
1587 2624 1662 2676 illi
1688 2623 2112 2686 eritobnoxius,

525 2738 591 2773 ex
627 2731 816 2773 trunca
838 2728 1002 2786 atque
1025 2715 1219 2770 mutila
1249 2713 1470 2769 Nic-tetra
1502 2716 1766 2783 integram
1792 2713 1996 2769 faciens
2019 2715 2113 2768 do-

520 2814 758 2868 ctrinam
813 2810 881 2863 de
946 2809 1153 2878 Spiritu
1202 2815 1397 2863 Sancto
1454 2822 1470 2860 :
1514 2808 1659 2875 quod
1721 2815 1832 2859 tum
1868 2806 2110 2860 nondum

528 2914 673 2958 muta
697 2913 815 2957 erat
834 2903 946 2955 haec
968 2902 1224 2971 quaestio,
1250 2915 1375 2954 cum
1399 2898 1559 2954 Patre
1586 2910 1641 2955 et
1677 2898 1817 2953 Filio
1846 2898 2113 2969 Spiritum

524 3005 781 3052 sanetum
843 3007 1168 3062 agnoscens,
1208 2992 1544 3060 hortatusque
1574 2989 1900 3045 Cledonium
1946 3002 2005 3045 ut
2036 2992 2110 3046 ita

2213 518 2302 570 δὲν
2325 512 2393 585 ἦν
2429 517 2592 569 ὁπότε
2621 514 2900 577 πλεῖστον,
2928 514 3003 575 ὡς
3034 515 3194 582 ἔφην,
3235 514 3598 584 καθέστηκεν,
3624 516 3678 567 τί
3733 517 3794 568 τὸ

2216 609 2424 662 κωλύον
2483 609 2673 676 ἁγίους
2713 608 3030 669 τοσούτους,
3078 606 3283 675 μᾶλλον
3333 605 3389 657 δὲ
3428 605 3522 658 τὸν
3578 606 3797 659 ἅπαντα

2214 700 2663 767 Χριστιανισμὺν,
2690 698 2849 751 τοῦτο
2876 698 2986 767 γὰρ
3015 698 3222 767 κυρίως
3261 697 3413 750 ἐστὶν
3437 698 3469 768 ἡ
3506 697 3615 749 τῶν
3637 698 3795 767 ὀρθο-

2212 792 2381 856 δόξων
2411 792 2672 859 Πατέρων
2729 791 3012 859 ἀγιωτάτη
3073 791 3315 853 σύνοδος,
3368 788 3795 853 ὲξουσιαστικιζ

2213 882 2419 951 ταύτην
2451 880 2746 949 προέσθαι,
2766 882 2860 931 καὶ
2885 880 3198 948 νομοθετεῖν
3221 878 3363 931 κατὰ
3393 879 3491 948 τῆς
3518 878 3793 946 Εὑτυχοῦς

2216 973 2618 1043 συναιρέσεως;
2664 990 2684 1024 ι
2733 973 2841 1023 Καὶ
2869 971 3009 1039 μετὰ
3035 971 3160 1023 τινά
3209 987 3381 1041 φησι·
3417 989 3437 1021 ι
3476 972 3593 1023 Τίνι
3645 972 3793 1040 λόγῳ

2213 1065 2457 1127 καὶπῶς
2490 1065 2590 1133 τὴν
2639 1066 2699 1116 έν
2733 1063 3041 1132 Χαλκηδόνι
3106 1063 3269 1130 ἁγίαν
3324 1062 3566 1128 σύνοδον,
3613 1064 3792 1116 καίτοι

2215 1160 2511 1229 πατρικαῖς
2544 1156 2832 1227 προδήλως
2886 1156 3362 1226 ἀποχρησαμένην
3420 1159 3651 1225 φωναῖς,
3706 1158 3790 1209 αί-

2213 1251 2424 1315 τιᾶσθε,
2448 1250 2543 1304 καὶ
2563 1250 2636 1311 ὡς
2662 1249 2824 1303 ἄλλον
2850 1249 3087 1311 πίστεως
3140 1250 3266 1317 ὅρον
3311 1249 3639 1315 εἰσάγουσαν
3666 1250 3794 1319 τῇδε

2214 1344 2437 1396 κάκεῖσε
2490 1343 2583 1393 καὶ
2631 1341 2928 1410 ἐγγράφως
2972 1340 3359 1409 διαλοιδορεῖτε
3413 1342 3505 1392 καὶ
3562 1340 3796 1392 διασκώ-

2215 1453 2379 1489 πτετε
2404 1452 2417 1501 ;
2446 1434 2541 1503 Μὴ
2569 1433 2697 1486 κατ’
2721 1434 2867 1501 ὄψιν
2888 1434 3151 1499 κρίνητε,
3180 1434 3268 1486 διὰ
3288 1433 3378 1485 τὸν
3394 1433 3618 1484 εἰπόντα
3636 1432 3790 1492 Θεὸν,

2214 1530 2377 1584 ἀλλὰ
2412 1527 2528 1595 τὴν
2565 1527 2810 1580 δικαίαν
2830 1526 3036 1594 κρίσιν
3085 1526 3350 1593 κρίνατε.
3390 1525 3540 1593 Τίςὴ
3580 1527 3674 1576 ἐπὶ
3695 1527 3793 1592 τῆς

2215 1621 2391 1689 αὐτῆς
2422 1623 2520 1674 καὶ
2555 1622 2686 1691 μιᾶς
2718 1618 3028 1680 ὑποθέσεως
3083 1617 3192 1669 τῶν
3250 1618 3307 1668 ὲν
3349 1616 3656 1684 Χαλκηδόνι
3684 1617 3793 1669 [Ια-

2215 1716 2389 1783 τέρων
2423 1712 2688 1782 έγκλησις
2724 1711 2906 1779 ἡμῶν,
2940 1710 3037 1761 καί⁵
3064 1709 3147 1771 τίς
3180 1709 3213 1777 ἠ
3252 1709 3362 1761 τῶν
3412 1708 3793 1777 προλαῦόντων

2220 1803 2523 1873 ἁνάρῤησις
2547 1819 2564 1863 ;
2598 1801 2660 1852 Εἰ
2688 1800 2797 1868 γάρ
2826 1800 2946 1850 ἐστι
2970 1797 3111 1850 κατὰ
3140 1798 3241 1865 τῆς
3299 1798 3355 1849 ὲν
3407 1797 3795 1865 Χαλκηδονέων

2217 1894 2380 1948 ἄλλον
2416 1892 2697 1946 αἰτιᾶσθαι
2721 1893 2959 1953 πίστεως
2983 1890 3108 1960 ὅρον
3132 1889 3221 1941 διὰ
3243 1888 3339 1952 τὰς
3365 1890 3694 1957 ἑγκειμένας
3720 1888 3797 1958 τῷ

2217 1989 2327 2056 ὅρῳ
2352 1987 2448 2055 τῆς
2478 1986 2732 2039 Νικαέων
2769 1984 2977 2053 φωνὰς,
3022 1982 3182 2035 τοῦτό
3231 1998 3295 2050 γε
3334 1982 3550 2045 πάντως
3606 1982 3793 2050 ἕψεται

2216 2079 2399 2145 λέγειν
2426 2079 2513 2131 διὰ
2534 2079 2634 2149 τὴν
2674 2078 2846 2146 αὐτὴν
2880 2075 3061 2128 αἰτίαν
3078 2075 3172 2128 καί
3206 2074 3348 2128 κατά
3384 2073 3677 2143 Κυρίλλου,
3704 2073 3797 2125 καὶ

2216 2173 2328 2225 τῶν
2365 2170 2560 2224 ἑκατὸν
2620 2171 2981 2239 πεντήκοντα.
3032 2167 3097 2220 Εἰ
3158 2167 3213 2219 δέ
3278 2167 3403 2220 κατ’
3455 2166 3640 2218 αὐτῶν
3697 2166 3796 2215 οὐκ

2217 2266 2354 2325 ἐστι.
2384 2265 2502 2326 πῶς
2529 2263 2651 2317 κατ’
2717 2263 2954 2331 έκείνης,
2999 2262 3234 2315 συνιδεῖν
3290 2261 3396 2313 οὐκ
3448 2261 3582 2329 ἔχω.
3628 2262 3798 2329 Παρι-

2218 2358 2352 2426 στᾷν
2380 2357 2436 2409 δὲ
2466 2356 2850 2427 προτρέπομαι
2882 2355 2980 2423 τὴν
3007 2354 3161 2423 ὑμῶν
3193 2354 3285 2407 ἐπὶ
3309 2356 3421 2416 τοῖς
3454 2354 3790 2408 ἀναποδείκο

2216 2467 2332 2512 τοις
2361 2448 2573 2501 λύσσαν
2600 2450 2697 2501 καὶ
2729 2448 3009 2507 ἔνστασιν,
3042 2446 3158 2515 εἴγε
3196 2446 3303 2499 κᾶν
3342 2445 3448 2516 ἄρα
3479 2445 3657 2509 οὕτως
3682 2447 3801 2499 ἰκα-

2216 2541 2321 2603 νῶς
2378 2542 2764 2611 αἰσχυνθέντες
2826 2539 3131 2609 συσταλῆτε
3193 2538 3295 2607 τῆς
3382 2539 3625 2607 ἀπορίας
3702 2538 3800 2604 τῆς

2216 2630 2485 2700 τοσαύτης
2528 2631 2668 2685 κατὰ
2728 2634 2825 2699 τῆς
2884 2630 3143 2700 ἀληθείας
3195 2629 3423 2700 ψευδοῦς
3461 2632 3796 2692 συστάσεως.

2229 2723 2384 2778 Ἐπεὶ
2432 2723 2527 2777 καὶ
2568 2722 2874 2794 Γρηγόριος
2924 2725 2952 2777 δ
2999 2724 3103 2793 τῆς
3156 2722 3436 2790 θεολογίας
3496 2726 3800 2794 συνήγορος

2218 2817 2374 2869 οὐδέν
2409 2833 2461 2868 τι
2523 2815 2730 2883 μᾶλλον
2776 2816 3107 2885 ἐκφεύξεται
3158 2817 3259 2886 τῆς
3301 2817 3462 2886 ὑμῶν
3510 2819 3653 2870 κατὰ
3698 2814 3798 2884 τῆς

2215 2907 2606 2978 Χαλκηδονίων
2637 2908 2830 2975 ἐνοχῆς
2856 2923 2871 2937 '
2902 2908 3157 2962 πλεῖστον
3199 2908 3255 2962 δὲ
3281 2909 3405 2962 ὅσον
3436 2910 3795 2961 ὑποπεσεῖται

2214 3002 2389 3069 ταύτῃ
2422 2998 2570 3069 παρὰ
2604 2998 2695 3051 τὸν
2725 2999 2994 3068 ἡμέτερον
3048 3001 3233 3067 νόμον,
3291 3000 3680 3069 πρυδιαρθρῶν
3726 3000 3790 3051 τὸ

527 3089 758 3141 sentiret
783 3086 1034 3154 aliosque
1102 3084 1428 3138 instrueret.
1462 3082 1567 3137 Sed
1632 3082 1895 3136 videmini
1955 3084 2109 3146 mihi,

2218 3094 2480 3154 ὲλλειπῶς
2515 3090 2809 3162 εἰρημένον
2849 3091 2943 3158 τῆς
2974 3093 3033 3143 ὲν
3085 3090 3290 3161 Νικαίᾳ
3324 3092 3453 3160 περί
3506 3090 3603 3144 τοῦ
3636 3091 3793 3160 ἁγίου

526 3195 652 3233 eum
687 3180 837 3231 visus
900 3177 973 3230 ob
1005 3176 1089 3230 sui
1120 3174 1559 3229 imbecillitatem
1591 3185 1773 3243 neque
1834 3173 2103 3230 adversus

528 3272 662 3324 solis
695 3266 1042 3338 splendorem
1077 3265 1304 3331 intueri,
1334 3279 1513 3334 neque
1544 3263 1702 3317 illum
1737 3264 1987 3334 decipere
2021 3281 2112 3318 va-

531 3367 657 3424 leat,
692 3362 1046 3430 Splendorem
1102 3357 1271 3411 veluti
1303 3355 1663 3419 imbecillum,
1697 3370 1803 3410 non
1835 3356 2110 3425 [πονε-ἰείη

530 3457 681 3509 ιίειιε
734 3452 1069 3506 debilitatem
1120 3452 1372 3503 incusare
1424 3465 1439 3502 :
1480 3456 1537 3502 et
1571 3463 1693 3502 eum
1747 3448 1899 3502 \obis
1935 3450 2111 3516 gravi-

530 3560 639 3602 tate
662 3543 995 3600 vaietudinis
1042 3559 1151 3596 non
1188 3544 1324 3596 bene
1355 3550 1427 3593 stt
1456 3550 1680 3609 propter
1700 3540 2108 3605 confusionem,

527 3658 646 3693 eam
680 3640 847 3692 veluti
885 3638 1109 3704 impiam
1141 3645 1309 3703 atque
1336 3636 1753 3696 inconcinnam,
1791 3633 1836 3686 si
1872 3647 1995 3687 cum
2018 3648 2107 3684 ve-

529 3739 694 3783 t'ttate
722 3731 956 3781 duarutn
988 3736 1331 3787 naturarum,
1362 3740 1482 3792 quin
1527 3726 1580 3776 itt
1612 3724 1835 3777 Christo
1892 3739 2112 3776 cutISer-

529 3830 754 3881 rantur,
804 3822 1024 3870 abunde
1063 3816 1397 3879 refellentes,
1436 3831 1592 3883 asque
1632 3833 1693 3868 ac
1744 3817 1787 3868 si
1845 3830 1953 3867 non
2001 3817 2111 3868 sint

527 3912 843 3964 communia
904 3909 1223 3971 luminaria,
1256 3916 1309 3960 et
1358 3910 1602 3960 veritatis
1630 3908 1963 3975 interpretes
2003 3908 2112 3961 cri-

531 4002 842 4055 tuinatnini.
877 3999 1036 4065 Quod
1076 3998 1211 4052 side
1259 4000 1491 4052 veritate
1540 4000 1655 4066 ipsa
1709 4012 1837 4052 Itrera
1875 4000 2110 4053 dicenda

529 4103 680 4155 sunt,
707 4108 899 4147 omnes
940 4103 1059 4161 post
1088 4092 1365 4145 Nicaenam
1397 4093 1665 4160 synodum
1701 4107 1730 4144 a
1786 4091 1898 4146 Deo
1950 4095 2109 4146 electi

534 4192 748 4252 l’atres,
785 4196 837 4241 et
876 4187 1061 4239 omnis
1106 4184 1541 4237 ortltodoxorum
1575 4193 1628 4236 et
1656 4193 1972 4237 sanctorum
2014 4185 2113 4238 bo-

531 4283 741 4336 tnittuttt
782 4290 978 4342 ewtus,
1022 4292 1127 4332 non
1178 4276 1340 4329 aliam
1394 4275 1523 4329 ﬁdei
1567 4275 1941 4329 deﬁnitionem
1988 4291 2114 4345 pro-

530 4376 775 4446 priurum
816 4373 1106 4425 verborum
1130 4367 1782 4431 additioneinduxerunt,
1814 4377 1989 4422 utros
2021 4369 2106 4422 tti-

2218 3184 2537 3252 ΙΙνεύματος
2568 3200 2582 3213 ο
2612 3183 2701 3236 διὰ
2740 3182 2799 3234 τὸ
2833 3183 2967 3250 μηδὲ
2994 3182 3290 3247 κινεῖσθαι,
3331 3185 3487 3250 φησι,
3554 3185 3621 3235 τὸ
3648 3200 3796 3253 την-

2214 3275 2393 3328 καῦτα
2418 3274 2580 3329 τοῦτο
2610 3274 2671 3327 τὸ
2699 3273 2945 3343 ζήτημα,
3001 3274 3140 3343 μετὰ
3188 3274 3402 3345 Πατρὺς
3434 3278 3528 3328 καὶ
3557 3274 3692 3329 Υίοῦ
3734 3274 3795 3326 τὸ

2215 3369 2370 3434 ἅγιον
2437 3365 2664 3436 Πνεῦμα
2720 3364 3030 3434 γινώσκων,
3084 3366 3181 3420 καὶ
3239 3366 3520 3437 Κληδονίῳ
3563 3369 3793 3437 γράφων

2216 3460 2359 3513 οὓτω
2419 3463 2561 3511 νοεῖν
2616 3459 2710 3511 καὶ
2767 3458 3061 3514 διδάσκειν.
3112 3458 3254 3511 Ἀλλ’
3300 3458 3513 3512 έοίκατέ
3570 3476 3664 3530 μοι
3698 3457 3794 3525 τῆς

2217 3554 2427 3623 σαθρᾶς
2459 3552 2641 3615 ὅψεως
2664 3552 2763 3621 οὐχ
2796 3552 3095 3623 ίκανούσης
3154 3553 3294 3621 πρὸς
3327 3553 3557 3623 ἡλιακῆς
3602 3551 3792 3619 αἴγλης

2216 3646 2508 3697 ἀνάνευσιν
2539 3644 2634 3696 καὶ
2685 3642 3015 3711 μετάληψιν,
3046 3643 3146 3712 τὴν
3203 3644 3375 3713 αὐτὴν
3413 3643 3487 3706 ὡς
3543 3642 3793 3712 ἀμυδρὰν

2214 3739 2567 3806 αἰτιωμένης,
2594 3737 2654 3786 οὐ
2686 3736 2783 3804 τὴν
2813 3736 3022 3787 οἰκείαν
3076 3735 3388 3805 ἁδράνειαν,
3439 3734 3791 3805 ὲκμιμεῖσθαι

2213 3830 2275 3881 τὸ
2308 3830 2509 3891 πάθος.
2533 3828 2699 3879 Axi-toi
2731 3843 2789 3877 τε
2821 3827 2916 3878 καὶ
2948 3826 3367 3896 νοσηλευόμενω
3394 3826 3483 3879 διὰ
3525 3829 3629 3895 τὴν
3660 3826 3792 3889 σύγ·

2213 3936 2396 3989 χυσιν,
2428 3919 2522 3971 καλ⁸
2549 3919 2675 3977 τοὺς
2708 3915 2916 3982 ταύτην
2945 3915 3021 3977 ὡς
3065 3914 3238 3985 ἀσεδῆ
3292 3915 3389 3967 καὶ
3447 3914 3792 3983 ἀνάρμοστον

2216 4012 2355 4080 πρὸς
2386 4008 2485 4076 τὴν
2516 4011 2573 4061 ὲν
2607 4007 2831 4079 Χριστῷ
2855 4009 2963 4060 τῶν
3008 4004 3340 4076 σωζομένων
3367 4005 3636 4076 ἀλήθειαν
3689 4001 3788 4070 φύ-

2217 4119 2359 4154 σεων
2386 4100 2589 4161 ἱκανῶς
2645 4099 3059 4168 ἐξελέγχοντας,
3120 4098 3196 4160 ὼς
3227 4097 3288 4150 ού
3336 4096 3641 4167 φωστῆρας
3678 4108 3790 4147 κοι-

2214 4196 2356 4258 νοὺς,
2395 4192 2519 4246 οὐδὲ
2544 4192 2641 4262 τῆς
2689 4192 2951 4261 ἀληθείας
3006 4192 3353 4260 έκφάντορας
3408 4188 3792 4244 ὲκδιαόάλλον·

2214 4303 2325 4348 τες.
2363 4284 2425 4337 Εἰ
2455 4284 2563 4352 γὰρ
2595 4281 2714 4334 ἔστι
2741 4280 2955 4348 τάληθῆ
2986 4281 3114 4348 περὶ
3148 4277 3409 4347 ἀληθείας
3430 4281 3631 4339 εἰπεῖν,
3661 4273 3792 4324 πάν-

2214 4396 2303 4440 τες
2337 4376 2391 4430 οῖ
2410 4392 2467 4427 τε
2503 4374 2642 4443 μετὰ
2675 4372 2776 4441 τὴν
2805 4370 3058 4423 Νικαέων
3095 4368 3370 4439 θεόκριτοι
3407 4367 3671 4436 Πατέρες,
3698 4361 3790 4413 καί

529 4443 694 4523 inium
718 4481 1002 4536 perperam
1045 4464 1406 4532 obloquentes
1457 4473 1510 4516 et
1552 4461 1716 4531 plane
1772 4462 2109 4517 insanientes

2218 4473 2367 4523 πᾶσα
2409 4466 2626 4527 σύνοδος
2655 4462 2961 4534 ὀρθοδόξων
2985 4463 3078 4514 καὶ
3111 4459 3289 4528 ἁγίων
3332 4459 3545 4529 ἀνδρῶν
3577 4457 3675 4509 οὐκ
3700 4450 3791 4503 ἆλ-

529 4560 847 4616 decernitis.
882 4558 986 4613 Sed
1024 4573 1141 4611 eam
1164 4570 1334 4625 Ipsam
1358 4555 1522 4608 veluti
1542 4555 1773 4624 primam
1804 4564 1859 4609 et
1892 4557 2107 4608 unicam

530 4671 559 4705 a
592 4650 797 4705 sanctis
828 4648 1092 4703 trecentis
1126 4648 1313 4700 decem
1339 4659 1391 4699 et
1425 4655 1551 4700 octo
1600 4644 1859 4699 Patribus
1922 4647 2110 4699 sanci-

531 4753 640 4796 t.tm
679 4743 913 4795 ﬁrtttiter
964 4742 1392 4799 eontirutarunt,
1432 4736 1797 4790 tliiucidantes
1856 4749 2000 4799 eam,
2052 4745 2113 4790 et

530 4838 885 4889 enarratione
914 4848 1014 4887 sua
1043 4831 1301 4899 apertius
1333 4830 1709 4892 euucleantes,
1757 4837 1981 4897 propter
2016 4844 2111 4883 eos

531 4944 621 4995 qut
656 4929 800 4979 illam
826 4940 880 4980 et
905 4926 1050 4978 illius
1074 4924 1329 4993 dogmata
1351 4923 1415 4973 ad
1464 4922 1744 4989 propriam
1773 4922 2108 4989 impietatem

530 5018 1034 5073 entistabiliendam
1076 5016 1485 5085 detOrquebant
1512 5026 1566 5068 et
1606 5028 1896 5083 perperam
1944 5029 2110 5080 υλιιο-

538 5114 765 5162 ηυικιιιι.
810 5107 919 5160 Nec
938 5108 1111 5160 multo
1145 5121 1286 5175 post,
1333 5122 1453 5175 qua:
1500 5107 1701 5161 ibidem
1743 5106 2112 5160 dedivinitate

532 5203 910 5263 habebantur,
956 5202 1167 5253 violare
1219 5209 1508 5263 certantes,
1560 5198 1895 5253 Eunomitttn
1944 5211 2110 5267 atque

528 5291 911 5350 Macedunitttn
953 5303 1173 5346 orntum
1206 5292 1611 5361 quinquaginta
1640 5291 1835 5346 Patres
1869 5292 2109 5362 propriis

526 5391 760 5443 voc-bus
789 5394 840 5439 et
862 5386 1101 5438 decretis
1146 5398 1253 5437 non
1285 5384 1693 5453 permiserunt;
1724 5395 1776 5438 et
1809 5384 1916 5437 alio
1945 5387 2109 5439 modo

526 5482 851 5536 meonetnite
888 5493 1150 5533 arcanum
1176 5478 1418 5530 dividere
1438 5474 1745 5529 Nestorium
1778 5478 2108 5531 contenden-

528 5582 633 5626 tem
660 5573 851 5627 beatus
876 5586 983 5627 non
1021 5569 1269 5642 permisit
1321 5567 1580 5638 Cytiilus.
1633 5572 2103 5636 Qttt‘tllatiltlitdtlttl

602 5752 618 5782 ⁸
660 5748 819 5807 loatt.
881 5767 977 5810 \‘tl.
1020 5750 1114 5805 24.

2214 4561 2306 4613 λον
2335 4560 2574 4620 πίστεως
2607 4558 2733 4625 ὅρον
2760 4555 2854 4608 διὰ
2886 4553 2985 4622 τῆς
3012 4553 3401 4621 έπεισαγωγῆς
3434 4553 3542 4604 τῶν
3575 4547 3787 4602 οἰκείων

2216 4650 2478 4722 ῥημάτων
2509 4646 2793 4709 παντελῶς
2828 4646 3226 4717 έπεισήγαγον,
3260 4646 3337 4709 ὠς
3372 4647 3531 4714 ὑμεῖς
3551 4637 3786 4706 ἀποναί-

2215 4744 2393 4809 νεσθε,
2430 4742 2683 4794 πλεῖστον
2714 4736 3165 4809 παραληροῦντες
3204 4739 3301 4790 καὶ
3337 4737 3397 4789 τὸ
3419 4737 3541 4789 ὅλον
3594 4732 3778 4804 μαινό-

2219 4851 2392 4906 μενοι,
2425 4830 2541 4885 ἀλλ’
2576 4830 2742 4884 αὑτὸν
2800 4829 2876 4892 ὼς
2929 4828 3148 4891 πρῶτον
3207 4830 3303 4881 καὶ
3364 4826 3526 4896 μόνον
3569 4824 3674 4877 τῶν
3725 4819 3788 4868 ἐκ

2214 4928 2321 4980 τῶν
2352 4926 2523 4994 ἁγίων
2545 4924 2879 4991 τριακοσίων
2933 4920 3067 4973 δέκα
3102 4920 3198 4973 καί
3229 4918 3375 4972 ὀκτὼ
3422 4919 3675 4988 Πατέρων
3699 4928 3786 4961 νο-

2216 5014 2591 5087 μοθετηθέντα
2632 5012 2866 5083 βεϐαίως
2891 5010 3201 5081 ἐκύρωσαν,
3235 5009 3563 5080 τρανοῦντες
3602 5003 3785 5061 αὑτὸν,

2214 5112 2310 5162 καὶ
2357 5102 2468 5161 οἷον
2516 5105 2955 5175 ὲπεξηγούμενοι
3015 5105 3111 5157 καὶ
3158 5101 3660 5173 ἑπεξεργαζὸμενοι
3700 5092 3784 5144 διὰ

2213 5204 2337 5260 τοὺς
2371 5201 2576 5252 ἐκεῖνον
2606 5199 2699 5249 καὶ
2727 5198 2794 5249 τὰ
2855 5196 3065 5248 ἐκείνου
3092 5195 3341 5265 δόγματα
3374 5195 3510 5262 πρὸς
3559 5191 3658 5259 τὴν
3709 5184 3785 5235 οἰ-

2214 5293 2369 5346 κείαν
2404 5288 2587 5350 κακῶς
2617 5286 3066 5355 ἐκλαμϐάνοντας
3116 5288 3215 5341 καὶ
3270 5279 3783 5356 παρεξηγουμένονς

2214 5385 2561 5439 δυσσέϐειαν.
2621 5382 2830 5435 Αὐτίκα
2890 5384 3025 5451 γοῦν
3082 5382 3176 5435 τὸν
3252 5383 3352 5452 τῆς
3407 5378 3683 5447 θεολογίας
3727 5371 3785 5421 ὲν

2214 5482 2364 5552 αὑτῷ
2412 5481 2665 5550 κείμενον
2737 5479 2897 5546 λόγον
2955 5477 3314 5547 παραδλάψαι
3361 5467 3784 5545 βεϐουλημένους

2219 5573 2484 5642 Εὑνόμιόν
2510 5588 2565 5624 τε
2602 5571 2697 5624 καὶ
2740 5570 3074 5623 Μακεδόνων
3121 5570 3168 5623 οἰ
3202 5554 3399 5622 ἑκατὸν
3447 5567 3779 5634 πεντήκοντα
