4176 6278
471 403 577 468 237

1586 395 1683 453 AD
1729 393 2087 454 lMPERAT.
2133 393 2620 455 TRAPEZUN'P.

3629 404 3734 466 23%

473 519 720 587 Πατὲρες
743 515 803 568 οὗ
838 512 1229 583 συνεχώρησαν
1272 510 1363 564 διὰ
1410 508 1522 562 τῶν
1582 508 1800 561 οἰκείων
1854 508 2037 576 φωνῶι

2154 523 2207 562 et
2233 509 2588 579 Eutyclietem
2608 510 2948 565 confundere
2979 518 3280 566 tentantem
3301 516 3595 569 venerandi
3637 518 3735 571 l'a-

470 613 570 668 ttat
629 609 938 678 δογμάτων.
1000 603 1156 657 Οὕτω
1211 602 1270 656 δὲ
1318 601 1414 656 καὶ
1447 599 1539 653 τὸν
1596 600 1697 669 τῆς
1741 601 2037 667 οἰκονομίας

2159 614 2270 660 tres
2286 604 2762 661 Clialcedonenses
2787 606 3210 675 impediverunt.
3234 608 3416 673 Quare
3438 608 3605 678 igitur
3627 627 3730 665 una

470 702 774 770 Νεστόριον
837 699 1076 768 διαιρεῖν
1113 694 1509 765 μηχανώμενον
1560 694 1589 745 ό
1633 694 1906 762 μακάριος
1948 694 2049 745 οὐκ

469 795 623 849 εἴασε
659 790 970 861 Κύριλλος·
1008 788 1197 858 ὥσπερ
1245 783 1340 840 οὖν
1387 786 1483 840 καὶ
1533 784 1779 853 Εὑτυχέα
1828 786 2049 853 συγχεῖν

472 887 813 954 ἐθελήσαντα
887 881 1225 935 διεκώλυσαν
1288 880 1337 931 οἱ
1412 880 1467 930 ἰν
1518 876 1827 945 Χαλκηδόνι
1874 878 2049 944 τίμιοι

472 976 741 1046 Πατὲρες.
779 974 907 1036 Πῶς
932 969 1029 1025 οὖν
1086 971 1228 1041 ὑπὲρ
1288 968 1385 1022 τοῦ
1418 967 1629 1037 ἀγαθοῦ
1665 969 1763 1021 σὺν
1809 968 2048 1031 ἐκείναις

468 1069 615 1138 φημὶ
667 1070 789 1129 ταῖς
843 1065 1088 1126 συνόδοις
1150 1064 1243 1116 καὶ
1277 1062 1485 1130 ταύτην
1537 1062 1641 1115 οὐκ
1689 1061 2043 1131 ἀποδέχεσθε,

467 1159 557 1211 διὰ
586 1158 648 1210 τὺ
669 1157 801 1210 αὐτὸ
830 1157 926 1209 καὶ
963 1156 1077 1208 ἴσον
1105 1153 1271 1207 καλόν
1289 1156 1317 1219 ;’
1343 1153 1412 1206 Ἦ
1461 1150 1669 1223 ταύτην
1706 1150 1781 1214 ώς
1814 1152 2043 1218 μισόκα-

466 1249 554 1302 λοι
593 1244 1056 1316 διαλοιδοροῢντες
1116 1244 1614 1312 συνδιαλοιδορεῖτε
1674 1244 1960 1309 κάκείνας,
2014 1244 2043 1296 δ

466 1339 532 1405 δὴ
564 1338 801 1407 μάλιστα
853 1336 1137 1398 ποιοῦντες
1179 1337 1293 1398 τοῖς
1343 1336 1689 1404 πράγμασιν,
1723 1333 2043 1387 εὐλαϐεῖσθε

469 1433 589 1491 τοῖς
649 1432 912 1499 ῥήμασιν,
976 1428 1047 1480 [ν’
1105 1426 1393 1489 εὐσεὸείας
1462 1425 1782 1494 πλάσμασιν
1830 1425 2046 1487 ὲκείνας

464 1519 636 1587 δῆθεν
665 1522 810 1573 κατὰ
866 1518 1070 1589 ταύτης
1127 1518 1519 1587 σεμνύναντες,
1579 1517 1667 1571 διὰ
1712 1517 1916 1587 ταύτης
1947 1520 2046 1571 κά-

466 1613 658 1672 κείνας
701 1610 1040 1681 λυμήνησθε,
1093 1612 1156 1663 τὸ
1204 1610 1317 1663 ἴσον
1366 1610 1557 1673 αὐταῖς
1607 1609 1695 1662 διὰ
1760 1609 1860 1679 τὴν
1918 1611 2044 1679 ἴσην

2155 712 2278 751 cum
2309 697 2420 752 illis
2473 698 2699 768 synodis
2734 699 2879 753 banc
2934 714 3156 771 quoque
3216 708 3439 770 propter
3480 701 3622 756 idem
3678 713 3734 753 et

2152 804 2251 859 par
2288 789 2489 844 bonum
2523 806 2630 846 non
2660 791 3057 861 amplectimini
3085 793 3239 846 ?Aut
3265 793 3406 847 lianc
3443 795 3610 847 veluti
3644 810 3730 847 re-

2153 895 2275 935 rum
2324 883 2685 937 honestarum
2746 898 2936 938 osores
3003 884 3307 953 opprobrio
3369 885 3729 953 excipientes.

2149 974 2445 1042 opprobrio
2479 975 2609 1028 item
2633 985 2689 1029 et
2716 975 2837 1030 illas
2870 977 3145 1045 excipitis,
3175 976 3322 1046 quod
3380 977 3727 1046 potissimum
3776 990 3785 999 ·

2151 1080 2274 1119 cum
2304 1080 2468 1136 opere
2522 1067 2819 1136 praestetis,
2856 1068 3035 1123 verbis
3083 1067 3135 1123 id
3184 1069 3465 1124 adversari
3500 1069 3729 1139 ﬁngitis,

2150 1163 2212 1209 ut
2262 1155 2482 1225 pietatis
2531 1156 2847 1210 ﬁctionibus
2908 1156 3028 1212 illas
3080 1156 3346 1211 adversus
3394 1157 3535 1212 banc
3575 1171 3728 1210 com-

2151 1244 2472 1299 mendantes
2508 1254 2669 1313 atque
2698 1244 3045 1308 extollentes,
3077 1260 3170 1311 per
3201 1245 3343 1299 hanc
3364 1255 3417 1301 et
3447 1246 3556 1301 illis
3580 1246 3728 1300 labe-

2152 1333 2390 1396 iactatis,
2424 1335 2633 1402 aequale
2657 1334 2765 1387 illis
2799 1343 3018 1403 propter
3037 1334 3243 1404 aquale
3276 1334 3486 1389 facinus
3515 1336 3724 1389 crimen

2151 1426 2627 1495 appingatis.Quis
2658 1427 2840 1495 itaque
2874 1434 3080 1479 tantam
3105 1426 3269 1479 vestri
3298 1426 3564 1481 adversus
3606 1427 3724 1496 pie-

2151 1527 2317 1572 tatem
2351 1518 2579 1588 piosque
2618 1517 2764 1572 viros
2794 1518 3160 1586 arrogantiam
3220 1518 3555 1574 su3tinebit?
3594 1538 3611 1570 ι
3670 1529 3725 1575 et

2152 1624 2273 1678 qua:
2306 1619 2632 1678 sequuntur.

464 1705 670 1775 πρᾶξιν
701 1705 1054 1773 ἐπιφέροντες
1081 1703 1475 1770 ἔγκλημα.Τίς
1515 1701 1608 1755 οὖν
1647 1701 1806 1771 ἡμῶν
1829 1701 1927 1771 τὴν
1960 1700 2229 1772 τοσαύτην
2300 1701 2514 1754 dimicet
2575 1701 2718 1756 κατά
2773 1701 2872 1773 τῆς
2917 1701 3204 1765 εὐσεϐείας
3251 1702 3345 1757 καὶ
3415 1703 3524 1756 τῶν
3575 1705 3726 1760 εύσε·

465 1798 711 1850 ὄούντων
742 1795 1069 1862 αύθάδειαν;
1106 1814 1125 1847 ι
1165 1797 1259 1849 καὶ
1283 1795 1352 1848 τὰ
1377 1795 1523 1864 ἑξῆς.

542 1889 629 1952 ιζ’.
657 1889 780 1942 Ὀτι
807 1889 864 1942 δὲ
890 1891 923 1957 ἡ
971 1888 1102 1955 ἀγία
1152 1890 1248 1942 καὶ
1285 1886 1643 1958 οἱκουμενικη
1690 1888 1853 1956 τρίτη
1893 1888 2023 1941 σύν·

2214 1887 2299 1941 17.
2329 1885 2584 1940 Sanctam
2638 1894 2899 1955 prmterea
2936 1895 2990 1942 et
3036 1887 3438 1943 mcumenicam
3497 1887 3714 1942 tertiam

465 1980 591 2040 οδος
633 1980 722 2032 διά
750 1978 845 2032 τοῦ
880 1978 1027 2031 θείου
1062 1978 1329 2047 Κυρίλλου
1376 1979 1476 2047 τὴν
1511 1978 1758 2031 ἐναντίαν
1785 1978 2024 2047 ἀποτρέ-

466 2086 590 2134 πει,
619 2068 732 2122 ἀλλ’
762 2069 826 2121 οὐ
870 2069 969 2138 τὴν
997 2067 1301 2137 ὀρθόδοξον,
1340 2066 1477 2121 ἀλλὰ
1535 2069 1634 2120 καὶ
1671 2068 1871 2137 μᾶλλον
1901 2084 2036 2138 προσ

464 2161 662 2232 τρέπει
707 2160 936 2230 ταύτην,
980 2161 1077 2213 καὶ
1134 2161 1333 2228 ἑτέραν
1388 2150 1747 2230 κύρίως,τὴν
1787 2160 2037 2213 ἐναντίαν

465 2254 740 2308 ἀποκαλεῖ
760 2267 776 2282 ⁸
808 2255 875 2321 τῇ
924 2252 981 2306 δὲ
1022 2250 1216 2322 ἀληθεῖ
1247 2253 1339 2305 καὶ
1372 2252 1685 2321 προσίεται,
1722 2250 1818 2303 καὶ
1847 2250 2035 2320 βδελυ-

470 2347 600 2417 ροὺς
647 2345 918 2398 ἀποκαλεῖ
960 2345 1088 2407 τοὺς
1138 2344 1571 2413 ἀποσειομένους
1599 2341 1831 2413 ταύτην,
1863 2344 2035 2412 αὐτῆς

466 2439 567 2507 τῆς
601 2436 765 2504 ἁγίας
814 2435 1035 2489 συνόδου
1071 2436 1210 2505 πρὸς
1252 2435 1510 2488 ’Δκάκιον
1561 2432 1828 2504 λεγούσης
1872 2434 2038 2487 ἀκού-

469 2547 678 2598 σωμεν.
709 2528 854 2601 Φησὶ
879 2530 990 2599 γὰρ
1045 2530 1105 2582 ὲν
1156 2528 1353 2598 ταύτῃ
1395 2544 1415 2578 ς
1453 2527 1526 2579 υύ
1556 2526 1793 2589 πίστεως
1821 2526 2037 2580 ἔκθεσιν

463 2623 727 2693 ἑξῄτηντο
759 2621 894 2691 παρ’
927 2624 957 2689 ἡ
969 2620 1088 2690 μῶν
1116 2637 1283 2683 τινες,
1318 2622 1349 2685 ἢ
1383 2618 1515 2687 γοῦν
1550 2618 2037 2689 καινοτομηθεῖσαν

464 2714 600 2782 παρ’
631 2715 835 2783 ἑτέρων
882 2711 1313 2780 κατεδεξάμεθα.
1358 2710 1599 2780 ’Δπόχρη
1658 2710 1767 2781 γάρ
1818 2712 1951 2781 ἡμῖν
1998 2713 2031 2779 η

466 2808 828 2869 θεόπνευστος
882 2806 1115 2876 Γραφὴ,
1172 2807 1268 2859 καὶ
1309 2805 1416 2858 τῶν
1472 2805 1647 2873 ἁγίων
1696 2806 1960 2876 Πατὲρων
2000 2808 2034 2875 ἠ

467 2899 654 2968 νῆψις,
692 2900 789 2951 καὶ
816 2898 876 2951 τὸ
911 2897 1019 2967 πρὸ
1071 2898 1180 2950 πᾶν
1215 2896 1395 2950 ὁτιοῦν
1423 2898 1654 2965 ἐχόντων
1683 2897 1859 2967 ὀρθῶς
1882 2900 2035 2950 ἐκτεο

464 2989 827 3058 τορνευμένον
880 2989 979 3055 τῆς
1012 2988 1248 3050 πίστεως
1281 2987 1580 3055 Σύμὸολον.
1616 2986 1770 3040 Ἐπεὶ
1804 2988 1862 3041 δὲ
1889 2982 2029 3059 ἦσαν

463 3083 518 3135 οἱ
550 3083 817 3151 καταντην
854 3079 1123 3149 ἀνατολὴν
1154 3078 1442 3133 όσιώτατοι
1472 3079 1767 3133 ἐπίσκοποι
1788 3079 2035 3150 διχονοή-

467 3189 667 3233 σαντες
704 3171 841 3241 πρὸς
883 3171 1030 3239 ἡμᾶς
1081 3168 1225 3223 κατά
1275 3170 1373 3240 τὴν
1414 3170 1700 3239 Ἐφεσίων,
1746 3172 1842 3224 καὶ
1876 3171 2038 3238 γεγόο

465 3262 595 3317 νασί
627 3282 743 3326 πως
776 3265 833 3316 ὲν
860 3262 1068 3332 ὑποψίᾳ
1095 3261 1191 3315 τοῦ
1244 3262 1339 3315 καὶ
1386 3261 1655 3315 ὲναλῶναι
1681 3260 1896 3329 βρόχοις
1925 3261 2034 3313 τῶν
2059 3235 2107 3298 c

467 3354 565 3408 τοῦ
598 3355 891 3424 Νεστορίου
922 3354 1274 3423 δυσφημιῶν,
1304 3351 1478 3425 ταύτῃ
1505 3369 1595 3405 τοι
1624 3352 1722 3406 καὶ
1760 3353 1908 3422 μάλα
1938 3354 2037 3420 ὲμ-

467 3446 687 3515 φρὸνως
743 3445 1183 3507 ἀπαλλάττοντες
1235 3444 1465 3506 ἑαυτοὺς
1517 3444 1612 3513 τῆς
1674 3444 1768 3496 ἐπὶ
1826 3443 2037 3506 τούτοις

466 3538 670 3599 αἰτίας,
719 3538 813 3590 καὶ
862 3539 988 3600 τοὺς
1032 3536 1132 3603 τῆς
1188 3536 1493 3606 ἀμωμήτου
1531 3534 1764 3596 πίστεως
1797 3536 2034 3603 ἐραστὰς

466 3628 838 3695 πληροφορεῖν
869 3627 1371 3691 σπουδάζοντες,ὄτι
1394 3626 1491 3694 τῆς
1511 3625 1720 3677 ἐκείνου
1751 3625 2035 3693 βῗελυρίας

466 3720 718 3786 ἀμοιρεῖν
765 3718 1065 3787 ἐγνώκασι,
1147 3718 1473 3786 πεποίηνται
1526 3716 1625 3787 τὴν
1697 3716 2016 3782 ἀπολογίαν.

471 3809 586 3861 Καὶ
630 3807 687 3858 τὸ
728 3807 921 3876 χρῆμά
967 3807 1308 3875 ἐστι’ψόγου
1348 3822 1408 3858 τε
1465 3807 1664 3866 παντὸς
1713 3806 1805 3857 καὶ
1834 3804 2029 3873 μώμου

469 3898 711 3966 μακράν.
745 3898 890 3966 Ἀρα
922 3898 971 3949 εί
1007 3899 1104 3951 καὶ
1130 3896 1424 3965 Νεστόριος
1463 3894 1586 3948 κατ’
1607 3897 1783 3947 ἐκεῖνο
1812 3891 2032 3962 καιροῦ,

462 3984 591 4038 καθ’
620 3986 677 4037 ὃν
714 3986 846 4038 αὐτὸ
891 3988 1234 4056 προετείνετο
1287 3986 1439 4055 παρά
1501 3985 1719 4053 πάντων
1748 3984 1926 4055 ἡμῶν,
1973 3980 2034 4033 τὸ

463 4078 673 4148 χρῆναι
702 4078 1190 4147 καταψηφίσασθαι
1220 4078 1330 4132 τῶν
1360 4077 1558 4132 ἑαυτοῦ
1594 4078 1902 4148 δογμάτων,
1938 4075 2035 4128 καὶ

465 4170 789 4225 ἀνθελέσθαι
821 4170 920 4239 τὴν
963 4169 1244 4239 ἀλήθειαν,
1292 4168 1572 4239 ἔγγραφον
1604 4170 1902 4237 ἐποιήσατο
1932 4166 2029 4237 τὴν

462 4266 560 4319 ἐπὶ
594 4264 806 4326 τούτοις
852 4262 1165 4330 ὁμολογίανο
1214 4263 1305 4315 καὶ
1340 4262 1503 4314 αὑτὸν
1550 4261 1617 4313 ἂν
1673 4262 1757 4321 τίς
1799 4260 1901 4330 ἔφη
1938 4261 2032 4313 πί·-

466 4372 642 4418 στεως
690 4357 824 4425 ἡμῖν
882 4354 1284 4426 καινοτομῆται
1352 4354 1668 4423 Σύμϐολονς
1730 4354 1793 4407 Τί
1848 4354 2030 4407 τοίνυν

458 4447 922 4518 διαλοιδοροῦντες
959 4448 1140 4517 μάτην
1186 4447 1403 4500 ἔκθεσιν
1461 4444 1737 4514 Συμὸόλου
1791 4446 1890 4498 καὶ
1939 4444 2033 4497 νῦν

461 4541 826 4609 ὀνομάζοντες
860 4540 960 4611 τὴν
1000 4539 1224 4593 σύνεσιν
1254 4539 1364 4592 τῶν
1421 4538 1566 4591 κατά
1617 4538 1722 4608 τὴν
1774 4539 2032 4604 Φοινίκην

464 4632 898 4687 θεοσεδεστάτων
924 4631 1270 4694 ἐπισκόπων,
1302 4630 1368 4699 ἣν
1409 4630 1708 4697 πεποίηται
1740 4628 2029 4698 χρησίμως

458 4741 524 4777 τε
572 4720 668 4777 καὶ
699 4721 1037 4790 ἀναγκαίως,
1068 4718 1507 4789 ἀπολογούμεναί
1541 4736 1602 4772 τε
1646 4721 1742 4773 καὶ
1768 4717 2034 4786 θεραπεύ-

461 4831 618 4875 οντες
651 4815 773 4876 τοὺς
801 4811 1113 4883 οἰηθέντας,
1145 4812 1229 4863 ὅτι
1272 4811 1391 4872 ταῖς
1449 4806 1748 4873 Νεστορίου
1791 4823 2031 4859 κατακοο

458 4904 720 4959 λουθοῦσι
750 4901 1182 4971 καινοφωνίαις;
1227 4899 1295 4952 'll
1348 4900 1446 4969 μὲν
1495 4895 1588 4952 οὖν
1624 4899 1756 4961 ἁγία
1815 4897 2031 4959 σύνοδος

461 4999 560 5051 καὶ
589 4994 945 5064 οίκουμενικὴ
968 4996 1004 5066 ἡ
1034 4992 1179 5047 κατά
1200 5008 1264 5061 γε
1282 4991 1380 5060 τὴν
1410 4991 1518 5043 τῶν
1556 4988 1822 5057 Ἐφεσίων
1848 5005 2029 5040 συνει-

458 5088 704 5156 λεγμένη
744 5084 1149 5156 προεπενόησεν
1179 5080 1497 5148 ἀναγκαίως
1527 5080 1622 5132 τοῦ
1659 5080 1733 5149 μὴ
1766 5080 1876 5133 δεῖν
1909 5081 2030 5139 ταῖς

473 5178 827 5246 Ἐκκλησίαις
855 5174 951 5229 τοῦ
977 5173 1112 5229 Θεοῦ
1149 5174 1390 5235 πίστεως
1440 5171 1659 5224 ἔκθεσιν
1702 5170 1897 5241 ἑτέραν
1921 5172 2030 5222 είσ-

459 5268 745 5337 κρίνεσθαι
791 5267 944 5336 παρά
976 5281 1041 5333 γε
1073 5263 1172 5335 τὴν
1200 5260 1389 5327 οὖσαν,
1426 5262 1495 5333 ἢν
1538 5262 1591 5315 οἱ
1641 5261 2031 5331 τρισμακάριοι

460 5356 705 5427 Πατόρες
746 5357 804 5409 ὲν
854 5357 998 5425 ἀγίῳ
1052 5353 1335 5423 Πνεύματι
1394 5350 1682 5414 λαλοῦντες
1734 5350 2026 5420 ὡρίσαντο.

456 5449 533 5503 Οἵ
569 5465 635 5517 γε
667 5449 775 5518 μὴν
806 5448 954 5513 ἀπαξ
988 5448 1089 5500 οὐκ
1119 5446 1322 5508 εἰδότες
1363 5442 1458 5498 τοῦ
1492 5444 1568 5514 μὴ
1612 5443 1785 5514 ὀρθῶς
1813 5442 2030 5496 ἑλέσθαι

455 5544 682 5611 φρονεῖν
706 5579 720 5605 ,
775 5542 916 5611 μήτε
980 5541 1085 5611 μὴν
1117 5541 1229 5603 τοῖς
1273 5536 1655 5597 ἀποστολικοίς
1691 5552 1750 5587 τε
1788 5535 1883 5588 καὶ
1932 5534 2028 5588 εύ-

453 5635 769 5700 αγγελικοίς
789 5633 1017 5687 ἕπεσθαι
1041 5632 1326 5702 δόγμασιν,
1361 5625 1473 5699 ἄρα
1509 5627 1821 5688 σιωπῶντες
1849 5626 2028 5697 ἀπηλ-

462 5726 724 5793 λάγησαν
763 5728 826 5779 ἂν
848 5727 944 5792 τῆς
977 5726 1070 5779 ἐπὶ
1121 5724 1293 5788 τούτῳ
1327 5720 1718 5784 δ.δασκαλίας;
1758 5720 1790 5789 ἢ
1827 5718 2028 5786 μᾶλλον

458 5815 913 5886 ἀπολογούμενοι,
957 5818 1050 5868 καὶ
1102 5816 1199 5886 τῆς
1248 5813 1474 5883 ἐνούσης
1517 5812 1699 5875 αὐτοῖς
1736 5810 1894 5878 δόξης
1930 5810 2028 5878 τὴν

2062 4562 2110 4621 υ

2144 1980 2411 2051 syuodum
2442 1979 2553 2034 divi
2596 1978 2784 2049 Cyriili
2846 1980 3048 2045 verbis,
3125 1980 3453 2035 contrariam
3520 1979 3718 2033 Μήιον-

2146 2084 2285 2130 rere.
2321 2084 2429 2123 non
2463 2068 2847 2133 orthodoxam,
2908 2084 3073 2138 quam
3128 2069 3311 2138 potius
3344 2069 3603 2133 inculcat,
3661 2078 3717 2125 et

2142 2160 2303 2215 aliam
2332 2150 2549 2231 proprie
2576 2162 2910 2215 contrariam
2944 2170 3255 2228 nuncupat:
3293 2176 3477 2215 veram
3507 2162 3715 2229 ample-

2144 2252 2241 2318 cti,
2279 2262 2333 2308 et
2374 2266 2495 2307 eam
2557 2251 2933 2322 repudiantcs,
2992 2253 3361 2308 exsecrandos
3416 2252 3710 2321 appellare,

2142 2345 2211 2400 ab
2231 2346 2419 2400 eadem
2449 2345 2566 2412 ipsa
2597 2345 2806 2415 synodo
2866 2342 3104 2415 Epistula
3136 2345 3202 2399 ad
3242 2345 3524 2411 Acacium,
3592 2346 3708 2401 haec

2143 2438 2330 2490 eadem
2373 2436 2707 2501 insinuante,
2730 2435 3036 2491 audiamus.
3071 2436 3161 2490 Ait
3199 2450 3436 2506 namque
3496 2438 3551 2493 in
3603 2451 3708 2492 ea:

2150 2548 2168 2581 ι
2197 2529 2309 2583 Nos
2332 2543 2507 2597 neque
2527 2543 2720 2582 novam
2744 2527 2866 2582 ﬁdei
2892 2527 3285 2597 expositionem
3308 2530 3376 2582 ab
3405 2529 3512 2583 ullo
3531 2530 3715 2599 exegi-

2143 2633 2286 2686 mus,
2343 2634 2515 2687 ueque
2545 2618 2615 2673 ab
2639 2618 2760 2674 aliis
2786 2619 3101 2673 innovatam
3138 2618 3485 2676 admisimus.
3546 2620 3708 2675 Sulli-

2142 2712 2217 2765 cit
2238 2711 2380 2765 enim
2410 2712 2567 2766 nobis
2597 2726 2627 2765 a
2652 2711 2761 2766 Deo
2810 2710 3072 2779 inspirata
3119 2710 3422 2782 Scriptura,
3490 2725 3712 2769 sanctoo

2141 2815 2373 2869 rumque
2401 2798 2624 2855 Patrum
2670 2801 2986 2870 prudentia,
3016 2810 3070 2855 et
3098 2813 3223 2857 ante
3254 2803 3437 2857 omnia
3482 2803 3713 2875 Symbo-

2141 2890 2252 2945 lum
2291 2890 2414 2946 lidei
2449 2890 2518 2945 ad
2576 2892 2761 2946 omnia
2814 2901 2959 2946 recta
3012 2891 3264 2963 dogmata
3319 2902 3444 2964 apte
3499 2898 3711 2965 riteque

2139 2983 2545 3037 concinnatum.
2613 2983 2753 3049 Quia
2817 2999 2949 3039 vero
3009 2986 3342 3041 sanctissimi
3403 2986 3709 3045 Orientales

2138 3073 2401 3143 episcopi,
2424 3090 2547 3129 cum
2584 3074 2782 3144 Ephesi
2811 3085 3018 3139 essent,
3048 3092 3078 3131 a
3105 3078 3262 3132 nobis
3292 3078 3707 3147 dissentiebant,

2138 3180 2311 3234 caque
2337 3165 2404 3221 de
2429 3180 2616 3229 causa,
2665 3168 2826 3236 quasi
2859 3168 3320 3239 blasphemiarum
3345 3169 3580 3227 Nestorii
3623 3173 3706 3227 la-

2139 3257 2295 3326 queis
2326 3258 2566 3311 irretitus
2596 3259 2792 3323 teneri,
2826 3260 3067 3328 suspicio
3097 3270 3238 3329 erat,
3270 3271 3328 3315 ut
3357 3277 3422 3317 co
3454 3264 3708 3329 crimine,

2140 3349 2216 3400 uti
2241 3362 2337 3412 par
2362 3357 2500 3412 erat,
2527 3364 2688 3417 quam
2722 3349 3150 3418 prudentissime
3178 3368 3236 3407 se
3261 3352 3578 3416 liberarent,
3622 3355 3708 3408 in-

2137 3440 2483 3509 culpataaque
2534 3440 2658 3496 lidei
2691 3444 3033 3498 amatoribus
3063 3458 3157 3512 per
3183 3445 3367 3498 omnia
3416 3445 3708 3501 satisface-

2142 3539 2379 3596 rent,ac
2427 3529 2764 3587 Nestorianae
2815 3533 3113 3601 impietatis
3170 3550 3228 3589 se
3275 3544 3527 3605 expertes
3583 3552 3708 3593 esse

2138 3622 2509 3685 ostenderent,
2549 3623 2849 3692 apologiam
2914 3636 3364 3692 composuerunt,
3391 3636 3445 3680 et
3489 3627 3544 3683 id
3580 3631 3704 3698 qui-

2136 3715 2259 3769 dem
2309 3714 2599 3768 admodum
2643 3714 2955 3782 prudenter,
3010 3727 3221 3771 tantum
3268 3720 3446 3786 abest,
3490 3730 3548 3775 ιιι
3601 3724 3705 3777 lict:

2139 3808 2366 3859 istorum
2399 3805 2601 3859 factum
2640 3806 2824 3876 aliqua
2850 3810 3075 3864 omnino
3104 3820 3230 3866 nota
3264 3822 3358 3868 aut
3407 3817 3703 3883 reprehen-

2137 3900 2293 3955 sione
2323 3898 2544 3968 dignum
2574 3899 2844 3956 videatur.
2864 3900 3005 3967 Quid
3032 3902 3175 3957 enim
3203 3904 3250 3958 si
3283 3904 3400 3974 ipse
3421 3905 3703 3963 Nestorius

2137 4003 2203 4043 eo
2234 3998 2495 4058 tempore,
2530 4004 2638 4059 quo
2666 4004 2694 4042 a
2724 3991 2883 4045 nobis
2927 3992 3183 4049 omnibus
3236 3995 3311 4050 illi
3362 4001 3703 4067 proponeba-

2137 4087 2243 4142 tur,
2275 4086 2333 4131 ut
2361 4092 2459 4133 sua
2493 4078 2608 4148 ipse
2678 4080 2926 4151 dogmata
2959 4084 3345 4143 condemnaret
3388 4091 3701 4145 veritatem-

2134 4182 2242 4238 que
2268 4167 2711 4236 amplecteretur,
2734 4171 2992 4242 scriptam
3022 4174 3092 4229 iis
3117 4175 3185 4230 de
3207 4158 3370 4232 rebus
3400 4179 3701 4236 confessio-

2136 4274 2256 4313 nem
2303 4260 2663 4328 cxhibuisset,
2722 4263 2994 4333 quispiam
3048 4266 3293 4323 dicturus
3356 4281 3495 4336 erat,
3545 4273 3695 4326 illum

2136 4363 2334 4402 novum
2368 4350 2492 4405 ﬁdei
2517 4353 2833 4423 Symbolum
2868 4359 3302 4426 conscripsisse?
3338 4360 3481 4427 Quid
3530 4363 3698 4426 igitur

2138 4450 2339 4494 temere
2359 4442 2623 4496 conviciis
2650 4444 2985 4499 insectantur
3001 4450 3380 4505 sanctissimos
3399 4451 3695 4508 Plitenieia:

2134 4532 2441 4600 episcopos,
2498 4547 2686 4587 eorum
2746 4550 3072 4590 consensum
3125 4554 3324 4594 novum
3376 4542 3694 4613 Symbolum

2134 4622 2487 4690 appellantes.
2532 4638 2690 4690 quem
2738 4625 2813 4677 illi
2848 4626 3052 4681 utiliter
3076 4638 3130 4683 et
3158 4635 3471 4687 necessario
3514 4637 3700 4692 edide-

2134 4716 2281 4774 runt,
2303 4720 2357 4761 ut
2384 4708 2637 4763 nimirum
2663 4726 2721 4766 se
2741 4726 3057 4782 purgarent,
3078 4733 3279 4789 eosque
3302 4721 3697 4792 demulcereut,

2136 4796 2229 4867 qui
2254 4799 2402 4867 ipsos
2437 4800 2815 4859 Nestorianam
2848 4820 3037 4861 vocum
3065 4811 3356 4866 novitatem
3391 4815 3699 4884 approbare

2135 4890 2235 4944 sibi
2275 4907 2596 4961 persuasum
2631 4896 2936 4952 habebant?
2986 4900 3184 4956 Sancta
3223 4904 3424 4975 quippe
3456 4916 3510 4961 et
3543 4924 3699 4964 mcu-

2132 4981 2345 5035 rnenica
2376 4987 2641 5053 synodus,
2682 5002 2804 5055 quae
2827 4986 3028 5059 Ephesi
3054 5005 3409 5059 convenerat,
3438 5012 3698 5054 necessa-

2135 5072 2216 5126 rio
2245 5073 2501 5142 providit,
2536 5090 2641 5129 non
2670 5086 2923 5146 oportere
2952 5081 3111 5136 aliam
3144 5083 3266 5139 ﬁdei
3298 5088 3694 5154 expositionem

2134 5163 2188 5217 in
2238 5164 2513 5220 Ecclesias
2559 5165 2654 5222 Dei
2704 5167 2944 5237 inferre,
2998 5187 3190 5243 praeter
3228 5194 3369 5247 eam,
3418 5197 3539 5251 qua:
3581 5183 3695 5252 jam

2133 5256 2419 5323 exstabat,
2464 5274 2627 5328 quam
2680 5260 2981 5319 beatissimi
3031 5266 3218 5324 Patres
3273 5275 3447 5329 nostri
3504 5287 3699 5331 sancto

2135 5347 2341 5418 Spiritu
2365 5350 2532 5407 locuti
2565 5351 2945 5414 deﬁniverant.
2973 5360 3054 5416 llli
3083 5373 3265 5421 tamen
3292 5367 3360 5420 ab
3382 5369 3485 5424 hac
3506 5372 3695 5435 semul,

2131 5440 2318 5495 nescio
2369 5445 2667 5511 quomodo,
2722 5445 3016 5504 dissentire
3066 5454 3190 5516 νὶεί,
3238 5466 3291 5509 ct
3340 5457 3485 5525 quod
3520 5473 3698 5527 neque

2133 5542 2283 5587 recte
2314 5535 2599 5602 sentirent,
2659 5553 2835 5609 neque
2884 5543 3195 5610 apostolicis
3257 5556 3311 5600 et
3362 5550 3695 5619 evangelieis

2134 5623 2483 5694 dogmatibus
2539 5629 2899 5699 adhaeret-ent,
2940 5634 2991 5687 in
3034 5636 3406 5705 suspicionem
3438 5641 3687 5711 adducti,

2132 5718 2394 5787 numquid
2445 5720 2818 5776 taciturnitate
2869 5724 2935 5776 ab
2982 5726 3082 5780 liac
3154 5727 3514 5796 ignominiosa
3562 5745 3693 5789 nota

2131 5825 2188 5863 se
2220 5809 2562 5875 lsz'rJSBCIIl,
2597 5826 2663 5862 an
2706 5811 2861 5880 plena
2917 5816 3098 5884 potius
3137 5819 3509 5877 satisfactione
3553 5841 3691 5880 sm”.
