4176 6278
483 394 591 460 239
1365 400 1743 459 GREGORII
1788 397 2079 458 ΜΛΜΜΛΞ

2186 396 2242 457 P.
2292 392 2803 455 PATRIARCIL‘E
3030 416 3043 419 ·
3636 392 3746 457 240

486 522 592 574 que
637 505 922 559 sententia:
960 503 1332 560 dcelaratione
1378 508 1596 578 ‘lAtqui
1642 509 1859 562 divinus
1907 508 2063 563 Chri-

2186 505 2394 572 ἰύναμιν
2426 503 2820 573 ἐμφανίζοντες
2850 520 2863 562 ς
2930 503 3122 556 Καίτοι
3173 501 3455 572 γέγραφεν
3488 507 3517 559 ὁ
3546 506 3739 563 θεσπέ-

486 599 553 651 sti
592 597 895 665 discipulus
930 598 1194 667 scriptum
1231 600 1451 669 reliquit
1484 617 1499 655 :
1532 599 1719 653 Parati
1758 618 1963 669 semper
1995 602 2061 654 od

2186 612 2283 656 no;
2316 597 2565 664 μαθητής
2589 612 2604 628 ο
2641 595 2907 661 "Brome!
2935 594 3023 646 del
3053 592 3204 661 ,πρὸς
3229 594 3571 664 ἀπολογίαν
3593 612 3749 653 παν-

489 689 906 755 sutisfactionem
959 691 1102 742 omni
1148 694 1385 759 poscenti
1442 709 1528 745 vos
1576 695 1835 747 rationem
1896 696 1958 746 de
2002 710 2064 747 ea

2186 687 2219 737 ri
2260 687 2337 751 τῷ
2375 684 2641 738 αἰτοῦντι
2672 683 2827 752 ἡμᾶς
2848 684 3036 751 λόγον
3068 683 3203 751 περὶ
3234 683 3340 752 τῆς
3371 686 3441 738 ἐν
3477 688 3624 754 ἡμῖν
3654 690 3751 742 ἑλ-

489 796 606 849 ᾳιιαξ
635 782 689 833 in
718 780 865 834 vobis
922 792 1000 834 est
1050 783 1203 850 spe‘.
1240 782 1342 847 Qui
1393 798 1522 853 ergo
1566 784 1670 839 hoc
1710 786 1821 838 vult
1862 785 2063 851 facere,

2186 778 2366 842 κίδος.
2428 778 2489 830 Ὀ
2543 776 2599 827 δὲ
2641 775 2804 828 τοῦτο
2852 776 2985 844 δρᾷν
3045 777 3360 843 ἠργμένος,
3405 781 3752 845 καινουργῶν

488 874 622 927 nihil
667 874 853 943 utique
884 875 1011 929 novi
1063 875 1309 940 molitur,
1358 892 1459 931 nec
1492 877 1623 932 ﬁdet
1662 877 2059 945 expositiOnem

2186 868 2272 921 ιέν
2306 868 2482 930 οὐδὲν,
2515 868 2631 920 ἀλλ’
2655 868 2776 920 οὐδὲ
2816 872 3052 930 πίστεως
3086 868 3306 920 ἔκθεσιν
3340 870 3533 938 ὁρᾶται
3562 888 3751 924 καινο-

488 964 754 1018 innovare
803 965 1253 1033 deprehenditur,
1300 969 1392 1021 sed
1445 971 1625 1037 potius
1655 984 1774 1023 eam
1808 984 1969 1038 quam
1999 970 2066 1024 de

2186 960 2375 1031 τομῶν,
2416 961 2625 1030 ἐναργῆ
2677 960 2733 1012 δέ
2769 958 2970 1028 μᾶλλον
3000 958 3291 1029 καθίστησι
3325 964 3435 1021 τοῖς
3468 962 3752 1030 ἐρομένοις

486 1054 711 1108 Christo
773 1055 933 1108 habet
989 1055 1147 1110 ﬁdem
1204 1057 1669 1128 interrogantibus
1722 1060 2064 1129 prospicuam

2186 1054 2359 1117 ιύτὶν,
2393 1052 2459 1121 ἥν
2511 1052 2606 1103 καὶ
2643 1052 2805 1113 αὐτὸς
2852 1052 3041 1103 πίστιν
3078 1051 3194 1120 ἔχει
3224 1053 3357 1120 περὶ
3387 1051 3547 1105 Θεοῦ.
3593 1053 3752 1105 Ἐπυ-

489 1146 691 1200 reddit.
736 1146 929 1200 Audivi
978 1159 1236 1215 praeterea
1279 1150 1527 1204 veritatis
1560 1149 1744 1205 hostes
1792 1151 2067 1220 piissimo-

487 1252 610 1290 rum
658 1237 1042 1307 episcoporum
1077 1238 1425 1293 concordiam
1468 1239 1753 1307 aegerrime
1803 1239 1965 1303 terre,
2014 1247 2069 1293 et

491 1344 705 1383 rursum
740 1343 803 1383 ac
841 1329 1095 1383 deorsum
1128 1330 1362 1384 miscere
1393 1328 1579 1383 omnia
1615 1341 1780 1399 atque
1832 1331 2067 1401 jactare,

489 1420 878 1484 confessionis.
911 1436 1073 1490 quam
1110 1422 1187 1475 illi
1223 1423 1291 1475 de
1321 1430 1470 1476 recta
1500 1420 1628 1487 ﬁde,
1660 1423 1820 1487 nihil,
1847 1433 1906 1478 ut
1933 1424 2065 1489 dixi,

464 1512 841 1575 .innovantes,
879 1512 983 1565 hoc
1008 1520 1113 1577 est,
1152 1511 1290 1565 nihil
1319 1510 1383 1563 ad
1416 1524 1477 1564 ea
1502 1525 1624 1580 qua:
1654 1512 1781 1565 olim
1802 1514 2072 1568 constitu-

490 1613 541 1657 ta
567 1611 714 1668 sunt,
739 1602 1081 1672 adjicientes,
1106 1604 1198 1656 sed
1226 1602 1409 1671 potius
1436 1602 1728 1670 inculpatis
1750 1610 2069 1658 sanctorum

492 1695 715 1749 Patrum
751 1694 1017 1764 dogmatis
1067 1692 1429 1757 adhaerentes,
1477 1696 1795 1759 ediderunt,
1844 1709 2070 1750 sensum

488 1796 543 1841 et
592 1789 700 1841 vim
752 1800 875 1839 cum
930 1784 1113 1854 impiis
1145 1785 1261 1841 suis
1312 1784 1636 1839 commentis
1686 1799 2009 1854 congruere.
2049 1802 2066 1833 ι

489 1879 625 1934 Cum
663 1879 713 1932 id
750 1878 933 1946 itaque
963 1876 1251 1946 approbet,
1294 1883 1346 1929 et
1381 1886 1439 1929 ut
1468 1876 1561 1931 ﬁat
1594 1876 1833 1946 synodus
1872 1874 2076 1928 adhor-

491 1978 657 2031 tetur.
690 1968 968 2038 quomodo
995 1966 1242 2021 nonnulli
1276 1966 1568 2031 allirmant,
1602 1981 1632 2020 a
1665 1966 1832 2020 tertia
1862 1965 2073 2035 synodo

493 2062 916 2132 prohibitionem
967 2057 1207 2113 factam?
1236 2057 1378 2124 Quin
1407 2070 1463 2127 et
1484 2066 1708 2112 sanctus
1756 2054 2074 2123 Gregorius,

489 2155 575 2208 ctti
609 2169 637 2207 a
668 2151 937 2222 theologia
978 2166 1178 2206 nomen
1217 2160 1322 2215 est,
1354 2149 1420 2203 ad
1467 2138 1790 2204 Clcdonium
1836 2148 1910 2201 ita
1940 2148 2078 2202 scri—

490 2246 601 2301 bit:
634 2243 774 2299 tNos
806 2244 932 2297 tldci
957 2242 1151 2297 Nicaea!
1185 2240 1344 2296 edita
1370 2256 1397 2294 a
1430 2240 1636 2295 sanctis
1665 2239 1944 2303 Patrihus,
1981 2240 2074 2310 qui

491 2351 558 2391 eo
614 2345 1009 2395 convenerant,
1054 2335 1120 2387 ad
1169 2333 1429 2387 Arianam
1470 2333 1723 2387 haeresim
1773 2332 2073 2402 proﬂigan-

490 2430 617 2480 dam
656 2428 790 2482 nihil
826 2440 1064 2495 unquam
1114 2423 1549 2493 anteposuimus,
1601 2436 1706 2476 nec
1744 2431 2077 2491 anteponere

492 2535 807 2590 possumus,
838 2518 932 2574 sed
982 2518 1129 2573 illius
1166 2518 1285 2573 ﬁdei
1327 2516 1512 2571 divina
1544 2516 1740 2587 gratia,
1774 2517 1920 2586 quod
1967 2531 2075 2570 non

496 2618 708 2681 integre
740 2614 807 2665 de
838 2609 1043 2680 Spiritu
1082 2618 1276 2665 sancto
1316 2608 1526 2663 dictum
1561 2619 1664 2673 est,
1692 2608 1959 2677 integrum
2000 2606 2077 2661 fa-

493 2705 723 2756 ciemus.
765 2720 784 2753 ι
832 2700 989 2765 Quod
1013 2697 1356 2752 admirabilis
1381 2698 1652 2767 interpres
1680 2697 1829 2751 Elias
1851 2697 2077 2751 Creten-

495 2795 572 2848 sis
634 2792 711 2845 ita
760 2792 986 2860 exponit
1028 2806 1043 2843 :
1096 2807 1114 2841 t
1152 2789 1395 2859 Corpore
1447 2786 1717 2857 siquidem
1769 2785 2074 2841 dictionum

494 2884 762 2939 omissum
807 2881 1010 2946 fuerat,
1049 2890 1106 2934 at
1166 2881 1373 2943 anima,
1428 2892 1553 2947 qua:
1600 2875 1891 2932 sententia:
1924 2885 2075 2942 sunt,

498 2988 792 3044 nusquam.
832 2971 1178 3041 Quapropter
1222 2979 1467 3035 sanctus,
1502 2983 1611 3024 non
1647 2970 1938 3035 omissum,
1982 2973 2078 3027 sed

496 3080 603 3119 non
664 3062 877 3132 integre
932 3060 1138 3116 dictum
1188 3061 1440 3132 corporis
1486 3059 1729 3115 dictione
1774 3061 2074 3132 integram,

2173 1144 2350 1213 θόμην
2376 1143 2433 1195 δέ
2473 1143 2610 1212 πρὸς
2661 1143 2902 1206 τούτοις,
2930 1143 3013 1195 ὅτι
3050 1146 3170 1205 ταῖς
3202 1144 3313 1196 τῶν
3342 1143 3751 1197 θεοσεόηιύντων

2171 1237 2485 1289 ἐπισκόπων
2545 1234 2872 1305 ὁμοψυχίαις
2934 1236 2993 1288 ού
3030 1238 3270 1305 μετρίως
3320 1236 3753 1302 ἐπιστυγνάζον-

2171 1344 2263 1389 τες
2300 1328 2398 1396 τῆς
2438 1327 2701 1398 ἀληθείας
2733 1326 2927 1396 ἐχθροὶ
2969 1328 3085 1380 ἀνω
3134 1328 3229 1379 atati.
3262 1327 3413 1380 κάτω
3439 1328 3753 1381 διακυκῶσι

2173 1421 2239 1472 τὰ
2269 1423 2466 1482 πάντα,
2502 1420 2599 1473 καὶ
2626 1421 2737 1481 τοῖς
2774 1418 3009 1480 ἀνοσίοις
3062 1419 3246 1471 αὐτῶν
3294 1419 3578 1489 εὑρήμασι
3608 1437 3755 1488 συμ-

2174 1512 2335 1581 ϐῆναί
2370 1529 2502 1581 φησι
2552 1513 2651 1581 τῆς
2698 1512 2826 1580 παρ’
2868 1510 3051 1564 αὐτῶν
3104 1511 3407 1579 γενομένης
3444 1512 3743 1579 ὁμολογίας

2174 1603 2273 1673 τὴν
2326 1603 2562 1671 δύναμιν
2636 1604 2703 1672 ἧν
2760 1603 2852 1655 ἐπὶ
2906 1604 2973 1672 τῇ
3014 1584 3150 1671 ὁρθῇ
3209 1601 3503 1669 πεποίηται
3542 1602 3749 1666 πίστει,

2177 1695 2649 1760 καινοτομοῦντες,
2682 1695 2756 1756 ὡς
2783 1695 2944 1764 ἔφην,
2978 1695 3092 1763 ἠως
3127 1694 3579 1764 προσεπάγοντες
3630 1696 3748 1755 τοῖς

2180 1788 2350 1841 πάλαι
2405 1787 2789 1856 διωρισμένοις
2849 1785 2913 1836 τὸ
2962 1785 3187 1855 σύμπαν
3251 1784 3443 1849 οὐδὲν,
3498 1785 3758 1853 ἑπόμενοι

2180 1880 2236 1932 δὲ
2273 1878 2475 1948 μᾶλλον
2512 1881 2624 1941 τοῖς
2654 1879 2764 1931 τῶν
2820 1878 2995 1945 ἀγίων
3050 1879 3310 1947 Πατέρων
3362 1877 3759 1946 ἀνεπιλήπτως

2179 1972 2433 2038 δόγμασι.
2487 1989 2506 2021 t
2537 1970 2649 2038 Τῆς
2701 1971 2861 2037 ἁγίας
2893 1964 2987 2022 οὖν
3033 1968 3194 2021 τοῦτο
3242 1970 3478 2039 μάλιστα
3514 1985 3758 2040 προτρεο

2180 2066 2397 2131 πούσης
2441 2061 2688 2125 συνόδου,
2726 2060 2844 2123 πῶς
2885 2063 3021 2128 φασί
3060 2076 3227 2123 τινες,
3264 2062 3346 2113 ὅτι
3374 2061 3483 2114 ἀπὸ
3512 2062 3609 2129 τῆς
3637 2062 3757 2131 τρί-

2178 2173 2275 2223 της
2312 2155 2536 2208 συνόδου
2596 2155 2657 2206 τὸ
2704 2154 2938 2223 κώλυμα
2980 2154 3248 2221 γέγονενς
3283 2154 3393 2207 Καὶ
3439 2155 3469 2205 ὁ
3511 2152 3663 2220 ἀγιος
3698 2152 3761 2205 δὲ

2181 2248 2483 2319 Γρηγόριος
2515 2250 2544 2300 ὁ
2572 2246 2837 2313 Θεολόγος
2860 2246 2997 2313 πρὸς
3033 2245 3326 2313 Κληδόνιον
3356 2242 3498 2297 οῦτω
3529 2245 3761 2312 γράφειο

2188 2357 2205 2390 t
2253 2338 2449 2407 Ἡμεῖς
2514 2337 2616 2405 τῆς
2685 2336 2830 2389 κατά
2890 2335 3125 2388 Νίκαιαν
3169 2334 3405 2396 πίστεως
3451 2334 3558 2384 τῶν
3587 2333 3764 2400 ἁγίων

2184 2429 2450 2498 ἰιατέρων
2500 2428 2609 2480 τῶν
2645 2428 2825 2479 ἐκεῖσε
2880 2424 3249 2481 συνελθόντων
3300 2424 3392 2477 ἐπὶ
3437 2424 3765 2492 καθαιρέσει

2176 2522 2275 2589 τῆς
2317 2517 2668 2589 ’Δρειανικῆς
2720 2517 2987 2586 αἱρέσεως
3033 2516 3188 2567 οὐδὲν
3220 2512 3345 2568 οὔτε
3378 2517 3766 2583 προετιμήσα-

2182 2613 2279 2681 μέν
2324 2627 2477 2674 ποτε,
2527 2608 2651 2662 οὒτε
2711 2608 2990 2677 προτιμᾷν
3036 2605 3356 2675 δυνάμεθα,
3389 2606 3506 2658 ἀλλ’
3536 2606 3765 2673 ἐκείνης

2180 2704 2346 2771 ἐσμὲν
2377 2704 2474 2771 τῆς
2514 2703 2749 2762 πίστεως
2814 2702 2912 2753 σὺν
2973 2699 3091 2769 Θεῷ
3145 2701 3242 2751 καὶ
3289 2698 3552 2769 ἐσόμεθα,
3590 2715 3767 2768 προσ-

2178 2792 2566 2862 διαρθροῦντες
2596 2790 2657 2843 τὸ
2692 2790 2955 2852 ἐλλειπῶς
2986 2789 3284 2859 εἰρημένον
3311 2791 3439 2859 περ)⁵
3472 2787 3567 2841 τοῦ
3597 2788 3763 2853 ἁγίου

2182 2886 2516 2954 ΙΙνεύματος.
2549 2903 2568 2935 ι
2607 2884 2785 2951 Ὅπερ
2811 2885 2838 2936 ὁ
2868 2882 3173 2952 θαυμάσιος
3225 2878 3497 2951 ἐξηγητὴς
3529 2879 3763 2941 ὁἩλῐας

2181 2976 2405 3047 Κρήτης
2461 2977 2518 3027 ἰν
2578 2974 2751 3046 ταύτῃ
2808 2975 2943 3042 φησὶ
2971 2975 3038 3041 τῇ
3088 2973 3367 3041 περικοπῇ
3414 2986 3427 3000 ·
3473 2988 3492 3021 ι
3532 2969 3620 3039 Τῷ
3658 2970 3763 3039 μὲν

2180 3069 2289 3137 γὰρ
2318 3066 2535 3137 σώματι
2577 3067 2688 3121 τῶν
2739 3066 2937 3130 λέξεων
2971 3065 3395 3134 παρελέλειπτο,
3427 3068 3494 3133 τῇ
3522 3064 3579 3115 δὲ
3608 3063 3759 3133 ψυχῇ

495 3156 787 3212 absolvens
822 3152 1032 3209 scilicet
1054 3161 1109 3208 et
1146 3152 1525 3218 conlormans,
1552 3152 1881 3208 enuntiavit.
1913 3170 1933 3204 ι
1972 3153 2076 3207 Sed

2186 3160 2329 3229 λέγω
2361 3161 2428 3229 δὴ
2445 3160 2516 3214 τὰ
2539 3159 2648 3213 τῶν
2678 3160 2967 3229 νοημάτων
3000 3156 3274 3227 οὐδαμῶς.
3307 3159 3399 3209 Διὸ
3436 3160 3527 3209 καὶ
3548 3160 3576 3210 ὁ
3606 3158 3770 3224 ᾶγιος

494 3259 548 3302 et
576 3246 823 3302 sexcenti
858 3245 1079 3313 triginta
1111 3242 1306 3300 Patres
1339 3243 1396 3298 in
1426 3253 1618 3300 sancta
1647 3254 1701 3299 et
1733 3244 2079 3300 mcumenica

495 3349 687 3409 quarta
721 3336 934 3409 synodo
968 3339 1021 3390 in
1053 3336 1386 3391 allocutione
1421 3338 1487 3390 ad
1518 3336 1904 3407 imperatorem
1934 3336 2081 3389 hunc

498 3434 553 3486 in
600 3430 822 3485 tttodutn
866 3430 1173 3484 decernunt
1228 3443 1243 3481 :
1300 3446 1318 3478 ι
1371 3426 1428 3481 Si
1474 3430 1599 3496 quis
1643 3438 1826 3481 autem
1871 3438 2079 3489 censet,

501 3525 788 3594 hucusque
831 3522 1241 3577 consistendum
1287 3522 1397 3577 illis
1440 3536 1585 3581 esse.
1639 3522 1729 3589 qui
1777 3520 1936 3575 ﬁdem
1985 3536 2082 3590 pro

496 3616 751 3671 tacultate
793 3613 1085 3669 defendere
1122 3614 1371 3683 cupiunt,
1426 3613 1664 3667 maxime
1706 3612 1925 3680 quidem
1979 3612 2082 3665 hoc

499 3717 826 3776 prmceptum
858 3705 1130 3761 Ita-reticis
1168 3704 1515 3774 promulgare
1554 3703 1792 3767 debebit,
1845 3702 1966 3756 illos
2016 3702 2089 3755 ab

499 3799 915 3867 ltnpugttatione
938 3811 1246 3861 removens,
1282 3811 1390 3849 non
1428 3804 1682 3849 avertens
1727 3809 1757 3847 a
1792 3794 2087 3862 protectio-

2184 3253 2244 3305 οὐ
2280 3251 2341 3305 τὸ
2379 3251 2930 3322 παραλελειμμένον,
2967 3251 3103 3304 ἀλλά
3143 3251 3205 3302 τὸ
3240 3249 3507 3312 ἐλλειπῶς
3533 3248 3765 3317 είρημέ-

2186 3363 2277 3398 νον
2307 3343 2403 3397 τοῦ
2442 3344 2692 3412 σώματος
2732 3342 2877 3407 λέξει
2903 3341 3219 3413 διαρθροῦν,
3249 3342 3371 3411 ἥξοι
3406 3338 3765 3411 ἐξακριϐοῦν,

2186 3437 2281 3490 καὶ
2325 3434 2663 3505 διαμορφοῦν
2703 3434 3099 3504 ἐπηγγείλατο.
3144 3451 3163 3485 ι
3206 3432 3365 3485 Ἀλλά
3408 3434 3499 3485 καὶ
3546 3432 3596 3483 οἱ
3629 3432 3757 3495 ἐξι-

2185 3529 2359 3580 κόσιοι
2391 3527 2692 3596 τριάκοντα
2725 3525 2971 3594 Πατέρες
3008 3524 3057 3577 οί
3088 3525 3145 3576 ἐν
3186 3526 3254 3593 τῇ
3288 3523 3423 3592 ἁγίᾳ
3452 3524 3547 3576 καὶ
3576 3521 3767 3575 οἰκου-

2189 3622 2385 3689 μενικῇ
2436 3621 2676 3689 τετάρτῃ
2709 3616 2914 3688 συνόδῳ
2948 3618 3005 3669 ἐν
3052 3617 3130 3685 τῷ
3165 3616 3303 3685 πρὸς
3336 3613 3561 3684 βασιλέα
3588 3613 3772 3683 Προσ-

2187 3711 2481 3781 φωνητικῷ
2508 3709 2651 3763 οὕτω
2673 3710 3027 3772 θεσπίζουσιν
3052 3724 3067 3739 ⁸
3105 3725 3123 3758 t
3160 3708 3221 3760 Εἰ
3254 3707 3313 3759 δέ
3342 3725 3425 3769 τις
3460 3707 3619 3775 μέχρι
3641 3705 3771 3759 τού-

2185 3822 2281 3859 του
2306 3805 2501 3873 στῆναι
2519 3807 2633 3866 τοῖς
2658 3803 2840 3855 πίστει
2865 3804 3193 3872 συνηγορεῖν
3219 3800 3570 3882 βουλομένοις
3599 3814 3772 3868 προσ-

501 3901 570 3941 ne
606 3897 870 3954 pastores.
902 3882 1093 3939 Omnis
1123 3883 1323 3939 etenim
1360 3885 1443 3937 lex
1473 3882 1740 3953 improbis
1767 3882 2079 3936 hominibus

2189 3896 2379 3948 τάττει
2435 3894 2536 3964 τὴν
2589 3894 2798 3953 ἄδειαν.
2853 3890 3092 3963 μάλιστα
3149 3890 3248 3959 μὲν
3290 3893 3405 3952 τοῖς
3467 3891 3772 3959 αίρετικοῖς

500 3977 698 4031 delicta
732 3974 1006 4045 prohibet,
1041 3990 1149 4029 non
1205 3983 1529 4044 pOtestatem
1558 3974 1838 4041 Iudicibus
1873 3973 2079 4027 adimit.

2188 3988 2348 4039 τοῦτο
2382 3986 2749 4056 νομοθετείτω
2774 3984 2836 4037 τὸ
2870 3982 3230 4052 πρόσταγμα.
3275 3981 3553 4041 Ἐκείνους
3578 3978 3770 4051 παύσῃ

504 4067 656 4121 Alias
714 4075 897 4155 autem
948 4064 1273 4130 doceantur,
1324 4080 1470 4118 nunc
1522 4078 1741 4134 quoque
1789 4064 1978 4130 licere,
2028 4074 2079 4118 tit

2189 4078 2287 4145 τῆς
2332 4076 2573 4141 ἀδικίας,
2615 4076 2692 4144 μὴ
2744 4075 2870 4137 τοὺς
2920 4072 3191 4142 ποιμένας
3248 4072 3348 4139 τῆς
3402 4069 3769 4139 ἀντιλήψεως.

502 4154 1104 4227 οηιὺῑευίιοιοειοτιο,
1146 4155 1370 4210 Patrum
1398 4154 1946 4226 interpretationibus
1979 4170 2079 4209 no‘

2192 4165 2307 4225 lli;
2362 4162 2473 4233 γὰρ
2541 4164 2705 4231 νόμος
2764 4164 2878 4225 τοῖς
2938 4162 3200 4229 πονηροῖς
3266 4160 3609 4230 ἀπαγορεύει
3672 4160 3773 4229 τὴν

504 4261 671 4304 stram
724 4249 1123 4303 conlessionem
1180 4248 1498 4318 adjungere,
1562 4256 1824 4316 tanquam
1878 4246 1976 4316 qui
2031 4249 2079 4300 in

2192 4252 2491 4322 ἁμαρτίαν,
2533 4252 2596 4304 ού
2634 4250 2765 4314 τοὺς
2805 4252 3001 4320 κριτὰς
3033 4250 3293 4320 ἀπείργει
3344 4250 3443 4317 τῆς
3495 4246 3770 4313 ἐξουσίας.

508 4343 658 4396 nullo
688 4340 999 4397 discordem
1027 4341 1397 4411 intelligentia:
1425 4354 1614 4395 eorum
1640 4338 1941 4396 deferimus
1965 4354 2079 4394 sen-

2197 4345 2405 4407 Ἀλλως
2441 4361 2500 4397 τε
2535 4345 2987 4412 μανθανέτωσαν,
3011 4344 3089 4405 ὡς
3143 4342 3242 4395 καὶ
3272 4341 3367 4395 νῦν
3393 4341 3632 4406 ἔξεστιν,
3667 4339 3774 4409 ἀμφ

506 4434 755 4489 tentiam.
823 4450 841 4485 ι
913 4433 1020 4489 Sed
1074 4433 1177 4489 hoc
1229 4442 1545 4487 sanctorum
1578 4447 1642 4486 ac
1674 4432 1958 4487 beatorum
1988 4432 2079 4486 Pa-

2193 4437 2577 4507 φισὸητήσεως
2606 4438 2941 4505 ἀναφυείσης
2971 4439 3095 4499 τιῖς
3132 4437 3241 4490 τῶν
3300 4435 3558 4504 Πατέρων
3592 4434 3774 4503 ἑρμη-

505 4539 649 4582 ttnm
672 4528 953 4584 decretum
989 4527 1194 4582 nullam
1226 4526 1293 4581 iis
1318 4526 1410 4596 qui
1452 4528 1841 4581 contentiones
1876 4542 1939 4580 ae
1972 4526 2079 4581 dis-

2196 4532 2391 4595 νείαις,
2417 4532 2515 4598 τὴν
2566 4531 2851 4600 ἡμετέραν
2901 4530 3300 4584 ἐπισυνάπτειν
3343 4525 3660 4596 ὁμολογίαν,
3697 4525 3777 4586 ὡς

504 4620 643 4674 sidia
682 4629 889 4685 amant,
946 4620 1344 4691 tergiversandi
1412 4636 1603 4675 ansam
1652 4620 1891 4688 reliquit,
1953 4630 2082 4674 tan-

504 4726 669 4778 quam
693 4711 840 4780 quod
872 4712 1117 4781 seipsum
1150 4722 1337 4782 aperte
1368 4712 1782 4781 interpretetur,
1816 4720 1870 4767 et
1929 4713 2087 4766 ιικεὶ-

505 4804 738 4858 tationes
791 4804 1075 4859 universas
1135 4818 1199 4858 ac
1250 4805 1414 4857 dubia
1496 4803 1670 4866 tollat,
1722 4814 1774 4855 et
1861 4804 1925 4857 ad
1989 4804 2090 4856 im-

508 4904 813 4962 peratorem
850 4894 1014 4947 veluti
1049 4895 1131 4947 lex
1175 4903 1229 4948 et
1270 4901 1539 4949 statutum
1581 4896 1811 4949 missum
1858 4895 1952 4948 sit.
1996 4894 2089 4950 Ait

508 4984 653 5037 enim
690 5001 707 5039 :
752 5004 771 5037 ι
808 4985 959 5042 A'ias
990 4996 1172 5041 autem
1202 4986 1534 5050 doceantur,
1571 5000 1717 5041 nunc
1754 5002 1972 5058 qquue
2025 4988 2091 5042 li-

508 5091 652 5139 cere,
680 5085 759 5140 ut,
789 5079 1144 5148 ambiguitate
1166 5090 1386 5145 exerta,
1415 5080 1640 5137 Patrum
1671 5081 2086 5150 interpretatio-

510 5164 671 5218 nibus
703 5175 945 5218 nostram
983 5169 1380 5224 confessionem
1404 5173 1725 5243 adiungere,
1764 5191 1782 5223 ι
1833 5180 1939 5226 etc.
1981 5169 2088 5225 Sed

510 5258 625 5311 htrc
665 5272 719 5309 tn
772 5260 1023 5324 prassenti
1064 5263 1199 5314 satis
1242 5264 1368 5326 sint,
1404 5272 1462 5317 ut
1494 5266 1651 5333 plane
1686 5264 1739 5317 id
1790 5264 2088 5332 aperiatur,

512 5365 612 5405 nos
635 5365 913 5419 nunquam
937 5351 1153 5405 divinos
1170 5354 1432 5408 terminos
1458 5368 1878 5424 praatergressos
1898 5353 2087 5408 fuisse.

509 5443 700 5513 Neque
744 5446 887 5496 enim
918 5442 1124 5511 justum
1163 5452 1243 5498 est
1308 5460 1482 5515 neque
1525 5445 1694 5515 pium,
1742 5447 1866 5501 illos
1906 5446 2089 5513 negle-

509 5534 623 5586 ctui
656 5534 878 5600 habere,
905 5550 1040 5602 quos
1069 5536 1198 5589 totis
1236 5536 1442 5590 viribus
1482 5536 1730 5605 amplecti
1761 5552 2091 5606 servareque

510 5624 773 5681 debemus
818 5641 832 5690 ;
871 5635 923 5679 et
963 5627 1121 5682 ﬁdem
1172 5628 1356 5689 aliam,
1397 5627 1560 5682 veluti
1602 5627 1941 5682 contrariam
1982 5644 2091 5682 non

513 5721 725 5768 tantum
758 5727 1037 5781 excutere,
1102 5723 1195 5774 sed
1240 5719 1471 5788 rejicere
1498 5719 1659 5775 etiam
1696 5728 1748 5775 et
1784 5719 2092 5775 anathema-

588 5832 601 5861 ¹
636 5831 652 5883 ι
681 5829 824 5886 Pctr.
850 5846 932 5899 ιιι,
971 5832 1055 5888 15.

2195 4624 2297 4676 οὐκ
2345 4622 2555 4691 ἀπᾷδον
2607 4623 2704 4690 τῆς
2753 4623 2981 4675 ἐκείνων
3039 4620 3280 4682 δ.ανοίις
3336 4616 3772 4685 ἐπιδεικνύμεθα

2197 4715 2454 4783 φρόνημα
2512 4731 2532 4764 ι
2582 4712 2722 4766 Ἀλλ’
2751 4712 2891 4780 αὕτη
2933 4714 2965 4783 ἡ
2998 4712 3106 4766 τῶν
3144 4711 3306 4764 θείων
3336 4710 3440 4762 καὶ
3476 4708 3772 4777 μακαρίων

2202 4806 2470 4874 Πατέρων
2523 4803 2803 4871 ἀπόφασις
2861 4802 3124 4867 οὐδεμίαν
3179 4800 3441 4853 κατέλιπε
3494 4801 3778 4867 πρόφασιν

2199 4899 2310 4957 τοῖς
2360 4896 2605 4947 ἐθέλουσι
2658 4895 2984 4963 φιλονεικεῖν
3012 4894 3108 4946 καὶ
3133 4890 3423 4959 ἐρεθίζειν,
3454 4889 3531 4950 ὡς
3576 4884 3777 4949 αύτεξο

2198 4989 2401 5058 ήγητος
2462 4982 2617 5050 οὖσα,
2688 4987 2783 5039 καὶ
2841 4984 3116 5055 μηδεμίαν
3168 4983 3583 5054 ἀμφισϐήτησιν
3608 4996 3779 5031 κατα-

2200 5079 2456 5145 λιποῦσα,
2491 5080 2584 5132 καὶ
2609 5079 2693 5131 ὅτι
2738 5078 2813 5139 ὡς
2845 5079 3011 5147 νόμος
3046 5077 3143 5129 καὶ
3173 5077 3453 5143 ἀπόφασις
3511 5073 3647 5142 πρὸς
3682 5071 3777 5123 τὸν

2203 5172 2429 5242 βασιλέα
2457 5171 2763 5237 ἀπεστάλη.
2794 5171 2935 5239 Φησὶ
2979 5171 3110 5239 γὰρ,
3144 5187 3163 5221 t
3202 5168 3413 5232 ’Ἄλλως
3448 5184 3509 5219 τε
3564 5164 3777 5235 μανθαο

2201 5266 2462 5327 νέτωσαν,
2491 5251 2575 5325 ὡς’
2604 5254 2699 5315 καὶ
2746 5262 2843 5315 νῦν
2885 5260 3117 5325 ἔξεστιν,
3149 5259 3617 5329 ἀμφισϐητήσεως
3645 5257 3780 5310 ἀνα·

2202 5356 2434 5423 φυείσης
2471 5357 2591 5417 ταῖς
2634 5354 2744 5407 τῶν
2778 5353 3041 5423 Πατέρων
3088 5353 3439 5423 ἑρμηνείαις,
3469 5349 3781 5402 ἐπισυνάπ-

2198 5465 2313 5499 τειν
2338 5450 2437 5517 τὴν
2467 5448 2751 5518 ἡμετέραν
2780 5446 3097 5516 ὁμολογίαν·
3136 5463 3154 5497 s
3188 5445 3280 5498 καὶ
3311 5444 3381 5497 τὰ
3411 5444 3559 5512 ἑξῆς.
3610 5440 3779 5496 Ἀλλά

2199 5541 2374 5592 ταῦτα
2408 5540 2505 5609 μὲν
2545 5541 2601 5602 ἐς
2626 5539 2884 5593 τοσοῦτον
2917 5538 3038 5603 νὺν,
3072 5540 3150 5600 ὡς
3174 5537 3611 5606 διατρανούντων
3641 5536 3783 5604 ἀλη-

2208 5632 2337 5696 θῶς,
2374 5631 2456 5684 ὅτι
2508 5631 2570 5682 οὐ
2607 5630 2940 5702 παρείδομεν
2988 5632 3118 5695 τοὺς
3174 5630 3356 5693 θείους
3407 5630 3569 5698 ὅρους
3625 5630 3780 5681 ποτέ.

2204 5724 2337 5777 Οὐδὲ
2368 5724 2477 5794 γὰρ
2502 5725 2672 5790 ὅσιον,
2704 5724 2817 5776 οὐδ’
2849 5724 3065 5787 εὐσεϐὲς
3111 5724 3307 5782 αὐτοὺς
3341 5722 3612 5792 παρορᾷ-ι,
3655 5723 3774 5773 ἀλλ’
