4176 6278
423 292 526 357 241

1518 311 1559 367 Α
1574 312 1620 369 D
1664 309 2031 372 IMPERAT.
2077 314 2556 383 TRAPEZUNT.

3578 330 3683 396 242

422 409 525 478 (ἴση
561 405 793 477 δύναμις
825 410 1022 476 αὐτοὺς
1054 412 1395 479 ἀσπάζεσθαί
1436 436 1491 471 τε
1534 422 1626 473 καὶ
1679 422 1993 490 φυλάττειν,

2115 430 2143 484 Li
2182 432 2478 498 subjicere,
2509 451 2693 489 veram
2738 436 3153 506 amplectentes,
3182 439 3258 494 uti
3287 447 3511 495 sanctus
3540 440 3685 495 divi-

419 503 518 551 κα”ι
566 501 667 569 τὴν
714 502 907 572 ἑτέραν
944 506 1133 558 πίστιν
1159 507 1236 571 ὡς
1267 510 1525 565 ἐναντίαν
1565 514 1627 566 οὐ
1665 515 1828 581 μόνον
1864 518 1999 569 ἀπο-

422 591 690 653 σείεσθαι,
732 594 852 645 ἀλλ⁴⁸
892 597 1258 667 ἀπορρίπτειν
1294 603 1391 656 καὶ
1420 603 1499 672 τῷ
1539 605 1845 675 ἀναθέματι
1886 626 1995 661 πα-

425 682 769 751 ραπέμπειν,
806 686 910 756 τὴν
943 687 1000 741 δὲ
1032 689 1211 761 ἀληθῆ
1257 696 1353 746 καὶ
1387 696 1711 762 προσίεσθαι
1737 699 1881 753 κατὰ
1905 702 1997 754 τὸν

423 773 570 842 ἱερὸν
612 775 710 828 καὶ
743 776 889 831 θεῖον
919 780 1193 849 Μάξιμον,
1228 785 1322 837 καὶ
1364 787 1492 849 τοὺς
1520 787 1747 852 λοιποὺς
1780 792 1992 859 ἁγίους,

421 867 515 919 καὶ
566 870 695 929 τοὺς
744 868 1065 937 ἑξακοσίους
1116 877 1212 929 καὶ
1266 878 1562 948 τριάκοντα
1613 883 1866 954 Πατέρας
1897 888 1997 957 τῆς

416 957 580 1025 ἁγίας
627 961 725 1013 καὶ
787 963 1179 1036 οίκουμενικῆς
1239 970 1511 1040 τετάρτης
1569 973 1791 1027 συνόδου
1823 1014 1839 1041 ,
1904 978 1996 1031 καὶ

414 1049 517 1120 τὴν
549 1051 831 1122 ἡμετέραν
883 1055 1277 1114 ἐπισυνάπτειν
1328 1062 1648 1132 ὁμολογίαν,
1677 1067 1777 1135 τὴν
1812 1068 1990 1140 ἀληθῆ

417 1142 626 1209 πίστιν,
666 1144 826 1214 είπερ
880 1147 1120 1216 μάλιστα
1160 1153 1284 1214 ταῖς
1333 1155 1442 1206 τῶν
1486 1156 1661 1224 ἁγίων
1690 1158 1983 1223 ἐξακολου-

420 1234 628 1303 θοῦμεν
676 1236 929 1305 γνώμαις
973 1240 1068 1293 καὶ
1128 1241 1468 1311 ἀποφάσεσι,
1531 1248 1629 1298 καὶ
1696 1249 1873 1302 πάντα
1928 1252 1996 1303 τὸ.

418 1328 576 1394 κοινῇ
607 1327 911 1396 δεδογμένα
947 1332 1258 1395 φυλάττειν.
1292 1337 1369 1390 Οὐ
1402 1337 1509 1407 γὰρ
1540 1338 1752 1403 ἔξεστιν
1777 1342 1994 1414 ἑκάστῳ

416 1422 796 1487 καινουργεῖν,
834 1423 1039 1489 μᾶλλον
1090 1425 1147 1477 δὲ
1195 1430 1567 1497 καινοτομεῖν.
1609 1431 1670 1483 El
1708 1431 1766 1485 δὲ
1794 1433 1856 1485 ἐκ
1885 1432 1996 1486 τῶν

420 1509 688 1577 Πατέρων
736 1511 846 1563 τῶν
891 1514 1054 1582 ἱερῶν
1106 1518 1202 1568 καὶ
1247 1515 1590 1570 διδασκάλων
1621 1519 1718 1589 τῆς
1765 1521 1996 1590 Ἐκκλη-

413 1600 543 1663 σίας
575 1603 683 1656 εἶσὶ
707 1602 775 1654 τὰ
798 1604 1227 1675 προστιθέμενα,
1266 1609 1361 1662 καὶ
1387 1612 1452 1680 τῇ
1485 1612 1641 1681 κοινῇ
1672 1612 1849 1681 κρίσει
1884 1615 1995 1683 ὁρί-

374 1694 632 1757 -ζονται,
668 1693 822 1748 οὐδὲν
876 1696 936 1749 τὸ
991 1697 1228 1753 κωλῦον.
1292 1701 1399 1753 Καὶ
1451 1701 1610 1754 τοῦτο
1671 1703 1997 1768 Βασίλειοςό

2104 540 2318 593 nusque
2369 526 2658 590 Maximus,
2692 538 2746 582 et
2780 530 2977 599 reliqui
3012 532 3212 595 sancti,
3256 542 3311 585 et
3341 534 3586 589 sexcenti
3626 543 3683 588 et

2104 617 2326 688 triginta
2355 618 2547 673 Patres
2581 629 2783 674 sanrtze
2810 629 2862 675 et
2891 622 3245 677 recumenica:
3278 632 3486 693 quartae
3520 638 3683 695 syno-

2104 710 2156 763 di
2191 708 2535 778 praecipiunt,
2568 718 2621 765 et
2643 720 2883 765 nostram
2914 710 3313 767 confessionem
3342 713 3638 782 adiungere
3666 731 3683 780 ;

2100 816 2285 856 veram
2313 841 2328 866 ,
2362 802 2605 870 inquam,
2640 802 2821 867 fidem,
2850 803 2894 857 si
2918 813 3237 858 sanctorum
3265 806 3471 859 monita
3496 807 3682 860 decre-

2105 901 2269 962 taque
2302 893 2456 961 sequi
2483 894 2829 960 potissimum
2854 894 3127 958 volumus,
3152 903 3207 949 et
3226 897 3410 949 omnia
3434 910 3688 950 commu-

2100 982 2245 1036 niter
2290 984 2588 1039 constituta
2634 998 2988 1041 conservare.
3024 983 3213 1050 Neque
3256 984 3404 1038 enim
3451 984 3685 1051 singulis

2097 1075 2246 1138 licet,
2293 1089 2381 1128 res
2442 1087 2614 1128 novas
2654 1073 2941 1142 designare
2988 1081 3041 1128 et
3082 1074 3403 1129 decernere.
3448 1075 3602 1140 Quod
3639 1074 3684 1129 si

2098 1182 2161 1221 ex
2216 1166 2426 1221 sanctis
2471 1164 2728 1219 Patribus
2774 1173 2829 1219 et
2877 1164 3137 1219 Ecclesia:
3181 1165 3505 1219 doctoribus
3556 1174 3686 1219 sunt

2099 1273 2220 1327 quae
2275 1264 2650 1326 apponuntur,
2706 1264 2763 1310 et
2817 1256 3093 1309 communi
3146 1255 3356 1325 judicio
3403 1257 3683 1324 proposita

2064 1366 2065 1369 ‘
2097 1347 2541 1415 comprobantur,
2580 1346 2711 1398 nihil
2744 1355 2829 1399 est
2859 1344 3005 1413 quod
3039 1359 3099 1399 ea
3135 1344 3448 1412 prohibeat.
3486 1343 3551 1397 Et
3582 1344 3687 1397 hoc

2100 1437 2313 1491 divinus
2354 1434 2588 1489 Basilius
2619 1444 2745 1486 ante
2778 1434 3072 1489 secundam
3112 1434 3380 1503 synodum
3427 1436 3624 1487 statuit
3658 1448 3675 1488 ι

2105 1546 2124 1579 ι
2154 1526 2341 1581 Fidem
2392 1540 2492 1580 nos
2542 1541 2718 1594 neque
2777 1524 3134 1580 recentiorem
3165 1524 3234 1578 ab
3271 1525 3394 1579 aliis
3436 1522 3656 1578 conseri

2100 1628 2246 1688 ptam
2290 1626 2665 1685 acceptamus.
2701 1632 2721 1667 ι
2769 1615 2836 1669 Ει
2887 1615 3059 1669 nmlta
3104 1629 3403 1684 perpessus
3445 1615 3687 1667 Albana-

2100 1711 2216 1769 sius
2246 1709 2315 1764 de
2345 1709 2658 1764 Sardicensi
2710 1708 2920 1779 synodo
2950 1708 3141 1774 tradit,
3181 1708 3328 1763 illam
3362 1707 3683 1768 decernere,

411 1786 564 1847 Θεῖος
601 1785 708 1852 πρὸ
747 1786 844 1850 τῆς
873 1786 1137 1857 δευτέρας
1166 1791 1384 1845 συνόδου
1430 1793 1693 1863 ὡρίσατο,
1727 1796 1810 1848 ὅτι
1845 1817 1861 1849 ι
1898 1799 1994 1850 Πί-

2115 1820 2129 1853 ι
2158 1798 2307 1856 Fidei
2362 1799 2592 1855 Nicaznze
2624 1800 2995 1868 acquiescere.
3030 1817 3051 1851 ι
3101 1798 3214 1852 lmo
3243 1799 3484 1852 secunda
3526 1810 3689 1866 syno-

414 1896 542 1931 στιν
578 1879 739 1948 ἡμεῖς
770 1879 904 1948 παρ’
949 1880 1113 1934 ἄλλου
1157 1883 1517 1955 γραφομένην
1561 1886 1695 1955 ἡμῖν
1722 1889 1996 1959 νεωτέραν

411 1970 483 2023 οὐ
516 1970 965 2041 παραδεχόμεθα.
1017 1990 1035 2022 ι
1074 1974 1182 2026 Καὶ
1226 1975 1547 2039 Ἀθανάσιος
1580 1977 1636 2031 δὲ
1666 1979 1694 2031 ό
1725 1978 1995 2043 πολύτλας

409 2061 679 2130 περὶτῆς
726 2062 782 2115 ὲν
817 2061 1053 2133 Σαρδικῇ
1094 2064 1314 2117 συνόδου
1354 2067 1641 2136 διασαφεῖ,
1683 2068 1758 2131 ὡς
1808 2070 2001 2123 θεσπί-

410 2153 503 2215 ζει
537 2152 676 2221 αὕτη
709 2170 728 2203 ι
763 2154 1048 2223 ἀρκεῖσθαι
1100 2159 1167 2225 τῇ
1215 2158 1271 2209 έν
1324 2158 1529 2229 Νικαία
1571 2160 1731 2230 μόνῃ.
1770 2180 1789 2212 ι
1840 2162 2001 2214 Ἀλλὰ

2104 1892 2208 1946 dus
2242 1890 2578 1945 confidenter
2602 1888 2998 1958 superaddidit,
3022 1897 3279 1957 recteque
3306 1889 3495 1942 statuit
3521 1903 3690 1956 quar-

2105 1994 2158 2037 ta
2180 1982 2442 2053 synodus,
2467 1972 2682 2035 tertiam
2713 1982 3033 2042 subsecuta,
3061 1982 3107 2034 si
3137 1981 3438 2035 necessitas
3472 1986 3687 2049 urgeat,

2108 2081 2355 2126 nostram
2412 2070 2817 2125 confessionem
2860 2069 3083 2124 Patrum
3145 2069 3687 2139 interpretationibus

2109 2161 2523 2231 adiungendam
2558 2176 2703 2216 esse.

414 2247 525 2298 καὶ
554 2248 587 2315 ἡ
623 2246 753 2313 ἁγία
782 2248 1011 2331 δευτέρα
1040 2248 1259 2312 σύνοδος
1296 2250 1646 2321 θαρρούντως
1675 2254 2009 2323 προσέθηκε,
2037 2253 2130 2308 καὶ
2160 2253 2339 2318 καλῶς
2374 2252 2615 2324 ὡρίσατο
2646 2254 2677 2321 ἡ
2703 2253 2836 2320 ἁγία
2872 2252 3107 2323 τετάρτη
3143 2251 3380 2318 σύνοδος,
3413 2253 3508 2306 καὶ
3543 2252 3683 2321 μετὰ

414 2344 522 2412 τὴν
552 2345 742 2414 τρίτην
768 2338 924 2405 οὖσα,
949 2343 1022 2406 ὡς
1051 2344 1240 2415 χρείας
1269 2347 1567 2418 γενομένης
1598 2350 1698 2419 τὴν
1731 2349 2005 2420 ⁴ἡμετέραν
2035 2351 2427 2404 ἐπισυνάπτειν
2448 2349 2739 2418 ὁμολογίαν
2763 2350 2883 2411 ταῖς
2908 2346 3015 2399 τῶν
3043 2348 3305 2418 Πατέρων
3338 2350 3684 2417 ἑρμηνείαις.

495 2444 587 2509 ιη’.
628 2438 770 2491 Ἀλλ’
815 2438 924 2491 οὐδ’
972 2441 1034 2493 ὲκ
1083 2438 1179 2492 τοῦ
1238 2439 1372 2492 Υἱοῦ
1422 2441 1654 2511 λέγομεν
1709 2444 1895 2508 ἁπλῶς
1931 2445 1993 2499 τὸ

413 2531 652 2600 Πνεῦμα
680 2533 740 2585 τὸ
772 2530 928 2598 ἆίιον
970 2532 1393 2603 ἐκπορεύεσθαι,
1430 2538 1526 2588 καὶ
1557 2534 2003 2604 ἁπολελυμένως,

413 2623 510 2674 ἵνα
555 2622 630 2692 μὴ
679 2625 745 2691 τῇ
805 2623 934 2693 δόξῃ
990 2621 1081 2674 τοῦ
1116 2623 1385 2691 Εὐνομίου
1441 2628 1855 2693 περιπέσωμεν,
1891 2625 2005 2678 ἀλλ’

414 2710 545 2762 οὐδὲ
574 2709 632 2775 ἐξ
682 2711 814 2763 Υίοῦ
847 2711 946 2780 τὴν
977 2709 1216 2782 ὕπαρξιν
1249 2712 1416 2782 ἔχειν.
1450 2708 1557 2765 Ἦν
1597 2713 1705 2784 γὰρ
1738 2713 1803 2767 ἂν
1839 2716 1998 2785 ἀρχι-

415 2801 520 2855 κδν
558 2803 727 2855 αἴτιον
751 2804 776 2854 ὁ
808 2801 955 2867 Υἱὸς,
990 2805 1081 2854 καὶ
1114 2803 1213 2873 οὐχ
1280 2805 1307 2855 ὁ
1349 2802 1567 2872 Πατὴρ,
1603 2802 1796 2875 ὥσπερ
1828 2806 1856 2857 ό
1883 2806 2007 2873 θεή-

416 2895 590 2955 λατος
624 2893 887 2961 Εὐνόμιος
916 2892 1147 2962 ἔφασκε,
1178 2892 1362 2956 καθὼς
1388 2895 1415 2945 ὁ
1444 2895 1618 2966 μέγας
1648 2894 1925 2957 Βασίλειος
1948 2898 2007 2946 ὲν

414 2989 538 3049 τοῖς
567 2986 782 3038 ἐκείνου
815 2986 1059 3056 ἐλέγχοις
1085 2990 1141 3040 ὲν
1170 2986 1409 3057 δευτέρῳ
1443 2985 1587 3056 λόγῳ
1613 2986 1722 3037 τῶν
1770 2986 2003 3054 Ἀντιρο

2183 2444 2270 2499 18.
2297 2441 2485 2513 Neque
2517 2458 2618 2497 nos
2647 2442 2973 2510 simpliciter
2995 2451 3049 2495 et
3077 2441 3332 2495 absolute
3361 2444 3687 2506 asserimus,

2108 2533 2373 2602 Spiritum
2392 2549 2454 2589 ex
2485 2534 2624 2589 Filio
2645 2536 2939 2602 procedere
2960 2572 2976 2595 ,
3013 2549 3081 2587 ne
3112 2532 3166 2585 in
3185 2531 3441 2587 Eunomii
3469 2543 3689 2588 senten-

2111 2626 2240 2679 tiam
2273 2626 2554 2688 abeamus,
2585 2640 2760 2693 neque
2787 2639 2855 2678 ex
2886 2621 3024 2677 Filio
3049 2623 3425 2678 exsistentiam
3461 2624 3685 2679 habere.

2114 2716 2276 2771 Esset
2301 2715 2447 2769 ettim
2481 2713 2805 2783 principalis
2838 2726 3004 2766 causa
3039 2708 3234 2773 Filius,
3266 2720 3322 2764 et
3353 2724 3461 2763 non
3499 2710 3686 2773 Pater,

2116 2806 2582 2874 quemadmodum
2628 2806 2916 2871 calamitas
2943 2802 3205 2859 Ecclesia:
3231 2819 3260 2856 a
3290 2802 3398 2858 Deo
3437 2805 3685 2857 immissa

2115 2899 2419 2955 Eunomius
2448 2897 2844 2967 praetendebat,
2863 2907 2923 2950 ut
2953 2898 3171 2951 divinus
3198 2897 3436 2951 Basilius
3464 2896 3516 2949 in
3542 2896 3689 2949 illius

2114 2990 2565 3051 refutationibus,
2597 2990 2848 3043 oratione
2887 2990 3128 3043 secunda
3156 2987 3521 3041 Antirrhetica
3555 2988 3690 3040 scri-

412 3076 666 3146 ῥὴσεών
726 3094 911 3147 φησιν·
950 3096 967 3127 ι
1031 3077 1239 3129 Ἐκεῖνο
1295 3079 1350 3129 δὲ
1408 3079 1514 3129 τίνι
1572 3076 1680 3130 τῶν
1747 3078 2004 3131 ἁπάντων

2116 3085 2237 3141 bit:
2282 3103 2301 3136 ι
2341 3084 2478 3138 lllud
2524 3098 2651 3137 vero
2702 3083 2788 3136 cui
2843 3090 3032 3136 notum
3066 3098 3175 3135 non
3212 3091 3298 3135 cst
3338 3081 3538 3134 nullam
3567 3096 3692 3135 esse

421 3170 646 3234 ἄδηλον,
675 3171 757 3221 ὅτι
810 3170 1038 3238 οὐδεμία
1089 3168 1183 3221 τοῦ
1237 3170 1367 3222 Υἱοῦ
1410 3170 1663 3239 ἐνέργεια
1697 3172 2012 3239 ἀποτετμη-

423 3264 571 3333 μένη
634 3264 751 3314 ἐστὶ
786 3262 879 3314 τοῦ
940 3264 1173 3334 Πατρδς,
1223 3263 1343 3316 οὐδὲ
1404 3262 1517 3315 ἐστι
1559 3280 1612 3315 τι
1664 3265 1861 3327 ἐντοῖς
1890 3258 2011 3316 οὖσι

422 3359 506 3426 τῷ
538 3358 650 3428 Υίῷ
676 3359 944 3427 ὑπάρχον,
979 3356 1006 3409 ὃ
1039 3356 1134 3409 τοῦ
1178 3357 1388 3424 Πατρδς
1429 3356 1824 3426 ἠλλοτρίωται;
1858 3355 2012 3409 Πάν-

422 3468 502 3504 τα
533 3452 659 3522 γὰρ,
696 3452 869 3521 φησὶ,
906 3450 975 3504 τὰ
999 3449 1112 3519 ἐμὰ
1159 3450 1242 3503 σά
1292 3450 1455 3515 ἐστι,
1487 3449 1586 3502 καὶ
1630 3447 1700 3501 τὰ
1740 3447 1826 3501 σὰ
1874 3449 2009 3519 ἐμά.

425 3545 555 3606 Πῶς
609 3543 700 3596 οὖν
734 3542 827 3596 τοῦ
888 3542 1203 3613 [Ῑνεύματος
1238 3543 1336 3611 τὴν
1389 3543 1570 3594 αἰτίαν
1604 3542 1682 3612 τῷ
1716 3544 2016 3611 ¹νίονογενεϊ

425 3635 767 3706 προστίθησι
811 3636 985 3706 μόνῳ,
1047 3637 1140 3688 καὶ
1193 3635 1569 3705 κατηγόρημα
1631 3634 1737 3704 τῆς
1798 3634 2016 3704 φύσεως

425 3726 600 3780 αὐτοῦ
624 3728 719 3795 τὴν
743 3727 935 3780 τούτου
961 3726 1233 3796 λαμϐάνει
1281 3724 1684 3796 δημιουργίαν;
1731 3744 1750 3777 ι
1782 3724 1873 3777 Διὸ
1919 3725 2016 3777 καὶ

424 3823 457 3873 ὁ
502 3818 642 3880 θεῖος
680 3819 1090 3888 Δαμασκηνὸς,
1145 3835 1164 3869 ι
1230 3816 1324 3868 Ἐκ
1384 3816 1477 3868 τοῦ
1531 3815 1687 3877 Υίοῦ,
1744 3815 1918 3884 φησὶ,
1954 3815 2015 3867 τὸ

436 3911 668 3978 Πνεῦμα
705 3912 764 3965 οὐ
805 3910 1056 3978 λέγομεν.
1087 3931 1106 3963 ι
1130 3909 1209 3962 Δι’
1244 3908 1377 3963 Υίοῦ
1413 3909 1469 3961 δὲ
1501 3910 1759 3976 ὁμολογεῖ
1782 3908 1876 3961 καὶ
1911 3925 2014 3978 κη-

432 4003 650 4075 ρύττει,
697 4005 795 4054 καὶ
848 4002 905 4067 ἐξ
957 3999 1091 4053 Υἱοῢ
1147 4001 1247 4071 τὴν
1299 4000 1537 4070 ὓπαρξιν
1571 4000 1917 4067 ἀπαρνείται,
1947 3999 2015 4051 δι’

437 4093 578 4147 Υἱοῦ
603 4094 659 4145 δὲ
694 4091 901 4161 ταύτην
943 4091 1043 4143 οὐκ
1088 4091 1437 4160 ἀπαρνεῖται.
1500 4091 1561 4141 Εἰ
1614 4089 1669 4140 δὲ
1724 4088 1816 4140 καί
1873 4105 2015 4150 τινες

442 4189 557 4242 τῶν
591 4186 928 4240 ἀνατολικῶν
958 4184 1132 4252 ἁγίων
1165 4182 1429 4244 ὡσαύτως
1455 4187 1544 4234 καὶ
1576 4184 1625 4235 οἱ
1662 4182 1877 4243 πλείους
1908 4181 2016 4233 τῶν

432 4280 709 4347 ἑσπερίων
741 4281 857 4344 καὶ,
886 4278 955 4331 ἐκ
988 4277 1093 4332 τοῦ
1131 4275 1293 4340 Υἱοῦ,
1314 4275 1683 4342 θεολογοῦσιν,
1716 4275 1777 4327 οὐ
1811 4274 2013 4341 διαφω-

431 4372 525 4422 νία
554 4368 732 4433 τοῦτο,
782 4369 920 4423 ἀλλὰ
971 4368 1068 4421 καὶ
1110 4368 1317 4438 μᾶλλον
1348 4367 1661 4435 συμφωνία.
1694 4367 1874 4418 Tum?)
1908 4369 2015 4434 γὰρ

2114 3176 2490 3246 operationem
2547 3172 2669 3228 Filii
2728 3189 2757 3225 a
2812 3172 2976 3225 Patre
3025 3174 3284 3236 divisam,
3338 3188 3521 3241 neque
3570 3189 3692 3227 esse

2114 3267 2393 3338 quidpiam
2428 3267 2481 3319 in
2511 3266 2701 3329 rebus,
2731 3264 2879 3333 quod
2909 3265 2962 3318 in
2987 3264 3125 3319 Filio
3151 3266 3242 3327 sit,
3273 3274 3328 3319 et
3360 3266 3688 3319 sitalieuum

2114 3375 2145 3414 a
2187 3359 2365 3413 Patre.
2424 3357 2620 3412 Omnia
2662 3358 2842 3422 enim,
2902 3358 3006 3421 ait,
3057 3374 3173 3410 mea
3214 3368 3304 3410 tua
3337 3371 3480 3415 sum.
3513 3366 3562 3409 et
3600 3366 3692 3408 tua

2116 3468 2254 3506 mea.
2282 3449 2569 3516 Quomodo
2609 3450 2794 3516 itaque
2842 3464 3062 3503 causam
3097 3448 3334 3516 Spiritus
3359 3447 3459 3501 soli
3493 3445 3691 3513 Unige-

2117 3542 2236 3597 nito
2264 3540 2544 3610 appingit,
2578 3548 2633 3593 et
2669 3547 2876 3592 natura:
2899 3538 3049 3593 illius
3083 3540 3489 3591 accusationem
3530 3538 3693 3605 hujus

2117 3633 2399 3704 opificium
2427 3632 2664 3701 accipit?
2696 3649 2715 3681 ι
2742 3632 2923 3695 Quare
2962 3641 3016 3683 ct
3047 3630 3269 3683 divinus
3294 3628 3689 3692 Damasceuus,

2122 3742 2140 3775 ι
2174 3722 2247 3776 Ex
2281 3722 2439 3787 Filio,
2468 3724 2563 3787 ait,
2590 3722 2855 3790 Spiritum
2892 3738 2999 3777 non
3030 3722 3285 3786 dicimus,
3314 3740 3332 3775 ι
3370 3737 3463 3790 per
3494 3722 3691 3775 Filium

2119 3830 2246 3870 vero
2300 3814 2502 3868 fatetur
2527 3821 2583 3869 et
2613 3812 2896 3883 praedicat,
2946 3822 3001 3867 et
3050 3829 3115 3868 ex
3150 3811 3289 3867 Filio
3318 3813 3692 3866 exsistentiam

2121 3904 2320 3958 habere
2351 3912 2636 3975 pernegat,
2670 3918 2781 3957 non
2808 3917 2940 3957 vero
2969 3919 3065 3972 per
3085 3903 3284 3956 Filium
3316 3917 3434 3956 eam
3464 3902 3691 3956 habere.

2121 3994 2278 4061 Quod
2316 3995 2361 4049 si
2394 4009 2458 4048 ex
2493 3993 2871 4050 Orientalibus
2888 3995 3095 4049 sanctis
3110 3994 3329 4064 quidam
3366 4034 3381 4059 ,
3415 3994 3696 4062 multoque

2120 4088 2310 4159 plures
2367 4104 2433 4141 ex
2477 4088 2937 4154 Occidentalibus,
2966 4086 3133 4141 etiam
3165 4102 3227 4139 ex
3269 4084 3416 4139 Filio
3454 4088 3696 4144 tradant.

2121 4196 2230 4233 non
2274 4189 2360 4234 est
2388 4181 2600 4235 discors
2634 4181 2747 4234 haec
2773 4180 3070 4242 sententia,
3101 4178 3195 4233 sed
3235 4180 3417 4248 porius
3440 4191 3695 4231 concors.

2121 4272 2234 4326 Hoc
2275 4287 2510 4341 namque
2563 4272 2664 4325 sibi
2714 4272 2827 4325 vult
2875 4288 2939 4325 ea:
2969 4270 3129 4334 Filio,
3167 4271 3312 4339 quod
3346 4285 3435 4337 per
3471 4268 3692 4320 Filium.

2123 4366 2304 4432 Quare
2350 4366 2417 4417 iis
2447 4366 2541 4432 qui
2579 4363 2880 4431 prudenter
2927 4380 3017 4416 res
3046 4364 3359 4415 examinare
3389 4359 3690 4424 voluerint,

434 4463 689 4533 βούλεται
714 4464 769 4516 τὸ
799 4463 868 4516 ἐκ
896 4461 999 4515 τοῦ
1028 4460 1160 4515 Υίοῦ
1203 4460 1280 4517 τῶ
1303 4461 1399 4514 διὰ
1432 4458 1534 4514 τοῦ
1571 4458 1727 4512 Υἱοῦ.
1752 4459 2008 4528 Πρόδηλοε.

2129 4453 2478 4508 manifestum
2535 4452 2661 4515 erit,
2721 4450 3032 4519 ubicunque
3058 4466 3147 4519 per
3175 4449 3492 4520 praepositio
3528 4462 3698 4515 appo-

434 4554 533 4608 οὖν
564 4558 675 4616 τοῖς
710 4554 956 4606 ἐθέλουσι
987 4555 1226 4615 συνετῶς
1257 4554 1420 4617 νοεῖν,
1451 4551 1525 4613 ὡς
1554 4550 1682 4602 ἔνθα
1710 4550 1774 4603 ἂν
1806 4549 2017 4601 τίθεται

436 4651 474 4719 ἠ
525 4647 622 4700 διὰ
671 4646 934 4716 πρόθεσις
981 4644 1411 4716 παρηγουμένην
1458 4643 1570 4712 ἔχει
1613 4642 1713 4711 τὴν
1759 4642 1827 4693 ἐκ
1884 4641 2018 4707 πρό·

438 4745 618 4794 θεσιν.
688 4738 966 4802 Ὡσαύτως
1023 4740 1118 4790 καὶ
1172 4739 1199 4790 ὁ
1258 4736 1359 4789 καὶ
1417 4735 1828 4805 συμπλεκτικὸς
1896 4732 2022 4783 σύν-

434 4837 638 4903 δεσμος
668 4831 1138 4903 προῦποκείμενον
1173 4830 1287 4899 ἔχει
1323 4829 1421 4899 τὴν
1450 4829 1539 4881 ἐκ.
1562 4828 1618 4879 Ὀ
1654 4827 1785 4894 γοῦν
1811 4825 2011 4890 λέγων,

439 4928 516 4981 ἐκ
562 4924 667 4979 τοῦ
709 4924 870 4991 Υἱοῦ,
904 4923 1327 4992 ἀπολελυμένας
1360 4922 1459 4973 οὐκ
1515 4918 1691 4982 ἄλλως
1755 4919 1866 4969 νοεῖ
1921 4918 2015 4968 καὶ

435 5021 611 5085 λέγει.
626 5019 684 5071 '0
717 5018 774 5071 δὲ
792 5018 887 5070 καὶ
903 5015 1002 5086 τὴν
1022 5016 1091 5068 ἐκ
1114 5012 1492 5081 προῦποτιθεὶς
1508 5011 1603 5063 καὶ
1630 5007 2021 5061 ἐπισυνάπτων

440 5113 473 5164 δ
503 5112 535 5163 ὰ
561 5110 656 5162 τοῦ
695 5109 792 5161 καὶ
827 5108 1150 5175 συνδέσμου,
1178 5106 1343 5173 ἤγουν
1370 5104 1436 5155 ἐκ
1468 5099 1697 5168 [Iutde
1728 5096 1823 5151 καί
1863 5095 2020 5162 Υἱοῦ,

439 5204 742 5265 διίκνυσιν,
762 5202 843 5252 ὅτι
871 5199 1022 5270 πηγὴ
1048 5199 1142 5251 καὶ
1167 5196 1308 5266 ἁρχὴ
1340 5196 1431 5247 καὶ
1450 5194 1597 5247 αἰτία
1616 5195 1763 5244 ἐστὶν
1786 5191 1812 5241 ὁ
1834 5188 2024 5259 Πατὴρ

437 5294 544 5359 τῆς
578 5293 703 5359 ὅλης
745 5290 1018 5358 θεύτητος.
1053 5287 1285 5338 Ἔπειτα
1316 5284 1376 5337 τὸ
1399 5284 1579 5351 λέγειν
1606 5280 1699 5334 καὶ
1735 5279 1949 5349 φρονεῖν
1970 5276 2028 5339 ἐξ

440 5382 581 5437 Υἱοῦ
633 5381 694 5432 τὸ
746 5381 973 5449 Πνεῦμα
1032 5380 1092 5432 τὸ
1144 5378 1299 5445 ἅγιον
1352 5371 1638 5437 εἷναι,κα¹ι
1672 5372 1769 5442 τὴν
1819 5370 2027 5421 οἰκείαν

444 5473 691 5543 ὕπαρξιν
722 5472 888 5541 ἔχειν,
918 5471 1018 5523 οὐκ
1050 5471 1268 5538 ἀληθές.
1297 5464 1405 5519 Ἠν
1433 5466 1546 5535 γὰρ
1580 5466 1643 5517 ἂν
1684 5465 1776 5514 καὶ
1813 5464 1868 5527 ἐξ
1894 5460 2026 5514 Υίοῦ

446 5567 616 5634 μόνου
654 5563 730 5632 μὴ
766 5561 1193 5632 μεσολαίοῦντος
1246 5559 1337 5611 τ(ιῦ
1379 5559 1588 5625 Πατρὸς
1639 5556 1773 5624 πρὸς
1809 5558 1905 5624 τὴν
1937 5553 2028 5606 τοῦ

445 5656 772 5724 Πνεύματος
802 5654 1052 5724 πρόοδον.
1100 5653 1232 5705 Οὐδὲ
1278 5653 1386 5719 γὰρ
1431 5653 1459 5697 ὁ
1504 5651 1693 5717 Πατὴρ
1728 5649 1890 5717 μέσος
1930 5649 2029 5712 ἁμ-

446 5749 576 5819 φοῐν
612 5749 726 5800 τοῖν
778 5744 1089 5816 προσώπων
1144 5745 1271 5799 Υιοῦ
1334 5745 1424 5797 καὶ
1477 5741 1812 5810 11ε,νεύ;ι.ατος.
1844 5738 2024 5807 Ταύτῃ

2125 4546 2293 4608 uitur,
2317 4551 2646 4613 ptzeeuutem
2667 4541 2867 4594 habere
2891 4556 2990 4605 ex;
3020 4540 3272 4594 similiter
3294 4549 3340 4591 et
3373 4537 3698 4603 copulativa:

2123 4633 2503 4701 conjunctioni
2532 4647 2596 4683 ex
2651 4630 2914 4699 prasponi.
2957 4628 3139 4694 Quare
3191 4628 3281 4697 qui
3342 4628 3589 4680 absolute
3618 4627 3699 4677 iu-

2124 4726 2265 4792 quit,
2290 4739 2353 4776 ea:
2384 4723 2542 4785 Filio,
2569 4738 2674 4775 non
2706 4721 2812 4773 alio
2849 4722 3007 4774 modo
3042 4735 3139 4773 nec
3166 4719 3353 4780 sentit,
3387 4735 3487 4771 nec
3529 4733 3703 4772 enun-

2126 4816 2244 4870 tiat.
2267 4815 2334 4868 At
2354 4815 2445 4884 qui
2476 4830 2540 4868 ea:
2572 4813 2838 4883 praeponit
2869 4811 3215 4881 adnectitquc
3242 4827 3337 4880 per
3354 4809 3700 4881 conjunctio-

2127 4924 2252 4962 nem
2286 4916 2357 4970 ct,
2399 4922 2592 4976 nempe
2622 4922 2685 4959 ex
2708 4905 2874 4959 Patre
2900 4915 2947 4958 et
2986 4902 3145 4964 Filio,
3180 4902 3439 4967 ostendit,
3474 4902 3700 4967 fontem,

2126 5009 2181 5053 et
2212 4999 2564 5069 principium,
2596 5009 2649 5051 ct
2684 5014 2905 5052 causam
2951 4997 3116 5050 totius
3146 4996 3450 5049 divinitatis
3485 4995 3697 5048 Patrem

2130 5108 2276 5148 esse.
2303 5089 2657 5145 Postmodum
2696 5090 2878 5143 dicere
2940 5105 3003 5141 ac
3043 5099 3247 5151 tenere,
3274 5104 3336 5141 cx
3374 5086 3508 5141 Filio
3528 5087 3704 5157 Spiri~

2134 5194 2243 5237 tum
2270 5192 2519 5236 sanctum
2559 5197 2679 5235 esse
2713 5189 2766 5233 et
2805 5171 3075 5248 propriam
3110 5180 3482 5232 exsistentiam
3542 5179 3701 5232 habe-

2132 5289 2214 5337 re,
2244 5289 2430 5327 verum
2460 5286 2684 5340 prorsus
2720 5285 2826 5323 non
2856 5279 2965 5323 est.
2997 5269 3151 5323 Esset
3178 5269 3322 5323 enim
3351 5286 3412 5323 ex
3451 5269 3587 5323 Filio
3619 5286 3709 5323 so-

2135 5366 2211 5427 lo,
2246 5380 2369 5417 cum
2409 5362 2643 5416 Paterin
2673 5361 2909 5428 Spiritus
2954 5361 3307 5428 processione
3360 5361 3567 5413 medius
3597 5376 3704 5413 non

2134 5458 2238 5511 sit:
2274 5470 2453 5524 neque
2488 5454 2632 5507 enim
2668 5454 2824 5507 Pater
2856 5452 3002 5505 inter
3029 5451 3167 5505 duas
3210 5466 3471 5520 personas
3509 5449 3703 5502 Filium

2133 5559 2187 5602 et
2219 5548 2485 5616 Spiritum
2520 5545 2731 5598 medius
2759 5553 2861 5598 est.
2895 5547 3304 5610 l’roptcrcaquc
3338 5556 3443 5592 non
3472 5540 3708 5593 dicimus

2138 5656 2200 5694 ex
2254 5639 2393 5691 Filio
2439 5636 2726 5702 Spiritum,
2768 5649 2945 5702 neque
2986 5632 3301 5701 procedere,
3354 5644 3526 5695 neque
3563 5630 3705 5696 qum]

2138 5733 2229 5799 sit,
2259 5729 2529 5799 accipere,
2556 5744 2734 5799 neque
2765 5724 2994 5785 effundi,
3030 5723 3121 5778 scd
3157 5738 3249 5790 pcr
3275 5721 3470 5775 Filium
3501 5730 3708 5775 tantum
