4176 6278
529 349 636 411 ⁸243

1446 362 1827 423 GREGORII
1874 360 2175 427 ΜΑΜΜᾸΞ
2217 370 2326 432 CP.
2367 372 2874 433 ΡΑΤίιΙΛίἰίὲῐιιΕ

3677 373 3785 437 214

533 481 598 521 ex
625 463 806 521 Patre.
836 465 989 533 Quod
1018 468 1156 524 idem
1189 471 1293 525 erit
1325 486 1389 527 ac
1421 474 1628 541 dicere,
1662 493 1724 531 ex
1753 476 1911 531 Patre
1939 481 2102 533 simul

2222 504 2299 539 τοι
2360 487 2459 540 οὐκ
2519 486 2576 555 ἐξ
2637 484 2768 541 Υίοῦ
2836 488 2897 541 τὸ
2957 483 3185 556 Πνεῦμά
3243 502 3448 557 φαμεν,
3480 486 3593 542 οὐτ’
3623 490 3785 545 ἐκπο-

530 573 596 613 ac
627 556 785 619 Filio,
820 568 878 612 ut
911 575 1067 614 sacer
1099 562 1428 635 divinusque
1456 566 1831 625 Damascenus
1863 572 1915 623 in
1959 570 2107 624 deci-

532 664 621 700 mo
665 649 831 702 tertio
886 650 1070 720 capite
1127 654 1361 709 scribit:
1396 675 1413 707 ι
1460 658 1524 711 Et
1574 675 1669 728 per
1707 658 1947 714 Verbum
1983 676 2111 727 pro-

530 738 726 792 ductor
747 741 929 794 omnia
957 742 1355 801 manifestantis
1382 746 1671 815 Spiritus.»
1712 752 1948 822 inclytus
1980 752 2106 807 item

530 827 863 899 divinusque
908 832 1179 889 Maximus
1231 839 1280 890 in
1308 838 1779 908 interpretatione,
1807 858 1912 911 quo
1943 858 2107 899 sensu

529 921 913 987 accipiendum
943 925 1014 979 sit
1043 926 1249 981 dictum
1280 928 1595 985 Zachariam
1647 932 1714 986 Et
1745 950 1902 1004 super
1939 936 2108 1003 ipsam

528 1029 696 1079 parva
720 1014 947 1085 lampas,
968 1028 1017 1072 et
1047 1019 1272 1075 lucerna
1294 1022 1337 1086 ¹,
1358 1023 1556 1078 tradit:
1582 1042 1601 1077 ι
1625 1024 1861 1095 Spiritus
1886 1039 2109 1084 sanctus

531 1105 996 1168 quemadmodum
1057 1121 1249 1164 natura
1307 1116 1612 1168 secundum
1671 1119 1963 1172 essentiam
2024 1129 2110 1173 est

528 1193 625 1247 Dei
662 1204 714 1248 et
747 1196 950 1264 Patris,
981 1200 1053 1255 ita
1084 1210 1138 1255 et
1173 1201 1298 1258 Filii
1328 1206 1629 1261 secundum
1662 1210 1957 1265 essentiam
2001 1219 2106 1277 est,

530 1294 792 1356 tanquam
827 1291 919 1359 qui
955 1307 1021 1346 ex
1056 1293 1217 1349 Patre
1252 1298 1626 1354 essentisliter
1655 1316 1751 1370 per
1787 1301 1982 1355 Filium
2017 1319 2110 1372 ge.-

536 1379 738 1445 uitum,
776 1383 962 1449 modo,
1000 1386 1095 1454 qui
1124 1387 1360 1456 exprimi
1391 1390 1576 1445 verbis
1609 1407 1717 1445 nou
1751 1401 1954 1462 potest,
1981 1409 2109 1462 pro-

534 1472 761 1528 cedens.
804 1492 822 1525 ι
852 1475 919 1529 Ει
955 1477 1125 1530 multa
1161 1493 1453 1548 perpessus
1483 1482 1821 1539 Athanasius
1852 1486 1915 1538 ad
1945 1485 2105 1539 Sera-

533 1564 750 1631 pionem
781 1566 1048 1638 Epistola,
1076 1573 1237 1641 cujus
1277 1574 1646 1644 principium:
1681 1596 1699 1628 ι
1734 1578 2109 1634 Admiraberis

532 1658 765 1713 fortasse
792 1678 805 1713 :
841 1679 963 1713 ο--ι
1006 1662 1123 1716 Non
1142 1664 1285 1719 enim
1315 1678 1465 1720 extra
1486 1665 1720 1722 Verbum
1742 1668 1981 1739 Spiritus
2003 1680 2108 1737 est,

531 1752 626 1805 sed
664 1752 719 1806 in
749 1752 931 1809 Verbo
975 1771 1096 1810 cum
1141 1757 1233 1823 sit,
1284 1758 1336 1811 in
1392 1759 1499 1814 Deo
1526 1760 1819 1831 peripsum
1845 1773 1946 1819 est.
1995 1783 2014 1817 ι
2044 1764 2110 1819 Et

536 1844 728 1911 paucis
763 1839 1069 1915 interiectis
1102 1865 1116 1901 :
1169 1866 1187 1900 ι
1235 1847 1444 1919 Spiritu
1494 1852 1797 1909 exsistente
1828 1854 1883 1907 in
1912 1852 2107 1924 Verbo,

531 1936 743 1989 clarum
801 1946 908 2002 est,
957 1946 1012 1992 et
1063 1939 1116 1993 in
1178 1939 1289 1995 Deo
1339 1957 1461 1997 esse
1522 1957 1621 2012 per
1660 1943 1899 1999 Verbum
1936 1945 2113 2018 Spiri-

530 2042 670 2085 tum.
713 2047 733 2081 ι

603 2210 692 2269 l9.
730 2209 918 2283 Neque
941 2212 1087 2267 enim
1116 2213 1424 2285 proprietas
1458 2213 1636 2273 Patris
1672 2222 1757 2271 est
1780 2216 2107 2287 producere,

534 2316 593 2360 ut
622 2318 679 2361 et
709 2307 861 2362 solus
913 2306 1205 2377 producat.
1253 2306 1435 2364 Patris
1475 2310 1747 2380 siquidem
1787 2313 2096 2383 proprietas

535 2412 801 2465 generare
853 2407 979 2460 est:
1042 2400 1311 2469 siquidem
1360 2409 1473 2455 tres
1497 2409 1709 2456 tantum
1746 2404 2112 2471 proprietates

531 2488 835 2555 credimus,
875 2498 934 2543 ut
981 2490 1155 2545 sancti
1205 2498 1260 2545 et
1312 2491 1455 2547 inter
1483 2508 1580 2548 eos
1608 2493 1918 2549 divinorum
1952 2510 2114 2549 arca-

541 2591 739 2631 norum
777 2578 1045 2650 interpres
1076 2577 1317 2636 Basilius
1345 2623 1361 2648 ,
1401 2582 1633 2653 epismla
1666 2582 1732 2636 ad
1760 2582 2007 2650 fratrem,
2039 2584 2113 2641 De

532 2670 774 2724 essentia
806 2679 862 2725 et
891 2672 1168 2741 Itypostasl
1212 2673 1412 2727 tradit:
1470 2692 1489 2724 ι
1527 2674 1689 2729 Pater
1722 2690 1854 2731 vero
1889 2677 1981 2746 qui
2023 2693 2113 2731 su-

538 2778 633 2831 per
668 2763 852 2818 omnia
898 2773 1005 2829 est,
1050 2764 1379 2832 peculiarem
1428 2766 1738 2836 hypostasis
1773 2781 1887 2821 sua:
1938 2768 2117 2823 n0tio-

536 2871 660 2910 nem
704 2855 855 2911 solus
885 2856 1075 2918 habet,
1101 2855 1249 2925 quod
1274 2856 1436 2911 Pater
1468 2869 1571 2921 est,
1598 2866 1650 2912 et
1680 2858 1823 2926 quod
1867 2872 1932 2913 ex
1962 2859 2111 2913 nulla

536 2946 763 2999 omnino
812 2959 977 3001 causa
1011 2946 1263 3003 subsistit
1292 2964 1305 3012 ;
1342 2955 1507 3017 atque
1540 2948 1646 3003 isto
1677 2948 1876 3003 iterum
1907 2949 2114 3006 indicio

535 3049 591 3094 et
622 3040 739 3110 ipse
765 3040 987 3111 proprie
1019 3055 1080 3095 ac
1116 3041 1409 3110 separatim
1444 3042 1776 3111 agnoscitur.
1827 3061 1847 3095 ›
1877 3043 2117 3098 Theolo-

2216 578 2494 648 ρεύεσθαι,
2532 583 2627 634 καί
2659 582 2721 633 τὸ
2777 574 2919 635 εἶναι
2966 578 3291 649 λαμϐάνειν,
3324 580 3451 633 οὐτε
3503 582 3611 651 μὴν
3652 600 3786 655 προ-

2212 670 2447 741 χεῖσθαι,
2506 670 2575 725 δι’
2624 670 2755 727 Υἰοῦ
2804 673 2862 727 δι
2908 673 3069 743 μόνον
3118 673 3181 725 ὲκ
3223 672 3461 744 Πατρός.
3493 674 3701 729 Ταυτδν
3728 675 3788 730 δὲ

2212 762 2386 814 εἰπεῖν
2417 762 2482 815 ὲκ
2507 763 2723 832 Πατρός
2756 780 2814 816 τε
2859 762 2978 832 ἆμα
3024 766 3121 818 καὶ
3158 762 3312 828 Υἰοῦ,
3341 762 3426 826 ὡς.
3447 763 3543 817 καὶ
3576 767 3606 817 ὁ
3642 764 3789 836 ἱερὸς

2213 852 2312 905 καὶ
2342 851 2483 912 θεῖος
2529 854 2888 922 Δαμασκηνὸς
2941 855 2998 907 ὲν
3039 853 3477 924 τρισκαιδεκάτῳ
3505 855 3791 926 κεφαλαίῳ

2212 944 2346 1014 φησί
2376 963 2389 978 ο
2425 964 2443 997 ι
2486 947 2599 1000 Καὶ
2650 946 2735 998 διὰ
2796 947 2970 1014 Λόγου
3036 946 3341 1015 προϐολεύς
3384 948 3787 1016 ικφαντορικοῦ

2213 1037 2561 1109 Πνεῦματος.
2612 1055 2631 1087 ι
2672 1036 2784 1089 Καὶ
2821 1040 2849 1090 ό
2880 1035 3091 1100 κλεινὸς
3127 1038 3221 1091 καὶ
3273 1038 3417 1101 θεῖος
3448 1039 3697 1108 Μάξιμος
3728 1042 3790 1094 ὲν

2209 1122 2286 1190 οἷς
2317 1125 2630 1197 ἐρμηνεύει,
2661 1128 2711 1180 τί
2741 1124 2874 1195 δῆτα
2906 1127 3156 1197 βούλεται
3204 1126 3281 1197 τῷ
3313 1128 3570 1200 προφήτῃ
3600 1131 3787 1198 Ζαχαο

2213 1218 2325 1289 pla,
2348 1218 2457 1273 Kal
2477 1218 2571 1271 ἐπ’
2593 1216 2748 1286 αὐτῇ
2770 1218 3115 1288 λαμπάδιον
3136 1220 3233 1273 καί
3261 1216 3317 1272 οἰ
3348 1220 3597 1291 λύχνοι,
3627 1222 3786 1289 φησὶ,

2218 1330 2236 1363 ι
2284 1312 2357 1365 Τὸ
2378 1312 2533 1379 ἆγιον
2551 1310 2772 1381 Πνεῦμα
2796 1310 2983 1380 ὥσπερ
3007 1312 3165 1380 φύσει
3192 1310 3312 1364 κατ’
3328 1313 3515 1365 οὐσίαν
3543 1314 3788 1382 ὑπάρχον

2210 1401 2303 1455 τοῦ
2328 1400 2464 1454 Θεοῦ
2496 1404 2592 1455 καὶ
2631 1402 2742 1454 Πατ
2754 1401 2863 1468 ρδς,
2886 1396 3027 1454 οὕτω
3045 1401 3248 1454 καὶτοῦ
3287 1400 3417 1453 Υἰοῦ
3443 1402 3565 1453 κατ’
3588 1402 3784 1454 οὐσίαν

2211 1492 2381 1552 ἐστὶν,
2413 1490 2488 1553 ὡς
2523 1492 2587 1542 ἐκ
2621 1490 2714 1543 τοῦ
2750 1490 2961 1553 Πιτρδς
3002 1489 3275 1553 οὐσιωδῶς
3311 1490 3380 1544 δι’
3424 1491 3554 1544 Υἱοῦ
3586 1509 3786 1561 γεννη-

2213 1580 2395 1641 Οέντος
2423 1579 2718 1648 ἀφράστως
2747 1580 3207 1649 ἐκπορευόμενον.
3258 1599 3277 1632 ι
3310 1582 3419 1634 Καὶ
3454 1582 3483 1634 ό
3518 1582 3791 1644 πολύτλας

2211 1670 2269 1723 δὲ
2313 1670 2631 1733 Ἀθανάσιος
2670 1672 2727 1721 iv
2770 1673 2835 1740 τῇ
2879 1670 3017 1736 πρὸς
3049 1671 3397 1741 Σεραπίωνα.
3442 1665 3508 1743 ἧς
3543 1674 3575 1741 ἡ
3619 1673 3791 1744 ἀρχὴν

2221 1781 2240 1814 ι
2257 1764 2411 1824 Ἱσως
2438 1760 2735 1832 θαυμάσεις
2760 1777 2775 1792 ⁸
2800 1780 2924 1814 ι-ι
2952 1762 3027 1815 Οὐ
3046 1762 3151 1832 γὰρ
3174 1764 3322 1826 ἐκτός
3341 1765 3455 1816 ἔστι
3486 1762 3579 1816 τοῦ
3610 1765 3789 1830 Λόγου

2212 1850 2273 1902 τὸ
2305 1849 2552 1920 Πνεῦμα,
2593 1848 2709 1903 ἀλλ’
2756 1852 2811 1903 ἒν
2860 1852 2937 1917 τῷ
2988 1851 3145 1922 Λόγῳ
3194 1850 3273 1912 ὃν,
3324 1852 3382 1904 ὲν
3428 1850 3508 1920 τῷ
3553 1850 3672 1921 Θεῷ
3720 1852 3789 1905 δι’

2214 1940 2380 1994 αὐτοῦ
2431 1943 2567 1995 ἔστι.
2607 1959 2626 1993 ›
2666 1943 2774 1996 Καὶ
2807 1943 2925 2011 μετ’
2956 1942 3133 2011 όλίγαο
3171 1962 3189 1994 ι
3230 1942 3337 1996 Τοῦ
3367 1943 3424 1996 δὲ
3465 1943 3792 2014 Πνεῦματος

2213 2032 2367 2096 ὐντος
2398 2035 2454 2086 ιν
2483 2027 2559 2101 τῷ
2592 2034 2774 2104 Λόγῳ,
2809 2032 2970 2104 δῆλον
3014 2034 3080 2089 ἂν
3108 2035 3219 2104 εῐη,
3250 2035 3324 2098 ὠς
3360 2035 3452 2089 καὶ
3481 2037 3539 2088 tv
3566 2035 3642 2104 τῷ
3669 2035 3793 2108 Θεῷ

2214 2121 2284 2196 ἦν
2315 2125 2403 2178 διὰ
2438 2124 2532 2178 τοῦ
2559 2125 2736 2194 Λόγου
2777 2125 2836 2178 τὸ
2864 2125 3109 2195 Πνεῦμα.
3143 2144 3162 2177 ι

2308 2215 2391 2272 ιϐ’.
2446 2218 2519 2271 Οὐ
2564 2218 2673 2287 γὰρ
2722 2216 2920 2283 ἰδιότης
2950 2216 3044 2271 τοῦ
3078 2218 3291 2288 Πατρδς
3330 2219 3391 2272 τὸ
3429 2220 3791 2288 προϐάλλειν,

2218 2308 2305 2362 ἵνα
2360 2310 2453 2361 καὶ
2502 2307 2661 2377 μόνος
2712 2307 3014 2378 προϐάλλῃ.
3064 2308 3127 2361 ’Π
3175 2310 3283 2377 γὰρ
3316 2308 3519 2375 ἰδιότης
3547 2308 3642 2362 τοῦ
3676 2312 3797 2364 Πα-

2220 2401 2349 2471 τρδς
2394 2401 2454 2453 τδ
2513 2401 2708 2470 γεννᾷν
2759 2401 2927 2466 ἐστιν,
2983 2399 3140 2469 εἰπερ
3183 2401 3332 2469 τρεῖς
3386 2400 3656 2467 ἰδιότητας
3709 2418 3797 2453 πι-

2219 2492 2483 2562 στεύομεν
2528 2492 2624 2546 καὶ
2651 2492 2811 2561 μόνον
2841 2491 2984 2545 κατὰ
3013 2492 3135 2554 τούς
3168 2492 3377 2558 ἁγίους,
3405 2489 3501 2543 καὶ
3525 2490 3667 2544 κατά
3700 2493 3797 2544 τὸν

2221 2584 2555 2654 θεοφάντορα
2586 2583 2885 2638 Βασίλειον’
2914 2586 2971 2638 ὲν
3005 2586 3071 2654 τῇ
3094 2582 3230 2653 πρὸς
3259 2584 3348 2636 τὸν
3379 2583 3512 2639 tam
3541 2582 3797 2649 ἀδελφὺν,

2222 2674 2358 2744 Περὶ
2404 2675 2588 2737 οὐσίας
2640 2676 2734 2728 καὶ
2786 2676 3137 2739 ὑποστάσεως
3176 2674 3369 2743 φησίν·
3416 2693 3434 2726 ι
3480 2676 3545 2728 Ὃ
3589 2673 3647 2727 δὲ
3704 2676 3799 2727 ἐπὶ

2218 2766 2441 2820 πάντων
2497 2766 2773 2836 ἐξαίρετον
2831 2765 3123 2837 γνώρισμα
3176 2767 3275 2834 τῆς
3306 2766 3500 2819 ἑαυτοῦ
3547 2767 3797 2822 ὑποστά-

2219 2876 2355 2922 σεως
2399 2859 2459 2913 τὸ
2488 2860 2676 2930 Πατὴρ
2715 2854 2875 2925 εἰναι,
2904 2860 2999 2912 καὶ
3034 2861 3096 2912 ὲκ
3129 2858 3401 2928 μηδεμιᾶς
3444 2857 3624 2919 αἰτίας
3657 2860 3797 2912 ὐπο⁹

2220 2953 2415 3019 στῆναι
2451 2948 2611 3019 μόνον
2662 2948 2811 3019 ἔχει’
2865 2948 2961 3002 καὶ
3022 2946 3113 3001 διὰ
3165 2945 3360 3000 τούτου
3412 2947 3506 3000 τοῦ
3556 2948 3795 3015 σημείου

2217 3042 2315 3095 καὶ
2370 3041 2534 3103 αὐτὸς
2593 3040 2903 3105 ἰδιαζόντως
2934 3039 3388 3107 ἐπιγινώσκεται·
3428 3057 3446 3089 ι
3485 3038 3578 3092 καὶ
3612 3038 3709 3090 τὸν
3740 3041 3797 3091 ὲν

534 3147 637 3202 gus
672 3132 971 3203 Gregorius
996 3132 1050 3187 id
1084 3132 1226 3187 idem
1271 3130 1459 3186 multis
1503 3132 1619 3188 suis
1651 3132 1996 3189 orationibus
2027 3150 2113 3189 as-

2224 3134 2479 3206 θεολογίᾳ,
2518 3133 2823 3205 Γρηγόριον
2879 3136 2937 3186 ὲν
2981 3132 3200 3195 πολλοῖς
3252 3129 3361 3183 τῶν
3410 3129 3576 3184 αὐτοῦ
3615 3130 3798 3197 λόγων

538 3233 778 3289 schrat,
824 3234 940 3278 tum
980 3223 1032 3278 in
1066 3222 1285 3279 funebri
1340 3223 1652 3279 laudatione
1680 3226 1859 3296 magni
1886 3225 2111 3283 Basilii:

540 3333 561 3366 ε
602 3313 729 3370 Tria
792 3314 1013 3386 quidem
1056 3313 1518 3385 proprietatibus,
1548 3314 1785 3370 essentia
1816 3330 1984 3370 unum
2017 3330 2113 3368 co-

537 3410 748 3475 lentes;
786 3425 805 3459 ι
839 3417 953 3461 tum
994 3406 1048 3460 in
1074 3419 1231 3461 sacra
1264 3402 1529 3459 Lumina:
1562 3424 1581 3457 ι
1609 3406 1706 3460 Dei
1736 3420 1864 3460 vero
1886 3421 2010 3461 cum
2031 3407 2116 3461 div

535 3517 693 3566 xero,
744 3515 854 3555 uno
892 3498 1101 3554 lumine
1146 3495 1578 3553 circumlustrati
1629 3497 1761 3554 estis
1801 3507 1857 3552 et
1907 3498 2110 3563 tribus,

536 3594 720 3649 tribus
758 3593 979 3663 quidem
1012 3591 1319 3648 secundum
1349 3590 1718 3662 proprietates
1738 3629 1757 3655 ,
1789 3589 2117 3660 hypostases

538 3688 793 3754 scilicet;
834 3705 853 3739 ι
898 3697 1016 3741 tum
1050 3685 1105 3740 in
1145 3695 1396 3742 sanctum
1451 3683 1854 3740 Athanasium:
1902 3701 1921 3734 ι
1955 3682 2117 3736 Nam-

538 3797 646 3851 que
674 3795 780 3835 una
810 3779 1069 3845 essentia,
1094 3786 1147 3833 et
1174 3778 1353 3833 tribus
1375 3776 1762 3848 bypostasibus
1790 3790 1819 3829 a
1848 3774 2007 3829 nobis
2032 3774 2119 3841 pie

538 3872 858 3934 intellectis,
893 3871 997 3926 hoc
1023 3872 1169 3925 enim
1204 3868 1498 3925 essentiam
1544 3868 1786 3928 deitatis.
1834 3866 1964 3920 illud
2007 3875 2119 3919 tres

539 3976 697 4020 notat
728 3963 1117 4034 preprietates.
1166 3979 1186 4014 ι
1247 3958 1387 4015 Tum
1419 3961 1485 4015 de
1520 3959 1775 4028 dogmate
1818 3967 1878 4012 et
1907 3959 2120 4028 episco-

538 4071 733 4127 pomm
768 4052 1206 4123 compositione:
1258 4070 1277 4104 ι
1322 4050 1634 4105 Adoramus
1662 4050 1847 4119 itaque
1872 4047 2117 4112 Patrem,

540 4160 595 4204 et
614 4148 837 4206 Filium.
868 4154 923 4201 et
943 4144 1205 4214 Spiritum
1227 4150 1499 4206 sanctum,
1524 4142 1882 4211 proprietates
1904 4140 2118 4209 quidem

542 4246 887 4309 separantes,
928 4236 1271 4291 divinitatem
1301 4235 1577 4288 unientes.
1618 4251 1638 4284 ι
1668 4230 2116 4287 Demonstratum

551 4342 635 4388 est
667 4332 853 4401 itaque
882 4328 1256 4400 apertissime,
1280 4334 1395 4383 tres
1425 4342 1527 4382 nos
1557 4327 1783 4381 credere
1815 4324 2117 4394 proprieta-

542 4440 649 4483 tes.
695 4426 806 4481 Aut
838 4427 985 4481 enim
1020 4425 1345 4494 producere,
1385 4430 1481 4477 aut
1516 4436 1780 4492 generare
1814 4420 2122 4491 proprietas

2220 3225 2378 3280 τοῦτο
2421 3224 2776 3294 Θεολογοῦντα
2810 3242 2824 3256 ·
2872 3223 3047 3293 λέγων
3086 3224 3143 3277 ὲν
3178 3222 3278 3293 μὲν
3310 3223 3388 3293 τῷ
3419 3224 3513 3276 τοῦ
3554 3221 3799 3291 μεγάλου

2220 3318 2505 3374 Βασιλείου
2538 3317 2816 3386 ἐπιταφίῳ
2844 3332 2857 3346 ·
2898 3335 2916 3368 ι
2950 3317 3090 3386 Τρία
3125 3316 3226 3385 μὲν
3269 3316 3392 3377 ταῖς
3419 3315 3707 3385 ἰδιότησιν,
3739 3313 3798 3366 ἓν

2219 3413 2275 3466 δὲ
2301 3415 2367 3484 τῇ
2403 3412 2559 3483 οὐσίᾳ
2605 3411 2857 3472 σέϐοντες
2884 3427 2897 3439 ο
2934 3427 2952 3462 ι
2984 3411 3042 3463 ὲν
3079 3408 3135 3461 δὲ
3167 3410 3245 3470 εἰς
3271 3409 3341 3461 τά
3374 3407 3533 3460 Φῶτα
3555 3424 3570 3439 ⁸
3609 3425 3627 3459 ι
3656 3407 3798 3460 Θεοῦ

2219 3502 2277 3556 δὲ
2308 3504 2438 3556 ὅταν
2476 3501 2638 3562 εἴπω,
2669 3500 2750 3553 ἑνὶ
2780 3500 2923 3567 φωτὶ
2957 3499 3445 3571 περιηστράφθητε
3474 3499 3569 3552 καὶ
3604 3498 3794 3566 τρισί⁶

2220 3598 2369 3667 τρισί
2395 3595 2493 3665 μὲν
2520 3595 2662 3647 κατὰ
2692 3596 2788 3657 τὰς
2836 3593 3128 3662 ἰδιότητας,
3163 3593 3332 3662 ἢγουν
3361 3592 3692 3654 ὑποστάσεις
3717 3607 3730 3621 ·
3772 3608 3792 3642 ι

2225 3687 2320 3741 καὶ
2374 3688 2433 3740 ὲν
2487 3685 2568 3756 τῷ
2623 3685 2706 3747 εἰς
2748 3685 2840 3737 τὸν
2892 3683 3048 3752 ἅγιον
3091 3682 3454 3737 Ἀθανάσιον·
3492 3701 3511 3734 ι
3542 3682 3652 3751 Τῆς
3685 3682 3799 3751 γὰρ

2226 3777 2359 3846 μιᾶς
2389 3775 2601 3841 οὐσίας,
2635 3776 2730 3829 καὶ
2767 3775 2877 3828 τῶν
2902 3775 3072 3843 τριῶν
3100 3774 3459 3828 ὐποστάσεων
3483 3775 3798 3844 νοουμένων

2228 3868 2329 3936 μὲν
2354 3866 2445 3935 ὑφ’
2471 3866 2633 3936 ἡμῶν
2659 3865 2919 3926 εὐσεϐῶς·
2947 3863 3008 3917 τὸ
3042 3864 3142 3933 μὲν
3168 3864 3277 3932 γὰρ
3308 3864 3406 3932 τὴν
3432 3862 3621 3915 οὐσίαν
3642 3861 3799 3933 δηλοῖ

2232 3960 2338 4029 τῆς
2377 3961 2632 4029 Θεότητος
2654 3999 2668 4024 ,
2701 3961 2762 4012 τδ
2799 3959 2851 4012 δὲ
2880 3957 2977 4021 τὰς
3021 3958 3170 4029 τρεῖς
3204 3957 3492 4027 ἰδιότητας.
3530 3981 3547 4008 ›
3581 3955 3696 4009 Kal.
3736 3956 3797 4008 ὲν

2225 4049 2303 4119 τῷ
2348 4050 2477 4120 περί
2525 4050 2793 4119 δόγματος
2846 4051 2937 4102 καὶ
2987 4051 3385 4112 καταστάσεως
3432 4048 3795 4102 ὲπισκόπωνο

2230 4160 2250 4193 ε
2299 4140 2726 4211 Προσκυνοῦμεν
2794 4136 2890 4194 οῦν
2946 4142 3167 4210 Πατέρα
3204 4141 3299 4195 καὶ
3327 4139 3455 4193 Υἱδν
3498 4142 3593 4193 καὶ
3638 4139 3797 4207 άγιον

2227 4232 2473 4301 Πνεῦμα,
2512 4233 2611 4297 τὰς
2646 4234 2743 4305 μὲν
2780 4234 3047 4305 ἰδιότητας
3074 4233 3421 4305 χωρίζοντες,
3459 4232 3711 4296 ἑνοῦντες
3742 4232 3799 4286 δὲ

2226 4324 2328 4393 τὴν
2357 4325 2611 4395 οεότητα.
2658 4343 2677 4377 ι
2716 4325 2995 4379 Δέδεικται
3035 4326 3126 4380 οῦν
3156 4326 3473 4397 περιφανῶς
3501 4366 3517 4389 ,
3553 4324 3628 4388 ὡς
3654 4327 3803 4395 τρεῖς

2231 4417 2505 4487 ἰδιότητας
2535 4418 2891 4488 πιστεύομεν.
2923 4419 2992 4472 Ἢ
3020 4417 3153 4487 γοῦν
3186 4419 3248 4471 τὸ
3294 4418 3623 4487 προϐάλλειν
3655 4419 3804 4470 ἐστὶν

539 4529 626 4577 cst
654 4536 668 4586 ;
698 4519 791 4574 sed
831 4518 1134 4588 producere
1163 4516 1315 4570 nullo
1350 4514 1513 4570 modo
1547 4514 1853 4583 proprietas
1882 4522 1989 4577 est,
2024 4525 2114 4582 ge-

2234 4510 2459 4581 ἰδιότης,
2491 4509 2524 4581 ἢ
2553 4511 2615 4565 τὸ
2654 4513 2871 4583 γεννᾷν.
2901 4511 3063 4564 Ἀλλὰ
3097 4511 3205 4582 μὴν
3246 4512 3307 4564 τὸ
3346 4510 3675 4586 προϐάλλειν
3706 4510 3805 4564 οὐκ

542 4628 738 4670 nerare
777 4611 945 4681 igitur
996 4607 1375 4664 tantummodo
1438 4605 1619 4661 Patris
1672 4604 1978 4675 proprietas
2010 4612 2115 4657 est.

541 4703 683 4760 Hinc
713 4705 884 4774 probe
938 4702 1007 4758 ab
1061 4700 1319 4756 Ecclesia
1349 4698 1670 4755 doctoribus
1704 4695 1903 4750 Filium
1940 4709 1969 4749 a
2001 4694 2119 4748 solo

542 4797 705 4854 Patre
763 4795 1017 4868 generari
1068 4797 1392 4859 edocemur,
1438 4791 1708 4861 Spiritum
1742 4804 1872 4844 vero
1919 4803 2026 4841 mm
2055 4802 2120 4838 cx

545 4892 664 4947 solo
691 4932 707 4959 ,
753 4891 849 4947 sed
885 4906 952 4945 ex
986 4890 1144 4944 Patre
1178 4903 1274 4958 per
1310 4885 1535 4940 Filium.
1567 4882 1976 4952 PrOptereaque
2004 4895 2123 4933 cre-

544 4985 729 5038 dimus
768 4981 989 5037 Patrem
1028 4993 1290 5047 generare
1317 4987 1371 5029 et
1406 4974 1731 5046 producere,
1765 4983 1818 5027 et
1856 4986 2127 5041 generau—

546 5085 655 5130 tem
697 5074 1004 5143 producere
1054 5068 1356 5126 secundum
1401 5066 1677 5122 diversum
1727 5063 1972 5127 modmn,
2015 5076 2124 5114 non

545 5166 853 5223 secundum
882 5163 1046 5217 aliam
1083 5162 1260 5231 ipsius
1290 5160 1681 5230 proprietatem
1717 5176 1730 5210 :
1766 5155 2003 5223 ideoque
2034 5168 2128 5222 per

545 5259 744 5312 Filium
797 5255 1003 5309 dicitur
1053 5253 1381 5324 producere,
1409 5261 1465 5306 et
1505 5266 1601 5321 per
1635 5246 1838 5303 Filium
1870 5248 2126 5313 educere,

467 5368 485 5382 υ
546 5361 604 5404 ut
644 5350 1017 5403 Damascenus
1046 5346 1242 5401 eodem
1300 5346 1481 5414 capite
1536 5343 1703 5397 tradit
1738 5361 1750 5395 :
1796 5360 1815 5393 ι
1856 5339 2126 5394 lievelaus

545 5443 739 5498 secreti
781 5440 1006 5494 Deitatis
1036 5440 1209 5493 virtus
1240 5437 1424 5491 Patris
1467 5454 1531 5490 ex
1575 5434 1737 5489 Patre
1772 5444 1855 5488 est
1906 5449 1999 5502 per
2041 5430 2128 5485 Fi-

547 5534 681 5588 lium
709 5532 1038 5601 procedens.
1080 5550 1096 5582 ι

625 5800 811 5853 *ΖΑῖῖι
838 5818 902 5855 .r,
952 5820 1021 5867 tt,
1050 5798 1106 5853 .‘I.

2231 4601 2381 4655 εστιν
2434 4602 2657 4671 ἰδιότης,
2686 4604 2749 4656 τὸ
2786 4605 2985 4674 γεννᾷν
3024 4604 3132 4674 ἄρα
3192 4604 3291 4658 καὶ
3348 4605 3511 4673 μόνον
3558 4602 3677 4655 ἐστί
3708 4601 3806 4654 τοῦ

2235 4695 2450 4765 Πατρδς
2486 4695 2707 4768 ἰδιότης.
2745 4698 2940 4762 Καλῶς
2974 4698 3069 4749 καὶ
3116 4698 3273 4767 παρὰ
3301 4698 3409 4749 τῶν
3439 4697 3538 4764 τῆς
3578 4695 3808 4764 Ἐκκλη-

2235 4788 2355 4850 σίας
2395 4787 2664 4855 θεολόγων
2691 4791 2754 4842 ὲκ
2796 4792 2957 4860 μόνου
2992 4790 3087 4842 τοῦ
3140 4789 3355 4859 Πατρδς
3400 4788 3491 4842 τὸν
3519 4787 3651 4839 Υἰὸν
3682 4804 3810 4855 γεν-

2232 4882 2810 4949 νᾶσθαιθεολογοῦσι,
2851 4886 2913 4937 ab
2964 4884 3020 4937 δὲ
3070 4881 3297 4951 Πνεῦμα
3346 4882 3448 4935 οὐκ
3501 4881 3565 4933 ἐκ
3623 4880 3807 4949 μόνον,

2236 4975 2357 5027 ἀλλ’
2407 4978 2470 5028 ὲκ
2522 4975 2617 5028 τοῦ
2673 4976 2888 5045 Πατρὸς
2946 4976 3014 5030 δι’
3073 4974 3230 5029 Υἰοῦ.
3262 4974 3362 5028 Διὰ
3405 4972 3564 5027 τοῦτο
3594 4973 3689 5026 καὶ
3722 4987 3811 5023 πι-

2237 5068 2504 5139 στεύομεν
2561 5071 2635 5132 ὡς
2689 5070 2718 5121 ό
2769 5071 2960 5141 Πατὴρ
3011 5072 3177 5141 γεννᾷ
3211 5070 3308 5123 καὶ
3354 5068 3669 5140 προϐάλλει,
3715 5064 3812 5118 καὶ

2241 5161 2451 5228 γεννῶν
2480 5162 2777 5230 προϐάλλει
2825 5162 2968 5216 κατὰ
3015 5163 3271 5233 διάφορον
3315 5162 3542 5232 τρόπον,
3594 5161 3655 5213 οὐ
3689 5157 3812 5211 κατ’

2235 5252 2403 5323 ἄλλην
2454 5253 2693 5324 ἰδιότητα
2745 5255 2933 5309 αὐτοῦ.
2972 5257 3071 5308 Διὰ
3117 5255 3277 5308 τοῦτο
3319 5254 3414 5307 καὶ
3438 5254 3525 5307 διὰ
3560 5252 3656 5307 τοῦ
3686 5248 3816 5303 Υιοῦ

2236 5344 2456 5413 λέγεται
2491 5347 2836 5414 προϐάλλειν,
2869 5352 2964 5402 καὶ
2994 5348 3060 5402 δι’
3095 5347 3228 5401 Υἰοῦ
3254 5347 3598 5416 ὲκπορεύειν,
3624 5348 3697 5407 ὼς
3723 5343 3820 5395 καὶ

2239 5440 2268 5490 ὁ
2313 5441 2672 5511 Δαμασκηνὸς
2706 5445 2763 5494 ὲν
2805 5442 2884 5509 τῷ
2928 5441 3076 5510 αὐτῷ
3119 5442 3402 5510 κεφαλαίῳ
3450 5441 3639 5510 φησίν·
3673 5457 3691 5490 ι
3754 5437 3820 5490 'H

2241 5530 2615 5603 ἔκφαντορικὴ
2650 5532 2744 5585 τοῦ
2780 5535 3018 5603 κρυφίου
3038 5534 3139 5603 τῆς
3169 5533 3423 5601 θεότητος
3454 5533 3688 5595 δύναμις
3718 5526 3817 5582 τοῦ

2246 5622 2457 5692 Πατρός
2502 5625 2570 5677 ὲκ
2621 5626 2833 5695 Πατρός
2874 5627 2989 5678 ἐστι
3044 5626 3110 5679 δι’
3147 5624 3281 5678 Υἱοῦ
3315 5622 3746 5695 ἐκπορευομένη.
3793 5638 3812 5672 ι
