4176 6278
403 301 513 364 Ξιίῑ

1498 309 1596 367 ΑΙ)
1640 310 2006 371 ΙΜΡΕΠᾹΤ.
2050 312 2202 371 TRA
2222 312 2541 377 PEZUNT.

3555 310 3659 373 246

390 431 405 436 ‘
483 416 552 471 κ’.
606 418 845 485 Φανερῖν
893 417 985 469 οὖν
1045 419 1193 470 ἐστιν
1240 418 1413 472 ἅπασι
1460 422 1809 488 Χριστιανοῖς
1870 427 1981 485 τοῖς

2156 428 2246 481 20.
2306 427 2536 483 Planum
2608 429 2794 497 itaque
2853 437 2935 481 est
2988 425 3315 481 Christianis
3364 425 3659 479 omnilsus-

408 509 576 576 λόγου
619 510 942 578 μετέχουσι,
1000 510 1075 572 ώς
1122 514 1531 580 προεπινοείται
1585 514 1618 583 ἡ
1678 511 1772 567 τοῦ
1850 514 1980 567 Υίοῦ

405 601 664 669 γέννησις
719 602 818 669 τῆς
855 603 1086 670 προέδου
1128 603 1221 657 τοῦ
1255 604 1414 671 ἁγίου
1462 605 1798 674 Πνεύματος.
1832 607 1891 659 οὐ
1919 609 1982 677 τῇ

404 692 695 761 ἀῖδιότητι,
730 696 795 763 τῇ
830 694 938 763 γὰρ
980 694 1250 763 ἀϊδιότητι
1284 694 1400 763 ἅμα
1444 695 1585 747 εἰσὶν
1611 697 1639 747 6
1671 695 1861 765 Πατὴρ
1891 696 1988 748 καὶ⁴

408 789 437 839 6
483 786 633 849 Υἱὸς,
667 787 761 837 xa‘t
788 785 846 838 τὸ
877 786 1035 853 ἅγιον
1096 786 1347 856 Πνεῦμα,
1377 785 1492 839 ἀλλ’
1526 786 1715 857 ὥσπερ
1749 805 1986 856 προεπι-

411 878 683 930 νοεϊταιὸ
717 876 903 946 Πατὴρ
932 878 1025 930 τοῦ
1075 875 1247 941 Υίοῦ,
1305 876 1449 930 οὕτω
1498 880 1587 931 καὶ
1642 881 1669 932 6
1720 880 1849 942 Υἱὸς
1896 878 1990 931 τοῦ

409 969 573 1035 ἁγίου
609 967 949 1036 Πνεύματος,
996 968 1183 1033 καθὼς
1234 970 1396 1024 τοῦτο
1446 971 1634 1025 πολλοὶ
1665 974 1775 1025 τῶν
1818 973 1990 1040 ἁγίων

409 1063 505 1115 καὶ
541 1064 567 1113 6
596 1062 898 1114 Νυσσαέων
942 1061 1087 1130 ίερδς
1114 1062 1420 1132 Γρηγόριος
1455 1064 1764 1118 ἃπιδεόαιοί
1796 1065 1989 1133 λέγων’

391 1171 433 1203 -ι
489 1154 578 1216 Ὦς
630 1154 741 1221 γὰρ
779 1153 1112 1206 συνάπτεται
1145 1152 1221 1223 τῷ
1259 1155 1439 1226 Παιιτρλ⁸
1469 1158 1497 1209 6
1541 1157 1688 1219 Υἱὸς,
1724 1158 1907 1210 καὶτὸ
1935 1157 1993 1223 ἐξ

356 1312 367 1319 _
408 1247 581 1298 αὐτοῦ
608 1240 750 1297 εῖναι
777 1245 938 1314 ἔχων,
970 1246 1071 1314 οὐχ
1104 1246 1384 1317 ὑστερίζει
1416 1250 1562 1302 κατὰ
1603 1249 1704 1320 τὴν
1735 1247 1993 1316 ὕπαρξιν,

338 1325 559 1391 -’⁵οῦτω
589 1337 752 1389 πάλιν
786 1339 879 1389 καὶ
924 1338 1022 1391 τοῦ
1068 1328 1414 1405 Μονογενοῦς
1459 1340 1643 1410 ιχεται
1682 1341 1744 1393 τὸ
1773 1340 1996 1408 Πνεῦμα

410 1428 476 1480 τὸ
515 1427 669 1492 ἅγιον
718 1426 933 1498 ἐπινοίᾳ
975 1428 1114 1498 μόνῃ
1164 1429 1306 1481 κατὰ
1357 1430 1449 1482 τὸν
1484 1433 1586 1500 τῆς
1614 1431 1795 1494 αίτίας
1830 1432 1993 1497 λόγον

410 1518 913 1585 προθεωρουμένου
955 1521 1051 1583 τῆς
1111 1520 1205 1571 τοῦ
1263 1521 1580 1590 Πνεύματος
1612 1523 1992 1583 ὑποστάσεως.

411 1610 483 1659 Αἱ
536 1609 591 1659 δὲ
665 1609 915 1677 χρονικαὶ
972 1610 1318 1675 παρατάσεις
1375 1612 1465 1663 ἐπὶ
1514 1611 1615 1680 τῆς
1671 1614 1999 1682 προαιωνίου

413 1698 569 1765 ζωῆς
590 1697 776 1764 χώραν
806 1698 907 1748 οὐκ
932 1695 1168 1765 ἔχουσιν,
1202 1696 1343 1751 ὥστε
1374 1698 1467 1752 τοῦ
1500 1698 1659 1767 λόγου
1687 1701 1785 1762 τῆς
1819 1700 2000 1762 alsia;

2087 520 2291 589 quibus
2325 536 2459 576 usus
2490 521 2723 574 rationis
2763 523 2925 585 inest,
2957 518 3301 589 praeintelligi
3340 516 3461 571 Filii
3500 533 3660 587 gene-

2091 611 2365 668 rationem
2417 612 2761 682 processioni
2795 610 3037 681 Spiritus
3067 610 3265 672 sancti,
3303 624 3410 662 non
3445 608 3662 662 αξιοι-ηἰ-

2093 714 2203 761 tate
2239 750 2255 771 ,
2304 720 2427 760 cum
2460 705 2774 760 aeternitate
2807 718 2913 756 una
2956 702 3123 757 simul
3157 702 3232 754 sit
3268 699 3455 761 Pater.
3479 708 3531 753 et
3570 696 3663 751 Fi-

2092 799 2220 860 lius.
2242 807 2296 853 et
2314 798 2554 867 Spiritus
2574 804 2828 859 Sanetus;
2856 795 2948 849 sed
2975 792 3429 862 quemadmodum
3463 791 3659 859 prasin—

2092 892 2353 960 telligitur
2391 890 2553 944 Pater
2600 887 2762 952 Filio,
2797 888 2870 940 ita
2899 893 2953 940 et
2986 884 3154 938 Filius
3177 881 3408 950 Spiritui
3446 887 3662 941 sancto.

2092 984 2263 1039 veluti
2306 981 2484 1037 sancti
2520 981 2767 1051 plerique
2795 978 3010 1040 Patres,
3057 985 3110 1031 et
3160 977 3304 1030 inter
3338 989 3434 1028 eos
3472 972 3665 1042 praci-

2094 1090 2237 1144 puus
2294 1080 2520 1128 sanctus
2578 1071 2879 1141 Gregorius
2930 1068 3319 1137 Nyssaensinm
3372 1065 3666 1132 episc0pus

2097 1166 2414 1221 constabilit
2467 1163 2698 1219 dicens:
2750 1182 2769 1214 ι
2828 1159 3303 1226 Quemadmodum
3355 1157 3501 1211 enim
3539 1171 3669 1209 ron-

2092 1259 2343 1328 jungitur
2383 1257 2531 1311 Patri
2585 1255 2757 1310 Filius
2782 1296 2796 1320 ,
2843 1261 2897 1308 et
2935 1269 2999 1306 ex
3028 1268 3093 1305 eo
3128 1251 3363 1313 habens,
3401 1247 3544 1317 quod
3574 1247 3670 1311 sit,

2100 1349 2399 1405 secundum
2441 1347 2847 1406 exsistentiam,
2884 1351 3080 1395 tamen
3116 1356 3222 1396 non
3255 1350 3336 1395 est
3372 1340 3671 1409 posterior,

2098 1438 2172 1492 ita
2222 1450 2418 1489 rursus
2464 1442 2517 1488 et
2566 1432 2866 1502 Unigenito
2896 1431 3135 1484 adhmret
3172 1430 3409 1498 Spiritus
3442 1436 3669 1483 sanctus

2101 1528 2377 1582 intellectu
2399 1532 2610 1579 tantum
2645 1522 2943 1577 secundum
2969 1536 3150 1575 causa:
3179 1521 3447 1574 rationem
3473 1517 3675 1588 prmiu-

2106 1619 2324 1673 tellecto
2357 1616 2595 1684 Spiritus
2616 1615 2919 1686 hypostasi.
2946 1613 3236 1682 Temporis
3270 1620 3451 1665 autem
3483 1618 3676 1665 exten-

2105 1712 2291 1766 siones
2333 1720 2389 1763 et
2414 1708 2704 1762 interulla
2757 1707 2811 1761 in
2862 1708 2996 1771 vita,
3034 1722 3153 1776 qua:
3183 1716 3307 1759 ante
3341 1703 3537 1757 saecula
3567 1711 3673 1762 est,

412 1787 858 1857 ὑπεξῃρημένου,
916 1786 978 1839 ὲν
1037 1788 1227 1856 μηδενὶ
1280 1790 1378 1856 τὴν
1424 1790 1592 1858 ἁγίαν
1626 1790 1833 1858 Τριάδα
1863 1792 1998 1857 πρὸς

2107 1801 2281 1855 locum
2312 1805 2446 1853 ‘non
2505 1799 2731 1861 habent,
2764 1798 2900 1852 adeo
2936 1805 2995 1851 ut
3032 1797 3247 1849 ratione
3274 1808 3456 1847 causa:
3491 1792 3674 1844 ablata

412 1881 619 1949 ἑαυτὴν
652 1879 997 1947 ἀσυμφώνως
1030 1878 1195 1949 ἔχειν.
1242 1901 1259 1933 ι
1303 1882 1413 1934 Kal.
1451 1883 1479 1933 6
1512 1882 1684 1950 μέγας
1719 1883 1998 1944 Βασίλειος

394 1975 479 2048 ,ἐν
531 1973 595 2041 τῇ
648 1971 783 2040 πρὸς
840 1969 935 2033 τὰς
973 1972 1283 2033 Κανονικὰς
1337 1973 1666 2041 τρανότερον
1701 1973 1861 2025 τοῦτο
1894 1990 1999 2026 πα-

416 2065 663 2134 ρίστησι.
714 2062 853 2130 Φησὶ
906 2061 1046 2131 γάρ·
1094 2079 1112 2113 ι
1168 2062 1230 2114 Εί
1285 2064 1541 2132 ἀνωτέρω
1607 2062 1701 2115 τοῦ
1760 2064 1894 2115 Θεοῦ
1939 2064 1998 2116 τὸ

415 2154 666 2222 Πνεῦμα,
696 2155 793 2205 οὐκ
828 2154 892 2206 ὲκ
921 2153 1015 2207 τοῦ
1052 2154 1187 2207 Θεοῦ
1212 2170 1227 2186 °
1265 2156 1313 2207 εί
1348 2154 1405 2207 δὲ
1445 2158 1508 2208 ἐκ
1539 2156 1631 2208 τοῦ
1680 2155 1840 2216 Θεοῦ,
1875 2155 1991 2215 πῶς

414 2242 796 2312 πρεσϐύτερόν
828 2246 943 2296 ἐστι
981 2242 1075 2295 τοῦ
1108 2242 1165 2307 ἐξ
1213 2242 1273 2295 οὗ
1330 2246 1516 2309 tactv;
1564 2243 1706 2295 Ἀλλ’
1745 2243 1867 2295 οὐδὲ
1897 2242 1990 2294 τοῦ

416 2336 764 2402 Μονογενοῦς
800 2336 1108 2405 πρότερον·
1166 2336 1287 2389 οὐδὲ
1344 2336 1452 2406 γὰρ
1494 2336 1661 2403 μέσον
1717 2336 1850 2389 Υίοῦ
1903 2336 1998 2389 καὶ

420 2426 659 2492 Πατρός.
694 2443 712 2476 ι
752 2427 862 2477 Καὶ
918 2428 976 2477 ὲν
1026 2427 1093 2495 τῇ
1129 2424 1265 2493 πρὸς
1318 2425 1618 2494 Νεστόριον
1673 2423 1939 2493 Κύριλλος
1971 2425 1999 2476 6

420 2519 601 2586 μέγας
636 2516 695 2568 τὸ
727 2535 746 2566 ι
779 2518 837 2582 ἐξ
869 2516 1038 2569 αὐτοῦ
1085 2519 1179 2568 καὶ
1225 2515 1355 2568 ἴδιον
1388 2516 1551 2568 αὐτοῦ
1593 2534 1611 2567 ι
1654 2532 1806 2583 imor
1841 2517 1932 2568 καὶ
1964 2518 1995 2584 ἡ

419 2608 559 2673 ἁγία
584 2607 641 2660 δὲ
678 2605 865 2677 πρώτη
892 2606 1111 2670 σύνοδος
1154 2607 1241 2660 διὰ
1282 2607 1557 2660 Λεοντίου·
1597 2625 1615 2657 ι
1658 2606 1899 2675 Εὕρηται
1939 2605 2000 2658 τὸ

418 2703 654 2772 Πνεῦμα
698 2705 758 2755 τὸ
790 2703 945 2769 ἆγιον
1005 2704 1443 2773 ἐκπορευόμενον
1517 2704 1615 2773 μὲν
1677 2706 1744 2757 ὲκ
1766 2704 1858 2757 τοῦ
1893 2706 1999 2759 Πα-

417 2797 578 2861 τρὸς,
620 2795 750 2847 ίδιον
780 2794 836 2846 δὲ
871 2794 966 2846 τοῦ
1002 2793 1151 2859 Υίοῦ,
1187 2798 1280 2846 καὶ
1310 2795 1371 2858 ἐξ
1403 2795 1570 2849 αὐτοῦ
1605 2795 1926 2858 ἅναὸλύζον.
1974 2813 1993 2847 ι

423 2884 627 2947 Καθὼς
646 2882 739 2938 οὖν
767 2885 985 2948 λέγεται
1018 2884 1147 2937 ίὸιον
1175 2884 1270 2937 τοῦ
1306 2886 1544 2955 Πατρδς,
1590 2884 1734 2938 οὕτω
1782 2885 1998 2953 λέγεται

420 2977 525 3029 καὶ
551 2977 681 3030 ἴδιον
706 2975 800 3028 τοῦ
845 2975 975 3028 Υίοῦ
1006 2991 1019 3005 ·
1064 2977 1157 3029 καί
1186 2975 1378 3046 ὥσπερ
1437 2977 1658 3043 λέγεται
1699 2977 1764 3028 ὲκ
1790 2978 1888 3045 τῆς
1911 2974 1998 3027 οὐ-

2102 1893 2156 1946 in
2210 1892 2360 1945 nullo
2409 1902 2600 1945 sancta
2655 1888 2813 1943 Trias
2870 1888 3010 1941 inter
3043 1900 3164 1941 sese
3209 1883 3504 1938 discordet.
3556 1902 3573 1932 ι
3613 1882 3677 1933 Ει

2101 1984 2336 2037 Basilius
2390 1982 2619 2052 Magnus
2662 1982 2728 2036 ad
2782 1980 3091 2035 Canoniras
3121 1978 3353 2047 epistola
3392 1977 3491 2029 hoc
3529 1974 3672 2028 idem

2101 2075 2421 2143 expressius
2471 2073 2714 2128 asserit:
2781 2090 2800 2121 ι
2859 2071 2914 2125 Si
2976 2071 3086 2125 Deo
3142 2067 3393 2123 suhsistit
3428 2068 3677 2135 superior

2101 2167 2360 2233 Spiritus,
2392 2178 2729 2233 nequaquam
2770 2168 2947 2232 potest
2970 2176 3031 2213 ex
3059 2158 3168 2213 Deo
3186 2173 3328 2214 esse.
3363 2156 3516 2223 Quod
3542 2155 3672 2212 siex

2102 2258 2209 2312 Deo
2261 2266 2368 2318 est,
2414 2256 2693 2324 antiquior
2731 2268 2855 2308 esse
2893 2248 3034 2315 Deo,
3082 2252 3173 2321 qui
3211 2258 3386 2318 potest
3416 2263 3559 2312 esse,
3608 2261 3675 2300 ex

2099 2369 2207 2420 quo
2250 2353 2382 2407 est?
2427 2352 2539 2406 lmo
2585 2366 2690 2403 nec
2744 2348 2895 2418 prior
2922 2348 3138 2416 quidem
3176 2343 3490 2414 Unigenilo.
3552 2357 3676 2396 eum

2100 2446 2244 2500 inter
2289 2443 2487 2498 Filium
2542 2442 2615 2497 sit
2655 2450 2708 2496 et
2752 2442 2963 2495 Patrem
3007 2439 3214 2493 nullum
3249 2436 3511 2492 medium.
3554 2455 3572 2486 ι
3613 2432 3680 2485 Et

2101 2551 2331 2608 magnus
2378 2534 2637 2605 Cyrillus,
2681 2531 2909 2601 epistola
2962 2531 3027 2585 ad
3068 2529 3378 2585 Nestorium
3415 2546 3427 2581 :
3467 2546 3484 2578 ι
3521 2525 3676 2592 Quod

2099 2646 2163 2684 ex
2198 2644 2263 2684 eo
2295 2638 2401 2692 est,
2439 2636 2494 2680 et
2529 2625 2815 2695 proprium
2850 2624 3047 2691 ipsius.
3085 2642 3103 2674 ι
3141 2623 3401 2692 appellat.
3440 2620 3504 2672 Et
3545 2633 3677 2672 san-

2098 2734 2182 2777 eta
2234 2722 2406 2790 prima
2436 2718 2680 2789 synodus
2722 2732 2815 2783 per
2837 2714 3124 2768 Leontium
3153 2732 3168 2768 :
3199 2733 3216 2766 ι
3250 2712 3527 2768 Invenitur
3558 2712 3685 2782 Spi-_

2099 2813 2239 2867 ritus
2276 2819 2501 2865 sanctus
2536 2807 2830 2877 procedere
2863 2805 3085 2873 quidem
3117 2821 3178 2857 ex
3214 2804 3391 2863 Patre.
3426 2804 3679 2870 proprius

2100 2919 2227 2957 vero
2244 2918 2367 2958 esse
2384 2900 2529 2964 Filii,
2547 2909 2603 2954 et
2623 2915 2687 2953 ex
2715 2912 3086 2958 eo.emanans.
3102 2915 3120 2947 ι
3156 2896 3421 2963 Eaigitur
3447 2895 3677 2948 ratium.

2101 3010 2206 3064 qua
2224 2995 2427 3048 dicitur
2443 2990 2695 3060 proprius
2712 2987 2906 3053 Patris,
2922 2999 3003 3041 est
3019 2999 3070 3040 et
3085 2985 3339 3055 proprius
3359 2984 3500 3040 Filii.
3522 2982 3582 3036 Jo
3623 3001 3683 3035 n-

423 3069 553 3127 σίας
588 3066 681 3119 τοῦ
720 3068 954 3135 Πατρδς,
995 3065 1137 3120 οὕτω
1166 3066 1387 3127 λέγεται
1419 3067 1512 3120 καὶ
1557 3070 1621 3119 ἐκ
1672 3066 1771 3135 τῆς
1816 3066 2001 3128 οὐσίας

2107 3102 2202 3143 nes
2246 3085 2617 3139 Damascenus
2642 3123 2656 3143 .
2684 3080 2860 3147 capite
2897 3088 3109 3138 octavo,
3130 3077 3289 3146 cujus
3328 3076 3681 3146 principium,

422 3157 524 3211 τοῦ
564 3157 716 3211 Υὶιῦ.
754 3158 863 3209 Kal.
892 3160 920 3211 6
955 3157 1052 3225 μὲν
1085 3157 1224 3218 Gaio;
1273 3158 1529 3226 Ἰωάννης
1560 3158 1588 3209 ὀ
1638 3158 2001 3226 Δαμασκηνὸς

425 3253 489 3302 ὲν
527 3249 808 3316 “palata:
854 3248 1045 3318 ὀγδῧῳ,
1087 3242 1211 3318 οὐὴ
1268 3247 1432 3317 ἁρχὴ,
1465 3266 1483 3298 ι
1525 3248 1864 3316 [ίιστεύομεν
1897 3264 2008 3299 τοι⁴

426 3338 661 3409 γαροῦν·
686 3359 704 3391 ι
721 3340 857 3391 «Καὶ
878 3340 1035 3409 μόνον
1052 3338 1112 3391 τὸ
1132 3337 1356 3407 Πνεῦμα
1385 3337 1446 3389 1‘)
1475 3336 1631 3404 ἅγιον
1663 3336 1996 3406 ὲκπορευτὸν

430 3434 499 3482 ἐκ
532 3430 629 3497 τῆς
682 3429 873 3490 οὐσίας
919 3427 1013 3480 τοῦ
1064 3428 1301 3499 Πατρὸς,
1357 3427 1419 3479 οὐ
1482 3426 1847 3496 γεννώμενον,
1881 3425 1997 3478 ἀλλ’

430 3523 933 3588 ὲκπορευόμενον.»
971 3519 1145 3572 Τοῦτο
1178 3521 1271 3573 καὶ
1303 3523 1330 3573 6
1366 3519 2009 3589 πάμμεγαςἋθανάσιος

429 3613 620 3677 λέγει·
665 3629 683 3661 ι
719 3611 814 3663 Ἐκ
843 3614 941 3679 τῆς
987 3612 1176 3673 οὐσίας
1210 3609 1304 3663 τοῦ
1354 3612 1570 3681 Πατρὸς
1598 3610 1657 3662 τὸ
1693 3611 1922 3679 Πνεῦμα
1950 3609 2011 3660 τὸ

432 3706 615 3771 ἅγιον.
660 3722 679 3754 ι
724 3703 885 3757 Ἀλλὰ
931 3708 1026 3756 καὶ
1074 3706 1101 3755 6
1146 3703 1435 3766 θεσπέσιος
1472 3702 1742 3773 Κύριλλος
1796 3705 1861 3755 ἐκ
1912 3702 2009 3768 τῆς

432 3796 624 3859 οὐσίας
653 3795 747 3848 τοῦ
788 3796 916 3849 Υἱοῦ
963 3798 1021 3847 ὲν
1071 3795 1356 3864 κεφαλαίῳ
1411 3795 1723 3865 τριακοστῷ
1764 3793 2012 3862 τετάρτῳ

431 3889 546 3942 τῶν
574 3888 906 3956 Θησαυρῶν
939 3888 1088 3957 λέγει
1114 3903 1129 3920 ⁸
1173 3904 1189 3939 ι
1238 3889 1353 3940 Οὐκ
1402 3888 1460 3938 ὲν
1491 3888 1599 3957 ίδίᾳ
1632 3888 1739 3939 τινὶ
1774 3887 2012 3952 θελήσει,

434 3981 560 4033 οὐδὲ
597 3981 701 4049 μὴν
734 3980 996 4049 ἀλλοτρίᾳ
1034 3979 1312 4050 βουλήσει,
1347 3980 1403 4031 ὲν
1454 3974 1497 4047 ᾦ
1543 3979 1638 4032 καὶ
1674 3978 1734 4042 ἐξ
1782 3973 1840 4031 οὐ
1869 3978 2013 4030 ἐστὶν

435 4073 859 4142 ὁμολογοῦντες,
910 4071 1030 4126 ἀλλ’
1079 4075 1143 4124 ἐκ
1174 4074 1272 4142 τῆς
1316 4072 1505 4136 οὐσίας
1540 4071 1706 4125 αὐτοῦ
1737 4071 1947 4139 προῖόν.
1989 4087 2007 4121 ι

440 4168 566 4220 Ἔτι
598 4162 712 4232 οὖν,
748 4182 767 4217 ι
821 4166 916 4217 Ἐκ
964 4164 1063 4231 τῆς
1098 4164 1282 4225 οὐσίας
1334 4163 1431 4216 τοῦ
1485 4163 1613 4216 Υίοῦ
1660 4163 1722 4215 τὸ
1768 4162 2011 4230 Πνεῦμα,

434 4260 664 4328 ποιότης
701 4275 805 4321 τις,
843 4256 909 4310 ἵν’
949 4256 1126 4318 οὕτως
1179 4256 1449 4325 εἴπωμεν,
1481 4255 1727 4323 ὑπάρχον
1777 4253 1872 4307 τοῦ
1919 4271 2014 4306 κυ-

440 4350 715 4415 ριεὺοντος
750 4350 1006 4402 ἁπάντων
1053 4346 1210 4399 Θεοῦ.
1256 4345 1319 4398 El
1373 4347 1426 4397 δί·
1474 4344 1653 4401 τοῦτο.
1706 4346 1836 4406 Θεὸς
1879 4346 2008 4414 ἄρα,

2112 3201 2131 3232 ι
2179 3178 2467 3235 Credimus
2503 3190 2655 3238 ergo,
2684 3191 2702 3222 ι
2742 3190 2761 3222 ι
2791 3170 2854 3222 Ει
2898 3171 3073 3224 solum
3123 3169 3385 3237 Spiritum
3427 3177 3678 3223 sanetum

2107 3270 2489 3341 procedentem
2537 3280 2601 3318 ex
2657 3261 2895 3317 essentia
2934 3261 3111 3315 Patris
3157 3276 3262 3314 non
3300 3259 3681 3329 genitum,st

2108 3356 2517 3427 procedentem.
2561 3370 2578 3404 ι
2628 3350 2742 3405 lloc
2788 3365 3009 3419 quoque
3042 3352 3318 3402 maximus
3354 3349 3685 3403 Athanasius

2111 3449 2352 3501 insinuat
2394 3460 2407 3497 :
2441 3463 2458 3495 t
2502 3442 2578 3496 Ex
2619 3444 2854 3496 essentia
2888 3440 3066 3493 Patris
3100 3439 3337 3503 Spiritus
3372 3446 3618 3491 sanctus.
3659 3457 3677 3488 ι

2111 3536 2221 3591 Nec
2256 3550 2359 3588 non
2384 3542 2443 3586 et
2479 3532 2697 3587 divinus
2727 3529 3003 3598 Cyrinus:
3045 3547 3077 3578 θ
3106 3528 3187 3580 Es
3210 3526 3453 3579 essentia
3486 3524 3630 3579 Filii.
3659 3545 3679 3577 ι

2111 3621 2300 3689 Capite
2321 3618 2600 3672 tricesimo
2623 3624 2818 3685 quarto
2855 3615 3240 3667 Thesaurorum
3265 3614 3480 3682 inquit:
3508 3630 3527 3664 ι
3565 3612 3682 3667 Non

2114 3714 2166 3767 in
2201 3711 2417 3782 propria
2454 3711 2757 3768 voluntate,
2799 3715 2892 3759 aut
2923 3707 3101 3759 alieno
3166 3721 3211 3759 a-
3259 3704 3539 3760 voluntate
3567 3706 3687 3775 ejus

2113 3803 2369 3864 consilio,
2427 3802 2480 3855 in
2555 3816 2683 3868 quo,
2729 3808 2785 3852 et
2833 3814 2897 3851 ex
2921 3814 3029 3866 quo
3065 3808 3169 3862 est,
3209 3798 3556 3858 confitentes.
3587 3799 3682 3852 sed

2114 3896 2281 3951 veluti
2316 3910 2380 3948 ex
2419 3894 2660 3947 essentia
2690 3891 2810 3959 ejus
2844 3906 3134 3945 etuianans.
3170 3910 3189 3941 ι
3238 3888 3392 3952 Item,
3436 3907 3455 3941 ι
3497 3889 3573 3942 Ex
3604 3907 3691 3943 es-

2115 3988 2287 4043 sentia
2316 3986 2436 4040 Filii
2472 3985 2745 4054 Spiritus,
2781 3994 2834 4037 et
2860 3982 3020 4052 quasi
3056 3982 3297 4052 qualitas
3327 3981 3601 4051 qumdam.
3628 3988 3690 4032 ut

2117 4082 2193 4136 ita
2234 4080 2508 4139 dicamus.
2560 4086 2667 4143 est,
2709 4075 3055 4131 dominantis
3096 4076 3341 4128 omnium
3381 4072 3494 4127 Dei.
3548 4071 3603 4126 Id
3640 4075 3689 4128 si

2115 4181 2223 4237 est,
2265 4172 2412 4227 Deus
2440 4171 2609 4238 igitur
2639 4176 2744 4234 est,
2776 4176 2831 4220 et
2872 4182 2980 4221 non
3017 4175 3331 4235 generatus,
3361 4180 3463 4219 nec
3486 4164 3690 4231 factus,

2115 4260 2574 4332 quemadmodum
2629 4259 2877 4326 improbe
2922 4258 3272 4325 opinantibus
3317 4255 3625 4310 videbatur.
3667 4273 3685 4306 ι

2120 4356 2189 4409 Ει
2223 4368 2458 4408 rursus:
2506 4370 2524 4402 ι
2589 4351 2647 4405 ιιι
2703 4350 3013 4417 Ειιιηεοιίἱε
3062 4350 3313 4401 Salvator
3365 4348 3432 4402 de
3477 4363 3536 4401 se
3573 4347 3693 4416 ipso

439 4442 538 4493 καὶ
568 4443 629 4492 οὐ
664 4442 945 4509 γεννητὸν,
978 4439 1009 4508 ἢ
1059 4455 1302 4502 κτιστον,
1332 4442 1523 4507 ῶσπερ
1557 4440 1669 4501 τοῖς
1704 4437 2003 4500 κακοδόξοις

2123 4444 2292 4497 dicit:
2334 4441 2447 4509 Ego
2484 4457 2599 4493 sum
2644 4438 2871 4492 Veritas.
2900 4436 2963 4488 Et
3008 4437 3201 4489 beatus
3232 4434 3474 4490 Joannes
3501 4443 3691 4489 oste-n-

438 4535 639 4584 ἐόνὲκει.
685 4551 703 4583 ι
747 4533 856 4585 Καὶ
891 4530 1075 4597 πάλιν,
1117 4549 1135 4581 ι
1187 4529 1277 4582 Ἐν
1307 4533 1416 4589 τοῖς
1465 4528 1821 4595 Εὐαγγελίοι;
1846 4529 1873 4577 ὁ
1908 4528 2021 4580 Σω-

434 4626 547 4692 τήρ
584 4620 686 4673 πού
721 4640 855 4690 φησι
912 4623 1043 4691 περὶ
1092 4623 1311 4673 ἑαυτοῦ·
1358 4618 1508 4689 Ἐγώ
1537 4624 1652 4687 εἰμι
1678 4620 1715 4686 ή
1744 4618 2014 4686 ἀλήθεια.

452 4716 514 4765 ὐ
546 4714 602 4765 δέ
637 4732 698 4780 γε
726 4714 915 4783 μακάρ
942 4730 1000 4777 ος
1039 4714 1294 4780 Ἰωάννης
1337 4712 1398 4764 ἐκ
1444 4728 1503 4763 τε
1545 4712 1645 4778 τῆς
1697 4711 1887 4772 οὐσίας
1924 4710 2018 4762 τοῦ

438 4808 652 4875 Ιιατρλις
687 4810 777 4859 καὶ
807 4806 901 4858 τοῦ
945 4805 1074 4858 Υἱοῦ
1130 4806 1190 4857 τὸ
1242 4804 1463 4870 Πνεῦμα
1503 4803 1792 4867 δεικνύων,
1831 4806 1889 4855 ἐν
1920 4804 2020 4871 μὲν

442 4902 555 4960 τοῖς
591 4897 942 4964 Εὐαγγελίοις
966 4897 1099 4968 φησί
1117 4913 1131 4927 ⁸
1171 4897 1241 4950 Τὸ
1260 4896 1501 4966 Πνεῦμα
1518 4896 1628 4964 τῆς
1649 4896 1957 4962 ἀληθείας.
1996 4913 2014 4946 ι

439 4991 541 5042 Ἐκ
571 4992 668 5057 τῆς
698 4992 889 5053 οὐσίας
915 4986 1009 5043 οὖν
1043 4991 1252 5060 Πατρὸς
1282 4990 1379 5042 καὶ
1405 4988 1535 5042 Υίοῦ
1571 4988 1719 5057 παρὰ
1738 4988 1848 5041 τῶν
1874 4989 2021 5041 διδα-

436 5081 661 5135 σκάλων
700 5081 1048 5151 ὁμολογεῖται
1070 5097 1084 5112 ο
1122 5082 1216 5133 καὶ
1240 5081 1299 5134 οὐ
1327 5081 1562 5151 λέγομεν
1585 5080 2019 5148 διακεκριμένην

440 5176 537 5244 τὴν
562 5176 712 5228 θείαν
743 5175 932 5228 οὐσίαν
964 5178 1026 5228 ἐκ
1058 5175 1167 5229 τῶν
1195 5174 1356 5227 θείων
1390 5175 1724 5245 προσώπων,
1748 5171 1883 5227 ἀλλὰ
1909 5171 2019 5223 πᾶν

436 5272 585 5322 ῡεῖον
617 5269 910 5337 πρόσωπον
964 5268 1093 5339 ὃλην
1144 5268 1242 5337 τὴν
1287 5269 1481 5321 οὐσίαν
1528 5269 1584 5319 ἐν
1634 5266 1814 5331 ἑαυτῷ
1847 5264 2016 5332 ἔχειν.

447 5367 616 5416 ὐταν
667 5358 760 5416 οὖν
798 5362 1052 5431 λέγωμεν
1112 5361 1304 5413 οὐσίαν
1354 5359 1491 5427 μετά
1535 5359 1629 5411 τοῦ
1684 5356 2019 5426 ἀναφορικοῧ

437 5460 731 5523 ὀνόματος,
771 5457 831 5507 τὸ
880 5456 1061 5508 κοινὸν
1106 5454 1241 5523 μετά
1285 5452 1380 5504 τοῦ
1421 5452 1717 5514 ίδιάζοντος
1760 5451 2018 5519 λέγομεν,

437 5550 517 5609 ὡς
580 5549 658 5614 τῷ
714 5548 847 5615 ἱερῴ
906 5545 1255 5615 Δαμασκηνῴ
1291 5546 1473 5607 δοκεῖ,
1529 5544 1761 5605 καὶτοῖς
1813 5542 2021 5603 λοιποῖς

440 5642 644 5704 ἁγίοις,
682 5641 775 5690 καὶ
822 5637 899 5706 τῷ
931 5638 1058 5707 θείῳ
1092 5638 1353 5706 Μαξίμῳ.
1393 5635 1544 5688 Μετὰ
1579 5634 1867 5703 Ἀνομοίου
1914 5634 2021 5703 γὰρ

441 5726 603 5794 οὗτος
650 5730 1026 5800 διαλεγόμενός
1079 5748 1237 5800 φησι,
1282 5729 1374 5781 τοῦ
1428 5728 1709 5797 Ἀνομοίου
1746 5726 2019 5794 λέγοντος,

2125 4532 2260 4585 deus
2286 4529 2549 4598 Spiritum
2594 4543 2665 4581 ex
2709 4527 2960 4580 essentia
3007 4524 3182 4578 Patris
3213 4532 3268 4575 et
3321 4523 3445 4575 Filii
3483 4538 3604 4577 esse
3636 4526 3690 4575 in

2124 4619 2434 4690 Evangeliis
2465 4616 2725 4686 Spiritum
2759 4614 2998 4669 veritatis
3049 4613 3306 4682 appellat.
3345 4630 3364 4663 ι
3401 4610 3477 4665 Ex
3505 4626 3696 4665 essen-

2126 4714 2197 4766 tia
2253 4713 2435 4777 itaque
2496 4708 2675 4763 Patris
2730 4718 2783 4760 et
2815 4705 2935 4759 Filii
2968 4721 2995 4756 a
3026 4704 3351 4758 doctoribus
3380 4702 3645 4757 asseritur
3677 4721 3690 4764 ;

2122 4821 2300 4874 neque
2348 4819 2448 4858 nos
2502 4802 2740 4857 divinam
2791 4797 3091 4854 essentiam
3135 4813 3161 4849 a
3196 4794 3398 4850 divinis
3444 4793 3695 4865 personis

2124 4898 2389 4968 disjungi,
2436 4900 2532 4951 sed
2591 4895 2829 4948 dixinam
2855 4906 3131 4960 quantque
3156 4902 3445 4958 personam
3480 4888 3697 4940 univer-

2124 5008 2242 5046 sam
2296 4991 2590 5047 essentiam
2639 4989 2694 5041 in
2754 4984 3047 5052 semetipsa
3110 4981 3399 5037 continere
3436 4980 3694 5033 dicimus.

2124 5086 2259 5140 Cum
2298 5084 2483 5151 itaque
2508 5080 2746 5133 dicimus
2771 5076 3070 5132 essentiam
3101 5089 3225 5128 cum
3260 5072 3482 5126 nomine
3513 5074 3696 5124 relati-

2122 5191 2212 5238 vo,
2246 5187 2536 5228 commune
2568 5186 2691 5225 cum
2723 5168 2944 5239 proprio
2973 5166 3233 5228 dicimus.
3263 5173 3324 5219 ut
3354 5172 3547 5219 sancto
3581 5165 3698 5232 pla-

2124 5274 2210 5319 cet
2249 5263 2591 5316 Damasceno
2628 5268 2681 5312 et
2711 5242 2919 5313 sauciis
2950 5256 3095 5321 aliis,
3132 5263 3248 5308 tum
3288 5263 3547 5322 praeterea
3573 5266 3699 5306 san-

2123 5366 2212 5411 cto
2254 5354 2509 5408 Maximo.
2560 5350 2654 5405 llic
2703 5353 2846 5404 enim
2905 5366 3027 5401 cum
3070 5351 3336 5401 Anotan
3368 5346 3695 5405 edisserens,

2124 5468 2246 5503 cum
2302 5449 2390 5502 ille
2455 5448 2706 5505 dixisset,
2766 5464 2784 5495 ι
2844 5444 3000 5497 Aliud
3045 5442 3304 5497 essentia,
3344 5437 3566 5490 etaliud
3602 5436 3699 5505 hy-

2125 5544 2359 5611 postasis
2392 5558 2407 5606 ;
2460 5559 2476 5591 ι
2536 5557 2554 5587 ι
2594 5538 2774 5596 Aliud,
2836 5536 2969 5588 dixit
3030 5538 3274 5593 sant-tus,
3301 5538 3351 5580 et
3385 5527 3554 5586 aliud,
3589 5543 3697 5579 non

2126 5635 2207 5687 uti
2251 5648 2360 5687 res.
2425 5650 2451 5682 ι·
2491 5630 2597 5683 Sed
2657 5628 2815 5680 Pater
2868 5625 3129 5693 Spiritum
3170 5618 3443 5687 producit,
3488 5632 3594 5667 non
3627 5619 3701 5669 ab

2127 5728 2234 5782 alio
2262 5723 2575 5794 accipiens:
2615 5722 2727 5789 ipse
2773 5721 2917 5771 enim
2967 5724 3051 5767 est
3110 5713 3224 5768 sola
3266 5722 3431 5762 causa
3465 5717 3514 5759 et
3543 5707 3697 5773 ptin-
