4176 6278
482 328 589 391 ΞΠ
1195 330 1421 394 ΟΠΕΟ.
1469 334 1772 398 ΜΛΜΜΖΕ
1810 338 1922 399 CP.
1966 340 2179 401 PATR.
2222 340 2318 399 AD
2364 339 2517 402 IMP.
2561 337 3037 401 TRAPEZUNT.
3644 342 3754 406 228

486 446 713 514 cipiunt.
760 447 946 519 Neque
1013 452 1159 508 enim
1216 470 1385 512 causa
1432 460 1538 515 alia
1589 464 2059 535 praeintelligitur,

2177 486 2194 518 ι
2219 466 2383 519 Ἀλλο
2412 466 2569 520 οὐσία
2595 468 2689 518 καὶ
2718 466 2846 520 ἄλλο
2879 466 3196 523 ὑπόστασις,
3228 478 3245 512 ι
3282 482 3298 512 ι
3338 461 3517 523 Ἀλλο,
3546 462 3754 532 ἔφησεν

484 552 663 608 neque
691 541 1019 613 prim-ipium
1049 561 1064 613 ;
1099 553 1156 601 at
1186 545 1357 606 Filius
1389 568 1497 608 non
1525 568 1555 608 a
1586 556 1770 627 seipse
1796 556 2059 627 Spiritum

2164 563 2192 614 6
2217 558 2391 625 ἅγιος,
2428 554 2582 609 εἷπον
2628 558 2723 610 καὶ
2769 555 2919 621 ἄλλο,
2960 556 3059 624 ούχ
3081 556 3163 617 ὡς
3209 554 3465 625 πρᾶγμα.
3496 573 3514 606 ι
3544 555 3689 608 Ἀλλ’
3722 559 3752 608 6

483 629 669 695 habet,
694 632 789 688 sed
822 649 852 687 a
884 633 1079 700 Patre,
1121 637 1282 696 siculi
1337 642 1499 701 divus
1527 644 1767 717 Cyrillus
1803 651 1854 703 in
1888 651 2059 705 inter-

2166 646 2264 714 μὲν
2298 648 2489 715 Πατὴρ
2513 646 2628 716 ἔχει
2656 646 2714 699 τδ
2750 646 2978 715 Πνεῦμα
3018 647 3075 699 τὸ
3113 645 3269 713 ἁγιον
3310 645 3657 715 προὸάλλων,
3685 648 3750 701 οὗ

482 723 841 790 pretationem
872 727 1053 784 illius:
1086 730 1155 784 Et
1180 734 1289 800 ipse
1322 738 1514 807 rogabo
1542 738 1786 806 Patrem,
1814 754 1862 799 et
1895 744 2059 798 alium

2164 737 2292 806 παρ’
2314 738 2473 793 ἁλλου
2497 737 2712 791 λαϐὼν·
2750 738 2912 800 αὐτὸς
2944 738 3052 805 γάρ
3078 739 3196 790 ἐστι
3226 741 3321 794 καὶ
3358 737 3518 808 μόνος
3553 739 3748 800 αἴτιος,

482 812 846 880 Paracletum,
886 818 961 871 ait
988 837 1001 873 :
1046 838 1065 872 ι
1104 820 1199 877 Dei
1229 823 1379 879 enim
1413 834 1470 881 et
1502 826 1686 885 Patris
1718 832 2055 886 naturalium

2164 832 2259 885 καὶ
2310 832 2445 899 μόνη
2499 831 2680 901 ἀρχήο
2716 830 2777 883 ού
2827 831 2937 899 γὰρ
2991 829 3103 899 ἔχει
3135 831 3638 899 προεπινοούμενον
3661 833 3745 884 αῖ-

482 904 752 959 bonorum
781 905 956 965 Filius
984 912 1263 983 particeps
1294 930 1419 972 cum
1452 919 1545 982 sit.
1580 919 1750 975 habet
1784 920 2054 990 Spiritum

2164 936 2294 983 τιον,
2342 921 2463 972 οὐδὲ
2504 919 3011 991 προεπινοουμένην
3053 918 3230 989 ἀρχὴν
3262 934 3273 944 ·
3315 919 3341 969 6
3395 917 3451 969 δὲ
3508 918 3633 979 Υἱὸς
3684 918 3749 968 οὐ

480 1000 788 1053 secundum
811 1000 963 1057 illum
990 1004 1247 1061 eumdem
1278 1009 1526 1076 modum,
1556 1015 1866 1071 secundum
1896 1032 2059 1084 quem

2164 1012 2295 1080 παρ’
2324 1010 2523 1064 ἐαυτοῦ
2562 1011 2624 1063 τὸ
2680 1009 2903 1078 Πνεῦμα
2944 1010 3084 1077 ἔχει,
3111 1007 3229 1060 ἀλλ’
3268 1009 3332 1061 ἐκ
3358 1006 3451 1060 τοῦ
3505 1009 3747 1077 Πατρὶς,

482 1089 810 1161 intelligitur
844 1093 1009 1150 Pater
1061 1095 1289 1155 habere.
1349 1119 1368 1151 ι
1418 1101 1555 1158 Tum
1608 1108 1829 1161 modum
1880 1109 2061 1178 expri-

482 1198 641 1239 mens
662 1187 914 1256 exemplo
936 1187 1003 1243 ab
1026 1189 1247 1247 homine
1272 1193 1569 1266 desumpto
1588 1213 1753 1268 quam
1774 1176 2060 1271 aptissimo

480 1275 581 1342 rei,
611 1275 679 1331 de
710 1294 815 1347 qua
853 1295 1040 1338 sermo
1069 1293 1173 1349 est,
1209 1296 1372 1356 atque
1400 1290 1606 1346 indicio
1636 1292 1854 1347 subdit:
1890 1312 1909 1345 ι
1949 1295 2055 1349 Sed

479 1368 940 1433 quemadmodum
1008 1376 1395 1447 unusquisque
1480 1390 1731 1436 nostrum
1802 1386 2057 1453 spiritum

479 1459 765 1529 proprium
801 1462 853 1515 in
881 1466 1182 1535 semetipso
1208 1470 1481 1531 continet,
1513 1482 1566 1525 et
1600 1488 1663 1526 ex
1689 1474 1903 1529 intimis
1926 1492 2059 1545 prte-

480 1550 691 1605 cordiis
733 1551 797 1606 ad
849 1555 1127 1611 exteriora
1174 1561 1400 1614 emittit.
1461 1561 1691 1630 Propter
1734 1565 1785 1618 id
1826 1568 1971 1621 enim
2004 1578 2059 1622 et

476 1654 746 1711 corporee
807 1644 961 1699 illum
1023 1645 1282 1704 Christus
1329 1648 1667 1717 iusuﬂlavit,
1726 1656 2057 1722 ostendens,

2159 1107 2345 1170 καθὼς
2384 1108 2482 1161 καὶ
2520 1108 2548 1159 6
2585 1105 2870 1167 θεσπέσιος
2929 1102 3197 1171 Κύριλλος
3259 1104 3317 1155 ἐν
3376 1103 3443 1172 τῇ
3477 1101 3749 1170 ἑρμηνεία

2160 1202 2227 1269 τῇ
2263 1200 2343 1259 είς
2373 1198 2457 1264 τὸ,
2491 1197 2665 1267 Κάγὼ
2699 1195 2979 1264 ἐρωτήσω
3004 1194 3112 1247 τὸν
3146 1194 3396 1261 Πατέρα,
3431 1193 3525 1245 καὶ
3552 1192 3750 1245 ἄλλον

2164 1268 2584 1359 Παράκληων,
2612 1289 2767 1358 φησί·
2791 1307 2810 1340 ι
2839 1289 2961 1342 Τῶν
2988 1288 3097 1357 γάρ
3120 1268 3214 1341 τοῦ
3237 1286 3372 1339 Θεοῦ
3398 1285 3492 1338 καὶ
3529 1285 3748 1354 Πατρὶς

2162 1383 2413 1453 φυσικῶν
2450 1382 2671 1449 ἀγαθῶν
2720 1381 2998 1442 ούσιωδῶς
3030 1379 3295 1448 ὑπάρχων
3327 1377 3355 1430 6
3388 1377 3516 1439 Υἱὸς
3551 1395 3746 1429 κοινω-

2160 1476 2268 1538 νδς,
2303 1475 2414 1543 ἔχει
2448 1476 2507 1526 τδ
2559 1472 2787 1539 Πνεῦμα
2838 1472 2981 1524 κατὰ
3012 1470 3205 1524 τοῦτον
3245 1471 3337 1524 τὸν
3372 1470 3575 1539 τρόπον
3619 1468 3744 1521 καθ’

2160 1568 2330 1636 ὅνπερ
2359 1564 2425 1619 ἂν
2452 1568 2625 1619 νοοῖτο
2666 1567 2760 1618 καὶ
2789 1565 2816 1617 6
2862 1566 3076 1633 Πατήρ.
3122 1583 3141 1616 ι
3180 1558 3313 1617 Εἶτα
3349 1564 3443 1616 καὶ
3494 1562 3583 1615 τὶν
3613 1562 3738 1630 τρόι

2163 1675 2264 1711 πον
2302 1657 2581 1725 ἐκφαίνων
2636 1657 2728 1709 διά
2778 1673 2839 1708 τε
2886 1654 3336 1725 παραδείγματος
3392 1653 3743 1724 ἀνθρωπίνου

480 1731 944 1801 quemadmodum
983 1752 1049 1793 ex
1087 1753 1183 1794 ore
1212 1739 1450 1798 hominis
1480 1745 1761 1813 egreditur
1828 1748 2059 1814 spiritus

2164 1750 2257 1802 καὶ
2311 1750 2540 1818 σημείου
2599 1748 2942 1801 οἰκειοτάτου
3002 1746 3079 1812 τῷ
3129 1746 3463 1815 πράγματι,
3528 1744 3694 1813 φησίν
3726 1760 3744 1775 ο

481 1839 770 1894 corporee,
826 1827 940 1896 pari
988 1829 1152 1883 modo
1181 1844 1246 1883 ex
1277 1830 1460 1886 divina
1492 1834 1757 1895 essentia.
1796 1809 2056 1891 IIl-Deli!“

2166 1858 2187 1890 ι
2239 1809 2398 1893 Ἀλλί·
2432 1839 2622 1909 ῶσπερ
2666 1840 2825 1909 ἡμῶν
2863 1809 3100 1901 ἕκαστος
3153 1809 3215 1890 τὸ
3260 1809 3402 1890 ήῐδιον
3462 1809 3749 1903 ἐντέαυτῷ

482 1916 657 1983 decet,
721 1917 1066 1983 etfunditur,
1116 1921 1213 1991 qui
1269 1936 1335 1976 ex
1385 1922 1501 1993 ipsa
1543 1934 1650 1982 est.
1695 1944 1714 1979 ι
1753 1926 1874 1981 Jam
1912 1930 2059 1984 enim

482 2008 619 2062 satis
675 2018 930 2079 patenter
980 2020 1035 2067 et
1082 2012 1308 2068 modum
1360 2016 1610 2083 tradidit,
1638 2033 1749 2087 quo
1786 2018 2057 2087 Spiritum

482 2100 660 2158 Filius
715 2102 881 2158 habet
911 2120 926 2157 :
962 2119 1071 2159 non
1127 2106 1236 2162 alio
1275 2106 1510 2173 scilicet,
1559 2124 1723 2179 quam
1762 2126 1869 2179 quo
1903 2112 2056 2167 illum

479 2192 642 2248 Pater
670 2194 872 2249 habet.
905 2195 1013 2252 Sed
1046 2196 1135 2251 hic
1159 2198 1382 2268 quidem
1415 2214 1526 2256 non
1566 2215 1596 2254 a
1638 2200 1848 2271 seipse,
1899 2203 1993 2258 sed
2029 2217 2057 2256 a

480 2284 640 2342 Patre
661 2328 678 2354 ,
712 2286 876 2343 Pater
907 2297 1091 2345 autem
1119 2305 1226 2345 non
1256 2291 1325 2346 ab
1362 2290 1470 2346 alio
1491 2331 1507 2357 ,
1545 2293 1640 2348 sed
1670 2308 1701 2348 a
1731 2295 1935 2363 seipso.
1963 2295 2059 2351 liis

482 2376 791 2432 conformia
820 2386 1050 2436 sanctus
1081 2395 1308 2451 quoque
1335 2380 1686 2450 Augustinus
1706 2384 1839 2439 dicit
1865 2400 2060 2440 serun-

480 2468 553 2525 do
604 2468 673 2525 de
733 2468 1002 2527 Trinitate
1055 2473 1237 2537 libro,
1298 2475 1480 2545 capite
1538 2485 1737 2532 octavo
1795 2480 1900 2541 (est
1935 2478 2058 2533 libri

480 2576 533 2615 IV
556 2575 681 2630 cap.
715 2562 807 2633 20)
833 2581 849 2619 ι
882 2584 910 2613 ι
940 2561 1053 2617 Nec
1072 2579 1373 2635 possumus
1402 2567 1612 2632 dicere,
1643 2571 1786 2638 quod
1820 2568 2059 2641 Spiritus

479 2662 706 2708 sanctus
737 2662 792 2710 et
823 2668 853 2707 a
877 2653 1020 2711 Filio
1067 2672 1176 2712 non
1215 2658 1498 2726 procedat.
1534 2658 1720 2725 Neque
1760 2660 1910 2715 enim
1944 2662 2056 2715 tru-

482 2753 597 2798 stra
632 2744 772 2801 idem
809 2745 1055 2814 Spiritus
1098 2757 1153 2802 et
1186 2748 1366 2805 Patris
1400 2758 1453 2802 et
1482 2748 1604 2803 Filii
1639 2749 1882 2819 Spiritus
1922 2752 2057 2806 dici-

481 2847 594 2891 tur.
615 2835 724 2891 Nec
758 2836 937 2904 video,
958 2840 1105 2907 quod
1132 2838 1278 2893 aliud
1310 2838 1623 2910 signiﬁcare
1647 2840 1900 2904 voluerit,
1928 2856 2053 2895 cum

484 2927 709 2983 sulﬂans
749 2928 804 2982 iu
856 2928 1048 2984 faciem
1084 2930 1489 2999 discipulorum
1520 2931 1595 2984 ait
1626 2947 1639 2984 :
1673 2931 1905 2998 Accipite
1938 2930 2058 3000 Spi-

480 3019 643 3071 ritum
677 3030 946 3077 sanctum.
980 3018 1164 3089 Neque
1208 3022 1354 3076 enim
1390 3019 1606 3076 elllatus
1640 3022 1734 3076 ille
1759 3036 2056 3092 corporeus

2164 1930 2382 2001 πνεῦμα
2414 1929 2652 2000 συνέχει,
2693 1930 2791 1983 καὶ
2836 1931 2899 1983 ἐκ
2948 1928 3056 1981 τῶν
3087 1925 3384 1981 ἐνδοτάτων
3416 1924 3749 1992 σπλάγχνων

2163 2024 2246 2081 είς
2276 2022 2337 2075 τὸ
2370 2022 2474 2086 ἐξω
2507 2020 2755 2092 προχέει.
2790 2019 2892 2073 Διά
2929 2020 3039 2090 γάρ
3074 2036 3158 2072 τοι
3182 2018 3341 2071 τοῦτο
3368 2017 3467 2071 καὶ
3502 2032 3748 2082 σωματι-

2164 2114 2279 2176 κῶς
2315 2114 2446 2167 αὐτὸ
2474 2114 2814 2183 ἐνεφύσησεν
2850 2114 2877 2165 6
2924 2111 3184 2181 Χριστὸς,
3235 2108 3479 2171 δεικνὺς,
3506 2107 3589 2159 ὅτι
3636 2123 3745 2157 κα-

2166 2203 2345 2273 θάπερ
2395 2203 2459 2254 ἐκ
2506 2201 2601 2255 τοῦ
2656 2202 2923 2271 στόματος
2968 2199 3066 2253 τοῦ
3122 2197 3467 2268 ἀνθρωπείου
3521 2196 3746 2264 πρόεισι

2167 2296 2230 2349 τὸ
2266 2294 2484 2365 πνεῦμα
2531 2294 2885 2364 σωματικῶς,
2921 2291 3065 2345 οὕτω
3092 2292 3187 2345 καὶ
3219 2292 3280 2343 ἐκ
3315 2290 3414 2359 τῆς
3444 2288 3595 2349 θείας
3640 2287 3742 2339 ού-

2164 2387 2283 2450 σίας
2311 2386 2635 2457 θεοπρεπῶς
2664 2387 2952 2455 προχεῖται
2983 2383 3043 2437 τὸ
3074 2383 3132 2447 ἐξ
3158 2382 3348 2450 αὐτῆς.
3392 2398 3411 2431 ι
3461 2380 3600 2447 Ἤδη
3632 2377 3745 2446 γὰρ

2164 2478 2355 2547 σαφῶς
2384 2480 2481 2531 καὶ
2518 2476 2614 2530 τδν
2648 2476 2851 2546 τρόπον
2885 2475 3164 2539 ἀπέδωκε,
3204 2472 3327 2527 καθ’
3364 2471 3424 2524 δν
3462 2471 3523 2523 τὺ
3568 2468 3747 2521 Πνεῦ-

2165 2588 2242 2640 μα
2295 2569 2407 2641 ἔχει
2437 2571 2463 2622 6
2502 2568 2651 2632 Υίδς,
2700 2568 2801 2620 ούκ
2829 2566 2988 2621 ἄλλον
3029 2564 3278 2635 δηλονότι
3322 2562 3355 2632 ἢ
3389 2561 3515 2615 καθ’
3540 2559 3598 2612 ὃν
3626 2557 3743 2626 ἔχει

2160 2665 2321 2716 τοῦτο
2359 2663 2388 2713 ό
2425 2663 2635 2730 Πατήρ.
2681 2659 2827 2715 Ἀλλ’
2860 2663 2887 2714 6
2937 2659 3035 2730 μὲν
3074 2659 3174 2712 οὑκ
3220 2657 3315 2725 ἀφ’
3360 2653 3578 2719 ἐαυτοῦ,
3622 2652 3743 2705 ἀλλ’

2160 2754 2224 2805 ἐκ
2279 2751 2373 2806 τοῦ
2425 2753 2641 2819 Πατρός
2666 2770 2677 2783 ·
2715 2753 2743 2805 6
2789 2752 2844 2805 δὲ
2881 2750 3070 2821 Πατὴρ
3124 2751 3184 2803 ού
3234 2748 3365 2819 παρ’
3400 2747 3585 2810 ἄλλου,
3620 2745 3743 2797 ἀλλ’

2162 2844 2258 2913 ἀφ’
2288 2844 2511 2900 ἑαυτοῦ.
2540 2846 2763 2915 Συνῳδά
2795 2845 2971 2915 τούτῳ
3005 2844 3101 2897 καὶ
3137 2845 3164 2896 ὀ
3187 2844 3336 2907 ,θεῖος
3374 2839 3742 2906 Αύγουστῖνος

2163 2936 2467 3006 φθέγγεται
2514 2939 2571 2988 ἐν
2624 2936 2701 3007 τῷ
2748 2937 2880 3007 περὶ
2912 2936 3145 3006 Τριὰδος
3189 2932 3381 3005 βιὸλίῳ
3415 2933 3651 2999 δευτέρῳ
3682 2932 3743 2980 ἐν

2162 3028 2448 3096 κεφαλαίῳ
2489 3028 2681 3098 ὀγδόῳ,
2737 3029 2964 3097 φάσκων
2990 3044 3006 3059 ο
3041 3045 3062 3076 ι
3100 3024 3178 3082 Οὐ
3227 3024 3413 3095 μέντοι
3458 3020 3741 3089 δυνάμεθα

481 3126 607 3164 cum
637 3128 801 3167 sensu
834 3113 1197 3181 corporaliter
1225 3113 1481 3182 tangendi
1507 3114 1811 3184 procedens
1839 3130 1902 3170 ex
1935 3129 2058 3168 cor-

2164 3120 2366 3186 λέγειν,
2390 3120 2473 3172 ὅτι
2520 3120 2582 3173 τὸ
2648 3121 2871 3189 Πνεῦμα
2928 3120 2988 3173 τὸ
3039 3119 3198 3188 ἅγιον
3246 3116 3368 3186 οὐχὶ
3421 3114 3516 3167 καὶ
3550 3117 3612 3167 ἐκ
3640 3110 3738 3165 τοῦ

482 3220 612 3273 pore
635 3203 945 3259 substantia
966 3203 1208 3275 Spiritus
1226 3205 1403 3261 sani-ti
1432 3208 1537 3260 fuit
1556 3223 1572 3272 ;
1592 3206 1686 3260 sed
1709 3208 2054 3260 demonstra-

482 3297 557 3351 tio
622 3312 719 3367 per
760 3310 1063 3366 congruam
1120 3299 1607 3368 signiﬁcationem,
1642 3312 1751 3352 non
1785 3305 1995 3352 tantum
2025 3312 2056 3351 a

479 3386 658 3453 Patre,
691 3388 785 3444 sed
812 3400 911 3443 eta
943 3388 1081 3444 Filio
1102 3389 1399 3459 procedere
1425 3387 1690 3459 Spiritqu
1716 3397 1991 3443 sanctum.
2035 3406 2054 3440 ι

2165 3211 2296 3265 Υἱοῦ
2328 3212 2708 3284 ἐκπορεύεται.
2742 3212 2878 3266 esse
2933 3213 3039 3282 γὰρ
3072 3211 3248 3281 μάτην
3278 3209 3413 3263 αὐτὸ
3455 3207 3517 3258 τὸ
3565 3203 3743 3256 Πνεῦ-

2170 3319 2247 3372 μα
2283 3304 2500 3374 Πατρδς
2535 3306 2629 3358 καὶ
2659 3303 2792 3359 Υίοῦ
2835 3304 3077 3372 λέγεται.
3110 3298 3253 3356 οὔτε
3286 3299 3391 3369 μὴν
3424 3295 3745 3365 συνορῶμεν

2170 3393 2223 3445 τί
2254 3411 2383 3448 ποτε
2414 3396 2601 3467 ἕτερον
2638 3399 2885 3466 σημᾶναι
2912 3393 3197 3465 ὴόούλετο,
3237 3392 3399 3462 ἡνίκα
3420 3388 3744 3459 ἐμφυσήσεις

477 3480 559 3543 είς
609 3481 670 3535 τὸ
716 3481 1009 3551 πρόσωπον
1059 3482 1166 3535 τῶν
1225 3480 1486 3551 μαθητῶν
1519 3520 1535 3545 ,
1596 3481 1742 3534 εἴπεο
1797 3481 2024 3535 Λάϐετε
2094 3483 2347 3554 Πνεῦμα
2405 3488 2601 3558 ἅγιον.
2671 3489 2809 3545 Οὐδὲ
2867 3488 2977 3558 γὰρ
3052 3486 3114 3539 τὺ
3177 3483 3487 3554 σωματικὸν
3565 3482 3745 3533 ἐκεῖνο

477 3574 789 3645 ἐμφύσημα
844 3575 1204 3643 συναισθήσει
1281 3574 1375 3627 τοῦ
1432 3572 1766 3643 σωματικῶς
1809 3571 2093 3639 θιγγάνειν
2137 3576 2329 3643 προϊὸν
2396 3579 2461 3631 ἐκ
2489 3578 2581 3632 τοῦ
2631 3580 2905 3648 στόματος
2938 3579 2971 3646 ἡ
3002 3577 3158 3629 οὐσία
3179 3572 3271 3627 τοῦ
3306 3571 3461 3640 ἁγίου
3493 3570 3746 3635 Πνεύμα-

477 3686 569 3732 τος
606 3664 695 3739 ἦν.
728 3668 846 3723 ἁλλ’
874 3667 1106 3733 ἔνδειξις
1143 3666 1233 3719 διὰ
1262 3666 1603 3738 καταλλήλου
1635 3664 1949 3736 δηλώσεως,
1989 3664 2063 3735 μὴ
2108 3666 2270 3735 μόνον
2323 3672 2386 3722 ἐκ
2438 3670 2531 3725 τοῦ
2587 3673 2822 3741 Πατρδς,
2858 3670 2992 3723 ἀλλά
3033 3669 3127 3722 καὶ
3178 3670 3244 3720 ὲκ
3296 3665 3391 3718 τοῦ
3462 3661 3590 3715 Υἱοῦ
3647 3660 3741 3711 ἐκ-

481 3762 812 3830 πορεύεσθαι
848 3760 909 3813 τὸ
956 3760 1186 3831 Πνεῦμα
1223 3761 1286 3813 τὸ
1317 3760 1496 3829 ἁγιον.
1533 3780 1553 3814 ι

556 3857 647 3911 2t.
712 3856 778 3910 Et
834 3856 915 3911 sic
971 3870 1093 3920 nos,
1146 3857 1450 3909 orationem
1494 3853 1651 3909 facile
1700 3869 1763 3908 ac
1815 3858 2061 3923 prompte

479 3951 819 4019 digerentes,
863 3946 931 3999 ad
967 3946 1129 3999 tinem
1165 3944 1533 4013 pervenimus,
1572 3942 1814 3997 debitum
1849 3941 2059 4009 persol-

482 4050 692 4100 ventes,
718 4045 779 4092 ut
808 4046 967 4091 antea
1002 4034 1215 4104 praefati
1244 4049 1459 4099 sumus,
1499 4049 1530 4088 a
1564 4034 1722 4088 nobis
1754 4032 1903 4087 hisce
1934 4046 2061 4101 pro-

488 4127 683 4199 positis
706 4127 1175 4187 demonstrantes,
1196 4129 1511 4177 nostrorum
1532 4137 1846 4178 sermonum
1867 4120 2058 4175 Patres

488 4228 740 4276 auctores
776 4216 977 4271 habere
1012 4232 1027 4270 :
1062 4222 1117 4270 et
1142 4215 1246 4269 hac
1271 4214 1485 4269 ratione
1523 4230 1625 4269 nos
1655 4215 1708 4268 in
1740 4224 1928 4269 nostro
1959 4227 2055 4280 pa-

485 4323 644 4366 terno
666 4310 920 4379 dogmate
943 4321 1313 4377 perseverare,
1340 4306 1503 4361 sicuti
1525 4321 1612 4371 ea,
1643 4321 1764 4374 quae
1796 4305 2056 4371 diximus,

486 4401 664 4475 palam
688 4402 897 4455 faciunt
926 4418 941 4453 :
968 4408 1023 4454 et
1043 4399 1179 4453 nihil
1212 4399 1339 4452 novi
1369 4399 1420 4452 iu
1454 4409 1699 4454 sanctam
1723 4398 1925 4455 Christi
1957 4399 2061 4455 Ec-

2240 3849 2351 3906 κα’.
2384 3849 2574 3904 Ταῦτα
2630 3850 2731 3920 μέν
2794 3847 2886 3903 οὖν
2924 3849 3000 3912 ῶς
3048 3849 3113 3901 ἐν
3156 3847 3433 3918 προχείρῳ
3464 3844 3745 3912 τὸνλόγον

2169 3944 2487 4015 βουλόμενοι
2544 3947 2809 4012 ποιῆσαι,
2864 3943 2964 4012 ήδη
3012 3941 3109 3995 καὶ
3170 3942 3554 4011 πεποιήκαμεν
3605 3940 3743 4007 ἀφοο

2169 4035 2414 4098 σιοῦντες
2440 4038 2501 4090 τὸ
2528 4038 2710 4107 χρέος,
2772 4036 2849 4099 ὡς
2883 4035 2979 4089 καὶ
3012 4035 3316 4103 φθάσαντες
3366 4033 3595 4101 ἔφημεν,
3627 4032 3742 4083 δει-

2167 4127 2393 4189 κνύντες
2427 4126 2516 4178 διά
2560 4126 2670 4178 τῶν
2704 4125 3033 4196 είρημένων,
3064 4124 3137 4185 ὡς
3178 4123 3303 4185 τοὺς
3327 4123 3577 4189 Πατέρας
3610 4121 3745 4189 ἡγε-

2144 4218 2341 4287 ·μόνας
2378 4217 2487 4271 τῶν
2520 4217 2807 4287 ἡμετέρων
2844 4217 3020 4283 λόγων
3066 4216 3284 4285 ἔχομεν,
3321 4213 3413 4264 καὶ
3463 4212 3637 4273 οὕτως
3683 4213 3743 4263 ἐν

2170 4309 2247 4380 τῷ
2305 4312 2557 4380 ἡμετέρῳ
2606 4310 2683 4379 τῷ
2739 4308 2953 4380 πατρίῳ
3006 4308 3326 4377 ἐμμένομεν
3363 4306 3629 4374 δόγματι.
3665 4304 3742 4367 ὡς

2169 4400 2499 4467 διασαφοῦσι
2557 4402 2702 4470 μάλα
2752 4400 2971 4471 τρανῶς
3016 4401 3083 4453 τὰ
3123 4400 3414 4469 εἰρημένα.
3439 4400 3559 4470 ⁵Καὶ
3590 4396 3744 4449 οὐδὲν

486 4496 713 4551 clesiam
748 4509 858 4563 pra:
888 4494 973 4547 his
994 4508 1115 4562 qua:
1139 4508 1168 4547 a
1194 4493 1406 4548 sanctis
1427 4494 1636 4548 nostris
1656 4491 1933 4557 Patribus,
1958 4508 2057 4548 nec

2169 4496 2360 4547 καινὸν
2390 4495 2688 4565 είσήξαμεν
2745 4496 2826 4555 είς
2876 4492 2976 4563 τὴν
3016 4491 3109 4545 τοῦ
3144 4489 3381 4562 Χριστοῦ
3414 4490 3574 4557 ἁγίαν
3619 4489 3744 4541 Ἐκ-

490 4602 599 4642 ηοιι
626 4583 950 4641 doctoribus
980 4596 1034 4639 et
1084 4582 1351 4652 theologis
1378 4582 1682 4637 constituta
1722 4592 1849 4636 sunt
1882 4583 2059 4636 intro-

2165 4587 2398 4657 κλησίαν
2445 4586 2601 4656 παρὰ
2646 4586 2715 4638 τὰ
2766 4584 3064 4652 δεδογμένα
3090 4585 3203 4645 τοῖς
3238 4582 3416 4651 ἁγίοις
3441 4581 3599 4650 ἡμῶν
3630 4581 3743 4633 Πα-

484 4678 727 4734 duxisse.
753 4675 909 4741 Quod
931 4674 978 4728 si
1003 4689 1066 4729 ea
1094 4672 1367 4743 majestati
1392 4682 1496 4728 tute
1525 4674 1659 4728 satis
1678 4689 1784 4727 non
1811 4674 2058 4735 sunt,sisd

488 4784 551 4825 ea
581 4768 835 4839 pluribus
874 4782 1095 4836 quoque
1135 4766 1702 4820 demonstrationibus
1736 4764 2055 4819 confirmari

483 4860 792 4922 desideras,
822 4860 1142 4919 dummodo,
1194 4857 1339 4926 quod
1373 4857 1691 4911 scandalum
1729 4856 1924 4924 injicit,
1975 4858 2056 4909 in-

486 4963 754 5013 notescat,
788 4950 1063 5006 similibus
1100 4958 1419 5005 sanctorum
1473 4948 1803 5003 testimoniis
1826 4948 2065 5017 explica-

485 5045 689 5103 bimus.
726 5042 844 5097 Non
865 5043 1010 5097 enim
1041 5055 1330 5112 possumus
1367 5041 1573 5103 omnia,
1612 5054 1731 5107 quae
1759 5039 2065 5093 afferuntur

486 5136 545 5190 in
574 5136 678 5188 hoc
708 5135 1247 5201 argumento,unico
1274 5142 1485 5186 tantum
1519 5132 1796 5199 colloquio
1845 5131 2065 5199 expedi-

488 5243 546 5282 re
576 5232 800 5296 propter
825 5226 1151 5289 satietatem,
1181 5241 1299 5293 quae
1329 5227 1556 5281 auribus
1575 5226 1917 5289 adversatur,
1939 5225 2065 5278 licet

496 5328 659 5384 quam
696 5312 931 5366 maxime
960 5312 1122 5379 digna
1180 5314 1253 5367 sit
1300 5298 1709 5377 admiratione,
1766 5314 2065 5383 gratiisque

493 5404 757 5461 abundet.
811 5402 1113 5458 Conscrvrt
1150 5402 1412 5458 Dominus
1442 5406 1779 5474 majestalem
1812 5414 1959 5457 tuam
1998 5405 2065 5459 ad

492 5500 696 5553 multos
740 5511 916 5550 annos
947 5510 1071 5550 cum
1098 5499 1336 5549 sanitate
1378 5496 1591 5566 integra
1621 5504 1677 5550 et
1722 5496 2063 5566 incorrupta,

493 5587 740 5656 acceptis
768 5584 990 5639 Numini
1024 5585 1280 5653 precibus
1303 5592 1645 5648 sanctorum,
1680 5586 1774 5654 qui
1814 5587 1914 5639 ista
1958 5596 2068 5639 tra-

494 5680 752 5733 diderunt
790 5681 853 5735 ad
900 5680 1172 5750 ingenuom
1227 5685 1470 5732 nostram
1525 5678 1766 5732 laetitiam
1816 5688 1867 5732 et
1915 5679 2062 5732 wlu~

496 5778 726 5841 ptutem.
1490 5758 1503 5770 ’

2165 4679 2330 4749 τράσι
2362 4679 2459 4731 καὶ
2502 4677 2847 4739 διδασκάλοις
2909 4676 3002 4729 καὶ¹
3065 4674 3363 4742 θεολόγοις.
3428 4673 3489 4726 Et
3540 4673 3595 4725 δὲ
3640 4673 3743 4725 οὐκ

2168 4773 2421 4842 ἀρκεῖται
2451 4772 2482 4839 ἠ
2518 4771 2584 4837 σὴ
2618 4769 2872 4839 βασιλεία
2906 4769 2963 4820 ἐν
2991 4768 3226 4831 τούτοις,
3267 4766 3405 4818 ἀλλά
3432 4766 3528 4818 καὶ
3561 4765 3744 4818 πλείο-

2168 4880 2251 4915 σιν
2276 4862 2588 4927 ἀποδείξεσι
2636 4860 2845 4930 βούλει,
2895 4862 2944 4913 εἰ
3002 4861 3164 4929 μόνον
3212 4859 3432 4928 γνῶμεν
3475 4858 3536 4910 τὸ
3576 4874 3744 4909 σκαν-

2164 4954 2406 5017 δαλίζον,
2469 4954 2535 5006 δι’
2584 4954 2788 5023 ὁμοίων
2852 4952 3173 5023 μαρτυριῶν
3212 4953 3391 5018 ἁγίων
3442 4948 3740 5002 καὶταῦτα

2165 5046 2609 5115 διασαφήσομεν.
2648 5044 2789 5099 Οὐδὲ
2834 5045 2943 5113 γὰρ
2997 5042 3277 5111 δυνάμεθα
3334 5040 3495 5093 πάνθ’
3523 5041 3621 5092 ὅσα
3652 5040 3744 5091 λὲο

2167 5153 2357 5204 γουσιν
2396 5138 2454 5187 ἐν
2506 5135 2677 5206 ταύτῃ
2716 5138 2782 5204 τῇ
2818 5136 3076 5187 ὑποθέσει
3101 5137 3279 5187 εἰπεῖν
3319 5137 3375 5186 ἐν
3423 5134 3525 5203 μιᾷ
3555 5133 3748 5201 ὁμιλίᾳ

2167 5229 2253 5280 διὰ
2281 5229 2377 5281 τὸν
2410 5228 2593 5297 κόρον,
2633 5227 2690 5290 ὃς
2723 5228 2986 5297 πολέμιος
3042 5228 3280 5297 ὑπάρχει
3330 5228 3451 5287 ταῖς
3512 5226 3707 5286 ἀκοαῖς
3730 5265 3744 5285 ,

2171 5318 2275 5371 κᾶν
2310 5319 2453 5372 πάνυ
2490 5318 2934 5387 ἀξιοθαύμαστος
2974 5319 3068 5371 καὶ
3111 5320 3334 5387 χάριτος
3377 5316 3583 5386 γέμων.
3619 5319 3747 5367 Δια-

2172 5409 2402 5477 φυλὰξοι
2431 5411 2486 5462 δέ
2527 5409 2625 5480 τὴν
2659 5411 2758 5480 σὴν
2792 5410 3072 5479 βασιλείαν
3106 5410 3133 5461 ό
3165 5410 3368 5479 Κύριος
3404 5410 3458 5461 ὲν
3490 5408 3748 5459 πολυετεί

2170 5502 2286 5571 ζωῇ
2322 5503 2417 5554 σὺν
2448 5502 2604 5571 ὑγεία
2640 5502 2891 5571 σταθηρᾷ
2942 5500 3371 5568 εύπροσδέκτοις
3419 5498 3604 5566 εὐχαῖς
3634 5496 3747 5549 τῶν

2170 5584 2340 5640 ταῦτα
2386 5589 2831 5659 θεολογησάντων
2874 5590 3047 5656 ἁγίων
3100 5591 3181 5652 είς
3234 5588 3439 5657 πολλὴν
3475 5588 3748 5655 εὐφροσύο

2170 5697 2265 5749 νην
2310 5679 2486 5749 ἡμῶν·
