4176 6278
694 641 1790 837 GEORGIUS
1856 663 3232 858 SCHOLARIUS

1571 1059 1713 1116 seu,
1752 1062 2014 1109 meum
2065 1066 2339 1123 NOMINE,

1089 1328 2813 1555 GENNADIUS

534 1755 2376 1895 CONSTANTINOPOLITANUS
2458 1786 3369 1906 PATRIARCHA

1230 2501 1349 2561 DE
1388 2503 1812 2571 GENNADII
1860 2513 2042 2572 VITA
2098 2515 2221 2574 ET
2258 2514 2645 2579 SCRIPTIS

386 2872 417 2899 ,
950 2773 1669 2893 EUSEBII
1744 2786 2917 2904 BENAUDOTII

1676 3086 2209 3153 DISSERTATIO

796 3308 1038 3372 (Parisiis,
1081 3323 1157 3371 ap.
1215 3309 1494 3361 Gabrielem
1550 3311 1745 3376 Martio,
1802 3314 1875 3365 via
1924 3318 2147 3369 Jacobeea
2205 3322 2264 3369 ad
2314 3322 2513 3386 insigne
2562 3327 2756 3389 Stella,
2810 3329 2931 3379 1709
2974 3332 3027 3380 ιο

369 3541 643 3598 Gennadii
698 3542 980 3597 homiliam
1033 3545 1098 3599 de
1157 3545 1409 3614 corporis
1478 3544 2195 3616 sanguinisqueBcladem
2250 3552 2924 3629 Constantinopolitanam
2981 3567 3296 3633 patriarcha
3347 3586 3546 3629 renun—

299 3636 497 3690 Christi
528 3644 881 3691 sacramento
904 3637 1175 3690 celebrem
1211 3635 1355 3706 apud
1386 3637 1628 3703 Graecos,
1655 3637 1877 3693 rarissi-

298 3740 439 3779 mam
470 3736 678 3790 tamen,
709 3740 811 3792 nec
837 3727 981 3794 apud
1008 3741 1109 3781 nos
1136 3725 1326 3782 Graece
1348 3738 1441 3782 aut
1464 3726 1655 3782 Latine
1679 3728 1875 3793 visam,

298 3818 647 3883 exhibemus,
670 3817 985 3875 Christiane
1011 3818 1228 3884 Lector,
1254 3834 1318 3874 ex
1340 3820 1529 3875 codice
1558 3820 1876 3877 monasterii

267 3905 676 3983 .Bi-undusini,
708 3909 1001 3963 chartaceo
1030 3910 1252 3979 optima:
1286 3921 1462 3974 notae,
1494 3912 1587 3980 qui
1620 3923 1745 3968 ante
1779 3929 1878 3967 an-

300 4018 396 4057 nos
431 4004 630 4058 saltem
666 4011 883 4057 centum
916 4003 1315 4072 quinquaginta
1358 4005 1599 4070 scrlptus
1641 4014 1744 4067 est.
1777 4022 1875 4077 pe-

298 4095 399 4148 rita
429 4112 622 4149 manu.
647 4093 963 4151 Gennadius
988 4096 1035 4150 is
1065 4103 1171 4159 est,
1198 4097 1289 4165 qui
1312 4096 1458 4151 circa
1489 4114 1691 4152 annum
1716 4101 1873 4165 H53,

298 4203 404 4255 quo
432 4196 595 4259 capta
635 4198 711 4244 est
741 4188 1263 4258 Constantinopolis,
1290 4189 1519 4257 jubente
1555 4191 1874 4248 Multamede

300 4278 605 4337 Turcarum
654 4282 1023 4352 imperatore,
1065 4295 1093 4335 a
1150 4282 1356 4338 Grazcis
1406 4298 1560 4338 more
1606 4285 1870 4354 majorum

299 4371 503 4426 electus
550 4381 634 4426 est
676 4373 1012 4438 patriarcha.
1049 4371 1108 4427 ln
1157 4373 1348 4428 eodem
1392 4374 1579 4429 codice
1615 4374 1873 4445 leguntur

301 4461 487 4518 Oratio
539 4465 788 4521 funebris
838 4465 1115 4534 despmnae
1153 4467 1343 4520 matris
1376 4465 1726 4522 Constantini
1772 4470 1872 4521 im-

300 4555 565 4619 peratoris
594 4572 609 4620 ;
648 4556 755 4609 alia
788 4556 841 4609 in
873 4555 1067 4610 funere
1100 4555 1369 4623 Saphiani
1410 4555 1588 4621 dicta;
1624 4557 1871 4611 Homilim

300 4644 348 4697 in
381 4646 798 4700 decollationcm
852 4644 1081 4700 Joannis
1125 4646 1398 4714 Baptista},
1453 4647 1506 4701 in
1554 4646 1867 4701 Transitum

298 4736 355 4790 Β.
391 4739 576 4791 Mariae
611 4737 870 4808 Virginis,
913 4737 967 4790 in
1008 4736 1364 4792 Nativitatcm
1400 4738 1634 4803 Domini,
1662 4739 1728 4793 de
1770 4738 1871 4792 Pu.

302 4828 507 4883 lil‘cano
563 4837 617 4883 et
666 4829 982 4893 Phariswo;
1014 4829 1165 4897 Opus
1211 4831 1277 4884 de
1324 4838 1566 4899 tempore
1604 4837 1658 4883 et
1705 4830 1869 4884 modo

299 4921 633 4975 exsistentia:
677 4922 983 4975 animarum
1045 4919 1415 4985 rationalium,
1458 4928 1514 4974 et
1554 4920 1676 4973 alia
1719 4917 1868 4988 Opu-

298 5010 465 5077 scula,
501 5026 624 5081 quae
657 5011 710 5065 in
746 5012 911 5068 variis
956 5012 1266 5082 praesertim
1301 5012 1649 5066 bibliotheca:
1684 5011 1868 5080 Regia:

297 5103 577 5159 codicibus
626 5103 895 5159 Gennadii
945 5119 1145 5159 nomen
1209 5118 1321 5173 prae
1370 5119 1430 5159 se
1497 5103 1702 5168 ferunt,
1743 5119 1868 5158 cer-

295 5194 631 5264 tissimisque
656 5196 994 5266 argumentis
1018 5196 1198 5252 eidem
1233 5196 1447 5251 auctori
1494 5195 1864 5251 vindicantur.

297 5284 399 5339 Sed
434 5302 563 5341 cum
610 5289 663 5342 in
710 5288 835 5343 aliis
885 5288 1164 5357 opusculis
1205 5288 1507 5343 auctoritas
1557 5289 1673 5341 sola
1713 5288 1864 5342 codi-

298 5393 414 5433 cum
457 5396 593 5435 mss.
619 5390 673 5434 et
705 5382 909 5451 aliquot
936 5381 1176 5435 rationes
1203 5396 1309 5434 non
1344 5380 1759 5434 contemnendae
1799 5382 1866 5432 ti-

300 5471 440 5527 tulos
486 5473 849 5538 conﬁrment,
898 5472 1171 5541 Eaposilio
1230 5462 1499 5540 religiOnis
1542 5470 1862 5527 Christiana:

300 5576 479 5617 coram
512 5563 816 5619 Turcarum
851 5566 1183 5635 imperatore
1218 5565 1383 5627 facta,
1422 5564 1717 5617 maximum
1750 5578 1869 5615 om-

302 5654 427 5711 nino
473 5657 686 5728 poudus
721 5657 901 5714 habet.
958 5657 1091 5712 Eum
1137 5657 1279 5712 enim
1323 5655 1413 5725 qui
1467 5656 1677 5726 primus
1734 5665 1857 5725 post

1984 3639 2153 3693 tiatus
2192 3650 2298 3705 est,
2338 3653 2623 3700 auctorem
2682 3648 2842 3717 hujus
2881 3662 3080 3708 nostrae
3110 3653 3388 3716 Orationis
3435 3663 3559 3718 sive

1982 3731 2231 3788 Humilia:
2273 3741 2384 3788 tam
2436 3739 2729 3807 perspicue
2783 3742 3054 3813 designat,
3101 3756 3159 3801 ut
3187 3748 3439 3806 dubitare
3484 3770 3555 3811 ne

1979 3824 2083 3892 ipsi
2112 3825 2331 3894 quidem
2368 3828 2583 3897 possint
2616 3829 2709 3898 qui
2754 3831 2897 3907 duos
2925 3833 3239 3895 Gennadios
3272 3843 3551 3913 excogita-

1979 3926 2199 3972 verunt.
2228 3917 2342 3972 Non
2375 3934 2470 3974 eos
2496 3934 2850 3990 accusamus,
2876 3928 2967 3997 qui
3000 3932 3262 3996 opuscula
3300 3937 3547 4003 quaedam

1977 4008 2247 4063 Gennadii
2277 4010 2569 4067 ediderunt
2597 4017 2868 4085 superiori
2903 4022 3126 4087 sa'culo,
3157 4026 3237 4078 vel
3270 4025 3320 4079 in
3347 4025 3547 4083 Biblio-

1980 4104 2183 4156 tliecam
2224 4102 2443 4158 Patrum
2479 4110 2911 4176 transtulerunt;
2961 4113 3064 4182 piis
3095 4118 3238 4169 enim
3285 4119 3416 4174 viris
3452 4137 3548 4176 nec

1976 4186 2233 4253 indoctis,
2263 4191 2357 4245 sed
2390 4192 2442 4244 in
2468 4194 2656 4249 critica
2682 4200 2971 4254 recentiori
2999 4206 3322 4273 peregrinis,
3353 4208 3549 4263 licebat

1975 4275 2341 4342 Gennadium,
2375 4282 2490 4334 sive
2515 4280 2809 4352 Georgium
2851 4288 3195 4346 Scholarium
3238 4312 3344 4349 non
3383 4314 3550 4362 agno-

1974 4381 2149 4427 scere,
2180 4384 2302 4421 cum
2337 4371 2423 4423 vix
2462 4372 2604 4427 ullos
2632 4374 2853 4431 Graecos
2885 4380 3107 4436 codices
3142 4387 3542 4443 tractavissent.

1975 4458 2079 4515 Sed
2117 4462 2372 4515 excusari
2417 4462 2578 4530 plane
2609 4480 2717 4519 non
2766 4481 2994 4534 possunt
3027 4470 3200 4527 Graeci
3246 4476 3374 4538 duo,
3408 4477 3543 4532 Mat-

1973 4550 2148 4605 thtcus
2192 4549 2591 4623 Caryophyllus
2639 4558 3091 4629 archiepiscopus
3139 4564 3459 4631 Icouiensis,
3492 4579 3546 4623 et

1972 4641 2083 4697 Leo
2116 4643 2349 4699 A'Ilatius
2387 4645 2731 4717 Corcyraeos,
2767 4652 2859 4716 qui
2895 4650 3036 4706 hanc
3086 4654 3247 4723 primi
3293 4657 3545 4713 luserunt

1968 4733 2233 4801 fabulam,
2266 4746 2319 4791 et
2370 4737 2423 4791 in
2483 4754 2715 4806 quorum
2767 4743 3098 4795 sententiam
3131 4744 3347 4799 iverunt
3390 4747 3544 4801 theo-

1973 4826 2118 4895 logi,
2166 4837 2361 4897 printer
2409 4844 2576 4883 unum
2646 4830 2982 4885 Richardqu
3034 4832 3313 4888 Simonem
3367 4839 3540 4891 virum

1973 4920 2374 4986 doctissimum,
2406 4923 2499 4992 qui
2545 4937 2663 4976 eam
2711 4924 2922 4991 primus
2974 4926 3207 4995 explosit
3257 4926 3312 4979 in
3348 4926 3540 4982 ﬁcien-

1971 5010 2127 5066 sione
2159 5013 2448 5067 vernacula
2481 5013 2744 5067 adversus
2784 5013 3051 5068 Thomam
3098 5015 3296 5075 Sinith.
3334 5018 3541 5073 theolo-
3610 5054 3615 5058 -

1968 5116 2095 5170 gum
2144 5101 2540 5155 Oxoniensem.
2587 5102 2863 5169 Agebatur
2907 5101 2974 5155 de
3024 5101 3128 5156 ﬁde
3169 5100 3537 5157 Ecclesiarum

1969 5194 2279 5248 Graecarum
2314 5193 2459 5247 circa
2492 5191 2847 5246 Encharistiae
2876 5204 3311 5257 sacramentum,
3348 5196 3412 5249 de
3436 5213 3539 5264 qua

1968 5287 2038 5339 ab
2072 5285 2226 5338 annis
2277 5284 2447 5337 ferme
2493 5284 2687 5351 viginti
2735 5287 3010 5339 acerrime
3059 5286 3201 5339 inter
3229 5286 3542 5341 Catholicos

1969 5386 2025 5431 et
2067 5376 2443 5430 Protestantes
2489 5376 2900 5445 disputabatur,
2952 5379 3242 5432 occasione
3292 5379 3539 5446 ()pnscuti

1969 5468 2048 5522 De
2086 5477 2328 5536 perpetuo
2354 5468 2625 5530 utriusque
2676 5467 2925 5521 Ecclesia:
2962 5484 3213 5521 consensu
3246 5469 3386 5518 circa
3436 5467 3544 5517 Eu-

1970 5561 2233 5615 t‘hnristim
2270 5557 2449 5627 ﬁdem,
2484 5559 2626 5627 quod
2669 5559 2836 5611 multa
2882 5558 3142 5627 deinceps
3175 5556 3447 5611 volumina
3484 5557 3539 5608 in

1966 5664 2256 5721 utramque
2290 5661 2501 5721 partem
2540 5649 2748 5718 scripta
2783 5649 3012 5717 peperit.
3050 5672 3051 5675 η
