4176 6278
606 355 709 418 2'3]

1674 354 2055 417 GENNADII
2114 351 2222 414 (ΣΡ.
2270 352 2465 416 PATR
2482 359 2783 420 iARCiLE

3666 346 3675 354 ’
3763 351 3869 413 2“ιέ

679 469 890 537 Agebat
928 469 1384 539 .f‘rotestantium
1436 483 1661 523 causam
1712 468 1792 521 vir
1823 468 2087 527 disertus,
2124 473 2173 517 et
2205 460 2253 517 Α
2279 468 2669 536 stantiatiom's,
2694 487 2882 527 vocem
2913 471 3191 541 exprimit.
3214 486 3334 540 quae
3362 470 3413 522 iu
3439 470 3871 535 metaphoricam

610 562 798 613 multis
825 569 1036 613 uaturze
1071 560 1344 629 praesidiis
1373 559 1439 613 ad
1465 559 1711 613 suaviter
1746 558 2023 629 politeque
2052 556 2194 609 seri-

610 653 843 708 bendum
895 653 1302 721 paratissimus,
1335 650 1431 706 sed
1476 651 1744 706 doctrina:
1790 648 2108 705 mediocris.
2141 655 2195 700 et

607 746 661 799 in
696 745 1024 814 antiquitate
1054 744 1458 808 ecclesiastica,
1498 744 1739 797 maxime
1786 756 1920 796 vero
1960 741 2014 794 in
2046 738 2194 793 Gne-

606 836 707 889 cia:
745 836 992 890 barbarie
1047 836 1246 889 litteris
1280 835 1602 904 peregrinus
1632 850 1795 903 supra
1844 847 2005 902 quam
2042 829 2192 885 credi

608 940 808 998 potest-
837 928 1144 983 Accedebat
1190 928 1472 998 negantis,
1525 943 1646 997 qua:
1690 927 1808 981 luce
1855 925 2026 993 magis
2076 937 2197 992 per—

614 1022 808 1089 spicua
846 1020 1045 1085 forent,
1078 1029 1379 1088 sancteque
1419 1020 1487 1073 de
1542 1019 1705 1073 rebus
1739 1026 1834 1071 aut
1874 1014 2194 1072 falsissimis

609 1123 704 1168 aut
737 1113 1079 1167 inanissimis
1112 1111 1437 1165 aﬂirmautis
1462 1110 1644 1165 audax
1670 1110 1915 1180 quidem,
1954 1107 2048 1163 sed
2080 1122 2198 1159 tuo-

608 1204 763 1255 desta
804 1212 858 1255 et
897 1202 1109 1271 placida
1144 1200 1482 1269 impudentia
1506 1238 1522 1262 ,
1554 1215 1674 1268 qua
1718 1199 1993 1251 hominem
2027 1210 2198 1265 popu-

612 1292 782 1344 larem
836 1294 1010 1361 magis
1046 1293 1187 1345 inter
1226 1306 1358 1345 suos
1423 1289 1849 1354 commendavit,
1898 1304 2061 1357 quant
2099 1286 2197 1340 do-

607 1386 807 1448 et2iua,
863 1383 1202 1452 eloquentia,
1255 1384 1506 1438 sincerus
1559 1381 1779 1435 animus
1828 1380 2079 1434 meliores
2129 1393 2196 1433 ex

608 1480 799 1529 eadem
834 1485 983 1529 secta
1018 1476 1322 1544 theologos.
1362 1474 1501 1527 Cum
1536 1489 1669 1527 vero
1703 1474 1791 1524 ille
1832 1472 2014 1540 spisso
2040 1470 2197 1523 volu-

611 1568 755 1619 mine
792 1575 963 1618 tottttu
1015 1566 1360 1619 Alberlinum
1417 1565 1767 1634 explicuisset
1800 1604 1814 1623 ,
1856 1572 1908 1616 et
1950 1578 2087 1615 nova
2127 1561 2196 1615 de

615 1658 865 1726 przrsenti
900 1656 1270 1711 Ecclesiarttm
1308 1656 1669 1711 Orientalium
1707 1657 2007 1724 praisertim
2041 1654 2195 1708 Grac-

612 1764 802 1801 carum
839 1750 942 1802 fide
983 1750 1215 1818 quaestio
1249 1749 1642 1803 institueretur
1669 1750 1755 1801 vix
1803 1763 1831 1801 a
1872 1746 2192 1801 Protestau-

616 1840 761 1893 tibus
791 1839 1051 1904 delibata,
1101 1840 1319 1908 negavit
1369 1839 1593 1893 Crtecos
1642 1840 1867 1893 credere
1911 1854 2093 1891 veram
2142 1838 2193 1891 in

620 1931 969 1986 Eucharistia
1023 1931 1272 1999 c0rporis
1313 1930 1522 1987 Christi
1567 1932 1954 2000 praesentiam:
2001 1929 2047 1985 si
2100 1930 2195 1999 qui

620 2022 869 2076 fortassis
915 2022 989 2076 ita
1040 2022 1443 2089 existimarent,
1478 2022 1701 2076 Graecos
1751 2038 1781 2075 a
1826 2020 2036 2076 Latinis
2070 2036 2201 2075 cor-

618 2120 809 2181 ruptos
843 2128 965 2168 esse
999 2114 1274 2179 asseruit;
1320 2122 1486 2184 atque
1519 2114 1595 2167 ita
1627 2129 1852 2169 causam
1889 2114 2092 2169 vicisse
2120 2114 2199 2168 si-

618 2206 671 2260 bi
708 2206 857 2260 visus
896 2214 999 2259 est.
1046 2205 1365 2260 Provocavit
1393 2206 1482 2260 ad
1542 2206 1981 2273 patriarcharum
2041 2206 2197 2261 testi-

624 2299 847 2361 monia;
900 2299 1196 2367 postulavit
1240 2306 1300 2352 ut
1348 2308 1469 2353 acta
1518 2299 1738 2367 publica
1782 2299 2192 2363 exhiberentur,

619 2399 680 2443 ttt
728 2390 847 2443 fidei
907 2388 1283 2444 confessiones
1318 2430 1333 2453 ,
1383 2400 1441 2443 ut
1504 2389 1835 2460 synodorum
1873 2387 2194 2449 sententiae.

619 2480 944 2536 existimans
1006 2480 1219 2536 scilicet
1282 2481 1397 2534 ﬁeri
1446 2496 1553 2534 non
1610 2496 1772 2550 posse
1823 2488 1883 2535 ut
1952 2481 2064 2535 lucc
2127 2495 2195 2534 ex

617 2571 829 2627 (ΞΜ-οἱα
878 2572 1233 2627 haberentur.
1303 2572 1587 2626 Venerunt
1638 2584 1815 2628 tamen
1870 2572 1959 2626 vix
2008 2573 2195 2641 elapso

617 2663 841 2717 biennio
895 2664 1262 2719 instrumenta
1314 2679 1343 2716 a
1393 2663 1813 2729 Grzccorum,et
1864 2680 1893 2717 a
1930 2662 2191 2734 Syrorum

616 2753 1030 2814 Melcbitarum,
1066 2752 1442 2807 Jacobitarum
1496 2766 1553 2809 et
1594 2755 2045 2810 Nestorianorum
2095 2757 2196 2811 Ec-

618 2846 823 2909 clesiis,
868 2856 922 2899 et
954 2856 1076 2913 post
1101 2861 1275 2899 annos
1311 2848 1450 2899 duos
1488 2855 1543 2900 et
1576 2846 1834 2915 deinceps
1878 2858 1983 2900 tam
2028 2849 2192 2901 mttlta

619 2939 723 2990 alia
756 2953 784 2989 a
822 2937 893 2992 cl.
930 2938 1047 2990 viro
1092 2936 1294 2992 Carolo
1342 2936 1638 2993 Franciseo
1688 2938 1871 2993 Olerio
1918 2939 2193 2995 Nointelio

619 3030 763 3097 r'gis
794 3027 859 3081 ad
896 3026 1316 3082 Otltomanicatu
1361 3030 1540 3083 aulam
1574 3031 1773 3099 legato,
1806 3040 1864 3085 ut
1896 3033 2008 3100 jam
2048 3033 2191 3086 desi-

2299 565 2757 633 signifieatiouem
2809 566 2949 619 trahi
2986 581 3082 636 per
3123 562 3497 618 calumniosas
3546 561 3873 628 interpreta-

2300 657 2478 713 tiones
2510 673 2615 711 non
2645 668 2840 727 potest.
2878 656 2934 711 Si
2966 658 3098 725 quid
3131 654 3380 711 fortassis
3416 667 3480 707 ex
3517 647 3875 704 bibliothecis

2300 749 2353 802 in
2387 750 2564 803 lucem
2594 751 2797 813 editur,
2825 746 2972 819 quod
3007 749 3274 803 doctrinas
3299 744 3590 799 catholicze
3620 741 3877 797 videatur

2297 843 2660 906 contrarium,
2689 843 2799 896 duo
2819 857 2848 896 a
2889 841 3162 911 theologis
3195 837 3442 908 praestari
3471 835 3650 889 solent
3683 846 3878 887 :scru-

2301 946 2485 989 tantur
2532 950 2724 1003 nempe
2754 934 2996 999 codices,
3030 943 3090 988 ut
3136 932 3373 1002 primum
3410 930 3477 984 de
3504 928 3652 982 illius
3682 926 3779 996 qui
3820 926 3875 986 in

2298 1029 2673 1083 testimonium
2726 1029 3043 1091 adducitur,
3084 1026 3411 1081 auctoritate
3462 1029 3712 1085 constet,
3756 1027 3872 1070 tum

2298 1119 2548 1172 doctrina
2582 1118 2906 1186 explicatur,
2954 1132 3129 1185 neque
3160 1116 3205 1170 si
3247 1131 3278 1169 a
3318 1114 3527 1181 vulgari
3568 1112 3622 1164 in
3648 1125 3756 1175 qua
3789 1108 3876 1158 vi-

2298 1212 2478 1264 vimus
2520 1210 2777 1279 opinione
2808 1210 3062 1264 recedere
3088 1209 3361 1272 videatnr,
3386 1205 3568 1260 statim
3610 1210 3876 1256 censetur

2296 1302 2659 1369 cxplodenda.
2686 1302 2789 1368 Qui
2819 1303 2977 1356 aliter
3011 1300 3210 1363 fecere,
3248 1308 3307 1353 ut
3339 1300 3467 1351 olim
3500 1310 3729 1351 avorum
3763 1308 3876 1344 me-

2300 1392 2470 1446 moria
2513 1392 2710 1447 Petrus
2759 1393 3073 1455 Molinaaus,
3117 1390 3209 1461 qui
3263 1401 3605 1459 quaecunque
3650 1384 3873 1436 Patrum

2299 1486 2525 1553 scripta.
2574 1487 2616 1539 si
2658 1501 2773 1541 sua:
2823 1496 2989 1541 secta:
3037 1483 3253 1553 placitis
3292 1481 3758 1539 adversarentur,
3819 1484 3876 1527 ut

2299 1578 2483 1645 spuria
2520 1578 2819 1645 rejiciebat,
2862 1578 2897 1631 ii
2950 1576 3394 1630 doctissimorum
3447 1572 3591 1625 inter
3634 1584 3766 1623 suos
3796 1567 3877 1619 vi-

2301 1683 2483 1719 rorum
2519 1683 2804 1722 censuram
2843 1666 3051 1735 experti
3083 1675 3233 1720 sunt.
3267 1665 3336 1718 At
3379 1676 3559 1716 novus
3591 1660 3681 1712 ille
3720 1657 3876 1710 theo-

2298 1761 2455 1831 logus
2488 1777 2665 1830 neque
2711 1761 3168 1816 bibliothecarum
3204 1757 3410 1813 forulos
3448 1761 3731 1811 scrutatus
3770 1758 3874 1806 est.

2305 1869 2479 1923 neque
2514 1853 2747 1908 criticen
2791 1853 2953 1908 ullam
2984 1850 3250 1912 adhibuit,
3284 1848 3379 1904 sed
3409 1856 3576 1899 totam
3605 1842 3872 1897 Graeciam

2300 1956 2566 2009 veterem,
2590 1961 2812 2009 novam,
2838 1952 2891 1998 et
2913 1955 3253 2013 quaecunque
3296 1939 3511 1992 tandem
3542 1937 3723 1988 futura
3752 1932 3877 1993 erit,

2300 2054 2410 2093 uno
2440 2038 2541 2093 sibi
2590 2039 2739 2092 visus
2767 2044 2852 2091 est
2902 2041 3227 2104 argumento
3262 2028 3651 2101 prostravisse.
3688 2023 3877 2078 Aiebat

2299 2132 2511 2186 scilicet
2558 2145 2617 2185 se
2669 2129 2929 2199 probasse
2982 2134 3250 2197 quantum
3309 2123 3446 2178 satis
3486 2126 3625 2182 erat,
3669 2116 3877 2172 Graecis

2296 2223 2645 2294 praesentiam
2672 2221 2893 2284 realem,
2917 2221 3089 2274 multo
3124 2219 3305 2273 minus
3329 2209 3879 2271 transubstantiatio-

2298 2332 2421 2370 nem
2460 2316 2681 2369 venisse
2722 2325 2990 2379 nusquam
3037 2310 3090 2362 in
3129 2316 3391 2367 mentem,
3422 2316 3619 2357 omnes
3667 2300 3735 2354 ab
3769 2297 3873 2352 iui-

2297 2409 2371 2463 tio
2421 2407 2781 2462 schismatum
2816 2419 2935 2457 eam
2973 2402 3133 2454 fidem
3179 2396 3476 2457 habuisse,
3512 2409 3637 2463 qua:
3686 2389 3874 2461 Cyrilli

2296 2497 2529 2552 anaris
2566 2494 2929 2551 Confessione
2958 2492 3335 2547 contineretur
3363 2503 3377 2541 :
3410 2486 3503 2556 qui
3536 2500 3670 2553 ergo
3718 2483 3877 2535 aliter

2295 2589 2586 2648 sentirent,
2613 2601 2709 2641 eos
2731 2584 3139 2653 Λατινόφρονας
3165 2594 3309 2642 esse,
3342 2593 3451 2632 non
3493 2576 3717 2631 Graecos
3748 2572 3878 2641 legi-

2295 2679 2479 2741 timos,
2515 2678 2605 2731 sed
2633 2678 2791 2730 avitae
2817 2675 2964 2736 fidei,
2992 2684 3389 2739 sacrorumque
3414 2667 3717 2737 patriorum
3751 2679 3876 2731 pro-

2294 2771 2528 2830 ditores,
2566 2784 2801 2840 quorum
2838 2766 2981 2819 nulla
3026 2771 3173 2818 esset
3220 2764 3274 2815 in
3325 2759 3597 2829 ejusmodi
3650 2766 3876 2812 contro-

2294 2862 2491 2916 versiis
2531 2860 2853 2914 auctoritas.
2892 2857 3003 2911 Hoc
3042 2855 3396 2909 fundamento
3440 2850 3677 2906 snhuixa
3728 2848 3877 2903 stetit

2294 2968 2393 3023 per
2450 2968 2625 3007 annos
2658 2950 2859 3005 multos
2919 2957 3029 3002 tota
3066 2944 3493 3001 Claudiauarum
3534 2941 3873 3010 argutiarum

2296 3047 2574 3099 machina.
2606 3042 2761 3096 Mitto
2805 3042 2911 3094 alia
2955 3036 3262 3108 ejusmodi,
3307 3050 3541 3105 quorum
3590 3034 3675 3087 vel
3728 3032 3876 3101 ipsos

618 3122 797 3175 ""373
837 3121 969 3175 "ill"
1006 3130 1193 3191 Ροεδθῑ
1232 3123 1314 3175 νει
1360 3124 1423 3176 δά
1468 3123 1748 3177 νθτίιθῑειη
1785 3124 2190 3191 ίδῑόὺίιίοηάυιηι.
2224 3131 2271 3194 C
2302 3137 2675 3192 Protestantes
2712 3134 2932 3204 pudeat,
2970 3141 3025 3185 ιιι
3063 3130 3267 3185 multos
3306 3143 3436 3182 sane
3495 3126 3679 3180 audivi
3733 3125 3878 3179 viros

619 3217 702 3267 vel
727 3218 790 3265 ad
822 3215 1096 3268 hominem
1123 3224 1390 3284 perpetuo
1416 3216 1639 3270 silentio
1664 3218 2055 3273 damnandum.
2081 3220 2187 3274 Sed

617 3307 710 3375 qui
746 3306 1091 3361 verecundiae
1138 3308 1273 3362 ﬁnes
1308 3308 1474 3363 semel
1530 3311 1887 3374 trausilierat,
1930 3328 2053 3367 eum
2090 3328 2189 3366 na-

621 3401 761 3451 viter
793 3398 1083 3467 oportebat
1112 3415 1236 3455 esse
1262 3401 1653 3468 impudentem.
1686 3402 1761 3456 ita
1797 3405 1890 3475 qui
1926 3404 1979 3459 in
2010 3407 2191 3474 priva-

621 3492 691 3542 tis
715 3491 937 3559 jmliciis
971 3501 1079 3547 tam
1112 3501 1263 3546 certa
1299 3502 1547 3547 actorum
1593 3493 1697 3548 fide
1737 3495 2027 3551 calumnia:
2061 3512 2191 3551 con-

623 3585 799 3637 virtus
834 3584 1108 3639 infamiam
1142 3584 1407 3648 tulisset,
1442 3585 1746 3640 cavillando
1779 3587 2190 3659 obtinuit-apud

622 3692 750 3729 suos
784 3688 841 3730 ut
874 3679 977 3731 sibi
1012 3677 1077 3732 de
1112 3679 1473 3733 Orientalium
1516 3680 1762 3734 doctrina
1809 3692 1998 3736 contra
2042 3692 2194 3737 acto-

620 3785 741 3823 rum
782 3769 939 3823 fidem
976 3770 1311 3827 crederetur.
1351 3770 1536 3840 Neque
1585 3782 1704 3825 acta
1748 3774 1925 3828 Solum
1974 3784 2028 3830 et
2071 3790 2192 3829 scu-

623 3864 807 3915 tentia:
841 3861 1153 3931 synodales,
1186 3864 1279 3914 sed
1310 3872 1364 3915 et
1387 3863 1509 3915 libri
1538 3864 1702 3916 etiam
1736 3866 1929 3933 integri
1956 3883 2018 3919 ex
2046 3866 2196 3921 Grze-

624 3954 705 4006 cia
750 3952 902 4005 missi
961 3960 1108 4011 sunt,
1166 3951 1371 4019 quibus
1425 3961 1545 4004 acta
1595 3952 2085 4017 confirmarentur;
2142 3969 2195 4009 et

626 4062 759 4101 sane
791 4045 988 4099 multos
1022 4043 1087 4096 ad
1117 4045 1389 4097 saniorem
1440 4053 1676 4098 mentem
1709 4056 2012 4109 revocatos,
2044 4036 2099 4103 et
2128 4049 2193 4101 ad

626 4140 951 4193 catholicam
1009 4135 1231 4190 Matrem
1283 4152 1572 4202 reversos,
1632 4153 1821 4191 eorum
1874 4143 2197 4198 auctoritate

627 4249 733 4285 nnu
780 4232 898 4286 sine
930 4231 1118 4285 laetitia
1155 4230 1364 4299 experti
1402 4228 1619 4286 sumus.
1660 4232 1940 4302 Ejusmodi
1978 4232 2198 4291 fuerunt

628 4325 899 4392 Confessio
934 4324 1227 4378 orthodoxa
1256 4322 1507 4378 Ecclesia:
1534 4324 1843 4390 Orientalis,
1878 4327 2012 4395 ipsis
2037 4326 2199 4381 Bata-

630 4437 821 4474 vorum
853 4420 995 4490 typis
1027 4418 1170 4472 edita
1206 4418 1258 4472 in
1290 4418 1521 4485 gratiam
1557 4419 1916 4491 Panagiottis,
1949 4423 2195 4491 primarii

630 4512 951 4579 interpretis
980 4508 1122 4579 apud
1153 4508 1456 4563 Turcarum
1501 4510 1917 4579 imperatorem;
1951 4513 2198 4583 Synodus

626 4601 1077 4664 Bethlehemitica,
1119 4610 1172 4653 ct
1195 4599 1395 4653 Meletit‘
1431 4598 1604 4668 Syrigi
1642 4600 1785 4669 Opus
1816 4602 2063 4659 adversus
2100 4606 2201 4677 Cy—

628 4698 736 4750 rilli
765 4695 982 4748 Lumris
1014 4694 1209 4763 falsam
1246 4694 1371 4760 ﬁdei
1392 4694 1788 4758 expositionem,
1825 4712 1987 4764 quam
2020 4710 2203 4756 tauto-

630 4805 757 4859 perc
809 4792 1199 4841 exosculantur
1246 4786 1400 4839 multi
1453 4783 1854 4852 Protcstautcs,
1902 4793 2206 4848 reclaasan-

630 4882 776 4933 tibus
813 4881 952 4947 apud
986 4894 1081 4931 eos
1113 4877 1471 4931 doetissimis.

676 4973 846 5022 'lnler
891 4970 993 5022 alia
1019 4984 1139 5036 qua:
1164 4968 1432 5022 adversus
1466 4969 1767 5024 inauditam
1795 4970 2021 5029 Lucaris
2053 4977 2207 5031 theo-

632 5062 827 5131 logiam
874 5061 1181 5114 testimonia
1226 5061 1558 5129 produxerat
1590 5063 1841 5133 Syrigus.
1877 5070 2203 5124 occurrebat

635 5153 904 5206 sententia
949 5150 1241 5213 Gennadii,
1276 5154 1388 5221 qui,
1434 5153 1610 5221 inquit
1648 5156 1755 5220 ille,
1796 5158 2014 5225 ﬂorebat
2064 5162 2206 5217 circa

638 5258 837 5296 annum
877 5243 1037 5301 “53.
1075 5243 1275 5309 primus
1308 5255 1661 5314 postcaptam
1704 5249 1885 5302 urbem
1928 5252 2205 5304 renuntia-

638 5349 720 5390 tus
760 5336 1091 5404 patriarcha.
1122 5335 1216 5388 Illo
1257 5351 1389 5390 sane
1434 5338 1752 5392 testimonio
1786 5340 1870 5393 vix
1905 5342 2204 5409 quidquam

635 5430 689 5486 3n
718 5431 1020 5483 litterarum
1059 5428 1427 5483 monumentis
1457 5432 1777 5498 expressius
1803 5436 2065 5487 occurrit.
2094 5435 2207 5490 Nec

635 5523 779 5578 enim
830 5522 961 5575 solae
1001 5521 1282 5576 sententiae
1329 5521 1596 5576 Gennadii
1631 5523 2043 5578 Catholieorum
2085 5541 2210 5580 sen-

641 5612 851 5676 tentiis,
895 5613 991 5667 sed
1044 5614 1210 5669 verba
1258 5614 1421 5667 etiam
1468 5615 1650 5669 verbis
1680 5617 2037 5681 conveniunt,
2079 5618 2207 5672 dum

642 5706 1156 5758 transmutationem
1193 5706 1583 5760 elementorqu
1626 5707 1678 5759 in
1737 5722 1938 5775 corpus
1989 5717 2042 5762 et
2087 5726 2213 5763 san-

642 5792 863 5862 guinem
903 5793 1107 5849 Christi
1160 5810 1256 5864 per
1290 5795 1725 5867 μετουπιὼσεως,
1798 5796 1912 5852 sive
1969 5801 2210 5852 transuo-

2293 3231 2467 3285 bonos
2496 3228 2585 3296 qui
2616 3225 2907 3282 Claudium
2934 3224 3113 3278 valere
3144 3222 3424 3291 juberent,
3458 3219 3599 3286 quod
3627 3232 3879 3271 eorumn-

2291 3337 2417 3377 nem
2452 3335 2677 3375 causam
2729 3318 2781 3372 in
2834 3316 2971 3371 tales
3020 3314 3300 3380 angustias
3345 3311 3688 3371 deduxisset,
3732 3310 3877 3363 unde

2294 3412 2484 3483 pedem
2511 3411 2719 3466 referre
2745 3424 2851 3463 non
2884 3407 3102 3461 licebat.
3128 3403 3316 3473 Neque
3338 3403 3507 3465 enim,
3532 3401 3877 3470 inquiebant,

2294 3514 2489 3561 nostra
2544 3501 2711 3556 refert
2758 3500 2890 3569 quid
2950 3498 3125 3555 Graeci
3179 3506 3272 3550 aut
3317 3495 3515 3564 reliqui
3569 3492 3879 3551 Orientales

2293 3597 2543 3658 credant,
2575 3593 2705 3664 qttid
2752 3594 3067 3662 vituperent
3111 3590 3165 3643 in
3214 3596 3403 3643 nostra
3448 3585 3725 3649 doctrina,
3760 3598 3879 3654 quae

2294 3702 2404 3742 non
2424 3685 2677 3740 humanis
2695 3684 3107 3753 peregrinarum
3132 3677 3494 3733 Ecclesiarum
3514 3676 3877 3738 testimoniis,

2296 3780 2389 3835 sed
2421 3779 2541 3833 solo
2570 3777 2660 3830 Dei
2696 3777 2865 3829 verbo
2902 3776 3114 3828 nititur.
3426 3760 3429 3763 λ

2365 3869 2674 3924 Productus
2712 3872 2831 3919 erat
2871 3880 2932 3918 ex
2970 3863 3182 3917 Melelio
3212 3860 3405 3931 Syrigo
3430 3858 3790 3923 Gennadius;
3827 3865 3882 3911 et

2298 3975 2421 4016 cum
2462 3970 2719 4027 excerpta
2770 3971 2836 4011 ex
2883 3956 3071 4010 eodeni
3104 3954 3417 4008 Richardus
3466 3951 3657 4006 Simon
3696 3949 3879 4020 publi-

2297 4061 2503 4114 casset,
2527 4050 2767 4105 Thomas
2818 4050 2990 4103 Smith
3026 4049 3311 4114 theologus
3353 4043 3685 4100 Oxoniensis
3712 4057 3874 4113 opus-

2299 4144 2423 4197 cula
2458 4142 2570 4195 duo
2613 4140 2783 4195 edidit
2813 4138 2878 4194 de
2914 4139 3226 4193 Graecarum
3265 4135 3636 4191 Ecclesiarum
3694 4141 3862 4196 statu,

2299 4245 2353 4291 et
2393 4234 2744 4288 Miscellauea
2775 4230 3046 4300 qumdam,
3101 4230 3155 4282 in
3207 4228 3405 4297 quibus
3440 4227 3506 4281 de
3546 4224 3864 4279 ϐτιρουι-ιιιιι

2302 4328 2426 4393 fide,
2464 4327 2531 4380 de
2563 4325 2750 4396 Cyrilli
2785 4324 3011 4378 Lucaris
3056 4322 3417 4376 Coufessione
3451 4330 3504 4374 et
3548 4320 3667 4390 ejus
3711 4320 3879 4372 histo~

2302 4422 2382 4475 ria
2418 4432 2627 4474 veteres
2659 4418 2865 4472 namias
2899 4414 3225 4471 certissimis
3256 4414 3595 4483 argumentis
3627 4410 3882 4464 confuta-

2309 4525 2391 4568 tas
2423 4513 2617 4566 iterum
2650 4510 2957 4579 proposuit,
2988 4517 3155 4574 atque
3187 4506 3328 4558 inter
3352 4504 3455 4556 alia
3487 4503 3879 4555 divinationem

2306 4608 2567 4661 adversus
2618 4601 2992 4664 Genuadium,
3050 4599 3129 4653 vel
3181 4598 3362 4665 potius
3414 4596 3678 4649 adversos
3727 4593 3882 4646 Dicte.

2308 4700 2441 4753 tium
2473 4695 2752 4767 Syrigum,
2781 4708 2942 4762 quem
2978 4689 3275 4758 supposita:
3309 4686 3596 4741 Ceunadio
3634 4683 3882 4737 llomilize

2305 4792 2371 4845 de
2404 4788 2749 4844 Eucharistia
2802 4800 2959 4840 reum
3000 4782 3231 4852 peragit,
3282 4779 3450 4834 nullis
3498 4777 3736 4837 indiciis,
3786 4773 3881 4828 sed

2307 4892 2518 4937 tantum
2565 4880 2919 4948 conjecturis,
2966 4890 3089 4945 qua)
3122 4872 3320 4941 Opinor
3364 4871 3535 4939 aequis
3582 4866 3883 4922 lectoribus

2308 4971 2647 5027 inanissima:
2706 4967 3062 5031 videbuntur.
3135 4961 3306 5017 Decet
3373 4975 3592 5030 quoque
3643 4955 3882 5011 Gabrieli

2309 5062 2700 5131 Philadelphia:
2742 5057 3101 5127 tuetropolita:
3131 5055 3331 5110 debere
3370 5051 3588 5108 Graecos
3622 5046 3886 5105 recentio-

2309 5170 2397 5211 res
2445 5168 2631 5208 vocem
2665 5149 3101 5222 μετουσιώσεως,
3149 5162 3256 5216 qua
3293 5145 3360 5199 ab
3409 5144 3571 5198 annis
3607 5139 3882 5208 octoginta

2310 5247 2387 5302 uti
2437 5246 2636 5305 solent,
2677 5258 2742 5296 ex
2776 5256 2886 5311 quo
2918 5238 3098 5294 infusa
3147 5238 3289 5306 apud
3325 5250 3421 5290 eos
3468 5233 3708 5287 latinitas
3759 5228 3880 5290 fuit,

2310 5338 2454 5405 quod
2506 5334 2859 5390 falsissimum
2898 5346 3023 5386 esse
3062 5328 3304 5398 Epistola
3347 5324 3547 5379 Meletii
3580 5323 3741 5393 Pigaa,
3784 5332 3884 5387 pa-

2311 5428 2565 5482 triarchae
2596 5422 2945 5479 Alexandrini
2975 5461 2989 5485 ,
3022 5436 3185 5489 quam
3256 5418 3494 5476 edimus,
3529 5414 3621 5469 ﬁet
3653 5408 3884 5465 manife-

2311 5532 2486 5577 stum.
2540 5513 2723 5568 Virum
2765 5528 2883 5574 sua,
2919 5522 2975 5565 ut.
3015 5510 3412 5573 existimamus,
3438 5505 3628 5573 religio
3674 5499 3883 5564 fefellit,

2314 5610 2471 5679 cujus
2511 5608 2766 5661 laborans
2801 5602 3160 5673 praejndiciis,
3187 5594 3664 5664 Constantitmpoli
3702 5588 3885 5645 indili-

2318 5712 2530 5772 genteut
2569 5698 2794 5753 omnino
2828 5712 3047 5764 operam
3100 5693 3317 5747 naravit
3349 5692 3401 5744 iu
3433 5705 3499 5745 eo
3526 5688 3669 5759 quod
3704 5696 3886 5739 susce-

2290 5805 2468 5853 σθω-δι
2507 5790 2721 5861 negotio
2752 5789 3094 5860 explicando,
3128 5796 3219 5841 aut
3268 5784 3501 5840 fateatur
3542 5792 3765 5837 necesse
3798 5783 3886 5829 cst
