4176 6278
313 341 411 397 253

1819 351 2017 408 ἨΤΑ.

3448 350 3556 412 9εά

315 444 445 499 nihil
478 443 608 499 inde
653 446 911 502 retulisse
934 450 1076 517 quod
1120 449 1185 503 ad
1234 440 1416 506 causa:
1450 452 1740 523 deploratae
1770 473 1881 511 sure
1910 475 1950 525 Α
1985 460 2095 521 rit;
2152 476 2274 513 nam
2331 461 2429 513 soli
2482 460 2842 514 ecclesiastici
2889 459 3325 523 suliscrihelzaat,
3380 470 3433 513 et
3483 477 3548 514 es

315 538 673 605 patrocinium
723 540 1036 607 pertineret.
1070 539 1259 595 Varios
1306 544 1451 597 enim
1505 561 1754 600 rumores
1806 548 1875 604 de

318 626 530 690 Lucari,
560 642 700 695 quos
735 629 988 683 Ecclesia:
1011 629 1638 703 Constantinopolitan:e
1669 638 1876 693 tabula-

316 720 391 772 ria
420 716 691 778 refellunt.
725 719 1061 790 collectaque
1091 737 1154 776 ex
1182 724 1386 778 Allatio
1410 736 1462 779 et
1487 716 1871 799 C'aryOphyllo,

318 809 361 862 si
387 824 447 861 ex
478 808 831 863 miscellaneo
860 810 952 865 illo
1008 826 1173 881 Opere
1205 815 1531 883 dempseris,
1566 820 1877 889 quicunque

322 900 537 955 Grzecia:
569 902 891 955 recentioris
943 904 1153 959 litteras
1191 906 1275 960 vel
1322 908 1656 976 primoribus
1709 912 1876 967 labris

320 991 641 1060 degustavit,
675 992 811 1046 nihil
862 1008 1083 1060 novum,
1122 998 1254 1051 nihil
1305 1008 1454 1053 trans
1498 1017 1649 1057 mare
1686 1015 1874 1057 natum

319 1091 587 1145 agnoscet.
625 1080 800 1136 Nemo
847 1086 1172 1150 catholicus,
1220 1090 1321 1142 etsi
1370 1091 1552 1144 Allatii
1581 1131 1594 1154 ,
1633 1092 1878 1157 Arcudii,

320 1170 685 1243 Caryophylli.
719 1184 771 1227 et
817 1175 1048 1228 aliorum
1085 1178 1221 1231 bene
1263 1179 1329 1233 de
1367 1179 1606 1236 Ecclesia
1659 1184 1879 1237 merito-

321 1276 434 1311 rum
484 1261 801 1315 memoriam
857 1279 980 1317 cum
1026 1267 1293 1321 charitate
1343 1270 1776 1339 complectatur.
1824 1275 1879 1325 in

318 1366 503 1404 eorum
536 1353 699 1406 verba
745 1354 1041 1421 jurandum
1088 1359 1190 1412 sibi
1231 1359 1548 1424 arbitratur,
1600 1371 1693 1415 aut
1745 1364 1878 1417 nihil

318 1442 369 1495 in
404 1458 594 1496 eorum
628 1447 846 1512 scriptis
875 1449 1172 1501 desiderat.
1205 1446 1320 1502 luto
1348 1451 1437 1520 qui
1468 1468 1527 1506 se
1568 1453 1619 1506 in
1664 1453 1878 1508 Graecas

317 1531 529 1587 litteras
560 1534 905 1600 abdiderunt,
940 1539 1271 1608 codicesque
1301 1541 1453 1608 ipsos
1496 1544 1640 1597 serio
1676 1554 1879 1599 tracta—

312 1629 532 1685 verunt,
569 1622 882 1678 desiderant
928 1626 1142 1681 illorum
1191 1629 1527 1699 diligentiam
1559 1641 1611 1686 et
1645 1635 1882 1702 pruden-

313 1712 471 1775 tiam,
506 1729 605 1768 ncc
648 1730 773 1768 raro
808 1719 1099 1773 candorem
1142 1730 1197 1773 et
1238 1720 1436 1775 bonam
1476 1722 1656 1778 (idem.
1688 1723 1880 1779 Testes

1986 548 2143 603 laicis
2198 560 2393 617 prmtcr
2449 551 2829 615 imperatorem
2869 555 3061 602 'neuto.
3105 549 3372 601 Reversus
3415 550 3553 601 Con-

1981 639 2397 706 stantinopolim
2440 636 2751 693 Gennadius
2785 654 2930 691 anno
2984 638 3138 694 1459.
3167 650 3281 705 post
3335 640 3555 691 alis-oin-

1982 732 2089 776 tam
2128 727 2419 795 synodum.
2457 727 2509 778 in
2548 740 2739 794 magna
2776 727 2916 793 apud
2949 723 3212 779 Joannem
3253 728 3546 801 imperato-

1982 832 2095 870 rem
2129 817 2658 885 Constantinumque
2692 816 2909 869 fratrem
2949 828 2999 869 et
3030 831 3407 870 successorem
3465 818 3552 868 di.

1981 907 2188 975 gnitate
2237 908 2392 969 vixit,
2432 923 2604 973 usqtte
2636 907 2700 959 ad
2735 922 2939 959 annum
2995 908 3155 970 MSS,
3187 906 3281 975 qui
3324 907 3554 975 imperio

1986 1000 2296 1054 Grecorum
2366 998 2980 1066 Constantinopolitano
3055 1014 3351 1067 supremus
3427 1001 3550 1053 fuit.

1981 1090 2118 1156 Quid
2146 1106 2272 1144 vero
2297 1091 2427 1144 totis
2455 1090 2540 1145 bis
2564 1090 2724 1144 annis
2755 1092 3013 1144 tredecim
3042 1090 3324 1145 Gen-natlio
3350 1089 3551 1144 factum

1981 1181 2071 1241 sit,
2121 1181 2383 1235 divinavit
2431 1182 2681 1234 Allatitts.
2724 1178 2918 1248 Neque
2966 1182 3112 1234 enim
3158 1196 3187 1233 a
3221 1180 3411 1234 Grmco
3439 1180 3550 1234 ullo

1982 1281 2203 1326 auctore
2241 1272 2431 1325 didicit
2455 1288 2576 1325 eum
2606 1273 2887 1327 catholica:
2933 1271 3078 1335 fidei,
3115 1286 3275 1338 quam
3323 1271 3553 1324 Floren-

1981 1365 2072 1417 tiae
2110 1379 2232 1417 cum
2281 1362 2402 1417 aliis
2446 1363 2654 1417 Graecis
2703 1364 2984 1430 professus
3023 1361 3220 1423 fuerat,
3250 1362 3550 1415 observan-

1983 1453 2276 1517 tissimum,
2326 1453 2735 1506 schismasticos
2798 1467 2932 1506 voce
2992 1461 3047 1511 et
3073 1452 3295 1519 scriptis
3352 1451 3553 1503 conﬁr-

1984 1558 2159 1597 masse
2185 1582 2199 1605 ,
2238 1543 2539 1612 praesertim
2583 1558 2712 1596 vero
2744 1542 2985 1596 Marcum
3032 1543 3323 1609 Ephesium
3375 1544 3550 1594 schis-

1983 1635 2143 1690 tnatis
2183 1636 2627 1704 antesignanum,
2672 1632 2974 1703 Latinoque
3001 1633 3209 1687 nomini
3237 1632 3549 1687 inlensissi~

1984 1743 2154 1781 mum.
2179 1726 2315 1793 Quia
2360 1737 2537 1780 tamen
2573 1742 2636 1781 ex
2670 1728 2838 1783 variis
2882 1726 3019 1781 actis
3050 1734 3105 1780 et
3155 1724 3547 1789 monumentis,

312 1814 390 1857 tot
432 1808 822 1862 catholicorum
872 1811 991 1883 libri
1027 1814 1157 1867 editi
1202 1814 1271 1869 ab
1326 1816 1485 1870 annis
1532 1818 1777 1887 triginta,
1828 1819 1881 1872 in
1916 1804 1955 1858 Β
1984 1833 2212 1888 quorum
2246 1833 2417 1887 pauca
2458 1818 2606 1873 edita
2644 1827 2793 1879 sunt.
2832 1818 3037 1887 reliqua
3070 1825 3360 1872 servantur
3387 1816 3440 1868 in
3470 1816 3552 1869 bi-

309 1895 515 1961 quibus
554 1891 834 1954 'Arcudius
886 1903 1105 1970 vapulat
1141 1912 1399 1974 tanquam
1446 1918 1737 1976 perpetuus
1776 1908 1882 1964 Ec-

310 1987 499 2039 clesiae
528 1986 728 2042 Graeca!
758 1990 1155 2060 calumniator;
1206 1997 1405 2051 Allatio
1456 2014 1562 2053 non
1605 2001 1881 2068 parcitur;

308 2077 711 2148 (IaryOphyllus
740 2089 793 2133 et
815 2081 906 2134 alii
940 2080 1427 2155 Hellenomastiges
1453 2104 1593 2158 saepe
1627 2090 1886 2146 rell-litin-

310 2176 424 2219 tur.
477 2167 577 2231 Qui
629 2168 795 2236 igitur
862 2169 1113 2243 Syrigum
1172 2183 1428 2245 tanquam
1492 2179 1885 2246 ὑποϐολιμαῖον

309 2258 665 2327 scriptorem,
715 2260 1059 2318 Gennadium
1097 2276 1155 2319 ut
1184 2268 1552 2340 Λατινόςρρονα
1593 2271 1884 2326 traducere

307 2351 361 2404 in
392 2351 641 2404 animum
677 2353 966 2408 induxerat
994 2371 1177 2423 suum,
1213 2357 1446 2413 debebat
1476 2361 1523 2417 is
1557 2363 1745 2431 procul
1779 2364 1881 2417 du-

310 2442 400 2496 bio
436 2456 544 2495 non
575 2442 861 2512 Allatium,
894 2460 1001 2499 non
1029 2446 1352 2517 Arcudium,
1393 2466 1503 2505 non
1526 2449 1880 2507 Possevinum

305 2536 655 2599 exscribere,
688 2538 781 2591 sed
825 2539 1041 2593 codices
1063 2556 1198 2596 mss.
1226 2541 1290 2595 ad
1322 2558 1462 2611 quos
1500 2559 1878 2612 provocamus,

305 2639 367 2680 ea
396 2625 473 2678 de
500 2624 785 2681 Gennadio
811 2628 1039 2692 dicturi,
1073 2646 1193 2700 qua:
1218 2632 1363 2687 nulla
1396 2633 1654 2701 deinceps
1676 2634 1885 2688 ratione

308 2718 505 2771 vocari
539 2719 752 2787 possint
784 2719 837 2773 in
881 2721 1134 2778 dubium.
1187 2723 1292 2779 Sed
1338 2725 1490 2794 prius
1535 2726 1787 2781 videntur
1828 2728 1882 2782 in

304 2808 554 2863 medium
596 2810 909 2866 adducenda
947 2828 1069 2882 quae
1121 2814 1189 2868 ab
1240 2817 1559 2873 auctoribus
1603 2818 1883 2873 catholicis

304 2901 373 2956 de
414 2899 703 2956 Gennadio
733 2903 933 2972 scripta
963 2913 1108 2968 sunt,
1160 2906 1364 2974 quibus
1399 2922 1553 2963 suam
1606 2908 1885 2964 Smitbeus

303 2994 743 3063 disputationem
810 3004 1073 3066 tanquam
1137 2998 1468 3054 certissimis
1512 2998 1885 3056 fundamentis

303 3087 706 3155 superstruxit.

1990 1910 2313 1975 bliothecis,
2354 1910 2676 1980 intelligitur
2727 1909 2914 1963 eodem
2970 1918 3217 1978 tempore
3258 1906 3546 1976 quemdam

1989 2000 2279 2068 Georgium
2302 2000 2645 2055 Scholarium
2678 1998 2860 2054 Marco
2890 2000 3125 2067 Ephesio
3152 2013 3361 2053 summa
3394 1997 3549 2051 lami-

1990 2091 2222 2146 liaritate
2245 2091 2617 2158 coniunctum,
2652 2091 2820 2145 multa
2847 2090 3111 2145 adversus
3164 2090 3387 2144 Latinos
3415 2091 3549 2145 scri-

1990 2184 2183 2251 psisse,
2210 2180 2500 2237 Matthzeus
2532 2182 2947 2253 Caryophyllus,
2978 2192 3033 2236 et
3049 2197 3171 2237 eum
3198 2190 3419 2237 secutus
3437 2180 3548 2235 Leo

1988 2274 2244 2340 Allatius,
2270 2274 2408 2327 duos
2424 2272 2760 2338 Gennadios,
2783 2274 2921 2328 duos
2944 2272 3207 2342 Gecrgios
3233 2272 3548 2326 Scholarios

1990 2363 2332 2428 eﬂinxerunt,
2365 2362 2515 2417 illum
2556 2364 2646 2432 qui
2677 2362 2911 2417 concilio
2937 2361 3250 2416 Florentino
3278 2359 3545 2424 interfuit,

1991 2456 2356 2520 catholicum;
2388 2454 2617 2509 alterum
2658 2455 3034 2509 schimaticutn
3075 2468 3199 2509 esse
3246 2452 3544 2521 jusserunt.

1992 2545 2089 2600 llic
2128 2545 2429 2600 monachus
2471 2545 2670 2609 factus,
2703 2544 2966 2599 Gennadii
2999 2559 3193 2597 nomen
3224 2543 3383 2597 simul
3423 2558 3544 2597 cum

1993 2637 2177 2690 habitu
2229 2635 2505 2705 religionis
2550 2635 2791 2705 accepit;
2823 2635 2915 2688 ille
2954 2650 3014 2689 ex
3054 2634 3192 2687 laico
3240 2635 3415 2687 factus
3458 2648 3550 2700 pa-

1991 2727 2229 2783 triarcha
2284 2735 2406 2794 post
2462 2738 2674 2797 captam
2731 2727 2941 2793 urbem,
2984 2726 3296 2781 Gennadius
3335 2741 3551 2795 quoque

1991 2836 2133 2876 novo
2162 2821 2385 2877 nomine
2415 2821 2722 2891 appellatus
2752 2819 2873 2881 fuit,
2911 2821 2999 2889 qui
3033 2826 3157 2888 post
3187 2835 3361 2873 annos
3394 2822 3551 2888 quiu-
3600 2875 3604 2877 Α

1989 2928 2115 2981 que,
2143 2912 2405 2981 depositis
2437 2912 2625 2965 infulis
2654 2910 3135 2980 patriarcbalibus,
3186 2910 3239 2963 in
3276 2921 3551 2963 tnOnaste-

1991 3006 2132 3060 rium
2183 3021 2240 3061 se
2289 3006 2513 3073 recepit,
2545 3014 2708 3073 atque
2762 3019 2906 3058 anno
2963 3004 3188 3057 circiter
3237 3001 3373 3056 MGO
3407 3002 3548 3055 diem

1992 3112 2151 3150 suum
2181 3097 2339 3151 obiit.
2363 3097 2479 3150 lmo
2506 3096 2669 3149 alium
2690 3094 2977 3164 quemdam
3005 3093 3294 3162 Georgium
3326 3093 3552 3147 Schola-

375 3178 830 3250 Gennadius,qui
850 3182 1058 3251 primus
1073 3197 1224 3237 nova:
1236 3182 1424 3236 Romae
1442 3182 1751 3253 patriarcha
1768 3192 1886 3253 post
1911 3155 1958 3219 ο
1994 3187 2127 3240 rium
2153 3187 2454 3243 Cortesiutu
2483 3155 2759 3243 exstitisse
2781 3186 3094 3254 suspicatur
3117 3185 3366 3248 Allatius,
3390 3201 3549 3252 quem

308 3270 540 3339 impcrii
581 3269 895 3326 Grecorum
918 3273 1211 3329 Orientalis
1240 3274 1510 3328 excidium
1546 3276 1886 3329 renuntiatus

307 3372 426 3427 cst,
478 3371 605 3416 ante
655 3373 966 3431 susceptam
1019 3364 1335 3431 dignitatem
1368 3364 1584 3434 Georgii
1616 3364 1885 3418 Scholarii

304 3471 523 3510 nomen
588 3456 799 3511 habuit.
857 3458 934 3510 ita
1001 3464 1273 3512 testantur
1330 3467 1583 3512 auctores
1635 3458 1889 3513 Historia:

306 3548 944 3616 Constantinopolitanae
978 3549 1117 3616 apud
1156 3548 1411 3603 Crusium
1445 3549 1499 3602 in
1527 3546 1889 3602 Turco-Grte-

306 3642 393 3695 cia
441 3657 456 3693 :
493 3656 514 3690 α
548 3638 883 3709 Elegerunt,
933 3640 1131 3708 inquit,
1173 3640 1557 3709 phil050phum
1606 3640 1884 3694 dominum

307 3730 641 3799 Georgium,
674 3729 850 3783 virum
883 3740 1133 3785 sanctum
1160 3737 1213 3783 et
1249 3730 1679 3799 pium,judicem
1716 3729 1888 3800 impe-

306 3822 516 3878 ratorii
557 3821 772 3891 judicii,
806 3830 859 3875 et
888 3821 1208 3875 electionem
1236 3822 1355 3889 ejus
1402 3821 1559 3890 juxta
1602 3827 1892 3874 consuetu—

311 3918 510 3971 dinem
563 3914 1049 3969 acclamationibus
1092 3914 1539 3983 comprobantes,
1588 3914 1890 3967 constitue-

318 4013 468 4062 runt
523 4005 912 4074 patriarcham,
965 4004 1302 4073 appellantes
1356 4017 1479 4057 eum
1525 4000 1888 4055 Gennadium.

313 4102 511 4164 Iluttc,
536 4109 594 4155 ut
617 4100 807 4154 scribit
827 4097 1095 4162 Malaxus,
1124 4097 1363 4152 Joannes
1379 4095 1737 4167 Palaeologus,
1765 4110 1889 4148 cum

314 4194 371 4246 in
406 4188 704 4245 Franciam
740 4204 833 4245 seu
868 4188 1075 4242 Italiam
1099 4187 1561 4256 proﬁcisceretur,
1586 4186 1678 4240 ubi
1714 4186 1895 4239 habita

314 4291 404 4336 est
444 4288 634 4333 octava
667 4278 929 4347 synodus,
966 4291 1150 4331 secum
1194 4276 1349 4330 duxit
1382 4284 1635 4345 tanquam
1683 4276 1898 4344 sapien-

317 4374 628 4430 tissimum.
682 4389 701 4423 ι
752 4372 807 4425 1η
856 4370 1006 4425 Actis
1052 4369 1257 4423 Graecis
1313 4367 1638 4422 Florentium
1681 4368 1892 4437 synodi,

1989 3288 2262 3332 auctorem
2314 3278 2588 3332 existimat
2635 3278 2975 3331 diversorum
3026 3278 3288 3329 adversus
3330 3276 3552 3337 Latinos

1987 3383 2247 3436 cperum;
2286 3375 2448 3436 atque
2518 3368 2591 3421 ita
2624 3374 2734 3421 tres
2790 3366 3052 3434 Georgios
3116 3365 3428 3421 Scholarios
3497 3377 3554 3423 et

1990 3460 2301 3515 Gennadios
2334 3469 2605 3525 recenset,
2638 3460 2755 3521 sed.
2798 3470 2856 3514 ut
2890 3459 3033 3514 intra
3066 3460 3361 3525 videbitur,
3397 3460 3555 3528 plane

1988 3549 2302 3605 infeliciter.
2359 3550 2508 3606 lianc
2558 3560 2738 3606 tamen
2793 3552 2911 3620 ejus
2962 3550 3332 3619 conjecturam
3381 3549 3553 3605 secuti

1989 3650 2115 3697 sunt
2149 3657 2338 3696 omnes
2383 3642 2552 3696 l'erme
2609 3642 2891 3710 theologi,
2939 3642 3109 3695 donec
3161 3641 3224 3695 Β.
3256 3640 3445 3695 Simon
3472 3641 3555 3694 vir

1990 3733 2339 3787 doctissimus
2367 3732 2554 3787 docuit
2592 3731 2915 3786 certissimis
2956 3731 3293 3799 argumentis
3336 3731 3553 3785 unicum

1992 3821 2162 3877 fuisse
2185 3820 2548 3878 Gennadium.
2577 3820 2710 3887 Quia
2743 3829 2923 3874 tamen
2960 3820 3073 3875 hzcc
3112 3820 3266 3889 quasi
3309 3820 3364 3873 in
3412 3837 3555 3889 mp-

1993 3917 2144 3986 έργῳ
2176 3915 2245 3970 ab
2280 3929 2345 3969 eo
2386 3914 2587 3984 scripta
2613 3922 2762 3978 sunt,
2806 3928 2928 3967 cum
2958 3911 3197 3967 brevitas
3228 3913 3407 3983 cperis
3447 3928 3553 3965 non

1994 4014 2270 4075 pateretur
2310 4012 2367 4059 ut
2407 4014 2575 4059 totam
2607 4020 2669 4059 ex
2703 4005 2945 4074 antiquis
3012 4005 3379 4060 monumentis
3406 4019 3556 4074 qua:-

1995 4097 2231 4151 Stionem
2288 4097 2623 4166 explicaret,
2657 4104 2902 4165 superest
2943 4103 3003 4149 ut
3055 4103 3316 4157 quantum
3374 4094 3558 4149 licebit

1996 4188 2182 4258 paucis
2221 4203 2338 4243 eam
2368 4187 2737 4257 expediamus.

2069 4278 2379 4336 Gennadius
2431 4293 2563 4331 sane
2618 4276 2707 4345 qui
2749 4275 2962 4344 Georgii
3018 4274 3290 4330 Scholarii
3347 4291 3545 4328 nomen

2000 4372 2210 4435 habuit,
2272 4371 2445 4439 patria
2514 4378 2573 4423 ut
2629 4370 2846 4421 videtur
2900 4366 3557 4434 Constantinopolitauus,

319 4479 471 4521 sess.
508 4462 598 4528 25,
648 4460 862 4529 Georgii
891 4458 1161 4513 Scholarii
1212 4459 1375 4512 verba
1414 4459 1480 4513 ad
1515 4460 1893 4527 imperatorem
1930 4492 1971 4546 υ
2002 4458 2273 4521 doctrina,
2325 4458 2633 4526 eloquentia
2688 4464 2741 4509 ct
2768 4455 2910 4523 juris
2965 4455 3153 4523 petizia
3215 4471 3459 4520 magnam
3494 4456 3560 4505 ab

318 4556 663 4614 referuntur,
699 4566 727 4603 a
757 4564 867 4621 quo
891 4559 1110 4619 rogatus
1138 4549 1461 4603 sententiam
1496 4549 1563 4601 de
1603 4548 1896 4602 sancienda

320 4662 455 4703 cum
498 4642 712 4698 Latinis
751 4642 1084 4707 concordia,
1130 4640 1413 4709 respondit
1463 4655 1522 4693 se
1574 4639 1684 4708 jam
1736 4638 1898 4692 editis

321 4737 672 4794 orationibus
713 4734 1037 4804 exposuisse
1067 4734 1203 4802 'qute
1234 4730 1339 4786 sibi
1388 4746 1541 4785 mens
1588 4737 1754 4793 esset,
1789 4744 1901 4780 am-

324 4828 494 4899 plecti
526 4825 783 4881 Romanac
804 4825 1063 4879 Ecclesiae
1090 4822 1393 4877 doctrinam
1424 4822 1488 4873 de
1524 4819 1788 4889 capitibus
1814 4818 1901 4871 in.

320 4934 411 4976 ter
463 4931 753 4987 utramque
806 4915 1107 4970 Ecclesiam
1159 4912 1554 4977 controversis,
1606 4926 1727 4978 (ιιιω
1774 4924 1900 4963 tnox

320 5011 577 5080 synodali
608 5009 924 5065 deﬁnitione
957 5008 1228 5078 explicata
1270 5011 1418 5058 sunt.
1451 5004 1650 5057 Earum
1684 5016 1902 5071 quoque

317 5105 639 5159 orationum
682 5101 885 5156 mentio
937 5101 995 5155 lit
1046 5100 1101 5154 in
1138 5097 1404 5168 Apologia
1435 5094 1654 5163 .loscphi
1696 5094 1903 5148 Metho-

319 5198 556 5259 nensis;
593 5205 647 5249 ct
682 5208 876 5263 magna
909 5192 1052 5247 inter
1080 5191 1328 5246 eruditos
1359 5188 1588 5258 qua'stio
1632 5198 1734 5249 est,
1771 5202 1897 5239 nllttl

317 5290 392 5342 de
428 5287 494 5341 iis
522 5301 660 5358 quas
689 5286 955 5339 habemus
976 5283 1165 5339 Graece
1194 5287 1250 5335 et
1272 5279 1463 5334 Latine
1489 5278 1542 5331 in
1576 5276 1899 5330 Bibliomeca

320 5379 578 5443 Patrum,
608 5384 663 5433 et
694 5378 749 5431 in
784 5374 1142 5430 conciliorum
1176 5369 1612 5427 Collectionibus
1637 5408 1651 5431 ,
1700 5365 1902 5420 intelli-

318 5470 502 5540 genda
552 5470 664 5524 sint
704 5467 1018 5524 Graecorum
1072 5464 1332 5519 Actorum
1364 5462 1546 5515 verba.
1602 5459 1731 5512 Erat
1772 5467 1901 5510 tunc

314 5563 595 5634 Georgius
624 5560 946 5617 Sebolarius
981 5561 1128 5614 inter
1156 5552 1651 5624 laicos,judexquc
1692 5552 1897 5619 prima-

329 5656 457 5711 rius
480 5654 616 5709 aultr
672 5653 1075 5721 imperatoria;
1118 5659 1283 5718 atque
1333 5646 1469 5700 adeo
1508 5643 1640 5698 nihil
1676 5643 1895 5702 mirum,

318 5750 559 5822 quodin
595 5747 915 5804 deﬁnitione
950 5744 1208 5816 synodica
1247 5738 1539 5797 scribendo
1568 5752 1674 5790 non
1707 5735 1896 5789 adlue-

2004 4550 2228 4604 ineunte
2260 4557 2419 4601 actate
2468 4547 2664 4599 famam
2730 4546 2867 4611 apud
2925 4559 3051 4597 suos
3105 4553 3452 4601 consecutus.
3506 4546 3557 4595 iu

2009 4640 2146 4693 aula:
2176 4635 2536 4705 imperatoria:
2566 4631 2872 4687 ministerio
2908 4631 3030 4690 fuit.
3086 4639 3370 4698 antequam
3401 4629 3535 4683 Joan

2004 4746 2101 4786 nes
2126 4728 2461 4796 Palmologus
2526 4725 2581 4779 in
2628 4723 2835 4777 ltallam
2900 4720 3356 4791 proficisceretur.
3412 4720 3563 4773 Tuus
3626 4770 3629 4773 .

2001 4839 2130 4877 vero
2169 4819 2372 4890 judicis
2431 4817 2674 4887 primarii
2734 4830 2935 4869 munus
2998 4811 3564 4881 sustineltat,Kpt:h;

2001 4917 2103 4977 τῆς
2160 4909 2452 4981 βασιλικῆς
2486 4908 2745 4978 κρίσεως,
2808 4913 2868 4958 ut
2918 4904 3031 4957 non
3086 4902 3259 4955 solum
3323 4900 3562 4955 Historia

2001 5005 2220 5076 politica
2273 5010 2327 5057 et
2376 5000 2743 5055 ecclesiastica
2791 4994 2932 5066 apud
2968 4994 3245 5055 Crusium,
3274 4992 3366 5046 scd
3430 4991 3563 5043 varii
3626 4984 3639 5040 ζ

2001 5078 2164 5155 etiam
2212 5096 2604 5166 opusculorum
2664 5090 2805 5143 tituli
2867 5095 3158 5143 testantur.
3210 5084 3564 5155 Ncgotiorum

2004 5187 2119 5253 ipse
2144 5186 2446 5239 molestiam
2468 5183 2824 5249 conqueritur
2848 5178 2912 5231 ad
2951 5176 3287 5244 Philelphum
3322 5177 3568 5230 scribens

2006 5274 2088 5327 his
2122 5273 2342 5325 verbis:
2390 5268 2528 5322 Ἀλλ’
2563 5267 2668 5320 ὑπὸ
2699 5267 2807 5319 τῶν
2828 5267 2884 5318 ὲν
2920 5265 2997 5334 τῷ
3030 5265 3273 5328 δικάζειν
3318 5265 3566 5331 θορύϐων

2002 5364 2109 5417 οὐδ’
2174 5364 2431 5415 ἀναπνεῖν
2491 5360 2674 5429 σχεδὸν
2738 5357 3214 5427 συγχωρούμεννλς,
3274 5359 3366 5408 καὶ
3414 5358 3562 5411 ἄκων

2002 5452 2365 5523 ἐξαμαρτάνω
2410 5470 2461 5503 τι
2497 5454 2634 5519 πρὸς
2658 5452 2786 5512 τοὺς
2847 5449 3059 5515 φίλους.
3111 5446 3215 5501 Sed
3236 5446 3563 5514 jndt’riorum

2004 5546 2231 5599 tumultu
2303 5558 2598 5611 oppressus,
2658 5542 2742 5593 vix
2799 5540 3061 5605 respirare
3112 5547 3168 5589 ut
3218 5536 3561 5592 concedatur,

2000 5638 2160 5691 etiam
2192 5637 2383 5688 int-ilus
2427 5632 2809 5699 nonnihilcrga
2853 5630 3050 5680 amicos
3083 5627 3347 5692 delinqtto.
3405 5626 3561 5688 Quod

2003 5731 2163 5786 etiam
2199 5732 2249 5783 in
2274 5728 2392 5782 altis
2426 5722 2755 5797 quibusdam
2809 5718 2876 5772 ad
2936 5718 3140 5770 amicus
3206 5714 3471 5782 cpistolis,
3509 5725 3560 5767 et
