4176 6278
622 342 733 408 255

1710 336 1753 393 G
1770 336 1961 395 ENNA
1977 328 2083 393 Dll
2125 334 2230 395 ΟΡ.
2276 334 2553 393 PATRIA
2567 333 2785 393 [ιρι-ΜΞ

3776 328 3883 390 Ξίδ

625 458 676 506 in
713 450 1053 504 trattouibus
1101 449 1461 521 apologetit-is
1496 464 1605 503 non
1636 450 1875 503 obscure
1924 447 2199 515 designat.
2236 451 2277 505 Α
2313 448 2544 499 nondum
2579 447 2905 499 tricesimum
2965 459 3165 497 annum
3210 457 3445 511 egressus
3494 440 3722 509 firmiter
3763 452 3881 497 sta-

622 543 832 595 Interea
854 556 979 594 cum
1011 541 1350 597 doctissimis
1375 542 1546 607 Italis,
1572 541 1869 595 Fraucisco
1897 539 2201 606 Philelpbo,

633 632 929 686 Ambrosio
985 632 1413 694 Camaldulensi,
1455 632 1637 686 Marco
1698 633 1997 700 Lipomano
2033 630 2204 698 patri-

626 724 700 777 tio
745 723 974 788 Veneto,
1011 723 1317 777 litterarum
1358 724 1749 777 commercium
1790 723 2205 789 babehat,qua-

627 817 969 883 rnntplures
1012 825 1236 869 exstant
1290 816 1431 869 haud
1498 816 1834 883 inelegantes
1895 816 1950 867 in
2017 815 2205 867 codice

628 906 796 975 Regio
848 906 1013 971 2955,
1072 922 1260 976 pauca:
1310 909 1361 961 in
1432 908 1748 961 (Iolbertiuo
1810 906 1985 971 £958;
2017 920 2203 959 verum

628 1015 843 1052 summa
884 1001 1240 1054 librariorum
1298 1001 1654 1071 negligentia,
1702 1002 1820 1053 sine
1850 1000 1938 1054 die
1989 1006 2043 1054 et
2072 1013 2205 1054 con-

627 1091 768 1153 sule,
794 1102 886 1145 aut
921 1092 1040 1145 loco
1074 1092 1219 1145 unde
1265 1094 1446 1147 missae
1478 1102 1627 1155 sunt,
1662 1094 1798 1147 adeo
1853 1100 1910 1146 ut
1964 1092 2206 1148 historice

626 1178 893 1233 Gennadii
922 1182 1255 1235 mediocrem
1287 1184 1513 1235 omnino
1547 1184 1723 1235 lucettt
1765 1182 2019 1237 afferant.
2081 1182 2205 1236 Phi-

627 1273 843 1339 lelpltus
873 1273 989 1342 ipse
1018 1274 1095 1339 (l)
1154 1273 1344 1329 Graco
1394 1277 1629 1343 quodam
1679 1277 1925 1330 carmine
1971 1282 2207 1329 testatur

629 1379 689 1415 se
713 1363 997 1416 admodum
1022 1367 1276 1431 juvenem
1325 1367 1379 1418 in
1411 1365 1532 1434 ejus
1563 1367 1741 1419 adhuc
1791 1365 2011 1434 juvenis
2048 1364 2205 1418 fami-

627 1453 918 1508 liaritatem
955 1456 1188 1520 venisse,
1226 1455 1703 1526 Constantinopoli
1742 1473 1867 1510 cum
1902 1448 2071 1511 esset.

815 1562 929 1632 '0v_
944 1579 1034 1627 μοι
1065 1564 1178 1615 ὄντι
1208 1565 1313 1632 νέῳ
1360 1566 1556 1632 νεαρὸν
1583 1566 1722 1619 πάνυ
1765 1568 1852 1618 διὰ
1882 1566 2063 1619 θεάων

871 1630 966 1683 Ἐν
990 1632 1261 1697 Βύζαντος
1286 1630 1393 1703 ἔρῳ
1414 1630 1592 1703 ἥψατο
1619 1637 1926 1705 Καλλιόπη.

667 1720 834 1787 Quem
862 1725 1049 1799 juveni
1075 1730 1147 1799 mi
1193 1728 1342 1799 olim,
1370 1729 1617 1796 juvenem
1673 1728 1927 1799 Bgzontis
1965 1732 2017 1784 in
2042 1746 2169 1784 uroe

938 1796 1208 1863 Calliopes
1240 1797 1355 1850 Dite
1391 1800 1695 1852 conciliavit
1719 1796 1899 1853 amor.

631 1908 712 1962 Ad
742 1918 991 1964 nostrum
1048 1913 1192 1965 enim
1229 1912 1573 1967 Gennadium
1639 1914 1879 1982 pertinet
1926 1915 2029 1970 hoc
2076 1914 2210 1969 Phi-

630 2000 794 2069 Ielphi
820 2018 1064 2067 carmen,
1116 2020 1248 2067 non,
1307 2016 1365 2058 ttt
1395 2014 1582 2060 censet
1634 2007 1890 2070 Allatius,
1926 2009 1990 2060 ad
2023 2007 2210 2062 nescio

630 2108 792 2161 quem
829 2092 1122 2163 Georgium
1174 2097 1517 2151 Scholarium
1574 2096 1945 2165 Gennatliutn,
2002 2111 2206 2155 metro-

631 2186 852 2254 politani
885 2186 1212 2241 Phasorum.
1256 2194 1599 2260 Argumenta
1631 2202 1713 2246 est
1752 2210 1914 2261 quam
1944 2209 2064 2247 mox
2090 2195 2209 2247 lau-

631 2278 883 2330 davimus
912 2279 1169 2347 epistola,
1196 2296 1318 2349 qua-
1354 2283 1405 2335 itt
1446 2283 1617 2353 Regio
1658 2286 1846 2340 codice
1882 2295 2073 2339 octava
2103 2294 2207 2347 est,

631 2384 739 2437 qua
823 2370 1109 2440 Philelpho
1177 2375 1417 2439 scribit,
1476 2376 1797 2445 imperatori
1857 2392 2209 2446 summopere

628 2462 907 2532 placuisse
964 2468 1205 2535 scriptas
1268 2467 1335 2521 ab
1396 2483 1461 2521 co
1495 2468 1735 2531 litteras,
1773 2469 1932 2539 cujus
1985 2485 2208 2539 perspe-

630 2566 773 2609 etam
805 2556 1033 2613 haberet
1069 2574 1197 2628 erga
1257 2576 1316 2616 se
1354 2561 1773 2616 humanitatem.
1830 2560 2097 2618 Utebatur
2132 2563 2211 2618 fa-

636 2649 1009 2706 miliarissime
1069 2652 1340 2723 Georgius
1393 2654 1717 2709 Scholarius
1802 2654 1947 2709 Luca
2007 2656 2208 2710 Notara

634 2754 833 2809 magno
864 2740 1023 2805 duce,
1085 2743 1431 2812 imperatoris
1490 2743 1719 2799 Joannis
1764 2746 2049 2814 Palaeologi
2116 2762 2210 2814 ge-

632 2847 790 2897 nero,
842 2833 911 2886 ad
956 2848 1116 2903 quem
1177 2845 1393 2890 exstant
1448 2839 1654 2905 aliquot
1706 2854 1813 2891 non
1871 2838 2210 2907 inelegantes

632 2923 909 2992 Epistulae,
975 2932 1030 2980 et
1084 2925 1244 2981 dttcis
1307 2929 1373 2981 ad
1434 2928 1822 2995 Scholarium;
1860 2929 2211 3000 imperatoris

631 3016 876 3085 ejusdem
907 3016 1073 3072 fratre
1103 3017 1468 3073 Constantino
1516 3020 1843 3090 Palaeologo,
1892 3024 1983 3091 qui
2040 3022 2209 3089 impc-

2233 1780 2280 1841 Β

2311 541 2503 593 tuerim
2540 550 2591 594 et
2622 540 2843 593 roverim
2874 538 3112 602 Christo,
3152 538 3530 605 magistratum
3584 547 3638 589 ut
3671 536 3882 591 incom-

2309 633 2524 684 modum
2558 632 2809 699 quiddam
2839 632 3097 700 negotium
3128 631 3399 691 abdicare,
3434 642 3483 689 et
3513 636 3582 687 ad
3616 634 3884 697 privatam

2307 727 2494 785 vitam,
2549 740 2708 793 quam
2760 722 3006 777 Christus
3045 723 3193 779 nobis
3225 726 3537 793 designavit,
3590 726 3881 791 declinare,

2312 826 2565 885 tanquam
2592 816 2774 868 multat
2802 816 3169 883 philosophiae,
3203 820 3313 887 spei
3338 836 3540 888 quoque
3574 820 3884 884 futurorum

2306 922 2353 963 et
2388 926 2489 962 uno
2522 911 2676 964 verba
2708 911 2831 963 boni
2863 909 3224 979 cujuscunque
3249 911 3639 978 plenissimam,
3699 912 3882 966 nullus

2309 1002 2543 1053 arbitror
2569 1018 2805 1056 meorum
2854 1002 3041 1055 civium
3072 1004 3305 1070 ignorat.
3339 1002 3573 1057 Causam
3610 1020 3709 1058 cur
3765 1014 3885 1057 tan-

2307 1093 2398 1145 ditt
2422 1093 2719 1157 distulerit,
2754 1093 2923 1148 fuisse
2949 1092 3115 1147 refert
3162 1102 3449 1164 parentum
3496 1110 3708 1157 curam,
3745 1110 3887 1165 quos

2308 1184 2365 1239 in
2406 1184 2566 1239 senili
2629 1192 2790 1239 aetate
2821 1184 3121 1239 destituere
3181 1184 3392 1254 absque
3450 1186 3729 1256 impietate
3794 1188 3886 1242 vix

2308 1285 2549 1346 poterat,
2580 1284 2635 1331 et
2659 1276 2923 1345 quasdam
2948 1276 3104 1330 alias.

2379 1368 2569 1437 Itaque
2606 1366 2709 1421 sub
2739 1366 2954 1421 Joanne
3006 1365 3311 1436 Palteologo
3342 1363 3609 1437 Georgius
3658 1367 3888 1424 Schola-

2310 1468 2425 1521 r'us
2457 1464 2757 1534 imperialis
2793 1462 3002 1533 judicis
3036 1477 3235 1517 munus
3259 1462 3563 1524 sustinens.
3592 1480 3717 1519 cum
3756 1480 3887 1534 pro-

2308 1560 2563 1613 curandae
2595 1558 2901 1614 concordia:
2924 1559 3067 1613 inter
3098 1558 3349 1613 Latinam
3399 1568 3453 1613 et
3476 1559 3723 1614 Graecam
3786 1559 3887 1614 Ec-

2309 1651 2532 1705 clesiam
2565 1665 2732 1705 causa
2789 1649 3093 1719 imperator
3148 1650 3201 1703 in
3239 1650 3452 1703 Italiam
3505 1651 3887 1719 proficiscere-

2310 1754 2397 1797 tur
2430 1744 2534 1815 (2),
2566 1742 2618 1797 in
2650 1742 2772 1812 ejus
2806 1741 3071 1796 comitatu
3134 1740 3445 1796 Ferrariam
3505 1743 3706 1812 printo,
3761 1760 3887 1799 mox

2316 1838 2642 1892 Florentiam
2663 1835 2835 1890 venit.
2870 1836 2949 1890 Ita
2985 1843 3262 1889 testantur
3289 1844 3545 1891 auctores
3578 1836 3753 1891 ferme
3772 1853 3889 1891 om-

2314 1946 2434 1992 nes,
2457 1939 2510 1983 et
2535 1937 2653 1983 acta
2684 1927 2872 1983 Greca
2909 1928 3151 1982 concilii.
3181 1926 3470 1991 Ferrarite,
3536 1938 3597 1983 ttt
3649 1930 3890 1991 videtur,

2314 2022 2535 2089 srriptte
2562 2030 2688 2072 sunt
2714 2017 2959 2085 cpistola:
2994 2015 3134 2082 duae,
3200 2032 3307 2072 una
3346 2016 3604 2073 Venetias
3644 2020 3713 2073 ad
3753 2019 3896 2073 Mar-

2312 2127 2435 2164 cum
2462 2110 2852 2177 Lipomanum,
2894 2108 2959 2161 ad
3015 2107 3370 2162 Ambrosium
3409 2109 3890 2165 Camaldnlensem

2314 2204 2506 2256 altera.
2544 2200 2597 2254 lu
2638 2202 2812 2269 prima
2842 2199 3035 2254 scribit
3078 2207 3301 2268 optasse
3357 2216 3417 2255 se
3448 2201 3515 2255 ad
3548 2216 3673 2255 eum
3731 2204 3895 2268 proti-

2313 2291 2472 2352 cisci,
2513 2291 2602 2344 sed
2668 2290 2886 2357 fortuna
2926 2289 3198 2357 qutedam,
3267 2288 3469 2356 inquit,
3524 2306 3603 2343 me
3635 2292 3705 2343 ad
3738 2292 3895 2359 impe-

2314 2391 2543 2435 ratorem
2574 2396 2785 2434 currere
2811 2396 3025 2449 cogens,
3049 2379 3229 2431 aureis
3280 2377 3515 2432 ienetiis
3568 2382 3893 2434 commorari

2312 2489 2417 2526 non
2445 2472 2595 2528 sinit.
2632 2488 2795 2540 neque
2828 2471 3027 2538 lepores
3056 2471 3215 2537 hujus
3246 2471 3393 2525 urbis
3450 2485 3498 2526 et
3533 2475 3742 2542 gratias
3800 2474 3893 2529 de-

2311 2578 2546 2638 gustare,
2575 2568 2627 2619 in
2653 2584 2757 2634 qua
2786 2564 3111 2633 Lipomanus
3164 2569 3396 2632 optimus
3430 2570 3753 2631 primarium
3811 2569 3894 2624 lo-

2313 2678 2430 2713 cum
2467 2661 2693 2723 obtinet;
2726 2661 2817 2713 sed
2859 2660 3038 2712 statim
3086 2671 3242 2728 atque
3291 2677 3597 2713 exscensum
3632 2660 3893 2727 fecimus,

2313 2757 2415 2809 iter
2436 2757 2503 2807 ad
2528 2756 2897 2818 imperatorem
2933 2770 3023 2821 per
3053 2755 3249 2822 ﬂumen
3291 2754 3645 2810 instituimus.
3692 2752 3895 2824 Nempe

2316 2845 2566 2900 fortassis
2598 2847 2723 2914 quia
2763 2846 2943 2900 serius
2971 2846 3285 2900 advenerat.
3320 2845 3379 2899 In
3422 2846 3596 2900 altera
3637 2846 3707 2900 ad
3765 2846 3893 2901 Am-

2314 2939 2585 3000 brosium,
2610 2954 2771 3006 quem
2802 2948 2910 2993 non
2945 2938 3113 2993 alium
3148 2952 3270 2993 esse
3290 2937 3682 2993 existimamus
3730 2956 3891 3005 quam

2312 3032 2825 3096 Camaldulensem,
2884 3032 2960 3084 ita
3028 3032 3273 3086 scribit:
3325 3031 3391 3084 At
3468 3032 3897 3102 quandoquidem

633 3110 772 3160 ravit
804 3107 1029 3163 ultimus
1061 3109 1531 3177 Christianorum,
1564 3114 1629 3165 atl
1662 3130 1820 3179 quem
1858 3115 2064 3180 scriptu
2126 3126 2207 3169 (‘Sl
2239 3130 2284 3189 ο
2316 3142 2432 3179 cum
2469 3126 2785 3193 imperatore
2806 3123 2897 3191 qui
2924 3132 2973 3178 fe
2990 3122 3281 3189 plurimum
3326 3123 3528 3191 diligit.
3555 3139 3651 3178 ποι
3693 3138 3898 3193 quoque

634 3199 873 3252 secunda
913 3200 1143 3269 epistola
1187 3200 1338 3268 Regii
1363 3202 1573 3257 codicis
1599 3220 1611 3267 ;
1642 3204 1935 3260 Theodoro
1968 3206 2206 3275 υθμρυιη

633 3296 820 3343 col-um
856 3291 1041 3355 fratre,
1077 3308 1238 3359 quem
1267 3291 1482 3346 funebri
1514 3296 1766 3347 oratione
1802 3295 2067 3358 laudavit,
2090 3315 2211 3364 quac.

632 3392 807 3433 exstat
832 3383 884 3435 in
907 3383 1097 3436 eodem
1128 3384 1312 3437 codice
1341 3400 1355 3449 ;
1391 3395 1443 3438 et
1470 3386 1592 3439 aliis
1624 3388 1899 3457 prtecipue
1962 3389 2209 3459 dignita-

636 3477 705 3526 tis
742 3476 896 3531 \‘iris.
929 3476 1076 3531 Inter
1118 3478 1527 3533 ecclesiasticos
1577 3480 1793 3534 colebat
1848 3485 1957 3549 prati:
1997 3464 2213 3539 escteris

637 3568 873 3623 Marcum
909 3568 1313 3638 Epltesium,ad
1339 3587 1499 3640 quem
1530 3580 1713 3625 exstat
1747 3572 1959 3626 decima
1993 3575 2209 3644 quinta,

634 3676 739 3728 qua
794 3662 1066 3732 significat
1126 3663 1345 3717 mittere
1398 3679 1457 3718 se
1512 3664 1890 3718 defensionem
1952 3666 2213 3721 doctrina:

638 3755 950 3809 Aristotelis
994 3764 1186 3809 contra
1237 3755 1581 3812 Getnisthttm
1671 3757 2013 3822 Plethonem,
2097 3767 2210 3813 tum

632 3845 800 3899 etiam
850 3846 1334 3917 Nomophylaretn,
1399 3847 1886 3918 Charwphylacent
1968 3851 2209 3905 Paisium

635 3939 813 3991 Creta:
854 3949 912 3992 ttt
962 3940 1177 3993 videtur
1250 3940 1745 4007 archiepiscopum,
1807 3951 1860 3995 et
1912 3943 2049 3997 alios
2104 3959 2211 3997 non

640 4048 869 4099 paucos.
894 4031 973 4085 Ad
1010 4032 1110 4085 hos
1154 4041 1371 4085 exstant
1428 4031 1680 4100 Epistolas
1704 4033 1772 4087 de
1830 4036 2057 4102 privatis
2103 4035 2211 4105 ple-

638 4139 869 4191 rumque
928 4125 1178 4189 negotiis,
1235 4138 1431 4178 omnes
1499 4124 1621 4177 sine
1706 4124 1794 4177 die
1851 4139 1906 4179 et
1965 4128 2211 4181 consule.

640 4219 832 4271 Plures
879 4219 1077 4285 Opinor
1137 4216 1556 4279 interciderunt,
1589 4218 1714 4284 quia
1770 4216 2055 4273 electiores
2097 4230 2213 4272 tan-

637 4310 920 4363 tumtnodo
944 4308 1159 4364 selectae
1192 4309 1453 4362 videntur
1498 4308 1686 4371 fuisse,
1724 4318 1781 4362 ttt
1818 4312 2065 4379 antiquis
2112 4311 2215 4367 De-

637 4405 959 4469 mosthenis,
996 4402 1275 4463 Isocratis,
1307 4403 1544 4464 Libanii,
1566 4414 1615 4457 et
1643 4405 1766 4459 aliis
1808 4407 2211 4475 praecipuorum

2317 3220 2524 3271 unionis
2558 3218 2873 3271 desiderium
2929 3215 2998 3269 ad
3042 3226 3187 3268 tttam
3234 3216 3413 3270 urbem
3465 3216 3751 3283 transfert,
3804 3224 3895 3267 attt

2315 3314 2486 3380 potius
2526 3312 2638 3377 ipse
2685 3324 2748 3361 ea:
2806 3308 2903 3361 tali
2961 3308 3225 3361 desiderio
3280 3310 3426 3361 nobis
3478 3306 3899 3375 transmigrandi

2316 3404 2683 3457 necessitatem
2710 3402 2959 3471 imposuit
2984 3418 3002 3464 ;
3037 3400 3256 3462 reliquis
3286 3400 3497 3466 quidem
3529 3401 3721 3468 sufﬁcit
3749 3410 3897 3453 tuam

2317 3498 2462 3551 adire
2524 3500 2730 3555 urbem,
2776 3504 2826 3547 et
2884 3494 3073 3547 habere
3109 3493 3219 3547 illic
3277 3492 3524 3561 delicias,
3569 3492 3897 3557 spectacula,

2318 3588 2454 3640 ardes
2487 3585 2797 3652 magniﬁcas
2830 3592 2880 3635 et
2935 3583 3045 3635 alio
3101 3583 3412 3635 domesticis
3480 3598 3583 3633 non
3619 3582 3896 3651 inferiora.

2320 3678 2489 3731 Nobis
2521 3694 2637 3731 vero
2666 3676 2916 3745 angulum
2950 3676 3185 3742 aliquem
3232 3674 3456 3727 concede
3483 3674 3560 3725 tui
3591 3671 3899 3727 monasterii

2317 3767 2455 3834 quod
2509 3768 2557 3819 in
2618 3766 2778 3818 chara
2836 3764 2962 3817 urbe
2997 3764 3375 3817 chorissimum
3415 3764 3571 3815 habes
3607 3773 3655 3813 et
3714 3778 3893 3816 ornas.

2320 3857 2406 3909 Ita
2431 3873 2517 3910 eos
2552 3856 2644 3925 qui
2670 3864 2719 3907 te
2744 3855 2975 3906 maxime
3012 3854 3265 3921 diligunt,
3291 3862 3506 3906 tuorum
3543 3852 3639 3929 tib_i
3670 3856 3893 3923 conjun-

2315 3950 2568 4003 ctissimis
2612 3964 2714 4000 non
2771 3947 3032 3999 immerito
3076 3946 3347 4013 pratferes,
3408 3955 3633 4017 tuncque
3684 3946 3897 4015 facilius

2318 4057 2422 4093 una
2450 4057 2563 4095 esse
2612 4040 2764 4093 nobis
2815 4039 3015 4098 licebit,
3068 4054 3230 4107 neque
3266 4039 3475 4091 morbos
3537 4041 3898 4101 causabimur,

2319 4142 2696 4200 ttequeltmtum
2718 4146 2781 4186 ea:
2804 4132 3119 4199 infelicitate
3140 4140 3325 4183 nostra
3351 4131 3586 4185 dolorem
3608 4133 3901 4198 capiemus.

2317 4222 2468 4285 Quod
2514 4238 2557 4274 st
2607 4219 2897 4287 aliquando
2944 4236 3155 4278 rursus.
3211 4219 3388 4273 minus
3462 4230 3638 4273 tamen
3688 4220 3901 4273 omnino

2316 4328 2475 4381 quam
2511 4328 2669 4373 nunc,
2705 4322 2799 4364 tea
2838 4312 2985 4363 nobis
3006 4310 3317 4378 disjungunt
3368 4311 3698 4376 publicorum
3740 4325 3897 4378 nego-

2320 4418 2512 4456 tiorum
2546 4419 2713 4460 cura},
2750 4403 2886 4456 hanc
2934 4402 3228 4455 absentiam
3262 4404 3641 4455 monachorum
3685 4403 3797 4455 illic
3830 4402 3902 4455 vi-

636 4506 923 4551 auctorum
954 4497 1410 4565 adiungerentur,
1444 4506 1500 4548 ut
1532 4496 1583 4549 itt
1619 4497 1808 4551 codice
1850 4498 2209 4565 Colhertino;
2249 4481 2288 4533 ί)
2322 4499 2547 4552 centium
2584 4496 2747 4549 virtus
2779 4506 2826 4549 ct
2868 4496 3134 4563 sapientia
3158 4494 3498 4549 solabuntur.
3527 4494 3672 4560 Quos
3696 4495 3899 4563 quidem

636 4591 862 4659 reliqua:
889 4590 1190 4658 perierunt,
1224 4597 1284 4643 ut
1334 4588 1498 4643 multa
1536 4591 1641 4642 alia
1696 4589 1969 4646 Gennadii
2023 4607 2211 4658 opera,

636 4683 762 4751 quia
802 4693 995 4736 auctor
1050 4697 1332 4753 nunquam
1372 4698 1457 4743 ea.
1518 4690 1577 4735 ut
1614 4683 1850 4747 videtur,
1910 4683 2212 4754 colligenda

636 4776 888 4841 curavit;
952 4776 1045 4831 sed
1082 4784 1204 4844 post
1232 4774 1353 4844 ejus
1399 4775 1609 4828 obitum
1659 4790 1685 4828 a
1718 4774 1981 4830 studiosis
2022 4776 2074 4828 in
2123 4792 2215 4829 co-

633 4869 783 4923 dices
807 4867 972 4923 relata
1027 4875 1157 4922 sunt
1186 4881 1533 4935 quaecunque
1567 4876 1674 4919 tam
1734 4866 2209 4936 Constantinopoli

632 4976 798 5028 quant
856 4959 910 5012 in
979 4958 1442 5013 monasteriorum
1514 4956 1872 5013 bibliothecis
1922 4958 2213 5014 delitesce-

636 5050 785 5102 bant.

706 5139 1009 5195 Trieesimo
1026 5135 1207 5197 aetatis
1229 5158 1374 5197 anno
1392 5142 1661 5212 Georgius
1683 5141 2007 5196 Scholarius
2029 5152 2213 5197 votum

637 5228 767 5283 fecit
802 5230 1194 5298 amplectenda:
1220 5233 1484 5286 solitaria:
1510 5233 1657 5292 vitte,
1683 5234 1828 5301 quod
1857 5240 2042 5285 tamen
2077 5248 2216 5286 non-

640 5320 741 5372 nisi
776 5321 938 5388 paulo
969 5329 1097 5375 ante
1146 5332 1363 5392 captam
1424 5322 1641 5386 urbem,
1696 5333 1751 5378 et
1806 5334 1929 5391 post
1985 5322 2216 5379 Joannis

636 5413 923 5482 Palaeologi
959 5422 1188 5468 mortem
1235 5413 1521 5482 persolvit.
1578 5414 1652 5467 Ita
1688 5416 1753 5468 de
1786 5430 1844 5469 se
1900 5416 2096 5470 scribit
2162 5416 2213 5467 in

636 5505 902 5576 Apologia
960 5506 1028 5561 ad
1093 5504 1570 5563 Constantinum:
1643 5506 1817 5571 Quod,
1870 5508 2070 5577 inquit,
2121 5524 2214 5577 ego

712 5708 787 5775 (I)
828 5711 1146 5777 Pltih-Iphus
1170 5710 1703 5775 Constantinopolim
1761 5710 1978 5774 juvenis
2026 5708 2196 5775 profe-

638 5791 761 5834 Ctus
788 5790 887 5847 est,
921 5776 1296 5838 Etntttattuclis
1324 5781 1670 5852 Clttysolorm
1722 5782 1885 5835 tiliam
1924 5782 2096 5836 duxit.
2146 5776 2209 5832 V.

2323 4590 2416 4641 sub
2458 4588 2556 4642 tali
2585 4598 2737 4657 patre
2763 4597 2811 4641 et
2850 4596 3049 4640 rectore
3085 4587 3154 4639 ad
3192 4586 3439 4640 uirtutem
3465 4598 3759 4655 provectos,
3801 4585 3903 4637 uti-

2322 4682 2553 4733 lissimos
2585 4691 2633 4733 et
2657 4680 3079 4745 jucundissintos
3106 4680 3472 4732 accedentibus
3521 4678 3638 4746 fore
3668 4678 3900 4745 con/ide,

2323 4774 2453 4826 adeo
2486 4782 2541 4824 ut
2576 4772 2772 4843 singuli
2810 4773 3049 4841 ipsorum
3108 4771 3389 4840 sufficiant
3428 4787 3533 4825 non
3592 4769 3902 4824 habentibus

2321 4876 2546 4931 patrem.

2390 4955 2509 5010 Non
2542 4955 2729 5010 alieno
2780 4953 2849 5009 ab
2913 4951 3293 5008 ecclesiastica
3358 4953 3655 5009 concordia
3724 4954 3904 5006 animo

2320 5048 2666 5103 St-holarium
2692 5047 2865 5102 fuisse
2895 5055 3093 5116 praeter
3121 5059 3183 5100 ea
3221 5060 3345 5115 quae
3376 5060 3544 5114 supra
3577 5044 3720 5099 dicta
3750 5050 3899 5102 stitit,

2316 5141 2511 5196 suadet
2550 5139 2815 5205 particula
2849 5139 3094 5207 epistolae
3116 5138 3184 5192 ad
3200 5154 3455 5208 magnum
3485 5141 3701 5199 ducem,
3734 5150 3898 5207 quam

2318 5234 2499 5288 aliena
2528 5232 2989 5301 interpretatione
3013 5232 3264 5298 corrttpit
3314 5229 3574 5294 Allatius,
3601 5229 3728 5283 dum
3781 5242 3897 5281 eaut

2320 5339 2385 5379 ex
2426 5321 2638 5377 Gracia
2697 5322 2961 5390 scriptam
3026 5318 3390 5385 existimavit,
3445 5335 3570 5373 cum
3632 5336 3697 5373 ex
3755 5316 3899 5369 Italia

2325 5417 2489 5469 misso
2530 5414 2717 5467 fuerit.
2749 5412 2907 5466 Nunc
2933 5428 3050 5466 vero
3083 5410 3219 5465 scito
3251 5427 3347 5463 nos
3379 5412 3645 5477 prwclara
3693 5409 3900 5462 omnino

2325 5504 2733 5574 tranquillitatis
2784 5504 2942 5557 initia
3007 5500 3432 5571 experiri;qute
3490 5502 3657 5556 verba
3712 5497 3776 5553 ad
3813 5510 3900 5551 ec.

2307 5708 2566 5777 Poggium
2604 5706 2669 5759 de
2700 5704 2970 5777 Phiielph.
3012 5704 3108 5777 Ep.
3142 5705 3206 5761 ad
3238 5704 3612 5761 Iustinianum
3645 5702 3685 5757 I.
3722 5713 3829 5756 ινι.

2395 5774 2471 5849 ('2)
2504 5777 2658 5830 Anno
2696 5774 2851 5830 1458.
