4176 6278
280 377 379 439 2ἰ7
408 380 413 383 “

1794 368 1996 429 ΥΙΤΛ.

3436 366 3539 430 2ῖ8

287 488 612 543 clesiasticae
663 487 976 544 concordia:
1014 499 1165 555 spem
1226 483 1481 536 videmur
1546 478 1856 533 referenda.
1891 486 1935 539 Α
1967 476 2128 529 variis
2149 474 2489 528 bibliotheca:
2515 472 2692 543 [legite
2715 473 2906 541 codd.,
2931 488 3123 541 nempe
3149 473 3439 529 Homiliam
3470 478 3539 530 ad

290 580 391 634 Sed
428 596 552 648 qua;
612 582 816 650 legitur
872 588 978 633 att.
1039 577 1111 629 25
1170 573 1470 628 Florentini
1533 571 1752 626 concilii
1810 572 1862 622 in

290 669 491 724 Graecis
520 671 661 723 artis
693 670 915 738 Georgii
948 665 1213 723 Scbolarii
1244 663 1571 731 Responsio,
1595 660 1864 729 ejusmodi

290 770 392 823 εει.
427 772 484 813 ιιι
512 762 628 815 viro
662 762 752 831 pio
786 764 1048 831 pacisque
1078 758 1487 813 studiosissimo
1542 754 1866 821 dignissima

294 850 561 905 videatur.
594 852 840 921 Rogatus
870 853 1018 905 enim
1055 852 1123 903 ab
1147 850 1479 914 imperatore
1540 843 1863 898 sententiam

295 940 361 996 de
392 944 609 999 unionis
664 945 889 999 decreto
913 983 927 1007 ,
980 944 1053 997 ita
1116 942 1396 1010 respondit
1420 942 1497 1008 (l)
1526 956 1539 990 :
1569 940 1779 1006 Optime
1817 946 1865 990 et

294 1036 656 1099 potentissime
684 1037 996 1103 imperator,
1027 1051 1188 1104 quam
1220 1050 1313 1102 ego
1347 1032 1562 1101 quidem
1593 1031 1866 1084 habuerim

295 1134 341 1176 et
398 1142 536 1179 nunc
567 1127 793 1180 habeam
864 1130 1179 1181 sententiam
1240 1128 1305 1179 de
1338 1126 1615 1194 proposita
1660 1124 1868 1177 uniouis

296 1219 542 1281 materia,
574 1218 778 1272 indicat
812 1235 983 1272 sermo
1013 1236 1061 1270 ~a
1104 1235 1184 1271 me
1222 1230 1485 1281 utcunque
1522 1218 1863 1286 compositus,

293 1318 340 1359 et
364 1308 490 1360 huic
535 1322 730 1362 nostra:
782 1313 982 1379 synodo
1030 1309 1265 1373 oblatas,
1332 1326 1434 1378 quo
1484 1325 1664 1363 sacros
1713 1309 1869 1361 hosce

294 1399 623 1453 adhortabar
655 1400 848 1455 Patres
875 1404 944 1454 ad
990 1403 1237 1455 unionem
1298 1411 1345 1456 et
1399 1401 1661 1455 auxilium
1717 1400 1867 1454 rebus

293 1488 901 1561 Constantinopolitanis
984 1493 1281 1562 ferendum.
1346 1494 1630 1548 Testantar
1704 1493 1868 1546 etiam

290 1586 398 1635 duo
433 1584 616 1648 libelli,
647 1603 776 1655 quos
832 1598 990 1640 antea
1043 1588 1384 1655 compositos,
1448 1603 1584 1640 nunc
1621 1586 1870 1653 prasenti

289 1674 496 1739 synodo
527 1676 702 1737 trado,
736 1692 964 1744 quorum
1010 1680 1149 1731 alter
1183 1677 1462 1730 consilium
1496 1677 1587 1729 dat
1651 1688 1707 1728 ut
1748 1677 1865 1744 fiat,

289 1773 337 1812 et
380 1765 648 1831 quomodo
678 1766 795 1833 ﬁeri
845 1768 1031 1821 debeat
1091 1769 1239 1829 uitio,
1273 1777 1322 1819 et
1350 1768 1562 1833 exponit
1614 1767 1868 1835 quidquid

287 1852 446 1905 aliud
477 1858 547 1905 ad
581 1860 718 1908 hanc
746 1860 1028 1910 materiam
1079 1867 1323 1922 spectat:
1361 1860 1499 1911 alter
1554 1872 1670 1910 vero
1726 1871 1869 1925 qua!-

288 1952 519 1996 sttonem
552 1946 717 2009 ipsam
773 1956 994 2012 tractat,
1021 1959 1202 2018 estque
1234 1949 1317 2001 illi
1348 1964 1536 2017 scapus
1593 1953 1867 2002 ostendere

286 2035 535 2089 doctores
573 2036 821 2091 Ecclesia:
864 2040 1004 2092 inter
1042 2055 1099 2093 se
1144 2041 1425 2092 concordes
1482 2054 1593 2091 esse
1648 2056 1748 2091 non
1783 2054 1871 2091 ra-

290 2127 528 2180 tionibus
563 2144 627 2180 ac
652 2129 1193 2183 demonstrationibus
1240 2130 1511 2191 humanis,
1550 2129 1642 2181 scd
1702 2144 1873 2181 sacra

289 2214 592 2283 Scriptura:
631 2228 680 2271 et
711 2220 990 2272 doctorum
1020 2222 1325 2273 earumdem
1380 2218 1674 2273 sententiis.
1734 2218 1871 2273 Eos-

288 2306 417 2359 dem
450 2306 618 2362 libros
647 2308 865 2364 oblatos
896 2310 1109 2380 synodo
1148 2311 1318 2364 fuisse
1358 2317 1631 2363 testantur
1681 2312 1870 2362 eadem

286 2397 429 2450 Acta
492 2400 655 2465 paulo
696 2403 993 2469 superius:
1024 2398 1156 2454 Post
1208 2402 1495 2454 orationem
1544 2398 1872 2453 Bessarionis

287 2482 484 2542 obtulit
546 2493 692 2545 nobis
758 2492 1071 2547 Scholarius
1154 2494 1397 2546 dominus
1447 2492 1701 2562 Georgius
1768 2504 1872 2546 tres

290 2583 585 2637 Orationes
611 2600 708 2653 pro
766 2587 957 2639 unione
983 2586 1385 2651 deliberativas,
1420 2588 1699 2638 cohartans
1752 2589 1875 2637 ani-

289 2692 550 2743 mamque
611 2692 705 2729 uos
759 2679 829 2729 ad
882 2680 1303 2745 amplectendam
1365 2681 1636 2732 unionem.
1701 2677 1875 2749 Vulgo

287 2768 615 2820 existimant
673 2769 796 2823 illas
859 2770 1009 2838 ipsas
1063 2772 1345 2823 orationes
1397 2786 1521 2825 esse
1578 2789 1698 2837 qua:
1749 2787 1871 2824 cum

285 2858 453 2911 Actis
478 2859 722 2924 concilii,
775 2868 831 2913 et
890 2861 1123 2915 seorsim
1177 2862 1279 2915 sub
1321 2862 1540 2929 Georgii
1605 2861 1872 2915 Sebolarii

288 2955 524 3003 nomine
545 2954 703 3004 edita:
729 2961 881 3014 sunt,
919 2962 1108 3006 contra
1152 2968 1313 3022 quam
1356 2954 1531 3007 sensit
1581 2952 1870 3008 Mattbazus

285 3039 717 3109 tim-yopbyllus,
749 3043 838 3110 qui
893 3045 1033 3096 banc
1080 3042 1363 3112 vulgarem
1422 3043 1735 3112 Opinionem
1785 3058 1874 3097 so-

1967 571 2375 636 Aattvétppova;
2431 569 2494 619 de
2541 568 2890 636 purgatorio,
2920 578 2973 620 et
3010 568 3411 635 Responsionem
3468 572 3538 623 ad

1966 675 2148 714 eorum
2174 657 2527 725 objectiones;
2551 658 2625 711 De
2649 659 2978 725 processione
3004 658 3239 727 Spiritus
3276 662 3466 721 sancti,
3486 670 3540 714 et

1968 754 2072 806 alia
2106 751 2376 820 quaedam.
2424 751 2491 805 de
2555 752 2758 820 quibus
2812 751 3029 806 dicetur
3083 768 3182 807 suo
3220 753 3363 809 loco.
3429 753 3542 809 llac

1968 842 2257 895 occasione
2281 838 2550 910 Georgius
2595 840 2917 896 Scbolarius
2981 843 3033 895 in
3058 842 3284 897 Joannis
3330 843 3538 898 Palaeo-

1969 934 2073 1003 logi
2103 932 2460 987 oﬂ‘ensionem
2499 934 2758 997 incurrit,
2791 935 3029 1002 graviter
3067 936 3332 990 commoti
3392 937 3537 1004 quod

1970 1026 2227 1078 unionem
2256 1033 2411 1079 tanto
2450 1025 2633 1079 labore
2660 1042 2689 1079 a
2732 1041 2792 1081 se
2852 1037 3223 1096 procuratam,
3272 1036 3327 1082 et
3380 1030 3539 1097 cujus

1969 1116 2232 1171 beneﬁcio
2260 1118 2457 1171 auxilia
2490 1119 2557 1170 ab
2588 1118 2737 1173 Italis
2766 1120 2817 1172 in
2849 1134 3065 1173 summa
3103 1136 3286 1173 rerum
3315 1136 3538 1174 suarum

1969 1208 2287 1263 discrimine
2338 1211 2650 1263 necessaria
2706 1211 2978 1278 sperabat,
3020 1211 3335 1269 Scltolut'ius
3387 1230 3539 1277 voce,

1970 1302 2188 1369 scriptis
2221 1310 2275 1353 et
2333 1301 2685 1365 auctoritate,
2723 1317 2844 1370 qua:
2890 1313 3010 1356 erat
3069 1303 3209 1370 apud
3254 1304 3542 1373 populares

1970 1406 2102 1446 suos
2134 1391 2429 1460 praecipua,
2458 1391 2777 1445 disturbare
2833 1402 3149 1446 conaretur.
3185 1391 3369 1446 Testis
3426 1392 3543 1461 ipse

1970 1484 2023 1536 in
2063 1482 2325 1536 Oratione
2384 1484 2728 1551 apologetica
2780 1487 2846 1536 ad
2899 1483 3327 1538 Constmtinum
3370 1484 3545 1552 impe-

1973 1585 2237 1639 ratorem,
2276 1576 2351 1629 ita
2404 1580 2584 1629 tamen
2620 1586 2678 1629 ut
2735 1577 2932 1630 Joanni
2995 1577 3304 1630 simulatam
3364 1581 3545 1645 potius

1973 1665 2400 1734 indignationem
2464 1681 2625 1734 quam
2680 1667 2951 1720 sinceram
3018 1668 3277 1722 ascribat.
3323 1668 3542 1733 Deinde,

1973 1754 2171 1821 inquit,
2213 1756 2411 1821 optimo
2438 1749 2906 1824 illo'imperatore
2957 1758 3375 1825 indignationem
3436 1773 3546 1825 pra:

1972 1862 2025 1897 se
2044 1847 2237 1914 ferente
2262 1844 2324 1899 ob
2357 1861 2595 1899 verorum
2627 1848 2935 1915 dogmatum
2974 1848 3352 1916 defensionem,
3404 1865 3546 1902 com-
3577 1838 3584 1845 ’

1971 1936 2284 1989 mittendum
2312 1954 2413 1990 non
2439 1939 2777 2002 existimavi,
2810 1949 2867 1992 ut
2918 1940 3106 2007 quibus
3137 1939 3321 2007 fabula
3366 1941 3546 2009 ignota

1971 2038 2106 2091 erat,
2130 2029 2394 2081 videretur
2414 2034 2553 2099 quod
2591 2047 2672 2083 me
2702 2031 2785 2083 ira
2840 2031 3175 2099 imperatoris
3227 2034 3298 2085 ad
3346 2033 3548 2087 Christi

1964 2119 2157 2187 jugum
2192 2121 2550 2186 compelleret,
2593 2133 2643 2175 et
2670 2124 2809 2192 quod
2866 2125 3058 2178 invitus
3088 2128 3156 2177 ad
3201 2127 3547 2197 tranquillam

1972 2212 2133 2264 vitam
2159 2213 2512 2281 confugerem.
2538 2213 2689 2267 illam
2728 2216 2874 2268 enim
2897 2230 3119 2270 causam
3156 2218 3424 2289 assignat,
3448 2234 3547 2275 cur

1975 2304 2097 2358 vivo
2121 2303 2331 2359 Joanne
2359 2314 2546 2359 votum
2580 2308 2898 2363 monasticae
2939 2308 3062 2364 vita:
3109 2309 3204 2364 diu
3255 2324 3382 2366 ante
3417 2327 3546 2367 con-

1974 2407 2189 2463 ceptum
2226 2412 2334 2449 non
2364 2396 2689 2467 impleverit.

2049 2487 2123 2540 Eo
2188 2488 2352 2541 etiam
2418 2501 2702 2560 regnante,
2788 2500 2911 2560 post
2979 2495 3215 2549 reditum
3273 2511 3338 2550 ex
3391 2490 3549 2551 Italia

1974 2581 2199 2648 scripsit
2235 2579 2530 2636 Orationes
2554 2583 2608 2636 in
2647 2584 2998 2637 bomiliarum
3043 2588 3264 2640 modum
3324 2589 3547 2651 multas,

1975 2689 2096 2743 quas
2126 2675 2450 2742 legebantur
2507 2676 2794 2730 concionis
2834 2676 2977 2739 loco,
3010 2680 3095 2731 vel
3149 2679 3547 2744 scribebantur,

1976 2778 2264 2835 postquam
2298 2766 2417 2819 viva
2456 2781 2587 2820 voce
2638 2775 2796 2820 erant
2839 2768 3179 2831 declatuatze,
3240 2779 3300 2822 ut
3340 2785 3403 2824 ex
3463 2771 3549 2824 in-

1976 2858 2275 2926 scriptione
2306 2873 2429 2926 quae
2472 2858 2712 2911 occurrit
2763 2858 2815 2910 in
2865 2870 3057 2913 nostro
3098 2861 3290 2915 codice
3343 2862 3551 2930 colligi-

1976 2961 2121 3001 mus.
2176 2948 2288 3002 Etsi
2340 2950 2487 3002 enim
2539 2950 2712 3003 laicus
2748 2966 2923 3019 usque
2970 2952 3037 3005 ad
3093 2962 3404 3022 susceptam
3458 2968 3552 3023 pa-

1978 3038 2330 3093 triarcbalem
2355 3040 2673 3108 dignitatem
2698 3040 2968 3112 Georgius
3020 3042 3342 3101 Scbolarius
3400 3047 3553 3101 vixe-

291 3130 584 3185 lidissimis
646 3133 953 3187 rationibus
1024 3133 1349 3199 confutavit,
1402 3136 1668 3189 adversus
1733 3150 1870 3203 quas
1896 3145 1941 3203 ο
1981 3131 2072 3196 fil.
2102 3133 2187 3184 Vi!
2214 3141 2396 3185 tamen
2419 3132 2673 3187 dubitare
2698 3134 2823 3189 licet
2847 3150 2971 3188 eum
3003 3151 3187 3191 c0ram
3221 3138 3554 3207 imperatore

287 3222 569 3275 Allatiana
601 3223 852 3278 defensio
884 3224 1025 3279 nihil
1057 3236 1153 3278 aut
1208 3240 1402 3294 parum
1460 3226 1613 3279 facit.
1652 3225 1758 3280 Sed
1809 3229 1874 3281 de

289 3315 403 3381 bis,
452 3314 578 3383 quia
620 3316 907 3384 operosior
949 3317 1182 3385 quaestio
1241 3326 1347 3384 est,
1381 3319 1595 3372 dicetur
1656 3318 1748 3372 ubi
1808 3318 1876 3372 de

289 3408 565 3475 operibus
594 3406 871 3462 Scbolarii
902 3409 1297 3479 disputandum
1326 3413 1450 3464 erit.
1493 3411 1551 3463 Id
1592 3411 1751 3464 habet
1784 3426 1880 3464 au-

290 3511 401 3554 tem
426 3498 774 3569 Caryopbylli
810 3501 1081 3555 sententia
1114 3502 1408 3566 commodi,
1435 3501 1579 3571 quod
1607 3503 1651 3556 si
1672 3516 1876 3571 suppo-

288 3591 440 3645 sitas
466 3592 752 3645 Sebolario
780 3592 953 3645 fuisse
980 3608 1011 3646 a
1040 3591 1247 3646 Graecis
1272 3593 1584 3647 concordia:
1613 3593 1879 3648 studiosis

287 3685 583 3751 orationes
608 3683 745 3739 istas
786 3687 1106 3749 statuimus,
1142 3686 1296 3739 nulla
1326 3686 1499 3741 ferme
1530 3696 1788 3756 superest
1811 3688 1878 3740 de

292 3791 407 3829 uno
437 3774 519 3827 vel
563 3775 797 3843 getninis
855 3774 1159 3830 Sebolariis
1218 3787 1271 3831 et
1300 3777 1602 3831 Gennadiis
1651 3787 1878 3832 contro-

290 3863 634 3929 versia.Qui
684 3867 830 3919 enim
894 3866 1068 3921 letum
1119 3867 1265 3920 bunc
1324 3867 1684 3922 celeberrimo
1733 3867 1878 3935 apud

286 3957 525 4013 Graecas
552 3958 863 4013 schismatis
891 3961 1282 4015 tenacissimas
1312 3961 1523 4015 auctori
1562 3960 1876 4029 supposuit,

294 4049 486 4120 potuit
519 4050 683 4102 etiam
716 4050 867 4103 nullo
916 4052 1137 4121 negotio
1191 4051 1345 4107 Actis
1394 4052 1586 4121 graecis
1636 4052 1880 4105 inserere

289 4156 429 4211 quas
459 4140 568 4195 illic
618 4141 683 4195 ad
730 4142 950 4195 illarum
1006 4143 1397 4198 auctoritatem
1449 4144 1878 4198 conlinnandam

294 4235 586 4303 leguntur.
618 4232 750 4286 Nam
777 4234 822 4288 si
854 4233 969 4287 haec
1002 4249 1176 4303 pauca
1214 4236 1375 4289 verba
1405 4236 1779 4315 excipiuntur,
1824 4240 1895 4289 et

300 4326 478 4379 Marci
508 4325 732 4395 Ephesii
769 4326 1012 4395 Epistola
1045 4342 1165 4395 quae
1195 4335 1321 4382 ante
1354 4342 1562 4397 paucos
1595 4342 1770 4382 annos
1812 4328 1880 4381 ab

298 4415 508 4469 Allatio
539 4416 683 4469 edita
750 4425 854 4478 est,
897 4418 986 4469 vix
1048 4418 1346 4486 quidquam
1406 4418 1458 4469 in
1508 4417 1649 4469 illius
1697 4419 1875 4471 θεοιηὶ

1975 3232 2028 3276 et
2058 3232 2252 3276 senatu
2307 3223 2537 3293 singulis
2595 3225 2767 3280 sextis
2803 3226 2952 3282 feriis
3011 3242 3076 3282 ex
3109 3238 3364 3298 suggestu
3424 3246 3557 3285 con-

1977 3314 2253 3367 cionatum
2290 3314 2484 3379 fuisse,
2520 3330 2626 3368 non
2663 3316 2811 3385 quod
2852 3318 3205 3387 magistratus
3238 3321 3330 3375 ille
3390 3338 3552 3389 quem

1977 3406 2238 3474 gerebat,
2332 3407 2763 3461 ecclesiasticam
2835 3410 3130 3478 quamdam
3231 3412 3555 3479 dignitatem

1978 3497 2291 3564 adjunctam
2347 3498 2716 3561 baberet,sed
2748 3499 2875 3568 quia
2931 3501 2984 3555 in
3040 3502 3401 3570 imperatorio
3457 3506 3559 3555 tri-

1978 3589 2143 3643 clinio
2182 3589 2513 3657 vespertinis
2541 3600 2595 3643 et
2644 3592 3038 3660 pomeridianis
3070 3593 3223 3645 boris
3274 3592 3552 3647 declama-

1980 3679 2090 3741 bat,
2126 3695 2230 3732 non
2261 3695 2323 3733 ex
2353 3683 2611 3744 amboue,
2647 3692 2739 3734 aut
2775 3698 2934 3737 mane
2964 3684 3102 3738 inter
3128 3699 3402 3755 synases:
3447 3687 3552 3741 hoc

1978 3770 2124 3821 enim
2158 3768 2506 3822 sacerdotum
2555 3770 2858 3824 secundum
2920 3773 3346 3827 ecclesiasdcam
3392 3776 3556 3829 disci-

1981 3859 2183 3929 plinain
2236 3875 2435 3914 munus
2479 3869 2676 3925 erat,et
2730 3863 2940 3918 similes
2993 3865 3189 3919 Leonis
3234 3863 3553 3937 Philosophi

1978 3961 2032 4007 et
2053 3952 2265 4021 aliquot
2295 3953 2527 4006 aliorum
2560 3953 2827 4009 laicorum
2857 3957 3143 4012 orationes
3171 3969 3411 4014 exstant.

2054 4042 2312 4097 Testatur
2343 4045 2459 4113 ipse
2486 4044 2806 4099 Scholarius
2849 4049 3265 4102 reconciliatum
3336 4052 3553 4105 tandem

1981 4137 2085 4193 sibi
2119 4136 2289 4192 fuisse
2345 4148 2589 4191 extremo
2644 4138 2767 4192 vitae
2825 4148 3070 4209 tempore
3130 4138 3395 4195 Joannem
3451 4144 3557 4197 im-

1982 4239 2312 4297 peratorcm,
2361 4231 2586 4296 jatnque
2643 4230 2745 4284 sibi
2808 4246 2915 4284 non
3000 4231 3234 4287 obseure
3289 4234 3555 4288 faventem

1981 4320 2146 4372 vitam
2217 4334 2340 4372 cum
2399 4331 2572 4373 morte
2632 4335 3023 4375 commutasse.
3071 4322 3331 4386 Quamvis
3396 4341 3558 4393 pou'o

1984 4410 2123 4477 apud
2146 4407 2371 4462 Latinos
2403 4424 2593 4462 omnes
2622 4421 2878 4464 auctores
2903 4422 2955 4464 et
2995 4412 3211 4466 Grazcos
3248 4416 3435 4467 uniuni
3460 4416 3559 4468 ad-

304 4508 687 4559 monutnentis
709 4510 978 4572 occurrit,
1010 4510 1151 4561 unde
1174 4506 1520 4561 Gennadium
1572 4493 1883 4561 διγιέδρΙιο-
1914 4479 1959 4535 υ
1985 4502 2161 4553 dirius
2197 4502 2440 4566 legamus
2467 4500 2812 4567 imperatoris
2876 4503 3119 4556 allilllllm
3180 4520 3207 4557 3
3264 4507 3558 4560 οοιιυυωὶει

303 4596 505 4649 lariqu
547 4606 769 4652 constet
806 4596 1181 4653 Ecclesiarum
1231 4600 1542 4653 sanciendae
1579 4599 1881 4652 concordiae

304 4703 537 4742 navasse
560 4703 810 4757 operam,
837 4706 959 4743 cum
994 4689 1047 4743 in
1077 4690 1267 4743 eadem
1308 4688 1698 4757 disrumpenda
1725 4689 1879 4742 dein-

302 4767 438 4847 ceps
471 4782 537 4832 ad
586 4789 889 4833 extremam
950 4797 1127 4850 usque
1180 4790 1397 4835 aetatem
1437 4781 1879 4850 pertinacissime

303 4883 610 4940 occupatus
645 4871 820 4925 luisse
856 4873 1125 4926 videatur.

379 4962 508 5017 Sive
531 4965 719 5033 igitur,
745 4978 801 5020 ut
821 4966 934 5019 ﬁeri
963 4966 1186 5018 omnino
1209 4963 1402 5033 potuit,
1428 4961 1689 5032 Georgius
1710 4961 1878 5017 Sebo-

303 5056 479 5111 larius
510 5057 733 5113 Gnaeos
771 5057 1060 5112 Florentiae
1092 5059 1158 5111 ad
1179 5056 1435 5110 unionem
1476 5055 1726 5109 hortatus
1756 5054 1876 5108 fue-

303 5151 401 5207 rit,
439 5149 555 5202 sive
612 5163 773 5203 secus
836 5149 1029 5218 egerit,
1074 5148 1127 5201 id
1181 5147 1325 5201 enim
1360 5145 1518 5216 plane
1580 5147 1875 5221 obscurum

301 5247 413 5302 est,
444 5255 696 5294 reversus
717 5257 841 5294 cum
880 5238 1090 5295 Joanne
1150 5238 1455 5306 Palaeologo
1486 5235 1878 5291 Constantino-

302 5330 496 5399 polim,
529 5332 780 5401 adjunsit
827 5346 885 5386 se
920 5330 1100 5385 Marco
1130 5331 1366 5399 Ephesio
1423 5329 1477 5383 in
1509 5329 1875 5398 oppugnanda

306 5422 515 5476 unione
539 5438 661 5490 quae
685 5420 976 5477 Florentiae
1000 5424 1207 5476 sancita
1237 5420 1435 5475 fuerat.
1463 5421 1641 5488 Atque
1672 5420 1783 5482 illo,
1822 5429 1879 5473 ut

304 5515 546 5579 videtur,
610 5516 877 5583 temporis
962 5514 1246 5569 intervallo
1328 5513 1552 5580 scripsit
1612 5511 1879 5580 Georgius

305 5604 482 5658 multa
521 5606 783 5660 adversus
813 5605 1035 5662 Latinos
1080 5607 1507 5677 opuscula,qu;e
1565 5615 1785 5659 exstant
1822 5606 1875 5658 in

378 5783 458 5856 (Ι)
484 5783 558 5838 Ex
589 5786 839 5841 versione
874 5787 1140 5859 Caryopb.
1163 5803 1215 5857 p.
1244 5785 1347 5840 478
1374 5784 1501 5841 edit.
1542 5782 1667 5838 Par.

1986 4604 2147 4655 quam
2181 4586 2469 4640 Florentia:
2487 4588 2898 4656 Subscriptione
2925 4590 3261 4655 ﬁrmaverat,
3289 4608 3556 4661 nusquam

1988 4680 2160 4735 fuisse
2209 4679 2545 4745 alienatum;
2599 4680 2932 4734 dissentiunt
2988 4689 3167 4734 tamen
3220 4683 3555 4737 schismatim

1985 4773 2159 4827 ferme
2222 4787 2433 4825 omnes.
2495 4771 2570 4825 Ita
2606 4773 2802 4840 legitur
2836 4773 2888 4826 in
2952 4772 3111 4825 titulo
3155 4776 3558 4845 pseudosynodi

1984 4863 2653 4931 Constantinopolitane,
2733 4865 2785 4919 in
2845 4867 3125 4921 Addendis
3191 4872 3327 4939 apud
3409 4873 3559 4924 Alla-

1990 4957 2122 5010 lium
2180 4955 2256 5023 (2)
2290 4972 2303 5011 ε
2339 4956 2491 5021 Quw,
2537 4956 2736 5025 inquit,
2791 4957 2972 5011 habita
3023 4959 3127 5026 fuit
3169 4972 3282 5029 post
3317 4972 3556 5016 exactam

1985 5049 2444 5117 pseudosynodum
2472 5046 2842 5102 Florentinam
2879 5053 3034 5103 unius
3064 5064 3109 5105 et
3170 5054 3378 5107 dimidii
3422 5056 3551 5109 anni

1985 5142 2288 5204 intervallo,
2322 5153 2370 5193 et
2399 5150 2517 5207 post
2547 5139 2746 5193 obitum
2767 5141 2990 5196 Joannis
3022 5142 3309 5213 l’alteol0gi
3330 5150 3555 5216 quicum

1985 5232 2191 5286 Latinis
2222 5231 2590 5294 sentiebat,ab
2638 5230 2796 5284 Italis
2831 5235 2924 5285 sub
2959 5250 3046 5301 spe
3077 5237 3270 5290 auxilii
3318 5239 3552 5307 delusus,

1985 5337 2107 5379 ante
2163 5335 2335 5378 tamen
2394 5324 2591 5376 obitum
2640 5325 2931 5379 orthodoxa
2987 5329 3223 5398 dogmati
3284 5348 3557 5386 assensum

1986 5419 2307 5488 praebuerat.
2341 5416 2492 5470 Tunc
2543 5418 2863 5473 Sebolarius
2906 5419 3222 5475 domesticis
3275 5425 3436 5477 rebus
3466 5442 3558 5477 or-

1988 5511 2193 5565 dinatis
2216 5517 2472 5564 eratntox
2502 5525 2619 5563 sese
2673 5508 2727 5562 in
2762 5510 3162 5564 mOnaslerium
3216 5522 3550 5579 recepturus.
3638 5538 3643 5543 ι

1985 5619 2108 5657 cum
2146 5600 2486 5670 pr0positum
2518 5611 2730 5653 mutare
2762 5610 2984 5653 Coactus
3019 5609 3127 5654 est.
3184 5601 3331 5656 Obiit
3362 5607 3553 5656 eodem

2062 5780 2135 5851 (ἒ)
2164 5781 2298 5835 Add.
2334 5782 2397 5834 ad
2428 5781 2461 5833 Ι.
2504 5796 2557 5835 ιιι
2598 5780 2667 5833 De
2698 5794 2847 5849 perp.
2883 5792 3037 5832 eous.
3072 5797 3123 5849 p.
3162 5780 3295 5836 1580
3323 5793 3374 5835 cl
3435 5798 3551 5848 seq.
