4176 6278
506 348 617 404 ‘15!)

1617 340 1661 396 C
1677 338 1991 397 ENNADll
2037 334 2144 394 (ΣΡ.
2191 333 2381 394 PATR
2397 334 2701 393 [ARCHZE

3648 328 3759 392 260

508 454 723 507 circiter
750 462 990 520 tempore
1026 450 1235 504 Marcus
1270 450 1568 520 Ephesius,
1598 451 1757 518 paulo
1782 457 1908 501 ante
1938 461 2081 500 more
2112 451 2155 505 Α
2186 447 2413 516 recepit.
2458 446 2693 516 Scripsit
2752 444 2917 502 simul
2970 442 3380 498 valedictorlam
3437 440 3759 496 Orationem

510 554 616 596 tem
674 542 899 597 Joannis
932 543 1244 610 Palmologi.
1303 541 1578 610 Georgius
1634 540 1919 594 morientis
1979 553 2073 591 su-

512 649 726 703 premas
769 648 925 687 voces
979 634 1213 699 excepit,
1265 641 1319 685 et
1371 634 1423 685 in
1470 633 1591 701 ejus
1624 632 1786 685 verba
1829 630 2073 699 juravit,

509 723 619 777 Deo
639 734 692 777 et
724 725 931 793 angelis
966 723 1021 777 in
1056 723 1433 777 testimonium
1488 725 1787 786 advocatis,
1832 730 2077 776 servatu-

513 832 633 869 rum
690 830 750 870 se
808 829 1040 869 veterem
1094 816 1278 877 tidem,
1328 824 1384 868 et
1471 825 1659 868 contra
1709 813 2075 868 Floret-tinam

517 909 770 961 unionem
800 918 1063 975 perpetuo
1085 922 1149 960 ex
1180 905 1342 959 amici
1375 892 1807 973 et‘praieeptoris
1839 904 1921 958 sui
1951 920 2078 956 sen-

518 1000 692 1050 tentia
719 1006 1109 1065 pugnaturum.
1138 993 1262 1048 [lare
1287 996 1399 1062 ipse
1430 994 1622 1048 scribit
1651 993 1704 1046 iu
1740 993 1987 1062 Epistula
2010 991 2078 1044 ad

516 1086 1152 1154 Constantinopolitano:
1234 1094 1493 1152 tauquam
1555 1085 1883 1139 notissima:
1935 1099 2081 1137 mor-

518 1190 668 1231 tuum
697 1193 824 1231 vero
862 1177 1111 1230 oratione
1147 1176 1407 1239 laudavit,
1441 1192 1563 1243 quae
1597 1185 1778 1229 exstat
1812 1176 1864 1228 iu
1913 1175 2081 1229 variis

518 1270 816 1323 codicibus.
852 1269 1077 1321 Exstant
1107 1282 1324 1336 quoque
1356 1267 1409 1319 in
1441 1268 1726 1321 codicibus
1780 1265 1964 1335 llegiis
1990 1283 2082 1318 ex-

521 1372 688 1412 trema
716 1358 878 1412 Hirci
910 1358 1130 1425 Ephesii
1158 1358 1407 1410 morituri
1436 1357 1503 1410 ad
1530 1356 1874 1410 Seholariutn
1892 1358 2082 1419 verba,

522 1453 721 1519 quibus
748 1451 849 1518 ipsi
882 1449 1086 1503 Graecae
1117 1447 1372 1501 Ecclesiae
1401 1459 1455 1501 et
1489 1448 1611 1517 ejus
1645 1448 1965 1515 dogmatum
1989 1448 2083 1500 de-

525 1543 831 1597 fensionem
874 1540 1264 1593 commendat:
1301 1539 1570 1593 Scliolarii
1617 1553 1834 1607 quoque
1863 1553 2086 1607 respon-

524 1635 627 1695 sio,
656 1647 777 1700 quae
805 1632 932 1684 huic
964 1630 1219 1697 Epistolae
1244 1630 1401 1699 plane
1436 1639 1799 1684 consentanea
1839 1638 1941 1682 est.

596 1722 787 1776 Juauni
820 1721 1121 1787 l’alazologo
1168 1718 1853 1773 successitConstantinus
1890 1717 2083 1782 lrater,

2182 538 2247 592 ad
2278 539 2720 603 Constantinum,
2749 553 2871 608 quae
2908 545 3085 592 exstat
3125 536 3187 590 in
3212 534 3404 589 codice
3425 532 3612 600 Regio,
3645 546 3759 600 qua

2184 645 2287 682 non
2337 630 2514 685 solum
2555 630 2969 684 criminationes
3022 627 3473 681 adversariorum
3526 632 3763 679 conatur

2183 720 2419 784 diluere,
2478 721 2569 775 sed
2622 736 2765 788 saepe
2820 721 2874 774 in
2932 719 3049 774 suis
3102 717 3358 778 laudibus
3396 714 3621 777 nimius,
3668 727 3763 766 res

2184 825 2366 883 gestas
2395 827 2493 881 pro
2551 814 2821 881 majorum
2871 811 3138 880 religione
3176 806 3404 869 tuenda,
3439 811 3764 869 susceptos-

2185 922 2290 973 que
2318 907 2532 960 labores
2562 907 2615 959 in
2647 906 2845 961 cmlum
2880 906 3041 966 tollit,
3073 902 3146 955 ita
3180 910 3238 954 ut
3267 898 3525 952 vanitatis
3546 902 3599 949 et
3629 907 3763 963 pro-

2188 997 2391 1059 terviae,
2419 996 2473 1049 in
2513 1012 2616 1063 qua
2638 1004 2930 1049 accusatus
2955 1002 3060 1055 est,
3087 991 3247 1060 culpa
3279 1004 3384 1042 nou
3411 996 3586 1039 vacet.
3614 986 3760 1037 Cum

2189 1086 2330 1140 hanc
2357 1088 2659 1141 orationem
2694 1086 2983 1148 scriberet,
3040 1083 3219 1136 adhuc
3266 1079 3443 1134 laicus
3471 1078 3525 1131 in
3571 1090 3767 1129 mona-

2189 1179 2361 1233 sterio
2416 1175 2827 1233 Pantocratoris
2871 1173 3168 1237 residebat,
3225 1170 3372 1224 unde
3431 1168 3670 1237 migrans
3706 1165 3763 1217 in

2189 1270 2520 1334 Card‘aneti,
2570 1268 2678 1321 illic
2722 1267 2943 1321 schema
2990 1264 3104 1318 sive
3166 1262 3406 1315 habitum
3444 1257 3762 1324 religiosum

2190 1364 2417 1431 accepit.
2450 1362 2523 1414 lta
2546 1360 2705 1415 ducet
2736 1373 2838 1412 nos
2871 1356 3033 1424 hujus
3058 1354 3327 1410 orationis
3368 1348 3660 1417 inscriptio
3696 1348 3755 1399 in

2193 1452 2359 1522 Regio
2381 1452 2591 1505 codice.
2612 1448 2841 1504 Videtur
2868 1456 3049 1502 autem
3077 1444 3239 1501 simul
3257 1442 3538 1511 accepisse
3559 1453 3764 1491 nomen

2193 1540 2459 1596 Gennadii
2508 1541 2661 1609 juxta
2717 1538 2997 1605 vulgarem
3028 1534 3173 1604 apud
3204 1531 3432 1586 Graecos
3460 1534 3764 1582 consuetu-

2194 1636 2398 1697 dinem,
2426 1644 2486 1687 ut
2535 1633 2629 1700 qui
2665 1631 2865 1683 mundo
2906 1642 3003 1696 per
3034 1627 3163 1680 vita:
3204 1622 3523 1678 monasticae
3552 1617 3768 1688 proles-

2197 1727 2409 1779 sionem
2444 1721 2839 1784 renuntiarent,
2872 1719 3035 1772 etiam
3065 1730 3265 1770 nomen
3288 1712 3573 1780 antiquum
3605 1708 3762 1777 quasi

530 1816 920 1882 imperatorum
965 1797 1697 1878 Coustantiuopolitauoruin
1752 1819 2089 1874 postremus,
2126 1792 2167 1847 Β
2200 1834 2295 1888 ρει·
2324 1818 2548 1870 alteram
2578 1814 2924 1867 nativitatem
2952 1817 3266 1863 mutarent:
3297 1822 3418 1860 mox
3444 1805 3591 1859 enim
3616 1803 3765 1858 (ἔθη-

528 1916 759 1958 exeunte
801 1919 946 1958 anno
989 1903 1121 1957 Jesu
1160 1902 1362 1957 Chrisri
1413 1901 1572 1955 1448.
1603 1899 1760 1967 Apud
1794 1914 1954 1968 quem
1982 1910 2095 1954 sta-

532 1996 625 2047 tim
655 1993 975 2047 Scholarius
1006 2000 1299 2046 accusatus
1340 1997 1446 2054 est,
1480 1989 1641 2058 quasi
1681 1987 2094 2050 ecclesiasticis,

529 2087 670 2154 apud
704 2101 841 2152 quos
891 2085 1185 2153 plurimum
1230 2090 1466 2150 poterat,
1512 2089 1709 2134 auctor
1743 2080 1937 2135 fuisset
1969 2095 2097 2149 pro-

530 2179 899 2235 crastinaudae
962 2176 1339 2232 coronatiouis
1391 2189 1514 2243 qua“:
1555 2174 1932 2229 ecclesiastico
1985 2175 2095 2228 ritu

532 2286 656 2325 cum
696 2270 865 2324 variis
906 2270 1159 2338 precibus
1192 2268 1459 2321 celebrari
1500 2265 1731 2323 solebat.
1780 2265 1965 2335 Neque
1996 2283 2094 2322 ne-

534 2362 691 2431 gabat
723 2361 880 2428 plane
904 2358 1180 2427 Georgius
1212 2358 1535 2413 Scholarius
1557 2356 1919 2411 differendam
1951 2374 2094 2423 esse,

533 2451 707 2506 donec
753 2450 1012 2505 Ecclesiae
1064 2458 1118 2504 et
1161 2449 1478 2516 reipublicae
1535 2449 1947 2513 consuleretur;
2004 2450 2099 2503 sed

535 2558 644 2597 non
672 2543 781 2597 alio
815 2543 865 2596 id
904 2542 1085 2596 aiebat
1126 2541 1327 2595 fecisse
1386 2540 1594 2605 animo,
1646 2555 1811 2609 quam
1857 2540 2095 2595 utlabc-

537 2634 793 2688 laetatam
844 2632 1111 2701 majorum
1166 2632 1327 2687 fidem
1364 2631 1785 2689 restauraudam
1836 2642 2097 2694 curaret,

536 2734 647 2781 tam
674 2724 793 2780 fidet
819 2741 979 2794 quam
1004 2724 1323 2792 imperatori
1364 2728 1685 2787 consulens,
1720 2722 1792 2775 ab
1818 2722 2097 2774 hominum

538 2832 667 2872 vero
695 2813 1034 2869 nefariorum
1072 2813 1317 2867 consiliis
1344 2810 1714 2865 alienissimus
1740 2848 1756 2876 ,
1780 2808 1980 2878 quippe
2005 2808 2098 2877 qui

537 2922 736 2962 novum
770 2906 1159 2973 imperatorem
1224 2902 1488 2971 singulari
1527 2915 1713 2955 amore
1771 2899 2103 2966 complecte-

540 3010 717 3063 retur,
747 3006 801 3050 et
836 2996 905 3048 ab
933 3010 999 3049 eo
1049 2995 1101 3048 iu
1137 2994 1337 3047 melius
1380 3009 1466 3048 res
1524 3007 1653 3045 suas
1702 3000 2098 3045 commutatum

543 3087 609 3139 iri
640 3094 908 3155 speraret,
941 3086 1100 3153 cujus
1135 3084 1313 3154 gratia
1357 3083 1678 3143 adversam,
1736 3090 1795 3132 ut
1853 3080 2101 3134 sciebant

541 3192 756 3244 omnes,
788 3177 1064 3232 fortunam
1098 3175 1288 3231 fuisset
1316 3187 1597 3244 expertus.
1628 3171 1766 3227 Cum
1800 3186 1931 3226 vero
1955 3170 2099 3227 Con-

543 3268 816 3321 stantinus
854 3267 1230 3321 imminentem
1268 3266 1395 3327 sibi,
1427 3273 1479 3318 et
1507 3278 1629 3332 quae
1655 3271 1777 3333 post
1807 3276 1982 3317 annos
2014 3262 2100 3316 vix

542 3361 786 3427 quinque
807 3369 1103 3412 consecuta
1136 3364 1243 3419 est,
1275 3356 1482 3409 cladem
1509 3362 1780 3417 metuens,
1813 3354 2013 3407 auxilia
2035 3354 2105 3409 ab

546 3448 692 3503 Italis
724 3448 1042 3518 postularet,
1088 3462 1211 3516 qua:
1236 3445 1496 3501 Nicolaus
1532 3447 1591 3513 V,
1626 3444 1867 3513 pentifex
1905 3445 2103 3500 Roma-

543 3555 669 3601 nus,
707 3554 811 3592 non
837 3540 997 3593 aliter
1031 3539 1425 3607 pollicebatur,
1462 3552 1623 3606 quam
1660 3537 1706 3591 si
1730 3536 2103 3591 Florentinam

544 3634 800 3683 unionem
860 3629 1232 3694 continuaret,
1282 3637 1337 3684 et
1392 3629 1457 3683 ad
1516 3642 1634 3683 eant
1668 3629 2104 3696 amplectendam

542 3722 761 3775 Graecos
785 3721 1084 3790 praesertim
1110 3721 1519 3776 ecclesiasticos
1548 3729 1599 3774 et
1632 3719 1934 3775 monachos
1959 3734 2109 3775 rom—

542 3814 788 3880 pelleiet,
817 3812 995 3865 missa:
1035 3819 1160 3864 sunt
1195 3826 1225 3863 a
1258 3810 1516 3879 pontifice
1558 3810 1859 3879 legationes
1899 3810 2107 3879 aliquot

542 3902 1117 3970 Constantinopolim;
1167 3900 1341 3970 prima
1391 3901 1608 3953 videtur
1660 3901 1829 3956 fuisse
1862 3901 2104 3972 episcopi

542 3993 814 4056 Cortonae,
853 3993 947 4060 qui
991 4006 1113 4045 cum
1165 3990 1368 4045 Graecis
1395 3992 1663 4060 theologis
1697 3992 1897 4061 saepius
1916 3993 2103 4062 dispu-

545 4084 699 4144 tavit,
725 4083 883 4136 anuis
908 4082 1127 4135 circiter
1188 4089 1425 4150 quatuor
1459 4090 1586 4136 ante
1636 4092 1848 4151 captam
1891 4084 2104 4139 urbem.

544 4171 859 4225 Graecorum
900 4181 1084 4242 partes
1140 4174 1398 4227 tuebatur
1440 4173 1711 4243 Georgius
1760 4174 2103 4242 Scholarius,

545 4265 635 4332 qui
665 4263 1059 4333 disputationes
1102 4265 1311 4333 scripto
1341 4266 1664 4333 complexus
1696 4275 1803 4329 est,
1828 4276 1883 4321 et
1933 4268 2105 4322 variis

544 4354 828 4423 opusculis
875 4351 1103 4408 Latinos
1160 4354 1489 4408 refellendos
1534 4355 1800 4424 suscepit.
1864 4354 2107 4409 Meminit

510 4447 658 4527 ipse
689 4447 744 4499 in
795 4444 1035 4513 Epistola
1076 4443 1143 4498 ad
1196 4444 1843 4514 Constantinojiolitanos
1900 4448 2107 4515 scripta
2141 4448 2349 4528 Dpuos
2403 4458 2471 4512 ab
2528 4473 2590 4511 ea
2642 4456 2814 4511 fuisse
2873 4456 3238 4511 alienissimos

540 4536 609 4590 29
641 4537 966 4590 Novembris
1011 4551 1153 4591 anno
1191 4536 1349 4602 “52,
1396 4537 1449 4589 in
1488 4553 1595 4607 qua
1622 4538 1818 4593 scribit
1850 4554 2107 4609 perseve-

542 4643 663 4682 rare
695 4643 753 4682 se
787 4628 844 4681 iu
877 4642 939 4681 ea
967 4628 1217 4682 doctrina
1254 4643 1418 4696 quam
1464 4641 1790 4697 exposuerat
1825 4633 1879 4684 in
1920 4631 2108 4701 diSpu-

544 4716 781 4772 tionibus
839 4718 1040 4772 habitis
1071 4719 1343 4772 advcrsus
1381 4716 1627 4774 Cortona:
1662 4724 1982 4791 episcopum
2031 4724 2100 4777 ad

541 4810 1062 4870 demonstrationem,
1137 4809 1339 4877 inquit,
1402 4809 1518 4877 ejus
1570 4826 1687 4880 qua
1717 4809 1857 4879 apud
1907 4830 2000 4866 nos
2031 4824 2107 4869 est

540 4903 804 4965 reritatis,
836 4909 884 4952 et
946 4900 1129 4952 multis
1169 4900 1434 4969 variisque
1479 4902 1715 4968 operibus
1760 4919 1876 4971 qua:
1910 4906 2106 4973 scripta

540 5007 633 5058 pro
651 4994 824 5060 patria
844 4990 947 5058 ﬁde
970 4990 1143 5043 divino
1174 5007 1406 5055 munere,
1432 5002 1485 5043 ut
1520 4993 1675 5044 etiam
1706 4994 1760 5045 in
1783 4995 2109 5064 confessions

543 5082 663 5147 ﬁdei
689 5098 816 5137 sua.
844 5082 919 5134 vel
966 5084 1142 5150 potius
1179 5083 1453 5135 catholica:
1486 5082 1760 5149 Ecclesia,
1786 5101 1943 5154 quam
1982 5100 2108 5143 ante

545 5190 707 5227 armos
738 5183 841 5226 tres
872 5174 1197 5227 elaboratam
1229 5177 1626 5242 publicaverat.

615 5268 692 5320 Eo
720 5267 938 5320 circiter
967 5278 1210 5335 tempore
1239 5266 1506 5336 Georgius
1538 5270 1607 5322 ob
1646 5271 1865 5324 unionis
1894 5270 2104 5337 odium,

546 5372 654 5425 quo
684 5357 865 5411 omnia
896 5356 1246 5425 imperatoris
1269 5358 1501 5409 consilia
1537 5360 1888 5413 vehementer
1916 5363 2107 5414 turba-

550 5454 661 5514 bat,
681 5448 810 5512 sibi,
835 5459 891 5501 ut
916 5446 1148 5509 videtur,
1178 5458 1428 5499 metuens
1452 5448 1650 5500 sarculo
1678 5449 2028 5513 renuntiarit,
2053 5459 2107 5503 ct

548 5545 601 5598 in
651 5545 1041 5598 itionaSterium
1084 5539 1495 5593 l’antocratoris
1553 5540 1670 5593 urbi
1710 5545 2016 5610 proximum
2048 5562 2109 5601 se

621 5725 703 5793 Γ)
742 5699 836 5774 ea;
864 5739 997 5790 μέρη
1031 5736 1079 5790 ρ.
1117 5719 1232 5773 ita.

2202 1911 2395 1965 nadius
2426 1908 2607 1963 vocari
2644 1906 2828 1976 coepit,
2864 1915 3025 1973 atque
3047 1901 3186 1955 adeo
3208 1908 3501 1967 antequam
3530 1897 3773 1963 patriar-

2201 2005 2306 2059 cha
2338 2003 2736 2070 designaretur,
2760 2006 2952 2052 contra
2991 2010 3154 2062 quam
3186 2008 3252 2047 ex
3289 1991 3500 2044 bialaxo
3529 1987 3769 2041 Historia

2201 2093 2440 2163 politica,
2477 2102 2531 2145 et
2553 2089 2883 2161 quibusdam
2914 2086 3038 2141 aliis
3058 2082 3379 2138 auctoribus
3408 2078 3597 2134 docuit
3617 2077 3771 2130 Alla-

2205 2186 2333 2239 tius.
2372 2185 2494 2249 Quo
2538 2182 2655 2236 solo
2690 2186 3032 2250 argumento,
3066 2175 3171 2231 etsi
3219 2174 3425 2228 nullius
3478 2167 3766 2241 ponderis,

2205 2287 2376 2332 totam
2416 2276 2484 2329 de
2532 2276 2746 2329 duobus
2796 2271 3094 2328 Gennadiis
3122 2268 3544 2337 disputationem
3576 2278 3775 2332 snper-

2206 2367 2431 2421 struxit.
2465 2364 2622 2419 Unde
2680 2365 2843 2418 etiam
2898 2360 3165 2415 refellitur
3220 2358 3390 2411 altera
3430 2357 3545 2426 ejus
3598 2355 3781 2409 histo-

2206 2458 2320 2511 rica
2348 2456 2658 2511 observatio
2686 2453 2828 2508 circa
2848 2449 3113 2506 Geuuadii
3142 2447 3537 2516 professionem
3577 2458 3776 2498 mona-

2205 2548 2421 2607 sticam,
2480 2558 2644 2613 quam
2698 2541 2949 2595 abdicata
2997 2536 3354 2608 patriarcbali
3385 2534 3673 2604 dignitate,
3714 2541 3776 2586 et

2205 2636 2582 2707 quinquennio
2609 2643 2726 2701 post
2755 2639 2973 2699 captam
3011 2628 3202 2683 urbem
3237 2626 3436 2680 factam
3464 2624 3769 2686 existimat,

2206 2742 2331 2781 cum
2385 2723 2656 2778 novennio
2719 2721 2841 2790 plus
2867 2719 3049 2774 minus
3093 2717 3488 2772 abdicationem
3534 2728 3772 2785 praeces-

2207 2818 2360 2872 serit.
2392 2814 2501 2868 Nec
2530 2812 2676 2867 enim
2711 2809 2907 2864 Malaxi
2939 2820 2992 2865 et
3023 2806 3293 2862 Theodori
3317 2805 3638 2875 Zygomalie,
3672 2806 3774 2873 qui

2205 2908 2494 2963 Historiam
2517 2904 2789 2973 politicam
2820 2901 3192 2962 concinnavit,
3228 2906 3380 2952 tanta
3407 2908 3491 2952 est
3529 2896 3771 2951 auctori-

2208 3008 2313 3061 tas,
2347 3006 2407 3051 ut
2439 3006 2724 3050 auctorum
2779 2993 3067 3062 aequalium
3100 2987 3415 3046 testimonia
3451 2987 3772 3043 labefactat.

2210 3089 2344 3144 Nam
2375 3087 2600 3143 Michael
2653 3087 2829 3142 Ducas
2861 3094 2984 3139 ante
3032 3091 3248 3150 captam
3276 3083 3460 3135 urbem
3500 3078 3774 3134 Geunadii

2207 3179 2454 3234 monachi
2489 3179 2707 3233 nomine
2738 3177 2984 3245 designat
3023 3189 3147 3229 eum
3178 3171 3272 3242 qui
3320 3180 3481 3226 antea
3503 3170 3779 3241 Georgius

2207 3270 2529 3325 Scholarius
2559 3267 2871 3323 dicebatur.

2276 3363 2411 3416 Cum
2440 3359 2757 3415 Gennadius
2791 3356 2995 3411 saeculo
3024 3353 3396 3416 valedixisset,
3427 3352 3577 3406 misit
3603 3352 3777 3419 impe-

2206 3463 2356 3508 rator
2380 3453 2445 3505 ad
2501 3450 2782 3504 Nicolaum
2831 3462 3025 3518 papam
3071 3446 3385 3501 Bricnniutn
3426 3446 3776 3499 Leontarcm.

2207 3545 2447 3603 Isidorus
2475 3542 2767 3599 cardinalis
2796 3541 3010 3595 [tussiat
3053 3539 3212 3607 paulo
3264 3548 3389 3607 post
3414 3552 3443 3589 a
3479 3536 3696 3591 Nicolao
3728 3534 3771 3589 ν

2208 3640 2417 3706 legatus
2440 3633 2973 3703 Constantinopolim
3011 3623 3159 3684 venit
3197 3646 3341 3684 anno
3380 3630 3542 3691 1452,
3574 3640 3631 3680 ιιι
3667 3628 3779 3681 Du-

2207 3745 2300 3786 cas
2333 3731 2384 3782 iu
2420 3727 2653 3781 llistoria
2693 3727 2851 3779 docet
2873 3724 2974 3794 (ι),
3007 3738 3114 3792 quo
3160 3738 3322 3778 nemo
3356 3720 3549 3777 melius
3599 3720 3781 3775 cci-le-

2206 3820 2460 3878 siasticas
2517 3833 2606 3871 res
2659 3816 2809 3869 illius
2855 3816 3117 3884 temporis
3177 3817 3393 3867 videtur
3443 3813 3777 3882 explicaSse.

2207 3913 2258 3970 ls
2286 3915 2449 3979 igitur
2476 3915 2708 3981 legatum
2731 3906 3245 3975 Constantinopolin
3271 3905 3552 3974 appulisse
3581 3903 3783 3958 scribit

2206 4017 2393 4057 mense
2417 4000 2720 4065 Novembri,
2751 4013 2892 4053 anno
2921 3999 3219 4052 secundum
3256 3996 3474 4051 Grascos
3490 3994 3650 4058 696i,
3683 3995 3782 4063 qui

2206 4102 2324 4148 erat
2350 4092 2553 4147 Christi
2579 4091 2739 4156 “'52;
2771 4091 2971 4146 habitis
2994 4091 3060 4144 de
3089 4090 3455 4144 Ecclesiarum
3474 4088 3783 4142 concordia,

2209 4185 2578 4252 sermonibus,
2612 4186 2995 4252 imperatorem
3029 4191 3082 4236 et
3109 4181 3378 4251 quosdam
3433 4179 3777 4233 ecclesiasti-

2208 4291 2304 4331 cos
2336 4274 2688 4330 consensisse
2720 4285 2776 4328 ut
2828 4274 2958 4327 uuio
3009 4272 3325 4327 Florentiua
3372 4271 3781 4331 observaretur,

2210 4366 2711 4421 ecclesiasticorum
2757 4374 2813 4418 et
2852 4364 3245 4419 monachorum
3283 4362 3468 4431 plures
3508 4371 3560 4416 et
3586 4361 3786 4430 praeci-

3292 4472 3307 4508 :
3368 4452 3731 4506 Nihilominus
3761 4492 3778 4517 ,

2208 4547 2406 4615 inquit,
2440 4547 2529 4617 qui
2557 4544 2812 4600 lienotico
2837 4546 3191 4614 obtemperare
3227 4544 3536 4599 uidebantur
3574 4544 3780 4610 clerici,

2208 4641 2506 4695 sacerdotes
2531 4649 2579 4693 et
2617 4639 2831 4692 diaconi
2854 4678 2868 4703 ,
2918 4640 3205 4705 imperator
3232 4646 3282 4691 et
3315 4646 3527 4690 senatus
3564 4637 3619 4688 in
3661 4639 3783 4688 Ma-

2210 4748 2365 4800 gnam
2392 4728 2681 4783 Ecclesiam
2715 4737 3081 4792 convenerunt,
3126 4739 3179 4781 ut
3217 4728 3561 4782 concordibus
3584 4727 3781 4779 animis

2208 4832 2257 4874 et
2297 4822 2462 4873 unitis
2501 4821 2733 4873 divinam
2779 4821 3049 4887 liturgiam
3085 4821 3428 4883 celebrarent,
3473 4820 3786 4887 sinceraque

2212 4923 2381 4966 mente
2406 4922 2522 4966 vota
2548 4912 2653 4967 Deo
2678 4914 2972 4967 redderent.
3004 4912 3137 4966 Tum
3176 4914 3333 4967 etiam
3355 4912 3682 4966 schismatici
3708 4915 3781 4964 ad

2211 5002 2611 5057 Pantocratoris
2677 5006 3056 5057 monasterium
3128 5013 3389 5068 currunt,
3445 5000 3779 5057 Gennadium

2212 5105 2367 5148 antea
2397 5092 2675 5164 Georgium
2710 5095 3049 5148 Scholarium
3072 5096 3289 5157 adeunt,
3314 5095 3691 5161 consiliumque
3712 5095 3779 5146 ab

2211 5202 2271 5239 eo
2301 5186 2557 5254 quomodo
2605 5201 2658 5238 se
2698 5201 2874 5255 gerere
2925 5183 3146 5238 debeant
3188 5192 3391 5252 petunt.
3435 5180 3493 5235 Is
3517 5180 3782 5233 inclusum

2213 5292 2269 5331 se
2301 5278 2435 5330 cella
2496 5278 2742 5342 tenebat;
2780 5287 2997 5344 accepta
3027 5293 3146 5346 ergo
3195 5281 3401 5336 charta,
3465 5272 3781 5327 sententiam

2212 5385 2367 5425 suam
2402 5368 2779 5438 consiliumque
2824 5382 3062 5437 rogatus,
3103 5370 3296 5433 scripto
3323 5366 3548 5434 aperuit,
3571 5380 3672 5431 quo
3702 5375 3785 5415 ta-

2214 5459 2290 5510 lia
2309 5459 2781 5513 acontinebuntur:
2818 5457 2997 5509 Miseri
3065 5457 3286 5519 Roma'i,
3366 5467 3527 5522 quare
3568 5452 3786 5503 aberra-

2219 5549 2307 5611 lis,
2340 5558 2471 5610 etin,
2507 5562 2624 5616 quu-
2655 5549 2796 5616 apud
2854 5548 3055 5601 Ducam
3105 5550 3378 5616 leguntur.
3422 5542 3550 5595 lla‘c
3583 5550 3629 5592 et
3672 5538 3786 5594 alia
