4176 6278
316 337 409 402 261

1816 335 2018 396 VITA.

3461 333 3566 394 26⁷2

310 460 422 497 cunt
487 442 814 511 scripsisset,
873 441 1020 496 celltc
1048 457 1158 498 sua:
1184 442 1368 510 jannte
1401 459 1430 494 a
1461 445 1667 499 cunctis
1702 453 1882 511 postea

1993 460 2079 496 τον
2110 444 2461 514 καινοτομίαν
2489 445 2590 513 τῆς
2617 444 2873 508 πίστεως.
2897 444 3157 500 Geunadii
3184 447 3385 501 minimi
3405 446 3554 503 SCItO-

309 537 440 589 lecta
468 539 618 589 clavo
657 535 844 603 alﬁrit,
875 535 1163 602 iterumque
1188 535 1330 586 intra
1364 552 1480 588 eam
1510 551 1564 589 se
1598 535 1877 588 conclusit.

306 627 526 681 Scilicet
559 642 628 680 ex
658 626 830 681 variis
879 633 935 679 et
989 626 1111 680 aliis
1160 625 1327 690 hujus
1363 627 1625 696 temporis
1659 626 1798 679 actis
1827 632 1882 678 et

308 718 553 790 epistolis
584 718 910 790 intelligitur
965 728 1088 787 post
1162 717 1376 772 habitas
1429 733 1554 772 cum
1620 718 1881 785 episcopo

310 788 556 867 Cortona:
582 819 637 865 et
672 810 793 864 aliis
818 788 1040 863 ‘Latinis
1088 809 1154 862 de
1205 809 1408 862 unione
1451 808 1880 877 disputationes,

312 902 727 959 Gennadiumse
772 903 827 955 iit
863 900 1052 954 cellam
1077 908 1382 968 receperat,
1405 914 1584 968 neque
1613 898 1872 966 prodibat

315 998 364 1048 in
390 995 607 1063 vulgus,
644 993 716 1045 ita
756 991 1009 1045 fortassis
1064 990 1292 1059 jubente
1347 991 1737 1049 Constantino.
1796 987 1881 1042 vel

311 1095 532 1155 cogente
574 1086 775 1154 potius,
808 1099 875 1138 ne
906 1084 1191 1144 unionem,
1239 1097 1401 1151 quam
1443 1082 1556 1135 sive
1588 1095 1682 1149 per
1717 1078 1880 1134 dissi-

312 1177 685 1240 mulationem,
743 1178 857 1229 sive
888 1177 1105 1229 sincero
1138 1174 1320 1226 animo
1354 1173 1658 1226 conabatur
1688 1180 1881 1239 procn-

309 1282 449 1329 rare,
486 1268 586 1321 viri
620 1267 760 1335 apud
804 1267 1017 1336 plebem
1050 1274 1104 1319 et
1154 1264 1559 1319 ecclesiasticos
1607 1262 1881 1331 acceptis-

308 1359 429 1413 simi
470 1361 764 1413 auetoritas
799 1359 1159 1413 disturbaret.
1193 1355 1431 1423 Questus
1458 1364 1540 1408 est
1568 1354 1687 1423 ipse
1736 1342 1882 1421 stupe

308 1450 604 1502 intentatas
661 1449 873 1513 minas;
946 1458 1113 1516 atque
1175 1462 1239 1501 ea
1308 1444 1654 1515 potissimum
1712 1457 1880 1496 causa

304 1539 478 1595 fuisse
512 1540 723 1592 videtur
749 1539 949 1594 servati
982 1553 1076 1608 per
1112 1551 1285 1603 annos
1330 1536 1621 1589 admodum
1649 1532 1785 1586 duos
1804 1533 1878 1584 si-

303 1630 455 1684 lentii
489 1631 669 1683 statim
704 1639 828 1700 post
871 1638 1189 1698 susceptum
1240 1627 1563 1695 religiosum
1612 1625 1877 1678 habitum.

303 1720 377 1773 Eo
407 1720 671 1789 temporis
696 1720 982 1775 intervallo
1006 1719 1225 1788 scripsit
1247 1718 1564 1773 Orationem
1584 1725 1773 1769 contra
1796 1712 1884 1767 Si-

1992 535 2115 589 larii
2145 537 2209 590 de
2231 554 2291 590 ea
2316 553 2432 605 qua:
2446 553 2538 604 per
2566 538 2659 590 Dei
2707 539 3052 591 desertionem
3114 539 3260 606 facta
3301 547 3376 593 est
3432 556 3565 593 cana

1989 627 2168 696 inepta
2191 638 2237 681 et
2260 629 2574 682 inconcinna
2606 629 2731 697 ﬁdei
2778 631 3133 684 innovatione.
3169 630 3445 698 Scriptum
3467 630 3563 683 fuit

1989 722 2042 775 in
2065 723 2392 776 monasterio
2415 720 2847 783 Pantocratoris,
2884 725 2935 774 in
2951 722 3097 789 quod
3122 725 3336 776 venisse
3353 721 3565 776 Genna-

1988 813 2537 881 diumit.telligimus,
2587 815 2915 882 imperatore
2964 818 3040 868 ita
3085 814 3333 883 jubente,
3380 815 3553 867 existi-

1992 913 2170 959 maute
2198 906 2349 959 illum
2379 906 2425 959 si
2456 904 2840 970 Latinismum,
2890 915 2949 958 ut
3001 912 3216 968 vocant,
3278 904 3566 973 amplexus

1990 994 2206 1060 fuisset,
2244 997 2473 1066 reliquis
2510 1007 2568 1050 ut
2596 999 2736 1052 idem
2768 998 3017 1052 facerent
3050 998 3234 1053 statim
3272 1012 3568 1067 persuasu-

1990 1103 2110 1142 rum
2144 1103 2158 1151 ;
2199 1088 2293 1141 sed
2323 1089 2656 1141 contrarium
2686 1104 2911 1158 prorsus
2937 1091 3154 1145 accidit.
3192 1088 3378 1157 Neque
3419 1090 3564 1140 enim

1988 1194 2018 1233 a
2048 1182 2318 1241 sententia
2349 1194 2447 1234 sua
2479 1182 2750 1234 removeri
2783 1181 3099 1236 Gennadius
3118 1182 3311 1249 potuit,
3338 1193 3436 1232 nec
3455 1178 3566 1232 elli-

1988 1287 2111 1324 cere
2142 1281 2199 1324 ut
2230 1272 2506 1339 negotium
2541 1273 2759 1326 uuiouis
2793 1272 3163 1334 omitteretur,
3218 1288 3337 1339 quae
3389 1280 3446 1323 ut
3500 1286 3568 1324 ex

1986 1361 2208 1416 Scbolio
2241 1363 2365 1415 cod.
2401 1360 2532 1429 Reg.
2559 1362 2821 1415 dist-intus
2875 1363 2926 1415 in
2986 1363 3175 1419 eodem
3236 1363 3565 1416 monasterio

1987 1453 2228 1521 perfecta
2263 1460 2346 1506 cst
2374 1467 2483 1504 uno
2509 1467 2692 1504 ittettse
2721 1460 3005 1519 postquam
3025 1451 3338 1505 Gennadius
3363 1452 3569 1503 oratio-

1989 1558 2111 1597 nem
2140 1558 2295 1597 suam
2328 1543 2636 1596 recitasset.
2688 1542 2839 1595 Unde
2903 1543 3135 1597 turbatis
3182 1543 3294 1609 jam
3340 1543 3567 1595 omnino

1989 1636 2171 1696 rebus,
2201 1644 2251 1687 et
2281 1633 2473 1688 Turcis
2494 1634 2679 1687 urbem
2701 1632 2989 1688 obsidione
3011 1634 3385 1701 cingentibus,
3413 1634 3569 1687 auio-

1990 1742 2121 1780 nem
2144 1725 2370 1778 liberius
2395 1725 2559 1793 coepit
2592 1724 2934 1794 impugnare,
2968 1734 3023 1779 et
3042 1722 3345 1778 Latinismo
3396 1726 3564 1780 insul.

307 1812 619 1893 moniucam
652 1810 901 1864 ltmresitn
930 1809 998 1864 ad
1031 1808 1485 1870 Constantinum,
1508 1805 1721 1859 duobus
1754 1812 1882 1857 ante
1918 1838 1957 1893 Β
1988 1827 2102 1872 mre
2138 1818 2493 1886 petulantius.

300 1887 581 1956 eicidium
609 1904 758 1957 urbis
782 1905 961 1968 annis,
980 1903 1134 1971 cujus
1161 1903 1355 1956 titulus
1380 1901 1435 1953 in
1458 1899 1582 1955 cod.
1604 1898 1738 1967 Reg.
1760 1897 1884 1950 talis

299 2003 383 2048 est
424 2011 440 2047 :
475 1992 759 2046 Γενναδίου
810 1991 1047 2064 μοναχοῦ
1094 1992 1187 2043 τοῦ
1252 1990 1546 2061 Σχολαρίου
1603 1990 1745 2042 κατὰ
1787 1989 1886 2056 τῆς

300 2087 641 2156 Σιμονιακῆς
673 2086 960 2154 αἱρέσεως,
985 2085 1106 2155 ἦτοι
1130 2084 1414 2145 ἀπιστίης.
1452 2081 1703 2151 Ἐγράφη
1734 2080 1881 2133 δυοῖν

302 2178 457 2230 ἔτεσι
491 2180 600 2247 πρὸ
648 2177 747 2246 τῆς
784 2176 1061 2238 ἁλώσεως,
1108 2178 1204 2228 καὶ
1259 2174 1518 2242 ἐπέμφθη
1554 2171 1630 2241 τῷ
1677 2171 1888 2242 βασιὶεί

228 2330 241 2340 ί
303 2268 731 2336 Κωνσταντίνῳ,
794 2267 910 2321 ἀλλ’
970 2268 1178 2327 ἐκεῖνος
1232 2266 1353 2317 οζδέ
1416 2283 1470 2317 τι
1513 2263 1737 2333 βελτίων
1794 2257 1882 2331 ἦν.

303 2359 573 2416 Gennadii
599 2360 863 2423 monachi,
898 2358 986 2426 qui
1027 2367 1075 2410 et
1124 2355 1450 2417 Scholarius,
1500 2363 1683 2407 contra
1716 2350 1890 2405 Simo-

302 2457 523 2506 niacam
564 2452 826 2515 haeresim,
858 2454 962 2503 sive
993 2447 1387 2515 inﬁdelitatem.
1423 2444 1633 2514 Scripta
1665 2454 1739 2498 est
1771 2460 1889 2497 ora-

303 2548 375 2599 tio
410 2543 618 2596 duobas
642 2544 797 2595 annis
858 2551 979 2594 ante
1015 2552 1226 2609 captant
1269 2539 1474 2601 urbem,
1506 2547 1553 2591 et
1596 2538 1760 2589 missa
1786 2537 1887 2587 im-

298 2636 541 2703 peratori
573 2631 948 2695 Constantino,
998 2632 1085 2685 sed
1119 2632 1207 2684 ille
1238 2631 1404 2681 nihilo
1438 2628 1625 2681 melior
1671 2625 1887 2694 eﬁectns

299 2735 403 2778 est.
444 2724 741 2793 Epistulam
768 2725 894 2776 item
929 2723 993 2774 ad
1017 2724 1293 2785 eumdem,
1330 2720 1488 2788 Cujus
1520 2719 1735 2771 initium
1760 2724 1843 2769 est
1871 2729 1884 2765 :

314 2816 474 2868 Ἀλλ’
520 2817 621 2868 οὐκ
653 2813 829 2885 ἔξεστι
864 2815 1139 2884 μοναχοῖς,
1198 2812 1389 2880 ἄριστε
1450 2808 1696 2878 βασιλεῦ,
1747 2825 1890 2859 σπα-

302 2914 453 2971 νίοις
488 2909 582 2960 καὶ
616 2907 997 2977 δυσπνιρίστοις
1042 2904 1343 2975 τρέφεσθαι
1408 2902 1734 2971 βρώμασιν.
1786 2897 1888 2951 Ve-

300 3019 433 3054 rum
488 3017 589 3052 non
635 3000 754 3051 licet
805 2999 1101 3062 monachis,
1157 2998 1350 3064 optime
1393 2996 1704 3061 imperator,
1748 2992 1888 3044 raris

303 3112 397 3147 nec
437 3091 598 3161 facile
617 3092 952 3157 parabilibus
982 3090 1246 3143 alimentis
1277 3089 1392 3141 uti:
1421 3103 1541 3156 quae
1566 3086 1727 3139 oﬂicii
1757 3096 1890 3137 tan-

2057 1911 2268 1963 Interea
2302 1923 2448 1971 cum,
2478 1918 2534 1961 ut
2561 1907 2754 1962 scribit
2798 1906 3001 1971 Ducas,
3067 1907 3198 1962 cella
3261 1923 3320 1963 se
3369 1909 3565 1962 iterum

1988 2000 2375 2065 conclusisset,
2434 2010 2490 2052 et
2520 1999 2795 2052 neminem
2826 1997 3156 2062 admitteret,
3196 2001 3419 2067 scripsit
3448 2000 3566 2068 epi-

1988 2092 2157 2146 stolas
2184 2092 2346 2152 duas,
2375 2104 2537 2143 unam
2567 2088 2634 2142 ad
2675 2087 3316 2157 Constantitmpolitanos
3377 2106 3566 2144 omnes

1985 2184 2387 2239 ecclesiasticos
2420 2192 2472 2236 et
2492 2181 2687 2245 laicos,
2716 2180 2786 2234 27
2811 2180 3137 2234 Novembris
3183 2182 3387 2244 datam,
3409 2181 3567 2246 cujus

1987 2278 2177 2330 titulus
2193 2286 2275 2330 est
2301 2291 2315 2326 :
2349 2273 2633 2334 Γεννὰδιος
2659 2273 2686 2324 ὁ
2712 2270 3062 2340 ἁμαρτωλὸς,
3107 2270 3202 2323 τοῦ
3223 2271 3359 2322 Θεοῦ
3383 2271 3507 2323 δοῦ).
3524 2288 3569 2332 ›;

1987 2370 2081 2420 καὶ
2137 2366 2444 2434 ἐλάχιστος,
2502 2365 2619 2425 τοῖς
2676 2362 3086 2430 εὐγενεστάτοις
3154 2361 3399 2423 πολίταις
3463 2361 3565 2427 τῆς

1990 2456 2641 2520 Κωνσταντινουπόὶεως,
2678 2456 2885 2508 ἅπασιν
2938 2455 3260 2525 ἱερωμένοις
3314 2456 3410 2507 καὶ
3442 2471 3570 2504 κοσ-

1991 2553 2192 2621 μυί-λς’
2226 2546 2532 2601 Gennadius
2566 2554 2834 2612 peccator,
2868 2544 2964 2598 Dei
2990 2544 3169 2598 seri-us
3202 2555 3250 2597 ct
3297 2546 3567 2610 minimus,

1989 2639 2333 2693 nobilissimis
2366 2638 2569 2691 civibus
2599 2636 3116 2705 Constantinopolis,
3163 2637 3402 2689 omnibus
3458 2647 3569 2688 tam

1989 2733 2130 2786 sacri
2156 2732 2354 2785 ordinis
2387 2746 2547 2797 quam
2576 2728 2950 2782 sa'culuribus.
3010 2726 3134 2782 lla-c
3192 2728 3262 2780 ita
3326 2728 3511 2797 incipit
3554 2746 3588 2785 :'

1990 2823 2295 2875 Γινώσκετε
2328 2824 2528 2881 πάντες
2557 2821 2758 2883 καλῶς.
2778 2820 3013 2873 Alteram
3035 2818 3102 2872 ad
3132 2820 3560 2886 eCCltBnlitsliCOS,

1990 2928 2110 2983 qua}
2136 2912 2328 2966 eodem
2356 2922 2601 2977 tempere
2632 2912 2679 2962 (Ι.
2705 2919 2756 2961 ta
2788 2910 3023 2973 videtur,
3054 2918 3108 2961 cl.
3139 2912 3303 2963 missa
3361 2910 3568 2965 dicitur

1989 3004 2059 3056 ad
2092 3020 2339 3073 magnum
2369 3002 2805 3061 ecclesiarcham,
2859 2999 3188 3070 Syr-epulum
3213 3002 3422 3054 scilicet
3464 3018 3564 3055 au-

1993 3105 2196 3148 ctorem
2220 3093 2471 3147 Historia:
2507 3092 2695 3161 sy..th
2728 3089 3077 3152 Florentium,
3110 3106 3359 3158 magnum
3394 3090 3567 3144 Char-

305 3198 428 3240 tum
469 3200 633 3237 causa
689 3185 889 3253 scripta
928 3185 1160 3245 videtur,
1201 3189 1257 3234 ut
1291 3181 1357 3234 de
1415 3181 1585 3232 misso
1638 3179 1888 3229 fortassis

1997 3184 2326 3253 tophylacem
2355 3172 2722 3251 Agellianum,
2757 3181 2969 3250 quando
2997 3182 3342 3235 ecclesiastici
3386 3198 3573 3235 conve-

306 3278 647 3333 tuunusculo
683 3280 889 3349 gratias
942 3284 1148 3345 ageret.
1181 3272 1373 3327 Exstat
1425 3272 1638 3326 decima
1668 3270 1720 3323 in
1765 3268 1890 3323 cod.

305 3367 458 3437 Reg.

380 3458 629 3528 Scripsit
658 3458 819 3512 etiam
858 3457 1113 3511 bomilias
1169 3455 1457 3524 quasdam,
1532 3453 1624 3507 sed
1670 3458 1892 3505 contro-

300 3552 516 3606 versiis
541 3550 926 3604 ecclesiasticis
956 3551 1117 3618 plane
1152 3562 1211 3601 se
1234 3563 1340 3599 non
1379 3544 1673 3598 immist-uit
1722 3557 1893 3611 usque

302 3645 375 3699 ad
400 3644 699 3698 adventum
739 3639 1034 3695 cardinalis
1071 3637 1303 3692 Russiaa.
1361 3635 1494 3688 Nam
1553 3634 1714 3705 paulo
1767 3643 1893 3689 ante

302 3751 489 3806 quam
521 3734 824 3795 adveniret,
853 3731 1072 3800 scripsit
1092 3729 1406 3784 Gennadius
1429 3728 1494 3780 ad
1529 3727 1891 3795 Ἀγιορείτας,

302 3830 424 3883 hoc
462 3838 546 3881 est
577 3826 750 3878 sancti
786 3825 980 3876 montis
1034 3821 1172 3875 Atho
1227 3824 1534 3883 monachos,
1592 3819 1891 3887 Epistulam

302 3916 700 3978 ltortatoriam,
727 3922 786 3968 ut
821 3915 874 3967 in
910 3914 1132 3980 antiqua
1166 3912 1289 3977 ﬁde,
1322 3912 1527 3964 omissa
1551 3910 1742 3980 synodi
1773 3908 1893 3961 Flo-

300 4009 555 4065 rentime
586 4006 930 4069 definitione,
966 4010 1349 4073 permanerent
1378 4021 1391 4066 ;
1419 4016 1582 4071 quam
1608 3999 1892 4070 epistolam

302 4100 475 4155 misit
498 4113 594 4169 per
627 4097 871 4165 ejusdem
904 4096 1107 4148 montis
1135 4096 1435 4148 monachos
1464 4093 1605 4145 duos
1670 4095 1897 4143 Anasta-

301 4196 463 4247 sium
494 4199 548 4243 et
573 4188 962 4250 Si;nottetn,ttt
1015 4187 1129 4251 ipse
1182 4187 1235 4237 in
1292 4184 1577 4253 cujusdam
1649 4183 1896 4250 episutlae

302 4285 624 4351 ftagmeum
651 4288 899 4332 testatur.
933 4274 1169 4345 Scripsit
1201 4276 1365 4329 etiam
1393 4275 1459 4327 ad
1511 4276 1893 4341 imperatorem

304 4374 381 4427 19.
420 4370 625 4435 Martii,
657 4370 845 4423 eodem
884 4377 941 4421 ut
976 4369 1189 4421 videtur
1224 4382 1391 4432 anno,
1420 4365 1503 4418 vel
1542 4364 1700 4426 M55,
1731 4363 1895 4432 paulo

1994 3275 2263 3343 nirejussi
2290 3285 2411 3328 sunt
2436 3276 2483 3327 in
2510 3276 2774 3340 palatium
2800 3270 3105 3340 Xylocerci,
3127 3282 3174 3324 et
3203 3273 3465 3325 celebrata
3497 3282 3573 3325 est

1993 3364 2255 3436 Liturgia,
2286 3381 2405 3418 cum
2437 3363 2613 3417 omnia
2634 3378 2697 3415 ea:
2732 3364 2993 3415 sententia
3021 3364 3317 3415 cardiualis
3345 3375 3391 3415 et
3412 3366 3574 3415 trium

1992 3460 2297 3528 pontiﬁcum
2326 3458 2452 3509 anni
2482 3457 2636 3508 istius
2668 3467 2814 3524 gesta
2870 3464 3036 3505 essent
3093 3452 3154 3506 15
3207 3452 3342 3506 Nuv.
3404 3453 3458 3505 ιιι
3511 3468 3575 3506 ca

1992 3558 2213 3604 excusat
2246 3566 2298 3603 se
2321 3547 2458 3617 quod
2493 3564 2595 3600 non
2627 3547 2843 3607 venerit,
2878 3554 3205 3613 testaturque
3237 3560 3290 3596 se
3314 3561 3437 3610 cunt
3459 3546 3579 3596 mit.

1994 3643 2086 3697 lies
2115 3642 2418 3708 exposuerit
2442 3640 2758 3692 sententiam
2799 3637 2863 3687 de
2930 3635 3028 3687 hoc
3087 3635 3299 3687 uniouis
3365 3636 3574 3703 negotio

1993 3750 2167 3797 suam,
2202 3733 2580 3799 displicercque
2613 3726 2712 3781 sibi
2741 3726 2889 3778 illam
2916 3727 3259 3786 vehementer,
3292 3734 3396 3776 tam
3417 3725 3578 3792 impe-

1996 3834 2146 3877 rator
2171 3838 2329 3889 quam
2363 3821 2553 3887 reliqui
2588 3832 2766 3870 omnes
2797 3815 3099 3883 intelligant
3133 3814 3190 3867 in
3224 3816 3404 3867 eadem
3462 3829 3577 3880 per-

1960 3976 1963 3979 η
1997 3918 2199 3970 sistere.
2229 3912 2348 3967 Mox
2379 3912 2636 3964 unionem
2668 3918 2720 3962 et
2750 3907 2955 3961 Latinae
2987 3905 3248 3960 Ecclesiae
3274 3906 3433 3960 fidem
3480 3920 3577 3960 ve-

1997 4007 2276 4085 lt.'tt;ettler
2311 4002 2572 4071 exagitat.

2067 4097 2295 4165 Scripsit
2328 4104 2612 4165 prwterea,
2635 4102 2692 4146 ut
2714 4093 2890 4147 Ducas
2913 4094 3189 4154 observat,
3209 4090 3425 4144 brevem
3446 4103 3579 4143 con—

2000 4203 2079 4245 tra
2107 4189 2467 4243 Latiuismum
2521 4188 2921 4255 querimoniam
2952 4203 2968 4251 ;
3002 4184 3097 4241 sed
3120 4200 3240 4253 quae
3266 4184 3333 4235 ab
3360 4183 3453 4235 illo
3478 4197 3577 4234 au-

1998 4294 2147 4335 ctore
2183 4279 2438 4340 refertur,
2472 4276 2651 4329 diﬂ'ert
2699 4276 2767 4328 ab
2802 4278 2976 4329 altero
3017 4274 3260 4342 ejusdem
3300 4272 3575 4339 exemplo,

2000 4373 2143 4443 quod
2177 4370 2487 4439 suppeditat
2512 4368 2677 4421 codex
2706 4366 2910 4436 Regius
2938 4368 2989 4418 in
3013 4368 3123 4418 bzec
3152 4366 3311 4416 verba
3342 4380 3354 4415 :
3385 4362 3585 4425 θρέμμ’

304 4477 449 4517 ante
480 4461 711 4515 cladem.
747 4457 1064 4513 Orationem
1120 4471 1342 4527 quoque
1405 4455 1658 4509 recitavit
1710 4469 1890 4506 coram

1997 4479 2143 4532 peres
2172 4464 2324 4520 cives,
2356 4456 2668 4527 perdidistis
2691 4460 2894 4518 omnia,
2921 4464 2967 4506 et
2995 4469 3132 4506 nunc
3164 4454 3380 4505 tandem
3432 4452 3575 4519 abji-

304 4571 399 4620 eu,
435 4568 630 4622 magna
672 4551 935 4604 nobilium
976 4551 1177 4603 civium
1243 4549 1566 4616 frequentia,
1601 4548 1654 4598 in
1706 4560 1897 4597 mona-

308 4661 339 4702 Β
369 4646 495 4699 crio
552 4641 966 4697 Pantocratoris
1002 4656 1097 4695 seu
1152 4638 1575 4708 Otnnipoteutis,
1610 4638 1736 4708 περὶ
1797 4637 1896 4703 τῆς

309 4737 587 4796 nstituam;
634 4735 729 4788 τοῦ
775 4734 922 4786 θείου
966 4735 1063 4784 καὶ
1122 4731 1337 4784 οἴκοθεν
1382 4733 1797 4801 παρασακευῆς,
1824 4729 1898 4781 De

308 4826 587 4895 placando
626 4823 850 4877 Numine
898 4832 950 4876 et
995 4824 1239 4876 interiori
1263 4822 1671 4890 prwparatione,
1701 4818 1770 4872 15
1794 4819 1902 4870 No-

312 4918 563 4974 vembris
584 4917 707 4969 anni
745 4913 905 4979 1452,
940 4914 1081 4968 forte
1117 4921 1407 4982 antequam
1467 4912 1676 4980 legatus
1719 4910 1899 4963 venis-

210 5070 225 5079 ,
309 5020 405 5063 set
441 5025 456 5071 ;
490 5023 612 5061 nam
641 5008 1023 5074 imperatorem
1059 5006 1285 5058 omnino
1315 5003 1709 5057 debet-labatur
1752 5000 1901 5055 Geu-

311 5098 531 5153 nadius
557 5100 626 5151 ab
644 5100 841 5150 unione
860 5095 1173 5149 Florentina
1191 5097 1574 5159 observanda;
1603 5095 1747 5161 quod
1770 5108 1905 5161 prae-

311 5202 487 5248 sente
518 5193 691 5258 legato
722 5204 820 5243 nec
848 5192 961 5258 ipse
994 5202 1162 5242 ausus
1194 5188 1404 5252 fuisset,
1427 5201 1526 5241 nec
1549 5202 1742 5256 passus
1801 5186 1897 5238 itu-

314 5292 569 5355 perator.
608 5280 745 5336 Cum
781 5296 930 5347 vero,
965 5291 1021 5334 ut
1054 5296 1220 5350 supra
1256 5295 1320 5335 ex
1355 5282 1497 5334 Duca
1543 5282 1751 5335 dictum
1797 5288 1901 5345 est,

313 5381 540 5433 frustra
557 5374 833 5444 plerisque
853 5374 1277 5429 reclamantibus
1298 5384 1555 5427 renovata
1578 5383 1722 5427 esset
1753 5374 1904 5436 unio,

314 5463 524 5523 statim
552 5480 671 5517 eam
707 5478 840 5518 voce
862 5473 916 5518 et
955 5465 1176 5532 scriptis
1197 5463 1511 5519 Gennadius
1544 5463 1903 5533 impugnavit.

314 5560 530 5612 Exstat
557 5573 621 5612 ea
655 5558 723 5612 de
764 5573 823 5631 re
880 5560 1205 5629 opusculum
1245 5557 1734 5612 virulentisstmum
1803 5555 1908 5609 hoc

316 5649 537 5703 titulo:
576 5648 614 5700 Γ
617 5648 859 5702 ενναδίου
906 5647 1193 5718 ἐλαχίστου
1224 5647 1522 5717 Σχολαρίου
1572 5646 1667 5698 ἐπὶ
1711 5645 1810 5716 τὴν
1838 5643 1905 5697 δι’

317 5740 724 5803 ὲγκατάλειψιν
752 5740 890 5793 Θεοῦ
926 5742 1161 5795 ματαίαν
1197 5743 1283 5796 καὶ
1319 5740 1513 5802 ἄλογον
1558 5739 1650 5794 καὶ
1685 5738 1906 5792 dictio:-

1999 4554 2118 4607 citis
2146 4554 2392 4619 pietatem
2421 4547 2645 4613 turpiter
2687 4556 2738 4599 et
2796 4550 2992 4613 absque
3039 4544 3381 4596 conscrentia.
3441 4542 3577 4595 Cum

1998 4646 2135 4699 enim
2174 4644 2427 4696 deberetis
2454 4641 2521 4693 ad
2552 4639 2720 4692 Deum
2752 4630 3034 4705 confugere
3055 4638 3105 4687 in
3133 4635 3381 4702 prwseuti
3401 4647 3576 4684 rerum

1999 4745 2165 4793 statu.
2195 4752 2227 4787 α
2249 4733 2356 4787 Deo
2383 4731 2731 4801 separamini.
2771 4728 2883 4798 Ego
2913 4729 3155 4780 innoxius
3188 4742 3325 4789 sum,
3371 4734 3580 4776 testem-

2001 4847 2097 4900 que
2123 4830 2284 4882 habeo
2317 4831 2502 4889 Deum,
2527 4828 2642 4896 ejus
2683 4836 2895 4880 sanctos
2928 4834 2977 4877 et
3007 4839 3090 4877 vos
3112 4825 3275 4889 ipsos,
3308 4822 3447 4889 quod
3495 4819 3579 4870 ni-

2001 4920 2078 4973 hil
2107 4937 2333 4989 unquam
2368 4920 2707 4988 neglexerim.
2743 4918 2809 4970 Et
2842 4932 2979 4971 nunc
3004 4919 3076 4968 ita
3110 4931 3190 4968 me
3223 4913 3362 4965 Deus
3417 4912 3578 4975 iuret,

2004 5013 2201 5065 malum
2226 5013 2471 5067 unionem
2503 5012 2703 5079 facitis,
2738 5010 2999 5077 peribitis.
3029 5004 3445 5062 Calumniamini
3476 5019 3578 5067 me,

2003 5112 2052 5157 et
2082 5104 2251 5154 minas
2282 5104 2556 5154 intentatis
2588 5117 2607 5165 ;
2650 5102 2740 5153 sed
2770 5102 2985 5153 etiamsi
3019 5110 3240 5151 mortem
3266 5113 3421 5166 quam
3482 5096 3585 5148 nti-

2005 5195 2205 5247 namini
2237 5194 2501 5259 inferatis,
2527 5207 2618 5262 ego
2646 5194 2715 5244 ad
2763 5192 2914 5245 illam
2980 5193 3304 5245 subeundam
3356 5198 3579 5257 paratus

2005 5302 2141 5339 sum.
2178 5284 2317 5347 Quid
2348 5288 2485 5336 enim
2506 5285 2659 5352 juvat
2690 5284 2882 5349 vivere,
2907 5294 2962 5337 ut
2984 5285 3185 5338 videam
3209 5282 3304 5336 Dei
3338 5293 3445 5334 tant
3470 5297 3584 5335 ma-

2006 5377 2401 5444 nifestamerqa
2432 5391 2519 5428 vos
2562 5375 3269 5437 derelictionentirDomine,
3316 5389 3379 5425 ne
3436 5373 3582 5423 sinas

2008 5470 2097 5523 hos
2124 5468 2357 5520 hontines
2389 5469 2443 5520 in
2471 5467 2629 5520 talem
2664 5468 2877 5519 ruinam
2912 5466 3263 5535 prcecipitari,
3316 5478 3379 5515 ne
3420 5463 3584 5528 justi-

2007 5560 2194 5627 ﬁ.etur
2223 5556 2516 5613 orthodoxa
2546 5557 2676 5626 fides
2707 5558 2763 5609 in
2794 5556 3027 5620 Oriente,
3065 5558 3119 5608 in
3152 5554 3435 5610 Occidente
3461 5551 3582 5605 etin

2008 5651 2199 5704 insulis
2230 5660 2417 5705 contra
2441 5658 2680 5703 nostram
2710 5650 2913 5711 urbem,
2943 5650 3019 5701 ita
3049 5655 3106 5699 ut
3134 5651 3256 5714 quia
3283 5646 3428 5698 illaut
3462 5656 3510 5697 et
3538 5657 3585 5699 te

2011 5744 2355 5801 ucaleximus.
2385 5757 2683 5801 pereamus.
2708 5741 2958 5796 Iusti/ica
3017 5742 3190 5793 notius
3226 5741 3393 5791 illam.
3427 5744 3499 5789 ita
3530 5751 3585 5789 ut
