4176 6278
447 322 556 385 265

1988 316 2185 378 ῊΤᾹ.

3597 317 3701 382 266

448 431 614 485 multa
652 428 824 480 omnia
857 425 1221 495 impleverant,
1249 425 1345 492 qui.
1369 424 1534 478 etiam
1563 425 2020 493 nuncplnsquanz
2056 429 2096 482 Α
2125 425 2391 498 Apologia
2420 425 2623 494 scripta
2646 433 2750 490 est,
2781 424 2875 479 sed
2903 423 3166 479 continua
3191 423 3460 489 oratione.
3491 427 3702 493 qualern
3767 439 3772 442 ·

451 541 578 593 opus
630 530 747 575 erat
807 527 1150 588 prcetexentes
1195 517 1628 571 Christianarum
1665 516 2027 577 calamitates,

451 617 777 670 occasionem
810 612 1054 680 explendi
1091 611 1574 678 concupiscentiam
1609 610 1774 667 nacti,
1803 607 2032 676 infamia

451 709 656 777 quidem
695 721 905 757 sacrum
943 703 1071 778 olim
1090 703 1351 765 ordinem,
1387 699 1647 753 seandalo
1673 709 2032 767 spectatorum

453 804 683 860 artiums,
722 798 865 850 omni
886 794 1022 848 ntalo
1051 802 1222 847 totum
1245 794 1417 846 orbem
1439 793 1765 861 repleverunt
1793 831 1804 842 .
1831 789 2034 842 Deinde

452 893 716 960 (ediﬁcare
756 905 914 958 cogor
939 927 952 951 ,
991 885 1186 955 tentpla
1225 902 1402 938 eversa
1440 901 1472 937 a
1499 884 1863 958 fundamentis
1893 881 2034 935 exci-

456 996 567 1037 tare
587 1025 601 1047 ,
631 991 681 1035 et
717 982 1017 1035 necessaria
1050 977 1322 1048 proridere
1349 978 1490 1038 istis,
1521 979 1728 1035 utinam
1765 974 2033 1029 Christia-

458 1078 535 1130 nis
557 1117 570 1136 ,
599 1077 689 1144 qui
723 1072 948 1142 singulis
982 1073 1032 1124 in
1063 1071 1191 1125 locis
1221 1071 1438 1138 reperti,
1471 1086 1574 1139 qua
1603 1069 1807 1120 ratione
1848 1083 2036 1120 scrunv

455 1170 578 1222 dum
609 1168 774 1234 legem
806 1166 1044 1233 patriam
1079 1165 1330 1224 viverent.
1366 1162 1636 1228 Deumque
1667 1160 1906 1213 colerent
1935 1176 2037 1212 non

457 1262 761 1316 curabant.
822 1253 1023 1312 Deinde
1099 1266 1283 1310 coacta
1328 1264 1404 1309 est
1461 1255 1691 1328 synodus
1747 1251 2037 1305 multorum

456 1358 822 1421 episcoporum
870 1367 934 1405 ea:
980 1349 1196 1416 Europa
1227 1360 1272 1401 et
1299 1347 1431 1401 Asia
1460 1346 1831 1414 conﬂuentium
1863 1382 1876 1407 ,
1905 1361 2034 1414 quo-

461 1464 573 1500 rum
602 1447 875 1515 suffragiis
904 1461 998 1516 ego
1029 1445 1257 1511 primum
1278 1441 1556 1506 diaconus,
1591 1440 1781 1492 deinde
1819 1437 2038 1508 presby-

465 1559 564 1604 ter,
606 1540 794 1593 deinde
829 1521 1100 1604 episcopus
1132 1547 1176 1589 et
1212 1534 1519 1604 patriarcha
1552 1533 1872 1586 constituor.

533 1632 662 1698 Quae
706 1636 756 1684 in
805 1627 1161 1700 patriarcltali
1197 1641 1424 1680 munere
1451 1625 1786 1679 constitutus
1820 1623 2041 1678 Genna-

464 1725 587 1780 dius
653 1722 921 1791 gesserit,
980 1722 1070 1774 vix
1121 1716 1342 1772 aliunde
1398 1716 1685 1780 habemus,
1749 1731 1910 1784 quam
1970 1729 2034 1768 ex

465 1815 702 1871 Historia
764 1811 1143 1868 ecclesiastica
1210 1809 1673 1866 Graeco-Barbara
1741 1809 1836 1878 (i).
1891 1806 2030 1864 Cum

465 1905 654 1958 'l‘ut-caa
697 1902 913 1957 Sancta:
942 1899 1162 1971 Sophiae
1195 1901 1458 1968 templum
1507 1907 1562 1952 et
1597 1898 2031 1966 patriarcheiutn

463 2003 852 2066 occupassent,
898 1995 1016 2063 ipse
1059 1992 1128 2047 ad
1180 1991 1282 2046 SS.
1321 1991 1712 2060 Apostolorum
1753 1999 2030 2044 monaste-

464 2092 600 2143 rium
644 2104 704 2143 se
761 2087 1007 2156 recepit,
1039 2094 1254 2139 vastum
1288 2093 1340 2138 et
1371 2083 1483 2150 jam
1516 2081 1818 2138 solitudine
1856 2082 2038 2136 horri-

463 2182 612 2242 dum,
646 2177 791 2231 unde
819 2177 1009 2230 eodem
1045 2185 1139 2230 aut
1170 2176 1420 2246 sequenti
1453 2189 1599 2229 anno
1633 2173 1794 2243 fugit,
1828 2174 2038 2228 veritus

469 2286 532 2325 ne
583 2269 750 2324 caedis
798 2269 1116 2322 commissae
1148 2282 1273 2336 erga
1307 2267 1570 2329 'l'urcatn,
1607 2267 1764 2336 cujus
1799 2265 2039 2324 cadaver

464 2362 601 2414 intra
659 2373 852 2411 muros
909 2366 1188 2425 repertum
1240 2367 1382 2417 erat,
1432 2371 1607 2425 preme
1639 2372 1669 2410 a
1703 2357 2037 2411 Christianis

463 2453 832 2518 exigerentur.
865 2445 1093 2502 Videtur
1136 2460 1304 2515 porro
1337 2444 1657 2508 Gennadius
1688 2445 1824 2498 urbe
1854 2444 2038 2512 profu-

465 2542 625 2611 gisse,
665 2553 792 2593 nam
839 2546 952 2592 tres
999 2537 1184 2608 βιαίας
1233 2537 1478 2603 ἀνόδους,
1519 2536 1634 2591 sive
1689 2536 1957 2590 violmttos
1985 2535 2040 2589 in

467 2632 654 2687 urbem
704 2643 993 2699 regressus
1039 2638 1439 2684 commemorat
1471 2628 1528 2683 in
1564 2628 1772 2698 aliquot
1801 2641 2040 2698 opuscu-

467 2727 641 2779 lorum
666 2721 1015 2792 titulisjuxta
1037 2721 1491 2785 antiquissimum
1510 2718 1738 2791 Regium
1765 2719 2036 2776 codicem.

465 2814 571 2870 Ter
605 2823 790 2869 autem
851 2814 989 2868 urbe
1037 2811 1321 2876 excessit,
1369 2811 1538 2866 semel
1594 2825 1718 2866 cum
1759 2811 1932 2866 hostis
1962 2811 2040 2864 ir-

467 2917 764 2978 rumperet,
802 2909 1001 2961 iterum
1056 2912 1180 2976 post
1234 2904 1439 2961 caedem
1499 2919 1620 2974 quae
1670 2903 1815 2958 intra
1851 2918 2039 2958 muros

466 2997 566 3055 SS.
592 2999 986 3070 Apostolorum
1017 3005 1230 3068 patrata
1261 3006 1344 3052 est
1371 3012 1386 3063 ;
1420 2997 1639 3051 tandem
1676 2995 1926 3066 deposito
1947 3009 2041 3064 pa-

2136 531 2322 569 roram
2372 517 2592 574 sullano
2637 515 2955 572 Gennadius
2990 515 3200 582 habuit,
3228 527 3520 586 antequam
3557 531 3710 570 com-

2138 607 2474 676 pendiariam
2528 609 2672 662 illam
2745 608 3074 672 Christianae
3127 601 3248 664 lidoi
3307 611 3704 680 expositionem

2137 699 2346 766 scripto
2392 702 2877 767 complecteretur.
2937 701 3099 756 Edita
3146 711 3231 758 est
3282 717 3498 770 quoque
3527 704 3708 757 oratio

2138 789 2256 857 ipsa
2303 791 2610 853 tnnltoties,
2664 803 2775 844 tum
2837 794 3094 859 seorsim,
3144 800 3258 848 tum
3292 794 3346 847 in
3385 791 3710 849 Bibliotheca

2139 880 2388 937 Patrum.

2209 973 2382 1029 Paulo
2419 987 2707 1046 postquam
2739 978 2878 1031 hanc
2911 979 3216 1034 orationem
3253 979 3540 1034 habuisset
3572 981 3717 1036 Gen-

2141 1065 2361 1129 nadius,
2408 1068 2768 1138 patriarchali
2820 1085 2880 1124 sc
2930 1071 3199 1139 dignitate
3250 1073 3717 1141 abdicavit,a)gre

2139 1156 2362 1210 obtenta
2392 1171 2418 1208 a
2451 1159 2675 1214 sullano
2699 1160 2854 1216 venia
2889 1176 3049 1220 :mox
3084 1163 3374 1230 epistolam
3407 1180 3500 1218 seu
3537 1167 3716 1232 potius

2138 1249 2408 1320 prolixam
2471 1250 2791 1310 Orationem
2876 1254 3277 1321 apologeticam
3349 1257 3576 1324 scripsit
3640 1255 3712 1307 ad

2142 1354 2318 1391 omnes
2340 1340 2522 1408 ﬁdeles
2544 1344 2596 1396 in
2619 1340 2832 1408 Christo
2853 1345 3000 1404 Jesu,
3035 1347 3148 1408 τοῖς
3177 1347 3460 1416 πανταχοῦ
3492 1352 3713 1411 πιστοῖς

2140 1433 2197 1482 ἐν
2248 1433 2468 1501 Χριστῷ
2539 1435 2738 1505 Ἰησοῦ.
2810 1436 3007 1492 Narrat
3062 1441 3339 1508 quOmodo
3411 1451 3534 1510 post
3581 1457 3719 1510 prae-

2141 1521 2342 1577 dictam
2381 1527 2582 1594 saepius
2621 1528 2772 1583 urbis
2803 1537 2854 1582 et
2885 1531 3294 1600 totinsimpcrii
3325 1533 3533 1587 cladem
3568 1549 3720 1588 com-

2143 1614 2618 1685 minationemque
2680 1617 2880 1672 divinae
2954 1619 3208 1675 vindictae
3271 1623 3340 1675 oh
3396 1633 3714 1693 susceptum

2142 1704 2506 1761 Latinismum
2533 1749 2547 1774 ,
2578 1717 2740 1780 capta
2776 1711 2910 1766 urbe
2937 1711 2999 1765 in
3036 1712 3278 1768 hostium
3313 1730 3509 1770 manus
3547 1733 3710 1770 vene-

2140 1799 2234 1865 rit,
2266 1809 2320 1855 et
2358 1816 2422 1854 ex
2477 1802 2602 1872 fuga
2653 1813 2948 1871 retractus,
3015 1809 3329 1876 patriarcha
3363 1813 3708 1866 renuntiatus

2139 1890 2322 1957 fuerit,
2378 1894 2505 1950 licet
2559 1896 2804 1952 invitus:
2859 1900 2948 1954 cui
3003 1902 3221 1956 tandem
3255 1904 3492 1967 muneri,
3524 1906 3707 1958 statim

2141 1993 2302 2053 atque
2335 2001 2432 2055 per
2459 1986 2740 2042 sultanum
2776 1989 2957 2056 licuit,
2984 1993 3413 2048 renuntiandum
3438 1999 3714 2059 statuerit,

2141 2083 2253 2128 tum
2283 2076 2412 2142 quia
2447 2077 2743 2132 destitutus
2775 2090 2925 2134 esset
2959 2096 3152 2139 eorum
3187 2085 3426 2144 auxilio.
3465 2087 3554 2154 qui
3585 2100 3719 2138 one-

2140 2165 2218 2219 ris
2253 2175 2462 2236 partem
2518 2170 2826 2226 secundum
2868 2172 3284 2230 ecclesiasticas
3343 2176 3490 2247 leges
3542 2179 3716 2234 susti-

2141 2274 2275 2331 nere
2309 2260 2638 2328 debuerant,
2672 2273 2786 2318 tum
2821 2265 2889 2318 ob
2923 2267 3206 2334 impensos
3235 2269 3470 2324 inaniter
3501 2272 3715 2326 labores

2141 2353 2196 2405 in
2258 2352 2572 2409 anicrendis
2621 2356 2900 2416 scandatis
2949 2366 3004 2413 et
3044 2363 3437 2431 componendis
3470 2366 3718 2419 simulta-

2145 2444 2312 2500 tibus.
2339 2443 2534 2502 Varias
2567 2450 2733 2504 etiam
2764 2451 3108 2509 calamitates
3145 2454 3331 2519 refert,
3368 2469 3506 2524 quas
3533 2458 3601 2511 ab
3637 2458 3722 2511 in-

2141 2536 2282 2592 vidis
2332 2537 2530 2596 l'uisset
2569 2555 2862 2610 perpessus
2897 2581 2913 2607 ,
2973 2544 3065 2612 qui
3124 2546 3556 2613 patriarcltatum
3607 2565 3721 2604 non

2143 2625 2378 2683 obscure
2410 2629 2741 2693 ambientes.
2772 2633 2938 2688 multa
2965 2635 3066 2705 ipsi
3089 2636 3305 2706 negotia
3337 2637 3720 2698 facessebant:

2144 2719 2423 2788 signiﬁcat
2461 2724 2681 2778 tandem
2714 2740 2774 2780 se
2821 2727 3078 2796 dignitati
3111 2731 3463 2798 renuntiare,
3513 2743 3572 2788 ut
3605 2735 3719 2802 jam

2144 2811 2249 2866 sibi
2292 2813 2396 2901 soli
2449 2823 2630 2883 vacet,
2681 2818 3179 2890 pmnitentiamque
3226 2821 3283 2877 in
3348 2826 3643 2895 tranquilla
3667 2838 3722 2882 et

2145 2906 2392 2962 solitaria
2444 2909 2553 2962 vita
2603 2909 2674 2965 de
2727 2912 2970 2979 peccatis
3015 2915 3134 2970 suis
3173 2925 3318 2984 agat.
3349 2918 3477 2974 Haec
3510 2928 3594 2974 est
3634 2921 3724 2975 illa

2144 3001 2476 3069 παραίτησις
2499 3041 2516 3068 ,
2554 3016 2717 3072 quam
2749 3003 2804 3056 in
2830 3005 3018 3059 codice
3045 3005 3308 3063 Ecclesiae
3329 3008 3731 3078 _Constantino-

466 3093 743 3145 triarchali
798 3105 1025 3145 munere
1063 3104 1278 3144 cumse
1310 3090 1518 3158 recepit
1546 3088 1601 3142 in
1634 3088 2036 3143 monasterium
2071 3099 2116 3162 ρ
2153 3093 2408 3162 politanas
2458 3092 2786 3162 descriptam
2853 3094 3029 3162 fuisse
3093 3099 3375 3155 memoriae
3432 3112 3483 3156 et
3533 3114 3727 3157 aucto-

467 3183 748 3239 Prodromi
778 3182 844 3237 ad
886 3179 1219 3236 Menteceum
1253 3187 1514 3243 montem,
1549 3179 1693 3234 unde
1726 3179 2044 3248 compulsus

465 3288 548 3332 cst
580 3280 632 3330 in
664 3275 852 3330 urbem
901 3275 1117 3337 redire,
1152 3280 1206 3327 et
1239 3284 1369 3327 tunc
1417 3273 1630 3342 aliquas
1665 3270 1932 3326 Homilias
1974 3275 2040 3327 ad

467 3371 728 3438 populum
776 3367 986 3421 habuit.
1032 3364 1170 3420 Hine
1215 3365 1561 3421 emendanda
1602 3378 1727 3434 qua:
1756 3371 1881 3417 ante
1909 3378 2043 3431 pau-

465 3476 561 3514 cos
628 3474 804 3514 annos
875 3458 1078 3528 prodiit
1140 3456 1374 3526 Philippi
1428 3455 1612 3526 Cyprii
1659 3454 2043 3508 Patriarehalis

465 3551 729 3618 Historia,
769 3552 865 3621 qui
913 3551 1100 3606 statim
1149 3549 1494 3619 patriarchas
1543 3547 2044 3616 Constantinopoli-

465 3654 625 3700 tanos
669 3645 737 3698 ad
781 3643 1234 3698 Pammacaristae
1283 3640 1567 3696 habitasse
1620 3639 1815 3695 scribit
1846 3649 2041 3693 contra

465 3737 858 3791 historicorum
913 3737 1161 3790 omnium
1208 3733 1392 3797 (idem,
1421 3743 1477 3786 ut
1503 3743 1558 3786 et
1586 3735 1757 3785 multa
1782 3731 1886 3784 alia
1923 3746 2042 3799 quae

465 3833 612 3903 hunc
644 3837 926 3883 auctorem
973 3829 1088 3882 sive
1134 3829 1318 3897 potius
1344 3826 1853 3880 consarcinatorem
1899 3839 2042 3893 saepe

464 3921 855 3976 ltallucinatum
885 3933 1004 3974 esse
1035 3918 1436 3972 demonstrant.

535 4013 674 4067 Cum
719 4029 784 4066 ex
833 4011 960 4082 fuga
1007 4011 1286 4074 rediissct,
1323 4009 1420 4064 sed
1451 4025 1560 4078 quo
1592 4022 1738 4061 anno
1772 4008 2038 4075 nescitur,

464 4105 659 4159 habuit
705 4102 1028 4158 Gennadius
1084 4101 1394 4156 orationem
1443 4101 1558 4154 sive
1606 4099 2036 4168 disputationem

464 4197 612 4251 illam
640 4196 906 4252 celebrem
928 4232 944 4258 ,
991 4207 1112 4263 qum
1148 4190 1356 4258 Graece,
1384 4191 1601 4256 Latine.
1634 4191 1744 4246 imo
1775 4199 1827 4245 et
1855 4187 2043 4245 Turci-

465 4306 549 4353 cc,
585 4291 680 4345 sed
700 4287 904 4344 Graecis
927 4287 1123 4342 litteris
1145 4285 1290 4340 edita
1316 4295 1494 4349 estnec
1505 4284 1558 4352 ρὶ
1585 4283 1687 4352 τῆς
1720 4283 1894 4351 μόνης
1919 4281 2040 4334 ὀδοῦ

466 4387 604 4451 πρὸς
627 4382 729 4450 τὴν
762 4379 1040 4450 σωτηρίαν
1093 4377 1421 4447 ἀνθρώπων.
1454 4375 1816 4431 Occasionem
1849 4381 2044 4428 narrat

2150 3182 2328 3238 ritatis
2380 3199 2547 3240 causa
2597 3186 2758 3242 docet
2819 3186 3068 3244 Historia
3124 3192 3522 3259 ecclesiastica,
3579 3196 3726 3264 apud

2150 3273 2403 3330 Crusium
2433 3277 2534 3344 (5).
3734 3295 3740 3302 ’

2222 3366 2339 3422 Mox
2396 3369 2600 3438 recepit
2652 3385 2713 3424 se
2759 3371 3070 3429 Gennadius
3116 3374 3170 3428 in
3220 3379 3611 3432 monasterium
3664 3378 3725 3432 S.

2148 3458 2376 3514 Joannis
2422 3458 2680 3528 Baptistae
2727 3463 2783 3516 in
2826 3472 3008 3520 monte
3052 3464 3333 3521 Menoeceo
3391 3485 3557 3538 prope
3596 3469 3730 3524 Ser-

2153 3565 2240 3604 ras
2276 3551 2356 3604 vt-l
2387 3551 2644 3616 Pherras,
2692 3563 2752 3608 ut
2797 3553 3060 3610 scribitur
3099 3557 3153 3608 in
3196 3557 3317 3612 cod.
3363 3557 3552 3628 Regio,
3601 3579 3725 3617 cum

2153 3653 2324 3696 annos
2356 3640 2596 3712 quinque
2621 3651 2675 3698 et
2707 3659 2918 3698 menses
2949 3643 3157 3714 aliquot
3179 3645 3438 3703 Ecclesiae
3459 3649 3730 3706 Constan-

2151 3731 2524 3801 tinopolitanae
2556 3733 2882 3803 praefuisset,
2912 3749 3076 3805 atque
3107 3738 3177 3793 ita
3207 3740 3329 3809 ejus
3357 3742 3630 3798 abdicatio
3661 3749 3728 3800 ad

2150 3835 2351 3876 annum
2394 3821 2531 3884 1459
2593 3823 2850 3886 refertur.
2885 3823 3112 3882 Videtur
3155 3837 3333 3884 tamen
3401 3831 3558 3887 aliter
3611 3845 3729 3888 sta-

2154 3913 2414 3970 tuendum
2440 3931 2454 3980 ;
2496 3931 2620 3970 nam
2649 3917 2842 3976 titulus
2875 3916 3152 3976 Orationis
3173 3936 3334 3992 quam
3366 3923 3554 3978 habuit
3583 3926 3732 3981 Grn-

2152 4006 2349 4062 nadius
2383 4007 2437 4062 in
2481 4007 2671 4065 funere
2705 4009 2975 4067 Theodori
3010 4010 3295 4082 Sophiani,
3337 4015 3422 4069 sui
3454 4031 3522 4071 ex
3559 4015 3728 4072 fratre

2153 4099 2385 4168 nepotis,
2425 4102 2584 4156 docet
2615 4105 3025 4170 pronuntiatam
3076 4103 3246 4162 fuisse
3277 4106 3347 4161 ‘28
3385 4105 3727 4178 Septembris

2151 4205 2298 4244 anno
2336 4189 2496 4255 6965',
2530 4194 2833 4248 secundum
2869 4195 3111 4260 Graecos,
3140 4196 3244 4252 hoc
3274 4204 3360 4252 est
3393 4213 3540 4254 anno
3563 4200 3726 4254 Chri-

2152 4281 2221 4336 sti
2262 4282 2396 4337 1457
2439 4298 2470 4336 a
2508 4281 2792 4342 Gennadio
2843 4286 3130 4342 monacho.
3175 4286 3245 4342 At
3290 4287 3450 4358 vulgo
3493 4305 3603 4344 non
3652 4293 3726 4346 ita

2151 4373 2455 4440 appellatur
2509 4375 2562 4428 in
2612 4374 2783 4430 titulis
2833 4389 3023 4430 eorum
3068 4379 3457 4446 opusculorum
3503 4397 3624 4450 qua:
3675 4384 3728 4436 in

469 4472 710 4528 Historia
754 4469 1222 4526 Graeco-Barbara
1251 4468 1362 4538 (2).
1393 4466 1472 4519 Eo
1528 4465 1780 4535 tempore,
1833 4466 2031 4535 inquit,
2067 4457 2112 4513 D
2143 4464 2515 4534 patriarcltatu
2567 4467 2804 4535 scripsit.
2855 4467 2987 4533 Quae
3009 4468 3321 4536 conjectura
3371 4472 3732 4525 conﬁrmatur

465 4563 604 4616 idem
634 4561 882 4616 sultcnus
907 4562 1122 4622 ipsemet
1163 4558 1381 4611 intravit
1415 4557 1856 4626 patriarcheium,
1887 4571 2040 4607 cum-

467 4667 566 4720 que
596 4651 652 4702 in
678 4647 868 4716 templo
905 4647 1346 4700 Pammacaristte
1409 4649 1662 4711 venisset,
1692 4647 1749 4698 in
1782 4645 2037 4699 sacellum

466 4744 737 4808 ingressus
773 4749 876 4801 est,
905 4738 993 4791 ubi
1027 4737 1182 4791 hodie
1224 4739 1520 4790 armarium
1558 4752 1731 4789 rerum
1766 4752 2046 4789 sacrarum

464 4845 568 4900 est,
593 4843 645 4887 et
700 4849 819 4886 cum
845 4832 1152 4900 patriarcha
1193 4827 1468 4885 Gennadio
1515 4830 1736 4885 libenter
1779 4845 2045 4884 sermones

469 4927 729 4980 contulit.
771 4923 917 4977 Tunc
959 4925 1102 4978 omni
1137 4934 1275 4978 metu
1311 4924 1504 4993 posito,
1532 4925 1831 4978 universam
1861 4923 1910 4977 ei
1943 4939 2045 4992 pa-

469 5019 710 5071 triarcha
736 5018 1006 5071 veritatem
1037 5017 1162 5084 ﬁdei
1193 5014 1512 5070 Christianae
1542 5017 1772 5084 aperuit,
1802 5017 2047 5085 scripsit-

466 5129 564 5182 que
605 5128 699 5180 pro
754 5126 970 5164 numero
1019 5110 1368 5180 quaestionum
1399 5112 1513 5177 ejus
1551 5111 1730 5175 capita
1762 5109 2044 5178 viginti....

467 5223 588 5278 qua:
622 5215 671 5260 et
731 5207 872 5260 dedit
897 5206 1134 5258 sultauo.
1172 5202 1555 5272 Subjiciuntur
1585 5213 1764 5256 autem
1799 5203 1910 5256 haec
1947 5217 2040 5256 ca-

468 5303 646 5371 pitula
693 5300 816 5354 loco
855 5300 1046 5363 citato,
1086 5313 1211 5353 cum
1276 5296 1514 5350 Turcica
1579 5296 2044 5364 interpretatimie

463 5392 751 5446 Aeuutatis
779 5391 894 5445 sive
929 5391 1210 5444 Achmetis
1257 5387 1535 5442 Berrhozae
1576 5387 1841 5456 praefecti.
1885 5389 1954 5440 At
1990 5387 2041 5440 in

463 5497 659 5539 nostro
697 5482 884 5537 codice
925 5497 1036 5536 non
1088 5496 1184 5551 per
1227 5481 1459 5552 quaesita
1506 5492 1560 5535 et
1617 5495 1887 5551 responsa
1923 5482 2041 5534 ltrcc

647 5683 911 5758 :rtll't'Ogl'.
951 5686 1086 5758 Litt.
1121 5701 1172 5753 p.
1211 5684 1333 5738 108.

536 5755 616 5824 (2t
648 5755 780 5808 ibltl.
831 5771 948 5824 pug.
1002 5756 1117 5810 109.

721 5856 989 5909 l’n‘utzL.
1026 5864 1035 5883 ‘
1077 5871 1138 5910 tt.
1176 5845 1354 5906 CLX.

2153 4554 2324 4608 altera
2361 4554 2498 4608 satis
2529 4555 2834 4610 verisimili.
2871 4555 3004 4610 Nam
3043 4557 3098 4616 in
3129 4561 3467 4615 monasterio
3497 4560 3728 4617 Joannis

2155 4648 2271 4702 sive
2301 4646 2606 4712 Prodromi,
2644 4647 2814 4702 multa
2837 4647 3156 4704 Gennadius
3181 4651 3457 4708 elaborate
3483 4653 3727 4722 scripsit.

2155 4754 2277 4808 qua:
2305 4739 2352 4793 si
2383 4737 2682 4794 secundum
2710 4739 2964 4796 Panvinii
2995 4750 3047 4795 et
3071 4740 3404 4796 Gcnebrardi
3429 4743 3730 4798 chronolo-

2157 4831 2323 4900 giatn,
2365 4829 2500 4886 obiit
2537 4845 2683 4896 anno
2723 4830 2883 4898 1460,
2929 4831 3092 4888 unius
3133 4832 3262 4886 anni
3304 4832 3595 4889 intervallo
3640 4836 3742 4891 vix.

2155 4923 2707 4991 potoratabsolvere.
2748 4922 2906 4980 Tales
2955 4934 3084 4980 sunt
3148 4934 3413 4982 tractatus
3483 4925 3558 4980 De
3615 4926 3730 4979 Ex-

2148 5016 2388 5080 sistentia
2409 5025 2456 5066 et
2479 5023 2671 5069 natura
2695 5016 3018 5080 animarum,
3045 5017 3108 5070 de
3130 5014 3467 5087 Purgatorio,
3488 5019 3552 5072 de
3580 5019 3731 5074 l’rte.

2149 5105 2522 5168 destinatione,
2553 5105 2618 5160 ad
2649 5103 2948 5173 losophum
2980 5105 3525 5164 Thessalonicensem
3563 5126 3577 5174 ;
3611 5119 3723 5165 tres

2151 5201 2238 5252 alii
2264 5201 2329 5254 de
2350 5199 2833 5265 Prazdcstinatiene
2856 5198 3168 5266 Sermones,
3195 5201 3447 5272 Epistula.-
3470 5201 3537 5255 ad
3559 5201 3733 5256 'l‘heo-

2151 5292 2346 5345 dorum
2394 5290 2666 5344 Brennum
2710 5292 2824 5352 sive
2856 5291 3196 5358 Briettnium,
3248 5302 3301 5348 et
3339 5295 3439 5347 alia
3485 5309 3583 5347 nec
3603 5308 3736 5360 pau-

2155 5399 2216 5437 ca
2252 5398 2350 5436 nec
2374 5389 2821 5450 extemporauca.
2845 5383 2998 5440 Unde
3020 5399 3142 5438 cum
3165 5401 3325 5439 nemo
3351 5387 3454 5438 huc
3475 5399 3641 5452 usque
3661 5397 3728 5436 ex

2153 5475 2320 5532 Certis
2341 5475 2542 5531 lira-ca:
2564 5474 2820 5532 Historiae
2840 5479 3210 5534 monumentis
3232 5493 3435 5536 annum
3458 5473 3727 5543 Gennadii

2228 5681 2300 5750 (5)
2337 5680 2468 5734 Ilii-.l.
2503 5696 2624 5750 pag.
2663 5680 2781 5734 120.
