4176 6278
493 325 613 390 267

1572 338 1955 400 GENNADII
2002 337 2112 402 CP.
2156 341 2681 406 PATRIARCHIE

3665 355 3778 417 9.68

499 459 812 513 supremum
855 447 1242 518 designaverit,
1276 449 1320 505 si
1365 449 1491 519 quis
1527 464 1651 506 cum
1685 452 1828 507 ultra
1878 468 2082 506 annum
2121 455 2157 509 Δ
2191 454 2333 520 quod
2402 453 2568 509 refert
2613 455 2927 510 Graecorum
2992 466 3240 513 actorum
3287 463 3520 531 scriptor
3557 482 3570 519 :
3610 469 3776 537 cujus

500 537 642 592 H60
668 539 833 592 vitam
868 541 1195 609 produxisse
1219 551 1446 609 statuat,
1476 560 1584 599 non
1609 545 1847 600 inaniter
1872 547 2083 600 videbi-

499 642 589 685 tur
643 633 961 702 conjectari.
1023 632 1155 688 Nam
1211 635 1267 689 in
1324 636 1494 708 Regio
1545 638 1668 693 cod.
1729 636 1962 692 iiomilia
2017 639 2086 693 de

498 724 732 778 transitu
777 723 838 778 Β.
872 723 1058 780 Mariae
1094 727 1324 796 virginis
1381 730 1588 800 scripta
1621 729 2086 800 Constantinopo-

499 815 532 867 li
569 816 769 868 dicitur
793 817 847 868 in
879 817 1214 873 monasterio
1266 821 1730 886 Pammacaristas,
1767 835 1891 875 cum
1922 822 2087 877 tertio

499 910 550 958 iu
589 909 779 960 urbem
815 908 998 964 redire
1033 919 1261 966 coactus
1302 911 1502 968 fuisset
1531 927 1679 969 anno
1701 915 1804 982 06',
1843 916 1944 971 hoc
1974 923 2085 979 est.

499 1008 560 1051 ut
602 1014 762 1054 nemo
800 1015 906 1053 non
960 1002 1236 1073 intelligit,
1281 1004 1442 1070 6972,
1490 1009 1794 1062 secundum
1839 1007 2086 1063 Grmram

473 1090 934 1160 -chronoiogiam.
984 1093 1073 1160 qui
1121 1109 1296 1149 annus
1353 1097 1652 1166 reSpondet
1694 1112 1840 1152 anno
1886 1098 2087 1154 Christi

500 1179 660 1240 H64.
749 1182 901 1246 cujus
969 1193 1151 1238 certus
1208 1188 1492 1242 character
1551 1197 1636 1244 est
1692 1191 1921 1245 indictio
1997 1191 2083 1257 12,

499 1288 659 1339 quam
734 1275 857 1327 huic
913 1289 1059 1328 anno
1136 1277 1457 1345 adjunclam
1523 1281 1689 1336 habet
1727 1279 1918 1336 Canun
1990 1299 2128 1341 an-.

499 1380 690 1417 norum
722 1381 1092 1436 expansorum
1147 1370 1214 1424 ab
1246 1370 1442 1426 Allatio
1488 1371 1690 1438 editus,
1725 1374 1778 1428 in
1810 1389 1975 1444 Opere
2018 1377 2092 1430 De

498 1461 774 1513 dominicis
807 1471 866 1515 et
917 1461 1327 1518 hebdomadibus
1382 1464 1687 1520 Graecorum
1737 1466 2094 1538 (l).Scri.psit

495 1553 662 1604 etiam
695 1555 1027 1622 opusculum
1053 1555 1198 1625 "api.
1220 1556 1323 1625 τῆς
1376 1557 1599 1628 πρώτης
1647 1557 1746 1611 τοῦ
1797 1559 1932 1613 Θεοῦ
1989 1561 2091 1615 λα-

502 1644 691 1712 τρείας
725 1685 764 1706 ,γ
794 1653 918 1714 post
969 1646 1279 1701 abdicatam
1331 1648 1654 1718 dignitatem
1709 1652 1763 1704 in
1809 1651 2092 1706 Menoeceo

502 1744 686 1787 tuente
726 1739 1132 1794 etmonasterio
1167 1739 1450 1793 Prodromi
1475 1755 1567 1794 an.
1591 1741 1778 1795 mundi
1806 1742 1968 1807 6966,
1991 1744 2086 1812 qui

500 1835 586 1880 est
630 1825 760 1882 Jesu
787 1827 993 1883 Christi
1048 1830 1205 1886 “58.
1240 1831 1426 1900 Itaque
1465 1830 1579 1901 jam
1617 1833 1684 1887 ab
1730 1849 1874 1889 anno
1918 1807 2083 1900 1438,
2119 1807 2158 1862 Β

501 1927 595 1973 aut
629 1918 788 1985 145³1,
830 1921 875 1974 si
909 1935 1036 1976 vera
1083 1930 1168 1976 est
1199 1921 1491 1992 inscriptio
1529 1922 1808 1980 Orationis
1838 1925 1892 1979 in
1928 1925 2086 1981 fune-

500 2025 560 2065 r-e
611 2010 902 2080 Sophiani,
952 2010 1267 2067 Gennadius
1319 2015 1622 2070 monachus
1658 2017 1996 2090 vocabatur,
2030 2026 2086 2072 et

495 2103 814 2172 patriarcha
846 2119 968 2160 esse
1020 2105 1288 2170 desierat,
1329 2122 1482 2174 cum,
1510 2109 1556 2164 si
1585 2109 1798 2164 Malaxo
1823 2119 1875 2163 et
1910 2110 2086 2166 liisto—

498 2195 595 2249 riae
637 2196 882 2251 barbarae
919 2195 1050 2252 fides
1085 2197 1338 2252 habenda
1376 2209 1479 2264 est,
1510 2215 1615 2255 non
1647 2211 1775 2255 ante
1808 2202 1945 2256 “59
1975 2205 2087 2273 pri-

499 2298 677 2342 vatam
718 2288 885 2342 vitam
916 2290 1202 2358 repetiisse
1253 2291 1527 2348 videatur.
1572 2291 1711 2346 Tum
1756 2295 1919 2348 etiam
1976 2310 2081 2347 non

499 2389 650 2434 recte
689 2381 874 2434 statim
902 2395 1026 2435 eum
1060 2381 1268 2436 obiissc
1307 2382 1582 2448 scribunt,
1631 2398 1756 2436 cum
1805 2399 1980 2438 annos
2019 2393 2084 2438 ut

501 2474 789 2526 minimum
838 2480 1078 2542 quatuor
1129 2474 1517 2545 supervixerit.
1567 2474 1744 2545 Atque
1790 2476 1905 2529 haec
1955 2483 2085 2531 sunt

499 2583 624 2638 qua!
656 2568 723 2622 de
757 2566 1023 2622 Gennadii
1061 2568 1172 2623 vita
1234 2576 1288 2623 et
1324 2569 1486 2623 rebus
1526 2570 1691 2638 gestis
1725 2570 1776 2624 in
1820 2577 1970 2623 tanta
2002 2570 2085 2624 hi-

495 2663 683 2717 SIoriaa
735 2661 1070 2728 reccntiorisj
1101 2660 1336 2730 caligine
1383 2661 1682 2716 observare
1719 2663 2015 2731 potuimus.

567 2751 732 2806 Multa
766 2751 989 2820 scripsit
1027 2750 1345 2806 Gennadius
1389 2760 1586 2821 praeter
1631 2769 1691 2807 ea
1749 2769 1868 2822 qum
1915 2753 2082 2808 variis

497 2843 632 2898 locis
684 2839 893 2896 dudum
936 2839 1079 2894 edita
1130 2848 1280 2895 sunt.
1325 2838 1458 2893 Nam
1509 2856 1854 2910 qmecunque
1900 2842 2078 2897 tribus

496 2934 612 2988 suis
631 2930 883 3003 Georgiis
905 2933 1021 2986 sive
1039 2931 1345 2986 Gennadiis
1373 2932 1604 2987 Allatius
1631 2933 1904 2997 attribuit,
1929 2933 2080 2990 hunc

495 3035 746 3082 nostrum
782 3033 1062 3079 auctorem
1096 3025 1331 3092 habent;
1373 3024 1466 3078 sed
1515 3025 1673 3094 plura
1701 3025 1868 3094 longe
1907 3025 1961 3078 in
1991 3025 2074 3080 bi-

2190 543 2398 598 idcirco
2435 544 2566 600 ﬁdes
2611 549 2870 602 vacillare
2920 563 3028 616 non
3083 550 3270 608 debet.
3312 553 3587 625 Sylvester
3625 561 3776 613 enim

2191 635 2489 706 Syropulus
2523 639 2600 710 (ἓ)
2625 639 2922 697 'Latinismi
2950 657 3067 697 .non
3103 655 3418 714 suspectus.
3450 646 3617 702 refert
3663 649 3783 704 for-

2193 727 2392 808 nudam
2425 731 2730 787 concordia:
2762 733 2909 788 circa
2940 736 3301 804 quaestionem
3327 738 3394 793 de
3414 743 3780 809 processione

2193 803 2430 886 Spiritus
2459 824 2662 889 sancti,
2700 839 2822 893 quae
2845 839 2875 879 a
2910 803 3144 898 Georgio
3176 803 3465 885 Scholario
3493 837 3782 904 composi-

2192 917 2268 971 ta,
2315 924 2499 966 coram
2542 914 2873 984 imperatore
2898 927 2952 972 ct
2975 917 3291 974 Graecorum
3318 925 3607 994 praecipuis
3640 929 3780 983 Ιειιιπ

2191 1001 2376 1058 fuerit.
2401 1005 2722 1062 Orationum
2758 1025 2879 1080 quin
2917 1027 3043 1066 cum
3073 1012 3264 1068 iisdem
3297 1016 3434 1071 actis
3477 1018 3778 1076 circumfe-

2191 1104 2406 1160 runtur,
2433 1098 2578 1152 nulla
2615 1101 2669 1156 in
2704 1104 2908 1157 nostris
2938 1104 3225 1161 codicibus
3253 1109 3517 1163 memoria
3541 1122 3644 1176 est,
3683 1129 3752 1166 ne

2193 1205 2298 1258 que
2345 1193 2560 1246 illarum
2611 1195 2862 1250 meminit
2906 1196 3183 1268 Sylvester
3227 1200 3555 1269 Syropulus,
3593 1213 3648 1258 et
3681 1222 3780 1259 eas

2192 1279 2428 1350 Georgio
2461 1279 2750 1342 Scholario
2780 1285 3070 1344 Mattheus
3093 1290 3499 1364 Caryolihyllus
3527 1296 3782 1364 abdjud'-

2191 1381 2302 1428 eat.
2331 1373 2449 1427 Etsi
2495 1377 2640 1430 enim
2669 1394 2778 1432 non
2810 1379 3166 1448 indiligentia:
3196 1384 3375 1438 solum
3405 1387 3642 1448 nomine,
3679 1390 3778 1441 sed

2193 1473 2459 1543 perpetuo
2516 1465 2782 1524 adversus
2836 1469 3064 1528 Latinos
3143 1475 3273 1528 odio
3328 1477 3780 1543 Sllspt’C§iSSilllllS

2195 1553 2498 1626 Syropulus
2523 1575 2644 1615 esse
2671 1561 2887 1626 debeat.
2920 1580 3082 1621 nemo
3118 1576 3299 1621 tamen
3329 1569 3532 1624 Grzecae
3587 1586 3780 1625 recen-

2193 1647 2350 1702 tioris
2405 1649 2645 1706 ltiSlOrize
2690 1653 2770 1708 vel
2814 1655 3167 1712 mediocriter
3209 1661 3440 1728 peritus,
3488 1660 3779 1730 cujusdam

2195 1738 2371 1792 critici
2395 1750 2784 1811 pra’postcrum
2802 1747 3069 1815 judicium
3098 1765 3208 1818 quo
3244 1746 3450 1806 homini
3477 1752 3635 1806 iidem
3656 1770 3780 1806 om-

2192 1845 2314 1884 nem
2345 1831 2640 1902 a’bjudicat,
2664 1837 3003 1904 sequendum
3023 1840 3379 1896 existimabit.
3418 1841 3522 1899 Sed
3575 1846 3780 1900 Allatio

2190 1925 2373 1992 potius
2436 1927 2644 1994 credet,
2684 1930 2775 1998 qui
2806 1929 3142 2002 Sylvestrum
3191 1937 3436 2005 agnoscit
3493 1948 3776 1993 auctet-ent

2190 2029 2356 2070 unum
2389 2032 2452 2070 ex
2489 2020 2713 2074 asseclis
2748 2023 3090 2090 patriarchae,
3123 2042 3230 2080 non
3263 2043 3386 2081 eum
3423 2036 3601 2085 tamen
3640 2047 3778 2098 qua-

2185 2105 2294 2159 lem
2325 2122 2354 2161 e
2387 2112 2616 2166 cerebro
2642 2129 2742 2168 suo
2773 2113 2979 2169 eﬂinxit
3009 2119 3332 2174 temerarius
3365 2122 3632 2190 interpres
3669 2125 3776 2193 l3),

2187 2195 2426 2268 linguam
2481 2210 2531 2256 et
2569 2214 2792 2259 mentem
2826 2209 3014 2276 synodi
3060 2208 3776 2278 'Grcecorum,doc‘tum,.ele-

2187 2298 2421 2358 gentem,
2464 2295 2698 2363 antiquis
2739 2294 2958 2353 Graecia:
2998 2301 3288 2357 luminibus
3318 2308 3773 2373 comparandum,

2190 2396 2313 2435 cum
2347 2389 2588 2453 pessime
2619 2388 2825 2443 scribat
2856 2400 2911 2446 et
2949 2393 3344 2460 semibarbare.
3380 2397 3449 2452 At
3480 2399 3568 2454 ille
3596 2398 3774 2454 Geor-

2188 2475 2334 2542 gium
2387 2475 2735 2532 Scholarium
2795 2481 2848 2536 in
2898 2486 3110 2555 synodo
3153 2503 3278 2542 cum
3314 2488 3498 2545 Marco
3533 2491 3775 2561 Ephesio

2188 2567 2442 2621 unionem
2473 2567 2826 2640 impugnasse
2852 2589 2962 2628 non
2994 2577 3179 2644 refert,
3203 2588 3369 2650 atque
3398 2583 3471 2636 ita
3506 2583 3769 2636 Actorum

2186 2655 2501 2714 Graecorum
2528 2661 2688 2716 fidem
2712 2678 2823 2719 non
2855 2666 3161 2740 impugnat,
3187 2685 3312 2725 cum
3336 2688 3402 2728 eo
3431 2683 3613 2728 tamen
3643 2673 3772 2728 Flo-

2186 2751 2358 2804 rentia
2392 2765 2451 2805 se
2473 2753 2825 2822 proripuisse
2852 2764 3087 2814 testatur
3109 2771 3327 2830 peracta
3365 2766 3596 2834 synodo.
3631 2766 3770 2818 Nul-

2182 2841 2269 2897 lus
2290 2843 2513 2899 interea
2549 2847 2789 2902 occurrit
2812 2848 2928 2905 sive
2957 2853 3100 2922 apud
3122 2853 3344 2912 Graecos
3374 2867 3629 2912 auctores
3651 2863 3716 2913 ed
3733 2888 3771 2897 --

2187 2944 2267 2989 tos
2305 2937 2419 2991 sive
2449 2943 2858 3013 manuscriptos
2891 2945 3054 3013 alter,
3080 2963 3244 3017 quem
3282 2950 3680 3022 Caryophyllus
3709 2963 3767 3005 et

2183 3028 2411 3083 Allatius
2458 3031 2768 3104 designant,
2798 3036 3062 3108 Georgius
3101 3039 3439 3109 Scholarius,
3479 3047 3574 3114 qui
3611 3046 3766 3103 Con-

497 3119 785 3174 ltliothecis
810 3117 1167 3181 delitescunt,
1206 3130 1440 3183 quorum
1479 3115 1721 3171 indicem
1757 3116 1847 3187 qui
1883 3117 2074 3172 leviter
2105 3134 2155 3200 ο
2184 3123 2538 3206 ειθιιιὶἰιυροιί
2585 3124 2925 3194 substiterit,
2971 3147 3093 3185 cum
3141 3131 3383 3190 Joannes
3421 3137 3764 3212 Palamlogns

497 3211 832 3283 inspexerit,
865 3209 1052 3264 mirari
1083 3207 1292 3263 desinet
1321 3207 1498 3262 virum
1547 3207 1922 3263 doetissimum
1979 3224 2077 3278 pa-

494 3321 612 3358 rum
642 3310 953 3359 accuratam
975 3300 1026 3354 in
1052 3299 1121 3353 iis
1151 3299 1502 3354 recensendis
1533 3298 1760 3353 ctiticen
1792 3299 2076 3355 exercuis-

491 3413 569 3451 se.
607 3395 706 3450 Vix
747 3395 893 3450 enim
945 3399 1196 3463 quartam
1238 3405 1428 3445 eorum
1482 3399 1692 3460 partem
1741 3389 1972 3454 viderat,
2019 3400 2075 3444 et

486 3490 813 3557 plerumque
848 3484 1045 3539 alienis
1093 3483 1291 3539 oculis.
1325 3481 1513 3550 Neque
1561 3489 1743 3536 tamen
1780 3482 1881 3537 etsi
1914 3483 2071 3552 plura

486 3594 539 3634 et
581 3581 817 3635 certiora
845 3577 1221 3647 designamus,
1246 3574 1430 3629 omnia
1456 3573 1725 3630 Gennadii
1761 3589 1927 3644 opera
1952 3575 2072 3630 exi-

485 3670 838 3725 stimabimus
855 3666 1210 3738 explicuisse.
1249 3666 1454 3736 Sparsa
1513 3667 1784 3737 siquidem
1823 3675 1878 3722 et
1908 3667 2074 3739 disje-

484 3771 569 3814 cta
595 3761 722 3815 hinc
743 3760 871 3814 imle
891 3758 1095 3814 scrinia
1122 3771 1152 3811 a
1179 3757 1450 3812 studiosis
1484 3764 1612 3828 post
1651 3757 1801 3812 illius
1831 3766 2064 3812 mortem

483 3856 711 3910 collecta
760 3858 908 3915 sunt,
959 3858 1122 3918 atque
1169 3848 1243 3901 ita
1287 3863 1392 3902 non
1444 3851 1643 3902 mirum
1691 3857 1776 3903 est
1819 3849 2067 3919 quaedam

482 3945 854 4000 intercidisse.
888 3939 1136 3993 Homilies
1181 3947 1306 3994 ante
1347 3939 1779 4009 patriarchatum
1828 3940 2066 4008 scriptae.

483 4020 957 4101 ConstantinOpoli
995 4038 1228 4099 repertae
1263 4039 1393 4084 sunt
1435 4037 1561 4100 post
1599 4039 1812 4100 captam
1848 4031 2064 4097 urbem,

484 4127 729 4197 quaedam
766 4122 1176 4178 Thessalonicae
1204 4132 1259 4176 et
1283 4120 1557 4190 Gallipoli,
1595 4123 1784 4177 utalia
1815 4123 2064 4191 ejusdem

483 4221 707 4286 scripta,
751 4230 870 4286 qua:
900 4215 1160 4284 deinceps
1199 4215 1657 4279 recensebuntur,
1700 4215 1837 4268 adeo
1872 4224 1934 4268 ut
1963 4216 2067 4269 mi-

485 4315 591 4364 rari
622 4324 782 4362 nemo
818 4306 940 4377 jure
993 4316 1156 4375 queat
1214 4305 1358 4375 quod
1411 4306 1672 4360 nonnulla
1712 4306 1976 4376 perierint
2010 4307 2062 4361 in

485 4408 632 4450 tanta
662 4397 971 4466 reipublieze
1005 4404 1060 4450 et
1097 4396 1355 4450 Ecclesiae
1386 4394 1590 4450 Graecae
1620 4397 1952 4452 calamitate.

2183 3223 2235 3266 et
2283 3213 2558 3285 Josephus
2601 3220 2934 3287 patriarcha,
2975 3223 3135 3278 simul
3187 3240 3312 3280 cum
3360 3227 3566 3286 Graecis
3613 3234 3764 3298 aliis,

2182 3304 2446 3362 Ferrarius
2470 3318 2525 3364 et
2549 3308 2840 3368 Florentia;
2872 3316 3061 3369 unioni
3081 3317 3392 3375 sancienda:
3417 3334 3640 3390 operam
3664 3327 3764 3380 da-

2183 3408 2326 3454 rent.

2250 3489 2434 3546 Marco
2486 3494 2724 3564 Ephesio
2776 3499 3032 3556 utebatur
3090 3502 3516 3564 familiarissime
3567 3522 3764 3567 noster

2179 3581 2445 3652 Georgius
2481 3603 2498 3652 ;
2535 3587 2672 3643 duos
2699 3599 2880 3645 autem
2919 3593 3166 3662 ejusdem
3201 3600 3440 3656 nominis
3465 3613 3520 3657 et
3553 3617 3764 3672 cogno-

2179 3676 2343 3731 minis
2369 3678 2562 3734 eodem
2586 3689 2852 3751 tempore,
2881 3699 3101 3741 summa
3127 3689 3412 3760 doctrinae,
3446 3699 3755 3763 praesertim

2179 3784 2307 3823 vero
2355 3771 2717 3851 philosophia:
2745 3774 3038 3834 Platonica:
3058 3793 3115 3836 et
3156 3781 3541 3851 Aristotelicze,
3598 3789 3762 3845 laud».

2177 3859 2446 3927 ﬂoruisse,
2481 3849 2672 3920 iisdem
2705 3869 2900 3924 amicis
2933 3886 3089 3939 usos,
3121 3888 3246 3929 cum
3283 3876 3428 3931 circa
3471 3880 3760 3950 religionis

2178 3957 2450 4023 negotium
2483 3959 2957 4016 vehementissime
2973 3963 3323 4036 dissiderent,
3343 3969 3395 4023 id
3416 3971 3633 4040 quidem
3659 3974 3757 4028 lie-

2177 4042 2222 4096 ri
2266 4045 2349 4098 vix
2382 4048 2624 4115 potuisse
2665 4066 2826 4106 nemo
2867 4068 2976 4109 non
3010 4056 3180 4114 videt.
3199 4057 3271 4113 At
3295 4074 3360 4115 ex
3388 4063 3550 4118 meris
3569 4067 3758 4135 conje—

2175 4135 2348 4189 cturis
2375 4137 2446 4189 ita
2481 4147 2747 4205 statuere,
2778 4150 2838 4196 ut
2873 4142 3278 4219 Caryophyllus
3304 4160 3359 4205 et
3384 4151 3618 4208 Allatius
3669 4155 3756 4211 fe-

2174 4237 2386 4292 cerunt.
2420 4231 2538 4285 sine
2570 4233 2694 4289 ullis
2717 4245 3003 4291 auctorum
3044 4241 3400 4306 testimoniis,
3437 4246 3667 4301 confusa
3702 4258 3757 4300 et

2175 4321 2399 4392 insuper
2486 4324 2672 4381 habita
2750 4339 3056 4400 temporum
3152 4334 3385 4401 ratione,
3453 4337 3754 4394 absurdum

2174 4427 2400 4482 prorsus
2463 4425 2547 4472 est
2608 4427 2662 4473 et
2709 4423 3060 4479 excusatione
3130 4436 3302 4480 caret.
3350 4427 3536 4498 Neque
3581 4431 3752 4491 enim,

555 4493 626 4542 liv
667 4490 732 4543 iis
771 4503 892 4558 quae
925 4503 1086 4558 supra
1132 4487 1379 4558 exposita
1410 4497 1556 4551 sunt,
1587 4488 1941 4545 manifestum
1977 4499 2061 4546 est
2090 4492 2141 4553 D
2171 4513 2227 4559 υι
2280 4509 2351 4560 ita
2419 4511 2562 4578 apud
2647 4527 2703 4565 se
2774 4513 3058 4582 haberem,
3134 4487 3461 4590 ρκιοι-ίεηυέ
3520 4523 3754 4578 suadere

479 4583 768 4648 Georgium
795 4580 1136 4636 Scholarium
1162 4579 1464 4649 Philelpho,
1488 4578 1813 4649 Lipomano,
1838 4583 2067 4638 Ambrov

482 4678 566 4726 sio
605 4672 1009 4726 Camaldulensi
1056 4670 1264 4726 Latinis
1314 4671 1631 4726 hominibus
1678 4675 2070 4745 conjunctissi-

481 4782 649 4826 tnutn,
683 4764 891 4818 Graecis
918 4778 1047 4817 vero
1083 4761 1241 4815 Luca:
1262 4759 1503 4826 Notarae,
1531 4761 1823 4819 Theodoro
1858 4768 2065 4835 Despo-

482 4869 569 4918 ιω,
625 4866 677 4909 et
726 4857 870 4917 aliis,
913 4855 1160 4908 eumdem
1221 4854 1424 4923 judicis
1473 4855 1716 4924 primarii
1759 4874 1960 4914 munus
2009 4863 2059 4914 in

482 4948 605 5000 aula
637 4946 863 5000 Joannis
891 4945 1176 5011 Palaeologi
1225 4945 1578 5011 sustinuisse,
1624 4944 1957 5003 Florentiam
2007 4953 2057 5005 in

476 5037 719 5100 ejusdem
747 5037 1090 5103 imperatoris
1117 5036 1383 5090 comitatu
1412 5035 1628 5091 venisse
1657 5037 1840 5092 animo
1884 5056 2066 5110 prum—

481 5140 572 5195 pto
603 5136 655 5179 et
701 5127 869 5178 alacri
915 5128 980 5180 ad
1031 5128 1433 5195 procurandam
1469 5128 1755 5198 utriusque
1801 5129 2061 5187 Ecclesizr

478 5219 856 5281 concordiam,
902 5219 974 5271 ita
1016 5228 1199 5272 tamen
1246 5227 1305 5272 ut
1335 5220 1404 5273 ab
1451 5220 1834 5291 episcoporum
1869 5233 1925 5278 et
1966 5241 2063 5294 pa-

473 5314 731 5365 triarchae
759 5317 892 5362 nutu
926 5309 1206 5378 pt‘ndcl‘cl,
1245 5326 1367 5365 cum
1414 5311 1590 5366 laicus
1623 5314 1766 5366 inter
1799 5330 1895 5369 eos
1927 5332 2054 5371 sen-

472 5403 698 5455 tentiam
725 5401 908 5454 dicere
940 5415 1044 5452 nen
1077 5409 1283 5468 posset.
1317 5401 1394 5454 Eo
1417 5400 1674 5457 fortassis
1698 5406 1881 5461 animo
1911 5410 2052 5478 apud

470 5495 860 5563 imperatorem
896 5494 1154 5562 exposuit
1195 5491 1326 5562 quid
1359 5493 1460 5548 sibi
1496 5497 1639 5549 factu
1674 5499 1938 5566 optimum
1972 5503 2050 5554 vi-

468 5588 710 5650 deretur,
741 5597 795 5640 ct
818 5587 1108 5640 consilium
1136 5585 1203 5639 de
1233 5585 1616 5654 amplectenda
1649 5589 1849 5644 unione
1875 5591 2047 5658 dedit,

538 5700 615 5769 (l)
641 5699 718 5754 De
759 5717 1035 5768 consensu,
1063 5718 1114 5771 p.
1143 5701 1298 5756 1522.

537 5772 614 5838 t2;
645 5772 783 5826 llist.
831 5778 1045 5827 C‘llt‘lllt
1081 5773 1225 5827 Flor.
1267 5790 1321 5844 p.
1377 5773 1505 5827 243.

2173 4610 2528 4664 conarentur,
2569 4599 2672 4654 alia
2707 4616 2873 4658 causa
2907 4606 3031 4666 fuit,
3065 4622 3228 4675 quam
3274 4610 3419 4676 quod
3453 4609 3748 4682 Georgium

2172 4686 2541 4755 Scholarium,
2575 4693 2667 4760 qui
2704 4693 3026 4749 Florentino
3057 4697 3290 4752 concilio
3322 4715 3446 4754 cum
3484 4717 3751 4770 purpura-

2168 4778 2238 4831 tis
2263 4780 2400 4833 aulze
2432 4779 3056 4853 Constantinopolitanze
3085 4789 3364 4852 interfuit,
3398 4807 3463 4845 es
3538 4807 3751 4846 Suaso—

2169 4869 2246 4922 ria
2281 4872 2526 4927 oratione
2556 4889 2662 4942 qua
2688 4874 2952 4932 Joannem
2982 4879 3345 4953 Palautlogttm
3382 4884 3634 4938 hortatus
3666 4898 3751 4937 est

2165 4962 2232 5013 ad
2289 4963 2898 5038 uuionem,Catholigis
2955 4969 3328 5040 adjunxerint,
3363 4990 3522 5041 quem
3590 4973 3749 5029 de."-

2165 5067 2292 5120 ceps
2325 5053 2856 5127 Constantinopolim
2909 5077 3188 5117 reversum
3252 5081 3359 5120 non
3415 5078 3747 5134 agnoscnnt.

2165 5141 2319 5197 Tunc
2353 5147 2498 5198 enim
2535 5151 2810 5200 centraria
2844 5165 3070 5218 prorsus
3095 5155 3335 5210 sensisse
3366 5156 3541 5218 illum,
3580 5159 3748 5212 certis

2163 5238 2502 5302 argumentis
2536 5253 2599 5290 ex
2628 5239 2856 5293 historia
2893 5241 3112 5300 illorum
3155 5253 3464 5314 temporum
3501 5259 3745 5312 constat,

2164 5327 2401 5382 maxime
2434 5345 2562 5383 vero
2589 5333 2810 5401 scriptis
2843 5336 2894 5387 iu
2925 5334 3150 5391 Latinos
3182 5339 3587 5403 acerbissimis,
3618 5355 3743 5408 quae

2163 5428 2271 5472 tam
2294 5420 2596 5488 singulares
2630 5421 2846 5494 Georgii
2877 5427 3143 5482 Scholarii
3169 5432 3411 5486 auctoris
3447 5440 3604 5488 notas
3635 5449 3745 5501 prae

2161 5528 2218 5566 se
2243 5513 2447 5577 ferunt,
2485 5525 2542 5568 ut
2567 5516 2859 5587 benignam
2882 5520 3085 5574 nullam
3113 5520 3617 5592 interpretationem
3648 5537 3746 5582 aut

2161 5601 2311 5656 falsa:
2346 5604 2722 5674 inscriptionis
2779 5611 3202 5666 accusationem
3260 5615 3576 5668 admittant.
3628 5615 3742 5673 Hoc

2929 5687 2938 5706 ῐ

2154 5797 2172 5842 ι
2234 5720 2310 5799 (⁸5)
2346 5719 2462 5773 Rob
2506 5722 2885 5792 Creygthonus
2998 5726 3213 5784 Prmfat.
3245 5731 3310 5782 ad
3337 5729 3736 5800 SyropuliHis-

2179 5805 2370 5842 Ol'uttll.

2179 5805 2370 5843 Ol'lﬂlll.
