  <div class='ocr_page' id='page_1' title='image "/cluster/home/n/w/nwhite01/storage/ocr_20150623/160/mdp.39015078384693/142.png"; bbox 0 0 4176 6278; ppageno 0'>
   <div class='ocr_carea' id='block_1_1' title="bbox 430 339 549 405">
    <p class='ocr_par' dir='ltr' id='par_1_1' title="bbox 430 339 549 405">
     <span class='ocr_line' id='line_1_1' title="bbox 430 339 549 405; baseline 0.017 -2"><span class='ocrx_word' id='word_1_1' title='bbox 430 339 549 405; x_wconf 67' lang='grc' dir='ltr'>ἓθθ</span> 
     </span>
    </p>
   </div>
   <div class='ocr_carea' id='block_1_2' title="bbox 1997 334 3694 404">
    <p class='ocr_par' dir='ltr' id='par_1_2' title="bbox 1997 334 3694 404">
     <span class='ocr_line' id='line_1_2' title="bbox 1997 334 3694 404; baseline 0.005 -9"><span class='ocrx_word' id='word_1_2' title='bbox 1997 334 2199 396; x_wconf 80' lang='lat' dir='ltr'><strong>VlTA.</strong></span> <span class='ocrx_word' id='word_1_3' title='bbox 3590 344 3694 404; x_wconf 68' lang='grc' dir='ltr'>Ξῖο</span> 
     </span>
    </p>
   </div>
   <div class='ocr_carea' id='block_1_3' title="bbox 432 450 3695 529">
    <p class='ocr_par' dir='ltr' id='par_1_3' title="bbox 432 450 3695 529">
     <span class='ocr_line' id='line_1_3' title="bbox 432 450 3695 529; baseline 0.001 -18"><span class='ocrx_word' id='word_1_4' title='bbox 432 468 621 512; x_wconf 84' lang='lat' dir='ltr'><strong>autent</strong></span> <span class='ocrx_word' id='word_1_5' title='bbox 654 456 773 510; x_wconf 89' lang='lat' dir='ltr'><strong>solo</strong></span> <span class='ocrx_word' id='word_1_6' title='bbox 804 461 1127 529; x_wconf 87' lang='lat' dir='ltr'><strong>argumento</strong></span> <span class='ocrx_word' id='word_1_7' title='bbox 1162 462 1268 507; x_wconf 89' lang='lat' dir='ltr'><strong>tota</strong></span> <span class='ocrx_word' id='word_1_8' title='bbox 1322 450 1718 505; x_wconf 86' lang='lat' dir='ltr'><strong>Allatianarum</strong></span> <span class='ocrx_word' id='word_1_9' title='bbox 1765 451 2011 519; x_wconf 87' lang='lat' dir='ltr'><strong>dispula-</strong></span> <span class='ocrx_word' id='word_1_10' title='bbox 2043 455 2094 513; x_wconf 73' lang='grc' dir='ltr'><strong>Α</strong></span> <span class='ocrx_word' id='word_1_11' title='bbox 2122 450 2342 503; x_wconf 71' lang='lat' dir='ltr'><strong>tristitia</strong></span> <span class='ocrx_word' id='word_1_12' title='bbox 2370 451 2555 519; x_wconf 80' lang='lat' dir='ltr'><strong>repleti</strong></span> <span class='ocrx_word' id='word_1_13' title='bbox 2583 469 2789 517; x_wconf 86' lang='lat' dir='ltr'><strong>sumus,</strong></span> <span class='ocrx_word' id='word_1_14' title='bbox 2817 471 2932 507; x_wconf 82' lang='lat' dir='ltr'><strong>eum</strong></span> <span class='ocrx_word' id='word_1_15' title='bbox 2963 460 3029 509; x_wconf 85' lang='lat' dir='ltr'><strong>ad</strong></span> <span class='ocrx_word' id='word_1_16' title='bbox 3068 475 3225 511; x_wconf 80' lang='lat' dir='ltr'><strong>aures</strong></span> <span class='ocrx_word' id='word_1_17' title='bbox 3276 468 3488 512; x_wconf 79' lang='lat' dir='ltr'><strong>nostras</strong></span> <span class='ocrx_word' id='word_1_18' title='bbox 3515 477 3695 527; x_wconf 70' lang='grc' dir='ltr'><strong>ρει-τεο</strong></span> 
     </span>
    </p>
   </div>
   <div class='ocr_carea' id='block_1_4' title="bbox 434 536 2018 611">
    <p class='ocr_par' dir='ltr' id='par_1_4' title="bbox 434 536 2018 611">
     <span class='ocr_line' id='line_1_4' title="bbox 434 536 2018 611; baseline -0.006 -7"><span class='ocrx_word' id='word_1_19' title='bbox 434 551 653 604; x_wconf 86' lang='lat' dir='ltr'><strong>tionnm</strong></span> <span class='ocrx_word' id='word_1_20' title='bbox 686 557 866 601; x_wconf 79' lang='lat' dir='ltr'><strong>strues</strong></span> <span class='ocrx_word' id='word_1_21' title='bbox 894 536 1101 608; x_wconf 81' lang='lat' dir='ltr'><strong>nititur,</strong></span> <span class='ocrx_word' id='word_1_22' title='bbox 1128 553 1237 598; x_wconf 89' lang='lat' dir='ltr'><strong>tam</strong></span> <span class='ocrx_word' id='word_1_23' title='bbox 1260 544 1313 597; x_wconf 90' lang='lat' dir='ltr'><strong>in</strong></span> <span class='ocrx_word' id='word_1_24' title='bbox 1338 557 1500 611; x_wconf 88' lang='lat' dir='ltr'><strong>opere</strong></span> <span class='ocrx_word' id='word_1_25' title='bbox 1527 542 1600 595; x_wconf 87' lang='lat' dir='ltr'><strong>De</strong></span> <span class='ocrx_word' id='word_1_26' title='bbox 1626 554 1871 611; x_wconf 83' lang='lat' dir='ltr'><strong>perpetuo</strong></span> <span class='ocrx_word' id='word_1_27' title='bbox 1897 558 2018 596; x_wconf 83' lang='lat' dir='ltr'><strong>con-</strong></span> 
     </span>
    </p>
   </div>
   <div class='ocr_carea' id='block_1_5' title="bbox 433 634 2017 708">
    <p class='ocr_par' dir='ltr' id='par_1_5' title="bbox 433 634 2017 708">
     <span class='ocr_line' id='line_1_5' title="bbox 433 634 2017 708; baseline -0.007 -12"><span class='ocrx_word' id='word_1_28' title='bbox 433 657 625 705; x_wconf 80' lang='lat' dir='ltr'><strong>sensu,</strong></span> <span class='ocrx_word' id='word_1_29' title='bbox 668 654 831 708; x_wconf 89' lang='lat' dir='ltr'><strong>quam</strong></span> <span class='ocrx_word' id='word_1_30' title='bbox 870 640 924 692; x_wconf 90' lang='lat' dir='ltr'><strong>in</strong></span> <span class='ocrx_word' id='word_1_31' title='bbox 951 638 1193 690; x_wconf 83' lang='lat' dir='ltr'><strong>Diatriba</strong></span> <span class='ocrx_word' id='word_1_32' title='bbox 1224 636 1289 689; x_wconf 87' lang='lat' dir='ltr'><strong>de</strong></span> <span class='ocrx_word' id='word_1_33' title='bbox 1335 634 1595 704; x_wconf 86' lang='lat' dir='ltr'><strong>Georgiis,</strong></span> <span class='ocrx_word' id='word_1_34' title='bbox 1624 645 1678 688; x_wconf 90' lang='lat' dir='ltr'><strong>et</strong></span> <span class='ocrx_word' id='word_1_35' title='bbox 1709 636 1760 688; x_wconf 88' lang='lat' dir='ltr'><strong>in</strong></span> <span class='ocrx_word' id='word_1_36' title='bbox 1795 634 2017 688; x_wconf 71' lang='lat' dir='ltr'><strong>Exerci-</strong></span> 
     </span>
    </p>
   </div>
   <div class='ocr_carea' id='block_1_6' title="bbox 434 725 2019 797">
    <p class='ocr_par' dir='ltr' id='par_1_6' title="bbox 434 725 2019 797">
     <span class='ocr_line' id='line_1_6' title="bbox 434 725 2019 797; baseline -0.006 -8"><span class='ocrx_word' id='word_1_37' title='bbox 434 734 732 789; x_wconf 78' lang='lat' dir='ltr'><strong>tationibus</strong></span> <span class='ocrx_word' id='word_1_38' title='bbox 773 732 1022 784; x_wconf 81' lang='lat' dir='ltr'><strong>adversus</strong></span> <span class='ocrx_word' id='word_1_39' title='bbox 1070 728 1350 781; x_wconf 83' lang='lat' dir='ltr'><strong>Robertum</strong></span> <span class='ocrx_word' id='word_1_40' title='bbox 1407 725 1815 797; x_wconf 81' lang='lat' dir='ltr'><strong>Creyghtonum.</strong></span> <span class='ocrx_word' id='word_1_41' title='bbox 1864 726 2019 791; x_wconf 80' lang='lat' dir='ltr'><strong>Quod</strong></span> 
     </span>
    </p>
   </div>
   <div class='ocr_carea' id='block_1_7' title="bbox 433 817 2017 895">
    <p class='ocr_par' dir='ltr' id='par_1_7' title="bbox 433 817 2017 895">
     <span class='ocr_line' id='line_1_7' title="bbox 433 817 2017 895; baseline -0.007 -14"><span class='ocrx_word' id='word_1_42' title='bbox 433 833 830 895; x_wconf 74' lang='lat' dir='ltr'><strong>argumentum</strong></span> <span class='ocrx_word' id='word_1_43' title='bbox 857 825 1002 891; x_wconf 90' lang='lat' dir='ltr'><strong>cogit</strong></span> <span class='ocrx_word' id='word_1_44' title='bbox 1033 834 1137 874; x_wconf 85' lang='lat' dir='ltr'><strong>nos</strong></span> <span class='ocrx_word' id='word_1_45' title='bbox 1169 831 1226 874; x_wconf 90' lang='lat' dir='ltr'><strong>ut</strong></span> <span class='ocrx_word' id='word_1_46' title='bbox 1258 820 1322 874; x_wconf 90' lang='lat' dir='ltr'><strong>de</strong></span> <span class='ocrx_word' id='word_1_47' title='bbox 1350 820 1456 875; x_wconf 82' lang='lat' dir='ltr'><strong>llde</strong></span> <span class='ocrx_word' id='word_1_48' title='bbox 1484 818 1706 888; x_wconf 75' lang='lat' dir='ltr'><strong>Georgii</strong></span> <span class='ocrx_word' id='word_1_49' title='bbox 1739 817 2017 871; x_wconf 86' lang='lat' dir='ltr'><strong>Scholarii</strong></span> 
     </span>
    </p>
   </div>
   <div class='ocr_carea' id='block_1_8' title="bbox 434 910 2016 982">
    <p class='ocr_par' dir='ltr' id='par_1_8' title="bbox 434 910 2016 982">
     <span class='ocr_line' id='line_1_8' title="bbox 434 910 2016 982; baseline -0.006 -12"><span class='ocrx_word' id='word_1_50' title='bbox 434 918 555 971; x_wconf 73' lang='lat' dir='ltr'><strong>sive</strong></span> <span class='ocrx_word' id='word_1_51' title='bbox 597 912 870 968; x_wconf 86' lang='lat' dir='ltr'><strong>Gennadii</strong></span> <span class='ocrx_word' id='word_1_52' title='bbox 917 912 1278 982; x_wconf 59' lang='lat' dir='ltr'><strong>quastionem</strong></span> <span class='ocrx_word' id='word_1_53' title='bbox 1321 910 1701 974; x_wconf 83' lang='lat' dir='ltr'><strong>instituamus,</strong></span> <span class='ocrx_word' id='word_1_54' title='bbox 1754 916 2016 977; x_wconf 85' lang='lat' dir='ltr'><strong>tanquam</strong></span> 
     </span>
    </p>
   </div>
   <div class='ocr_carea' id='block_1_9' title="bbox 436 1000 1523 1070">
    <p class='ocr_par' dir='ltr' id='par_1_9' title="bbox 436 1000 1523 1070">
     <span class='ocr_line' id='line_1_9' title="bbox 436 1000 1523 1070; baseline -0.001 -13"><span class='ocrx_word' id='word_1_55' title='bbox 436 1004 715 1059; x_wconf 68' lang='lat' dir='ltr'><strong>instituta:</strong></span> <span class='ocrx_word' id='word_1_56' title='bbox 742 1000 1104 1070; x_wconf 89' lang='lat' dir='ltr'><strong>disputationi</strong></span> <span class='ocrx_word' id='word_1_57' title='bbox 1131 1001 1523 1056; x_wconf 85' lang='lat' dir='ltr'><strong>necessariam.</strong></span> 
     </span>
    </p>
   </div>
   <div class='ocr_carea' id='block_1_10' title="bbox 510 1088 2011 1156">
    <p class='ocr_par' dir='ltr' id='par_1_10' title="bbox 510 1088 2011 1156">
     <span class='ocr_line' id='line_1_10' title="bbox 510 1088 2011 1156; baseline -0.002 -10"><span class='ocrx_word' id='word_1_58' title='bbox 510 1093 709 1147; x_wconf 90' lang='lat' dir='ltr'><strong>Statim</strong></span> <span class='ocrx_word' id='word_1_59' title='bbox 749 1107 881 1145; x_wconf 83' lang='lat' dir='ltr'><strong>vero</strong></span> <span class='ocrx_word' id='word_1_60' title='bbox 937 1090 1220 1145; x_wconf 84' lang='lat' dir='ltr'><strong>latendum</strong></span> <span class='ocrx_word' id='word_1_61' title='bbox 1273 1101 1358 1144; x_wconf 90' lang='lat' dir='ltr'><strong>est</strong></span> <span class='ocrx_word' id='word_1_62' title='bbox 1396 1104 1503 1143; x_wconf 93' lang='lat' dir='ltr'><strong>non</strong></span> <span class='ocrx_word' id='word_1_63' title='bbox 1550 1088 1710 1156; x_wconf 80' lang='lat' dir='ltr'><strong>plane</strong></span> <span class='ocrx_word' id='word_1_64' title='bbox 1749 1096 2011 1143; x_wconf 82' lang='lat' dir='ltr'><strong>constare</strong></span> 
     </span>
    </p>
   </div>
   <div class='ocr_carea' id='block_1_11' title="bbox 432 1181 2013 1256">
    <p class='ocr_par' dir='ltr' id='par_1_11' title="bbox 432 1181 2013 1256">
     <span class='ocr_line' id='line_1_11' title="bbox 432 1181 2013 1256; baseline -0.001 -19"><span class='ocrx_word' id='word_1_65' title='bbox 432 1202 558 1256; x_wconf 62' lang='lat' dir='ltr'><strong>qttaa</strong></span> <span class='ocrx_word' id='word_1_66' title='bbox 594 1185 890 1239; x_wconf 58' lang='lat' dir='ltr'><strong>Florentiae</strong></span> <span class='ocrx_word' id='word_1_67' title='bbox 947 1185 1092 1238; x_wconf 88' lang='lat' dir='ltr'><strong>circa</strong></span> <span class='ocrx_word' id='word_1_68' title='bbox 1144 1183 1403 1237; x_wconf 89' lang='lat' dir='ltr'><strong>unionem</strong></span> <span class='ocrx_word' id='word_1_69' title='bbox 1461 1182 1683 1251; x_wconf 81' lang='lat' dir='ltr'><strong>Georgii</strong></span> <span class='ocrx_word' id='word_1_70' title='bbox 1740 1181 2013 1235; x_wconf 87' lang='lat' dir='ltr'><strong>Scholarii</strong></span> 
     </span>
    </p>
   </div>
   <div class='ocr_carea' id='block_1_12' title="bbox 433 1274 2013 1346">
    <p class='ocr_par' dir='ltr' id='par_1_12' title="bbox 433 1274 2013 1346">
     <span class='ocr_line' id='line_1_12' title="bbox 433 1274 2013 1346; baseline -0.003 -13"><span class='ocrx_word' id='word_1_71' title='bbox 433 1278 715 1333; x_wconf 87' lang='lat' dir='ltr'><strong>sententia</strong></span> <span class='ocrx_word' id='word_1_72' title='bbox 760 1277 927 1331; x_wconf 79' lang='lat' dir='ltr'><strong>fuerit</strong></span> <span class='ocrx_word' id='word_1_73' title='bbox 958 1287 1324 1346; x_wconf 61' lang='lat' dir='ltr'><strong>prieterquam</strong></span> <span class='ocrx_word' id='word_1_74' title='bbox 1361 1290 1426 1329; x_wconf 87' lang='lat' dir='ltr'><strong>ex</strong></span> <span class='ocrx_word' id='word_1_75' title='bbox 1474 1274 1660 1330; x_wconf 86' lang='lat' dir='ltr'><strong>citatis</strong></span> <span class='ocrx_word' id='word_1_76' title='bbox 1683 1276 1856 1342; x_wconf 82' lang='lat' dir='ltr'><strong>Actis,</strong></span> <span class='ocrx_word' id='word_1_77' title='bbox 1904 1282 2013 1329; x_wconf 88' lang='lat' dir='ltr'><strong>act.</strong></span> 
     </span>
    </p>
   </div>
   <div class='ocr_carea' id='block_1_13' title="bbox 430 1366 2012 1435">
    <p class='ocr_par' dir='ltr' id='par_1_13' title="bbox 430 1366 2012 1435">
     <span class='ocr_line' id='line_1_13' title="bbox 430 1366 2012 1435; baseline -0.001 -13"><span class='ocrx_word' id='word_1_78' title='bbox 430 1369 529 1433; x_wconf 76' lang='lat'><strong>25,</strong></span> <span class='ocrx_word' id='word_1_79' title='bbox 560 1384 683 1434; x_wconf 62' lang='lat' dir='ltr'><strong>quae</strong></span> <span class='ocrx_word' id='word_1_80' title='bbox 724 1383 831 1422; x_wconf 89' lang='lat' dir='ltr'><strong>non</strong></span> <span class='ocrx_word' id='word_1_81' title='bbox 865 1368 1190 1435; x_wconf 88' lang='lat' dir='ltr'><strong>quibusdam</strong></span> <span class='ocrx_word' id='word_1_82' title='bbox 1242 1366 1408 1435; x_wconf 84' lang='lat' dir='ltr'><strong>regiis</strong></span> <span class='ocrx_word' id='word_1_83' title='bbox 1462 1366 1625 1420; x_wconf 91' lang='lat' dir='ltr'><strong>codd.</strong></span> <span class='ocrx_word' id='word_1_84' title='bbox 1667 1369 1872 1427; x_wconf 88' lang='lat' dir='ltr'><strong>solum,</strong></span> <span class='ocrx_word' id='word_1_85' title='bbox 1916 1367 2012 1420; x_wconf 90' lang='lat' dir='ltr'><strong>sed</strong></span> 
     </span>
    </p>
   </div>
   <div class='ocr_carea' id='block_1_14' title="bbox 435 1458 2014 1527">
    <p class='ocr_par' dir='ltr' id='par_1_14' title="bbox 435 1458 2014 1527">
     <span class='ocr_line' id='line_1_14' title="bbox 435 1458 2014 1527; baseline -0.002 -13"><span class='ocrx_word' id='word_1_86' title='bbox 435 1462 597 1517; x_wconf 86' lang='lat' dir='ltr'><strong>libris</strong></span> <span class='ocrx_word' id='word_1_87' title='bbox 622 1461 856 1515; x_wconf 82' lang='lat' dir='ltr'><strong>vetustis</strong></span> <span class='ocrx_word' id='word_1_88' title='bbox 881 1459 1239 1514; x_wconf 87' lang='lat' dir='ltr'><strong>consentiunt</strong></span> <span class='ocrx_word' id='word_1_89' title='bbox 1273 1468 1562 1527; x_wconf 86' lang='lat' dir='ltr'><strong>antequam</strong></span> <span class='ocrx_word' id='word_1_90' title='bbox 1606 1458 1796 1512; x_wconf 78' lang='lat' dir='ltr'><strong>Graeca</strong></span> <span class='ocrx_word' id='word_1_91' title='bbox 1827 1458 2014 1512; x_wconf 76' lang='lat' dir='ltr'><strong>Romae</strong></span> 
     </span>
    </p>
   </div>
   <div class='ocr_carea' id='block_1_15' title="bbox 432 1550 2013 1622">
    <p class='ocr_par' dir='ltr' id='par_1_15' title="bbox 432 1550 2013 1622">
     <span class='ocr_line' id='line_1_15' title="bbox 432 1550 2013 1622; baseline 0.001 -18"><span class='ocrx_word' id='word_1_92' title='bbox 432 1553 743 1622; x_wconf 86' lang='lat' dir='ltr'><strong>prodirent,</strong></span> <span class='ocrx_word' id='word_1_93' title='bbox 790 1561 956 1621; x_wconf 86' lang='lat' dir='ltr'><strong>atque</strong></span> <span class='ocrx_word' id='word_1_94' title='bbox 981 1551 1117 1604; x_wconf 81' lang='lat' dir='ltr'><strong>adeo</strong></span> <span class='ocrx_word' id='word_1_95' title='bbox 1154 1550 1410 1605; x_wconf 71' lang='lat' dir='ltr'><strong>falsitatis</strong></span> <span class='ocrx_word' id='word_1_96' title='bbox 1445 1558 1541 1603; x_wconf 88' lang='lat' dir='ltr'><strong>aut</strong></span> <span class='ocrx_word' id='word_1_97' title='bbox 1570 1550 2013 1618; x_wconf 85' lang='lat' dir='ltr'><strong>interpolationis</strong></span> 
     </span>
    </p>
   </div>
   <div class='ocr_carea' id='block_1_16' title="bbox 432 1638 2013 1711">
    <p class='ocr_par' dir='ltr' id='par_1_16' title="bbox 432 1638 2013 1711">
     <span class='ocr_line' id='line_1_16' title="bbox 432 1638 2013 1711; baseline -0.004 -14"><span class='ocrx_word' id='word_1_98' title='bbox 432 1644 756 1711; x_wconf 82' lang='lat' dir='ltr'><strong>suspicione</strong></span> <span class='ocrx_word' id='word_1_99' title='bbox 808 1648 1026 1707; x_wconf 84' lang='lat' dir='ltr'><strong>vacant.</strong></span> <span class='ocrx_word' id='word_1_100' title='bbox 1074 1640 1210 1693; x_wconf 85' lang='lat' dir='ltr'><strong>Eum</strong></span> <span class='ocrx_word' id='word_1_101' title='bbox 1268 1641 1415 1694; x_wconf 85' lang='lat' dir='ltr'><strong>enim</strong></span> <span class='ocrx_word' id='word_1_102' title='bbox 1472 1638 1902 1693; x_wconf 84' lang='lat' dir='ltr'><strong>reconciliandis</strong></span> <span class='ocrx_word' id='word_1_103' title='bbox 1952 1638 2013 1691; x_wconf 85' lang='lat' dir='ltr'><strong>in</strong></span> 
     </span>
    </p>
   </div>
   <div class='ocr_carea' id='block_1_17' title="bbox 435 1729 2011 1804">
    <p class='ocr_par' dir='ltr' id='par_1_17' title="bbox 435 1729 2011 1804">
     <span class='ocr_line' id='line_1_17' title="bbox 435 1729 2011 1804; baseline -0.005 -16"><span class='ocrx_word' id='word_1_104' title='bbox 435 1735 727 1804; x_wconf 74' lang='lat' dir='ltr'><strong>ptistinam</strong></span> <span class='ocrx_word' id='word_1_105' title='bbox 777 1732 1126 1787; x_wconf 84' lang='lat' dir='ltr'><strong>concordiam</strong></span> <span class='ocrx_word' id='word_1_106' title='bbox 1164 1731 1427 1786; x_wconf 89' lang='lat' dir='ltr'><strong>Ecclesiis</strong></span> <span class='ocrx_word' id='word_1_107' title='bbox 1480 1729 1683 1784; x_wconf 79' lang='lat' dir='ltr'><strong>favisse</strong></span> <span class='ocrx_word' id='word_1_108' title='bbox 1719 1729 1859 1783; x_wconf 88' lang='lat' dir='ltr'><strong>haud</strong></span> <span class='ocrx_word' id='word_1_109' title='bbox 1897 1744 2011 1781; x_wconf 84' lang='lat' dir='ltr'><strong>me-</strong></span> 
     </span>
    </p>
   </div>
   <div class='ocr_carea' id='block_1_18' title="bbox 433 1819 2011 1889">
    <p class='ocr_par' dir='ltr' id='par_1_18' title="bbox 433 1819 2011 1889">
     <span class='ocr_line' id='line_1_18' title="bbox 433 1819 2011 1889; baseline -0.003 -9"><span class='ocrx_word' id='word_1_110' title='bbox 433 1828 722 1889; x_wconf 87' lang='lat' dir='ltr'><strong>diocriter,</strong></span> <span class='ocrx_word' id='word_1_111' title='bbox 760 1841 866 1879; x_wconf 92' lang='lat' dir='ltr'><strong>non</strong></span> <span class='ocrx_word' id='word_1_112' title='bbox 911 1825 1176 1878; x_wconf 81' lang='lat' dir='ltr'><strong>Actorum</strong></span> <span class='ocrx_word' id='word_1_113' title='bbox 1218 1824 1336 1877; x_wconf 87' lang='lat' dir='ltr'><strong>sola</strong></span> <span class='ocrx_word' id='word_1_114' title='bbox 1388 1823 1526 1877; x_wconf 81' lang='lat' dir='ltr'><strong>lides</strong></span> <span class='ocrx_word' id='word_1_115' title='bbox 1576 1821 1889 1875; x_wconf 85' lang='lat' dir='ltr'><strong>continuat.</strong></span> <span class='ocrx_word' id='word_1_116' title='bbox 1938 1819 2011 1875; x_wconf 88' lang='lat' dir='ltr'><strong>Ea</strong></span> 
     </span>
    </p>
   </div>
   <div class='ocr_carea' id='block_1_19' title="bbox 431 1914 2000 1987">
    <p class='ocr_par' dir='ltr' id='par_1_19' title="bbox 431 1914 2000 1987">
     <span class='ocr_line' id='line_1_19' title="bbox 431 1914 2000 1987; baseline -0.005 -12"><span class='ocrx_word' id='word_1_117' title='bbox 431 1923 551 1975; x_wconf 84' lang='lat' dir='ltr'><strong>sive</strong></span> <span class='ocrx_word' id='word_1_118' title='bbox 582 1917 1000 1987; x_wconf 82' lang='lat' dir='ltr'><strong>Xanthopnlum</strong></span> <span class='ocrx_word' id='word_1_119' title='bbox 1054 1916 1171 1970; x_wconf 87' lang='lat' dir='ltr'><strong>sive</strong></span> <span class='ocrx_word' id='word_1_120' title='bbox 1211 1915 1381 1969; x_wconf 91' lang='lat' dir='ltr'><strong>alium</strong></span> <span class='ocrx_word' id='word_1_121' title='bbox 1418 1922 1701 1969; x_wconf 78' lang='lat' dir='ltr'><strong>auctorem</strong></span> <span class='ocrx_word' id='word_1_122' title='bbox 1741 1914 2000 1978; x_wconf 86' lang='lat' dir='ltr'><strong>habeant,</strong></span> 
     </span>
    </p>
   </div>
   <div class='ocr_carea' id='block_1_20' title="bbox 433 2004 2011 2082">
    <p class='ocr_par' dir='ltr' id='par_1_20' title="bbox 433 2004 2011 2082">
     <span class='ocr_line' id='line_1_20' title="bbox 433 2004 2011 2082; baseline -0.003 -18"><span class='ocrx_word' id='word_1_123' title='bbox 433 2021 705 2082; x_wconf 65' lang='lat' dir='ltr'><strong>prmstant</strong></span> <span class='ocrx_word' id='word_1_124' title='bbox 761 2024 896 2065; x_wconf 84' lang='lat' dir='ltr'><strong>sane</strong></span> <span class='ocrx_word' id='word_1_125' title='bbox 938 2007 1241 2063; x_wconf 85' lang='lat' dir='ltr'><strong>salebrosis</strong></span> <span class='ocrx_word' id='word_1_126' title='bbox 1284 2004 1538 2077; x_wconf 78' lang='lat' dir='ltr'><strong>Serpuli</strong></span> <span class='ocrx_word' id='word_1_127' title='bbox 1570 2005 2011 2071; x_wconf 84' lang='lat' dir='ltr'><strong>narrationibus,</strong></span> 
     </span>
    </p>
   </div>
   <div class='ocr_carea' id='block_1_21' title="bbox 432 2099 2017 2173">
    <p class='ocr_par' dir='ltr' id='par_1_21' title="bbox 432 2099 2017 2173">
     <span class='ocr_line' id='line_1_21' title="bbox 432 2099 2017 2173; baseline -0.004 -15"><span class='ocrx_word' id='word_1_128' title='bbox 432 2114 551 2158; x_wconf 89' lang='lat' dir='ltr'><strong>tum</strong></span> <span class='ocrx_word' id='word_1_129' title='bbox 587 2103 825 2157; x_wconf 90' lang='lat' dir='ltr'><strong>naturali</strong></span> <span class='ocrx_word' id='word_1_130' title='bbox 870 2101 1106 2173; x_wconf 87' lang='lat' dir='ltr'><strong>quadam</strong></span> <span class='ocrx_word' id='word_1_131' title='bbox 1152 2100 1511 2167; x_wconf 88' lang='lat' dir='ltr'><strong>simplicitate</strong></span> <span class='ocrx_word' id='word_1_132' title='bbox 1561 2108 1615 2155; x_wconf 90' lang='lat' dir='ltr'><strong>et</strong></span> <span class='ocrx_word' id='word_1_133' title='bbox 1663 2099 1843 2155; x_wconf 89' lang='lat' dir='ltr'><strong>nitore</strong></span> <span class='ocrx_word' id='word_1_134' title='bbox 1887 2115 2017 2155; x_wconf 87' lang='lat' dir='ltr'><strong>ora-</strong></span> 
     </span>
    </p>
   </div>
   <div class='ocr_carea' id='block_1_22' title="bbox 430 2192 2013 2261">
    <p class='ocr_par' dir='ltr' id='par_1_22' title="bbox 430 2192 2013 2261">
     <span class='ocr_line' id='line_1_22' title="bbox 430 2192 2013 2261; baseline -0.001 -12"><span class='ocrx_word' id='word_1_135' title='bbox 430 2196 620 2257; x_wconf 88' lang='lat' dir='ltr'><strong>tionis,</strong></span> <span class='ocrx_word' id='word_1_136' title='bbox 659 2207 772 2249; x_wconf 90' lang='lat' dir='ltr'><strong>tum</strong></span> <span class='ocrx_word' id='word_1_137' title='bbox 798 2196 962 2249; x_wconf 85' lang='lat' dir='ltr'><strong>etiam</strong></span> <span class='ocrx_word' id='word_1_138' title='bbox 998 2209 1181 2249; x_wconf 89' lang='lat' dir='ltr'><strong>rerum</strong></span> <span class='ocrx_word' id='word_1_139' title='bbox 1209 2202 1487 2261; x_wconf 80' lang='lat' dir='ltr'><strong>gestarum</strong></span> <span class='ocrx_word' id='word_1_140' title='bbox 1527 2192 1759 2248; x_wconf 89' lang='lat' dir='ltr'><strong>historia</strong></span> <span class='ocrx_word' id='word_1_141' title='bbox 1795 2208 1915 2261; x_wconf 71' lang='lat' dir='ltr'><strong>qua!</strong></span> <span class='ocrx_word' id='word_1_142' title='bbox 1944 2192 2013 2247; x_wconf 87' lang='lat' dir='ltr'><strong>ab</strong></span> 
     </span>
    </p>
   </div>
   <div class='ocr_carea' id='block_1_23' title="bbox 428 2284 2011 2351">
    <p class='ocr_par' dir='ltr' id='par_1_23' title="bbox 428 2284 2011 2351">
     <span class='ocr_line' id='line_1_23' title="bbox 428 2284 2011 2351; baseline 0 -12"><span class='ocrx_word' id='word_1_143' title='bbox 428 2288 584 2342; x_wconf 72' lang='lat' dir='ltr'><strong>Actis</strong></span> <span class='ocrx_word' id='word_1_144' title='bbox 638 2286 850 2341; x_wconf 87' lang='lat' dir='ltr'><strong>Latinis</strong></span> <span class='ocrx_word' id='word_1_145' title='bbox 902 2301 1030 2340; x_wconf 87' lang='lat' dir='ltr'><strong>raro</strong></span> <span class='ocrx_word' id='word_1_146' title='bbox 1101 2287 1385 2351; x_wconf 80' lang='lat' dir='ltr'><strong>dissentit,</strong></span> <span class='ocrx_word' id='word_1_147' title='bbox 1440 2300 1565 2340; x_wconf 88' lang='lat' dir='ltr'><strong>cunt</strong></span> <span class='ocrx_word' id='word_1_148' title='bbox 1633 2284 2011 2339; x_wconf 78' lang='lat' dir='ltr'><strong>monumentis</strong></span> 
     </span>
    </p>
   </div>
   <div class='ocr_carea' id='block_1_24' title="bbox 431 2376 2005 2447">
    <p class='ocr_par' dir='ltr' id='par_1_24' title="bbox 431 2376 2005 2447">
     <span class='ocr_line' id='line_1_24' title="bbox 431 2376 2005 2447; baseline -0.001 -15"><span class='ocrx_word' id='word_1_149' title='bbox 431 2378 840 2432; x_wconf 83' lang='lat' dir='ltr'><strong>ecclesiasticis</strong></span> <span class='ocrx_word' id='word_1_150' title='bbox 895 2386 1131 2447; x_wconf 89' lang='lat' dir='ltr'><strong>utraque</strong></span> <span class='ocrx_word' id='word_1_151' title='bbox 1204 2376 1391 2446; x_wconf 86' lang='lat' dir='ltr'><strong>lingua</strong></span> <span class='ocrx_word' id='word_1_152' title='bbox 1468 2376 1835 2438; x_wconf 79' lang='lat' dir='ltr'><strong>exstantibus,</strong></span> <span class='ocrx_word' id='word_1_153' title='bbox 1895 2385 2005 2430; x_wconf 83' lang='lat' dir='ltr'><strong>tam</strong></span> 
     </span>
    </p>
   </div>
   <div class='ocr_carea' id='block_1_25' title="bbox 427 2465 2071 2537">
    <p class='ocr_par' dir='ltr' id='par_1_25' title="bbox 427 2465 2071 2537">
     <span class='ocr_line' id='line_1_25' title="bbox 427 2465 2071 2537; baseline -0.004 -15"><span class='ocrx_word' id='word_1_154' title='bbox 427 2469 597 2523; x_wconf 84' lang='lat' dir='ltr'><strong>editis</strong></span> <span class='ocrx_word' id='word_1_155' title='bbox 629 2482 793 2537; x_wconf 88' lang='lat' dir='ltr'><strong>quam</strong></span> <span class='ocrx_word' id='word_1_156' title='bbox 845 2482 1005 2531; x_wconf 91' lang='lat' dir='ltr'><strong>mss.,</strong></span> <span class='ocrx_word' id='word_1_157' title='bbox 1050 2467 1197 2520; x_wconf 90' lang='lat' dir='ltr'><strong>nullo</strong></span> <span class='ocrx_word' id='word_1_158' title='bbox 1238 2467 1456 2536; x_wconf 80' lang='lat' dir='ltr'><strong>negotio</strong></span> <span class='ocrx_word' id='word_1_159' title='bbox 1491 2474 1670 2534; x_wconf 88' lang='lat' dir='ltr'><strong>potest</strong></span> <span class='ocrx_word' id='word_1_160' title='bbox 1701 2465 2009 2519; x_wconf 88' lang='lat' dir='ltr'><strong>conciliari.</strong></span> <span class='ocrx_word' id='word_1_161' title='bbox 2070 2488 2071 2491; x_wconf 53' lang='grc' dir='ltr'><strong>η</strong></span> 
     </span>
    </p>
   </div>
   <div class='ocr_carea' id='block_1_26' title="bbox 430 2556 2010 2626">
    <p class='ocr_par' dir='ltr' id='par_1_26' title="bbox 430 2556 2010 2626">
     <span class='ocr_line' id='line_1_26' title="bbox 430 2556 2010 2626; baseline -0.006 -8"><span class='ocrx_word' id='word_1_162' title='bbox 430 2565 512 2618; x_wconf 75' lang='lat' dir='ltr'><strong>Ex</strong></span> <span class='ocrx_word' id='word_1_163' title='bbox 546 2561 762 2614; x_wconf 90' lang='lat' dir='ltr'><strong>illorum</strong></span> <span class='ocrx_word' id='word_1_164' title='bbox 797 2568 980 2613; x_wconf 89' lang='lat' dir='ltr'><strong>autem</strong></span> <span class='ocrx_word' id='word_1_165' title='bbox 1012 2559 1350 2622; x_wconf 75' lang='lat' dir='ltr'><strong>tesdmonio,</strong></span> <span class='ocrx_word' id='word_1_166' title='bbox 1390 2572 1456 2612; x_wconf 82' lang='lat' dir='ltr'><strong>ex</strong></span> <span class='ocrx_word' id='word_1_167' title='bbox 1502 2556 1748 2626; x_wconf 85' lang='lat' dir='ltr'><strong>Epistola</strong></span> <span class='ocrx_word' id='word_1_168' title='bbox 1779 2556 1847 2610; x_wconf 90' lang='lat' dir='ltr'><strong>ad</strong></span> <span class='ocrx_word' id='word_1_169' title='bbox 1902 2556 2010 2610; x_wconf 83' lang='lat' dir='ltr'><strong>Ma-</strong></span> 
     </span>
    </p>
   </div>
   <div class='ocr_carea' id='block_1_27' title="bbox 426 2647 2011 2719">
    <p class='ocr_par' dir='ltr' id='par_1_27' title="bbox 426 2647 2011 2719">
     <span class='ocr_line' id='line_1_27' title="bbox 426 2647 2011 2719; baseline 0 -18"><span class='ocrx_word' id='word_1_170' title='bbox 426 2662 598 2719; x_wconf 73' lang='lat' dir='ltr'><strong>gnum</strong></span> <span class='ocrx_word' id='word_1_171' title='bbox 633 2648 827 2701; x_wconf 82' lang='lat' dir='ltr'><strong>ducem</strong></span> <span class='ocrx_word' id='word_1_172' title='bbox 860 2654 910 2700; x_wconf 91' lang='lat' dir='ltr'><strong>et</strong></span> <span class='ocrx_word' id='word_1_173' title='bbox 943 2648 1115 2701; x_wconf 86' lang='lat' dir='ltr'><strong>altera</strong></span> <span class='ocrx_word' id='word_1_174' title='bbox 1147 2647 1212 2702; x_wconf 91' lang='lat' dir='ltr'><strong>ad</strong></span> <span class='ocrx_word' id='word_1_175' title='bbox 1246 2647 2011 2702; x_wconf 70' lang='lat' dir='ltr'><strong>Ambrosium‘llamaldulcn-</strong></span> 
     </span>
    </p>
   </div>
   <div class='ocr_carea' id='block_1_28' title="bbox 432 2737 2005 2803">
    <p class='ocr_par' dir='ltr' id='par_1_28' title="bbox 432 2737 2005 2803">
     <span class='ocr_line' id='line_1_28' title="bbox 432 2737 2005 2803; baseline -0.001 -9"><span class='ocrx_word' id='word_1_176' title='bbox 432 2756 575 2803; x_wconf 81' lang='lat' dir='ltr'><strong>sem,</strong></span> <span class='ocrx_word' id='word_1_177' title='bbox 630 2752 738 2793; x_wconf 90' lang='lat' dir='ltr'><strong>non</strong></span> <span class='ocrx_word' id='word_1_178' title='bbox 795 2737 1118 2793; x_wconf 77' lang='lat' dir='ltr'><strong>dubitamus</strong></span> <span class='ocrx_word' id='word_1_179' title='bbox 1172 2753 1425 2794; x_wconf 86' lang='lat' dir='ltr'><strong>asserere</strong></span> <span class='ocrx_word' id='word_1_180' title='bbox 1478 2739 1826 2794; x_wconf 87' lang='lat' dir='ltr'><strong>Scholarium</strong></span> <span class='ocrx_word' id='word_1_181' title='bbox 1882 2756 2005 2793; x_wconf 88' lang='lat' dir='ltr'><strong>cum</strong></span> 
     </span>
    </p>
   </div>
   <div class='ocr_carea' id='block_1_29' title="bbox 438 2829 2007 2901">
    <p class='ocr_par' dir='ltr' id='par_1_29' title="bbox 438 2829 2007 2901">
     <span class='ocr_line' id='line_1_29' title="bbox 438 2829 2007 2901; baseline -0.001 -14"><span class='ocrx_word' id='word_1_182' title='bbox 438 2831 652 2887; x_wconf 61' lang='lat' dir='ltr'><strong>Grmcis</strong></span> <span class='ocrx_word' id='word_1_183' title='bbox 677 2831 805 2885; x_wconf 88' lang='lat' dir='ltr'><strong>aliis</strong></span> <span class='ocrx_word' id='word_1_184' title='bbox 839 2831 1144 2900; x_wconf 70' lang='lat' dir='ltr'><strong>praesertim</strong></span> <span class='ocrx_word' id='word_1_185' title='bbox 1182 2830 1502 2900; x_wconf 88' lang='lat' dir='ltr'><strong>patriarcha</strong></span> <span class='ocrx_word' id='word_1_186' title='bbox 1534 2829 1776 2901; x_wconf 81' lang='lat' dir='ltr'><strong>Josepho</strong></span> <span class='ocrx_word' id='word_1_187' title='bbox 1813 2832 2007 2886; x_wconf 87' lang='lat' dir='ltr'><strong>unioni</strong></span> 
     </span>
    </p>
   </div>
   <div class='ocr_carea' id='block_1_30' title="bbox 431 2924 2007 2994">
    <p class='ocr_par' dir='ltr' id='par_1_30' title="bbox 431 2924 2007 2994">
     <span class='ocr_line' id='line_1_30' title="bbox 431 2924 2007 2994; baseline -0.001 -16"><span class='ocrx_word' id='word_1_188' title='bbox 431 2925 636 2980; x_wconf 79' lang='lat' dir='ltr'><strong>favisse</strong></span> <span class='ocrx_word' id='word_1_189' title='bbox 665 2931 718 2980; x_wconf 90' lang='lat' dir='ltr'><strong>et</strong></span> <span class='ocrx_word' id='word_1_190' title='bbox 748 2924 1136 2994; x_wconf 84' lang='lat' dir='ltr'><strong>imperatorem</strong></span> <span class='ocrx_word' id='word_1_191' title='bbox 1194 2924 1397 2993; x_wconf 86' lang='lat' dir='ltr'><strong>scripta</strong></span> <span class='ocrx_word' id='word_1_192' title='bbox 1446 2924 1693 2979; x_wconf 84' lang='lat' dir='ltr'><strong>oratione</strong></span> <span class='ocrx_word' id='word_1_193' title='bbox 1726 2926 2007 2980; x_wconf 90' lang='lat' dir='ltr'><strong>hortatum</strong></span> 
     </span>
    </p>
   </div>
   <div class='ocr_carea' id='block_1_31' title="bbox 432 3015 2010 3086">
    <p class='ocr_par' dir='ltr' id='par_1_31' title="bbox 432 3015 2010 3086">
     <span class='ocr_line' id='line_1_31' title="bbox 432 3015 2010 3086; baseline 0.002 -16"><span class='ocrx_word' id='word_1_194' title='bbox 432 3015 625 3080; x_wconf 75' lang='lat' dir='ltr'><strong>fuisse,</strong></span> <span class='ocrx_word' id='word_1_195' title='bbox 679 3025 739 3071; x_wconf 89' lang='lat' dir='ltr'><strong>ut</strong></span> <span class='ocrx_word' id='word_1_196' title='bbox 793 3018 887 3069; x_wconf 90' lang='lat' dir='ltr'><strong>illa</strong></span> <span class='ocrx_word' id='word_1_197' title='bbox 949 3015 1253 3071; x_wconf 89' lang='lat' dir='ltr'><strong>secundum</strong></span> <span class='ocrx_word' id='word_1_198' title='bbox 1303 3016 1646 3086; x_wconf 88' lang='lat' dir='ltr'><strong>propositam</strong></span> <span class='ocrx_word' id='word_1_199' title='bbox 1683 3017 2010 3073; x_wconf 87' lang='lat' dir='ltr'><strong>aPontilice</strong></span> 
     </span>
    </p>
   </div>
   <div class='ocr_carea' id='block_1_32' title="bbox 426 3199 2008 3271">
    <p class='ocr_par' dir='ltr' id='par_1_32' title="bbox 426 3199 2008 3271">
     <span class='ocr_line' id='line_1_32' title="bbox 426 3199 2008 3271; baseline -0.001 -15"><span class='ocrx_word' id='word_1_200' title='bbox 426 3201 725 3256; x_wconf 87' lang='lat' dir='ltr'><strong>Orationes</strong></span> <span class='ocrx_word' id='word_1_201' title='bbox 752 3210 934 3256; x_wconf 83' lang='lat' dir='ltr'><strong>tamen</strong></span> <span class='ocrx_word' id='word_1_202' title='bbox 972 3201 1095 3255; x_wconf 84' lang='lat' dir='ltr'><strong>illas</strong></span> <span class='ocrx_word' id='word_1_203' title='bbox 1136 3199 1444 3255; x_wconf 88' lang='lat' dir='ltr'><strong>secundum</strong></span> <span class='ocrx_word' id='word_1_204' title='bbox 1481 3199 1837 3271; x_wconf 86' lang='lat' dir='ltr'><strong>Caryopbylli</strong></span> <span class='ocrx_word' id='word_1_205' title='bbox 1881 3217 2008 3257; x_wconf 81' lang='lat' dir='ltr'><strong>sen-</strong></span> 
     </span>
    </p>
   </div>
   <div class='ocr_carea' id='block_1_33' title="bbox 360 3291 2006 3364">
    <p class='ocr_par' dir='ltr' id='par_1_33' title="bbox 360 3291 2006 3364">
     <span class='ocr_line' id='line_1_33' title="bbox 360 3291 2006 3364; baseline 0.001 -16"><span class='ocrx_word' id='word_1_206' title='bbox 360 3342 369 3348; x_wconf 88' lang='lat'><strong>.</strong></span> <span class='ocrx_word' id='word_1_207' title='bbox 427 3294 658 3348; x_wconf 86' lang='lat' dir='ltr'><strong>tentiam</strong></span> <span class='ocrx_word' id='word_1_208' title='bbox 718 3303 819 3346; x_wconf 88' lang='lat' dir='ltr'><strong>aut</strong></span> <span class='ocrx_word' id='word_1_209' title='bbox 876 3292 1079 3356; x_wconf 82' lang='lat' dir='ltr'><strong>falsas,</strong></span> <span class='ocrx_word' id='word_1_210' title='bbox 1132 3300 1231 3345; x_wconf 89' lang='lat' dir='ltr'><strong>aut</strong></span> <span class='ocrx_word' id='word_1_211' title='bbox 1291 3291 1586 3347; x_wconf 89' lang='lat' dir='ltr'><strong>admodum</strong></span> <span class='ocrx_word' id='word_1_212' title='bbox 1642 3293 2006 3364; x_wconf 85' lang='lat' dir='ltr'><strong>interpolatas</strong></span> 
     </span>
    </p>
   </div>
   <div class='ocr_carea' id='block_1_34' title="bbox 425 3381 2005 3457">
    <p class='ocr_par' dir='ltr' id='par_1_34' title="bbox 425 3381 2005 3457">
     <span class='ocr_line' id='line_1_34' title="bbox 425 3381 2005 3457; baseline 0 -15"><span class='ocrx_word' id='word_1_213' title='bbox 425 3402 579 3449; x_wconf 83' lang='lat' dir='ltr'><strong>esse,</strong></span> <span class='ocrx_word' id='word_1_214' title='bbox 604 3401 711 3439; x_wconf 90' lang='lat' dir='ltr'><strong>non</strong></span> <span class='ocrx_word' id='word_1_215' title='bbox 748 3384 1023 3439; x_wconf 85' lang='lat' dir='ltr'><strong>immerito</strong></span> <span class='ocrx_word' id='word_1_216' title='bbox 1051 3384 1422 3453; x_wconf 87' lang='lat' dir='ltr'><strong>suspicamur.</strong></span> <span class='ocrx_word' id='word_1_217' title='bbox 1462 3381 1596 3438; x_wconf 87' lang='lat' dir='ltr'><strong>Nam</strong></span> <span class='ocrx_word' id='word_1_218' title='bbox 1635 3385 1689 3438; x_wconf 92' lang='lat' dir='ltr'><strong>in</strong></span> <span class='ocrx_word' id='word_1_219' title='bbox 1722 3386 2005 3457; x_wconf 85' lang='lat' dir='ltr'><strong>plerisque</strong></span> 
     </span>
    </p>
   </div>
   <div class='ocr_carea' id='block_1_35' title="bbox 427 3475 2005 3548">
    <p class='ocr_par' dir='ltr' id='par_1_35' title="bbox 427 3475 2005 3548">
     <span class='ocr_line' id='line_1_35' title="bbox 427 3475 2005 3548; baseline -0.004 -12"><span class='ocrx_word' id='word_1_220' title='bbox 427 3478 836 3548; x_wconf 83' lang='lat' dir='ltr'><strong>exemplaribus</strong></span> <span class='ocrx_word' id='word_1_221' title='bbox 867 3475 1073 3530; x_wconf 89' lang='lat' dir='ltr'><strong>mentio</strong></span> <span class='ocrx_word' id='word_1_222' title='bbox 1110 3483 1284 3546; x_wconf 76' lang='lat' dir='ltr'><strong>capta:</strong></span> <span class='ocrx_word' id='word_1_223' title='bbox 1320 3476 1473 3531; x_wconf 87' lang='lat' dir='ltr'><strong>urbis</strong></span> <span class='ocrx_word' id='word_1_224' title='bbox 1494 3475 1867 3542; x_wconf 86' lang='lat' dir='ltr'><strong>iuterseritur,</strong></span> <span class='ocrx_word' id='word_1_225' title='bbox 1903 3494 2005 3533; x_wconf 90' lang='lat' dir='ltr'><strong>cn-</strong></span> 
     </span>
    </p>
   </div>
   <div class='ocr_carea' id='block_1_36' title="bbox 420 3569 2003 3644">
    <p class='ocr_par' dir='ltr' id='par_1_36' title="bbox 420 3569 2003 3644">
     <span class='ocr_line' id='line_1_36' title="bbox 420 3569 2003 3644; baseline -0.001 -19"><span class='ocrx_word' id='word_1_226' title='bbox 420 3574 516 3644; x_wconf 87' lang='lat' dir='ltr'><strong>jus</strong></span> <span class='ocrx_word' id='word_1_227' title='bbox 544 3573 730 3627; x_wconf 88' lang='lat' dir='ltr'><strong>clades</strong></span> <span class='ocrx_word' id='word_1_228' title='bbox 753 3587 873 3626; x_wconf 88' lang='lat' dir='ltr'><strong>cum</strong></span> <span class='ocrx_word' id='word_1_229' title='bbox 921 3569 1143 3625; x_wconf 85' lang='lat' dir='ltr'><strong>nonnisi</strong></span> <span class='ocrx_word' id='word_1_230' title='bbox 1178 3582 1298 3639; x_wconf 90' lang='lat' dir='ltr'><strong>post</strong></span> <span class='ocrx_word' id='word_1_231' title='bbox 1329 3584 1508 3625; x_wconf 89' lang='lat' dir='ltr'><strong>annos</strong></span> <span class='ocrx_word' id='word_1_232' title='bbox 1542 3570 1832 3626; x_wconf 88' lang='lat' dir='ltr'><strong>duodecim</strong></span> <span class='ocrx_word' id='word_1_233' title='bbox 1870 3586 2003 3626; x_wconf 86' lang='lat' dir='ltr'><strong>con-</strong></span> 
     </span>
    </p>
   </div>
   <div class='ocr_carea' id='block_1_37' title="bbox 422 3661 2000 3726">
    <p class='ocr_par' dir='ltr' id='par_1_37' title="bbox 422 3661 2000 3726">
     <span class='ocr_line' id='line_1_37' title="bbox 422 3661 2000 3726; baseline -0.003 -9"><span class='ocrx_word' id='word_1_234' title='bbox 422 3675 616 3722; x_wconf 76' lang='lat' dir='ltr'><strong>secuta</strong></span> <span class='ocrx_word' id='word_1_235' title='bbox 661 3664 756 3726; x_wconf 87' lang='lat' dir='ltr'><strong>sit,</strong></span> <span class='ocrx_word' id='word_1_236' title='bbox 813 3664 993 3717; x_wconf 89' lang='lat' dir='ltr'><strong>locum</strong></span> <span class='ocrx_word' id='word_1_237' title='bbox 1054 3661 1165 3716; x_wconf 90' lang='lat' dir='ltr'><strong>illic</strong></span> <span class='ocrx_word' id='word_1_238' title='bbox 1223 3676 1331 3716; x_wconf 90' lang='lat' dir='ltr'><strong>non</strong></span> <span class='ocrx_word' id='word_1_239' title='bbox 1402 3661 1661 3717; x_wconf 85' lang='lat' dir='ltr'><strong>habebat.</strong></span> <span class='ocrx_word' id='word_1_240' title='bbox 1721 3661 1802 3715; x_wconf 88' lang='lat' dir='ltr'><strong>Ita</strong></span> <span class='ocrx_word' id='word_1_241' title='bbox 1837 3662 2000 3717; x_wconf 88' lang='lat' dir='ltr'><strong>etiam</strong></span> 
     </span>
    </p>
   </div>
   <div class='ocr_carea' id='block_1_38' title="bbox 422 3752 2003 3822">
    <p class='ocr_par' dir='ltr' id='par_1_38' title="bbox 422 3752 2003 3822">
     <span class='ocr_line' id='line_1_38' title="bbox 422 3752 2003 3822; baseline -0.003 -11"><span class='ocrx_word' id='word_1_242' title='bbox 422 3756 663 3811; x_wconf 87' lang='lat' dir='ltr'><strong>suadent</strong></span> <span class='ocrx_word' id='word_1_243' title='bbox 695 3755 801 3809; x_wconf 90' lang='lat' dir='ltr'><strong>alia</strong></span> <span class='ocrx_word' id='word_1_244' title='bbox 855 3769 964 3809; x_wconf 88' lang='lat' dir='ltr'><strong>non</strong></span> <span class='ocrx_word' id='word_1_245' title='bbox 1013 3767 1212 3821; x_wconf 89' lang='lat' dir='ltr'><strong>pauca,</strong></span> <span class='ocrx_word' id='word_1_246' title='bbox 1267 3767 1388 3822; x_wconf 81' lang='lat' dir='ltr'><strong>quae</strong></span> <span class='ocrx_word' id='word_1_247' title='bbox 1436 3752 1491 3806; x_wconf 87' lang='lat' dir='ltr'><strong>in</strong></span> <span class='ocrx_word' id='word_1_248' title='bbox 1536 3753 1624 3808; x_wconf 88' lang='lat' dir='ltr'><strong>bis</strong></span> <span class='ocrx_word' id='word_1_249' title='bbox 1659 3752 2003 3808; x_wconf 86' lang='lat' dir='ltr'><strong>orationibus</strong></span> 
     </span>
    </p>
   </div>
   <div class='ocr_carea' id='block_1_39' title="bbox 419 3843 2002 3913">
    <p class='ocr_par' dir='ltr' id='par_1_39' title="bbox 419 3843 2002 3913">
     <span class='ocr_line' id='line_1_39' title="bbox 419 3843 2002 3913; baseline -0.003 -11"><span class='ocrx_word' id='word_1_250' title='bbox 419 3863 457 3902; x_wconf 88' lang='lat' dir='ltr'><strong>a</strong></span> <span class='ocrx_word' id='word_1_251' title='bbox 486 3846 616 3902; x_wconf 70' lang='lat' dir='ltr'><strong>viris</strong></span> <span class='ocrx_word' id='word_1_252' title='bbox 647 3846 827 3901; x_wconf 90' lang='lat' dir='ltr'><strong>doctis</strong></span> <span class='ocrx_word' id='word_1_253' title='bbox 853 3846 1145 3900; x_wconf 82' lang='lat' dir='ltr'><strong>observata</strong></span> <span class='ocrx_word' id='word_1_254' title='bbox 1185 3852 1336 3899; x_wconf 89' lang='lat' dir='ltr'><strong>sunt.</strong></span> <span class='ocrx_word' id='word_1_255' title='bbox 1389 3843 1502 3899; x_wconf 87' lang='lat' dir='ltr'><strong>Hac</strong></span> <span class='ocrx_word' id='word_1_256' title='bbox 1548 3844 1844 3898; x_wconf 83' lang='lat' dir='ltr'><strong>occasione</strong></span> <span class='ocrx_word' id='word_1_257' title='bbox 1878 3859 2002 3913; x_wconf 86' lang='lat' dir='ltr'><strong>pro-</strong></span> 
     </span>
    </p>
   </div>
   <div class='ocr_carea' id='block_1_40' title="bbox 419 3934 2000 4012">
    <p class='ocr_par' dir='ltr' id='par_1_40' title="bbox 419 3934 2000 4012">
     <span class='ocr_line' id='line_1_40' title="bbox 419 3934 2000 4012; baseline -0.004 -17"><span class='ocrx_word' id='word_1_258' title='bbox 419 3939 702 4012; x_wconf 88' lang='lat' dir='ltr'><strong>pensioris</strong></span> <span class='ocrx_word' id='word_1_259' title='bbox 736 3940 790 3993; x_wconf 90' lang='lat' dir='ltr'><strong>in</strong></span> <span class='ocrx_word' id='word_1_260' title='bbox 820 3936 1043 3991; x_wconf 85' lang='lat' dir='ltr'><strong>Latinos</strong></span> <span class='ocrx_word' id='word_1_261' title='bbox 1083 3936 1250 3989; x_wconf 87' lang='lat' dir='ltr'><strong>animi</strong></span> <span class='ocrx_word' id='word_1_262' title='bbox 1306 3936 1520 3991; x_wconf 86' lang='lat' dir='ltr'><strong>videtur</strong></span> <span class='ocrx_word' id='word_1_263' title='bbox 1571 3934 1788 3992; x_wconf 78' lang='lat' dir='ltr'><strong>Marcus</strong></span> <span class='ocrx_word' id='word_1_264' title='bbox 1818 3935 2000 4004; x_wconf 85' lang='lat' dir='ltr'><strong>Ephe-</strong></span> 
     </span>
    </p>
   </div>
   <div class='ocr_carea' id='block_1_41' title="bbox 421 4027 2002 4100">
    <p class='ocr_par' dir='ltr' id='par_1_41' title="bbox 421 4027 2002 4100">
     <span class='ocr_line' id='line_1_41' title="bbox 421 4027 2002 4100; baseline -0.005 -11"><span class='ocrx_word' id='word_1_265' title='bbox 421 4035 569 4100; x_wconf 82' lang='lat' dir='ltr'><strong>sius,</strong></span> <span class='ocrx_word' id='word_1_266' title='bbox 624 4031 933 4085; x_wconf 83' lang='lat' dir='ltr'><strong>arctissima</strong></span> <span class='ocrx_word' id='word_1_267' title='bbox 984 4044 1108 4084; x_wconf 90' lang='lat' dir='ltr'><strong>cum</strong></span> <span class='ocrx_word' id='word_1_268' title='bbox 1149 4027 1435 4083; x_wconf 87' lang='lat' dir='ltr'><strong>Scholario</strong></span> <span class='ocrx_word' id='word_1_269' title='bbox 1485 4027 1729 4082; x_wconf 81' lang='lat' dir='ltr'><strong>amicitia</strong></span> <span class='ocrx_word' id='word_1_270' title='bbox 1769 4033 2002 4098; x_wconf 85' lang='lat' dir='ltr'><strong>conjun-</strong></span> 
     </span>
    </p>
   </div>
   <div class='ocr_carea' id='block_1_42' title="bbox 421 4118 2001 4191">
    <p class='ocr_par' dir='ltr' id='par_1_42' title="bbox 421 4118 2001 4191">
     <span class='ocr_line' id='line_1_42' title="bbox 421 4118 2001 4191; baseline -0.003 -15"><span class='ocrx_word' id='word_1_271' title='bbox 421 4133 575 4191; x_wconf 87' lang='lat' dir='ltr'><strong>ctus,</strong></span> <span class='ocrx_word' id='word_1_272' title='bbox 618 4122 908 4191; x_wconf 88' lang='lat' dir='ltr'><strong>scripsisse</strong></span> <span class='ocrx_word' id='word_1_273' title='bbox 954 4120 1019 4173; x_wconf 89' lang='lat' dir='ltr'><strong>ad</strong></span> <span class='ocrx_word' id='word_1_274' title='bbox 1054 4118 1207 4172; x_wconf 89' lang='lat' dir='ltr'><strong>illum</strong></span> <span class='ocrx_word' id='word_1_275' title='bbox 1287 4118 1596 4187; x_wconf 89' lang='lat' dir='ltr'><strong>epistolam,</strong></span> <span class='ocrx_word' id='word_1_276' title='bbox 1635 4134 1798 4186; x_wconf 89' lang='lat' dir='ltr'><strong>quam</strong></span> <span class='ocrx_word' id='word_1_277' title='bbox 1829 4120 2001 4173; x_wconf 86' lang='lat' dir='ltr'><strong>edidit</strong></span> 
     </span>
    </p>
   </div>
   <div class='ocr_carea' id='block_1_43' title="bbox 422 4210 2002 4279">
    <p class='ocr_par' dir='ltr' id='par_1_43' title="bbox 422 4210 2002 4279">
     <span class='ocr_line' id='line_1_43' title="bbox 422 4210 2002 4279; baseline -0.003 -10"><span class='ocrx_word' id='word_1_278' title='bbox 422 4215 683 4279; x_wconf 82' lang='lat' dir='ltr'><strong>Allatius,</strong></span> <span class='ocrx_word' id='word_1_279' title='bbox 730 4212 1195 4268; x_wconf 87' lang='lat' dir='ltr'><strong>communicatam</strong></span> <span class='ocrx_word' id='word_1_280' title='bbox 1232 4226 1262 4264; x_wconf 92' lang='lat' dir='ltr'><strong>a</strong></span> <span class='ocrx_word' id='word_1_281' title='bbox 1306 4212 1425 4265; x_wconf 77' lang='lat' dir='ltr'><strong>viro</strong></span> <span class='ocrx_word' id='word_1_282' title='bbox 1474 4211 1543 4265; x_wconf 94' lang='lat' dir='ltr'><strong>cl.</strong></span> <span class='ocrx_word' id='word_1_283' title='bbox 1611 4210 1860 4265; x_wconf 86' lang='lat' dir='ltr'><strong>Emerico</strong></span> <span class='ocrx_word' id='word_1_284' title='bbox 1909 4212 2002 4265; x_wconf 84' lang='lat' dir='ltr'><strong>Bi-</strong></span> 
     </span>
    </p>
   </div>
   <div class='ocr_carea' id='block_1_44' title="bbox 422 4303 2000 4380">
    <p class='ocr_par' dir='ltr' id='par_1_44' title="bbox 422 4303 2000 4380">
     <span class='ocr_line' id='line_1_44' title="bbox 422 4303 2000 4380; baseline -0.003 -18"><span class='ocrx_word' id='word_1_285' title='bbox 422 4308 597 4380; x_wconf 82' lang='lat' dir='ltr'><strong>gotio,</strong></span> <span class='ocrx_word' id='word_1_286' title='bbox 638 4308 730 4377; x_wconf 90' lang='lat' dir='ltr'><strong>qui</strong></span> <span class='ocrx_word' id='word_1_287' title='bbox 767 4320 887 4361; x_wconf 84' lang='lat' dir='ltr'><strong>eam</strong></span> <span class='ocrx_word' id='word_1_288' title='bbox 928 4320 992 4359; x_wconf 81' lang='lat' dir='ltr'><strong>ex</strong></span> <span class='ocrx_word' id='word_1_289' title='bbox 1035 4304 1413 4358; x_wconf 73' lang='lat' dir='ltr'><strong>Ambrosianze</strong></span> <span class='ocrx_word' id='word_1_290' title='bbox 1444 4303 1703 4358; x_wconf 90' lang='lat' dir='ltr'><strong>Biblioth.</strong></span> <span class='ocrx_word' id='word_1_291' title='bbox 1736 4304 2000 4359; x_wconf 80' lang='lat' dir='ltr'><strong>Mediola-</strong></span> 
     </span>
    </p>
   </div>
   <div class='ocr_carea' id='block_1_45' title="bbox 424 4397 1998 4466">
    <p class='ocr_par' dir='ltr' id='par_1_45' title="bbox 424 4397 1998 4466">
     <span class='ocr_line' id='line_1_45' title="bbox 424 4397 1998 4466; baseline -0.002 -12"><span class='ocrx_word' id='word_1_292' title='bbox 424 4400 619 4459; x_wconf 81' lang='lat' dir='ltr'><strong>nensis</strong></span> <span class='ocrx_word' id='word_1_293' title='bbox 647 4398 774 4453; x_wconf 87' lang='lat' dir='ltr'><strong>cod.</strong></span> <span class='ocrx_word' id='word_1_294' title='bbox 823 4397 1212 4463; x_wconf 90' lang='lat' dir='ltr'><strong>descripserat,</strong></span> <span class='ocrx_word' id='word_1_295' title='bbox 1263 4405 1315 4449; x_wconf 91' lang='lat' dir='ltr'><strong>et</strong></span> <span class='ocrx_word' id='word_1_296' title='bbox 1363 4412 1526 4459; x_wconf 81' lang='lat' dir='ltr'><strong>quam</strong></span> <span class='ocrx_word' id='word_1_297' title='bbox 1584 4397 1998 4466; x_wconf 85' lang='lat' dir='ltr'><strong>integerrimam</strong></span> 
     </span>
    </p>
   </div>
   <div class='ocr_carea' id='block_1_46' title="bbox 423 4487 1656 4554">
    <p class='ocr_par' dir='ltr' id='par_1_46' title="bbox 423 4487 1656 4554">
     <span class='ocr_line' id='line_1_46' title="bbox 423 4487 1656 4554; baseline -0.004 -10"><span class='ocrx_word' id='word_1_298' title='bbox 423 4491 569 4545; x_wconf 89' lang='lat' dir='ltr'><strong>nacti</strong></span> <span class='ocrx_word' id='word_1_299' title='bbox 637 4503 829 4545; x_wconf 89' lang='lat' dir='ltr'><strong>sumus</strong></span> <span class='ocrx_word' id='word_1_300' title='bbox 893 4489 948 4541; x_wconf 91' lang='lat' dir='ltr'><strong>in</strong></span> <span class='ocrx_word' id='word_1_301' title='bbox 1008 4487 1220 4554; x_wconf 89' lang='lat' dir='ltr'><strong>optimo</strong></span> <span class='ocrx_word' id='word_1_302' title='bbox 1290 4487 1481 4540; x_wconf 90' lang='lat' dir='ltr'><strong>codice</strong></span> <span class='ocrx_word' id='word_1_303' title='bbox 1551 4502 1656 4541; x_wconf 92' lang='lat' dir='ltr'><strong>ms.</strong></span> 
     </span>
    </p>
   </div>
   <div class='ocr_carea' id='block_1_47' title="bbox 420 4578 1995 4653">
    <p class='ocr_par' dir='ltr' id='par_1_47' title="bbox 420 4578 1995 4653">
     <span class='ocr_line' id='line_1_47' title="bbox 420 4578 1995 4653; baseline -0.005 -15"><span class='ocrx_word' id='word_1_304' title='bbox 420 4586 560 4653; x_wconf 79' lang='lat' dir='ltr'><strong>Reg.</strong></span> <span class='ocrx_word' id='word_1_305' title='bbox 590 4583 666 4652; x_wconf 86' lang='grc' dir='ltr'><strong>(Ι)</strong></span> <span class='ocrx_word' id='word_1_306' title='bbox 701 4597 716 4637; x_wconf 80' lang='lat' dir='ltr'><strong>z</strong></span> <span class='ocrx_word' id='word_1_307' title='bbox 751 4581 927 4650; x_wconf 86' lang='grc' dir='ltr'><strong>Ὅσης</strong></span> <span class='ocrx_word' id='word_1_308' title='bbox 968 4580 1110 4649; x_wconf 73' lang='grc' dir='ltr'>ἡμᾶς</span> <span class='ocrx_word' id='word_1_309' title='bbox 1140 4578 1449 4648; x_wconf 81' lang='grc' dir='ltr'><strong>ἐνέπλησας</strong></span> <span class='ocrx_word' id='word_1_310' title='bbox 1483 4578 1681 4648; x_wconf 75' lang='grc' dir='ltr'>ἡδονῆς</span> <span class='ocrx_word' id='word_1_311' title='bbox 1714 4579 1875 4650; x_wconf 74' lang='grc' dir='ltr'>ἡνίκα</span> <span class='ocrx_word' id='word_1_312' title='bbox 1897 4581 1995 4647; x_wconf 77' lang='grc' dir='ltr'>τῆς</span> 
     </span>
    </p>
   </div>
   <div class='ocr_carea' id='block_1_48' title="bbox 418 4670 1996 4745">
    <p class='ocr_par' dir='ltr' id='par_1_48' title="bbox 418 4670 1996 4745">
     <span class='ocr_line' id='line_1_48' title="bbox 418 4670 1996 4745; baseline -0.003 -17"><span class='ocrx_word' id='word_1_313' title='bbox 418 4675 593 4745; x_wconf 72' lang='grc' dir='ltr'>ὀρθῆς</span> <span class='ocrx_word' id='word_1_314' title='bbox 627 4676 863 4734; x_wconf 74' lang='grc' dir='ltr'>πίστεως</span> <span class='ocrx_word' id='word_1_315' title='bbox 897 4674 1108 4740; x_wconf 77' lang='grc' dir='ltr'>ἐγένου,</span> <span class='ocrx_word' id='word_1_316' title='bbox 1141 4671 1234 4723; x_wconf 75' lang='grc' dir='ltr'>καὶ</span> <span class='ocrx_word' id='word_1_317' title='bbox 1288 4671 1384 4722; x_wconf 76' lang='grc' dir='ltr'>τοῦ</span> <span class='ocrx_word' id='word_1_318' title='bbox 1442 4670 1707 4733; x_wconf 59' lang='grc' dir='ltr'>εὐσεϐοῦς</span> <span class='ocrx_word' id='word_1_319' title='bbox 1769 4673 1865 4724; x_wconf 72' lang='grc' dir='ltr'>καὶ</span> <span class='ocrx_word' id='word_1_320' title='bbox 1889 4689 1996 4725; x_wconf 91' lang='grc' dir='ltr'>πα-</span> 
     </span>
    </p>
   </div>
   <div class='ocr_carea' id='block_1_49' title="bbox 421 4765 2000 4838">
    <p class='ocr_par' dir='ltr' id='par_1_49' title="bbox 421 4765 2000 4838">
     <span class='ocr_line' id='line_1_49' title="bbox 421 4765 2000 4838; baseline -0.001 -18"><span class='ocrx_word' id='word_1_321' title='bbox 421 4770 578 4838; x_wconf 80' lang='grc' dir='ltr'>τρίου</span> <span class='ocrx_word' id='word_1_322' title='bbox 632 4768 1004 4838; x_wconf 81' lang='grc' dir='ltr'>φρονήματος,</span> <span class='ocrx_word' id='word_1_323' title='bbox 1050 4768 1144 4817; x_wconf 64' lang='grc' dir='ltr'><strong>κα)⁵</strong></span> <span class='ocrx_word' id='word_1_324' title='bbox 1198 4767 1261 4834; x_wconf 82' lang='grc' dir='ltr'>τῇ</span> <span class='ocrx_word' id='word_1_325' title='bbox 1321 4765 1787 4838; x_wconf 77' lang='grc' dir='ltr'>καταδικασθείσῃ</span> <span class='ocrx_word' id='word_1_326' title='bbox 1845 4767 2000 4835; x_wconf 77' lang='grc' dir='ltr'>παρᾶ</span> 
     </span>
    </p>
   </div>
   <div class='ocr_carea' id='block_1_50' title="bbox 419 4856 2002 4928">
    <p class='ocr_par' dir='ltr' id='par_1_50' title="bbox 419 4856 2002 4928">
     <span class='ocr_line' id='line_1_50' title="bbox 419 4856 2002 4928; baseline -0.004 -14"><span class='ocrx_word' id='word_1_327' title='bbox 419 4863 533 4914; x_wconf 81' lang='grc' dir='ltr'><strong>τῶν</strong></span> <span class='ocrx_word' id='word_1_328' title='bbox 558 4861 758 4913; x_wconf 75' lang='grc' dir='ltr'>ἀδίκων</span> <span class='ocrx_word' id='word_1_329' title='bbox 788 4858 989 4928; x_wconf 82' lang='grc' dir='ltr'>κριτῶν</span> <span class='ocrx_word' id='word_1_330' title='bbox 1022 4857 1406 4925; x_wconf 69' lang='grc' dir='ltr'>συνηγόρησας</span> <span class='ocrx_word' id='word_1_331' title='bbox 1436 4856 1688 4927; x_wconf 76' lang='grc' dir='ltr'><strong>ἀληθείᾳ,</strong></span> <span class='ocrx_word' id='word_1_332' title='bbox 1730 4858 2002 4925; x_wconf 68' lang='grc' dir='ltr'>τοσαύτης</span> 
     </span>
    </p>
   </div>
   <div class='ocr_carea' id='block_1_51' title="bbox 421 4948 1995 5019">
    <p class='ocr_par' dir='ltr' id='par_1_51' title="bbox 421 4948 1995 5019">
     <span class='ocr_line' id='line_1_51' title="bbox 421 4948 1995 5019; baseline -0.004 -13"><span class='ocrx_word' id='word_1_333' title='bbox 421 4956 485 5006; x_wconf 81' lang='grc' dir='ltr'>ἐκ</span> <span class='ocrx_word' id='word_1_334' title='bbox 516 4953 611 5005; x_wconf 78' lang='grc' dir='ltr'><strong>τοῦ</strong></span> <span class='ocrx_word' id='word_1_335' title='bbox 640 4952 891 5005; x_wconf 72' lang='grc' dir='ltr'><strong>ἐναντίου</strong></span> <span class='ocrx_word' id='word_1_336' title='bbox 910 4950 1085 5019; x_wconf 82' lang='grc' dir='ltr'>λύπης</span> <span class='ocrx_word' id='word_1_337' title='bbox 1113 4950 1209 5002; x_wconf 77' lang='grc' dir='ltr'>καὶ</span> <span class='ocrx_word' id='word_1_338' title='bbox 1231 4950 1534 5017; x_wconf 74' lang='grc' dir='ltr'>κατηφείας</span> <span class='ocrx_word' id='word_1_339' title='bbox 1560 4952 1645 5000; x_wconf 81' lang='grc' dir='ltr'>ὲνε</span> <span class='ocrx_word' id='word_1_340' title='bbox 1661 4948 1995 5018; x_wconf 67' lang='grc' dir='ltr'>πλήσθημεν,</span> 
     </span>
    </p>
   </div>
   <div class='ocr_carea' id='block_1_52' title="bbox 420 5040 1996 5111">
    <p class='ocr_par' dir='ltr' id='par_1_52' title="bbox 420 5040 1996 5111">
     <span class='ocr_line' id='line_1_52' title="bbox 420 5040 1996 5111; baseline -0.004 -14"><span class='ocrx_word' id='word_1_341' title='bbox 420 5043 761 5105; x_wconf 78' lang='grc' dir='ltr'>ἀκούσαντες</span> <span class='ocrx_word' id='word_1_342' title='bbox 826 5040 1181 5111; x_wconf 82' lang='grc' dir='ltr'>μεταθεῖσθαί</span> <span class='ocrx_word' id='word_1_343' title='bbox 1241 5056 1300 5093; x_wconf 75' lang='grc' dir='ltr'><strong>σε</strong></span> <span class='ocrx_word' id='word_1_344' title='bbox 1360 5040 1521 5092; x_wconf 76' lang='grc' dir='ltr'>πάλιν</span> <span class='ocrx_word' id='word_1_345' title='bbox 1581 5041 1675 5091; x_wconf 70' lang='grc' dir='ltr'><strong>καὶ</strong></span> <span class='ocrx_word' id='word_1_346' title='bbox 1730 5040 1996 5093; x_wconf 75' lang='grc' dir='ltr'>τάναντία</span> 
     </span>
    </p>
   </div>
   <div class='ocr_carea' id='block_1_53' title="bbox 422 5129 2003 5205">
    <p class='ocr_par' dir='ltr' id='par_1_53' title="bbox 422 5129 2003 5205">
     <span class='ocr_line' id='line_1_53' title="bbox 422 5129 2003 5205; baseline -0.005 -18"><span class='ocrx_word' id='word_1_347' title='bbox 422 5136 643 5205; x_wconf 73' lang='grc' dir='ltr'>φρονεῖν</span> <span class='ocrx_word' id='word_1_348' title='bbox 660 5151 718 5185; x_wconf 86' lang='grc' dir='ltr'><strong>τε</strong></span> <span class='ocrx_word' id='word_1_349' title='bbox 746 5134 840 5184; x_wconf 71' lang='grc' dir='ltr'>καὶ</span> <span class='ocrx_word' id='word_1_350' title='bbox 859 5132 1063 5197; x_wconf 82' lang='grc' dir='ltr'>λέγειν,</span> <span class='ocrx_word' id='word_1_351' title='bbox 1086 5131 1183 5182; x_wconf 77' lang='grc' dir='ltr'>καὶ</span> <span class='ocrx_word' id='word_1_352' title='bbox 1206 5134 1316 5191; x_wconf 85' lang='grc' dir='ltr'>τοῖς</span> <span class='ocrx_word' id='word_1_353' title='bbox 1342 5133 1533 5192; x_wconf 80' lang='grc' dir='ltr'>κακοῖς</span> <span class='ocrx_word' id='word_1_354' title='bbox 1550 5129 1853 5199; x_wconf 77' lang='grc' dir='ltr'>οἰκονόμοις</span> <span class='ocrx_word' id='word_1_355' title='bbox 1874 5145 2003 5180; x_wconf 89' lang='grc' dir='ltr'>συν-</span> 
     </span>
    </p>
   </div>
   <div class='ocr_carea' id='block_1_54' title="bbox 422 5219 1997 5297">
    <p class='ocr_par' dir='ltr' id='par_1_54' title="bbox 422 5219 1997 5297">
     <span class='ocr_line' id='line_1_54' title="bbox 422 5219 1997 5297; baseline -0.003 -21"><span class='ocrx_word' id='word_1_356' title='bbox 422 5230 645 5297; x_wconf 58' lang='grc' dir='ltr'>τρέχει)</span> <span class='ocrx_word' id='word_1_357' title='bbox 688 5225 781 5276; x_wconf 69' lang='grc' dir='ltr'>ἐπὶ</span> <span class='ocrx_word' id='word_1_358' title='bbox 807 5226 903 5285; x_wconf 82' lang='grc' dir='ltr'>τὰς</span> <span class='ocrx_word' id='word_1_359' title='bbox 936 5222 1242 5291; x_wconf 84' lang='grc' dir='ltr'>μεσότητας</span> <span class='ocrx_word' id='word_1_360' title='bbox 1274 5222 1370 5273; x_wconf 76' lang='grc' dir='ltr'><strong>καὶ</strong></span> <span class='ocrx_word' id='word_1_361' title='bbox 1411 5220 1729 5287; x_wconf 77' lang='grc' dir='ltr'>οἰκονομίας</span> <span class='ocrx_word' id='word_1_362' title='bbox 1761 5219 1997 5284; x_wconf 73' lang='grc' dir='ltr'><strong>’.ρηαη-</strong></span> 
     </span>
    </p>
   </div>
   <div class='ocr_carea' id='block_1_55' title="bbox 422 5311 1993 5383">
    <p class='ocr_par' dir='ltr' id='par_1_55' title="bbox 422 5311 1993 5383">
     <span class='ocr_line' id='line_1_55' title="bbox 422 5311 1993 5383; baseline -0.006 -13"><span class='ocrx_word' id='word_1_363' title='bbox 422 5331 535 5371; x_wconf 87' lang='lat' dir='ltr'><strong>tum</strong></span> <span class='ocrx_word' id='word_1_364' title='bbox 569 5316 852 5383; x_wconf 81' lang='lat' dir='ltr'><strong>voluptatis</strong></span> <span class='ocrx_word' id='word_1_365' title='bbox 885 5322 932 5367; x_wconf 87' lang='lat' dir='ltr'><strong>et</strong></span> <span class='ocrx_word' id='word_1_366' title='bbox 958 5312 1157 5365; x_wconf 73' lang='lat' dir='ltr'><strong>lwtitiw</strong></span> <span class='ocrx_word' id='word_1_367' title='bbox 1195 5312 1344 5363; x_wconf 85' lang='lat' dir='ltr'><strong>nobis</strong></span> <span class='ocrx_word' id='word_1_368' title='bbox 1378 5311 1628 5373; x_wconf 70' lang='lat' dir='ltr'><strong>attulisti,</strong></span> <span class='ocrx_word' id='word_1_369' title='bbox 1652 5326 1769 5362; x_wconf 88' lang='lat' dir='ltr'><strong>cum</strong></span> <span class='ocrx_word' id='word_1_370' title='bbox 1801 5318 1993 5362; x_wconf 84' lang='lat' dir='ltr'><strong>rectam</strong></span> 
     </span>
    </p>
   </div>
   <div class='ocr_carea' id='block_1_56' title="bbox 421 5403 1997 5480">
    <p class='ocr_par' dir='ltr' id='par_1_56' title="bbox 421 5403 1997 5480">
     <span class='ocr_line' id='line_1_56' title="bbox 421 5403 1997 5480; baseline -0.003 -19"><span class='ocrx_word' id='word_1_371' title='bbox 421 5413 603 5480; x_wconf 70' lang='lat' dir='ltr'><strong>ﬁdem,</strong></span> <span class='ocrx_word' id='word_1_372' title='bbox 637 5419 682 5461; x_wconf 89' lang='lat' dir='ltr'><strong>et</strong></span> <span class='ocrx_word' id='word_1_373' title='bbox 715 5409 853 5474; x_wconf 85' lang='lat' dir='ltr'><strong>piant</strong></span> <span class='ocrx_word' id='word_1_374' title='bbox 883 5405 1545 5473; x_wconf 79' lang='lat' dir='ltr'><strong>patriamquesententiam</strong></span> <span class='ocrx_word' id='word_1_375' title='bbox 1577 5403 1907 5470; x_wconf 75' lang='lat' dir='ltr'><strong>amplexatus</strong></span> <span class='ocrx_word' id='word_1_376' title='bbox 1945 5419 1997 5456; x_wconf 84' lang='lat' dir='ltr'><strong>es</strong></span> 
     </span>
    </p>
   </div>
   <div class='ocr_carea' id='block_1_57' title="bbox 419 5494 1999 5564">
    <p class='ocr_par' dir='ltr' id='par_1_57' title="bbox 419 5494 1999 5564">
     <span class='ocr_line' id='line_1_57' title="bbox 419 5494 1999 5564; baseline -0.008 -7"><span class='ocrx_word' id='word_1_377' title='bbox 419 5516 468 5557; x_wconf 85' lang='lat' dir='ltr'><strong>et</strong></span> <span class='ocrx_word' id='word_1_378' title='bbox 504 5502 863 5554; x_wconf 78' lang='lat' dir='ltr'><strong>condemnata:</strong></span> <span class='ocrx_word' id='word_1_379' title='bbox 900 5500 963 5549; x_wconf 88' lang='lat' dir='ltr'><strong>ab</strong></span> <span class='ocrx_word' id='word_1_380' title='bbox 1003 5496 1212 5564; x_wconf 88' lang='lat' dir='ltr'><strong>iujustis</strong></span> <span class='ocrx_word' id='word_1_381' title='bbox 1236 5494 1525 5563; x_wconf 79' lang='lat' dir='ltr'><strong>judicibus,</strong></span> <span class='ocrx_word' id='word_1_382' title='bbox 1548 5495 1785 5545; x_wconf 78' lang='lat' dir='ltr'><strong>veritatis</strong></span> <span class='ocrx_word' id='word_1_383' title='bbox 1817 5505 1999 5560; x_wconf 87' lang='lat' dir='ltr'><strong>patro-</strong></span> 
     </span>
    </p>
   </div>
   <div class='ocr_carea' id='block_1_58' title="bbox 422 5585 1998 5657">
    <p class='ocr_par' dir='ltr' id='par_1_58' title="bbox 422 5585 1998 5657">
     <span class='ocr_line' id='line_1_58' title="bbox 422 5585 1998 5657; baseline -0.008 -9"><span class='ocrx_word' id='word_1_384' title='bbox 422 5594 624 5649; x_wconf 85' lang='lat' dir='ltr'><strong>cinium</strong></span> <span class='ocrx_word' id='word_1_385' title='bbox 666 5590 974 5657; x_wconf 72' lang='lat' dir='ltr'><strong>suscepisti;</strong></span> <span class='ocrx_word' id='word_1_386' title='bbox 1010 5596 1215 5640; x_wconf 84' lang='lat' dir='ltr'><strong>tantum</strong></span> <span class='ocrx_word' id='word_1_387' title='bbox 1274 5602 1301 5639; x_wconf 88' lang='lat' dir='ltr'><strong>e</strong></span> <span class='ocrx_word' id='word_1_388' title='bbox 1360 5585 1633 5637; x_wconf 86' lang='lat' dir='ltr'><strong>contrario</strong></span> <span class='ocrx_word' id='word_1_389' title='bbox 1678 5600 1900 5637; x_wconf 73' lang='lat' dir='ltr'><strong>maerore</strong></span> <span class='ocrx_word' id='word_1_390' title='bbox 1951 5594 1998 5636; x_wconf 89' lang='lat' dir='ltr'><strong>et</strong></span> 
     </span>
    </p>
   </div>
   <div class='ocr_carea' id='block_1_59' title="bbox 500 5766 1465 5837">
    <p class='ocr_par' dir='ltr' id='par_1_59' title="bbox 500 5766 1465 5837">
     <span class='ocr_line' id='line_1_59' title="bbox 500 5766 1465 5837; baseline -0.005 -14"><span class='ocrx_word' id='word_1_391' title='bbox 500 5772 577 5837; x_wconf 80' lang='grc' dir='ltr'>(ι)</span> <span class='ocrx_word' id='word_1_392' title='bbox 613 5771 841 5825; x_wconf 78' lang='lat' dir='ltr'><strong>Allatius</strong></span> <span class='ocrx_word' id='word_1_393' title='bbox 878 5770 930 5823; x_wconf 88' lang='lat' dir='ltr'><strong>in</strong></span> <span class='ocrx_word' id='word_1_394' title='bbox 970 5767 1252 5837; x_wconf 52' lang='grc' dir='ltr'><strong>(Ἀργείη,</strong></span> <span class='ocrx_word' id='word_1_395' title='bbox 1283 5783 1335 5837; x_wconf 85' lang='lat' dir='ltr'><strong>p.</strong></span> <span class='ocrx_word' id='word_1_396' title='bbox 1378 5766 1465 5820; x_wconf 85' lang='lat'><strong>88.</strong></span> 
     </span>
    </p>
   </div>
   <div class='ocr_carea' id='block_1_60' title="bbox 1739 4486 2076 4543">
    <p class='ocr_par' dir='ltr' id='par_1_60' title="bbox 1739 4486 2076 4543">
     <span class='ocr_line' id='line_1_60' title="bbox 1739 4486 2076 4543; baseline 0.006 -2"><span class='ocrx_word' id='word_1_397' title='bbox 1739 4488 1993 4543; x_wconf 73' lang='lat' dir='ltr'><strong>biltliotlt.</strong></span> <span class='ocrx_word' id='word_1_398' title='bbox 2030 4486 2076 4543; x_wconf 79' lang='grc' dir='ltr'><strong>Ι)</strong></span> 
     </span>
    </p>
   </div>
   <div class='ocr_carea' id='block_1_61' title="bbox 2123 542 3696 619">
    <p class='ocr_par' dir='ltr' id='par_1_61' title="bbox 2123 542 3696 619">
     <span class='ocr_line' id='line_1_61' title="bbox 2123 542 3696 619; baseline 0.009 -25"><span class='ocrx_word' id='word_1_399' title='bbox 2123 542 2219 606; x_wconf 87' lang='lat' dir='ltr'><strong>nit,</strong></span> <span class='ocrx_word' id='word_1_400' title='bbox 2254 550 2304 596; x_wconf 87' lang='lat' dir='ltr'><strong>te</strong></span> <span class='ocrx_word' id='word_1_401' title='bbox 2330 558 2539 596; x_wconf 85' lang='lat' dir='ltr'><strong>rursum</strong></span> <span class='ocrx_word' id='word_1_402' title='bbox 2581 546 2812 600; x_wconf 85' lang='lat' dir='ltr'><strong>alterata</strong></span> <span class='ocrx_word' id='word_1_403' title='bbox 2859 548 2996 616; x_wconf 79' lang='lat' dir='ltr'><strong>{acie</strong></span> <span class='ocrx_word' id='word_1_404' title='bbox 3050 543 3342 619; x_wconf 74' lang='lat' dir='ltr'><strong>pugnantia</strong></span> <span class='ocrx_word' id='word_1_405' title='bbox 3395 562 3568 608; x_wconf 86' lang='lat' dir='ltr'><strong>tenere</strong></span> <span class='ocrx_word' id='word_1_406' title='bbox 3619 556 3696 607; x_wconf 88' lang='lat' dir='ltr'><strong>lo-</strong></span> 
     </span>
    </p>
   </div>
   <div class='ocr_carea' id='block_1_62' title="bbox 2121 634 3695 715">
    <p class='ocr_par' dir='ltr' id='par_1_62' title="bbox 2121 634 3695 715">
     <span class='ocr_line' id='line_1_62' title="bbox 2121 634 3695 715; baseline 0.012 -32"><span class='ocrx_word' id='word_1_407' title='bbox 2121 634 2314 702; x_wconf 84' lang='lat' dir='ltr'><strong>quique</strong></span> <span class='ocrx_word' id='word_1_408' title='bbox 2336 643 2387 686; x_wconf 86' lang='lat' dir='ltr'><strong>et</strong></span> <span class='ocrx_word' id='word_1_409' title='bbox 2420 651 2537 688; x_wconf 87' lang='lat' dir='ltr'><strong>cum</strong></span> <span class='ocrx_word' id='word_1_410' title='bbox 2587 639 2832 703; x_wconf 80' lang='lat' dir='ltr'><strong>pessimis</strong></span> <span class='ocrx_word' id='word_1_411' title='bbox 2876 646 3158 697; x_wconf 78' lang='lat' dir='ltr'><strong>teconomis</strong></span> <span class='ocrx_word' id='word_1_412' title='bbox 3197 661 3303 697; x_wconf 87' lang='lat' dir='ltr'><strong>una</strong></span> <span class='ocrx_word' id='word_1_413' title='bbox 3335 647 3598 715; x_wconf 83' lang='lat' dir='ltr'><strong>conﬂuere</strong></span> <span class='ocrx_word' id='word_1_414' title='bbox 3628 652 3695 702; x_wconf 90' lang='lat' dir='ltr'><strong>ad</strong></span> 
     </span>
    </p>
   </div>
   <div class='ocr_carea' id='block_1_63' title="bbox 2116 724 3693 803">
    <p class='ocr_par' dir='ltr' id='par_1_63' title="bbox 2116 724 3693 803">
     <span class='ocr_line' id='line_1_63' title="bbox 2116 724 3693 803; baseline 0.011 -28"><span class='ocrx_word' id='word_1_415' title='bbox 2116 724 2461 790; x_wconf 78' lang='lat' dir='ltr'><strong>procuranda</strong></span> <span class='ocrx_word' id='word_1_416' title='bbox 2496 729 2667 782; x_wconf 82' lang='lat' dir='ltr'><strong>media</strong></span> <span class='ocrx_word' id='word_1_417' title='bbox 2706 732 2922 786; x_wconf 83' lang='lat' dir='ltr'><strong>uniouis</strong></span> <span class='ocrx_word' id='word_1_418' title='bbox 2957 741 3006 785; x_wconf 87' lang='lat' dir='ltr'><strong>et</strong></span> <span class='ocrx_word' id='word_1_419' title='bbox 3030 735 3420 803; x_wconf 82' lang='lat' dir='ltr'><strong>dispositionis.</strong></span> <span class='ocrx_word' id='word_1_420' title='bbox 3457 738 3533 793; x_wconf 86' lang='lat' dir='ltr'><strong>Ita</strong></span> <span class='ocrx_word' id='word_1_421' title='bbox 3576 758 3693 793; x_wconf 71' lang='lat' dir='ltr'><strong>ver-</strong></span> 
     </span>
    </p>
   </div>
   <div class='ocr_carea' id='block_1_64' title="bbox 2122 815 3691 899">
    <p class='ocr_par' dir='ltr' id='par_1_64' title="bbox 2122 815 3691 899">
     <span class='ocr_line' id='line_1_64' title="bbox 2122 815 3691 899; baseline 0.011 -31"><span class='ocrx_word' id='word_1_422' title='bbox 2122 815 2187 869; x_wconf 87' lang='lat' dir='ltr'><strong>tit</strong></span> <span class='ocrx_word' id='word_1_423' title='bbox 2216 817 2485 883; x_wconf 80' lang='lat' dir='ltr'><strong>Allatius;</strong></span> <span class='ocrx_word' id='word_1_424' title='bbox 2524 821 2721 876; x_wconf 87' lang='lat' dir='ltr'><strong>melius</strong></span> <span class='ocrx_word' id='word_1_425' title='bbox 2767 823 3023 890; x_wconf 83' lang='lat' dir='ltr'><strong>dixisset,</strong></span> <span class='ocrx_word' id='word_1_426' title='bbox 3060 828 3130 878; x_wconf 88' lang='lat' dir='ltr'><strong>ad</strong></span> <span class='ocrx_word' id='word_1_427' title='bbox 3166 827 3338 882; x_wconf 84' lang='lat' dir='ltr'><strong>media</strong></span> <span class='ocrx_word' id='word_1_428' title='bbox 3367 833 3610 899; x_wconf 74' lang='lat' dir='ltr'><strong>qttwdam</strong></span> <span class='ocrx_word' id='word_1_429' title='bbox 3643 845 3691 887; x_wconf 84' lang='lat' dir='ltr'><strong>et</strong></span> 
     </span>
    </p>
   </div>
   <div class='ocr_carea' id='block_1_65' title="bbox 2121 911 3692 984">
    <p class='ocr_par' dir='ltr' id='par_1_65' title="bbox 2121 911 3692 984">
     <span class='ocr_line' id='line_1_65' title="bbox 2121 911 3692 984; baseline 0.012 -26"><span class='ocrx_word' id='word_1_430' title='bbox 2121 915 2578 975; x_wconf 82' lang='lat' dir='ltr'><strong>temperamento;</strong></span> <span class='ocrx_word' id='word_1_431' title='bbox 2602 911 2655 965; x_wconf 89' lang='lat' dir='ltr'><strong>id</strong></span> <span class='ocrx_word' id='word_1_432' title='bbox 2686 913 2857 977; x_wconf 86' lang='lat' dir='ltr'><strong>enim,</strong></span> <span class='ocrx_word' id='word_1_433' title='bbox 2895 924 2952 967; x_wconf 91' lang='lat' dir='ltr'><strong>ut</strong></span> <span class='ocrx_word' id='word_1_434' title='bbox 2976 931 3044 969; x_wconf 81' lang='lat' dir='ltr'><strong>ex</strong></span> <span class='ocrx_word' id='word_1_435' title='bbox 3076 918 3228 972; x_wconf 80' lang='lat' dir='ltr'><strong>Actis</strong></span> <span class='ocrx_word' id='word_1_436' title='bbox 3260 932 3492 984; x_wconf 85' lang='lat' dir='ltr'><strong>constat,</strong></span> <span class='ocrx_word' id='word_1_437' title='bbox 3543 934 3692 976; x_wconf 77' lang='lat' dir='ltr'><strong>sata-</strong></span> 
     </span>
    </p>
   </div>
   <div class='ocr_carea' id='block_1_66' title="bbox 2119 997 3693 1077">
    <p class='ocr_par' dir='ltr' id='par_1_66' title="bbox 2119 997 3693 1077">
     <span class='ocr_line' id='line_1_66' title="bbox 2119 997 3693 1077; baseline 0.011 -27"><span class='ocrx_word' id='word_1_438' title='bbox 2119 997 2319 1066; x_wconf 89' lang='lat' dir='ltr'><strong>gebant</strong></span> <span class='ocrx_word' id='word_1_439' title='bbox 2350 1000 2652 1069; x_wconf 85' lang='lat' dir='ltr'><strong>imperator</strong></span> <span class='ocrx_word' id='word_1_440' title='bbox 2692 1015 2743 1057; x_wconf 85' lang='lat' dir='ltr'><strong>et</strong></span> <span class='ocrx_word' id='word_1_441' title='bbox 2795 1007 3127 1075; x_wconf 84' lang='lat' dir='ltr'><strong>patriarcha,</strong></span> <span class='ocrx_word' id='word_1_442' title='bbox 3174 1009 3488 1077; x_wconf 84' lang='lat' dir='ltr'><strong>Bessarion,</strong></span> <span class='ocrx_word' id='word_1_443' title='bbox 3524 1014 3693 1068; x_wconf 83' lang='lat' dir='ltr'><strong>Isido-</strong></span> 
     </span>
    </p>
   </div>
   <div class='ocr_carea' id='block_1_67' title="bbox 2122 1084 3691 1174">
    <p class='ocr_par' dir='ltr' id='par_1_67' title="bbox 2122 1084 3691 1174">
     <span class='ocr_line' id='line_1_67' title="bbox 2122 1084 3691 1174; baseline 0.012 -33"><span class='ocrx_word' id='word_1_444' title='bbox 2122 1103 2217 1143; x_wconf 87' lang='lat' dir='ltr'><strong>rus</strong></span> <span class='ocrx_word' id='word_1_445' title='bbox 2249 1101 2302 1144; x_wconf 91' lang='lat' dir='ltr'><strong>et</strong></span> <span class='ocrx_word' id='word_1_446' title='bbox 2326 1092 2441 1157; x_wconf 89' lang='lat' dir='ltr'><strong>alii,</strong></span> <span class='ocrx_word' id='word_1_447' title='bbox 2464 1108 2701 1162; x_wconf 89' lang='lat' dir='ltr'><strong>quorum</strong></span> <span class='ocrx_word' id='word_1_448' title='bbox 2741 1084 2793 1150; x_wconf 82' lang='lat' dir='ltr'><strong>in</strong></span> <span class='ocrx_word' id='word_1_449' title='bbox 2824 1114 3057 1153; x_wconf 90' lang='lat' dir='ltr'><strong>numero</strong></span> <span class='ocrx_word' id='word_1_450' title='bbox 3092 1114 3224 1155; x_wconf 85' lang='lat' dir='ltr'><strong>tunc</strong></span> <span class='ocrx_word' id='word_1_451' title='bbox 3268 1112 3387 1157; x_wconf 89' lang='lat' dir='ltr'><strong>crat</strong></span> <span class='ocrx_word' id='word_1_452' title='bbox 3424 1104 3691 1174; x_wconf 82' lang='lat' dir='ltr'><strong>Georgius</strong></span> 
     </span>
    </p>
   </div>
   <div class='ocr_carea' id='block_1_68' title="bbox 2123 1184 3692 1268">
    <p class='ocr_par' dir='ltr' id='par_1_68' title="bbox 2123 1184 3692 1268">
     <span class='ocr_line' id='line_1_68' title="bbox 2123 1184 3692 1268; baseline 0.011 -30"><span class='ocrx_word' id='word_1_453' title='bbox 2123 1184 2459 1252; x_wconf 87' lang='lat' dir='ltr'><strong>Scholarius,</strong></span> <span class='ocrx_word' id='word_1_454' title='bbox 2490 1190 2716 1244; x_wconf 87' lang='lat' dir='ltr'><strong>utsalva</strong></span> <span class='ocrx_word' id='word_1_455' title='bbox 2744 1191 3017 1260; x_wconf 86' lang='lat' dir='ltr'><strong>doctrina,</strong></span> <span class='ocrx_word' id='word_1_456' title='bbox 3051 1195 3368 1266; x_wconf 82' lang='lat' dir='ltr'><strong>integraque</strong></span> <span class='ocrx_word' id='word_1_457' title='bbox 3400 1198 3692 1268; x_wconf 85' lang='lat' dir='ltr'><strong>disciplina</strong></span> 
     </span>
    </p>
   </div>
   <div class='ocr_carea' id='block_1_69' title="bbox 2119 1280 3693 1353">
    <p class='ocr_par' dir='ltr' id='par_1_69' title="bbox 2119 1280 3693 1353">
     <span class='ocr_line' id='line_1_69' title="bbox 2119 1280 3693 1353; baseline 0.011 -25"><span class='ocrx_word' id='word_1_458' title='bbox 2119 1289 2258 1343; x_wconf 83' lang='lat' dir='ltr'><strong>quas</strong></span> <span class='ocrx_word' id='word_1_459' title='bbox 2290 1293 2319 1331; x_wconf 91' lang='lat' dir='ltr'><strong>a</strong></span> <span class='ocrx_word' id='word_1_460' title='bbox 2363 1280 2667 1348; x_wconf 88' lang='lat' dir='ltr'><strong>majoribus</strong></span> <span class='ocrx_word' id='word_1_461' title='bbox 2715 1295 3068 1353; x_wconf 87' lang='lat' dir='ltr'><strong>acceperant,</strong></span> <span class='ocrx_word' id='word_1_462' title='bbox 3102 1290 3400 1343; x_wconf 82' lang='lat' dir='ltr'><strong>concordia</strong></span> <span class='ocrx_word' id='word_1_463' title='bbox 3432 1306 3557 1345; x_wconf 90' lang='lat' dir='ltr'><strong>cum</strong></span> <span class='ocrx_word' id='word_1_464' title='bbox 3589 1290 3693 1345; x_wconf 89' lang='lat' dir='ltr'><strong>La-</strong></span> 
     </span>
    </p>
   </div>
   <div class='ocr_carea' id='block_1_70' title="bbox 2122 1368 2623 1428">
    <p class='ocr_par' dir='ltr' id='par_1_70' title="bbox 2122 1368 2623 1428">
     <span class='ocr_line' id='line_1_70' title="bbox 2122 1368 2623 1428; baseline 0.014 -7"><span class='ocrx_word' id='word_1_465' title='bbox 2122 1368 2252 1423; x_wconf 90' lang='lat' dir='ltr'><strong>tinis</strong></span> <span class='ocrx_word' id='word_1_466' title='bbox 2274 1371 2623 1428; x_wconf 85' lang='lat' dir='ltr'><strong>coalesceret.</strong></span> 
     </span>
    </p>
   </div>
   <div class='ocr_carea' id='block_1_71' title="bbox 2190 1481 3689 1569">
    <p class='ocr_par' dir='ltr' id='par_1_71' title="bbox 2190 1481 3689 1569">
     <span class='ocr_line' id='line_1_71' title="bbox 2190 1481 3689 1569; baseline 0.013 -33"><span class='ocrx_word' id='word_1_467' title='bbox 2190 1481 2347 1547; x_wconf 84' lang='lat' dir='ltr'><strong>Quod</strong></span> <span class='ocrx_word' id='word_1_468' title='bbox 2380 1499 2509 1540; x_wconf 81' lang='lat' dir='ltr'><strong>vero</strong></span> <span class='ocrx_word' id='word_1_469' title='bbox 2535 1490 2803 1557; x_wconf 86' lang='lat' dir='ltr'><strong>synodum</strong></span> <span class='ocrx_word' id='word_1_470' title='bbox 2836 1491 3208 1549; x_wconf 87' lang='lat' dir='ltr'><strong>Florentinam</strong></span> <span class='ocrx_word' id='word_1_471' title='bbox 3234 1497 3481 1567; x_wconf 80' lang='lat' dir='ltr'><strong>designet</strong></span> <span class='ocrx_word' id='word_1_472' title='bbox 3512 1500 3689 1569; x_wconf 63' lang='lat' dir='ltr'><strong>Ephr-</strong></span> 
     </span>
    </p>
   </div>
   <div class='ocr_carea' id='block_1_72' title="bbox 2118 1571 3687 1655">
    <p class='ocr_par' dir='ltr' id='par_1_72' title="bbox 2118 1571 3687 1655">
     <span class='ocr_line' id='line_1_72' title="bbox 2118 1571 3687 1655; baseline 0.012 -29"><span class='ocrx_word' id='word_1_473' title='bbox 2118 1571 2256 1638; x_wconf 87' lang='lat' dir='ltr'><strong>sius,</strong></span> <span class='ocrx_word' id='word_1_474' title='bbox 2298 1577 2536 1644; x_wconf 86' lang='lat' dir='ltr'><strong>probant</strong></span> <span class='ocrx_word' id='word_1_475' title='bbox 2597 1582 2991 1651; x_wconf 88' lang='lat' dir='ltr'><strong>subsequentia</strong></span> <span class='ocrx_word' id='word_1_476' title='bbox 3034 1586 3288 1655; x_wconf 52' lang='lat' dir='ltr'><strong>Epistolas</strong></span> <span class='ocrx_word' id='word_1_477' title='bbox 3324 1571 3487 1646; x_wconf 85' lang='lat' dir='ltr'><strong>verba</strong></span> <span class='ocrx_word' id='word_1_478' title='bbox 3544 1595 3687 1647; x_wconf 68' lang='grc' dir='ltr'>Ἀλλ·</span> 
     </span>
    </p>
   </div>
   <div class='ocr_carea' id='block_1_73' title="bbox 2117 1666 3690 1753">
    <p class='ocr_par' dir='ltr' id='par_1_73' title="bbox 2117 1666 3690 1753">
     <span class='ocr_line' id='line_1_73' title="bbox 2117 1666 3690 1753; baseline 0.015 -38"><span class='ocrx_word' id='word_1_479' title='bbox 2117 1666 2263 1733; x_wconf 73' lang='grc' dir='ltr'>ἐρεῖς</span> <span class='ocrx_word' id='word_1_480' title='bbox 2303 1669 2434 1731; x_wconf 83' lang='grc' dir='ltr'>ῐσως</span> <span class='ocrx_word' id='word_1_481' title='bbox 2461 1670 2535 1733; x_wconf 84' lang='grc' dir='ltr'><strong>ὡς</strong></span> <span class='ocrx_word' id='word_1_482' title='bbox 2576 1672 2675 1726; x_wconf 84' lang='grc' dir='ltr'><strong>οὐκ</strong></span> <span class='ocrx_word' id='word_1_483' title='bbox 2721 1675 2815 1727; x_wconf 74' lang='grc' dir='ltr'>ἐπὶ</span> <span class='ocrx_word' id='word_1_484' title='bbox 2871 1678 3133 1731; x_wconf 78' lang='grc' dir='ltr'>τάναντία</span> <span class='ocrx_word' id='word_1_485' title='bbox 3181 1680 3407 1748; x_wconf 82' lang='grc' dir='ltr'>γέγονεν</span> <span class='ocrx_word' id='word_1_486' title='bbox 3444 1685 3474 1753; x_wconf 78' lang='grc' dir='ltr'>ἡ</span> <span class='ocrx_word' id='word_1_487' title='bbox 3523 1689 3690 1752; x_wconf 61' lang='lat' dir='ltr'><strong>passi--</strong></span> 
     </span>
    </p>
   </div>
   <div class='ocr_carea' id='block_1_74' title="bbox 2119 1755 3691 1847">
    <p class='ocr_par' dir='ltr' id='par_1_74' title="bbox 2119 1755 3691 1847">
     <span class='ocr_line' id='line_1_74' title="bbox 2119 1755 3691 1847; baseline 0.015 -40"><span class='ocrx_word' id='word_1_488' title='bbox 2119 1755 2290 1820; x_wconf 85' lang='grc' dir='ltr'>θεσις,</span> <span class='ocrx_word' id='word_1_489' title='bbox 2329 1761 2605 1833; x_wconf 82' lang='grc' dir='ltr'>μεσότητα</span> <span class='ocrx_word' id='word_1_490' title='bbox 2649 1765 2705 1817; x_wconf 82' lang='grc' dir='ltr'><strong>δέ</strong></span> <span class='ocrx_word' id='word_1_491' title='bbox 2754 1782 2879 1819; x_wconf 82' lang='grc' dir='ltr'>τινα</span> <span class='ocrx_word' id='word_1_492' title='bbox 2914 1770 3006 1822; x_wconf 77' lang='grc' dir='ltr'><strong>καὶ</strong></span> <span class='ocrx_word' id='word_1_493' title='bbox 3056 1771 3372 1842; x_wconf 77' lang='grc' dir='ltr'>οἰκονομίαν</span> <span class='ocrx_word' id='word_1_494' title='bbox 3425 1792 3691 1847; x_wconf 73' lang='grc' dir='ltr'>περισκοο</span> 
     </span>
    </p>
   </div>
   <div class='ocr_carea' id='block_1_75' title="bbox 2118 1847 3694 1935">
    <p class='ocr_par' dir='ltr' id='par_1_75' title="bbox 2118 1847 3694 1935">
     <span class='ocr_line' id='line_1_75' title="bbox 2118 1847 3694 1935; baseline 0.016 -38"><span class='ocrx_word' id='word_1_495' title='bbox 2118 1847 2328 1917; x_wconf 78' lang='grc' dir='ltr'>ποῦμεν</span> <span class='ocrx_word' id='word_1_496' title='bbox 2353 1866 2367 1879; x_wconf 82' lang='grc'><strong>“</strong></span> <span class='ocrx_word' id='word_1_497' title='bbox 2396 1852 2649 1927; x_wconf 80' lang='grc' dir='ltr'>οὐδέποτε</span> <span class='ocrx_word' id='word_1_498' title='bbox 2682 1856 2769 1909; x_wconf 69' lang='grc' dir='ltr'><strong>διὰ</strong></span> <span class='ocrx_word' id='word_1_499' title='bbox 2821 1861 3137 1929; x_wconf 67' lang='grc' dir='ltr'>μεσότητος,</span> <span class='ocrx_word' id='word_1_500' title='bbox 3174 1865 3450 1935; x_wconf 83' lang='grc' dir='ltr'>ἄνθρωπε,</span> <span class='ocrx_word' id='word_1_501' title='bbox 3486 1871 3552 1921; x_wconf 85' lang='grc' dir='ltr'>τὰ</span> <span class='ocrx_word' id='word_1_502' title='bbox 3604 1872 3694 1924; x_wconf 82' lang='grc' dir='ltr'><strong>ἐκ-</strong></span> 
     </span>
    </p>
   </div>
   <div class='ocr_carea' id='block_1_76' title="bbox 2116 2118 3689 2210">
    <p class='ocr_par' dir='ltr' id='par_1_76' title="bbox 2116 2118 3689 2210">
     <span class='ocr_line' id='line_1_76' title="bbox 2116 2118 3689 2210; baseline 0.016 -38"><span class='ocrx_word' id='word_1_503' title='bbox 2116 2118 2310 2174; x_wconf 83' lang='lat' dir='ltr'><strong>tionem</strong></span> <span class='ocrx_word' id='word_1_504' title='bbox 2342 2124 2567 2194; x_wconf 78' lang='lat' dir='ltr'><strong>factum,</strong></span> <span class='ocrx_word' id='word_1_505' title='bbox 2608 2132 2836 2185; x_wconf 89' lang='lat' dir='ltr'><strong>medium</strong></span> <span class='ocrx_word' id='word_1_506' title='bbox 2870 2150 2988 2188; x_wconf 86' lang='lat' dir='ltr'><strong>vero</strong></span> <span class='ocrx_word' id='word_1_507' title='bbox 3043 2139 3310 2205; x_wconf 85' lang='lat' dir='ltr'><strong>quoddam</strong></span> <span class='ocrx_word' id='word_1_508' title='bbox 3347 2152 3396 2193; x_wconf 90' lang='lat' dir='ltr'><strong>et</strong></span> <span class='ocrx_word' id='word_1_509' title='bbox 3429 2150 3689 2210; x_wconf 83' lang='lat' dir='ltr'><strong>tempera-</strong></span> 
     </span>
    </p>
   </div>
   <div class='ocr_carea' id='block_1_77' title="bbox 2116 2216 3691 2302">
    <p class='ocr_par' dir='ltr' id='par_1_77' title="bbox 2116 2216 3691 2302">
     <span class='ocr_line' id='line_1_77' title="bbox 2116 2216 3691 2302; baseline 0.017 -39"><span class='ocrx_word' id='word_1_510' title='bbox 2116 2221 2348 2267; x_wconf 81' lang='lat' dir='ltr'><strong>mentum</strong></span> <span class='ocrx_word' id='word_1_511' title='bbox 2390 2216 2793 2291; x_wconf 79' lang='lat' dir='ltr'><strong>investigamus.</strong></span> <span class='ocrx_word' id='word_1_512' title='bbox 2828 2223 3135 2294; x_wconf 84' lang='lat' dir='ltr'><strong>Nusquam,</strong></span> <span class='ocrx_word' id='word_1_513' title='bbox 3187 2231 3261 2283; x_wconf 88' lang='lat' dir='ltr'><strong>mi</strong></span> <span class='ocrx_word' id='word_1_514' title='bbox 3311 2233 3485 2297; x_wconf 85' lang='lat' dir='ltr'><strong>homo,</strong></span> <span class='ocrx_word' id='word_1_515' title='bbox 3543 2237 3691 2302; x_wconf 85' lang='lat' dir='ltr'><strong>ejus-</strong></span> 
     </span>
    </p>
   </div>
   <div class='ocr_carea' id='block_1_78' title="bbox 2115 2306 3692 2393">
    <p class='ocr_par' dir='ltr' id='par_1_78' title="bbox 2115 2306 3692 2393">
     <span class='ocr_line' id='line_1_78' title="bbox 2115 2306 3692 2393; baseline 0.015 -35"><span class='ocrx_word' id='word_1_516' title='bbox 2115 2306 2261 2359; x_wconf 86' lang='lat' dir='ltr'><strong>modi</strong></span> <span class='ocrx_word' id='word_1_517' title='bbox 2290 2308 2477 2364; x_wconf 88' lang='lat' dir='ltr'><strong>mediis</strong></span> <span class='ocrx_word' id='word_1_518' title='bbox 2526 2327 2609 2367; x_wconf 87' lang='lat' dir='ltr'><strong>res</strong></span> <span class='ocrx_word' id='word_1_519' title='bbox 2660 2316 3035 2374; x_wconf 76' lang='lat' dir='ltr'><strong>ecclesiastica:</strong></span> <span class='ocrx_word' id='word_1_520' title='bbox 3075 2322 3128 2375; x_wconf 87' lang='lat' dir='ltr'><strong>in</strong></span> <span class='ocrx_word' id='word_1_521' title='bbox 3161 2323 3347 2377; x_wconf 85' lang='lat' dir='ltr'><strong>melius</strong></span> <span class='ocrx_word' id='word_1_522' title='bbox 3384 2327 3692 2393; x_wconf 64' lang='lat' dir='ltr'><strong>reformatae</strong></span> 
     </span>
    </p>
   </div>
   <div class='ocr_carea' id='block_1_79' title="bbox 2113 2400 3688 2473">
    <p class='ocr_par' dir='ltr' id='par_1_79' title="bbox 2113 2400 3688 2473">
     <span class='ocr_line' id='line_1_79' title="bbox 2113 2400 3688 2473; baseline 0.017 -25"><span class='ocrx_word' id='word_1_523' title='bbox 2113 2406 2275 2455; x_wconf 80' lang='lat' dir='ltr'><strong>sunt:</strong></span> <span class='ocrx_word' id='word_1_524' title='bbox 2307 2400 2537 2457; x_wconf 86' lang='lat' dir='ltr'><strong>medium</strong></span> <span class='ocrx_word' id='word_1_525' title='bbox 2592 2406 2731 2460; x_wconf 87' lang='lat' dir='ltr'><strong>inter</strong></span> <span class='ocrx_word' id='word_1_526' title='bbox 2779 2411 3053 2465; x_wconf 87' lang='lat' dir='ltr'><strong>veritatem</strong></span> <span class='ocrx_word' id='word_1_527' title='bbox 3099 2424 3148 2467; x_wconf 89' lang='lat' dir='ltr'><strong>et</strong></span> <span class='ocrx_word' id='word_1_528' title='bbox 3200 2419 3534 2471; x_wconf 81' lang='lat' dir='ltr'><strong>mendacium</strong></span> <span class='ocrx_word' id='word_1_529' title='bbox 3566 2422 3688 2473; x_wconf 81' lang='lat' dir='ltr'><strong>nul—</strong></span> 
     </span>
    </p>
   </div>
   <div class='ocr_carea' id='block_1_80' title="bbox 2111 2488 3685 2582">
    <p class='ocr_par' dir='ltr' id='par_1_80' title="bbox 2111 2488 3685 2582">
     <span class='ocr_line' id='line_1_80' title="bbox 2111 2488 3685 2582; baseline 0.019 -42"><span class='ocrx_word' id='word_1_530' title='bbox 2111 2488 2221 2543; x_wconf 84' lang='lat' dir='ltr'><strong>lum</strong></span> <span class='ocrx_word' id='word_1_531' title='bbox 2252 2501 2351 2546; x_wconf 87' lang='lat' dir='ltr'><strong>est.</strong></span> <span class='ocrx_word' id='word_1_532' title='bbox 2384 2492 2532 2550; x_wconf 85' lang='lat' dir='ltr'><strong>Citat</strong></span> <span class='ocrx_word' id='word_1_533' title='bbox 2564 2499 2727 2552; x_wconf 86' lang='lat' dir='ltr'><strong>verba</strong></span> <span class='ocrx_word' id='word_1_534' title='bbox 2771 2501 3022 2572; x_wconf 83' lang='lat' dir='ltr'><strong>Gregorii</strong></span> <span class='ocrx_word' id='word_1_535' title='bbox 3061 2505 3319 2578; x_wconf 82' lang='lat' dir='ltr'><strong>Theologi</strong></span> <span class='ocrx_word' id='word_1_536' title='bbox 3367 2515 3430 2566; x_wconf 90' lang='lat' dir='ltr'><strong>de</strong></span> <span class='ocrx_word' id='word_1_537' title='bbox 3462 2516 3685 2582; x_wconf 74' lang='lat' dir='ltr'><strong>synolis</strong></span> 
     </span>
    </p>
   </div>
   <div class='ocr_carea' id='block_1_81' title="bbox 2114 2583 3682 2666">
    <p class='ocr_par' dir='ltr' id='par_1_81' title="bbox 2114 2583 3682 2666">
     <span class='ocr_line' id='line_1_81' title="bbox 2114 2583 3682 2666; baseline 0.017 -32"><span class='ocrx_word' id='word_1_538' title='bbox 2114 2583 2465 2653; x_wconf 84' lang='lat' dir='ltr'><strong>Arianorum,</strong></span> <span class='ocrx_word' id='word_1_539' title='bbox 2500 2603 2638 2659; x_wconf 88' lang='lat' dir='ltr'><strong>quas</strong></span> <span class='ocrx_word' id='word_1_540' title='bbox 2674 2592 2891 2662; x_wconf 64' lang='lat' dir='ltr'><strong>Caiphae</strong></span> <span class='ocrx_word' id='word_1_541' title='bbox 2937 2600 3234 2653; x_wconf 88' lang='lat' dir='ltr'><strong>concilium</strong></span> <span class='ocrx_word' id='word_1_542' title='bbox 3295 2608 3552 2666; x_wconf 78' lang='lat' dir='ltr'><strong>vocabat,</strong></span> <span class='ocrx_word' id='word_1_543' title='bbox 3593 2610 3682 2660; x_wconf 88' lang='lat' dir='ltr'><strong>tthi</strong></span> 
     </span>
    </p>
   </div>
   <div class='ocr_carea' id='block_1_82' title="bbox 2111 2673 3683 2767">
    <p class='ocr_par' dir='ltr' id='par_1_82' title="bbox 2111 2673 3683 2767">
     <span class='ocr_line' id='line_1_82' title="bbox 2111 2673 3683 2767; baseline 0.017 -41"><span class='ocrx_word' id='word_1_544' title='bbox 2111 2673 2367 2731; x_wconf 78' lang='lat' dir='ltr'><strong>Christus</strong></span> <span class='ocrx_word' id='word_1_545' title='bbox 2392 2681 2795 2765; x_wconf 87' lang='lat' dir='ltr'><strong>condemnatus</strong></span> <span class='ocrx_word' id='word_1_546' title='bbox 2828 2700 2996 2754; x_wconf 88' lang='lat' dir='ltr'><strong>esset,</strong></span> <span class='ocrx_word' id='word_1_547' title='bbox 3049 2706 3173 2746; x_wconf 79' lang='lat' dir='ltr'><strong>mox</strong></span> <span class='ocrx_word' id='word_1_548' title='bbox 3208 2694 3355 2748; x_wconf 87' lang='lat' dir='ltr'><strong>addit</strong></span> <span class='ocrx_word' id='word_1_549' title='bbox 3386 2714 3399 2749; x_wconf 90' lang='lat'><strong>:</strong></span> <span class='ocrx_word' id='word_1_550' title='bbox 3435 2694 3559 2767; x_wconf 71' lang='grc' dir='ltr'><strong>Ἆρ’</strong></span> <span class='ocrx_word' id='word_1_551' title='bbox 3619 2701 3683 2753; x_wconf 82' lang='grc' dir='ltr'>οὐ</span> 
     </span>
    </p>
   </div>
   <div class='ocr_carea' id='block_1_83' title="bbox 2113 2772 3684 2857">
    <p class='ocr_par' dir='ltr' id='par_1_83' title="bbox 2113 2772 3684 2857">
     <span class='ocr_line' id='line_1_83' title="bbox 2113 2772 3684 2857; baseline 0.018 -40"><span class='ocrx_word' id='word_1_552' title='bbox 2113 2772 2380 2839; x_wconf 79' lang='grc' dir='ltr'>προσήκει</span> <span class='ocrx_word' id='word_1_553' title='bbox 2410 2773 2585 2828; x_wconf 83' lang='grc' dir='ltr'>ταῦτα</span> <span class='ocrx_word' id='word_1_554' title='bbox 2625 2778 2689 2846; x_wconf 80' lang='grc' dir='ltr'>τῇ</span> <span class='ocrx_word' id='word_1_555' title='bbox 2723 2777 2816 2831; x_wconf 82' lang='grc' dir='ltr'>νῦν</span> <span class='ocrx_word' id='word_1_556' title='bbox 2843 2782 3095 2852; x_wconf 81' lang='grc' dir='ltr'>ἡμετέρᾳ</span> <span class='ocrx_word' id='word_1_557' title='bbox 3137 2787 3380 2857; x_wconf 77' lang='grc' dir='ltr'>συνόδῳ·</span> <span class='ocrx_word' id='word_1_558' title='bbox 3419 2793 3509 2842; x_wconf 81' lang='grc' dir='ltr'><strong>καὶ</strong></span> <span class='ocrx_word' id='word_1_559' title='bbox 3544 2793 3684 2845; x_wconf 75' lang='grc' dir='ltr'>πάνυ</span> 
     </span>
    </p>
   </div>
   <div class='ocr_carea' id='block_1_84' title="bbox 2114 2858 3689 2939">
    <p class='ocr_par' dir='ltr' id='par_1_84' title="bbox 2114 2858 3689 2939">
     <span class='ocr_line' id='line_1_84' title="bbox 2114 2858 3689 2939; baseline 0.018 -28"><span class='ocrx_word' id='word_1_560' title='bbox 2114 2858 2214 2929; x_wconf 81' lang='grc' dir='ltr'>μὲν</span> <span class='ocrx_word' id='word_1_561' title='bbox 2243 2860 2359 2927; x_wconf 83' lang='grc' dir='ltr'>οὖν,</span> <span class='ocrx_word' id='word_1_562' title='bbox 2419 2864 2586 2935; x_wconf 82' lang='grc' dir='ltr'>φαίην</span> <span class='ocrx_word' id='word_1_563' title='bbox 2634 2870 2697 2921; x_wconf 74' lang='grc' dir='ltr'>ἂν</span> <span class='ocrx_word' id='word_1_564' title='bbox 2764 2871 2962 2939; x_wconf 79' lang='grc' dir='ltr'><strong>ἔγωγε,</strong></span> <span class='ocrx_word' id='word_1_565' title='bbox 3052 2875 3117 2930; x_wconf 88' lang='lat' dir='ltr'><strong>Et</strong></span> <span class='ocrx_word' id='word_1_566' title='bbox 3156 2879 3294 2933; x_wconf 88' lang='lat' dir='ltr'><strong>inl&#39;ra</strong></span> <span class='ocrx_word' id='word_1_567' title='bbox 3332 2899 3345 2935; x_wconf 90' lang='lat'><strong>:</strong></span> <span class='ocrx_word' id='word_1_568' title='bbox 3382 2884 3486 2936; x_wconf 76' lang='grc' dir='ltr'><strong>Καὶ</strong></span> <span class='ocrx_word' id='word_1_569' title='bbox 3545 2888 3689 2939; x_wconf 67' lang='grc' dir='ltr'>ἔστὶν</span> 
     </span>
    </p>
   </div>
   <div class='ocr_carea' id='block_1_85' title="bbox 2116 3237 3690 3314">
    <p class='ocr_par' dir='ltr' id='par_1_85' title="bbox 2116 3237 3690 3314">
     <span class='ocr_line' id='line_1_85' title="bbox 2116 3237 3690 3314; baseline 0.017 -31"><span class='ocrx_word' id='word_1_570' title='bbox 2116 3237 2277 3297; x_wconf 88' lang='lat' dir='ltr'><strong>nodo,</strong></span> <span class='ocrx_word' id='word_1_571' title='bbox 2311 3244 2360 3287; x_wconf 89' lang='lat' dir='ltr'><strong>et</strong></span> <span class='ocrx_word' id='word_1_572' title='bbox 2396 3238 2612 3291; x_wconf 87' lang='lat' dir='ltr'><strong>omnino</strong></span> <span class='ocrx_word' id='word_1_573' title='bbox 2643 3257 2770 3295; x_wconf 81' lang='lat' dir='ltr'><strong>sane</strong></span> <span class='ocrx_word' id='word_1_574' title='bbox 2826 3261 2940 3296; x_wconf 88' lang='lat' dir='ltr'><strong>mea</strong></span> <span class='ocrx_word' id='word_1_575' title='bbox 2978 3248 3187 3314; x_wconf 87' lang='lat' dir='ltr'><strong>quidem</strong></span> <span class='ocrx_word' id='word_1_576' title='bbox 3226 3256 3560 3311; x_wconf 82' lang='lat' dir='ltr'><strong>sententia...</strong></span> <span class='ocrx_word' id='word_1_577' title='bbox 3596 3258 3690 3310; x_wconf 84' lang='lat' dir='ltr'><strong>Tc-</strong></span> 
     </span>
    </p>
   </div>
   <div class='ocr_carea' id='block_1_86' title="bbox 2116 3324 3689 3415">
    <p class='ocr_par' dir='ltr' id='par_1_86' title="bbox 2116 3324 3689 3415">
     <span class='ocr_line' id='line_1_86' title="bbox 2116 3324 3689 3415; baseline 0.018 -39"><span class='ocrx_word' id='word_1_578' title='bbox 2116 3324 2221 3377; x_wconf 83' lang='lat' dir='ltr'><strong>lam</strong></span> <span class='ocrx_word' id='word_1_579' title='bbox 2255 3343 2579 3383; x_wconf 87' lang='lat' dir='ltr'><strong>aranearum</strong></span> <span class='ocrx_word' id='word_1_580' title='bbox 2616 3342 2842 3399; x_wconf 69' lang='lat' dir='ltr'><strong>texunt;</strong></span> <span class='ocrx_word' id='word_1_581' title='bbox 2878 3353 2995 3391; x_wconf 82' lang='lat' dir='ltr'><strong>vere</strong></span> <span class='ocrx_word' id='word_1_582' title='bbox 3038 3341 3175 3393; x_wconf 86' lang='lat' dir='ltr'><strong>enim</strong></span> <span class='ocrx_word' id='word_1_583' title='bbox 3204 3359 3417 3398; x_wconf 72' lang='lat' dir='ltr'><strong>aranea:</strong></span> <span class='ocrx_word' id='word_1_584' title='bbox 3454 3348 3556 3401; x_wconf 85' lang='lat' dir='ltr'><strong>tela</strong></span> <span class='ocrx_word' id='word_1_585' title='bbox 3587 3361 3689 3415; x_wconf 84' lang='lat' dir='ltr'><strong>est,</strong></span> 
     </span>
    </p>
   </div>
   <div class='ocr_carea' id='block_1_87' title="bbox 2114 3422 3690 3504">
    <p class='ocr_par' dir='ltr' id='par_1_87' title="bbox 2114 3422 3690 3504">
     <span class='ocr_line' id='line_1_87' title="bbox 2114 3422 3690 3504; baseline 0.016 -35"><span class='ocrx_word' id='word_1_586' title='bbox 2114 3422 2402 3487; x_wconf 80' lang='lat' dir='ltr'><strong>composita</strong></span> <span class='ocrx_word' id='word_1_587' title='bbox 2430 3431 2481 3475; x_wconf 87' lang='lat' dir='ltr'><strong>et</strong></span> <span class='ocrx_word' id='word_1_588' title='bbox 2530 3422 2595 3476; x_wconf 86' lang='lat' dir='ltr'><strong>ab</strong></span> <span class='ocrx_word' id='word_1_589' title='bbox 2642 3425 2768 3493; x_wconf 87' lang='lat' dir='ltr'><strong>ipsis</strong></span> <span class='ocrx_word' id='word_1_590' title='bbox 2820 3430 3096 3486; x_wconf 84' lang='lat' dir='ltr'><strong>nominata</strong></span> <span class='ocrx_word' id='word_1_591' title='bbox 3130 3434 3395 3504; x_wconf 78' lang='lat' dir='ltr'><strong>deﬁnitio.</strong></span> <span class='ocrx_word' id='word_1_592' title='bbox 3430 3438 3690 3495; x_wconf 79' lang='lat' dir='ltr'><strong>Hortatur</strong></span> 
     </span>
    </p>
   </div>
   <div class='ocr_carea' id='block_1_88' title="bbox 2114 3508 3689 3599">
    <p class='ocr_par' dir='ltr' id='par_1_88' title="bbox 2114 3508 3689 3599">
     <span class='ocr_line' id='line_1_88' title="bbox 2114 3508 3689 3599; baseline 0.017 -38"><span class='ocrx_word' id='word_1_593' title='bbox 2114 3508 2301 3579; x_wconf 59' lang='lat' dir='ltr'><strong>fugi-re</strong></span> <span class='ocrx_word' id='word_1_594' title='bbox 2356 3512 2655 3570; x_wconf 89' lang='lat' dir='ltr'><strong>Sodomam</strong></span> <span class='ocrx_word' id='word_1_595' title='bbox 2717 3527 2770 3573; x_wconf 85' lang='lat' dir='ltr'><strong>et</strong></span> <span class='ocrx_word' id='word_1_596' title='bbox 2840 3520 3207 3579; x_wconf 84' lang='lat' dir='ltr'><strong>Gmnorrhatn</strong></span> <span class='ocrx_word' id='word_1_597' title='bbox 3260 3546 3273 3585; x_wconf 91' lang='lat'><strong>:</strong></span> <span class='ocrx_word' id='word_1_598' title='bbox 3327 3534 3689 3599; x_wconf 79' lang='lat' dir='ltr'><strong>t‘eptehentltt</strong></span> 
     </span>
    </p>
   </div>
   <div class='ocr_carea' id='block_1_89' title="bbox 2114 3604 3690 3684">
    <p class='ocr_par' dir='ltr' id='par_1_89' title="bbox 2114 3604 3690 3684">
     <span class='ocr_line' id='line_1_89' title="bbox 2114 3604 3690 3684; baseline 0.017 -31"><span class='ocrx_word' id='word_1_599' title='bbox 2114 3604 2258 3670; x_wconf 91' lang='lat' dir='ltr'><strong>quod</strong></span> <span class='ocrx_word' id='word_1_600' title='bbox 2290 3604 2575 3673; x_wconf 84' lang='lat' dir='ltr'><strong>dignitatis</strong></span> <span class='ocrx_word' id='word_1_601' title='bbox 2612 3621 2665 3662; x_wconf 92' lang='lat' dir='ltr'><strong>et</strong></span> <span class='ocrx_word' id='word_1_602' title='bbox 2702 3612 3020 3667; x_wconf 84' lang='lat' dir='ltr'><strong>divitiarum</strong></span> <span class='ocrx_word' id='word_1_603' title='bbox 3084 3634 3255 3684; x_wconf 88' lang='lat' dir='ltr'><strong>amor,</strong></span> <span class='ocrx_word' id='word_1_604' title='bbox 3301 3632 3349 3674; x_wconf 89' lang='lat' dir='ltr'><strong>et</strong></span> <span class='ocrx_word' id='word_1_605' title='bbox 3382 3625 3488 3677; x_wconf 88' lang='lat' dir='ltr'><strong>alia</strong></span> <span class='ocrx_word' id='word_1_606' title='bbox 3533 3643 3690 3679; x_wconf 85' lang='lat' dir='ltr'><strong>Inun-</strong></span> 
     </span>
    </p>
   </div>
   <div class='ocr_carea' id='block_1_90' title="bbox 2111 3694 3689 3785">
    <p class='ocr_par' dir='ltr' id='par_1_90' title="bbox 2111 3694 3689 3785">
     <span class='ocr_line' id='line_1_90' title="bbox 2111 3694 3689 3785; baseline 0.016 -39"><span class='ocrx_word' id='word_1_607' title='bbox 2111 3694 2253 3747; x_wconf 88' lang='lat' dir='ltr'><strong>dana</strong></span> <span class='ocrx_word' id='word_1_608' title='bbox 2290 3699 2576 3755; x_wconf 87' lang='lat' dir='ltr'><strong>commoda</strong></span> <span class='ocrx_word' id='word_1_609' title='bbox 2633 3716 2760 3755; x_wconf 90' lang='lat' dir='ltr'><strong>eum</strong></span> <span class='ocrx_word' id='word_1_610' title='bbox 2816 3710 3391 3779; x_wconf 79' lang='lat' dir='ltr'><strong>perverterint,jul:et</strong></span> <span class='ocrx_word' id='word_1_611' title='bbox 3449 3717 3689 3785; x_wconf 76' lang='lat' dir='ltr'><strong>cogitare</strong></span> 
     </span>
    </p>
   </div>
   <div class='ocr_carea' id='block_1_91' title="bbox 2111 3788 3682 3873">
    <p class='ocr_par' dir='ltr' id='par_1_91' title="bbox 2111 3788 3682 3873">
     <span class='ocr_line' id='line_1_91' title="bbox 2111 3788 3682 3873; baseline 0.018 -34"><span class='ocrx_word' id='word_1_612' title='bbox 2111 3802 2275 3855; x_wconf 89' lang='lat' dir='ltr'><strong>quam</strong></span> <span class='ocrx_word' id='word_1_613' title='bbox 2307 3788 2416 3844; x_wconf 86' lang='lat' dir='ltr'><strong>cito</strong></span> <span class='ocrx_word' id='word_1_614' title='bbox 2455 3790 2614 3845; x_wconf 88' lang='lat' dir='ltr'><strong>linem</strong></span> <span class='ocrx_word' id='word_1_615' title='bbox 2648 3803 2938 3865; x_wconf 84' lang='lat' dir='ltr'><strong>acceptura</strong></span> <span class='ocrx_word' id='word_1_616' title='bbox 2995 3800 3106 3855; x_wconf 89' lang='lat' dir='ltr'><strong>sint</strong></span> <span class='ocrx_word' id='word_1_617' title='bbox 3136 3816 3187 3857; x_wconf 86' lang='lat' dir='ltr'><strong>et</strong></span> <span class='ocrx_word' id='word_1_618' title='bbox 3220 3806 3489 3873; x_wconf 72' lang='lat' dir='ltr'><strong>judicium</strong></span> <span class='ocrx_word' id='word_1_619' title='bbox 3544 3813 3682 3866; x_wconf 81' lang='lat' dir='ltr'><strong>sub-</strong></span> 
     </span>
    </p>
   </div>
   <div class='ocr_carea' id='block_1_92' title="bbox 2110 3881 3685 3970">
    <p class='ocr_par' dir='ltr' id='par_1_92' title="bbox 2110 3881 3685 3970">
     <span class='ocr_line' id='line_1_92' title="bbox 2110 3881 3685 3970; baseline 0.015 -38"><span class='ocrx_word' id='word_1_620' title='bbox 2110 3881 2375 3936; x_wconf 82' lang='lat' dir='ltr'><strong>eundum.</strong></span> <span class='ocrx_word' id='word_1_621' title='bbox 2419 3885 2629 3955; x_wconf 82' lang='grc' dir='ltr'>’Ὠσπερ</span> <span class='ocrx_word' id='word_1_622' title='bbox 2681 3887 3100 3959; x_wconf 75' lang='grc' dir='ltr'>ἡψευδώνυμος</span> <span class='ocrx_word' id='word_1_623' title='bbox 3168 3896 3383 3959; x_wconf 70' lang='grc' dir='ltr'>σύνοδος</span> <span class='ocrx_word' id='word_1_624' title='bbox 3447 3902 3685 3970; x_wconf 73' lang='grc' dir='ltr'>ἀπαιτή-</span> 
     </span>
    </p>
   </div>
   <div class='ocr_carea' id='block_1_93' title="bbox 2111 3972 3733 4059">
    <p class='ocr_par' dir='ltr' id='par_1_93' title="bbox 2111 3972 3733 4059">
     <span class='ocr_line' id='line_1_93' title="bbox 2111 3972 3733 4059; baseline 0.014 -36"><span class='ocrx_word' id='word_1_625' title='bbox 2111 3989 2265 4026; x_wconf 84' lang='grc' dir='ltr'>σεται</span> <span class='ocrx_word' id='word_1_626' title='bbox 2304 3976 2363 4027; x_wconf 76' lang='grc' dir='ltr'><strong>τὸ</strong></span> <span class='ocrx_word' id='word_1_627' title='bbox 2394 3972 2535 4046; x_wconf 79' lang='grc' dir='ltr'>αἷμα</span> <span class='ocrx_word' id='word_1_628' title='bbox 2571 3979 2681 4031; x_wconf 84' lang='grc' dir='ltr'><strong>τῶν</strong></span> <span class='ocrx_word' id='word_1_629' title='bbox 2712 3982 3106 4052; x_wconf 78' lang='grc' dir='ltr'>ἀπολλυμένων</span> <span class='ocrx_word' id='word_1_630' title='bbox 3141 3989 3352 4059; x_wconf 62' lang='grc' dir='ltr'>ψυχῶν,</span> <span class='ocrx_word' id='word_1_631' title='bbox 3381 3993 3487 4045; x_wconf 79' lang='grc' dir='ltr'><strong>τῶν</strong></span> <span class='ocrx_word' id='word_1_632' title='bbox 3525 4012 3685 4047; x_wconf 67' lang='lat' dir='ltr'><strong>amv-</strong></span> <span class='ocrx_word' id='word_1_633' title='bbox 3732 3972 3733 3975; x_wconf 8' lang='grc' dir='ltr'>Ἴ</span> 
     </span>
    </p>
   </div>
   <div class='ocr_carea' id='block_1_94' title="bbox 2108 4064 3685 4152">
    <p class='ocr_par' dir='ltr' id='par_1_94' title="bbox 2108 4064 3685 4152">
     <span class='ocr_line' id='line_1_94' title="bbox 2108 4064 3685 4152; baseline 0.015 -38"><span class='ocrx_word' id='word_1_634' title='bbox 2108 4064 2468 4121; x_wconf 79' lang='grc' dir='ltr'>δαλισθέντων</span> <span class='ocrx_word' id='word_1_635' title='bbox 2509 4072 2602 4124; x_wconf 79' lang='grc' dir='ltr'>ἐπὶ</span> <span class='ocrx_word' id='word_1_636' title='bbox 2655 4072 2734 4143; x_wconf 82' lang='grc' dir='ltr'>τῷ</span> <span class='ocrx_word' id='word_1_637' title='bbox 2788 4078 3077 4147; x_wconf 73' lang='grc' dir='ltr'>μυστηρίῳ</span> <span class='ocrx_word' id='word_1_638' title='bbox 3131 4084 3231 4147; x_wconf 76' lang='grc' dir='ltr'>τῆς</span> <span class='ocrx_word' id='word_1_639' title='bbox 3278 4083 3538 4152; x_wconf 77' lang='grc' dir='ltr'>πίστεως,</span> <span class='ocrx_word' id='word_1_640' title='bbox 3578 4090 3685 4139; x_wconf 76' lang='grc' dir='ltr'>τῶν</span> 
     </span>
    </p>
   </div>
   <div class='ocr_carea' id='block_1_95' title="bbox 2108 4156 3686 4246">
    <p class='ocr_par' dir='ltr' id='par_1_95' title="bbox 2108 4156 3686 4246">
     <span class='ocr_line' id='line_1_95' title="bbox 2108 4156 3686 4246; baseline 0.016 -39"><span class='ocrx_word' id='word_1_641' title='bbox 2108 4156 2206 4226; x_wconf 80' lang='grc' dir='ltr'><strong>τὴν</strong></span> <span class='ocrx_word' id='word_1_642' title='bbox 2244 4159 2517 4231; x_wconf 81' lang='grc' dir='ltr'>ἀφόρητον</span> <span class='ocrx_word' id='word_1_643' title='bbox 2568 4163 2919 4237; x_wconf 79' lang='grc' dir='ltr'>βλασφημίαν</span> <span class='ocrx_word' id='word_1_644' title='bbox 2975 4172 3069 4224; x_wconf 70' lang='grc' dir='ltr'>καὶ</span> <span class='ocrx_word' id='word_1_645' title='bbox 3111 4176 3503 4246; x_wconf 71' lang='grc' dir='ltr'>ἀσυγχώρητον</span> <span class='ocrx_word' id='word_1_646' title='bbox 3562 4186 3686 4243; x_wconf 81' lang='grc' dir='ltr'>ταῖς</span> 
     </span>
    </p>
   </div>
   <div class='ocr_carea' id='block_1_96' title="bbox 2107 4249 3681 4340">
    <p class='ocr_par' dir='ltr' id='par_1_96' title="bbox 2107 4249 3681 4340">
     <span class='ocr_line' id='line_1_96' title="bbox 2107 4249 3681 4340; baseline 0.015 -39"><span class='ocrx_word' id='word_1_647' title='bbox 2107 4249 2308 4320; x_wconf 79' lang='grc' dir='ltr'>ψυχαῖς</span> <span class='ocrx_word' id='word_1_648' title='bbox 2342 4253 2759 4324; x_wconf 75' lang='grc' dir='ltr'>ὑποδεξαμένων</span> <span class='ocrx_word' id='word_1_649' title='bbox 2791 4260 2888 4331; x_wconf 81' lang='grc' dir='ltr'><strong>τὴν</strong></span> <span class='ocrx_word' id='word_1_650' title='bbox 2930 4265 3072 4317; x_wconf 70' lang='grc' dir='ltr'>κατὰ</span> <span class='ocrx_word' id='word_1_651' title='bbox 3105 4267 3197 4318; x_wconf 77' lang='grc' dir='ltr'>τοῦ</span> <span class='ocrx_word' id='word_1_652' title='bbox 3234 4269 3393 4335; x_wconf 75' lang='grc' dir='ltr'>ἁγίου</span> <span class='ocrx_word' id='word_1_653' title='bbox 3428 4272 3681 4340; x_wconf 58' lang='lat' dir='ltr'><strong>“vstigia-</strong></span> 
     </span>
    </p>
   </div>
   <div class='ocr_carea' id='block_1_97' title="bbox 2108 4345 3681 4434">
    <p class='ocr_par' dir='ltr' id='par_1_97' title="bbox 2108 4345 3681 4434">
     <span class='ocr_line' id='line_1_97' title="bbox 2108 4345 3681 4434; baseline 0.014 -41"><span class='ocrx_word' id='word_1_654' title='bbox 2108 4356 2221 4406; x_wconf 83' lang='grc' dir='ltr'>τος,</span> <span class='ocrx_word' id='word_1_655' title='bbox 2257 4345 2350 4396; x_wconf 76' lang='grc' dir='ltr'><strong>καὶ</strong></span> <span class='ocrx_word' id='word_1_656' title='bbox 2382 4346 2462 4409; x_wconf 75' lang='grc' dir='ltr'>εἰς</span> <span class='ocrx_word' id='word_1_657' title='bbox 2515 4347 2607 4400; x_wconf 84' lang='grc' dir='ltr'>δύο</span> <span class='ocrx_word' id='word_1_658' title='bbox 2660 4350 2983 4418; x_wconf 81' lang='grc' dir='ltr'>τολμώντων</span> <span class='ocrx_word' id='word_1_659' title='bbox 3027 4357 3201 4425; x_wconf 52' lang='grc' dir='ltr'>ἀρχὰς</span> <span class='ocrx_word' id='word_1_660' title='bbox 3251 4360 3549 4428; x_wconf 63' lang='grc' dir='ltr'>ἀναφέρειν</span> <span class='ocrx_word' id='word_1_661' title='bbox 3584 4363 3681 4434; x_wconf 75' lang='grc' dir='ltr'><strong>τὴν</strong></span> 
     </span>
    </p>
   </div>
   <div class='ocr_carea' id='block_1_98' title="bbox 2108 4434 3681 4519">
    <p class='ocr_par' dir='ltr' id='par_1_98' title="bbox 2108 4434 3681 4519">
     <span class='ocr_line' id='line_1_98' title="bbox 2108 4434 3681 4519; baseline 0.014 -34"><span class='ocrx_word' id='word_1_662' title='bbox 2108 4434 2269 4487; x_wconf 80' lang='grc' dir='ltr'>αὐτοῦ</span> <span class='ocrx_word' id='word_1_663' title='bbox 2309 4434 2569 4507; x_wconf 79' lang='grc' dir='ltr'>ὕπαρξιν,</span> <span class='ocrx_word' id='word_1_664' title='bbox 2616 4439 2726 4493; x_wconf 84' lang='grc' dir='ltr'>τῶν</span> <span class='ocrx_word' id='word_1_665' title='bbox 2773 4441 3125 4511; x_wconf 81' lang='grc' dir='ltr'>ὑπαχθέντων</span> <span class='ocrx_word' id='word_1_666' title='bbox 3155 4450 3265 4511; x_wconf 77' lang='grc' dir='ltr'>τοῖς</span> <span class='ocrx_word' id='word_1_667' title='bbox 3296 4450 3555 4519; x_wconf 72' lang='grc' dir='ltr'>ἀθέσμοις</span> <span class='ocrx_word' id='word_1_668' title='bbox 3589 4457 3681 4507; x_wconf 63' lang='grc' dir='ltr'><strong>καὶ</strong></span> 
     </span>
    </p>
   </div>
   <div class='ocr_carea' id='block_1_99' title="bbox 2107 4526 3682 4608">
    <p class='ocr_par' dir='ltr' id='par_1_99' title="bbox 2107 4526 3682 4608">
     <span class='ocr_line' id='line_1_99' title="bbox 2107 4526 3682 4608; baseline 0.015 -32"><span class='ocrx_word' id='word_1_669' title='bbox 2107 4526 2416 4589; x_wconf 83' lang='grc' dir='ltr'>Λατινικοῖς</span> <span class='ocrx_word' id='word_1_670' title='bbox 2465 4527 2643 4581; x_wconf 75' lang='grc' dir='ltr'>ἔθεσιν</span> <span class='ocrx_word' id='word_1_671' title='bbox 2681 4546 2694 4584; x_wconf 92' lang='lat'><strong>:</strong></span> <span class='ocrx_word' id='word_1_672' title='bbox 2731 4530 2796 4584; x_wconf 90' lang='lat' dir='ltr'><strong>Ut</strong></span> <span class='ocrx_word' id='word_1_673' title='bbox 2848 4536 3008 4586; x_wconf 87' lang='lat' dir='ltr'><strong>etiam</strong></span> <span class='ocrx_word' id='word_1_674' title='bbox 3050 4539 3481 4608; x_wconf 79' lang='lat' dir='ltr'><strong>pseudosynodus</strong></span> <span class='ocrx_word' id='word_1_675' title='bbox 3516 4548 3682 4598; x_wconf 79' lang='lat' dir='ltr'><strong>ratio-</strong></span> 
     </span>
    </p>
   </div>
   <div class='ocr_carea' id='block_1_100' title="bbox 2110 4617 3682 4697">
    <p class='ocr_par' dir='ltr' id='par_1_100' title="bbox 2110 4617 3682 4697">
     <span class='ocr_line' id='line_1_100' title="bbox 2110 4617 3682 4697; baseline 0.013 -28"><span class='ocrx_word' id='word_1_676' title='bbox 2110 4634 2225 4670; x_wconf 88' lang='lat' dir='ltr'><strong>nem</strong></span> <span class='ocrx_word' id='word_1_677' title='bbox 2275 4617 2491 4671; x_wconf 83' lang='lat' dir='ltr'><strong>reddere</strong></span> <span class='ocrx_word' id='word_1_678' title='bbox 2540 4632 2758 4689; x_wconf 82' lang='lat' dir='ltr'><strong>rogetur</strong></span> <span class='ocrx_word' id='word_1_679' title='bbox 2797 4627 3073 4693; x_wconf 82' lang='lat' dir='ltr'><strong>sanguinis</strong></span> <span class='ocrx_word' id='word_1_680' title='bbox 3106 4634 3434 4697; x_wconf 82' lang='lat' dir='ltr'><strong>pereuntium</strong></span> <span class='ocrx_word' id='word_1_681' title='bbox 3469 4639 3682 4689; x_wconf 84' lang='lat' dir='ltr'><strong>anima-</strong></span> 
     </span>
    </p>
   </div>
   <div class='ocr_carea' id='block_1_101' title="bbox 2110 4712 3684 4797">
    <p class='ocr_par' dir='ltr' id='par_1_101' title="bbox 2110 4712 3684 4797">
     <span class='ocr_line' id='line_1_101' title="bbox 2110 4712 3684 4797; baseline 0.012 -35"><span class='ocrx_word' id='word_1_682' title='bbox 2110 4726 2247 4774; x_wconf 84' lang='lat' dir='ltr'><strong>rum,</strong></span> <span class='ocrx_word' id='word_1_683' title='bbox 2280 4726 2459 4762; x_wconf 83' lang='lat' dir='ltr'><strong>eorum</strong></span> <span class='ocrx_word' id='word_1_684' title='bbox 2496 4712 2587 4779; x_wconf 85' lang='lat' dir='ltr'><strong>qui</strong></span> <span class='ocrx_word' id='word_1_685' title='bbox 2621 4714 2978 4770; x_wconf 74' lang='lat' dir='ltr'><strong>scandalizati</strong></span> <span class='ocrx_word' id='word_1_686' title='bbox 3005 4720 3217 4785; x_wconf 73' lang='lat' dir='ltr'><strong>fuerunt</strong></span> <span class='ocrx_word' id='word_1_687' title='bbox 3246 4725 3299 4775; x_wconf 88' lang='lat' dir='ltr'><strong>in</strong></span> <span class='ocrx_word' id='word_1_688' title='bbox 3341 4729 3586 4794; x_wconf 80' lang='lat' dir='ltr'><strong>mysterio</strong></span> <span class='ocrx_word' id='word_1_689' title='bbox 3618 4731 3684 4797; x_wconf 76' lang='lat' dir='ltr'><strong>ft-</strong></span> 
     </span>
    </p>
   </div>
   <div class='ocr_carea' id='block_1_102' title="bbox 2109 4801 3681 4876">
    <p class='ocr_par' dir='ltr' id='par_1_102' title="bbox 2109 4801 3681 4876">
     <span class='ocr_line' id='line_1_102' title="bbox 2109 4801 3681 4876; baseline 0.011 -24"><span class='ocrx_word' id='word_1_690' title='bbox 2109 4801 2322 4870; x_wconf 87' lang='lat' dir='ltr'><strong>dei,qui</strong></span> <span class='ocrx_word' id='word_1_691' title='bbox 2345 4802 2731 4857; x_wconf 82' lang='lat' dir='ltr'><strong>intolerabilem</strong></span> <span class='ocrx_word' id='word_1_692' title='bbox 2765 4807 3147 4876; x_wconf 74' lang='lat' dir='ltr'><strong>blasphemiam</strong></span> <span class='ocrx_word' id='word_1_693' title='bbox 3178 4824 3225 4866; x_wconf 89' lang='lat' dir='ltr'><strong>et</strong></span> <span class='ocrx_word' id='word_1_694' title='bbox 3264 4816 3681 4872; x_wconf 82' lang='lat' dir='ltr'><strong>irremissibilem</strong></span> 
     </span>
    </p>
   </div>
   <div class='ocr_carea' id='block_1_103' title="bbox 2110 4893 3682 4977">
    <p class='ocr_par' dir='ltr' id='par_1_103' title="bbox 2110 4893 3682 4977">
     <span class='ocr_line' id='line_1_103' title="bbox 2110 4893 3682 4977; baseline 0.011 -33"><span class='ocrx_word' id='word_1_695' title='bbox 2110 4902 2295 4946; x_wconf 84' lang='lat' dir='ltr'><strong>contra</strong></span> <span class='ocrx_word' id='word_1_696' title='bbox 2339 4893 2598 4964; x_wconf 86' lang='lat' dir='ltr'><strong>Spiritum</strong></span> <span class='ocrx_word' id='word_1_697' title='bbox 2660 4911 2900 4953; x_wconf 86' lang='lat' dir='ltr'><strong>sanctum</strong></span> <span class='ocrx_word' id='word_1_698' title='bbox 2944 4904 3335 4973; x_wconf 71' lang='lat' dir='ltr'><strong>amplerisunt,</strong></span> <span class='ocrx_word' id='word_1_699' title='bbox 3366 4910 3552 4977; x_wconf 77' lang='lat' dir='ltr'><strong>quique</strong></span> <span class='ocrx_word' id='word_1_700' title='bbox 3583 4927 3682 4961; x_wconf 86' lang='lat' dir='ltr'><strong>au-</strong></span> 
     </span>
    </p>
   </div>
   <div class='ocr_carea' id='block_1_104' title="bbox 2107 4985 3679 5072">
    <p class='ocr_par' dir='ltr' id='par_1_104' title="bbox 2107 4985 3679 5072">
     <span class='ocr_line' id='line_1_104' title="bbox 2107 4985 3679 5072; baseline 0.01 -35"><span class='ocrx_word' id='word_1_701' title='bbox 2107 4986 2226 5038; x_wconf 83' lang='lat' dir='ltr'><strong>dent</strong></span> <span class='ocrx_word' id='word_1_702' title='bbox 2255 4990 2323 5040; x_wconf 87' lang='lat' dir='ltr'><strong>ad</strong></span> <span class='ocrx_word' id='word_1_703' title='bbox 2345 4985 2449 5042; x_wconf 75' lang='lat' dir='ltr'><strong>duo</strong></span> <span class='ocrx_word' id='word_1_704' title='bbox 2480 4994 2742 5062; x_wconf 75' lang='lat' dir='ltr'><strong>principia</strong></span> <span class='ocrx_word' id='word_1_705' title='bbox 2768 4995 2881 5063; x_wconf 81' lang='lat' dir='ltr'><strong>ejus</strong></span> <span class='ocrx_word' id='word_1_706' title='bbox 2917 4997 3311 5052; x_wconf 70' lang='lat' dir='ltr'><strong>subsistentia»:</strong></span> <span class='ocrx_word' id='word_1_707' title='bbox 3342 5001 3554 5069; x_wconf 71' lang='lat' dir='ltr'><strong>referre,</strong></span> <span class='ocrx_word' id='word_1_708' title='bbox 3589 5006 3679 5072; x_wconf 85' lang='lat' dir='ltr'><strong>qui</strong></span> 
     </span>
    </p>
   </div>
   <div class='ocr_carea' id='block_1_105' title="bbox 2104 5078 3567 5160">
    <p class='ocr_par' dir='ltr' id='par_1_105' title="bbox 2104 5078 3567 5160">
     <span class='ocr_line' id='line_1_105' title="bbox 2104 5078 3567 5160; baseline 0.013 -30"><span class='ocrx_word' id='word_1_709' title='bbox 2104 5078 2392 5149; x_wconf 77' lang='lat' dir='ltr'><strong>illegitimis</strong></span> <span class='ocrx_word' id='word_1_710' title='bbox 2413 5082 2726 5139; x_wconf 88' lang='lat' dir='ltr'><strong>Latinorum</strong></span> <span class='ocrx_word' id='word_1_711' title='bbox 2746 5086 2939 5143; x_wconf 80' lang='lat' dir='ltr'><strong>ritibus</strong></span> <span class='ocrx_word' id='word_1_712' title='bbox 2960 5091 3152 5144; x_wconf 86' lang='lat' dir='ltr'><strong>abduci</strong></span> <span class='ocrx_word' id='word_1_713' title='bbox 3179 5109 3232 5146; x_wconf 91' lang='lat' dir='ltr'><strong>se</strong></span> <span class='ocrx_word' id='word_1_714' title='bbox 3255 5095 3403 5160; x_wconf 83' lang='lat' dir='ltr'><strong>passi</strong></span> <span class='ocrx_word' id='word_1_715' title='bbox 3427 5106 3567 5149; x_wconf 86' lang='lat' dir='ltr'><strong>sunt.</strong></span> 
     </span>
    </p>
   </div>
   <div class='ocr_carea' id='block_1_106' title="bbox 2179 5216 3678 5301">
    <p class='ocr_par' dir='ltr' id='par_1_106' title="bbox 2179 5216 3678 5301">
     <span class='ocr_line' id='line_1_106' title="bbox 2179 5216 3678 5301; baseline 0.013 -34"><span class='ocrx_word' id='word_1_716' title='bbox 2179 5216 2325 5268; x_wconf 77' lang='lat' dir='ltr'><strong>llanr.</strong></span> <span class='ocrx_word' id='word_1_717' title='bbox 2371 5216 2665 5286; x_wconf 83' lang='lat' dir='ltr'><strong>Epistolam</strong></span> <span class='ocrx_word' id='word_1_718' title='bbox 2695 5220 2982 5279; x_wconf 66' lang='lat' dir='ltr'><strong>Florentiae</strong></span> <span class='ocrx_word' id='word_1_719' title='bbox 3012 5230 3271 5295; x_wconf 86' lang='lat' dir='ltr'><strong>scriptam</strong></span> <span class='ocrx_word' id='word_1_720' title='bbox 3298 5232 3542 5301; x_wconf 88' lang='lat' dir='ltr'><strong>oportuit</strong></span> <span class='ocrx_word' id='word_1_721' title='bbox 3567 5244 3678 5286; x_wconf 81' lang='lat' dir='ltr'><strong>sta-</strong></span> 
     </span>
    </p>
   </div>
   <div class='ocr_carea' id='block_1_107' title="bbox 2107 5307 3672 5383">
    <p class='ocr_par' dir='ltr' id='par_1_107' title="bbox 2107 5307 3672 5383">
     <span class='ocr_line' id='line_1_107' title="bbox 2107 5307 3672 5383; baseline 0.013 -27"><span class='ocrx_word' id='word_1_722' title='bbox 2107 5308 2204 5358; x_wconf 86' lang='lat' dir='ltr'><strong>tim</strong></span> <span class='ocrx_word' id='word_1_723' title='bbox 2240 5319 2403 5374; x_wconf 78' lang='lat' dir='ltr'><strong>atque</strong></span> <span class='ocrx_word' id='word_1_724' title='bbox 2437 5307 2761 5368; x_wconf 85' lang='lat' dir='ltr'><strong>Scholarius</strong></span> <span class='ocrx_word' id='word_1_725' title='bbox 2787 5319 3091 5373; x_wconf 85' lang='lat' dir='ltr'><strong>orationem</strong></span> <span class='ocrx_word' id='word_1_726' title='bbox 3126 5322 3273 5374; x_wconf 88' lang='lat' dir='ltr'><strong>illam</strong></span> <span class='ocrx_word' id='word_1_727' title='bbox 3307 5325 3672 5383; x_wconf 73' lang='lat' dir='ltr'><strong>exhibuisset.</strong></span> 
     </span>
    </p>
   </div>
   <div class='ocr_carea' id='block_1_108' title="bbox 2107 5399 3675 5482">
    <p class='ocr_par' dir='ltr' id='par_1_108' title="bbox 2107 5399 3675 5482">
     <span class='ocr_line' id='line_1_108' title="bbox 2107 5399 3675 5482; baseline 0.01 -31"><span class='ocrx_word' id='word_1_728' title='bbox 2107 5399 2266 5465; x_wconf 85' lang='lat' dir='ltr'><strong>cujus</strong></span> <span class='ocrx_word' id='word_1_729' title='bbox 2300 5401 2351 5453; x_wconf 88' lang='lat' dir='ltr'><strong>in</strong></span> <span class='ocrx_word' id='word_1_730' title='bbox 2386 5405 2521 5456; x_wconf 86' lang='lat' dir='ltr'><strong>actis</strong></span> <span class='ocrx_word' id='word_1_731' title='bbox 2553 5405 2758 5463; x_wconf 74' lang='lat' dir='ltr'><strong>Graecis</strong></span> <span class='ocrx_word' id='word_1_732' title='bbox 2795 5412 2997 5465; x_wconf 87' lang='lat' dir='ltr'><strong>mentio</strong></span> <span class='ocrx_word' id='word_1_733' title='bbox 3036 5423 3140 5479; x_wconf 79' lang='lat' dir='ltr'><strong>est,</strong></span> <span class='ocrx_word' id='word_1_734' title='bbox 3175 5416 3257 5468; x_wconf 54' lang='lat' dir='ltr'><strong>\‘cl</strong></span> <span class='ocrx_word' id='word_1_735' title='bbox 3284 5418 3476 5470; x_wconf 82' lang='lat' dir='ltr'><strong>saltem</strong></span> <span class='ocrx_word' id='word_1_736' title='bbox 3514 5418 3675 5482; x_wconf 85' lang='lat' dir='ltr'><strong>paulo</strong></span> 
     </span>
    </p>
   </div>
   <div class='ocr_carea' id='block_1_109' title="bbox 2110 5496 3677 5570">
    <p class='ocr_par' dir='ltr' id='par_1_109' title="bbox 2110 5496 3677 5570">
     <span class='ocr_line' id='line_1_109' title="bbox 2110 5496 3677 5570; baseline 0.008 -26"><span class='ocrx_word' id='word_1_737' title='bbox 2110 5504 2398 5559; x_wconf 71' lang='grc' dir='ltr'>ιιίοδιιμιυιιι</span> <span class='ocrx_word' id='word_1_738' title='bbox 2447 5496 2963 5570; x_wconf 83' lang='lat' dir='ltr'><strong>Constantinopolin</strong></span> <span class='ocrx_word' id='word_1_739' title='bbox 3017 5504 3187 5559; x_wconf 66' lang='lat' dir='ltr'><strong>Gl‘tBCl</strong></span> <span class='ocrx_word' id='word_1_740' title='bbox 3228 5507 3524 5559; x_wconf 72' lang='lat' dir='ltr'><strong>redierunt.</strong></span> <span class='ocrx_word' id='word_1_741' title='bbox 3570 5504 3677 5557; x_wconf 81' lang='lat' dir='ltr'><strong>Nc-</strong></span> 
     </span>
    </p>
   </div>
   <div class='ocr_carea' id='block_1_110' title="bbox 2108 5585 3679 5665">
    <p class='ocr_par' dir='ltr' id='par_1_110' title="bbox 2108 5585 3679 5665">
     <span class='ocr_line' id='line_1_110' title="bbox 2108 5585 3679 5665; baseline 0.013 -32"><span class='ocrx_word' id='word_1_742' title='bbox 2108 5598 2210 5651; x_wconf 87' lang='lat' dir='ltr'><strong>quc</strong></span> <span class='ocrx_word' id='word_1_743' title='bbox 2234 5585 2478 5641; x_wconf 80' lang='lat' dir='ltr'><strong>interest</strong></span> <span class='ocrx_word' id='word_1_744' title='bbox 2531 5591 2673 5657; x_wconf 90' lang='lat' dir='ltr'><strong>quod</strong></span> <span class='ocrx_word' id='word_1_745' title='bbox 2716 5602 2943 5662; x_wconf 86' lang='lat' dir='ltr'><strong>uterque</strong></span> <span class='ocrx_word' id='word_1_746' title='bbox 2975 5595 3242 5665; x_wconf 68' lang='lat' dir='ltr'><strong>Ephesius</strong></span> <span class='ocrx_word' id='word_1_747' title='bbox 3272 5607 3320 5651; x_wconf 85' lang='lat' dir='ltr'><strong>ct</strong></span> <span class='ocrx_word' id='word_1_748' title='bbox 3358 5596 3679 5653; x_wconf 66' lang='lat' dir='ltr'><strong>Sclaolarius</strong></span> 
     </span>
    </p>
   </div>
  </div>
