4176 6278
498 320 611 386 an

1565 323 1949 382 GENNADll
1989 327 2097 385 (λιν.
2130 327 2653 390 ΡΑΤΗΙΑΗΟΗΑΕ

3681 348 3795 410 2'72

515 440 808 497 Florentiae
862 435 1028 493 simul
1060 442 1267 493 essent.
1321 434 1426 492 Sed
1468 435 1764 508 Ephesium
1798 436 2100 493 verisimile
2127 447 2175 506 Α
2204 444 2414 500 ciendze
2442 448 2717 503 sententia
2761 447 2941 504 fuisse
3001 450 3361 548 existimavit,
3417 469 3526 509 non
3586 458 3793 512 mirum

508 547 592 591 est
654 550 762 604 quo
815 533 939 603 plus
979 532 1211 586 haberet
1250 529 1511 601 ponderis
1541 528 1662 599 ejus
1712 531 1892 586 oratio
1918 569 1935 595 ,
1977 546 2098 586 eam

500 630 710 699 scripto
745 623 1247 694 comprehendisse.
1279 622 1426 678 Sane
1464 630 1575 679 tam
1623 624 1912 694 perspicue
1939 638 2103 694 syno-

507 721 648 775 dum
699 718 1077 774 Florentinam
1121 715 1398 786 designat,
1452 724 1512 771 ut
1555 716 1791 772 Allatius
1829 717 1969 786 ipse,
2002 718 2098 787 qui

516 813 693 867 nodos
724 809 996 882 ejusmodi
1033 809 1236 880 saepius
1267 808 1583 865 rescindere
1620 824 1787 882 quam
1825 809 2101 879 explicare

510 906 671 969 solet,
706 917 904 974 aquam
940 902 1045 959 sibi
1079 903 1286 957 haerere
1333 916 1441 957 non
1510 902 1824 966 difﬁteatur,
1872 905 1967 958 sed
2012 918 2101 957 re-

512 998 684 1053 currit
722 997 787 1050 ad
821 1010 983 1051 suum
1016 994 1168 1049 illum
1206 993 1553 1049 Scholarium
1590 995 1718 1049 ‘sive
1748 994 2094 1050 Gennadium

508 1092 945 1151 schismaticum,
980 1088 1044 1145 ad
1070 1104 1233 1158 quem
1251 1088 1433 1143 datam
1469 1088 1791 1154 arbitratur,
1833 1088 1980 1144 nulla
2004 1103 2093 1142 ra-

510 1191 661 1243 tione
689 1185 883 1248 fultus,
911 1198 1072 1254 quam
1102 1181 1247 1253 quod
1276 1182 1322 1235 si
1356 1181 1422 1236 ad
1449 1180 1797 1236 Scbolariutn
1830 1182 1924 1250 qui
1968 1196 2092 1235 cum

509 1282 844 1349 imperatore
871 1275 938 1331 ad
967 1274 1265 1331 concilium
1292 1273 1471 1338 venit,
1507 1272 1711 1343 scripta
1734 1274 1829 1335 sit,
1858 1273 2098 1328 concidit

509 1382 621 1426 tota
648 1372 885 1426 duorum
926 1367 1336 1423 Gcnnadiorum
1374 1364 1587 1420 fabula.
1612 1366 1686 1419 At
1718 1381 1842 1420 cum
1876 1366 2087 1435 liquido

507 1472 773 1534 appareat
796 1475 905 1515 non
927 1460 1094 1514 alium
1129 1460 1234 1513 hoc
1264 1457 1385 1514 loco
1405 1456 1705 1527 designari,
1726 1471 1892 1526 quam
1919 1458 2093 1510 virum

507 1557 911 1617 doctissimum,
947 1552 1366 1623 philosophum,
1408 1550 1467 1604 in
1507 1548 1850 1619 amplissima
1914 1549 2097 1620 digni-

508 1659 622 1706 tate
662 1647 1052 1710 constitutum,
1087 1644 1182 1716 qui
1210 1642 1279 1698 ad
1312 1643 1670 1701 concordiam
1692 1642 1935 1712 reliquos
1967 1644 2097 1697 hor-

508 1751 658 1797 tatus
690 1741 878 1807 fuerit,
909 1738 1057 1810 quod
1090 1738 1156 1794 de
1184 1752 1287 1794 suo
1318 1736 1603 1793 Gennadio
1633 1736 2001 1792 schismatico
2025 1748 2093 1788 ne

506 1836 828 1908 suspicatur
859 1834 1083 1905 quidem
1126 1831 1368 1886 Allatius
1389 1872 1404 1897 ,
1459 1830 1574 1885 haec
1606 1829 1661 1884 in
1692 1829 1904 1885 larvam
1944 1829 2092 1883 illam

504 1931 705 1986 cadere
750 1944 860 1984 non
903 1934 1159 1998 possunt,
1202 1924 1553 1981 Gennadium
1590 1937 1789 1992 nempe
1832 1923 2094 1988 alterum,

505 2023 600 2095 qui
637 2021 913 2079 obscurus
960 2021 1017 2075 in
1063 2019 1224 2083 cella,
1258 2018 1380 2073 solo
1425 2016 1482 2072 in
1522 2016 1752 2073 Latinos
1785 2015 1916 2071 odio
1946 2030 2100 2069 com-

510 2117 805 2174 mendatus
830 2154 845 2180 ,
876 2124 1005 2169 ante
1034 2119 1251 2183 capnm
1285 2109 1483 2166 urbem
1516 2109 1661 2165 diem
1690 2123 1854 2165 suum
1885 2105 2097 2163 obiisse

501 2209 729 2267 dicitur.

572 2303 777 2359 Verum
800 2298 903 2356 etsi
930 2296 1256 2355 Scholarius
1279 2295 1661 2352 Florentinam
1687 2294 1947 2350 unionem
1974 2308 2101 2350 ora-

503 2397 657 2452 tione
713 2391 1212 2456 laudaverit,non
1273 2396 1461 2444 tamen
1520 2396 1644 2445 eam
1685 2386 2098 2457 subscriptione

505 2488 765 2551 ﬁrmavit,
801 2501 927 2542 cum
964 2484 1091 2539 laici
1128 2498 1242 2538 non
1288 2479 1752 2551 subscripserint.
1786 2482 1967 2549 Atque
2015 2481 2092 2535 ita

504 2583 642 2637 nihil
674 2579 1073 2652 prepemodum
1100 2575 1280 2635 egisse
1319 2572 1428 2631 sibi
1463 2572 1617 2628 visus
1647 2579 1755 2642 est,
1781 2572 1943 2644 quasi
1967 2584 2097 2628 ora-

502 2676 641 2731 toris
681 2675 869 2744 potius
900 2685 1060 2725 more
1089 2667 1424 2725 sententiam
1476 2664 1715 2722 dixisset
1767 2666 2095 2735 imperatori

513 2766 936 2839 perjucundam,
965 2762 1398 2828 Graecorumque
1421 2756 1637 2813 atllictis
1655 2757 1821 2813 rebus
1849 2770 2097 2812 commo-

505 2861 822 2916 dissimam.
862 2857 1048 2925 Atque
1084 2853 1160 2907 ita
1216 2850 1773 2921 Constantinopolim
1809 2865 2094 2916 reversus,

506 2953 695 3009 Marco
722 2949 965 3020 Ephesio
1002 2945 1398 3002 reconciliatus
1448 2950 1555 3007 est,
1588 2951 1644 2998 et
1679 2958 1709 2997 a
1739 2941 1959 2997 Latinis
1982 2940 2094 2996 He-

507 3046 822 3114 noticisque
854 3041 1225 3107 abalienatus,
1274 3039 1421 3093 unde
1461 3036 1517 3091 in
1544 3033 1774 3091 Joannis
1825 3034 2093 3091 Palaeolo-

2204 538 2254 591 si
2300 554 2460 607 quem
2496 538 2694 594 Latino
2724 542 2935 595 nomini
2964 538 3405 599 infensis'simum
3429 562 3556 602 esse
3592 565 3793 616 negare

2204 644 2313 685 non
2347 639 2579 698 poterat,
2617 634 2783 688 alium
2816 635 2986 689 fuisse
3031 636 3388 693 existimavit.
3420 640 3578 696 Alius
3598 657 3794 711 uetnpe

2205 723 2383 780 factus
2418 734 2504 780 est
2538 728 2667 782 dum
2702 729 2935 783 mutavit
2966 732 3323 796 sententiam,
3358 742 3437 786 tot
3461 733 3795 791 Grecorum

2204 816 2515 871 antistitum
2577 821 2853 889 exemplo,
2908 822 3002 889 qui
3061 823 3254 877 unioni
3322 826 3795 896 subscripserunt,

2201 907 2348 973 quod
2378 906 2703 965 Scholarius
2740 926 2847 964 non
2884 910 3112 966 fecerat.
3143 913 3263 980 Quo
3295 930 3437 969 vero
3482 920 3628 969 circa
3660 915 3796 971 Flo-

2202 1000 2478 1053 rentinam
2514 1002 2791 1071 synodum
2824 1005 3012 1057 animo
3041 1004 3233 1071 fuerit,
3309 1007 3605 1075 nemojam
3658 1025 3794 1063 con-

2196 1092 2427 1161 jecturis
2449 1094 2669 1163 assequi
2711 1094 3017 1149 divinando
3078 1096 3264 1163 debet,
3298 1098 3389 1153 sed
3426 1100 3548 1168 ejus
3579 1103 3792 1154 oratio-

2202 1184 2367 1241 nibus
2398 1185 2649 1241 credere.
2677 1187 2959 1258 Prat-cipua
2996 1199 3081 1244 est
3128 1190 3490 1245 valedictoria
3520 1192 3583 1245 ad
3631 1191 3787 1248 Con-

2202 1277 2536 1339 stantinum,
2567 1278 2623 1332 in
2664 1294 2774 1348 qua
2809 1294 2918 1334 non
2952 1282 3118 1334 aliam
3149 1282 3392 1338 inimicis
3424 1286 3544 1339 suis
3581 1286 3795 1338 calum-

2198 1370 2389 1423 niandi
2422 1384 2649 1425 causam
2681 1370 2854 1428 fuisse
2887 1380 3150 1436 testatur.
3181 1391 3346 1445 quam
3370 1377 3513 1447 quod
3549 1379 3793 1431 innova-

2200 1459 2336 1513 tioni
2371 1475 2465 1529 per
2500 1462 2883 1519 definitionem
2913 1465 3234 1535 synodalem
3282 1467 3592 1525 factaatotis
3650 1472 3795 1526 viri-

2200 1551 2304 1606 bus
2343 1552 2663 1608 obsisteret.
2701 1554 2849 1610 Idem
2903 1557 3138 1626 probant
3175 1560 3323 1615 varia
3346 1562 3612 1618 adversus
3632 1562 3796 1618 Lali-

2200 1658 2300 1698 nos
2336 1654 2392 1699 et
2422 1645 2875 1716 LatinOphronas
2905 1650 3137 1719 scripta,
3168 1650 3583 1720 disputationes
3654 1671 3787 1710 cum

2198 1736 2456 1791 Cortona).
2491 1737 2779 1808 episcopo,
2817 1749 2871 1795 et
2904 1742 3012 1795 alia
3047 1732 3171 1813 quae
3200 1743 3283 1799 vel
3324 1758 3490 1814 supra
3532 1747 3795 1819 designa-

2201 1835 2255 1883 ta
2280 1840 2433 1895 sunt,
2455 1832 2538 1885 vel
2562 1832 2617 1885 iu
2646 1831 2855 1888 Notitia
2882 1834 3007 1905 ejus
3032 1850 3262 1906 operum
3301 1837 3744 1908 designabantur
3773 1860 3789 1896 :

2201 1931 2315 1976 tum
2347 1939 2468 1994 quae
2498 1922 2600 1979 sub
2644 1923 2843 1981 lsidori
2873 1927 3171 1984 cardinalis
3236 1929 3558 1997 adventum,
3611 1945 3665 1988 ct
3731 1935 3794 1989 in

2202 2016 2319 2085 ipsa
2345 2016 2631 2073 obsidione
2662 2018 2911 2088 scripsit,
2944 2020 3165 2075 tandem
3218 2019 3412 2077 Oratio
3444 2025 3622 2079 codici
3659 2024 3781 2079 Ma-

2200 2123 2323 2179 gnae
2352 2108 2608 2166 Ecclesia:
2641 2111 2871 2177 inserta,
2906 2126 3030 2166 cum
3053 2115 3427 2183 patriarchale
3459 2132 3657 2174 munus
3691 2119 3795 2174 de-

2202 2201 2405 2271 posuit.
2441 2204 2662 2258 Priores
2693 2204 2840 2259 enim
2870 2204 3260 2261 demonstrant
3284 2223 3412 2262 eum
3458 2210 3552 2279 qui
3578 2209 3795 2278 iudicis

2200 2294 2448 2363 primarii
2477 2294 2749 2365 dignitate
2781 2304 3040 2361 ornatus,
3095 2296 3432 2354 Florentium
3466 2299 3521 2355 in
3550 2301 3795 2371 impera-

2201 2387 2343 2443 toris
2368 2386 2636 2443 comitatu
2700 2387 2988 2456 profectus
3017 2399 3122 2454 est,
3183 2391 3363 2461 ipsum
3392 2408 3517 2448 esse
3548 2395 3637 2463 qui
3669 2403 3795 2449 tan-

2202 2488 2286 2535 tas
2321 2487 2516 2534 contra
2556 2479 2779 2535 Latinos
2813 2491 2870 2536 et
2896 2479 3272 2537 Florentinam
3297 2485 3557 2541 unionem
3589 2487 3788 2543 turbas

2200 2572 2509 2630 excitavit:
2552 2574 2895 2643 posteriores
2951 2574 3205 2630 eumdem
3260 2578 3629 2646 patriarcham
3674 2581 3792 2650 pri—

2201 2681 2350 2719 mum
2379 2666 2754 2735 designatum,
2775 2680 2841 2721 ex
2875 2677 2985 2737 quo
3004 2667 3519 2739 ConstztntinOpolis
3554 2673 3606 2726 in
3636 2672 3788 2728 Tur-

2199 2771 2389 2811 carum
2416 2764 2744 2826 potestatem
2774 2760 2951 2824 venit,
2970 2774 3162 2815 omnes
3187 2762 3330 2817 inter
3348 2777 3407 2818 se
3431 2766 3791 2819 consentiunt

2199 2857 2253 2903 et
2288 2849 2465 2903 lucem
2497 2850 2683 2904 altera:
2721 2849 2911 2905 alteris
2937 2850 3302 2919 fatuerantur,
3360 2862 3421 2908 ut
3490 2853 3790 2910 insititium

2200 2942 2356 2996 illum
2387 2942 2538 2997 nullo
2568 2954 2746 3012 neque
2787 2942 2913 3000 loco
2948 2957 3126 3015 neque
3176 2953 3426 3015 tempore
3465 2946 3786 3002 consistere

2198 3034 2501 3104 patiantur.

506 3140 557 3209 gi
597 3136 954 3192 oﬂ‘eusionem
993 3132 1255 3197 incurrit,
1286 3130 1434 3201 quod
1506 3128 1776 3185 habemus
1839 3143 1909 3183 ex
1968 3128 2165 3205 ejusc
2270 3126 2463 3194 Operae
2496 3128 2736 3197 pretium
2788 3135 2874 3183 est
2906 3129 3081 3200 ipsius
3144 3129 3415 3187 Geunadii
3470 3131 3537 3188 de
3601 3134 3789 3205 seipso

506 3227 864 3299 Apologetica
896 3225 961 3280 ad
993 3222 1427 3280 Constantinum
1453 3219 1862 3289 oratione,qute
1884 3219 2090 3273 Allatio

508 3337 793 3392 nunquam
828 3320 943 3374 visa
981 3327 1086 3373 est.
1118 3314 1283 3371 Nulla
1337 3323 1450 3370 toto
1489 3312 1782 3369 intervallo
1821 3310 2094 3379 temporis

506 3415 652 3485 quod
685 3412 832 3466 inter
867 3408 1203 3464 Florentium
1243 3404 1445 3477 synodi
1507 3402 1693 3468 tinent,
1746 3409 1803 3457 et
1856 3399 2091 3456 Joannis

508 3505 800 3575 Palmologi
831 3504 1047 3559 obitum
1076 3498 1394 3558 intercessit
1422 3498 1658 3553 alterius
1700 3494 1945 3565 Georgii,
1976 3495 2094 3550 sive

506 3598 773 3656 Gennadii
801 3598 1007 3653 mentio
1042 3607 1146 3661 eet,
1178 3594 1274 3650 sed
1304 3600 1520 3647 tantum
1549 3589 1717 3660 hujus
1782 3590 1966 3644 nostri
1994 3590 2090 3658 qui

504 3690 963 3763 coniunctissime
992 3702 1119 3745 cum
1150 3701 1217 3743 eo
1251 3685 1405 3752 vixit,
1438 3684 1534 3756 qui
1562 3699 1696 3741 suos
1716 3684 1766 3740 ei
1826 3697 1926 3752 pro
1968 3682 2096 3736 Ari-

504 3788 701 3842 stotele
732 3792 929 3841 contra
972 3782 1286 3838 Gemistum
1312 3780 1489 3835 libros
1549 3777 1774 3843 dicavit,
1834 3776 1931 3845 qui
1979 3791 2094 3829 mo-

503 3876 668 3930 rienti
693 3872 897 3937 adfuit,
928 3881 983 3927 et
1027 3872 1139 3926 Deo
1171 3881 1311 3925 teste
1342 3871 1533 3925 multis
1576 3869 1948 3938 praesentibus
1982 3868 2091 3922 Ec-

503 3966 688 4023 clesiae
732 3981 846 4020 suae
874 3964 1142 4017 adversus
1201 3960 1427 4016 Latinos
1484 3959 1862 4016 defensionem
1915 3960 1969 4013 in
2036 3976 2095 4015 se

504 4059 754 4127 recepit,
790 4056 996 4125 quique
1038 4062 1115 4107 tot
1157 4051 1329 4106 libros
1353 4052 1525 4107 edidit
1558 4053 1760 4121 quibus
1787 4052 1919 4107 unio
1964 4052 2094 4106 Flo-

506 4154 702 4208 rentia:
732 4151 875 4205 facta
913 4147 1342 4213 convelleretur,
1399 4146 1496 4217 qui
1529 4144 1753 4202 Graecos
1812 4146 2092 4201 antistites

503 4245 688 4300 adhuc
744 4243 921 4297 laicus
959 4256 988 4295 a
1047 4240 1366 4295 coronando
1403 4238 1772 4295 Constantino
1798 4239 2093 4305 deterruit,

501 4346 558 4393 et
600 4336 815 4391 tandem
851 4335 905 4388 in
942 4332 1340 4388 monasterium
1393 4348 1455 4388 se
1493 4332 1706 4401 recepit
1756 4333 1923 4403 paulo
1955 4340 2088 4387 ante

502 4443 719 4503 captam
758 4428 975 4486 urbem.
1005 4425 1140 4493 Quae
1174 4428 1361 4481 omnia
1402 4441 1467 4481 ex
1503 4424 1620 4480 sola
1647 4425 1717 4477 ad
1766 4423 2088 4481 Constanti-

2199 3220 2494 3276 scribeutis
2521 3221 2689 3277 verba
2723 3221 2937 3278 referre
2989 3236 3058 3279 ex
3139 3223 3348 3280 inedita
3405 3224 3651 3295 Epistola
3707 3229 3782 3283 ad

2201 3312 2352 3368 cives
2382 3326 2517 3370 suos
2548 3312 2961 3371 ecclesiasticos
3004 3325 3059 3371 et
3087 3317 3405 3383 saeculares,
3431 3319 3634 3388 scripta
3690 3336 3791 3375 sex

2197 3413 2327 3460 ante
2357 3414 2575 3476 captam
2646 3407 2846 3462 urbem
2909 3407 3220 3466 mensibus.
3277 3409 3572 3481 Postquam
3630 3412 3795 3469 initio

2197 3506 2426 3565 questus
2464 3508 2548 3552 eSt
2595 3498 2704 3567 peti
2738 3513 2797 3554 se
2842 3498 3014 3554 variis
3063 3500 3413 3557 inimicorum
3465 3505 3790 3569 calumniis.

2197 3588 2456 3642 intentari
2509 3589 2686 3645 minas
2722 3605 2736 3643 :
2767 3587 2888 3645 Nan
2934 3590 3071 3657 alia,
3136 3594 3337 3663 inquit,
3405 3599 3616 3652 ratione
3685 3601 3794 3653 nisi

2195 3681 2333 3753 quod
2365 3682 2612 3736 nolumus
2654 3683 2901 3752 separari
2928 3696 2961 3737 a
2987 3686 3172 3751 patria
3202 3688 3516 3757 traditione,
3536 3699 3585 3745 et
3617 3690 3785 3759 δίζηαι

2196 3795 2314 3832 cum
2334 3776 2463 3847 ipsis
2500 3778 2831 3845 impudentes
2866 3788 3057 3833 contra
3096 3779 3265 3834 Deum
3332 3799 3465 3839 esse.
3536 3783 3664 3838 Nisi
3688 3785 3792 3840 de-

2199 3872 2373 3926 sidero
2410 3888 2589 3940 pacent
2626 3870 3019 3940 Ecclesiarum,
3066 3882 3114 3927 et
3137 3876 3475 3928 concordiam
3517 3874 3789 3930 Christia-

2198 3980 2388 4017 norum
2441 3964 2698 4028 omnium,
2737 3963 2828 4018 sed
2868 3981 3067 4032 veram,
3132 3966 3489 4034 spiritualem,
3540 3970 3791 4022 ecclesia-

2196 4057 2410 4117 sticam,
2434 4052 2643 4123 justam
2679 4067 2731 4112 et
2772 4057 3088 4125 salutarem,
3123 4060 3235 4114 vita
3259 4077 3375 4114 mea
3401 4078 3545 4129 pace
3577 4073 3788 4119 careat.

2201 4149 2274 4201 De
2301 4150 2473 4217 primo
2501 4159 2674 4202 autem
2702 4152 2897 4218 capite,
2928 4168 3113 4220 nempe
3141 4153 3283 4222 quod
3311 4154 3620 4223 religionem
3652 4158 3787 4209 atti-
3860 4160 3863 4161 ⁷

2197 4241 2372 4304 nebat,
2396 4241 2515 4293 dico
2532 4252 2580 4294 et
2602 4251 2760 4295 testor
2776 4243 2915 4312 quod
2932 4244 3067 4297 hanc
3082 4261 3174 4315 ego
3191 4230 3430 4299 sanctam
3452 4258 3669 4300 matrem
3686 4246 3791 4301 Ec-

2196 4336 2414 4389 clesium
2432 4352 2550 4389 cum
2573 4336 2697 4390 aliis
2720 4337 2888 4392 tribus
2905 4338 3260 4394 sanctissimis
3282 4340 3605 4405 patriarchis
3627 4339 3792 4395 habui

2173 4443 2397 4498 ‘senper
2419 4437 2471 4484 et
2502 4430 2664 4483 habeo
2704 4439 2956 4499 tanquam
2989 4448 3166 4484 veram
3192 4430 3421 4485 Matrem
3451 4433 3790 4487 orthodoxa-

502 4540 631 4579 num
667 4521 898 4593 epistola
936 4530 1049 4575 tam
1076 4519 1371 4590 perspicue
1429 4518 1907 4582 demonstrantur,
1942 4526 2003 4571 ut
2033 4519 2085 4571 in
2130 4508 2173 4561 ί)
2204 4539 2318 4574 rum
2370 4520 2827 4584 Christianorum,
2860 4523 2915 4575 in
2958 4524 3242 4590 qua,sicut
3277 4522 3431 4577 initio
3451 4525 3790 4591 praedicatio—

500 4616 801 4668 obscurum
831 4611 1060 4666 alterunt
1096 4609 1445 4665 Gennadium
1487 4609 1689 4665 cadere
1723 4622 2080 4679 nequaquam

502 4702 736 4770 possint,
777 4714 939 4769 quem
966 4697 1308 4754 Florentium
1379 4699 1568 4764 ivisse,
1594 4698 1791 4755 unioni
1853 4699 2085 4764 favisse,

502 4794 913 4863 philosophum,
941 4792 1184 4861 iudicem
1236 4791 1563 4861 primarium
1590 4791 1810 4847 Notam
1871 4793 2091 4847 amicis-

502 4894 702 4945 simum
739 4889 1016 4959 (l),ltalis
1067 4889 1247 4943 doctis
1304 4887 1851 4956 coniunctissimum,
1919 4888 2089 4944 Marci

502 4981 720 5049 Ephesii
754 4980 1093 5051 discipulum
1142 4989 1195 5035 et
1248 4982 1727 5052 pernecessarium
1768 4980 1962 5047 fuisse,
1996 4998 2090 5037 nc-

503 5089 592 5126 Illo
622 5087 861 5140 unquam
898 5073 1006 5127 ullo
1034 5074 1232 5127 idoneo
1268 5074 1591 5129 testimonio
1619 5075 1850 5144 probare
1882 5082 2091 5143 potest,

501 5162 677 5218 multo
706 5165 891 5218 minus
924 5165 976 5217 id
1000 5166 1145 5234 quod
1167 5166 1401 5221 Allatius
1434 5167 1759 5237 palmarium
1794 5182 2090 5237 argument-

503 5266 616 5309 tum
649 5256 836 5318 habet,
865 5255 1215 5311 Schol-arium
1244 5274 1354 5312 non
1389 5260 1492 5314 nisi
1542 5268 1847 5330 postquam
1910 5259 2093 5330 digiti-

502 5360 667 5404 tatem
717 5350 1051 5413 abdicasset,
1128 5353 1500 5405 monasticam
1564 5354 1731 5407 vitam
1772 5353 2085 5423 professum

500 5458 645 5497 εὸςο.

570 5534 710 5601 Quia
743 5550 874 5591 vero
907 5535 1059 5589 illum
1097 5535 1150 5589 in
1190 5534 1437 5590 eamdem
1503 5550 1739 5605 semper,
1770 5552 1932 5606 quam
1969 5538 2091 5589 Flo-

501 5631 693 5683 rentim
731 5630 1164 5699 significaverat,
1204 5628 1517 5683 concordirc
1557 5644 1683 5682 cum
1723 5627 1932 5684 Latinis
1971 5646 2097 5684 san—

2199 4618 2277 4668 nis
2320 4615 2653 4684 evangelicte,
2677 4614 2840 4683 juxta
2856 4614 3074 4669 Domini
3097 4617 3497 4685 prmdictionem
3521 4619 3645 4685 ﬁdei
3665 4636 3790 4687 pro-

2199 4705 2352 4761 batio
2369 4708 2668 4775 efﬁcaciter
2694 4709 2993 4777 per/icitur,
3023 4724 3084 4762 ea:
3112 4711 3352 4764 omnibus
3384 4713 3675 4780 apostasia:
3705 4714 3792 4766 in-

2199 4802 2463 4856 cursibus.
2487 4800 2684 4855 Omnia
2718 4803 2879 4855 etiam
2909 4803 3065 4871 hujus
3102 4802 3358 4858 Ecclesiie
3382 4805 3638 4874 dvgntata
3669 4824 3792 4859 am-

2198 4894 2399 4960 plector
2436 4905 2685 4965 tanquam
2713 4895 2915 4960 divina,
2960 4897 3238 4950 verissima
3263 4908 3312 4952 et
3337 4897 3627 4963 salutaria,
3657 4917 3790 4967 quo-

2202 5003 2317 5038 rum
2341 5004 2506 5040 unum
2538 4997 2638 5053 est,
2668 4988 2808 5057 quod
2858 4986 3093 5057 Spiritus
3151 5000 3372 5044 sanctus
3442 5006 3506 5044 ea:
3560 4991 3666 5046 Deo
3736 5004 3788 5045 et

2200 5082 2366 5133 Patre
2397 5081 2631 5150 procedit
2671 5082 2777 5135 sive
2810 5080 3079 5147 subsistit,
3128 5083 3577 5151 quemadmodum
3627 5085 3786 5137 Imbe-

2199 5174 2369 5225 turiu
2409 5170 2660 5242 Symbolo
2739 5175 2977 5226 omnium
3036 5174 3362 5243 generalium
3414 5175 3761 5229 conciliorum

2200 5266 2387 5334 Neque
2416 5267 2555 5319 enim
2586 5280 2649 5319 ea?
2682 5264 2845 5320 Putre
2862 5277 2910 5320 et
2949 5265 3117 5333 Filio,
3156 5278 3214 5320 ut
3268 5267 3590 5322 Latinorum
3625 5266 3789 5337 ὅμως

2201 5358 2375 5411 bolum
2408 5359 2560 5423 dicit,
2593 5368 2642 5411 et
2683 5356 2999 5413 Florentino
3040 5361 3274 5432 synodus
3301 5361 3567 5415 inauditis
3613 5364 3787 5427 expli-

2202 5449 2499 5503 cationibus
2536 5451 2770 5517 exponit.
2807 5452 3108 5521 Amplector
3142 5454 3342 5520 [actam
3397 5465 3580 5508 contra
3648 5454 3789 5508 Bec-

2203 5558 2320 5594 cum
2353 5542 2803 5611 Latinophrouem
2837 5555 3079 5598 sanctam
3125 5555 3175 5599 et
3217 5564 3465 5616 magnam
3490 5550 3781 5615 synodum,

2208 5646 2255 5686 et
2289 5651 2401 5687 eum
2435 5634 2663 5703 ﬁrmiter
2687 5636 2825 5689 inter
2859 5640 3206 5693 wrmuenicas
3265 5641 3633 5695 collocandum
3663 5657 3789 5695 ceu-

566 5827 636 5893 (1)
671 5828 696 5875 γ
711 5827 788 5877 ide
818 5828 940 5879 infra
970 5831 1206 5881 Cennadii
1243 5839 1288 5880 el
1324 5829 1516 5882 Notata:
1539 5830 1793 5882 ammbaas
1821 5834 2067 5894 epistolas.
2097 5832 2232 5883 ENT.
