4176 6278
382 338 489 401 273

1942 340 2134 400 Vl'l‘A.

3544 328 3640 359 :“72

3544 348 3649 388 2.th

380 472 493 518 sco,
519 453 646 524 quia
704 451 1032 506 schismatici
1086 449 1326 505 absentia
1366 450 1700 502 oecumenicaz
1759 448 1959 518 synodo
1993 456 2035 511 Α
2067 448 2169 503 Sed
2201 447 2499 518 spiritualis
2524 450 2679 514 paria
2716 447 3049 501 sentientium
3082 443 3400 505 communio,
3436 453 3483 495 et
3524 459 3647 511 pcr-

382 546 693 617 qualitatem
730 559 834 597 non
870 542 1065 610 aufert.
1112 540 1372 610 Ejusdem
1447 537 1733 592 terribilem
1758 547 1967 591 senten-

385 639 516 691 tiam
545 651 662 688 cum
714 634 991 688 sententiis
1041 640 1090 685 et
1157 629 1625 684 anathematismis
1689 636 1968 681 trementer

386 730 635 794 suscipio,
670 737 930 795 tanquam
954 740 1167 779 sacram
1200 732 1248 777 et
1321 723 1560 775 divinam
1620 722 1965 785 sententiam,

386 839 503 890 gnte
537 822 602 874 de
630 819 948 872 Latinorum
1011 816 1368 888 dogmatibus,
1403 824 1452 868 et
1493 816 1556 867 de
1597 812 1756 881 Papa:
1821 829 1967 866 com-

388 914 769 967 memoratione
794 912 1161 965 convenientia
1188 909 1399 963 decreta
1422 910 1696 969 statuerit,
1729 904 1969 959 Persisto

389 1010 518 1059 inea
552 1006 909 1073 promissione
939 1020 1042 1072 qua
1070 1018 1151 1055 me
1210 1000 1477 1053 obstrinxi
1501 1000 1652 1051 beato
1707 995 1969 1065 Ephesino

388 1102 650 1167 episcopo,
682 1114 800 1151 cum
837 1096 905 1149 ad
931 1096 1095 1151 Deum
1119 1095 1447 1164 migraturus
1472 1099 1813 1153 esset,coram
1839 1089 1967 1154 Deo,

390 1190 595 1257 angelis
619 1197 667 1241 et
697 1186 1023 1250 hominibus,
1060 1195 1108 1238 et
1162 1181 1619 1250 disputationibus
1647 1196 1779 1248 quas
1810 1180 1971 1233 habui

390 1283 639 1334 adversus
691 1281 989 1348 episcopum
1051 1277 1300 1332 Cornotaz
1353 1276 1422 1328 ad
1465 1274 1971 1329 demonstrationem

390 1374 627 1427 veritatis
660 1388 818 1442 quam
843 1369 1178 1439 proﬁtemur,
1208 1378 1263 1421 ut
1282 1368 1441 1421 etiam
1471 1368 1693 1421 diversis
1725 1364 1970 1435 operibus

391 1483 510 1534 quae
540 1482 636 1533 pro
664 1465 843 1532 patria
867 1464 992 1532 ﬁde,
1014 1463 1190 1516 divino
1244 1478 1461 1515 munere
1501 1459 1766 1529 publicavi
1802 1473 1973 1513 :con-

392 1557 619 1626 fessione
659 1570 860 1625 quoque
882 1554 1005 1622 ﬁdei
1036 1569 1182 1617 meat,
1222 1553 1298 1606 vel
1345 1553 1524 1622 potius
1558 1551 1841 1605 catholica:
1870 1548 1973 1603 Ec-

391 1648 590 1711 clesite,
630 1661 792 1715 quam
828 1655 952 1698 ante
1004 1645 1277 1698 biennium
1322 1654 1580 1698 accurate
1639 1642 1970 1696 elaboratam

391 1740 634 1808 evulgari
672 1756 687 1793 :
728 1736 1201 1805 subscriptiouibus
1222 1737 1386 1790 etiam
1412 1752 1544 1804 quas
1581 1751 1701 1789 cum
1728 1733 1975 1788 ecclesia-

396 1834 545 1888 sticis
576 1830 725 1895 viris,
756 1832 940 1884 eadem
974 1829 1247 1883 nobiscum
1276 1829 1623 1883 sentientibus
1659 1827 1854 1893 scripto
1881 1826 1971 1895 ﬁr-

396 1925 658 1979 mavimus
688 1923 849 1993 legati
907 1932 1152 1991 tempore,
1178 1931 1228 1976 et
1266 1921 1455 1975 deinde
1496 1930 1614 1989 post
1658 1919 1973 1988 legationem

395 2016 599 2069 domini
630 2014 873 2080 Brennii,
901 2014 1055 2083 cujus
1077 2014 1337 2083 particeps
1364 2013 1511 2067 nullo
1546 2010 1699 2064 modo
1723 2010 1824 2079 fui,
1857 2026 1973 2061 cum

395 2125 657 2179 nusquam
686 2108 848 2177 Papa:
879 2104 1705 2170 commemorationemsuscipere
1742 2102 1969 2156 statuis-

394 2217 595 2266 semus,
631 2199 867 2268 quandiu
896 2200 1041 2251 circa
1086 2198 1350 2265 pra’ciputl
1375 2196 1498 2264 ﬁdei
1527 2196 1785 2266 dogmata
1812 2193 1972 2247 divisi

393 2303 443 2346 et
476 2291 745 2346 discordes
779 2306 1008 2344 essemus
1034 2291 1098 2343 ab
1129 2305 1194 2343 eo
1247 2290 1413 2342 secuti
1464 2288 1733 2357 prazdicta:
1785 2284 1975 2355 synodi

396 2386 786 2453 deﬁnitionem,
833 2390 1048 2451 patrum
1129 2388 1432 2432 nostrorum
1496 2378 1977 2447 magistrorumque

394 2479 653 2531 omnium.

473 2570 619 2625 ldem
656 2569 709 2623 in
737 2566 973 2640 epistola
1013 2567 1079 2621 ad
1112 2565 1449 2638 Sylvestrum
1510 2561 1976 2633 magnumeccle-

398 2663 700 2725 siarcbam,
729 2670 784 2716 et
827 2661 892 2715 ad
922 2660 1265 2731 Agallianum
1315 2656 1816 2728 chartOpbylacem,
1850 2654 1979 2709 reli-

396 2770 647 2825 quosque
678 2753 1089 2809 ecclesiasticos
1116 2751 1321 2820 scripta
1351 2765 1475 2805 cum
1507 2749 1758 2818 Liturgia
1795 2747 1978 2817 publi-

398 2863 463 2902 re
496 2849 865 2903 celebraretur
888 2853 1012 2915 post
1060 2852 1380 2898 reuovatam
1423 2842 1685 2896 unionem
1719 2855 1843 2894 cum
1877 2840 1979 2896 Isi-

400 2937 540 2989 doro
567 2934 847 2989 eardinale
875 2932 1087 2988 Russiae
1128 2931 1307 3002 legato
1338 2930 1660 3001 apostolico,
1684 2938 1974 3000 postquam

399 3028 691 3081 excusavit
732 3041 790 3080 se
820 3025 966 3095 quod
1006 3031 1235 3079 vocatus
1268 3024 1349 3078 ire
1375 3024 1441 3078 ad
1468 3022 1737 3094 synodum
1766 3022 1978 3077 renuis-

400 3128 510 3175 set.
541 3120 622 3173 Ad
651 3118 778 3188 quid
817 3134 977 3187 porro
1002 3117 1111 3173 lucc
1166 3116 1381 3188 synaxis
1411 3116 1590 3169 habita
1619 3123 1698 3216 es‘t
1720 3116 1746 3169 .’
1765 3112 1978 3216 .Alempe
2006 3157 2050 3216 ο

400 3211 526 3277 quia
559 3226 621 3263 ea:
644 3227 744 3279 quo
776 3211 900 3263 unio
940 3225 1035 3278 per
1071 3209 1317 3277 populum
1353 3207 1502 3276 facta
1560 3215 1637 3261 est
1666 3204 1827 3275 (vah!
1858 3221 1981 3258 nam

403 3302 596 3355 dit-isio
630 3311 705 3355 est
737 3320 769 3356 a
796 3302 948 3369 Deo),
999 3302 1478 3357 ecclesiasticarum
1514 3316 1821 3354 consensum
1850 3298 1985 3352 obti—

406 3409 529 3446 nere
590 3394 843 3461 gestiunt.
906 3391 1202 3462 Relinquite
1253 3409 1334 3446 me
1387 3392 1575 3453 horum
1630 3392 1982 3461 inexpertum,

408 3502 577 3538 meam
601 3487 736 3539 enim
762 3486 825 3539 de
848 3486 945 3539 hoc
970 3489 1176 3554 negotio
1197 3485 1513 3538 sententiam
1542 3483 1735 3538 millies
1798 3484 1976 3535 domi-

406 3591 508 3627 nus
537 3585 713 3629 noster
740 3577 1051 3643 imperator,
1076 3585 1123 3628 et
1146 3576 1262 3645 ejus
1313 3574 1632 3637 consiliarii,
1680 3584 1727 3627 et
1754 3590 1840 3628 vos
1873 3589 1982 3627 om-

406 3687 498 3722 nes
532 3670 888 3739 perspexistis.
923 3668 1057 3723 Ante
1094 3668 1187 3723 hos
1249 3668 1506 3737 siquidem
1561 3667 1671 3721 dies
1731 3667 1851 3720 misi
1914 3664 1984 3719 ad

403 3777 525 3815 enm
554 3776 647 3829 per
700 3759 1044 3814 venerabilem
1073 3759 1391 3813 monachum
1442 3769 1494 3812 et
1545 3758 1870 3813 sacerdotem
1917 3757 1982 3810 ι).

407 3852 673 3920 [qualium
706 3853 941 3916 capitula
977 3853 1254 3908 duodecim
1286 3852 1351 3905 de
1387 3852 1485 3905 hoc
1511 3853 1842 3922 argumento,
1869 3866 1985 3919 qua:

406 3956 457 3998 et
482 3926 834 4013 ipsividistis.
858 3943 969 4014 Ego
999 3960 1115 3999 vero
1163 3945 1314 3997 aliud
1335 3942 1463 4013 quid
1493 3942 1558 3996 ab
1592 3958 1649 3996 eo
1674 3941 1813 4012 quod
1848 3958 1985 3995 nunc

405 4037 547 4097 dico,
570 4052 834 4105 nunquam
870 4037 1072 4103 dicam,
1129 4035 1557 4107 quandoquidem
1612 4032 1983 4090 Florentinam

405 4130 562 4183 illam
588 4131 850 4199 synodum
878 4144 936 4184 eo
963 4128 1075 4182 loco
1113 4130 1299 4194 habeo,
1336 4146 1438 4199 quo
1475 4129 1619 4198 apud
1678 4127 1844 4181 Deum
1881 4136 1980 4192 est,

408 4230 458 4275 et
499 4222 694 4274 veritas
744 4221 912 4285 docet,
974 4220 1368 4290 Christianique
1426 4237 1604 4273 omnes
1626 4221 1853 4288 legitimi
1882 4219 1982 4273 Ee-

407 4312 591 4364 clesire
616 4310 908 4366 Orientalis
947 4310 1049 4379 ﬁlii
1079 4310 1239 4378 juxta
1268 4319 1576 4365 sanctorum
1598 4308 1822 4363 Patrum
1863 4327 1982 4364 sen-

410 4403 631 4456 tentiam
663 4411 712 4455 et
740 4401 1117 4455 conscientiam
1152 4417 1304 4454 suam
1327 4402 1561 4455 sentiunt
1593 4411 1673 4466 ,et
1693 4411 1749 4453 ut
1780 4400 1979 4454 clarius

2070 539 2207 607 fecta
2235 538 2595 591 subordinatio
2622 554 2746 606 erga
2782 536 3041 606 legitimos
3072 543 3334 602 pastores,
3406 536 3458 586 in
3502 549 3647 585 rout-

2069 608 2556 684 memorationeilla
2590 629 2853 683 consistit.
2880 628 3217 697 Synodivero
3247 637 3294 680 et
3322 624 3424 680 SS.
3456 625 3647 678 Patres

2069 722 2347 790 deﬁniunt,
2378 730 2434 774 ut
2474 738 2504 774 a
2528 738 2751 792 quorum
2788 721 3030 790 opinione
3047 719 3408 781 abhorremus,
3439 734 3641 771 earum-

2069 823 2187 875 dem
2227 821 2645 875 communionem
2672 819 2850 889 fugere
2869 826 3131 886 oporteat.
3164 814 3339 869 Multa
3367 814 3478 867 alia
3504 814 3649 884 ejus.

2070 912 2213 965 modi
2247 912 2507 979 deﬁniunt
2542 912 2683 965 vobis
2715 911 2858 963 haud
2887 913 3087 980 ignota.
3114 908 3233 962 Prw
3258 908 3497 961 omnibus
3532 922 3648 959 vero

2072 1003 2329 1057 Dominus
2366 1005 2501 1057 dicit
2531 1018 2548 1057 :
2577 1004 2817 1057 alienum
2845 1019 2948 1057 non
2996 1010 3301 1071 sequentur,
3327 1000 3417 1053 sed
3448 999 3648 1068 fugient

2074 1091 2137 1145 ab
2176 1091 2457 1162 ipso,quia
2482 1109 2585 1145 non
2638 1100 2834 1144 norunt
2884 1107 3060 1144 vocem
3124 1091 3444 1143 alienorum.
3500 1087 3650 1140 Absit

2071 1199 2271 1253 quoque
2293 1192 2350 1235 ut
2382 1181 2674 1235 Ecclesium
2710 1199 2902 1245 meam,
2937 1197 3053 1250 qua:
3109 1195 3298 1235 sancta
3324 1193 3399 1234 est
3453 1181 3646 1233 Ortho-

2074 1273 2332 1327 doxorum
2361 1283 2546 1338 mater,
2575 1274 2771 1342 faciam
2793 1274 3120 1335 hcereticam,
3154 1273 3454 1341 suscipiens
3484 1274 3650 1338 Papa:

2073 1367 2644 1429 commemorationem,
2678 1365 2932 1434 quamdiu
2973 1364 3124 1433 Papa
3147 1380 3208 1417 ea
3243 1362 3582 1431 conﬁtebitur
3601 1372 3648 1414 et

2074 1458 2267 1524 credet,
2298 1474 2521 1527 quorum
2566 1473 2731 1511 causa
2766 1474 2797 1509 a
2845 1466 3025 1510 nostra
3083 1454 3322 1509 Ecclesia
3380 1471 3482 1508 non
3533 1469 3652 1507 sus-

2074 1549 2288 1617 cipitur.
2313 1548 2371 1603 Si
2394 1550 2511 1620 quis
2535 1551 2673 1604 enim
2702 1566 2843 1603 nunc
2865 1550 3185 1617 conﬁteatur
3229 1566 3345 1603 eum
3377 1556 3517 1603 recte
3545 1549 3654 1602 dis-

2073 1655 2292 1710 pensare
2319 1642 2529 1695 verbum
2589 1642 2849 1706 veritatis,
2909 1642 3112 1710 fatetur
3135 1642 3180 1696 is
3238 1640 3469 1709 majores
3528 1656 3657 1694 suos

2076 1734 2242 1800 fuisse
2274 1734 2567 1789 htereticos.
2589 1733 2863 1788 Sententia
2895 1735 3060 1802 igitur
3088 1750 3201 1787 mea
3246 1735 3371 1788 talis
3393 1744 3494 1799 est,
3543 1733 3650 1801 fuit

2075 1836 2123 1881 et
2153 1827 2272 1891 erit,
2306 1842 2497 1896 eraque
2518 1834 2667 1880 extra
2691 1826 3115 1881 communionem
3135 1826 3320 1894 Papce,
3344 1835 3392 1879 et
3416 1827 3655 1879 onmium

2076 1921 2166 1989 qui
2210 1919 2292 1972 illi
2334 1935 2643 1990 quocunque
2696 1918 2849 1972 modo
2898 1919 3310 1984 communicant,
3356 1929 3415 1973 ut
3469 1928 3648 1985 patres

2078 2012 2268 2077 nostri,
2301 2025 2524 2080 quorum
2543 2012 2794 2078 pietatem
2821 2012 3029 2064 imitari
3061 2028 3155 2067 nos
3209 2012 3376 2077 decet,
3409 2028 3525 2065 cum
3563 2027 3659 2064 nec

2078 2103 2438 2166 sanctitatem,
2470 2119 2562 2157 nec
2599 2103 2918 2173 sapientiam
2947 2104 3163 2159 illorum
3188 2103 3495 2158 habeamus.
3526 2103 3655 2159 "mc

2078 2209 2212 2248 sane
2244 2193 2422 2248 oratio
2458 2208 2567 2247 non
2600 2202 2685 2248 est
2742 2194 2923 2248 Latini
2986 2194 3250 2257 hominis,
3283 2204 3379 2250 aut
3409 2196 3526 2268 ejus
3557 2198 3653 2265 qui

2078 2285 2131 2338 in
2172 2285 2543 2351 Romanorum
2579 2285 2910 2341 sententiam
2951 2286 3257 2341 transierit.
3291 2285 3388 2343 Est
3465 2296 3649 2341 autem

2077 2378 2195 2448 ejus
2225 2378 2319 2448 qui
2352 2379 2406 2432 in
2431 2378 2555 2433 aula
2593 2378 2830 2443 vixerat,
2869 2380 2964 2448 qui
2997 2377 3338 2434 Florentiam
3376 2378 3667 2449 profectus

2077 2477 2219 2535 erat,
2245 2468 2449 2539 quique
2472 2468 2788 2539 patriarcha
2821 2480 2945 2538 post
2992 2479 3207 2540 captam
3241 2470 3434 2525 urbem
3469 2472 3655 2526 statim

2078 2571 2297 2615 creatus
2340 2571 2459 2617 est:
2488 2562 2762 2631 quodnon
2811 2564 2926 2619 sola
2970 2565 3168 2634 probat
3224 2564 3475 2619 codicum
3522 2579 3658 2619 mss.

2079 2652 2238 2718 ﬁdes,
2272 2654 2366 2709 sed
2408 2655 2494 2709 vel
2527 2670 2632 2709 una
2675 2656 2905 2725 epistola
2933 2656 3000 2710 ad
3037 2670 3231 2712 omnes
3262 2655 3452 2712 fideles
3506 2659 3657 2711 valc-

2081 2748 2308 2803 dit-toria
2340 2764 2464 2803 cum
2496 2748 2819 2820 dignitatem
2872 2748 3197 2821 deponeret,
3240 2748 3463 2805 abunde
3527 2730 3666 2805 con-

2082 2840 2285 2894 ﬁrmat.

2148 2927 2325 2984 Porro
2377 2944 2723 3002 quaecunque
2807 2932 2875 2989 de
2929 2932 3148 2989 duobus
3202 2931 3502 2987 Gennadiis
3551 2932 3679 2987 sive-

2083 3019 2387 3078 Scholariis
2428 3037 2459 3076 a
2509 3023 2880 3098 Caryopbyllo
2965 3034 3060 3079 aut
3116 3024 3323 3079 Allatio
3382 3025 3664 3094 disputata

2083 3124 2235 3181 sunt,
2287 3127 2490 3187 praeter
2552 3134 2616 3176 ea
2665 3135 2786 3191 quae
2830 3121 3063 3191 carptim
3121 3119 3505 3184 delibavimus,
3553 3135 3677 3173 non

2086 3209 2221 3263 tanti
2255 3210 2514 3266 videntur
2548 3227 2703 3279 esse,
2732 3221 2791 3267 ut
2828 3213 2896 3267 ad
2932 3213 3218 3283 singulare
3241 3228 3474 3267 examen
3502 3227 3661 3266 revo-

2085 3303 2258 3357 canda
2307 3304 2443 3359 sint.
2495 3304 2552 3359 ld
2593 3305 2740 3361 enim
2788 3321 2896 3362 non
2931 3307 3041 3362 nisi
3102 3308 3316 3379 prolixa
3353 3316 3405 3362 et
3437 3307 3678 3361 taediosa

2086 3400 2559 3453 commentatione
2608 3407 2794 3469 potest
2849 3398 3090 3462 absolvi,
3136 3401 3231 3455 sed
3287 3400 3498 3468 absque
3547 3399 3663 3452 ullo

2086 3499 2266 3554 aperte
2293 3486 2490 3555 pretio.
2522 3484 2656 3542 Nam
2685 3488 2773 3543 cui
2808 3488 2977 3543 semel
3005 3496 3303 3558 perspecta
3334 3487 3503 3541 fuerit
3534 3487 3675 3542 bre—

2087 3577 2192 3639 vis,
2230 3593 2394 3647 quam
2439 3595 2506 3634 ex
2555 3580 2734 3634 certis
2793 3580 3177 3636 monumentis
3236 3579 3667 3644 delineavimus.

2086 3667 2343 3725 Historia).
2365 3664 2743 3727 Gennadianaa
2778 3671 3060 3742 synopsis,
3095 3673 3142 3727 is
3166 3672 3350 3728 statim
3380 3672 3691 3743 intelliget,

2086 3763 2141 3817 in
2172 3762 2373 3831 quibus
2406 3772 2462 3818 et
2496 3762 2715 3834 quoties
2740 3762 3116 3818 liallucinatus
3155 3762 3319 3821 fuerit
3350 3762 3431 3818 vir
3458 3761 3670 3817 doctis-

2088 3855 2285 3910 simus.
2322 3854 2509 3911 Mirari
2543 3870 2675 3910 vero
2723 3856 2861 3911 satis
2897 3870 3004 3910 non
3038 3871 3336 3925 possumus
3368 3870 3515 3922 eum,
3544 3870 3693 3910 cum

2086 3947 2325 4019 primum
2369 3948 2424 4003 in
2470 3963 2635 4019 opere
2668 3949 2732 4004 de
2772 3957 3024 4018 perpetuo
3069 3965 3329 4003 consensu
3377 3948 3476 4019 (l),
3520 3949 3691 4004 edito

2087 4054 2234 4095 anno
2272 4040 2432 4104 16M,
2470 4040 2878 4097 contentiosum
2911 4041 3057 4095 hunc
3092 4041 3160 4098 de
3195 4040 3409 4096 duobus
3445 4038 3668 4094 Genua-

2087 4132 2196 4188 diis
2247 4132 2430 4187 funem
2487 4133 2691 4189 ducere
2741 4133 3027 4205 coepisset,
3082 4135 3289 4190 deinde
3338 4134 3502 4205 paulo
3545 4142 3685 4203 post.

2089 4224 2474 4280 Dissertatioui
2521 4227 2590 4280 de
2648 4225 2904 4297 Georgiis
2941 4228 3018 4297 (2)
3072 4235 3243 4283 totam
3302 4243 3459 4283 suam
3503 4226 3693 4281 verba

2087 4322 2250 4370 tenus
2297 4316 2737 4386 disputationem
2796 4317 3149 4383 inseruisset,
3193 4327 3318 4388 post
3352 4333 3528 4397 agnos
3573 4318 3668 4372 tri-

2087 4405 2236 4475 ginta
2264 4420 2371 4459 non
2415 4407 2675 4462 secundis
2703 4416 2797 4461 aut
2834 4408 3010 4463 tertiis
3045 4410 3131 4463 vel
3180 4409 3479 4466 tricesimis
3520 4410 3668 4465 curis

408 4496 610 4555 dicam,
646 4510 760 4547 eam
785 4494 1044 4563 synodum
1068 4494 1225 4548 talem
1262 4494 1528 4558 existimo,
1563 4494 1735 4561 qualis
1762 4500 1985 4561 pseudo-
2022 4491 2063 4545 D
2095 4496 2373 4549 meliorem
2431 4496 2628 4550 factam
2683 4496 2737 4551 in
2793 4512 2961 4567 opere
2998 4507 3191 4553 contra
3246 4498 3665 4569 Creyghtouum

408 4586 729 4639 mcumenica
750 4585 842 4638 illa
867 4587 962 4638 sub
986 4584 1295 4639 Constantio
1330 4584 1588 4654 fuit,quaa
1618 4583 1989 4638 Consubstan-

410 4677 560 4742 tiale,
594 4688 651 4730 ut
672 4678 776 4730 sibi
809 4676 1108 4743 videbatur,
1152 4678 1467 4731 sustulerat.
1536 4678 1802 4742 Quoniam
1864 4678 1989 4731 item

410 4786 528 4823 mea
548 4772 807 4824 sententia
835 4778 935 4833 est,
970 4769 1108 4838 quod
1130 4770 1221 4839 qui
1244 4760 1411 4837 Papa:
1436 4770 1987 4824 commemorationem

410 4863 567 4932 facit,
601 4875 691 4914 aut
720 4862 936 4931 facienti
978 4863 1357 4925 communicat,
1416 4862 1578 4915 etiam
1626 4862 1849 4916 consilio
1893 4872 1989 4916 aut

410 4954 805 5017 adhortatione,
840 4955 964 5007 talis
1024 4954 1167 5024 apud
1208 4970 1291 5007 me
1335 4962 1434 5015 est,
1488 4952 1664 5023 qualis
1730 4954 1775 5006 is
1833 4952 2018 5021 quem'

406 5048 687 5099 damnavit
720 5056 905 5099 sancta
930 5055 977 5100 et
1006 5061 1200 5115 magna
1233 5043 1467 5115 synodus
1516 5043 1986 5113 Constantinopoli

407 5146 750 5206 congregata,
782 5154 899 5205 qua:
940 5135 1254 5191 Latinorum
1284 5138 1584 5191 doctrinam
1638 5137 1985 5200 examinavit,

406 5228 741 5297 Beccumque
776 5237 921 5292 tunc,
954 5237 1003 5282 et
1025 5229 1116 5298 qui
1144 5230 1326 5282 eadem
1379 5244 1498 5281 cum
1534 5227 1628 5282 illo
1669 5228 1987 5292 sentiebant,

404 5319 679 5382 drposuit.
706 5318 891 5390 Neque
913 5320 1166 5375 existimo
1185 5320 1293 5374 leve
1316 5320 1570 5389 quiddam
1630 5336 1742 5374 esse
1800 5323 1985 5390 Pnpat,

405 5418 506 5464 aut
538 5409 764 5464 alterius
804 5412 1086 5481 cujusdam
1131 5413 1361 5481 episcopi
1416 5414 1990 5468 commemorationem.

485 5588 533 5660 (i
585 5585 702 5641 Lib.
742 5602 825 5649 ttl,
858 5587 1005 5659 c.,5.

2090 4595 2366 4642 recoctam
2403 4588 2604 4641 iterum
2644 4588 2887 4651 dedisse,
2921 4588 2995 4642 ita
3040 4598 3100 4643 ut
3128 4589 3289 4643 verba
3326 4591 3465 4658 ipsa,
3491 4590 3683 4659 jocos,

2088 4680 2230 4737 sales
2259 4680 2696 4752 religiosissime,
2724 4696 2793 4735 ne
2828 4681 3291 4750 mutatoquidem
3329 4685 3507 4751 apice,
3538 4699 3665 4738 ser-

2089 4774 2321 4828 vaverit.
2360 4772 2464 4839 Qui
2514 4775 2701 4844 itaque
2750 4788 2913 4827 unam
2967 4773 3163 4828 harum
3203 4772 3685 4832 Dissertationum

2093 4867 2267 4933 novit,
2303 4868 2495 4921 ambas
2520 4867 2725 4922 alteras
2755 4868 2995 4923 noverit.
3072 4900 3083 4913 -

2166 4956 2385 5013 Feiellit
2439 4958 2617 5011 virum
2681 4958 3064 5014 doctissimum
3116 4956 3471 5029 Caryapliylli
3528 4958 3671 5027 judi-

2096 5050 2238 5104 cium
2275 5051 2353 5119 (a)
2388 5050 2455 5105 de
2485 5050 2703 5105 duobus
2731 5049 3056 5115 Gennadiis,
3089 5064 3211 5117 quae
3240 5050 3431 5120 opinio
3453 5066 3575 5104 cum
3607 5052 3693 5105 ad"

2097 5144 2455 5197 asserendum
2508 5141 2794 5196 catholica:
2830 5141 3093 5197 Ecclesiae
3124 5142 3469 5198 Gennadium
3521 5158 3672 5197 com—

2098 5232 2420 5288 modissima
2474 5233 2775 5300 videretur,
2831 5247 2975 5299 eam,
3025 5247 3138 5305 quo
3180 5248 3241 5290 se
3288 5234 3536 5289 duceret-
3567 5249 3673 5286 non

2098 5326 2235 5379 satis
2267 5325 2594 5392 praevidens,
2644 5332 2867 5381 secutus
2901 5333 2986 5381 est
3034 5342 3142 5380 non
3188 5328 3296 5382 alio
3335 5325 3461 5388 line,
3512 5338 3689 5392 quam.
3748 5316 3761 5339 ”

2100 5430 2170 5470 ne
2220 5416 2423 5486 periret
2456 5416 2755 5472 auctoritas
2790 5417 3271 5489 Apologeticarum
3305 5434 3402 5490 pro
3442 5415 3677 5471 Floret}.

2082 5674 2089 5683 ι
2166 5588 2241 5660 (2)
2278 5589 2333 5645 In
2370 5589 2606 5662 Georgio
2658 5591 2967 5648 Schelario.

477 5770 553 5834 (α)
591 5772 737 5823 Praef.
776 5772 835 5822 ad
865 5774 1104 5825 Gennadii
1133 5774 1423 5837 Apologiam
1450 5786 1534 5836 pro
1568 5774 1791 5836 quinque
1818 5771 2061 5834 capitibus
2098 5773 2299 5824 concilii
2338 5774 2631 5827 Florentini.
2669 5778 2858 5837 Romae,
2883 5774 3023 5837 1628,
3053 5775 3123 5825 4ο.
