4176 6278
475 437 577 498 9'5
1527 433 1894 492 GENNADIi
1943 431 2049 494 ΟΡ.

2184 421 2618 487 ιΤιίῐᾹῘὶΟῙΙΕ

3614 403 3727 467 276

476 548 584 598 tina
616 527 821 614 .-ynodn
856 543 1188 605 orationum,
1225 557 1343 608 qnzc
1377 548 1512 595 tanti
1552 559 1657 597 non
1693 553 1831 606 erat,
1868 550 1924 595 ut
1961 551 2041 594 to-
2073 552 2113 602 Λ
2149 540 2236 592 nis
2271 553 2377 590 non
2422 531 2731 601 usurpavit,
2759 521 3014 597 quamvis
3042 535 3156 574 rem
3188 532 3320 572 voce
3358 515 3722 584 significatam

476 648 582 690 tam
659 636 866 689 ideirco
934 634 1323 688 ecclesiastica:
1393 634 1636 688 historiae
1722 633 2046 688 recentioris

476 728 674 782 seriem
736 727 1054 780 conturbari
1125 741 1353 779 necesse
1435 725 1596 780 foret.
1684 724 2048 796 Caryophyllo

477 821 751 889 duplicent
788 818 1134 873 Genuadium
1164 834 1263 872 cur
1301 818 1513 888 primus
1545 819 1870 880 somniaret,
1910 817 2049 870 ratio

478 913 629 968 nulla
669 921 812 974 erat,
845 912 950 968 nisi
985 911 1129 980 quod
1167 912 1239 965 ita
1281 927 1347 964 ex
1380 912 1674 964 collectore
1706 909 2050 962 Bibliotheca:

480 1005 706 1059 Patrum
770 1004 1078 1075 Margarino
1133 1003 1332 1072 liigneo
1385 1003 1676 1065 didicerat,
1732 1016 1841 1069 quo
1889 1012 2051 1053 nemo

482 1098 736 1151 fortassis
769 1099 820 1148 in
864 1085 1103 1150 ferenda
1132 1097 1199 1149 de
1232 1105 1478 1149 veterum
1513 1095 1736 1159 scriptis
1778 1091 2050 1145 sententia

482 1187 754 1242 infelicior
781 1187 900 1252 fuit,
929 1203 992 1240 ex
1022 1186 1354 1240 Bellarmino
1383 1195 1434 1240 ct
1475 1185 1619 1247 aliis,
1657 1198 1892 1253 quorum
1944 1181 2055 1235 eri-

483 1284 588 1335 tice
634 1284 684 1332 in
746 1279 1127 1334 cxscribendis
1186 1279 1418 1333 aliorum
1471 1276 1886 1332 commentariis
1939 1282 2051 1329 tota

483 1372 788 1425 Constabat.

558 1465 703 1518 Sane
750 1479 813 1517 ex
868 1463 936 1516 iis
996 1477 1117 1532 qua:
1176 1477 1339 1530 supra
1399 1462 1675 1528 disputata
1732 1467 1880 1520 sunt,
1944 1465 2053 1510 tam

485 1565 700 1611 constat
749 1556 895 1624 apud
934 1572 1034 1609 nos
1060 1555 1401 1609 Gennadiuut
1431 1553 1847 1609 schismaticum
1893 1548 2059 1618 perti—

488 1651 842 1704 nacissimum
870 1656 924 1702 et
954 1647 1222 1701 furiosum
1272 1646 1464 1707 fuisse,
1490 1660 1651 1714 quam
1682 1644 1827 1711 quod
1861 1641 2057 1695 certis-

487 1745 649 1796 sime.
713 1741 892 1809 Atque
949 1741 1022 1792 ita
1082 1740 1244 1808 hujus
1297 1738 1546 1791 llomilia:
1593 1751 1756 1806 quam
1820 1733 2056 1792 edimus.

493 1834 667 1899 maior
700 1835 848 1887 on;ni
878 1833 1197 1900 exceptione
1237 1831 1540 1884 auctoritas
1572 1844 1694 1883 esse
1738 1827 1918 1882 debet.
1956 1824 2057 1880 So-

491 1927 606 1978 lent
635 1925 779 1979 enim
811 1923 1211 1985 Protestantes,
1251 1925 1296 1976 si
1340 1922 1487 1991 quod
1519 1937 1583 1975 cx
1619 1920 1936 1975 Graecorum
1968 1919 2060 1989 qui

491 2027 618 2071 ante
653 2018 1080 2086 quadringentos
1119 2029 1290 2068 annos
1313 2014 1672 2084 scripserunt,
1701 2012 1855 2069 libris
1906 2011 2063 2066 testi-

492 2111 734 2162 monium
769 2109 1101 2176 proferatur,
1148 2109 1333 2162 statim
1370 2107 1687 2170 inclamare,
1721 2103 1864 2176 quod
1901 2103 2067 2158 fuerit

495 2201 706 2254 Latinis
735 2201 1007 2252 addictus.
1038 2199 1157 2263 Qua
1189 2213 1320 2253 vero
1355 2196 1645 2252 rationein
1670 2195 2067 2265 λατινοερρονή-

499 2309 637 2353 σεως
685 2292 1056 2361 suspicionem
1115 2292 1300 2345 vocari
1352 2291 1526 2359 possit
1575 2288 1916 2351 Gennadius,
1973 2284 2066 2354 qui

495 2383 718 2439 Lat‘nos
749 2394 856 2437 tam
895 2385 1167 2438 rirulcnte
1200 2385 1526 2448 insectatur,
1547 2381 1643 2452 qui
1676 2396 1772 2450 pro
1795 2380 2070 2436 haereticis

499 2477 685 2539 habet,
743 2487 794 2530 ct
835 2479 961 2531 illos
1010 2476 1078 2529 ad
1129 2477 1574 2530 communionem
1619 2475 1827 2529 admitti
1880 2481 2070 2540 vetat;

499 2569 594 2638 qui
649 2569 986 2623 additionem
1043 2569 1305 2638 Symbolo
1370 2570 1592 2630 factam,
1659 2566 2074 2636 processionem

500 2661 673 2714 sancti
709 2660 948 2730 Spiritus
983 2679 1010 2713 a
1048 2660 1208 2715 Patre
1240 2672 1293 2716 et
1324 2660 1487 2726 Filio,
1522 2661 1751 2731 Azyma,
1797 2659 2072 2728 Purgato-

501 2753 668 2817 rium,
707 2763 761 2806 et
805 2769 864 2807 ea
911 2755 1030 2822 ipsa
1068 2767 1187 2822 qua:
1235 2767 1346 2808 non
1393 2753 1538 2806 inter
1581 2752 1898 2806 necessaria
1950 2750 2076 2806 ﬁdei

501 2843 684 2910 capita
732 2841 877 2909 apud
917 2857 1015 2895 nos
1063 2843 1338 2895 habentur
1371 2841 1579 2895 erroris
1631 2851 1726 2894 aut
1772 2841 2081 2907 haereseos,

503 2945 613 2988 tam
663 2947 852 3004 aperte
885 2935 1217 2988 condemnat
1243 2934 1362 3003 (l);
1416 2933 1508 3003 qui
1556 2937 1843 2987 anathema
1875 2932 2080 2988 Joanni

507 3027 687 3080 Becco
717 3025 872 3090 dicit,
918 3033 972 3078 et
1009 3025 1543 3095 pseudo-synodum,
1579 3025 1630 3077 in
1677 3039 1783 3094 qua
1828 3025 1912 3078 vir
1957 3025 2082 3094 pius

427 3197 441 3210 θ
509 3128 561 3172 et
620 3120 810 3174 multis
863 3119 1183 3173 nominibus
1233 3117 1582 3174 venerandus
1635 3121 1922 3172 damnatus
1973 3129 2079 3182 est,

2151 630 2432 691 docueiit,
2463 634 2521 679 ut
2552 620 3087 686 Wirtembergenses
3114 611 3217 682 ipsi
3245 609 3335 680 qui
3373 609 3503 663 Acta
3537 608 3718 661 edide-

2150 730 2306 784 runt,
2349 730 2479 774 nota
2534 717 2600 770 ad
2655 712 2958 782 marginem
2997 706 3183 762 testati
3228 712 3379 765 sunt,
3420 712 3544 756 nata
3596 698 3726 753 inde

2153 828 2294 868 nova
2340 816 2792 880 argumentorum
2842 816 3024 871 seges,
3056 799 3110 853 in
3140 811 3248 868 qua
3294 793 3535 848 Thomas
3580 792 3726 846 Smi-

2156 907 2318 960 theus
2355 901 2622 957 Ecclesiae
2659 897 2980 968 Anglicanas
3035 891 3322 960 theologus
3352 904 3410 944 se
3455 886 3727 943 exercuit.

2154 999 2414 1053 Ediderat
2439 988 2915 1058 Constantinopoli
2947 985 3119 1041 redux
3160 984 3446 1052 epistolam
3480 982 3546 1034 de
3579 981 3726 1034 Grae-

2155 1108 2346 1148 carum
2385 1088 2758 1142 Ecclesiarum
2794 1090 2962 1144 statu,
3011 1079 3064 1132 in
3103 1091 3209 1146 qua
3255 1077 3430 1130 virum
3466 1073 3730 1128 doetissi-

2159 1200 2304 1237 mum
2353 1179 2691 1236 Richardum
2755 1174 3036 1227 Simonem
3093 1170 3534 1238 impugnaverat,
3580 1165 3733 1234 quod

2158 1277 2212 1330 in
2259 1273 2500 1329 llistoria
2549 1269 2674 1323 fidei
2710 1265 3073 1321 Orientalium
3115 1261 3335 1316 Graecos
3377 1259 3734 1328 prasentiam

2158 1369 2384 1429 realetn,
2421 1375 2474 1419 et
2512 1357 3192 1417 transsubstantiationcm
3221 1351 3446 1407 credere
3481 1349 3734 1404 ﬁrmissi-

2160 1463 2266 1517 mis
2303 1456 2652 1528 argumentis
2679 1452 2983 1506 docuisset.
3017 1448 3154 1514 Quia
3190 1462 3321 1500 vero
3347 1444 3628 1498 Smitheus
3659 1443 3734 1495 ita

2160 1561 2430 1612 statuerat
2453 1550 2685 1618 primum
2715 1554 2806 1598 aut
2831 1542 3020 1597 saltem
3043 1542 3176 1594 inter
3199 1541 3396 1610 primos
3423 1537 3514 1605 qui
3544 1553 3736 1604 μετου-

2163 1646 2407 1704 σιώσεως
2442 1659 2576 1697 voce
2619 1641 2704 1695 usi
2741 1639 2943 1702 forent,
2986 1635 3295 1688 Gal-rielcm
3346 1627 3738 1695 Philadelphiae

2163 1739 2567 1806 nietmpolitam
2609 1734 2803 1799 fuisse,
2848 1728 3114 1787 Gennadii
3152 1725 3530 1780 testimonium
3561 1735 3740 1790 oppo-

2166 1840 2353 1886 suerat
2383 1829 2448 1884 Β.
2480 1829 2668 1882 Simon
2703 1841 2765 1880 ex
2802 1823 2951 1877 brevi
2991 1821 3082 1874 illa
3125 1816 3352 1872 bomilia
3385 1829 3548 1884 quam
3582 1809 3742 1881 Syri-

2170 1939 2272 1994 gus
2301 1924 2450 1991 Operi
2486 1934 2586 1973 suo
2620 1915 2872 1978 inseruit,
2916 1911 3058 1981 quod
3085 1924 3227 1979 opus
3258 1922 3284 1958 a
3321 1905 3477 1960 nobis
3511 1916 3740 1971 accepe-

2172 2023 2278 2071 rat.
2331 2013 2613 2067 Smitbeus
2662 2010 2716 2063 in
2755 2009 2930 2076 prima
2976 2001 3455 2058 Miscellaneorum
3511 2011 3739 2049 suormu

2171 2107 2440 2171 editione,
2477 2119 2600 2158 cum
2651 2117 2716 2156 ex
2762 2100 2856 2154 illo
2887 2098 3005 2152 solo
3047 2091 3363 2150 testimonio
3403 2098 3569 2144 totam
3610 2104 3745 2141 eva-

2173 2215 2404 2257 nescere
2450 2201 2513 2252 de
2559 2193 2814 2251 Gabriele
2862 2205 3018 2246 suam
3073 2185 3462 2239 divinationem
3510 2181 3745 2243 videret,

2172 2291 2445 2352 Gennadii
2500 2303 2639 2356 opus
2689 2294 2750 2339 ut
2781 2279 3174 2350 ὑποϐολιμαίου
3207 2274 3500 2346 scriptoris
3527 2273 3744 2338 reiecit.

2173 2391 2243 2442 At
2271 2384 2630 2442 doctissimus
2673 2377 2792 2448 ejus
2827 2372 3177 2430 adversarius
3213 2367 3596 2423 dissertatione
3623 2380 3748 2418 ver-

2174 2480 2364 2536 nacula
2385 2477 2462 2550 (2)
2497 2475 2570 2528 De
2584 2473 2688 2542 ﬁde
2718 2468 2970 2524 Ecclesiw
2996 2463 3278 2520 Orientalis
3307 2462 3446 2514 circa
3466 2460 3750 2511 transsui)-

2175 2572 2593 2630 stantiationem,
2643 2565 2796 2619 illum
2848 2564 2923 2616 ita
2968 2555 3296 2618 confutavit,
3330 2563 3389 2606 ut
3430 2553 3477 2606 is
3517 2567 3750 2618 respon-

2178 2668 2334 2721 sione
2362 2664 2623 2716 Aduersus
2656 2655 3026 2711 cavillationes
3059 2649 3302 2710 Simonii,
3340 2661 3464 2699 nam
3504 2645 3572 2697 ita
3600 2643 3754 2696 illam

2181 2755 2487 2810 inscribere
2542 2749 2772 2820 placuit,
2801 2745 2937 2801 nihil
2981 2741 3127 2814 quod
3150 2740 3218 2795 ad
3259 2754 3372 2793 rem
3403 2736 3628 2798 faceret,
3663 2749 3750 2789 re-

2181 2845 2471 2918 spondissc
2521 2849 2875 2912 agnoscatur.

2252 2937 2390 2992 Cum
2423 2934 2592 3004 igitur
2629 2932 2681 2985 in
2710 2930 2888 3000 prima
2909 2922 3298 2982 dissertatione
3317 2919 3596 2975 homiliam
3622 2918 3754 2972 bre-

2182 3047 2328 3096 vem,
2381 3035 2475 3083 aut
2515 3025 2824 3096 epistolam,
2872 3022 2919 3076 si
2954 3018 3175 3090 quidem
3218 3015 3338 3070 talis
3381 3013 3554 3067 videri
3585 3012 3753 3066 etiam

2183 3131 2388 3198 potest,
2426 3135 2548 3191 quae
2594 3134 2655 3174 ex
2694 3114 2892 3172 Meletii
2928 3111 3106 3184 Syrigi
3145 3110 3286 3164 libro
3323 3106 3585 3177 producta
3635 3104 3754 3158 fue-

510 3214 768 3281 amplecti
792 3228 852 3268 se
878 3214 1160 3268 multoties
1192 3220 1460 3279 testatur;
1497 3211 1657 3282 cujus
1685 3211 1923 3280 denique
1954 3212 2079 3266 hor-~
2109 3221 2155 3281 ο
2187 3194 2296 3280 ξω,
2339 3212 2569 3284 rcjicere
2622 3213 2917 3280 satageret,
2966 3204 3083 3257 haec
3125 3208 3444 3269 argumenta
3501 3194 3756 3265 protulit,

511 3315 622 3359 tatu
660 3317 707 3361 et
760 3306 994 3361 consilio
1038 3305 1291 3360 monachi
1337 3315 1391 3360 et
1439 3298 1709 3360 m'oniales
1763 3319 1792 3357 a
1837 3319 2083 3359 commu-

512 3399 676 3452 nione.
735 3398 1054 3454 Latinorum
1107 3400 1279 3468 palam
1337 3405 1718 3462 recesserunt,
1781 3409 1834 3455 et
1890 3407 2082 3454 sancta

512 3492 675 3547 ctiam
710 3491 998 3560 profanum
1033 3491 1085 3546 in
1112 3492 1332 3546 modum
1359 3493 1865 3560 conculcaverunt;
1898 3493 1994 3562 qui
2027 3493 2082 3548 in

515 3583 678 3638 Marci
717 3585 938 3654 Ephesii
981 3586 1144 3639 verba
1172 3585 1403 3654 juravit,
1431 3586 1637 3656 quique
1668 3587 1847 3656 palam
1876 3585 2089 3657 profec-

516 3688 604 3730 tus
653 3686 737 3731 est
781 3679 1146 3746 ἀκοινώνητον
1191 3694 1320 3748 erga
1368 3677 1593 3734 Latinos
1643 3694 1964 3734 mansurum
2005 3693 2086 3746 se,

515 3771 697 3835 donec,
727 3769 969 3822 Romana
1002 3770 1246 3825 Ecclesia
1276 3779 1355 3824 tot
1381 3771 1644 3837 h:ereses,
1675 3785 1906 3840 quarum
1942 3771 2088 3824 illam

521 3862 725 3930 ubique
758 3863 1018 3930 postulat,
1069 3861 1402 3929 abjurasset.
1438 3860 1561 3916 Htec
1587 3863 1755 3934 igitur
1790 3861 2091 3917 refellenda

522 3953 844 4005 manabunt
881 3952 1348 4019 Protestantibus,
1402 3963 1693 4024 antequam
1747 3953 2089 4010 Gennadium

520 4049 586 4100 de
629 4045 994 4120 Eucharistia:
1033 4045 1137 4098 ﬁde
1181 4045 1338 4099 nobis
1374 4046 1751 4100 testimonium
1790 4048 2093 4116 perhiben-

525 4145 629 4188 tem
663 4149 728 4186 ex
760 4133 982 4186 tes:i-um
1019 4148 1245 4186 numero
1271 4133 1540 4202 rejiciant.
1573 4131 1640 4186 Ut
1675 4142 1856 4188 autem
1887 4134 1942 4188 id
1971 4135 2094 4188 eili-

521 4227 724 4288 ciatur,
779 4240 886 4279 non
933 4226 1125 4278 i'anes
1165 4224 1544 4294 conjecturas,
1589 4226 1683 4281 sed
1728 4237 1880 4282 certa
1931 4242 2097 4298 argu-

525 4329 706 4369 menta
734 4316 801 4371 ab
837 4319 970 4385 ipsis
993 4318 1360 4385 postulamus.

596 4411 883 4476 Quatvero
920 4428 980 4466 ex
1025 4411 1232 4466 nostris
1266 4412 1592 4467 auctoribus
1655 4411 1707 4465 in
1753 4413 2096 4467 contrarium

528 4507 805 4559 adducere
831 4508 1033 4570 solent,
1070 4520 1130 4557 ca
1163 4505 1486 4559 habebimus
1516 4507 1741 4560 Omnino
1782 4505 1962 4560 nihili.
1991 4505 2098 4560 Ne-

2189 3307 2535 3364 Gennadium
2587 3303 2667 3357 ait
2728 3297 3027 3355 Catholicis
3074 3291 3507 3349 addictissimum
3565 3287 3758 3348 fuisse.

2188 3401 2308 3456 solo
2357 3395 2671 3453 testimonio
2710 3388 2890 3444 Allatii
2929 3396 2984 3442 et
3034 3385 3268 3441 aliorum
3321 3380 3414 3451 qui
3464 3379 3759 3449 Georgium

2192 3490 2541 3549 Scholarium
2573 3495 2628 3540 et
2661 3481 3008 3539 Gennadium
3040 3462 3312 3547 duplicem
3365 3473 3594 3536 iaciunt,
3636 3486 3762 3526 cum

2190 3601 2257 3640 ex
2290 3583 2359 3638 iis
2398 3594 2522 3651 qua:
2571 3575 2830 3646 superius
2873 3571 3129 3642 exposita
3161 3576 3320 3632 sunt,
3354 3567 3492 3621 satis
3542 3575 3762 3620 constet

2193 3689 2363 3730 unum
2401 3671 2759 3738 eumdemque
2803 3664 3150 3720 Scholarium
3202 3669 3257 3715 et
3310 3659 3500 3714 ιιιιίοηί
3531 3675 3754 3730 promo-

2193 3766 2381 3822 venda,
2439 3763 2656 3818 dedisse
2706 3773 2926 3828 operam
2954 3763 3098 3809 'cum
3150 3761 3292 3807 esset
3345 3749 3656 3814 Florentiae,
3714 3759 3764 3802 et

2195 3867 2406 3915 mutata
2446 3853 2744 3918 sententia,
2779 3846 3163 3916 acerbissimis
3199 3844 3398 3901 deinde
3450 3845 3504 3901 in
3537 3841 3766 3898 Latinos

2195 3948 2337 4004 odiis
2370 3947 2510 4015 apud
2542 3959 2671 4000 suos
2706 3939 3050 3996 inclaruisse.

2266 4042 2428 4096 Aliud
2493 4044 2877 4110 argumentum
2923 4033 3093 4089 sumit
3145 4046 3208 4087 ex
3248 4031 3452 4098 Allatii,
3487 4029 3769 4086 Possevini

2199 4137 2546 4205 aliorumque
2585 4131 2832 4194 silentio,
2868 4129 3068 4199 quibus
3096 4142 3372 4196 nunquam
3406 4126 3521 4179 haec
3549 4123 3770 4178 bomilia
3848 4168 3851 4170 .

2201 4230 2343 4283 lecta
2371 4227 2496 4292 fuit,
2535 4224 2637 4279 etsi
2671 4224 2760 4277 ille
2806 4222 3118 4291 diligentem
3160 4220 3214 4274 in
3243 4218 3511 4274 Gennadii
3548 4216 3772 4286 scriptis

2203 4315 2603 4387 investigandis
2630 4313 2852 4369 uavavit
2885 4326 3129 4381 operam.
3178 4308 3456 4363 Jtudicium
3505 4307 3573 4361 sit
3607 4321 3774 4375 penes

2203 4427 2300 4468 eos
2322 4409 2774 4480 quiAllatianum
2808 4405 3047 4459 Iudicem
3079 4417 3203 4456 cum
3249 4410 3439 4455 nostro
3467 4398 3775 4462 conferent,

2205 4522 2273 4560 an
2305 4505 2407 4558 hac
2471 4499 2744 4554 invidiosa
2769 4497 2925 4551 laude
2954 4495 3153 4564 dignus
3198 4494 3272 4549 sit
3298 4492 3545 4546 Allatius.
3580 4488 3776 4544 Posse-

528 4614 633 4668 quc
664 4599 806 4652 enim
837 4599 880 4652 si
917 4599 1046 4667 quid
1072 4597 1327 4661 Allatius,
1370 4598 1796 4668 CaryOphyllus,
1823 4599 2098 4653 Arcudius
2137 4565 2177 4619 ο
2214 4599 2376 4652 vinus
2403 4594 2590 4649 multis
2623 4591 2746 4646 aliis
2782 4589 3120 4652 nominibus,
3152 4588 3244 4640 sed
3275 4600 3559 4652 nunquam
3591 4600 3618 4636 a
3653 4583 3778 4636 dili-

528 4699 622 4743 ant
647 4690 736 4744 alii
770 4689 835 4742 de
865 4687 1182 4743 Graecorum
1226 4689 1388 4742 rebus
1421 4689 1792 4757 scripserunt,
1833 4689 1967 4759 legis
2003 4696 2098 4741 aut

527 4784 691 4836 edicti
733 4783 984 4851 perpetui
1029 4781 1172 4851 apud
1213 4797 1316 4835 nos
1360 4783 1468 4834 vim
1517 4782 1786 4847 obtinent,
1826 4793 1883 4837 ut
1927 4782 2099 4836 recla-

530 4891 679 4929 mare
723 4890 827 4927 nou
873 4875 1076 4937 liceat;
1117 4874 1290 4928 multo
1329 4875 1512 4928 minus
1539 4876 1745 4943 scripta
1793 4889 1823 4927 a
1860 4874 2101 4928 sordidis

529 4969 876 5035 ain-toribus,
903 4963 1505 5036 quorum'testimoniis
1541 4966 1803 5020 Claudius
1835 4977 1942 5020 tam
1979 4965 2103 5019 iuu-

533 5072 546 5110 t
579 5060 700 5113 liter
729 5061 933 5114 abusus
971 5072 1072 5121 est,
1118 5071 1175 5114 ut
1218 5060 1528 5114 Orientales
1560 5058 1883 5114 Calvinistis
1907 5057 2106 5127 adjun-

530 5165 709 5218 ματρί,
748 5169 873 5205 cum
907 5166 1035 5207 ante
1072 5169 1244 5207 annos
1287 5164 1506 5207 centum
1537 5161 1591 5205 et
1617 5153 1802 5207 decem
1834 5151 2106 5205 Luthcra-

533 5245 620 5296 nis
674 5243 1286 5312 Wirtembergcnsibus,
1320 5260 1554 5314 quorum
1602 5244 1946 5298 tolerabilior
1983 5257 2109 5296 sen-

474 5399 477 5402 _
537 5335 708 5390 tentia
741 5344 881 5398 erat,
920 5345 1026 5388 tam
1083 5337 1368 5404 perspicue
1403 5336 1797 5402 signiﬁcaverit
1842 5334 2110 5388 Jeremias

537 5428 878 5497 patriarcha,
941 5437 1208 5497 quantum
1265 5427 1354 5480 illa
1409 5427 1513 5481 sibi
1578 5439 1631 5482 et
1689 5428 1786 5482 toti
1850 5426 2111 5480 Ecclesiae

537 5522 802 5578 Orientali
836 5521 1174 5590 displiceret.

607 5615 809 5669 Verum
844 5617 970 5685 quia
1000 5611 1267 5670 Jeremias
1299 5625 1485 5664 vocem
1515 5607 2113 5666 Transmibstantiat'to-

2208 4687 2392 4758 gentia
2455 4685 2508 4737 in
2557 4680 2918 4737 recensendis
2982 4676 3306 4732 auctoribus
3365 4675 3621 4728 laudatus
3675 4683 3779 4726 est.

2207 4777 2346 4842 Quis
2397 4774 2580 4828 omnia
2615 4787 2674 4825 se
2695 4771 2896 4824 vidisse
2967 4766 3166 4821 audeat
3191 4765 3496 4826 venditare,
3527 4762 3633 4815 nisi
3663 4763 3782 4828 qui-

2211 4872 2312 4923 bus
2359 4868 2473 4920 hzec
2519 4863 2703 4920 studia
2735 4862 2919 4931 ignota
2955 4859 3120 4913 sunt?
3149 4856 3456 4912 Habuimus
3486 4869 3552 4907 ex
3587 4852 3784 4906 biblioo

2213 4964 2373 5016 theca
2402 4941 2573 5028 Regia
2603 4955 2764 5011 codd.
2801 4968 2936 5008 mss.
2975 4951 3070 5021 qui
3114 4959 3224 5004 tam
3259 4948 3504 5018 proxime
3535 4945 3602 4999 ad
3640 4944 3784 4998 Gen-

2216 5053 2362 5108 nadii
2393 5059 2607 5105 tetatem
2655 5047 2948 5110 accedunt,
2983 5053 3042 5097 ut
3094 5042 3279 5097 statim
3334 5040 3403 5094 ab
3435 5039 3558 5108 ejus
3607 5036 3785 5096 obitu,

2218 5155 2311 5198 aut
2369 5146 2488 5213 ipso
2532 5142 2699 5196 etiam
2737 5135 3034 5208 superstite
3071 5133 3264 5204 scripti
3310 5131 3624 5194 videantur,
3677 5125 3787 5180 imo

2218 5237 2468 5292 nonnulli
2507 5234 2703 5302 ipsius,
2741 5242 2799 5285 ut
2835 5247 2942 5284 non
2980 5243 3115 5281 vana
3140 5225 3455 5295 conjectura
3491 5229 3593 5281 est,
3625 5233 3789 5271 manu

2220 5329 2521 5388 emendati.
2561 5329 2618 5379 ln
2657 5325 2726 5379 iis
2761 5323 3018 5390 leguntur
3045 5324 3188 5372 inter
3237 5317 3404 5370 multa
3438 5315 3541 5366 alia
3576 5311 3786 5379 Episto-

2221 5425 2285 5477 la:
2319 5435 2371 5476 et
2402 5419 2692 5472 Orationes
2730 5430 2867 5483 quas
2896 5411 3211 5466 Gennadius
3257 5424 3380 5463 cum
3431 5407 3484 5459 in
3514 5414 3789 5457 monaste-

2222 5514 2359 5567 rium
2406 5527 2465 5566 se
2512 5509 2798 5576 reciperet,
2838 5515 3042 5559 etcum
3085 5497 3504 5568 patriarchalem
3549 5494 3793 5562 dignita-

2226 5618 2330 5660 tem
2373 5602 2676 5664 abdicaret,
2715 5598 2960 5668 scripsit,
3005 5611 3129 5667 quae
3175 5603 3345 5664 totapt
3397 5589 3462 5644 de
3492 5584 3794 5643 Gennadius

612 5807 686 5875 (ι)
719 5805 886 5868 Epist.
916 5803 978 5855 ad
1013 5800 1302 5875 Masiiuum
1327 5809 1381 5853 ct
1415 5797 1711 5856 tnouacltos
1748 5795 1884 5852 alios
1907 5792 2106 5850 Montis
2147 5791 2306 5856 Sina,
2330 5808 2430 5845 ms.

722 5878 812 5930 l'L-d.
850 5874 1073 5928 Lutetia:
1111 5869 1263 5924 1687.
