4176 6278
458 365 579 427 ΞΠ.
669 354 684 366 ’

2015 377 2215 437 VITA.

3628 374 3738 438 978

461 482 685 535 duobus
738 481 1173 549 disputationem
1218 490 1499 538 evertunt.
1552 485 1726 554 Neget
1774 487 2048 558 quispiam
2084 500 2124 553 Α
2155 500 2303 546 esset
2332 491 2527 546 doctor
2556 491 2837 563 Evangelii
2882 495 2935 546 in
2987 489 3241 547 Ecclesia
3270 487 3735 554 Constantinopoo

462 573 708 640 genuina
740 572 854 627 haec
883 588 1027 635 esse.
1070 574 1295 629 habebit
1329 574 1478 631 idem
1518 576 1575 631 in
1609 575 1791 632 Allatii
1823 580 2045 637 silentio

459 665 812 734 prmsidium.

541 756 800 822 Quotidie
831 774 897 813 ex
945 758 1409 815 bibliothecarum
1457 759 1652 818 forulis
1700 765 1870 820 multa
1916 766 2049 823 (loco

464 848 702 903 tissimis
733 850 870 904 viris
925 851 1202 920 incognita
1243 865 1559 907 eruuntur:
1611 870 1790 925 neque
1846 859 2044 913 mirum

460 952 686 996 exstare
718 945 771 996 in
808 943 1133 1011 Gallicanis,
1162 948 1307 1015 quod
1335 949 1389 1002 in
1420 946 1687 1006 Romanis
1721 969 1829 1007 non
1862 968 2049 1011 exsta-

462 1035 585 1091 bat.
616 1035 841 1106 Regiam
892 1037 1166 1094 Vaticana;
1201 1044 1439 1097 conterri
1473 1059 1582 1099 non
1619 1046 1725 1100 fert
1761 1046 2048 1105 Smitheus

458 1144 623 1197 aequo
649 1130 836 1184 animo
871 1145 885 1183 :
930 1147 1028 1185 cur
1062 1134 1321 1189 tandem?
1354 1134 1489 1191 Nam
1543 1140 1675 1208 quid
1731 1156 1828 1194 sua
1880 1143 2050 1197 refert

459 1237 591 1289 qua:
623 1223 839 1276 illarum
872 1224 1040 1278 ditior
1075 1226 1187 1281 sit?
1217 1225 1422 1296 Nempe
1451 1236 1510 1282 ut
1534 1245 1598 1284 ex
1631 1230 1908 1286 Vaticana:
1932 1234 2051 1288 lau-

462 1316 635 1371 dibus
690 1318 851 1385 regiaa
908 1318 1238 1374 invidiosam
1300 1323 1675 1391 suspicionem
1739 1334 2047 1395 comparet,

462 1407 629 1474 quasi
656 1408 802 1477 quod
841 1407 893 1462 in
921 1409 1088 1463 altera
1121 1411 1299 1477 deest,
1338 1414 1389 1467 in
1416 1415 1521 1467 alia
1547 1431 1672 1472 esse
1699 1433 1807 1473 non
1834 1421 2047 1486 possit;

463 1510 565 1555 aut
594 1500 638 1555 si
681 1502 1007 1570 reperiatur,
1039 1505 1235 1558 debeat
1259 1506 1630 1563 adulterinum
1653 1509 1919 1576 judicari.

528 1593 686 1644 Hanc
708 1608 831 1645 vero
863 1593 1163 1658 homiliam,
1188 1597 1372 1666 inquit
1397 1597 1704 1664 Smitheus,
1736 1618 1843 1657 non
1875 1604 1931 1657 in
1963 1619 2050 1657 co-

462 1680 672 1737 dicibus
716 1682 893 1755 Regia:
944 1686 1292 1747 bibliotltectc.
1344 1691 1437 1744 sed
1485 1697 1627 1760 apud
1660 1693 1729 1747 D.
1789 1694 2051 1751 Burdelo-

464 1777 603 1829 tium
632 1786 845 1831 exstare
869 1776 1010 1831 dixit
1048 1778 1347 1844 Simonius.
1382 1784 1574 1854 {rigide
1607 1787 1823 1855 quidem
1863 1798 1913 1844 et
1953 1792 2046 1845 ad-

2152 580 2321 635 litana
2356 598 2371 635 :
2407 583 2498 651 qui
2535 584 2743 654 synodo
2788 599 2857 637 an
2921 581 3204 637 1638'sub
3240 580 3446 649 Cyr-illo
3480 577 3734 632 Ben-lia:-

2152 674 2271 729 ensi
2306 674 2572 731 adrersus
2618 675 2883 747 Cyrillum
2932 673 3168 728 anarin
3210 672 3411 726 habita:
3461 669 3732 733 interfuit,

2153 775 2206 820 et
2234 782 2353 821 eam
2384 768 2788 838 subscriptione
2822 766 3066 822 ﬁrmavit
3092 786 3104 821 :
3137 766 3231 835 qui
3262 781 3289 817 a
3320 763 3617 819 Parthenio
3648 778 3737 817 se-

2153 861 2328 913 niore'
2366 861 2681 930 patriarcha
2744 859 3361 930 Constantinopolitano
3416 858 3470 911 in
3518 855 3735 911 Moldo-

2153 950 2436 1006 Blachiam
2490 954 2716 1021 missus,
2756 954 2997 1009 decretis
3032 954 3297 1008 adversus
3332 950 3580 1021 ejusdem
3618 949 3733 1001 Lu-

2153 1044 2301 1098 caris
2332 1044 2753 1101 Confessionem
2793 1047 3104 1102 scribendis
3132 1043 3327 1099 adfuit
3364 1061 3379 1098 :
3432 1051 3547 1097 tum
3579 1058 3640 1096 ea
3674 1049 3734 1094 ut

2152 1137 2572 1205 patriarchalem
2652 1139 3123 1195 conﬁrmationem
3178 1140 3539 1208 acciperent,
3586 1136 3735 1191 Cori-

2152 1227 2551 1295 stantinopolin
2581 1229 2707 1283 tulit
2740 1246 2754 1283 :
2784 1231 2879 1295 qui
2913 1232 3055 1284 inter
3076 1230 3213 1285 alios
3238 1244 3431 1284 omnes
3453 1227 3737 1295 theologos

2154 1319 2223 1373 ab
2252 1319 2442 1373 eodem
2484 1319 2805 1390 designatus
2842 1332 2947 1387 est,
2997 1330 3057 1376 ut
3093 1322 3457 1376 orthodoxam
3492 1319 3731 1376 Confes-

2156 1409 2390 1476 sionem,
2438 1425 2561 1480 quae
2593 1415 2774 1482 primo
2822 1414 2888 1468 ad
2942 1412 3305 1469 Russicarum
3358 1412 3733 1468 Ecclesiarum

2154 1517 2313 1557 usum
2347 1504 2655 1572 composita
2694 1504 2895 1569 fuerat,
2939 1515 3250 1560 recenseret
3280 1516 3331 1559 et
3365 1505 3693 1572 expenderet
3719 1523 3740 1558 ε-

2153 1609 2277 1663 qua:
2309 1594 2509 1651 deinde
2541 1597 2709 1650 totius
2747 1595 2952 1652 Graecae
2991 1597 3253 1652 Ecclesiae
3295 1612 3589 1652 eonsensu-
3618 1607 3743 1650 tan-

2154 1699 2320 1756 quam
2351 1688 2664 1743 communis
2693 1687 2814 1743 fidei
2853 1689 3140 1744 verissima
3182 1690 3456 1759 expositio
3488 1689 3738 1758 probata,

2153 1786 2209 1831 et
2234 1775 2320 1833 bis
2346 1778 2512 1844 edita,
2542 1788 2810 1834 tractatur
2831 1780 3153 1834 Grtecorum
3180 1782 3427 1835 omnium
3458 1764 3735 1838 manibus.

460 1869 684 1923 modum
740 1886 967 1938 parce...
1030 1872 1188 1926 titulo
1266 1853 1499 1931 Immititc
1564 1853 1772 1933 tantum
1833 1883 2041 1938 addito.
2078 1853 2209 1922 BSi
2276 1870 2392 1924 haec
2443 1870 2921 1942 Constantinopoli
2992 1874 3280 1928 Smitheus
3345 1890 3453 1929 non
3516 1874 3735 1941 didicit,

463 1960 656 2030 Neque
680 1965 821 2017 enim
851 1980 918 2018 an
951 1964 1178 2034 singula:
1222 1967 1414 2022 harum
1466 1970 1813 2028 Itomiliarum
1860 1992 2046 2032 nomen

462 2055 734 2113 (ἕρπηαάἱί
758 2067 1011 2129 tanquam
1044 2062 1149 2117 veri
1183 2065 1423 2119 auctoris
1454 2067 1813 2137 prtetulerint,
1847 2084 1939 2135 per
1970 2073 2048 2135 ip-

458 2165 587 2203 rum
617 2152 757 2207 scire
802 2153 949 2207 nobis
981 2153 1123 2211 licet.
1172 2159 1253 2212 An
1301 2173 1407 2212 non
1447 2159 1626 2229 debuit
1671 2161 1765 2215 ille
1815 2163 2049 2218 codicem

457 2241 618 2295 illum
654 2260 762 2298 una
793 2261 913 2300 cum
950 2258 1263 2303 cwterarum
1312 2248 1675 2305 Homiliarum
1711 2254 1885 2308 titulis
1931 2271 2047 2310 sus-

459 2337 689 2405 picionis
723 2355 786 2392 ne
815 2342 1097 2409 quisquam
1132 2344 1393 2411 impostor
1435 2346 1642 2415 vafritie
1687 2363 1792 2402 non
1823 2349 2046 2403 insolita

461 2443 651 2482 nomen
700 2428 962 2485 Cennadii
1010 2432 1148 2500 forte
1171 2435 1453 2489 ementitus
1514 2437 1679 2505 fuerit
1741 2441 2048 2495 amovenda:

459 2538 632 2575 causa
688 2525 995 2580 accuratius
1053 2536 1104 2581 et
1154 2529 1443 2598 specialius
1498 2530 1842 2587 describere?
1892 2532 2046 2587 Nun-

458 2630 628 2683 quam
671 2615 973 2673 Burdelotii
1021 2620 1305 2677 Simonius
1344 2624 1619 2689 meminit,
1664 2634 1760 2683 aut
1801 2629 2044 2683 codicem

458 2713 604 2781 apud
636 2728 760 2769 eum
784 2722 1004 2771 exstare
1046 2717 1207 2771 dixit.
1238 2717 1380 2784 Quid
1415 2720 1486 2774 sit
1514 2719 1709 2791 frigide
1767 2731 1858 2778 aut
1887 2738 2048 2791 parce

461 2803 713 2860 codicem
761 2807 1055 2874 designare
1111 2823 1219 2861 non
1279 2810 1415 2865 satis
1460 2812 1736 2882 capimus.
1783 2813 1867 2868 An
1900 2816 2048 2882 quod

457 2897 693 2951 nimium
740 2900 896 2955 multi
947 2900 1170 2966 faciunt,
1203 2905 1599 2961 verbosissime
1631 2908 2045 2974 commendare,

457 2998 509 3044 et
533 2992 736 3059 saepius
763 3008 958 3063 parum
995 2994 1232 3051 fideliter
1254 2996 1438 3063 iQuot
1469 2999 1614 3053 enim
1637 3009 1763 3055 sunt
1792 3000 1883 3069 qui
1914 3001 2048 3053 ἀπό-

458 3098 651 3152 τραφα
681 3098 779 3140 sua
826 3099 970 3154 saepe
1005 3086 1422 3142 mendosissima
1456 3104 1592 3144 mss.
1631 3090 1882 3146 codicum
1925 3091 2044 3145 loco

2150 1962 2311 2031 culpa
2345 1964 2521 2034 ipsius
2555 1975 2679 2030 est;
2715 1966 2812 2019 sed
2838 1966 3023 2021 editus
3054 1974 3159 2030 est,
3191 1975 3251 2019 ut
3273 1966 3517 2020 Venetiis
3536 1967 3603 2020 ad
3638 1981 3743 2021 nos

2151 2054 2418 2122 scriptum
2460 2070 2635 2126 nuper
2681 2056 2808 2121 fuit,
2844 2057 2986 2112 liber
3037 2056 3157 2126 ipse
3203 2056 3414 2112 Meletii
3471 2056 3736 2112 adversus

2151 2145 2344 2217 Cyrilli
2380 2146 2827 2216 Confessionem,
2876 2156 2930 2203 et
2981 2148 3130 2203 illius
3180 2158 3442 2218 tanquam
3492 2150 3625 2204 editi
3679 2151 3739 2204 in

2150 2240 2424 2295 Moldavia
2461 2241 2712 2297 meminit
2739 2240 2940 2298 Petrus
2965 2242 3199 2298 Allixius
3234 2243 3318 2296 vir
3351 2242 3733 2299 doctissimus.

2152 2334 2227 2389 Ea
2261 2349 2428 2403 porro
2473 2335 2646 2390 editio
2685 2350 2809 2390 cum
2861 2333 3179 2390 Grazcorum
3227 2350 3393 2405 Opera
3437 2336 3733 2406 prodierit,

2152 2443 2260 2483 non
2308 2436 2396 2483 est
2434 2428 2546 2498 jam
2581 2427 2731 2483 ullus
2761 2428 3029 2482 adversus
3076 2426 3278 2482 Meletii
3338 2427 3518 2499 Syrigi
3574 2427 3740 2481 (idem

2151 2519 2457 2588 suspicioni
2490 2520 2667 2575 locus.
2693 2519 2812 2573 Non
2848 2521 2992 2575 enim
3023 2520 3389 2574 tenebrionum
3419 2529 3469 2573 et
3498 2520 3750 2589 partium-

2151 2613 2343 2666 studiis
2374 2613 2868 2667 addictissimorum
2916 2613 3211 2677 hominum,
3253 2612 3349 2667 sed
3402 2627 3593 2665 eorum
3642 2614 3740 2678 qui

2152 2705 2207 2759 in
2240 2705 2388 2759 clara
2419 2706 2685 2762 Ecclesia:
2720 2705 2923 2761 Graeca:
2963 2705 3106 2767 luce,
3140 2705 3402 2759 doctrinae
3435 2713 3489 2758 et
3517 2704 3737 2771 pietatis

2152 2796 2319 2852 laude
2356 2796 2690 2863 floruerunt,
2723 2798 2930 2865 scripta
2968 2798 3073 2851 huc
3107 2811 3286 2867 usque
3322 2795 3461 2850 Jasii
3496 2804 3589 2849 aut
3629 2794 3741 2851 Βυσ

2153 2890 2428 2946 chorestze
2454 2906 2659 2947 excusa
2692 2901 2842 2950 sunt.

2222 2983 2380 3051 Quod
2412 3000 2576 3054 porro
2603 2999 2708 3040 nos
2740 3001 2807 3040 ex
2841 2985 2999 3042 libris
3033 2984 3353 3050 didicimus,
3386 2983 3429 3039 si
3461 2982 3735 3037 Constan-

2154 3077 2379 3147 tinopoli
2413 3078 2693 3134 Smitheus
2729 3094 2835 3134 nou
2870 3079 3099 3142 audivit,
3148 3087 3336 3132 nostra
3370 3092 3478 3131 non
3514 3075 3682 3129 refert
3717 3094 3731 3128 :

458 3175 855 3243 laudaverunt,
891 3180 1035 3248 quod
1083 3180 1177 3250 qui
1211 3182 1354 3252 apud
1391 3198 1491 3239 nos
1532 3182 1758 3249 faceret,
1806 3199 1915 3239 ιιοη
1957 3185 2039 3239 in-
2071 3186 2113 3243 ο
2149 3170 2246 3224 sed
2271 3168 2601 3224 Parthenius
2632 3179 2688 3225 et
2712 3170 3006 3242 Dionysius
3052 3170 3379 3239 patriarcha:
3410 3167 3733 3223 Constanti-

458 3278 643 3325 tactus
678 3281 832 3326 esset
868 3287 896 3325 a
928 3272 1113 3327 sibilo.

527 3365 722 3420 Codex
765 3366 903 3435 ipse.
938 3372 1000 3419 ut
1044 3365 1442 3434 jndicaverunt
1472 3367 1578 3421 viri
1629 3368 1681 3423 in
1713 3369 2044 3437 antiquitate

458 3458 647 3512 Gmca
681 3456 1156 3520 exercitatissimi,
1192 3459 1320 3511 talis
1351 3468 1455 3523 est,
1492 3468 1552 3514 ut
1592 3461 1661 3516 de
1696 3460 1817 3529 ejus
1853 3446 2046 3515 αὐθενο·

458 3550 553 3619 :th
586 3565 749 3603 nemo
784 3559 982 3618 praeter
1014 3564 1110 3605 eos
1149 3550 1243 3619 qui
1279 3550 1433 3605 illum
1470 3568 1578 3606 non
1626 3552 1903 3619 viderunt,
1938 3555 2044 3608 du-

458 3642 736 3695 bitaverit.
816 3641 1021 3696 llahuit
1068 3642 1221 3697 illum
1258 3640 1567 3700 Nointelius
1601 3660 1631 3699 a
1682 3634 2042 3715 Panagiotte;

457 3748 561 3788 nos
586 3750 614 3785 a
638 3732 941 3789 Nointelio.
969 3732 1080 3788 Cur
1106 3749 1271 3803 porro
1290 3736 1358 3789 de
1383 3736 1701 3806 suspicione
1730 3737 2043 3793 amolienda

459 3825 756 3892 quisquam
814 3825 1110 3894 cogitaret,
1163 3840 1287 3895 quae
1339 3828 1462 3881 sine
1510 3843 1723 3883 summa
1768 3830 2042 3884 calumnia

459 3916 693 3984 cogitari
744 3919 914 3972 multa
964 3919 1187 3988 posset?
1238 3919 1432 3975 Exstat
1467 3918 1694 3973 homilia
1742 3936 1867 3976 cum
1920 3921 2043 3977 aliis

458 4006 732 4061 Gennadii
762 4009 1051 4077 Operihus,
1095 4025 1216 4078 qua:
1242 4010 1563 4065 certissime
1592 4010 1742 4066 illius
1778 4027 1902 4069 esse
1934 4028 2042 4067 non

461 4099 628 4153 modo
664 4100 961 4154 multorum
1016 4101 1267 4155 codicum
1314 4116 1650 4167 consensus,
1692 4103 1791 4159 sed
1822 4104 2045 4159 Gra‘co-

459 4206 581 4245 rum
637 4193 956 4248 testimonia
1012 4192 1363 4249 conﬁrmant.
1409 4193 1467 4249 In
1527 4210 1589 4250 ea
1644 4210 1802 4264 quam
1859 4197 2046 4251 laudat

458 4284 716 4339 Mcletius
747 4285 1002 4355 Syrigus,
1029 4287 1261 4343 alterius
1282 4302 1445 4356 quam
1478 4287 1732 4344 edimus:
1760 4290 1816 4342 in
1841 4290 2046 4357 infeft'ci

457 4372 688 4440 palatio,
728 4388 914 4428 coram
966 4375 1305 4443 imperatore
1348 4385 1402 4430 et
1434 4385 1625 4431 senatu
1679 4380 2045 4445 pronuntiata:

459 4462 767 4516 auctoritas
800 4462 1104 4518 stabilitur.
1157 4462 1370 4517 Laudat
1427 4479 1545 4518 eam
1600 4463 1900 4520 Callinicus
1951 4482 2045 4535 pa-

459 4551 702 4606 triarcha
751 4550 1518 4621 Constantirmpolitanus'ex
1550 4557 1956 4613 recentioribus
1985 4559 2042 4613 in

458 4647 723 4716 synodica
754 4662 877 4713 sua,
911 4656 967 4703 et
1001 4646 1091 4701 alii
1125 4662 1327 4718 magno
1357 4663 1615 4703 numero.

533 4737 642 4793 Sed
676 4737 955 4793 Meletium
1003 4738 1257 4810 Syrigum
1295 4740 1513 4810 repellit
1566 4739 2043 4795 Miscellaneorum

456 4838 655 4886 auctor
706 4836 973 4901 tanquam
1029 4829 1337 4886 G‘rtrculum
1393 4832 1779 4899 tenebrionem,
1811 4832 2045 4899 partium

456 4920 652 4976 studiis
698 4921 1146 4985 addictissimum,
1200 4920 1382 4977 Roma:
1411 4962 1426 4985 ,
1455 4923 1561 4977 nisi
1608 4922 1820 4990 fallitur
1860 4923 2046 4992 (vehe-

459 5015 675 5061 menter
710 5018 893 5062 autem
931 5008 1161 5079 fallitur)
1198 5009 1506 5065 educatum.
1544 5013 1614 5065 At
1644 5028 1806 5067 nemo
1839 5012 2045 5069 fortas-

459 5098 543 5152 sis
596 5101 736 5154 inter
786 5099 1008 5156 Greeos
1056 5103 1394 5158 recentiores
1440 5104 1637 5173 majori
1696 5104 1963 5158 doctrina:
1992 5113 2046 5160 et

457 5192 775 5263 ὁρθοδοξὲας
797 5192 965 5248 laude
992 5195 1202 5259 floruit,
1230 5195 1652 5251 commendatus
1684 5196 1897 5250 scilicet
1929 5205 2043 5250 tum

458 5288 533 5340 ab
565 5300 630 5339 eo
654 5287 749 5354 qui
782 5294 915 5343 ante
959 5302 1169 5358 paucos
1204 5302 1383 5343 annos
1435 5288 1918 5359 Constantinopoli
1962 5305 2049 5346 se-

460 5377 633 5432 debat
664 5378 964 5444 Callinico,
1008 5393 1036 5431 a
1072 5378 1358 5448 Dionysio.
1389 5379 1685 5434 Parthenio
1713 5399 1725 5433 :
1760 5387 1875 5433 tum
1908 5379 2047 5435 Nec-

460 5474 609 5524 tario
661 5482 715 5527 et
775 5470 1039 5526 Dositheo
1103 5471 1623 5543 Hierosolymitanis
1681 5472 2041 5540 patriarchis,

459 5559 625 5629 cujus
657 5575 795 5628 opus
821 5559 1093 5615 adversus
1120 5561 1310 5633 Cyrilli
1352 5562 1589 5628 capitula
1622 5566 1689 5617 ab
1712 5578 1857 5617 anno
1886 5563 2043 5625 1640,

461 5663 576 5712 quo
603 5649 912 5717 perfectum
940 5648 1066 5716 fuit,
1101 5652 1208 5706 huc
1247 5668 1421 5721 usque
1447 5653 1751 5716 laudatum,
1780 5668 1845 5707 ne
1881 5653 2045 5707 levis-

464 5737 606 5793 sima
642 5738 861 5808 quidem
902 5754 1137 5795 censura
1179 5743 1528 5810 perstrinxit.
1570 5781 1587 5794 .

551 5832 922 5888 Tcuebrioncm
967 5850 1133 5891 nemo
1164 5852 1403 5905 unquam
1444 5835 1733 5905 appellavit
1777 5850 1919 5902 cum,
1954 5836 2042 5903 qui

2150 3262 2474 3331 nopolitani,
2500 3261 2787 3316 Nectarins
2816 3274 2867 3316 et
2906 3262 3201 3317 Dositheus
3227 3260 3730 3329 Hierosolymitani,

2148 3361 2201 3407 et
2234 3353 2323 3405 alii
2362 3353 2455 3419 qui
2507 3352 2873 3408 orthodoxam
2922 3352 3346 3409 Confessionem
3403 3353 3751 3407 testimoniis.

2150 3444 2270 3499 suis
2294 3453 2653 3509 ornaverunt,
2682 3452 2737 3498 et
2762 3446 3020 3501 omnibus
3052 3446 3169 3500 suis
3197 3455 3456 3513 tanquam
3493 3444 3617 3497 ﬁdei
3642 3459 3729 3497 re-

2148 3536 2330 3606 gulam
2361 3537 2906 3601 commendaierunt,
2943 3545 3113 3591 testes
3164 3543 3262 3590 hoc
3300 3539 3351 3588 in
3401 3546 3753 3603 argumento»

2148 3628 2539 3695 locupletiores
2562 3628 2810 3683 Smitheo
2844 3644 2968 3683 esse
3005 3644 3167 3683 nemo
3198 3644 3305 3683 non
3335 3628 3613 3683 fatebitur.

2218 3716 2447 3769 Miratur
2476 3718 2751 3786 quomodo
2787 3719 2935 3773 illius
2982 3718 3223 3772 homilise
3272 3734 3382 3772 non
3415 3719 3727 3773 meminerit

2145 3808 2429 3863 Jeremias
2470 3810 2788 3881 patriarcha
2874 3811 3141 3865 adversus
3190 3809 3745 3879 Wirtembergenscs.

2148 3902 2417 3966 scribens,
2460 3910 2625 3972 atque
2674 3918 2874 3959 novum
2905 3902 3032 3958 inde
3080 3912 3460 3974 argumentum
3493 3901 3572 3955 illi
3622 3916 3739 3955 na-s

2146 3996 2337 4061 sritur,
2368 4011 2479 4066 quo
2506 3996 2872 4066 suspicionem
2911 3999 3218 4053 continuet.
3245 3998 3312 4051 At
3339 4010 3464 4050 cum
3498 3996 3565 4050 de
3597 4010 3728 4065 pro-

2147 4090 2398 4144 cessione
2429 4087 2674 4158 Spiritus
2700 4090 2877 4144 sancti
2932 4097 3040 4143 tam
3087 4088 3206 4143 fuse
3254 4095 3446 4142 contra
3502 4086 3751 4141 eosdemv-

2147 4182 2482 4250 disputaret,
2509 4186 2574 4235 de
2621 4181 2833 4251 prolixo
2861 4182 3106 4251 ejusdem
3140 4179 3409 4235 Gennadii
3459 4179 3727 4232 adversus

2153 4273 2378 4330 Latinos
2428 4290 2591 4343 opere
2634 4278 2784 4331 circa
2837 4275 3086 4329 eamdem
3145 4274 3433 4343 theologia:
3487 4282 3739 4341 partem;

2149 4367 2377 4421 verbum
2428 4384 2540 4423 non
2593 4369 2744 4435 fecit,
2784 4377 2845 4423 ut
2885 4384 3063 4437 neque
3118 4367 3367 4421 meminit
3425 4366 3749 4419 multorum»

2151 4459 2386 4514 aliorum
2421 4476 2485 4514 ex
2514 4462 2722 4515 Graecia
2782 4463 3196 4529 theologorum,
3251 4470 3486 4528 quorum
3524 4460 3745 4525 scripta

2152 4550 2231 4604 vel
2267 4552 2412 4605 edita
2440 4561 2589 4617 sunt,
2625 4554 2710 4605 vel
2766 4551 2819 4603 in
2874 4550 3227 4603 bibliothecis
3275 4557 3586 4602 servantur.
3624 4548 3737 4610 Qui;

2100 4683 2107 4690 .
2145 4658 2211 4697 ex
2246 4651 2353 4696 tam
2387 4642 2488 4697 levi
2520 4642 2838 4711 conjectura
2878 4656 3042 4709 opera
3080 4640 3402 4693 auctoribus
3439 4638 3726 4706 abjudica-

2147 4744 2251 4801 ret,
2284 4734 2556 4791 ridiculus
2599 4736 2762 4788 foret.
2809 4730 3019 4799 Nempe
3070 4731 3342 4785 movisset
3380 4728 3747 4783 Luthcranos.

2146 4825 2416 4881 Gennadii
2440 4825 2760 4889 auctoritas,
2782 4824 2990 4896 quibus
3012 4820 3547 4892 exprobrat‘ultimis
3580 4821 3723 4874 litte-

2147 4918 2226 4973 ris
2275 4917 2567 4986 Jeremias,
2624 4918 2770 4989 quod
2827 4925 3147 4974 sanctorum
3194 4915 3418 4969 Patrum
3479 4920 3749 4968 veterumv

2149 5012 2506 5066 auctoritates
2534 5012 2761 5080 insuper
2786 5009 3073 5064 haberent.

2219 5103 2366 5158 Nihil
2415 5117 2635 5172 quoque
2681 5116 2804 5157 esse
2849 5102 2903 5154 in
2959 5100 3123 5154 tomis
3177 5097 3442 5154 adversus
3494 5096 3745 5150 Latinos.

2149 5193 2381 5248 duobus:
2405 5193 2547 5261 quod
2607 5191 2843 5246 humilia:
2893 5189 3126 5246 similem
3175 5190 3484 5244 doctrinam
3525 5202 3725 5256 reprae-

2148 5292 2348 5347 sentet,
2380 5298 2471 5338 res
2520 5282 2855 5353 suspicionis
2883 5282 3040 5354 plena
3072 5280 3321 5337 Smitheo
3356 5281 3591 5335 videtur.
3626 5279 3726 5331 Mt-

2147 5386 2267 5425 rum
2298 5372 2483 5441 potius
2511 5382 2565 5427 et
2603 5379 2850 5427 monstro
2902 5370 3083 5426 simile.
3123 5371 3338 5434 fuisset,
3378 5367 3749 5424 Gennadiuut.

2150 5463 2217 5518 de
2246 5463 2488 5533 Spiritus
2513 5464 2682 5520 sancti
2726 5463 3079 5534 processiene
3121 5464 3509 5523 disserentem,
3549 5458 3725 5526 deque

2148 5555 2271 5609 aliis
2323 5555 2468 5610 inter
2522 5571 2654 5611 suos
2697 5554 3035 5623 Latinosque
3098 5552 3511 5615 controversiis,
3544 5550 3747 5604 alienu-

2152 5649 2312 5715 plane
2356 5648 2409 5700 in
2464 5647 2583 5702 loco
2631 5649 2699 5701 de
2751 5646 3112 5701 Eucharistize
3154 5646 3256 5698 [ide
3285 5643 3623 5711 disputasse,
3655 5642 3745 5695 de-

2149 5754 2256 5805 qua
2285 5739 2431 5792 inter
2482 5747 2748 5807 utrosque
2783 5738 3083 5807 pcifeCtam
3135 5735 3550 5789 consensionem
3599 5749 3731 5787 esse

2150 5847 2257 5887 non
2313 5830 2625 5902 ignorabat.
2656 5830 3003 5900 Disputatum
3032 5837 3155 5883 crat
3209 5826 3410 5882 acriter
3442 5824 3741 5883 Ferrariztr
