4176 6278
442 358 551 427 279

1498 358 1757 429 ΟΕΝΝΑ
1770 371 1839 428 ΠΙ
1858 370 1879 428 Ι
1924 371 2036 430 ΕΡ.
2075 371 2350 434 PATRIA
2364 376 2585 435 RCIIE

3592 388 3696 451 εδδ

438 484 497 532 et
529 473 822 529 Florentiae
873 475 1015 528 inter
1043 472 1271 530 Latinos
1320 487 1371 532 et
1421 477 1661 543 Graecos,
1715 480 2014 547 pra‘sertitu
2042 476 2091 536 Δ
2122 481 2360 553 Liturgia
2411 487 2740 552 celebratur,
2795 488 3138 547 circunil‘atio
3187 497 3340 563 panis
3388 504 3443 551 et
3487 499 3695 563 calicis,

441 565 512 620 de
538 566 783 634 Azymis,
815 565 1045 618 materia
1086 566 1298 621 scilich
1328 567 1384 621 in
1429 580 1535 636 qua
1569 570 1882 623 celebratur
1909 570 2018 624 En-

437 656 712 712 charistiae
736 664 1144 711 sacramentum
1167 675 1181 722 ;
1202 658 1361 714 cedat
1394 659 1676 716 Smithcus
1706 662 1787 715 vel
1822 671 2015 716 aucto-

439 764 552 804 rem
600 750 853 804 (ira-cum
907 766 1073 806 unum
1097 751 1298 824 (neque
1325 753 1658 824 Sylvestrum
1686 757 2015 828 Syropulum

437 843 765 915 excipimus)
784 843 878 914 qui
909 845 1131 900 Latinos
1174 861 1208 900 o
1248 844 1456 904 Graecis
1499 849 1568 903 de
1612 849 1799 918 aliquo
1826 860 2017 907 errore

438 935 586 991 circa
617 934 983 993 Eucharistiee
1012 939 1169 993 [idem
1216 938 1564 996 insimulatus
1595 947 2011 996 commemoret.

2122 585 2414 645 antequam
2452 591 2867 648 consecrentur,
2904 591 2958 639 et
2986 589 3178 640 eorum
3204 589 3487 645 veneratio
3516 605 3581 644 ex
3608 591 3667 646 fu

2123 677 2244 722 tura
2324 686 2451 725 mox
2519 676 2995 733 consecratione:
3041 681 3445 737 communionis
3514 684 3673 740 distri

2119 760 2347 816 linenda:
2364 761 2538 818 forma
2562 778 2580 828 :
2599 769 2987 836 particularum
3005 775 3350 831 conservatio
3366 778 3434 831 ad
3452 775 3698 834 infirmo-

2129 868 2251 908 rum
2286 855 2573 924 viaticum,
2617 857 2789 916 Missa
2844 865 3447 932 praisanctiiicatorum,
3491 879 3544 925 et
3582 879 3697 925 tam

2122 947 2297 1002 multa
2328 948 2433 1003 alia
2464 957 2614 1004 certa
2662 951 2910 1022 ejusdem
2974 953 3097 1012 ﬁdei
3169 970 3489 1029 argumenta
3542 972 3698 1028 sunt,

436 1027 645 1082 Contra
672 1043 798 1084 cum
840 1029 1089 1092 Bobeini.
1125 1030 1369 1085 eamdem
1415 1047 1586 1102 prope
1628 1049 1793 1103 quam
1826 1032 2020 1088 Refor-
2121 1038 2269 1095 unde
2303 1041 2571 1111 quidquid
2599 1044 2779 1100 simile
2808 1050 3138 1106 occurrebat
3174 1027 3456 1108 iii—Latina
3503 1027 3695 1122 inissa,

438 1119 596 1183 matit
626 1118 693 1174 de
734 1119 927 1175 eodem
974 1133 1322 1175 sacramento
1365 1123 1677 1192 opinionem
1731 1125 2015 1190 luberent,

434 1210 620 1267 videat
656 1211 711 1266 in
740 1212 916 1283 ipsius
942 1211 1195 1283 Syropuli
1230 1215 1551 1270 narratione
1577 1231 1739 1284 quam
1775 1218 2016 1285 graviter

436 1302 612 1360 (ἔτωοί
646 1305 1055 1375 tulerint,quod
1091 1307 1144 1360 in
1170 1306 1347 1376 prima
1378 1305 1584 1361 decreti
1622 1308 1688 1362 ad
1716 1308 2014 1362 concilium

435 1395 825 1450 celebrandum
861 1397 1099 1451 formula
1129 1395 1385 1453 Bonosus
1441 1398 1740 1467 corriparati
1779 1399 2011 1467 quadam

431 1487 643 1540 ration.-
701 1487 960 1554 fuissent,
995 1503 1135 1558 quos
1196 1489 1373 1543 inultis
1404 1499 1455 1544 et
1505 1492 1743 1559 pessimis
1799 1491 2017 1545 [mmsi-

431 1576 526 1631 bus
560 1578 807 1633 laborare
863 1581 1260 1650 agnoscebant.
1292 1581 1446 1647 Quod
1482 1582 1645 1652 igitur
1686 1598 1797 1637 non
1846 1581 2017 1638 modo

432 1665 485 1720 in
517 1667 737 1724 duobus
773 1669 885 1724 iliis
934 1670 1305 1726 voluminibus
1353 1658 1545 1741 coritra
1590 1671 1840 1737 Latinos,
1871 1689 2017 1744 quos

2118 1133 2303 1189 statim
2338 1133 2712 1194 Protestantes
2741 1140 3102 1198 sustulerunt.

2188 1222 2356 1289 Quasi
2393 1232 2579 1280 tamen
2621 1228 2691 1283 de
2724 1243 2788 1285 re
2812 1232 3002 1288 minus
3028 1240 3192 1304 quam
3212 1232 3289 1292 de
3324 1251 3454 1293 voce
3505 1255 3698 1311 agere-

2120 1326 2228 1378 tur,
2264 1315 2373 1371 nisi
2413 1320 3085 1381 transsubstantiationem
3147 1340 3411 1398 expresse
3440 1335 3696 1387 nomina-

2121 1408 2297 1463 verint
2322 1407 2525 1475 61·εοί,
2554 1422 2703 1468 vetat
2733 1414 3014 1475 Smitbeus
3039 1420 3357 1477 existimare
3394 1423 3695 1494 quidquam

2118 1514 2216 1557 eos
2256 1502 2325 1558 de
2354 1504 2496 1559 reali
2536 1506 3004 1580 substantialique
3038 1515 3499 1572 transmutatione
3542 1518 3699 1581 cogi-

2119 1602 2289 1649 tasse.
2323 1594 2461 1660 Quia
2510 1596 2683 1664 igitur
2712 1598 2980 1657 Claudius
3013 1602 3086 1657 ita
3124 1610 3412 1671 statuerat,
3458 1607 3695 1662 Gabrieo

2119 1685 2223 1741 lein
2255 1685 2795 1758 Philadelphiensem
2822 1693 3060 1762 primum
3096 1696 3267 1753 fuisse
3300 1710 3328 1765 a
3361 1710 3470 1767 quo
3506 1715 3697 1767 μετουο

432 1756 714 1817 Smitheus
747 1778 1029 1832 nunquam
1060 1764 1217 1827 vidit,
1241 1775 1355 1820 tum
1383 1766 1436 1820 in
1469 1766 1654 1822 multis
1675 1769 1798 1823 aliis
1819 1769 2006 1824 adver-

2127 1780 2370 1842 avcbaem;
2397 1756 2660 1850 usurpata
2680 1798 2785 1838 vox
2811 1756 3026 1852 uisset,
3052 1762 3332 1846 Smitheus
3353 1756 3582 1858 primum
3600 1803 3699 1849 aut

430 1866 527 1905 sus
567 1866 663 1907 eos
689 1855 932 1922 scriptis,
962 1871 1200 1925 quorum
1228 1858 1463 1913 indicem
1490 1860 1764 1927 dabimus,
1790 1862 1927 1916 nihil
1946 1863 2014 1918 de

432 1939 791 1997 Eucharistitu
813 1948 1207 2001 controversiis
1257 1948 1586 2018 reperiatur,
1639 1951 2011 2007 certissimum

430 2033 657 2105 integrae
678 2037 826 2092 circa
860 2038 1009 2093 illum
1049 2041 1349 2096 articulum
1376 2042 1685 2098 concordiae
1721 2060 2010 2116 argumen-

429 2135 544 2183 tum
591 2137 735 2183 erat.

506 2218 732 2285 Verum.
771 2231 982 2277 tantum
1027 2225 1188 2281 abest
1226 2237 1285 2282 ut
1340 2229 1446 2283 vim
1515 2231 1667 2288 illius
1729 2235 2012 2303 agnoverit

431 2309 909 2369 Miscellanecrum
946 2327 1167 2383 auctor,
1200 2320 1333 2373 nihil
1374 2330 1434 2374 ut
1476 2324 1656 2389 potius
1679 2325 1876 2394 duplici
1907 2342 2011 2383 sua

432 2402 824 2460 Dissertationc
873 2409 1161 2477 tle-signare
1226 2413 1500 2480 videatur,
1565 2431 1731 2485 quam
1785 2434 2006 2475 causam

431 2497 765 2567 suspicionis
790 2500 1056 2556 adversus
1099 2500 1442 2561 Gennadium
1472 2515 1526 2563 et
1549 2507 1670 2578 ejus
1701 2510 2006 2577 humilium,

431 2587 488 2641 in
536 2602 596 2641 ea
632 2604 740 2645 non
796 2595 1197 2649 sententiarum
1243 2598 1429 2661 modo,
1472 2598 1570 2654 sed
1607 2601 1771 2656 etiam
1814 2618 2005 2660 vocum

431 2678 813 2739 conformitate
844 2685 1071 2742 subesse
1108 2689 1508 2756 gravissimam.
1546 2691 1753 2764 Nempe
1781 2698 1828 2750 si
1842 2696 2009 2752 Clan-

431 2771 521 2826 dio
540 2771 949 2831 Carentoniano
976 2779 1305 2836 credendum
1337 2791 1460 2849 est;
1490 2799 1667 2855 neque
1723 2787 1869 2842 enim
1921 2791 2007 2844 uia

432 2865 543 2919 lum
574 2862 849 2923 Smitheus
883 2886 947 2923 ex
972 2870 1204 2937 Gram-ia,
1251 2873 1334 2929 vel
1364 2890 1434 2930 ex
1466 2876 1836 2935 Orientalibus
1876 2896 2009 2951 pro-

431 2955 652 3022 vinciis,
689 2958 857 3013 alium
890 2959 1051 3029 huius
1089 2964 1344 3032 paradoxi
1365 2977 1644 3023 auctorem
1673 2969 1856 3037 habet,
1878 2984 2001 3027 cum

432 3051 598 3106 roalis
630 3053 952 3122 prasetitite,
987 3057 1159 3112 multo
1180 3059 1350 3130 magis
1373 3064 2002 3132 transsubs'tantiationis

2122 1870 2263 1924 inter
2297 1873 2531 1939 primos;
2562 1873 2835 1931 Gennadii
2889 1892 3024 1934 vero
3084 1881 3457 1937 testimonium
3504 1896 3698 1941 omnes

2117 1961 2266 2018 illius
2306 1963 2553 2020 rationes
2576 1968 2879 2034 evertebat,
2908 1972 3322 2041 supposititium
3355 1976 3512 2030 illum
3554 1979 3699 2032 scri-

2116 2063 2329 2125 ptorem
2357 2068 2479 2112 esse
2532 2057 2723 2127 iussit.
2755 2059 2944 2132 Neque
2993 2064 3141 2119 enim
3197 2066 3304 2121 alia
3353 2067 3546 2137 judicii
3581 2077 3697 2123 tam

2116 2146 2417 2217 praecipitis
2467 2151 2610 2205 ratio
2645 2153 2939 2222 quaerenda
2960 2160 3063 2218 est,
3088 2166 3217 2212 cum
3250 2168 3316 2213 ex
3345 2159 3548 2230 duplici
3577 2161 3698 2233 ejus

2113 2241 2378 2308 opuscui‘o
2423 2255 2551 2297 eum
2595 2244 2664 2301 de
2701 2245 2986 2303 Gennadio
3021 2249 3155 2304 nihil
3196 2252 3421 2308 omnino
3466 2254 3697 2311 scivisse

2113 2340 2305 2398 praeter
2371 2348 2542 2403 pauca
2590 2352 2694 2392 nec
2738 2350 2870 2392 vera
2910 2353 3034 2408 qua:
3061 2356 3128 2397 ex
3156 2342 3355 2400 Allstio
3401 2344 3694 2412 didicerat,

2111 2422 2459 2479 manifestum
2482 2427 2600 2481 sit:
2644 2428 2847 2498 quibus
2900 2431 2945 2486 si
2992 2434 3123 2502 quis
3171 2436 3503 2504 acquiescat,
3545 2438 3695 2494 illius

2109 2529 2216 2568 non
2256 2528 2341 2571 cst
2380 2516 2449 2573 de
2476 2517 2763 2577 Gennadio
2797 2528 2893 2577 a'ut
2918 2525 3066 2580 illius
3104 2527 3366 2595 operibus
3395 2528 3537 2584 ferre
3564 2538 3696 2584 ‘svn-

2109 2605 2360 2660 tentiam.
2384 2608 2525 2663 Nihil
2547 2624 2681 2680 ergo
2699 2611 3169 2670 Hiscelianeorum
3193 2626 3472 2674 auctorem
3494 2622 3694 2688 movit,

2109 2704 2170 2751 ut
2205 2698 2483 2754 homiliam
2515 2699 2704 2756 falsam
2747 2702 3020 2769 iudicaret
3051 2724 3067 2762 :
3109 2706 3584 2781 Gennadiumque,
3644 2712 3695 2768 si

2109 2800 2302 2845 auctor
2322 2790 2469 2871 illius
2497 2791 2657 2858 foret,
2697 2793 3003 2854 Latiuismo
3022 2798 3317 2869 imbuttnn,
3355 2808 3515 2871 quam
3542 2819 3696 2860 meu-

2107 2880 2398 2937 dacissima
2436 2867 2525 2938 illa
2559 2883 2857 2942 Claudiana
2890 2887 3230 2960 hypothesis,
3262 2867 3386 2962 que-
3407 2896 3685 2951 neminem

2107 2975 2356 3033 Graecum
2395 2979 2701 3049 legitimum
2733 2987 3003 3052 agnoscit,
3035 2986 3143 3042 nisi
3196 2988 3294 3056 qui
3343 2991 3688 3060 praesentiunt

2113 3068 2319 3126 realem
2348 3077 2405 3127 et
2446 3073 3121 3132 transsubstantiatiouem
3155 3078 3387 3147 reficiat.

431 3141 629 3210 dogma
668 3154 723 3200 et
772 3161 971 3202 nomen
1020 3150 1278 3207 omnibus
1329 3151 1386 3207 in
1414 3152 1640 3211 Oriente
1672 3154 2004 3216 Christianis
2028 3146 2072 3210 C
2176 3161 2351 3228 Quam
2385 3178 2552 3233 porro
2576 3164 2715 3221 falsa
2747 3166 2839 3221 illa
2870 3165 3038 3231 foret,
3064 3184 3127 3224 ea
3146 3141 3695 3243 Gabrielej’hiiadel-

431 3244 672 3301 ignotum
707 3236 812 3291 huc
852 3253 1024 3307 usque
1078 3238 1263 3307 fuerit,
1320 3244 1418 3314 qui
1468 3253 1766 3318 utrumque
1798 3249 2004 3305 adiuit-

431 3336 573 3390 tunt,
601 3328 1019 3395 pseudo-Grieci
1052 3340 1182 3387 sunt
1215 3343 1271 3389 et
1297 3336 1712 3409 Λατινόφρονες.
1747 3340 1860 3397 Hoc
1891 3343 1938 3400 si
1970 3358 2000 3399 a

431 3416 658 3474 Claudio
685 3420 1119 3479 demonstratum
1162 3424 1441 3484 Smitbeus
1478 3432 1776 3502 existimat,
1810 3445 1998 3490 utnon

432 3526 543 3565 uno
580 3511 701 3567 loco
729 3514 866 3569 satis
895 3517 1243 3586 s'guilicavit,
1276 3535 1375 3577 nos
1404 3522 1602 3591 potiori
1634 3525 1779 3593 jure,
1808 3541 1880 3581 ne
1906 3542 2002 3582 vc-

432 3604 718 3660 risimilem
751 3608 973 3676 quidem
1023 3612 1393 3680 conjecturam
1427 3629 1550 3669 cum
1587 3618 1840 3674 attulisse
1872 3634 2002 3687 pro-

434 3697 619 3751 hatum
648 3699 851 3756 invicte
877 3715 907 3755 a
940 3702 1149 3758 nostris
1178 3704 1443 3776 theologis
1462 3708 1863 3765 existimamus.
1892 3709 2001 3768 Rcs

434 3789 487 3841 in
531 3788 714 3847 medio
736 3792 1098 3864 relinquatur,
1129 3806 1180 3850 ut
1208 3797 1260 3851 in
1308 3799 2004 3871 ejusniodiquwstioiiibus

433 3881 567 3952 ﬁcri
614 3882 777 3939 debet
808 3901 829 3942 :
859 3901 925 3965 ne
971 3887 1233 3957 syllabam
1285 3891 1509 3958 quidem
1558 3893 1762 3951 habent
1815 3897 2009 3952 Prote-

432 3983 667 4038 stantes,
726 3992 832 4046 qua
876 3980 1096 4047 probari
1133 3979 1441 4038 Claudiana
1494 3999 1726 4041 censura
1780 3993 2000 4057 possit:

434 4076 547 4119 tota
584 4070 729 4123 enim
764 4082 1208 4140 argumentorum
1238 4074 1320 4130 vis
1348 4075 1400 4129 in
1434 4077 1536 4131 hoc
1562 4092 1676 4132 uno
1698 4080 1821 4145 erit,
1855 4082 2002 4150 quod

433 4160 605 4215 ϐε·ωεί
640 4169 696 4215 et
728 4162 1032 4216 doctrinam
1068 4173 1122 4219 et
1155 4181 1340 4221 vocem
1371 4178 1497 4223 ante
1526 4169 1796 4226 Gabrielis
1827 4171 2007 4227 Phila-

433 4253 777 4323 delphiensis
819 4257 1178 4326 nctropoiitse
1237 4268 1479 4328 tempora
1532 4277 1645 4316 non
1704 4278 2004 4333 usurpave-

437 4356 585 4400 runt.
621 4346 816 4401 Sciunt
865 4363 1029 4415 porro
1076 4366 1268 4407 omnes
1324 4364 1587 4422 quantum
1638 4356 1689 4409 in
1734 4358 2004 4413 similibus

2114 3254 2333 3325 phiensi
2362 3255 2501 3311 satis
2531 3255 2715 3312 fuerat
2744 3257 3206 3317 demonstratum.
3230 3260 3408 3319 Larva
3466 3266 3555 3320 ille
3577 3269 3693 3336 pri-

2112 3361 2267 3400 mum
2291 3344 2522 3402 Claudio
2550 3346 2674 3414 fuit,
2712 3349 2960 3421 liberque
3012 3353 3241 3409 iictitius
3278 3370 3295 3412 :
3352 3356 3426 3410 ita
3458 3359 3689 3427 'quippe

2114 3438 2400 3494 videbatur
2419 3439 2626 3493 homini
2692 3441 2922 3497 minime
2965 3442 3176 3509 Graeco,
3222 3456 3281 3500 ut
3325 3446 3691 3504 admiratores

2109 3530 2229 3600 ejus
2259 3545 2457 3601 negare
2485 3546 2594 3587 non
2619 3542 2868 3602 possunt.
2900 3532 3200 3605 Supererat
3229 3538 3504 3594 secundus
3531 3548 3691 3595 actus

2110 3623 2328 3689 fabulae,
2371 3635 2434 3678 ut
2461 3625 2681 3692 primus
2710 3626 2808 3693 qui
2842 3636 3032 3682 vocem
3060 3630 3691 3687 'transsubs’lantiationis

2113 3721 2458 3784 usurpasset,
2493 3713 2717 3769 Gabriel
2740 3714 2887 3772 foret
2927 3734 2941 3772 :
2976 3732 3103 3772 mox
3152 3730 3263 3773 non
3328 3720 3531 3787 primus
3594 3731 3693 3775 aut

2111 3810 2251 3865 inter
2275 3809 2494 3877 primoa.
2527 3807 2716 3866 Fidem
2749 3811 2996 3865 omnium
3022 3812 3365 3880 appellamus
3396 3814 3491 3882 qui
3541 3813 3693 3869 Grac-

2115 3916 2211 3956 cos
2239 3909 2496 3956 auctores
2525 3901 2801 3972 legerunt,
2834 3918 2905 3958 an
2928 3905 3107 3958 'ulium
3140 3907 3467 3976 repere'riut,
3499 3908 3591 3977 qui
3622 3922 3692 3962 eo

2114 3990 2335 4046 nomine
2365 3990 2668 4046 Gabrielem
2694 3990 3001 4046 laudaverit
3030 3993 3503 4056 autaccusaverit,
3540 3993 3691 4062 quod

2116 4084 2318 4152 primus
2343 4092 2436 4136 aut
2467 4082 2610 4136 inter
2642 4082 2843 4149 primos
2870 4098 3058 4140 vocem
3083 4094 3309 4141 eatenus
3370 4085 3689 4140 inusitatam

2118 4173 2376 4243 mysterio
2394 4171 2754 4229 Eucharistiae
2775 4175 3105 4244 explicando
3125 4175 3459 4231 adhibuerit.
3485 4178 3551 4229 At
3573 4184 3692 4230 erat

2116 4280 2249 4320 sane
2270 4264 2701 4320 locuslaudandi
2731 4266 2876 4321 illius
2925 4265 3147 4323 Meletio
3195 4265 3410 4338 Syrigo,
3465 4281 3591 4321 cum
3622 4266 3693 4323 de

2118 4355 2533 4424 μετουσιὼσεως
2572 4371 2710 4412 voce
2763 4356 3097 4425 disputaret,
3145 4358 3519 4428 [utereturque
3567 4370 3690 4413 eam

434 4441 825 4496 controversiis
874 4440 1021 4497 fallat
1070 4459 1213 4513 saepe
1259 4459 1636 4515 argumentum
1685 4447 1813 4502 illud
1857 4449 2002 4520 quod
2040 4494 2082 4547 Ι)
2114 4449 2304 4518 primis
2329 4448 2591 4504 Ecclesia:
2617 4451 2940 4506 doctoribus
2977 4460 3300 4519 usurpatam
3338 4466 3451 4505 non
3498 4450 3693 4513 fuissc,

431 4543 631 4588 vocant
672 4535 1009 4602 negativum.
1053 4536 1210 4602 Qtiod
1251 4539 1297 4594 si
1342 4538 1577 4608 alicujus
1612 4543 1867 4596 momenti
1896 4548 2003 4608 es't,

431 4637 493 4681 ut
523 4642 654 4682 sane
681 4642 827 4697 stupe
865 4644 989 4683 cum
1027 4628 1238 4699 judicio
1276 4639 1454 4700 potest
1482 4632 1750 4697 adhiberi,
1783 4647 1850 4686 co
1874 4650 2006 4702 quo-

429 4735 538 4786 que
581 4730 798 4776 utemur
833 4721 1109 4786 catholici,
1138 4722 1232 4778 sed
1273 4724 1494 4778 certiori
1546 4732 1602 4778 et
1656 4725 2000 4781 erideutiori.

430 4811 562 4866 Nam
593 4829 717 4867 cum
762 4821 979 4869 exstent
1007 4814 1321 4869 Graecorum
1363 4817 1624 4870 adversus
1676 4816 1897 4872 Latinos
1940 4819 2004 4871 li-

429 4905 511 4957 bri
550 4913 658 4958 tam
688 4907 821 4960 editi
863 4918 1024 4972 quam
1083 4923 1212 4961 mss.
1272 4923 1468 4975 magno
1514 4923 1760 4973 numero,
1791 4914 2004 4963 exs’tcnt

428 5003 547 5045 acta
586 5002 639 5048 ct
681 5007 1032 5049 monumenta
1072 5010 1252 5049 rerum
1290 4997 1355 5048 azl
1399 4997 1746 5051 concordiam
1796 5008 1996 5065 procu-

430 5085 657 5137 randam
701 5087 843 5140 inter
900 5096 1160 5155 utrosth
1212 5098 1522 5158 gestarum,
1581 5089 1718 5144 nihil
1758 5093 2001 5146 occurrit

429 5177 571 5230 unde
604 5176 683 5228 vel
721 5175 945 5230 Latinos
969 5188 997 5228 ει
1027 5177 1231 5233 (ἴα-διεὶς
1277 5188 1566 5234 acctrsatos
1590 5193 1710 5234 esse
1759 5188 1997 5244 constet,

428 5268 574 5336 quod
621 5268 1290 5325 transsuhstantiationem
1322 5270 1609 5338 docerent;
1641 5280 1734 5326 aut
1769 5286 1799 5325 a
1856 5270 2001 5326 Lati-

429 5363 511 5412 nis
541 5360 782 5421 Graecos,
811 5367 950 5428 quod
981 5358 1129 5413 illam
1162 5361 1473 5431 rejicerent.

493 5452 718 5505 Accedit
754 5451 859 5505 alia
908 5466 1118 5522 magna:
1140 5455 1487 5508 auctoritatis
1514 5455 1765 5525 probatio
1796 5472 1861 5511 ex
1882 5457 2000 5511 (ἰξε-

429 5544 624 5611 riplina
648 5545 987 5610 Graecorum,
1024 5560 1142 5612 qum
1165 5561 1272 5600 non
1303 5546 1414 5600 heri
1454 5556 1553 5601 aut
1574 5547 1996 5604 nudius-tertius

429 5646 667 5699 inventa,
696 5637 790 5691 sed
826 5652 856 5690 a
896 5638 1081 5693 multis
1105 5638 1317 5694 saeculis
1347 5638 1450 5694 huc
1478 5654 1654 5708 usque
1683 5639 1992 5703 observata,

429 5723 693 5792 cjustnodi
725 5737 831 5794 cst,
863 5738 922 5783 ut
956 5730 1162 5800 absque
1196 5730 1358 5784 realis
1384 5731 1856 5785 trausmutationis
1889 5732 1992 5785 iide

429 5815 726 5874 consistere
784 5829 1033 5884 nequeat.
1078 5822 1213 5878 Nam
1273 5824 1411 5880 ritus
1453 5832 1506 5879 ct
1548 5835 1735 5885 preces
1781 5821 1981 5886 quibus

2114 4540 2209 4596 sed
2240 4557 2267 4594 a
2296 4541 2698 4611 posterioribus
2734 4540 2885 4597 iecte
2949 4542 3021 4598 ad
3074 4543 3238 4598 ﬁdem
3299 4542 3689 4612 explicandam

2114 4641 2303 4704 postea
2354 4632 2677 4687 adhibitam.
2805 4636 2809 4640 ’

2184 4724 2319 4778 Cum
2349 4723 2515 4792 igitur
2538 4722 2809 4778 Gennadii
2840 4722 3157 4778 testimonio
3168 4730 3512 4778 everteretur
3535 4738 3690 4793 pror-

2111 4830 2204 4870 sus
2230 4813 2466 4871 Stuithei
2497 4815 2810 4885 conjectura
2839 4832 2854 4879 ;
2886 4828 3011 4868 nam
3042 4830 3109 4868 ea
3130 4828 3208 4870 eo
3254 4816 3542 4871 constabat
3574 4832 3690 4870 non

2112 4919 2238 4963 ante
2263 4917 2483 4964 centum
2514 4920 2711 4971 annos,
2739 4906 2837 4963 scd
2890 4918 3113 4961 centum
3170 4914 3229 4962 et
3263 4908 3549 4976 sexaginta
3597 4918 3689 4961 aut

2113 4999 2351 5067 amplius
2393 5013 2580 5052 vocem
2608 5013 2734 5050 'eam
2769 5006 3123 5067 usurpatam,
3153 5009 3263 5052 non
3290 5013 3360 5052 ex
3393 4984 3689 5053 falsissimam

2112 5091 2424 5162 hypothesi,
2458 5091 2646 5145 saltem
2677 5090 2833 5145 valde
2902 5089 3092 5153 dubia,
3155 5099 3211 5143 et
3272 5087 3688 5159 probationibus

2109 5184 2392 5243 destituta.
2440 5180 2799 5237 convellenda
2841 5188 2959 5234 erat
3012 5180 3285 5236 Geuttadii
3339 5180 3696 5246 aumorit‘as;

2108 5271 2201 5328 sed
2226 5287 2289 5325 cx
2311 5270 2624 5326 Graecorum
2665 5270 2887 5324 testium
2925 5269 3053 5333 ﬁde,
3083 5285 3224 5335 quos
3252 5284 3410 5323 nemo
3429 5269 3604 5322 audiri
3631 5269 3686 5321 in

2107 5366 2271 5419 rebus
2295 5363 2414 5419 suis
2452 5361 2650 5417 debere
2683 5362 2964 5431 negaverit
2997 5370 3128 5415 :aut
3154 5361 3348 5417 saltem
3375 5361 3507 5415 illud
3533 5360 3684 5414 evin-

2104 5455 2334 5509 cendum
2359 5453 2621 5519 etdogma
2648 5459 2702 5505 et
2729 5467 2918 5506 vocem
2943 5454 3011 5507 ab
3035 5451 3170 5521 ipsis
3182 5453 3391 5521 pariter
3412 5449 3685 5521 ignorari.

2106 5547 2160 5600 Si
2194 5545 2455 5615 Cyrillum
2479 5544 2712 5597 Lut-arin
2740 5542 3065 5612 excipimus,
3084 5543 3268 5597 nullus
3282 5542 3505 5597 Graecus
3527 5544 3674 5595 theo-

2104 5637 2261 5706 logus
2293 5644 2349 5688 ct
2374 5648 2561 5689 vocem
2592 5643 2647 5687 et
2695 5632 2892 5702 dogma
2959 5647 3069 5686 non
3120 5632 3393 5703 probavit.
3457 5632 3677 5688 Gabriel

2101 5728 2462 5796 Meleliusquc
2482 5726 2709 5796 Syrigus
2725 5726 3016 5780 laudantur
3036 5725 3104 5780 ab
3118 5725 3394 5792 omnibus,
3410 5734 3685 5793 tanquam

2103 5821 2212 5878 reri
2274 5834 2462 5884 graecae
2512 5817 2776 5876 doctrinae
2826 5814 3113 5879 interpres.
3164 5817 3400 5880 Cyrillus
3446 5815 3675 5879 indiciis
