4176 6278
290 364 377 421 281

1785 372 1988 433 ΥΙΤΑ.

3432 360 3539 425 28?.

288 475 624 545 synodalibus
652 475 946 531 damnatus
979 487 1065 533 est
1092 497 1104 531 :
1144 479 1379 535 refutata
1406 483 1474 536 ab
1504 486 1696 539 eodem
1734 485 1836 555 Sy-
1869 494 1911 548 Α
1943 490 2296 552 imperatore,
2327 485 2600 554 episeopis
2637 492 2691 540 et
2722 492 2938 549 senatu,
2965 490 3083 539 erat
3131 483 3307 537 adhuc
3363 497 3537 538 secu-

288 568 396 633 rigo
420 566 517 619 fuit
546 566 689 620 illius
732 567 1093 623 Calvinistica
1136 572 1473 629 Confessio:
1541 585 1596 629 et
1647 574 1840 629 contra

288 656 392 710 haec
431 656 732 711 testimonia
768 672 889 727 quae
912 660 1065 715 Actis
1090 670 1144 715 et
1175 661 1634 720 Confessionibus
1657 666 1842 721 multis

290 765 344 804 ex
379 748 589 803 Oriente
612 751 798 805 missis
822 753 1151 807 confirmata
1186 765 1340 819 sunt,
1361 756 1528 811 audet
1547 758 1840 828 quisquam

291 842 612 908 conjecturas
637 843 988 899 inertissimas
1021 861 1317 916 opponere.

354 932 551 986 Primus
602 944 695 987 aut
723 936 863 989 inter
900 938 1121 1003 primos,
1150 941 1195 994 si
1251 940 1497 997 Smilbeo
1543 943 1836 1009 credimus,

294 1018 489 1075 Gabriel
520 1019 1016 1091 Philadelphiensis
1047 1028 1713 1103 Transsubstantiationis
1750 1051 1843 1088 vo-

293 1129 391 1166 cem
426 1115 718 1181 usurpavit,
739 1131 886 1171 anno
920 1118 1077 1185 1600,
1109 1136 1218 1190 quo
1249 1122 1468 1177 libellus
1520 1125 1669 1179 illius
1723 1127 1832 1179 edi-

292 1216 363 1259 tus
386 1220 483 1261 est.
512 1207 609 1262 Sed
632 1208 884 1264 Meletius
908 1211 1058 1279 Piga,
1080 1214 1394 1280 patriarcha
1435 1217 1839 1273 Alexandrinus

292 1300 334 1353 in
360 1302 590 1366 epistolis
610 1318 741 1356 ann.
794 1304 931 1359 1595
964 1314 1017 1360 et
1062 1306 1224 1369 1594,
1274 1323 1390 1361 eam
1448 1323 1631 1363 vocem
1683 1312 1841 1364 adbi-

290 1394 487 1452 buerat.
522 1395 751 1463 ejusque
781 1410 1003 1451 sensum
1037 1407 1093 1451 et
1162 1410 1529 1455 consectanea
1581 1413 1840 1458 accurate

289 1486 656 1555 explicavetat,
692 1489 948 1544 indicans
979 1492 1144 1545 simul
1190 1502 1458 1548 tractatus
1520 1495 1659 1549 alios
1710 1512 1840 1550 suos

287 1576 332 1629 in
363 1578 553 1645 quibus
624 1581 803 1634 fusius
858 1580 926 1635 de
984 1582 1176 1637 eodem
1236 1595 1565 1652 argumento
1628 1588 1836 1655 pridem

285 1671 619 1726 disseruerat.
651 1671 942 1728 Latinismi
968 1684 1263 1744 suspectus
1291 1691 1413 1731 esse
1450 1693 1560 1731 non
1630 1688 1835 1746 potest,

286 1778 427 1831 quem
460 1764 701 1835 impense
724 1764 992 1835 Georgius
1024 1766 1203 1822 Douza
1254 1778 1308 1824 et
1329 1768 1419 1821 alii
1462 1768 1838 1825 Protestantes

1946 578 2080 633 laris
2122 597 2135 634 :
2182 593 2345 633 nemo
2378 590 2561 633 autem
2604 577 2978 646 suspicabitur
3004 577 3073 631 ab
3106 577 3340 640 homine,
3373 574 3538 629 docto

1943 671 2185 743 quidem.
2210 672 2303 725 sed
2342 673 2506 737 laico,
2544 672 2787 739 ignotam
2844 685 2943 725 nec
2966 686 3068 724 usu
3127 669 3426 724 stabilitam
3479 670 3533 721 in

1943 763 2204 832 mysterio
2228 761 2560 830 evplicando
2595 775 2785 813 vocem
2820 759 3076 828 usurpari
3099 758 3539 826 potuissemullo

1942 851 2329 920 episcoporum
2366 857 2462 901 aut
2501 849 2883 913 theologorum
2922 846 3280 901 reclamante.

2016 942 2121 997 Sed
2159 942 2487 1004 Callinicus,
2517 940 2809 996 Dositheus
2840 949 2895 993 et
2927 938 3017 990 alii
3054 937 3225 991 Graeci
3260 934 3543 988 antistites

1954 1044 2117 1090 erunt
2149 1034 2396 1089 Smitbeo
2425 1034 2829 1102 Λατινόφρονες
2896 1030 3021 1083 novi
3078 1030 3294 1083 scilicet
3337 1036 3392 1081 et
3427 1028 3535 1080 huc

1942 1140 2119 1195 usque
2151 1126 2319 1195 ignoti
2341 1126 2558 1193 generis
2590 1142 2603 1189 ;
2639 1139 2764 1178 nam
2794 1139 2917 1177 cum
2964 1138 3025 1176 ea
3102 1135 3208 1177 vox
3274 1118 3531 1187 usurpari

1941 1220 2125 1288 coepit,
2159 1219 2339 1273 nullos
2373 1217 2509 1272 alios
2544 1232 2708 1286 quam
2738 1217 2830 1285 qui
2899 1216 3196 1271 stabilitam
3241 1212 3535 1266 Florentia:

1945 1312 2065 1366 fidei
2096 1310 2475 1365 Deliuitionem
2504 1310 3003 1379 amplectebantur,
3038 1306 3384 1375 designabat.
3426 1301 3534 1355 Ve-

1942 1418 2061 1457 rum
2091 1419 2195 1456 non
2219 1401 2724 1470 Constantinopoli,
2764 1403 2863 1457 sed
2900 1402 2952 1455 in
2982 1399 3197 1455 Claudii
3251 1396 3410 1452 libris
3444 1395 3531 1449 di-

1941 1495 2077 1549 dicit
2119 1493 2403 1547 Smitheus
2428 1494 2840 1562 Λατινόφρονας
2869 1509 3015 1559 esse,
3044 1492 3137 1560 qui
3167 1491 3367 1546 realem
3398 1502 3535 1556 prm-

1942 1588 2173 1641 sentiam
2193 1596 2247 1641 et
2280 1586 2961 1641 transsubstantiatioucm
2993 1584 3310 1637 crederent.
3361 1580 3538 1633 Erunt

1942 1680 2107 1749 igitur
2128 1681 2297 1733 etiam
2328 1679 2444 1743 isti,
2484 1678 2638 1732 ntilli
2659 1678 2752 1747 qui
2782 1677 2991 1747 synodo
3022 1670 3537 1744 llierosolytnitan.c

1944 1772 2421 1840 subscripserunt,
2456 1772 2510 1825 in
2543 1772 2733 1825 eadem
2777 1767 3330 1839 Δατινοφρονούντων
3393 1766 3537 1819 clas-

291 1857 654 1923 laudaverunt,
676 1874 745 1913 eo
775 1860 1075 1927 praesertim
1111 1862 1352 1927 nomine,
1400 1863 1546 1932 quod
1604 1878 1834 1919 coneor-
1869 1839 1912 1899 Β
1942 1880 2021 1927 se,
2051 1865 2143 1932 qui
2176 1839 2353 1918 tamen
2394 1864 2688 1932 primatum
2722 1861 2953 1917 Romani
2985 1861 3268 1915 Pontificis
3309 1866 3534 1929 negant,

286 1951 373 2004 diae
405 1952 547 2005 inter
578 1950 818 2006 Poionim
857 1968 1031 2022 regno
1078 1955 1336 2009 subditos
1363 1954 1536 2009 Graeci
1596 1957 1733 2011 ritus
1790 1965 1844 2011 et

282 2041 572 2097 Catholicos
593 2043 949 2098 conciliandae
986 2045 1253 2099 acerrime
1284 2048 1592 2105 restitisset.
1612 2048 1689 2102 An
1711 2048 1841 2103 sub-

282 2133 467 2187 dititias
488 2133 612 2188 illas
641 2134 905 2202 epistolas
932 2149 1062 2189 esse
1089 2135 1371 2190 Smitheus
1425 2137 1614 2192 dicet?
1644 2139 1841 2193 Verum

282 2239 361 2278 eas
391 2240 450 2278 ex
488 2226 1135 2296 authenticoexemplari
1174 2228 1482 2298 descriptas
1513 2230 1840 2285 Constanti-

284 2320 482 2387 nopolin
518 2320 583 2373 ad
623 2317 1001 2388 Panagiottem
1036 2321 1191 2375 misit
1224 2320 1445 2377 Paisius
1500 2322 1842 2377 Alexandri-

284 2425 372 2463 nus
398 2413 713 2481 patriarcha
752 2429 767 2469 :
806 2422 861 2466 et
892 2412 1557 2484 Constantinopolitanae
1607 2416 1841 2471 Callini-

281 2519 365 2559 cus
399 2506 447 2559 in
481 2505 732 2575 synodali
758 2504 1087 2562 deﬁnitione
1114 2508 1243 2561 anni
1270 2507 1429 2563 1691.
1451 2510 1595 2564 inter
1616 2524 1719 2565 eos
1742 2510 1835 2580 qui

282 2600 901 2655 transsubstantiationis
933 2613 1071 2656 voce
1114 2602 1205 2657 usi
1240 2612 1397 2668 sunt,
1435 2602 1713 2658 Meletium
1754 2603 1844 2660 Pi-

278 2704 386 2759 gam
417 2691 742 2747 numeravit.

343 2780 536 2837 Eadem
592 2784 929 2839 auctoritate
952 2785 1281 2853 patriarcha:
1338 2785 1844 2857 Constantinopoli-

282 2876 403 2937 tani,
440 2886 494 2931 et
518 2875 1115 2947 Desitheipatriarchce
1164 2878 1651 2950 Hierosolymitani
1712 2896 1847 2934 con-

280 2965 516 3019 tinuatur
536 2982 599 3022 ea
622 2983 785 3036 quam
823 2968 1105 3023 Smitheus
1130 2980 1408 3039 oppugnat
1441 2971 1709 3026 Geunadii
1740 2972 1842 3026 ho-

281 3058 429 3113 ntilia.
464 3057 643 3112 Verba
674 3068 805 3114 sunt
836 3076 853 3113 :
888 3057 1002 3113 Usa
1057 3076 1215 3125 porro
1243 3075 1304 3114 ea
1357 3060 1511 3129 (voce
1562 3064 1844 3115 transsui;-

1945 1954 2036 2022 qui
2074 1954 2335 2023 Spiritum
2369 1969 2397 2007 a
2427 1954 2586 2007 Patre
2619 1953 2737 2008 solo
2768 1953 3067 2021 procedere
3136 1952 3394 2015 credunt,
3428 1950 3536 2003 do-

1946 2058 2069 2103 cent
2098 2050 2315 2103 tandem
2346 2050 2559 2121 reliqua
2584 2065 2712 2118 quae
2764 2047 2954 2102 Romae
3020 2046 3381 2103 damnantur.
3456 2048 3533 2105 Ea

1948 2143 2160 2197 ratione
2198 2141 2521 2197 Gennadius
2553 2150 2608 2196 et
2632 2142 2751 2210 ejus
2776 2140 3019 2194 homilite
3046 2141 3114 2193 ab
3152 2141 3274 2209 ipSn
3302 2142 3543 2209 proscri-

1946 2235 2153 2289 buntur
2190 2252 2204 2289 :
2238 2251 2360 2289 nam
2381 2236 2540 2290 aliam
2578 2234 2783 2289 nullam
2814 2234 2977 2289 habet
3008 2251 3023 2299 ;
3052 2234 3297 2303 adeoque
3329 2233 3538 2288 siGcn-

1945 2328 2143 2383 nadius
2163 2328 2453 2383 Latinismi
2488 2337 2778 2399 suspectus
2814 2336 2920 2391 est,
2970 2327 3160 2382 eadem
3214 2328 3536 2395 suspicione

1946 2422 2151 2476 involvi
2185 2428 2401 2490 oportet
2432 2421 2710 2475 Meletium
2746 2421 2961 2488 Pigam,
2999 2420 3312 2475 Gabrielem
3349 2418 3538 2472 Phila-

1945 2513 2344 2583 delphiensem,
2379 2513 2673 2581 Georgium
2704 2512 3049 2575 Coressium,
3079 2511 3354 2565 Meletium
3382 2511 3536 2582 Syri-

1945 2620 2096 2676 gum,
2125 2605 2389 2676 Cyrillum
2432 2615 2486 2661 et
2515 2605 2891 2671 Parthenium,
2915 2607 3006 2675 qui
3043 2604 3097 2657 in
3134 2606 3378 2675 synodis,
3403 2619 3534 2659 ann.

1948 2697 2086 2752 1658
2112 2706 2166 2751 et
2196 2695 2356 2761 1642,
2388 2696 2617 2752 Lucaris
2663 2696 3069 2751 confessionem
3103 2702 3164 2749 ut
3221 2695 3535 2749 hazreticatn

1949 2791 2349 2845 damnaverunt
2388 2808 2400 2843 :
2456 2803 2650 2845 omnes
2694 2788 3071 2857 metropolitas
3097 2797 3151 2843 et
3220 2788 3537 2856 episcopos,

1949 2881 2201 2950 aliosque
2240 2880 2651 2936 ecclesiasticos
2680 2880 2772 2948 qui
2801 2880 3038 2934 decretis
3059 2878 3536 2947 subscripserunt,

1948 2983 2009 3029 ut
2040 2990 2134 3030 eos
2176 2975 2266 3044 qui
2292 2973 2481 3045 synodi
2529 2972 3043 3044 Hierosolymitaure
3087 2987 3233 3025 anno
3266 2970 3405 3025 1672
3432 2970 3538 3023 De-

1947 3074 2094 3119 creta
2116 3065 2596 3125 confirmaverunt,
2616 3061 2929 3116 Nectarium
2949 3060 3531 3130 ilicrosolymitanum,

280 3153 648 3221 stantiatiom’s)
684 3151 928 3206 Ecclesia
963 3160 1060 3215 est,
1107 3152 1358 3221 quoniam
1406 3168 1496 3205 nec
1562 3154 1842 3222 tequivocis
1875 3190 1916 3247 c
1950 3169 2144 3209 omnes
2173 3154 2391 3208 tandem
2414 3152 2632 3207 Graecos
2653 3153 3079 3215 sincerissimos,
3106 3152 3149 3206 si
3171 3152 3259 3220 qui
3295 3167 3540 3221 unquam

280 3243 562 3311 subjicitur,
588 3252 638 3298 et
666 3253 883 3311 superat
916 3245 1151 3296 omnium
1210 3245 1582 3298 hereticorum
1644 3247 1850 3315 sophis-

286 3346 436 3389 mata.
472 3334 587 3390 Nec
625 3352 794 3390 eama
825 3334 1032 3389 Latinis
1051 3345 1298 3389 mutuata
1358 3345 1459 3401 est,
1518 3337 1606 3393 sed
1651 3347 1731 3391 est
1786 3354 1848 3391 ea

280 3445 386 3482 voce
411 3431 585 3484 ditata
610 3439 732 3484 ante
765 3446 935 3484 annos
964 3430 1254 3499 plurimos,
1278 3444 1312 3485 a
1346 3429 1652 3485 domesticis
1688 3440 1737 3484 et
1767 3430 1847 3485 le-

280 3525 458 3592 gitimis
490 3527 605 3578 suis
636 3523 947 3577 orthodoxis
966 3522 1304 3585 doctoribus.
1326 3530 1383 3576 ut
1436 3532 1740 3593 promptum
1771 3526 1851 3576 vi-

280 3624 383 3667 dere
401 3627 473 3669 est
511 3631 574 3668 ea:
610 3614 1001 3668 commentariis
1051 3630 1185 3668 ocra:
1212 3614 1485 3684 religionis
1535 3615 1834 3683 defensoris

278 3707 406 3761 illius
426 3708 625 3761 domini
643 3706 905 3761 Geunadii
918 3708 1240 3776 patriarchae
1250 3706 1847 3775 Constantinopolitani,

222 3862 225 3863 ν
278 3801 356 3867 qui
386 3816 563 3854 coram
592 3798 903 3853 orthodoxi:
928 3798 1431 3867 imperatoribus,et
1453 3798 1557 3867 piis
1613 3799 1848 3865 patriar-

279 3890 375 3943 rhis
401 3907 460 3943 ac
489 3906 648 3943 sacro
676 3898 885 3953 senatu,
920 3890 1149 3958 ipsisque
1171 3888 1481 3943 doctoribus
1534 3901 1691 3944 recte
1722 3890 1847 3957 ﬁdei

280 3994 479 4047 nostra,
506 3996 599 4051 per
628 3984 764 4035 hanc
786 3998 959 4035 vocem
992 3990 1051 4035 ut
1072 3991 1196 4036 ante
1231 3984 1523 4052 cognitam,
1578 3992 1736 4053 atque
1779 3985 1843 4039 ab

279 4072 505 4128 Ecclesia
562 4085 845 4142 receptant,
904 4092 997 4141 pro
1047 4075 1142 4127 hoc
1194 4077 1444 4145 mysterio
1499 4077 1839 4147 depugnavit.

281 4167 419 4221 Edita
452 4177 532 4223 est
564 4166 757 4223 Graece
806 4166 1088 4237 synodalis
1138 4168 1237 4221 illa
1298 4168 1554 4223 Definitio
1610 4169 1745 4223 Jasii
1786 4171 1841 4226 in

278 4254 557 4323 Moldavia,
590 4273 738 4312 anno
774 4258 933 4322 1694,
969 4274 996 4310 a
1035 4258 1295 4313 Dositheo
1343 4258 1843 4331 Hierosolymitano

278 4347 324 4400 in
351 4350 481 4404 libro
504 4360 692 4405 contra
716 4348 985 4403 Joannem
1016 4347 1432 4419 Caryophylium
1458 4349 1841 4419 Logotiretam,

280 4441 359 4493 sed
384 4458 501 4495 cum
533 4442 642 4495 huc
666 4456 845 4511 usque
877 4441 1029 4495 illum
1058 4440 1259 4493 habere
1313 4428 1417 4494 non
1474 4444 1837 4509 potuerimus,

1937 3242 2193 3300 fuerunt.
2225 3245 2415 3298 Nullus
2450 3245 2596 3298 enim
2624 3260 2814 3298 eorum
2870 3253 2973 3308 est,
3041 3245 3134 3313 qui
3197 3244 3419 3298 Decreta
3442 3243 3537 3296 ad.

1954 3351 2142 3391 versus
2184 3336 2448 3405 Cyrillum
2522 3334 2755 3389 Lucarin
2810 3351 2919 3390 non
2997 3336 3281 3403 amplexus
3346 3335 3535 3396 fuerit,

1953 3430 2159 3499 quique
2193 3428 2383 3483 eadem
2418 3429 2787 3484 sentientibus
2844 3443 2909 3483 ac
2964 3428 3213 3482 nefarius
3254 3428 3348 3481 ille
3407 3425 3537 3480 ﬁdei

1952 3522 2111 3576 avitae
2150 3520 2420 3587 proditor,
2453 3522 2749 3576 anathema
2780 3537 2889 3575 non
2942 3519 3167 3574 dixerit.
3221 3519 3292 3571 At
3341 3532 3534 3571 omnes

1952 3614 2029 3668 illi
2057 3613 2277 3668 tandem
2313 3613 2386 3667 ita
2419 3612 2600 3667 Latini
2638 3623 2787 3679 sunt,
2846 3620 2907 3665 ut
2961 3611 3210 3681 plerique
3268 3612 3536 3665 adversus

1952 3706 2173 3760 Latinos
2197 3706 2339 3776 stylo
2378 3705 2650 3759 acerrimo
2679 3704 3108 3765 decertaverint,
3137 3718 3247 3771 quo
3312 3703 3541 3757 nomine-

1950 3797 2241 3851 iaudantur
2280 3812 2309 3851 a
2339 3799 2455 3853 suis
2483 3795 2773 3853 nt'Graeca:
2814 3796 3073 3851 Ecclesia:
3107 3796 3351 3866 insignes
3376 3796 3533 3850 theo-

1950 3890 2079 3959 logi,
2103 3890 2369 3961 illiusque
2392 3888 2736 3945 defensores.
2776 3890 2833 3943 Si
2879 3888 3049 3959 igitur
3094 3888 3292 3945 sinceri
3352 3888 3525 3943 Graeci

1948 3998 2057 4036 non
2089 3989 2238 4047 sunt,
2270 3981 2367 4037 ubi
2396 3979 2622 4037 tandem
2660 3979 2847 4036 Graeca
2872 3979 3113 4051 Ecclesia
3146 3982 3212 4035 ab
3239 3981 3398 4034 annis
3429 3978 3533 4033 du-

1948 4075 2124 4129 centis
2148 4075 2285 4139 fuit;
2325 4090 2517 4131 omnes
2548 4076 2694 4129 enim
2754 4088 3119 4143 quoscunque
3164 4090 3228 4127 cx
3305 4073 3532 4127 historia

1947 4176 1999 4218 ct
2027 4165 2179 4219 libris
2210 4167 2484 4230 novimus,
2516 4165 2715 4229 Graeci,
2747 4167 2908 4219 aliam
2944 4165 3102 4219 fidem
3154 4180 3263 4218 non
3330 4165 3541 4219 habue-

1949 4267 2094 4310 runt.
2143 4259 2582 4328 VcrumornpOnit
2636 4258 2921 4313 Smilheus
2964 4257 3226 4327 Cyrillum
3273 4256 3532 4322 Lucat-in,

1947 4349 2268 4405 Zachariam
2298 4351 2614 4423 'Gerganum
2651 4352 2798 4405 Arta:
2829 4352 3039 4420 exigua:
3090 4350 3364 4404 urbecuhe
3418 4352 3533 4419 epi-

1947 4458 2198 4511 scopum,
2235 4453 2289 4496 cl.
2321 4443 2743 4513 MetrOphanem
2777 4444 3151 4511 Critopulum.
3212 4441 3364 4496 Nova
3409 4444 3534 4510 jura

280 4533 567 4586 versionem
623 4532 821 4586 damus
894 4514 1103 4585 Nicolai
1154 4532 1426 4587 Conmeni
1482 4534 1836 4601 Papadopoli,
1879 4534 2232 4590 Dcondenda
2266 4542 2417 4596 sunt,
2470 4543 2530 4585 ut
2564 4533 2738 4585 tribus
2803 4533 3039 4586 testibus
3082 4531 3223 4583 'lides
3272 4530 3535 4591 habeatur

281 4622 797 4694 insertamEpistola:
851 4625 915 4678 ad
960 4626 1635 4695 ChrysanthumNumam
1663 4627 1841 4680 Caesa-

287 4729 377 4768 rem
402 4717 825 4787 metropolitani,
852 4732 979 4783 quae
999 4717 1142 4770 edita
1178 4727 1262 4771 est
1293 4715 1533 4772 Ven‘etiis
1556 4733 1646 4770 an.
1680 4718 1838 4772 1703.

344 4807 397 4860 ln
443 4826 503 4862 ea
539 4825 700 4878 porro
735 4808 995 4879 synodica
1030 4808 1352 4863 Deiinitione
1372 4810 1482 4873 duo
1532 4818 1663 4863 sunt
1718 4825 1843 4877 quae

280 4900 545 4970 diligenter
589 4905 867 4959 observari
924 4918 1104 4971 opera:
1158 4904 1400 4971 pretium
1440 4905 1530 4957 sit.
1573 4904 1840 4970 Primum,

282 4990 550 5049 llomiliam
584 5012 753 5065 quam
781 4995 983 5065 publici
1015 4995 1155 5065 juris
1201 4996 1457 5061 facimus,
1501 4996 1844 5065 ipatriu’relris

279 5084 476 5143 duobus
508 5089 775 5143 Callinico
804 5098 859 5144 et
885 5088 1167 5151 Dositheo,
1206 5098 1322 5143 tum
1390 5090 1758 5160 metropolitis
1787 5098 1844 5144 et

279 5179 532 5249 episcopis
561 5183 651 5250 qui
687 5182 986 5235 scribendo
1036 5179 1358 5245 adfuerunt,
1410 5182 1586 5237 fuisse
1615 5182 1844 5237 notissi-

284 5285 409 5323 mam
436 5291 447 5325 :
484 5284 645 5344 atque
675 5274 815 5329 adeo
847 5274 916 5328 de
947 5275 1065 5344 ejus
1090 5275 1354 5343 αὐθεντίᾳ
1388 5277 1641 5336 dubitare
1672 5276 1845 5329 nemi-

282 5376 386 5413 nem
415 5381 587 5430 posse,
616 5368 843 5437 nisiqui
888 5367 1159 5437 αὐτοψίαν
1209 5366 1588 5422 Smitheanam
1639 5369 1845 5424 talibus

281 5454 583 5510 nstimoniis
631 5457 1388 5526 pratia'endamesistimarit.
1441 5456 1688 5509 Alterum
1738 5463 1841 5519 est,

283 5544 405 5607 quod
454 5549 730 5604 antistites
762 5548 874 5618 ipsi
931 5547 1105 5602 Graeci
1174 5556 1450 5602 testantur
1494 5548 1844 5602 Gennadium

284 5646 447 5687 vocem
481 5638 892 5702 μετουσιώσεως
921 5653 1248 5706 usurpasse,
1282 5648 1341 5691 ut
1396 5637 1604 5707 pridem
1658 5640 1847 5706 cogni-

285 5720 401 5790 tam,
428 5726 585 5796 idque
616 5731 904 5785 verissime
928 5731 998 5785 ab
1030 5730 1135 5784 illis
1167 5730 1519 5784 observatum
1559 5730 1678 5783 fuit.
1707 5731 1844 5784 Cum

285 5816 412 5873 cuitu
454 5821 736 5879 homiliam
771 5825 918 5881 illam
952 5824 1283 5880 declamaret
1322 5824 1374 5878 in
1429 5823 1633 5886 palatio
1659 5837 1843 5879 coram

1946 4634 2138 4679 contra
2181 4626 2332 4678 mille
2364 4625 2524 4688 alios,
2553 4627 2661 4677 imo
2694 4633 2881 4677 contra
2940 4621 3219 4690 publicum
3256 4631 3304 4673 et
3338 4620 3533 4671 multo-

1946 4714 2050 4771 ties
2078 4726 2394 4769 renovatum
2414 4718 2581 4771 totius
2613 4700 2867 4769 Ecclesiae
2894 4712 3097 4766 Grmca:
3131 4711 3541 4765 testimonium..

1946 4810 2013 4862 At
2040 4810 2255 4863 illorum
2284 4809 2497 4878 primus
2526 4810 2887 4862 anathemate
2919 4806 3214 4857 damnatus
3249 4811 3352 4863 est,
3408 4816 3535 4869 pro-

1946 4901 2522 4971 scri‘ptaqnejudi'ciis
2594 4900 2833 4969 publicis
2887 4894 3246 4966 synodalibus
3296 4903 3533 4962 quatuor

1944 4994 2293 5049 CalviniS‘tiea
2320 4995 2444 5062 ejus
2484 4991 2764 5047 confessio
2796 4986 3274 5055 ConStantinopoli
3300 4985 3537 5049 scilicet,

1946 5088 2106 5142 annis
2134 5088 2291 5151 1658,
2322 5086 2481 5149 lii-l2,
2514 5096 2565 5139 ct
2596 5084 2753 5148 1691,
2786 5080 3177 5152 Hierosolymis
3195 5094 3338 5134 anno
3368 5076 3537 5142 1672,

1945 5196 2065 5250 quae
2094 5181 2298 5249 judicia
2331 5186 2628 5233 retractata
2673 5190 2951 5245 nunquam
2994 5173 3240 5237 fuerunt,
3276 5187 3401 5226 cum
3437 5186 3540 5225 eas

1945 5288 2138 5327 omnes
2161 5271 2466 5327 sententias
2497 5269 2790 5324 Dosithcus
2809 5266 3135 5322 Enchiridio
3178 5282 3279 5321 suo
3312 5265 3365 5318 in
3396 5265 3534 5319 Mol-

1947 5364 2104 5418 davia
2142 5364 2287 5418 edito
2319 5363 2629 5417 inseruerit.
2697 5358 3005 5432 Garganus,
3049 5360 3341 5413 vix'notus
3394 5358 3539 5409 inter

1947 5474 2098 5522 suos,
2130 5465 2207 5511 tot
2236 5455 2564 5525 patriarchis
2594 5466 2647 5508 et
2673 5456 2947 5524 episcopis
2964 5452 3163 5523 opponi
3190 5467 3297 5504 nun
3323 5456 3537 5517 potest.

1949 5547 2336 5616 Metrophanes
2367 5549 2411 5602 si
2436 5560 2558 5601 vere
2588 5556 2642 5601 et
2667 5561 2734 5600 ex
2761 5547 2929 5599 animi
2962 5542 3232 5601 sententia
3255 5555 3371 5593 cam
3398 5554 3535 5593 conv

1951 5641 2245 5696 fessionem
2277 5640 2448 5694 edidit
2478 5654 2600 5708 quae
2660 5636 2981 5691 llelmstadii
3048 5647 3251 5689 excusa
3309 5640 3412 5691 est,
3468 5646 3540 5686 se

1949 5734 2063 5801 ipse
2098 5733 2373 5798 retexuit;
2409 5747 2530 5785 nam
2578 5728 2893 5798 patriarcha
2938 5724 3350 5781 Alexandrinus
3405 5738 3531 5779 cum

1948 5833 2117 5881 esset.
2140 5822 2331 5881 svnodi
2363 5816 2997 5881 Constantinopolitaua:
3026 5816 3254 5871 Decreta
3285 5810 3531 5868 subscri-
