4176 6278
556 356 664 412 ⁸283

1589 359 1960 418 GENNADII
2002 361 2111 420 ΟΡ.
2151 360 2667 421 ΡΛΤΒΙΑΒΕΗΑΞ

3708 366 3825 429 984

558 466 735 520 bendo
768 465 1133 521 confirmavit.
1164 468 1549 538 Adjungantur
1581 471 1628 525 si
1660 471 1812 523 lubet
1840 472 1999 539 pauci
2039 472 2131 525 alii
2166 476 2207 533 Α
2239 473 2394 527 sione
2426 471 2617 542 Cyrilli
2647 486 2807 540 quam
2846 485 2968 525 cum
3002 472 3229 526 horrore
3258 471 3533 538 rejiciunt.
3591 476 3823 532 Audiis-

556 572 803 622 errenes,
833 557 963 626 quid
1028 559 1244 613 illorum
1284 561 1600 615 testimonia
1652 563 1840 617 valere
1885 570 2122 632 possunt

554 657 743 699 contra
774 647 936 702 totius
973 647 1227 703 Ecclesim
1273 649 1470 705 Graeca.
1505 660 1771 707 constans
1821 667 1849 705 a
1904 662 2127 721 septua-

554 739 703 807 ginta
736 750 788 793 et
815 741 1047 808 amplius
1071 742 1231 796 annis
1270 744 1645 799 testimonium
1676 748 1699 799 'I

624 830 702 884 Ita
722 847 783 885 ex
811 833 1088 886 abnormis
1120 834 1267 888 illius
1326 835 1469 903 juris
1525 836 1886 904 dispositione
1925 835 2128 907 Cyrillo

553 921 835 985 damnato,
886 932 940 977 et
968 925 1257 978 sententiis
1313 927 1615 979 teterritnis
1636 928 1875 988 confixo,
1914 944 2024 982 non
2064 930 2130 984 de

555 1027 654 1063 sua
680 1014 876 1078 solum,
937 1016 1030 1067 sed
1064 1016 1128 1069 de
1179 1018 1345 1071 totius
1378 1015 1673 1071 Orientalis
1730 1018 1985 1074 Ecclesiae
2026 1020 2131 1074 fide

554 1106 700 1155 credi
730 1117 947 1170 oportet
975 1125 987 1159 :
1020 1105 1225 1160 Grarcis
1252 1109 1387 1176 ipsis
1404 1108 1468 1161 dc
1491 1110 1848 1177 suaipsorum
1888 1112 1991 1166 fide
2023 1129 2128 1167 non

556 1193 836 1256 credetur,
871 1197 968 1247 etsi
1008 1211 1103 1263 per
1138 1212 1314 1249 annm
1343 1206 1565 1251 centum
1628 1208 1680 1253 et
1710 1200 1964 1268 amplius,
2012 1217 2130 1256 eam

549 1284 770 1349 scriptis
799 1287 1028 1353 privatis
1061 1296 1113 1339 et
1171 1290 1408 1358 publicis
1462 1290 1866 1361 disciplinaque
1884 1308 1979 1346 sua
2012 1284 2134 1364 qua

552 1377 794 1428 omnium
826 1379 1005 1432 oculis
1036 1390 1211 1447 patet,
1240 1383 1712 1440 confirmaverint.
1763 1385 1919 1451 Quod
1952 1387 2135 1456 itaque

511 1509 525 1522 .
553 1464 869 1523 Gennadius
899 1471 1169 1536 docuerit,
1230 1477 1905 1532 transsubstantiationem
1969 1493 2133 1547 quam

552 1558 795 1628 Cyrillus
829 1561 1052 1616 informi
1080 1576 1133 1618 et
1162 1565 1361 1620 furtiva
1392 1568 1763 1624 Confessione
1797 1571 2137 1625 condemna-

554 1650 654 1712 vit,
682 1654 785 1705 erit
820 1652 1069 1709 Sntitheo
1104 1658 1494 1728 ὑποϐολιμαῖος
1521 1661 1863 1718 Gennadius.
1929 1664 2005 1717 Et
2032 1664 2133 1717 fal-

553 1757 614 1796 sa
652 1744 744 1799 illa
774 1745 1065 1815 ltypotltesi
1089 1762 1396 1805 nascuntur
1428 1755 1548 1808 alia:
1578 1771 1683 1809 non
1745 1759 1925 1810 minus
1959 1757 2132 1815 falsa}.

554 1838 823 1893 adversus
856 1838 1129 1897 Gennadii
1171 1845 1506 1901 laudatorem
1534 1847 1810 1917 Syrigum,
1840 1848 2134 1917 Georgium

553 1924 890 1992 Coressium,
917 1930 1159 1999 reliquos
1177 1933 1393 1988 tandem
1420 1936 1512 2004 qui
1564 1938 2136 1992 transsubstantiatio-

557 2030 682 2068 nem
716 2018 959 2086 recipere
992 2036 1051 2075 se
1086 2022 1327 2091 professi
1357 2036 1507 2091 sunt,
1538 2026 1638 2081 hoc
1666 2038 1749 2083 est
1767 2028 1989 2085 Graecos
2020 2046 2139 2085 om-

556 2122 654 2163 nes
698 2126 711 2161 :
757 2125 879 2163 nam
913 2112 1239 2183 quicunque
1268 2132 1298 2170 a
1329 2117 1534 2187 Cyrillo
1568 2120 1674 2177 huc
1734 2136 1907 2191 usque
1960 2123 2135 2192 patri-

552 2201 840 2264 archatus,
912 2206 1258 2275 mctropoles,
1299 2209 1674 2279 episcopatus,
1731 2213 2137 2284 dignitatesque

555 2291 961 2347 ecclesiasticas
996 2303 1314 2363 tenuerunt,
1373 2299 1517 2354 haud
1582 2302 1741 2355 aliter
1786 2304 2137 2359 crediderunt

554 2392 609 2435 et
649 2382 814 2437 locuti
846 2394 998 2452 sunt,
1064 2404 1227 2457 quant
1257 2389 1753 2459 Synodiannorum
1798 2394 2134 2461 1658,1642,

555 2475 713 2541 1072,
752 2477 1214 2543 lti9l,Confessio
1243 2483 1567 2550 orthodoxa,
1627 2493 1681 2542 et
1744 2488 1850 2542 alia
1904 2490 2137 2560 publica:

555 2569 906 2624 auctoritatis
939 2572 1169 2641 scripta.
1196 2573 1253 2629 Id
1280 2576 1324 2629 si
1364 2592 1552 2631 verum
1606 2586 1713 2645 est,
1769 2588 1826 2633 ut
1857 2591 1944 2636 est
2004 2597 2137 2639 sane

552 2662 897 2717 verissinunn
927 2682 991 2719 ex
1032 2665 1351 2723 Graecorum
1384 2672 1630 2725 omnium
1661 2674 2137 2732 consentientibus

552 2753 911 2818 testimoniis,
938 2772 1046 2808 non
1106 2773 1230 2813 esse
1280 2761 1447 2815 debet
1496 2761 1785 2819 Latinismi
1845 2776 2137 2836 suspectus

554 2841 895 2911 Gennadius,
926 2848 1139 2902 etiamsi
1206 2852 1883 2909 transsubstantiationetn
1938 2857 2137 2911 docue-

552 2936 644 2995 rit.
684 2953 860 3007 neque
889 2938 1123 2994 homilize
1149 2942 1265 3009 ejus
1300 2942 1431 2998 fides
1457 2944 1812 3013 detrahenda,
1868 2948 1996 3016 quia
2070 2948 2130 3002 il-

559 3029 670 3082 lam
704 3048 894 3085 vocem
929 3045 1321 3102 repraesentat.

2229 573 2313 618 set
2348 578 2513 632 quam
2573 562 2852 617 diversum
2905 578 2935 616 a
2990 563 3310 617 Sinithcano
3376 574 3525 619 esset
3573 565 3819 624 Nectarii

2230 655 2295 710 de
2334 654 2847 722 Claudiojndiciutn
2866 656 2933 710 de
2965 654 3213 722 Calvino,
3234 657 3300 713 de
3328 656 3589 721 Luthero,
3625 660 3690 714 de
3713 661 3823 715 Le-

2231 760 2380 815 gero.

2301 838 2405 892 Sed
2461 853 2567 894 non
2622 840 2787 895 'solus
2854 840 3257 898 conlodiendus
3315 858 3433 900 erat
3479 847 3821 914 Gennadius,

2233 931 2391 996 cujus
2423 932 2603 986 stabat
2630 932 2831 987 intacta
2863 935 3182 998 auctoritas,
3217 936 3262 991 si
3322 936 3824 1010 llierosolymitana

2234 1027 2500 1095 synodus,
2543 1024 2847 1078 ann01672
2877 1033 3070 1079 contra
3127 1026 3461 1083 Calvinistas
3520 1030 3727 1094 habita,
3766 1034 3825 1086 in

2235 1132 2341 1186 qua
2396 1118 2949 1171 transsubstantiatio
3004 1120 3293 1187 perspicue
3351 1122 3652 1185 stabilitur,
3708 1139 3825 1178 non

2235 1211 2396 1265 simul
2420 1208 2748 1264 concideret.
2768 1210 2858 1263 Sic
2884 1211 3046 1279 igitur
3064 1227 3181 1266 eam
3215 1214 3524 1283 aggreditur
3551 1216 3649 1286 (l),
3673 1216 3830 1271 Cra--

2236 1302 2316 1356 cis
2345 1312 2404 1355 ttt
2436 1303 2637 1371 ubique
2667 1302 2795 1357 facit
2823 1302 3058 1358 illudens
3099 1320 3113 1356 :
3141 1303 3308 1367 Num,
3364 1306 3560 1375 inquit,
3592 1323 3657 1360 ea:
3690 1310 3831 1361 inte-

2236 1408 2329 1462 gro
2362 1393 2551 1460 affectu
2601 1402 2650 1447 et
2708 1410 2885 1447 amore
2935 1396 3174 1449 veritatis
3229 1394 3611 1466 Hierosolymis
3659 1415 3831 1468 nuper

2239 1494 2585 1538 convenerunt
2651 1484 2872 1537 oracula
2937 1501 3127 1538 contra
3188 1487 3509 1541 Calvinistas
3546 1491 3827 1541 Itttrelt'cos

2239 1578 2435 1632 edituri
2488 1579 2512 1631 ξ)
2560 1575 2691 1641 Qua:
2721 1592 2840 1629 cum
2881 1575 3116 1646 legerim,
3172 1578 3329 1646 plane
3376 1579 3642 1648 obstupui,
3695 1580 3831 1633 dum

2241 1670 2398 1738 probe
2449 1670 2804 1723 meminissem
2855 1670 3219 1739 patriarcham
3278 1670 3829 1742 Hierosolymitannm

2242 1761 2705 1829 Constantinopoli
2732 1771 2971 1831 agentem
3006 1761 3276 1830 famitiari
3308 1778 3412 1831 quo
3451 1779 3532 1817 me
3573 1764 3831 1834 dignatus

2247 1862 2324 1907 est
2365 1853 2662 1922 colloquio,
2704 1854 2838 1907 mihi
2865 1854 3077 1907 ineunte
3110 1871 3249 1908 anno
3285 1856 3417 1910 1671
3475 1858 3528 1910 in
3577 1857 3830 1926 Angliam

2244 1946 2546 2014 prapediem
2571 1946 2806 2000 redituro
2838 1948 3057 2011 dixisse,
3090 1964 3144 2003 se
3166 1934 3441 2018 quidpiam
3495 1960 3677 2003 contra
3702 1967 3833 2019 pon-

2246 2037 2436 2102 tiﬁcios
2464 2035 2645 2092 moliri
2670 2037 2807 2105 quod
2856 2037 2968 2090 illic
3012 2045 3229 2106 cuperet
3293 2039 3572 2093 edendum.
3617 2039 3833 2096 Nomen

2244 2128 2392 2183 illius
2424 2128 2747 2195 patriarchae
2769 2137 2951 2183 tacere
2982 2144 3092 2183 non
3146 2127 3379 2184 debebat
3450 2131 3606 2186 testis
3639 2132 3835 2185 ocula-

2245 2228 2356 2285 tus,
2386 2221 2479 2275 sed
2514 2236 2658 2276 anno
2685 2220 2818 2275 1671
2855 2220 3145 2276 Nectarius
3201 2230 3320 2275 erat
3370 2232 3463 2276 aut
3514 2220 3833 2285 Dositlteus,

2245 2314 2341 2382 qui
2367 2322 2494 2382 post
2522 2312 2671 2369 illius
2726 2312 3091 2367 voluntariam
3123 2313 3538 2381 jabdicationem
3572 2312 3835 2367 Hieroso-

2246 2400 2562 2471 lymitanam
2583 2403 2769 2456 sedem
2802 2401 3124 2458 diutissime
3169 2403 3410 2458 obtinuit
3469 2419 3485 2461 :
3546 2418 3669 2457 nam
3740 2404 3834 2457 vix

2245 2504 2373 2547 ante
2407 2494 2548 2549 duos
2580 2509 2756 2551 annos
2783 2506 3033 2551 mortuus
3089 2503 3194 2550 est.
3228 2495 3334 2551 Sed
3374 2511 3567 2567 parum
3639 2495 3833 2550 refert:

2244 2601 2369 2641 nam
2397 2585 2720 2642 Nectarium
2776 2587 2986 2644 scimus
3022 2602 3161 2658 Opus
3210 2588 3480 2643 adversus
3531 2590 3833 2659 primatum

2244 2678 2404 2747 Papae
2432 2680 2767 2744 elaborasse,
2794 2679 2940 2749 quod
2988 2679 3280 2736 Dosithetts
3338 2681 3485 2736 illius
3539 2695 3837 2736 successor

2244 2786 2387 2827 anno
2412 2771 2692 2828 l6821asii
2717 2774 3097 2829 excudendum
3128 2775 3275 2845 typis
3298 2776 3534 2838 curavit,
3553 2784 3608 2829 et
3633 2774 3831 2829 Latine

2244 2868 2406 2920 vertit
2435 2866 2632 2922 Petrus
2674 2867 2933 2923 Allixius.
2960 2866 3091 2933 Quae
3140 2882 3309 2924 causa
3358 2867 3526 2937 igitur
3571 2868 3837 2935 obstupe-

2244 2960 2433 3014 scendi
2457 2958 2704 3016 Sntithco
2730 2958 2832 3014 fuit
2855 2960 2879 3012 ?
2901 2958 3103 3030 Nempe
3126 2959 3273 3029 quod
3299 2959 3346 3015 is
3374 2958 3465 3028 qui
3495 2967 3686 3013 contra
3716 2957 3833 3011 Ro-

2244 3068 2469 3107 manum
2509 3053 2829 3109 Pontificem
2863 3054 3126 3123 scriptum
3150 3062 3386 3122 pararet,
3409 3066 3556 3106 anno
3577 3052 3832 3120 sequenti

627 3120 734 3176 Sed
761 3124 896 3177 nihil
935 3125 1112 3180 simile
1135 3129 1201 3182 de
1255 3126 1542 3185 Gennadio
1585 3140 1681 3185 aut
1740 3131 1859 3200 ejus
1878 3133 2133 3201 operibus

2246 3143 2641 3216 Hierosolymis
2689 3120 3018 3209 Calvinum,
3055 3120 3314 3214 Cyrillum
3373 3142 3637 3224 Lucarin,
3666 3143 3834 3196 Clau-

551 3214 1023 3287 Constantinopoli
1054 3220 1227 3275 audiit
1285 3220 1588 3288 Smitheus,
1634 3225 1786 3291 quisi
1818 3225 1903 3279 vel
1966 3241 2131 3279 unum

550 3309 643 3377 qui
667 3309 826 3378 plane
859 3311 1178 3369 illitteratus
1199 3329 1307 3367 non
1333 3316 1550 3380 fuisset,
1610 3315 1858 3371 Graecum
1896 3319 2136 3373 interro-

548 3409 756 3470 gasset,
780 3402 1025 3459 audisset
1058 3406 1247 3473 procul
1285 3406 1455 3461 dubio
1486 3408 1634 3477 quod
1694 3422 1901 3464 omnes
1947 3410 2132 3464 sciunt

551 3492 824 3546 neminem
856 3492 1068 3549 Latinis
1103 3495 1289 3551 minus
1345 3495 1627 3552 addictum
1672 3499 1981 3568 patriarcha
2045 3499 2139 3553 illo

552 3584 744 3651 fuisse,
778 3585 1053 3641 neminem
1121 3588 1338 3659 Syrigo,
1373 3588 1656 3653 Coressio,
1679 3597 1772 3644 aut
1806 3591 1929 3645 aliis
1998 3604 2140 3660 quos

553 3686 662 3730 tam
697 3677 1059 3735 inclementer
1092 3680 1273 3737 habet.
1309 3682 1824 3754 Constantinopolin
1860 3698 1971 3737 non
2023 3692 2142 3737 erat

556 3770 949 3837 navigandum,
986 3784 1044 3827 ut
1094 3774 1361 3830 Claudius
1423 3770 1853 3832 exscriberetur.
1914 3776 1984 3829 At
2012 3789 2140 3829 cum

556 3860 690 3912 nihil
726 3861 836 3915 illic
870 3864 1142 3919 audiverit
1174 3864 1242 3920 de
1271 3866 1555 3922 Geunadio
1579 3877 1633 3923 et
1671 3868 1795 3923 aliis
1813 3883 1950 3937 quos
1971 3875 2141 3923 testes

556 3949 867 4019 producunt
891 3953 1175 4020 catholici,
1211 3955 1356 4010 unde
1388 3956 1582 4011 habuit
1606 3958 1762 4011 illum
1788 3957 1961 4013 fuisse
1979 3962 2143 4010 Λατι-

555 4044 835 4109 vappam:
874 4043 1072 4097 falsam
1101 4060 1223 4100 esse
1276 4045 1422 4102 illius
1475 4047 1757 4101 homiliam
1813 4064 1827 4100 :
1886 4047 2140 4119 Syrigutn

555 4134 735 4186 tenebt
751 4132 931 4187 iunem
956 4134 1141 4188 Ruina:
1161 4134 1483 4202 educatum,
1504 4135 1925 4191 Confessionem
1952 4138 2143 4192 ortho-

485 4213 499 4225 ’
554 4224 753 4278 doxam
797 4240 937 4294 opus
974 4211 1147 4281 fuisse
1178 4225 1463 4280 hominum
1487 4225 2059 4296 Λατινοφρονούντων,
2085 4236 2144 4301 ut

555 4316 763 4384 reliqua
799 4325 1183 4387 prmtereamus
1203 4317 1225 4370 ?
1243 4317 1355 4371 Non
1383 4318 1498 4372 haec
1520 4333 1653 4373 sane
1671 4332 1699 4372 a
1717 4318 1921 4374 Gracis
1936 4321 2145 4389 accepit

559 4403 656 4473 qui
689 4404 896 4458 dudum
930 4413 1224 4476 antequam
1288 4406 1573 4461 Smitheus
1629 4405 2142 4480 Constantinopolin

553 4500 1025 4567 proficisceretur,
1058 4513 1111 4556 et
1151 4511 1365 4572 postea,
1398 4504 1679 4558 contraria
1702 4519 1935 4575 prorsus
1962 4505 2141 4574 publi-

551 4606 617 4645 ce
650 4594 831 4648 testati
858 4602 1008 4648 sunt.
1044 4595 1156 4650 Cur
1186 4610 1352 4665 porro
1400 4597 1769 4664 patriarcham
1823 4597 2139 4668 Hierosoly—

559 4686 821 4739 tnitanum
856 4687 906 4740 in
935 4687 1197 4755 familiari
1213 4688 1479 4758 colloquio
1504 4706 1604 4760 quo
1657 4706 1798 4745 anno
1825 4690 1959 4746 1671
1985 4690 2137 4744 illum

555 4774 808 4846 dignatus
839 4786 934 4838 est,
968 4776 1122 4832 deiis
1140 4778 1399 4833 omnibus
1459 4794 1567 4833 non
1625 4778 2037 4851 interrogavit?
2086 4778 2140 4835 Is

557 4876 677 4922 crat
709 4866 998 4924 Nectarius
1024 4878 1120 4923 aut
1152 4867 1472 4935 Dositheus,
1545 4878 1783 4940 utroque
1811 4884 1970 4926 nemo
1997 4871 2142 4927 inter

557 4958 780 5015 Graecos
819 4962 1157 5017 recentiores
1195 4960 1391 5017 Latino
1427 4961 1636 5015 nomini
1672 4962 1846 5032 magis
1867 4962 2141 5019 infensus.

560 5049 677 5105 Non
702 5051 847 5105 aliud
878 5067 1024 5109 certe
1042 5054 1464 5124 respondissent
1509 5068 1676 5124 quam
1722 5053 1871 5123 quod
1922 5056 2134 5125 primus

563 5140 616 5195 in
649 5142 877 5210 epistola
910 5145 975 5199 ad
1018 5146 1258 5201 Paisium
1292 5146 1752 5208 Alexandrinum,
1785 5155 1837 5200 et
1859 5146 1911 5200 in
1962 5148 2136 5201 altera

564 5233 628 5285 ad
663 5234 965 5288 monachos
1029 5234 1295 5303 Sinaitas,
1346 5237 1465 5293 sine
1516 5237 1840 5309 ambagibus
1907 5246 2143 5293 testatus

562 5340 665 5387 ρει,
698 5340 761 5377 ex
795 5324 1016 5391 scriptis
1043 5341 1231 5381 eorum
1260 5343 1397 5398 quos
1460 5329 1758 5392 Smitheus,
1813 5337 1873 5384 ut
1906 5329 2142 5385 Latinis-

567 5430 655 5469 IIIO
710 5426 1002 5483 corruptos
1060 5417 1260 5484 rcjicit,
1315 5420 1603 5488 petendam
1672 5436 1795 5476 esse
1823 5422 2138 5478 Graecorum

568 5508 689 5562 fidei
719 5510 988 5564 sinceram
1027 5511 1448 5580 expositionem,
1509 5527 1617 5568 non
1650 5527 1711 5569 ex
1747 5513 1883 5571 falsa
1914 5514 2145 5571 Confes-

644 5716 719 5777 (ll
755 5717 792 5767 S
819 5716 926 5769 ιιτιΙι
980 5732 1029 5772 D.
1064 5716 1151 5769 99.

644 5787 720 5853 (2)
752 5786 877 5855 [’43.
910 5786 1013 5841 ῚΞΟδ
1048 5790 1131 5842 Cll.
1188 5788 1281 5843 Gr.

2168 4498 2220 4561 D

2240 3237 3249 3292 diutnanathematedamnaret:nam
3279 3235 3393 3290 haec
3448 3235 3527 3289 illi
3577 3235 3831 3289 videntur

2239 3330 2543 3383 ἀσύστατα.
2580 3330 2710 3401 lude
2738 3331 2985 3393 modeste
3029 3328 3373 3394 conticescit,
3399 3328 3493 3382 sed
3521 3328 3713 3382 aculeo
3747 3344 3831 3381 re-

2241 3424 2392 3491 licto,
2416 3439 2611 3493 nempe
2635 3432 2692 3477 ut
2722 3423 2863 3494 apud
2884 3438 2943 3479 se
2975 3423 3206 3493 quisque
3223 3422 3445 3493 colligat
3466 3430 3720 3491 suspecta
3738 3429 3834 3474 aut

2244 3516 2377 3571 falsa
2423 3530 2545 3570 esse
2577 3516 2797 3569 decreta
2847 3516 2993 3570 illius
3017 3515 3211 3585 synodi
3240 3532 3254 3569 :
3280 3515 3373 3569 sed
3401 3528 3565 3582 quam
3586 3513 3832 3567 vanailla

2242 3608 2555 3677 conjectura
2574 3607 2664 3672 sit,
2682 3623 2788 3661 non
2808 3608 2993 3663 multis
3016 3608 3198 3662 verbis
3211 3607 3495 3662 conficitur
3516 3622 3530 3659 :
3548 3621 3671 3660 nam
3694 3607 3743 3657 in
3768 3620 3835 3660 eo

2244 3698 2611 3769 ipsotractatu
2657 3697 2897 3756 Nectarii
2940 3709 3131 3753 contra
3161 3697 3323 3769 Papa:
3351 3697 3668 3767 primatum,
3691 3695 3834 3749 fellis

2245 3791 2551 3863 venenique
2570 3792 2909 3863 plenissimo,
2934 3793 3062 3848 dum
3089 3791 3353 3847 miracula
3369 3790 3617 3861 quzedam
3643 3791 3698 3844 in
3725 3788 3836 3841 Eu-

2244 3884 2508 3941 charistia
2566 3885 2707 3940 facta
2746 3885 2933 3951 refert,
2956 3884 3640 3940 transsubslantiationem
3665 3885 3832 3937 docet

2244 3976 2536 4046 perspicue
2584 3993 2602 4031 :
2634 3983 2689 4031 et
2714 3976 2947 4046 epistola
2990 3974 3474 4045 ConstantinOpoli
3506 3974 3583 4044 (ἓ)
3616 3973 3828 4041 scripta

2250 4068 2387 4124 1692
2434 4068 2850 4125 Confessionem
2891 4068 3274 4124 Orthodoxam
3305 4067 3506 4122 eximie
3546 4079 3837 4120 commen-

2248 4162 2342 4217 dat
2375 4179 2389 4216 :
2430 4161 2649 4217 tandem
2671 4162 3029 4217 tenebrionem
3051 4160 3227 4226 illum,
3251 4169 3299 4214 et
3327 4158 3535 4213 Latinis
3558 4156 3832 4210 addictum

2246 4252 2519 4308 Meletium
2552 4252 2826 4324 Syrigum,
2850 4253 3009 4324 cujus
3046 4253 3097 4308 in
3128 4267 3191 4308 ea
3218 4250 3507 4307 scribenda
3541 4251 3837 4320 prtecipure

2248 4352 2435 4413 partes
2454 4342 2688 4406 fuerant,
2709 4352 2829 4413 post
2856 4342 3046 4398 laudes
3070 4343 3207 4398 alias
3230 4352 3390 4398 vocat
3419 4342 3495 4411 (3)
3515 4356 3832 4406 prtvconem,

2248 4438 2586 4506 interpretem
2616 4447 2665 4492 et
2697 4440 2951 4491 amussim
2984 4448 3252 4492 rectorum
3317 4437 3441 4506 ﬁdei
3495 4435 3832 4507 dogmatnm,

2250 4529 2446 4599 κῆρυξ,
2474 4529 2824 4601 διερμηνεὺς,
2856 4533 2949 4584 καὶ
2983 4531 3205 4601 στάθμη
3230 4530 3342 4582 τῶν
3375 4529 3554 4599 ὀρθῶν
3608 4529 3709 4597 τῆς
3745 4529 3840 4583 πί·-

2250 4640 2422 4686 στεως
2449 4623 2759 4692 δογμάτων.
2787 4623 2891 4690 Qui
2914 4636 3019 4678 tam
3080 4625 3372 4679 infeliciter
3431 4624 3496 4677 de
3525 4622 3719 4694 Syrigo
3743 4621 3841 4690 ju-

2248 4714 2477 4780 dicavit,
2515 4730 2637 4771 eum
2658 4714 2729 4771 de
2763 4714 3047 4774 Gennadio
3077 4726 3131 4772 et
3163 4715 3284 4787 ejus
3318 4715 3545 4771 bomilia
3576 4714 3837 4770 idoneum

2244 4805 2486 4877 judicem
2518 4821 2679 4863 nemo
2703 4816 2980 4877 agnoscet.

2321 4895 2510 4968 Neque
2553 4906 2638 4953 est
2683 4897 2829 4967 quod
2877 4897 3111 4969 αὑτοψία
3152 4897 3243 4956 illa
3273 4912 3439 4969 quam
3488 4895 3732 4951 nonnulli
3765 4894 3835 4948 ad

2249 5005 2518 5046 nauseam
2570 5005 2749 5061 usque
2804 4989 3054 5061 ingerere
3102 4992 3305 5054 solent.
3356 4990 3672 5059 objiciatur.
3728 4986 3837 5042 Cui

2245 5081 2391 5137 enim
2425 5081 2777 5151 persuadebit
2810 5082 3109 5153 aliquando
3142 5081 3448 5145 Smitheus,
3487 5095 3546 5135 se
3592 5094 3713 5150 qua:
3764 5077 3837 5133 de

2246 5172 2454 5243 Cyrillo
2498 5171 2693 5228 Lucari
2743 5174 2991 5242 scripsit,
3028 5173 3501 5243 Genetantinopoli
3551 5172 3834 5237 didicisse,

2247 5270 2343 5317 aut
2372 5262 2426 5316 in
2456 5261 2700 5318 Ecclesia
2728 5260 2917 5319 Graeca
2943 5279 3066 5318 eum
3096 5274 3153 5319 ut
3176 5276 3427 5320 sanctum
3454 5272 3510 5319 et
3537 5273 3835 5333 martyrem

2250 5356 2375 5417 coli,
2396 5355 2487 5423 qui
2510 5354 2946 5409 anathematibus
2968 5355 3216 5411 confixus
3242 5364 3347 5411 est.
3374 5355 3487 5410 lmo
3502 5356 3545 5410 si
3572 5354 3673 5408 Dia
3696 5356 3803 5411 veri
3817 5384 3839 5396 -

2253 5454 2356 5510 tas,
2377 5448 2535 5515 cujus
2558 5446 3072 5501 seamantissimum
3112 5455 3363 5514 testatur,
3415 5447 3645 5516 alicujus
3688 5447 3837 5516 apud

2252 5550 2375 5591 eum
2400 5535 2553 5605 pretii
2578 5538 3341 5607 est,‘agnoscat,conjectanea
3361 5538 3508 5593 illum
3533 5536 3714 5592 omnia
3732 5552 3844 5592 sua

2324 5720 2398 5792 (5)
2431 5719 2683 5777 Confess.
2720 5721 2865 5777 orth.
2894 5722 2977 5777 ad.
3015 5721 3162 5792 Lips.
3195 5737 3246 5792 p.
3272 5722 3304 5777 6
