4176 6278
331 369 442 437 2’35

1813 380 1895 441 sc
1905 384 1947 441 u
1963 380 2155 466 [ΡΤΑ.

2180 320 2201 345 l

3511 392 3621 458 286

332 485 866 557 Constantinopolim
896 487 1109 555 tulisse,
1140 498 1193 545 et
1227 498 1286 544 ut
1315 506 1523 549 merces
1560 509 1751 563 parum
1792 511 1923 548 ren-
1955 509 1995 558 Α
2030 499 2124 553 sed
2164 496 2476 554 certissime
2509 497 2993 567 demonstramus;
3026 510 3188 573 atque
3220 502 3356 558 adeo
3390 501 3615 560 Genna-

334 578 526 633 dibiles
570 581 794 633 domum
843 582 1113 635 retulisse.
1165 580 1285 648 Quo
1334 585 1479 638 enim
1536 587 1695 641 modo
1740 586 1918 642 Grmci

336 671 530 725 falsum
578 670 716 724 illud
767 681 1003 741 systema
1032 689 1141 727 non
1191 679 1563 744 lgnorasSent,
1602 677 1744 745 quod
1774 693 1911 747 pra:-

339 770 583 830 terqnam
633 760 864 815 Claudio
908 763 962 817 in
1007 763 1193 818 Graeca
1229 765 1533 820 litteratura
1583 766 1744 835 plane
1794 766 1923 821 hos-

337 854 453 922 piti,
488 852 693 906 nemini
722 868 963 922 unquam
998 863 1219 909 venerat
1252 857 1307 910 in
1345 859 1627 912 mentem?
1660 867 1759 913 aut
1788 874 1924 927 quo.

340 944 494 998 modo
520 945 573 996 in
600 946 939 998 contrariam
970 945 1211 1003 Decretis
1235 949 1593 1018 synodalibus
1618 951 1756 1011 suis.
1782 950 1926 1005 Con-

340 1035 561 1088 fessioui
594 1036 935 1101 orthodoxae,
976 1036 1303 1106 disciplinas,
1346 1038 1625 1092 communi
1654 1039 1923 1094 doctrinae

338 1128 663 1181 senteniiam
693 1127 837 1179 intra
881 1142 1085 1197 paucos
1111 1144 1284 1184 annos
1317 1129 1625 1184 transducti
1656 1130 1917 1195 fuissent,

340 1218 555 1271 nemine
603 1219 1041 1282 contradicente,
1106 1231 1200 1273 aut
1248 1220 1763 1275 animadvertente?
1816 1221 1919 1276 Sed

339 1308 468 1362 satis
501 1306 787 1362 confutata
825 1318 954 1363 sunt
1016 1311 1130 1364 haec
1173 1312 1356 1365 omnia
1401 1312 1673 1382 paradoxa
1725 1315 1794 1367 ab
1820 1314 1921 1367 ad-

337 1406 578 1457 versario
644 1403 994 1468 doetissimo,
1056 1420 1234 1476 neque
1271 1406 1364 1459 illa
1409 1408 1634 1463 uberius
1669 1408 1918 1463 refellen-

338 1494 385 1547 di
414 1510 581 1549 causa
613 1495 720 1548 ulla
761 1494 922 1561 foret,
953 1497 1057 1551 nisi
1089 1498 1620 1554 animadverteretur
1648 1503 1915 1570 quotidie,

338 1585 469 1637 nihil
501 1595 611 1638 tam
648 1585 948 1639 absurdum
989 1596 1083 1640 aut
1107 1586 1302 1641 falsum
1327 1604 1357 1642 a
1381 1604 1654 1659 quoquam
1690 1590 1919 1658 alicujus

341 1678 581 1729 nominis
598 1676 897 1731 Calvinista
918 1676 1374 1749 aflirmariposse,
1402 1681 1547 1749 quod
1596 1697 1703 1734 non
1734 1683 1916 1735 statim

337 1768 649 1823 laudatores
674 1768 1205 1836 credulosinveniat,
1255 1787 1486 1841 moxque
1507 1775 1646 1841 apud
1686 1774 1918 1843 reliquos

337 1868 581 1915 transeat
631 1861 1036 1929 quodammodo
1056 1863 1109 1916 in
1140 1878 1250 1918 rem
1272 1864 1591 1931 judicalam.
1616 1864 1748 1919 Nam
1772 1842 1921 1919 mcu-
1957 1842 1995 1895 Β

336 1952 552 2006 decium
596 1953 726 2006 illud
768 1960 964 2019 totum,
1011 1954 1075 2007 de
1110 1954 1315 2009 Graecis
1362 1956 1494 2009 nihil
1534 1957 1712 2012 minus
1753 1973 1917 2026 quam

338 2047 536 2100 realem
576 2047 922 2115 praesentiam
973 2048 1758 2118 transsuhstantiationemque
1805 2065 1925 2103 rre-

338 2137 619 2199 dentibus,
649 2137 742 2192 sed
770 2153 889 2191 eam
926 2136 1084 2191 fidem
1125 2140 1609 2208 amplcctentibus,
1637 2155 1797 2208 quam
1822 2140 1927 2213 Cy-

340 2228 495 2283 rillus
532 2244 634 2282 sua
667 2228 1030 2285 (Zonfessione
1082 2231 1358 2299 exposuit,
1395 2247 1423 2285 a
1459 2231 1689 2305 Claudio
1725 2234 1927 2288 confla-

342 2330 453 2373 tum
501 2327 609 2382 est,
656 2320 1063 2384 dissimulante,
1107 2320 1191 2374 vel
1226 2322 1508 2391 ignorante
1539 2324 1722 2389 potius
1759 2340 1923 2393 quam

339 2415 621 2468 diversum
660 2412 799 2466 foret
830 2428 939 2465 non
972 2412 1285 2467 Grtecorum
1321 2413 1509 2477 modo,
1545 2415 1639 2469 sed
1671 2415 1929 2471 doctissi-

343 2524 554 2562 morum
598 2507 762 2560 etiam
808 2514 960 2559 extra
1005 2506 1309 2560 Romanam
1360 2508 1807 2563 communionem
1862 2510 1929 2564 de

341 2600 529 2653 eadem
564 2595 862 2666 judicium.
902 2595 1183 2651 Creditum
1226 2595 1281 2650 id
1319 2595 1488 2651 fuisse
1532 2597 1600 2651 ab
1634 2598 1929 2653 illitteratis

344 2705 405 2744 ex
446 2689 574 2758 ejus
625 2694 796 2751 secta,
835 2702 997 2741 nemo
1040 2686 1333 2741 mirabitur
1370 2705 1383 2741 :
1426 2687 1551 2757 quis
1592 2688 1930 2743 existimaret

345 2782 488 2837 enim
529 2781 680 2835 verbi
726 2779 896 2833 divini
942 2779 1256 2833 ministrum
1295 2780 1348 2833 in
1398 2794 1455 2832 re
1503 2789 1608 2834 tam
1650 2782 1792 2835 seria
1838 2791 1933 2837 aut

343 2874 635 2942 ignorasse
700 2870 843 2940 quod
884 2870 1171 2934 scriberet,
1211 2878 1306 2924 aut
1346 2870 1492 2939 quod
1532 2870 1929 2942 incompertum

344 2966 444 3019 sibi
494 2964 658 3028 foret,
690 2971 800 3015 tam
852 2968 1003 3017 certo
1034 2960 1377 3018 allirmasse?
1414 2962 1573 3018 Redit
1605 2965 1739 3018 alter
1784 2962 1933 3019 Gon-

347 3054 729 3125 stantinopoli,
753 3064 800 3109 et
827 3070 946 3124 qua:
967 3054 1232 3110 Claudius
1260 3055 1624 3110 afﬁrmaverat
1651 3057 1829 3111 oculis
1875 3072 1935 3111 se

344 3150 555 3204 vidisse
579 3156 635 3202 et
660 3149 849 3212 auditu
883 3147 1164 3216 accepisse
1196 3147 1373 3202 tribus
1401 3146 1595 3201 libellis
1617 3147 1779 3201 editis
1805 3161 1935 3200 con-

345 3252 601 3299 testatur.
664 3239 779 3296 Nos
850 3240 1107 3295 catholici
1168 3240 1604 3308 patriarcharum
1661 3239 1929 3303 omnium,

346 3334 824 3405 metropolitarum
859 3342 914 3388 et
956 3333 1192 3387 aliorum
1241 3318 1735 3386 ecclesiasticorum
1783 3329 1933 3383 testi-

347 3428 552 3484 moniis
586 3426 821 3496 publicis
848 3424 1211 3495 privatisque,
1238 3422 1392 3479 libris
1416 3422 1580 3477 editis
1608 3429 1662 3477 et
1688 3421 1930 3487 incditis,

348 3517 493 3572 fama
524 3517 769 3587 publica,
803 3514 1090 3585 disciplina
1122 3528 1244 3585 quas
1268 3513 1597 3569 obversatur
1620 3512 1792 3567 oculis
1817 3527 1933 3565 om-

348 3610 531 3672 nium,
557 3617 612 3663 et
645 3609 768 3664 aliis
790 3617 952 3663 certae
981 3605 1325 3661 auctoritatis
1347 3604 1687 3676 argumentis
1714 3602 1933 3670 muniti,

350 3702 658 3756 Smitheum
695 3717 799 3754 non
841 3699 1048 3771 vidisse
1092 3698 1178 3753 vel
1231 3696 1508 3751 audivisse
1538 3694 1935 3751 Constantino-

353 3794 485 3865 poli,
515 3809 637 3863 qnae
668 3808 946 3863 nunquam
978 3790 1224 3857 fuerunt,
1253 3804 1361 3845 non
1383 3796 1585 3843 temere
1609 3787 1936 3853 asserimus,

379 3988 552 4001 ...-

2030 588 2108 641 dii
2133 605 2295 658 quam
2325 590 2521 646 damus
2545 590 2777 646 Homilia
2802 594 3077 648 oculatum
3102 596 3366 665 ejusmodi
3398 605 3615 660 testem,

2033 687 2088 731 et
2124 682 2446 747 nasutiores,
2478 691 2539 736 ut
2570 683 2715 752 loqui
2747 694 2916 750 amat,
2951 686 3192 756 ejusdem
3227 688 3440 757 generis
3479 703 3612 742 cen-

2031 785 2187 825 sores
2217 786 2322 827 non
2360 775 2698 829 reformidat.
2759 776 2916 831 Unde
2944 766 3428 847 quantumcunque
3459 795 3612 833 com-

2028 860 2319 915 mendetur
2340 877 2461 916 cum
2486 863 2738 920 laudibus
2763 866 2881 934 ejus
2912 867 3166 938 αὑτοψία,
3201 871 3457 924 recedere
3487 884 3612 925 seno

2028 951 2133 1004 sim
2171 951 2421 1007 videmus
2454 954 2523 1008 ab
2558 955 2706 1011 illius
2737 963 3010 1012 sententia
3045 961 3238 1014 doctos
3294 959 3615 1015 Protestan-

2031 1051 2113 1097 tes
2150 1060 2163 1096 ε
2202 1054 2259 1098 ιιι
2302 1042 2633 1101 Laurentius
2676 1046 3024 1105 Normannus
3057 1050 3184 1104 fecit
3215 1051 3361 1105 circa
3387 1052 3617 1108 (,Inures«

2026 1135 2236 1188 sionem
2269 1137 2656 1203 orthodoxam,
2689 1138 2883 1196 Petrus
2912 1142 3145 1198 Allixius
3176 1143 3323 1197 circa
3346 1146 3615 1214 synodum

2024 1224 2156 1280 Jasii
2210 1227 2450 1281 habitam
2493 1244 2638 1283 anno
2672 1231 2833 1297 1642,
2880 1240 2936 1286 et
2986 1234 3261 1288 Meletium
3316 1235 3609 1304 Syrigum:

2024 1317 2337 1386 dudumque
2411 1333 2528 1372 eam
2606 1321 2958 1388 exploserunt
3015 1323 3400 1391 Marbachius,
3456 1328 3615 1380 Calo-

2022 1409 2160 1467 vins,
2181 1407 2469 1464 Felhavius
2493 1412 2822 1479 Augustam:
2837 1413 3209 1472 Confessionis
3235 1419 3491 1487 theologi,
3513 1420 3619 1471 ci:-

2022 1514 2083 1553 ca
2110 1500 2300 1570 Cyrilli
2329 1501 2741 1558 Confessionem
2762 1514 2812 1560 et
2841 1507 3077 1575 synodos
3099 1523 3186 1562 an.
3218 1509 3351 1564 1658
3375 1520 3429 1563 et
3459 1510 3614 1574 1642,

2028 1606 2056 1642 a
2082 1592 2283 1659 quibus
2315 1596 2620 1664 proscripta
2656 1605 2760 1650 est.
2799 1597 2987 1666 Neque
3026 1600 3138 1666 ipse
3171 1599 3449 1656 Smitheus
3499 1617 3613 1657 0m-
3708 1648 3714 1651 ν

2026 1682 2157 1737 nino
2201 1694 2365 1754 negat
2414 1684 2637 1741 Grmcos
2686 1688 2903 1741 tandem
2960 1689 3259 1746 hodiernos
3308 1695 3613 1761 praesentiae

2026 1774 2189 1828 realis
2244 1784 2298 1828 et
2357 1778 3004 1835 transsuhstantiationis
3040 1780 3235 1849 dogma
3271 1783 3551 1838 imbibisse
3590 1802 3604 1837 :

2026 1865 2121 1919 sed
2152 1866 2201 1919 id
2236 1864 2437 1921 factum
2475 1868 2728 1937 pessimis
2769 1868 3087 1924 Latinorum
3126 1873 3436 1936 fraudibus,
3471 1890 3609 1943 quas

2025 1970 2353 2010 arcanorum
2410 1959 2679 2013 revelator
2728 1960 2846 2016 dies
2880 1961 3119 2017 docebit.
3178 1964 3235 2018 Si
3290 1980 3615 2035 supremum

2024 2046 2227 2102 Judicii
2254 2048 2397 2104 diem
2435 2050 2711 2121 intelligit,
2746 2052 2821 2106 ita
2859 2068 2992 2107 sane
3024 2071 3039 2108 :
3077 2070 3201 2108 nam
3235 2070 3417 2110 coram
3457 2073 3615 2112 sum-

2027 2157 2118 2197 mo
2137 2140 2331 2197 Judice
2364 2145 2630 2212 patebunt
2668 2145 2892 2199 onmia:
2926 2144 2970 2198 si
3003 2145 3364 2216 longinquum
3391 2148 3617 2218 aliquod

2029 2241 2264 2301 tempus,
2295 2233 2404 2303 jam
2439 2235 2653 2302 aliquot
2682 2236 2814 2288 anni
2852 2236 2988 2303 lapsi
3014 2246 3144 2290 sunt
3170 2251 3236 2289 ex
3265 2253 3374 2304 quo
3399 2238 3617 2292 dubita-

2028 2325 2073 2379 ri
2104 2340 2213 2379 non
2242 2333 2422 2395 potest
2450 2327 2581 2395 quin
2618 2326 2792 2382 Graeci
2826 2328 2965 2380 nihil
2997 2328 3181 2382 minus
3209 2343 3373 2397 quam
3436 2331 3605 2383 Λατι-

2029 2417 2306 2484 νὸφρονες,
2355 2417 2421 2472 de
2474 2418 2664 2488 Cyrilli
2718 2417 3101 2483 Confessione,
3136 2419 3203 2473 de
3232 2419 3454 2490 synodis
3482 2436 3615 2474 con-

2032 2514 2118 2559 tra
2150 2521 2269 2561 eam
2307 2507 2539 2577 ejusque
2566 2516 2847 2561 auctorem
2901 2509 3121 2575 habitis,
3152 2510 3219 2564 de
3273 2510 3618 2566 confessione

2029 2598 2359 2661 orthodoxa,
2408 2599 2475 2651 de
2512 2597 3160 2664 transsubstantiatiane,
3195 2599 3261 2652 de
3300 2600 3611 2665 Genuadio,

2031 2687 2099 2743 de
2158 2688 2371 2761 Syrigo,
2405 2690 2471 2743 de
2498 2688 2867 2754 Coressio,'de
2898 2691 3165 2761 Gregorio
3191 2694 3622 2763 proto-synccllo

2032 2780 2153 2850 ejus
2186 2782 2479 2851 discipulo,
2501 2797 2620 2836 eam
2656 2783 2967 2851 opinionem
3004 2784 3321 2840 firmissime
3376 2794 3620 2852 teneant,

2033 2887 2197 2943 quam
2251 2874 2504 2927 oculatus
2545 2874 2636 2927 ille
2668 2874 2827 2929 testis
2858 2876 2988 2930 tutis
3040 2876 3246 2931 viribus
3293 2876 3618 2947 impugnare

2037 2978 2329 3033 aggressus
2382 2975 2486 3022 est.
2527 2966 2663 3021 Cum
2699 2968 2845 3022 enim
2874 2968 3068 3038 synodi
3107 2967 3621 3040 Hierosolymitanae

2038 3054 2255 3109 decreta
2289 3056 2403 3124 ipse
2437 3055 2729 3113 Dositheus
2766 3059 2817 3111 in
2846 3058 3112 3113 Moldavia
3171 3059 3259 3113 edi
3324 3062 3624 3124 curaverit,

2040 3145 2241 3213 quibus
2296 3147 2478 3199 omnia
2538 3149 2826 3216 perspicue
2881 3150 3257 3218 continentur,
3318 3164 3440 3220 quas
3498 3165 3623 3206 cum

2039 3236 2341 3291 Claudiana
2392 3238 2938 3309 Λατινοφρονούντων
3000 3242 3317 3297 definitione
3345 3254 3487 3297 stare
3519 3257 3626 3298 non

2041 3338 2291 3398 pes-sunt,
2344 3330 2435 3384 sed
2486 3332 2735 3386 sinceros
2786 3331 3005 3387 Graecos
3061 3348 3184 3388 esse
3240 3344 3476 3400 constat,
3531 3336 3625 3403 qui

2043 3420 2393 3490 praesentiam
2447 3423 2649 3477 realem
2684 3431 2738 3476 et
2778 3425 3450 3479 transsubstantiationem
3504 3440 3625 3479 cre-

2043 3514 2204 3575 dunt,
2242 3511 2446 3567 frustra
2471 3515 2799 3585 conjectura:
2822 3530 3013 3570 omnes
3038 3524 3168 3571 sunt
3196 3517 3285 3569 ubi
3316 3515 3489 3569 Graeci
3527 3516 3630 3582 ipsi

2042 3602 2364 3672 loquuntur.
2400 3600 2556 3655 Unde
2608 3604 2871 3673 quidquid
2926 3620 2988 3657 ex
3032 3598 3181 3657 falsa'
3217 3604 3309 3658 illa
3343 3604 3632 3673 hypothesi

2045 3704 2235 3749 contra
2257 3680 2595 3748 Gennadium
2628 3703 2682 3748 et
2711 3697 2833 3763 ejus
2866 3696 3119 3749 homilias
3147 3696 3428 3751 Smitheus
3460 3696 3633 3751 dedu-

2046 3785 2150 3851 xit,
2175 3784 2506 3843 accuratiori
2526 3787 2857 3843 refutatione
2887 3804 2996 3843 non
3025 3788 3253 3860 indiget.

948 4143 1030 4255 G
1058 4137 1645 4254 ENNADII
1729 4137 2312 4252 OPERUM
2393 4138 2992 4253 NOTITIA
3020 4218 3051 4250 .

437 4492 791 4559 Quaecunque
831 4499 860 4539 a
904 4478 1194 4539 Gennadio
1256 4476 1462 4547 scripta
1500 4475 1567 4531 ad
1615 4491 1713 4533 nos
1749 4490 1946 4546 perve-

363 4595 588 4648 nerunt,
638 4590 733 4635 aut
784 4585 912 4632 aute
975 4570 1413 4649 patriarchatum
1465 4571 1711 4638 scripsit,
1761 4568 1938 4622 autin

2050 4474 2193 4529 bene
2225 4474 2465 4538 multas,
2506 4491 2741 4545 quarum
2793 4477 3013 4531 selectae
3043 4478 3294 4547 quaedam
3340 4493 3645 4548 supersunt

2047 4568 2101 4621 in
2132 4566 2256 4621 cod.
2286 4564 2453 4635 Regio
2479 4566 2640 4630 2955,
2677 4569 2779 4621 hoc
2814 4568 2992 4631 titulo,
3042 4569 3137 4621 Ἐκ
3161 4570 3268 4621 τῶν
3313 4570 3646 4623 Ἐπιστολῶν

366 4684 487 4749 ipso
520 4675 931 4749 patriarchatu,
961 4677 1055 4723 aut
1082 4666 1334 4736 deposita
1368 4664 1636 4730 dignitate
1670 4676 1794 4716 eum
1834 4664 1931 4730 pri.

2051 4660 2328 4727 Γεωργζου
2359 4658 2452 4711 τοῦ
2478 4659 2775 4728 Σχολαρίου
2808 4658 2900 4711 τοῦ
2926 4659 3151 4730 ὕστερον
3194 4662 3503 4721 Γενναδίου.
3556 4662 3644 4715 Ea:

368 4782 528 4827 vatus
591 4769 644 4823 in
711 4762 1104 4821 monasterium
1179 4757 1366 4814 Sancti
1421 4756 1650 4812 Joannis
1690 4754 1950 4825 Baptista?

372 4879 543 4935 prope
570 4860 768 4916 Serras
798 4854 865 4909 ad
893 4853 1231 4907 Menmceum
1268 4856 1504 4903 montem
1537 4861 1596 4901 se
1622 4847 1950 4916 recepisset.

377 4954 534 5010 lluuc
572 4952 822 5008 ordinem
872 4947 991 5016 ejus
1054 4955 1283 5012 operum
1316 4941 1407 5009 qui
1444 4940 1571 4993 vitae
1612 4939 1811 4994 seriem
1860 4954 1951 4994 se-

370 5050 584 5117 quitur,
636 5044 862 5115 quidam
912 5052 1069 5093 mss.
1114 5032 1336 5090 codices
1381 5040 1805 5102 reprwsentant,
1854 5033 1948 5100 qui

375 5152 559 5197 tamen
617 5137 672 5192 id
727 5134 895 5189 habet
949 5125 1307 5189 incommodi,
1337 5124 1484 5194 quod
1517 5123 1586 5179 de
1616 5124 1805 5178 multis
1839 5140 1949 5179 non

374 5234 449 5289 ita
503 5233 698 5302 liquet,
752 5234 812 5281 ut
874 5221 1097 5294 quando
1142 5217 1346 5286 scripta
1394 5216 1503 5269 sint
1550 5222 1701 5270 certo
1744 5215 1951 5271 habere

379 5327 674 5398 possimus,
707 5334 817 5389 quo
846 5318 901 5371 in
947 5325 1147 5383 genere
1178 5319 1307 5363 sunt
1344 5308 1580 5362 homilim
1606 5308 1945 5376 complures,

381 5429 436 5476 et
476 5418 767 5473 minutiora
800 5410 1046 5482 quaedam
1092 5403 1383 5476 opuscula.
1417 5402 1522 5455 Sed
1572 5409 1756 5456 tamen
1805 5400 1954 5456 hunc

383 5514 656 5573 ordinem,
687 5507 812 5577 quia
844 5499 1188 5560 commodior
1218 5506 1323 5553 est.
1351 5509 1669 5564 sequemur.

457 5602 723 5671 Georgius
750 5596 1067 5654 Scholarius
1094 5594 1273 5647 adhuc
1294 5591 1473 5644 laicus
1501 5630 1515 5652 ,
1549 5589 1697 5644 circa
1730 5586 1960 5642 Floren-

389 5698 489 5754 tini
518 5694 735 5752 concilii
760 5706 1003 5760 tempora
1027 5687 1250 5756 scripsit
1294 5683 1585 5755 epistolas,
1620 5692 1676 5739 ut
1712 5682 1950 5751 videtur,

471 5864 546 5935 (ἱ)
579 5865 651 5920 De
685 5873 987 5928 consensu,
1012 5871 1061 5926 p.
1093 5851 1228 5939 962:

2058 4748 2315 4820 Epistolis
2348 4748 2560 4820 Georgii
2590 4749 2857 4805 Scholarii
2915 4753 3009 4821 qui
3069 4749 3374 4806 Gennadius
3408 4761 3645 4821 postmo-

2060 4844 2188 4897 dum
2219 4844 2345 4913 fuit.
2379 4845 2439 4899 ιι
2472 4844 2679 4899 nemini
2711 4844 2979 4913 inscripta
3004 4844 3103 4907 :28
3145 4843 3499 4910 Imperatoris
3529 4842 3649 4896 fra-

2059 4938 2126 4992 tri
2156 4953 2171 5003 ;
2204 4938 2267 4993 '50
2304 4952 2501 5007 magno
2531 4937 2981 5008 chartOphylaci;
3016 4938 3077 4991 4³
3113 4935 3291 4990 Marco
3324 4934 3650 5004 Lipomano,

2060 5031 2343 5086 Florentia
2380 5029 2639 5083 Venetias
2670 5029 2876 5093 missa;
2922 5029 2984 5082 5ΕΔ
3016 5029 3306 5083 Ambrosio
3335 5026 3637 5082 Camaldu-

2066 5125 2206 5181 lensi
2236 5142 2250 5190 ;
2285 5124 2357 5178 6a
2394 5123 2590 5192 Magno
2635 5123 2797 5178 duci:
2833 5122 3037 5177 ibidem
3070 5137 3290 5192 quoque
3321 5121 3553 5189 scripta,
3590 5129 3652 5176 ut

2068 5217 2311 5277 videtur,
2346 5230 2453 5267 non
2489 5230 2553 5268 ex
2589 5214 2818 5278 Grmcia,
2858 5225 2918 5269 ut
2948 5217 3264 5286 suspicatus
3294 5227 3379 5269 eet
3412 5213 3647 5268 Allatius

2059 5311 2155 5381 qui
2199 5310 2350 5363 illius
2386 5309 2633 5363 meminit
2665 5308 2766 5378 (1).
2798 5308 2991 5364 ExStat
3020 5324 3240 5380 quoque
3273 5311 3325 5361 in
3360 5307 3485 5361 cod.
3516 5305 3653 5360 Col-

2057 5404 2278 5460 bertino
2316 5401 2499 5467 4958;
2538 5402 2601 5454 ’7³ι
2667 5417 2941 5475 anonymo
2987 5403 3055 5456 de
3103 5401 3332 5471 privatis
3373 5397 3649 5467 negetiis;

2063 5496 2126 5550 8al
2159 5493 2449 5563 Philelpho
2480 5491 2853 5547 Mediolanum
2900 5488 3396 5558 Constantinopoli
3421 5486 3649 5553 scripta,

2074 5600 2134 5644 ut
2167 5588 2447 5651 existimo,
2499 5592 2554 5640 et
2613 5595 2740 5639 ante
2788 5585 3187 5655 prolectionem
3242 5581 3505 5641 Italicam,
3556 5585 3654 5630 aut

2075 5691 2200 5754 post
2232 5681 2471 5739 reditum
2505 5696 2519 5747 ;
2550 5694 2675 5735 nam
2704 5679 2759 5735 in
2796 5695 2859 5735 ea
2888 5678 3040 5734 dolet
3073 5676 3213 5746 eripi
3247 5674 3351 5730 sibi
3384 5689 3480 5746 per
3511 5680 3655 5729 stre.
