4176 6278
344 400 451 464 ’293

1778 401 2121 463 SCRIPTA.

3502 402 3605 464 295

358 516 686 571 l‘ossevinus
718 517 991 586 Apparatu
1026 537 1177 575 sacro
1208 540 1220 575 :
1258 536 1569 592 quanquam
1614 521 1749 576 falso
1806 535 1929 577 sus-
1961 528 2001 585 Α
2036 517 2446 591 processionem
2480 516 2720 586 Spiritus
2739 520 2914 574 sancti
2945 534 2973 572 ιι
3011 518 3170 574 Patre
3196 528 3250 574 et
3278 519 3415 573 Filio
3446 523 3605 584 perii.

359 619 566 681 picatur
586 626 617 663 a
648 609 876 678 Cra-cis,
911 612 1189 669 subtracta
1215 615 1462 685 quedam
1488 613 1657 669 tuisse
1710 628 1831 685 quae
1863 612 1930 667 ad

357 788 481 825 vero
510 771 649 827 illud
676 773 853 840 ipsum
887 772 1208 842 mysterium
1236 772 1566 841 imaginibus
1595 779 1649 826 et
1679 772 1933 829 similitu-

357 843 574 896 dinibus
616 843 914 905 illustrare,
960 850 1226 910 quantum
1263 843 1457 911 possit,
1488 847 1689 898 studet.
1719 843 1831 898 Nec
1875 845 1929 897 in

360 920 540 965 harum
564 912 779 965 delectu
809 926 837 963 a
869 913 1143 967 veteribus
1169 912 1416 968 dissidet.
1452 914 1596 968 Solis
1623 921 1770 967 certe
1796 915 1931 967 ima-

358 984 535 1054 ginem
560 982 693 1049 (col.
721 982 847 1054 ᾗῇ)
871 982 1189 1054 invenimus
1216 984 1358 1054 apud
1384 985 1717 1051 Athenagor.
1747 984 1928 1054 Legat.

314 1053 426 1115 οΧ,
458 1054 572 1119 qui,
611 1053 792 1121 qualis
836 1053 907 1107 sit
968 1052 1218 1117 spiritus,
1274 1053 1576 1109 lectoribus
1624 1052 1927 1107 voluit'ita

354 1125 557 1177 clarius
620 1123 871 1176 reddere.
926 1122 1224 1177 Platonicis
1268 1122 1541 1185 formulis,
1597 1125 1926 1192 quibuscum

356 1196 509 1247 locus
537 1192 552 1244 1
580 1192 788 1247 Joaiin.
848 1192 935 1256 IV,
1008 1193 1095 1256 l6,
1132 1193 1617 1257 commiscehatur,
1666 1195 1926 1248 innititur

355 1264 445 1319 illa
476 1264 834 1332 mysticorum
886 1263 1062 1331 magis
1092 1278 1254 1331 quam
1292 1260 1750 1319 scholasticorum
1799 1282 1925 1332 pro—

355 1337 471 1403 pria
500 1324 793 1387 Trinitatis
820 1324 1135 1399 explic'atio',
1163 1348 1268 1403 qua
1320 1344 1430 1389 tres
1496 1349 1741 1400 personae
1802 1324 1928 1389 esse

352 1405 680 1477 dicebantur
708 1403 871 1466 Deus,
913 1403 1205 1477 Sapientia,
1244 1408 1426 1477 Amor.
1470 1403 1619 1477 lianc
1682 1405 1926 1477 mysterii

354 1474 665 1531 absconditi
693 1475 1095 1540 expositionem
1119 1476 1359 1543 legimus
1392 1476 1443 1526 in
1474 1474 1753 1529 Gennadii'
1779 1474 1927 1529 conf.

354 1546 422 1610 ll,
461 1562 513 1613 p.
546 1545 825 1614 lSJpsam
865 1559 991 1599 vero
1020 1544 1252 1599 duarum
1290 1545 1343 1597 in
1369 1544 1589 1598 Christo
1608 1552 1926 1599 naturarum

352 1631 661 1683 earumque
687 1615 1074 1668 distinctarum
1108 1624 1163 1669 et
1198 1614 1323 1667 καθ’
1350 1614 1652 1667 ὑπόστασιν
1710 1626 1919 1669 tantum

352 1695 409 1738 et
448 1684 820 1753 προσωπικῶς
855 1684 1469 1752 unitarum,nonigitur
1500 1686 1916 1739 commistarum

353 1765 409 1807 et
436 1755 815 1818 ronfusarnni,
836 1753 1101 1825 rationem
1134 1756 1375 1807 illustrat
1405 1754 1654 1823 exemplo
1681 1756 1924 1825 antiqui-

356 1840 451 1881 lus
497 1827 609 1893 jam
656 1825 923 1885 adhibito,
960 1824 1106 1891 quod
1165 1827 1232 1880 de
1256 1825 1495 1878 hominis
1527 1839 1590 1878 ex
1648 1824 1829 1878 anima
1868 1829 1922 1881 et

352 1911 589 1964 corpore
618 1894 908 1963 compositi
933 1902 1124 1947 natura
1159 1894 1404 1964 sumpsit
1427 1894 1554 1964 (col.
1600 1896 1751 1950 542i.
1780 1895 1921 1951 Idem

353 1963 469 2021 non
488 1968 663 2022 solum
682 1975 764 2018 est
798 1965 849 2018 in
874 1964 1165 2031 Augustini
1190 1963 1442 2031 plurimis
1468 1963 1621 2029 locis,
1645 1966 1735 2019 sed
1762 1968 1924 2020 etiam

352 2039 500 2103 apud
552 2038 693 2090 alios
725 2036 816 2103 qui
868 2033 1320 2103 philosophorum
1356 2033 1762 2103 Platonicorum
1793 2037 1927 2090 doc-

351 2102 554 2162 trinam
590 2114 646 2161 et
700 2102 917 2159 dicendi
980 2102 1245 2158 rationein
1298 2102 1364 2155 ad
1423 2120 1509 2159 res
1585 2105 1924 2161 Christianas

350 2178 699 2232 enarrandas
722 2174 1231 2229 accommodarent.
1288 2172 1402 2244 Cir.
1440 2174 1627 2244 Cyrilli
1666 2176 1834 2229 altera
1858 2178 1926 2230 ad

353 2248 517 2303 Suec.
557 2247 737 2315 epist.,
771 2244 929 2315 Opp.
952 2246 1011 2307 V,
1039 2244 1095 2306 2,
1136 2246 1259 2299 H3.
1295 2243 1625 2315 liuicaﬂine
1651 2254 1733 2298 est
1769 2247 1923 2314 illud,

350 2318 528 2385 quod,
564 2313 658 2384 qui
713 2313 1234 2385 liuie’similitudini
1288 2313 1492 2385 aliquid
1544 2318 1803 2369 momenti
1863 2313 1926 2371 ac

350 2383 620 2457 ponderis
671 2384 1302 2457 inesse_arbitrarentur,
1346 2383 1451 2457 Ausi
1485 2396 1631 2457 sunt,
1665 2385 1923 2449 formula,

350 2453 486 2525 qua,
517 2471 627 2524 qno
660 2464 822 2524 pacto
857 2453 1094 2507 humana
1123 2455 1492 2523 naturajuxta
1526 2456 1766 2510 divinam
1804 2473 1926 2512 esse

352 2524 651 2594 potuisset,
701 2524 979 2593 explicare
1008 2537 1129 2579 sese
1159 2540 1319 2592 posse
1381 2525 1764 2594 opinarentur,
1825 2529 1925 2581 hac

355 2596 648 2657 nimirum,
672 2610 795 2663 quae
838 2594 1037 2647 ibidem
1064 2595 1203 2662 apud
1231 2595 1576 2649 Geuua.lium
1610 2605 1696 2650 est
1726 2606 1829 2649 art.
1865 2598 1920 2658 7,

348 2668 460 2727 τὴν
495 2663 1143 2735 ἁνθρωπείανίςρύσινίὲν
1186 2665 1336 2735 αὑτῷ
1383 2666 1461 2735 τῷ
1508 2666 1925 2735 προσληφοῆναι

353 2732 649 2806 συστῆναι,
680 2737 834 2806 quod
857 2732 995 2806 idem
1034 2734 1202 2806 plane
1238 2732 1319 2790 est
1350 2732 1494 2805 quod
1539 2732 1603 2790 ex
1647 2732 1925 2806 veteribus

350 2804 729 2877 Alexandrina
784 2804 1131 2877 philosophia
1168 2804 1416 2877 ‘imbutis
1475 2806 1614 2859 dixit
1646 2804 1922 2877 Hippolyt.

349 2887 531 2930 contr.
559 2875 738 2947 Nget.,
768 2875 854 2947 15,
878 2876 938 2927 ἐν
964 2872 1229 2947 λόγῳῇςὴγ
1256 2876 1516 2930 σύστασιν
1556 2877 1667 2945 ἔχει
1764 2872 1922 2947 σὰρξ,

349 2958 407 3000 et
434 2945 578 3015 quod
605 2945 988 3015 Bellarininus,
1008 2943 1193 3015 multis
1213 2945 1515 3015 interjectis
1549 2943 1765 3001 saéculis
1792 2943 1922 3002 con-

352 3012 558 3077 Icndit,
584 3015 658 3070 De
691 3014 924 3079 Christo,
972 3028 1055 3076 iit,
1090 3013 1154 3066 ΓΙ
1182 3030 1195 3067 :
1228 3012 1461 3070 Verbum
1499 3025 1767 3070 sustentat
1822 3018 1925 3072 liu-

353 3089 704 3141 iiianiiatem.
746 3083 991 3155 Humana
1025 3092 1220 3137 natura
1244 3100 1309 3139 eo
1341 3087 1646 3155 ipso,quod
1688 3089 1922 3143 adivina

349 3165 641 3223 assumpta
671 3164 776 3215 est,
809 3154 1066 3215 substitit,
1119 3154 1440 3209 subsisteiidi
1479 3156 1708 3222 facultas
1739 3158 1925 3212 huma-

350 3230 519 3281 m‘tuti
549 3243 579 3277 a
602 3225 784 3278 divina
821 3223 993 3277 altera
1023 3240 1263 3292 persona:
1296 3237 1449 3294 parte
1478 3228 1649 3281 indita
1679 3238 1778 3284 est.
1847 3230 1925 3287 Ne

351 3312 490 3352 vero
513 3295 716 3352 Christi
748 3294 1005 3349 divinitas
1033 3296 1513 3351 liuinanaanatura:
1563 3298 1784 3352 astricta
1806 3314 1925 3354 arc-

349 3370 523 3431 tiore,
556 3381 734 3435 quam
754 3379 851 3435 par
878 3376 1016 3435 erat,
1049 3367 1169 3419 loco
1192 3368 1576 3421 circumscribi
1624 3368 1902 3424 videretur

347 3423 656 3506 vindica-vit
690 3423 903 3506 ei7'(col_.
934 3423 1060 3506 διδ)
1084 3435 1192 3506 Dei
1233 3438 1512 3506 virtutem,
1549 3453 1657 3506 qua
1689 3423 1924 3506 veteres:

348 3506 529 3562 veluti
553 3502 801 3573 Theoph‘.
830 3504 898 3578 ad
931 3504 1112 3578 Autol.
1142 3502 1207 3569 ll,
1248 3507 1282 3560 5
1312 3522 1327 3571 ;
1376 3505 1527 3578 Orig,
1555 3502 1618 3561 de
1646 3511 1812 3576 princ.
1859 3502 1922 3578 ll,

352 3579 451 3640 15,
480 3579 646 3631 Deum
703 3575 911 3628 mundo
972 3576 1133 3644 longe
1181 3575 1542 3644 superiorem.
1599 3575 1654 3632 ei
1704 3575 1927 3638 minime

347 3648 517 3717 quasi
546 3646 887 3717 implicatum
905 3660 1047 3707 esse,
1075 3659 1413 3701 conarentur
1435 3659 1745 3703 monstrare
1770 3652 1925 3714 ;dico

349 3714 438 3778 iit,
467 3714 789 3791 quod’apud
839 3714 1124 3791 Origenem
1176 3720 1380 3791 passim
1411 3729 1495 3791 e_st
1564 3719 1921 3791 rb__&1reipav,

347 3789 797 3857 ἀπερίγρσπτον.
829 3786 1221 3857 ᾲπεριληπτςον.
1254 3786 1400 3841 Dixit
1424 3786 1743 3842 Gennadius
1771 3786 1925 3856 υἱοί-ὲ

347 3855 769 3912 ειιςυιιιιθιιιθ
812 3855 1032 3925 illorum
1095 3856 1544 3925 philosophorum
1589 3866 1694 3910 art.
1765 3855 1920 3917 Vlll:

356 3927 654 3999 ὈνΛόγος
711 3925 834 3999 “BOD”
863 3923 1001 3976 Θεοῦ
1059 3928 1205 3976 ἐστιν
1250 3923 1499 3999 ἄτέειρος,
1562 3926 1751 3999 ὥσπερ
1833 3932 1924 3983 καὶ

347 3998 494 4059 Θεός
573 4001 723 4048 ἐστιν
804 3996 1053 4063 ἄπειρος,
1118 3996 1478 4066 contendens,
1542 3996 1924 4066 liunc'Adyov

348 4078 413 4125 et
493 4072 545 4121 in
630 4066 851 4120 Christo
921 4064 1187 4133 (homine)
1242 4081 1385 4130 esse,
1467 4078 1521 4123 et
1614 4072 1667 4122 in
1721 4064 1924 4125 mundo

347 4148 412 4194 et
476 4139 528 4189 in
601 4137 752 4209 coelo
801 4145 855 4189 et
918 4136 972 4189 in
1016 4134 1127 4188 Deo
1168 4136 1328 4209 l’atre
1378 4154 1392 4202 ;
1447 4140 1647 4208 Quippe
1704 4143 1796 4209 qui
1856 4156 1922 4196 ex

349 4208 678 4279 eorumdem
701 4207 916 4259 illorum
947 4206 1218 4260 sententia
1245 4206 1523 4277 nunquam
1546 4206 1559 4208 ἡ
1578 4206 1701 4263 esse
1720 4206 1735 4209 “
1755 4228 1881 4279 poss
1905 4222 1925 4267 t

350 4280 573 4344 ἄλογος.
604 4278 790 4330 Dicere
814 4285 993 4329 autem
1029 4291 1194 4350 ausus
1222 4286 1322 4340 est,
1357 4281 1530 4350 Λόγογ
1558 4280 1609 4332 in
1651 4278 1764 4336 Deo
1803 4283 1923 4350 ipso

349 4365 483 4405 esse
514 4359 565 4400 et
594 4357 771 4399 tamen
810 4364 905 4417 per
942 4362 1001 4399 se
1043 4347 1454 4417 subsistentem.
1497 4348 1740 4404 Priscum
1777 4347 1922 4406 enim

350 4418 689 4489 sententiam
720 4416 843 4489 ante
866 4418 975 4486 jam
996 4418 1129 4489 (col:
1152 4416 1277 4487 542)
1296 4419 1576 4487 professus
1602 4420 1699 4472 fuit
1721 4432 1926 4489 :quod-

351 4488 677 4561 cuiiquesit
710 4489 761 4540 in
784 4487 893 4542 Deo
929 4498 1067 4541 etex
1100 4486 1230 4551 Deo,
1261 4486 1313 4541 id
1354 4504 1451 4561 sua
1485 4500 1679 4543 natura
1717 4486 1920 4561 (Crusii

353 4574 556 4613 rursus
583 4560 870 4613 lectionem
902 4567 1126 4612 secutus
1159 4560 1306 4626 sum)
1350 4559 1517 4612 Deum
1564 4559 1741 4627 ipsum
1777 4577 1918 4627 esse,

354 4647 468 4684 non
523 4630 594 4680 ita
625 4627 821 4682 divina:
884 4637 1093 4682 natura:
1129 4609 1302 4697 quasi,
1334 4609 1661 4693 involutuin,
1700 4639 1759 4684 ut
1814 4609 1921 4686 trod
1956 4609 2002 4667 Ῑ)

353 4716 478 4755 suis
537 4699 742 4753 viribus
794 4700 1059 4762 exsistat;
1102 4700 1157 4752 in
1205 4702 1312 4753 Deo
1338 4700 1483 4751 enim
1544 4701 1749 4753 nullum
1806 4718 1926 4757 esse

355 4770 732 4839 συμϐεϐηκός,
788 4771 931 4823 unde
968 4772 1142 4839 Λόγᾳν
1191 4786 1302 4823 non
1352 4771 1530 4839 solum
1586 4780 1779 4823 natura
1840 4775 1923 4825 sui

354 4838 692 4909 compotem,
725 4842 818 4895 sed
877 4843 1038 4893 etiam
1100 4838 1265 4892 Deum
1324 4854 1463 4892 esse.
1510 4838 1625 4891 Dixi
1687 4842 1923 4909 priscam

358 4913 505 4964 hanc
544 4927 665 4965 esse
696 4914 1221 4981 argumentationem
1261 4918 1313 4963 et
1382 4911 1746 4978 pliilosoiiliiie
1779 4929 1924 4981 spe-

357 4985 501 5053 cii-ui
536 4995 643 5049 pra:
672 4997 729 5035 se
757 4978 939 5053 terre._
966 4978 1158 5053 Iisdem
1203 4982 1348 5033 enim
1401 4981 1707 5053 rationibus
1750 4980 1922 5053 rGi-eg.

357 5050 497 5103 Νη.
528 5060 670 5104 urat.
720 5066 850 5105 xxxi
911 5051 1194 5103 declarare
1237 5061 1464 5104 conatus
1500 5058 1603 5112 est,
1665 5050 1924 5120 Spiritum

358 5124 720 5190 essein-betam,
756 5137 861 5175 non
904 5121 1272 5190 συμὸεὸηκός,
1308 5121 1567 5188 deinceps
1590 5122 1754 5173 Deum
1784 5137 1924 5175 esse.

358 5221 430 5233 -ο
464 5189 645 5260 Viguit
679 5194 984 5259 antiquitus
1011 5200 1076 5243 de
1115 5190 1474 5259 inSpiratione
1513 5190 1615 5243 etsi
1678 5206 1787 5245 non
1838 5206 1929 5244 ac-

362 5273 611 5315 curatius
643 5264 869 5316 detiiiita
902 5266 1015 5313 liaac
1046 5270 1192 5314 certe
1240 5263 1448 5329 opinio,
1505 5275 1635 5323 non,
1691 5271 1747 5313 ut
1783 5262 1930 5314 vitle-

366 5343 475 5396 tur,
515 5336 652 5400 apud
685 5349 897 5397 omnes,
935 5331 1031 5384 sed
1059 5332 1201 5399 apud
1239 5332 1566 5383 eruditiores
1626 5346 1689 5383 at:
1722 5331 1929 5384 libera-

365 5408 567 5456 liuit-s:
603 5408 774 5457 luisse
830 5418 937 5455 non
989 5415 1181 5455 omnes
1211 5416 1397 5455 sacros
1448 5409 1701 5454 auctores
1737 5402 1927 5454 eodem

360 5475 551 5525 divino
577 5474 757 5526 amatu
790 5473 1067 5543 dignatos,
1103 5473 1241 5527 alios
1273 5474 1457 5540 potius
1473 5471 1596 5543 aliis
1615 5474 1929 5538 superiores

364 5550 447 5597 vel
476 5550 708 5613 Ιειιειυιύ
738 5550 818 5598 vel
861 5542 1065 5598 diutius
1106 5545 1340 5596 durante
1374 5542 1725 5596 revelationis
1775 5543 1930 5595 bene-

440 5703 1166 5776 (l)Bauuigarteu-Crusius,
1189 5704 1366 5757 Tlieol.
1392 5702 1544 5769 bibl.,
1580 5718 1634 5773 p.
1657 5702 1759 5771 35;
1792 5701 1934 5758 Hist.

362 5774 576 5844 Dogrri.,
618 5776 682 5836 Il,
710 5774 767 5844 υ,
792 5777 918 5838 982,
954 5792 1006 5834 tl.
1046 5779 1096 5828 2.

437 5858 511 5913 ιε)
538 5848 763 5913 lusum,
793 5848 934 5900 Diut.
976 5864 1016 5899 ε.
1058 5846 1275 5915 Τνυρίιι,
1313 5847 1400 5901 30.

1954 3268 1997 3326 C

2038 622 2251 669 tierent.
2287 610 2345 665 ιι]
2382 610 2528 666 enim
2561 626 2666 666 non
2699 626 2766 667 ex
2799 614 3095 670 collatione
3137 630 3270 671 mss.
3331 615 3607 685 codicum,

2040 773 2182 828 licio.
2211 774 2336 827 Hoc
2356 787 2502 831 certe
2522 775 2782 845 Origenes
2828 774 3027 841 smpius
3064 772 3244 845 fassus
3268 782 3385 840 est;
3434 777 3603 832 diser.

2034 846 2105 898 tis
2127 846 2306 915 verbis
2337 845 2389 897 in
2422 842 2695 899 homilfin
2728 842 2950 896 Numer.
2994 859 3103 897 xvi.
3141 844 3174 897 8
3204 860 3217 895 :
3254 846 3450 913 Aliqua
3478 852 3605 915 qui-

2032 915 2155 969 dem
2198 914 2456 969 Dominus
2489 915 2709 969 locutus
2760 923 2867 983 est.
2903 922 2958 966 et
3018 928 3126 967 non
3167 917 3468 983 prophetw;
3499 914 3604 976 alia

2035 1000 2164 1038 vero
2192 985 2456 1052 prop/reue
2482 992 2537 1039 et
2588 1001 2697 1039 non
2741 982 3021 1037 Dominus.
3060 983 3182 1038 Pari
3219 982 3381 1041 modo
3437 993 3603 1045 etiam

2032 1054 2348 1109 Gennadius
2387 1059 2525 1109 hanc
2581 1056 2681 1110 sibi
2718 1054 2872 1108 tinxit
2898 1057 3261 1125 sententiam,
3316 1060 3607 1125 pronheta-

2032 1140 2173 1185 rum,
2210 1141 2313 1191 qua
2368 1128 2447 1180 usi
2505 1134 2708 1187 essent,
2765 1124 3178 1191 inspirationem
3218 1135 3270 1179 et
3318 1124 3603 1185 exiliorem

2032 1194 2202 1247 fuisse
2224 1204 2273 1248 et
2306 1197 2689 1262 interruptam.
2732 1194 2842 1246 Hoc
2884 1202 3047 1265 certe
3098 1195 3265 1249 latere
3330 1208 3461 1265 puto
3498 1202 3604 1256 illis

2031 1266 2233 1325 veritis,
2256 1281 2375 1333 quae
2403 1276 2531 1319 sunt
2562 1266 2690 1333 (col.
2714 1265 2816 1318 546
2838 1263 2901 1332 A)
2929 1264 3056 1317 :Dci
3092 1263 3466 1322 benevolentia
3493 1288 3605 1323 nia-

2031 1339 2112 1399 gis
2136 1339 2363 1387 adaucta
2395 1345 2477 1388 est
2500 1353 2563 1389 ex
2588 1351 2672 1396 eo,
2690 1336 2832 1399 quod
2858 1335 2972 1402 ipSe
2999 1333 3140 1389 Deus
3165 1341 3249 1402 (ex
3273 1336 3450 1391 Crusii
3470 1342 3600 1395 edit.

2034 1407 2150 1473 Ipse
2187 1404 2355 1473 Lagus
2382 1408 2588 1459 divinus
2606 1415 2655 1459 et
2703 1404 2865 1470 Deus)
2903 1421 3027 1458 cum
3063 1406 3213 1459 omni
3254 1422 3351 1461 sua
3400 1411 3604 1463 virtute

2030 1479 2083 1531 in
2117 1476 2590 1543 Jesunipervenit,
2639 1490 2799 1544 quam
2837 1474 2983 1542 quod
3041 1475 3287 1543 ἔπεμπεν
3344 1480 3422 1541 εἰς
3474 1482 3605 1543 τοὺς

2031 1548 2320 1615 προφήτας
2362 1547 2526 1600 αὑτοῦ
2584 1546 2713 1613 μίαν
2743 1544 2951 1614 χάρινῆ
2988 1544 3140 1615 ίδύο,
3180 1548 3275 1598 καὶ
3325 1549 3404 1610 εἰς
3443 1550 3604 1603 ἄλλον

2030 1614 2131 1684 μὲν
2164 1617 2453 1683 προφήτην
2491 1617 2772 1677 ἐλάττονα,
2806 1616 2885 1675 εἰς
2916 1614 3076 1667 allow
3120 1615 3176 1667 δὲ
3211 1615 3453 1683 μείζονα.
3484 1617 3601 1673 Νοη

2030 1686 2195 1755 igitur
2227 1687 2406 1756 omnis
2438 1686 2825 1754 prophetarum
2869 1684 3160 1756 multitudo
3211 1685 3400 1756 eadem
3435 1689 3605 1756 inspi-

2027 1753 2243 1810 ratione
2270 1753 2453 1819 adjuta
2494 1766 2598 1815 est,
2639 1756 2836 1809 nedum
2879 1754 2989 1813 illa,
3051 1770 3173 1823 qua:
3212 1755 3265 1807 in
3314 1753 3443 1811 Jesu
3477 1753 3600 1824 fuit,

2012 1834 2317 1895 postquam
2354 1826 2500 1881 Deus
2523 1828 2637 1895 ipse
2674 1826 2901 1894 ejusque
2930 1824 3104 1889 Λόγος
3154 1827 3203 1880 ei
3239 1826 3601 1894 inhabitavit;

2028 1896 2121 1951 sed
2152 1894 2316 1950 modo
2340 1894 2565 1966 majore,
2601 1900 2766 1949 modo
2791 1898 3025 1957 minore,
3050 1895 3239 1966 utique
3288 1912 3384 1966 pro
3412 1914 3601 1951 eorum

2029 1966 2316 2031 dignitate.
2345 1964 2455 2021 Nec
2477 1968 2555 2020 eis
2589 1967 2750 2020 inruit
2778 1966 2974 2030 Λόγος,
3008 1964 3103 2017 sed
3132 1964 3315 2033 χάριέ,
3370 1968 3420 2019 id
3453 1970 3599 2034 quod

2027 2037 2189 2090 etiam
2252 2036 2317 2088 de
2375 2046 2703 2091 cunctorum
2769 2035 3103 2097 scriptorum
3190 2046 3382 2088 natura
3461 2038 3605 2092 dixit

2028 2114 2139 2162 art.
2163 2104 2497 2172 14.-Λόγος
2532 2121 2660 2161 vero
2688 2120 2786 2159 cur
2817 2120 2939 2160 cum
2971 2104 3193 2175 homine
3213 2104 3340 2158 Jesu
3382 2111 3606 2175 COpula.

2028 2184 2183 2230 retur
2240 2178 2566 2242 oportuerit.
2602 2176 2743 2247 bene
2802 2175 3052 2242 exposuit
3106 2172 3599 2247 Gennadiiistiol.

2030 2247 2179 2316 339),
2220 2262 2318 2301 nec
2374 2247 2475 2299 hoc
2509 2248 2561 2300 in
2600 2246 2716 2299 loco
2768 2260 2795 2297 a
2849 2247 3151 2316 priscorum
3210 2246 3603 2314 philosophan-

2028 2314 2165 2372 tium
2194 2318 2570 2380 theologorum
2601 2318 2891 2370 alienatus.
2925 2314 3098 2368 Totus
3146 2318 3291 2369 enim
3329 2327 3598 2373 terrarum

2027 2387 2179 2442 orbis
2215 2388 2527 2441 divinarum
2568 2389 2738 2456 legum
2769 2384 2972 2440 oblitus
3004 2394 3199 2454 praeter
3224 2385 3440 2440 Juda'os
3465 2391 3602 2442 mul-

2029 2466 2210 2530 torum
2237 2458 2488 2530 deorum,
2522 2462 2612 2523 qui
2642 2457 2928 2530 _nor_i_veri
2976 2466 3168 2530 esSf'nt
3191 2456 3287 2530 ριίΔ
3333 2457 3468 2530 (050i.
3528 2460 3604 2530 μὴ

2027 2529 2179 2590 ὄντες
2228 2526 2428 2597 (ibid.),
2485 2528 2653 2581 cultui
2696 2526 2951 2581 addictus
3014 2524 3133 2597 fuit.
3165 2524 3376 2597 iVoiuit
3434 2524 3603 2597 igitur

2031 2597 2175 2652 Deus
2213 2596 2523 2651 ἀνάπλαπιν
2554 2597 2662 2649 τῶν
2712 2597 3018 2666 ἀνθρώπων
3060 2596 3175 2648 ﬁeri
3218 2612 3313 2660 per
3361 2596 3598 2652 Verbum

2026 2675 2082 2721 et
2105 2666 2397 2737 Spiritum,
2441 2676 2495 2721 et
2527 2668 2598 2720 ob
2631 2667 2769 2721 lianc
2826 2666 3174 2737 potissimum
3211 2682 3399 2719 novam
3448 2685 3602 2722 rrec-

2030 2735 2225 2790 tiouem
2264 2767 2334 2775 —
2361 2754 2484 2806 quae
2518 2752 2708 2791 rursus
2754 2752 2817 2790 ex
2870 2735 3275 2806 Platonicorum
3332 2742 3601 2792 sententia

2027 2807 2169 2861 dicta
2198 2816 2283 2861 est
2314 2805 2658 2861 -divinitas
2699 2808 2938 2874 suscepit
2978 2805 3268 2859 humanam
3325 2814 3600 2863 naturam.

2029 2875 2120 2931 Sic
2152 2878 2369 2945 quidem
2412 2878 2623 2944 paravit
2671 2877 2813 2931 Deus
2873 2876 2941 2931 ob
2971 2876 3141 2931 solam
3177 2892 3331 2929 suam
3389 2878 3604 2932 miseri-

2028 2948 2272 3001 cordiam
2315 2955 2637 3001 convertere
2677 2948 2923 3002 lioiuines
2948 2957 3001 3000 et
3080 2945 3313 3001 liberare
3346 2948 3451 2999 ἀπὸ
3506 2949 3604 3017 τῆς

2028 3018 2236 3089 πλάνης
2270 3019 2380 3071 τῶν
2408 3018 2701 3087 δαιμόνων.
2741 3017 2914 3083 Quam
2962 3023 3129 3069 totatn
3157 3018 3499 3089 opinioneiir
3537 3034 3603 3071 ex

2027 3085 2430 3143 Platonicorum
2461 3085 2685 3159 scriptis
2719 3098 2999 3142 mutuatus
3030 3093 3135 3159 est.
3184 3085 3246 3138 Hi
3272 3086 3424 3159 enim
3470 3087 3602 3142 deos

2029 3159 2327 3213 alienarum
2359 3156 2600 3227 gentium
2654 3162 2869 3213 deorum
2923 3158 3142 3211 nomine
3195 3156 3448 3225 indignos
3508 3160 3603 3211 lin-

2035 3228 2298 3293 buerunt,
2340 3230 2432 3283 sed
2459 3232 2735 3282 daemones
2786 3228 3076 3292 vocabant,
3117 3242 3350 3294 quorum
3411 3232 3602 3281 Irauile

2032 3297 2236 3367 factum
2270 3299 2362 3358 sit,
2398 3309 2454 3352 ut
2502 3313 2643 3350 unus
2685 3297 2826 3353 Deus
2858 3298 3241 3367 negligerctur,
3284 3297 3445 3364 inque
3475 3314 3599 3351 eum

2030 3366 2201 3422 ollicia
2230 3368 2586 3428 violarentur,
2621 3366 2945 3421 utilem-um
2968 3368 3187 3419 nomina
3243 3368 3458 3419 inventa
3516 3385 3604 3422 es-

2031 3448 2154 3492 sent
2184 3437 2513 3504 fabulaeque,
2566 3451 2800 3505 quarum
2839 3438 3109 3490 suavitate
3176 3438 3356 3489 omnis
3399 3440 3602 3492 veritas

2032 3507 2246 3561 sublata
2288 3519 2453 3573 esset,
2505 3507 2825 3575 excogitatae
2868 3519 3035 3576 atque
3080 3506 3133 3558 in
3182 3506 3378 3573 vulgus
3435 3508 3599 3560 dissi-

2031 3589 2167 3646 pata:
2192 3578 2291 3647 Η).
2326 3578 2479 3643 Quod
2513 3578 2817 3647 animarum
2851 3588 2972 3645 post
3018 3584 3481 3647 niorteurstatum
3517 3586 3601 3629 at-

2030 3644 2185 3710 tinet,
2216 3644 2279 3700 ex
2313 3650 2506 3715 prisca:
2539 3646 2797 3699 Ecclesiae
2822 3644 3225 3700 consuetudine
3252 3644 3465 3697 illarum
3496 3647 3599 3697 ini-

2031 3718 2412 3770 mortalitatem
2455 3731 2579 3770 cum
2627 3730 2917 3783 corporum
2974 3715 3395 3768 restiscilatione
3450 3728 3601 3770 arcte

2030 3787 2359 3855 composuit,
2385 3800 2611 3854 corpora
2648 3782 2960 3839 sanctorum
2992 3785 3293 3855 secundum
3347 3782 3593 3838 Platoni-

2028 3871 2120 3911 cas
2158 3852 2419 3910 formulas
2443 3852 2715 3924 ἄφθαρτα,
2747 3856 3001 3923 φωτεινὰ,
3029 3853 3239 3923 ἐλαφρὰ
3268 3852 3452 3907 futura
3479 3870 3600 3910 esse

2029 3936 2181 3980 ratus
2206 3926 2335 3997 (col.
2368 3927 2514 3995 546).
2553 3926 2690 3992 Quid
2719 3926 2933 3979 interim
2970 3941 3141 3993 usque
3172 3926 3237 3978 ad
3296 3924 3441 3997 illam
3479 3940 3601 3979 cor-

2028 3996 2223 4067 porum
2257 3997 2671 4067 restitutionem
2687 4007 2848 4067 agant
2872 4012 2935 4049 ac
2966 3998 3207 4051 sentiant
3241 3996 3457 4067 animte,
3492 4013 3599 4051 non

2028 4013 2218 4067 porum
2257 4012 2660 4051 resmutionem
2687 4012 2848 4118 8%")!
2872 4012 2935 4049 ac
2966 4012 3207 4051 sentiant
3241 4012 3457 4060 ειηιιιιειι,
3492 4013 3599 4051 iiou

2028 4069 2161 4120 sittis
2186 4068 2353 4134 liquet
2380 4082 2441 4119 ex
2468 4076 2571 4120 art.
2612 4066 2702 4120 12.
2726 4104 2741 4118 .
2776 4071 2789 4118 i
2829 4082 2957 4121 vero
2993 4068 3211 4133 egregie
3238 4065 3413 4127 fallor,
3466 4083 3600 4135 pra:-

2030 4138 2208 4207 parari
2236 4152 2329 4191 eas
2366 4140 2577 4204 putavit
2602 4144 2668 4192 ad
2702 4139 2920 4206 plenam
2970 4137 3324 4191 beatitudinis
3379 4152 3603 4207 pert-ep-

2030 4206 2256 4261 tionem.
2295 4206 2441 4261 Dixit
2497 4211 2662 4273 enim,
2706 4210 2842 4262 tales
2894 4208 3104 4263 animas
3159 4206 3600 4269 τελειοῦσθαιεὲς

2026 4279 2125 4348 τὴν
2160 4277 2389 4348 γνῶσιν,
2422 4292 2527 4347 qua
2556 4294 2726 4348 usque
2753 4279 2819 4331 ad
2847 4294 3075 4347 corpora
3100 4279 3306 4332 reddita
3356 4278 3601 4329 ειιΙίιιιι-ιιυ

2027 4347 2285 4404 videbunt
2350 4347 2441 4401 Dei
2504 4347 2723 4412 arcana,
2758 4364 2879 4417 quae
2928 4364 3071 4401 nunc
3106 4350 3326 4418 quidem
3363 4348 3474 4410 jain
3506 4365 3600 4399 co-

2028 4428 2317 4488 gnoscunt,
2373 4419 2467 4471 sed
2530 4429 2739 4470 tantum
2797 4433 2892 4485 per
2943 4419 3125 4471 ﬁdem.
3182 4418 3399 4488 ltiti-litt
3439 4420 3602 4484 igitur

2031 4486 2245 4544 illorum
2291 4488 2641 4551 sententiain,
2695 4489 2785 4555 qui
2846 4488 3150 4539 animarum
3204 4486 3283 4538 i'el
3326 4489 3597 4553 justoruni

2031 4557 2399 4612 eoiiditionem
2428 4571 2548 4610 esse
2579 4558 2628 4607 in
2650 4572 2869 4615 sensus,
2898 4558 3091 4607 virium
3151 4565 3201 4607 et
3251 4557 3600 4607 CUllSClt'tlllill

2030 4625 2272 4683 carentia
2298 4631 2695 4691 opinarentur;
2742 4626 3049 4678 rectissime
3091 4634 3141 4676 et
3175 4640 3295 4675 cuin
3358 4634 3597 4676 vetet-nui

2028 4696 2249 4767 optimis
2273 4706 2325 4747 et
2352 4694 2873 4767 sagacissimisviris
2915 4695 2987 4761 (2)
3024 4695 3157 4767 jain
3187 4696 3279 4745 illo
3338 4702 3513 4760 teuipo
3538 4712 3598 4753 ευ,

2032 4765 2173 4823 inter
2207 4778 2433 4818 mortem
2464 4776 2512 4817 et
2537 4766 3007 4819 resuscitationem
3044 4765 3243 4832 posito,
3274 4778 3391 4815 esse
3421 4779 3601 4814 remu-

2032 4836 2331 4893 iterationis
2361 4836 2574 4888 initium
2598 4845 2845 4889 statuens
2871 4834 2970 4903 ιδ).
3000 4864 3070 4872 —
3121 4836 3333 4886 Addere
3364 4835 3599 4900 denique

2030 4921 2201 4978 pauca
2228 4907 2376 4978 lubet
2410 4907 2477 4960 de
2506 4906 2850 4978 argumentis
2876 4920 2972 4973 pro
3004 4906 3080 4958 rei
3121 4906 3445 4978 Clll‘lsllulht:
3499 4919 3599 4953 ve-

2030 4975 2191 5032 ritate
2214 4992 2242 5028 a
2271 4976 2554 5029 Genuadio
2574 4976 2819 5043 prolatis.
2847 4979 2924 5029 A'c
2955 4978 3128 5037 primo
3165 4981 3283 5025 loco
3315 4975 3463 5039 ponit
3513 4989 3606 5024 vu-

2030 5048 2211 5101 ticinia
2244 5048 2368 5115 (col.
2402 5046 2551 5113 547),
2581 5061 2743 5112 quam
2774 5048 2897 5098 item
2927 5043 3196 5108 Justinus,
3231 5044 3383 5111 Apol.
3419 5058 3479 5106 ti,
3513 5045 3604 5105 50,

2075 5120 2299 5185 εγίστην
2329 5121 2419 5169 καὶ
2462 5118 2837 5185 ἀληθεστά.ην
2871 5115 3148 5178 ἀπόδειξ.ν
3206 5131 3327 5169 esse
3362 5130 3603 5178 Censuit.

2075 5136 2299 5185 εγιστην
2329 5136 2419 5169 και
2462 5136 2837 5185 αΛηυΞστα.ην
2871 5136 3148 5178 αποοεις.ν
3206 5136 3327 5169 esse
3362 5136 3603 5178 censuit.

2032 5136 2370 5241 Vatimnatos
2399 5201 2521 5240 esse
2556 5186 2873 5252 prophetas,
2911 5202 3250 5254 quaecunque
3287 5190 3517 5237 lCCt‘l'lltl
3553 5200 3606 5236 et

2029 5257 2286 5313 Christus
2323 5268 2374 5310 et
2426 5255 2680 5322 apostoli,
2733 5272 2894 5321 quem
2947 5266 3262 5309 accuratum
3320 5262 3603 5309 \aticinio-

2032 5345 2149 5381 rum
2198 5331 2251 5379 in
2292 5328 2514 5379 (Ἀπιδιο
2567 5336 2817 5378 eventum
2869 5327 3097 5380 miratus
3139 5331 3247 5395 jam
3278 5326 3381 5379 {nit
3433 5328 3558 5391 Uti;
3591 5361 3607 5387 ,

2035 5398 2110 5451 De
2164 5399 2332 5465 princ.
2361 5411 2420 5459 tt,
2450 5395 2626 5464 isqq.
2653 5414 2666 5460 ;
2696 5397 2745 5448 iii
2787 5395 2982 5449 Iouini.
3039 5409 3170 5451 tum.
3224 5396 3292 5460 ll,
3337 5398 3443 5459 28;
3487 5412 3607 5446 \eiu

2039 5471 2200 5522 etiam
2270 5470 2491 5519 oracula
2561 5467 2875 5519 ﬂaucorum
2940 5468 3289 5535 συγχωρήσει
3354 5470 3488 5514 θέον
3541 5470 3608 5513 de

2040 5538 2260 5593 Christo
2286 5542 2425 5591 laeta
2459 5538 2664 5601 fuisse;
2702 5536 2755 5589 id
2789 5537 2934 5603 quod
2965 5553 3073 5589 non
3111 5540 3337 5587 multum
3368 5542 3521 5585 abi-st
3577 5548 3606 5584 a

2118 5700 2191 5770 ('5)
2219 5699 2472 5753 Eamdem
2516 5698 2629 5750 fere
2651 5696 2979 5770 sententiam
3040 5694 3269 5770 legimus
3305 5693 3488 5770 multis
3518 5710 3608 5744 ar-

2044 5764 2316 5841 giiiiietitis
2345 5770 2642 5825 stabilitate
2683 5769 2736 5819 iu
2767 5766 2911 5818 libro
2944 5780 3043 5833 pro
3080 5764 3277 5817 cuiicil.
3340 5766 3614 5831 tioreut.,

2043 5860 2091 5895 ο.
2126 5845 2180 5897 4.
