4176 6278
296 357 388 422 301

1766 357 2109 417 ΞΕἎΗΡΤᾹ.
3472 353 3576 415 7-102

295 469 682 540 Θεσσαλονίκης
713 467 900 540 κυρίου
934 468 1187 540 Συμεών,
1237 470 1311 524 De
1367 470 1698 535 animarum,
1731 478 1873 539 post-

1979 467 2231 540 quamvis
2259 466 2522 538 pleraque
2555 467 2618 523 ad
2656 465 2976 522 inimicitias
3012 465 3281 522 acerrime
3310 480 3434 521 cum
3469 467 3571 521 I.a-

295 581 442 634 quam
487 563 794 630 corporibus
818 565 1005 618 soluta:
1037 571 1184 629 sunt,
1214 570 1356 617 statu
1385 571 1433 616 et
1455 562 1776 627 conditione,
1809 561 1878 614 ad

294 655 737 724 conﬁrmationem
787 655 973 721 scripti
1030 653 1304 726 Symeonis
1373 653 1875 720 Thessalonicensis,

292 749 423 817 quod
472 747 542 800 ad
565 763 622 801 se
656 746 913 802 attulerat
945 747 1233 804 Sabbatius
1283 747 1350 804 ad
1383 750 1636 804 eumdem
1685 749 1778 820 qui
1808 763 1873 804 ex

295 837 417 895 Sina
464 851 651 895 lltOlllB
676 839 745 894 ad
780 838 1124 895 Gennadium
1157 853 1402 897 venerat.
1438 840 1499 896 In
1535 849 1726 896 nostro
1749 841 1874 897 cod.

295 949 340 1004 p.
367 934 420 987 ι.
452 930 573 988 Non
604 931 741 986 vidit
762 930 1017 987 Allatius.

353 1025 431 1080 Ad
463 1025 732 1080 Joannem
767 1024 968 1094 opinor
999 1024 1550 1082 Thessalonicensem
1580 1023 1651 1080 de
1679 1025 1872 1081 eodem

291 1117 523 1186 Epistola
553 1114 996 1185 prolixa.Exstat
1019 1117 1072 1170 in
1104 1124 1297 1172 nostro
1327 1117 1519 1184 codice
1543 1133 1593 1184 p.
1618 1116 1706 1172 I2.
1727 1115 1874 1183 Inc.,

292 1209 511 1264 Ἥδιστα
543 1207 644 1278 μέν
693 1225 776 1262 σοι
821 1207 1259 1278 ἀποκρινόμεθα.
1291 1207 1405 1263 Nec
1445 1209 1582 1264 vidit
1615 1209 1868 1264 Allatius.

355 1301 496 1374 Πρὸς
528 1301 622 1354 τὸν
669 1299 1082 1371 πανιερὼτατον
1118 1302 1362 1370 Μηδείας
1409 1301 1606 1372 κύριον
1656 1301 1870 1370 Θεοφά-

293 1409 402 1462 νην,
435 1394 569 1460 περὶ
620 1390 719 1457 τῆς
751 1390 984 1461 λογικῆς
1019 1393 1116 1444 καὶ
1146 1390 1500 1462 ἀνθρωπίνης
1533 1391 1718 1463 ψυχῆς
1749 1393 1872 1446 δεύ-

288 1478 557 1549 τερον,οε
597 1481 778 1534 anima
802 1479 1035 1534 humana
1073 1492 1125 1536 et
1160 1481 1416 1536 rationali
1474 1483 1544 1534 ad
1592 1483 1875 1537 sanctissi-

289 1587 422 1625 mum
465 1570 664 1626 Media:
700 1571 1119 1640 metropolitani,
1167 1573 1415 1626 secundo.
1451 1571 1630 1642 Hujus
1687 1570 1868 1628 Theo-

228 1739 232 1741 _
288 1664 474 1736 plumis
496 1673 718 1720 exstant
748 1664 802 1719 in
830 1665 953 1719 eod.
990 1663 1154 1729 2958,
1190 1666 1280 1719 ubi
1327 1665 1418 1720 hic
1449 1674 1718 1732 tractatus
1773 1667 1873 1721 ba-

288 1757 458 1824 betur,
498 1755 764 1826 Epistolas
794 1765 931 1821 tres,
965 1773 1073 1811 una
1107 1756 1173 1811 ad
1202 1757 1476 1828 lgnatium
1534 1758 1866 1813 monachum

289 1861 402 1902 cum
445 1847 630 1903 adhuc
684 1853 830 1903 esset
871 1861 1216 1914 meonomus,
1263 1848 1437 1902 altera
1495 1848 1561 1904 ad
1610 1863 1868 1922 magnum

287 1939 734 2006 ecclesiarcltam,
800 1939 961 1995 tertia
993 1941 1060 1994 ad
1083 1940 1236 1996 arch.
1265 1941 1619 2012 Epliesinum.

351 2034 478 2102 Περὶ
509 2032 610 2087 τοῦ
647 2033 857 2104 βιϐλίου
922 2033 1019 2086 τοῦ
1103 2029 1400 2104 Γεμιστοῦ,
1450 2035 1720 2090 καὶκατὰ
1774 2035 1874 2106 τῆς

301 2124 618 2196 Ἑλληνικῆς
650 2125 962 2192 πολυθεῖας,
1015 2125 1090 2181 De
1119 2125 1254 2180 libro
1279 2125 1524 2193 Cemisti,
1581 2139 1630 2182 et
1687 2139 1875 2183 contra

290 2216 522 2271 Gracam
564 2219 1020 2287 superstitionem,
1064 2219 1134 2272 ad
1174 2216 1431 2272 Joannem
1461 2219 1745 2274 emat-cltum
1774 2220 1872 2290 (I).

291 2306 466 2364 Exstat
497 2310 624 2364 cod.
662 2309 807 2365 2955
837 2317 891 2364 et
918 2309 1085 2366 2959.
1140 2311 1509 2386 Ἐπαινοῠμέν
1534 2328 1628 2364 σου
1678 2312 1798 2382 τήν.

352 2396 404 2454 lu
431 2399 769 2470 singularem
824 2399 1056 2456 classem
1093 2400 1393 2456 referendae
1427 2412 1555 2455 sunt
1585 2399 1874 2458 Orationes

288 2493 523 2560 qundam
559 2489 841 2547 funebres.
879 2491 1068 2546 Exstat
1099 2491 1153 2546 in
1194 2491 1330 2562 Reg.
1367 2493 1493 2548 cod.
1526 2493 1691 2559 9.955,
1716 2504 1771 2549 et
1819 2495 1872 2550 in

288 2590 485 2649 nostro,
523 2579 633 2636 ltoc
671 2580 830 2634 titulo
863 2597 878 2637 :
911 2578 1020 2633 Τοῦ
1057 2579 1375 2649 σοφωτάτου
1431 2581 1526 2632 καὶ
1562 2580 1872 2649 ἀγιωτάτου

288 2674 465 2744 κυρίου
497 2674 541 2727 Γ
541 2674 790 2727 ενναδίου
820 2672 897 2743 τῷ
928 2672 1141 2742 βασιλεί
1196 2672 1618 2742 Κωνσταντίνῳ,
1679 2675 1773 2726 ἐπὶ
1805 2675 1871 2745 τῇ

289 2768 534 2838 κοιμήσει
568 2767 666 2836 τῆς
712 2764 961 2832 ἀοιδίμου
990 2765 1281 2834 δεσποίνης
1304 2768 1402 2830 τῆς
1460 2765 1625 2818 αὑτοῦ
1666 2767 1873 2838 μητρὸς

287 2858 756 2929 παραμυθητικὸς,
795 2847 1184 2926 Sap‘ientissimi
1229 2866 1277 2910 et
1317 2859 1639 2912 sanctissimi
1668 2859 1871 2913 domini

286 2948 536 3006 Gennatlii
559 2943 638 3004 ad.
659 2951 1026 3020 imperatorem
1060 2949 1465 3006 Constantinum
1497 2952 1553 3004 in
1593 2963 1757 3006 morte
1791 2970 1872 3008 ve-

285 3043 524 3098 neranda:
550 3040 822 3110 Desptena:
859 3040 1048 3094 matris
1103 3038 1216 3107 ejus
1271 3038 1628 3092 consolatoria
1675 3044 1867 3094 oratio.

284 3130 491 3205 Incipit,
521 3133 594 3186 Ἦ
623 3133 867 3205 μακαρία
898 3132 991 3187 καὶ
1009 3130 1257 3199 ἀοίδιμος
1304 3129 1604 3201 μήτηρτοῢ
1632 3133 1872 3202 κράτους
1898 3153 1946 3213 α

286 3241 396 3279 σου.

361 3319 679 3386 Ἐπιτάριος
705 3317 986 3388 Θεοδώρου
1017 3320 1302 3382 δεσπότου,
1360 3317 1550 3373 Oratio
1581 3318 1632 3373 in
1686 3318 1870 3388 funere

285 3410 532 3466 Theodori
564 3411 794 3483 despota:
826 3412 1016 3484 fratris
1053 3415 1404 3484 imperatoris,
1458 3414 1592 3478 iue.,
1623 3410 1717 3482 Τῷ
1769 3411 1870 3481 μὲν

284 3505 372 3558 τοῦ
419 3506 718 3578 κρατίστου
751 3505 1021 3577 βασιλέως
1073 3507 1233 3578 ἡμῶν
1276 3506 1490 3578 ἀδελφῷ
1530 3506 1714 3578 τρίτος
1770 3507 1870 3577 μὲν

283 3597 458 3667 ἐξήκει
484 3597 752 3669 κειμένῳ,
781 3599 836 3654 in
860 3597 988 3656 cod.
1017 3597 1156 3671 Reg.
1183 3600 1351 3656 2955.

351 3691 455 3745 Τοῦ
483 3691 806 3760 σοφωτάτου
836 3691 1178 3765 διδασκάλου,
1200 3693 1396 3763 κυρίου
1449 3693 1728 3764 Γεωργίου
1774 3691 1870 3746 τοῦ

283 3783 605 3854 Σχολαρίου,
651 3782 957 3854 μετέπειτα
1017 3784 1072 3837 δὲ
1110 3784 1208 3838 καὶ
1231 3783 1485 3854 ἀοιδίμου
1523 3785 1872 3855 πατριάρχου

284 3876 917 3940 Κωνσταντινουπὸλεως
985 3876 1181 3948 κυρίου
1263 3875 1550 3930 Γενναδίου
1633 3878 1874 3947 μονῳδία

283 3971 560 4040 ἑπικῄδιος
597 3970 691 4023 ἐπὶ
725 3968 804 4040 τῷ
837 3967 1248 4040 μακαριωτάτῳ
1287 3969 1465 4040 Πατρὶ
1487 3969 1583 4022 καὶ
1614 3969 1871 4024 διδασκά-

284 4064 357 4133 λῷ
389 4063 568 4132 κυρίῳ
591 4063 808 4131 Μάρκῳ
856 4061 1110 4129 Ἐφέσου,
1144 4061 1286 4114 κατά
1309 4062 1516 4130 κόσμον
1570 4061 1872 4130 Εὑγενικῷ,

287 4151 674 4223 sapientissimi
729 4151 960 4205 doctoris
993 4150 1058 4204 υ.
1098 4149 1310 4221 Georgii
1370 4150 1658 4216 Scholarii,
1723 4152 1874 4206 dein-

288 4243 348 4294 de
407 4239 695 4295 tenerandi
752 4225 1094 4308 patriarcha
1129 4239 1721 4310 Coustantinopolitani
1808 4245 1876 4298 D.

290 4327 546 4384 Geunadii
616 4330 868 4383 monodia
945 4329 1179 4398 funebris
1232 4331 1296 4383 de
1359 4332 1662 4386 beatissimo
1719 4333 1880 4389 Patre

290 4430 333 4473 et
365 4421 581 4476 doctore
623 4419 810 4474 Marco
829 4417 1114 4486 Ephesiae,
1147 4420 1236 4487 qui
1270 4420 1326 4472 in
1352 4421 1548 4474 mundo
1577 4420 1876 4491 Eugeuicus

1983 559 2115 616 linis
2165 570 2457 630 susceptas
2486 559 2816 629 pertineant.

2053 649 2178 708 Ὅτι
2200 651 2525 722 ἀνεχωρήθη
2555 649 2650 704 τοῦ
2685 650 2951 706 παλατίου
3004 650 3220 722 καὶτῆς
3273 653 3441 721 μονῆς
3475 654 3572 706 τοῦ

1983 743 2464 818 Παντοκράτορος,
2495 747 2552 798 ὲν
2583 735 2856 816 ᾖπρῶτον
2907 741 3046 814 ᾤκει
3127 746 3418 815 κοσμικδς,
3477 747 3574 799 καὶ

1981 835 2225 906 ἀπῆλθεν
2279 837 2362 898 εἱς
2407 835 2466 890 τὸ
2522 835 2617 889 τοῦ
2678 835 3066 906 Χαρδιανήτου
3125 838 3420 902 κοινόόιον,
3477 841 3574 894 καὶ

1981 929 2318 998 ἡτοιμάζετο
2364 929 2506 998 πρὸς
2559 927 2618 982 τὸ
2669 929 2966 998 μοναχικὺν
2999 929 3206 1000 σχῆμα,
3245 929 3373 985 Cum
3407 947 3575 985 reces-

1979 1021 2136 1074 sisset
2199 1035 2267 1073 ea:
2333 1021 2540 1090 palatio
2626 1031 2674 1076 et
2754 1021 3078 1075 monasterio
3158 1020 3570 1090 Omnipotentis,

2003 1113 2058 1164 in
2113 1129 2217 1182 quo
2270 1115 2419 1180 prius
2472 1114 2745 1167 habitabat
2774 1119 2908 1167 cum‘
2928 1113 3206 1168 swcularis
3229 1123 3384 1181 esset,
3416 1117 3576 1170 abiit-

1977 1221 2074 1269 que
2106 1206 2158 1258 in
2215 1207 2509 1260 coenobium
2554 1205 2928 1270 Chardiaueti,
2961 1217 3466 1278 pra’pararcturque
3503 1205 3576 1264 ad

1978 1296 2218 1349 habitum
2251 1301 2623 1353 monasticam.
2674 1298 2816 1365 Inc.,
2861 1300 3135 1366 Πολλάκις
3182 1304 3572 1374 προ-σειρηκὼς

1979 1403 2060 1450 σε,
2093 1387 2431 1457 γαληνότατε
2475 1389 2720 1460 βασιλεῦ.
2759 1391 2944 1446 Exstat
2971 1393 3022 1446 iu
3059 1393 3182 1448 cod.
3236 1386 3370 1465 Reg.
3401 1395 3566 1451 2955.

1977 1477 2145 1533 Missa
2177 1488 2256 1534 est
2323 1491 2505 1536 autem
2555 1482 2624 1536 ad
2691 1484 3118 1539 Constantinum
3180 1477 3568 1556 imperatorem

1978 1577 2163 1630 statim
2201 1576 2317 1632 fere
2343 1587 2468 1649 post
2514 1584 2748 1632 mortem
2777 1574 3012 1632 Joannis
3045 1577 3356 1650 Palaeolugi.

2050 1690 2334 1744 Γενναδίου
2371 1690 2654 1762 ἐλαχίστου
2708 1690 3010 1763 Σχολαρίου
3049 1692 3144 1745 ἐπὶ
3173 1692 3275 1763 τὴν
3303 1692 3374 1746 δι’
3402 1695 3574 1761 ἐγκα-

1978 1783 2226 1851 τάλειψιν
2252 1783 2392 1838 Θεοῦ
2425 1786 2668 1856 ματαίαν
2731 1785 2825 1839 καὶ
2868 1786 3067 1853 ἄλογον
3125 1785 3224 1840 καὶ
3275 1786 3571 1841 ἀσύνδετον

1981 1875 2336 1945 καινοτομίαν
2363 1877 2462 1942 τῆς
2502 1877 2759 1942 πίστεως,
2813 1876 3080 1931 Gennadii
3131 1878 3339 1932 minimi
3398 1879 3572 1933 Sclto-

1979 1968 2107 2022 larii
2136 1969 2200 2022 de
2231 1985 2293 2021 ea
2351 1984 2468 2038 quae
2511 1970 2766 2023 derelicto
2794 1969 2901 2023 Deo
2927 1968 3071 2038 facta
3103 1982 3182 2024 est
3212 1987 3373 2033 vana,
3432 1973 3573 2024 irra-

1981 2060 2168 2114 tionali
2189 2067 2238 2112 et
2260 2059 2578 2112 inconcinna
2603 2059 2731 2128 ﬁdei
2763 2060 3126 2114 innovatione.
3161 2061 3298 2126 lnc.,
3338 2061 3430 2124 'I'l;
3465 2061 3572 2114 δῶ-

1982 2167 2064 2203 σει
2105 2167 2195 2219 μοι
2248 2151 2550 2219 πτέρυγας.
2609 2150 2745 2204 Ibid.
2809 2142 3094 2205 Inventum
3150 2167 3271 2208 esse
3316 2152 3571 2223 Gallipoli

1977 2241 2282 2311 exemplar,
2323 2241 2469 2295 unde
2503 2239 2734 2311 Regium
2783 2239 3118 2313 descriptum
3174 2252 3281 2309 est,
3335 2252 3570 2299 testatur

1979 2332 2300 2400 nnarginalis
2329 2330 2580 2400 ejusdem
2615 2340 2765 2385 nota.
3187 2391 3191 2395 _

2049 2420 2308 2492 Ejusdem
2380 2423 2626 2492 Epistola
2686 2424 2894 2493 scripta
2955 2439 3048 2480 sex
3098 2427 3378 2481 mensibus
3441 2436 3569 2484 ante

1977 2520 2194 2579 captam
2238 2512 2449 2574 urbem,
2505 2514 2629 2576 Τοῖς
2694 2514 3106 2580 εὐγενεστάτοις
3169 2518 3416 2582 πολίταις
3466 2521 3568 2588 τῆς

1976 2603 2608 2668 Κωνσταντινουπόλεως
2646 2607 2850 2660 ἅπασιν
2894 2609 3216 2677 ίερωμένοις
3246 2610 3339 2661 καὶ
3370 2627 3570 2680 κοσμι-

1976 2696 2118 2758 κοῖς,
2149 2695 2227 2747 Ad
2261 2696 2622 2750 nobilissimos
2649 2699 2782 2750 cives
2819 2715 2996 2752 omnes
3016 2698 3570 2768 Coustuutiutrpolita-

1976 2805 2070 2845 nos
2099 2791 2493 2846 ecclesiasticos
2520 2800 2569 2844 et
2605 2790 2791 2846 (uicos.
2822 2789 2964 2843 lbtd.

2047 2900 2304 2971 Ejusdem
2329 2900 2564 2972 Θρῆνος,
2588 2902 2703 2956 sive
2732 2901 3093 2966 Lamentatio,
3136 2902 3338 2973 scripta
3365 2903 3420 2959 in
3455 2905 3580 2960 Meo.

1975 3010 2171 3052 noeceo
2196 3004 2382 3050 monte
2407 2994 2479 3050 20
2509 2993 2660 3052 Junii
2696 2998 2808 3052 iud.
2837 2998 2892 3064 8,
2951 2998 3054 3052 hoc
3088 3007 3192 3064 est,
3249 2999 3355 3054 nisi
3411 3016 3570 3055 error

1975 3087 2221 3144 codicem
2246 3089 2560 3159 occupavit,
2597 3106 2742 3146 anno
2782 3090 2944 3154 1445,
2991 3102 3155 3161 atque
3183 3091 3320 3147 adeo
3349 3105 3572 3164 septen-

1976 3182 2068 3238 nio
2086 3181 2308 3238 circiter
2339 3189 2468 3238 ante
2494 3190 2713 3252 captam
2753 3183 2966 3237 urbem.
3003 3182 3142 3248 lue.,
3183 3184 3284 3236 Ίοῦ
3316 3184 3417 3255 τῆς
3447 3186 3569 3239 ὀδύ-

1970 3288 2089 3338 νης.
2121 3271 2260 3327 Ibid.
2294 3282 2347 3326 et
2383 3271 2507 3326 cod.
2539 3273 2696 3327 2939.

2043 3365 2176 3432 Qua
2198 3376 2500 3436 sequuntur
2525 3364 2631 3420 huc
2657 3380 2833 3433 usque
2861 3380 2971 3419 non
2999 3376 3213 3435 reperta
3247 3387 3275 3420 ιι
3305 3368 3466 3423 nobis
3487 3383 3574 3422 re-

1971 3473 2161 3516 censet
2189 3459 2307 3530 ipse
2351 3456 2670 3514 Gennadius
2697 3458 2752 3512 in
2780 3456 3026 3528 Epistula
3059 3460 3127 3514 ad
3151 3459 3414 3514 amicum.

2044 3571 2517 3642 Συμσουλευτικδς
2543 3571 2726 3639 λόγος,
2758 3569 2818 3622 ὃν
2846 3571 3090 3638 ἀνέγνων
3128 3573 3187 3625 ιν
3237 3571 3314 3642 τῷ
3359 3574 3570 3628 Παντο·

1973 3664 2208 3736 κράτορι
2240 3664 2473 3716 ἐνώπιον
2509 3662 2603 3715 τοῦ
2657 3663 3076 3734 αὐτοκράτορος
3101 3665 3198 3717 καὶ
3275 3665 3406 3734 ὅλης
3465 3669 3570 3735 τῆς

1975 3757 2208 3818 πόλεως,
2240 3752 2665 3824 περὶῑλεώσεως
2718 3752 2813 3805 τοῦ
2870 3751 3018 3806 θείου
3079 3755 3302 3825 καὶτῆς
3350 3756 3570 3810 οἴκοθεν

1975 3846 2357 3918 παρασκευῆς,
2389 3849 2455 3917 τῇ
2487 3841 2549 3898 ιε’
2574 3846 2942 3916 Ὀκτωϐρίου,
2977 3843 3274 3901 Consilium
3329 3849 3468 3918 quod
3495 3849 3569 3903 le~

1975 3941 2029 4010 gi
2065 3940 2122 3992 in
2155 3937 2565 3992 Puntocratoris
2596 3935 2918 3990 monasterio
2949 3952 3137 3990 coram
3169 3937 3488 4005 imperatore
3515 3947 3565 3993 et

1979 4041 2091 4088 tota
2123 4031 2270 4095 urbe,
2312 4031 2376 4083 de
2395 4030 2663 4096 placando
2701 4028 2808 4082 Dee
2839 4038 2890 4083 et
2920 4029 3213 4084 domestico
3248 4029 3371 4084 belli
3403 4045 3572 4102 appa~

1984 4133 2111 4178 ratu
2149 4123 2212 4178 I5
2247 4120 2411 4178 Octob
2421 4122 2515 4174 ris.

2051 4237 2243 4308 Νεαρά
2275 4237 2308 4308 ἦ
2343 4234 2768 4307 χρυσοὸοὖλλος,
2799 4236 2867 4306 ἣν
2900 4236 3193 4306 ἐσχεδίασα
3220 4237 3306 4291 ἵνα
3339 4238 3569 4308 γένηται

1980 4333 2134 4402 παρὰ
2162 4330 2258 4383 τοῦ
2294 4331 2699 4400 αὐτοκράτορος
2743 4327 3073 4399 ἀναιρετικὴ
3107 4329 3218 4385 τῶν
3251 4329 3568 4398 θεοστυγῶν

1983 4423 2357 4495 παραόἀσεων
2390 4420 2499 4474 τῶν
2539 4420 3021 4491 ἐκκλησιαστικῶν
3055 4423 3149 4475 καὶ¹
3183 4423 3340 4477 θείων
3365 4424 3568 4492 νόμων,

290 4513 452 4566 dictus
483 4521 582 4566 est.
619 4509 835 4580 Incipit,
856 4507 962 4562 Φεῢ
997 4510 1114 4574 νῦν,
1137 4503 1182 4564 ὦ
1211 4511 1503 4581 παρόντες,
1532 4511 1662 4580 ἡμῖν
1685 4514 1741 4564 αἱ
1765 4514 1872 4564 τῶν

1979 4519 2046 4573 δι’
2075 4517 2141 4580 άς
2175 4519 2240 4568 ἐκ
2268 4514 2410 4567 Θεοῦ
2445 4513 2728 4574 τοσούτοις
2753 4513 2903 4566 ἔτεσι
2946 4512 3278 4583 πιεζόμεθα,
3343 4511 3572 4568 Novella

291 4603 508 4670 ἀγαθῶν
564 4602 780 4666 ἐλπίδες
855 4603 1118 4672 οῐχονται.
1181 4601 1377 4658 Exstat
1443 4604 1496 4656 in
1555 4604 1679 4657 cod.
1736 4602 1870 4673 Reg.

290 4693 424 4750 2953
456 4705 512 4750 et
547 4695 692 4750 aliis.
1069 4677 1074 4680 ’

353 4785 671 4856 Ἐπιτάφιος
690 4784 768 4856 τῷ
812 4785 1074 4858 μακαρίῳ
1109 4785 1378 4860 Θεοδὼρῴ
1416 4785 1499 4858 τῷ
1529 4786 1781 4858 Σοφιανῷ
1813 4787 1874 4840 ιν

292 4879 352 4949 τῇ
383 4881 508 4951 ἱερᾷ
537 4883 673 4950 μονῇ
704 4877 799 4931 τοῦ
855 4878 1187 4933 Βατοπεδίου
1242 4880 1496 4949 ταφέντι,
1517 4880 1604 4936 ,δν
1626 4877 1782 4935 εἶπεν
1805 4881 1868 4946 ἐξ

291 4969 595 5039 ὑπογυίουό
621 4970 765 5034 θεῖος
790 4969 956 5024 αὑτοῦ
979 4957 1266 5034 Γεννάδιος
1297 4972 1531 5043 μοναχδς
1567 4974 1626 5027 ἐν
1658 4972 1736 5044 τῷ
1767 4991 1866 5028 τα-

292 5062 392 5136 φίῳ
462 5064 824 5134 Σεπτεμσρίενρ
890 5062 1076 5137 ,ςζξέ
1107 5064 1294 5128 ἔτους,
1367 5063 1556 5120 Oratio
1627 5065 1868 5134 funebris

293 5160 427 5210 beati
450 5156 716 5212 Theodori
737 5155 997 5226 Sophiani
1016 5159 1070 5212 in
1105 5175 1257 5212 sacro
1289 5159 1610 5213 monasterio
1640 5161 1868 5224 Batope-

291 5248 364 5301 dii
403 5250 619 5316 sepulti,
645 5266 801 5319 quam
823 5265 889 5305 ex
922 5258 1151 5317 tempore
1188 5251 1550 5322 pronuntiavit
1577 5251 1871 5306 avunculus

291 5340 398 5408 ejus
427 5342 730 5398 Gennadius
753 5345 1043 5399 monachus
1076 5345 1146 5398 ad
1213 5345 1513 5413 sepulcrum
1540 5343 1610 5398 28
1639 5341 1873 5413 Septem-

292 5433 394 5488 bris
419 5451 507 5488 an.
528 5428 688 5502 6965,
716 5434 848 5492 .I.C.
878 5436 1038 5494 1457.
1067 5435 1259 5493 Exstat
1283 5438 1337 5492 in
1366 5447 1556 5492 nostro
1578 5438 1703 5492 cod.
1734 5437 1874 5502 Inc.,

306 5526 467 5579 Ἀλλὰ
497 5527 696 5593 ζῶντος
727 5529 824 5600 μὲν
856 5527 938 5582 ἔτι
967 5530 1067 5601 τὴν
1105 5530 1340 5584 ἐνταῦθα
1363 5532 1534 5598 ζωήν.

363 5620 685 5691 Sequuntur
719 5638 782 5678 ea
815 5637 937 5694 quae
983 5623 1252 5679 historica
1303 5639 1499 5680 vecare
1554 5639 1876 5692 possumus,

359 5799 626 5861 (l)'Exslat
647 5805 696 5854 in
720 5804 954 5866 Append.
981 5805 1041 5856 ad
1065 5805 1360 5857 Pletbonem
1401 5805 1466 5856 De
1491 5802 1696 5868 legibus.

1978 4611 2087 4666 sive
2124 4607 2271 4662 bulla
2305 4621 2489 4670 aurea,
2522 4621 2680 4674 quam
2711 4605 2984 4673 composui
3040 4613 3097 4656 ut
3137 4604 3203 4658 ab
3252 4606 3571 4673 imperatore

1977 4700 2406 4774 promulgaretur
2455 4698 2522 4749 ad
2566 4694 2831 4748 tollendas
2870 4692 2979 4749 Deo
3021 4694 3245 4749 odibiles
3275 4704 3573 4764 transgres-

1978 4798 2154 4853 siones
2183 4790 2671 4848 ecclesiasticarum
2720 4797 2769 4842 et
2809 4787 3114 4840 divinarum
3177 4787 3376 4857 legum,
3448 4803 3573 4856 pro-
3648 4853 3663 4869 ﬂ

1976 4900 2092 4960 pter
2115 4903 2248 4960 quas
2289 4903 2320 4940 a
2343 4883 2454 4940 Deo
2487 4893 2561 4937 tot
2583 4883 2734 4936 annis
2767 4880 3071 4954 aﬁligimur.

2034 4985 2156 5040 Alia
2174 4996 2291 5053 qua:
2305 4978 2641 5049 promulgare
2653 4974 2872 5030 debebat
2886 4974 3247 5029 ecclesiastica
3262 4971 3488 5027 Novella
3503 4969 3575 5026 ad

1969 5073 2355 5132 renovationem
2382 5077 2554 5144 legum
2577 5069 3063 5125 ecclesiasticarum
3081 5077 3125 5120 et
3145 5067 3443 5121 divinarum
3466 5067 3576 5120 siu-
3609 5138 3611 5142 Ι

1975 5171 2226 5242 gularum
2251 5167 2741 5236 trausgressionum
2765 5163 2982 5230 species,
3013 5171 3059 5215 et
3086 5178 3276 5216 earum
3319 5143 3576 5216 emenda-

1981 5264 2148 5316 tiones
2181 5260 2472 5312 continent.
2491 5254 2556 5310 Ἦ
2593 5255 3028 5326 ἐκκλησιαστική
3066 5255 3236 5324 νεαρά
3260 5253 3382 5326 ἧτις
3411 5253 3578 5322 ὠφει-

1980 5354 2040 5407 λε
2073 5352 2322 5422 γίνεσθαι
2344 5350 2496 5421 παρὰ
2523 5349 2630 5403 τῶν
2658 5347 3138 5418 ὲκκλησιαστικῶν
3171 5346 3252 5409 είς
3274 5345 3580 5399 ἀνανέωσιν

1984 5447 2093 5500 τῶν
2114 5441 2586 5514 ἐκκλησιαστικῶν
2603 5443 2699 5494 καὶ
2714 5442 2876 5494 θείων
2896 5441 3076 5510 νόμων
3093 5438 3282 5501 δεινῶς
3304 5439 3396 5489 καὶ
3417 5437 3581 5488 πολυ-

1985 5536 2144 5600 ειδῶς
2202 5535 2580 5605 πατουμένων,
2612 5534 2733 5602 ἥτις
2760 5531 2854 5606 καὶ
2881 5528 3232 5600 ὲσχεδιάσθη,
3265 5529 3363 5589 τάς
3401 5543 3583 5594 παρα-

1989 5626 2180 5690 ϐάσεις
2216 5627 2435 5690 καὶτὰς
2460 5623 2779 5696 διορθώσεις
2816 5621 2960 5675 κατὰ
3024 5616 3578 5708 μέροςἹπεριέχουοα.
