4176 6278
306 388 413 455 305

1787 416 1953 478 SCRI
1969 418 2101 478 PTA
2114 467 2127 479 .

3456 362 3564 487 30s

301 506 494 558 (κιαι-ῖς
521 518 679 574 esset,
708 509 1010 576 Sophianus
1047 517 1351 583 vocabatur,
1381 530 1430 573 et
1460 524 1697 576 omnibus
1730 526 1889 579 citam
1919 536 1965 592 Α
1999 531 2121 585 felix
2146 532 2199 585 in
2235 533 2593 602 conjcclandu
2620 534 2941 593 Lmnbccius
2982 538 3101 602 fuit,
3129 536 3274 608 quod
3318 539 3568 608 sequenti

307 602 653 654 monasticam
692 608 1060 663 exercentibus
1082 612 1138 663 in
1173 624 1363 667 sancto
1395 620 1717 671 monasterio
1752 620 1884 675 Sina

304 695 651 748 sanctissimis
680 698 1072 767 sacerdotibus,
1097 714 1148 757 et
1173 707 1296 760 aliis
1344 711 1636 765 monachis.
1666 712 1883 783 Incipit,

304 779 367 829 Al
396 784 603 851 γραφαὶ
632 785 732 854 τῆς
764 786 867 855 τῆς
894 790 1204 856 solamina
1244 796 1439 864 Agitur
1464 799 1517 851 in
1580 814 1643 854 ea
1679 793 1746 855 de
1785 779 1887 855 va-

305 870 727 943 riisdisciplina:
794 881 1088 946 capitibus,
1155 888 1449 943 occasione
1517 905 1708 945 eorum
1766 908 1889 963 quae

306 977 408 1016 non
436 974 586 1020 recte
612 967 729 1022 illic
752 984 813 1023 se
842 969 1045 1027 habere
1076 974 1221 1031 circa
1254 994 1348 1034 eos
1374 982 1469 1050 qui
1496 982 1562 1035 ad
1609 986 1886 1041 visitanda

306 1055 418 1107 loca
477 1072 636 1111 sacra
670 1060 871 1116 montis
922 1064 1073 1119 Sinai
1128 1068 1555 1138 conﬂuebant,a
1599 1074 1886 1132 Joacbimo

304 1146 637 1218 βίαι-θεοτῖο
662 1156 950 1210 monachis
977 1157 1269 1218 didicerat.
1310 1161 1382 1217 De
1411 1166 1675 1237 episcopo
1702 1170 1882 1239 digni«

305 1245 462 1290 tatem
489 1240 804 1305 abdicantc.
864 1253 1007 1315 quod
1041 1250 1250 1315 absque
1286 1256 1610 1324 patriarchae
1662 1260 1884 1317 licentia

305 1342 453 1401 negat
492 1348 655 1399 posse
713 1337 828 1388 fieri
868 1356 879 1392 :
919 1357 983 1392 an
1048 1344 1259 1411 absque
1316 1347 1549 1402 diacono
1607 1353 1888 1408 celebrare

303 1425 594 1493 episcopus
631 1430 825 1495 possit,
863 1434 1006 1500 quod
1048 1436 1209 1491 licere
1264 1440 1339 1492 ait
1393 1441 1445 1493 in
1502 1443 1725 1507 sacello,
1787 1460 1884 1499 seu

306 1518 722 1590 παρεκκλησὲῳ,
758 1531 812 1576 et
850 1524 1054 1580 factum
1092 1528 1158 1583 ab
1189 1530 1487 1601 Euthymio
1516 1542 1570 1587 ct
1629 1534 1886 1591 Mattiaco

308 1610 663 1674 patriarcltis,
700 1629 807 1667 non
850 1618 1068 1684 publice
1108 1621 1160 1673 in
1196 1623 1472 1679 ecclesia:
1506 1626 1573 1681 de
1625 1629 1887 1699 episc0po

305 1701 535 1769 Bosniar,
575 1708 668 1773 qui
707 1709 910 1763 multos
942 1726 1006 1765 ex
1038 1711 1245 1771 Latinae
1265 1717 1545 1788 religionis
1572 1719 1887 1779 hominilnts

300 1795 363 1849 ad
398 1796 563 1851 tidem
610 1799 869 1857 Ecclesiae
935 1804 1122 1861 Graece
1179 1808 1533 1866 adducebat:
1591 1815 1658 1867 de
1717 1817 1889 1870 Char-

1990 624 2239 692 excmplo
2278 625 2630 680 manifestum
2667 629 2791 682 erit.

2062 712 2355 768 Historiam
2385 716 2531 770 enim
2576 734 2758 772 rerum
2807 721 2948 773 inter
2986 720 3209 777 Latinos
3266 733 3321 776 et
3350 724 3571 778 Cra-ros

1989 801 2253 858 Ferrarize
2277 814 2331 859 et
2358 803 2650 861 Florentiae
2700 818 2976 878 gestarum
3008 812 3269 880 scriptam
3302 829 3330 866 a
3353 813 3571 867 Genna-

1989 892 2080 946 dio
2126 892 2318 959 fuisse,
2362 912 2485 965 qua:
2530 897 2583 950 in
2628 898 2878 954 Caesarea
2928 903 3258 959 bibliotheca
3294 914 3571 965 servetur,

1990 986 2182 1041 scribit
2209 988 2244 1040 Ι.
2274 1005 2387 1055 vm,
2420 1005 2471 1060 p.
2498 990 2625 1045 509.
2651 990 2905 1047 Codicem
2939 996 3016 1047 ait
3044 1011 3164 1049 esse
3191 996 3571 1057 chartaremn,

1989 1088 2204 1133 centum
2256 1090 2311 1135 et
2364 1082 2606 1137 sedecim
2657 1099 2930 1140 annorum
2981 1089 3096 1156 (ita
3161 1089 3434 1142 scribebat
3478 1104 3569 1140 an.

1989 1172 2128 1226 1679
2151 1175 2190 1235 ),
2222 1190 2323 1241 quo
2354 1176 2656 1228 continetur
2685 1179 3140 1245 pseudo-historia
3196 1180 3409 1232 concilii
3447 1179 3573 1233 Fer-

1991 1263 2243 1315 rari'ensis
2280 1273 2330 1316 et
2368 1263 2668 1317 Florentini
2710 1265 3049 1321 a'Ccnuatlio
3084 1268 3360 1321 Sclwlario
3396 1286 3573 1320 mana.

1990 1354 2087 1406 clto
2142 1356 2479 1407 scltismatico
2533 1355 2740 1415 Gra'co,
2800 1368 2847 1410 et
2900 1358 3151 1413 Ecclesia:
3210 1359 3571 1413 Ot'cidcntalts

1988 1455 2237 1511 perpetuo
2277 1462 2339 1497 ac
2376 1446 2733 1513 infensissinto
2787 1449 2956 1509 hoste,
3007 1452 3096 1518 qui
3135 1461 3260 1504 ante
3288 1452 3572 1503 monacha-

1996 1544 2105 1587 tum
2142 1533 2399 1604 Georgius
2455 1535 2761 1591 Scitolan'ns
2794 1540 3087 1608 appellatus
3145 1542 3340 1607 fuerat,
3371 1551 3417 1593 et
3452 1553 3575 1593 ante

1990 1630 2435 1698 oppugnationem
2488 1629 2979 1698 Constantinopolis
3028 1649 3129 1701 per-
3157 1632 3356 1685 Turcas
3388 1634 3578 1687 abiisse

1992 1719 2216 1784 videtur,
2252 1719 2482 1790 maligne
2515 1731 2671 1790 atque
2712 1723 2973 1785 iniutziose
3027 1727 3351 1793 conscripta.
3406 1726 3577 1791 Quem

1993 1811 2213 1867 titulum
2250 1814 2350 1867 sibi
2385 1813 2503 1883 ipse
2546 1813 2879 1869 Lambecius
2915 1817 3326 1870 consarcinavit
3372 1830 3437 1869 ex
3482 1816 3580 1869 lal-

298 1895 451 1942 tzcca
494 1893 761 1962 principe,
821 1912 981 1967 quem
1017 1898 1084 1953 ad
1116 1901 1367 1955 eamdem
1418 1904 1693 1962 adducere
1744 1907 1886 1964 idem
1924 1888 1965 1948 Β
1995 1907 2232 1962 sissimis
2276 1907 2612 1976 conjecturis
2667 1909 2878 1962 Allatii.
2917 1909 2974 1962 In
3009 1910 3131 1963 «od.
3185 1924 3311 1963 vero
3363 1924 3470 1963 ms.
3507 1909 3577 1962 ita

300 1983 593 2053 episcopus
628 1987 976 2042 conabatur:
1042 2007 1109 2044 ne
1147 1992 1198 2045 in
1248 1993 1492 2064 Liturgia
1553 2014 1889 2054 commemo-

304 2076 439 2129 ratio
473 2078 595 2145 ejus
616 2079 837 2146 publice
870 2082 987 2145 flat,
1032 2085 1160 2151 quia
1196 2086 1376 2141 adhuc
1430 2090 1770 2152 σκεπάζεται
1798 2093 1890 2145 τὸν

301 2169 745 2236 χριστιανισμὸν,
799 2172 1275 2230 Christianismum
1319 2179 1653 2235 dissimulat.
1686 2182 1888 2237 Verum

302 2259 495 2313 asserit
524 2258 687 2314 licere
710 2262 763 2314 in
800 2263 1102 2332 gratiarum
1134 2268 1349 2323 actione
1381 2271 1445 2323 ad
1466 2287 1893 2343 mensam,pr:e-

199 2374 210 2379 -
302 2358 452 2403 sente
482 2352 603 2420 ipso
636 2368 800 2408 orare
825 2369 923 2423 pro
956 2359 1175 2412 eodem.
1212 2360 1305 2412 'Ev
1361 2361 1419 2415 δὲ
1438 2365 1504 2433 τῇ
1568 2365 1892 2436 εὐχαριστίᾳ

300 2441 396 2509 τῆς
421 2444 890 2516 τραπέζηςήμῶν
948 2450 1223 2517 παρόντος
1276 2456 1325 2506 εὶ
1398 2454 1581 2508 θέλετε
1630 2457 1891 2523 εὔξασθαι

302 2531 439 2602 ὑπὲρ
458 2534 654 2622 αὐτρῦ,
683 2537 766 2588 ὅτι
807 2538 1015 2608 Κύριος
1048 2545 1074 2594 ὁ
1097 2543 1229 2606 θεὸς
1266 2545 1594 2616 διαφυλάξαι
1632 2548 1728 2618 τὴν
1749 2549 1893 2622 ζωὴν

302 2625 392 2678 τοῦ
413 2615 681 2680 cossim
711 2630 1024 2700 Χαριζεκᾶ.
1053 2636 1186 2702 Quis
1214 2637 1303 2693 ille
1328 2615 1513 2704 fuerit,
1541 2648 1634 2699 aut
1666 2615 1891 2710 quinam

305 2721 528 2774 nomine
559 2723 956 2794 Κουδουγὲρων
993 2767 1006 2789 ,
1051 2728 1142 2797 qui
1175 2739 1232 2782 ut
1265 2729 1482 2790 videtur
1504 2730 1653 2790 illius
1674 2735 1878 2789 subditi

304 2821 485 2878 erant,
525 2814 865 2886 intelligendi
903 2819 1038 2883 sint,
1073 2822 1373 2877 nescimus.
1405 2823 1542 2879 Tum
1586 2825 1654 2883 de
1685 2826 1895 2884 Latinis

304 2918 349 2958 et
382 2908 664 2963 Armeniis
692 2909 759 2963 ad
785 2910 899 2965 loca
952 2926 1109 2966 sacra
1141 2913 1405 2969 adorandi
1461 2932 1640 2973 causa.
1664 2921 1895 2974 venien-

308 3000 459 3055 tibus
484 3001 701 3067 deﬁnit,
738 3018 846 3057 non
885 3004 1262 3074 repellendos,
1302 3009 1520 3068 etiamsi
1574 3010 1897 3067 heterodoxi

310 3102 359 3143 et
387 3094 694 3149 schismate
726 3096 794 3148 ab
846 3097 1087 3153 Ecclesia
1130 3100 1318 3155 Graeca
1368 3100 1533 3156 divisi
1591 3103 1743 3159 sint:
1798 3120 1898 3159 nec

1991 1999 2285 2054 exhibetur
2319 2016 2339 2057 ξ
2371 1998 2663 2053 Γενναδίου
2717 2001 3018 2069 Σχολαρίου
3056 2001 3124 2053 τὰ
3175 2003 3232 2053 ἐν
3274 2005 3338 2071 τῇ
3378 2002 3581 2072 συνόδῳ

1994 2087 2314 2157 πραχθέντα
2384 2091 2451 2159 τῇ
2511 2089 2677 2159 ὀγδόῃ
2752 2088 3051 2158 ἐστηρικῶς
3112 2092 3179 2159 τῇ
3242 2089 3579 2160 Φλωρεντία,

1994 2181 2258 2235 Gennadii
2282 2179 2546 2236 Scitolarii
2575 2191 2699 2235 acta
2753 2181 3048 2237 Florentia:
3073 2182 3126 2236 in
3160 2191 3347 2236 octava
3380 2184 3581 2251 synodo

1993 2275 2242 2328 historice
2297 2274 2618 2341 conscripta.
2676 2273 3016 2339 Quietitulns
3048 2275 3154 2331 nisi
3215 2276 3581 2345 Iypograpbor-

1995 2382 2114 2421 rum
2149 2368 2309 2436 culpa
2348 2375 2451 2432 est,
2485 2367 2616 2421 vitio
2654 2382 2764 2421 non
2801 2376 2973 2431 caret,
3031 2375 3085 2422 et
3132 2367 3388 2422 inertiam
3438 2368 3581 2422 scri-

1995 2458 2164 2528 ptoris
2188 2459 2411 2521 imlicat,
2431 2460 2513 2514 vel
2531 2459 2712 2529 potius
2735 2459 3101 2528 possessoris.
3118 2458 3250 2512 Nam
3277 2459 3583 2526 saepissime

1997 2548 2051 2602 in
2087 2548 2248 2604 codd.
2283 2564 2414 2603 mss.
2454 2550 2810 2617 reperiuntur
2840 2548 2984 2602 tituli
3028 2548 3222 2618 scripti
3257 2549 3437 2602 aliena
3474 2564 3584 2601 ina-

1996 2656 2094 2705 nu,
2150 2655 2383 2709 quorum
2418 2642 2589 2702 nulla,
2629 2640 2733 2694 nisi
2777 2640 2996 2695 aliunde
3024 2643 3397 2703 cenlirmetm-,
3452 2640 3587 2695 fidos

1997 2735 2137 2803 apud
2160 2734 2384 2790 criticos
2418 2750 2537 2790 esse
2566 2734 2725 2789 solet.
2774 2733 3070 2803 Specimen
3102 2750 3231 2788 vero
3284 2750 3312 2785 ιι
3356 2732 3585 2787 Lambe-

1998 2828 2085 2881 cio
2114 2826 2423 2880 exhibitum
2481 2835 2566 2880 est
2598 2826 2871 2896 ejusmodi
2905 2841 2919 2879 :
2967 2824 3033 2878 Ἦ
3077 2826 3157 2886 εἰς
3192 2825 3292 2891 τὴν
3339 2823 3590 2895 Φεράραν

1998 2918 2295 2981 εἰσέλευσις
2352 2918 2451 2971 σὺν
2516 2917 2654 2987 Θεῷ.
2715 2918 2870 2972 Μετᾶ
2929 2917 2984 2971 δὲ
3040 2918 3100 2972 τὸ
3160 2916 3436 2971 Σάδδατον
3487 2916 3588 2987 τῆς

1999 3010 2327 3080 ἰὐροφάγηυ
2360 3010 2611 3080 εἰσῆλθεν
2642 3012 2668 3063 ὁ
2706 3009 3057 3082 πατριάρχης
3091 3010 3171 3073 εἰς
3203 3009 3303 3080 τὴν
3339 3009 3590 3080 Φερὰραν

2004 3104 2143 3171 μετὰ
2194 3101 2287 3155 τοῦ
2351 3101 2640 3172 βασιλέως,
2677 3102 2774 3154 καὶ
2818 3101 3067 3170 εἰσῆλθεν
3101 3101 3180 3162 εἰς
3210 3100 3302 3154 τὸν
3331 3101 3457 3153 ναὸν
3494 3099 3591 3153 tofi

309 3194 495 3241 tamen
521 3188 757 3243 dandam
787 3190 918 3255 ipsis
974 3191 1395 3258 eucharistiam,
1426 3195 1524 3251 sed
1575 3197 1892 3269 ἁντίδωρον,

2007 3193 2165 3263 ἁγίου
2232 3194 2533 3265 Γεωργίου.
2604 3195 2716 3246 Καὶ
2784 3196 3005 3263 πρῶτον
3072 3194 3170 3262 μὲν
3233 3192 3593 3262 ὲρραντίσατο

310 3296 401 3335 seu
428 3296 626 3350 panem
652 3284 1015 3347 benedictum,
1041 3285 1146 3340 nisi
1175 3288 1428 3358 pr0prias
1447 3289 1738 3357 Opiniones
1766 3307 1898 3347 suas

311 3374 712 3443 abjuraverint.
748 3375 820 3428 De
855 3376 1129 3445 simonia;
1162 3394 1279 3435 eam
1326 3379 1585 3452 deplorat
1637 3392 1898 3453 tanquam

313 3469 545 3533 malum,
583 3470 725 3537 quod
769 3477 1077 3541 temporum
1106 3471 1422 3528 calamitate
1453 3474 1672 3529 tolerari
1708 3478 1900 3545 petius

311 3565 709 3632 debeat,qnam
750 3562 957 3620 idcirco
979 3565 1350 3620 obedientiam
1378 3568 1656 3638 episcopis
1689 3570 1903 3639 negari,

314 3671 378 3707 ne
410 3654 736 3709 scandalum
770 3664 1085 3725 generetur,
1114 3672 1181 3713 ex
1211 3671 1320 3726 quo
1354 3660 1690 3730 episcopalis
1745 3662 1904 3717 ordi-

317 3747 419 3808 nis,
460 3761 584 3799 mox
640 3747 829 3824 ipsius
863 3748 1148 3818 religionis
1195 3760 1549 3820 contemptus
1587 3763 1850 3807 nascatur
1885 3772 1898 3810 :

315 3837 600 3893 feriundum
634 3854 753 3893 esse
784 3841 926 3907 quod
953 3842 1233 3896 emendari
1265 3858 1369 3897 non
1406 3845 1583 3912 possit
1620 3863 1634 3900 :
1664 3861 1723 3900 se
1786 3847 1902 3901 sal-

314 3940 423 3984 tem
509 3931 782 3985 neminem
842 3933 1091 3999 pecuniis
1137 3934 1445 4001 ordinasse,
1501 3936 1611 3990 imo
1659 3939 1901 4007 propriis

316 4022 632 4092 sumptibus
668 4024 955 4093 episcopos
989 4024 1187 4081 fecisse
1224 4025 1443 4093 multos,
1484 4044 1624 4099 quos
1689 4045 1755 4083 cx
1798 4047 1894 4084 ea-

316 4116 572 4185 ptivitate
609 4116 900 4169 redemerit
930 4116 1092 4170 :mali
1141 4117 1320 4183 initia,
1348 4128 1477 4175 ante
1505 4120 1900 4192 quinquaginta

315 4222 496 4261 annos
539 4206 752 4261 fuisse:
809 4207 1062 4261 suﬁicere
1122 4216 1181 4260 ut
1231 4209 1521 4278 episcopos
1578 4211 1898 4279 observent,

320 4301 509 4352 sintne
553 4296 871 4362 orthodoxi,
931 4304 986 4349 et
1038 4296 1173 4354 nihil
1224 4298 1463 4352 alienum
1512 4300 1583 4354 ab
1645 4300 1904 4357 Ecclesia;

316 4390 524 4445 Grzecae
558 4388 662 4444 tlde
688 4388 951 4443 docentes
980 4407 992 4443 :
1029 4389 1284 4445 minutiis
1311 4391 1458 4445 circa
1483 4391 1622 4447 ritus
1644 4404 1695 4446 et
1725 4392 1901 4448 ollicia

319 4481 698 4536 ecclesiastica
734 4496 841 4536 non
872 4482 1295 4537 attendendum.

2006 3286 2116 3355 (ita
2174 3285 2278 3354 leg.
2330 3300 2431 3355 pro
2480 3284 2824 3349 ὲξαντίσατο,
2866 3299 3000 3339 voce
3037 3283 3238 3351 nihili')
3293 3284 3388 3337 καὶ
3429 3284 3592 3343 αὐτὸς

2002 3379 2097 3430 καὶ
2152 3380 2179 3431 ὁ
2246 3377 2596 3449 πατριάρχης
2668 3376 2758 3432 διὰ
2817 3376 2910 3429 τοῦ
2991 3375 3398 3446 ραντιστηρῑουο
3473 3373 3594 3432 εἶτα

2003 3469 2289 3537 ὑπέδειξαν
2338 3468 2489 3539 αὐτῷ
2542 3470 2591 3522 oi
2645 3460 2848 3523 ἐκεῖσε
2890 3469 3267 3538 Λατινομάχοι
3318 3468 3594 3537 εὐμεγέοη

2002 3564 2094 3617 καὶ
2117 3563 2372 3632 εὐτραφῆ
2417 3565 2602 3632 χεῖρα,
2635 3562 2730 3615 τοῦ
2779 3562 2939 3629 ἁγίου
2995 3562 3276 3630 Γεωργίρυ
3341 3559 3594 3627 λέγοντες

2001 3646 2163 3716 εἶναι,
2205 3651 2311 3703 ὑπὸ
2363 3651 2578 3714 σανίδος
2606 3650 3003 3721 κοιλανθλείσης
3036 3650 3461 3720 περιεχομένην,
3485 3660 3593 3704 etc.

2002 3739 2121 3794 Non
2146 3739 2384 3805 viderat,
2409 3739 2628 3807 Opinor.
2658 3738 2990 3793 Lambecius
3019 3738 3314 3793 Historiam
3344 3739 3592 3806 eiusdem

2001 3832 2223 3888 concilii
2257 3848 2285 3886 a
2324 3833 2607 3904 Sylvcstro
2632 3830 2905 3902 Syropulo
2937 3831 3221 3900 scriptam,
3256 3832 3357 3886 etsi
3384 3830 3591 3884 editam

2002 3936 2299 3994 antequam
2333 3932 2591 3979 octavum
2641 3924 2762 3993 ipse
2811 3937 2967 3977 sumn
3022 3924 3220 3977 librum
3263 3923 3592 3993 publicaret,

2003 4018 2163 4074 annis
2199 4017 2425 4089 integris
2443 4018 2633 4072 decem
2664 4018 2717 4072 e't
2740 4024 2885 4072 octo.
2912 4016 2969 4070 ln
2999 4032 3062 4072 ea
3089 4031 3261 4087 porro.
3279 4016 3393 4071 haec
3431 4017 3595 4073 verba

2004 4127 2130 4179 qua:
2164 4109 2279 4165 sola
2314 4110 2475 4165 nobis
2500 4109 2749 4164 exhibuit
2771 4110 3090 4180 speciminis
3119 4110 3241 4164 loco
3268 4108 3518 4181 leguntur
3539 4127 3592 4179 p.

2005 4206 2073 4260 89
2093 4202 2356 4258 editionis
2389 4218 2510 4273 quae
2539 4202 2697 4263 unica
2722 4212 2824 4266 est,
2875 4201 3299 4272 Hagen-Comitis
3325 4218 3417 4259 an.
3437 4203 3595 4265 1660,

2006 4297 2258 4352 utetiam
2316 4297 2371 4349 in
2421 4296 2746 4351 authentico
2797 4304 2851 4349 et
2901 4296 3243 4366 antograpbo
3296 4297 3597 4365 exetnplari

2007 4392 2182 4459 ipsius
2245 4390 2501 4460 Syropuli
2577 4390 2956 4457 manuscripto
3007 4408 3021 4443 :
3077 4391 3224 4443 unde
3285 4392 3595 4458 exemplum

2005 4480 2348 4551 descriptum
2408 4495 2439 4533 a
2493 4478 2728 4535 Claudio
2786 4478 3047 4533 Sarravio
3116 4480 3309 4533 habuit
3373 4481 3597 4535 [sanctis

392 4571 637 4640 Epistola
700 4571 820 4626 haec
880 4570 1068 4625 eadem
1132 4581 1216 4627 est
1271 4587 1434 4641 quam
1495 4573 1903 4628 reicrtexstare
1938 4568 2267 4636 DVoasius,
2337 4584 2409 4623 at)
2464 4582 2531 4622 eo
2590 4570 2861 4624 Robertus
2922 4570 3338 4639 Creygtbonus.
3393 4571 3596 4625 inlidus

322 4663 655 4719 Lambecius
686 4664 743 4718 in
771 4664 1107 4720 bibliotheca
1143 4666 1555 4722 Vindobonensi
1603 4669 1667 4721 ad
1719 4684 1909 4738 quem-

321 4756 446 4808 dam
488 4756 817 4809 monat-bum
868 4771 885 4809 :
935 4770 1059 4809 nam
1099 4756 1284 4812 verbis
1314 4757 1507 4815 iisdem
1557 4759 1772 4828 incipit.
1802 4758 1908 4813 Sed

322 4847 473 4916 quod
541 4847 705 4901 aliam
763 4857 1015 4903 recenset
1059 4848 1127 4902 ad
1178 4848 1524 4905 Joacbimmn
1576 4852 1909 4907 monachum

326 4940 592 4994 Sinaitam
643 4941 709 4994 de
762 4942 1159 4997 controversiis
1217 4942 1549 5011 quibusdam
1588 4945 1787 5013 partim
1840 4946 1907 4999 ad

327 5034 695 5102 patriarcham
735 5034 1317 5107 llierosolymitanum,
1363 5038 1559 5107 partim
1603 5039 1668 5091 ad
1713 5036 1909 5102 Arme-

326 5127 452 5180 nios
474 5134 530 5177 et
576 5124 801 5179 Latinos
837 5127 955 5180 loca
982 5142 1141 5181 sacra
1176 5128 1478 5183 invisentes
1505 5127 1906 5197 spectantibus,

327 5229 586 5271 veremur
614 5232 681 5272 ne
724 5217 984 5273 vitiosum
1017 5220 1301 5288 exetnplar
1327 5220 1444 5275 viro
1479 5219 1911 5286 diligentissimo

327 5305 507 5361 lraudi
540 5307 727 5365 fuerit.
759 5309 892 5365 Nam
926 5311 994 5365 de
1020 5326 1086 5365 eo
1115 5310 1405 5367 Joachimo
1428 5312 1669 5381 loquitur
1690 5313 1911 5369 Genna-

326 5398 454 5453 dius
483 5401 710 5465 epistola
739 5403 804 5455 ad
853 5401 1150 5457 Maximum
1189 5403 1555 5474 Sophianum,
1591 5421 1621 5461 a
1672 5422 1807 5476 quo,
1852 5417 1913 5461 ut

327 5504 354 5544 a
408 5490 676 5562 Gregorio
730 5494 1002 5550 didicerat
1037 5511 1100 5551 ea
1151 5512 1275 5565 qua
1326 5497 1665 5552 Sinaitarnm
1719 5515 1908 5566 pacem

329 5584 642 5639 turbabant.
676 5586 813 5641 Cum
842 5588 1007 5656 igitur
1058 5604 1164 5643 eos.
1187 5591 1373 5645 statim
1414 5591 1721 5646 remisisset
1759 5608 1911 5647 man-

329 5673 473 5728 datis
500 5678 824 5742 instructos,
858 5690 915 5733 ut
952 5681 1166 5746 plenius
1196 5682 1262 5736 de
1289 5698 1356 5737 eo
1408 5694 1734 5754 argumento
1767 5688 1911 5754 apud

330 5766 569 5823 Sinaitas
629 5771 1001 5840 loquerentur.
1074 5774 1137 5826 ad
1193 5776 1538 5831 Joacbimum
1599 5777 1667 5831 de
1718 5778 1909 5833 eodem

334 5858 609 5914 scribenti
653 5877 821 5916 causa
872 5866 1019 5918 nulla
1047 5876 1182 5919 erat.
1232 5866 1338 5920 Sed
1391 5882 1497 5923 non
1542 5882 1669 5923 raro
1715 5882 1908 5936 parum

2010 4659 2167 4728 juxta
2215 4666 2272 4712 et
2302 4659 2596 4727 imperitus
2629 4657 2921 4725 interpres,
2982 4673 3091 4723 quo
3130 4673 3292 4710 nemo
3344 4657 3597 4712 fortassis

2016 4766 2256 4820 unquam
2290 4750 2345 4805 in
2398 4749 2816 4820 interpretando
2874 4748 3153 4804 infelicius
3204 4760 3437 4817 nugatus
3488 4764 3593 4814 est,

2013 4842 2152 4898 adeo
2183 4848 2242 4897 ut
2274 4857 2342 4896 ne
2371 4841 2590 4911 quidem
2640 4838 2850 4895 auctori
2883 4854 3079 4894 nomen
3132 4855 3293 4894 suum
3335 4849 3597 4895 constare.

2014 4952 2214 5007 passus
2246 4937 2320 4991 sit
2369 4953 2382 4990 :
2439 4943 2588 4990 tanta
2649 4943 2703 4989 et
2755 4942 2863 4988 tam
2924 4933 3108 5002 inepta
3167 4943 3596 4996 commentatus.

2016 5040 2074 5086 ut
2126 5031 2457 5101 Syropulum
2516 5030 2569 5082 in
2647 5027 3017 5097 Sguropulum
3085 5036 3343 5090 verteret,
3404 5039 3595 5081 contra

2015 5139 2233 5178 tironum
2260 5127 2521 5182 auctoris,
2558 5131 2609 5175 ct
2661 5122 2907 5174 omnium
2941 5121 3084 5175 illius
3136 5120 3395 5190 temporis
3451 5130 3601 5175 arto-

2013 5233 2136 5271 rum
2178 5216 2360 5283 tidem:
2393 5215 2567 5280 Quam
2619 5227 2750 5281 ergo
2798 5211 3095 5267 Historiam
3140 5212 3420 5267 Ge‘nnadio
3450 5213 3601 5268 (ira:-

2014 5309 2173 5365 culus
2203 5307 2474 5376 quispiam
2504 5306 2813 5375 imperitus,
2848 5314 2902 5359 ct
2934 5320 3056 5360 eum
3093 5314 3315 5361 secutus
3366 5304 3601 5359 Lambe-

2014 5405 2155 5465 cius,
2204 5400 2479 5469 ascripsit,
2527 5415 2588 5453 ea
2628 5398 2878 5469 Syropuli
2929 5407 3033 5463 est,
3079 5408 3137 5452 ut
3185 5401 3348 5453 etiam
3387 5406 3597 5464 postre-

2015 5511 2103 5548 ma
2137 5495 2298 5549 verba
2328 5495 2395 5547 ab
2430 5508 2496 5548 eo
2540 5494 2703 5547 citata
2739 5492 3027 5546 indicant:
3072 5492 3162 5553 Ἐξ
3190 5485 3263 5542 ὧν
3288 5491 3597 5558 πέπεισμαι

2012 5586 2087 5649 ὡς
2117 5586 2178 5640 οὐ
2228 5586 2623 5657 παραχωρήσει
2669 5583 2801 5635 ποτὲ
2834 5584 2862 5634 ὁ
2898 5582 3049 5645 Θεὸς,
3101 5582 3362 5648 συστῆναι
3409 5578 3507 5640 τὴν
3536 5583 3597 5633 ἐν

2013 5679 2331 5750 Φλωρεντίᾳ
2365 5676 2555 5738 κακῶς
2584 5677 2878 5745 γεγονυῖαν
2917 5674 3134 5726 ἕνωσιν.
3174 5671 3305 5736 Quae
3344 5671 3598 5739 leguntur

2014 5784 2262 5829 extrema
2307 5788 2357 5840 p.
2390 5770 2516 5826 550-.
2555 5767 2775 5823 Nullius
2806 5779 2936 5820 vero
2971 5760 3315 5817 auctoritatis
3353 5770 3437 5816 est
3468 5764 3600 5816 sub-

2016 5868 2243 5936 scriptio
2271 5863 2563 5924 Theodosii
2598 5862 2794 5917 notarii
2839 5858 3095 5915 Ecclesiae
3127 5854 3599 5921 Constantinopo-
