4176 6278
481 339 602 409 δι]

1471 345 1575 404 EX
1612 345 1805 405 IllST.
1841 346 2395 408 PATl'liiARCIlICA
2433 348 2779 408 CPOLEOS.

3662 350 3769 413 322

504 456 755 514 oratoriis
789 456 1170 528 interpretatio
1199 473 1263 512 ex
1293 457 1606 516 Dialectica.
1649 460 1790 516 Petri
1850 460 2079 532 Hispani
2111 469 2149 526 Α
2183 480 2271 518 τοι
2301 474 2438 518 recte
2473 467 2670 519 sentire
2707 481 2771 518 ex
2803 465 2887 529 iis,
2919 481 3034 534 qua'
3066 465 3119 517 in
3141 466 3296 518 tertia
3336 463 3536 535 synodo
3556 475 3767 520 statuta

499 548 878 618 grammatica,
912 549 980 604 de
1010 549 1446 618 pseudograpbia
1477 560 1530 605 et
1561 551 1840 620 impietate
1856 554 2072 608 Graeco.

498 636 726 695 rum.V.
760 637 1054 694 M'cntl'auc.
1077 638 1217 693 Bibl.
1247 639 1481 693 bibliotlt.
1515 657 1706 710 mss.p.
1736 641 1839 697 497
1875 642 1934 699 Β.
1958 655 2078 698 -—-e.t

501 747 557 800 p.
608 731 713 787 5‘29
743 731 784 786 C
814 732 865 784 in
899 732 1019 785 ead.
1057 731 1318 786 Biblioth.
1342 732 1558 802 Georgii
1590 733 1775 787 Schol.
1804 734 2081 789 Gramma-

503 825 630 878 tica.
666 822 806 881 Adil.
830 839 1019 892 supra,
1052 824 1104 878 in
1132 824 1238 880 hoc
1271 825 1379 878 vol.
1403 825 1467 879 ad
1500 824 1526 896 §
1554 826 1604 889 l,
1629 829 1698 880 de
1718 827 1824 880 vita
1857 825 2080 882 Genna-

500 915 598 980 dii,
625 914 694 970 de
723 914 1196 986 GeorgiiCurtesii
1231 916 1502 971 Scholarii
1545 918 1768 987 scriptis
1805 933 2082 988 gramma-

505 1007 649 1060 ticis.
684 1036 756 1046 —-
788 1005 1064 1061 llactenus
1099 1007 1331 1062 Allatius
1360 1008 1428 1062 de
1454 1009 1526 1063 24
1565 1011 1703 1080 Opp.
1738 1025 1862 1078 qua:
1921 1009 2083 1064 attri-

506 1103 698 1153 lauerat
724 1101 959 1170 Georgio
999 1099 1192 1156 Schol.
1236 1117 1283 1156 s.
1344 1100 1648 1158 Gennadio.
1714 1103 1822 1158 lllis
1875 1103 2086 1159 addan-

507 1204 634 1244 tur:

578 1283 880 1338 Aristotelis
907 1285 1026 1338 libri
1065 1284 1198 1341 VIII
1225 1286 1457 1357 physica:
1475 1287 1770 1342 auditionis
1798 1303 1915 1342 cum
1947 1288 2095 1342 scho-

417 1416 445 1447 ..
507 1374 591 1428 liis
623 1373 904 1442 Simplicii,
927 1379 980 1430 in
998 1379 1359 1446 compendium
1379 1379 1606 1433 redactis
1629 1396 1660 1431 α
1681 1378 1899 1449 Georgio
1927 1377 2093 1434 Scho-

509 1468 662 1531 (ario,
686 1469 775 1538 qui
797 1480 977 1540 postea
1007 1470 1312 1525 Gennadius
1368 1471 1542 1525 dictus
1593 1481 1692 1533 est,
1751 1472 1993 1542 Mosquac
2040 1473 2096 1527 in

509 1561 631 1615 md.
657 1576 780 1632 syn.
811 1563 863 1614 7.
897 1561 961 1617 γ.
987 1562 1222 1622 Mattliaei
1261 1563 1387 1618 Not.
1442 1564 1605 1619 codd.
1643 1565 1741 1619 Gr.
1780 1564 2094 1636 Mosquens.

512 1656 664 1724 p.2i
724 1672 810 1725 sq.

586 1747 660 1800 Ex
685 1747 992 1803 Renaudoti
1027 1748 1164 1803 diss.
1189 1749 1324 1817 jam.
1353 1757 1593 1817 constat,
1618 1749 1877 1804 Allatium
1901 1765 1928 1802 a
1959 1748 2097 1804 Gen-

2177 568 2322 610 sunt.
2351 555 2405 610 ld
2432 573 2592 627 opus,
2625 570 2748 626 post
2774 557 3140 611 Florentinam
3174 556 3442 627 synodum
3471 559 3769 627 scriptum,

2181 649 2413 703 Allatins
2435 649 2595 702 valde
2622 649 2974 714 condemnat,
2995 659 3048 703 et
3073 649 3351 714 abortum,
3409 649 3507 718 qui
3567 665 3768 718 parum

2181 750 2340 794 cauto
2365 739 2575 794 auctori
2605 741 2926 802 excidisset,
2951 749 3136 806 vocat;
3165 749 3319 794 notat
3339 740 3600 811 denique,
3633 755 3772 796 mss.

2183 845 2303 883 esse
2335 831 2388 884 in
2408 830 2659 885 bibliotli.
2689 829 2891 896 Paris.,
2942 830 3232 896 Vaticana,
3266 829 3518 886 Palatina
3549 841 3604 886 et
3639 832 3773 884 alibi

2185 921 2409 976 Dassint.
2427 919 2646 976 Fabric.
2673 921 2727 974 in
2749 930 2876 975 nota
2895 921 3066 984 addit,
3085 921 3140 976 id
3165 921 3398 976 Londini
3421 923 3624 976 editum
3640 936 3775 979 esse

2187 1027 2308 1065 eum
2330 1011 2452 1066 aliis
2470 1012 3044 1081 scriptisGrzecorum,
3066 1009 3194 1074 Nili,
3243 1010 3502 1080 Gregorii
3535 1008 3776 1063 Palatina:

2200 1102 2740 1169 Thessalonicensis,
2776 1103 3067 1166 Barlaami,
3105 1100 3300 1156 Meletii
3347 1103 3516 1172 Pigae,
3547 1101 3773 1154 Maximi

2190 1197 2478 1265 Slargunii,
2499 1195 2771 1250 Gabrielis
2790 1194 2976 1249 Severi
2997 1204 3050 1248 et
3073 1194 3290 1262 Georgii
3312 1193 3553 1248 Corossii
3569 1234 3582 1248 .
3605 1193 3775 1256 Tum,

2197 1287 2522 1351 «Cancrum,
2561 1286 2760 1355 inquit,
2798 1285 2903 1339 hoc
2927 1284 3147 1353 Georgii
3180 1284 3455 1339 Scholarii
3495 1300 3633 1353 opus
3660 1299 3779 1336 ma-

2193 1397 2360 1451 gntttn
2395 1379 2716 1450 paginarum
2763 1380 2890 1440 292.
2950 1387 3126 1434 totum
3169 1387 3425 1434 versatur
3477 1379 3532 1433 in
3573 1377 3771 1433 delen-

2193 1473 2370 1527 dendo
2397 1471 2654 1542 dogmate
2682 1469 3000 1527 Graecorum
3028 1473 3094 1525 de
3119 1472 3474 1541 processione
3533 1469 3777 1544 Spiritus

2197 1565 2373 1620 sancti
2414 1573 2582 1633 atque
2607 1562 2956 1618 vindicandis
2988 1564 3136 1618 circa
3169 1563 3301 1616 illud
3333 1563 3538 1616 veteris
3590 1559 3778 1616 Eccle-

2198 1660 2294 1714 siae
2327 1659 2612 1713 doctorum
2649 1657 2964 1712 sententiis.
3027 1655 3196 1726 Incip.
3255 1655 3360 1710 Τὸν
3412 1655 3556 1708 θεῖον
3617 1655 3778 1721 λόγον

2201 1753 2417 1823 καὶτῆς
2445 1751 2704 1820 ἀληθείας
2736 1750 2953 1821 ἔφορον.
2985 1749 3354 1817 Distinguitur
3387 1750 3442 1803 in
3467 1748 3660 1816 λόγους
3681 1763 3780 1802 sex

514 1839 698 1904 radio,
719 1840 1033 1909 patriarcha
1057 1840 1374 1907 CPolitano,
1417 1841 1732 1897 discernere
1757 1840 2079 1909 Georgium
2115 1852 2158 1911 Β
2184 1850 2239 1898 et
2270 1843 2447 1912 capita
2481 1841 2570 1896 55.
2598 1861 2617 1894 i
2663 1841 2862 1895 Postea
2898 1840 3134 1895 Allatius
3199 1854 3264 1893 ex
3325 1837 3629 1894 Possevino
3666 1854 3780 1892 me-

515 1932 1069 2003 Scliolarium,quem
1087 1943 1244 1989 vocat
1265 1935 1694 2001 scliismaticum,
1723 1934 2086 2004 etGeorgium
2192 1944 2373 1989 morat
2398 1933 2617 2002 Georgii
2649 1931 2920 1988 Scholarii
2951 1931 3261 1986 Monodiam
3294 1932 3348 1984 in
3406 1932 3785 1984 dormitionem

512 2025 853 2090 Curtesium,
879 2037 931 2079 et
967 2037 1142 2093 pauca
1169 2034 1416 2080 recenset
1445 2026 1686 2095 scripta;
1718 2025 1891 2078 multo
1929 2026 2088 2095 plura
2191 2025 2252 2081 S.
2298 2024 2491 2089 Marci,
2529 2025 2654 2080 dein
2691 2025 2814 2080 cod.
2844 2023 3023 2079 Paris.
3050 2025 3103 2078 in
3136 2037 3248 2092 quo
3291 2030 3376 2078 est
3437 2024 3558 2091 ejus
3607 2021 3784 2075 oratio

515 2119 688 2174 relata
720 2127 849 2175 sunt
877 2134 907 2173 a
937 2117 1280 2174 Benaudotlo
1313 2127 1364 2174 et
1384 2134 1416 2174 a
1447 2135 1553 2175 me.
1593 2118 1671 2172 Ex
1703 2119 1902 2173 Allatio
1926 2119 2091 2190 igitur
2198 2118 2269 2172 De
2303 2118 2472 2183 inani,
2504 2117 2738 2172 absurda
2763 2125 2814 2171 et
2834 2115 3210 2184 incomposita,
3237 2129 3330 2183 per
3376 2113 3782 2184 permissionem

511 2209 900 2267 iantummodo
953 2210 1197 2280 quadam
1260 2210 1559 2280 adjungere
1602 2209 1773 2265 lubet.
1860 2206 2092 2277 Georgio

520 2298 887 2354 Scliismatico
907 2300 1134 2355 ascribit
1161 2315 1321 2370 opus,
1355 2301 1501 2370 quod
1557 2297 1795 2354 Londini
1834 2298 1996 2363 1624,
2034 2297 2090 2358 4.

520 2393 639 2445 sine
674 2392 892 2446 nomine
918 2388 1237 2462 typograplii
1273 2390 1459 2446 Grzece
1483 2391 1687 2460 prodiit
1721 2391 2045 2461 inscriptum
2076 2406 2090 2442 :

521 2479 794 2550 Γεωργῑου
823 2480 916 2533 τοῦ
949 2481 1245 2550 Σχολαρίου
1292 2482 1601 2550 σύνταγμα,
1648 2480 2094 2552 ἐπιγραφόμενον

532 2571 849 2651 Ὀρθοδόξου
876 2573 1247 2641 Καταφύγιον,
1281 2574 1375 2626 τοῦ
1410 2571 1634 2642 ὓστερον
1650 2573 1946 2642 λεγομένου
1967 2571 2095 2623 Γεν-

524 2663 708 2717 νο.δέου
745 2666 1006 2735 μοναχοῦ,
1027 2667 1222 2735 τμῆμα
1251 2666 1466 2735 πρῶτον
1492 2665 1623 2738 περὶ
1647 2666 1760 2719 τῶν
1787 2666 1974 2720 αἰτίων
1997 2662 2094 2717 τοῦ

527 2757 827 2826 σχίσματος
854 2756 978 2810 κατ’
1009 2757 1328 2827 ἐπιδρομὴν,
1356 2758 1449 2812 καὶ
1477 2757 1562 2810 ὅτι
1599 2758 1666 2811 τὰ
1694 2758 1836 2810 κατὰ
1860 2757 1959 2828 τὴν
1983 2756 2098 2825 τρε-

509 2866 627 2918 ’την
657 2848 876 2902 σύνοδον
903 2849 1082 2918 σαφὴς
1110 2833 1380 2915 ἀπόδειξις
1415 2850 1540 2912 τοὺς
1592 2849 1866 2918 Γραικοὺς
1916 2847 2098 2920 ορθῶς

530 2942 770 3010 φρονεῖν.
810 2939 1018 3010 Georgii
1049 2940 1317 2995 Scholarii
1343 2943 1778 3008 commentarius,
1809 2941 2098 3011 inscriptus

511 3032 827 3088 -Orlho:!o:ci
851 3033 1412 3103 Perfugium-sectio
1442 3035 1616 3104 prima
1649 3034 1714 3090 de
1751 3035 1928 3089 causis
1955 3035 2099 3090 schi-

533 3126 719 3180 smatis
744 3141 830 3195 per
852 3134 1240 3191 transcursum,
1263 3135 1314 3181 et
1335 3126 1496 3197 plana
1519 3127 1920 3196 demonstratio,
1947 3126 2099 3183 Grae-

2197 2208 2315 2273 Dei,
2383 2209 2721 2264 innovatione
2749 2205 2985 2278 ᾑρέθην.
3029 2221 3196 2278 supra
3227 2204 3486 2261 Renaud.
3546 2207 3615 2258 de
3671 2203 3783 2258 vita

2192 2299 2518 2372 Gennadii);
2571 2317 2736 2371 porro
2780 2299 3025 2372 ejusdem
3069 2286 3404 2354 canonem'in
3461 2292 3780 2368 Gregorium

2199 2393 2502 2458 Paiamam,
2534 2390 2840 2446 Thessalon.
2865 2391 3334 2460 archiepiscopum,
3359 2389 3482 2445 alibi
3503 2388 3782 2443 laudatum

2195 2495 2248 2540 et
2283 2484 2526 2554 ejusdem
2560 2483 2711 2540 Orat.
2761 2483 3029 2552 funebrem
3053 2483 3110 2536 in
3152 2482 3424 2550 despotam
3479 2477 3789 2549 Porphyro-

2205 2585 2480 2646 gennetant
2513 2573 2906 2644 Palaologum,
2943 2573 3000 2627 in
3032 2575 3155 2627 cod.
3188 2572 3325 2627 bibl.
3357 2571 3610 2625 Medicea:
3644 2569 3784 2634 ;scd

2198 2671 2442 2725 incertus
2459 2676 2563 2732 est,
2599 2682 2728 2722 num
2765 2682 2828 2722 ea
2869 2665 3035 2722 fuerit
3064 2665 3436 2731 scbismatici,
3464 2679 3532 2719 an
3585 2662 3787 2717 catho-

2198 2761 2311 2816 lici.
2353 2759 2463 2816 Sed
2500 2761 2615 2814 llaec
2643 2757 2938 2814 sufﬁciant.
2979 2759 3158 2828 Atque
3175 2756 3436 2812 Oudin.l.
3470 2771 3520 2811 c.
3552 2770 3607 2825 p.
3643 2752 3789 2810 2‘88

2198 2869 2281 2923 sq.
2338 2866 2401 2907 ex
2430 2851 2611 2908 Caroli
2649 2850 2918 2918 Dufrenii,
2953 2851 3096 2907 dom.
3131 2849 3204 2904 du
3261 2848 3444 2920 Gange
3509 2845 3787 2905 Glossario

2199 2943 2385 3000 medic
2413 2953 2463 2998 et
2489 2943 2585 3012 inf.
2619 2943 2938 3016 grwcitatis,
2984 2941 3083 2998 fol.
3115 2941 3276 3007 1281,
3341 2942 3562 3012 longum
3596 2941 3783 2996 locum

2202 3038 2477 3110 apposuit,
2511 3039 2601 3094 ubi
2636 3038 2728 3094 ille
2749 3036 2953 3093 multos
2983 3034 3253 3092 Gennadii
3282 3033 3476 3102 libros,
3517 3032 3587 3089 ab
3639 3033 3790 3089 Alla-

2203 3131 2280 3186 tio
2312 3129 2730 3200 prtetermissos,
2767 3127 2930 3205 paulo
2975 3126 3140 3184 latius
3167 3127 3466 3185 recensuit.
3492 3124 3711 3199 (Hann)
3785 3123 3798 3128 ’

1579 3433 2742 3645 EXCERPTUM

1117 3907 1988 4000 PATRIARCHICA
2031 3901 2556 3996 CPOLEOS
2595 3902 3221 4026 HISTORIA,

1969 4117 2057 4160 CUI
2087 4115 2317 4160 TITULUS
2351 4122 2365 4160 ζ

551 4265 792 4324 llistoria
866 4262 1305 4334 patriarcharum
1409 4263 1503 4332 qui
1572 4261 1838 4319 sederunt
1888 4261 1943 4316 in
2023 4261 2091 4316 ira

2195 4308 2197 4325 ι
2229 4264 2366 4336 Περὶ
2391 4266 2502 4321 τῶν
2542 4266 2904 4339 πατριαρχῶν
2947 4263 3083 4322 ὀποῦ
3135 4265 3612 4338 ἐπατριάρχευσαν
3638 4265 3696 4318 ἐν
3725 4266 3800 4334 τῇ

623 4373 821 4427 magna
878 4356 1254 4423 catholicaque
1335 4353 1574 4411 Ecclesia
1659 4354 2125 4423 Constantinopo-

622 4451 758 4514 leos,
818 4459 1105 4519 postquam
1143 4447 1284 4516 cepit
1310 4459 1428 4500 eam
1475 4446 1728 4502 sultanus
1764 4444 2122 4500 Mecliemeta.

624 4543 680 4597 In
719 4557 823 4612 qua
849 4539 1203 4602 describitur,
1234 4539 1363 4606 quid
1395 4537 1737 4607 singulorum
1785 4535 2126 4607 temporibus

622 4646 832 4707 gestum
862 4636 932 4691 sit
963 4651 976 4689 :
1003 4643 1055 4688 et
1079 4633 1329 4702 quisnam
1360 4633 1524 4686 fuerit
1549 4640 1742 4686 auctor
1781 4628 2036 4699 pescesii,
2074 4626 2127 4681 id

625 4740 710 4785 est
756 4731 1018 4793 muneris,
1050 4727 1194 4796 quod
1226 4724 1535 4794 patriarcha
1558 4736 1734 4778 novus
1751 4721 1970 4775 sultano
1994 4720 2082 4772 dat
2112 4736 2127 4772 :

627 4824 751 4891 quis
811 4831 1068 4889 praeterea
1111 4817 1397 4876 charatzii,
1442 4815 1547 4867 hoc
1593 4823 1680 4866 est
1719 4811 1887 4864 annui
1939 4807 2124 4863 tributi

625 4911 986 4968 ecclesiastici
1057 4927 1068 4960 :
1132 4907 1257 4976 quis
1319 4906 1446 4959 item
1517 4902 1849 4957 additionem
1907 4914 2127 4970 quoque

627 5016 890 5071 tempore,
919 5009 1045 5072 Quae
1085 5013 1256 5068 usque
1293 5000 1347 5051 in
1388 4996 1712 5052 hodiernum
1771 4994 1914 5048 diem
1951 4993 2137 5056 durat,

629 5094 819 5148 fecerit
851 5111 866 5146 :
897 5102 950 5147 et
1002 5106 1111 5156 quo
1173 5093 1388 5146 sultauo
1447 5088 1786 5143 dominante
1815 5087 1928 5140 haec
1991 5087 2134 5138 facta

629 5187 757 5238 sint.
819 5182 951 5248 Quae
981 5182 1166 5236 omnia
1208 5183 1264 5235 in
1291 5181 1568 5252 vulgarem
1602 5180 1846 5247 linguam
1887 5178 2133 5234 Graecam

631 5263 917 5332 transtulit
983 5274 1269 5329 MANIJEL
1342 5274 1606 5338 Malaxus,
1675 5273 2131 5343 Peloponnesias,

603 5349 865 5422 thlartino
895 5367 1090 5422 Crusio
1151 5365 1472 5421 describens
1505 5379 1650 5420 anno
1711 5365 1925 5419 Domini
1975 5363 2130 5428 l577,

631 5475 814 5514 mense
852 5459 1027 5528 Aprili
1066 5459 1111 5526 (Ι
1126 5458 1165 5523 ).

633 5552 730 5605 Illo
791 5560 1056 5619 tempore,
1106 5563 1238 5618 'qtto
1315 5545 1580 5600 Turcicus
1641 5560 1732 5599 rt-x
1799 5540 2128 5599 Meeliemcta

541 5646 700 5697 lianc
751 5645 935 5697 urbem
977 5641 1320 5698 Constantini
1351 5639 1700 5710 expugnavit,
1755 5638 2127 5692 numeraban-

535 5826 538 5828 η
627 5784 696 5843 (ti
739 5744 1131 5846 Τηνία-ἐνατία,
1157 5801 1200 5850 p.
1236 5785 1336 5842 lOG.

2297 4355 2562 4428 καθολικῇ
2597 4357 2815 4430 μεγάλῃ
2845 4357 3114 4429 ἐκκλησίᾳ
3134 4356 3344 4429 ταύτης
3383 4356 3483 4426 τῆς
3505 4357 3800 4412 Κωνστσν-

2295 4450 2669 4513 τινουπόλεως
2743 4451 2882 4519 μετὰ
2939 4447 3002 4503 τδ
3071 4448 3259 4504 λαϐεῖν
3307 4449 3511 4516 ταύτην
3568 4447 3799 4506 eoo).th

2298 4541 2617 4611 Μεχμέτης.
2667 4541 2780 4594 Καὶ
2829 4539 2950 4593 τινα
2998 4540 3290 4608 γεγόνασιν
3338 4541 3396 4592 ἐν
3446 4537 3526 4606 τῷ
3563 4537 3800 4591 ἑκάστου

2302 4633 2501 4703 καιρῷ.
2541 4632 2646 4683 Καὶ
2673 4633 2822 4694 ποῖος
2844 4631 2907 4684 τὸ
2949 4630 3243 4698 λεγόμενον
3284 4631 3594 4694 πεσκέσιον,
3616 4628 3713 4682 καὶ
3738 4627 3803 4680 τὸ

2306 4722 2621 4793 χαράτζιον,
2654 4721 2874 4792 πρῶτον
2900 4720 3046 4792 αὐτῷ
3071 4720 3293 4788 δέδωκε,
3329 4722 3422 4775 καὶ
3458 4721 3541 4783 τίς
3569 4719 3670 4790 τὴν
3695 4718 3801 4772 αὖ·

2309 4813 2484 4882 ξησιν,
2517 4813 2638 4882 ἥτις
2662 4811 2899 4881 ὑπάρχει
2941 4812 3045 4875 ἓως
3071 4811 3164 4865 τοῦ
3191 4811 3310 4878 νῦν,
3335 4812 3635 4886 ἐποιήσατο
3659 4825 3674 4839 ⁸
3704 4809 3803 4862 καὶ

2307 4907 2363 4956 ἐν
2397 4901 2552 4956 ποίου
2584 4901 2879 4955 σουλτάνου
2908 4902 3088 4973 καιρῷ
3128 4901 3305 4956 ταῦτα.
3357 4901 3669 4973 γεγόνασιν.
3699 4897 3804 4951 Ἀ-

2305 5012 2429 5048 τινα
2458 4994 3038 5064 ἐμετεγλωττῐσθησαν
3065 4994 3142 5058 εις
3199 4992 3384 5064 κοινὴν
3432 4992 3634 5062 φράσιν
3670 4984 3809 5058 παρ’

2303 5087 2436 5156 ἐμοῦ
2461 5088 2803 5142 ΜΑΝΟΥΗΛ
2850 5085 3108 5152 Μαλαξοῦ
3146 5085 3244 5139 τοῦ
3289 5079 3804 5153 Πελοποννησιακοῦ

2300 5178 2454 5248 κυρῷ
2479 5179 2746 5248 Μαρτινῳ
2777 5177 2855 5250 τῷ
2898 5177 3174 5251 Κρουσιῳ,
3206 5179 3265 5231 ἐν
3297 5175 3408 5232 ἔτει
3449 5171 3638 5247 ,αφοζᾎ
3673 5170 3809 5242 μηνὶ

2312 5270 2602 5342 Ἀπριλίῳ.

2310 5534 2400 5603 Τῷ
2453 5532 2633 5601 καιρῷ
2668 5533 2884 5612 ἐκείνῳ,
2932 5531 3069 5583 ὀποῦ
3126 5529 3467 5598 ἐπολέμησεν
3496 5525 3523 5578 ὁ
3578 5523 3815 5576 σονλτᾶν

2239 5628 2568 5696 Μεχεμὲτης
2600 5625 2804 5696 ταύτην
2861 5625 2960 5695 τὴν
3020 5621 3616 5684 Κωνσταντινοῦπο).ιν,
3669 5613 3814 5687 ἦσαν
