4176 6278
366 413 475 478 3ἶ3

1337 427 1439 486 EX
1478 427 1676 487 HIST.
1722 427 2295 490 PATRHRCIHCA
2332 434 2687 501 CPOLEOS.

3548 443 3608 503 ιιι
3625 429 3666 504 ι’

366 511 550 576 χρόνοι
609 509 719 563 ἀπὸ
756 512 1001 580 Χριστοῦ
1036 517 1349 583 γεννήσεως
1399 517 1562 584 χίλιοι
1615 518 1951 586 τετρακόσιοι

2064 528 2150 571 ιιιι·
2181 523 2308 574 anni
2342 537 2369 574 a
2407 536 2534 578 nato
2556 523 2780 578 Christo
2849 524 2997 581 mille
3049 526 3430 597 quadringenti
3490 534 3655 598 quin-

362 605 794 670 στενηντατρεῖς,
832 606 1002 675 Μαΐῳ
1042 607 1266 677 εἰκοστῇ
1304 610 1526 679 ὲννάτῃ,
1562 609 1746 678 ἡμέρα
1773 608 1953 679 τρίτῃ.

368 693 560 762 Ὅμως
582 692 839 763 ἦξευρεν,
862 699 943 751 ὅτι
984 699 1101 762 πῶς
1122 701 1170 752 0i
1204 699 1467 769 Ῥωμαῖοι
1497 701 1655 770 ἔχουν
1687 703 1957 773 πατριάρ-

366 802 467 854 χην
492 787 725 841 πάντοτε
757 790 895 843 διότι
927 791 1034 844 ὲὸὦ
1060 794 1140 854 εἰς
1164 794 1265 863 τὴν
1288 793 1445 847 πόλιν
1467 795 1644 860 ἔκαμε
1674 794 1766 848 τὸν
1792 795 1958 847 πλέον

368 877 582 944 καιρὸν),
627 881 762 947 πρὶν
821 888 956 952 περὶ
1015 882 1082 935 va
1145 884 1243 952 τὴν
1299 885 1479 956 ὲπάρη
1512 886 1761 949 ἐσοντας,
1817 886 1955 940 ὀποῦ

364 971 663 1035 ἀφέντευεν
686 974 714 1025 6
741 975 990 1044 πατέρας
1028 977 1197 1030 αὑτοῦ
1238 980 1469 1032 σουλτᾶν
1526 979 1844 1049 Μουράτης,
1874 982 1958 1041 εἰς

365 1064 467 1132 τὴν
512 1066 988 1134 Ἀδριανούπολιν.
1062 1070 1173 1123 Καὶ
1261 1072 1464 1141 ῆξευρε
1523 1074 1592 1126 τὰ
1669 1071 1958 1141 Ῥωμαϊκὰ

368 1155 542 1236 καλλὰ
578 1158 674 1210 καὶ
706 1159 1032 1225 λεπτότατα,
1057 1162 1151 1213 καὶ
1174 1162 1469 1228 τὰςτάξεις
1494 1162 1601 1216 τῶν
1639 1163 1955 1229 Ῥωμαίων.

278 1258 283 1261 ’
370 1248 571 1301 Λοιπὸν
609 1250 916 1321 ἐθαύμασε,
954 1254 1072 1316 πῶς
1119 1254 1209 1307 ὁὲν
1242 1255 1459 1322 ὑπῆγεν
1494 1259 1522 1308 6
1577 1258 1952 1327 πατριάρχης,

365 1344 433 1396 va
491 1344 582 1397 τὸν
633 1347 1045 1418 ἑπροσκυνήσῃ,
1097 1348 1177 1411 ὡς
1238 1349 1471 1418 ἀφέντη,
1530 1352 1625 1403 καὶ
1690 1351 1952 1421 ἐθυμώθη

364 1435 565 1500 πολλὰ,
604 1441 699 1490 καὶ
739 1440 1145 1507 ὲσυλλογὶζετο,
1180 1441 1231 1494 τί
1279 1442 1398 1496 έναι
1427 1444 1606 1495 τοῦτο.
1642 1445 1751 1497 Kal.
1785 1449 1844 1499 ὲν
1877 1444 1956 1513 τῷ

361 1527 479 1594 ἅμα
528 1530 727 1598 ἓκραξε
759 1533 889 1594 τοὺς
922 1533 1245 1603 κληρικοὺς,
1279 1536 1373 1588 καὶ
1408 1531 1531 1589 εἷπε
1556 1552 1572 1568 ·
1608 1538 1718 1590 Ποῦ
1751 1522 1870 1591 tu:
1926 1541 1954 1593 6

361 1621 813 1689 πατριαρχήσας,
854 1622 948 1675 καὶ
992 1624 1081 1677 ὁὲν
1127 1620 1259 1695 ἦλθε
1318 1629 1386 1680 va
1452 1627 1520 1696 μὲ
1568 1630 1949 1701 προσκυνήσῃ,

356 1712 437 1772 ὼς
501 1711 798 1779 βασιλέαν;
858 1716 1010 1769 Διότι
1066 1718 1225 1781 αὐτὸς
1276 1721 1305 1773 6
1354 1720 1645 1784 σουλτάνος
1698 1722 1952 1792 ὲπεθύμα

357 1803 536 1857 πολλὰ
566 1807 632 1858 νὰ
662 1808 845 1876 ὁμιλεῖ
865 1809 1008 1878 μετὰ
1036 1810 1133 1864 τοῦ
1149 1812 1500 1883 πατριάρχου
1537 1815 1665 1883 περὶ
1688 1814 1950 1879 πίστεως·

357 1897 454 1948 καὶ
486 1897 552 1950 va
609 1899 815 1969 ἐρωτᾷ,
882 1904 948 1955 νά
1006 1904 1257 1976 μανθάνῃ
1288 1906 1359 1958 τὰ
1397 1906 1495 1958 τοῦ
1540 1906 1699 1960 Θεοῦ.
1764 1909 1954 1979 Ὅμως

361 1982 527 2040 εἶπαν
557 1991 727 2043 αὺτοῦ
766 1994 816 2045 oi
843 1993 1123 2065 κληρικοὶ,
1152 1996 1235 2049 ὅτι
1284 1997 1393 2048 ἀπὸ
1424 1997 1594 2050 πολὺν
1628 1998 1820 2067 καιρὸν
1849 2016 1955 2051 πα-

362 2081 641 2153 τριάρχην
669 2084 760 2138 δὲν
789 2085 1024 2156 ἔχωμεν
1063 2088 1146 2141 ὅτι
1177 2090 1207 2142 6
1227 2086 1602 2159 πατριάρχης,
1632 2091 1771 2143 ὀποῦ
1794 2085 1948 2162 ἦτον,

360 2171 757 2244 θελήματικῶς
782 2178 988 2243 ζῶντος
1021 2197 1117 2234 του
1148 2179 1331 2251 ἄφηκε
1363 2181 1423 2235 τὸ
1455 2181 1675 2253 σκαμνῆ
1693 2199 1808 2249 του,
1853 2184 1952 2236 καὶ

358 2268 474 2321 ἀπὸ
499 2269 621 2323 τότε
645 2270 803 2325 ἄλλον
829 2272 917 2326 διν
950 2274 1236 2343 ὲκάμαμε.

2059 615 2321 682 quaginta
2360 624 2491 683 tres,
2537 617 2654 686 ipsa
2698 618 2834 672 urbe
2865 618 2937 673 29
2970 619 3057 672 die
3108 617 3256 682 Maii,
3302 620 3435 673 feria
3490 623 3651 674 tertia

2058 705 2189 775 (die
2218 706 2465 777 Martis),
2506 720 2689 778 capta.
2719 710 2873 764 Tunc
2896 711 2986 765 ille
3013 712 3191 776 scivit,
3234 712 3515 779 Rornanis,
3555 731 3649 769 seu

2057 798 2284 859 Gnccis,
2352 816 2570 870 semper
2632 802 2802 857 fuisse
2856 804 3229 873 patriarcham
3285 822 3299 857 :
3362 819 3648 875 propterea

2059 892 2203 957 quod
2228 892 2330 947 hac
2377 892 2430 945 in
2483 894 2638 959 urbe,
2690 904 2990 964 antequam
3046 910 3165 950 eam
3217 897 3477 963 cepisset,
3532 899 3651 967 ipse

2060 981 2329 1049 majorem
2367 986 2630 1053 temporis
2674 996 2892 1055 partem
2941 995 3219 1053 exegerat,
3272 997 3424 1055 patre
3478 988 3650 1055 ipsius

2060 1074 2270 1130 Mnrala
2343 1076 2699 1146 Adrianopoli
2733 1078 3081 1132 dominante.
3131 1077 3299 1131 Norat
3329 1080 3517 1144 itaque
3562 1096 3648 1132 res

2057 1165 2337 1223 Romanas
2371 1177 2426 1222 et
2477 1169 2703 1224 ordines
2758 1171 3328 1238 gubernationemquc
3366 1170 3647 1223 Romus-o-

2055 1272 2176 1311 rum
2203 1258 2373 1327 probe
2393 1267 2447 1312 et
2469 1271 2683 1315 exacte.
2724 1260 2965 1317 Proinde
2992 1264 3294 1317 mirabatur
3317 1263 3443 1329 quid
3466 1277 3649 1313 οτιιιςτιι

2056 1362 2203 1408 esset
2232 1354 2376 1422 quod
2412 1355 2721 1424 patriarcha
2750 1373 2859 1412 non
2889 1359 3101 1413 veniret
3129 1360 3194 1413 ad
3231 1375 3288 1413 se
3328 1357 3651 1427 suppliciter

2057 1443 2287 1498 honoris
2349 1458 2553 1505 causa.
2591 1460 2689 1512 pro
2759 1448 2982 1501 domino
3052 1462 3383 1516 agnoscens,
3458 1447 3649 1511 iraque

2059 1545 2369 1591 commotus
2398 1538 2674 1605 cogitabat
2695 1540 2826 1608 quid
2860 1541 2961 1593 hoc
2987 1540 3063 1593 rei
3091 1550 3258 1593 esset.
3291 1540 3363 1592 Ac
3385 1537 3650 1590 continuo

2056 1629 2249 1697 accitis
2275 1630 2667 1686 ecclesiasticis
2719 1632 2877 1693 viris,
2912 1632 3086 1685 dixit:
3119 1630 3221 1685 Ubi
3272 1640 3377 1694 est,
3414 1630 3504 1696 qui
3547 1644 3647 1698 pa-

2059 1720 2317 1775 triarcha:
2380 1736 2584 1777 munus
2634 1724 2847 1790 gessit?
2896 1723 3077 1789 Quare
3122 1740 3231 1777 non
3280 1723 3537 1783 accessit,
3589 1730 3648 1773 ut

2063 1814 2197 1867 mihi
2239 1821 2500 1883 tanquam
2528 1816 2638 1884 regi
2672 1817 3034 1869 reverentiam
3065 1814 3303 1869 debita'n
3338 1810 3649 1868 exhiberet?

2063 1904 2188 1959 Haec
2229 1906 2505 1960 sultanus.
2552 1907 2742 1975 Magna
2761 1908 2905 1959 enim
2926 1908 3048 1976 ejus
3068 1908 3312 1961 animum
3342 1906 3651 1960 incesserat

2061 1998 2262 2066 cupido
2291 1997 2514 2053 videndi
2552 2000 2947 2068 patriarcham,
2978 2008 3033 2052 et
3056 2015 3179 2053 cum
3210 2013 3275 2051 eo
3298 1998 3363 2053 de
3389 1998 3677 2065 religione

2040 2092 2434 2161 colloquendi,
2461 2100 2520 2146 ut
2550 2109 2612 2146 ex
2646 2109 2711 2148 eo
2738 2109 3015 2162 quaerens,
3055 2108 3143 2147 res
3185 2092 3398 2146 divinas
3447 2104 3653 2159 cogno-

2058 2190 2261 2239 sceret.
2313 2182 2469 2240 Tunc
2511 2186 2921 2255 responderunt
2969 2186 3017 2239 ei
3051 2185 3236 2240 clerici
3288 2184 3409 2237 illi:
3443 2181 3565 2235 Jam
3618 2196 3647 2232 a

2059 2274 2226 2347 longo
2286 2286 2532 2348 tempore
2592 2294 2700 2332 non
2763 2268 3031 2333 habemus
3085 2276 3477 2347 patriarcham.
3539 2272 3645 2339 Qui

355 2361 508 2417 enim
576 2365 893 2434 patriarcha
944 2368 1088 2437 fuit,
1148 2384 1248 2427 sua
1273 2378 1493 2443 sponte,
1532 2371 1713 2427 adhuc
1744 2369 1959 2436 vivens.
1999 2370 2186 2426 sedem
2267 2387 2423 2429 suam
2490 2373 2736 2443 reliquit,
2792 2383 2845 2428 et
2894 2373 2961 2427 ab
3018 2388 3082 2427 eo
3137 2380 3384 2440 tempore
3438 2364 3649 2420 nullum

357 2458 528 2514 alium
563 2460 911 2519 suﬂ‘ecimus.

428 2553 541 2606 Kal.
571 2553 816 2618 ἀκούσας
859 2556 1026 2612 τοῦτο
1055 2558 1087 2613 6
1152 2559 1469 2628 σουλτάνος,
1537 2560 1777 2617 ἔπαυσεν
1840 2560 1952 2614 ἀπὸ

357 2646 458 2699 τὸν
482 2646 658 2716 θυμὸν
690 2647 829 2701 ὀποῦ
864 2643 979 2720 εἷχε
1002 2667 1022 2683 ·
1053 2653 1151 2705 καὶ
1201 2651 1415 2724 θέλημα
1456 2655 1585 2717 τοὺς
1622 2653 1816 2716 ἔδωκε,
1855 2651 1951 2705 καὶ¹

354 2738 490 2802 τοὺς
525 2736 687 2794 εἷπε·
719 2741 952 2796 Ὀποιον
1010 2746 1221 2810 θέλουν,
1264 2747 1331 2801 va
1380 2748 1617 2816 κάμουν,
1651 2744 1796 2798 κατὰ
1849 2743 1952 2814 τὴν

361 2832 555 2885 πξστιν
590 2850 742 2892 τους.
776 2836 889 2889 Καὶ
943 2836 1125 2901 τοῦτο,
1162 2838 1301 2892 ὀποῦ
1358 2834 1515 2892 εἶπεν
1571 2839 1598 2891 ὁ
1633 2835 1950 2902 σουλτᾶινος,

356 2924 448 2978 ὅτι
500 2925 567 2979 va
613 2926 833 2996 κάμουν
899 2930 1277 3001 πατριάρχην,
1330 2931 1391 2983 τὸ
1421 2930 1597 3001 ἔκαμε
1640 2945 1709 2999 με
1736 2931 1901 3001 τέχνη
1932 2944 1947 2962 ·

355 3015 453 3069 διὰ
483 3019 552 3072 va
571 3018 808 3074 ἁκούουν
827 3022 875 3074 0!
910 3023 1262 3092 Χριστιανοὶ,
1284 3023 1367 3077 ὅτι
1398 3021 1560 3094 ἔχουν
1579 3023 1951 3097 πατριάρχην,

357 3106 432 3162 va
459 3108 692 3180 τριχουν
723 3112 807 3176 εἰς
827 3111 930 3185 τὴν
961 3112 1143 3169 πόλιν.
1913 3111 1916 3114 ’

435 3370 643 3428 Λοιπὸν
667 3378 717 3429 oi
750 3378 1035 3449 κληρικοὶ,
1063 3380 1209 3435 κατὰ
1240 3379 1334 3435 τὸν
1380 3381 1617 3451 ὁρισμὸν
1658 3378 1760 3434 τοῦ
1798 3379 1952 3433 σουλ-

350 3468 529 3522 τὰνου
555 3467 827 3535 ἑσύναξαν
880 3472 1147 3542 μερικοὺς
1180 3472 1313 3534 τοὺς
1363 3472 1595 3543 πλησίον
1650 3474 1949 3544 ἀρχιερεῖς.

353 3560 480 3612 Καὶ
543 3560 768 3614 συνόδου
821 3561 1147 3632 γενομένης,
1191 3561 1418 3627 ἔκλεξαν
1484 3564 1597 3617 ὅλοι
1648 3562 1952 3632 ὁμοφώνως

350 3651 452 3703 τὸν
501 3651 814 3719 σοφώτατον
850 3652 1036 3722 κύριν,
1084 3652 1361 3723 Γεὼργιον
1421 3654 1515 3706 τὸν
1568 3652 1877 3723 σχολάριον,
1923 3651 1952 3704 6

351 3744 549 3805 ὃποιος
581 3738 714 3812 ἦτον
737 3743 933 3813 κριτὴς
967 3743 1071 3812 τῆς
1104 3742 1399 3813 βασιλικῆς
1428 3744 1687 3812 κρίσεως,
1743 3747 1821 3806 εἰς
1852 3744 1950 3807 τὰς

353 3836 581 3903 ἡμέρας
627 3835 738 3888 τῶν
806 3835 1078 3904 βασιλέων
1115 3836 1225 3889 τῶν
1290 3835 1603 3906 Ῥωμαίων.
1661 3836 1773 3890 Καὶ
1822 3837 1952 3890 ὅταν

357 3927 585 3995 ὑπῆγεν
616 3927 651 3980 6
676 3927 931 3996 βασιλεὺς
978 3927 1233 3996 Ἰωάννης
1269 3929 1297 3981 6
1338 3927 1711 3997 Παλαιολόγος
1743 3928 1828 3991 εἰς
1852 3927 1952 3998 τὴν

369 4021 685 4090 Φραγγιαν,
718 4020 855 4074 ὀποῦ
881 4020 1100 4091 εκαμαν
1131 4020 1232 4091 τὴν
1265 4020 1461 4090 ὀγδόην
1489 4020 1707 4074 σύνοδον
1727 4037 1740 4051 ο
1773 4021 1949 4089 ἐπῆρε

352 4112 462 4166 καὶ
506 4111 689 4176 αὐτὸν,
724 4110 800 4174 ὥς
832 4109 1170 4179 σοφώτατον.
1206 4106 1380 4162 Ἧτον
1413 4108 1470 4161 δὲ
1519 4109 1723 4179 ἄνδρας
1774 4106 1949 4175 ἁγιώ-

351 4217 524 4262 τατος
584 4202 680 4253 καὶ
708 4199 1130 4263 εὐλαεέστατος.
1164 4200 1296 4263 Καὶ,
1330 4198 1405 4262 ὠς
1438 4198 1653 4252 ἔδωκαν
1683 4197 1853 4253 αὐτοῦ
1888 4198 1949 4251 τὸ

356 4296 568 4364 μικρὸν
602 4296 830 4365 μήνυμα
890 4294 981 4348 διὰ
1016 4294 1083 4347 va
1127 4293 1220 4348 τὸν
1277 4294 1525 4364 ἔκάμουν
1573 4294 1946 4364 πατριάρχην,

2132 2551 2251 2610 Hoc
2290 2570 2387 2608 rex
2420 2553 2632 2612 audito.
2662 2553 2895 2609 cessavit
2924 2554 2992 2608 ab
3027 2553 3105 2607 ira
3160 2565 3324 2618 quam
3376 2562 3651 2618 concepe—

2062 2654 2172 2711 rat,
2193 2660 2402 2715 suaque
2423 2646 2703 2701 voluntate
2738 2653 3060 2714 potestatem
3097 2644 3249 2698 dedit
3285 2644 3367 2698 eis
3396 2642 3643 2704 creandi,

2072 2738 2263 2794 dicens
2313 2739 2515 2794 :‘Vos
2580 2754 2711 2793 vero
2779 2738 2942 2792 facite
3021 2736 3394 2807 patriareham
3454 2749 3654 2804 quem-

2063 2845 2285 2902 cunque
2344 2829 2550 2885 voletis
2612 2846 2678 2883 ex
2736 2829 3053 2899 praescripto
3096 2827 3374 2899 religionis
3424 2833 3646 2880 vestrae.

2062 2922 2178 2981 Hoc
2208 2933 2416 2990 autem,
2444 2921 2590 2993 quod
2617 2922 2691 2978 ita
2726 2922 2794 2977 de
2826 2922 3078 2978 faciendo
3128 2920 3439 2991 patriarcha
3486 2918 3651 2986 dixit,

2062 3031 2173 3073 non
2202 3031 2391 3072 amore
2421 3015 2701 3088 religionis
2737 3016 2806 3070 ab
2833 3030 2899 3069 eo
2924 3014 3129 3070 dictum
3162 3011 3395 3077 fnit,sed
3428 3010 3645 3067 callide.

2058 3106 2248 3163 Voluit
2306 3107 2539 3169 scilicet,
2602 3116 2662 3160 ut
2713 3104 3045 3161 Christianis
3105 3103 3310 3174 ubique
3383 3100 3649 3169 dispersis

2057 3201 2458 3262 innotesceret,
2488 3199 2688 3254 iterum
2725 3213 2966 3268 praeesse
2995 3196 3387 3267 patriarcham,
3425 3209 3536 3264 quo
3568 3192 3651 3247 sic

2055 3289 2123 3346 ad
2153 3287 2550 3345 conferendum
2579 3302 2640 3344 se
2663 3287 2718 3341 in
2756 3289 2947 3342 urbem
2978 3289 3359 3343 allicerentur.

2124 3382 2363 3451 Accepta
2396 3380 2563 3451 igitur
2598 3378 2703 3434 hac
2738 3379 3020 3445 facultate,
3061 3380 3249 3436 clerici
3277 3380 3344 3434 de
3383 3378 3646 3433 mandato

2056 3473 2203 3544 regis
2234 3480 2640 3544 congregarunt
2676 3482 2857 3528 certos
2888 3473 3177 3543 quosdam,
3206 3472 3299 3542 qui
3356 3473 3408 3525 in
3438 3470 3644 3525 vicinia

2056 3573 2236 3627 erant,
2300 3576 2591 3618 sacrorum
2662 3562 2961 3617 antistites.
3034 3560 3145 3616 lloc
3208 3562 3372 3615 modo
3434 3564 3647 3629 synodo

2056 3666 2267 3720 coacta,
2303 3655 2591 3722 elegerunt
2634 3670 2744 3708 una
2779 3663 2963 3710 mente
2985 3662 3039 3709 et
3077 3667 3210 3708 voce
3255 3652 3643 3707 doctissimum

2054 3756 2112 3802 et
2160 3746 2658 3815 prudentissimum
2710 3746 2888 3800 virum
2925 3745 3219 3815 Georgium
3273 3742 3646 3810 Scholarium,

2053 3841 2149 3912 qui
2182 3849 2368 3897 stante
2399 3840 2579 3895 adhuc
2610 3839 2847 3911 imperio
2902 3837 3178 3901 Romano,
3209 3837 3264 3891 in
3291 3835 3500 3906 judicio
3542 3833 3645 3887 im-

2054 3931 2330 4003 peratorio
2377 3931 2622 4000 iudicem
2675 3939 2884 4002 egerat.
2940 3931 3041 3994 Ac,
3099 3945 3209 4000 quo
3256 3941 3504 3998 tempore
3551 3943 3643 3981 rex

2051 4025 2286 4080 Joannes
2311 4023 2650 4094 Palazologus
2692 4026 2744 4078 in
2775 4023 2986 4079 Italiam
3015 4023 3297 4093 profectus
3324 4025 3522 4085 fuerat,
3552 4022 3644 4076 ubi

2052 4127 2243 4172 octava
2284 4117 2527 4188 synodus
2578 4116 2723 4171 facta
2768 4124 2873 4180 est.
2916 4131 3101 4173 secum
3135 4117 3288 4171 illum
3336 4117 3480 4170 inter
3509 4115 3646 4170 alios

2052 4210 2307 4275 duxerat,
2344 4219 2406 4266 ut
2464 4211 2777 4266 eruditione
2819 4211 3106 4281 praastanti
3158 4210 3467 4282 prmditnm.
3515 4209 3645 4264 Erat

2052 4319 2221 4374 porro
2261 4302 2403 4358 idem
2456 4304 2663 4372 pietate
2694 4304 3099 4374 sanctitateque
3144 4304 3377 4374 insignis
3410 4302 3517 4356 vir.
3574 4300 3649 4357 Ut

350 4389 580 4451 τελείως
610 4387 701 4440 δὲν
728 4388 891 4457 ῆθελε
956 4387 1023 4441 νὰ
1053 4386 1117 4440 τὸ
1147 4387 1381 4457 ἀκούσῃ,
1414 4386 1537 4439 οὐδὲ
1574 4385 1641 4439 νὰ
1675 4386 1735 4439 τὸ
1786 4385 1947 4454 στέρ-

2058 4405 2239 4449 antem
2304 4395 2765 4461 signiﬁcationem
2832 4396 3022 4466 (sicut
3087 4397 3143 4450 in
3205 4395 3644 4466 patriarcharum

354 4481 467 4546 ξει,
502 4480 682 4533 ama
714 4480 861 4547 γένει
902 4479 1282 4549 πατριάρχης.
1322 4480 1385 4532 Οἱ
1441 4479 1499 4531 δὲ
1535 4479 1817 4549 ἀρχιερεῖς
1852 4477 1950 4530 καὶ

350 4574 404 4626 oi
437 4572 720 4642 κληρικοὶ,
757 4573 855 4625 καὶ
883 4574 912 4625 6
960 4571 1090 4649 λαὸς
1118 4571 1263 4635 ὅλος,
1294 4572 1395 4623 καὶ
1452 4570 1725 4632 στανικῶς
1782 4567 1952 4622 αὑτοῦ

353 4666 583 4735 ἕκαμαν
611 4665 775 4719 αὑτὸν
809 4664 1182 4734 πατριάρχην,
1235 4662 1515 4726 δώσαντες
1548 4661 1718 4715 αὐτοῦ
1750 4663 1845 4714 καὶ
1889 4662 1952 4715 τὸ

356 4758 511 4829 μέγα
538 4757 788 4827 μήνυμα.
830 4755 1276 4826 Ἐχειροτόνησεν
1305 4754 1471 4809 αὐτὸν
1508 4755 1538 4807 6
1585 4754 1947 4825 ⁹Ηρακλείας,

354 4849 507 4919 μετὰ
534 4849 632 4903 καὶ
664 4850 842 4902 ἄλλων
876 4848 1091 4901 πολλῶν
1122 4847 1451 4919 ἀρχιερέων,
1492 4847 1551 4901 ἐν
1577 4847 1657 4917 τῷ
1690 4847 1802 4915 ναῷ
1837 4845 1947 4900 τῶν

362 4942 571 5008 ’Λγίων
614 4941 985 5008 Ἀποστόλων,
1019 4940 1158 4994 ὀποῦ
1226 4940 1426 5009 εκτησε
1484 4938 1736 5008 Θεοδώρα
1781 4939 1815 5009 ἡ
1853 4938 1948 5007 βα-

357 5028 586 5087 σίλισσα
619 5076 636 5099 ,
696 5036 730 5104 ή
804 5034 1078 5104 ὁμόζυγος
1142 5031 1239 5087 τοῦ
1317 5032 1555 5102 μεγάλου
1629 5033 1947 5085 Ἰουστινια-

350 5124 447 5178 νοῦ
528 5124 620 5177 τοῦ
701 5126 992 5195 βασιλέως,
1042 5125 1139 5178 καὶ
1214 5122 1539 5185 Γεννάδιον,
1594 5122 1685 5175 τὸν
1746 5121 1951 5192 ὀνόμα-

350 5234 479 5270 σαν.

2057 4485 2341 4539 creatione
2373 4484 2493 4539 ﬁeri
2539 4482 2788 4553 solebat)
2824 4485 3115 4551 minorem,
3161 4500 3284 4555 quae
3308 4485 3645 4553 appellatur,

2055 4577 2131 4634 illi
2199 4578 2501 4643 dederunt,
2569 4585 2630 4632 ut
2694 4576 2904 4633 scilicet
2994 4578 3172 4647 ipsum
3243 4575 3648 4631 constituerent

2055 4666 2451 4739 patriarcham,
2497 4665 2651 4721 nullo
2687 4664 2849 4720 modo
2909 4681 3028 4719 eam
3064 4665 3258 4720 audire
3300 4666 3491 4729 voluit,
3547 4682 3647 4722 nec

2056 4760 2411 4829 acquiescere
2435 4759 2655 4814 illorum
2690 4757 2997 4829 suﬂragiis,’
3024 4764 3083 4811 nt
3119 4758 3430 4827 patriarcha
3468 4757 3645 4813 ﬁeret.

2054 4851 2552 4916 Pontiﬁcesvero,
2587 4858 2641 4905 et
2684 4849 2868 4906 clerici
2908 4860 2961 4903 et
2997 4850 3232 4920 populus
3274 4854 3423 4903 totus
3477 4847 3641 4901 etiam

2056 4941 2289 4997 invitum
2341 4951 2399 4998 et
2464 4943 2825 4998 reluctantem
2888 4952 3171 5004 crearunt,
3229 4942 3358 4995 data
3425 4954 3646 5010 quoque

2056 5035 2230 5089 altera
2279 5051 2400 5105 quae
2431 5035 2607 5105 major
2634 5047 2888 5105 vocatur,
2937 5051 3050 5091 suae
3079 5035 3381 5090 voluntatis
3434 5032 3644 5102 signiﬁ-

2055 5126 2292 5180 catione.
2321 5126 2595 5183 Ordinans
2643 5126 2979 5182 renuntiavit
3011 5143 3133 5183 eum
3183 5127 3457 5182 Heracleae
3500 5126 3645 5180 anti-

2052 5225 2185 5281 stes,
2214 5219 2578 5287 praesentibus
2623 5220 2745 5275 aliis
2777 5220 3132 5289 pontificibus.
3166 5222 3376 5283 multis,
3422 5222 3476 5274 in
3537 5231 3642 5274 tein

352 5320 443 5383 plo
505 5315 836 5371 Sanctorum
870 5306 1282 5386 ApeStolorum.
1319 5312 1468 5383 quod
1498 5314 1627 5369 Olim
1662 5329 1692 5369 a
1724 5313 1912 5385 regina
1978 5312 2290 5385 Tlteodora,
2330 5317 2625 5375 Justiniani
2654 5319 2830 5391 Magni
2857 5322 3111 5392 conjuge,
3136 5320 3411 5374 conditum
3444 5313 3646 5373 fuerat,

349 5416 517 5484 eique
545 5412 889 5467 Gennadiqu
919 5412 1107 5467 dixere
1137 5425 1362 5465 nomen.

466 5582 543 5635 A'.
578 5580 906 5643 ΓειὛάδιος
941 5581 972 5633 ό
1014 5576 1369 5648 Σχο.1ἁριος,
1401 5576 1431 5629 ὁ
1461 5576 1833 5644 σοφώτατος.

388 5697 633 5759 ’Τοῦτος
688 5696 832 5765 ἔγινε
870 5695 1091 5766 πρῶτος
1133 5692 1484 5763 πατριάρχης
1548 5693 1651 5744 ὲδῶ
1711 5695 1791 5755 εἰς
1844 5693 1943 5761 τὴν

354 5782 959 5852 Κιι,ινσταντινούπολιν,
1020 5786 1115 5854 ἀφ’
1159 5782 1219 5839 οὗ
1280 5784 1631 5837 ἐϐασίλευσεν
1682 5785 1855 5855 αὐτὴν
1917 5786 1945 5838 6

361 5882 525 5947 αὐτὸς
581 5881 889 5949 covini/0;,
935 5881 1007 5943 ὡς
1052 5877 1391 5949 ἐγράψαμεν.
1458 5878 1590 5947 Ka‘,
1660 5872 1808 5935 ὼσὲιν
1858 5881 1945 5935 τὶν

2174 5578 2214 5631 l.
2278 5577 2580 5632 Gennadius
2646 5577 2979 5633 Scltolarius.
3044 5579 3122 5630 vir
3177 5574 3531 5628 doctissimus.

2126 5693 2224 5747 llic
2259 5694 2363 5746 l'uit
2393 5694 2597 5762 primus
2644 5692 2694 5746 in
2742 5693 2880 5747 urbe
2916 5699 3101 5745 nostra
3153 5672 3636 5758 constantinopoli

2056 5786 2392 5853 patriarcha,
2438 5796 2726 5857 postquam
2766 5785 2883 5851 ejus
2918 5800 3009 5839 rex
3039 5782 3248 5835 exstitit
3280 5780 3636 5846 Mcchctneta,

2057 5891 2115 5936 ut
2159 5881 2416 5938 diximus.
2451 5883 2583 5938 Eum
2630 5882 2839 5951 statim,
2867 5890 2923 5935 ut
2960 5876 3287 5951 patriarcha:
3319 5873 3639 5947 dignitatem
3691 5949 3694 5952 ἢ
