4176 6278
360 298 457 363 321

431 422 496 471 ιι.
538 415 670 468 ’ἰδοῦ
700 412 807 482 γὰρ
834 413 978 480 τρεῖς
1013 408 1245 476 λέγομεν
1278 409 1369 459 καὶ
1401 408 1515 459 ἕνα.
1756 450 1759 451 ν
1967 405 2011 458 Α

429 510 493 563 Τ.
537 506 700 560 Ἀλλὰ
740 501 947 568 δίδαξον
989 502 1157 572 ἡμᾶς,
1205 501 1317 561 πῶς
1361 500 1477 550 ἐστι
1522 498 1617 549 καὶ
1660 490 1738 558 εἷς
1786 496 1940 556 Θεὸς,

361 603 453 655 καὶ
484 600 600 659 πῶς
631 595 793 649 πάλιν
821 595 950 666 τρία
980 593 1269 661 πρόσωπα,
1305 590 1433 642 ἐπεὶ
1463 588 1781 658 θαυμαστὸν
1810 588 1942 656 ἡμῖν

360 693 504 744 δοκεῖ
527 688 706 750 τοῦτ’),
735 688 883 749 ὅπως
915 688 1005 739 καὶ
1036 679 1114 747 εἷς
1147 686 1264 736 ἐστι
1295 682 1427 745 Θεδς
1457 683 1552 735 καὶ
1579 681 1705 750 τρία
1738 681 1846 732 sisi.
1878 680 1944 732 τὰ

366 785 637 847 πρόσωπα
670 778 861 832 αὐτοῦ.

437 877 504 928 ll.
543 875 742 925 ’Λκουε
796 872 1066 935 συνετῶς,
1118 872 1210 922 καὶ
1261 869 1477 938 νοήσεις
1522 866 1581 919 τὸ
1631 866 1731 934 τῆς
1781 864 1943 933 ἁγίας

366 965 593 1035 Τριάδος
630 954 931 1034 μυστήριον
952 1004 966 1027 ,
1003 961 1181 1024 καθὼς
1214 961 1437 1013 δύναται
1468 961 1594 1021 νοῦς
1628 960 1818 1025 νοῆσαι
1852 958 1941 1008 dw-

367 1058 678 1127 ορὼπινος,
721 1055 796 1119 ὡς
842 1057 966 1125 ἐμοὶ
1006 1054 1193 1107 δοκεῖ·
1242 1056 1381 1123 πλὴν
1425 1053 1486 1105 τὸ
1529 1054 1671 1105 κατὰ
1715 1051 1948 1118 δύναμιν

367 1152 502 1219 ἡμῖν
527 1148 685 1213 λέξω.
718 1146 807 1210 Ὠς
836 1147 1074 1211 γίνωσκε
1102 1144 1258 1198 τοῦτο
1277 1188 1291 1213 ,
1319 1146 1401 1197 ὅτι
1428 1144 1515 1197 διὰ
1543 1142 1700 1196 τοῦτο
1730 1143 1950 1210 λέγεται

368 1246 397 1294 ὀ
436 1242 566 1301 Θεδς
607 1240 1034 1309 ἁνερςιήνευτος,
1068 1239 1156 1292 δια
1190 1239 1248 1290 τὸ
1285 1238 1347 1290 οὐ
1389 1236 1668 1305 δυνάμεθα.
1712 1232 1950 1287 καταλα-

369 1333 487 1385 ϐεῖν
520 1327 686 1383 αὑτοῦ
720 1328 820 1398 τὴν
856 1328 1039 1397 φύσιν,
1073 1329 1191 1381 οὐδὲ
1228 1328 1412 1397 ὅμοιός
1446 1328 1594 1380 ἐστιν
1625 1328 1758 1397 ἡμῖν
1794 1342 1949 1395 μονο-

373 1426 686 1497 πρόςωπος.
723 1424 781 1475 Εἰ
812 1423 918 1491 γὰρ
946 1416 1033 1492 ἦν,
1063 1420 1436 1490 ὲγινώσκομεν
1464 1420 1532 1472 ἂν
1559 1420 1741 1482 αὑτὸν,
1770 1416 1844 1479 ὡς
1869 1434 1951 1484 γι-

371 1518 655 1586 νώσκομεν
679 1515 942 1583 ἀλλήλους
966 1515 1112 1583 ἡμᾶς
1132 1529 1147 1545 ο
1175 1513 1313 1566 ἀλλά
1338 1514 1489 1564 ἐστιν
1511 1505 1590 1573 εἷς
1620 1512 1718 1579 μὲν
1742 1509 1771 1561 6
1796 1508 1951 1572 Θεὸς,

370 1613 440 1664 τὰ
467 1610 523 1662 δὲ
562 1609 825 1678 πρόσωπα
858 1608 1024 1676 αὐτῆς
1049 1606 1151 1674 τῆς
1185 1605 1439 1673 θεότητος
1469 1604 1597 1672 τρία
1618 1618 1633 1634 ⁸
1662 1603 1754 1656 καὶ
1787 1600 1952 1673 βλέπε

373 1704 470 1756 ἀπ’
501 1691 622 1773 ἄρτι
656 1701 724 1753 τὰ
755 1700 812 1752 λε
826 1699 1053 1768 γόμενα.
1083 1699 1296 1767 ’Ὠσπερ
1331 1698 1477 1750 ἐστιν
1512 1697 1665 1767 ἥλιος
1701 1692 1800 1761 εἷς,
1838 1696 1864 1748 ὁ
1897 1694 1953 1746 δὲ

371 1796 525 1865 ἥλιος
553 1795 662 1863 ἔχει
692 1794 885 1847 ἀκτῖνα
913 1796 1006 1845 καὶ
1035 1792 1176 1860 φῶς,
1201 1794 1294 1845 καὶ
1320 1791 1459 1844 εἰσὶν
1483 1794 1540 1843 ὲν
1566 1790 1643 1857 τῷ
1671 1788 1806 1859 ἡλίῳ
1834 1804 1954 1857 σχε-

371 1887 465 1939 δὸν
501 1886 770 1954 πρόσωπα
804 1883 965 1951 τρία,
1005 1884 1222 1948 δίσκος,
1257 1881 1414 1945 ἀκτὶς
1451 1882 1544 1935 καὶ
1578 1881 1693 1950 φῶς
1721 1898 1734 1910 ·
1773 1879 1957 1941 δίσκος

375 1978 482 2047 μὲν
520 1978 580 2030 τὸ
620 1974 779 2044 σῶμα
815 1976 906 2029 τοῦ
945 1975 1120 2047 ἡλίου,
1159 1976 1317 2038 ἀκτὶς
1354 1974 1411 2028 δὲ
1451 1976 1484 2046 ἡ
1521 1970 1957 2039 καταδαινομένη

374 2068 818 2139 Ααμπαδοφανῶς
850 2068 946 2123 καὶ
984 2068 1257 2138 κρούουσα
1289 2068 1423 2133 πρὸς
1455 2065 1552 2136 τὴν
1583 2064 1688 2134 γῆν
1710 2103 1724 2129 ,
1755 2063 1872 2132 φῶς
1899 2062 1957 2116 δὲ

373 2162 440 2215 τὸ
481 2162 712 2230 φωτίζον
750 2159 844 2214 καὶ
885 2163 966 2223 είς
1004 2161 1129 2223 τοὺς
1170 2157 1513 2221 ὲπισκιὼδεις
1548 2156 1747 2220 τόπους
1787 2152 1959 2226 χωρὶς

374 2253 599 2315 ἀκτῖνος
622 2268 636 2284 ⁸
664 2253 763 2306 καὶ
796 2251 903 2304 ίδοὺ
938 2250 1124 2320 σχεδὸν
1152 2251 1424 2320 πρόσωπα
1451 2249 1598 2319 τρία,
1624 2250 1830 2313 δίσκος,
1859 2250 1959 2302 ἀκ-

372 2349 463 2410 τὶς
494 2345 588 2399 καὶ
622 2342 736 2412 φῶς
762 2359 776 2374 ο
807 2343 870 2396 οὐ
902 2342 1134 2413 λέγομεν
1163 2344 1310 2414 τρεῖς
1341 2342 1526 2412 ἡλίους
1547 2382 1563 2409 ,
1599 2341 1716 2396 ἀλλ’
1738 2342 1833 2396 ἕνα
1864 2342 1960 2396 καὶ

380 2439 565 2510 μόνον,
601 2436 722 2489 οὐδὲ
754 2434 985 2502 λέγομεν
1019 2434 1310 2505 πρόσωπον
1343 2434 1424 2501 ἓν,
1457 2435 1595 2488 ἀλλὰ
1628 2435 1754 2504 τρία
1788 2435 1961 2503 πρόσε-

376 2546 526 2584 ωπα.
619 2527 747 2581 Ἐὰν
776 2526 885 2596 γὰρ
918 2525 1222 2598 ἐρωτηθῇς,
1259 2527 1415 2579 πόσοι
1449 2524 1589 2596 ἥλιοι
1623 2526 1761 2580 εἰσιν
1794 2528 1851 2579 ὲν
1882 2525 1960 2594 τῷ

376 2619 635 2689 ούρανῷ;
670 2619 886 2686 μέλλεις
919 2620 1091 2671 εἰπεῖν
1112 2659 1127 2682 ,
1157 2618 1239 2671 ὅτι
1270 2613 1351 2681 εἷς
1379 2620 1526 2688 ἥλιος
1559 2619 1703 2671 ἔστιν
1729 2633 1745 2649 ο
1780 2620 1876 2671 ὲάν
1906 2618 1959 2672 δὲ

376 2699 668 2774 ἓρωττ,οῇς
708 2704 775 2757 τὰ
821 2706 1092 2777 πρόσωπα
1132 2704 1226 2759 τοῦ
1268 2706 1424 2777 ἡλίου
1469 2710 1610 2760 πόσα
1652 2708 1793 2769 είσίς
1837 2708 1958 2760 είπὲ

378 2798 528 2867 τρία,
554 2797 757 2861 δίσκος,
783 2798 939 2860 ἀκτὶς
966 2801 1063 2852 καὶ
1088 2796 1202 2860 φῶς
1228 2813 1239 2827 ·
1285 2826 1353 2837 --
1376 2799 1547 2862 οὕτως
1575 2799 1685 2852 νόει
1710 2801 1805 2853 καὶ
1833 2800 1960 2871 περὶ

377 2888 477 2943 τοῦ
513 2887 668 2942 Θεοῦ.
707 2887 837 2950 Θεὸς
877 2889 976 2956 μὲν
1010 2881 1110 2954 εἷς,
1147 2890 1416 2957 πρόσωπα
1451 2889 1506 2943 δὲ
1540 2890 1633 2943 τοῦ
1672 2891 1786 2955 ἑνὸς
1821 2892 1958 2946 Θεοῦ

378 2982 528 3052 τρία,
557 2978 768 3051 Πατὴρ,
798 2979 925 3043 Υίδς
960 2978 1054 3033 καὶ¹
1084 2980 1238 3048 ἆγιον
1271 2980 1493 3050 Πνεῦμα
1518 2999 1528 3009 '
1556 2984 1652 3036 καὶ
1678 2984 1742 3036 ὲκ
1766 2985 1957 3038 τούτου

1513 280 1927 347 CONFESSIO
1971 278 2183 338 FlDEl
2234 278 2493 338 PRIOR.

3517 276 3623 339 322

2114 398 2174 447 Ρ.
2221 395 2355 449 Ecce
2390 396 2468 450 sic
2504 410 2624 451 esse
2661 403 2768 449 tres
2803 394 3038 449 dicimus
3074 403 3126 448 ct
3164 408 3356 451 unum.

2118 487 2181 540 Τ.
2227 486 2431 541 Doceas
2474 503 2591 552 nos,
2626 503 2833 556 qua'so,
2865 487 3142 557 quomodo
3179 495 3263 541 est
3306 502 3450 542 unus
3486 487 3629 545 Deus
3711 500 3715 505 ’

2046 585 2099 630 et
2151 588 2260 631 tres
2312 592 2576 645 persome,
2610 578 2862 645 quoxtiaut
2917 580 3076 633 nobis
3129 580 3327 633 mirum
3388 580 3622 643 videtur,

2047 671 2320 734 quomodo
2353 685 2495 723 unus
2525 668 2666 724 Deus
2703 670 2794 733 sit,
2830 680 2880 724 et
2913 680 3021 725 tres
3060 671 3108 724 in
3136 685 3204 724 eo
3245 685 3512 740 personw.

2119 852 2182 907 P.
2219 834 2632 917 Animadverte,
2666 869 2872 922 qumso,
2906 864 2960 909 et
2996 854 3155 908 facile
3189 855 3393 923 poteris
3427 855 3630 909 intelli-

2051 961 2177 1012 gere
2230 947 2549 1015 mysterium
2602 956 2806 999 sanctae
2832 946 3138 1011 Trinitatis,
3166 956 3429 1015 quantum
3481 962 3632 1000 mens

2053 1038 2291 1089 humana
2339 1038 2516 1091 valeat
2550 1038 2856 1107 intelligere
2903 1055 2918 1090 :
2955 1054 3052 1108 ego
3082 1048 3262 1092 autem
3292 1055 3390 1108 pro
3422 1040 3631 1098 viribus

2052 1128 2359 1196 exprimere
2399 1130 2751 1184 contendam.
2812 1129 3021 1183 Idcirco
3076 1129 3277 1183 dicitur
3328 1129 3471 1185 Deus
3524 1146 3629 1184 non

2054 1218 2507 1287 intr-rprehbilis,
2540 1222 2667 1287 quia
2712 1236 2820 1275 non
2863 1221 3043 1290 possis
3069 1221 3189 1291 ejus
3224 1234 3474 1276 naturam
3506 1239 3632 1290 per-

2054 1310 2263 1379 cipere,
2296 1326 2473 1379 neque
2516 1312 2715 1366 similis
2762 1323 2845 1367 est
2902 1314 3008 1367 ulla
3057 1316 3217 1369 nobis
3266 1330 3521 1384 persona.
3576 1318 3632 1369 Si

2054 1401 2199 1453 enim
2249 1410 2393 1454 esset
2424 1416 2657 1469 persona
2686 1403 2869 1467 unica,
2905 1404 3057 1458 illum
3102 1406 3293 1474 procul
3328 1407 3495 1461 dubio
3538 1420 3632 1460 co-

2056 1508 2467 1562 gnosceremus,
2501 1496 2963 1563 quemadmodum
3004 1513 3106 1551 nos
3148 1498 3379 1553 invicem
3436 1514 3637 1569 cogno~

2058 1587 2291 1640 scimus.
2345 1585 2451 1641 Sed
2506 1596 2591 1641 est
2636 1604 2775 1643 unus
2802 1590 3020 1659 quidem
3062 1590 3205 1645 Deus
3232 1630 3246 1655 ,
3303 1600 3416 1645 tres
3456 1600 3637 1645 autem

2060 1694 2304 1741 persona:
2357 1679 2605 1749 ejusdem
2660 1682 2913 1749 deitatis;
2964 1684 3188 1753 proinde
3267 1684 3641 1738 animadverte

2061 1785 2180 1839 qui!
2210 1771 2407 1824 dicturi
2452 1787 2666 1827 sumus.
2699 1773 3173 1838 Quemadmodum
3222 1783 3308 1831 est
3355 1791 3497 1830 unus
3536 1776 3640 1838 sol,

2061 1864 2153 1932 qui
2192 1863 2411 1932 quidem
2445 1867 2628 1919 radios
2661 1866 2823 1921 habet
2853 1876 2907 1921 et
2936 1867 3146 1933 lumen,
3172 1877 3413 1937 suntque
3450 1867 3502 1921 in
3530 1868 3644 1922 sole

2061 1963 2173 2010 tres
2199 1954 2353 2023 quasi
2387 1971 2656 2024 personm.
2687 1957 2999 2012 substantia
3044 1959 3201 2021 solis,
3247 1959 3437 2013 radius
3471 1968 3524 2013 et
3558 1959 3645 2013 lu-

2063 2062 2223 2111 men;
2266 2046 2455 2102 radius
2492 2064 2654 2114 vero,
2704 2050 2796 2117 qui
2830 2050 3120 2115 discedit,
3150 2050 3423 2118 lampadis
3474 2051 3646 2105 instar

2063 2147 2260 2192 terram
2311 2140 2649 2208 percutiens,
2684 2140 2864 2194 lumen
2906 2150 3086 2195 autem
3114 2180 3130 2207 ,
3187 2144 3333 2211 quod
3371 2144 3645 2196 illtnuinat

2062 2230 2179 2284 loca
2239 2231 2555 2298 tenebrosa,
2606 2231 2814 2302 absque
2867 2234 3019 2287 radio
3070 2250 3251 2289 :ecce
3300 2235 3486 2305 itaque
3534 2244 3647 2289 tres

2060 2321 2219 2393 quasi
2268 2338 2538 2392 personae,
2598 2339 2799 2395 corpus
2836 2326 3053 2381 scilicet
3105 2326 3306 2392 solare,
3360 2330 3545 2382 radius
3594 2343 3649 2383 et

2061 2415 2271 2481 lumen;
2291 2430 2399 2471 non
2434 2423 2616 2471 tamen
2653 2417 2891 2473 dicimus
2919 2429 3030 2475 tres
3062 2421 3231 2485 soles,
3261 2436 3448 2475 verum
3478 2437 3646 2476 unum

2061 2516 2115 2561 et
2149 2508 2348 2574 solum,
2398 2524 2499 2563 nec
2530 2508 2765 2566 dicimus
2797 2528 3111 2582 personam-
3142 2529 3326 2580 unam,
3365 2515 3465 2569 sed
3517 2524 3647 2569 tres.

2064 2599 2118 2654 Si
2172 2602 2319 2654 enim
2368 2601 2539 2657 fueris
2583 2602 2977 2673 interrogatus,
3020 2606 3164 2674 quod
3221 2613 3350 2659 sunt
3399 2608 3543 2659 sules
3595 2607 3649 2659 in

2062 2693 2244 2746 cwlo?
2287 2693 2620 2762 respondere
2663 2695 2854 2758 debes.
2892 2694 3047 2751 Unus
3097 2709 3181 2752 est
3214 2698 3316 2752 sol.
3348 2694 3414 2751 'Si
3465 2706 3651 2750 autem

2063 2782 2430 2852 interrOgatus
2470 2784 2662 2847 fueris,
2713 2802 2836 2857 qua:
2896 2797 3025 2841 sunt
3087 2805 3332 2859 persona:
3386 2789 3439 2843 in
3498 2791 3656 2845 sole?

2062 2876 2334 2943 responde
2362 2889 2499 2941 tres,
2532 2878 2711 2932 solare
2744 2893 2968 2948 corpus,
3006 2882 3194 2935 radius
3225 2892 3279 2934 ct
3318 2882 3525 2936 lumen.
3567 2882 3656 2936 Si-

2060 2968 2267 3021 militer
2291 2964 2637 3023 sentiendum
2677 2979 2759 3023 est
2792 2972 2957 3023 etiam
2996 2972 3062 3025 de
3092 2970 3223 3027 Deo.
3263 2972 3406 3027 Deus
3433 2976 3654 3043 quidem

378 3074 644 3137 γίνωσκε,
671 3072 752 3125 ὅτι
780 3071 967 3142 ὣτπερ
995 3073 1146 3125 ἐστὶν
1175 3072 1321 3141 ἥλιος
1350 3075 1754 3144 τριπρόσωπος,
1782 3074 1955 3137 οὕτως

2072 3076 2226 3123 nitus,
2260 3076 2506 3128 persoxia:
2534 3070 2713 3115 autem
2753 3064 2806 3116 in
2839 3063 2948 3117 Deo
2993 3073 3126 3129 tres,
3169 3064 3354 3132 Pater,
3390 3064 3563 3121 Filius
3600 3080 3657 3121 et

382 3166 505 3217 ἐστὶ
546 3164 641 3218 καὶ
681 3158 759 3227 εἷς
801 3163 934 3227 Θεὸς
974 3166 1407 3233 τρισυπόστατος
1435 3179 1447 3192 ·
1495 3165 1665 3226 τύπος
1704 3164 1811 3233 γάρ
1851 3170 1967 3221 ἐστι

378 3257 479 3310 τοῦ
523 3256 730 3328 Πατρδς
768 3254 796 3307 6
838 3256 1019 3319 δίσκος
1054 3259 1081 3309 6
1122 3257 1369 3327 ἠλιακδς,
1410 3256 1583 3319 τύπος
1624 3257 1681 3309 δέ
1720 3259 1838 3309 ἐστι
1875 3259 1965 3312 τοῦ

380 3348 520 3403 Υίοῦ
553 3350 585 3411 ἡ
619 3348 793 3414 ἀκτὶς,
824 3348 918 3399 καὶ
946 3347 1113 3411 τύπος
1140 3350 1233 3401 τοῦ
1268 3349 1532 3417 παναγίου
1569 3350 1882 3417 Πνεύματος
1911 3352 1969 3403 τὸ

381 3440 504 3507 φῶς
543 3442 657 3493 ἐστι
692 3439 783 3493 τοῦ
823 3441 973 3512 ἡλίου
1000 3455 1013 3470 ⁸
1054 3442 1148 3494 καὶ
1186 3443 1309 3494 ἐπεὶ
1348 3441 1523 3505 οὕτως
1559 3443 1653 3497 ἐπὶ
1685 3444 1779 3496 τοῦ
1819 3445 1967 3513 ἡ”.ίον

379 3533 590 3595 δίσκος,
627 3533 784 3595 ἀκτὶς
825 3531 917 3584 καὶ
957 3535 1091 3599 φῶς,
1128 3535 1221 3585 καὶ
1258 3530 1337 3595 εἷς
1376 3534 1527 3604 ἥλιος
1565 3537 1659 3587 καὶ
1698 3537 1759 3589 οὐ
1798 3540 1967 3605 τρεῖς,

377 3625 592 3693 ὁμοίως
636 3625 730 3676 καὶ
775 3625 867 3677 ἐπὶ
909 3624 1004 3677 τοῦ
1053 3624 1188 3677 Θεοῦ
1240 3626 1450 3697 Πατὴρ,
1496 3628 1620 3691 Υίδς
1669 3631 1765 3683 καὶ
1812 3629 1969 3695 ἆγιογ

382 3716 615 3784 Πνεῦμα
647 3713 726 3779 εἷς
760 3716 891 3779 Θεὸς
928 3718 1020 3769 καὶ
1053 3717 1113 3769 οῦ
1150 3721 1298 3787 τρεῖς
1333 3719 1465 3773 θεοί.
1508 3721 1617 3773 Καὶ
1651 3721 1814 3774 πάλιν
1848 3721 1969 3773 εἰπὲ

378 3809 560 3868 οὕτως
584 3824 596 3839 ⁸
626 3808 748 3860 ἐπεὶ
774 3807 867 3860 τοῦ
896 3808 1045 3878 ἡλίου
1075 3809 1373 3879 ἁχὼριστος
1402 3812 1428 3862 6
1456 3810 1661 3876 δίσκος,
1693 3812 1786 3863 καὶ
1809 3813 1842 3881 ἠ
1873 3813 1971 3863 ἀκ-

378 3902 473 3962 τὶς
501 3900 592 3951 καὶ
615 3899 675 3950 τὸ
702 3898 814 3965 φῶς
841 3900 900 3950 ού
931 3899 1255 3969 χωρίζονται
1282 3899 1375 3952 ἀπ’
1401 3898 1678 3969 ἀλλήλων,
1703 3900 1792 3953 διὰ
1813 3900 1971 3954 τοῦτο

378 3992 613 4058 λέγεται
646 3986 723 4053 εἷς
755 3991 906 4060 ἣλιος
939 3991 1033 4044 καὶ
1065 3991 1125 4043 οὐ
1158 3992 1307 4060 τρεῖς
1329 4030 1344 4056 ,
1378 3990 1513 4044 διότι
1547 3992 1609 4044 οῦ
1642 3992 1969 4063 χωρίζονται

378 4088 457 4136 τὰ
486 4083 753 4152 πρόσωπα
780 4082 957 4134 αὐτῶν
981 4080 1078 4136 ἀπ’
1098 4082 1344 4152 ἀλλήλων
1365 4098 1379 4114 ο
1406 4083 1501 4136 xui.
1524 4082 1713 4154 ὥσπερ
1737 4087 1764 4136 6
1786 4085 1970 4149 δίσκος

378 4179 414 4230 ὁ
448 4174 672 4245 ἡλιακὸς
703 4173 863 4243 γεννᾲ
888 4173 987 4242 τὴν
1016 4175 1228 4239 ἀκτῖνα,
1261 4174 1354 4227 καὶ
1386 4176 1535 4245 παρὰ
1562 4174 1657 4230 τοῦ
1687 4177 1842 4249 ήλίου
1871 4178 1970 4231 καὶ

378 4267 502 4319 τῶν
534 4266 769 4317 ἀκτίνων
799 4265 1157 4335 ἐκπορεύεται
1187 4264 1245 4317 τὸ
1279 4265 1395 4335 φῶς
1419 4283 1433 4296 ·
1464 4265 1607 4320 οὕτω
1641 4268 1668 4321 6
1703 4268 1834 4331 Θεὸς
1874 4271 1968 4322 καὶ

384 4359 586 4427 Πατὴρ
614 4358 778 4427 γεννᾷ
808 4356 898 4409 τὸν
931 4356 1057 4410 Υίὸν
1088 4358 1181 4411 καὶ
1215 4358 1387 4427 Λόγον
1417 4358 1583 4413 αὐτοῦ
1606 4400 1620 4425 ,
1655 4361 1749 4414 καὶ
1778 4363 1843 4414 ἐκ
1872 4360 1969 4415 τοῦ

385 4451 608 4520 [ἰατρὸς
650 4453 744 4502 καὶ
779 4449 909 4503 Υίοῦ
945 4450 1305 4521 ἐκπορεύεται
1342 4450 1400 4504 τὸ
1437 4452 1663 4521 Πνεῦμα
1698 4454 1756 4507 τὸ
1792 4455 1972 4521 ἆγιον.

386 4544 571 4596 Βλέπε
609 4541 843 4603 συνετῶς
870 4562 883 4577 ·
917 4532 1106 4613 ὥσπερ
1138 4543 1172 4612 ἡ
1206 4544 1363 4605 ἀκτὶς
1394 4542 1490 4597 τοῦ
1525 4545 1672 4613 ἡλίου
1710 4548 1975 4599 καταϐαί-

384 4652 477 4689 νει
520 4632 581 4697 ἐξ
623 4631 852 4703 οὐρανοῦ
895 4633 1033 4704 πρὸς
1067 4634 1166 4705 τὴν
1202 4635 1305 4704 γῆν
1342 4636 1436 4690 καὶ⁴
1475 4635 1585 4689 ἀπὸ
1616 4637 1709 4688 τοῦ
1754 4637 1977 4707 ἡλιακοῦ

384 4727 584 4779 δίσκου
618 4726 677 4777 οὐ
715 4725 1047 4795 χωρίζεται,
1086 4727 1179 4779 καὶ
1213 4724 1337 4780 οὔτε
1372 4729 1437 4781 ἐκ
1472 4727 1567 4781 τοῦ
1601 4726 1832 4798 ούρανοῦ
1867 4728 1981 4781 λεί-

389 4836 527 4883 πει,
560 4816 682 4870 οὔτε
714 4820 821 4871 ἀπὸ
851 4819 950 4888 τῆς
982 4818 1107 4889 γῆς,
1142 4820 1258 4873 ἀλλ’
1284 4820 1434 4873 ἔστιν
1466 4822 1522 4873 ἐν
1552 4820 1631 4891 τῷ
1662 4820 1872 4891 ὴλιακῷ
1903 4822 1982 4876 δί-

392 4928 515 4981 σκῳ
548 4911 641 4963 καὶ
670 4913 726 4963 ὲν
753 4911 831 4981 τῷ
860 4913 1075 4983 οὐρανῷ
1108 4913 1201 4966 καὶ
1234 4915 1329 4966 ἐπὶ
1353 4916 1418 4984 τῇ
1451 4917 1519 4986 γῇ
1555 4916 1649 4968 καὶ
1682 4914 1983 4985 πανταχοῦ,

390 5005 494 5056 καὶ
534 4999 660 5054 οὔτε
699 5002 809 5055 τῶν
843 5002 956 5057 ἄνω
994 5002 1118 5057 οὔτε
1155 5005 1264 5058 τῶν
1301 5006 1453 5060 κάτω
1488 5009 1521 5077 ἡ
1565 5008 1724 5071 ἀκτὶς
1766 5006 1942 5061 λείπει
1967 5025 1983 5041 ο

389 5094 544 5148 οὕτω
576 5096 669 5148 καὶ
700 5096 728 5148 6
761 5094 890 5159 Υίδς
923 5098 1096 5164 Λόγος
1128 5098 1225 5150 τοῦ
1261 5098 1396 5151 Θεοῦ
1430 5100 1669 5169 καοῆλθε
1714 5101 1851 5170 πρὸς
1886 5103 1986 5169 τὴν

391 5185 537 5253 γῆν,
575 5183 669 5237 καὶ
707 5182 831 5238 οὔτε
873 5186 937 5240 ὲκ
970 5186 1064 5240 τοῦ
1112 5189 1317 5257 Πατρὸς
1341 5188 1555 5242 ἔλειπεν
1588 5188 1736 5255 οὔτε,
1780 5191 1845 5243 ὲκ
1878 5190 1986 5243 τῶν

390 5275 667 5344 οὐρανῶν,
702 5275 828 5328 οὕτε
852 5277 916 5328 ὲκ
949 5276 1049 5347 τῆς
1085 5277 1222 5348 γῆς,
1260 5278 1376 5332 ἀλλ’
1401 5276 1469 5349 ἦν
1500 5281 1589 5333 ἀεὶ
1625 5282 1719 5334 καὶ
1752 5281 1898 5335 ἔστιν
1932 5283 1987 5335 ἐν

391 5368 514 5426 τοῖς
564 5365 784 5428 κόλποις
826 5366 921 5420 τοῦ
967 5367 1181 5436 [ἰατρὸς
1224 5368 1554 5441 ἀχώριστος,
1605 5373 1693 5423 καὶ
1738 5372 1851 5426 ἄνω
1892 5375 1990 5426 κα)⁵

395 5457 559 5509 κάτω
580 5457 676 5508 καὶ
701 5456 981 5526 πανταχοῦ
1006 5459 1100 5510 καὶ
1123 5458 1246 5512 οὐδὲ
1271 5476 1412 5523 τινος
1435 5460 1640 5517 ἔλειπε.
1665 5462 1776 5516 Καὶ
1796 5461 1986 5534 ὥσπερ

394 5549 463 5600 τῦ
490 5546 717 5616 ἡλιακὸν
748 5546 864 5617 φῶς
898 5548 1013 5602 ἐστι
1044 5549 1137 5603 καὶ
1166 5551 1223 5603 ὲν
1254 5550 1331 5621 τῷ
1363 5550 1573 5622 ἡλιακῷ
1603 5553 1774 5624 δίσκῳ
1804 5556 1899 5608 καὶ
1928 5557 1988 5608 ὲν

396 5640 472 5707 τῇ
509 5639 691 5692 ἀκτῖνι
726 5641 821 5692 καὶ
858 5642 918 5692 ὲν
950 5640 1028 5711 τῷ
1063 5642 1278 5712 οὐρανῷ
1315 5644 1409 5698 καὶ
1447 5645 1571 5716 ἐντῇ
1611 5649 1708 5716 γῇ,
1743 5648 1839 5699 καὶ
1876 5650 1987 5702 εἰσ-

400 5732 631 5801 έρχεται
661 5732 738 5795 είς
764 5731 862 5796 τὰς
887 5733 1065 5799 οἰκίας
1092 5737 1186 5790 καὶ
1247 5737 1521 5807 πανταχοῦ
1555 5738 1816 5807 φωτίζει·
1845 5738 1987 5795 οὕτω

2074 3152 2315 3223 Spiritus
2361 3163 2609 3209 sanctus.
2643 3155 2720 3207 Ex
2754 3154 2837 3209 bis
2883 3157 3092 3223 poteris
3130 3155 3458 3228 intelligere,
3486 3161 3654 3229 quod,

2072 3245 2533 3314 quemadmodum
2569 3253 2699 3299 sunt
2745 3247 2796 3299 in
2830 3248 2945 3301 sole
2995 3250 3093 3300 tria
3142 3248 3424 3313 distincta,
3459 3251 3533 3303 ita
3574 3260 3659 3306 est

2070 3344 2124 3387 et
2153 3351 2292 3389 unus
2344 3334 2488 3390 Deus
2535 3334 2700 3389 trium
2760 3353 3151 3407 personarum.
3200 3340 3362 3394 Patrr
3402 3353 3487 3396 est
3536 3344 3656 3412 ipse

2072 3440 2271 3496 cer-pus
2320 3429 2518 3492 solare,
2556 3427 2731 3485 Filius
2784 3439 2965 3484 autem
3019 3441 3101 3486 est
3159 3432 3369 3499 radius,
3416 3433 3659 3502 Spiritus

2070 3531 2297 3575 sanctus
2327 3530 2411 3576 est
2446 3521 2625 3575 lumen
2662 3524 2814 3577 solis.
2846 3523 2907 3575 Et
2943 3525 3082 3578 sicut
3116 3524 3169 3577 in
3205 3526 3322 3579 sole
3347 3536 3429 3579 cst
3454 3541 3660 3594 corpus

2071 3612 2274 3673 solare,
2304 3622 2386 3666 est
2429 3614 2614 3666 radius
2663 3625 2715 3667 et
2753 3615 2956 3677 lumen,
2987 3625 3040 3668 et
3075 3628 3257 3670 tamen
3291 3634 3432 3673 unus
3456 3634 3490 3672 s
3514 3622 3570 3681 »1,
3602 3628 3657 3672 rt

2073 3718 2181 3757 non
2220 3712 2368 3781 tres;
2411 3703 2666 3758 similiter
2696 3715 2749 3759 et
2780 3707 2834 3758 in
2873 3708 2983 3759 Ι)εο
3026 3704 3208 3770 Pater,
3241 3708 3411 3763 Filéus
3448 3720 3499 3762 et
3532 3713 3657 3779 Spi-

2072 3798 2211 3851 ritus
2253 3804 2477 3850 sauctus
2524 3813 2667 3852 unus
2710 3798 2855 3853 Deus
2895 3807 2947 3853 et
2985 3815 3093 3854 non
3132 3811 3242 3855 tres
3278 3802 3373 3855 dii.
3432 3802 3661 3874 Insuper

2071 3889 2160 3943 die
2192 3888 2293 3944 sic.
2327 3888 2558 3955 Quando
2587 3890 2895 3945 substantia
2927 3891 3061 3946 solis
3090 3905 3141 3947 et
3170 3894 3359 3949 radius
3393 3904 3447 3949 et
3475 3897 3657 3951 lmnen

2074 3996 2181 4034 non
2234 3982 2468 4035 invicem
2511 3994 2870 4051 separantur,
2919 3995 3205 4055 propterea
3261 3988 3465 4043 dicitur
3516 4006 3663 4045 unus

2073 4057 2176 4136 sol,
2216 4084 2269 4129 et
2296 4090 2406 4129 non
2436 4082 2571 4141 tres,
2597 4077 2724 4145 quia
2766 4091 2875 4131 non
2910 4088 3240 4146 separantur
3278 4081 3348 4135 ab
3378 4081 3613 4137 invicem
3642 4098 3660 4149 ;

2073 4178 2127 4222 et
2158 4166 2622 4237 quemadmodum
2659 4167 2972 4224 substantia
3001 4171 3134 4227 solis
3172 4172 3426 4241 producit
3456 4172 3662 4240 radios,

2074 4270 2129 4316 et
2152 4277 2180 4315 a
2207 4262 2321 4316 sole
2363 4274 2416 4315 et
2440 4261 2615 4316 radiis
2640 4262 2895 4331 procedit
2934 4265 3117 4319 lumen
3155 4283 3169 4320 :
3205 4268 3277 4320 ita
3304 4265 3465 4322 Pater
3494 4266 3662 4337 gene-

2081 4364 2162 4408 rat
2195 4352 2392 4407 Filium
2423 4368 2518 4407 seu
2554 4351 2791 4409 Verbum
2818 4357 2939 4423 ejus
2968 4365 3021 4410 et
3055 4374 3083 4411 a
3108 4356 3271 4413 Patre
3295 4370 3348 4413 et
3372 4358 3512 4413 Filio
3544 4375 3667 4427 pro-

2084 4445 2232 4499 cedit
2278 4444 2519 4515 Spiritus
2551 4454 2797 4500 sanctus.
2838 4445 2926 4501 Sis
2976 4448 3141 4515 igitur
3170 4459 3408 4505 attentus
3457 4465 3665 4519 quaeso.

2085 4537 2243 4604 Quod
2286 4540 2430 4593 sicut
2469 4539 2654 4593 radius
2694 4539 2825 4592 solis
2855 4539 3136 4595 descendit
3173 4543 3237 4595 de
3282 4544 3426 4597 εαξῐο
3456 4543 3521 4595 ad
3560 4551 3671 4597 ter-

2089 4646 2205 4685 ram
2239 4638 2292 4685 et
2322 4646 2349 4683 a
2388 4645 2616 4700 corpore
2648 4631 2813 4685 solari
2849 4646 2957 4684 non
3006 4643 3315 4700 separatur,
3351 4643 3403 4687 ct
3434 4650 3609 4702 neque
3639 4650 3666 4685 a

2090 4723 2233 4778 ιτα-10
2262 4726 2416 4778 abest
2457 4737 2634 4792 neque
2666 4739 2692 4775 a
2718 4732 2887 4787 terra,
2918 4728 3013 4776 sed
3047 4735 3129 4779 est
3159 4726 3211 4778 in
3245 4741 3471 4793 corpore
3502 4725 3670 4780 solari

2092 4827 2146 4873 ct
2170 4818 2223 4871 in
2250 4819 2413 4881 cado,
2441 4819 2496 4871 in
2526 4827 2670 4872 terra
2705 4829 2758 4872 et
2787 4818 3010 4887 ubique,
3041 4835 3217 4888 neque
3246 4834 3469 4873 sursum
3496 4834 3673 4888 neque

2091 4912 2348 4967 deorsum
2380 4911 2567 4975 abest;
2614 4911 2687 4964 ita
2720 4919 2773 4964 et
2806 4909 2978 4965 Filius
3040 4927 3136 4965 seu
3185 4912 3419 4965 Verbum
3454 4910 3546 4963 Dei
3582 4912 3677 4964 de-

2094 5004 2308 5058 scendit
2339 5003 2393 5057 in
2450 5011 2654 5057 terram
2693 5011 2749 5057 et
2778 5019 2955 5071 neque
2986 5018 3014 5055 a
3048 5002 3208 5058 Patre
3246 5006 3613 5073 abesr,uequc
3646 5018 3673 5055 a

2092 5100 2256 5162 casto,
2312 5110 2492 5165 neque
2526 5112 2554 5146 a
2608 5104 2777 5158 terra,
2821 5096 2914 5149 sed
2978 5095 3082 5149 fuit
3134 5105 3187 5149 et
3237 5110 3458 5165 semper
3500 5108 3583 5149 esr
3620 5096 3673 5149 in

2093 5189 2302 5259 gremio
2351 5187 2552 5249 Patris.
2603 5187 2995 5256 inseparabilis
3026 5195 3079 5241 et
3127 5202 3345 5242 sursum
3398 5197 3456 5242 et
3513 5188 3676 5242 deor-

2097 5295 2217 5334 sum
2271 5279 2471 5348 ubique
2515 5288 2569 5333 et
2633 5293 2904 5348 nusquam
2966 5278 3138 5334 deest.
3209 5278 3277 5333 Et
3321 5278 3679 5349 quemadmo-

2096 5372 2224 5427 dum
2281 5381 2366 5429 est
2420 5372 2606 5428 lumen
2668 5374 2850 5427 solare
2896 5382 2951 5427 et
3010 5372 3063 5427 in
3109 5387 3341 5442 corpore
3399 5372 3565 5426 solari
3621 5377 3678 5423 et

2097 5466 2150 5520 in
2187 5464 2340 5519 radio
2369 5474 2423 5519 et
2461 5464 2517 5518 in
2562 5466 2702 5519 caelo
2735 5473 2789 5519 et
2815 5465 2868 5519 in
2899 5472 3047 5519 terra
3087 5475 3142 5519 et
3177 5462 3486 5532 ingreditur
3531 5462 3674 5514 inte-

2096 5554 2245 5609 riora
2281 5554 2477 5609 domus
2526 5564 2581 5611 et
2638 5557 2823 5610 omnia
2876 5555 3170 5614 illtnninat,
3210 5554 3283 5607 ita
3333 5560 3387 5605 et
3432 5551 3675 5623 Spiritus

2099 5654 2327 5701 sanctus
2351 5647 2549 5717 ubique
2575 5658 2630 5703 et
2666 5664 2790 5703 cum
2820 5645 2981 5701 Patre
3012 5653 3067 5700 et
3099 5660 3221 5697 cum
3257 5643 3397 5698 Filio
3428 5653 3512 5698 est
3546 5659 3675 5699 sur-

2098 5755 2218 5795 sum
2267 5748 2321 5795 ct
2373 5739 2654 5807 deorsum,
2707 5749 2761 5796 et
2789 5753 2983 5796 omnes
3017 5736 3267 5793 homines
3319 5736 3597 5792 illuminat
3620 5746 3671 5792 rt
