4176 6278
508 330 610 394 32Ἷ

1602 308 1983 372 GENNADH
2037 304 2149 364 ΟΡ.
2195 298 2722 363 ΡΑΤΒῘΑΗΕΙΙΈ

3684 293 3794 355 328

509 445 561 498 in
599 439 809 512 gremio
841 438 1073 501 animm;
1112 434 1192 491 sic
1222 442 1275 489 et
1303 431 1539 485 Verbum
1571 427 1684 491 Dei,
1722 425 1972 496 quamvis
2004 438 2101 476 uar-

2211 417 2432 487 πρώτην
2478 416 2733 484 γέννησιν
2780 411 2889 467 ἀπδ
2933 411 3031 480 τῆς
3088 407 3271 478 ψυχῆς
3307 406 3444 477 ἔχει,
3476 406 3590 458 ἀλλ’
3637 407 3795 475 ὅμως

509 546 625 592 tum
657 544 740 588 εει
778 541 903 585 ante
942 529 1140 584 sax-uia
1172 542 1199 579 a
1259 524 1370 579 Deo
1414 521 1597 584 Patre,
1632 536 1739 574 non
1773 518 1875 571 fuit
1909 526 2092 571 tamen

509 626 864 684 manifestum
907 622 1269 681 hominibus,
1310 616 1407 672 sed
1454 615 1557 669 fuit
1591 614 1644 668 in
1698 623 1926 682 paterno
1971 624 2097 679 gre-

510 718 641 774 mio.
670 712 1145 783 Quemadmodum
1191 724 1374 765 sermo
1424 718 1634 770 noster,
1675 705 1895 774 quando
1944 701 2099 754 volu-

509 826 651 873 mus,
702 808 971 862 formatur
1014 821 1080 859 ex
1124 803 1285 857 labiis
1327 801 1556 863 nostris,
1609 807 1666 851 et
1713 795 2100 850 manifestatur

508 902 768 957 omnibus
818 898 1171 952 astantibus:
1217 895 1291 948 ita
1334 893 1588 947 similiter
1619 897 1673 942 et
1718 888 1951 942 Verbum
1983 885 2099 955 Dei,

509 992 731 1063 quando
784 995 922 1045 bene
967 988 1193 1057 placuit,
1235 995 1424 1039 natum
1471 992 1557 1037 est
1597 981 1779 1051 (sicut
1825 995 1891 1032 ex
1940 977 2101 1031 labiis

511 1088 898 1156 prophetarum
958 1080 1063 1134 fuit
1118 1077 1477 1148 praedictum)
1527 1090 1594 1127 ex
1642 1079 1834 1127 sancta
1876 1066 2105 1137 Virgine

511 1179 707 1241 Maria,
748 1186 802 1231 et
833 1183 968 1229 tunc
998 1172 1350 1227 manifestum
1372 1168 1477 1222 fuit
1519 1167 1615 1222 toti
1663 1164 1805 1218 orbi.
1833 1160 2107 1229 Quemad-

513 1268 735 1323 modum
772 1264 919 1320 enim
969 1261 1357 1317 manifestatur
1402 1272 1584 1312 sermo
1615 1265 1840 1317 noster,
1874 1268 1998 1307 cum
2035 1254 2108 1307 sit

511 1366 676 1414 natus
709 1373 776 1412 ex
826 1354 991 1410 labiis
1022 1352 1236 1407 nostris
1258 1392 1274 1417 ,
1306 1350 1380 1403 ita
1423 1360 1477 1405 et
1509 1347 1748 1403 Verbum
1794 1346 1885 1400 Dei
1920 1351 2106 1398 natum

511 1460 688 1508 estex
721 1464 887 1513 carne
921 1458 1127 1501 sanctas
1171 1443 1430 1513 Virginis,
1469 1456 1534 1494 ac
1566 1437 1980 1493 manifestatum
2025 1446 2111 1490 (πει

514 1545 615 1599 toti
656 1542 802 1605 orbi,
851 1551 905 1594 et
954 1539 1047 1607 qui
1106 1536 1335 1591 credunt
1384 1534 1438 1587 in
1478 1548 1633 1593 eum,
1668 1530 1804 1584 salii
1856 1537 2004 1583 sunt.
2054 1529 2114 1581 Et

512 1629 979 1705 quemadmodum
1027 1642 1209 1684 sermo
1262 1634 1467 1689 uester,
1501 1622 1722 1692 quando
1776 1620 2044 1673 ieiunatur
2082 1632 2111 1671 a

515 1724 693 1787 labiis,
732 1738 832 1776 nec
862 1721 933 1775 ab
971 1720 1152 1773 anima
1178 1716 1354 1781 deest,
1386 1728 1487 1769 nec
1537 1728 1566 1765 a
1615 1711 1776 1765 labiis
1826 1709 2031 1764 nostris
2060 1706 2115 1761 el

2200 510 2414 581 ἀφανὴς
2447 509 2528 562 ἔνι
2562 508 2656 561 καὶ
2708 507 2770 559 οὐ
2828 504 3185 574 φανεροῦται,
3238 500 3374 553 ἀλλὰ
3430 500 3597 553 πάλιν
3648 499 3792 567 μετὰ

2199 608 2459 674 γέννησιν
2513 602 2668 672 μένει
2717 601 2775 653 ὲν
2831 602 2947 661 τοῖς
2996 597 3095 667 τῆς
3127 595 3307 665 ψυχῆς
3354 596 3611 657 κόλποιςο
3645 582 3829 647 οὕτω¹

2202 694 2300 747 καὶ
2331 694 2356 744 ὁ
2385 689 2480 743 τοῦ
2508 688 2644 742 Θεοῦ
2670 688 2866 755 Λόγος,
2892 687 2998 739 κᾶν
3028 686 3263 754 γεννηθῇ
3299 685 3405 753 πρὸ
3434 685 3545 738 τῶν
3574 684 3793 737 αἰώνων

2202 785 2267 837 ὲκ
2315 782 2408 836 τοῦ
2451 781 2591 835 Θεοῦ
2652 780 2747 833 καὶ
2803 780 3041 847 ιιατρδς,
3066 778 3182 832 ἀλλ’
3213 779 3319 832 οὐκ
3355 778 3694 845 ἐφανεροῦτο
3734 778 3794 828 ἐν

2203 879 2316 937 τοῖς
2346 874 2682 941 ἀνθρώποις,
2715 871 2831 926 ἀλλ’
2857 867 2925 940 ἦν
2956 874 3011 923 ἐν
3042 872 3154 934 τοῖς
3188 871 3412 932 κόλποις
3448 873 3557 931 τοῖς
3592 886 3794 937 πατρι-

2206 970 2343 1030 κοῖς.
2398 967 2504 1019 Καὶ
2537 965 2726 1036 ὥσπερ
2752 967 2779 1018 6
2811 964 3079 1034 ἡμέτερος
3140 962 3319 1030 λόγος,
3345 963 3479 1015 ὃταν
3509 961 3793 1031 βουληθῶ-

2210 1076 2332 1130 μεν,
2366 1060 2623 1127 γεννᾶται
2672 1058 2737 1110 ἐκ
2786 1057 2896 1109 τῶν
2946 1055 3171 1125 χειλέων
3203 1056 3363 1123 ἡμῶν
3399 1055 3493 1106 καὶ
3525 1053 3796 1121 φανεροῦ-

2205 1169 2299 1205 ται
2330 1154 2389 1204 ὲν
2423 1150 2567 1212 ὅλοις
2620 1152 2733 1212 τοῖς
2786 1148 2945 1217 ἡμῶν
3006 1146 3407 1217 πλησιάζουσι·
3457 1145 3602 1198 οὕτω
3640 1145 3736 1197 καὶ.
3765 1146 3796 1196 6

2209 1244 2303 1297 τοῦ
2336 1244 2469 1297 Θεοῦ
2500 1245 2695 1311 Λόγος,
2721 1243 2849 1295 ὅταν
2882 1240 3203 1310 ηὐδόκησεν,
3232 1238 3523 1309 ἐγεννήθη,
3547 1237 3621 1300 ὡς
3652 1254 3793 1307 προ-

2212 1339 2427 1407 είρηται
2462 1338 2526 1389 ὲκ
2559 1337 2668 1388 τῶν
2704 1333 3052 1405 χειλέων.τῶν
3084 1331 3405 1401 προφητῶν,
3431 1332 3494 1381 ἐκ
3524 1331 3620 1398 τῆς
3654 1347 3799 1381 παν-

2214 1430 2373 1497 αγίας
2411 1427 2647 1497 Μαρίας,
2713 1428 2806 1479 καὶ
2839 1426 2961 1478 τότε
2992 1427 3183 1493 γέγονε
3221 1422 3459 1490 φανερὸς
3491 1424 3548 1472 ἑν
3583 1421 3690 1489 ὅλῳ
3717 1420 3797 1489 τῷ

2213 1524 2431 1590 κόσμῳ.
2480 1519 2568 1581 Ὠς
2618 1520 2727 1589 γὰρ
2762 1515 3096 1587 φανεροῦται
3124 1517 3151 1568 6
3179 1515 3451 1585 ἡμέτερος
3486 1514 3640 1581 λόγος
3668 1530 3797 1580 γεν-

2215 1611 2401 1682 νηθεὶς
2450 1612 2513 1664 ὲκ
2562 1610 2673 1664 τῶν
2730 1608 2955 1679 χειλέων
2984 1608 3145 1678 ἡμῶν
3173 1622 3187 1636 ⁸
3218 1606 3363 1659 οὕτω
3410 1606 3475 1674 δὴ
3517 1607 3613 1658 καὶ
3642 1607 3670 1656 6
3698 1605 3797 1657 τοῦ

2215 1700 2351 1754 Θεοῦ
2401 1700 2576 1768 Λόγος
2613 1699 2895 1770 γεννηθεὶς
2953 1700 3017 1751 ὲιι
3073 1698 3172 1769 τῆς
3232 1700 3434 1767 σαρκὸς
3484 1697 3581 1766 τῆς
3632 1696 3800 1763 ἁγίας

518 1817 572 1868 in
605 1815 831 1866 auribus
858 1809 1196 1865 audientium
1228 1815 1282 1861 et
1307 1819 1577 1874 nusquam
1604 1803 1776 1864 deest,
1806 1811 1858 1855 et
1887 1800 1929 1853 si
1958 1799 2104 1853 inille

2211 1793 2515 1863 Παρθένου,
2553 1792 2876 1864 ἐφανερώθη
2916 1794 3071 1865 πάσῃ
3099 1795 3165 1861 τῇ
3205 1792 3409 1857 κτίσει,
3456 1792 3550 1844 καὶ
3601 1791 3652 1843 οἱ
3703 1807 3799 1842 πι-

517 1906 684 1960 millia
720 1905 977 1959 audirent
1010 1914 1349 1962 sermonem,
1398 1912 1506 1952 non
1538 1895 1865 1950 diminuitur
1896 1907 2101 1957 sermo,

516 1999 611 2055 sed
661 2012 878 2067 semper
925 2009 1107 2051 sermo
1155 2000 1345 2047 noster
1402 1988 1790 2057 integerrimus
1834 1995 1919 2040 est
1967 2003 1979 2038 :
2029 1986 2101 2039 ita

520 2092 760 2147 Verbum
805 2089 897 2144 Dei
939 2097 1126 2143 natum
1176 2096 1262 2140 est
1300 2099 1367 2138 ex
1410 2082 1634 2151 Virgine
1682 2080 1875 2143 Maria,
1926 2088 1989 2133 ut
2033 2094 2100 2133 ex

520 2184 910 2255 prophetarum
940 2180 1103 2235 labiis
1136 2178 1315 2232 fuerat
1342 2175 1661 2246 praedictum
1690 2189 1705 2237 ;
1732 2180 1969 2226 attamen
2002 2186 2103 2226 nec

519 2294 551 2332 a
585 2278 749 2333 Patre
779 2274 975 2340 defuit,
1010 2287 1109 2327 nec
1135 2286 1166 2325 a
1198 2285 1384 2335 carne,
1416 2283 1521 2322 nec
1548 2268 1617 2321 ab
1639 2265 1897 2319 omnibus
1921 2264 2104 2318 bomi-

518 2371 705 2435 nibus,
753 2383 852 2422 nec
882 2366 951 2421 ab
980 2366 1239 2419 universo
1270 2362 1402 2417 orbe
1424 2400 1439 2425 ,
1492 2358 1588 2413 sed
1624 2357 1826 2425 ubique
1874 2363 2017 2419 erat,
2050 2362 2107 2409 et

519 2478 624 2516 non
658 2460 988 2515 diminutum
1020 2464 1128 2521 est,
1158 2469 1349 2509 verum
1397 2451 1798 2520 amplissimum
1839 2455 1980 2503 erat.
2031 2447 2107 2502 Ita

517 2554 762 2622 iutellige
790 2561 845 2607 et
889 2549 958 2607 de
993 2546 1174 2603 Verbo
1205 2545 1319 2610 Dei,
1361 2543 1455 2613 qui
1503 2540 1781 2611 duplicem
1829 2538 1991 2593 habet
2019 2554 2109 2608 ge-

517 2645 886 2708 nerationem,
910 2656 1072 2697 uuam
1096 2656 1159 2694 ex
1189 2640 1299 2693 Deo
1332 2634 1496 2690 Patre
1523 2643 1650 2687 ante
1683 2631 1909 2693 sacula,
1942 2645 2108 2686 carne

518 2751 649 2789 vero
680 2734 906 2788 alteram
954 2746 984 2785 a
1021 2728 1343 2785 novissimis
1373 2727 1612 2788 dierum,
1643 2721 2106 2791 quemadmodum

519 2842 703 2883 sermo
726 2833 908 2879 noster
930 2823 1164 2893 primum
1192 2818 1513 2888 producitur
1542 2814 1611 2868 ab
1632 2814 1836 2877 anima,
1867 2810 2111 2866 secundo

521 2936 552 2974 a
579 2900 759 2973 labiis.
788 2917 854 2971 Et
877 2917 991 2969 lucc
1011 2913 1080 2967 de
1094 2910 1310 2965 duabus
1333 2905 1782 2977 generationibus
1798 2902 1964 2957 Verbi
1994 2900 2113 2958 Dei.

2214 1886 2497 1951 στεύοντις
2547 1887 2697 1955 αὐτῷ
2751 1884 3040 1948 σώζονται.
3094 1886 3205 1938 Kal
3254 1884 3796 1954 ὦσπερόὴμέτερος

2212 1978 2393 2046 λόγος,
2424 1979 2554 2032 ὅταν
2606 1979 2864 2046 γεννᾶται
2918 1977 3025 2030 ἀπὸ
3080 1977 3190 2030 τῶν
3229 1960 3479 2045 χειλέων,
3528 1974 3651 2027 οὗτε
3684 1976 3797 2029 ἀπὸ

2210 2073 2312 2141 τῆς
2345 2071 2526 2141 ψυχῆς
2556 2070 2754 2133 λείπει,
2784 2069 2909 2123 οὔτε
2942 2069 3055 2143 ἀπὸ
3075 2070 3180 2122 τῶν
3203 2068 3432 2138 χειλέων
3464 2066 3642 2137 ἡμῶν,
3665 2067 3795 2120 οὕτε

2211 2165 2319 2218 ἀπὸ
2353 2164 2464 2217 τῶν
2492 2163 2672 2217 ὠτίων
2692 2163 2801 2215 τῶν
2832 2161 3163 2227 ἁκούοντων,
3190 2161 3327 2214 ἀλλὰ
3351 2160 3447 2212 καὶ
3472 2163 3527 2213 ὲν
3554 2162 3618 2230 τῇ
3641 2159 3792 2230 ψυχῇ

2212 2257 2309 2311 καὶ
2339 2257 2397 2309 ἐν
2426 2256 2541 2318 τοῖς
2569 2256 2807 2325 χείλεσιν
2831 2253 2991 2323 ἡμῶν
3020 2254 3115 2307 καὶ
3144 2254 3224 2316 εἰς
3247 2255 3317 2309 τὰ
3346 2247 3461 2307 ὦτα
3490 2251 3599 2306 τῶν
3627 2254 3795 2305 ἀκου-

2210 2351 2399 2417 όντων,
2442 2350 2536 2404 καὶ
2581 2350 2643 2404 οὐ
2694 2348 2875 2402 λείπει
2928 2348 3115 2413 ποθὲν,
3173 2348 3276 2402 κᾶν
3329 2348 3503 2417 χίλιαι
3554 2345 3797 2416 χιλιάδες

2211 2443 2493 2497 ἀκούσωσι
2547 2445 2640 2497 τὸν
2675 2442 2855 2511 λόγον,
2909 2443 3010 2496 οὐκ
3038 2442 3358 2496 ἐλαττοῦται
3392 2442 3421 2493 6
3457 2441 3634 2509 λόγος,
3674 2437 3795 2491 ἀλλ’

2212 2537 2301 2589 ἀεὶ
2329 2537 2356 2588 6
2385 2535 2541 2604 λόγος
2570 2534 2726 2605 ἡμῶν
2765 2534 3144 2605 πληρέστατος
3189 2533 3279 2603 εἴη
3304 2550 3317 2565 ·
3346 2532 3488 2586 οὕτω
3517 2533 3615 2585 καὶ
3642 2534 3669 2585 6
3698 2529 3792 2584 τοῦ

2212 2629 2351 2682 Θεοῦ
2383 2629 2553 2697 Λόγος
2582 2628 2849 2697 ἐγεννήθη
2888 2631 2952 2682 ἐκ
3005 2629 3107 2697 τῆς
3126 2627 3414 2696 Παρθένου
3444 2625 3689 2695 Μαρίας,
3717 2623 3795 2686 ὡς

2216 2721 2281 2773 ὲκ
2318 2720 2427 2773 τῶν
2462 2719 2826 2789 προφητικῶν
2878 2719 3106 2790 χειλέων
3156 2718 3519 2789 προείρηται·
3554 2716 3669 2770 ἀλλ’
3700 2711 3796 2771 οὖν

2217 2809 2342 2863 οὕτε
2371 2811 2478 2863 ἀπὸ
2510 2810 2612 2863 τοῦ
2650 2814 2863 2881 Πατρδς
2894 2813 3134 2877 ἔλειπεν,
3161 2812 3284 2867 οὔτε
3310 2815 3419 2866 ἀπὸ
3440 2812 3539 2881 τῆς
3565 2810 3796 2881 σαρκὸς,

2221 2902 2347 2956 οὔτε
2379 2903 2490 2955 ἀπὸ
2522 2900 2743 2957 πάντων
2780 2905 2888 2958 τῶν
2921 2905 3249 2976 ἀνθρώπων,
3274 2903 3401 2958 οὕτε
3426 2905 3521 2973 ἀφ’
3538 2904 3667 2974 ὅλης
3693 2903 3797 2972 τῆς

525 3012 780 3076 κτίσεως,
810 3010 948 3063 ἀλλὰ
976 3002 1254 3075 πανταχοῦ
1281 3002 1465 3073 παρῆν
1492 3001 1587 3055 καὶ
1618 3000 1720 3053 οὐκ
1744 2997 2105 3068 ἐλαττονήθη,
2136 2997 2275 3052 ἀλλὰ
2305 2999 2680 3069 πληρέστατος
2712 2997 2802 3072 ἦν.
2846 3001 3006 3055 Οῦτω
3072 3003 3184 3055 νόει
3211 3002 3304 3054 καὶ
3337 3002 3469 3070 περὶ
3530 2999 3625 3052 τοῦ
3695 3000 3798 3053 Λό-

526 3124 627 3176 γου
662 3104 755 3158 τοῦ
787 3101 949 3165 Θεοῦ,
994 3102 1079 3153 ὅτι
1115 3097 1307 3168 διπλῆν
1354 3096 1468 3166 εχει
1516 3094 1619 3166 τὴν
1661 3095 1942 3163 γέννησιν,
2004 3090 2135 3160 μίαν
2173 3091 2237 3145 ἐκ
2264 3093 2401 3146 Θεοῦ
2438 3094 2676 3166 Πατρὺς,
2711 3097 2808 3148 καὶ
2863 3096 2994 3165 μίαν
3048 3097 3113 3149 ἐκ
3177 3094 3279 3164 τῆς
3332 3095 3568 3162 σαρκός·
3632 3094 3726 3146 καὶ
3764 3096 3833 3159 ἠέ

533 3204 633 3274 μὲν
666 3204 729 3254 ἐκ
758 3198 850 3252 τοῦ
886 3196 1099 3267 ΙΙατρὸς
1133 3192 1488 3266 προαιώνιος,
1522 3191 1550 3261 ἢ
1581 3189 1639 3243 δὲ
1671 3191 1734 3244 ἐκ
1767 3189 1867 3258 τῆς
1908 3188 2115 3260 σαρκὸς
2154 3188 2243 3240 ἐπ’
2286 3190 2537 3259 ἐσχάτων
2562 3191 2672 3246 τῶν
2703 3192 2929 3262 ἡμερῶν
2952 3204 2968 3221 ⁸
2999 3190 3192 3260 ὥσπερ
3225 3191 3253 3243 6
3318 3190 3585 3257 ἡμέτερος
3641 3186 3798 3252 λόγος

530 3295 747 3363 πρῶτον
781 3290 1036 3359 γεννᾶται
1078 3283 1188 3339 ἀπδ
1236 3283 1337 3343 τῆς
1388 3278 1593 3351 ψυχῆς,
1626 3281 1655 3334 6
1710 3278 1964 3349 δεύτερος
2016 3278 2126 3331 ἀπὸ
2193 3280 2302 3333 τῶν
2353 3280 2615 3352 χειλέων*
2654 3280 2752 3335 καὶ
2798 3279 2970 3334 ταῦτα
3016 3278 3293 3349 περὶτῶν
3338 3276 3433 3332 δύο
3485 3278 3800 3349 γεννήσεων

527 3388 621 3442 τοῦ
651 3387 827 3453 Λόγου
858 3383 950 3436 τοῦ
976 3379 1139 3435 Θεοῦ.

597 3483 662 3538 Τ.
698 3480 837 3547 Quid
868 3489 950 3533 est
973 3487 1264 3532 commune
1293 3478 1501 3528 sancta:
1529 3465 1855 3523 Trinitatis?

604 3575 662 3629 P.
694 3576 1003 3628 Commune
1053 3577 1139 3622 est
1186 3563 1519 3626 substantia,
1562 3576 1760 3615 carens
1816 3557 2113 3627 principio,

533 3680 805 3740 potestas,
845 3666 1065 3721 bonitas
1093 3677 1156 3717 ac
1185 3660 1425 3730 iustitia,
1461 3669 1516 3712 et
1545 3658 1730 3711 omnia
1786 3655 1903 3708 haec
1937 3666 2116 3722 arqua-

536 3765 663 3817 liter
692 3764 853 3815 habet
894 3760 1076 3821 Pater,
1125 3754 1323 3819 Filius,
1360 3750 1599 3822 Spiritus
1647 3756 1872 3803 sanctus
1919 3752 2118 3816 praeter

538 3858 686 3925 ipsas
711 3854 1101 3923 ριορτίοτοιρε.

608 3948 673 4000 T.
712 3946 854 4010 Quid
884 3953 965 3995 est
994 3939 1284 4013 proprium
1319 3934 1547 3989 Patris?

607 4038 670 4091 Ρ.
708 4035 1044 4103 ingenitum.

506 4154 513 4158 -
608 4128 672 4179 'f.
707 4124 847 4189 Quid
884 4130 968 4176 est
1002 4117 1285 4190 proprium
1314 4114 1486 4169 Filii?

610 4218 668 4271 l’.
699 4217 974 4271 Genitutn.
1270 4228 1275 4231 '

610 4309 674 4365 T.
712 4309 852 4373 Quid
880 4320 960 4362 est
989 4305 1270 4377 proprium
1302 4302 1542 4374 Spiritus
1578 4298 1801 4355 sancti?

616 4403 674 4457 ιδ.
707 4401 1035 4457 Procedens.

611 4495 673 4549 Τ.
709 4493 765 4546 In
800 4493 908 4547 Deo
930 4504 1066 4562 quot
1092 4498 1323 4545 naturas
1359 4488 1596 4545 fateris?

615 4588 668 4641 P.
703 4587 757 4640 lu
785 4587 893 4640 Deo
916 4586 1149 4640 dicimus
1176 4600 1337 4639 unam
1365 4594 1641 4649 naturam,
1672 4599 1836 4639 unam
1861 4582 2118 4649 formam,
2174 4583 2182 4591 '

542 4698 711 4736 unum
759 4696 955 4742 genus,
1010 4694 1175 4733 unam
1245 4679 1498 4751 gloriam,
1555 4693 1718 4733 unam
1771 4678 2117 4746 dignitatem,

544 4788 706 4829 unam
740 4771 1201 4825 dominationem.

607 4865 672 4920 Τ.
704 4865 1040 4935 llypostases
1071 4874 1205 4934 quot
1233 4862 1433 4917 fateris
1464 4862 1518 4915 in
1552 4860 1709 4915 Deo?

612 5042 671 5096 P.
701 5043 756 5096 ltt
788 5045 896 5095 Deo
926 5042 1163 5097 dicimus
1203 5048 1318 5094 tres
1348 5054 1641 5111 personas,
1694 5039 1799 5095 tria
1839 5040 2124 5097 individua

543 5144 594 5188 et
628 5145 738 5188 tres
768 5133 992 5187 fortnas.

615 5226 680 5279 T.
716 5225 780 5279 Et
807 5241 905 5279 cur
936 5227 1134 5279 dicitur
1166 5237 1319 5295 pater
1354 5225 1552 5281 Pater?

622 5316 677 5371 P.
736 5314 898 5368 Pater
954 5316 1155 5368 dicitur
1217 5316 1358 5370 Deus
1427 5319 1495 5372 ab

546 5409 735 5477 τηρεῖν
763 5405 864 5478 (1).

619 5498 682 5551 Τ.
715 5498 783 5552 Et
810 5495 945 5561 νιος,
979 5494 1015 5549 i.
1044 5512 1093 5549 e.
1124 5494 1295 5551 Filius
1326 5500 1471 5552 unde
1501 5498 1751 5554 dicitur?

618 5592 860 5659 ι’.Υξὸς,
914 5592 950 5646 i.
1019 5608 1068 5647 e.
1108 5590 1279 5645 Filius
1338 5592 1540 5648 dicitur
1601 5596 1669 5647 ab
1736 5594 1838 5648 hoc
1906 5594 2126 5651 nomine

623 5776 700 5843 (t)
729 5773 786 5828 ld
818 5784 899 5831 est
953 5775 1131 5829 omnia
1166 5776 1462 5830 observare.

1561 5321 1663 5375 ltoc
1722 5320 1889 5375 verbo
1947 5320 2126 5374 πάντα

2129 3467 2176 3530 C
2278 3465 2344 3518 Τ.
2372 3463 2439 3516 Τί
2470 3462 2652 3517 κοινὸν
2676 3462 2778 3531 τῆς
2808 3460 2973 3529 ἁγίας
3013 3459 3249 3530 Τριάδος
3270 3476 3297 3527 ᾗ

2289 3559 2358 3610 Π.
2395 3557 2590 3610 Κοινδν
2634 3557 2667 3625 ἡ
2707 3554 2887 3619 οὐσία,
2921 3553 3101 3606 κοινὸν
3134 3552 3196 3605 τὸ
3245 3553 3507 3622 ἄναρχον,
3546 3550 3726 3604 κοινὸν
3763 3552 3799 3621 ἡ

2217 3651 2470 3719 δύναμις,
2499 3650 2531 3719 ἠ
2581 3647 2853 3717 ἀγαθότης
2898 3649 2995 3700 καὶ
3025 3647 3056 3713 ἡ
3085 3643 3404 3711 δικαιοσύνη
3427 3660 3442 3675 ·
3477 3645 3573 3697 καὶ
3618 3645 3801 3697 πάντα

2220 3742 2277 3807 ἐξ
2302 3741 2416 3794 ἴσου
2442 3740 2554 3811 ἔχει
2577 3743 2604 3793 6
2636 3740 2826 3810 Πατὴρ
2848 3740 2943 3791 καὶ
2968 3741 2994 3791 6
3020 3738 3148 3802 Υἱὸς
3172 3738 3266 3793 καὶ
3290 3738 3352 3793 τὸ
3379 3737 3537 3806 ἅγιον
3565 3737 3804 3809 Πνεῦμα

2220 3836 2361 3905 πλὴν
2394 3836 2503 3887 τῶν
2538 3835 2685 3887 ἰδίων
2719 3832 2923 3885 αὐτῶν.

2234 3962 2241 3969 -
2291 3928 2355 3980 'l'.
2388 3928 2453 3979 Τί
2487 3926 2617 3979 ἴδιον
2646 3925 2737 3976 τοῦ
2774 3924 2985 3994 Πατρός
3012 3938 3028 3987 ;

2295 4022 2361 4076 Il.
2388 4022 2461 4072 Τὸ
2489 4020 2801 4087 ἀγέννητον.
2843 4023 2850 4029 ’

2292 4112 2356 4165 Τ.
2391 4110 2454 4163 Τί
2485 4110 2613 4162 ἴδιον
2644 4109 2806 4172 Υἰοῦ;

2294 4206 2362 4257 ll.
2392 4203 2465 4255 T6
2496 4206 2776 4273 γεννητόν.

2292 4298 2355 4351 Το
2384 4298 2449 4349 Τί
2485 4297 2616 4349 [διον
2640 4297 2733 4351 τοῦ
2766 4298 2920 4365 ἁγὲου
2945 4297 3263 4366 Πνεῦματος
3288 4311 3304 4361 ;

2234 4410 2237 4411 ν
2292 4390 2361 4443 Π.
2390 4391 2463 4442 Τὸ
2486 4391 2839 4460 ἐκπορευτόν.

2295 4485 2361 4537 Τ.
2403 4484 2525 4537 Ἐπὶ
2554 4483 2645 4537 τοῦ
2677 4483 2813 4536 Θεοῦ
2852 4482 3024 4545 πόσας
3052 4481 3243 4548 φύσεις
3266 4480 3587 4549 ὁμολογεῖς;

2295 4580 2364 4631 Π.
2403 4577 2527 4630 Ἐπὶ
2555 4578 2648 4630 τοῦ
2681 4577 2817 4629 Θεοῦ
2849 4578 2978 4645 μίαν
3007 4577 3152 4643 λέγω
3182 4575 3365 4643 φύσιν,
3394 4575 3524 4642 μίαν
3560 4574 3808 4643 μορφὴν,

2225 4668 2282 4721 ἓν
2333 4670 2510 4738 γένος,
2569 4667 2700 4738 μίαν
2761 4667 2940 4731 δόξαν,
3003 4666 3135 4737 μίαν
3194 4666 3373 4729 ἀξίαν,
3430 4664 3563 4733 μίαν
3616 4670 3812 4735 κυριό-

2154 4799 2199 4856 D
2225 4778 2384 4832 τητα.

2300 4855 2363 4909 Τ.
2428 4853 2785 4914 Ὑποστάσεις
2849 4851 2905 4904 δὲ
2971 4851 3139 4913 πόσας
3206 4851 3489 4920 ὁμολογεῖς
3553 4851 3643 4903 ἐπὶ
3709 4849 3809 4905 τοῦ

2229 4946 2364 4998 Θεοῦ
2387 4959 2402 5010 ;

2305 5040 2371 5091 ll.
2406 5037 2531 5091 Ἐπὶ
2553 5035 2648 5088 τοῦ
2671 5032 2808 5086 Θεοῦ
2832 5035 2982 5104 τρεῖς
3008 5032 3176 5101 λέγω,
3204 5035 3331 5102 τρία
3357 5035 3651 5105 πρόσωπα,
3676 5032 3811 5102 τρία.

2231 5130 2411 5198 ἄτομα
2442 5130 2536 5181 καὶ
2565 5132 2716 5196 τρεῖς
2746 5126 3129 5195 χαρακτῆρας.

2303 5223 2367 5274 Τ.
2402 5220 2512 5272 Καὶ
2540 5218 2627 5271 διὰ
2662 5220 2714 5268 τί
2747 5218 2968 5285 λέγεται
3000 5218 3181 5287 πατὴρ
3210 5219 3237 5270 6
3268 5218 3497 5285 Πατήρς

2309 5315 2376 5366 Π.
2429 5312 2617 5381 Πατὴρ
2675 5309 2893 5377 λέγεται
2939 5311 2967 5362 ὁ
2999 5309 3132 5371 Θεὸς
3182 5310 3275 5361 καὶ
3332 5310 3524 5375 Πατὴρ
3556 5306 3666 5360 ἀπὸ
3710 5304 3823 5359 τοῦ

2235 5406 2375 5459 πάντ
2389 5423 2413 5455 1
2442 5421 2507 5474 τη
2519 5405 2655 5472 ρεῖν.

2310 5498 2374 5549 Τ.
2400 5498 2509 5549 Καὶ
2540 5498 2567 5548 6
2597 5497 2722 5558 Υἱὸς
2748 5493 2837 5547 διὰ
2865 5494 2917 5549 τε
2942 5493 3163 5560 λέγεται
3194 5492 3356 5557 Υἰὸς;

2309 5588 2374 5641 Π.
2430 5586 2558 5648 Υἱὸς
2610 5585 2827 5653 λέγεται
2870 5585 3019 5655 παρὰ
3047 5583 3143 5637 τοῦ
3178 5576 3288 5647 οἷος
3311 5600 3324 5613 ο
3359 5577 3471 5645 οἷος
3500 5579 3613 5653 γὰρ
3640 5580 3668 5635 6
3696 5579 3823 5637 flm-
