4176 6278
347 378 443 442 3'29

1389 381 1809 443 CONFESSIO
1851 380 2066 440 FIDEI
2119 375 2574 439 POSTERIUH.

3490 382 3596 448 330

345 493 462 562 τὴρ,
490 490 733 554 τοιοῦτος
764 493 858 546 καὶ
882 493 909 546 6
938 494 1083 561 1‘l6;,
1116 496 1207 548 καὶ
1233 500 1408 567 τροπῇ
1435 499 1530 550 τοῦ
1557 515 1584 549 ο
1618 497 1697 560 εἰς
1720 515 1749 548 υ
1779 496 1911 556 υἱός·

2021 478 2158 560 οἶος,
2200 495 2301 548 hoc
2331 504 2410 545 est
2445 493 2606 558 talis;
2638 493 2818 562 qualis
2864 493 3012 548 enim
3055 500 3230 564 pater,
3265 498 3391 565 talis
3429 499 3595 574 liiius,

343 589 521 658 ὅμοιος
561 587 671 658 γὰρ
701 590 728 641 6
753 590 867 652 υἱὸς
897 589 974 659 τῷ
1007 591 1197 660 πατρί.

412 765 474 820 Τ.
537 765 650 818 Καὶ
711 765 773 818 τὸ
831 754 1057 836 Πνεῦμα
1117 766 1178 820 τὸ
1238 769 1396 836 ἅγιον
1447 769 1536 822 διὰ
1581 769 1634 820 τί
1694 769 1914 835 λέγεται

344 858 560 928 πνεῦμα
584 875 598 922 ;

408 951 473 1002 Π.
525 948 754 1020 Πνεῦμα
803 949 1019 1016 λέγεται
1052 962 1208 1021 παρα
1241 953 1302 1002 τὸ
1354 955 1536 1006 νοεῖν·
1581 955 1762 1008 πάντα
1810 957 1917 1024 γὰρ

340 1041 500 1106 ὀξέως
518 1033 930 1108 ἐπιειοεῐ,ἧγούν
955 1042 1137 1092 πᾶσαν
1167 1041 1354 1110 νόησιν
1380 1043 1662 1111 συντόμως
1687 1046 1922 1096 ἐπινοεῖ-

339 1147 448 1186 ται⁶
489 1133 548 1184 τὸ
579 1132 689 1202 γὰρ
713 1131 867 1200 ἅγιον
895 1132 1119 1202 Πνεῦμα
1141 1133 1315 1186 πάντα
1339 1135 1538 1204 ἐρευνᾷ
1561 1137 1656 1188 καὶ
1683 1135 1751 1189 τὰ
1773 1134 1911 1205 βά.οη

338 1220 428 1275 τοῦ
453 1222 613 1277 Θεοῦ.

408 1315 471 1366 Τ.
519 1313 644 1367 Ἐπὶ
679 1313 812 1367 Θεοῦ
848 1315 986 1368 πόσα
1018 1316 1202 1381 αῐτια;

411 1408 587 1460 Π.Ἒν
618 1407 897 1459 αἴτιονὲπὶ
920 1407 1056 1460 Θεοῦ
1079 1408 1242 1475 λέγω,
1273 1411 1365 1462 καὶ
1393 1411 1553 1463 τοῦτό
1579 1412 1725 1464 ἐστιν
1752 1413 1779 1464 6
1812 1415 1921 1466 Πα-

339 1501 443 1567 τήρ
463 1515 475 1527 ·
508 1498 672 1562 αὐτὸς
722 1500 890 1570 γεννᾷ
919 1500 1010 1552 τὸν
1061 1502 1188 1553 Υἱὸν
1218 1504 1313 1554 καὶ
1349 1503 1642 1573 ἐκπορεύει
1672 1503 1736 1556 τὸ
1764 1505 1920 1572 ἅγιον

341 1581 586 1662 Πνεῦμα.
621 1593 864 1645 Γίνωσκε
899 1595 984 1646 ὅτι
1015 1597 1042 1646 6
1073 1595 1262 1664 Πατὴρ
1302 1595 1463 1663 μόνος
1522 1597 1670 1651 ἐστὶν
1717 1597 1913 1664 αἴτιος,

339 1686 364 1736 6
391 1684 448 1736 δὲ
499 1685 628 1748 Υἱὸς
662 1685 764 1737 οὐκ
818 1684 969 1737 ἐστιν
999 1672 1177 1746 ἀἴτιος
1226 1687 1364 1738 ἀλλὰ
1416 1687 1684 1752 αἰτιατὸς,
1726 1689 1821 1740 καὶ
1857 1691 1918 1741 τὸ

339 1777 490 1844 ἅγιον
518 1775 744 1846 Πνεῦμα
767 1776 971 1844 ὁμοίως
1002 1777 1103 1828 οὐκ
1131 1776 1279 1828 ἐστιν
1307 1778 1481 1831 αἴτιον
1503 1779 1620 1830 ἀλλ’
1640 1781 1913 1832 αίτιατόνυ

2021 593 2076 638 et
2113 587 2465 638 mutationeo
2513 586 2564 638 iu
2594 603 2624 635 υ
2666 585 2913 639 Grmcum
2991 587 3126 649 υἱὸς,
3172 588 3276 644 hoc
3312 599 3392 644 est
3426 592 3594 645 filius.

2025 676 2232 747 Similis
2257 677 2399 730 enim
2451 677 2622 744 patris
2648 687 2730 728 cst
2761 677 2926 732 ﬁlius.

2097 766 2160 820 Τ.
2198 768 2260 820 Et
2291 766 2529 836 πνεῦμα,
2557 769 2592 820 i.
2623 784 2674 822 e.
2701 766 2966 836 Spiritus,
3003 773 3148 826 unde
3178 774 3406 829 dicitur?

2095 945 2154 997 Ρ.
2193 945 2274 998 Ab
2331 946 2436 998 huc
2488 947 2657 998 verho
2705 947 2858 1008 νοέω,
2908 948 2946 1000 i.
2989 963 3040 1004 e.
3080 950 3349 1019 intelligo.
3397 954 3592 1008 Omnia

2022 1039 2165 1090 enim
2203 1037 2476 1091 veraciter
2497 1047 2546 1091 et
2584 1049 2744 1094 acute
2781 1041 3041 1109 intelligit
3083 1054 3138 1096 et
3174 1046 3444 1111 providet.
3475 1047 3598 1116 Spi-

2022 1129 2162 1181 ritus
2184 1128 2328 1182 enim
2361 1143 2585 1183 sanctus
2615 1133 2799 1195 omnia
2835 1131 3081 1199 inquirit,
3112 1142 3162 1184 et
3192 1135 3596 1202 profunddates

2024 1223 2185 1273 etiam
2221 1221 2334 1274 Dei.
2975 1291 2980 1298 λ

2097 1311 2159 1366 Τ.
2191 1313 2249 1365 in
2287 1312 2392 1366 Deo
2424 1329 2544 1383 qua!
2573 1323 2700 1367 sunt
2734 1316 3006 1384 principia
3037 1319 3400 1385 proluctiva?

2093 1403 2156 1455 P.
2192 1402 2366 1457 Unum
2423 1405 2653 1459 dicimus
2707 1407 3042 1474 principium
3099 1413 3472 1476 generativum
3542 1415 3594 1466 in

2024 1492 2157 1556 Deo,
2191 1492 2251 1545 h.
2287 1509 2336 1547 e.
2383 1493 2567 1558 Pater,
2605 1497 2718 1562 ipSc
2746 1496 2891 1550 enim
2923 1510 3152 1563 generat
3181 1499 3377 1554 Filium
3408 1515 3458 1556 ct
3487 1507 3599 1572 spi-

2024 1593 2106 1638 rat
2137 1583 2403 1650 Spiritum
2442 1595 2716 1640 sanctum.
2757 1587 2934 1650 Scias,
2963 1591 3108 1658 quod
3135 1594 3284 1645 solus
3321 1603 3402 1647 est
3435 1595 3596 1648 Pater

2021 1675 2382 1742 generativus
2431 1675 2554 1730 Filii
2591 1676 2803 1744 ;Filius
2832 1691 3014 1735 autem
3037 1699 3155 1762 \non
3201 1695 3286 1738 est
3326 1691 3598 1754 generati-

2023 1783 2146 1833 vus,
2181 1770 2275 1821 sed
2307 1769 2527 1836 genitus
2564 1789 2576 1834 ;
2618 1770 2858 1839 Spiritus
2888 1783 3117 1829 sanctus
3147 1792 3256 1829 non
3281 1787 3364 1831 est
3395 1779 3599 1846 produ-

337 1869 482 1920 ὥστε
509 1869 571 1920 τὸ
605 1845 704 1936 μὲν
732 1867 906 1921 αἴτιον
933 1867 992 1921 ἐν
1023 1870 1172 1921 ἐστιν
1205 1871 1232 1921 6
1264 1869 1476 1940 Πατὴρ,
1504 1873 1574 1922 τὰ
1605 1871 1663 1923 δὲ
1693 1872 1911 1923 αἰτιατὰ

2020 1860 2221 1924 ctivus,
2255 1864 2349 1916 sed
2383 1864 2708 1929 productus.
2749 1864 2934 1933 Itaque
2966 1869 3295 1936 principium
3319 1845 3600 1938 producti-

338 1959 450 2022 δύο,
473 1961 501 2011 6
530 1959 654 2021 Υἱὸς
687 1959 782 2011 καὶ
812 1960 871 2010 16
906 1959 1062 2025 ἅγιον
1097 1959 1360 2036 Πνεῦμα.
1403 1961 1585 2022 Δῐτιος
1632 1960 1852 2028 λέγεται
1889 1964 1917 2013 6

342 2051 527 2120 Πατὴρ
552 2050 638 2103 διὰ
660 2051 720 2103 τὸ
744 2052 939 2118 γεννᾷν
969 2051 1064 2102 καὶ
1089 2051 1150 2102 ού
1179 2054 1462 2118 γεννᾶται,
1496 2051 1788 2122 ἐκπορεύει
1821 2054 1918 2106 καὶ

336 2144 435 2196 οὐκ
466 2144 861 2213 ἐκπορεύεταιο
904 2144 1070 2211 γεννᾷ
1111 2143 1212 2210 μὲν
1262 2144 1354 2195 τὸν
1414 2143 1568 2208 Υἱὸν,
1624 2145 1916 2215 ἐκπορεύει

336 2237 392 2288 δὲ
427 2237 489 2288 τὸ
528 2233 755 2300 Πνεῦμα
789 2234 851 2287 τὸ
898 2235 1057 2302 ἆγιον
1081 2250 1094 2262 ·
1152 2235 1377 2288 καιδιὰ
1429 2236 1587 2289 τοῦτο
1635 2236 1857 2305 λέγεται
1889 2241 1916 2292 6

341 2331 530 2398 Πατὴρ
558 2329 750 2390 αἴτιος.

405 2512 474 2566 Τ.
504 2511 617 2565 Καὶ
643 2512 785 2564 πόσα
813 2513 1036 2565 αἰτιατὰ
1061 2532 1072 2576 ;

337 2649 346 2656 .
410 2602 478 2656 ll.
519 2603 749 2655 Αἰτιατὰ
777 2603 892 2667 δύο,
931 2607 960 2656 6
1004 2606 1128 2668 Υἱὸς
1164 2609 1258 2660 καὶ
1287 2609 1348 2661 τὸ
1385 2610 1612 2679 Πνεῦμα
1647 2613 1703 2665 τὸ
1736 2613 1911 2679 ἅγιον.

339 2692 413 2748 Οὐ
449 2696 614 2764 γεννᾷ
644 2697 672 2746 6
701 2695 849 2758 Υἱὸς,
894 2695 1031 2750 ἀλλὰ
1063 2701 1346 2764 γεννᾶται,
1375 2703 1466 2754 διὰ
1510 2705 1667 2757 τοῦτο
1695 2705 1912 2772 λέγεται

340 2787 618 2850 αἰτιατός’
649 2788 851 2858 ὁμοίως
903 2791 998 2842 καὶ
1049 2791 1110 2843 τὸ
1158 2793 1313 2858 ἆγιον
1352 2794 1577 2864 Πνεῦμα
1607 2798 1708 2850 οὐκ
1744 2799 1913 2848 ἐκπο-

339 2879 510 2946 ρεύει,
544 2879 658 2932 ἀλλ’
687 2881 1074 2946 ἐκπορεύεται,
1107 2887 1204 2936 καὶ
1245 2885 1334 2938 διὰ
1381 2886 1541 2938 τοῦτο
1572 2887 1793 2954 λέγεται
1833 2890 1913 2940 αἰ-

337 2974 541 3026 τιατόν.
593 2973 791 3026 Λοιπὸν
838 2974 937 3026 ἐὰν
995 2992 1079 3037 τις
1115 2977 1366 3047 ἐρωτήσῃ
1423 2995 1501 3040 σε,
1538 2980 1619 3032 ὅτι
1655 2979 1748 3032 ἐπὶ
1775 2980 1912 3033 Θεοῦ

339 3065 481 3118 πόσα
508 3065 659 3118 αἴτια
686 3067 868 3134 λέγεις
891 3083 904 3130 ;
931 3067 1052 3119 εἰπὲ
1078 3067 1136 3119 ἐν
1164 3085 1177 3098 ο
1214 3073 1367 3122 ποῖον
1398 3070 1586 3136 τοῦτο;
1623 3072 1836 3142 Πατήρ.

403 3239 470 3300 Τ.
514 3245 620 3298 Καὶ
651 3245 739 3298 διὰ
770 3244 822 3295 τί
851 3243 1070 3310 λέγεται
1102 3245 1311 3310 αῖτιονς

403 3338 472 3392 ll.
515 3336 615 3389 Διὰ
662 3337 723 3389 16
771 3338 968 3407 γεννᾷν
1017 3339 1108 3391 τὸν
1165 3339 1293 3390 Υῑὸν
1344 3340 1438 3391 καὶ
1490 3341 1808 3409 ἐκπορεύειν
1855 3344 1915 3395 16

338 3429 561 3498 Πνεῦμα
588 3429 765 3496 ἅγιον.

403 3519 470 3572 Τ.
515 3519 638 3572 Ἐπὶ
683 3519 780 3588 τῆς
825 3519 989 3588 ἁγίας
1033 3522 1262 3591 Τριάδος
1302 3523 1387 3586 τίς
1437 3525 1652 3594 πρῶτος
1700 3529 1764 3579 ἐκ
1805 3528 1914 3579 τῶν

334 3609 524 3679 τριῶν,
555 3614 583 3664 6
615 3609 804 3680 Πατὴρ
835 3611 868 3681 ἢ
901 3600 1086 3674 ὁῪὶὸς
1115 3612 1148 3681 ἦ
1176 3613 1237 3664 16
1269 3615 1494 3682 Πνεῦμα
1522 3617 1583 3667 τὸ
1612 3617 1802 3684 ἆγιονς

406 3702 476 3754 Π.
513 3701 638 3755 Ἐπὶ
676 3702 776 3771 τῆς
817 3701 981 3769 ἁγίας
1021 3703 1250 3772 Τριάδος
1291 3697 1468 3767 ὀὐδείς
1509 3709 1628 3759 ἐστι
1676 3709 1912 3778 πρῶτος,

333 3794 509 3857 οὐδεὶς
545 3798 693 3848 ἐστιν
727 3793 984 3865 ὕστερος,
1023 3795 1310 3870 ἀλλαᾶμα
1347 3798 1566 3868 Πατὴρ,
1601 3798 1718 3867 ἅμα
1752 3801 1909 3865 Υἱὸς,

335 3885 448 3956 ἅμα
478 3888 572 3940 καὶ
597 3888 658 3940 16
686 3887 912 3958 Πνεῦμα
934 3887 996 3941 16
1023 3889 1178 3956 ἆγιον
1197 3905 1211 3918 ·
1243 3891 1340 3943 καὶ
1365 3890 1454 3967 6:55
1480 3889 1638 3943 τοῦτο
1661 3892 1757 3945 καὶ
1785 3910 1912 3945 συν.

335 3979 561 4049 ἄναρχοι
594 3978 868 4046 λέγονται,
905 3980 966 4032 16
1002 3984 1108 4051 πρὸ
1137 3982 1236 4050 τῆς
1270 3981 1445 4051 ἀρχῆς
1479 3983 1558 4038 ὸν.
1595 3982 1657 4039 Ὀ
1689 3985 1746 4038 δὲ
1779 3985 1912 4049 Θεὸς

332 4071 429 4123 οὐκ
459 4072 574 4140 ἔχει
604 4071 799 4142 ἀρχὴν,
829 4072 966 4126 ἀλλὰ
997 4073 1104 4142 πρὸ
1133 4073 1235 4142 τῆς
1267 4075 1441 4143 ἀρχῆς
1472 4075 1608 4141 ἔστι,
1637 4077 1724 4130 διὰ
1754 4077 1911 4131 τοῦτο

333 4163 546 4232 λέγεται
577 4163 811 4231 ἄναρχος
837 4179 851 4194 ·
885 4163 1119 4234 ἄναρχος
1149 4163 1335 4216 λοιπὸν
1362 4166 1389 4215 6
1423 4165 1640 4236 Πατὴρ,
1673 4167 1908 4236 ἄναρχος

332 4252 517 4307 λοιπὸν
548 4254 577 4304 6
616 4253 777 4318 Υἱὸς,
814 4253 1054 4322 ἄναρχον
1091 4255 1184 4306 καὶ⁹
1217 4257 1278 4307 16
1319 4255 1542 4325 Πνεῦμα
1585 4257 1740 4325 ἅγιον
1767 4277 1780 4290 ·
1817 4260 1910 4311 καὶ

334 4343 442 4398 ἰδοὺ
476 4346 824 4414 συνὰναρχοι,
853 4347 945 4398 καὶ
972 4346 1148 4408 οὐδεὶς
1181 4347 1394 4415 πρῶτος
1424 4349 1517 4402 καὶ
1547 4351 1720 4412 οὐδεὶς
1753 4350 1906 4403 6313'-

331 4452 420 4505 ρος
451 4437 542 4491 ἐπὶ
571 4439 668 4506 τῆς
700 4438 862 4504 ἁγίας
891 4438 1140 4504 Τριάδος.

2023 1967 2146 2005 vum
2199 1962 2285 2008 est
2331 1953 2492 2008 Pater
2537 1969 2589 2009 et
2633 1958 2797 2011 etiam
2831 1959 3034 2024 Filius;
3104 1964 3351 2030 producti
3413 1974 3593 2019 autem

2021 2053 2147 2097 sunt
2182 2043 2356 2100 Filius
2389 2057 2443 2101 et
2478 2045 2725 2116 Spiritus
2771 2061 3029 2107 sanctus.
3053 2052 3416 2124 LPrincipiutn
3470 2074 3592 2126 pro-

2021 2136 2303 2192 ductivum
2352 2140 2557 2194 dicitur
2598 2141 2779 2208 Pater,
2806 2145 2936 2212 quia
2962 2155 3183 2212 generat
3219 2157 3273 2200 et
3297 2165 3402 2203 non
3433 2167 3595 2219 gene-

2023 2237 2196 2292 ratur,
2225 2232 2478 2299 producit
2505 2244 2558 2286 ct
2585 2251 2690 2287 non
2725 2237 3089 2302 producitur,-
3115 2226 3344 2308 generat
3373 2242 3593 2307 quidem

2020 2318 2240 2383 Filium,
2270 2322 2442 2390 spirat
2472 2318 2655 2378 autem
2687 2325 2954 2390 Spiritum
2980 2340 3260 2398 sanctum,
3297 2342 3349 2387 et
3377 2333 3596 2389 ideodi-‘-

2020 2412 2164 2464 citur
2191 2413 2354 2468 Pater
2377 2416 2708 2484 principium
2742 2420 3156 2488 productivum.

2093 2504 2156 2558 T.
2189 2504 2255 2558 Et
2309 2516 2442 2574 quot
2497 2521 2623 2563 sunt
2653 2526 2905 2578 persona:
2943 2515 2996 2567 in
3035 2517 3235 2571 divinis
3269 2520 3597 2586 producta-1'

2092 2597 2154 2651 P.
2182 2596 2310 2651 Dure
2343 2601 2552 2654 suntin
2588 2603 2790 2657 divinis
2819 2621 3068 2673 persona:
3095 2614 3395 2677 productx,
3425 2612 3596 2666 Filius

2018 2694 2072 2740 ct
2100 2685 2343 2756 Spiritus
2371 2703 2631 2746 sanctus.
2673 2692 2791 2748 Non
2825 2707 3049 2764 generat
3077 2698 3273 2766 Filius,
3307 2705 3396 2756 sed
3429 2722 3596 2772 gene-

2018 2790 2194 2843 ratur,
2229 2792 2520 2851 pr0pterea
2549 2784 2761 2838 dicitur
2790 2790 3094 2854 productus
3127 2810 3138 2844 :
3184 2794 3446 2848 similiter
3474 2797 3597 2864 Spi-

2019 2869 2158 2924 ritus
2191 2882 2418 2927 sanctus
2455 2891 2559 2928 non
2619 2878 2816 2944 spirat,
2854 2883 2946 2933 sed
2985 2883 3248 2950 spiratur,
3276 2895 3331 2939 ct
3363 2887 3480 2940 ideo
3510 2889 3598 2942 di-

2018 2962 2163 3016 citur
2187 2965 2512 3032 productus.
2565 2966 2623 3020 Si
2659 2971 2829 3037 igitur
2872 2973 3249 3042 interrogatus
3300 2975 3494 3039 fueris,
3542 2981 3594 3031 iu

2016 3053 2221 3107 divinis
2249 3070 2371 3122 qua:
2413 3057 2524 3110 sint
2555 3075 2804 3126 personae
2845 3065 3246 3130 producentes?
3287 3072 3596 3137 responde:

1940 3177 1984 3232 α
2019 3160 2148 3200 una.
2180 3143 2440 3209 Quaenam
2469 3149 2560 3200 illa
2596 3151 2617 3201 ?
2645 3148 2828 3204 Pater.

2094 3235 2158 3287 T.
2195 3234 2256 3287 Et
2288 3251 2384 3289 cur
2413 3238 2616 3291 dicitur
2643 3241 2998 3306 producens?

2087 3325 2145 3379 P.
2181 3327 2318 3392 Quia
2349 3339 2572 3396 generat
2607 3331 2806 3386 Filium
2833 3346 2889 3388 et
2927 3338 3104 3404 Spirat
3159 3339 3426 3409 Spiritum
3467 3361 3596 3400 san-

2019 3430 2188 3472 ctum.

2088 3511 2150 3564 T.
2182 3511 2236 3565 in
2265 3523 2455 3568 sancta
2489 3514 2759 3572 Triuitate
2787 3521 2910 3587 quis
2935 3520 3036 3574 fuit
3067 3525 3299 3592 primus,
3333 3526 3493 3584 Pater
3523 3547 3594 3586 an

2019 3601 2190 3658 Filius
2218 3621 2285 3658 an
2312 3608 2553 3675 Spiritus
2589 3623 2814 3664 sanctus
2849 3613 2872 3664 ?

2090 3693 2458 3752 P.1nsancta
2501 3700 2769 3756 Trinitate
2818 3705 2998 3758 nullus
3042 3719 3125 3760 est
3171 3709 3380 3775 primus
3413 3729 3593 3784 neque

2019 3783 2266 3851 ultimus,
2309 3788 2403 3841 sed
2440 3788 2602 3843 simul
2654 3791 2836 3855 Pater,
2873 3795 3039 3849 simul
3081 3793 3278 3861 Filius,
3323 3783 3594 3859 simulet

2018 3873 2257 3943 Spiritus
2281 3890 2531 3944 sanctus,
2567 3891 2622 3936 et
2654 3894 2952 3952 propterea
2987 3890 3149 3942 simul
3186 3906 3296 3945 non
3349 3894 3590 3950 inchoati

2015 3969 2274 4023 dicuntur
2304 3979 2428 4026 ante
2461 3973 2809 4044 principium.
2852 3978 2994 4033 Deus
3035 3996 3162 4037 vero
3188 3983 3348 4038 Pater
3380 3987 3586 4054 princio

2015 4060 2103 4131 pio
2137 4071 2304 4125 caret,
2344 4064 2463 4120 licet
2499 4077 2584 4121 cst
2642 4079 2769 4122 ante
2806 4070 3158 4142 principium,
3203 4085 3257 4129 et
3299 4088 3585 4147 propterea

2013 4152 2214 4206 dicitur
2262 4155 2383 4210 sine
2446 4158 2752 4228 principio;
2803 4173 2856 4215 et
2889 4179 2995 4216 non
3057 4165 3344 4224 inchoatus
3392 4168 3584 4233 Filius,

2015 4261 2124 4300 non
2178 4249 2473 4305 inchoatus
2524 4253 2762 4320 Spiritus
2814 4269 3059 4311 sanctus.
3108 4259 3170 4313 Et
3227 4276 3355 4316 ecce
3422 4265 3588 4318 simul

2014 4344 2291 4405 coaeterni,
2329 4353 2381 4396 et
2413 4346 2591 4398 nullus
2635 4348 2866 4415 primus,
2911 4353 3092 4408 nullus
3119 4354 3342 4408 ultimus
3376 4355 3429 4408 iu
3458 4375 3586 4410 san-

2012 4441 2097 4486 cta
2129 4432 2422 4488 Trinitate.

397 4527 463 4583 Τ.
503 4499 705 4581 Kal-16
742 4499 964 4597 Πνεῦμα
996 4531 1056 4582 16
1095 4530 1253 4599 ᾆγιον
1286 4533 1402 4595 πῶς
1443 4499 1804 4601 ἐκπορεύεται
1843 4537 1908 4586 ἐκ
1937 4529 1988 4587 D
2086 4518 2148 4572 Τ·
2203 4522 2269 4573 Et
2338 4522 2576 4590 δρίτίίυε
2631 4539 2859 4584 ⁸³¹¹εί¹¹δ
2911 4536 3188 4600 ειυοιιιοιιο
3250 4538 3496 4605 Ρτυεθάίι
3555 4557 3584 4593 8

328 4619 422 4672 τοῦ
454 4619 666 4690 Πατρός
690 4638 704 4684 ;

399 4713 469 4766 ll.
503 4713 649 4766 Ἔδει
681 4729 737 4764 σε
767 4714 862 4766 καὶ
887 4696 1016 4782 περὶ
1040 4713 1232 4768 τούτου
1264 4716 1338 4785 μὴ
1366 4718 1598 4786 ἐρωτᾷν,
1630 4718 1722 4770 καὶ
1747 4718 1906 4771 τοῦτο

335 4802 436 4872 γὰρ
466 4803 896 4872 ἁνερμήνευτον.
933 4805 1079 4874 Πλὴν
1113 4805 1352 4873 μάνθανε
1384 4807 1478 4859 καὶ
1511 4809 1641 4875 περὶ
1671 4807 1862 4859 τούτου
1887 4851 1900 4874 ,

331 4896 411 4947 ὅτι
449 4895 640 4962 ὥσπερ
677 4898 710 4966 ἡ
750 4896 994 4966 ἀναπνοὴ
1028 4896 1121 4949 τοῦ
1162 4897 1454 4964 ἀνθρώπου
1485 4899 1558 4976 ἐκ
1589 4900 1687 4968 τῆς
1727 4899 1906 4969 ψυχῆς

332 4988 730 5057 ἐκπορεύεται,
764 4987 909 5042 οὕτω
942 4991 1038 5042 καὶ
1071 4990 1132 5041 16
1167 4989 1394 5059 Πνεῦμα
1425 4993 1486 5043 16
1523 4990 1676 5059 ἅγιον
1712 4995 1777 5046 ἐκ
1810 4991 1904 5046 τοῦ

333 5079 544 5150 Πατρὸς
575 5080 953 5150 ἐκπορεύεται.

337 5201 340 5214 ι
401 5170 468 5224 Τ.
496 5167 640 5241 ’Λρα
667 5174 925 5239 χωρεῖται
952 5174 979 5224 6
1009 5171 1141 5234 Θεὸς
1169 5174 1226 5225 ἐν
1253 5173 1334 5224 ἐνὶ
1364 5172 1515 5241 τόπῳ
1544 5172 1575 5242 ἢ
1607 5172 1704 5237 οὓς

403 5262 474 5315 Il.
512 5263 613 5323 Θές
645 5263 737 5314 τὸν
774 5263 898 5315 νοῦν
931 5280 1025 5315 σου
1061 5263 1155 5315 καὶ
1188 5263 1411 5330 νόησον,
1449 5264 1531 5315 ὅτι
1566 5265 1594 5315 6
1626 5263 1754 5327 Θεὸς
1791 5266 1906 5333 φῶς

333 5355 502 5418 ἐστιν,
530 5352 842 5421 ἀθεώρητος
875 5356 969 5407 καὶ
999 5355 1304 5424 ἁχώρητος,
1336 5353 1460 5406 οὔτε
1493 5350 1586 5407 οὖν
1615 5356 1906 5425 θεωρεῖται

332 5448 359 5497 6
389 5445 521 5508 Θεὸς
543 5483 558 5508 ,
590 5443 711 5498 οὕτε
742 5447 1004 5514 χωρείται
1032 5447 1111 5508 εἰς
1145 5446 1202 5498 τὸ
1236 5447 1346 5497 πᾶν
1366 5486 1380 5510 ,
1413 5446 1548 5498 ὅπου
1583 5447 1768 5514 μέλλει
1799 5464 1908 5515 χω-

337 5538 449 5604 ρεῖν
479 5538 572 5589 καὶ
603 5539 881 5590 κατοικεῖν
904 5553 920 5570 ο
953 5536 1094 5589 ὥστε
1124 5538 1317 5606 δῆλον,
1349 5539 1435 5590 ετι
1465 5538 1526 5590 οὐ
1558 5541 1818 5607 χωρεῖται
1851 5543 1908 5591 ἐν

333 5627 413 5679 ἐνὶ
439 5628 608 5697 τόπῳ,
633 5626 769 5681 ἀλλὰ
795 5629 957 5681 παντὶ
983 5629 1075 5680 καὶ
1104 5627 1380 5698 πανταχοῦ
1409 5630 1675 5698 πάρεστιν
1702 5631 1729 5681 6
1753 5629 1905 5691 Θεός.

335 5717 520 5770 Πάντα
545 5719 783 5788 ἡκούσας
805 5719 931 5788 περὶ
948 5721 1044 5788 τῆς
1071 5718 1230 5786 ἁγίας
1259 5719 1513 5788 Ἰ“ριάὸυς,
1541 5721 1623 5772 ὃτι
1657 5719 1715 5772 ἓν
1747 5720 1912 5789 πρόσ-

329 5823 482 5862 ωπον
504 5812 530 5864 6
563 5811 747 5878 Πατὴρ
805 5811 900 5863 καὶ
926 5811 984 5862 16
1010 5811 1094 5862 ἕτε
1107 5828 1196 5877 ρον
1223 5811 1445 5880 λέγεται
1476 5812 1701 5883 Πνεῦμα
1728 5815 1905 5881 ἅγιον,

655 5909 914 5966 ιἈἹ-ιιυι.
968 5910 1085 5966 (in.
1120 5906 1296 5967 CLX.

2010 4611 2212 4666 Patre?

2083 4705 2142 4758 P.
2188 4706 2532 4777 interrogare
2557 4709 2622 4762 de
2658 4711 2758 4765 hoc
2790 4712 3016 4768 minime
3051 4723 3100 4768 te
3141 4716 3317 4782 decet,
3355 4735 3464 4772 non
3499 4735 3584 4775 est

2011 4796 2462 4866 intetprctahile;
2495 4811 2736 4856 attamen
2770 4803 2995 4860 addisce
3026 4823 3210 4876 quaeso
3241 4810 3306 4865 de
3339 4812 3438 4866 hac
3471 4830 3528 4866 re
3568 4835 3578 4867 :

2009 4891 2470 4959 quemadmodum
2519 4895 2750 4963 spiratio
2799 4897 3037 4954 hominis
3065 4903 3312 4969 procedit
3357 4905 3423 4958 ah
3468 4908 3584 4960 ani-

2011 4997 2119 5050 tna,
2145 4984 2220 5038 ita
2245 4991 2297 5038 et
2326 4984 2562 5052 Spiritus
2589 4998 2812 5042 sanctus
2840 4993 3086 5058 procedit
3120 5007 3147 5046 a
3173 4991 3354 5050 Patre.

2081 5165 2143 5218 Ἰ.
2177 5163 2371 5219 Utrum
2402 5165 2522 5220 loco
2558 5169 2773 5235 capitur
2804 5163 2947 5226 Deus
2976 5189 3043 5226 au
3068 5177 3226 5229 non?

2082 5257 2145 5310 P.
2200 5259 2586 5314 Animadverte
2629 5266 2682 5315 et
2735 5262 3014 5341 intelliges
3073 5269 3388 5339 diligenter,
3443 5277 3585 5344 quod

2011 5347 2154 5403 Deus
2189 5350 2372 5402 lumen
2407 5365 2486 5404 est
2531 5352 2806 5407 illViSiblie
2835 5365 2888 5409 et
2922 5356 3046 5412 loco
3076 5375 3180 5414 non
3207 5366 3536 5432 receptabile
3566 5383 3580 5431 ;

2010 5455 2188 5510 neque
2231 5442 2398 5510 igitur
2450 5446 2716 5512 aspicitur
2764 5445 2924 5511 Deus,
2981 5467 3159 5520 neque
3200 5455 3492 5522 respicitur
3533 5459 3584 5508 in

2013 5541 2148 5595 toto,
2195 5532 2284 5586 ubi
2329 5533 2677 5590 habitaturus
2703 5546 2757 5590 et
2790 5548 3208 5607 receptaturus;
3241 5543 3426 5611 itaque
3469 5547 3585 5599 cla-

2012 5639 2132 5680 rum
2180 5627 2643 5698 manifestumque
2690 5637 2796 5690 est,
2849 5633 2994 5695 quod
3047 5648 3154 5685 non
3213 5634 3478 5704 recipitur
3531 5639 3585 5690 in

2013 5734 2122 5774 uno
2154 5720 2295 5783 loco,
2327 5718 2422 5774 sed
2458 5721 2510 5774 in
2546 5730 2660 5775 toto
2693 5730 2746 5775 et
2787 5715 2986 5787 ubique
3009 5722 3163 5776 adest
3205 5724 3367 5779 Deus.
3406 5726 3585 5779 Etiam

2012 5812 2270 5871 audivisti
2336 5811 2401 5867 de
2434 5825 2623 5869 sancta
2665 5812 2950 5876 'l‘rinitatc,
2984 5812 3132 5868 auod
3186 5833 3295 5873 una
3349 5834 3583 5889 persona

3165 5908 3231 5973 ll
