4176 6278
520 382 625 445 3'30

1597 384 1976 443 GENNADII
2020 381 2130 440 (ΖΡ.
2163 379 2688 441 ΡΛΤΒΙΑΗΕΗΕ

3674 371 3786 438 310

519 495 814 546 voluntatis
844 505 898 547 et
937 496 1225 550 cltaritatis
1272 512 1404 562 sum,
1442 497 1746 565 providere,
1803 495 2093 562 gubernare

2212 493 2437 559 κόσμον,
2465 491 2560 546 καὶ
2592 488 2680 544 διὰ
2713 490 2807 542 τοῦ
2845 487 3160 556 Πνεύματος
3211 486 3313 552 τῆς
3351 485 3564 554 ἀγαθῆς
3614 487 3783 549 θελή-

515 596 569 638 et
600 599 816 638 muvere
869 603 1087 640 omnem
1144 593 1390 642 naturam
1446 603 1602 643 suam
1651 589 1704 642 in
1755 589 1977 648 mundo,
2035 586 2100 639 ad

516 677 741 739 bonum,
773 692 868 744 pro
899 680 1160 746 cujusque
1190 689 1398 735 natura;
1431 681 1640 735 ordine.
1675 681 1801 735 Ideo
1827 679 2101 734 credimus

518 767 709 832 Deum,
743 771 960 837 quando
993 771 1184 824 voluit.
1216 772 1329 824 sola
1355 772 1728 826 misericordia
1763 787 1857 826 sua
1877 786 2102 825 conver-

514 863 645 916 tisse
705 862 976 926 homines,
1031 866 1350 918 abducendo
1401 879 1430 918 a
1482 866 1798 919 seductinne
1829 874 1884 918 et
1916 879 2100 918 errore

516 955 842 1018 daemonum,
870 964 924 1008 et
963 955 1111 1009 cultu
1146 956 1413 1010 idolorum
1446 975 1458 1011 :
1497 967 1780 1026 propterea
1810 957 1952 1026 quod
2004 973 2098 1012 ex-

515 1058 668 1115 rupta
709 1057 936 1117 angusta
966 1047 1186 1116 regione
1214 1046 1551 1113 Iudaeorum,
1585 1049 1637 1100 in
1669 1065 1774 1117 qua
1807 1065 1945 1103 unus
1969 1048 2100 1102 adoo

519 1139 740 1193 nubatur
769 1151 821 1194 ct
851 1140 1176 1196 credebatur
1210 1140 1371 1204 Deus,
1405 1157 1470 1195 ex
1510 1142 1625 1209 lege
1648 1141 1828 1208 Hosis,
1858 1143 2097 1211 reliquus

514 1233 695 1284 omnis
722 1242 988 1286 terrarum
1023 1233 1172 1287 orbis
1199 1233 1410 1287 colebat
1438 1232 1531 1288 Dei
1565 1244 1845 1289 creaturas
1881 1253 1894 1288 :
1925 1237 2096 1294 homi-

513 1337 612 1376 nes
668 1324 811 1378 item,
855 1326 1056 1380 multos
1092 1326 1335 1394 deos,qui
1376 1340 1479 1378 non
1514 1335 1664 1387 sunt,
1717 1343 1816 1396 pro
1854 1344 1960 1381 uno
1983 1331 2098 1384 solo

515 1429 644 1466 vero
679 1412 784 1468 Deo
811 1417 1109 1468 adorabant
1155 1433 1169 1469 :
1221 1415 1470 1471 vivebant
1497 1415 1741 1489 denique
1798 1418 2095 1474 secundum

512 1518 642 1556 suas
665 1506 861 1574 singuli
885 1508 1379 1576 eoncup-iscentias,
1399 1527 1504 1569 non
1530 1512 1827 1570 secundum
1858 1513 2092 1580 aliquam

516 1595 607 1649 Dei
646 1596 835 1664 legem.

591 1867 837 1922 Aclmmt.
896 1870 1028 1926 Icltti
1070 1876 1284 1930 catimis
1332 1891 1509 1930 sonun
1569 1878 1918 1932 uzerindet-ur
1970 1880 2088 1934 bari

516 1968 612 2012 nut
683 1961 858 2016 kilebé
905 1963 1016 2016 ilmi
1069 1963 1191 2018 labe
1254 1969 1504 2024 cutretile
1567 1971 1724 2024 nleuti
1784 1971 1966 2040 giariti
2033 1970 2098 2026 be

512 2051 667 2102 rlimn
709 2052 839 2106 ruclt
869 2055 1064 2108 cutsile
1089 2055 1199 2110 kim
1232 2056 1540 2124 g-kentouun
1571 2061 1790 2115 achseni
1824 2061 1991 2116 iehtlti
2013 2063 2096 2132 gi-

512 2144 589 2193 ari
652 2145 714 2196 bc
765 2147 1166 2201 muchabetitur
1227 2151 1448 2205 auunile
1480 2151 1692 2218 techigé
1725 2153 1826 2207 iter
1855 2154 1919 2208 be
1938 2154 2094 2207 ehem

512 2233 715 2285 catirur
750 2235 813 2287 be
860 2236 1064 2309 tecbric
1101 2239 1204 2291 iter
1230 2239 1366 2294 alem
1390 2240 1590 2294 izzindé
1612 2242 1835 2296 cliersec
1861 2243 2096 2298 aluchité

511 2327 1003 2393 ggendicbasasiue
1039 2331 1224 2399 θρῖοτέ
1263 2333 1325 2385 be
1353 2334 1493 2387 taelti
1543 2334 1744 2388 auundi
1801 2337 1970 2389 tzncai
2000 2354 2092 2389 na-

511 2434 646 2471 :trus
698 2418 808 2471 kim
865 2423 916 2474 ol
975 2421 1139 2476 factin
1190 2423 1262 2476 kil
1328 2425 1478 2478 alaeb
1531 2425 1716 2480 labare
1759 2427 1896 2481 Ite-be
1953 2429 2091 2480 taala

514 2511 658 2576 tilepi
711 2510 1002 2579 gkentinun
1051 2515 1358 2570 keatnalsen
1417 2517 1674 2572 katinden
1745 2521 2090 2587 turmegitziu

510 2605 754 2658 atetnleri
786 2606 1010 2660 seitanit
1053 2608 1306 2662 mainden
1357 2608 1424 2663 be
1451 2609 1545 2664 but
1595 2610 1921 2678 pereslicten
1980 2611 2092 2664 zira

508 2695 616 2746 lgim
657 2695 886 2749 liarinun
920 2698 1149 2765 birliligé
1177 2700 1242 2753 be
1273 2716 1545 2754 musauun
1586 2701 1827 2768 kitapiné
1853 2702 2089 2757 eclitikat

509 2785 693 2836 iterlcr
723 2785 787 2837 be
844 2787 1184 2847 inauurlariti
1218 2806 1285 2842 an
1323 2791 1496 2843 Iartau
1547 2792 1678 2858 gairi
1717 2794 1946 2846 atetnler
1979 2794 2088 2846 kim

510 2890 604 2934 ger
667 2876 977 2942 giuzuntt-ki
1026 2877 1171 2933 fariti
1233 2880 1656 2936 alacltaiclitikut
1713 2882 1972 2937 itemsleri
2017 2885 2088 2936 ti-

514 2963 652 3018 Ivelki
703 2965 1045 3019 machlukiué
1074 2967 1372 3035 taparlariti
1408 2969 1500 3024 but
1529 2970 1633 3038 bigi
1679 2971 1726 3024 ai
1769 2971 1872 3041 bigi
1925 2973 2086 3039 gkiun
2120 3045 2125 3048 Δ

508 3054 653 3124 ιὶιίνῖ
705 3057 871 3111 tzoita
921 3058 1072 3128 arigé
1101 3067 1151 3112 ta
1184 3059 1426 3128 partariti
1467 3061 1551 3115 bir
1580 3062 1905 3130 gkeritzeeta
1939 3065 2087 3134 arigé

2212 589 2350 646 σεως
2394 583 2490 636 καὶ
2519 584 2738 652 ἀγάπης
2782 579 2969 643 αὐτοῦ,
3005 580 3320 647 προνοεῖται
3371 579 3468 630 καὶ
3520 578 3784 646 κυϐερνᾷ,

2209 676 2304 729 καὶ
2335 675 2476 727 κινεῖ
2499 677 2679 728 πᾶσαν
2713 673 2876 741 φύσιν
2912 670 3079 726 αὑτοῦ
3115 673 3174 724 ἐν
3201 668 3279 739 τῷ
3311 669 3693 738 κόσμῳ,’πρδς
3721 670 3785 722 τὸ

2206 769 2435 834 ἀγαθὸν,
2464 767 2604 819 κατὰ
2653 766 2750 834 τὴν
2796 765 2952 828 τάξιν
2997 765 3237 825 ἑκάστης
3281 761 3518 828 φύσεως.
3552 763 3663 816 Καὶ
3691 763 3786 814 διὰ

2207 859 2364 911 τοῦτο
2413 858 2769 926 πιστεύομεν,
2818 856 2925 919 ὅτι,
2971 856 3061 908 ὅτε
3113 854 3380 924 ἠθέλησεν
3430 856 3458 906 ό
3502 853 3658 916 Θεὸς,
3689 853 3783 907 διὰ

2212 951 2381 1017 μόνην
2427 949 2526 1012 τὴν
2576 947 2951 1016 ἐλεημοσύνην
3011 945 3201 1012 αὑτοῦ,
3264 945 3593 1015 ἐπιστρέψαι
3655 943 3786 1006 τοὺς

2206 1036 2530 1105 ἀνθρώπους
2573 1037 2681 1090 ἀπὸ
2709 1037 2811 1103 τῆς
2863 1036 3072 1106 πλάνης
3097 1037 3211 1090 τῶν
3233 1029 3526 1106 δαιμόνων,
3555 1037 3649 1088 καὶ
3679 1036 3781 1103 τῆς

2205 1128 2672 1200 εἰδωλολατρείας,
2715 1129 2869 1192 διότι,
2905 1128 3046 1199 πλὴν
3096 1128 3190 1183 τοῦ
3245 1129 3434 1196 ὀλίγου
3459 1131 3623 1182 τόκου
3669 1130 3782 1181 τῶν

2218 1222 2512 1288 Ἰουδαίων,
2543 1224 2600 1274 ὲν
2651 1215 2696 1288 ᾧ
2743 1215 3136 1291 προσεκυνεῗτο
3183 1221 3277 1275 καὶ
3321 1214 3642 1278 ἐπιστεύετο
3697 1216 3783 1282 εἷς

2204 1311 2358 1378 Θεὸς,
2393 1313 2457 1364 ἐκ
2504 1312 2599 1365 τοῦ
2631 1313 2800 1380 νόμου
2836 1311 2929 1364 τοῦ
2963 1307 3266 1376 Μωῦσέως,
3292 1313 3325 1378 ἡ
3371 1309 3429 1364 δὲ
3460 1311 3593 1377 ἄλλη
3627 1313 3780 1365 πᾶσα

2205 1405 2503 1473 οἰκουμένη
2557 1403 2848 1467 ἐσεὸάζετο
2892 1403 2961 1456 τά
3005 1403 3284 1473 κτίσματα
3327 1402 3421 1456 τοῦ
3469 1403 3627 1468 Θεοῦ,
3683 1403 3781 1457 καὶ

2206 1496 2435 1558 πολλοὺς
2487 1496 2664 1559 θεοὺς,
2684 1497 2830 1566 ,τοὺς
2881 1496 2957 1565 μὴ
2987 1495 3167 1560 ὄντας,
3197 1495 3318 1548 ἀντὶ
3370 1495 3466 1548 τοῦ
3519 1495 3635 1554 ne;
3684 1495 3781 1549 καὶ

2165 1647 2174 1654 _
2208 1591 2369 1656 μόνου
2402 1587 2660 1659 ἀληθινοῦ
2687 1587 2825 1640 Θεοῦ
2853 1588 3230 1656 προσεκύνουν
3249 1604 3272 1618 ·’
3289 1587 3381 1639 καὶ
3403 1587 3783 1639 ἐπολιτεύοντο

2204 1686 2347 1734 κατὰ
2384 1682 2482 1742 τὰς
2520 1680 2656 1742 ἰδίας
2675 1679 2898 1732 ἔκαστοι
2929 1679 3246 1755 ἐπιθυμίας,
3271 1680 3331 1732 οὐ
3361 1678 3505 1740 κατὰ
3527 1695 3650 1732 τινα
3682 1677 3779 1732 τοῦ

2201 1773 2337 1826 Θεοῦ
2371 1775 2554 1841 νόμον.

2285 1865 2527 1932 Ἀχμάτ.
2585 1867 2722 1932 Ἰχτι
2794 1866 3032 1934 κατιμῆς
3106 1864 3296 1918 σονοῦν
3365 1863 3778 1931 οὐζεριντέτουρ

2204 1957 2385 2025 μπαρὶ
2417 1958 2538 2009 νοὺτ
2570 1957 2754 2009 κιλεόὲ
2798 1957 2913 2024 ῐλμι
2941 1955 3072 2008 λαϐὲ
3099 1956 3414 2026 κουτρέτιλε
3446 1955 3608 2024 ἀλεμὶ
3654 1971 3781 2022 για.⁹

2203 2049 2312 2116 ριτὶ
2349 2048 2406 2117 βὲ
2453 2049 2561 2117 χὲμ
2595 2050 2726 2118 ροὺχ
2779 2048 3031 2101 κούτσιλε
3066 2050 3166 2115 acip.
3198 2045 3545 2120 yxsv'rovoﬁu
3569 2046 3777 2115 ἀχσένη

2203 2139 2310 2210 ῐχθι
2371 2140 2540 2210 γιαρὴ
2609 2139 2669 2207 pe
2725 2139 3206 2209 μουχαμπετίτουρ
3268 2139 3513 2191 ἀνούνιλε
3575 2137 3780 2206 τεχηγὲ

2201 2231 2314 2299 ίτὲρ
2349 2231 2409 2300 βὲ
2453 2231 2559 2300 χὲμ
2607 2231 2871 2301 κατιροῦρ
2899 2230 2960 2299 ps
2995 2231 3189 2299 τεχρὶκ
3235 2230 3347 2300 ῑτὲρ
3385 2230 3527 2298 ἁλὲμ
3581 2228 3782 2294 ῑτζιντὲ

2196 2323 2397 2392 χερσὲκ
2453 2323 2676 2391 ἀλαχιτὲ
2733 2323 3190 2393 γγεντιχασασινὲ
3247 2322 3444 2391 Γγιορὲ
3521 2321 3579 2391 es
3645 2321 3782 2390 ταχὶ

2196 2416 2414 2467 ἀνούντι
2444 2416 2686 2483 τξοκακῆ
2739 2415 3005 2482 ναούρους
3048 2416 3150 2485 κὶμ
3176 2415 3237 2467 ὂλ
3272 2416 3465 2484 βάκτιν
3499 2415 3590 2466 κὶλ
3631 2412 3776 2482 ἀλὰχ

2195 2507 2453 2576 ταμπαρὲ
2497 2508 2625 2558 κεῦὲ
2657 2506 2832 2559 ταάλα
2873 2506 3057 2558 τιλεπὶ
3101 2506 3422 2574 γκεντινοῦν
3463 2505 3781 2568 κεαμάλσεν

2195 2601 2445 2653 κατιντὲν
2467 2600 2559 2653 τὸν
2579 2600 2965 2671 τουρμὲγιτζιν
2994 2600 3270 2670 ἀτεμλερῆ
3302 2600 3572 2669 σεκτάνητ
3597 2615 3774 2668 μαην-

2191 2693 2285 2745 τὲν
2333 2693 2391 2760 βὲ
2442 2695 2620 2760 μποὺτ
2674 2693 3049 2761 περεσληκτὲν
3100 2693 3241 2761 ζῆρα
3301 2693 3400 2761 κ¹ιμ
3464 2690 3777 2761 μπαρινοῦν

2197 2783 2512 2852 μπιρλιλιγὲ
2547 2784 2605 2854 βὲ
2638 2787 2942 2852 μουσανοῦν
2975 2786 3224 2838 κιταπινὲ
3263 2787 3485 2854 ὲχτικάτ
3545 2785 3762 2852 ίτερλὲρ

2195 2875 2252 2944 βὲ
2279 2865 2701 2947 ἦνανουρλάριτι
2735 2879 2801 2932 ἀν
2830 2879 3036 2947 λαρτάν
3075 2881 3244 2948 γάηρι
3281 2879 3516 2948 ἀτεμὶὲρ
3549 2880 3647 2947 κἰμ
3672 2893 3778 2946 γεέ

2192 2968 2561 3036 γιουζουντέκι
2601 2970 2784 3042 βάριτι
2864 2973 3040 3042 ἀλαχά
3088 2973 3297 3042 ίχτικάτ
3345 2972 3634 3042 ίτεμσλέρη
3692 2989 3774 3028 τι.-

2195 3061 2399 3129 μπὲλκι
2456 3063 2785 3132 μαχλουκινὲ
2829 3064 3196 3132 ταπαρλάριτι
3259 3065 3438 3130 μποῦτ
3475 3064 3638 3132 μπιγὶ
3700 3062 3776 3116 ἃκ

507 3148 842 3215 tupcaslariti
892 3149 1085 3204 seitam
1137 3151 1469 3209 malatasiila
1509 3155 1746 3209 ncusleri
1800 3154 2093 3210 eltabasiné

2203 3155 2365 3224 μπιγὶ
2399 3155 2589 3222 γκιοῦν
2647 3154 2809 3222 γκιπὶ
2864 3155 3066 3219 τζόκτα
3133 3156 3290 3225 ἀριγὲ
3349 3159 3417 3210 τὰ
3471 3154 3776 3226 παρλάριτι

509 3242 806 3310 ugiarlariti
835 3243 988 3298 alaeb
1010 3245 1221 3304 emt-ine
1253 3244 1485 3300 inititltal
1513 3247 1629 3307 itup
1651 3262 1740 3299 mu
1774 3261 1830 3300 sa
1848 3245 2087 3316 kitapine

506 3331 924 3393 iuanmaslariti.

1129 3621 1357 3678 CAPUT
1393 3625 1481 3680 Vl.

579 3713 1000 3769 SCli(lL.Tune
1030 3716 1171 3770 Dens
1196 3723 1357 3770 talem
1390 3717 1836 3774 reformationem
1866 3719 2086 3773 humani

505 3807 725 3873 generis
753 3824 850 3874 per
874 3807 1079 3876 Legum
1107 3824 1309 3876 perque
1338 3821 1588 3864 sanetqu
1615 3811 1875 3880 Spiritum
1925 3827 2084 3865 suum

509 3901 658 3954 tecit.
695 3899 908 3954 Idcirco
935 3900 1118 3968 Logus
1156 3901 1247 3954 Dei
1277 3902 1450 3955 induit
1477 3903 1774 3957 humanam
1807 3912 2084 3967 naturam,

509 3999 566 4042 ut
599 4007 705 4058 qua
737 3990 901 4045 homo
928 3999 1093 4056 esset,
1129 4002 1443 4044 versaretur
1467 4008 1591 4045 eum
1611 3994 1954 4058 hominibus;
1977 4009 2086 4063 qua

509 4092 688 4137 autem
727 4081 906 4150 Legus
945 4083 1061 4148 Dei,
1089 4094 1142 4136 et
1181 4083 1450 4151 sapientia
1506 4085 1620 4150 Dei,
1651 4088 1873 4139 doceret
1906 4086 2086 4140 homi-

510 4190 608 4230 nes
641 4173 867 4227 eredere
915 4175 966 4226 in
998 4174 1148 4228 hunc
1191 4189 1356 4227 unum
1392 4183 1447 4229 et
1473 4190 1658 4228 verum
1693 4175 1884 4242 Deum,
1919 4185 1973 4231 et
2011 4178 2090 4231 vi-

511 4277 636 4324 vere
671 4272 973 4324 secundum
1003 4271 1199 4338 legem,
1219 4284 1381 4338 quam
1414 4270 1532 4338 ipse
1562 4269 1840 4334 dedisset;
1870 4287 2087 4336 rursus,

509 4380 612 4428 qua
645 4363 828 4428 homo,
858 4371 916 4415 ut
949 4376 1129 4416 mores
1159 4360 1441 4431 vitamque
1473 4377 1628 4416 suam
1657 4361 1966 4432 exemplqu
1993 4363 2089 4417 da-

513 4465 592 4509 ret
615 4457 876 4511 doctrina:
898 4471 1042 4509 sure:
1073 4455 1283 4524 primus
1309 4455 1452 4508 enim
1481 4455 1601 4524 ipse
1623 4455 1863 4509 servavit
1893 4456 2084 4522 legent,

509 4564 673 4615 quam
702 4547 1015 4603 hominibus
1049 4545 1271 4601 dederat
1299 4563 1314 4599 :
1350 4561 1454 4616 qua
1516 4561 1642 4600 vero
1675 4544 1855 4614 Logus
1896 4545 2012 4610 Dei,
2040 4553 2093 4600 et

512 4641 777 4712 potentia,
816 4647 1002 4710 posset
1037 4639 1166 4693 illud
1199 4639 1298 4702 toti
1339 4637 1546 4692 mundo
1582 4638 1825 4691 salutare
1863 4638 2090 4700 bonum,

509 4736 669 4804 cujus
703 4750 866 4788 causa
897 4740 1141 4797 venerat,
1163 4731 1435 4785 coniicere
1458 4746 1476 4786 :
1501 4730 1630 4799 quia
1651 4729 1766 4783 ﬁeri
1798 4745 1910 4783 non
1937 4736 2092 4799 pote-

513 4837 592 4878 rat
617 4836 674 4879 ttt
705 4823 970 4891 simplicis
999 4822 1235 4876 hominis
1265 4821 1476 4874 viribus
1504 4819 1570 4873 ad
1602 4818 1768 4873 Deum
1805 4827 2092 4874 converte-

515 4930 662 4970 retur
694 4916 845 4970 urbis
871 4925 1166 4981 terrarum.
1206 4912 1306 4975 Ita,
1339 4912 1492 4980 Logo
1544 4911 1762 4980 quidem
1799 4927 1899 4966 suo
1930 4912 2097 4965 semi-

514 5011 662 5064 navit
696 5007 1052 5077 Omnipotens
1089 5007 1201 5068 ille,
1230 5015 1284 5058 et
1314 5007 1601 5058 oculorum
1627 5003 1901 5072 etiugieus
1937 5003 2095 5056 obtu-

515 5120 647 5162 tum,
676 5103 840 5165 Deus,
877 5101 1164 5154 veritatem
1191 5096 1629 5168 Hierosolymis;
1661 5096 1874 5168 Spiritu
1909 5106 2092 5151 autent

515 5209 612 5244 suo
643 5191 972 5244 illuminavit
999 5200 1054 5245 et
1087 5192 1366 5250 roboravit
1409 5189 1689 5260 apostolos
1722 5203 1872 5253 suos,
1906 5199 1965 5242 ut
1999 5205 2092 5244 ve-

516 5282 730 5335 ritatem
762 5280 816 5332 iu
848 5288 1020 5332 totum
1042 5282 1205 5334 etiam
1231 5289 1391 5335 terrae
1419 5280 1608 5335 urbem
1639 5280 2092 5342 disseminarent,

516 5377 738 5437 propter
784 5364 1108 5417 cltaritatem
1169 5362 1287 5426 Dei,
1339 5367 1429 5431 qui
1492 5367 1670 5432 ipsum
1737 5366 1981 5429 miserat,
2041 5373 2094 5417 et

517 5472 736 5531 prepzer
776 5456 1153 5526 cupiditatem,
1184 5471 1292 5523 qua
1321 5453 1600 5524 ﬂagrabat,
1639 5456 1836 5511 salutis
1869 5447 2091 5509 humani

516 5554 734 5620 generis
762 5569 777 5607 :
812 5548 1112 5606 secundum
1142 5547 1454 5618 exemplum
1478 5547 1652 5616 ipsius
1679 5546 1832 5613 Jesu,
1856 5550 1948 5617 qui
1986 5565 2094 5617 qua

518 5647 818 5700 lnnnanant
878 5650 1256 5713 assumpscrat
1305 5647 1598 5704 naturam,
1662 5655 1760 5708 pro
1814 5641 2093 5694 communi

519 5741 696 5793 salute
719 5737 1003 5792 hominum
1031 5737 1176 5790 ultro
1204 5746 1487 5790 emortuus
1514 5742 1619 5788 est.
1654 5733 1752 5787 Sic
1786 5748 1888 5787 nos
1917 5733 2095 5786 credi-

519 5845 643 5894 mus
706 5844 873 5884 unum
915 5831 972 5884 in
1015 5829 1194 5884 tribus
1256 5827 1510 5898 pcrsenis
1572 5827 1739 5881 Deum
1786 5844 1798 5880 :
1841 5825 2080 5891 Patrem,

2199 3247 2340 3316 μπὶρ
2410 3249 2777 3317 γκεριτζέκτα
2842 3249 3012 3318 ἀριγὲ
3087 3247 3496 3318 ταπκασλάριτι
3571 3248 3778 3318 σεητάν

2199 3337 2598 3405 μαλατασίειλα
2635 3340 2883 3408 νευσλερὶ
2915 3339 3181 3409 χαὸασινὲ
3217 3338 3600 3408 οὑγιαρλάριτι
3633 3339 3776 3410 ἀλὰχ

2196 3431 2388 3499 ὲμρινὲ
2432 3430 2654 3499 ίμτιθὰλ
2709 3431 2868 3484 ίτοὺπ
2920 3432 3097 3501 μουσὰ
3146 3431 3402 3485 ςιιταπινὲ
3443 3431 3773 3502 ίνανμασλά-

2197 3539 2326 3591 ριτι.

2217 3600 2219 3607 ’
2291 3596 2293 3598 ’
2796 3615 3042 3668 ΚΕΦΑΛ.
3079 3617 3167 3683 ς’.

2269 3709 2468 3760 ΣΧΟᾹ.
2507 3707 2640 3760 Τότε
2682 3708 2942 3778 ἐποίησεν
2983 3713 3011 3763 ό
3041 3709 3175 3773 Θεὸς
3220 3712 3319 3781 τὴν
3353 3713 3612 3782 τοιαύτην
3643 3713 3776 3767 ἀνά-

2197 3799 2396 3853 πλασιν
2428 3800 2536 3852 τῶν
2569 3800 2874 3870 ἀνθρώπων
2929 3802 3012 3854 διὰ
3060 3804 3156 3856 τοῦ
3210 3803 3405 3869 Λόγου,
3436 3806 3530 3857 καὶ
3557 3805 3647 3857 διὰ
3677 3805 3783 3869 τοῦ,

2197 3894 2355 3959 ἁγίου
2397 3891 2716 3960 Πνεύματος
2752 3892 2939 3957 αὑτοῦ,
2978 3892 3070 3945 καὶ
3101 3892 3190 3946 διὰ
3218 3893 3378 3946 τοῦτο
3405 3896 3432 3947 ό
3465 3894 3636 3965 Λόγος
3669 3896 3766 3947 τοῦ

2195 3979 2588 4051 Θεοῦ⁸ὲνεδύθη
2636 3984 2735 4054 τὴν
2790 3984 3138 4054 ἀνθρωπείαν
3182 3986 3367 4052 φύσιν,
3408 3986 3515 4051 ἵνα,
3547 3987 3624 4050 ὡς
3669 3988 3772 4056 μὲν

2195 4077 2502 4146 ἄνθρωπος,
2533 4077 2784 4145 ὁμιλήσει
2841 4071 3172 4147 ἀνθρώποις,
3226 4078 3302 4139 ὡς
3350 4077 3406 4129 δὲ
3447 4077 3623 4145 Λόγος
3671 4079 3768 4130 το]

2195 4168 2353 4234 Θεοῦ,
2415 4169 2512 4220 καλ¹
2553 4168 2690 4222 Θεοῦ
2758 4170 2954 4238 σοφία,
3014 4169 3206 4240 διδάξῃ
3257 4171 3382 4233 τοὺς
3443 4171 3772 4241 ἀνθρώπους

2196 4259 2479 4313 πιστεύειν
2509 4263 2588 4323 είς
2624 4261 2714 4313 τὸν
2751 4261 2849 4314 ἕνα
2881 4262 3057 4331 ἀληθῆ
3087 4262 3243 4326 Θεὸν,
3266 4263 3361 4316 καὶ
3391 4261 3772 4318 πολιτεύεσθαι

2197 4355 2338 4408 κατά
2389 4355 2478 4407 τὸν
2537 4355 2722 4422 νόμον,
2761 4354 2820 4408 ὃν
2869 4354 3030 4416 αὐτὸς
3080 4353 3248 4407 ἔδωκε
3277 4369 3291 4384 ⁸
3344 4356 3436 4407 καὶ
3482 4356 3662 4421 πάλιν,
3696 4359 3772 4420 ὡς

2202 4446 2300 4514 μὲν
2345 4445 2652 4516 ἄνθρωπος,
2683 4446 2766 4498 ἵνα
2813 4443 2887 4513 δῷ
2916 4445 3016 4514 τὴν
3059 4446 3343 4499 πολιτείαν
3377 4447 3543 4500 αὑτοῦ
3591 4450 3768 4517 παρὰο

2200 4539 2398 4606 δειγμα
2449 4538 2548 4606 τῆς
2579 4536 2926 4598 διδασκαλίας
2967 4536 3160 4591 αὐτοῦ.
3200 4537 3424 4606 Πρῶτος
3466 4539 3574 4608 γὰρ
3609 4539 3779 4602 αὐτὸς

2202 4633 2434 4700 ἐτήρησε
2460 4631 2549 4682 τὸν
2579 4631 2762 4699 νόμον,
2788 4630 2847 4682 ὃν
2871 4630 3039 4683 ἔδωκε
3065 4632 3179 4693 τοῖς
3220 4632 3552 4698 ἀνθρώποις.
3594 4633 3680 4696 Ὠς
3712 4635 3772 4687 δὲ

2199 4721 2369 4788 Λόγος
2413 4720 2506 4773 τοῦ
2547 4719 2707 4783 Θεοῦ,
2749 4720 2842 4773 καὶ
2891 4720 3142 4789 δύναμις,
3178 4722 3381 4792 δυνηθῇ
3424 4724 3778 4792 κατορθῶσαι

2199 4813 2258 4864 τὸ
2316 4813 2662 4879 παγκόσμιον
2714 4811 2940 4878 ἀγαθὸν,
2997 4812 3136 4880 ὅπερ
3187 4813 3475 4866 ἐϐούλετο·
3525 4813 3657 4867 διότι
3710 4810 3781 4884 ἦν
3859 4874 3861 4876 η

2200 4905 2483 4965 ἀδύνατον,
2509 4902 2576 4956 δι’
2607 4903 2723 4966 sva;
2756 4901 3044 4972 ἀνθρώπου
3076 4900 3302 4970 δυνάμει
3329 4903 3654 4973 ἐπιστρέψαι
3684 4903 3780 4972 τὴν

2199 4995 2530 5064 οἰκουμένην
2580 4996 2724 5062 πρὸς
2766 4995 2922 5054 τέλος
2966 4993 3058 5045 τὸν
3113 4993 3265 5046 Θεόν.
3311 4993 3418 5047 Καὶ
3467 4994 3641 5058 οὕτως
3693 4995 3782 5046 διὰ

2205 5089 2301 5157 μὲν
2331 5087 2425 5139 τοῦ
2468 5087 2639 5154 Λόγου
2671 5085 2840 5138 αὑτοῦ
2871 5086 3094 5155 ἔσπειρε
3126 5083 3227 5156 τὴν
3265 5086 3532 5156 ἀλήθειαν
3575 5088 3602 5138 ὁ
3637 5103 3778 5138 παν-

2201 5180 2500 5248 τοδύναμος
2549 5180 2638 5234 καὶ
2677 5181 2909 5249 ἀόρατος
2950 5172 3085 5240 Θεὸς
3141 5179 3201 5230 ἐν
3258 5177 3659 5248 Ἰερουσαλήμ·
3689 5178 3781 5230 διὰ

2198 5274 2254 5325 δὲ
2285 5271 2378 5324 τοῦ
2418 5270 2733 5341 Πνεύματος
2764 5269 2953 5336 αὐτοῦ,
2989 5270 3225 5340 ἐφώτισε
3252 5269 3345 5322 καὶ
3369 5269 3622 5339 ὲνίσχυσε
3648 5269 3779 5331 τοὺς

2202 5365 2538 5427 ἀποστόλους
2584 5363 2773 5428 αὐτοῦ,
2822 5363 2908 5417 ἵνα
2963 5362 3267 5433 σπείρωσιν
3313 5361 3469 5414 αὐτοὶ
3501 5361 3600 5429 τὴν
3642 5359 3778 5428 ἁλή-

2203 5457 2377 5519 θειαν,
2417 5456 2512 5508 κο.)⁸
2554 5440 2634 5517 είς
2677 5457 2855 5507 πάντα
2903 5455 2995 5507 τὸν
3031 5455 3261 5523 κόσμον,
3294 5452 3382 5504 διὰ
3410 5451 3509 5522 τὴν
3551 5452 3778 5521 ἀγάπην

2202 5548 2296 5602 τοῦ
2353 5547 2669 5616 πέμψαντος
2719 5547 2882 5600 αὑτὸν
2921 5544 3082 5608 Θεοῦ,
3113 5544 3208 5598 καὶ
3261 5544 3349 5596 διὰ
3394 5543 3496 5612 τὴν
3553 5544 3780 5613 ἀγάπην

2201 5641 2299 5704 τῖς
2334 5640 2608 5708 σωτηρίας
2638 5637 2732 5691 τοῦ
2768 5639 2980 5707 κόσμου
3010 5637 3152 5690 κατά
3185 5635 3243 5688 τὸ
3274 5634 3630 5703 παράδειγμα
3677 5634 3776 5688 τοῦ

2214 5729 2417 5799 Ἰησοῦ,
2449 5730 2598 5790 ὅστις
2631 5729 2895 5792 ἑκουσίως
2926 5728 3168 5781 ἀπέθανε
3205 5726 3351 5778 κατά
3387 5723 3446 5776 τὸ
3499 5725 3781 5794 ἀνθρώπια

2202 5840 2309 5892 νον,
2341 5821 2483 5892 ὑπὲρ
2518 5821 2612 5875 τοῦ
2653 5821 2894 5891 σωθῆναι
2926 5822 3016 5875 τὸν
3059 5820 3282 5888 κόσμον.
3335 5815 3490 5872 Οὕτω
3525 5815 3787 5874 πιστεύο-
