4176 6278
471 332 579 395 355

1455 332 1465 341 ’
1550 316 1938 386 GENNADH
1972 320 2089 384 ΕΡ.
2131 314 2655 385 PATRIARCHB

3644 319 3752 408 3'56

469 445 727 505 rebimini
759 457 981 502 carnem
1013 442 1239 499 edentes
1269 442 1591 505 humanam,
1627 451 1683 496 et
1724 442 2052 512 sanguinem

2171 442 2259 496 νῦν
2279 443 2626 511 ὑφεστήκασι
2660 441 2756 496 καὶ
2801 441 2944 495 εἰσὶν
2971 443 3029 496 ἐν
3051 443 3174 514 ἐμοί
3205 456 3218 471 ⁸
3254 444 3372 498 ἀλλ’
3404 445 3482 510 ὥς
3514 445 3574 500 ὲν
3605 448 3760 519 ἄρτῳ

400 534 405 539 ’
475 542 721 597 bibentes
750 539 853 592 sub
881 536 1072 591 eadem
1106 537 1277 590 forma
1308 550 1416 606 qua
1442 536 1778 595 subsistunt.
1811 537 1943 590 etin
1971 549 2057 588 me

472 642 622 695 sunt,
662 631 757 685 sed
816 640 1074 699 tanquam
1105 629 1159 682 in
1209 643 1349 700 pane
1381 638 1436 684 et
1472 629 1602 684 vino
1647 627 2059 683 manducabitis

472 731 526 777 et
555 721 756 776 bibetis
786 736 801 775 :
832 719 993 790 panis
1034 729 1221 775 autem
1277 729 1333 775 et
1363 720 1475 775 rini
1519 736 1796 790 apparens
1830 720 2055 795 veritas,

474 811 766 867 veritatem
815 824 924 864 non
961 818 1319 877 apparentem
1374 813 1626 880 corporis
1660 820 1714 865 et
1747 811 2058 880 sanguinis,

474 902 819 955 continebit:
857 900 1166 954 substantia
1205 900 1427 970 quidem
1467 907 1858 967 transmutata,
1910 911 1972 953 ut
2002 901 2060 954 in

477 994 631 1048 vobis
653 1001 1058 1047 sacramentum
1114 1000 1412 1059 operetur;
1457 1002 1682 1046 externa
1719 1000 1849 1046 vero
1881 990 2062 1046 forma

477 1087 666 1141 eadem
692 1094 1069 1153 permanente,
1104 1099 1172 1137 ne
1201 1100 1306 1153 qua
1344 1100 1443 1139 vos
1477 1085 1756 1139 lmsitatio
1782 1095 1838 1139 et
1861 1084 2062 1139 horror

477 1181 753 1243 detinens,
779 1194 808 1231 a
844 1178 1238 1230 communione
1291 1177 1553 1233 abducat.
1588 1177 1715 1233 Haec
1760 1177 1949 1247 itaque
1981 1179 2061 1235 sic

481 1271 765 1331 facientes,
798 1281 906 1320 non
933 1267 1196 1321 amicitiae
1226 1268 1432 1332 solum,
1470 1268 1566 1324 sed
1597 1267 1863 1322 utilitatis
1887 1267 2057 1321 etiam

478 1375 666 1427 causa,
728 1374 1048 1415 sermonum
1115 1373 1369 1414 meorum
1430 1369 1486 1413 et
1537 1359 1664 1413 νὶιεε
1696 1374 1832 1414 mea:
1855 1372 2064 1415 memo-

481 1455 616 1507 riam
652 1453 940 1515 habcntes,
993 1460 1107 1504 tum
1160 1451 1217 1506 in
1255 1451 1528 1520 spirituali
1568 1452 1680 1506 vita
1733 1452 2063 1525 proﬂcietis,

480 1555 595 1598 tum
631 1544 821 1598 futura
875 1542 967 1597 illa
1006 1544 1116 1597 vita
1151 1544 1302 1613 digni
1335 1550 1653 1613 opportuno
1683 1552 1928 1612 tempore
1956 1543 2065 1599 em-

479 1635 726 1695 ciemini.
754 1634 822 1688 ad
840 1649 1005 1702 quam
1042 1648 1139 1688 vos
1174 1635 1433 1698 antehac,
1468 1643 1732 1704 quantum
1764 1636 1900 1690 satis
1926 1644 2063 1698 erat,

480 1729 802 1797 prmparavi.
834 1725 983 1782 Talis
1011 1737 1094 1782 est
1137 1727 1302 1796 hujus
1342 1728 1679 1783 sacramenti
1704 1741 1927 1797 scapus.
1966 1741 2065 1781 au-

2167 538 2264 589 καὶ
2317 536 2450 606 οἴνῳ
2503 534 2715 590 ἐσθίειν
2774 536 2872 589 καὶ
2924 536 3413 607 πίνειν.μὲλλετε,
3445 541 3543 594 καὶ
3591 542 3626 612 ἡ
3660 543 3760 595 τοῦ

2166 630 2337 699 ἄρτου
2386 628 2481 680 καὶ
2531 628 2679 682 οἴνου
2712 628 3021 699 φαινομένη
3055 628 3313 699 ἀλήθεια,
3341 629 3444 701 τὴν
3489 632 3760 703 ἀλήθειαν

2167 719 2349 790 ἀφανῆ
2377 720 2471 772 τοῦ
2507 719 2762 788 σώματος
2794 722 2893 774 καὶ
2924 720 3161 789 αἵματος
3195 722 3467 792 περιέξει,
3507 724 3610 792 τῆς
3657 726 3761 794 μὲν

2169 811 2358 873 οὑσίας
2395 810 2860 881 μεταδληθείσης,
2891 812 2969 875 ὡς
2992 810 3061 865 ἂν
3095 812 3155 866 ὲν
3189 812 3322 882 ὑμῖν
3352 813 3416 867 τὺ
3448 816 3759 885 μυστήριον

2170 906 2393 975 δνεργῇ,
2428 905 2527 974 τῆς
2578 904 2637 958 δὲ
2667 903 2870 969 ἔξωθεν
2900 902 3202 968 διαθέσεως
3250 905 3351 975 τῆς
3381 906 3558 974 αὐτῆς
3592 905 3768 971 σωζο-
3846 976 3852 981 ἢ

2176 997 2367 1066 μένης,
2396 996 2483 1050 ἵνα
2515 996 2707 1067 μηδεὶς
2733 997 2884 1067 ὑμᾶς
2916 995 3126 1066 ἴλιγγος
3162 1000 3456 1069 κατασχὼν
3487 1001 3763 1073 ἀπαγάγῃ

2172 1090 2270 1157 τῆς
2301 1089 2686 1159 μεταλήψεως.
2720 1089 2911 1143 Ταῦτα
2954 1090 3141 1144 τοίνυν
3177 1091 3324 1145 οὕτω
3351 1091 3663 1158 ποιοῦντες,
3698 1094 3764 1147 οὐ

2174 1183 2359 1253 φιλίας
2389 1182 2556 1238 ἕνεκα
2598 1183 2782 1252 μόνον.
2814 1184 2953 1238 ἀλλὰ
3010 1185 3108 1239 καὶ
3133 1185 3425 1252 ὠφελείας,
3466 1186 3560 1239 καὶ
3586 1187 3752 1255 λόγου
3784 1236 3787 1241 ,
3874 1220 3881 1224 -

2172 1276 2267 1329 καὶ
2299 1273 2416 1344 βίου
2460 1274 2899 1345 μνημονεύοντες
2941 1275 3050 1329 τῶν
3080 1276 3345 1347 ἰμῶνσ.ὲν
3397 1280 3465 1348 τῇ
3514 1295 3767 1345 πνευμα-

2174 1369 2298 1437 τικῇ
2345 1366 2462 1438 ζωῇ
2517 1367 2824 1437 προκόψετε
2875 1367 3090 1438 δήπου,
3139 1370 3235 1422 καὶ
3294 1369 3398 1438 τῆς
3455 1370 3767 1439 μελλούσης

2172 1457 2387 1526 ἐκείνης
2440 1458 2717 1529 ὲγκαίρως
2763 1456 3165 1530 ἀξιωθήσεσθε,
3197 1463 3332 1527 πρδς
3377 1464 3444 1532 ἣν
3477 1463 3623 1531 ὑμᾶς
3654 1464 3763 1531 ἀρ-

2174 1550 2416 1614 κούντως
2461 1549 2700 1618 πρόσθεν
2750 1552 3085 1621 κατήρτισα.
3115 1552 3288 1616 Οὗτος
3331 1554 3361 1606 ό
3402 1553 3496 1607 τοῦ
3548 1570 3765 1624 μυστηο

2176 1644 2295 1715 ρίου
2336 1642 2562 1707 σκοπὸς,
2592 1637 2639 1697 ὧ
2688 1642 2979 1709 παρόντες,
3009 1644 3085 1707 ὡς
3133 1646 3192 1699 ὲν
3241 1646 3446 1714 ὀλίγοις
3486 1648 3617 1713 περὶ
3659 1646 3762 1699 τοῦ

2177 1733 2437 1804 μεγίστου
2474 1736 2569 1787 καὶ
2598 1733 2881 1789 θειοτάτου
2911 1735 3208 1790 διαλαϐεῖν.
3246 1738 3357 1790 Καὶ
3404 1736 3499 1790 νῦν
3546 1737 3607 1789 τὸ
3656 1754 3765 1806 μυ·-

481 1818 709 1883 ditores,
739 1825 1007 1887 quantmn
1043 1820 1236 1887 paucis
1265 1818 1334 1874 de
1371 1819 1613 1883 maximo
1639 1829 1694 1873 et
1717 1819 2066 1875 divinissimo

2174 1816 2394 1898 στῆριον
2423 1829 2536 1889 τοῖς
2569 1827 2860 1897 μετέχουσι
2886 1828 3175 1897 προκοπὴν
3208 1830 3308 1895 τῆς
3335 1829 3477 1881 κατὰ
3509 1828 3755 1899 Χριστοῦ

478 1914 825 1961 sacramento
873 1905 1058 1960 dicere
1081 1906 1236 1961 licet.
1269 1907 1330 1960 Et
1362 1923 1509 1962 nunc
1543 1917 1954 1963 sacramentum
2008 1912 2062 1964 in

480 2000 1040 2062 communicantibus,
1102 1999 1408 2067 profectum
1438 2001 1565 2054 vitae.
1592 2000 1645 2053 in
1678 1999 1900 2055 Christo
1936 2015 2065 2071 ope-

484 2100 657 2155 ratur,
685 2086 940 2160 quodque
980 2092 1340 2159 corporaliter
1368 2090 1564 2153 efticit.
1600 2091 1653 2145 id
1691 2107 1802 2161 quo
1829 2093 1948 2161 ejns
1982 2092 2066 2146 vi-

480 2181 789 2245 detur,lioc
820 2190 1036 2237 secreto
1057 2193 1110 2237 et
1162 2182 1517 2239 invisibiliter
1540 2184 1778 2253 perﬁcit,
1822 2185 1872 2239 id
1919 2184 2066 2254 quod

483 2274 713 2327 interius
735 2283 841 2328 est.
865 2273 1052 2331 Nutrit
1089 2275 1236 2329 enim
1270 2285 1325 2330 et
1350 2276 1526 2331 reiicit
1550 2278 1788 2331 animam
1819 2288 2064 2333 nostram

480 2364 686 2418 Christi
725 2380 948 2433 corpus,
988 2367 1133 2420 sicut
1168 2367 1326 2433 panis
1368 2368 1583 2437 corpori
1636 2368 1779 2422 idem
1825 2378 2065 2437 praestat.
2112 2384 2116 2387 λ

484 2454 545 2506 Et
573 2454 710 2507 sicut
750 2456 1054 2521 regenerati
1081 2465 1135 2509 et
1161 2455 1426 2521 baptizati
1461 2456 1769 2523 accipimus
1800 2470 1921 2509 esse
1949 2470 2071 2522 gra-

482 2547 569 2599 ti:e
593 2561 700 2615 quo
730 2546 931 2600 desinit
984 2561 1108 2602 esse
1159 2549 1393 2616 peccati.
1431 2548 1580 2601 uncti
1612 2563 1738 2602 vero
1769 2547 2069 2601 chrismate

482 2640 532 2690 in
560 2639 1149 2709 regenerationisdono
1176 2639 1592 2702 conﬁrmantur,
1625 2651 1678 2692 et
1709 2641 1909 2709 signati
1935 2656 2069 2694 con-

481 2704 763 2783 fortanan
784 2730 849 2782 ad
885 2730 1192 2798 spiritualia
1221 2734 1550 2790 certamina.
1582 2747 1715 2800 qum
1758 2748 1860 2785 nos
1909 2732 2073 2801 spiri-

485 2822 703 2875 idaliter
752 2823 964 2880 genitos
1013 2821 1203 2873 suhirc
1256 2836 1487 2888 prorsus
1545 2838 1771 2875 necesse
1826 2833 1946 2887 est;
1997 2824 2067 2875 ita

481 2913 649 2966 etiam
681 2911 1025 2964 robustiores
1077 2909 1251 2963 factos
1290 2911 1492 2964 nutriri
1531 2921 1765 2979 oportet,
1808 2923 1872 2965 ct
1923 2913 2074 2966 acci-

483 3021 610 3075 pere
633 3003 1098 3073 perseverantiam
1127 3009 1182 3058 et
1211 3014 1561 3072 augmentum
1603 3004 1654 3056 in
1681 3006 1868 3058 eadem
1899 3006 2071 3069 gratia

482 3112 582 3167 per
603 3086 1013 3157 sacrariiEnttttn
1048 3094 1482 3150 communionis.
1517 3093 1588 3150 Ut
1622 3097 1764 3149 enim
1793 3095 1944 3149 calor
1973 3109 2071 3148 na-

2168 1921 2317 1990 ζωῆς
2365 1918 2726 1991 ἐνεργάζεται
2772 1921 2912 1990 ὅπερ
2948 1920 3282 1990 σωματικῶς
3328 1921 3435 1991 δρᾷ
3466 1921 3529 1974 τὸ
3561 1922 3760 1987 φαινό-

2171 2029 2334 2082 μενον
2356 2000 2523 2065 αὑτοῦ
2543 2029 2555 2043 ·
2596 2009 2754 2064 τοῦτο
2787 2010 3067 2077 μυστικῶς
3092 2029 3152 2064 τε
3195 2012 3288 2065 καὶ
3317 2012 3570 2082 ἀοράτως
3605 2012 3757 2065 ἔνδον

2168 2104 2351 2157 ἀνύον.
2388 2104 2594 2174 Τρέφει
2649 2103 2761 2174 γὰρ
2809 2104 2903 2157 καὶ
2955 2106 3263 2158 ἀνακτᾶται
3323 2104 3427 2174 τὴν
3477 2105 3761 2175 ἡμετέραν

2167 2194 2348 2264 ψυχὴν
2394 2194 2455 2246 τὸ
2500 2194 2596 2247 τοῦ
2640 2193 2883 2259 Χριστοῦ
2917 2194 3099 2265 σῶμα,
3134 2196 3391 2267 καθάπερ
3421 2195 3451 2248 ό
3480 2196 3646 2264 ἄρτος
3675 2194 3759 2261 τῷ

2171 2286 2383 2355 σώματι
2431 2286 2590 2340 τοῦτο
2635 2287 2951 2356 ἐργάζεται.
3002 2288 3111 2340 Καὶ
3157 2288 3411 2358 καθάπερ
3444 2284 3759 2352 ἀναγεννώ-

2174 2379 2316 2448 μεθα
2374 2380 2791 2450 βαπτιζόμενοι,
2824 2392 2921 2438 καὶ
2964 2381 3025 2433 τὸ
3052 2377 3193 2434 εἶναι
3236 2382 3334 2449 τῆς
3383 2382 3627 2450 χάριτος,
3658 2377 3759 2432 τοῦ

2171 2467 2312 2524 εἶναι
2357 2472 2458 2538 τῆς
2502 2473 2784 2544 ἁμαρτίας
2833 2473 3331 2544 άντιλαμθάνομεν,
3365 2472 3650 2541 χριόμενοι
3699 2470 3761 2522 δὲ

2171 2563 2246 2633 τῷ
2280 2564 2440 2635 μύρῳ
2485 2566 2540 2617 ὲν
2583 2566 2738 2634 αὑτῷ
2787 2567 2887 2635 τῆς
2925 2566 3341 2635 ἁναγεννήσεως
3385 2562 3761 2634 βεϐαιούμεθα

2170 2655 2348 2725 δώρῳ,
2410 2656 2504 2708 καὶ
2559 2657 2696 2725 πρὸς
2719 2657 2849 2720 τοὺς
2894 2659 3310 2727 πνευματικοῦς
3357 2659 3580 2727 ἀγῶνας
3648 2658 3760 2708 ὲνι-

2174 2747 2454 2815 σχυόμεθα
2506 2748 2943 2817 σημειούμενοι,
2998 2750 3092 2813 οὓς
3122 2752 3370 2821 ⁹ἀνάγκη
3425 2753 3577 2804 πᾶσα
3628 2752 3761 2811 τοὺς

2176 2840 2564 2908 πνευματικῶς
2613 2845 2992 2912 γεννωμένους
3054 2844 3416 2914 ὑπέρχεσθαι,
3479 2843 3622 2897 οὕτω
3676 2844 3765 2898 δεῖ

2176 2931 2269 2982 καὶ
2302 2928 2603 3000 τρέφεσθαι
2641 2932 3088 3001 δυναμωθέντας,
3122 2937 3216 2988 καὶ
3246 2936 3347 3002 τὴν
3375 2937 3432 2988 ἑν
3471 2940 3538 3006 τῇ
3571 2936 3761 3007 χάριτι

2175 3018 2473 3088 λαμϐάνειν
2499 3021 2763 3093 διαμονὴν
2795 3024 2889 3077 καὶ
2924 3026 3187 3090 ἐπίδοσιν,
3223 3027 3303 3097 τῷ
3338 3028 3625 3097 μυστηρίῳ
3653 3028 3759 3097 τῆς

2182 3110 2558 3180 μεταλήψεως.
2588 3113 2801 3183 Ὥσπερ
2854 3118 2963 3188 γὰρ
3016 3120 3048 3186 ὴ
3103 3119 3308 3190 φυσικὴ
3355 3120 3452 3172 τοῦ
3503 3118 3764 3189 σώματος

489 3185 677 3240 turalis
716 3184 965 3254 corporis
991 3186 1653 3240 consumeretJtumidum
1701 3186 1949 3256 ejusdem
1984 3188 2067 3241 in-

2176 3198 2355 3269 θέρμη
2387 3200 2654 3256 ἀναλώσει
2705 3203 2774 3256 ἂν
2804 3207 2904 3278 τὴν
2931 3183 3186 3278 ’ἔμφυτον
3220 3183 3499 3279 ὑγρότητα
3531 3183 3757 3273 τούτου,

488 3282 698 3334 natum.
727 3274 826 3326 nisi
856 3274 1244 3328 alimentorum
1283 3275 1601 3333 accessione
1651 3274 1799 3329 facta
1851 3287 2073 3332 susten-

489 3376 729 3429 taretur,
788 3375 842 3420 et
912 3366 1117 3422 idcirco
1170 3368 1295 3422 cibo
1346 3377 1400 3423 et
1470 3377 1626 3438 potu.
1668 3380 2075 3425 conservantur

487 3459 692 3528 optime
718 3458 906 3513 vitalia
938 3458 1194 3520 interius,
1246 3460 1448 3529 quibus
1479 3470 1681 3515 natura
1721 3469 1905 3515 nostra
1941 3474 2075 3514 con-

486 3550 654 3613 sistit,
680 3559 937 3629 corrupta
964 3553 1148 3605 calore
1175 3544 1505 3638 reparantu}
1549 3562 1606 3606 et
1644 3562 2069 3617 conservantur,

484 3651 538 3694 et
568 3642 904 3710 impossibile
932 3652 1010 3695 est
1059 3642 1216 3696 aliter
1267 3644 1561 3697 humanam
1593 3644 1762 3695 vitam
1796 3643 2075 3711 qualiter-

485 3748 698 3800 cunque
737 3733 1036 3788 sustentari
1077 3751 1092 3789 :
1139 3734 1211 3787 ita
1268 3743 1323 3790 et
1371 3736 1590 3790 malitiae
1640 3736 1791 3790 calor
1841 3736 2073 3789 interius

487 3827 726 3881 animam
784 3826 1109 3895 depascens,
1155 3828 1485 3898 pietatisque
1552 3829 1755 3883 bonam
1788 3827 2069 3883 habitudi-

483 3932 606 3971 nem
673 3918 1001 3980 emacians,
1070 3917 1275 3969 iaceret
1327 3932 1445 3971 eam
1537 3918 1764 3971 onmino
1814 3916 2071 3980 deﬁcere,

483 4007 587 4061 nisi
618 4006 803 4060 anima
841 4007 985 4060 hunc
1017 4006 1365 4075 spiritualem
1395 4008 1577 4060 cibum
1634 4009 1935 4076 acciperet,
1968 4010 2070 4062 ob-

481 4096 774 4151 sistentem
822 4097 873 4149 vi
911 4096 1242 4167 corruptrjri
1286 4097 1529 4162 malitiae,
1571 4108 1627 4151 et
1656 4097 1712 4150 in
1740 4098 1903 4152 nobis
1925 4098 2072 4155 dona

484 4187 793 4259 spiritualia
816 4189 1236 4242 confirmantem
1268 4197 1324 4242 et
1349 4197 1625 4257 agentem.

555 4366 773 4438 Corpus
821 4373 1008 4422 autem
1065 4366 1272 4422 Christi
1328 4369 1580 4440 corporis
1612 4370 1825 4426 ratione
1850 4379 2070 4427 estnu-

485 4461 678 4525 triens,
731 4462 949 4516 ratione
1005 4475 1135 4516 vero
1183 4462 1439 4531 puritatis
1476 4479 1572 4534 per
1627 4466 1887 4522 unionem
1942 4481 2068 4522 cum

483 4553 669 4609 divina
699 4566 896 4609 natura
927 4556 1231 4625 puriﬁcans
1268 4566 1322 4609 et
1383 4558 1759 4625 sanctificans,
1785 4558 2064 4615 suﬂicien-

484 4657 568 4702 ter
621 4648 785 4702 nobis
829 4648 1120 4718 spirituale
1175 4650 1383 4719 praebet
1424 4652 1773 4707 alimentum.
1831 4652 1906 4708 Ita
1943 4668 2075 4711 vero

482 4734 746 4803 prreclare
810 4737 1092 4800 nutritus,
1153 4739 1219 4790 ad
1284 4739 1630 4807 Spiritualem
1667 4742 1960 4811 puritatem
2017 4754 2076 4798 et

482 4828 781 4883 sanitatem
811 4830 1043 4895 reducit,
1084 4844 1195 4898 qua
1233 4830 1365 4884 olim
1396 4846 1497 4886 nos
1546 4833 1699 4886 vetiti
1741 4833 1951 4890 fructus
1981 4821 2077 4890 co-

489 4922 683 4976 mestio
712 4921 1007 4992 dejccerat.
1047 4918 1347 4992 Oportebat
1399 4922 1543 4976 enim
1577 4937 1711 4989 nos,
1754 4925 1849 4994 qui
1877 4940 2075 4994 corpo-

494 5026 590 5066 ΠΟ
615 5013 853 5083 quodam
887 5013 1010 5068 cibo
1044 5013 1423 5069 innocentiam
1457 5023 1514 5070 ct
1549 5015 1840 5070 sanitatem
1872 5019 2074 5073 amise-

481 5117 696 5166 ramus,
727 5117 995 5173 corporeo
1017 5103 1254 5175 quodam
1278 5104 1541 5160 alimento
1563 5106 1708 5160 illaut
1737 5116 2071 5172 restaurare,

480 5201 543 5246 ut
597 5193 671 5245 ita
730 5193 932 5248 similia
995 5195 1312 5260 similibus,
1349 5205 1405 5251 et
1452 5199 1729 5254 contraria
1778 5200 2072 5256 contrariis

479 5291 791 5353 opportune
851 5295 1205 5353 curarentur,
1264 5276 1738 5358 'qnemadmodum
1802 5292 1909 5348 cibi
1966 5294 2084 5367 illi,’

486 5381 718 5445 uterque
752 5391 1077 5447 corporeus,
1105 5386 1214 5432 tam
1247 5382 1341 5449 qui
1367 5381 1522 5451 prius
1556 5383 1725 5439 exitio
1749 5384 1874 5448 fuit,
1903 5402 2068 5455 quam

482 5470 581 5538 qui
621 5485 771 5526 nunc
795 5472 958 5527 saluti
1004 5482 1112 5539 est,
1167 5475 1379 5529 sanitas
1419 5483 1476 5530 et
1508 5476 1616 5537 vita
1652 5479 1978 5547 spiritualis,
2016 5480 2071 5535 id

482 5561 630 5629 quod
655 5577 799 5618 nunc
828 5563 1023 5630 salvat,
1047 5566 1277 5637 etquod
1310 5567 1438 5621 olim
1469 5571 1739 5639 corrupit.
1775 5569 1880 5626 Sed
1915 5572 2066 5627 illum

484 5653 703 5721 quidem
731 5655 916 5711 cibum
946 5656 1086 5713 Deus
1119 5659 1513 5729 prohibuerat,
1547 5661 1713 5717 istum
1747 5655 1880 5720 vero
1922 5642 2071 5721 nun'c

480 5751 540 5799 et
573 5747 828 5817 usurpari
859 5748 1109 5821 praecipit
1166 5761 1219 5808 et
1249 5752 1633 5809 subministrat
1661 5772 1672 5808 :
1707 5754 1856 5809 illum
1892 5757 2068 5812 malus

2181 3289 2257 3361 μὴ
2287 3294 2405 3354 ταῖς
2429 3294 2538 3345 ἀπὸ
2561 3294 2670 3346 τῶν
2711 3299 2931 3365 τροφῶν
2968 3299 3311 3370 προσθήκαις
3351 3300 3760 3373 βοηθουμένην,

2178 3384 2274 3437 καὶ
2319 3383 2412 3436 διὰ
2442 3383 2601 3438 τοῦτο
2636 3388 2701 3455 τῇ
2741 3392 2918 3460 τροφῇ
2950 3392 3045 3445 καὶ
3071 3392 3151 3461 τῷ
3184 3393 3392 3462 πόματι
3424 3393 3763 3462 φυλάττεται

2177 3477 2279 3544 μὲν
2329 3478 2397 3529 τὰ
2445 3478 2791 3531 συνιστῶντα
2840 3483 2941 3553 τὴν
2970 3483 3135 3551 φύσιν
3183 3486 3334 3541 ἔνδον
3387 3487 3593 3553 καλῶς,
3630 3489 3766 3541 άνα-

2177 3565 2481 3636 πληροῦται
2508 3567 2566 3621 δὲ
2602 3572 2670 3622 τὰ
2695 3571 2974 3643 φθαρέντα
2999 3579 3065 3647 τῇ
3101 3577 3303 3651 θέρμῃ,
3334 3580 3429 3632 καὶ⁵
3476 3580 3764 3646 ἀνασώζει

2173 3675 2301 3721 ται,
2356 3661 2452 3713 καὶ
2503 3660 2766 3716 ἀδύνατόν
2816 3666 2965 3719 ἐστιν
3016 3669 3195 3733 ἄλλως
3245 3671 3346 3741 τὴν
3404 3674 3763 3745 ἀνθρωπίνην

2175 3749 2344 3821 ζωὴν,
2384 3751 2492 3804 οὐδ’
2520 3754 2606 3820 ἐφ’
2658 3755 2883 3809 ὁσονοῦν
2929 3757 3256 3829 διαρκέσαιο
3290 3761 3465 3827 οὕτως
3508 3767 3542 3835 ἡ
3576 3766 3762 3837 θέρμη

2176 3843 2440 3915 πονηρίας
2468 3845 2684 3899 ἔνδοθεν
2715 3847 2814 3919 τὴν
2842 3848 3023 3920 ψυχὴν
3054 3867 3158 3905 κατ
3170 3856 3498 3923 ατρώγουσα
3537 3860 3631 3929 τῷν
3658 3861 3761 3930 τὴν

2150 3934 2407 4004 πιότητα
2432 3938 2530 4001 τῆς
2561 3937 2847 4002 εὐλαϐείας
2879 3941 3180 4012 ξηραίνειν,
3204 3948 3462 4020 ἐποίησεν
3490 3949 3559 4004 ἂν
3584 3951 3761 4021 αὐτὴν

2173 4026 2523 4081 παντάπασιν
2553 4027 2818 4095 ἐκλιπεῖν,
2851 4035 2900 4085 ει
2926 4035 3003 4103 μὴ
3026 4035 3124 4106 τὴν
3146 4043 3527 4109 πνευματικὴν
3549 4045 3758 4115 ταύτην

2179 4117 2213 4186 ἦ
2253 4115 2401 4187 ψυχὴ
2440 4120 2652 4189 τροφὴν
2705 4124 3186 4196 προσελάμϐανεν,
3220 4131 3760 4205 ἀντικαθισταμένην

2175 4211 2239 4278 τῇ
2266 4207 2544 4281 φθαρτικῇ
2574 4211 2801 4282 δυνάμει
2850 4217 2952 4286 τῆς
2980 4221 3272 4289 πονηρίας,
3295 4224 3391 4276 καὶ
3413 4227 3758 4282 συνιστῶσαν

2171 4300 2229 4352 ἐν
2261 4301 2394 4370 ἡμῖν
2419 4301 2489 4355 τά
2510 4308 2864 4375 πνευματικὰ
2882 4308 2979 4362 τοῦ
2999 4309 3136 4365 Θεοῦ
3158 4312 3331 4384 δῶρα,
3354 4316 3448 4370 καὶ
3463 4318 3758 4385 αὔξουσαν.

2244 4392 2318 4445 Τὸ
2347 4392 2407 4447 δὲ
2459 4394 2554 4447 τοῦ
2581 4397 2824 4467 Χριστοῦ
2875 4401 3038 4471 σῶμα
3064 4404 3144 4473 τῷ
3196 4405 3298 4474 μὲν
3341 4408 3486 4480 λόγῳ
3527 4410 3624 4465 τοῦ
3656 4415 3765 4467 σώ-

2098 4519 2149 4580 D
2182 4501 2351 4580 ματος
2393 4486 2622 4580 τρέφον,
2671 4489 2751 4559 τῷ
2794 4489 2855 4544 δὲ
2901 4493 3003 4563 τῆς
3049 4495 3427 4578 καθαρότητος
3484 4501 3632 4574 λόγῳ
3692 4512 3761 4576 τῇ

2177 4576 2315 4645 πρὸς
2353 4576 2455 4648 τὴν
2495 4579 2649 4634 θείαν
2688 4583 2854 4651 φύσιν
2905 4585 3098 4642 ἑνώσει
3143 4576 3410 4663 καθαῖρον
3450 4598 3548 4651 καὶ
3597 4599 3764 4668 ἁγιά-

2177 4668 2291 4735 ζον,
2344 4671 2662 4741 ἀρκούντως
2706 4677 2842 4744 ἡμῖν
2884 4677 2989 4750 τὴν
3037 4684 3415 4757 πνευματικὴν
3462 4691 3763 4760 παρέχεται

2176 4760 2392 4833 τέρψιν.
2419 4764 2755 4834 Τρεφόμενοι
2789 4768 2847 4822 δὲ
2875 4769 3021 4825 οὕτω
3053 4774 3235 4839 καλῶς
3284 4778 3425 4847 πρὸς
3463 4781 3565 4852 τὴν
3598 4800 3760 4837 πνευι
3858 4779 3872 4791 ’

2178 4855 2416 4924 ματικὴν
2466 4856 2818 4928 καθαρότητα
2871 4863 2966 4916 καὶ
3014 4866 3205 4934 ὑγείαν
3245 4870 3658 4943 ὲπαναγόμεθα,
3693 4870 3761 4945 ἦς

2173 4945 2321 5013 ἡμᾶς
2358 4944 2461 5015 τῆς
2494 4948 2887 5024 κεκωλυμένης
2940 4953 3147 5025 βρῶσις
3188 4960 3388 5025 ἐξέωσε
3429 4966 3575 5021 τότε.
3605 4944 3763 5022 Ἔδει

2175 5036 2285 5108 γὰρ
2339 5038 2489 5109 ἡμᾶς
2523 5045 2813 5114 σωματικῇ
2853 5062 2961 5100 τινι
2995 5048 3199 5118 βρώσει
3230 5055 3336 5126 ’τὴν
3387 5056 3763 5130 ἀκεραιότητα

2175 5133 2270 5181 καὶ
2331 5131 2431 5222 την
2487 5133 2675 5201 ὑγείαν
2726 5136 2945 5207 ἐκείνην
3004 5141 3402 5211 ἁποῦαλόντας,
3469 5155 3757 5222 σωματικῇ

2173 5234 2280 5271 τινι
2318 5221 2482 5273 πάλιν
2528 5226 2705 5294 τροφῇ
2755 5228 2896 5295 πρὸς
2928 5230 3145 5303 εκείνην
3187 5236 3533 5307 ἐπανελθεῖν,
3565 5245 3761 5296 καὶτὰ

2177 5309 2276 5378 μὲν
2305 5309 2469 5378 ὃμοια
2498 5316 2610 5380 τοῖς
2641 5318 2852 5387 ὁμοίοις
2873 5312 3281 5397 θεραπευθῆναι
3306 5330 3511 5396 καλῶς,
3546 5334 3660 5396 τοῖς
3700 5335 3758 5387 δὲ

2174 5402 2436 5468 ἐναντίοις
2475 5407 2546 5459 τὰ
2595 5410 2837 5477 ἱναντία,
2870 5410 2986 5468 οἷον
3035 5417 3271 5489 βρώσεις
3312 5423 3414 5492 μὲν
3440 5424 3611 5496 ἄμφω
3654 5445 3761 5480 σω-

2176 5498 2424 5585 ματικαὶ,
2459 5498 2493 5569 ἧ
2528 5515 2586 5553 τε
2612 5501 2980 5576 διαφθείρασα
3012 5510 3108 5579 τὴν
3130 5512 3329 5585 ἀρχὴν,
3357 5516 3391 5585 ἦ
3419 5531 3480 5570 τε
3505 5517 3761 5583 σώζουσα

2172 5584 2291 5648 νῦν,
2327 5588 2423 5640 καὶ
2459 5590 2619 5658 ὑγεία
2662 5598 2757 5647 καὶ
2807 5603 3158 5673 πνευματικὴ
3211 5584 3345 5677 ζωὴ,
3382 5584 3446 5662 τό
3486 5627 3545 5662 τε
3587 5611 3761 5675 σωζό-

2174 5694 2358 5746 μενον,
2399 5682 2462 5734 τό
2495 5699 2555 5735 τε
2601 5686 2985 5759 φθειρόμενον.
3029 5695 3169 5749 Ἀλλ’
3213 5701 3431 5771 ἐκείνην
3475 5703 3575 5773 μιν
3621 5706 3761 5757 ἀπέ-

2169 5783 2375 5838 τρεπεν
2406 5774 2435 5823 ὁ
2473 5773 2631 5844 Θεὸς,
2654 5780 2862 5854 ταύτην
2899 5784 2956 5838 δὲ
2985 5786 3084 5841 νῦν
3123 5792 3408 5864 ἐπιτρέπει
3462 5797 3554 5848 καὶ
3589 5811 3761 5868 χορη-
