4176 6278
496 346 599 407 35)

1558 347 1943 407 GENNADll
1981 347 2090 404 Cl’.
2129 341 2645 404 PATRHRCIL’E

3656 327 3765 397 1’60

481 451 642 528 'rum,
670 475 722 518 et
745 477 1013 518 cavearum
1042 463 1230 517 oculos
1257 462 1454 532 aperit.
1493 463 1551 516 ln
1590 464 1792 518 talibus
1827 465 2071 517 miracu-

2190 463 2418 531 τυφλῶν.
2462 462 2604 514 Ἀλλ’
2647 463 2706 513 ἑν
2749 462 2860 518 τοῖς
2901 455 3168 517 τοιούτοις
3217 453 3477 523 ἐμϐάλλει
3519 454 3620 522 μὲν
3663 455 3767 522 τὴν

500 560 566 611 lis
595 555 837 610 excludit
865 554 1087 623 quidem
1121 563 1332 608 naturae
1360 553 1634 620 ordinem,
1675 570 1782 610 non
1804 564 2074 625 quantum

498 648 566 701 ad
605 662 666 700 ea
695 649 816 715 quae
849 645 1006 707 ﬁunt,
1041 644 1134 700 sed
1175 655 1445 714 quantum
1478 647 1546 700 ad
1575 647 1626 701 id
1680 649 1732 701 in
1763 664 1875 718 quo
1916 649 2074 708 fiunt.

500 753 696 806 nempe
717 744 981 807 quantum
1012 735 1081 789 ad
1107 735 1442 805 subjectum.
1479 735 1662 792 Efficit
1695 739 1842 792 enim
1875 747 1930 792 et
1955 741 2071 807 ipsa

502 845 697 886 natura
729 831 915 893 vitam,
949 829 1045 884 sed
1101 845 1207 883 non
1259 832 1313 883 iu
1353 838 1571 884 mortuo
1597 873 1610 895 ,
1650 840 1702 885 et
1732 832 1826 885 dat
1872 833 2074 895 visum,

502 927 596 980 sed
639 939 744 976 non
782 922 830 976 ei
889 922 979 990 qui
1039 921 1205 975 semel
1240 921 1416 975 oculis
1458 921 1685 976 orbatus
1717 931 1818 976 est.
1872 923 2076 977 Iterum

503 1015 650 1069 sistit
682 1014 850 1068 solem
888 1028 984 1082 per
1017 1010 1205 1066 Jesum
1237 1012 1410 1066 filium
1450 1011 1621 1076 Nave,
1664 1023 1717 1066 et
1754 1028 1954 1083 corpus
1982 1015 2079 1067 hu-

505 1121 724 1158 manum
782 1121 876 1173 per
934 1104 1173 1171 seipsum
1228 1104 1529 1174 glorificat;
1569 1119 1766 1173 corpus
1801 1121 1896 1174 per
1931 1105 2078 1160 aiiud

503 1212 703 1264 corpus
741 1203 1086 1248 transmeare
1137 1194 1287 1258 facit,
1343 1211 1468 1264 quae
1531 1196 1752 1264 quidem
1809 1198 1953 1251 inter
1986 1199 2079 1253 Dei

505 1287 764 1342 miracula
797 1288 1094 1341 maximum
1131 1297 1186 1341 et
1253 1288 1592 1356 praecipuum
1633 1288 1813 1341 locum
1855 1289 2076 1354 habent,

504 1377 638 1430 adeo
699 1384 756 1428 nt
793 1377 941 1430 nullo
1004 1376 1163 1429 modo
1197 1391 1226 1428 a
1283 1384 1482 1429 natura
1547 1376 1773 1444 produci
1827 1379 2079 1444 possint:

505 1469 600 1524 sed
639 1471 750 1522 haec
776 1469 939 1521 etiam
967 1477 1188 1535 superat
1221 1467 1565 1536 propositum
1591 1468 1939 1521 miraculum.
1967 1470 2084 1524 illic

505 1559 649 1612 enim
686 1557 1034 1612 solummodo
1083 1559 1251 1610 solem
1285 1558 1462 1622 siSIit,
1497 1557 1591 1612 sed
1639 1573 1744 1610 non
1769 1560 1934 1614 simul
1967 1577 2079 1614 mo-

509 1653 619 1705 veri
644 1665 862 1719 quoque
929 1665 1053 1702 eum
1114 1650 1269 1713 facit,
1325 1665 1503 1718 neque
1531 1650 1693 1704 simul
1728 1667 1849 1705 esse
1889 1663 1942 1706 ct
1972 1668 2080 1706 non

504 1755 658 1805 esse;
691 1740 778 1793 hic
797 1754 925 1793 vero
945 1739 1070 1793 facit
1086 1739 1303 1808 quidem
1330 1755 1544 1808 panem,
1563 1740 1656 1793 sed
1677 1750 1730 1793 et
1750 1756 1946 1810 corpus
1962 1743 2084 1798 abs-

2178 555 2278 623 τῆς
2305 553 2520 622 φύσεως
2547 551 2722 617 τάξιν,
2749 548 2864 601 ἀλλ’
2895 549 2995 616 οὐχ
3024 549 3149 600 ὅσον
3181 545 3320 613 πρδς
3349 545 3418 598 τὰ
3461 545 3754 613 γινόμενα,

2176 646 2300 698 ὅσον
2341 643 2396 695 δὲ
2441 642 2578 710 πρὸς
2608 642 2670 692 τὸ
2709 640 2768 692 ἐν
2808 631 2853 706 ᾧ
2885 636 3060 690 ταῦτα
3093 637 3306 705 γίνεται
3346 636 3484 704 πρὸς
3528 636 3590 688 τὸ
3631 638 3768 688 ὑπο⁴

2179 719 2436 804 κείμενον
2463 732 2687 802 δηλαδή.
2718 732 2872 783 Ποιεῖ
2896 729 3006 797 γὰρ
3037 731 3134 780 καὶ
3167 729 3200 797 ἡ
3233 727 3395 795 φύσις
3422 727 3562 794 αὑτὴ
3593 726 3762 792 ζωὴν,

2179 828 2297 882 ἀλλ’
2323 828 2422 879 οὐκ
2460 827 2516 878 ὲν
2544 824 2622 891 τῷ
2652 821 2854 894 νεκρῷ,
2887 821 2982 873 καὶ
3009 819 3225 872 δίδωσιν
3251 818 3398 887 ὄψιν,
3436 816 3554 870 ἀλλ’
3593 819 3653 868 οὐ
3687 818 3768 883 τῷ

2180 920 2438 984 καθάπαξ
2518 917 2906 987 πεπηρωμένῳ
2991 913 3116 974 τοὺς
3181 911 3520 980 ὀφθαλμούς.
3593 912 3766 964 ΙΙάλίν

2179 987 2574 1081 ἵστησινῆλιον
2609 1010 2695 1062 διὰ
2747 1007 2924 1074 Ἰησοῦ
2957 1004 3052 1058 τοῦ
3104 1005 3262 1073 Ναυῆ
3289 1019 3302 1032 '
3337 1005 3433 1056 καὶ
3459 1004 3520 1054 τὸ
3551 1001 3768 1079 ἀνθρώ-

2182 1122 2336 1158 πινον
2399 1104 2562 1172 σῶμα
2615 1100 2828 1164 δοξάζει
2883 1099 2951 1152 δι’
3013 1097 3234 1162 ἑαυτοῦ,
3290 1096 3386 1148 καὶ
3449 1095 3612 1160 σῶμα
3676 1095 3770 1146 διὰ

2185 1199 2436 1265 σώματος
2485 1195 2678 1248 διιέναι
2707 1195 2874 1256 ποιεῖ,
2919 1192 2954 1245 ὃ.
2991 1191 3056 1260 δὴ
3096 1190 3196 1258 τὴν
3234 1190 3502 1258 μεγίστην
3547 1190 3604 1241 ὲν
3648 1191 3766 1250 τοῖς

2182 1290 2278 1344 τοῦ
2327 1288 2464 1342 Θεοῦ
2510 1287 2836 1356 θαυμασίοις
2885 1285 3040 1349 τάξιν
3084 1282 3397 1350 ἐπέχουσιν,
3451 1282 3526 1342 ὡς
3572 1279 3767 1332 οὐδένα

2183 1384 2382 1453 τρόπον
2416 1383 2518 1435 ὑπὸ
2558 1381 2657 1449 τῆς
2709 1379 2925 1446 φύσεως
2952 1376 3227 1444 δυνάμενα
3285 1371 3551 1439 γίνεσθαι.
3601 1371 3765 1423 Ἀλλὰ

2185 1475 2532 1528 καὶτούτων
2591 1470 2916 1538 ὑπέρκειται
2982 1469 3044 1521 τὸ
3112 1466 3478 1535 προκείμενον
3551 1463 3762 1530 θαῦμα.

2188 1567 2399 1634 Ἵστησι
2447 1564 2556 1635 γὰρ
2617 1561 2779 1630 μόνον
2834 1561 2951 1622 ἐκεῖ
2988 1559 3078 1612 τὸν
3134 1559 3308 1625 ⁴ἥλιον,
3338 1556 3453 1609 ἀλλ’
3501 1556 3599 1624 ούχ
3647 1555 3767 1623 ἅμα

2188 1663 2282 1714 καὶ
2329 1659 2596 1711 κινεῖσθαι
2648 1657 2742 1708 τὸν
2785 1656 2946 1709 αὐτὴν
2980 1654 3147 1713 ποιεῖ,
3183 1649 3290 1703 οὐδ’
3332 1651 3448 1717 ἅμα
3493 1644 3632 1701 εἷναί
3679 1666 3765 1710 τε,

2188 1751 2285 1803 καὶ
2335 1750 2409 1818 μὴ
2433 1746 2591 1802 εἶναι.
2635 1745 2900 1800 Ἑνταῦοα
2941 1745 2997 1797 δὲ
3033 1727 3177 1796 ποιεῖ
3227 1742 3328 1809 μὲν
3361 1741 3520 1809 σῶμα
3548 1741 3638 1793 τὸν
3669 1741 3771 1808 ἄρ-

505 1844 612 1895 que
655 1828 1111 1882 convenientibus
1133 1828 1235 1896 ipsi
1257 1827 1657 1892 accidentibus,
1681 1839 1734 1882 et
1757 1831 1916 1899 panis
1933 1833 2076 1885 accio

2190 1858 2296 1905 ιον,
2330 1840 2465 1893 ἀλλὰ
2516 1839 2609 1891 καὶ
2658 1839 2718 1890 τὸ
2753 1837 2913 1897 σῶμα
2977 1836 3145 1904 χωρῖς
3184 1835 3292 1886 τῶν
3327 1833 3478 1902 αὑτῷ
3527 1832 3770 1902 πρεπόν-

506 1919 694 1972 dentia
720 1918 930 1987 absque
968 1918 1326 1971 conveniente
1363 1909 1503 1986 ipsis
1519 1921 1825 1974 substantia
1857 1934 2080 1975 conser-

511 2018 623 2072 vat,
652 2017 706 2062 et
729 2007 1092 2061 substantiam
1131 2007 1252 2060 aliis
1293 2007 1670 2062 accidentibus
1711 2012 2079 2078 cougenitam,

508 2098 794 2166 conjungit
834 2113 953 2151 eum
981 2097 1359 2151 accidentibus
1395 2099 1554 2152 alteri
1578 2102 1903 2155 substantiae
1954 2118 2084 2157 cono

508 2189 851 2260 giuentihus.
884 2187 926 2240 Ο
947 2189 1240 2242 maximum
1259 2189 1580 2243 miraculum
1599 2194 1813 2246 etomni
1833 2210 2085 2250 sermone

509 2280 802 2348 superius!
843 2281 1036 2332 iterum
1097 2281 1301 2333 dicam.
1365 2280 1470 2334 Sed
1507 2283 1736 2336 alterum
1782 2288 1926 2352 quod
1959 2287 2086 2340 huic

509 2385 843 2439 comparem,
909 2371 1236 2424 miracuhnn
1294 2372 1514 2438 habeo,
1572 2375 1715 2442 quod
1790 2377 2082 2431 humanam

512 2472 760 2513 naturam
791 2461 936 2514 Deus
963 2461 1160 2515 divinae
1189 2477 1436 2529 persona:
1469 2464 1776 2532 conjunxit,
1811 2482 1918 2520 non
1945 2468 2087 2522 sicut

510 2554 705 2606 animai
778 2567 976 2622 corpus
1037 2554 1343 2622 ceiijuugit,
1398 2563 1629 2623 utroque
1683 2558 1910 2612 seorsim
1966 2575 2087 2628 pro-

511 2646 687 2712 prium
732 2660 930 2698 nomen
969 2646 1258 2699 retinente.
1319 2646 1507 2714 Neque
1562 2649 1708 2701 enim
1745 2652 1925 2703 anima
1959 2667 2087 2704 cor—

512 2754 634 2805 pus,
663 2747 756 2789 aut
783 2753 985 2805 corpus
1019 2738 1198 2789 anima
1244 2738 1481 2801 dicitur,
1520 2741 1612 2793 sed
1645 2741 1718 2793 ita
1767 2741 1882 2794 uuit
1910 2743 2088 2812 (natu-

512 2844 600 2881 ras
624 2825 782 2895 duas)
815 2827 1198 2895 personaliter,
1249 2839 1306 2881 ut
1342 2827 1487 2881 Deus
1519 2829 1682 2881 homo
1710 2832 1816 2896 sit,
1843 2842 1894 2884 et
1928 2835 2089 2887 homo

513 2920 674 2975 Deus.
711 2917 911 2972 Verum
948 2919 1052 2973 isto
1105 2919 1414 2974 mirabilius
1448 2930 1500 2972 et
1537 2921 1667 2974 illud
1724 2924 2086 2988 mysterium:

512 3014 598 3066 hic
628 3012 774 3065 enim
800 3019 990 3065 neutra
1017 3012 1072 3064 iu
1109 3013 1332 3065 alteram
1372 3021 1709 3068 tausmutata
1749 3029 1940 3070 natura
1967 3018 2088 3081 fuit,

509 3104 602 3156 sed
632 3103 684 3155 in
713 3101 915 3155 Ctiristi
945 3117 1198 3171 persona,
1242 3112 1295 3156 et
1329 3103 1588 3158 divinitas
1627 3115 1680 3158 et
1711 3106 1950 3161 humana
1994 3125 2091 3162 na-

2187 1953 2296 1987 των
2331 1931 2777 2002 συμϐεϐηκότων,
2809 1931 2904 1982 καὶ
2936 1929 3006 1983 τὰ
3035 1927 3131 1980 τοῦ
3161 1928 3330 1995 ἄρτου
3367 1925 3757 1993 συμϐεϐηκὸτλ

2188 2023 2354 2092 χωρὶς
2396 2022 2495 2090 τῆς
2541 2020 2724 2081 αὐτοῖς
2783 2019 3102 2088 πρεπούσης
3155 2017 3344 2078 ούσίας
3388 2015 3770 2083 διαφυλάττει,

2188 2115 2284 2166 καὶ
2351 2113 2541 2164 οὐσίαν
2619 2111 2801 2170 ἄλλοις
2877 2108 3256 2177 συμϐεϐηκόσι
3337 2110 3766 2175 συμπεφυκυῖαν

2192 2195 2450 2252 συνάπτει
2503 2199 2640 2266 μετὰ
2695 2197 3126 2266 συμϐεϐηκότων
3182 2196 3318 2269 ἄλλῃ
3371 2196 3771 2266 προσηκόντων

2189 2292 2366 2359 οὐσίᾳ.
2423 2291 2488 2342 Ὠ
2552 2289 2809 2357 μεγίστου
2864 2287 3162 2357 θαύματος,
3231 2290 3321 2340 καὶ
3383 2288 3560 2341 πάντα
3610 2288 3774 2353 λόγον

2190 2384 2446 2443 νικῶντος
2475 2383 2487 2434 !
2519 2379 2672 2442 αὖθις
2703 2380 2833 2448 ἐρῶ.
2877 2379 3020 2431 Ἀλλ’
3062 2379 3170 2448 ἔχω
3207 2379 3381 2448 τούτῳ
3413 2379 3488 2447 τῷ
3528 2379 3772 2447 θαύματι

2192 2471 2533 2542 παραλαϐεῖν
2565 2471 2777 2542 ἕτερον,
2806 2469 2889 2523 ὃτι
2940 2471 3040 2537 τὴν
3089 2470 3341 2539 ἀνδρείαν
3385 2470 3549 2537 φύσιν
3581 2473 3607 2523 ὁ
3638 2471 3775 2531 Θεὸς

2191 2565 2268 2634 τῷ
2300 2566 2430 2633 θείῳ
2479 2563 2683 2633 συνῆψε
2723 2563 3024 2632 προσώπῳ,
3064 2563 3162 2631 οὐχ
3207 2562 3397 2631 ὥσπερ
3431 2565 3496 2630 τῇ
3535 2563 3680 2632 ψυχῇ
3713 2563 3776 2613 τὸ

2194 2658 2352 2724 σῶμα
2401 2661 2683 2720 συνάπτει,
2714 2658 2976 2724 ἐκατέρου
3027 2654 3105 2724 τῷ
3165 2656 3280 2723 ἰδίῳ
3333 2656 3494 2724 μόνον
3544 2657 3772 2723 ὀνόματι

2192 2751 2552 2818 καλουμένου.
2585 2747 2721 2800 Οὔτε
2753 2748 2860 2818 γὰρ
2887 2750 2919 2817 ἡ
2945 2747 3092 2818 ψυχὴ
3130 2748 3310 2816 σῶμα,
3340 2747 3464 2800 οὔτε
3507 2748 3567 2800 τὸ
3609 2748 3774 2815 σῶμα

2192 2843 2340 2912 ψυχὴ
2375 2845 2630 2910 λέγεται·
2672 2843 2786 2896 ἀλλ’
2837 2841 3009 2903 οὕτως
3058 2845 3169 2894 ἑνοῖ
3201 2841 3595 2910 προσωπικῶ;,
3627 2841 3775 2894 ὥστε

2192 2939 2282 2990 τὸν
2318 2938 2451 2989 Θεὸν
2496 2935 2785 3002 ἄνθρωπον
2843 2932 3004 2998 εἶναι,
3038 2936 3131 2986 καὶ
3168 2934 3299 2986 Θεον
3353 2935 3620 3002 ὑπάρχειν
3679 2934 3776 2984 τὸν

2195 3031 2499 3098 ἄνθρωπον.
2547 3028 2708 3082 Ἀλλὰ
2737 3029 2832 3079 καὶ
2862 3027 3054 3079 τούτου
3086 3027 3532 3096 θαυμαστότερον
3563 3027 3680 3078 ἐστι
3709 3027 3774 3077 τὸ

2199 3124 2520 3191 μυστήριον.
2570 3122 2721 3176 Ἐκεῖ
2763 3121 2859 3190 μὲν
2885 3122 2992 3188 γὰρ
3020 3119 3278 3189 οὐδετέρα
3313 3119 3448 3187 προς
3492 3119 3592 3186 τὴν
3649 3118 3773 3168 έτέε

509 3205 631 3246 tura
676 3193 965 3247 ineonl'use
1003 3194 1374 3263 reperiuntur.
1430 3196 1544 3249 Illic
1591 3213 1716 3250 vero
1744 3209 1994 3252 creatura
2033 3201 2084 3254 in

2199 3229 2295 3282 ραν
2330 3211 2732 3280 μεταϐέϐληται
2777 3210 2938 3278 φύσιν
2963 3226 2977 3240 ν
3015 3208 3131 3261 ἀλλ’
3182 3211 3238 3260 ἐν
3287 3207 3364 3276 τῷ
3403 3207 3495 3259 τοῦ
3529 3203 3775 3276 Χριστοῦ

506 3287 820 3341 Creatorem
880 3287 1309 3346 transformatur
1383 3290 1654 3344 mediante
1711 3307 1975 3360 corpore,
2035 3302 2090 3348 et

510 3379 894 3448 praeexsisteus
942 3380 1095 3448 panis
1126 3379 1432 3434 substantia
1479 3396 1678 3449 corpus
1731 3382 1824 3435 Dei
1852 3384 1929 3448 fit,
1961 3385 2088 3436 dum

507 3485 706 3540 corpus
736 3470 941 3525 Christi
991 3471 1250 3527 efficitur.
1303 3471 1594 3524 Maximum
1631 3474 1848 3540 quidem
1900 3490 2087 3528 revera

505 3563 750 3616 omnium
809 3563 902 3617 Dei
956 3564 1292 3616 mirabilium
1351 3575 1538 3618 estex
1600 3565 1684 3618 his
1746 3568 2088 3632 argumentis

509 3654 663 3722 panis
709 3655 763 3708 in
827 3668 1028 3723 corpus
1098 3655 1443 3708 Doniinicuni
1506 3655 2087 3721 Transsubstantiatio,

507 3744 601 3798 sed
679 3760 804 3811 quae
863 3753 1189 3812 potestatem
1255 3745 1497 3798 divinam
1551 3747 1920 3800 consideranti
1981 3763 2088 3801 non

505 3833 864 3904 impossibilis
904 3835 1274 3902 iiudicabitur.
1338 3835 1523 3903 Neque
1580 3837 1726 3890 enim
1775 3837 2090 3892 cristimare

503 3935 716 3994 oportet
768 3937 965 3994 praeter
995 3928 1303 3980 naturalem
1371 3942 1554 3980 rerum
1612 3929 1860 3983 ordinem
1905 3929 2087 3983 facere

507 4018 644 4070 nihil
682 4015 840 4085 posse
871 4015 1062 4076 Deum.
1098 4018 1186 4077 cui
1217 4027 1271 4070 et
1303 4027 1497 4070 natura
1531 4028 1587 4070 et
1613 4019 1748 4072 ordo
1778 4009 2087 4088 subjiciun-

506 4119 656 4162 tur:
712 4107 879 4159 nmlto
937 4108 1110 4176 magis
1181 4122 1303 4161 cum
1356 4116 1410 4161 et
1469 4109 1643 4176 ipsam
1705 4120 1954 4164 naturam
2011 4113 2086 4165 τί-

503 4202 634 4251 dere
662 4198 970 4250 liceatsuos
996 4197 1264 4250 terminos
1297 4199 1591 4265 aliquando
1637 4203 2087 4270 praetergredien-

506 4301 635 4343 tem.
676 4286 865 4356 Neque
927 4299 1142 4356 oportet
1194 4290 1586 4344 miraculorum
1640 4294 1885 4361 quaedam
1927 4298 2097 4364 quasi

506 4380 682 4435 facilia
712 4389 765 4434 et
789 4381 946 4434 obvia
983 4380 1090 4435 Deo
1135 4385 1471 4446 concedere,
1507 4382 1574 4436 ad
1619 4384 1824 4452 majora
1867 4402 1994 4439 vero
2031 4397 2087 4440 et

503 4473 813 4528 difﬁciliora
861 4473 1241 4542 impotentiam
1280 4475 1556 4528 ascrlbere
1585 4477 1632 4530 ei
1687 4477 1780 4545 qni
1815 4477 2082 4532 infinitam

503 4573 823 4632 potestatem
864 4566 1066 4627 habet,
1111 4579 1210 4618 nec
1265 4564 1385 4618 aliis
1415 4581 1578 4633 quam
1641 4566 1938 4622 voluntatis
1973 4585 2083 4624 suae

502 4657 749 4709 terminis
785 4655 1285 4723 circumscriptam.
1331 4653 1385 4708 Si
1417 4657 1564 4709 enim
1597 4665 1807 4710 natura:
1837 4660 2086 4712 ordinem

503 4747 1173 4816 transgrediturtanquam
1200 4749 1452 4815 superior
1470 4749 1729 4801 omnibus
1773 4765 1964 4814 causa,
2011 4769 2094 4804 sc-

500 4840 744 4892 entulum
771 4838 1140 4906 subjectorum
1185 4838 1578 4898 diversitatem,
1604 4853 1703 4891 cur
1725 4855 1830 4892 non
1850 4849 1901 4892 rt
1923 4842 1974 4893 in
2004 4859 2094 4894 ea-

500 4931 624 4984 dem
649 4947 707 4995 re
728 4933 999 4996 eumdem,
1026 4929 1072 4981 si
1099 4930 1343 4991 voluerit,
1369 4930 1614 4981 ordinem
1638 4933 2094 4997 transgredictur?

504 5021 558 5070 Si
579 5033 740 5086 porro
754 5034 860 5070 non
882 5021 1048 5071 servit
1066 5018 1243 5071 ordini
1261 5026 1468 5071 natura:
1486 5019 1576 5084 qui
1594 5021 1840 5074 conditor
1856 5021 1974 5086 ejus
1988 5033 2091 5084 est,

500 5125 601 5160 cur
633 5124 739 5159 non
775 5118 825 5160 ct
860 5117 1107 5160 naturam
1138 5109 1308 5176 ipsam
1357 5112 1747 5164 transmutabit
1776 5115 1920 5165 sicut
1976 5113 2092 5180 ipse

505 5198 772 5249 voluerit?
805 5196 872 5251 Ut
900 5199 1045 5250 enim
1081 5211 1278 5254 creata:
1329 5200 1487 5254 alicui
1519 5204 1771 5271 potentia:
1804 5205 2088 5266 miracula,

502 5290 669 5342 etiam
705 5288 796 5342 illa
828 5291 1094 5357 postremi
1121 5293 1358 5358 generis,
1399 5296 1621 5348 omnino
1671 5307 1800 5350 sunt
1841 5297 2087 5366 impossi-

504 5381 632 5434 bilia
661 5422 673 5443 ,
710 5380 780 5432 ita
818 5381 1074 5450 potentia:
1102 5381 1334 5438 infinita:
1366 5386 1782 5454 amplitudinem
1814 5392 2085 5456 sequitur,

502 5483 560 5526 ut
601 5487 727 5528 cum
769 5473 1031 5536 voluerit,
1099 5476 1398 5530 maximum
1455 5479 1712 5547 quodque
1763 5482 2082 5534 lllil‘at‘llllltll

495 5565 787 5631 designare
811 5573 864 5619 et
885 5565 1102 5621 efficere
1126 5577 1311 5635 queat,
1339 5579 1391 5622 et
1421 5571 1563 5637 quod
1591 5571 1654 5622 ad
1680 5573 1881 5624 nullam
1914 5572 2084 5625 subli—

502 5665 743 5706 tnittcm
792 5657 948 5724 quasi
997 5657 1256 5726 impedita
1315 5658 1566 5714 desiStat.
1617 5662 1905 5727 Quomodo
1958 5680 2082 5715 vero

502 5745 723 5802 dil'ticde
751 5765 870 5802 ess-.2
912 5751 1086 5819 possit
1121 5753 1170 5807 ei
1211 5753 1302 5822 qui
1344 5755 1522 5807 omnia
1558 5757 1863 5821 constitui,
1917 5761 2082 5825 ιιτιιὶ-

2194 3304 2492 3374 προσώπῳ,
2531 3303 2622 3355 καὶ
2669 3303 2702 3370 ή
2760 3301 2972 3367 θεότης,
3007 3302 3100 3353 καὶ
3159 3301 3190 3367 ή
3252 3299 3569 3368 ἀνθρωπίνη
3605 3300 3774 3367 φύσις

2191 3395 2511 3463 ἀσυγχύτους
2547 3393 2714 3445 ἐστίν.
2757 3391 3024 3445 Ἐνταῦθα
3055 3393 3110 3444 δὲ
3150 3392 3210 3443 τὸ
3261 3392 3466 3459 κτίσμα
3508 3391 3644 3460 πρὸς
3677 3392 3770 3442 τὸν

2192 3487 2420 3554 κτίστην
2463 3483 2855 3554 μεταποιοῦται
2885 3484 2973 3536 διὰ
3021 3485 3187 3554 μέσου
3228 3483 3322 3536 τοῦ
3377 3483 3653 3550 σώματος,
3680 3487 3779 3538 καὶ.

2194 3581 2226 3648 ἡ
2258 3582 2707 3649 προῦφεστηκυῖα
2729 3578 2822 3632 τοῦ
2855 3579 3025 3648 ἄρτου
3054 3579 3213 3631 οὐσία
3248 3580 3408 3652 σῶμα
3449 3578 3586 3632 Θεοῦ
3620 3579 3773 3646 γίνε-

2190 3691 2301 3736 ται,
2329 3675 2614 3741 γινόμενον
2671 3672 2849 3740 σῶμα.
2882 3673 3082 3735 Μεῖζον
3141 3672 3239 3739 μὲν
3277 3671 3342 3742 δὴ
3399 3677 3621 3726 πάντων
3661 3675 3776 3725 τῶν

2194 3765 2352 3819 θείων
2383 3763 2682 3832 θαυμάτων
2709 3765 2782 3826 ὡς
2815 3763 3033 3831 ἀληθῶς
3059 3764 3148 3815 διὰ
3172 3762 3367 3826 ταῦτα,
3400 3765 3431 3834 ἡ
3471 3764 3565 3817 τοῦ
3603 3765 3773 3834 ἄρτου

2192 3860 2327 3926 πρὸς
2355 3857 2412 3909 τὸ
2441 3859 2599 3926 σῶμα
2625 3857 2686 3908 τὺ
2715 3857 3033 3909 δεσποτικδν
3061 3858 3495 3924 Μετουσίωσις,
3525 3859 3643 3911 ἀλλ’
3672 3862 3776 3913 οὐκ

2189 3950 2448 4012 ἀδύνατος
2485 3948 2562 4016 τῷ
2591 3949 2725 4016 πρὸς
2754 3948 2847 4017 τὴν
2878 3948 3028 4000 θείαν
3060 3947 3313 4018 βλέποντι
3347 3950 3600 4018 δύναμιν.
3632 3952 3775 4005 Οὕτε

2192 4044 2298 4109 γὰρ
2339 4041 2418 4091 δεῖ
2465 4041 2555 4092 τὸν
2595 4041 2731 4091 Θεὸν
2774 4040 3030 4108 ἡγεῖσθαι
3065 4042 3140 4111 μὴ
3171 4041 3430 4096 δύνασθαι
3474 4045 3628 4112 παρὰ
3671 4028 3788 4113 τὴν

2193 4132 2358 4197 φύσιν
2400 4135 2494 4184 καὶ⁹
2536 4131 2645 4182 τῶν
2688 4130 2858 4183 ὄντων
2890 4132 3045 4198 τάξιν
3079 4134 3274 4197 ποιεῖν,
3305 4129 3349 4200 ᾧ
3402 4136 3496 4187 καὶ
3539 4141 3572 4206 ἡ
3609 4136 3773 4205 φύσις

2190 4229 2286 4278 καὶ
2315 4227 2348 4296 ή
2375 4224 2528 4289 τέιξις
2559 4225 2869 4290 ὑπόκειται,
2907 4227 3005 4278 κοιλ⁴
3031 4223 3212 4294 πολλῷ
3247 4228 3449 4296 μᾶλλον
3488 4231 3621 4282 ὅπου
3675 4236 3772 4284 καὶ

2189 4320 2286 4388 τὴν
2323 4319 2486 4386 φύσιν
2517 4317 2686 4385 αὐτὴν
2719 4317 2865 4369 ἔστιν
2920 4317 3047 4370 ἰδεῖν
3093 4319 3201 4370 τῶν
3252 4321 3454 4389 ἑαυτῆς
3483 4323 3628 4392 ὅρων
3659 4326 3770 4390 ἐξι-

2193 4413 2470 4482 σταμένην
2529 4411 2680 4463 ποτέ.
2723 4409 2862 4462 Οὔτε
2917 4410 2985 4463 τὰ
3042 4409 3141 4480 μὲν
3189 4410 3266 4475 ὡς
3331 4413 3599 4483 πρόχειρα
3659 4417 3772 4470 τῶν

2191 4503 2486 4570 θαυμάτων
2511 4502 2592 4553 δεῖ
2619 4500 2696 4567 τῷ
2726 4500 2845 4568 Θεῷ
2870 4501 3197 4569 συγχωρεῖν,
3231 4501 3368 4570 πρὸς
3397 4502 3457 4555 δε
3485 4503 3554 4556 τὰ
3595 4505 3770 4572 μείζω

2197 4596 2290 4646 καὶ
2317 4595 2719 4662 δυσχερέστερα
2753 4593 3138 4655 καταδικάζειν
3185 4592 3487 4662 ἀδυναμίαν
3534 4597 3629 4649 τοῦ
3677 4600 3771 4651 δύ-

2196 4699 2360 4753 νειμιν
2406 4685 2631 4751 ἄπειρον
2685 4682 2923 4751 ἔχοντος,
2971 4683 3064 4734 καὶ
3107 4683 3389 4752 σύστοιχον
3421 4689 3489 4755 τῇ
3525 4687 3765 4758 θελήσει.

2196 4777 2258 4827 Εἰ
2289 4775 2394 4843 γὰρ
2423 4776 2520 4843 τὴν
2545 4772 2696 4837 τάξιν
2726 4773 3158 4842 ὑπερϐαίνειτῆς
3183 4773 3395 4840 φύσεως
3417 4775 3491 4838 ὼς
3515 4780 3770 4847 ὑπερκεί.

2201 4883 2361 4931 μενον
2401 4867 2620 4918 πάντων
2665 4863 2839 4916 αἴτιον
2887 4865 2946 4915 ὲν
2981 4867 3044 4934 τῇ
3089 4865 3196 4916 τῶν
3240 4856 3616 4935 ὑποκειμένων
3649 4871 3767 4924 δια-

2197 4955 2361 5028 φορᾷ,
2415 4960 2468 5010 τί
2529 4960 2604 5026 μὴ
2648 4961 2742 5009 καὶ
2789 4959 2846 5008 ἐν
2889 4958 2968 5025 τῷ
3036 4960 3185 5026 αύτῷ
3237 4961 3522 5029 πράγματι
3566 4964 3770 5030 ταύτην

2199 5051 2479 5118 βουληθεὶς
2521 5051 2925 5118 ὑπερϐήσεται;
2957 5051 3016 5101 Εἰ
3052 5051 3106 5103 δὲ
3139 5053 3215 5118 μὴ
3245 5052 3488 5106 δουλεύει
3518 5058 3582 5123 τῇ
3616 5055 3766 5120 τάξει

2194 5141 2290 5210 τῆς
2324 5141 2538 5207 φύσεως
2585 5139 2918 5207 δημιουργὸς
2967 5143 3135 5210 αὐτῆς
3166 5142 3264 5205 ὢν,
3298 5145 3352 5196 τί
3397 5145 3481 5214 μὴ
3533 5149 3625 5196 καὶ
3670 5151 3770 5212 τὴν

2196 5235 2358 5302 φύσιν
2417 5236 2585 5305 αὐτὴν
2645 5240 3069 5304 μεταποιήσειεν
3125 5238 3201 5298 ὡς
3253 5238 3320 5289 ἂν
3370 5240 3530 5301 αὐτὸς
3571 5241 3767 5306 Bern;-

2195 5327 2347 5395 Ozirj;
2385 5328 2596 5394 ’Ὠσπερ
2623 5329 2732 5396 γὰρ
2765 5330 2958 5398 κτιστῇ
2991 5347 3095 5379 τινι
3134 5329 3389 5397 δυνάμει,
3422 5332 3516 5382 καὶ
3560 5333 3628 5383 τὰ
3659 5331 3769 5382 τσῖλν

2193 5420 2488 5484 θαυμάτων
2513 5418 2718 5486 ἔσχατα
2749 5422 2814 5486 τῇ
2855 5421 3008 5482 τάξει
3055 5421 3309 5489 καθάπερ
3346 5423 3764 5493 ἀνεπιχείρητα,

2191 5511 2334 5560 οὕτω
2363 5514 2427 5578 τῇ
2458 5511 2751 5581 περιουσίᾳ
2776 5513 3044 5580 προσήκει
3077 5513 3169 5582 τῆς
3203 5514 3430 5583 ἀπείρο)
3457 5515 3764 5578 δυνάμεως,

2190 5600 2410 5651 ἐπειδὰν
2481 5601 2715 5671 βουληθῇ
2774 5604 2960 5668 μεῖζον
3019 5604 3106 5655 ἀεὶ
3175 5605 3423 5672 μείζονος
3481 5606 3764 5672 θαύματος

2189 5696 2424 5744 ἐπινοεῖν
2457 5695 2550 5744 καὶ
2591 5697 2784 5756 ποιεῖν,
2823 5698 2918 5748 καὶ
2956 5697 3090 5768 πρὸς
3141 5699 3402 5766 οὐδεμίαν
3457 5701 3765 5769 ύπερεολὴν

2191 5786 2458 5836 ἱσςαᾳοαι.
2498 5785 2562 5836 Τί
2609 5785 2653 5836 δ’
2690 5785 2753 5840 ἂν
2810 5788 2895 5856 εἴη
2950 5789 3186 5857 χαλπδν
3242 5789 3318 5859 τῷ
3356 5791 3476 5844 τόδε
3537 5791 3596 5847 τὸ
3647 5793 3757 5847 τᾶν
