4176 6278
374 252 480 315 3131

1378 256 1564 316 ΗΘΜ.
1610 255 1706 314 DE
1741 252 2068 314 SACRAM.
2108 249 2454 311 Cf'BFORE
2493 251 2526 308 J
2579 249 2640 308 (Ἰ.

3527 247 3634 310 3ὓὲ

374 363 835 432 ὖποστησαμένῳ,
876 365 969 415 καὶ
1023 366 1255 434 μερικήν
1304 383 1426 419 τινα
1465 367 1749 421 διαθέσθαι
1785 366 1946 434 φύσιν

2052 363 2295 418 cularem
2337 363 2632 432 quamdam
2679 371 2927 412 naturam
2993 360 3287 428 disponere
3357 369 3418 414 ut
3466 349 3634 414 velut1

371 457 447 520 ὡς
475 454 769 526 pridiani;
822 457 922 509 Διά
953 457 1113 509 τοῦτο
1157 457 1275 510 λύει
1307 447 1409 526 μὲν
1458 461 1485 511 ὁ
1531 459 1664 523 Θεὸς
1716 460 1954 528 πυρετὸν

373 546 587 618 ίιιτρείᾳ
616 547 711 600 καὶ
767 545 868 616 ὀδῷ
909 545 1163 614 φύσεως·
1205 547 1273 599 δι’
1322 549 1490 602 αὑτοῦ
1520 549 1630 620 γὰρ
1663 552 1758 603 καὶ
1787 552 1952 621 τέχνη

374 637 468 688 καὶ
499 639 666 703 φύσις
706 637 861 690 ἀνύει
899 639 1081 708 πάσης
1114 639 1308 704 αὐταῖς
1334 643 1697 710 παρασκευῆς
1741 643 1950 696 ἐκεῖθεν

369 725 636 796 ἡκούσης.
669 729 886 782 Λύειδέ
925 747 1058 783 ποτε
1115 733 1354 800 πυρετὸν
1405 733 1532 786 οὔτε
1585 737 1651 805 τῇ
1697 735 1802 804 ὀδῷ
1853 735 1952 802 τῆς

371 815 612 883 φύσεως,
642 818 766 870 οὔτε
833 822 900 890 ’τῇ
963 821 1136 894 τέχνῃ
1190 822 1502 892 χρώμενος.
1560 823 1640 894 Τῇ
1699 826 1837 895 αύτῇ
1896 826 1954 879 δὲ

370 908 600 977 δυνάμει
624 907 774 978 ζωην
824 914 1024 982 ἐμπνεί
1062 913 1140 983 τῷ
1187 915 1390 984 νεκρῷ,
1420 917 1488 983 ἣν
1517 918 1550 987 η
1580 917 1748 985 φύσις
1783 917 1949 981 ζῶντι

369 998 554 1052 δίδωσι
610 1000 776 1070 μόνῳ.
817 1002 1100 1057 Ἐπέκεινα
1131 1004 1189 1058 δὲ
1238 1007 1332 1060 καὶ
1362 1008 1422 1059 τὸ
1454 1009 1611 1076 φύσει
1663 1010 1805 1080 βαρὺ
1859 1012 1954 1064 καὶ

371 1089 576 1157 γεῶδες
609 1092 770 1161 σῶμα
805 1093 900 1147 τοῦ
949 1097 1179 1164 φυσικοῦ
1223 1098 1453 1168 βάρους,
1487 1101 1584 1154 καὶ⁸
1629 1103 1729 1170 τῆς
1760 1104 1953 1173 θνητὸ-

369 1197 532 1250 τητος
556 1182 916 1237 ἀπαλλάττων
942 1187 1227 1252 είσοικίζει
1271 1189 1382 1243 τῶν
1410 1193 1593 1260 θυρῶν
1621 1194 1949 1264 κεκλεισμέ-

370 1287 500 1336 νων,
535 1274 628 1325 καὶ
657 1276 982 1344 μετεωρίζει
1033 1277 1170 1345 πρὸς
1201 1281 1292 1332 τὸν
1327 1281 1578 1350 οὐράνιον
1616 1283 1819 1351 χῶρον,
1854 1287 1950 1339 καὶ

371 1363 735 1434 σωματὸτητα
776 1366 872 1418 καὶ
916 1368 1341 1439 πνευματότητα
1393 1371 1715 1442 συνίστησιν
1769 1375 1828 1426 ἐν
1873 1374 1951 1444 τῷ

369 1455 522 1523 αύτῷ
554 1456 862 1526 πράγματι,
887 1457 963 1522 ὡς
996 1454 1136 1512 εἶναι
1169 1461 1267 1530 μὲν
1298 1461 1356 1514 τὸ
1386 1463 1518 1514 αὐτὸ
1547 1464 1706 1532 σῶμα
1734 1465 1951 1535 ἀληθῶς

371 1544 704 1614 ἀνθρώπου,
759 1543 897 1601 εἶναι
949 1551 1135 1618 μέντοι
1192 1554 1351 1622 σῶμα
1409 1557 1801 1624 πνευματικὸν,
1850 1559 1944 1611 καὶ

369 1629 482 1690 οἷον
526 1639 592 1692 ἂν
619 1639 707 1694 διὰ
759 1641 869 1696 τῶν
922 1643 1200 1712 στεγανῶν
1240 1645 1470 1700 διελθεῖν
1523 1649 1838 1704 ἐνδιδόντων
1878 1654 1942 1722 τῇ

369 1727 490 1799 θείᾳ
533 1730 782 1800 δυνάμει,
819 1731 1076 1805 καθάπερ
1107 1734 1223 1787 ἔνια
1280 1737 1390 1789 τῶν
1441 1739 1630 1792 ἁπλῶν
1677 1742 1944 1808 σωμάτων

2059 455 2272 510 Idcirco
2303 453 2526 522 depellit
2551 452 2764 520 quidem
2808 449 2952 506 Deus
3000 450 3197 538 febrim
3250 451 3545 518 medicina,
3581 461 3636 509 ct

2059 560 2144 598 via
2195 544 2430 598 naturali
2473 561 2487 598 :
2546 558 2644 612 per
2695 543 2873 612 ipsum
2901 541 3046 597 enim
3100 549 3154 596 et
3201 557 3292 596 ars
3328 552 3378 597 et
3436 555 3632 599 natura

2055 636 2305 690 cli'ectum
2337 635 2558 698 habent,
2585 648 2707 686 cum
2733 633 2802 686 ab
2831 647 2896 687 eo
2926 630 3158 688 facultas
3186 633 3473 702 utriusque
3507 649 3632 689 om-

2059 729 2146 782 nis
2179 727 2405 781 oriatur.
2457 724 2688 792 Depellit
2719 724 2883 776 etiam
2927 724 3120 778 febrim
3143 762 3157 788 ,
3185 740 3366 796 neque
3397 727 3632 779 naturali

2057 820 2144 875 via
2173 833 2355 887 neque
2383 829 2499 872 arte
2522 816 2714 871 eadem
2750 824 2932 871 utens.
2958 817 3156 872 Eadem
3187 833 3406 887 quoque
3439 827 3632 886 poten-

2057 913 2130 966 tia
2159 913 2326 965 vitam
2353 911 2586 978 inspirat
2613 914 2850 970 mortuo,
2878 923 3038 976 quam
3072 918 3265 987 natura
3303 908 3506 962 viventi
3541 909 3632 962 dat

2055 1005 2179 1059 soli.
2210 1002 2480 1058 Preterea
2515 1016 2718 1071 corpus
2780 1013 2976 1054 natura
3031 1015 3195 1069 grave
3225 1009 3284 1053 et
3323 1009 3628 1063 terrenum,

2058 1095 2293 1151 naturali
2319 1092 2591 1164 gravitate
2625 1099 2678 1145 et
2722 1091 3057 1144 mortalitate
3085 1090 3350 1152 liberans,
3387 1090 3633 1143 introdu-

2055 1191 2131 1245 cit
2159 1205 2255 1260 per
2287 1191 2506 1245 clausas
2526 1186 2746 1256 januas,
2766 1194 2818 1239 et
2844 1184 3062 1238 elevans
3075 1183 3340 1238 transfert
3363 1185 3417 1237 in
3439 1182 3632 1238 coeles-

2057 1294 2162 1336 tem
2178 1282 2358 1336 sedem
2375 1279 2736 1349 corporeitatc
2746 1294 2792 1329 m
2813 1287 2863 1330 et
2882 1277 3343 1346 Spiritualitatem,
3368 1276 3423 1330 in
3441 1276 3629 1330 eodem

2057 1375 2175 1444 ipso
2193 1375 2557 1435 constituens,
2581 1371 2652 1422 ita
2678 1376 2735 1422 ut
2760 1369 2902 1422 idem
2932 1371 3000 1422 sit
3020 1384 3225 1437 corpus
3238 1381 3429 1421 verum
3455 1365 3633 1421 homi-

2056 1468 2166 1524 nis.
2201 1466 2386 1534 sitque
2414 1463 2576 1516 Simul
2627 1477 2822 1530 corpus
2844 1460 3150 1529 spiritualc,
3183 1463 3318 1515 adeo
3356 1469 3414 1514 ut
3448 1459 3626 1513 solida

2056 1574 2288 1629 corpora
2308 1567 2629 1620 transmeet,
2651 1571 2772 1626 qua“:
2793 1555 3045 1623 potestati
3069 1554 3264 1608 divinze
3283 1555 3501 1616 cedant,
3523 1553 3631 1608 sie-

2056 1660 2115 1705 ut
2151 1649 2420 1717 simplicia
2458 1647 2706 1716 quaedam
2748 1660 2974 1714 corpora
3007 1660 3109 1715 per
3161 1645 3398 1700 solidum
3431 1659 3629 1712 corpus

2055 1744 2366 1803 transeunt,
2388 1739 2751 1792 humanarum
2795 1751 3054 1790 manuum
3083 1736 3134 1790 vi
3166 1735 3299 1790 illud
3331 1735 3628 1792 efficiente.

367 1819 457 1873 διὰ
489 1822 756 1893 σωμάτων
801 1825 1077 1896 διέρχεται
1113 1831 1412 1896 στεγανῶν,
1446 1831 1569 1900 βίας
1621 1835 1828 1904 χειρῶν
1860 1835 2217 1907 ἀνθρωπίνων
2254 1833 2412 1886 τοῦτο
2446 1829 2812 1900 πραττούσης.

410 1912 412 1914 ’
440 1914 576 1982 Περὶ
610 1915 708 1984 μὲν
741 1917 808 1981 δὴ
836 1919 946 1972 τῶν
979 1919 1140 1974 θείων
1169 1923 1465 1992 θαυμάτων
1498 1927 1662 1995 ἀρκεῖ
1688 1927 1941 1982 τοσοῦτον

2119 1927 2225 1982 Sed
2249 1925 2316 1978 de
2333 1924 2532 1979 divinis
2554 1923 2832 1976 miraculis
2847 1921 2980 1977 satis
2999 1922 3207 1977 dictum
3241 1931 3623 1994 est,quantum

366 2005 566 2072 είπείν,
617 2007 744 2062 ὅσον
793 2009 874 2073 είς
918 2010 1017 2080 τὴν
1062 2016 1434 2087 προκειμένην
1489 2019 1625 2089 ἡμῖν
1687 2021 1947 2091 ἁρμόττει

367 2099 580 2168 χρείαν,
631 2101 709 2170 τῷ
755 2102 814 2155 δὲ
864 2107 1212 2176 προκειμένῳ
1261 2108 1408 2180 μόνῳ
1465 2111 1794 2179 ἐφιστῶντες
1849 2116 1942 2169 νῦν

371 2190 680 2262 μυστηρίῳ,
716 2193 883 2246 πάλιν
934 2195 1417 2267 ἀναλαμϐάνοντες
1465 2201 1718 2272 λέγομεν,
1749 2207 1829 2259 ὅτι
1879 2211 1942 2278 τῇ

370 2285 472 2352 μὲν
498 2285 621 2357 θείᾳ
665 2285 893 2357 δυνάμει
924 2291 1114 2354 ἁπλῶς
1169 2292 1426 2362 οὐδαμῶς
1470 2297 1737 2351 ἀδύνατον
1766 2299 1944 2367 τοῦτο,

369 2375 467 2429 καὶ
512 2378 650 2447 πρὸς
701 2379 942 2450 ἑκάστην
980 2382 1037 2435 δὲ
1077 2383 1186 2438 τῶν
1219 2385 1470 2456 ἀποριῶν
1513 2385 1603 2450 αἷς
1625 2408 1769 2455 τινες
1813 2395 1948 2462 πρὸς

368 2466 468 2537 τὴν
488 2470 756 2524 ἀπιστίαν
778 2473 1070 2542 ἀνάγονται
1104 2476 1197 2530 τοῦ
1231 2479 1552 2550 μυστηρίου,
1587 2484 1767 2552 ῥᾴδιον
1797 2487 1948 2539 ἀντι-

372 2561 723 2626 μηχανᾶσθαι
747 2561 837 2616 τὸν
877 2563 1224 2635 ἀνθρώπινον
1256 2569 1437 2637 λόγον,
1496 2574 1675 2626 καίτοι
1723 2576 1814 2628 τοῦ
1850 2595 1949 2646 μυ-

373 2654 596 2720 στηρίου
653 2654 908 2726 καθάπερ
972 2657 1156 2712 πίστει
1200 2662 1339 2732 μόνῃ
1380 2662 1752 2732 λαμδάνεσθαι
1800 2669 1948 2738 ὀφεί-

370 2739 577 2809 λοντος,
615 2746 709 2798 καὶ
744 2749 1095 2822 κατέχεσθαι.
1131 2752 1342 2806 Αὐτίκα
1392 2755 1454 2806 τὸ
1507 2759 1607 2824 μὲν
1640 2759 1739 2828 τῆς
1775 2778 1946 2829 μετα-

368 2833 534 2904 εολῆς
579 2839 871 2909 ἀκαριαῖον
914 2845 980 2913 τῇ
1033 2846 1262 2916 ἀπειρίᾳ
1309 2846 1409 2918 τῆς
1461 2848 1612 2914 θείας
1656 2852 1946 2923 δυνάμεως

371 2927 843 3004 θεραπεύεταισὴ
900 2935 1033 3006 γὰρ.
1065 2936 1292 3008 ἄπειρος
1340 2940 1580 3011 δύναμις
1637 2945 1695 2997 ἐν
1746 2945 1948 3016 ἀκαρεῖ

370 3020 564 3090 χρόνον
593 3022 819 3078 δύναται
848 3025 914 3078 τὰ
947 3026 1184 3095 μέγιστα
1212 3030 1321 3082 τῶν
1344 3037 1620 3102 σωμάτων
1646 3041 1837 3102 κινεῖν,
1871 3038 1946 3102 ὡς

281 3099 283 3101 ’
368 3111 449 3181 τῷ
475 3112 752 3184 φιλοσόφῳ
801 3114 970 3180 δοκεῖ,
1007 3117 1148 3170 ὥστε
1184 3121 1276 3172 καὶ
1313 3099 1673 3187 μεταϐάλλειν
1717 3128 1774 3180 ἐν
1810 3099 1945 3180 (ίιιιαζ

369 3205 458 3273 ρεῖ
497 3205 690 3275 χρόνον
751 3207 783 3277 ἡ
829 3206 1009 3262 πάντα
1068 3211 1401 3281 παράγουσα
1456 3215 1688 3286 δύναμις
1731 3223 1830 3271 οὐκ
1878 3220 1944 3272 ἂν

2053 2019 2285 2072 instituti
2316 2016 2456 2069 ratio
2474 2013 2818 2084 postulabat;
2846 2013 3130 2082 proposito
3157 2021 3338 2069 autem
3367 2018 3647 2085 mysterio-

2050 2109 2228 2163 solum
2275 2105 2614 2169 insistentes,
2655 2113 2708 2159 et
2747 2118 3056 2158 sermonem
3095 2116 3458 2172 resumentes,
3491 2109 3626 2162 dici-

2052 2216 2175 2254 mus
2207 2198 2352 2268 quod
2385 2197 2583 2251 divinae
2604 2198 2856 2266 potestati
2879 2196 3200 2265 simpliciter
3227 2196 3360 2252 illud
3391 2199 3624 2254 nullate-

2053 2308 2153 2345 nus
2181 2290 2516 2358 impossibile
2532 2297 2636 2355 est,
2654 2297 2704 2342 et
2724 2289 2952 2360 singulis
2973 2289 3398 2358 difﬁcultatibus,
3420 2294 3620 2363 quibus

2051 2385 2298 2439 nonnulli
2318 2384 2383 2437 ad
2421 2382 2862 2436 incredulitatem
2909 2382 3056 2436 circa
3083 2383 3184 2438 hoc
3210 2395 3619 2440 sacramentum

2050 2477 2422 2539 adducuntur,
2469 2473 2628 2526 facile
2677 2481 2763 2529 est
2813 2459 3106 2526 human'am
3140 2474 3408 2529 rationem
3451 2491 3622 2546 oppo-

2049 2586 2216 2633 nere;
2245 2569 2374 2623 licet
2410 2566 2634 2626 omnino
2667 2575 3075 2620 sacramentum
3109 2567 3210 2622 hoc
3245 2569 3362 2622 sola
3402 2569 3506 2624 lide
3539 2586 3628 2640 ap-

2049 2661 2336 2732 prehendi,
2362 2668 2417 2716 et
2456 2659 2681 2713 ﬁrmiter
2701 2658 2873 2712 teneri
2899 2658 3116 2714 debeat.
3144 2657 3343 2714 Statim
3372 2675 3499 2718 vero
3524 2663 3624 2718 du-

2051 2753 2305 2808 bitationi
2379 2753 2527 2806 circa
2583 2760 3018 2805 momentaneam
3093 2754 3620 2810 transmutationem

2047 2844 2357 2899 occurritur
2381 2858 2477 2912 per
2500 2842 2696 2896 divina:
2722 2841 2981 2909 potentia:
3007 2824 3334 2896 inﬁnitatem
3367 2861 3382 2898 :
3408 2844 3624 2900 infinita

2051 2951 2292 3005 namque
2343 2936 2584 3004 potentia
2645 2937 2700 2988 in
2780 2944 3063 2990 momento
3113 2938 3375 3005 temporis
3445 2949 3623 3008 potest

2050 3029 2290 3081 maxima
2327 3042 2560 3095 quaeque
2597 3043 2818 3082 movere
2874 3043 3130 3097 corpora,
3174 3037 3231 3083 ut
3285 3029 3622 3101 Philosophe

2050 3117 2288 3182 videtur,
2325 3119 2396 3172 ita
2425 3130 2484 3171 ut
2537 3126 2592 3170 et
2643 3127 3015 3175 transmittare
3053 3123 3106 3175 in
3159 3133 3442 3178 momento
3483 3133 3621 3180 tem-

2051 3213 2199 3280 poris
2234 3211 2382 3264 illius
2415 3227 2598 3264 rerum
2629 3211 2872 3265 omnium
2906 3214 3193 3270 creatricis
3220 3219 3481 3285 potentia
3507 3220 3615 3273 vim

370 3299 607 3368 άτονοίη.
641 3299 729 3369 Τῷ
769 3299 827 3353 δὲ
873 3301 973 3372 τὴν
1020 3303 1128 3356 τῶν
1163 3306 1363 3360 οὐσιῶν
1394 3309 1822 3380 ἐκπληττομένῳ
1855 3331 1946 3382 με·

2054 3318 2157 3356 non
2188 3310 2431 3371 superet.
2469 3302 2551 3356 Ad
2586 3304 3016 3358 substantiarnm
3060 3315 3244 3362 autem
3277 3318 3620 3367 transmuta-

365 3389 604 3460 ταὸολὴν
657 3393 859 3456 πολλὰς
899 3395 998 3462 μὲν
1051 3399 1081 3465 ή
1137 3397 1258 3451 θεία
1311 3400 1522 3470 Γραφὴ,
1558 3405 1762 3466 πολλὰς
1808 3407 1865 3458 δέ
1911 3410 1942 3477 ἡ

365 3483 534 3551 φύσις
581 3483 720 3554 αὐτὴ
775 3486 993 3539 δίδωσιν
1049 3489 1400 3560 ὁμοιότητας.
1459 3495 1617 3547 Ἔστι
1679 3497 1781 3562 μὲν
1839 3498 1946 3569 γὰρ

364 3576 579 3628 ὑδάτων
645 3577 830 3646 φύσις,
884 3573 965 3642 οἷς
1026 3582 1434 3651 ἐμόαλλόμενον
1490 3582 1646 3650 ξύλον
1705 3589 1805 3642 οὐκ
1865 3591 1946 3653 είς

367 3669 588 3738 μακρὰν
633 3673 715 3733 είς
770 3671 919 3724 λίθου
985 3671 1148 3740 φύσιν
1207 3679 1609 3743 μεταποιεῖται.
1654 3679 1744 3732 Ἐν
1786 3680 1843 3733 δὲ
1877 3684 1944 3752 τῇ

363 3761 546 3832 κοιλίᾳ
588 3765 680 3815 καὶ
725 3763 806 3833 τῷ
863 3766 1119 3835 στομάχῳ
1175 3766 1268 3818 τοῦ
1330 3767 1474 3830 ζώου
1527 3771 1648 3823 καθ’
1703 3773 1944 3843 ἑκάστην

364 3855 583 3925 ἡμέραν
635 3857 695 3908 τὸ
741 3857 844 3926 τῆς
899 3862 1106 3927 τροφῆς
1135 3859 1439 3931 καθαρεῦον
1471 3864 1608 3931 μετὰ
1646 3867 1746 3934 τὴν
1776 3864 1944 3934 πέψιν

362 3947 464 3999 καὶ
491 3947 585 4014 τὴν
611 3948 894 4000 ἀλλοίωσιν
920 3951 1302 4019 ἀναδιδόμενον
1337 3953 1508 4022 ἥπατι
1554 3956 1648 4007 καὶ
1679 3956 1844 4025 φλεψὶ
1875 3958 1945 4008 δι’

361 4036 530 4090 αὐτοῦ
561 4039 851 4108 προσθήκη
897 4043 962 4108 τῇ
999 4041 1162 4110 οὐσία
1195 4043 1289 4094 τοῦ
1339 4044 1677 4112 τρεφομένου
1708 4048 1939 4114 γίνεται.

363 4129 491 4191 Πῶς
536 4128 667 4195 οὖν;
730 4132 862 4199 Οὐχὶ
909 4136 1006 4184 καὶ
1057 4134 1232 4185 ταῦτα
1281 4136 1430 4188 δοκεῖ
1488 4137 1784 4207 θαυμαστά
1829 4143 1941 4203 τοῖς

366 4223 618 4281 ἀπίστοις
643 4239 656 4286 ;
699 4221 865 4274 Ἀλλά
900 4223 990 4276 τὸν
1040 4225 1139 4290 μὲν
1166 4225 1330 4294 ἄρτον
1359 4229 1542 4297 σάρκα,
1567 4230 1854 4299 γινόμενον
1884 4233 1942 4288 ἐν

360 4312 547 4374 αὐτοῖς
582 4315 640 4365 οὐ
672 4315 1040 4377 διαπιστοῦσι,
1062 4320 1202 4371 κατὰ
1225 4318 1280 4370 δὲ
1316 4320 1410 4371 τοῦ
1441 4324 1744 4391 μυστηρίου
1777 4327 1939 4391 μόνον

361 4405 463 4471 τὴν
522 4406 780 4459 ἀπιστίαν
848 4409 1176 4476 ἐγείρουσιν.
1227 4412 1289 4464 Ei
1337 4413 1395 4464 δέ
1454 4416 1544 4466 καὶ
1600 4417 1626 4467 ὁ
1692 4417 1941 4480 Σατανᾶς

359 4495 551 4562 ἔλεγεν
578 4498 920 4568 ἐκπειράζων
948 4516 960 4529 ·
989 4502 1135 4553 Εἰπὲ
1163 4503 1267 4555 ἵνα
1301 4505 1536 4558 οί.1ίθοι
1575 4502 1740 4561 οὗτοι
1774 4508 1940 4576 ἄρτοι

361 4589 666 4656 γίνωνται,
699 4593 751 4642 εὶ
781 4591 927 4656 Θεὸς
963 4588 1022 4645 εἴ
1043 4633 1056 4657 ,
1087 4594 1164 4652 ὼς
1197 4596 1351 4661 εἰδὼς
1383 4597 1624 4666 δηλονότι
1660 4602 1759 4670 τὴν
1790 4602 1938 4654 θείαν
1974 4635 2015 4687 0

356 4675 595 4744 δύναμιν
627 4679 966 4747 ἐξαρκοῦσαν
998 4683 1057 4735 ἐν
1107 4685 1306 4754 ἀκαρεῖ
1351 4687 1508 4740 τοῦτο
1535 4693 1734 4755 ποιεῖν,
1765 4693 1812 4742 εί
1843 4690 1937 4742 θε-

358 4767 586 4835 λήσειεο
622 4770 739 4832 πῶς
793 4771 1019 4838 ὁλέγων
1083 4774 1158 4842 μὴ
1212 4775 1473 4829 δύνασθαι
1523 4780 1613 4831 τὸν
1665 4781 1800 4833 om
1847 4783 1938 4834 τὸν

357 4856 528 4924 ἄρτον
581 4860 662 4918 είς
703 4857 1056 4930 ἀνθρωπίνην
1115 4866 1294 4933 σάρκα
1331 4868 1678 4934 μεταϐαλεῖν,
1714 4871 1741 4923 ὃ
1781 4873 1935 4942 καὶὴ

361 4946 527 5014 φύσις
557 4949 615 4998 ἐν
646 4949 938 5019 ὡρισμένῳ
969 4955 1125 5020 μέρει
1153 4955 1348 5024 χρόνου
1391 4960 1556 5023 ποιεί,
1588 4961 1648 5011 ού
1678 4962 1934 5028 ψεύδεται

359 5041 546 5107 χεῖρον
597 5038 690 5092 τοῦ
724 5043 1019 5108 πείραστοῦ
1064 5044 1120 5106 ὃς
1154 5047 1268 5097 ἐστι
1313 5048 1407 5100 τοῦ
1455 5050 1682 5118 ψεύδους
1715 5056 1936 5122 πατήρ;

372 5128 442 5179 Ἦ
472 5128 624 5181 τοῦτο
672 5131 770 5183 νῦν
804 5132 1154 5205 ἐργαζομένη
1205 5137 1266 5189 τὸ
1318 5139 1518 5207 θαῦμα,
1547 5141 1803 5211 δύναμις,
1839 5147 1939 5212 τὴν

360 5222 602 5285 γυναῖκα
640 5223 769 5274 ποτὲ
814 5225 908 5276 τοῦ
939 5224 1060 5278 Λὼτ
1096 5229 1174 5291 είς
1217 5229 1343 5292 ἀλὺς
1387 5232 1587 5300 στήλην
1613 5234 1808 5303 αἴφνης
1846 5253 1941 5303 με-

360 5309 675 5365 ταϐαλοῦσα
729 5316 854 5379 τοὺς
910 5318 984 5386 μὴ
1041 5320 1289 5384 θέλοντας
1349 5323 1635 5375 πείθεσθαι
1692 5325 1769 5392 τῷ
1821 5326 1942 5396 Θεῴ

361 5405 760 5468 προστάττοντι
816 5411 1159 5478 σωφρονίζει.
1201 5416 1311 5467 Καὶ
1375 5415 1511 5485 αὐτὴ
1561 5417 1658 5486 τὴν
1697 5419 1941 5483 Μωσέως

359 5491 564 5564 ῥάϐδον
593 5497 672 5558 είς
724 5498 866 5566 ὅφιν,
924 5505 1014 5554 καὶ
1065 5505 1122 5568 ἐξ
1171 5505 1347 5575 ὄφεως
1400 5504 1555 5570 αὖθις
1603 5511 1682 5572 είς
1745 5510 1942 5580 ῥάϐδον

446 5673 455 5706 ἶ
493 5676 679 5730 Matth.
722 5693 796 5742 Iv,
830 5678 882 5733 5.

616 5779 891 5834 i‘A'rnoL.
930 5776 1047 5836 Gtt.
1112 5778 1279 5837 (ILX.

2051 3395 2253 3450 tionem
2305 3395 2739 3464 obstupescenti,
2799 3397 2995 3450 multas
3058 3397 3346 3469 Scriptura
3413 3404 3616 3471 divina,

2052 3487 2249 3541 multas
2278 3487 2443 3541 etiam
2513 3489 2630 3556 ipsa
2674 3498 2869 3542 natura
2922 3489 3310 3558 similitudines
3347 3494 3620 3549 submini-

2053 3589 2211 3633 strat.
2235 3579 2309 3631 Ea
2346 3580 2493 3633 enim
2521 3581 2881 3648 quarumdam
2912 3597 3176 3649 aquarum
3207 3595 3400 3640 natura
3431 3598 3534 3650 est,
3563 3600 3622 3643 ut

2050 3669 2304 3738 injectum
2335 3669 2536 3739 lignum
2565 3685 2672 3724 non
2699 3671 2860 3738 longo
2896 3673 3192 3726 intervallo
3223 3675 3275 3728 in
3298 3676 3496 3746 lapidis
3525 3697 3621 3734 na-

2047 3768 2228 3811 turam
2287 3769 2703 3814 transmutetur.
2736 3763 2791 3815 ln
2843 3773 3034 3818 ventre
3080 3775 3133 3819 et
3175 3772 3460 3823 stomacho
3492 3774 3618 3825 ani-

2047 3851 2206 3905 malis
2229 3851 2470 3920 quotidie
2499 3867 2625 3921 pars
2643 3853 2886 3909 alimenti
2910 3857 3121 3926 purior,
3157 3868 3281 3929 post
3311 3862 3615 3918 coctioncm

2045 3949 2099 3996 et
2125 3942 2479 3998 mutationem
2512 3944 2566 3997 in
2593 3944 2782 4014 hepar,
2810 3954 2864 4000 et
2889 3962 2984 4015 per
3017 3949 3146 4003 illud
3181 3951 3231 4004 in
3258 3966 3425 4007 venas
3447 3961 3623 4009 trans-

2046 4033 2186 4100 fusa,
2231 4035 2296 4093 ad
2334 4036 2520 4091 nutriti
2557 4036 2810 4093 animalis
2868 4041 3232 4096 substantiam
3275 4024 3616 4118 adiungitur.

2045 4124 2186 4191 Quid
2223 4127 2474 4181 tandem?
2519 4126 2713 4184 Nonne
2760 4140 2815 4185 et
2863 4133 3311 4192 istaincrednlis
3345 4139 3617 4195 mirabilia

2044 4230 2168 4269 esse
2196 4216 2496 4272 videntur?
2535 4218 2640 4275 Sed
2671 4237 2864 4291 panem
2913 4226 3132 4294 quidem
3165 4227 3224 4302 in_
3271 4228 3469 4300 seipsis
3496 4247 3620 4286 car-

2045 4320 2166 4359 nem
2205 4306 2341 4372 lieri,
2394 4323 2500 4362 non
2546 4309 2840 4367 difﬁculter
2882 4317 3142 4383 credunt;
3192 4329 3382 4374 contra
3440 4323 3614 4376 solum

2047 4413 2174 4452 tero
2221 4400 2538 4469 mysterium
2577 4417 2766 4456 eorum
2808 4405 3169 4464 incredulitas
3207 4415 3502 4469 excitatur.
3559 4416 3616 4470 Si

2045 4505 2171 4546 vero
2222 4492 2338 4560 ipse
2364 4493 2598 4546 Satanas
2651 4500 2912 4549 tentando
2961 4499 3144 4556 dixit:
3182 4503 3275 4555 Dic
3317 4515 3373 4557 ιιι
3415 4506 3618 4574 lapides

2044 4581 2136 4634 isti
2159 4597 2318 4649 panes
2345 4581 2503 4649 ﬁant,
2537 4585 2584 4636 si
2612 4585 2758 4652 ﬁlius
2782 4586 2878 4639 Dei
2911 4604 2964 4641 es
2989 4590 3028 4652 ¹,
3059 4593 3240 4646 sciens
3261 4610 3455 4664 nempe
3485 4599 3623 4651 divi-

2048 4689 2173 4726 nam
2207 4676 2503 4743 potentiam
2526 4691 2789 4744 praestare
2825 4681 2876 4733 id
2904 4695 3186 4736 momento
3217 4688 3479 4754 temporis
3506 4689 3622 4741 suf-
3676 4736 3680 4740 .

2046 4765 2291 4820 iicienter
2327 4769 2618 4837 posse,qui
2655 4771 2787 4825 dicit
2816 4771 2982 4826 Deum
3003 4791 3106 4828 non
3144 4792 3304 4845 posse
3335 4788 3615 4834 transmu-

2049 4867 2161 4912 tare
2196 4875 2390 4930 panem
2421 4861 2474 4915 in
2519 4863 2818 4916 humanam
2841 4880 3086 4931 carnem,
3116 4870 3260 4937 quod
3291 4884 3485 4926 natura
3521 4874 3617 4927 dc-

2047 4953 2346 5004 terminato
2391 4953 2656 5021 temporis
2710 4957 2887 5023 spatio
2916 4957 3066 5021 facit,
3104 4962 3378 5028 quomodo
3411 4964 3455 5017 is
3508 4981 3615 5019 non

2044 5045 2312 5097 mentitur
2342 5044 2461 5111 ipso
2485 5054 2755 5101 tentatore
2779 5049 3046 5113 deterius,
3069 5055 3254 5118 quiest
3289 5065 3440 5124 pater
3468 5073 3617 5112 men-

2043 5135 2229 5190 dacii?
2261 5136 2379 5206 Ipsa
2411 5154 2531 5206 quae
2567 5155 2710 5194 nunc
2737 5143 3210 5200 miraculumillud
3240 5159 3494 5216 oneratur
3517 5166 3612 5219 po-

2047 5229 2234 5292 tentia,
2271 5245 2390 5300 qua:
2427 5231 2721 5299 aliquando
2749 5249 2976 5289 uxorem
3008 5237 3106 5292 Lot
3132 5240 3185 5291 in
3216 5241 3346 5296 salis
3373 5254 3608 5297 statuam

2045 5319 2231 5374 subito
2268 5321 2704 5387 transformavit,
2726 5340 2821 5378 eos
2845 5328 2934 5394 qni
2969 5326 3105 5407 Deo.
3131 5330 3417 5399 imperanti
3451 5332 3609 5385 fidem

2050 5412 2258 5467 habere.
2285 5415 2498 5479 nolunt,
2531 5416 2596 5469 ad
2628 5416 2900 5470 saniorem
2950 5431 3186 5476 mentem
3230 5431 3489 5478 revocat:
3528 5425 3618 5477 ilia

2053 5507 2266 5563 scilicet
2297 5509 2502 5578 virgam
2533 5507 2714 5580 Mosis
2754 5508 2808 5562 in
2848 5521 3181 5580 serpentem,
3205 5526 3256 5569 et
3275 5531 3341 5571 ex
3367 5526 3617 5583 serpente

3149 5782 3224 5842 12
