4176 6278
511 315 616 380 363

514 446 708 488 rursus
765 431 818 484 in
874 429 1079 499 virgam
1136 423 1519 480 transmutavit
1571 440 1584 479 :

512 539 708 595 aquam
733 524 918 578 vinum
953 520 1080 575 fecit
1114 518 1168 574 in
1205 516 1350 572 Cana
1379 533 1394 570 :
1423 515 1538 585 ipsa
1584 513 1823 569 fructum
1860 524 2082 566 carnem

512 616 766 675 animalis
802 614 931 669 facit
974 613 1116 667 intra
1163 608 1382 680 aliquod
1431 606 1695 676 temporis
1744 606 2001 674 spatium,
2033 611 2086 655 et

514 712 665 767 carui
706 715 1060 780 augmentum
1088 719 1156 759 ex
1190 704 1380 758 eodem
1407 700 1587 755 fructu
1634 713 1729 767 per
1754 702 2087 751 transmuta-

513 807 719 860 tionem
773 801 982 872 adjicit.
1042 795 1244 852 Verum
1322 801 1613 865 postquam
1690 794 2089 844 concesserunt

514 895 840 955 substantia:
861 888 1373 948 trausmutatiouem
1402 884 1458 939 in
1485 885 1586 937 hoc
1610 890 1954 936 sacramento
1979 892 2084 930 non

516 1004 639 1045 esse
666 1000 891 1057 prorsus
922 976 1340 1051 impossibilem,
1388 990 1581 1030 rursus
1612 988 1728 1026 eam
1765 973 2088 1040 impugnare

517 1099 581 1137 ex
601 1077 923 1150 quantitatis
942 1074 1155 1129 ratione
1175 1066 1582 1139 aggrediuntur.
1603 1063 1920 1119 Substantia
1941 1059 2087 1116 enim

517 1170 674 1242 panis
704 1169 756 1222 in
789 1167 933 1220 illam
960 1162 1203 1233 corporis
1236 1166 1623 1221 transiliulata,
1659 1154 1963 1212 accidentia
1988 1166 2089 1221 pa-

519 1265 604 1319 nis
628 1272 844 1315 manere
864 1257 1070 1323 absque
1091 1253 1357 1323 subjecto,
1379 1265 1502 1305 cum
1530 1263 1696 1318 supra
1721 1255 1968 1301 naturam
1998 1245 2091 1309 sit,

518 1365 695 1409 tamen
720 1364 827 1405 non
863 1358 1127 1417 superare
1152 1344 1203 1399 id
1250 1341 1394 1413 quod
1420 1347 1599 1395 mente
1646 1338 1859 1408 concipi
1887 1344 2090 1407 potest.

518 1444 780 1517 Equidem
802 1437 1105 1497 accidentia
1130 1451 1234 1491 non
1257 1435 1523 1505 exsistere
1541 1434 1598 1486 in
1626 1431 1876 1501 subjecto
1895 1431 2094 1498 impos-

517 1539 674 1595 sibile
696 1545 814 1603 est;
837 1535 890 1589 id
921 1531 1064 1588 enim
1096 1543 1160 1583 ex
1194 1526 1405 1581 ratione
1433 1532 1488 1578 et
1511 1521 1829 1577 definitione
1850 1520 2091 1590 ipsorum

519 1627 881 1688 accidentium
916 1628 1151 1677 constat.
1179 1618 1430 1673 Attamen
1465 1614 1569 1670 tale
1597 1612 1873 1683 quidpiam
1909 1608 2094 1664 animo

518 1722 811 1792 concipere
836 1726 1146 1786 possumus,
1170 1717 1224 1764 et
1248 1702 1503 1763 accidens
1521 1720 1552 1759 a
1574 1705 1819 1774 subjecto
1838 1714 2096 1772 separare

1568 309 1826 371 GENNA
1840 305 1947 367 DIi
1982 306 2089 367 CP.
2138 304 2367 366 PATRI
2380 305 2421 363 A
2434 303 2583 365 RC1!
2597 304 2658 364 :E

3664 303 3771 368 364

1645 421 1839 477 eadem
1895 426 2079 489 postea
2107 486 2108 491 η

2211 415 2481 470 ιετέὄαλεν
2504 429 2518 445 ⁸
2551 415 2610 468 τὸ
2638 413 2783 485 ὕδωρ
2811 415 2841 486 ἡ
2875 414 3015 486 αὐτὴ
3041 414 3344 484 πεποίηκεν
3373 411 3515 469 οἶνον
3544 416 3774 490 ὕστερον

2197 509 2252 561 ὲν
2287 509 2446 579 Κανᾷ
2471 524 2486 541 ο
2519 507 2657 577 αὑτὴ
2700 507 2799 577 τὴν
2851 510 3031 578 σάρκα⁹
3060 507 3154 561 τοῦ
3202 507 3346 573 ζῶον
3375 509 3592 580 καρπὸν
3627 516 3777 568 ποιεί

2193 600 2280 654 διὰ
2309 603 2526 670 χρόνου,
2564 601 2655 653 καὶ
2682 604 2745 671 τῇ
2768 600 2936 672 σαρκὶ
2978 602 3071 654 τὸν
3124 602 3337 671 καρπον
3370 601 3527 665 αὖθις
3558 610 3781 674 προστί-

2198 692 2352 762 θησιν
2383 694 2449 745 ὲκ
2504 692 2833 763 μεταϐολῆς.
2876 693 3017 745 ’Λλλ⁹
3073 694 3291 747 ἐπειδὰν
3344 694 3479 748 δῶσι
3532 696 3634 767 τὴν
3681 698 3781 765 τῆς

2198 785 2384 847 οὐσίας
2418 784 2721 854 μεταϐολὴν
2759 786 2814 838 ὲν
2846 784 3019 855 τούτῳ
3062 785 3140 855 τῷ
3188 788 3478 858 μυστηρίῳ
3513 788 3588 858 μὴ
3639 787 3779 842 εἶναι

2199 877 2455 942 καθάπαξ
2480 878 2817 944 άνένδεκτον,
2835 878 2944 930 άπὸ
2963 878 3058 945 τῆς
3085 879 3375 949 ποσότητος
3399 876 3556 941 αὖθις
3575 883 3785 953 ἐπιχει-

2202 967 2411 1036 ροῦσιν.
2439 970 2511 1021 Τὸ
2542 967 2640 1039 μὲν
2667 969 2773 1038 γάρ
2797 968 2895 1037 τῆς
2924 966 3017 1021 τοῦ
3039 967 3205 1039 ἄρτου
3234 970 3424 1034 οὐσίας
3453 973 3530 1034 είς
3565 972 3663 1043 τὴν
3686 973 3782 1027 τοῦ

2200 1059 2453 1129 σώματος
2492 1060 2979 1131 μεταϐαλλομένης
3002 1060 3074 1114 τὰ
3107 1061 3497 1131 συμϐεϐηκότα
3524 1066 3601 1133 τῷ
3631 1065 3785 1135 ἄρτῳ

2202 1150 2385 1219 μένειν
2419 1148 2513 1202 τοῦ
2562 1150 2928 1218 ὑποκειμένου
2975 1150 3164 1219 χωρὶς,
3195 1149 3335 1220 ὑπὲρ
3383 1149 3483 1221 τὴν
3512 1153 3675 1219 φύσιν
3699 1152 3783 1216 ὃν,

2198 1243 2349 1313 ὅμως
2376 1244 2472 1313 οὐχ
2504 1242 2854 1311 ὑπερϐαίνειν
2881 1241 3054 1312 τὴν...
3085 1244 3142 1295 ὲν
3182 1242 3314 1313 παρ’
3347 1243 3515 1298 αὐτοῦ
3543 1245 3656 1299 νοῦ.
3690 1244 3785 1321 Mi)

2202 1337 2535 1407 ἐνυπάρχειν
2587 1337 2689 1408 μὶν
2736 1336 2846 1408 γάρ
2891 1335 3239 1411 ὑποκειμένῳ
3270 1337 3341 1389 τά
3396 1336 3788 1405 συμϐεϐηκότα

2199 1426 2499 1481 ἀδύνατονο
2545 1426 2706 1480 τοῦτο
2759 1426 2868 1496 γὰρ
2918 1427 2982 1479 έκ
3034 1425 3130 1479 τοῦ
3170 1426 3332 1494 λόγου
3360 1426 3471 1479 τῶν
3504 1427 3787 1497 συμϐεϐη-

2201 1520 2378 1572 κότων
2433 1518 2603 1573 ἐστίν.
2653 1519 2921 1571 Ἐπινοεῖν
2971 1518 3027 1571 δέ
3072 1536 3124 1572 τι
3158 1519 3400 1572 τοιοῦτον
3445 1519 3595 1588 ὅμως
3625 1519 3786 1573 δυνά·

2205 1612 2369 1682 μεθα,
2402 1611 2499 1665 καὶ
2526 1608 2620 1664 τοῦ
2652 1610 3013 1681 ὗποκειμένου
3048 1610 3109 1663 τὸ
3136 1627 3202 1663 συ
3215 1609 3496 1682 μϐεσηκὸς
3526 1613 3788 1683 ἀφαιρεῖν

2203 1704 2268 1773 τῇ
2300 1702 2527 1771 δυνάμει
2580 1702 2675 1756 τοῦ
2709 1702 2823 1770 νοῦ,
2851 1696 2896 1771 ᾧ
2943 1702 3134 1774 τρόπῳ
3174 1703 3379 1757 καὶτὸν
3419 1702 3514 1755 τοῦ
3552 1704 3789 1758 καθόλου

518 1829 615 1888 per
638 1809 836 1866 mentis
861 1803 1190 1877 potentiam:
1217 1815 1323 1870 qua
1347 1799 1563 1853 ratione
1583 1794 1907 1851 universalis
1931 1794 2094 1848 ratio-

2211 1795 2355 1863 λόγον
2390 1796 2719 1867 άθροίζομεν
2751 1797 2814 1849 ὲκ
2842 1794 2955 1850 τῶν
2995 1796 3241 1866 μερικῶν
3289 1794 3677 1866 ἀφαιροῦντες.
3711 1798 3791 1850 Τὸ

520 1921 647 1965 nent
664 1905 716 1958 in
743 1916 909 1957 unum
930 1895 1258 1966 colligimus,
1279 1906 1345 1947 ex
1364 1888 1733 1960 singularibus
1756 1895 2092 1957 separantes.

520 1997 674 2069 Quod
696 2003 879 2048 autem
904 1987 964 2043 lit
984 2001 1079 2058 per
1099 1982 1298 2038 mentis
1328 1989 1530 2036 nostra:
1561 1978 1883 2049 potentiam,
1910 1976 2098 2046 utique

525 2091 790 2149 etlicietur
820 2098 915 2155 per
955 2077 1257 2152 potentiam
1294 2076 1545 2129 maximae
1571 2085 1626 2129 et
1660 2074 1850 2144 prima:
1876 2070 2095 2134 mentis,

524 2182 692 2242 simul
720 2176 854 2234 illud
899 2168 1278 2242 intelligentis,
1319 2176 1374 2224 et
1410 2166 1593 2234 rcipsa
1643 2162 1946 2233 operantis.
1988 2160 2097 2216 Sed

524 2275 671 2333 aliud
692 2268 971 2343 quidpiam
992 2279 1114 2320 esse
1131 2264 1321 2319 dicunt
1341 2261 1394 2315 in
1422 2259 1528 2314 hoc
1550 2265 1919 2319 sacramento,
1952 2253 2100 2324 quod

520 2386 631 2427 non
660 2366 823 2421 modo
853 2354 1241 2421 naturam,sed
1268 2355 1442 2424 ipsam
1473 2353 1639 2407 etiam
1672 2348 1868 2403 mentis
1898 2356 2101 2401 nostra:

522 2460 828 2534 petentium
856 2457 1100 2523 superet,
1132 2446 1342 2502 scilicet
1362 2444 1504 2515 quod
1542 2444 1596 2497 in
1626 2456 1792 2512 parva
1829 2453 2098 2510 apparen-

527 2558 599 2613 tis
629 2553 785 2625 panis
799 2546 1105 2620 quantitate
1131 2550 1277 2598 totus
1297 2538 1550 2594 Christus
1571 2535 1813 2592 creditur
1846 2552 1861 2589 :
1888 2534 1991 2625 sed
2009 2547 2104 2625 nes

526 2647 764 2720 quehoc
810 2638 1138 2696 miraculum
1198 2630 1505 2688 rationibus
1555 2627 1758 2697 quibus
1795 2624 2100 2720 diﬂicultati

530 2715 878 2799 occurratur,
908 2739 1077 2787 caret.
1109 2727 1296 2795 Neque
1328 2723 1476 2778 enim
1500 2722 1553 2776 in
1580 2733 1740 2776 sacro
1764 2719 1867 2773 hoc
1888 2715 2101 2773 sacrifi-

528 2836 614 2889 cio
640 2841 723 2885 est
754 2839 955 2895 corpus
988 2819 1191 2876 Christi
1229 2812 1574 2873 naturaliter.
1599 2810 1694 2866 sed
1726 2818 2102 2865 sacramenta-

527 2927 649 2980 liter
685 2919 889 2982 solum;
921 2913 1127 2968 idcirco
1181 2909 1236 2963 iu
1278 2920 1343 2962 eo
1375 2920 1485 2961 non
1533 2912 1619 2959 est
1642 2912 1897 2973 tanquam
1926 2901 2104 2955 taber—

528 3017 730 3079 naculo
761 3011 997 3065 velatum
1027 3005 1080 3058 in
1110 3000 1348 3073 quodam
1371 3000 1515 3064 loco,
1540 3010 1717 3067 neque
1737 2995 1839 3051 sub
1865 2994 2104 3065 prepriis

529 3111 640 3167 veri
673 3103 924 3173 corporis
971 3093 1431 3155 dimensionibus,
1462 3090 1555 3145 sed
1601 3089 1701 3144 sub
1738 3086 1911 3143 solius
1945 3086 2106 3157 panis
2134 3133 2197 3192 CI

528 3195 967 3257 dimensionilius
1006 3206 1018 3242 :
1075 3186 1220 3241 unde
1265 3181 1708 3253 quandoquidem
1750 3181 1932 3258 .panis
1970 3181 2102 3236 sub-

537 3301 737 3349 stantia
764 3284 1061 3342 secundum
1113 3277 1374 3347 scipsam,
1407 3282 1463 3331 et
1497 3284 1771 3345 quatenus
1800 3272 2105 3330 substantia

533 3396 639 3442 est.
670 3386 852 3438 locum
905 3390 1002 3429 nee
1054 3374 1289 3437 occupat
1322 3381 1424 3422 nec
1468 3366 1658 3437 exigit,
1686 3365 1793 3421 nisi
1836 3374 2102 3435 quantum

532 3480 720 3532 subest
750 3468 997 3538 corporis
1023 3458 1482 3522 dimensionibus,
1524 3458 1779 3527 sequitur
1810 3458 1864 3510 in
1890 3456 1996 3511 hoc
2018 3471 2106 3511 sa-

532 3574 812 3624 crantetlto
834 3556 1040 3617 Christi
1070 3566 1269 3623 corpus
1312 3564 1423 3605 non
1465 3549 1705 3615 exigere,
1741 3561 1919 3617 neque
1945 3561 2108 3602 occu-

539 3678 666 3735 pare
700 3657 1017 3725 ampliorem
1058 3651 1263 3713 locum,
1287 3662 1450 3717 quam
1486 3655 1751 3716 quantum
1799 3644 2019 3715 exigunt
2055 3651 2110 3698 et

537 3730 809 3822 iccupant
854 3743 1227 3798 dimensiones
1252 3736 1432 3807 panis,
1483 3735 1585 3790 sub
1618 3733 1819 3804 quibus
1863 3730 2109 3800 corporis

537 3841 844 3901 substantia
869 3836 1084 3904 tegitur.
1112 3830 1236 3883 Istis
1273 3837 1453 3882 autent
1493 3827 1767 3895 denegare
1802 3825 1959 3879 (idem
2000 3837 2111 3878 non

538 3940 777 4003 oportet,
808 3938 931 3981 cum
966 3922 1068 3978 alia
1103 3918 1273 3974 multa
1303 3918 1356 3970 in
1386 3931 1569 3970 rerum
1604 3925 1799 3970 natura
1829 3913 1960 3979 sint,
1989 3927 2114 3985 qua:

538 4022 789 4083 eamdem
820 4030 990 4086 prope
1029 4010 1214 4066 statim
1241 4006 1530 4063 dubitandi
1553 4021 1776 4061 causam
1813 4005 2111 4076 praebeant.

539 4118 787 4172 llumana
810 4108 951 4162 enim
978 4103 1158 4158 anima
1186 4108 1296 4154 tota
1324 4105 1409 4153 est
1434 4099 1485 4151 in
1518 4106 1631 4152 toto
1649 4113 1899 4168 corpore,
1924 4109 1977 4154 et
1998 4106 2113 4154 tota

544 4212 599 4262 iu
637 4203 869 4272 singulis
897 4196 1148 4268 partibus
1183 4190 1457 4260 corporis,
1494 4192 1850 4260 eamdemque
1885 4190 1939 4244 in
1960 4199 2114 4261 parte

540 4298 684 4353 etin
730 4294 945 4362 reliquo
975 4303 1205 4360 corpore
1268 4294 1519 4340 naturam
1575 4282 1775 4337 liabet:
1814 4298 1999 4352 parem
2043 4284 2141 4351 ita,

498 4414 502 4420 -
544 4387 974 4457 magnitudinem
1016 4384 1180 4437 liabet
1226 4380 1279 4434 iu
1314 4377 1541 4434 infantis
1577 4386 1742 4447 atque
1778 4378 1832 4431 in
1877 4377 2113 4449 gigantis

2201 1890 2253 1942 δὲ
2286 1892 2352 1959 τῇ
2402 1889 2632 1959 δυνάμει
2691 1888 2787 1943 τοῦ
2841 1886 2931 1941 νοῦ
2993 1888 3280 1958 γινόμενον
3335 1888 3428 1941 τοῦ
3487 1889 3789 1958 ἡμετέρου,

2200 1982 2400 2051 γένοιτ’
2423 1982 2489 2037 ἂν
2521 1986 2617 2035 καὶ
2643 1984 2709 2052 τῇ
2745 1982 2973 2052 δυνάμει
2996 1980 3089 2035 τοῦ
3120 1982 3383 2049 μεγίστου
3412 1983 3505 2035 καὶ
3534 1984 3785 2052 πρώτου,

2199 2076 2293 2129 τοῦ
2330 2076 2449 2147 ἅμα
2503 2093 2564 2129 τε
2617 2075 2861 2139 νοοῦντος
2918 2074 3072 2138 αὐτὸ,
3103 2074 3199 2129 καὶ
3247 2077 3307 2128 ὲν
3357 2075 3435 2145 τῷ
3491 2078 3781 2147 πράγματι

2201 2169 2345 2223 οὕτω
2393 2169 2885 2241 δημιουργοῦντος.
2932 2168 3073 2222 Ἀλλ’
3102 2169 3292 2239 ἕτερον
3341 2164 3485 2224 εἶναι
3532 2171 3701 2237 φασὶν
3727 2172 3789 2223 ἔν

2201 2242 2278 2331 τῷ
2309 2258 2595 2331 μυστηρίῳ
2634 2260 2830 2331 τούτῳ,
2861 2262 2918 2315 οὐ
2962 2261 3123 2332 μόνον
3158 2263 3257 2332 τὴν
3291 2261 3479 2330 φύσιν.
3520 2262 3657 2315 ἀλλὰ
3690 2264 3788 2315 καὶ

2186 2355 2301 2423 ’τὴν
2354 2354 2609 2424 τοιαύτην
2657 2353 2754 2407 τοῦ
2809 2354 2898 2407 νοῦ
2931 2353 3167 2424 δύναμιν
3220 2355 3545 2424 ὑπερϐαίνον
3572 2370 3585 2383 ·
3613 2356 3699 2407 ὅτι
3731 2358 3793 2408 έν

2206 2447 2381 2516 μικρᾷ
2443 2446 2535 2500 τοῦ
2597 2445 2925 2516 φαινομένου
2982 2448 3248 2518 ποσότητι
3300 2447 3424 2511 ὅλος
3474 2449 3502 2500 ό
3550 2448 3791 2519 Χριστὸς

2204 2532 2345 2591 εἰναι
2408 2538 2770 2592 πιστεύεται’
2827 2538 2943 2592 ἀλλ’
3020 2539 3143 2594 οὐδδ
3208 2538 3371 2593 τοῦτο
3435 2542 3793 2612 παραμυθίας

2168 2643 2172 2646 ‘
2204 2633 2502 2703 ἐστέρηται
2550 2632 2612 2685 τὸ
2657 2631 2983 2701 θαυμάσιον.
3023 2632 3101 2686 Οὐ
3141 2631 3252 2702 γάρ
3303 2633 3452 2685 ἔστιν
3482 2632 3541 2685 ιν
3571 2636 3638 2704 τῇ
3669 2635 3796 2706 ἱερᾷ

2205 2723 2379 2797 ταύτῃ
2424 2724 2586 2793 θυσίᾳ
2617 2724 2679 2777 τὸ
2708 2722 2803 2777 τοῦ
2852 2720 3094 2793 Χριστοῦ
3149 2723 3309 2793 σῶμα
3344 2727 3620 2793 φυσικῶς,
3653 2726 3794 2781 άλλά

2211 2815 2600 2888 μυστηριιυεῶς
2653 2815 2836 2886 μόνον,
2867 2814 2963 2869 καὶ
3015 2815 3102 2870 διὰ
3155 2814 3312 2871 τοῦτο
3369 2818 3472 2872 οὔκ
3531 2819 3685 2872 ἐστιν
3735 2821 3798 2873 ἐν

2207 2911 2345 2980 αὐτῇ
2378 2909 2628 2980 καθάπερ
2669 2907 3052 2978 ὲσκηνωμένον
3090 2906 3148 2960 ἓν
3195 2926 3299 2961 τινι
3325 2909 3510 2978 τόπῳθ
3538 2911 3653 2964 οὐδ’
3670 2912 3793 2966 -ὑπδ

2207 3005 2327 3065 ταῖς
2358 3003 2457 3057 ἰδία
2470 3020 2517 3065 ις
2546 3003 2665 3066 ταῖς
2693 3001 2788 3054 τοῦ
2817 2999 3079 3071 ἀληθινοῦ
3107 2999 3363 3070 σώματος
3409 3002 3791 3068 διαστάσεσιν,

2209 3095 2325 3150 ἀλλ’
2360 3094 2465 3147 ὑπὸ
2510 3096 2627 3157 ταῖς
2680 3092 2772 3147 τοῦ
2807 3092 2975 3163 ἄρτου
3023 3091 3344 3147 διαστάσεσι
3388 3095 3580 3163 μόναις
3605 3111 3621 3127 ⁸
3664 3097 3796 3151 ὅθεν

2214 3190 2444 3259 ἐπείπερ
2476 3189 2508 3257 ἡ
2538 3186 2697 3241 οὐσία
2730 3185 2854 3241 καθ’
2880 3185 3053 3257 αὐτὴν
3081 3187 3177 3240 καὶ
3202 3185 3324 3240 καθ’
3356 3188 3384 3240 ὅ
3418 3189 3568 3240 ἐστιν
3604 3189 3792 3254 οὐσία,

2213 3285 2271 3337 οὔ
2310 3282 2528 3351 κατέχει
2552 3283 2718 3334 τόπον
2747 3279 2869 3333 οὐδὲ
2904 3281 3080 3351 ζητεῖ,
3103 3282 3149 3333 εί
3178 3282 3250 3351 μὴ
3277 3281 3510 3335 καθόσον
3544 3284 3662 3337 ἐστὶ
3688 3284 3798 3337 ὑπὸ

2212 3379 2330 3440 ταῖς
2382 3375 2696 3429 διαστάσεσι
2739 3372 2833 3427 τοῦ
2888 3374 3163 3445 σώματος,
3197 3376 3469 3443 ἑπόμενόν
3521 3378 3673 3430 ἐστιν
3705 3379 3797 3432 έν-

2212 3466 2387 3521 ταῦθα
2414 3468 2472 3519 ἐν
2504 3465 2677 3532 τούτῳ
2700 3464 2779 3536 τῷ
2817 3466 3105 3536 μυστηρίῳ
3137 3468 3197 3520 τ’)
3223 3467 3319 3520 τοῦ
3356 3467 3595 3535 Χριστοῦ
3628 3469 3796 3539 σῶμα

2217 3560 2293 3630 μὴ
2328 3559 2528 3631 ζητεῖν,
2565 3557 2700 3626 μηδὲ
2758 3556 3013 3627 κατέχειν
3061 3558 3285 3611 πλείονα
3340 3560 3508 3612 τόπον
3562 3559 3593 3630 ἢ
3659 3561 3791 3615 ὅσον

2216 3650 2440 3721 ζητοῦσι
2495 3650 2591 3703 καὶ
2629 3648 2956 3718 κατέχουσιν
3004 3650 3060 3702 αί
3101 3649 3415 3714 διαστάσεις
3466 3651 3559 3704 τοῦ
3606 3652 3797 3721 ἄρτου,

2217 3742 2306 3811 ὑφ’
2358 3736 2445 3805 αἷς
2494 3742 2526 3812 ή
2585 3739 2678 3794 τοῦ
2712 3740 2968 3809 σώματος
3018 3742 3177 3795 οὐσία
3216 3743 3575 3798 καλύπτεται.
3608 3748 3799 3800 Διαπι-

2219 3836 2363 3888 στεϊν
2391 3834 2450 3888 δὲ
2502 3833 2631 3904 ἰτεῷ⁴
2672 3832 2863 3886 τούτου
2893 3832 2955 3886 οὐ
3002 3834 3148 3905 χρὴ,·
3164 3834 3380 3888 πολλῶν
3412 3835 3591 3891 ἄλλων
3642 3839 3699 3891 ὲν
3729 3844 3823 3913 τῇκ

2219 3928 2379 3998 φύσει
2413 3927 2753 3998 πραγμάτων
2778 3927 2878 3999 τὴν
2906 3928 3078 3999 αὐτὴν
3135 3929 3325 4000 σχεδὸν
3370 3931 3607 4001 ἀπορίαν
3656 3951 3799 4002 προ-

2219 4022 2604 4092 ϐαλλομένων·
2641 4023 2673 4092 ἠ
2722 4020 2832 4091 γάρ
2867 4020 3184 4093 ἀνθρωπίνη
3231 4022 3380 4094 ψυχὴ
3412 4024 3509 4096 ὅλη
3551 4026 3699 4079 ἐστὶ)
3739 4030 3803 4082 ἐν

2219 4115 2324 4184 ὅλῳ
2354 4114 2430 4183 τῷ
2462 4113 2694 4183 σώματι,
2721 4114 2813 4167 καὶ
2846 4114 2945 4183 ὅλη
2992 4115 3047 4166 ὲν
3080 4114 3296 4184 ἑκάστῳ
3319 4117 3430 4168 τῶν
3469 4118 3673 4186 μορίων
3698 4120 3800 4175 τοῦ

2224 4207 2495 4276 σώματος,
2530 4205 2622 4259 καὶ
2654 4205 2754 4276 τὴν
2800 4205 2970 4276 αὐτὴν
3004 4204 3063 4259 ἐν
3110 4222 3170 4258 τε
3210 4206 3289 4278 τῷ
3343 4208 3521 4279 μορίῳ
3576 4211 3670 4263 καὶ
3719 4211 3802 4282 τῷ

2221 4295 2393 4366 λοιπῷ
2425 4295 2638 4365 σώματι
2673 4292 2835 4363 φύσιν
2870 4292 3006 4363 ἔχει,
3040 4294 3136 4349 καὶ
3167 4292 3341 4357 οὕτως
3387 4294 3501 4365 ἔχει
3535 4296 3803 4365 μεγέθους

2224 4390 2282 4442 ιν
2318 4387 2399 4458 τῷ
2436 4387 2618 4458 νηπίῳ
2663 4385 2740 4450 ὡς
2792 4386 2852 4439 ιν
2883 4383 2961 4457 τῷ
2985 4384 3081 4439 τοῦ
3116 4388 3374 4453 γίγαντος
3406 4387 3640 4456 σώματι.
3677 4389 3801 4461 Εἴτε

502 4474 510 4500 ῖ
541 4496 797 4552 corpore.
852 4476 1133 4548 Siquidem
1168 4488 1300 4529 vero
1331 4470 1527 4525 animze
1560 4469 1794 4539 aliquam
1843 4469 2108 4539 magnitu-

2221 4480 2303 4534 δεῖ
2355 4496 2409 4532 τι
2458 4477 2639 4549 ψυχῆς
2696 4476 2926 4546 μέγεθος
2976 4478 3237 4540 ἐπινοεῖν,
3270 4478 3366 4531 καὶ
3420 4478 3509 4532 διὰ
3556 4479 3655 4549 τὴν
3704 4477 3804 4533 τοῦ

503 4576 726 4637 I_tiinent
763 4568 1057 4640 imaginari
1104 4575 1347 4637 oportet,
1379 4572 1560 4618 tamen
1619 4577 1710 4631 per
1748 4559 2114 4616 aecretionem

502 4642 513 4722 ξ
545 4680 635 4722 aut
667 4665 1087 4720 diminutionem
1128 4658 1401 4728 corporis,
1432 4665 1526 4710 aut
1564 4654 1922 4709 resectionem
1948 4665 2122 4705 mem-

543 4761 628 4816 bri
661 4757 911 4827 alicujus,
947 4768 1122 4823 neque
1166 4749 1561 4812 accretionem,
1592 4760 1769 4815 neque
1798 4744 2117 4800 diminutio-

545 4869 692 4915 nem,
732 4864 908 4917 neque
943 4843 1304 4900 resectionem
1352 4840 1517 4894 ullam
1557 4838 1738 4891 anima
1775 4835 2032 4891 sustinet.
2062 4834 2121 4890 Id

542 4962 675 5001 vero
706 4945 835 4998 licet
878 4936 1225 4995 verissimum
1277 4932 1371 4997 sit,
1405 4931 1773 4998 omnibusque
1803 4928 2120 4984 Graecorum

546 5037 886 5110 sapientibus
930 5031 1211 5101 sacrisque
1235 5024 1553 5083 doctoribus
1590 5024 1664 5077 ita
1717 5023 1895 5077 visum
1935 5021 2124 5086 fuerit,

545 5134 694 5187 clare
736 5137 917 5181 tamen
946 5135 999 5178 ot
1026 5122 1321 5193 perspicue
1352 5133 1463 5173 non
1512 5116 1663 5172 venit
1698 5117 1751 5169 in
1783 5121 2020 5168 mentem
2068 5121 2125 5167 ut

548 5224 777 5277 aliorum
820 5215 1245 5284 intelligibilium
1281 5209 1567 5267 manifesta
1597 5221 1909 5278 quaeque-et
1933 5208 2120 5261 obvia.

545 5313 833 5383 Quomodo
848 5312 1013 5364 etiam
1041 5308 1212 5360 turris
1233 5304 1315 5358 vel
1340 5303 1539 5357 montis
1556 5300 1981 5367 magnitudinem
2004 5298 2122 5352 visu

546 5407 822 5468 tuetimur,
852 5403 908 5456 in
941 5398 1100 5455 oculo
1124 5410 1293 5467 parvo
1318 5394 1442 5449 talis
1463 5391 1852 5462 magnitudinis
1880 5391 2118 5459 speciem

547 5503 869 5569 impressam
898 5490 1158 5548 ferentes?
1209 5486 1306 5543 Est
1333 5483 1478 5542 enim
1515 5485 1674 5553 quasi
1712 5485 1768 5540 in
1822 5487 2007 5540 anima
2038 5485 2122 5539 in-

546 5589 903 5658 telligibiliter
924 5583 1138 5655 species
1178 5580 1370 5644 turris,
1398 5587 1453 5633 et
1493 5591 1618 5631 cum
1655 5576 1952 5630 materialis
1972 5576 2045 5631 sit
2070 5575 2124 5629 in

549 5682 750 5749 ευίυεει,
800 5682 870 5733 ita
914 5676 1268 5747 spiritualiter
1302 5670 1470 5725 estin
1516 5669 1705 5733 oculo,
1752 5678 1807 5723 et
1855 5685 1948 5737 per
1986 5671 2127 5722 hanc
2181 5676 2186 5681 '

551 5772 888 5842 stlifll‘lttiCJl
923 5770 1181 5840 speciem,
1211 5761 1503 5822 exterioris
1538 5761 1935 5828 magnitudinis
1965 5777 2122 5815 cout-

2227 4572 2479 4642 σώματος
2528 4570 2759 4639 αὔξησίν
2796 4586 2856 4623 τε
2908 4570 3006 4624 καὶ
3055 4570 3364 4641 μείωσιν,ἢ
3417 4570 3619 4639 μέλους
3658 4572 3806 4635 τινος

2224 4662 2487 4734 ἐκκοπὴν,
2536 4660 2663 4716 οὔτε
2701 4661 2933 4732 αὔξησιν
2982 4660 3108 4715 οὔτε
3163 4665 3417 4731 μείωσιν,
3460 4661 3585 4715 οὕτε
3626 4664 3808 4731 τομήν

2224 4773 2346 4809 τινα
2375 4757 2469 4808 καὶ
2512 4755 2545 4824 ἡ
2600 4753 2746 4824 ψυχὴ
2782 4754 3193 4822 συνεφέσταται.
3235 4752 3431 4807 Καίτοι
3469 4752 3631 4807 τοῦτο
3671 4755 3806 4822 ἀλη-

2227 4846 2485 4899 θέστατον
2525 4843 2606 4907 ὃν,
2655 4844 2750 4897 καὶ
2799 4846 2933 4896 πᾶσι
2969 4843 3070 4912 μὲν
3109 4842 3380 4913 Ἐλλήνων
3428 4846 3634 4912 σοφοῖς,
3667 4846 3806 4898 πᾶσι

2225 4937 2280 4989 δὲ
2316 4938 2424 4996 τοῖς
2461 4937 2627 5007 ἱεροῖς
2651 4934 2994 4997 διδασκάλοις
3025 4932 3170 4986 οὕτω
3204 4933 3599 5005 φρονούμενον,
3636 4935 3808 4989 καθα-

2228 5028 2337 5099 ρῶς
2387 5029 2540 5096 ὅμως
2591 5028 2690 5097 οὐχ
2747 5027 3045 5079 ὑποπίπτει
3097 5025 3173 5095 τῷ
3235 5028 3334 5095 νῷ,
3391 5030 3645 5096 καθάπερ
3700 5032 3811 5080 τῶν

2228 5120 2403 5174 ἄλλων
2451 5120 2658 5190 νοήτων
2700 5119 2769 5173 τά
2800 5119 3010 5188 φανερά
3041 5136 3103 5171 τε
3147 5119 3242 5171 καὶ
3275 5120 3563 5188 πρόχειρα.
3597 5118 3715 5178 ηὼς
3752 5120 3810 5172 δὲ

2230 5215 2322 5266 καὶ
2376 5213 2587 5281 πύργου
2628 5211 2922 5282 μέγεθοςῆ
2974 5211 3133 5280 ὄρους
3181 5213 3248 5281 τῇ
3297 5211 3418 5280 ἄχθει
3468 5208 3809 5280 μετροῦμεν,

2229 5307 2497 5376 ἐλαχίστῳ
2544 5307 2621 5377 τῷ
2661 5304 2926 5375 ὀφθαλμῷ
2980 5304 3306 5373 τηλικούτου
3352 5306 3621 5374 μεγέθους
3666 5297 3813 5367 εἶδος

2230 5399 2595 5467 ἐμφέροντες
2629 5398 2788 5451 Ἐστι
2837 5398 2943 5466 γάρ
2986 5396 3065 5459 ὡς
3108 5398 3166 5449 ὲν
3200 5399 3265 5467 τῇ
3321 5398 3469 5466 ψυχῇ
3502 5398 3707 5465 νοητῶς
3751 5396 3815 5448 τὸ

2231 5490 2370 5551 εἶδος
2405 5490 2499 5544 τοῦ
2532 5490 2768 5561 πύργου,
2809 5492 2901 5555 καὶ
2932 5490 3135 5553 ὑλικῶς
3167 5492 3226 5544 ὲν
3258 5490 3429 5559 αὐτῷ,
3464 5490 3607 5543 οὕτω
3645 5504 3814 5540 πνευ-

2234 5583 2479 5652 ματικῶς
2519 5584 2576 5651 ἐν
2611 5582 2690 5651 τῷ
2745 5582 3032 5652 ὀφθαλμῷ,
3070 5582 3165 5634 καὶ
3214 5582 3390 5651 τούτῳ
3433 5582 3509 5649 τῷ
3565 5597 3814 5648 πνευμα-

2232 5672 2368 5740 τικῴ
2404 5673 2535 5724 εἴδει
2567 5673 2665 5741 τὴν
2693 5672 2783 5724 τοῦ
2820 5672 2923 5735 ἔξω
2955 5672 3233 5741 μεγέθους-
3254 5672 3556 5742 ποιούμεθα
3585 5670 3816 5742 σύγκρι-

2238 5782 2340 5818 σοι.
2369 5765 2464 5826 ἰ’ίς
2510 5762 2665 5831 λόγος
2726 5764 3074 5817 ἀποδίδοσθαι
3129 5764 3223 5818 τοῦ
3276 5763 3520 5818 τοιούτου
3562 5761 3809 5827 δύναται,
