4176 6278
500 322 606 384 ΒῆἹ

1560 325 1949 385 'GEN'NADII
1999 328 2107 386 [ΣΡ.
2160 328 2673 389 ΡΑΤΙΗΑΠΕΠΈ

3673 319 3782 385 368

503 444 712 490 rautem
740 437 1148 490 conﬁrmamus.
1169 434 1342 492 Omne
1366 437 1635 505 siquidem
1680 453 1879 506 corpus
1912 438 2085 492 exsis-

2202 443 2285 493 καὶ
2312 441 2490 508 λόγοις
2533 441 2631 509 τὴν
2685 439 2777 492 τού
2812 439 2901 492 ’.τοῦ
2957 438 3249 492 δυσκολίαι
3282 437 3777 509 παραμυθούμεθαο

502 535 623 580 t'eus
653 527 893 594 quodam
950 528 1002 579 in
1059 528 1196 593 loco,
1268 528 1443 597 ipsum
1492 512 1714 599 quidem
1752 533 1926 584 to’tum
1989 533 2084 584 toti

501 626 982 672 commensuratur
1012 620 1154 684 loco,
1193 628 1246 672 et
1281 627 1465 690 partes
1510 623 1663 675 illius
1704 623 1952 691 partil‘tts
1982 623 2085 675 lori

504 711 905 778 attribuuntur,
937 721 987 766 et
1014 715 1289 769 mediante
1368 715 1586 786 propria
1645 717 1952 782 quantitate
2004 727 2088 771 ost

503 802 556 855 in
586 804 728 859 loco.
749 802 884 858 Nam
939 806 1133 860 essein
1188 806 1330 868 loco,
1390 807 1686 876 quantitati
1720 807 1936 876 proprie
1957 820 2087 861 con-

505 896 676 962 venit,
704 906 1114 967 consequenter
1148 898 1315 953 etiam
1344 899 1668 954 substantia:
1719 901 1879 969 cujus
1899 908 1983 955 est
2000 917 2091 955 ea-

507 991 634 1043 dem
666 990 970 1058 quantitas.
1008 988 1186 1059 Atque
1216 990 1343 1046 inde
1361 991 1568 1045 accidit
1612 1005 1813 1060 corpus
1862 992 1976 1047 illic
1998 1007 2089 1046 so—

509 1084 622 1138 lum
642 1097 790 1149 esse,
816 1084 905 1137 ubi
926 1085 1209 1153 quantitas
1244 1083 1368 1156 ejus
1390 1093 1447 1140 et
1472 1085 1848 1140 dimensiones
1885 1086 2091 1152 reperi-

483 1177 1070 1244 .untur.lmpossibile
1095 1177 1351 1232 estenim
1415 1177 1664 1232 eamdem
1725 1179 2089 1247 quantitatem

512 1267 765 1335 pluribus
798 1268 961 1323 simul
981 1268 1418 1324 commensurari
1445 1268 1602 1325 locis.
1626 1268 1686 1324 In
1733 1282 1966 1341 corpore
1992 1285 2090 1325 au-

507 1368 615 1412 tem
640 1358 843 1414 Christi
879 1373 966 1415 res
985 1375 1094 1415 non
1119 1361 1193 1415 ita
1221 1361 1465 1416 seliabet
1514 1378 1529 1417 :
1582 1360 1802 1418 exsistit
1830 1363 1978 1417 enim
2032 1364 2091 1418 in

509 1450 652 1513 loco.
683 1451 963 1508 mediante
988 1467 1053 1507 ea
1084 1453 1397 1523 quantitate
1430 1467 1553 1524 quae
1609 1456 1735 1525 pani
1771 1455 1928 1524 prius
1966 1455 2091 1510 ine-

512 1549 621 1594 rat.
650 1541 707 1595 Si
727 1556 860 1598 vero
907 1551 965 1598 et
990 1543 1212 1614 propria
1251 1547 1534 1612 quantitas
1568 1546 1913 1600 sanctissimi
1969 1562 2090 1610 cor—

511 1630 662 1700 poris
705 1632 1146 1702 inseparabiliter
1176 1634 1281 1704 ipsi
1342 1635 1650 1699 coexsistit,
1689 1644 2093 1707 consequenter

509 1738 644 1780 sane
664 1732 718 1780 et
734 1726 1010 1782 mediante
1033 1728 1366 1793 substantia,
1386 1745 1509 1799 qua-
1529 1730 1649 1786 sine
1665 1731 1886 1800 propria
1915 1745 2090 1800 quan-

512 1815 672 1870 titate
701 1815 1013 1874 subsistere
1042 1834 1153 1875 non
1177 1829 1377 1890 potest.
1399 1820 1537 1876 Cum
1569 1822 1735 1890 igitur
1755 1822 1893 1877 nihil
1921 1823 2091 1892 impe-

512 1906 630 1962 diat
666 1908 971 1978 quominus
995 1912 1184 1967 multa:
1216 1913 1555 1983 quantitates
1584 1929 1787 1983 panum
1823 1915 2094 1970 exsistant

2202 533 2384 587 ’Λπαν
2435 534 2536 603 μὲν
2571 534 2680 603 γὰρ
2717 533 2876 603 σῶμα
2920 532 3189 602 τυγχάνον
3226 530 3282 585 ἔν
3307 548 3415 584 τινι
3442 531 3613 602 τόπῳ,
3649 532 3785 586 αὐτό

2196 641 2252 675 τε
2291 624 2412 677 ὅλον
2460 624 2567 694 ὅλῳ
2617 627 3016 694 συμμετρεῖται
3051 622 3128 693 τῷ
3172 623 3345 692 τόπῳ,
3388 624 3483 677 καὶ
3510 623 3580 675 τὰ
3615 623 3784 693 μόρια

2194 718 2387 770 τούτου
2446 721 2560 781 τοῖς
2608 719 2702 771 τοῦ
2768 719 2932 772 τόπου
2999 718 3228 788 μέρεσιν
3283 715 3624 780 ἀποδίδοται,
3682 716 3783 769 καὶ

2160 810 2163 813 ’
2199 812 2599 881 μεσιτευούσης
2625 810 2724 880 τῆς
2756 811 2891 874 ἰδίας
2919 810 3215 879 ποσότητός
3247 807 3395 861 ἐστιν
3423 809 3482 860 ἐν
3505 806 3585 877 τῷ
3610 807 3783 877 τόπῳ.

2196 903 2271 956 To
2299 904 2409 974 γάρ
2442 906 2498 957 ἐν
2525 905 2677 974 τόπῳ
2701 900 2841 957 εἶναι
2865 906 2929 973 τῇ
2955 902 3217 969 ποσότητι
3249 901 3456 971 κυρίως
3483 901 3782 969 προσήκειο

2197 998 2483 1066 ἑπομένως
2522 996 2580 1050 δὲ
2619 997 2712 1050 καὶ
2760 998 2824 1066 τῇ
2859 995 3041 1062 οὐσίᾳ,
3068 987 3137 1064 ἦς
3188 995 3222 1063 ἠ
3256 991 3484 1063 τοιαύτη
3537 993 3784 1060 ποσότης

2196 1088 2683 1144 ὲστί.1(ἀντεῦθεν
2748 1086 3042 1156 συμδαίνει
3103 1085 3166 1140 τὸ
3231 1087 3390 1155 σῶμα
3447 1085 3564 1138 ἐκεῖ
3619 1084 3785 1154 μόνον

2196 1178 2357 1249 εἶναι,
2410 1183 2547 1236 ὅπου
2602 1182 2635 1251 ἠ
2689 1180 2928 1249 ποσότης
2984 1178 3153 1233 αὐτοῦ
3205 1180 3298 1233 καὶ
3345 1178 3403 1230 αἰ
3461 1175 3783 1239 διαστάσεις

2197 1275 2569 1346 εύρίσκονται.
2638 1273 2928 1326 Ἀδύνατον
2985 1270 3043 1324 δὲ
3102 1268 3204 1341 τὴν
3269 1268 3444 1338 αὐτὴν
3506 1267 3784 1334 ποσότητα

2198 1367 2409 1420 πλείοσι
2466 1364 2904 1436 συμμετρεῖσθαι
2957 1362 3147 1424 τόποις
3200 1361 3361 1431 ὁμοῦ.
3402 1360 3527 1414 Ἐπί
3572 1360 3630 1413 δὲ
3686 1360 3783 1412 τοῦ

2199 1459 2457 1531 σώματος
2478 1459 2574 1514 τοῦ
2612 1456 2853 1529 Χριστοῦ
2896 1456 2996 1526 οὐχ
3026 1455 3201 1517 οὕτως
3232 1454 3346 1524 ἔχει
3372 1471 3387 1485 ·
3422 1454 3539 1507 ἔστι
3582 1453 3691 1523 γὰρ
3726 1453 3787 1505 ὲν

2195 1557 2348 1625 τόπῳ
2397 1552 2796 1625 μεσιτευούτης
2843 1551 2943 1621 τῆς
2998 1548 3325 1621 ποσότητος,
3356 1548 3452 1601 καὶ
3510 1547 3786 1616 πρότερον

2198 1646 2621 1718 ἐνυπαρχούσης
2651 1645 2728 1715 τῷ
2761 1645 2932 1715 ἄρτῳ.
2982 1643 3045 1696 Εἰ
3080 1641 3137 1696 δὲ
3171 1641 3267 1695 καὶ
3314 1641 3348 1710 ἡ
3399 1639 3507 1693 ἰδία
3543 1640 3786 1707 ποσότης

2198 1739 2291 1793 τοῦ
2341 1735 2612 1805 παναγίου
2666 1734 2926 1805 σώματος
2958 1732 3284 1804 ἀχωρίστως
3318 1730 3469 1798 αύτῷ
3509 1722 3782 1794 σύνεστιν,

2197 1831 2313 1885 ἀλλ’
2343 1829 2626 1900 ἑπομένως
2669 1828 2766 1879 καὶ
2810 1826 2908 1896 τῆς
2959 1824 3148 1886 ούσίας
3191 1821 3607 1894 μεσιτευούσης,
3658 1822 3786 1894 ἥτις

2196 1925 2325 1980 ἀνευ
2362 1922 2495 1986 ἰδίας
2542 1921 2845 1991 ποσότητος
2876 1917 3181 1988 ὑφεστάναι
3230 1916 3292 1969 ού
3344 1915 3596 1968 δύναται.
3628 1912 3789 1968 Ἐπεὶ

512 2000 567 2054 iu
598 2000 785 2057 multis
801 2002 1095 2067 altaribus,
1131 2004 1259 2060 inde
1307 2005 1581 2060 acciditet
1644 2006 1851 2062 Christi
1889 2022 2092 2076 corpus

2202 2013 2559 2068 τοίνυνοούδὲν
2599 2011 2800 2065 κωλύει
2833 2008 3035 2072 πολλὰς
3067 2001 3210 2061 εἶναι
3247 2005 3552 2075 ποσότητας
3600 2003 3788 2075 ἀρτων

512 2107 683 2147 unum
706 2109 937 2150 numero
967 2096 1021 2150 in
1046 2096 1234 2152 multis
1259 2097 1531 2154 exsistens
1555 2098 1955 2168 quantitatilius
1982 2116 2090 2154 non

518 2187 786 2259 propriis,
814 2188 1397 2246 illistuediautibusin
1439 2192 1627 2245 multis
1670 2193 1895 2261 reperiri
1932 2194 2090 2248 locis.

2196 2111 2255 2161 ἐν
2305 2107 2521 2170 πολλοῖς
2572 2103 3011 2174 θυσιαστηρίοις,
3043 2100 3300 2154 ἐντεῦθεν
3348 2097 3636 2168 συμϐαίνει
3688 2099 3789 2151 καὶ

2197 2202 2254 2254 τὸ
2283 2199 2377 2253 τοῦ
2412 2196 2653 2268 Χριστοῦ
2702 2196 2864 2266 σῶμα
2908 2193 2970 2247 τδ
3009 2193 3174 2249 αὐτὸν
3202 2189 3423 2263 ἀριθμῷ
3456 2192 3514 2245 ὲν
3537 2190 3787 2244 πλείοσιν

513 2283 627 2336 Iloe
655 2282 822 2337 etiam
840 2284 1109 2352 exemplis
1134 2285 1470 2340 confirmare
1516 2284 1647 2339 licet
1697 2285 1896 2340 animae
1965 2302 2095 2341 nos-

2202 2293 2449 2365 ύπάρχον
2497 2289 2797 2360 ποσότησιν
2846 2288 2947 2342 ούκ
2978 2286 3163 2350 ἰδίαις,
3206 2284 3416 2339 τούτων
3464 2299 3788 2353 μεσιτευου-

512 2384 630 2441 me,
681 2390 828 2445 quae,
874 2390 1000 2431 cum
1031 2392 1130 2448 per
1156 2392 1216 2432 se
1240 2393 1346 2433 non
1375 2378 1575 2435 habeat
1603 2378 1962 2449 quantitatem
1986 2393 2094 2449 qua
2138 2414 2151 2425 η

509 2477 987 2526 eommensuretur
1005 2470 1308 2526 continenti
1327 2485 1388 2528 se
1407 2469 1645 2539 corpori.
1666 2476 1777 2525 tota
1799 2479 1883 2526 est
1903 2469 1956 2525 in
1980 2478 2095 2525 toto

515 2573 571 2618 et
615 2564 847 2633 singulis
880 2565 1130 2633 corporis
1176 2564 1450 2634 partibus.
1475 2564 1614 2619 Tum
1639 2563 1804 2618 etiam
1821 2564 2095 2621 sermonis

508 2658 786 2727 exemplo,
808 2660 899 2727 qui
921 2661 1036 2728 ipse
1060 2668 1117 2713 et
1139 2673 1287 2715 unus
1304 2674 1537 2715 numero
1560 2667 1741 2729 potest
1759 2659 1989 2714 interius
2007 2673 2095 2714 es-

515 2765 598 2814 se,
628 2748 761 2815 dici,
790 2750 969 2804 audiri
999 2759 1053 2805 et
1087 2752 1293 2806 scribi:
1333 2751 1516 2807 dictus
1547 2767 1678 2806 vero
1699 2752 1815 2807 sive
1854 2766 2094 2822 pronun-

512 2841 705 2907 tiatus,
762 2841 879 2898 inse
900 2841 1063 2896 etiam
1089 2856 1118 2895 a
1142 2842 1332 2899 multis
1349 2843 1513 2898 simul
1545 2841 1736 2898 auditu
1766 2843 2088 2913 percipitur.

512 2932 783 2988 Pra'terea
813 2934 1067 3004 exemplo
1091 2934 1245 3001 solis,
1275 2935 1434 3005 cujus
1492 2936 1678 2990 lumen
1736 2944 1891 2991 extra
1926 2945 1983 2990 et
2016 2935 2098 2990 in-

516 3038 600 3078 tra
620 3026 843 3081 domum
875 3025 1119 3082 illustrat
1175 3036 1344 3098 etper
1373 3027 1576 3083 vitrum
1638 3035 1952 3099 penetrans,
2014 3029 2100 3083 in-

2199 2387 2309 2441 σῶν
2341 2387 2400 2439 ὲν
2451 2383 2669 2446 πολλοῖς
2707 2380 3066 2450 εὑρίσκεσθαι
3120 2378 3334 2441 τόποις.
3361 2375 3571 2430 Τούτου
3601 2375 3657 2428 δὲ
3686 2376 3788 2428 καὶ

2198 2478 2612 2552 παραδείγμασι
2648 2473 2875 2529 δυνατόν
2901 2473 3021 2525 ἑστι
3054 2469 3292 2543 χρῆσθαι
3318 2484 3331 2499 ’
3363 2471 3430 2539 τῇ
3453 2467 3509 2521 δὲ
3537 2467 3789 2539 ἡμετέρα

2196 2574 2370 2644 ψυχῇ,
2402 2573 2528 2642 ἥτις
2572 2567 2662 2622 διὰ
2691 2567 2754 2622 τὸ
2788 2566 2863 2638 μὴ
2891 2564 3037 2636 ἔχειν
3075 2563 3351 2632 ποσότητα
3389 2559 3515 2614 καθ’
3540 2558 3713 2628 αὐτὴν

2201 2663 2576 2737 συμμετροῖτο
2615 2660 2683 2715 ἂν
2731 2657 2809 2730 τῷ
2841 2657 3154 2728 περιέχοντι
3190 2655 3429 2722 σώματι,
3459 2653 3556 2721 ὅλη
3583 2650 3677 2705 καὶ
3719 2651 3785 2705 ἒν

2199 2759 2308 2829 ὅλῳ
2360 2756 2455 2810 καὶ
2506 2758 2562 2808 ὲν
2612 2755 2830 2820 ἑκάστῳ
2886 2750 3061 2821 μορίῳ
3107 2748 3203 2802 τοῦ
3243 2745 3496 2815 σώματος
3546 2743 3783 2812 πέφυκε.

2199 2850 2312 2905 Καὶ
2342 2851 2423 2904 έτι
2450 2847 2529 2920 τῷ
2571 2849 2738 2918 λόγῳ,
2764 2847 2823 2908 ὃς
2877 2846 2905 2898 ὁ
2953 2842 3118 2905 αὐτὸς
3161 2841 3257 2894 καὶ
3301 2833 3383 2902 εἷς
3416 2836 3661 2910 ἀριθμῷ,
3690 2837 3792 2890 καὶ

2200 2941 2510 3005 ἐνδιάθετος
2549 2935 2691 2993 εἰναι
2720 2936 2970 3003 δύναται,
3001 2934 3096 2989 καὶ
3126 2932 3445 3000 λεγόμενος,
3465 2928 3561 2983 καὶ
3588 2926 3793 2981 ἀκουό-

2204 3051 2367 3104 μενος
2395 3033 2489 3085 καὶ
2517 3031 2867 3102 γραφόμενος
2898 3044 2911 3059 ·
2940 3028 3035 3081 καὶ
3073 3025 3101 3077 ὀ
3131 3022 3426 3091 λεγόμενος
3449 3019 3506 3073 δὲ
3539 3018 3595 3081 ὃς
3624 3019 3722 3071 καὶ
3751 3018 3787 3071 ὀ

513 3118 688 3172 terius
713 3132 832 3172 eam
867 3116 1154 3185 illuminat,
1181 3117 1322 3173 idem
1385 3118 1550 3175 simul
1608 3119 1899 3187 exsistens,
1925 3128 2096 3179 etne.

2205 3122 2366 3186 αὐτὸς
2393 3121 2584 3184 ἀκοαῖς
2616 3117 3086 3191 περιλαμϐάνεται
3120 3111 3361 3168 πλείοσι.
3397 3107 3544 3179 Πρὸς
3570 3109 3792 3172 τούτοις

511 3226 620 3281 que
646 3226 675 3265 a
710 3212 914 3280 seipse,
952 3227 1053 3266 nec
1079 3226 1108 3265 a
1149 3210 1263 3267 sole
1289 3223 1628 3283 separatum.
1653 3212 1762 3268 Sed
1801 3225 1855 3269 et
1878 3214 2090 3283 species

2202 3215 2281 3285 τῷ
2306 3212 2399 3266 τοῦ
2422 3213 2576 3286 ἡλίου
2602 3212 2742 3281 ιρωτί¹
2764 3210 2822 3263 έν
2855 3227 2916 3263 τε
2947 3206 3026 3278 τῷ
3058 3204 3164 3270 ἔξω
3196 3204 3296 3274 τῆς
3326 3200 3503 3264 οἰκίας
3530 3200 3792 3269 διαφανεῖ

508 3306 564 3358 in
599 3304 857 3359 omnibus
889 3312 974 3360 est
1002 3313 1058 3359 et
1079 3304 1457 3375 singularibus
1503 3304 1828 3373 individuis,
1852 3305 2091 3361 ubicun-

509 3414 619 3468 que
653 3398 743 3455 illa
767 3400 899 3463 sint,
930 3415 1053 3455 cum
1087 3406 1270 3454 tamen
1305 3415 1413 3454 una
1461 3415 1692 3455 numero
1720 3400 1812 3465 sit,

2200 3310 2298 3363 καὶ
2325 3308 2473 3362 ἔνδον
2510 3306 2685 3375 αὐτῆς
2712 3321 2729 3336 ο
2758 3304 2853 3358 καὶ
2887 3306 2946 3357 ὲν
2990 3304 3058 3370 τῇ
3101 3298 3242 3369 ύέλῳ
3294 3296 3352 3350 δὲ
3387 3295 3502 3349 δντι
3530 3291 3599 3347 δι’
3629 3286 3697 3364 ἦς
3723 3291 3790 3345 τὸ

2203 3398 2319 3467 φῶς
2373 3398 2523 3452 ἔνδον
2572 3397 2672 3466 τῆς
2728 3394 2909 3457 οἰκίας
2952 3391 3216 3461 διαφανὲς
3271 3385 3655 3454 καταλάμπει·
3701 3381 3785 3448 τῷ

514 3491 665 3563 αύτῷ
721 3492 780 3547 δὲ
832 3492 983 3563 ὅμως
1034 3490 1382 3561 τυγχάνοντι,
1417 3491 1511 3544 καὶ
1558 3491 1686 3560 μήθ’
1717 3489 1916 3544 ἑαυτοῦ
1950 3492 2091 3560 μήτε
2120 3488 2217 3543 τοῦ
2254 3490 2405 3561 ἡλίου
2459 3489 2843 3560 χωριζομένῳ.
2894 3485 3060 3539 Ἀλλά
3105 3485 3216 3558 μὴν
3262 3484 3357 3538 καὶ
3390 3482 3451 3537 τὸ
3510 3476 3651 3544 εἶδος
3725 3479 3789 3531 ἐν

518 3579 687 3640 πᾶσιν
745 3585 859 3638 ἐστι
902 3584 1017 3647 τοῖς
1066 3581 1221 3647 ἰδίοις
1274 3583 1519 3654 ἀτόμοις,
1568 3585 1819 3655 ὅπουπερ
1883 3582 1948 3638 ἃν
2001 3581 2089 3654 εἴη
2124 3581 2320 3646 ταῦτα,
2356 3581 2416 3634 ἒν
2453 3581 2512 3635 ὃν
2543 3580 2785 3651 ἀριθμῷ.

587 3680 775 3738 Multis
815 3679 1081 3751 ejusmodi
1158 3679 1429 3751 exemplis
1475 3679 1875 3735 dubitationem
1928 3678 2098 3734 menti

514 3776 764 3832 obortam
808 3774 1086 3845 depellere
1142 3787 1442 3844 possumus
1488 3791 1502 3828 :
1549 3787 1737 3826 verum
1786 3770 1986 3826 sumcit
2041 3781 2100 3824 ut

514 3865 826 3923 indubitata
887 3864 994 3920 ﬁde
1048 3865 1125 3918 ita
1177 3863 1510 3924 sentiamus.
1571 3871 1627 3918 et
1663 3877 1726 3918 ea
1759 3863 1874 3916 sola
1903 3862 2101 3917 contir-

516 3961 673 4025 mati,
726 3955 1105 4026 perfunctorie
1165 3953 1399 4024 reliquis
1444 3952 1777 4022 adjiciamus
1825 3954 2096 4008 animum.

521 4054 698 4124 Hujus
737 4052 883 4109 enim
942 4036 1277 4107 sacramenti
1302 4050 1451 4121 quod
1487 4049 1909 4119 supernaturale
1937 4052 2100 4101 estet

522 4146 861 4219 prodigium,
920 4142 1067 4214 quod
1118 4143 1335 4213 reliqua
1379 4143 1567 4197 omnia
1621 4142 1782 4210 longo
1813 4136 2101 4194 intervallo

520 4249 769 4310 superat,
846 4252 1097 4308 quasnam
1182 4235 1423 4290 bmnana
1482 4233 1627 4289 ratio
1691 4232 1842 4288 reddi
1897 4238 2098 4303 potest,

526 4341 623 4386 aut
673 4329 821 4401 quod
892 4328 1199 4398 exemplum
1247 4343 1312 4384 ex
1366 4326 1532 4382 rebus
1588 4322 1971 4395 naturalibus
2003 4322 2098 4375 de-

524 4429 803 4492 sumptum
863 4421 1039 4476 eidem
1090 4419 1488 4475 convenienter
1526 4414 1932 4472 accommodari
1979 4412 2100 4467 lAt

2284 3677 2395 3730 Kal.
2426 3675 2640 3740 πολλοῖς
2668 3675 2937 3739 τοιούτοις
2960 3671 3374 3745 παραδείγμασι
3406 3671 3505 3745 τὴν
3545 3669 3789 3742 ἀπορίαν

2203 3768 2300 3824 τοῦ
2380 3766 2474 3823 νοῦ
2547 3766 3004 3840 παραμυθεῖσθαι
3059 3766 3341 3837 δυνάμεθα
3367 3780 3385 3799 ο
3450 3764 3571 3819 ἀλλ’
3622 3764 3791 3834 ἀρκεῖ

2207 3863 2349 3935 μετά
2382 3863 2626 3926 πίστεως
2658 3861 2988 3917 ἀδιστάκτου
3022 3859 3184 3915 τοῦτο
3229 3859 3450 3929 φρονεῖν
3484 3856 3582 3912 καλ⁸
3610 3856 3791 3927 ταύτῃ

2158 3950 2173 3977 ⁵
2209 3956 2348 4029 μόνῃ
2380 3955 2809 4029 βεϐαιουμένους
2840 3952 3011 4008 τᾶλλα
3040 3953 3117 4016 ὡς
3145 3954 3203 4006 ὲν
3228 3952 3495 4024 παρέργῳ
3531 3951 3788 4003 σκοπεῖν.
3866 4018 3871 4022 ,

2216 4049 2529 4121 ’Υπερφυεῖ
2554 4049 2665 4118 γὰρ
2687 4047 2804 4102 ὄντι
2831 4045 2909 4117 τῷ
2939 4045 3230 4118 μυστηρίῳ
3252 4044 3349 4097 καὶ
3373 4040 3649 4112 τεραστίῳ
3675 4040 3791 4092 πᾶν

2209 4144 2433 4198 νικῶντι
2464 4143 2777 4211 τεράστιον.
2825 4139 2910 4203 τίς
2938 4137 3006 4192 ἂν
3041 4133 3336 4204 ἀποδοθείη
3377 4134 3538 4202 λόγος
3578 4130 3796 4202 ἀνθρώ-

2210 4253 2392 4300 πινος,
2434 4237 2469 4307 ἢ
2515 4235 2570 4288 τί
2610 4234 2678 4288 ἂν
2728 4232 2949 4295 οἰκείως
3004 4231 3069 4284 ὲκ
3098 4228 3209 4282 τῶν
3262 4226 3512 4297 φυσικῶν
3544 4227 3796 4296 ὲφαρμου

2213 4330 2370 4400 σθείη
2414 4327 2809 4399 παράδειγμα;
2858 4322 3003 4378 Ἀλλ’
3052 4321 3115 4376 ού
3162 4319 3427 4389 δύναμαι,
3481 4318 3638 4389 φησί,
3670 4317 3796 4369 πεί-

2211 4423 2440 4478 θεσθαι·
2491 4420 2561 4474 τά
2618 4419 2720 4490 μὲν
2774 4414 3200 4488 παραδείγματα
3233 4411 3328 4464 καὶ
3378 4411 3429 4463 οἰ
3478 4409 3630 4478 λόγοι
3689 4408 3795 4481 τὴν

519 4531 643 4587 ego,
718 4513 959 4581 inquies,
1012 4511 1336 4584 persuaderi
1387 4527 1499 4566 non
1546 4524 1770 4581 possum
1809 4506 2096 4576 :erempla

2215 4513 2403 4581 πίστιν
2447 4509 2944 4583 προῦποτιθὲασιν,
2985 4504 3098 4576 ἐγὼ
3128 4504 3185 4558 δὲ
3216 4500 3548 4587 ἀποδείξεως
3575 4499 3795 4570 δέομαι,

522 4610 671 4663 eiiim
728 4619 782 4663 et
832 4607 1077 4663 rationes
1128 4606 1292 4661 ﬁdem
1329 4610 1767 4676 pra'suppouunt
1801 4620 1815 4668 ;
1848 4617 1950 4671 ego
2006 4615 2104 4653 au-

525 4714 633 4756 tem
664 4699 1137 4756 demonstratione
1165 4698 1388 4769 indigeo
1414 4714 1428 4750 :
1459 4697 1685 4751 credere
1710 4708 1820 4748 non
1852 4707 2097 4762 possum.

526 4791 630 4847 Sed
661 4802 838 4862 potes,
873 4792 1098 4860 inquam
1123 4804 1246 4859 ego,
1285 4788 1533 4853 credere,
1561 4786 1607 4843 si
1640 4786 1722 4840 vis
1756 4804 1772 4850 ;
1806 4799 1931 4838 nam
1970 4783 2103 4838 fides

525 4887 836 4940 voluntaria
891 4892 977 4939 est
1024 4882 1194 4936 animi
1236 4880 1554 4935 consensio.
1614 4877 1772 4943 Quod
1831 4877 1875 4931 si
1932 4875 2099 4938 nolis,

520 4994 611 5033 res
664 4980 823 5033 aliter
884 4993 945 5031 se
1005 4974 1249 5038 habebit,
1299 4973 1514 5028 etiamsi
1572 4971 1735 5026 nolis.
1797 4966 1917 5023 Non
1984 4983 2104 5023 (ει-ει

525 5072 621 5126 des
670 5072 939 5126 asserenti
973 5069 1122 5140 quod
1172 5083 1236 5122 ex
1298 5077 1440 5122 terra
1501 5064 1706 5120 ferrum
1771 5063 1884 5129 ﬁat,
1945 5064 2103 5131 longe

526 5162 784 5214 fortassis
831 5160 900 5214 ab
954 5159 1229 5228 ejusmodi
1290 5157 1528 5213 artilicio
1561 5164 1824 5218 remotus,
1854 5167 1909 5208 et
1963 5154 2099 5207 illud

528 5256 790 5323 ignorans
839 5269 852 5305 :
908 5266 1088 5320 neque
1147 5250 1291 5321 quod
1347 5266 1410 5304 ex
1450 5253 1671 5305 cinerea
1714 5250 1951 5317 quadam
1988 5264 2106 5300 ma-

529 5344 663 5397 teria
732 5343 934 5395 vitrum
985 5340 1102 5402 ﬁat,
1157 5339 1286 5407 quia
1342 5339 1594 5395 fortassis
1652 5354 1932 5409 nunquam
1971 5339 2101 5393 dum

526 5436 630 5490 ista
687 5431 824 5486 liunt
884 5429 1249 5494 intervenisti,
1316 5444 1497 5497 neque
1539 5429 1795 5485 sensibus
1855 5433 2103 5496 corporis

524 5527 642 5580 haec
708 5523 1024 5595 percepisti,
1092 5533 1258 5591 atque
1328 5520 1402 5574 ita
1460 5521 1528 5575 de
1584 5521 1730 5576 aliis.
1805 5522 1919 5592 Ego
1971 5537 2103 5578 vero

530 5619 823 5673 ostendam
873 5616 995 5679 tibi,
1067 5616 1211 5686 quod
1257 5614 1427 5668 multa
1463 5613 1674 5681 eredas,
1735 5630 1859 5683 qua!
1916 5615 2104 5670 videre

527 5726 641 5763 nun
693 5721 869 5780 potes.
920 5710 1113 5767 Credis
1147 5725 1211 5765 ex
1242 5717 1484 5777 quatuor
1530 5709 1821 5763 elementis
1848 5718 2102 5764 constare

522 5815 724 5870 corpus
757 5810 910 5857 tuum
940 5819 956 5868 ;
997 5803 1093 5859 sed
1127 5818 1235 5857 non
1262 5801 1414 5856 vides
1444 5800 1591 5869 quod
1624 5815 1688 5855 ex
1729 5799 1923 5856 iisdem
1952 5814 2102 5856 com-

2214 4576 2508 4661 πιστεύσιν
2532 4603 2592 4658 δὲ
2638 4603 2701 4657 ού
2732 4601 2995 4671 δύναμαι.
3046 4596 3210 4652 Ἀλλά
3240 4597 3399 4666 δύνῃ,
3454 4576 3548 4648 ἐάν
3579 4592 3794 4665 ἐθέλῃς,

2218 4699 2501 4755 πιστεύειν
2520 4714 2533 4729 ’
2566 4696 2752 4759 πίστις
2784 4695 2895 4765 γάρ
2919 4694 3070 4746 ἐστιν
3099 4691 3347 4750 ἑκούσιος
3375 4686 3557 4758 ψυχῆς
3582 4701 3798 4753 συγκα-

2211 4794 2458 4856 τάθεσις.
2500 4789 2629 4844 Ἐὰν
2650 4788 2707 4842 δὲ
2741 4786 2817 4857 μὴ
2857 4784 3041 4858 θέλῃς,
3070 4783 3232 4845 ἄλλος
3255 4781 3323 4835 ἂν
3362 4782 3449 4851 εἰη
3488 4779 3665 4848 λόγος,
3699 4777 3798 4831 ἐὰν

2218 4889 2293 4956 μὴ
2327 4884 2512 4956 θέλῃς.
2545 4880 2670 4935 υύδ’
2708 4880 2792 4934 δτι
2824 4881 2888 4932 ὲκ
2915 4877 3023 4947 γῆς
3051 4875 3266 4944 γίνεται
3297 4872 3542 4943 σίδηρος,
3566 4868 3788 4923 πιστεύ-

2216 4994 2332 5040 σεις
2349 4976 2428 5042 τῷ
2458 4975 2699 5043 λέγοντι,
2726 4971 2860 5033 ίσως
2893 4969 3087 5040 πόῤῥω
3115 4966 3216 5035 τῆς
3238 4963 3497 5033 τοιαύτης
3527 4961 3793 5032 ἐργασίας

2214 5070 2529 5140 τυγχάνων,
2562 5068 2660 5119 καὶ
2703 5064 2804 5119 οὐκ
2833 5061 3015 5125 εἰδὼς,
3045 5057 3157 5114 οὐδ’
3185 5059 3268 5111 ὅτι
3315 5057 3380 5110 ἔκ
3409 5073 3556 5118 τινος
3586 5052 3795 5125 τεφρώ-

2214 5161 2342 5224 δους
2368 5159 2504 5228 ὕλης
2530 5160 2559 5212 ό
2582 5157 2737 5218 ὓελος
2757 5156 2846 5210 διά
2867 5153 2929 5207 τὸ
2957 5153 3033 5222 μὴ
3059 5151 3473 5222 παραγενέσθαι
3494 5146 3625 5201 ποτὲ
3647 5163 3799 5215 γινο-

2219 5252 2427 5321 μένοις,
2455 5251 2594 5321 μηδὲ
2628 5248 2973 5320 σωματικαῖς
3000 5243 3290 5313 αἰσθήσεσι
3317 5242 3493 5296 ταῦτα
3521 5241 3670 5304 ἰδεῖν,
3694 5239 3794 5293 καὶ

2214 5342 2447 5395 ἐπὶτῶν
2507 5341 2688 5394 ἄλλων
2736 5339 2965 5409 ὁμοίως.
3017 5334 3181 5405 ηἘγὼ
3218 5335 3276 5388 δὲ
3332 5334 3495 5397 δείξω
3548 5349 3652 5394 σοι,
3708 5330 3796 5385 ὅτι

2216 5434 2389 5487 πολλά
2417 5436 2701 5498 πιστεύεις
2744 5433 2781 5488 ἀ
2814 5431 3037 5503 βλέπειν
3078 5429 3140 5482 ού
3193 5427 3349 5501 δύνῃ.
3408 5422 3694 5487 Πιστεύεις
3723 5424 3821 5477 hs,

2212 5523 2323 5576 τῶν
2386 5522 2670 5592 τεσσάρων
2730 5517 2873 5575 εἶναι
2929 5518 3215 5590 στοιχείων
3258 5515 3320 5568 τὸ
3361 5515 3523 5584 σῶμα
3566 5511 3626 5566 τὸ
3676 5512 3791 5575 σὸν,

2214 5615 2331 5670 ἀλλ’
2362 5618 2425 5669 ού
2480 5615 2706 5685 βλέπεις
2740 5615 2874 5670 αὐτὸ
2916 5612 3307 5680 συντιθέμενον
3340 5606 3399 5673 ἐξ
3441 5605 3619 5660 αὐτῶν
3647 5620 3662 5635 α
3698 5620 3795 5657 πιο

2217 5707 2433 5771 στεύεις
2462 5707 2556 5760 τὸν
2585 5706 2680 5759 σὺν
2726 5707 3068 5776 πρόπαππον
3097 5702 3192 5755 καὶ
3228 5701 3553 5753 ὲπίπαππον
3581 5695 3801 5748 τοιούσι

2215 5799 2270 5851 δε
2312 5797 2619 5867 γεγονέναι,
2650 5796 2767 5850 ἀλλ’
2790 5796 2891 5848 οὑκ
2937 5789 3077 5857 εἶδες
3102 5792 3302 5855 αὐτούς
3324 5807 3336 5819 ·
3375 5786 3652 5850 πιστεύεις
3690 5784 3791 5840 τὸν
