4176 6278
391 409 498 471 369

1388 412 1576 476 ΙΙΟΜ.
1617 414 1713 472 DE
1757 415 2087 478 SACRAM.
2142 418 2686 482 CURPORE.J.-C.

3551 422 3676 484 370-,

389 527 631 585 ὠκεανὸν
661 530 1008 598 περικλύζειν
1046 531 1142 602 τὴν
1181 531 1302 600 γῆν·
1334 532 1613 596 πιστεύεις
1639 532 1717 602 τῷ
1748 533 1964 602 λέγοντι

2082 540 2310 608 positum
2347 541 2417 595 sit
2445 544 2658 605 ;crenlis
2697 557 2960 611 proavum
2998 555 3047 593 et
3102 549 3322 592 atavnm
3363 544 3517 592 tnu-
3556 539 3657 591 hos

390 624 481 675 τὸν
516 622 671 691 ἥλιον
699 623 979 693 ἐκλείψειν
1009 626 1130 677 ὅλον
1162 625 1194 694 ἢ
1233 626 1326 677 τὸν
1375 625 1551 694 ἡμίση
1597 627 1738 695 μετά
1770 629 1970 681 τοσαύ-

393 735 490 780 τας
519 716 734 786 ἡμέρας
764 719 857 770 καὶ
887 717 1060 787 ὥρας,
1093 718 1209 770 ἀλλ’
1243 718 1344 771 οὐκ
1375 713 1514 782 εἶδες
1559 718 1722 784 αῦτά,
1753 718 1871 790 ἢοῦ
1885 738 1969 774 πω

393 809 668 880 ἑώρακας.
694 810 757 862 Ei
793 809 848 862 δὲ
879 814 992 873 τοῖς
1019 810 1194 864 ταῦτα
1225 810 1535 880 ἱστοροῦσιν
1573 811 1845 875 ἀποδίδως
1869 813 1970 883 τὴν

398 905 604 969 πίστιν,
647 905 797 974 πόσῳ
826 904 960 966 Θεὸς
1004 904 1454 972 ἀξιοπιστότερος
1497 903 1807 977 ἀνθρώπων
1858 906 1967 958 τῶν

393 997 566 1050 ταῦτα
584 996 956 1064 διηγουμένων
980 996 1176 1063 λέγων,
1200 993 1308 1062 ὅτι,
1341 997 1524 1051 Τοῦτό
1547 997 1679 1052 ἑστι
1709 998 1774 1050 τὸ
1803 997 1974 1066 σῶμά

387 1109 533 1160 μου,
565 1094 680 1156 κα“·,
722 1089 908 1144 Τοῦτο
942 1088 1009 1143 τὸ
1035 1083 1178 1158 αἶμὰ
1205 1106 1366 1160 μου;
1412 1089 1575 1144 Ἀλλά
1595 1090 1842 1160 καὶπερὶ
1873 1089 1974 1156 τῆς

396 1185 654 1253 ἀληθείας
703 1185 798 1237 τοῦ
849 1183 1096 1245 εἰπόντος
1128 1182 1483 1251 ἀμφιδάλλω,
1533 1183 1692 1252 φησὶ,
1735 1183 1829 1235 καὶ
1871 1181 1972 1252 τῆς

394 1277 609 1328 ἐκείνου
692 1275 973 1344 θεότητος.
1059 1274 1204 1328 Ἀλλ’
1283 1273 1701 1343 ὲκτετύφλωσαι
1776 1274 1972 1340 ὅντως,

395 1369 678 1438 ἄνθρωπε,
735 1368 867 1440 περὶ
931 1368 1042 1421 τῶν
1090 1367 1391 1436 προδήλων,
1436 1367 1764 1436 ἀμφιγνοῶν
1820 1369 1976 1436 ήλίου

396 1461 784 1531 λαμπρότερον
817 1462 1163 1531 μαρτυροῦσι
1201 1461 1299 1530 τὴν
1322 1460 1578 1531 ἀλήθειαν
1599 1459 1692 1514 τοῦ
1726 1461 1973 1524 εἰπόντος

397 1553 490 1603 καὶ
545 1555 644 1620 τὴν
678 1553 931 1622 θεότητα,
968 1552 1023 1607 αί
1079 1553 1207 1621 περὶ
1263 1551 1428 1604 αὐτὸν
1478 1554 1816 1624 προφητεῖαι
1864 1552 1974 1605 τῶν

397 1644 562 1714 ἱερῶν
596 1645 921 1714 προφητῶν,
953 1645 1063 1696 τῶν
1102 1644 1480 1715 χρηστηρίων,
1515 1643 1626 1697 τῶν
1668 1643 1973 1709 Σιϐυλλῶν,

395 1737 618 1790 πάντων
654 1735 860 1804 σοφῶν,
900 1736 1123 1788 πάντων
1159 1736 1407 1804 μάντεων
1440 1733 1711 1804 εὐφήμως
1745 1733 1841 1804 τὴν
1878 1751 1976 1802 με·

395 1831 591 1896 γίστην
647 1829 867 1897 ἐκείνην
927 1829 1021 1881 καὶ
1076 1826 1403 1895 σωτηριώδη
1458 1827 1822 1896 καινοτομίαν
1880 1827 1974 1879 ἐπὶ

395 1922 683 1990 βελ-τιώσει
730 1921 833 1990 τῆς
877 1921 1093 1990 φύσεως
1132 1915 1431 1990 ’πόρρωθεν
1471 1919 1974 1991 προαγγέλλουσαι,
2009 1897 2050 1953 Β

393 2019 906 2086 οἰκονομησαμένου
931 2013 1091 2068 τοῦτο
1113 2015 1272 2078 Θεοῦ,
1298 2014 1385 2066 ἵνα
1411 2012 1828 2083 ἀπροφάσιστος
1847 2012 1881 2080 ἡ
1909 2011 1976 2082 σὴ

392 2110 620 2163 ἀπιστία
653 2108 958 2179 κατακριθῇ
989 2124 1004 2137 ·
1036 2107 1105 2161 τά
1154 2105 1596 2176 προηγησάμενα
1629 2103 1730 2174 τῆς
1778 2103 1978 2172 γεννή-

400 2219 541 2265 σεως
570 2198 764 2264 αὐτοῦ,
797 2202 896 2253 καὶ
925 2201 1024 2266 τῆς
1076 2198 1407 2263 ἀναδείξεως
1460 2196 1740 2264 θαύματα·
1778 2197 1805 2249 ὁ
1835 2196 1977 2264 ὑπὲρ

399 2293 745 2365 ἀνθρώπινον
769 2293 936 2346 αὐτοῦ
993 2292 1130 2363 βίος,
1160 2294 1194 2362 ἠ
1238 2290 1549 2361 ὑψηλοτάτη
1581 2292 1677 2344 καὶ
1722 2290 1980 2362 οὐράνιος

400 2391 494 2441 καὶ
525 2387 646 2441 θεία
677 2387 848 2449 ὅντως
885 2384 1203 2453 νομοθεσία,
1241 2386 1296 2437 αἱ
1329 2384 1672 2455 προρρήσεις
1703 2383 1871 2437 αὐτοῦ
1899 2385 1980 2448 είς

400 2485 567 2553 ἔργον
633 2479 996 2550 ὲκϐεὸηκυῖαι
1052 2479 1252 2544 πᾶσαι,
1307 2478 1363 2528 αἱ
1423 2477 1727 2547 ὑπερφυεῖς
1770 2475 1979 2527 ἐκεῖναι

400 2573 870 2644 θαυματουργίαι,
917 2570 945 2622 ό
999 2570 1250 2631 ἑκούσιος
1287 2567 1542 2630 θάνατος,
1587 2565 1657 2620 τά
1710 2565 1799 2618 ἐπ’
1830 2563 1979 2632 αὐτῷ

400 2661 664 2731 θαύματα
686 2677 700 2690 ο
734 2660 792 2712 ai
832 2658 972 2729 μετὰ
999 2659 1195 2711 τούτου
1235 2657 1626 2726 λαμπρότητες
1678 2657 1872 2710 πᾶσαι.
1908 2654 1982 2708 Te

398 2753 510 2806 τῶν
547 2753 810 2822 μαθητῶν
866 2751 1269 2821 ἀμετάπτωτον
1303 2751 1448 2819 μέγα
1483 2749 1582 2820 μὲν
1603 2749 1651 2801 εί
1683 2749 1778 2818 τῆς
1797 2747 1982 2802 αὐτῶν

400 2846 638 2909 πίστεως
671 2831 760 2916 ἦν,
795 2845 890 2898 καὶ
927 2845 1095 2912 πολλὴ
1129 2844 1230 2912 τῆς
1271 2840 1522 2912 περὶτοῦ
1581 2839 1819 2909 Χριστοῦ
1856 2855 1982 2892 συν-

402 2937 757 3009 εγνωσμένης
811 2937 998 2999 αὐτοῖς
1045 2935 1309 3005 ἀληθείας
1361 2931 1662 2996 ἀπόδειξις·
1703 2930 1890 3000 μεῖζον
1923 2931 1980 2993 δὲ

408 3033 459 3086 εί
494 3033 593 3102 τῆς
622 3027 832 3083 ἐκείνου
867 3028 1094 3100 χάριτος
1121 3023 1270 3099 ἦνού
1312 3025 1578 3095 παρόντος
1613 3024 1978 3093 σωματικῶς,

403 3124 481 3188 ὡς
508 3123 801 3194 πρότερον,
848 3121 967 3175 ἀλλ’
1002 3119 1254 3190 ἀοράτως
1283 3118 1347 3170 ὲκ
1383 3118 1492 3170 τῶν
1533 3115 1783 3186 οὐρανῶν
1819 3117 1982 3168 αὐτὶν

2077 630 2160 685 vel
2200 632 2324 686 illos
2385 634 2687 698 exstitisse,
2755 633 2849 688 sed
2913 649 3008 688 eos
3061 648 3167 686 non
3216 631 3400 686 vidisti
3439 632 3662 697 ;ercdis

2075 737 2340 777 oceanum
2396 724 2770 778 circumfundi
2809 735 3037 788 terram,
3087 723 3268 778 credis
3321 722 3529 777 dicenti
3565 709 3657 778 so-

2079 813 2186 866 lem
2242 815 2471 884 eclipsin
2518 831 2812 884 passurum
2874 825 3044 870 totum
3095 814 3177 868 vel
3221 814 3507 867 dimidium
3539 825 3658 883 post

2080 916 2157 961 tot
2216 909 2336 964 dies
2392 919 2444 963 et
2502 908 2712 973 horas;
2750 909 2844 962 sed
2903 923 3012 962 non
3068 907 3276 971 vidisti,
3331 921 3509 976 neque
3560 924 3658 960 un-

2078 1016 2243 1069 quam
2303 1001 2416 1054 hace
2445 1001 2625 1055 oculis
2666 1002 2972 1070 usurpasti.
2999 1000 3054 1056 Si
3098 1015 3227 1053 vero
3268 1000 3383 1054 haec
3421 998 3661 1053 referen—

2081 1093 2226 1148 tibus
2265 1093 2423 1149 ﬁdem
2476 1095 2729 1158 adhibes,
2779 1103 2984 1163 quanto
3038 1094 3216 1162 magis
3258 1108 3368 1162 pra:
3425 1093 3656 1146 homini-

2078 1193 2183 1248 bus
2226 1193 2330 1247 ista
2375 1192 2736 1247 narrantibus
2767 1191 2926 1245 fidem
2967 1201 3210 1244 meretur
3239 1188 3387 1244 Deus
3430 1188 3660 1243 dicens:

2082 1282 2196 1336 Hoc
2222 1294 2298 1338 est
2334 1299 2525 1351 corpus
2560 1297 2763 1346 meum;
2818 1293 2872 1336 et
2901 1297 2916 1334 :
2954 1281 3056 1333 llic
3096 1288 3174 1332 est
3207 1277 3427 1346 sanguis
3470 1293 3614 1328 meus
3643 1277 3664 1326 ."

2082 1374 2186 1428 Sed
2246 1372 2456 1437 dubito,
2493 1371 2700 1441 inquis,
2733 1369 2801 1423 de
2838 1369 3140 1424 veracitate
3186 1368 3304 1435 ejus
3355 1366 3448 1434 qui
3497 1365 3662 1426 dixit,

2080 1474 2133 1520 et
2174 1465 2241 1520 de
2273 1465 2394 1534 ejus
2442 1463 2749 1518 divinitate.
2795 1463 2865 1515 At
2916 1462 3141 1515 ementis
3194 1475 3358 1520 vere,
3409 1473 3442 1511 o
3477 1459 3662 1514 homo.

2079 1557 2148 1612 de
2207 1557 2373 1613 rebus
2421 1555 2734 1610 manifestis
2785 1555 3066 1615 hmsitans,
3123 1567 3247 1606 cum
3285 1551 3400 1605 sole
3463 1549 3664 1603 clarius».

2081 1649 2458 1703 testimonium
2515 1647 2844 1717 perhibeant
2897 1643 2966 1698 de
3022 1644 3319 1697 veracitate
3367 1651 3420 1695 et
3463 1639 3634 1693 divini

2081 1750 2190 1797 tate
2215 1739 2511 1810 loquentis,
2535 1748 2849 1793 sanctorum
2873 1736 3264 1806 prophetarum
3295 1733 3361 1788 de
3379 1747 3446 1786 eo
3471 1733 3656 1784 vatici-

2079 1835 2190 1898 nia,
2215 1833 2459 1897 oracula,
2487 1829 2722 1902 Sibyllae,
2745 1829 3021 1898 sapientes
3043 1837 3097 1882 et
3120 1837 3272 1881 vates
3287 1840 3508 1886 omnes;
3541 1841 3610 1890 qu
3633 1842 3660 1872 ιι

2081 1924 2303 1996 quidem
2336 1923 2641 1993 prephetiue
2687 1923 2778 1976 diu
2819 1929 2946 1976 ante
3001 1919 3517 1989 prmnuntiavernnt
3555 1932 3660 1968 ma—

2082 2018 2286 2072 ximam
2323 2015 2472 2069 illam
2503 2024 2555 2070 et
2581 2013 2889 2070 salutarem
2918 2027 3102 2066 rerum
3144 2023 3412 2065 novarum
3439 2007 3662 2065 seriem,

2083 2109 2149 2164 ad
2189 2119 2399 2163 naturae
2457 2115 2658 2162 nostra:
2733 2105 3146 2174 provectionem
3195 2101 3247 2154 in
3285 2099 3503 2158 melius,
3556 2097 3665 2150 Deo

2082 2203 2157 2257 ita
2191 2203 2567 2270 dispensante,
2629 2207 2688 2252 ut
2739 2194 3137 2251 inexcusabilis
3178 2191 3537 2246 incredulitas
3569 2197 3669 2242 tua

2082 2295 2568 2349 condemnaretur.
2628 2289 2893 2344 Miracula
2952 2303 3073 2357 qnz'e
3133 2285 3255 2354 ejus
3319 2282 3660 2336 nativitatem

2083 2398 2136 2443 ct
2185 2385 2686 2441 manifestationem
2745 2389 3183 2448 prtecessernnt;
3240 2378 3354 2450 vita
3397 2375 3518 2444 ejus
3565 2375 3661 2425 ho-

2085 2479 2247 2532 minis
2303 2476 2672 2531 cenditionem
2730 2489 3040 2543 superans;
3078 2469 3480 2526 suhlitnissiina
3515 2467 3654 2534 ejus.

2085 2571 2330 2626 caelestis
2373 2579 2428 2624 et
2471 2585 2599 2624 vere
2642 2567 2825 2622 divina
2887 2566 3163 2635 legislatio
3203 2581 3217 2630 ;
3271 2563 3659 2633 prmdictiones

2083 2662 2226 2731 ejus,
2285 2677 2406 2731 quae
2462 2675 2656 2718 omnes
2701 2669 2900 2714 eventu
2965 2656 3339 2726 comprobata:
3389 2653 3658 2715 fuerunt;

2086 2753 2345 2808 miracula
2397 2753 2568 2817 edita,
2623 2767 2747 2821 qnte
2805 2750 3112 2804 naturalem
3173 2746 3662 2817 pntentianicxee-
3745 2735 3750 2738 ’

2086 2846 2220 2899 dunt
2261 2863 2276 2909 ;
2311 2860 2457 2898 mors
2518 2843 2860 2908 voluntaria;
2918 2842 3164 2912 prodigia
3211 2855 3333 2910 quae
3394 2853 3512 2889 eam
3568 2851 3658 2889 Co—

2087 2939 2300 3003 mitata,
2350 2944 2406 2993 et
2435 2953 2556 3008 quae
2595 2952 2717 2992 eam
2769 2943 2959 2992 secuta
2991 2943 3145 2999 sunt,
3175 2931 3360 2985 omnia
3393 2939 3499 2982 tam
3535 2929 3656 2980 illn-

2085 3031 2242 3084 stria.
2285 3029 2690 3098 Discipulorum
2719 3025 3086 3081 immutabilis
3127 3022 3662 3087 firmitas.magnmn

2088 3122 2562 3193 quiddamesane,
2595 3121 2638 3174 si
2677 3136 2743 3174 ex
2799 3132 2992 3174 eorum
3038 3114 3144 3169 [ide
3198 3120 3318 3168 erat
3351 3130 3366 3178 ;
3396 3111 3669 3180 simulque

401 3215 732 3278 ἐντιθέντος.
790 3213 854 3266 Ui
901 3211 1010 3264 τῶν
1034 3209 1349 3263 ἀποστόλων
1374 3209 1584 3276 ἀγῶνες
1621 3208 1760 3276 ὑπὲρ
1791 3207 1976 3260 αὐτοῦ·

2089 3216 2424 3286 amplissima
2476 3217 2675 3283 agnita:
2717 3213 2784 3267 ab
2820 3212 2954 3280 ipsis
3013 3210 3081 3262 de
3128 3206 3353 3262 Christo
3419 3205 3671 3259 veritatis

399 3313 427 3364 ὁ
459 3309 575 3379 βίος
595 3308 778 3360 αὐτῶν
809 3305 960 3358 οὐδὲν
1008 3304 1218 3374 ἀπᾷδον
1246 3301 1386 3372 ἔχων
1418 3301 1528 3354 τῶν
1560 3300 1741 3352 καλῶν
1775 3301 1982 3369 δογμά-

397 3418 510 3453 των
544 3400 641 3452 καὶ
676 3396 1150 3468 παραδειγμάτων
1182 3393 1278 3447 τοῦ
1315 3392 1664 3446 διδασκάλου·
1707 3393 1758 3444 οἱ
1788 3392 1974 3444 κίνδυο

397 3513 481 3548 νοι
511 3492 716 3547 τούτων
765 3489 908 3560 ὑπὲρ
961 3487 1064 3557 τῆς
1115 3486 1374 3557 ἀληθείας
1427 3485 1648 3552 καὶτῆς
1707 3483 1981 3554 σωτηρίας

397 3586 496 3640 τοῦ
529 3587 738 3656 κόσμου
778 3586 916 3656 μετά
941 3583 1199 3638 τοσούτου
1227 3583 1392 3653 ζήλου
1413 3596 1426 3608 °
1455 3581 1522 3633 tit
1554 3580 1812 3648 θαύματα
1846 3580 1881 3634 ἃ
1910 3579 1979 3632 δι’

397 3680 579 3733 αὐτῶν
632 3677 982 3749 ἐνηργοῦντο,
1035 3675 1132 3729 καὶ
1182 3669 1265 3736 οἷς
1322 3674 1709 3742 ἐφυλάττοντο.
1765 3673 1845 3725 Τὰ
1875 3673 1983 3724 τῶν

399 3771 698 3842 μαρτύρων
736 3769 948 3838 αἵματα
985 3769 1081 3821 καὶ
1111 3769 1180 3820 τὰ
1209 3766 1466 3835 θαύματα
1489 3781 1503 3796 ·
1538 3767 1569 3834 ὴ
1600 3765 1828 3834 λαμπρά
1851 3766 1976 3815 πᾶν·

394 3863 649 3921 των,τῶν
673 3862 772 3932 τῆς
806 3861 911 3930 γῆς
944 3859 1228 3928 κλιμάτων
1277 3855 1387 3911 ἀπὸ
1422 3857 1521 3925 τῆς
1573 3856 1784 3925 πλάνης
1843 3856 1979 3925 προς

403 3956 504 4027 τὴν
538 3955 714 4024 ἀληθῆ
773 3951 1100 4023 περὶ’Θεοῦ
1156 3951 1341 4004 πίστιν
1399 3950 1746 4018 ὲπιστροψήο
1793 3950 1825 4017 ἡ
1868 3947 1970 4014 τῆς

405 4047 759 4116 πολυχρονίου
834 4042 1266 4113 δεισιδαιμονίας
1324 4040 1627 4104 κατάλυσις
1687 4041 1980 4104 τοσούτους

397 4143 700 4211 τυράννους
733 4142 828 4194 καὶ
852 4137 1122 4196 δυνάστας
1156 4135 1601 4205 προϊσταμένους
1628 4135 1859 4204 ἐχούσης
1886 4138 1980 4187 καὶ

401 4231 724 4302 ὑπερδίκους
756 4249 769 4263 ·
795 4233 829 4301 ἡ
869 4230 970 4299 τῆς
1013 4230 1166 4300 ἱερᾶς
1239 4228 1565 4299 Ἐκκλ.ησάς
1612 4229 1752 4297 μετὰ
1804 4228 1980 4281 ταῦτα

397 4325 759 4386 κατάστασις,
801 4324 1006 4385 παντὸς
1057 4322 1260 4392 σεμνοῦ
1311 4323 1407 4374 καὶ
1453 4323 1638 4392 τιμίου
1691 4323 1786 4374 καὶ
1818 4339 1982 4375 πνευ-

399 4419 632 4488 ματικοῦ
665 4419 883 4487 πλήρης
931 4417 1240 4487 χρήματος,
1278 4417 1369 4468 κοιλ⁸
1397 4414 1533 4483 πρὸς
1571 4415 1759 4468 είκόνα
1793 4416 1892 4484 τῆς
1919 4417 1976 4468 ἐν

395 4512 646 4581 οὐρανοῖς
713 4509 969 4575 εὐταξίας
1035 4505 1466 4576 ἐξειργασμένη.
1524 4507 1631 4558 Καὶ
1687 4506 1740 4557 τί
1796 4505 1860 4558 ἄν
1891 4523 1975 4564 τις

399 4606 699 4672 καταλέγοι
755 4605 853 4665 τάς
909 4601 1326 4672 ἐναργεστάτας
1380 4601 1510 4672 περὶ
1571 4601 1669 4668 τῆς
1731 4599 1976 4668 Χριστοῦ

395 4700 649 4768 θεότητος
691 4695 1001 4762 ἀποδείξεις
1033 4695 1298 4764 ἀπείρους
1326 4693 1492 4755 οὔσας
1520 4692 1598 4762 τῷ
1633 4692 1857 4762 πλήθει,
1884 4691 1976 4744 καὶ

391 4796 461 4862 τῇ
519 4793 746 4861 δυνάμει
804 4789 1110 4858 μεγίστας;
1143 4787 1308 4840 Ὅθεν
1339 4788 1438 4850 τὰς
1481 4787 1582 4856 μὲν
1615 4787 1747 4855 περὶ
1777 4783 1974 4836 τούτου

396 4883 490 4937 tot")
526 4882 830 4954 μυστηρίου
868 4882 963 4934 καὶ
993 4881 1102 4932 τῶν
1133 4880 1312 4932 ἄλλων
1363 4878 1462 4930 σὺν
1497 4877 1649 4945 αὐτῷ
1691 4876 1850 4929 θείων
1881 4876 1974 4928 καὶ

391 4976 560 5047 ἱερῶν
595 4973 937 5044 μυστηρίων,
964 4973 1058 5026 καὶ
1088 4973 1217 5041 ὅλης
1245 4971 1345 5039 τῆς
1374 4972 1609 5032 πίστεως
1639 4968 1973 5040 ἀμφιϐολίας

388 5072 508 5134 τοῖς
537 5069 786 5138 ἀπίστοις
817 5069 916 5121 καὶ
949 5066 1250 5135 αἱρετικοῖς
1291 5063 1688 5130 καταλίπωμεν
1715 5079 1728 5092 °
1770 5062 1973 5132 μᾶλλον

385 5162 444 5216 δὲ
498 5161 590 5213 καὶ
640 5159 856 5222 τούτοις
903 5157 1194 5226 εὐξώμεθα
1241 5158 1307 5225 τῇ
1359 5155 1459 5223 τῆς
1519 5154 1779 5225 ἀληθείας
1805 5154 1978 5225 αἴγλῃ

389 5250 875 5322 καταλαμφθῆναι.
937 5249 1126 5318 Ἡμεῖς
1157 5249 1217 5320 ,δὲ
1248 5246 1326 5318 τῷ
1381 5247 1531 5316 καλῷ
1580 5246 1760 5314 λιμένι
1801 5263 1974 5316 προσ·

383 5342 758 5413 ορμιζόμενοι,
807 5343 874 5411 τῇ
927 5340 1061 5409 ζωῇ,
1112 5339 1188 5409 τῷ
1238 5340 1402 5407 φωτὶ,
1466 5341 1533 5408 τῇ
1583 5337 1837 5408 ἀληθεία,
1903 5339 1968 5407 τῇ

391 5435 528 5505 πρὸς
566 5435 666 5505 την
689 5433 968 5502 σωτηρίαν
1015 5434 1139 5501 ὁδῷ,
1190 5433 1268 5502 τῷ
1302 5433 1559 5501 ἡμετέρῳ
1588 5431 1736 5499 λέγω
1765 5434 1971 5482 Δεσπο-

383 5545 477 5601 τη.
518 5530 608 5580 καὶ
636 5527 778 5595 ὑπὲρ
819 5529 1079 5580 ἁπάντων
1111 5521 1193 5588 οἷς
1230 5528 1379 5594 ἡμᾶς
1421 5527 1767 5597 εὐηργέτηκε
1804 5524 1969 5594 χάριν

382 5616 775 5689 ¹ὁμολογοῦντες
804 5616 1095 5684 ἀποδῶμεν
1121 5617 1270 5686 αὐτῷ
1290 5618 1382 5668 καὶ
1414 5615 1542 5681 νῦν,·
1559 5616 1656 5669 καὶ
1681 5615 1779 5679 τῆς
1804 5633 1969 5667 πνευ-

388 5709 631 5780 partiti};
654 5712 860 5779 ταύτης
892 5710 1097 5779 τροφῆς
1134 5711 1235 5778 τὴν
1275 5708 1649 5777 εὐχαριστίαν,
1681 5708 1750 5760 δι’
1775 5703 1840 5779 ἧς
1871 5707 1968 5774 τὴν

386 5809 442 5854 ὲ)
479 5805 608 5870 ἡμῖν
656 5805 754 5872 τῆς
787 5806 1010 5875 χάριτος
1045 5805 1262 5873 θέρμην
1321 5804 1592 5867 μένουσαν
1656 5801 1754 5869 μὲν
1811 5799 1966 5863 αὔξει

395 5896 536 5963 μετὰ.
579 5896 778 5962 mili;
822 5898 916 5967 τῆς
954 5896 1300 5966 προσθήκης,
1335 5895 1439 5948 ὑπὸ
1475 5894 1528 5947 δὲ
1568 5894 1666 5963 τῆς
1701 5892 1964 5962 πονηρίας

2088 3303 2761 3368 demonstratio:majus
2816 3316 2962 3363 vero,
3017 3298 3062 3351 si
3135 3297 3187 3350 id
3243 3297 3418 3364 ipsius
3484 3293 3670 3362 gratim

2089 3397 2439 3452 tribuendum
2506 3403 2640 3458 erat,
2698 3394 2790 3462 qui
2838 3408 2946 3446 non
2995 3391 3131 3459 jam,
3171 3399 3230 3442 ut
3266 3387 3439 3458 prius,
3475 3401 3667 3454 corpo-

2087 3491 2272 3545 raliter
2326 3503 2585 3558 przesens,
2640 3486 2734 3542 sed
2799 3484 3148 3538 invisibiliter
3224 3495 3255 3534 e
3313 3478 3471 3534 cmlis
3547 3493 3668 3531 eam

2089 3584 2423 3638 insinuabat.
2452 3581 2838 3650 Apostolorum
2890 3592 2988 3645 pro
3017 3576 3136 3645 ipso
3173 3571 3472 3646 ccrtamipa
3511 3588 3524 3635 ;
3560 3570 3666 3624 vita

2086 3691 2276 3731 eorum
2314 3675 2447 3728 nihil
2476 3673 2682 3727 habens
2714 3672 2981 3725 ahsoiinm
3011 3685 3038 3722 a
3073 3667 3356 3736 prmclaris
3391 3663 3667 3718 doctrinis

2087 3781 2140 3824 et
2197 3767 2467 3836 exemplis
2537 3763 2838 3836 magistri;
2897 3760 3138 3831 pericula
3203 3760 3270 3810 ab
3337 3756 3474 3827 ipsis
3541 3770 3668 3807 cum

2088 3870 2240 3913 tanto
2309 3857 2526 3912 fervore
2588 3865 2844 3924 suscepta
2923 3868 3022 3924 pro
3080 3852 3310 3905 veritate
3363 3857 3416 3902 et
3489 3847 3670 3902 salute

2089 3950 2332 4015 mundi;
2376 3949 2639 4004 miracula
2667 3962 2788 4017 quae
2841 3961 2937 4014 per
2993 3960 3089 4000 eos
3150 3943 3554 4004 efficiebantur,
3616 3949 3668 3992 et

2086 4044 2284 4114 quibus
2345 4039 3048 4110 servabantur.Martyrum
3110 4035 3334 4105 sanguis
3399 4043 3454 4089 et
3503 4033 3667 4087 mira-

2085 4137 2210 4191 cula
2239 4153 2251 4188 :
2282 4134 2570 4204 splendida
2631 4132 2878 4185 omnium
2939 4129 3090 4183 orbis
3135 4128 3417 4180 climatum
3474 4125 3541 4178 ab
3582 4139 3666 4174 (ιι--

2087 4245 2208 4284 rore
2261 4229 2326 4284 ad
2381 4244 2565 4282 veram
2613 4227 2680 4280 de
2723 4225 2832 4281 Deo
2859 4225 3021 4278 tidem
3063 4221 3356 4276 conversio
3401 4237 3412 4272 :
3449 4217 3665 4270 diutur-

2085 4335 2168 4372 na:
2227 4315 2380 4371 iliins'
2408 4315 2824 4385 superstitionis
2885 4313 3209 4373 destructio,
3259 4311 3387 4363 licet
3441 4315 3519 4360 tot
3584 4317 3663 4374 tv-

2087 4425 2290 4465 rannos
2316 4419 2369 4463 et
2409 4410 2669 4479 dynastas
2700 4417 3044 4476 protectores
3093 4411 3147 4458 et
3202 4402 3446 4454 vindices
3501 4399 3665 4452 hahe-

2087 4515 2204 4556 ret:
2241 4503 2460 4556 demum
2495 4511 2699 4554 saneta:
2753 4497 3013 4550 Ecclesia!
3045 4494 3388 4556 constitutio,
3447 4496 3499 4544 in
3560 4508 3664 4558 qua

2015 4584 2355 4664 Dquidquid
2405 4601 2726 4661 august-nn,
2783 4591 3090 4658 pretiosum
3139 4594 3192 4639 et
3250 4581 3664 4653 spiritualeest,

2087 4684 2305 4737 abunde
2337 4682 2632 4750 reperitur,
2694 4693 2928 4750 qumque
2973 4679 3039 4729 ad
3082 4675 3378 4745 imaginem
3409 4671 3664 4742 praeclari

2087 4769 2236 4830 illius
2291 4775 2346 4828 in
2408 4774 2549 4828 cmlo
2605 4770 2893 4826 conStitnti
2972 4765 3184 4821 ordinis
3221 4777 3484 4834 expressa
3521 4773 3662 4813 'csl.

2085 4867 2222 4934 Quis
2282 4881 2411 4921 vero
2484 4871 2769 4920 enunieret
2827 4859 3272 4916 evidentissimas
3339 4856 3406 4909 de
3461 4853 3664 4906 Christi

2085 4959 2378 5016 divinitate
2431 4955 2959 5013 demonstrationes,
3029 4949 3274 5004 inﬁnitas
3307 4945 3553 5015 quidem,
3617 4945 3662 4996 si

2083 5069 2347 5108 numerus
2389 5058 2702 5121 spectetur,
2748 5048 2793 5102 si
2843 5046 2926 5099 vis
2967 5054 3021 5098 et
3070 5044 3303 5112 pondus,
3358 5037 3669 5092 maximas?

2083 5149 2431 5216 Quapropter
2481 5159 2674 5197 omnes
2745 5151 2857 5194 tam
2915 5141 3064 5193 circa
3129 5141 3234 5190 hoc
3308 5135 3659 5204 mysterium,

2083 5259 2250 5314 quam
2312 5241 2524 5307 reliqua
2589 5253 2744 5292 sacra
2780 5245 2832 5288 et
2885 5234 3067 5287 divina
3137 5229 3418 5300 mysteria,
3495 5234 3660 5293 atque.

2081 5336 2218 5390 adeo
2271 5334 2418 5386 circa
2467 5331 2648 5390 (idem,
2693 5329 3065 5381 dubitationes
3112 5307 3421 5377 infidelibus
3460 5328 3512 5372 et
3550 5317 3652 5371 hm-

2081 5428 2271 5485 reticis
2327 5425 2743 5492 relinquamus:
2795 5422 3030 5472 maxime
3098 5432 3228 5471 vero
3301 5426 3543 5474 oremus,
3596 5418 3654 5458 ιιι

2080 5519 2330 5576 veritatis
2394 5517 2686 5585 splendore
2745 5513 3144 5564 il'nmiuentnr.
3224 5505 3334 5558 Nos
3394 5515 3525 5555 vero
3587 5499 3653 5546 ιιι

2083 5621 2257 5664 lutum
2302 5615 2519 5678 portum
2599 5601 2958 5672 appellentes,
3025 5597 3344 5656 Dominum,
3405 5592 3656 5660 inquam,

2085 5711 2359 5760 nostrum,
2426 5698 2518 5765 qni
2543 5705 2628 5748 est
2663 5694 2790 5755 vita,
2826 5691 2940 5750 lux,
2976 5690 3175 5740 veritas
3200 5698 3252 5740 et
3282 5686 3370 5738 via
3405 5683 3471 5737 ad
3504 5681 3653 5734 salu-

2082 5807 2214 5856 tem,
2270 5805 2320 5845 et
2371 5808 2468 5861 pro
2501 5785 2758 5844 omnibus
2810 5781 3008 5848 qnzein
3050 5797 3152 5834 nos
3194 5778 3432 5836 contulit
3482 5776 3650 5830 bene.-

2083 5890 2220 5945 lieiis
2283 5887 2484 5956 gratias
2544 5879 2867 5938 referentes,
2926 5873 3226 5930 reddamus
3281 5874 3444 5929 etiam
3503 5878 3652 5921 nunc
