4176 6278
489 428 589 490 371

1599 438 1985 500 G'ENNADII
2008 440 2121 510 (ΣΡ.
2150 434 2671 527 ΡΑΤΙΠΑΒΟΙΙᾸΞ

3652 445 3767 511 3η

490 554 590 609 pro
635 537 738 593 hoc
788 537 1063 607 spirituali
1118 543 1379 602 alimento
1410 550 1714 618 gratiarum
1769 561 2063 622 actionem,

2173 554 2534 608 ἐκλείπουσαν
2584 550 2960 623 ἀναζωπυροϊ,
3016 556 3109 608 καὶ
3166 554 3591 628 ἀμϐλυνομένην
3649 560 3759 613 διες

493 646 594 703 per
624 631 771 701 quod
799 630 917 698 ejus
956 648 1075 702 qua
1124 636 1177 691 in
1204 638 1366 694 nobis
1421 650 1507 697 est
1555 645 1765 713 gratiae,
1826 646 2069 701 calorem

488 732 900 796 permanentem
972 738 1135 799 auget
1197 733 1445 802 ampliori
1533 737 1873 804 adiectione,
1960 754 2072 809 pra:

492 810 701 873 malitia
761 820 1105 878 deiicientem
1156 836 1453 892 restant-at,
1482 831 1795 885 hebetatam
1864 834 2071 888 excitat

490 916 546 961 et
593 910 843 967 roborat.
911 911 1175 969 Firmiter
1218 934 1442 988 quoque
1464 930 1517 974 et
1547 921 1925 977 indubitanter
1949 937 2070 978 cre-

491 1000 688 1055 damus
757 1018 1105 1073 quaseunque.
1169 1008 1239 1063 de
1302 1010 1407 1065 hoc
1476 1027 1827 1069 sacramento
1908 1014 2072 1069 docet

489 1091 692 1147 Christi
748 1093 997 1152 Ecclesia
1053 1109 1227 1154 mater
1278 1114 1466 1157 nostra
1504 1122 1518 1166 ;
1558 1106 1774 1162 scilicet
1846 1108 1899 1162 in
1966 1116 2071 1164 hoe

490 1184 725 1253 mystico
781 1198 1013 1251 corpore
1052 1190 1229 1259 ipsum
1291 1210 1414 1249 esse
1459 1196 1743 1252 Christum
1791 1198 1897 1253 sub
1920 1200 2069 1255 acci-

488 1272 748 1328 dentibus
788 1279 947 1347 panis
991 1281 1273 1352 velatum;
1317 1296 1514 1353 totum,
1556 1288 1803 1359 inquam,
1836 1300 1892 1345 et
1926 1292 2062 1349 inte-

492 1378 652 1432 grum
685 1382 811 1424 esse
862 1369 1015 1426 illum
1069 1374 1247 1442 ipsum
1293 1376 1387 1446 qui
1432 1389 1597 1435 natus
1642 1388 1727 1435 est
1790 1397 1856 1437 ex
1908 1382 2068 1438 beata

500 1454 738 1525 Virgine,
768 1468 824 1517 et
871 1464 965 1535 qui
1011 1466 1140 1520 olim
1170 1468 1227 1524 in
1251 1484 1415 1527 cruce
1443 1471 1565 1538 fuit,
1618 1489 1769 1530 nunc
1819 1476 1875 1531 in
1923 1478 2068 1533 caelo

496 1556 600 1604 est.
651 1550 853 1609 Demus
913 1568 1140 1623 operam
1201 1571 1261 1615 ut
1315 1561 1419 1619 hoe
1472 1581 1602 1621 vere
1650 1568 1862 1624 calcsti
1930 1585 2071 1640 pane

497 1643 1153 1727 nutriamnreontinuo,
1218 1667 1381 1722 quem
1446 1655 1586 1712 bene
1633 1672 1835 1713 manna
1890 1659 2071 1729 praeli-

493 1737 734 1802 guravit,
768 1738 842 1794 ita
887 1749 1070 1797 autem
1122 1754 1184 1800 ut
1248 1747 1479 1815 nutriat,
1535 1763 1646 1804 non
1699 1758 1761 1805 ut
1807 1759 2006 1806 exurat
2050 1770 2075 1819 ;

489 1824 637 1893 ignis
690 1827 838 1884 enim
887 1846 1019 1888 vere
1076 1840 1161 1890 est
1242 1837 1580 1895 comburens
1648 1854 1777 1911 erga
1843 1840 2071 1912 indigne

2175 648 2349 717 γείρει
2392 651 2484 701 καὶ
2524 646 2814 717 ῥώννυσιν.
2845 647 2959 701 Kal.
2989 645 3225 719 βεϐαίως
3266 648 3360 702 καλ⁸
3402 648 3762 720 άναμφισδή·

2173 754 2281 799 τως
2326 735 2699 806 πιστεύωμεν,
2737 736 2838 790 ὅσα
2891 735 3025 807 περὶ
3054 734 3252 788 τούτου
3309 733 3407 788 τοῦ
3448 735 3766 807 μυστηρίου

2174 833 2208 903 ἠ
2235 831 2326 884 τοῦ
2356 829 2601 901 Χριστοῦ
2642 828 2946 901 Ἐκκλησία
2976 829 3222 884 διδάσκει
3256 830 3289 899 ἡ
3342 831 3531 900 μήτηρ
3561 828 3724 900 ἡμῶν
3744 846 3759 861 ο

2173 923 2321 978 τοῦτ’
2340 925 2491 978 ἐστιν
2514 925 2573 977 ὲν
2596 922 2676 993 τῷ
2703 921 2954 993 μυστικῷ
2981 922 3158 992 τούτῳ
3184 920 3403 990 σώματι
3429 918 3595 975 αὐτὸν
3618 919 3763 975 εἶναι

2174 1014 2265 1069 τὸν
2297 1014 2536 1086 Χριστὸν
2560 1013 2667 1068 ύπδ
2688 1014 2803 1076 τοῖς
2826 1010 3208 1083 συμϐεϐηκόσι
3233 1010 3330 1064 τοῦ
3359 1011 3528 1081 ἄρτου
3556 1027 3763 1079 συγκα-

2173 1106 2538 1175 λυπτόμενον,
2575 1106 2673 1159 καὶ
2699 1103 3001 1172 ὁλόκληρον
3034 1097 3179 1158 είναῖ
3214 1103 3378 1157 αὑτὸν
3426 1104 3638 1156 ἐκεῖνον
3666 1104 3766 1156 τὸν

2172 1202 2236 1253 ὲκ
2283 1201 2380 1267 τῆς
2416 1198 2699 1269 μακαρίας
2736 1196 3019 1268 Παρθένου
3069 1196 3502 1267 γεγεννημένον.
3538 1196 3632 1250 τὸν
3666 1196 3763 1250 ἐπὶ

2176 1293 2414 1363 σταυρὸν
2444 1290 2592 1352 τότε,
2623 1290 2717 1343 τὸν
2749 1289 2806 1343 ὲν
2839 1288 3059 1359 οὐρανῷ
3092 1287 3211 1344 νῦν.
3263 1289 3377 1341 Καὶ
3408 1287 3588 1358 τούτῳ
3630 1288 3762 1356 τρέ-

2174 1383 2377 1451 φεσθαι
2406 1381 2807 1453 σπουδάζωμεν
2828 1379 3097 1452 διηνεκῶς
3127 1381 3205 1451 τῷ
3238 1380 3315 1443 ὡς
3345 1378 3758 1454 ἀληθῡόςρύρα⁴

2172 1477 2271 1545 νίῳ
2302 1474 2474 1545 ἄρτῳ,
2534 1471 2594 1528 δν
2648 1472 2709 1529 τὸ
2774 1474 2952 1544 μάννα
3003 1473 3190 1534 καλῶς
3240 1473 3624 1542 προετύπωσε,
3656 1471 3755 1524 καὶ

2171 1565 2473 1637 τρέφεσθαι
2500 1566 2576 1629 ὡς
2601 1564 2668 1620 ἂν
2688 1549 2966 1638 τρέψειεν,
2996 1566 3113 1620 ἀλλ’
3135 1566 3236 1636 οὐχ
3259 1566 3335 1629 ὡς
3364 1566 3430 1620 ἂν
3465 1564 3719 1619 καύσειεν
3736 1580 3752 1595 ⁸

2174 1657 2289 1731 πῦρ
2317 1659 2608 1729 γάρέστιν
2642 1658 2717 1723 ὡς
2765 1657 2984 1729 άληθῶς
3031 1657 3331 1729 έμπιπρῶν
3366 1660 3480 1721 τοῖς
3517 1657 3759 1724 ἀναξίως

2177 1751 2492 1820 μετέχουσι,
2520 1749 2613 1803 καὶ
2636 1748 2813 1820 τροφὴ
2838 1748 3225 1816 κατακρίσεως
3246 1748 3450 1818 μᾶλλον
3477 1745 3510 1817 ἢ
3535 1745 3760 1800 δικαιώ-

2176 1858 2316 1905 σεως
2371 1843 2514 1894 κατὰ
2545 1840 2639 1894 τὸν
2670 1839 2815 1893 θεῖον
2879 1838 3232 1894 Ἀπόστολον.
3268 1837 3362 1901 Είς
3414 1838 3508 1892 τδν
3554 1836 3761 1893 Ἰούδαν

486 1916 909 1990 participantes,
969 1930 1025 1980 et
1087 1927 1155 1983 iis
1214 1928 1373 1985 cibus
1427 1931 1800 1991 damnationis
1872 1934 2065 2004 petius

2174 1934 2313 2005 μετὰ
2337 1935 2437 2001 τὴν
2468 1931 2675 2003 βρῶσιν
2707 1931 2928 2000 ἐκείνην
2974 1930 3228 2001 είσῆλθεν
3256 1932 3284 1983 δ
3329 1930 3581 1993 Σατανᾶς
3610 1946 3625 1961 ⁸
3662 1930 3765 1984 καὶ

484 2026 650 2081 quam
672 2011 1092 2083 iustiﬁcationis
1111 2028 1215 2086 est,
1245 2027 1546 2079 secundum
1561 2026 1809 2082 divinum
1828 2026 2065 2096 Aposto~

486 2104 621 2157 lum.
678 2103 735 2160 ln
787 2105 987 2164 ludam
1029 2118 1150 2181 post
1201 2122 1517 2185 susceptum
1565 2115 1714 2173 hunc
1766 2117 1948 2173 cibum
1981 2118 2067 2173 in-

482 2196 669 2251 troivit
723 2195 977 2257 Satanas.
1026 2199 1212 2271 Ozias,
1263 2206 1592 2263 sacriﬁcium
1642 2209 1789 2279 quod
1839 2223 1949 2265 non
1997 2209 2064 2265 li-

485 2291 644 2344 eebat
668 2288 929 2359 offerens,
975 2294 1227 2364 leprosus
1253 2298 1431 2354 factus
1463 2308 1568 2356 est.
1601 2300 1713 2356 Oza
1759 2315 2063 2372 percussus

486 2392 574 2436 cst
632 2397 660 2436 a
683 2384 818 2448 Deo,
852 2402 919 2444 eo
955 2391 1104 2459 quod
1146 2404 1315 2449 ausus
1370 2402 1518 2448 esset
1552 2407 1739 2448 arcam
1791 2401 2061 2465 tangere:

483 2485 539 2531 ct
591 2477 803 2547 lignum
858 2481 925 2537 de
956 2498 1065 2553 quo
1106 2484 1277 2542 edens
1333 2486 1559 2557 primus
1597 2485 1764 2543 homo
1809 2495 2065 2544 mortuus

482 2579 588 2635 est,
640 2572 766 2628 vita
828 2572 1041 2646 lignum
1116 2587 1272 2647 erat;
1310 2578 1404 2635 sed
1457 2589 1679 2651 propter
1740 2579 2066 2637 inobedien-

2188 2024 2371 2090 Ὀζίας
2394 2023 2586 2077 θυσίαν
2616 2020 3006 2093 προσενεγκὼν
3031 2022 3097 2091 ἢν
3119 2020 3220 2075 οὐκ
3244 2018 3391 2090 ἐξῆν,
3421 2016 3713 2090 ὲλεπρώθη
3732 2031 3752 2050 ·

2173 2121 2269 2171 καὶ
2315 2115 2480 2179 Ὀζάν
2528 2113 2815 2184 ἔπατάχθη
2862 2112 3015 2183 παρὰ
3058 2111 3217 2179 Θεοῦ,
3248 2112 3372 2165 ἐπεὶ
3417 2111 3760 2180 τετόλμηκεν

2172 2204 2411 2277 ἀναξίως
2440 2206 2682 2279 ἅψασθαι
2736 2209 2837 2278 τῆς
2884 2207 3122 2260 κιϐωτοῦ
3151 2222 3167 2238 ⁸
3223 2208 3318 2259 καὶ
3361 2205 3424 2259 τὸ
3472 2203 3633 2273 ξύλον
3690 2193 3756 2258 οὗ

2174 2300 2369 2371 φαγὼν
2397 2303 2424 2356 ὁ
2457 2298 2681 2371 πρῶτος
2705 2299 2995 2372 ἄνθρωπος
3022 2298 3278 2369 τέθνηκε,
3310 2297 3459 2367 ζωῆς
3487 2291 3578 2369 ἦν,
3617 2295 3765 2350 ἀλλὰ·

2174 2396 2263 2448 διὰ
2296 2394 2398 2463 τὴν
2423 2391 2795 2457 ἀνυποταξίαν
2828 2391 3005 2445 αίτιον
3029 2390 3264 2445 θανάτου
3286 2390 3366 2460 τῷ
3403 2387 3770 2461 μετειληφότι

2174 2486 2491 2555 γεγένηται.
2542 2483 2610 2537 Ἢ
2652 2482 2748 2537 τοῦ
2780 2482 3026 2552 Γαληνοῦ
3064 2483 3188 2555 ίερά
3232 2482 3437 2552 ὠφελεῖ
3472 2479 3576 2552 μέν
3619 2479 3759 2534 διδοο

2177 2578 2314 2649 μένη
2337 2575 2649 2650 χρησίμως,
2686 2574 2868 2647 νεκρῷ
2900 2573 2958 2629 δὲ
2987 2576 3047 2629 ού
3083 2574 3359 2629 λυσιτελεί
3387 2589 3402 2605 ⁸
3431 2574 3523 2627 τὸν
3562 2568 3621 2625 δὲ
3676 2570 3756 2643 μὴ

412 2704 423 2711 .
482 2661 614 2716 tiam
675 2679 843 2723 causa
902 2667 1095 2724 mortis
1152 2671 1397 2740 gustanti
1457 2670 1581 2728 fuit.
1636 2671 1799 2728 Hiera
1853 2671 2047 2729 Galeni

2173 2671 2441 2743 ιρῄξοντα
2474 2668 2577 2739 τῆς
2608 2668 2673 2734 εξ
2699 2668 2874 2739 αὐτῆς
2930 2667 3205 2740 ὠφελείας
3241 2669 3338 2721 καὶ
3369 2665 3627 2738 βλάψειεν
3664 2664 3755 2719 ἀνι

477 2756 638 2826 iuvat
702 2759 925 2829 quidem
993 2762 1204 2820 utiliter
1282 2766 1431 2832 data,
1473 2766 1571 2821 sed
1616 2773 1837 2822 mortuo
1895 2766 2035 2822 nihil
2103 2765 2359 2838 prolicit;
2393 2764 2487 2836 qui
2580 2778 2714 2820 vero
2757 2762 2949 2820 eodem
3030 2762 3280 2819 remedio
3353 2777 3463 2818 non
3519 2761 3749 2833 indiget,

483 2856 532 2909 ei
582 2854 839 2911 fortassis
865 2857 1104 2913 nocebit.

556 2944 629 3000 De
680 2949 1061 3003 sacratissimo
1098 2950 1200 3005 hoc
1254 2953 1517 3023 mysterio
1582 2969 1707 3025 quae
1772 2956 2064 3027 hucusque

2245 2951 2382 3024 Περὶ
2423 2953 2521 3023 μὲν
2560 2945 2655 3006 οὖν
2685 2947 2778 3003 τοῦ
2815 2938 3117 3021 ίέρωτάτου
3174 2947 3480 3020 μυστηρίου
3516 2944 3767 3004 τοσαῦτα

486 3038 629 3093 dicta
687 3048 818 3095 sunt
889 3036 1184 3097 sufﬁciant.
1251 3045 1598 3103 Accedamus
1651 3057 1831 3103 autem
1875 3055 1930 3104 et
1991 3049 2059 3105 ad

2173 3042 2232 3097 τό
2254 3059 2316 3112 γε
2349 3042 2444 3096 νῦν
2471 3042 2592 3115 ἔχον
2614 3043 2879 3113 ἀρκείτω.
2910 3040 3361 3114 Παραγενώμεθα
3388 3040 3446 3096 δέ
3475 3045 3570 3097 καὶ
3590 3042 3765 3112 ἡμεῖς

486 3131 812 3188 miraculum
869 3129 1086 3197 Lazari,
1138 3151 1245 3191 non
1275 3137 1452 3193 solum
1496 3150 1759 3211 tanquam
1806 3140 2061 3197 miraculi

2173 3135 2252 3209 τῷ
2286 3138 2427 3193 κατά
2460 3136 2555 3190 τὸν
2606 3136 2866 3208 Λάζαρον
2899 3134 3167 3205 θαύματι,
3231 3135 3294 3189 ού
3341 3135 3537 3190 θεαταὶ
3591 3134 3757 3205 μόνον

488 3224 616 3279 facti
677 3223 1180 3298 comtemplatores,
1252 3230 1359 3285 sed
1413 3240 1671 3303 tanquam
1735 3239 2061 3302 potestatem

2173 3227 2266 3284 τοῦ
2293 3229 2610 3299 γινομένου,
2643 3227 2780 3282 ἀλλὰ
2804 3226 3031 3296 καὶτῆς
3067 3224 3254 3297 ίσχύος
3282 3225 3377 3279 τοῦ
3405 3225 3759 3296 θαυματουρ-

488 3317 637 3371 illius
691 3318 784 3387 qui
816 3332 1079 3389 Operatus
1133 3330 1218 3378 est
1250 3322 1602 3390 miraculum,
1636 3332 1691 3378 et
1718 3324 2063 3381 reconditum

487 3410 635 3466 illius
715 3426 940 3467 sensum
1003 3416 1267 3469 attentius
1335 3415 1666 3486 inspecturi.
1750 3415 2066 3474 Videbimus

484 3504 629 3556 enim
658 3502 843 3559 lusum
868 3505 1161 3561 Dominum
1199 3515 1449 3563 nostrum
1496 3509 1661 3564 amici
1706 3519 2067 3567 monumento

486 3601 787 3660 astantem,
844 3599 938 3667 qui
980 3598 1202 3669 quidem
1242 3603 1358 3670 jam
1389 3610 1519 3657 ante
1564 3601 1925 3672 quatriduum
1971 3602 2069 3660 de-

487 3688 702 3756 positus
761 3687 967 3757 fuerat,
1017 3700 1072 3746 et
1097 3690 1331 3748 fmtebat
1360 3710 1377 3751 :
1411 3691 1638 3748 Mariam
1674 3708 1936 3751 a~sorore
1968 3708 2062 3750 vo-

485 3787 665 3830 catam
699 3789 757 3832 ut
788 3778 933 3834 irent
973 3778 1219 3846 obviam,
1256 3790 1640 3839 occurrentem
1670 3793 1725 3839 et
1760 3783 2081 3855 lacryman-.

485 3875 597 3940 tem
655 3868 1067 3937 miserabiliter,
1136 3874 1475 3946 pedibusque
1523 3874 1645 3937 eius
1701 3877 2065 3937 advolutam:

484 3958 673 4014 Jcsum
724 3961 943 4018 ﬂentem
998 3966 1284 4023 moderate
1309 3978 1364 4023 et
1394 3970 1740 4033 frementem.
1793 3973 2066 4028 naturali-

486 4067 595 4121 que
628 4053 863 4108 miseriae
906 4055 1143 4125 benigne
1175 4060 1628 4130 contpatientem,
1649 4063 1766 4118 sive
1800 4072 2063 4131 tauquam

487 4145 861 4214 Iegislatorem
899 4157 1150 4204 nostrum
1188 4162 1481 4219 ponentem
1532 4152 1789 4224 lacrymis
1821 4153 2064 4221 modum,

487 4238 655 4292 etiam
708 4240 763 4294 in
789 4241 941 4295 luctu
969 4240 1385 4311 defunctorum,
1430 4253 1485 4302 et
1541 4248 1710 4317 paulo
1739 4257 1864 4317 post
1887 4249 2066 4304 susci-

488 4340 696 4385 tantem
762 4330 1053 4399 Lazarum,
1126 4335 1381 4392 oratione
1429 4347 1484 4394 et
1560 4354 1695 4396 voce
1736 4339 2066 4397 vocantibus

490 4438 616 4478 cum
665 4434 938 4495 petestate
975 4427 1394 4500 ;illa-quidem,
1462 4442 1524 4511 ut
1570 4433 1892 4489 ostenderet
1915 4435 2066 4490 utili-
2100 4448 2111 4453 ‘

490 4525 657 4573 tatem
708 4521 982 4576 orationis
1024 4522 1241 4588 ;altera
1272 4539 1425 4591 vero,
1459 4534 1520 4581 ut
1564 4525 1871 4584 divinitatis
1916 4536 2066 4600 pote-

488 4618 685 4668 statem
740 4614 1075 4671 ostenderet.
1134 4613 1462 4674 Videbimus
1492 4618 1764 4677 Lazarum
1806 4622 1872 4676 ad
1915 4622 2063 4676 soni-
2098 4608 2142 4663 Ῑ)
2174 4625 2362 4676 ναμινο

490 4711 606 4758 tum
658 4705 811 4761 vocis
862 4717 1265 4778 resurgentem,
1316 4708 1543 4781 ligatum
1584 4712 1815 4777 institis,
1866 4714 2064 4769 velatis

487 4796 687 4861 oculis,
761 4797 1065 4862 fmtentem,
1114 4800 1447 4870 tandemque
1492 4802 1559 4857 iis
1614 4814 1706 4871 qm
1758 4818 1883 4863 cum
1935 4804 2064 4858 .lcsu

490 4887 881 4943 recnrnbcbant
919 4889 1297 4958 adjunctum:
1331 4888 1563 4948 Iudaeos
1602 4893 1858 4947 turbatos
1901 4893 2068 4947 mira—

489 4981 637 5043 culo,
689 4984 996 5054 vulnusque
1050 4985 1153 5039 hoc
1208 4984 1314 5040 sibi
1356 4983 2065 5039 Iethaleinllictumexisti-

491 5078 721 5133 mantes.
772 5072 1265 5131 Demonstrabatur
1291 5077 1439 5132 enim
1491 5077 1874 5146 magnitudine
1903 5078 2066 5130 mira-

489 5159 619 5222 culi,
665 5163 809 5229 quod
876 5163 990 5231 ipse
1034 5166 1176 5221 Deus
1215 5178 1365 5223 esset
1397 5184 1668 5240 :cumque
1713 5168 1937 5223 credere
1967 5169 2066 5223 de-

491 5252 760 5319 buissent,
812 5255 933 5308 vita:
1002 5257 1312 5326 largitorem
1346 5276 1378 5315 e
1413 5262 1592 5317 medio
1639 5263 1851 5327 tollere,
1915 5271 1969 5315 et
2009 5260 2066 5315 in

490 5343 770 5413 prmmium
806 5349 1226 5406 resurrectionis
1263 5351 1519 5417 aliorum,
1578 5354 1681 5422 ipsi
1720 5369 1828 5409 mm
1845 5364 1951 5409 tem
1984 5354 2065 5409 in-

490 5435 633 5491 ferre
673 5447 1007 5495 statuerunt.
1068 5440 1124 5495 ld
1171 5457 1304 5498 vero
1346 5459 1471 5498 cum
1526 5445 1739 5518 absque
1787 5447 2063 5501 calumnia

490 5539 751 5599 prmstare
777 5549 884 5588 non
917 5543 1169 5604 possent,
1191 5537 1564 5605 suspicionem
1592 5538 1855 5596 allectatze
1880 5548 2067 5611 tyran-

487 5624 633 5678 nidis
705 5627 904 5697 populo
957 5630 1257 5699 inspirant,
1315 5629 1690 5686 Romanorum
1741 5642 1947 5685 metum
1984 5632 2067 5685 in-

492 5713 734 5778 cutiunt,
791 5719 1053 5789 urbisque
1123 5720 1528 5776 desolationem
1592 5736 1787 5774 cavere
1849 5719 2064 5787 jubeant,

494 5805 757 5876 suﬂragia
810 5814 997 5879 populi
1034 5813 1160 5868 inde
1215 5823 1575 5884 aucupantes.
1637 5812 1958 5867 Videbimus
1983 5810 2065 5865 Je-

494 5913 615 5954 aum
678 5910 930 5958 nostrum
993 5904 1347 5962 festinantem
1413 5905 1479 5962 ad
1548 5903 1640 5960 diu
1738 5904 2065 5959 meditatam

2173 3322 2403 3394 γοῦντος
2435 3319 2718 3402 ἐπόπται,
2746 3320 2839 3373 καὶ
2872 3318 2972 3388 τῆς
3019 3318 3482 3389 ἐγκεκρυμμένης
3510 3316 3755 3382 διανοίας

2172 3415 2253 3488 τῷ
2298 3414 2561 3485 θαύματι.
2626 3412 2902 3483 Ὀψόμεθα
2950 3412 3062 3483 γὰρ
3092 3411 3369 3482 ἡμέτερον
3412 3409 3624 3483 Ἰησοῦν
3658 3412 3768 3464 καὶ»

2174 3508 2455 3577 Δεσπότην
2491 3507 2740 3577 μνήματι
2777 3504 2934 3575 φίλου
2973 3505 3440 3576 παραγινόμενον,
3480 3503 3757 3575 τετάρτην

2174 3600 2394 3672 ἡμέραν
2433 3598 2659 3667 ἄγοντος
2709 3598 2768 3651 ἐν
2822 3596 2997 3666 αὐτῷ,
3055 3596 3151 3651 καὶ
3182 3595 3440 3660 ὀδωδότος
3469 3592 3570 3667 ἠδη
3600 3606 3616 3625 ⁶
3651 3594 3757 3664 τὴν

2173 3692 2395 3765 Μαρίαν
2446 3689 2797 3760 καλουμένην
2853 3688 2960 3742 ὑπὸ
3010 3688 3109 3756 τῆς
3160 3686 3398 3758 ἀδελφῆς
3460 3686 3598 3757 πρὸς
3654 3684 3777 3756 τὴν.

2175 3784 2484 3855 ὑπάντησιν
2501 3781 2597 3835 τοῦ
2621 3780 2918 3844 Δεσπότου,
2944 3780 3038 3834 καὶ
3058 3778 3391 3833 ὑπαντῶσαν
3416 3780 3509 3832 καὶ
3538 3775 3761 3830 κλαίου-

2176 3894 2278 3931 σαν
2309 3874 2610 3947 φορτικῶς,
2642 3872 2739 3927 καὶ
2768 3875 2881 3934 τοῖς
2922 3873 3083 3927 ποσὶν
3111 3871 3279 3927 αὑτοῦ
3329 3868 3762 3941 προσκυλινδου-

2178 3967 2352 4039 μένην
2381 3983 2396 3999 ·
2431 3967 2526 4021 τὸν
2577 3965 2789 4037 Ἰησοῦν
2816 3962 3125 4037 δακρύοντα
3154 3962 3394 4035 μετρίως
3422 3961 3513 4017 καὶ
3554 3960 3762 4032 ὲμδριυ

2178 4058 2529 4131 μὼμενον,ἢ
2584 4060 2654 4130 τῇ
2705 4056 3065 4128 ταλαιπωρίᾳ
3118 4053 3218 4125 τῆς
3279 4055 3498 4125 φύσεως
3544 4053 3760 4124 ἀνθρω-

2178 4151 2352 4216 πίνως
2382 4149 2832 4222 συμπεπονθότα,
2866 4147 2900 4218 ἢ
2937 4148 3012 4212 ὡς
3040 4146 3347 4217 νομοθέτην
3377 4145 3540 4218 ἡμῶν
3577 4145 3759 4217 μέτρα

2174 4243 2385 4299 διδόντα
2416 4245 2525 4298 τῶν
2558 4241 2651 4297 ἐπὶ
2691 4243 2804 4305 τοῖς
2860 4243 3137 4309 κειμένοις
3165 4238 3445 4310 δακρύων,
3474 4240 3572 4292 καὶ
3598 4249 3609 4263 ’
3632 4237 3760 4309 μετ’

2175 4335 2360 4404 ὀλίγον
2388 4334 2697 4390 ἀνιστῶντα
2733 4333 2824 4386 τὸν
2860 4331 3113 4400 Λάζαρον
3140 4332 3274 4401 εὐχῇ
3311 4332 3407 4384 καὶ
3453 4331 3608 4401 φωνῇ
3652 4345 3760 4383 κα-

2173 4422 2375 4494 λούσης
2408 4423 2531 4493 μετ’
2562 4421 2812 4487 ἐξουσίας
2843 4434 2857 4448 ⁸
2889 4423 2949 4473 τὸ
2973 4421 3070 4491 μὲν
3100 4422 3189 4473 ἵνα
3216 4420 3365 4491 δείξῃ
3399 4419 3461 4473 τὸ
3482 4420 3758 4490 χρήσιμον

2175 4515 2277 4584 τῆς
2313 4514 2502 4587 εὐχῆς,
2539 4513 2600 4567 τὸ
2648 4513 2703 4567 δὲ
2742 4513 2830 4567 ἵνα
2862 4513 2962 4581 τῆς
2999 4512 3256 4583 θεότητος
3286 4513 3501 4583 ὲκφήνῃ
3530 4510 3628 4582 τὴν
3662 4511 3760 4565 δύ-

2439 4604 2718 4675 Ὀψόμεθα
2768 4605 2865 4659 τὸν
2918 4604 3171 4675 Λάζαρον
3229 4605 3369 4673 πρὸς
3417 4608 3519 4673 τὴν
3566 4604 3756 4674 φωνὴν

2172 4697 2559 4768 ἀνιστάμενον,
2586 4697 2873 4765 δεδεμένον
2904 4698 3165 4768 κειρίαις.
3193 4699 3285 4750 καὶ
3307 4697 3406 4767 τὴν
3433 4698 3555 4768 bal/tv
3585 4715 3754 4757 κεκα-

2171 4787 2481 4859 λυμμένην,
2511 4789 2604 4841 καὶ
2635 4786 2894 4851 ὀδωδότα,
2927 4787 3025 4842 καὶ
3056 4788 3249 4844 λοιπὸν
3271 4792 3386 4853 τοῖς
3422 4806 3748 4843 συνανακει-

2173 4880 2358 4950 μένοις
2409 4880 2489 4949 τῷ
2531 4879 2710 4951 Ἰησοῦ
2748 4880 3219 4950 προστιθέμενον
3273 4882 3405 4945 τοὺς
3459 4877 3755 4945 Ἰουδαίους

2169 4974 2617 5043 ταραττομένους
2653 4973 2748 5026 ἐπὶ
2798 4973 2876 5044 τῷ
2906 4972 3174 5042 θαύματι,
3203 4973 3299 5026 καὶ
3330 4973 3546 5045 πληγὴν
3583 4975 3752 5043 ἡγου-

2172 5067 2370 5137 μένους
2394 5066 2556 5120 τοῦτο
2605 5067 2854 5137 καιρίαν.
2891 5067 3030 5137 Ἤδη
3079 5068 3189 5135 γὰρ
3218 5066 3581 5122 ἀπεδείκνυτο
3611 5065 3754 5135 λαμ-

2171 5159 2323 5227 πρῶς
2366 5159 2496 5224 Θεδς
2526 5161 2603 5214 ὣν
2629 5160 2706 5230 τῷ
2749 5160 3024 5229 μεγαλείλμ
3054 5158 3151 5213 τοῦ
3182 5158 3489 5227 θαύματος,
3514 5157 3608 5211 καὶ
3633 5158 3755 5212 δέον

2171 5252 2477 5319 πιστεύειν,
2507 5253 2721 5306 ἀνελεῖν
2745 5253 3041 5324 ἠπείγοντο
3069 5251 3162 5306 τὸν
3190 5252 3289 5323 τῆς
3317 5251 3465 5321 ζωῆς
3490 5250 3753 5322 χορηγὸν,

2170 5345 2268 5400 καὶ
2301 5346 2402 5416 τῆς
2441 5345 2553 5398 τῶν
2582 5345 2760 5400 ἄλλων
2792 5345 3148 5409 ἀναστάσεως
3209 5345 3451 5415 ἀμοισὴν
3485 5344 3633 5415 αύτῷ
3660 5343 3752 5398 τὸν

2170 5437 2366 5492 ἑαυτοῦ
2419 5438 2605 5493 δοῦναι
2638 5439 2891 5493 θάνατον.
2952 5440 3060 5493 Καὶ
3122 5437 3280 5492 τοῦτο
3346 5439 3420 5508 μὴ
3454 5437 3772 5508 δυνάμενοι.

2177 5532 2444 5600 πράττειν
2474 5531 2605 5584 ἄνευ
2642 5530 2901 5599 διαϐολῆς
2932 5531 3173 5601 ὑποψίαν
3220 5531 3559 5602 τυραννίδος,
3613 5530 3751 5583 ὐπο-

2170 5624 2432 5677 6ἀλλουσι
2458 5623 2535 5693 τῷ
2569 5623 2704 5691 λαῷ,
2735 5624 2948 5679 καὶτὸν
2976 5624 3085 5677 τῶν
3123 5625 3414 5695 Ῥωμαίων
3448 5623 3751 5677 ἐπισείουσι

2174 5717 2363 5784 φόϐον,
2400 5718 2495 5769 καὶ
2553 5716 2653 5786 τὴν
2689 5711 2791 5785 τῆς
2843 5716 3051 5781 πόλεως
3088 5717 3492 5781 ἀναστάτωσιν,
3526 5716 3625 5785 τὴν
3656 5714 3756 5770 τοῆ

2172 5812 2349 5878 δήμου
2377 5810 2558 5879 ψῆφον
2591 5808 2843 5860 ἐντεῦθεν
2874 5808 3070 5876 κλέψαι
3095 5808 3431 5877 βουλόμενοι.
3479 5803 3752 5876 Ὀψὸμεοα

2174 5901 2262 5955 τὸν
2310 5901 2521 5972 Ἰησοῦν
2561 5901 2716 5972 ἡμῶν
2746 5899 3150 5964 κατεπείξιντα
3190 5902 3291 5971 μὲν
3324 5900 3465 5957 οὕτω
3496 5900 3557 5953 τὸ
