4176 6278
376 368 486 432 373

1400 365 1590 426 ilOM.
1629 365 1728 424 DE
1767 365 2090 440 SACRAM.
2135 361 2487 422 CORPORIS
2529 364 2675 425 J.-C.

3543 367 3607 428 37
3619 361 3649 426 αἱ

362 479 627 555 ,τὼμενον
689 477 880 543 πάθος,
933 479 1024 530 ἐπὶ
1059 477 1480 546 λαμπροτάταις
1512 479 1830 544 ἀποδείξεσι
1861 478 1959 545 τῆς

2071 479 2408 545 passionem,
2476 496 2584 531 non
2647 480 2765 533 sine
2811 480 3253 547 praeclarissimis
3303 481 3647 534 demonstra-

379 573 658 640 θεότητος,
707 568 1098 640 ἀναχωροῦντα
1130 570 1187 622 δὲ
1219 569 1383 624 πάλιν
1427 569 1614 634 εὐθὺς,
1651 571 1726 640 μὴ
1773 571 1958 640 φθάσῃ

376 669 441 716 τὸ
473 662 644 724 πάθος
693 661 793 732 τὴν
851 661 1139 731 βασιλικὴν
1188 662 1410 728 ἐκείνην
1441 664 1692 732 πομπὴν,
1737 665 1832 716 καὶ
1864 664 1962 733 τὴν

381 756 521 825 μετὰ
562 755 670 808 τῶν
704 755 879 825 βαῖων
927 755 1254 823 ὑπάντησιν,
1311 755 1540 818 καὶτὰς
1583 755 1698 808 τῶν
1751 756 1962 809 παίδων

380 849 566 916 φωνάς
595 847 741 915 άπερ
768 847 963 916 ἔμελλε
1017 847 1345 917 συμϐαίνειν
1395 849 1618 902 εἰσιόντι
1651 849 1751 919 τὴν
1805 849 1960 902 πόλιν

375 942 489 994 τῶν
543 941 845 1010 προφητῶν
888 941 982 994 καὶ
1031 941 1204 995 ταῦτα
1255 941 1824 1012 προαναφωνούντων,
1886 945 1960 1014 μὴ

378 1035 600 1105 κωλυθῇ
635 1035 694 1086 τὸ
723 1035 943 1088 δεῖπνον
975 1035 1153 1086 ἐκεῖνο
1179 1034 1240 1087 τὺ
1264 1034 1412 1106 ἱερὸν
1443 1036 1570 1104 περὶ
1597 1034 1657 1089 οὗ
1686 1035 1963 1106 νῦνήμεῖς

378 1128 474 1180 τὸν
503 1127 662 1194 λόγον
719 1127 1125 1198 ἐποιησάμεθα,
1163 1128 1258 1181 καὶ
1305 1129 1334 1180 ό
1390 1128 1708 1199 θαυμαστὸς
1752 1130 1961 1193 ἐκεῖνος

382 1219 606 1289 νιπτὴρ,
639 1221 667 1272 ό
697 1219 797 1288 τῆς
851 1218 1244 1281 ταπεινώσεως
1279 1219 1376 1273 καὶ
1407 1221 1507 1289 τῆς
1558 1221 1783 1288 ἀγάπης
1819 1220 1965 1274 διδά-

384 1312 606 1373 σκαλος,
661 1312 818 1380 καὶή
864 1311 1153 1364 τελευταία
1191 1313 1329 1380 πρὸς
1376 1315 1505 1376 τοὺς
1535 1312 1786 1382 μαθητὰς
1821 1329 1961 1382 συμ-

381 1405 574 1472 ϐουλὴ,
621 1404 715 1456 καὶ
738 1405 838 1458 ὅσα
869 1404 1006 1474 πρὸς
1034 1403 1129 1456 τοῦ
1175 1403 1412 1458 θανάτου
1446 1405 1721 1457 τελεῖσθαι
1769 1405 1962 1474 ἐχρῆν,

389 1497 634 1566 μεγάλην
666 1495 832 1548 αὐτοῦ
866 1499 928 1566 τῇ
961 1496 1113 1568 δόξῃ,
1141 1495 1345 1566 μᾶλλον
1371 1495 1428 1550 δὲ
1461 1499 1526 1568 τῇ
1558 1495 1808 1567 ἡμετέρᾳ
1834 1495 1964 1566 δόξῃ

381 1591 480 1642 καὶ
533 1589 781 1661 σωτηρίᾳ
819 1589 1116 1661 βεϐαίωσιν
1171 1591 1430 1659 φέροντα.
1460 1589 1580 1642 Ἵνα
1647 1590 1723 1660 μὴ
1780 1591 1964 1642 τοίνυν

379 1683 598 1736 ἅπαντα
625 1677 800 1735 ταῦτα
829 1683 1061 1751 διακοπῇ
1103 1685 1170 1751 τῇ
1203 1683 1578 1753 περισσοτέρᾳ
1599 1683 1691 1734 τοῦ
1722 1681 1962 1749 Χριστοῦ

385 1773 676 1842 παρρησίᾳ
724 1772 860 1841 πρὶς
916 1772 1180 1842 ὀξυτέραν
1233 1771 1532 1842 θηριωδίαν
1584 1770 1962 1840 ὲρεθισθέντος

378 1865 476 1918 τοῦ
510 1864 752 1935 πονηροῦ
780 1864 1083 1934 συνεδρίου,
1115 1865 1211 1916 κα)⁸
1243 1863 1650 1932 φορτικώτερον
1680 1864 1828 1932 αὐτῷ
1861 1864 1960 1934 τὴν

379 1955 642 2022 τελευτὴν
696 1955 1054 2025 ἐπιφέροντος
1084 1971 1098 1986 ο
1146 1955 1331 2009 οὐκέτι
1385 1956 1674 2027 παρρησίᾳ
1724 1973 1964 2026 περιπα-

378 2048 578 2103 τοῦντα
604 2049 793 2102 τοῦτον
818 2049 1096 2130 ῥψόμεθα,
1116 2048 1230 2101 ἀλλ’
1259 2051 1426 2118 ὲγγὺς
1451 2051 1549 2120 τῆς
1574 2050 1788 2120 ἐρήμου
1822 2049 1962 2119 μετά

379 2143 494 2196 τῶν
539 2144 802 2213 μαθητῶν
853 2143 1229 2212 διατρίϐοντα.
1269 2143 1386 2208 Τίς,
1413 2137 1459 2196 ὧ
1504 2146 1796 2214 παρόντες,
1828 2144 1964 2197 ἁπο-

382 2237 656 2302 γνὼσεται
681 2234 782 2304 τῆς
807 2234 1084 2304 σωτηρίας
1115 2234 1438 2305 τηλικοῦτον
1475 2235 1614 2305 ἔχων
1644 2236 1960 2304 Δεσπότηνς

381 2328 466 2390 τίς
497 2328 687 2398 νεκρὸς
720 2326 816 2389 ῶν,
847 2329 946 2396 οὐχ
970 2327 1042 2389 ὡς
1089 2329 1122 2397 ἡ
1151 2327 1245 2380 τοῦ
1290 2327 1522 2398 Ἰαείρου
1552 2329 1823 2397 θυγάτηρ,
1854 2327 1965 2382 οὐδ’

380 2421 457 2483 ὡς
490 2421 588 2488 τῆς
617 2422 794 2490 χήρας
829 2422 968 2484 υἱὸς,
1019 2422 1146 2490 ἄρτι
1177 2421 1272 2474 τοῦ
1307 2422 1547 2477 θανάτου
1605 2424 1962 2492 γευσάμενοι,

387 2512 521 2565 ἀλλὰ
551 2515 892 2580 τεταρταῖος,
925 2512 1175 2566 τουτέστι
1198 2515 1434 2583 χρόνιος,
1470 2514 1563 2566 καὶ
1599 2516 1709 2577 τοῖς
1737 2515 1966 2584 τέταρσι

386 2603 481 2656 τοῦ
524 2604 720 2672 χρόνου
773 2607 986 2674 καιροῖς
1029 2609 1627 2676 συμπαρατεινομένην
1677 2608 1816 2677 ἔχων
1865 2608 1965 2675 τὴν

385 2692 654 2762 νέκρωσιν
685 2696 780 2746 καὶ
804 2695 904 2764 τὴν
940 2696 1232 2766 πονηρίαν,
1265 2697 1359 2748 καὶ
1387 2696 1676 2764 δεδεμένος
1713 2699 1814 2766 μὲν
1840 2698 1967 2749 πολ-

383 2786 495 2846 λοῖς
531 2787 899 2855 ἁμαρτήμασι
926 2789 1117 2858 χεῖρας
1141 2787 1236 2840 καὶ
1277 2788 1441 2850 πόδας
1468 2787 1568 2850 τὰς
1599 2789 1709 2841 τῶν
1738 2789 1964 2856 ἀγαθῶν

386 2878 699 2947 πρακτικὰς
722 2879 1006 2949 δυνάμεις,
1037 2879 1282 2950 δηλονότι
1311 2881 1694 2950 κεκωλυμένος
1723 2881 1828 2934 ὑπὸ
1859 2881 1966 2935 τῶν

386 2971 646 3040 πονηρῶν
694 2971 989 3040 ἐνεργειῶν
1041 2989 1102 3024 τε
1154 2973 1247 3025 καὶ
1285 2973 1477 3040 ἕξεων,
1524 2974 1622 3042 τὴν
1657 2974 1715 3026 δὲ
1769 2974 1965 3036 νοεράν

378 3062 505 3132 εψιν
547 3063 932 3133 πεπεδημένος
962 3064 1157 3134 ἀγνοίᾳ
1184 3063 1278 3117 τοῦ
1311 3064 1528 3126 δέοντος
1557 3065 1822 3134 ἑκουσίῳ,
1872 3065 1964 3116 καὶ

2066 573 2307 626 tionibus
2365 588 2493 627 sure.
2529 573 2837 626 divinitatis
2881 592 2892 626 :
2929 575 3224 644 statimque
3272 573 3644 635 scccclclllelt‘.

2067 679 2134 716 ne
2189 663 2373 729 passio
2425 666 2752 733 anticiparet
2805 666 3007 732 regiam
3062 667 3209 719 illam
3269 682 3544 736 pompam,
3595 679 3649 720 rt

2064 755 2280 810 obviam
2315 773 2438 811 cum
2481 760 2681 826 palmis
2732 760 2979 820 itionem,
3018 777 3428 830 puerorumque
3461 777 3645 821 voces,

2065 863 2187 917 quae
2241 851 2426 902 omnia
2459 851 2788 920 ingredienti
2829 853 3018 905 urbem
3073 853 3322 906 accidere
3351 854 3644 919 debebant,

2067 957 2188 994 tum
2241 941 2355 994 lucc
2414 946 2698 1012 prophetae
2745 944 3252 1010 praailixissentme
3290 945 3649 1013 impediretur

2066 1048 2222 1087 uena
2291 1035 2378 1088 illa
2403 1050 2582 1098 sacra,
2616 1037 2685 1091 de
2733 1052 2838 1104 qua
2871 1040 3034 1092 modo
3085 1053 3393 1092 sermonem
3436 1037 3503 1090 ad
3549 1055 3647 1093 vos

2073 1125 2374 1179 habuimus
2401 1135 2453 1179 et
2491 1128 2756 1181 mirabilis
2812 1129 2900 1182 illa
2967 1129 3163 1194 pelvis,
3222 1129 3556 1182 humilitatis
3601 1139 3653 1182 et

2068 1215 2359 1268 charitatis
2407 1220 2929 1286 magistra;ultima
2973 1220 3037 1272 ad
3091 1220 3396 1288 discipulos
3449 1221 3652 1274 exhor-

2068 1308 2224 1373 tatio,
2279 1317 2332 1362 et
2371 1325 2712 1378 qumeunque
2745 1321 2871 1365 ante
2929 1323 3160 1364 mortem
3194 1312 3457 1380 compleri
3486 1327 3651 1381 opor-

2069 1399 2236 1461 tebat,
2300 1415 2549 1470 magnam
2593 1402 2767 1471 ipsius
2842 1403 3048 1471 glorize,
3087 1403 3259 1472 magis
3290 1420 3420 1458 vero
3449 1415 3652 1459 nostra:

2065 1501 2122 1546 et
2170 1492 2357 1559 glori-te
2421 1501 2477 1545 et
2525 1493 2694 1546 saluti
2754 1494 3141 1547 cirrtitudinem
3214 1494 3520 1549 aﬂ'ereutia.
3576 1497 3653 1548 Nc

2068 1583 2235 1653 igitur
2304 1583 2418 1637 haec
2479 1583 2665 1637 omnia
2733 1585 3294 1654 interrumperentur,
3349 1589 3491 1640 rralo
3560 1591 3652 1640 illo

2067 1677 2368 1748 synltedrio
2422 1677 2488 1731 ad
2539 1677 2876 1732 acerbiorem
2953 1677 3223 1730 feritatem
3291 1678 3502 1730 irritata
3561 1695 3656 1745 per

2069 1773 2394 1840 ampliorem
2457 1769 2669 1825 Christi
2733 1769 3015 1832 fiduciam,
3041 1779 3094 1824 et
3128 1770 3504 1838 impudentius
3533 1770 3643 1837 jam

2069 1861 2174 1930 ipsi
2256 1876 2446 1915 necem
2514 1859 2719 1915 inferre
2777 1859 3106 1926 cogitante:
3157 1861 3463 1914 videbimus
3521 1876 3648 1912 eum

2069 1970 2174 2007 non
2217 1953 2408 2008 eadem
2442 1953 2641 2008 fiducia
2693 1954 3095 2017 ambulantem,
3148 1953 3244 2007 sed
3290 1953 3436 2007 circa
3466 1953 3655 2006 deser-

2069 2055 2184 2101 tum
2237 2061 2363 2101 cum
2422 2047 2714 2116 discipulis
2791 2056 3130 2100 versantem.
3199 2045 3334 2109 Quis
3409 2047 3654 2105 tandem,

2070 2142 2377 2204 auditores,
2452 2143 2617 2196 talem
2669 2141 2881 2196 habens
2949 2140 3261 2202 Dominum,
3342 2140 3408 2193 de
3478 2139 3656 2194 salute

2070 2233 2382 2301 desperabit
2415 2233 2440 2286 ἲ
2468 2232 2604 2300 Quis
2648 2241 2927 2298 mortuus,
2962 2248 3073 2287 non
3125 2232 3267 2314 sicut
3323 2230 3460 2284 Jairi
3517 2230 3649 2294 filia,

2070 2342 2246 2396 neque
2272 2335 2333 2382 ut
2363 2327 2544 2382 viduas
2599 2326 2764 2390 filius,
2823 2341 3002 2396 nuper
3066 2335 3296 2380 mortem
3357 2325 3650 2387 obeuntes,

2071 2421 2168 2476 sed
2229 2420 2656 2492 quatriduanus,
2713 2421 2816 2474 hoc
2874 2426 2979 2483 est,
3024 2417 3372 2482 diuturnam,
3413 2427 3466 2471 et
3515 2431 3655 2486 qua-

2072 2527 2198 2569 tuor
2255 2523 2562 2584 temporum
2613 2513 2921 2567 intervallis
2973 2511 3358 2565 conﬁrmatam
3419 2517 3651 2564 mortem

2073 2616 2128 2661 ct
2170 2606 2437 2659 malitiam
2490 2606 2727 2670 habens,
2793 2615 2847 2659 et
2892 2605 3081 2658 multis
3142 2604 3381 2673 peccatis
3459 2602 3656 2670 ligatas

2075 2712 2273 2752 manus
2337 2705 2391 2750 et
2456 2697 2643 2766 pedes,
2693 2697 2903 2750 scilicet
2958 2695 3228 2749 bonorum
3265 2709 3490 2761 operum
3522 2691 3657 2744 effe-

2072 2790 2279 2842 ctrices
2321 2789 2596 2857 potentias
2627 2787 2852 2850 habens,
2909 2789 3275 2853 detentusque
3331 2799 3426 2852 per
3481 2782 3657 2836 malos

2073 2888 2232 2963 acuis
2292 2889 2346 2934 et
2398 2881 2639 2942 habitus,
2718 2879 2994 2948 spirituali
3079 2879 3198 2933 visu
3279 2877 3506 2930 orbatus
3557 2889 3654 2942 per

2072 2977 2442 3030 voluntariam
2507 2973 2670 3027 oliicii
2723 2974 2809 3028 sui
2874 2972 3265 3042 ignorantiam,
3326 2981 3379 3023 et
3433 2970 3653 3024 malitia:

2073 3069 2322 3123 faetorem
2349 3066 2610 3135 spirans?
2636 3066 2761 3134 quis
2785 3066 2969 3135 igitur,
2997 3065 3160 3118 etiam
3186 3066 3232 3116 si
3254 3062 3379 3116 talis
3399 3062 3654 3124 exsistat,

379 3155 479 3226 τὴν
509 3157 608 3224 τῆς
637 3155 901 3226 πονηρίας
928 3155 1195 3209 δυσωδίαν
1223 3156 1500 3222 ὲκπνέων;
1526 3157 1609 3218 τίς
1635 3155 1817 3210 τοίνυν
1870 3157 1960 3207 καὶ

2071 3162 2138 3216 de
2203 3162 2382 3216 salute
2437 3161 2775 3228 ileSperabit,
2836 3159 2950 3213 lnec
3009 3159 3190 3213 omnia
3251 3155 3655 3212 considerans?

379 3249 619 3311 τοιοῦτος
659 3247 736 3301 ῶν
777 3249 1075 3302 ἁπελπίσει
1112 3248 1210 3318 τὴν
1240 3249 1541 3319 σωτηρίαν,
1575 3248 1749 3300 ταῦτα
1781 3247 1962 3300 πάντα

378 3343 555 3411 optimi;
595 3344 670 3395 υὺ
698 3343 810 3412 γὰρ
836 3344 933 3405 τὰς
965 3341 1288 3411 σωματικὰς
1322 3340 1437 3392 λύει
1480 3341 1669 3402 νόσους
1703 3341 1730 3392 ὁ
1759 3341 1964 3391 Δεσπό-

378 3454 474 3507 της
518 3436 700 3502 ἠμῶν,
751 3436 888 3488 ἀλλὰ
933 3436 1029 3491 τὰς
1064 3434 1342 3504 ἁμαρτίας
1375 3433 1570 3502 ἀφίησι
1601 3432 1784 3500 πολλῷ
1832 3450 1964 3501 προ-

380 3531 716 3599 χειρότερον,
742 3527 816 3589 ὠς
841 3529 939 3597 τὴν
971 3527 1209 3596 ψυχικὴν
1241 3528 1417 3579 ἀνεῖλε
1460 3527 1617 3579 νόσον
1653 3527 1748 3579 τοῦ
1774 3528 1962 3595 Παρα-

384 3622 548 3673 λύτου
581 3622 710 3688 πρὶν
760 3621 1052 3689 ἐπιστῆσαι
1109 3622 1172 3688 τῇ
1209 3618 1482 3688 θεραπείᾳ
1529 3617 1624 3671 τοῦ
1679 3619 1957 3686 σώματος.

383 3713 658 3782 Πρότερον
686 3711 794 3781 γάρ
825 3707 1001 3774 εἶπεν,
1048 3709 1378 3778 Ἀφέωνταί
1406 3722 1522 3760 σου
1555 3710 1614 3759 αι
1651 3707 1952 3776 ἁμαρτίαν

377 3801 520 3868 εἶτα,
547 3797 732 3870 Ἀρον
764 3802 870 3854 τὸν⁸
903 3802 1240 3869 κράϐὅατόν
1273 3815 1416 3867 σου,
1457 3800 1554 3853 καὶ
1605 3801 1821 3868 ὕπαγε.
1879 3801 1957 3870 Τῇ

379 3898 662 3966 πρακτικῇ
695 3897 876 3948 τοίνυν
913 3897 1084 3964 ἀρετῇ
1117 3895 1217 3963 τὴν
1257 3895 1494 3964 θεωρίαν
1526 3893 1956 3961 ἀνακαλεσὼμε-

380 3989 452 4042 θα
488 3989 854 4052 σπεύσαντες,
884 3988 960 4051 ὡς
994 3990 1112 4039 ἐκεῖ
1159 3988 1259 4059 τὴν
1294 3987 1583 4056 Μαριὰμή
1611 3986 1837 4056 Μάρθα,
1867 3987 1958 4041 καὶ

378 4082 790 4150 ὑπαντήσωμεν
825 4080 901 4149 τῷ
932 4082 1190 4150 ἡμετέρῳ
1232 4080 1480 4149 Δεσπότῃ
1514 4078 1619 4131 ὑπὸ
1651 4077 1956 4149 φιλανθρω-

375 4173 508 4236 πίας
538 4173 633 4226 καὶ
662 4172 813 4240 αὑτῷ
847 4175 985 4242 πρὸς
1013 4173 1111 4241 τὴν
1138 4171 1295 4242 ἡμῶν
1321 4171 1619 4225 ἀνάστασιν
1646 4172 1952 4225 σπεύδοντι·

371 4265 441 4319 ἂν
472 4268 633 4334 μόνον
684 4264 1104 4333 ὲτοιμασθῶμεν
1135 4265 1224 4316 καὶ
1252 4264 1662 4334 προφθάσωμεν
1690 4267 1858 4319 αὑτοῦ
1890 4268 1952 4318 τὸ

373 4358 671 4427 πρόσωπον
702 4361 758 4410 ὲν
792 4357 1181 4427 ἐξομολογήσει
1228 4360 1322 4409 καὶ
1382 4357 1671 4428 κλαυθμῷ,
1707 4361 1799 4412 τὸν
1859 4358 1953 4411 τοῦ

377 4453 654 4503 Δεσπότου
708 4453 803 4504 καὶ
865 4451 1054 4520 ἰατροῦ
1109 4445 1290 4504 οἶκτον
1340 4452 1780 4521 ἐπισπασάμεθα.
1835 4453 1951 4504 Κᾶν

373 4543 521 4597 οὕτω
576 4547 915 4614 ποιήσωμεν,
971 4544 1132 4606 αὐτὸς
1184 4544 1276 4596 τὸν
1329 4545 1602 4615 ἡμέτερον
1649 4543 2001 4616 ἀναστήσειέ

371 4638 650 4706 Λάζαρον,
680 4640 928 4690 τουτέστι
975 4637 1070 4689 τὸν
1107 4639 1302 4707 νεκρὸν
1349 4638 1444 4691 καὶ
1491 4637 1762 4690 δυσωδίαν
1813 4641 1949 4690 ἁπο-

373 4731 608 4782 πνέοντα
663 4728 810 4800 νοῦν,
863 4732 956 4782 καὶ
991 4729 1088 4781 ἕνα
1121 4729 1230 4781 τῶν
1266 4731 1750 4796 συνανακειμένων
1803 4731 1952 4800 αὐτῷ

369 4823 591 4892 ποιήσει
624 4825 718 4875 καὶ
752 4841 873 4874 συνε
888 4823 1224 4891 στιωμένων,
1255 4823 1456 4890 μᾶλλον
1490 4823 1545 4874 δὲ
1572 4823 1664 4874 τοῦ
1697 4821 1952 4892 σώματος

352 4906 520 4984 ἀὑτῷ
557 4915 861 4982 μεταδώσει
920 4915 1014 4967 τοῦ
1072 4915 1220 4984 ἱεροῦ
1251 4918 1345 4968 καὶ
1387 4914 1481 4967 τοῦ
1523 4917 1756 4981 αἵματος
1782 4959 1796 4980 ,
1855 4919 1951 4970 καὶ

367 5009 508 5078 πρδς
557 5006 654 5077 τὴν
691 5008 1074 5077 πνευματικὴν
1103 5007 1401 5060 ἐπιδιδόναι
1433 5008 1647 5075 ποιήσει
1677 5006 1844 5076 ζωὴν,
1879 5008 1945 5058 οὐ

2071 3254 2186 3308 Non
2245 3257 2390 3308 enim
2429 3255 2751 3322 Corporales
2806 3254 3024 3306 morbos
3091 3252 3438 3305 solummodo
3491 3250 3657 3305 solvit

2073 3343 2339 3398 Dominus
2397 3352 2606 3406 noster,
2644 3344 2740 3397 sed
2808 3343 2980 3396 multo
3038 3341 3257 3396 facilius
3307 3351 3535 3410 peccata
3568 3341 3655 3394 di-

2068 3437 2272 3503 mittit;
2306 3438 2451 3491 sicut
2479 3437 2823 3503 spiritualcm
2856 3436 3143 3506 paralytici
3181 3436 3456 3500 morbum,
3497 3435 3651 3502 prius

2066 3545 2230 3598 quam
2284 3529 2538 3598 corporis
2591 3530 2864 3582 curationi
2928 3529 3231 3583 insisteret.
3299 3528 3458 3581 Prius
3501 3527 3649 3581 enim

2065 3623 2225 3686 dixit,
2262 3621 2619 3674 Dimittuntur
2661 3621 2755 3673 tibi
2797 3629 3015 3688 peccata
3049 3639 3060 3672 :
3094 3635 3242 3683 ntox,
3270 3617 3417 3671 Tolle
3455 3618 3652 3688 graba-

2037 3707 2176 3766 tum
2207 3726 2375 3777 tuum,
2402 3727 2448 3767 et
2501 3713 2737 3766 ambula.
2767 3711 3116 3767 Festinamus
3165 3712 3331 3781 igitur
3385 3711 3647 3765 virtutem

2063 3822 2228 3876 opere
2272 3815 2617 3864 exercentes,
2676 3807 2795 3872 ejus
2827 3803 3352 3873 contemplationem
3391 3804 3458 3855 ad
3506 3816 3646 3871 opus

2064 3913 2345 3964 revocare,
2413 3907 2470 3952 ut
2539 3898 2651 3951 illic
2705 3897 2915 3950 Martha
2952 3897 3180 3950 Mariam
3223 3913 3237 3949 :
3283 3910 3646 3950 occurramus

2065 3993 2297 4047 Domino
2333 4001 2526 4047 nostro
2551 3992 2786 4046 maxima
2821 3991 3159 4062 benignitate
3191 3989 3255 4044 ad
3290 3997 3536 4044 nostram
3562 4003 3647 4044 re-

2062 4083 2457 4140 surrectionem
2491 4083 2814 4150 festinanti;
2851 4084 2895 4138 si
2931 4082 3093 4138 modo
3122 4081 3410 4152 praeparati
3445 4081 3642 4147 simus,

2015 4251 2021 4257 _
2059 4188 2112 4232 et
2143 4192 2590 4248 praeoccupemus
2642 4178 2834 4233 faciem
2867 4178 2985 4245 ejus
3016 4177 3068 4230 in
3102 4176 3452 4233 confessione
3483 4173 3645 4229 ﬂetu-

2061 4289 2186 4340 que,
2239 4273 2452 4328 Domini
2499 4282 2551 4326 et
2586 4272 2776 4328 Medici
2835 4271 3277 4327 misericordiam
3333 4271 3640 4325 eliciemus.

2061 4364 2125 4418 Et
2163 4366 2208 4418 si
2259 4365 2331 4420 ita
2364 4364 2680 4429 fecerimus,
2729 4365 2846 4434 ipse
2899 4377 3150 4419 nostrum
3188 4363 3478 4417 suscitabit
3544 4361 3644 4415 La-

2059 4471 2269 4519 zarum,
2335 4456 2438 4509 hoc
2489 4463 2594 4520 est,
2630 4464 2868 4509 mentem
2915 4463 3187 4508 mortuam
3218 4462 3273 4505 et
3328 4453 3640 4516 fmtentcm,

2062 4561 2343 4615 unumque
2379 4562 2445 4599 ex
2481 4546 2967 4599 discumbentilms
3007 4560 3192 4598 secum
3223 4543 3476 4598 convivis
3522 4543 3642 4598 suis

2059 4640 2267 4692 faciet:
2305 4637 2612 4706 praesertim
2654 4652 2782 4692 vero
2840 4636 3275 4690 communicabit
3315 4636 3365 4689 ei
3423 4651 3640 4690 sacrum

2059 4747 2220 4784 suum
2279 4746 2478 4798 corpus
2509 4737 2563 4782 et
2592 4731 2911 4796 sanguinem
2941 4745 2954 4794 ;
2989 4729 3052 4782 ad
3097 4728 3442 4797 spiritualcm
3475 4729 3638 4781 vitam

2061 4823 2327 4891 prolicere
2401 4823 2584 4886 faciet,
2651 4839 2757 4876 non
2819 4823 2998 4878 solum
3065 4833 3222 4876 reatu
3288 4831 3640 4889 peccatorum

2061 4916 2323 4982 liberans,
2369 4917 2461 4972 scd
2515 4925 2570 4971 et
2603 4917 2833 4986 gratiam
2895 4897 3409 4984 gratiat‘adjiciens.
3455 4913 3641 4970 Gloria

2060 5011 2132 5064 sit
2176 5011 2567 5066 misericordia:
2600 5010 2718 5078 eius
2752 5016 2802 5067 in
2826 5011 3024 5066 saecula
3058 5011 3407 5066 sa'culorum.
3443 5010 3641 5064 Amen.

366 5102 534 5172 μόνον
565 5101 664 5167 τῆς
698 5103 888 5170 ’ἀνοχῆς
917 5103 1025 5156 τῶν
1061 5101 1349 5171 ἁμαρτιῶν
1376 5101 1651 5166 ἀπολύων,
1681 5101 1816 5153 ἀλλὰ
1843 5103 1928 5153 καὶ
1967 5104 2129 5175 χάριν
2162 5107 2344 5176 χάριτι
2383 5107 2718 5177 προστιῠείς.
2782 5107 2917 5171 Δόξα
2968 5106 3044 5177 τῷ
3128 5107 3266 5162 ἐλέει
3317 5105 3485 5162 αὑτοῦ
3561 5109 3642 5165 εἰς

360 5195 492 5258 τοὺς
525 5195 747 5258 αἰῶνας.
789 5193 985 5264 Ἀμήν.
