4176 6278
320 430 426 492 377

1288 428 1475 489 ΠΟΜ.
1522 430 1579 488 ll
1617 430 1713 489 DE
1746 428 2075 491 Si'tCliAM.
2109 428 2461 491 CORPORE
2502 429 2658 496 J.'C.

3484 426 3609 493 378‘

386 539 658 608 Δευτέραν
689 536 876 605 ἔχουσι
907 536 1061 601 τάξιν
1095 538 1126 606 ἡ
1159 537 1456 600 ἀνάστασις
1484 538 1577 590 τοῦ
1605 538 1887 607 Λαζάρου,

2071 540 2390 595 Secundum
2428 541 2612 597 locum
2640 541 2844 597 habent
2868 544 3116 613 quaedam
3145 544 3275 607 alia,
3308 555 3365 597 ut
3393 542 3589 598 Lazari

309 634 411 685 καὶ
438 633 472 701 ἠ
504 629 802 698 ἀνάϐλεψις
836 633 929 682 τοῦ
955 629 1163 696 τυφλοῦ
1186 646 1201 661 ο
1223 631 1280 681 ὲν
1316 630 1529 692 τούτοις
1559 631 1671 697 γὰρ
1700 630 1760 682 τδ
1792 631 1894 699 μὲν

308 722 622 792 γινόμενον,
660 723 801 775 κατὰ
844 721 941 792 τὴν
970 722 1133 789 φύσιν
1182 722 1299 774 ὲστί
1327 737 1342 751 ·
1390 722 1517 775 ὅσον
1564 722 1618 774 δὲ
1647 722 1785 793 πρὸς
1832 723 1896 774 τὸ

308 814 680 883 ὑποκείμενον
716 816 775 867 ἐν
829 808 872 880 ᾧ
918 814 1152 881 γίνεται,
1202 814 1357 882 παρὰ
1404 812 1503 881 τὴν
1538 812 1704 882 φύσιν
1752 812 1892 867 ἐστί.

306 907 467 960 Ποιεῖ
507 906 617 976 γάρ
653 905 751 959 καὶ
782 907 815 973 ἡ
867 904 1031 972 φύσις
1065 903 1205 972 αὐτὴ
1246 902 1416 970 ζωὴν,
1460 902 1580 954 ἁλλ’
1602 902 1702 955 οὐκ
1734 904 1791 956 ὲν
1818 903 1895 971 τῷ

306 1000 493 1071 νεκρῷ
518 1018 531 1031 υ
564 1000 661 1054 καὶ
688 998 904 1051 δίδωσιν
955 997 1080 1066 ὄψιν
1110 997 1141 1065 ἡ
1187 995 1371 1063 φύσις,
1424 994 1543 1047 ἀλλ’
1576 996 1676 1048 ούκ
1721 997 1782 1049 ἐν
1817 995 1894 1063 τῷ

309 1094 705 1163 πεπηρωμένῳ
736 1092 863 1155 τοὺς
893 1088 1231 1160 ὀφθαλμούς.

384 1185 591 1255 Τρίτην
617 1184 801 1254 ἔχουσι
836 1184 990 1246 τάξιν
1020 1183 1080 1235 τὸ
1111 1183 1306 1246 στῆναι
1331 1179 1423 1233 τοῦ
1447 1181 1653 1233 οἰκείου
1683 1180 1891 1249 δρόμου

305 1279 406 1331 τὸν
439 1278 616 1346 ἥλιον,
669 1278 697 1328 ὃ
746 1276 939 1344 γέγονε
978 1276 1069 1329 διὰ
1130 1274 1308 1343 Ἰησοῦ
1343 1273 1437 1326 τοῦ
1480 1274 1637 1341 Ναυῆ
1660 1290 1675 1303 ο
1710 1272 1897 1326 καὶτὸ

310 1371 758 1442 σῶμαιχωρῆσαι
796 1370 885 1422 διὰ
938 1368 1218 1438 σώματος,
1252 1369 1327 1431 ὡς
1384 1370 1411 1419 ὁ
1466 1366 1676 1437 Κύριος
1733 1366 1896 1435 ἡμῶν

308 1464 499 1533 διῆλθε
528 1464 636 1516 τῶν
695 1463 879 1535 ουρῶν
923 1463 1329 1533 κεκλεισμένων
1358 1480 1372 1494 σ
1406 1460 1584 1515 ταῦτα
1616 1462 1725 1531 γὰρ
1775 1459 1898 1514 κατ’

308 1557 507 1609 οὐδένα
527 1556 730 1625 τρόπον
766 1555 919 1625 παρὰ.
952 1555 1050 1624 τῆς
1079 1554 1300 1622 φύσεως
1326 1552 1587 1605 δύνανται
1621 1552 1894 1619 γίνεσθαι.

319 1648 613 1701 Ἐπέκεινα
647 1648 704 1700 δὲ
738 1647 959 1700 πάντων
992 1646 1201 1699 τούτων
1238 1644 1347 1697 τῶν
1379 1644 1731 1714 Θαυμασίων,
1760 1642 1897 1695 ἀλλὰ

306 1738 407 1792 δύο
437 1741 544 1791 εἰσὶ
568 1738 824 1808 θαύματα
848 1738 1105 1808 μέγιστα,
1133 1737 1226 1788 καὶ
1252 1735 1428 1788 πάντα
1452 1734 1612 1803 λόγον
1636 1732 1895 1797 νικῶντα,

304 1831 368 1883 ἒν
411 1831 510 1901 μὲν
568 1828 717 1894 ἅπαξ
766 1829 1161 1899 γεγενημένον,
1216 1828 1303 1879 ὅτε
1380 1826 1479 1897 τὴν
1539 1824 1893 1893 ἀνθρωπίνην

2003 634 2363 698 resurrectio,
2405 643 2460 688 et
2503 635 2655 689 visus
2706 635 2759 689 in
2812 650 2959 689 caeco
2996 638 3316 699 restitutio;
3354 637 3408 690 in
3464 638 3589 690 istis

1998 726 2141 779 enim
2179 727 2325 795 quod
2357 727 2442 792 iit,
2469 728 2772 782 secundum
2802 738 3052 783 naturam
3082 738 3209 794 cst;
3245 730 3338 784 sed
3376 731 3590 784 ratione

1999 817 2181 870 habita
2224 819 2291 871 ad
2350 819 2660 887 subjectum
2714 820 2766 873 in
2804 836 2917 889 quo
2963 821 3042 882 ﬁt,
3092 828 3287 889 przeter
3333 830 3588 873 naturam

1997 920 2102 965 est.
2140 911 2215 964 Ea
2260 912 2460 981 quippe
2512 913 2679 967 vitam
2723 913 2909 977 eiﬁcit,
2952 914 3045 969 sed
3082 929 3188 968 non
3229 914 3283 967 in
3330 923 3584 979 tuortuo;

1998 1005 2187 1058 eadem
2232 1005 2407 1059 visum
2450 1004 2565 1071 dat,
2603 1005 2701 1061 sed
2729 1022 2836 1060 non
2871 1007 2925 1061 in
2958 1006 3138 1061 oculis
3169 1006 3391 1062 orbato.

2072 1180 2320 1237 Tertium
2357 1184 2532 1237 locum
2585 1182 2813 1247 habent,
2865 1198 3089 1237 rursum
3121 1183 3407 1253 proprium
3447 1182 3587 1237 solis

2003 1274 2223 1339 sistere,
2263 1277 2406 1344 quod
2435 1291 2529 1345 per
2557 1275 2746 1332 Jesum
2787 1276 2932 1332 Nave
2965 1276 3170 1331 laetum
3210 1288 3293 1331 est
3331 1296 3344 1331 :
3379 1291 3588 1344 corpus

2001 1380 2096 1433 per
2128 1366 2280 1420 aliud
2312 1382 2514 1436 corpus
2549 1376 2863 1437 penetrare,
2899 1379 2958 1423 ut
3006 1370 3138 1423 fecit
3180 1367 3440 1423 Christus
3477 1368 3584 1422 Do-

2000 1458 2202 1520 minus,
2256 1473 2379 1512 cum
2424 1475 2524 1528 per
2565 1460 2757 1515 clausa
2807 1463 2949 1516 ostia
3015 1463 3376 1527 pertransivit
3420 1476 3434 1514 :
3472 1463 3589 1517 haec

1999 1549 2146 1603 enim
2177 1550 2331 1603 nullo
2368 1552 2533 1605 modo
2584 1566 2613 1605 a
2653 1563 2850 1606 natura
2896 1552 3041 1606 efﬁci
3091 1562 3341 1620 possunt.
3400 1552 3587 1620 Longe

1999 1648 2133 1699 vero
2183 1660 2351 1715 supra
2416 1647 2601 1701 omnia
2663 1648 2780 1701 ham
2836 1647 3135 1710 mirabilia,
3173 1648 3285 1703 duo
3345 1651 3583 1703 maxima

2000 1739 2271 1793 miracula
2320 1749 2472 1800 sunt,
2524 1755 2646 1809 quae
2706 1740 2974 1795 rationem
3024 1754 3245 1795 omnem
3302 1752 3585 1809 superam,

2004 1849 2171 1887 unum
2211 1834 2357 1903 quod
2395 1833 2564 1887 semel
2602 1832 2809 1887 iactum
2868 1841 2972 1894 est,
3027 1832 3249 1899 quando
3286 1831 3583 1887 humanam

306 1922 474 1991 φύσιν
507 1924 533 1975 ὁ
568 1922 702 1986 Θεὸς
736 1921 941 1990 συνῆψε
978 1923 1054 1991 τῷ
1090 1922 1222 1991 Οείῳ
1253 1920 1538 1991 προσώπῳ
1567 1935 1579 1948 ·
1610 1919 1803 1988 ἕτερον
1838 1917 1892 1969 δὲ

2001 1932 2254 1977 naturain
2286 1922 2428 1977 Deus
2452 1923 2748 1991 conjunxit
2780 1922 2984 1976 divina:
3017 1938 3270 1991 persona:
3301 1941 3315 1980 :
3346 1923 3582 1976 alterum

308 2015 501 2082 μεῖζον
528 2012 744 2075 τούτου,
788 2013 883 2064 καὶ
921 2012 1050 2065 καθ’
1083 2012 1299 2082 ἡμέραν
1326 2011 1635 2079 γινόμενον,
1676 2010 1759 2060 ὅτι
1783 2007 1881 2061 αὑ·

304 2108 436 2159 τίκα
472 2106 806 2175 μεταϐάλλει
835 2105 932 2175 τὴν
966 2105 1157 2156 ούσίαν
1198 2103 1294 2156 τοῦ
1345 2104 1517 2173 ἄρτου
1567 2103 1647 2164 είς
1672 2100 1773 2171 τὴν
1797 2100 1891 2152 ού-

308 2200 435 2252 σίαν
460 2182 573 2252 σοῦ
614 2199 746 2252 ἰδίου
784 2197 1039 2265 σώματος
1070 2200 1097 2249 ὁ
1150 2197 1406 2267 Χριστὸς,
1441 2197 1539 2248 καὶ
1567 2195 1665 2264 τὴν
1704 2192 1895 2246 οὐσίαν

302 2293 404 2346 τοῦ
435 2293 579 2346 οἴνου
613 2294 693 2353 είς
728 2291 826 2361 τὴν
859 2290 1052 2343 οὐσίαν
1077 2289 1175 2342 τοῦ
1212 2289 1345 2341 ἰδίου
1372 2289 1626 2357 αἵματος.
1672 2287 1760 2338 Ἐν
1796 2284 1896 2353 μὲν

303 2386 418 2454 τάρ
442 2383 518 2453 τῷ
552 2383 757 2451 πρώτῳ
788 2381 1055 2450 Θαύματι,
1090 2380 1350 2449 ούδετέρα
1386 2378 1550 2447 φύσις
1583 2376 1894 2447 μετεϐλήθη

305 2477 447 2545 πρὶς
473 2474 570 2543 τὴν
597 2474 795 2544 ἑτέραν
820 2490 834 2504 ο
869 2472 987 2526 ἀλλ’
1012 2474 1071 2525 ὲν
1093 2471 1173 2541 τῷ
1198 2471 1291 2524 τοῦ
1324 2469 1563 2541 Χριστοῦ
1588 2467 1892 2539 προσώπῳ,

308 2568 407 2619 καὶ
432 2567 466 2634 ἡ
502 2565 698 2635 θεότης
749 2565 841 2617 καὶ
878 2566 910 2633 ἡ
964 2562 1328 2633 ἀνθρωπότης
1367 2562 1698 2629 ἀσυγχύτως
1733 2558 1893 2612 εἰσίν.

319 2658 415 2709 Ἔν
448 2655 506 2707 δὲ
541 2655 718 2725 τούτῳ
771 2653 849 2722 τῷ
913 2652 1208 2723 μυστηρίῳ
1258 2650 1322 2702 τὸ
1369 2650 1581 2719 κτίσμα
1610 2648 1749 2718 πρὸς
1798 2647 1893 2699 τὸν

310 2746 541 2814 κτίστην
571 2746 949 2817 μεταποιεῖται
989 2742 1077 2795 διὰ
1112 2744 1280 2811 μέσου
1304 2740 1397 2793 τοῦ
1429 2738 1707 2808 σώματος,
1740 2738 1891 2807 καὶὴ

308 2839 716 2909 προῦφεστῶσα
754 2836 849 2888 τοῦ
892 2835 1060 2907 ἄρτου
1089 2835 1249 2888 οὐσία
1286 2835 1446 2904 σῶμα
1476 2830 1717 2902 Χριστοῦ
1742 2831 1892 2900 γίνε-

307 2949 404 2985 ται
429 2946 443 2961 °
479 2931 573 2985 καὶ
609 2932 644 3001 ἡ
673 2929 773 3000 μὲν
803 2928 969 2981 οὐσία
995 2927 1091 2980 τοῦ
1134 2929 1303 2997 ἄρτου
1345 2925 1769 2996 μεταϐάλλεται,
1803 2925 1893 2976 ἵνα

308 3028 369 3079 ἐν
403 3024 536 3093 ἡμῖν
564 3024 626 3075 τὸ
654 3021 957 3091 μυστήριον
989 3021 1211 3090 ἐνεργῇ,
1241 3022 1337 3071 καὶ
1364 3016 1695 3087 συσσώμους
1739 3017 1890 3086 ἡμᾶς

309 3118 440 3185 ποιῇ
474 3114 570 3167 τοῦ
606 3113 873 3182 Χριστοῦ.
918 3111 986 3164 Ἦ
1009 3112 1066 3163 δὲ
1091 3109 1292 3174 ἔξωθεν
1322 3110 1564 3171 διάθεσις
1594 3106 1692 3160 τοῦ
1720 3107 1888 3177 ἄρτου

314 3209 467 3277 μένει
500 3207 663 3259 πάλιν
691 3206 723 3274 ή
758 3205 922 3273 αὐτὴ,
954 3202 1420 3271 συγκαλύπτουσα
1441 3202 1543 3271 τὴν
1572 3200 1762 3253 οὐσίαν
1793 3197 1887 3251 τοῦ

310 3265 583 3367 σώματος,
619 3265 723 3351 ἵνα.
751 3265 943 3366 μηδεῖς
974 3265 1188 3361 ῐλίγγος
1217 3295 1368 3363 ἡμᾶς
1390 3265 1709 3361 κατασχὼν,
1749 3293 1893 3343 ἀπα·
1918 3265 1963 3325 C

307 3393 456 3462 γάγῃ
510 3391 610 3460 τῆς
655 3388 1040 3459 μεταλήψεως.
1092 3387 1369 3454 Μέγιστον
1416 3384 1517 3454 μὲν
1544 3384 1638 3437 οὖν
1673 3384 1893 3437 πάντων

309 3485 420 3537 τῶν
456 3483 550 3536 τοῦ
579 3481 718 3536 Θεοῦ
758 3480 1087 3549 θαυμασίων
1122 3478 1285 3531 τοῦτό
1320 3479 1439 3530 ἐστι
1479 3477 1539 3529 τὸ
1566 3478 1889 3546 μυστήριον,

311 3574 395 3627 διὸ
426 3575 521 3626 καὶ
582 3572 807 3638 πολλὰς,
860 3572 935 3634 ὡς
984 3570 1347 3640 προείπομεν,
1408 3569 1696 3630 ἐνστάσεις
1749 3567 1889 3634 πρὸς

307 3668 467 3721 τοῦτο
496 3666 744 3719 κινοῦσιν
791 3666 942 3718 ἔνθεν
980 3664 1080 3733 μὲν
1132 3663 1379 3726 ἄπιστοι,
1430 3662 1586 3713 ἐνθεν
1634 3661 1691 3713 δὲ
1741 3662 1893 3729 αίρεο

304 3762 477 3826 τικοὶ,
507 3760 660 3815 ἔνθεν
700 3760 756 3812 δὲ
798 3758 1032 3824 ἰδιῶται,
1078 3757 1179 3810 ούκ
1231 3755 1451 3825 ἔχοντες
1502 3757 1739 3824 σονορᾷν
1801 3755 1892 3808 τὸν

307 3852 474 3921 λόγον
514 3852 611 3905 τοῦ
664 3852 990 3923 μυστηρίου,
1024 3846 1093 3913 ἃς
1148 3849 1435 3912 ἐνστάσεις
1486 3850 1544 3901 ἐν
1592 3849 1783 3921 ἐκείνῃ
1823 3852 1889 3920 τῇ

307 3943 499 4013 ὁμιλίᾳ
541 3941 906 4009 διελυσὰμεθα
930 3941 1075 3995 τότε.

383 4037 447 4087 Oi
486 4034 587 4104 μὲν
618 4034 728 4101 γάρ
760 4032 937 4083 αὐτῶν
970 4031 1257 4102 ἀποροῦσι,
1314 4032 1433 4094 πῶς
1484 4033 1542 4085 ἐν
1572 4031 1650 4101 τῷ
1679 4048 1887 4102 παραυ-

309 4128 435 4180 τίκα
472 4125 879 4196 μεταϐάλλεται
916 4127 946 4194 ἡ
981 4127 1140 4179 οὐσία
1172 4124 1268 4177 τοῦ
1294 4124 1463 4192 ἄρτου
1506 4123 1601 4177 καὶ
1633 4124 1781 4176 οἴνου
1811 4126 1892 4187 εἰς

310 4218 408 4288 τὴν
433 4219 624 4270 οὐσίαν
656 4216 749 4269 τοῦ
788 4217 1064 4287 σώματος.
1099 4218 1160 4269 Οἱ
1186 4217 1243 4270 δὲ
1275 4216 1547 4287 ἀποροῦσι
1584 4216 1703 4279 πῶς
1731 4217 1894 4275 δυνα-

317 4310 409 4362 τόν
456 4311 573 4361 ἐστι
616 4309 715 4378 τῆς
761 4309 949 4368 οὖσίας
981 4306 1075 4359 τοῦ
1120 4310 1290 4377 ἄρτου
1340 4308 1780 4379 μεταϐληθείσης
1811 4309 1892 4371 είς

308 4402 411 4469 τὴν
469 4402 659 4453 οὐσίαν
690 4400 785 4452 τοῦ
818 4400 1097 4469 σώματος,
1132 4400 1317 4469 μένειν
1378 4402 1448 4453 τὰ
1505 4400 1894 4470 συμϐεϐηκότα

307 4492 406 4546 τοῦ
463 4494 651 4561 ἄρτου,
708 4493 879 4562 ῆγουν
916 4493 976 4544 1‘)
1032 4494 1206 4560 μῆκος
1258 4492 1451 4557 αὑτοῦ,
1503 4494 1564 4546 τὸ
1614 4493 1803 4561 βάρος,
1834 4492 1895 4544 τὸ

1998 2031 2132 2069 vero
2153 2014 2330 2082 majus
2358 2014 2479 2079 illo,
2506 2025 2557 2068 et
2582 2014 2730 2081 quod
2783 2014 3033 2083 quotidie
3077 2014 3335 2082 efﬁcitur,
3361 2016 3586 2085 quando

1998 2106 2187 2161 statim
2219 2106 2477 2161 Christus
2517 2114 2855 2161 transmutat
2885 2107 3257 2163 substantiam
3324 2106 3485 2175 panis
3525 2107 3582 2160 in

1997 2197 2204 2268 proprii
2242 2198 2495 2266 corporis
2530 2196 2929 2260 substantiam,
2970 2206 3024 2250 et
3056 2196 3430 2252 substantiam
3468 2198 3582 2250 viui

2000 2291 2053 2342 iu
2117 2289 2487 2344 substantiam
2522 2290 2728 2361 proprii
2768 2289 3077 2359 sanguinis.
3122 2288 3179 2341 in
3204 2289 3383 2358 primo
3434 2289 3583 2343 enim

2000 2382 2290 2447 miraculo,
2329 2393 2528 2434 neutra
2586 2383 2635 2434 in
2696 2381 2922 2434 alteram
2970 2389 3167 2435 natura
3216 2390 3582 2436 transmutata

1995 2484 2079 2528 est
2105 2490 2119 2536 ;
2144 2474 2239 2527 sed
2273 2474 2325 2526 in
2363 2474 2571 2528 Christi
2606 2489 2865 2543 persona,
2906 2484 2962 2529 et
2995 2473 3261 2528 divinitas
3294 2483 3347 2528 et
3385 2473 3582 2526 huma-

1996 2567 2142 2619 nitas
2169 2575 2299 2618 sunt
2332 2566 2649 2619 inconfuse.
2676 2565 2747 2618 At
2771 2566 2825 2618 in
2853 2565 2957 2619 hoc
2986 2574 3337 2618 sacramento
3364 2570 3584 2616 creatu-

1996 2658 2481 2712 rain.Creatorem
2519 2657 2972 2721 trausl‘ormatur,
3010 2657 3294 2711 mediante
3322 2669 3582 2723 corpore,

1994 2739 2046 2803 ei
2084 2749 2478 2817 praeexsistens
2510 2748 2674 2817 panis
2739 2748 3073 2813 substantia,
3111 2746 3328 2801 Christi
3379 2761 3586 2814 corpus

1994 2840 2251 2895 eﬂicitur.
2292 2840 2359 2893 Et
2402 2840 2720 2895 substantia
2754 2838 2977 2909 quidem
3030 2839 3192 2909 panis
3242 2844 3582 2892 transmuta-

1996 2940 2106 2998 tur,
2146 2941 2203 2987 ut
2236 2932 2290 2986 iu
2328 2932 2511 2991 inobis
2569 2940 2981 2987 sacramentum
3032 2938 3313 3001 operetur,
3370 2945 3586 2999 nosque

1994 3039 2406 3096 concorporeos
2441 3024 2649 3079 Christi
2699 3025 2921 3079 efﬁciat.
2958 3023 3215 3079 Exterior
3263 3038 3392 3077 vero
3426 3023 3587 3091 panis

1999 3116 2270 3171 habitudo
2303 3126 2492 3172 manet
2524 3116 2890 3172 nihilominus
2924 3117 3141 3183 eadem,
3191 3125 3383 3186 tegens
3448 3114 3587 3169 sub-

1998 3208 2271 3261 stantiam
2304 3209 2576 3276 corporis,
2605 3223 2674 3261 ne
2705 3223 2810 3275 qua
2844 3222 2943 3261 nos
2982 3208 3256 3263 haesitatio
3304 3208 3581 3269 detinens,

1997 3311 2027 3349 a
2062 3298 2458 3351 communione
2486 3297 2759 3355 detrahat.
2808 3296 3105 3350 Maximum
3141 3297 3307 3367 igitur
3332 3298 3579 3350 omnium

1996 3388 2091 3442 Dei
2124 3388 2460 3443 mirabilium
2503 3397 2587 3444 est
2612 3390 2713 3443 hoc
2752 3400 3207 3455 sacramentum;
3258 3392 3402 3443 unde
3442 3392 3580 3444 mul-

1997 3488 2103 3545 tas,
2147 3492 2204 3534 ut
2254 3497 2417 3551 supra
2454 3482 2719 3545 diximus;
2756 3484 3019 3537 adversus
3065 3482 3197 3536 illud
3240 3483 3579 3552 obiectiones

1996 3582 2216 3628 movent
2244 3574 2373 3628 hinc
2406 3574 2676 3638 inﬁdeles,
2704 3574 2857 3626 illinc
2886 3575 3144 3633 hzeretici,
3186 3592 3251 3628 ex
3286 3575 3391 3627 alia
3425 3574 3585 3629 deni-

1998 3679 2106 3728 que
2133 3673 2289 3730 parte
2322 3663 2814 3725 idiota’illitterati,
2844 3663 2993 3730 quod
3029 3663 3296 3717 rationein
3333 3664 3580 3732 mysterii

1994 3757 2307 3826 perSpicerc
2331 3756 2513 3810 minus
2540 3757 2782 3815 valeant,
2822 3768 2961 3823 quas
2983 3754 3209 3822 quidem
3236 3754 3582 3823 obiectiones

1995 3864 2141 3903 nunc
2172 3848 2440 3902 diluimus
2472 3848 2529 3901 in
2563 3846 2755 3902 eadem
2781 3845 3030 3900 homilia.

2069 4033 2291 4088 illorum
2352 4034 2575 4100 quidem
2630 4032 2884 4087 nonnulli
2953 4031 3245 4102 objiciunt,
3307 4032 3585 4100 quomodo

1995 4127 2050 4180 in
2086 4134 2367 4181 momento
2413 4135 2818 4180 transmutatur
2861 4124 3170 4180 subsxautia
3199 4122 3357 4193 panis
3387 4130 3440 4175 ct
3470 4122 3583 4173 vini

1996 4218 2052 4272 in
2088 4218 2457 4273 substantiam
2490 4217 2767 4286 corporis.
2819 4215 2954 4279 Alii,
2991 4214 3269 4284 quomodo
3318 4212 3583 4280 possibile

1998 4311 2094 4375 sit,
2150 4312 2461 4366 substantia
2508 4311 2667 4380 panis
2708 4310 2918 4362 mutata
2947 4309 2999 4361 in
3035 4307 3399 4371 substantiam
3450 4322 3581 4357 cor-

1997 4404 2169 4471 poris.
2230 4416 2459 4455 manere
2533 4400 2842 4455 accidentia
2911 4399 3092 4467 panis,
3155 4412 3351 4464 nempe
3403 4395 3581 4460 longi-

1997 4496 2242 4549 tudinem
2281 4494 2420 4561 ejus,
2454 4493 2693 4563 pondus,
2734 4492 3099 4553 latitudinem,
3146 4490 3410 4551 colorem,
3444 4489 3579 4540 odo-
3656 4484 3671 4505 ‘

308 4586 533 4649 πλάτος,
566 4586 623 4638 τὸ
659 4586 880 4655 χρῶμα,
904 4586 1003 4653 τὴν
1032 4585 1231 4654 ὀσμὴν,
1264 4586 1358 4637 καὶ
1388 4585 1488 4654 τὴν
1517 4586 1573 4637 ὲν
1601 4587 1666 4653 τῇ
1696 4585 1887 4651 γεύσει

2000 4604 2136 4649 rem.
2172 4596 2227 4641 et
2265 4588 2319 4638 in
2353 4594 2517 4654 gustu
2577 4583 2923 4654 qualitatem,
2979 4580 3118 4634 adeo
3162 4589 3219 4633 ut
3272 4578 3578 4632 accidentia

310 4680 598 4746 ποιότητα,
648 4677 791 4729 ὥστε
850 4674 989 4728 εἶναι
1038 4677 1104 4728 τὰ
1147 4676 1540 4745 συμϐεϐηκότα
1593 4676 1688 4727 τοῦ
1720 4679 1889 4744 ἄρτου

308 4767 476 4834 χωρὶς
505 4766 599 4834 τῆς
628 4765 817 4827 οὐσίας
845 4764 938 4816 τοῦ
959 4765 1153 4833 ἄρτου,
1173 4765 1268 4815 καὶ
1292 4765 1390 4833 τὴν
1414 4765 1676 4832 άληοινὴν
1699 4767 1891 4820 elicias;

307 4860 404 4910 τοῦ
465 4858 714 4926 σώματος
773 4856 1123 4927 κρύπτεσθαι
1176 4859 1233 4907 ἐν
1272 4858 1681 4927 συμϐεϐηκόσιν
1724 4858 1890 4926 ἄλλης

308 4951 517 5011 οὐσίας.
556 4952 776 5019 Ἕτεροι
824 4950 1096 5020 ἀποροῦσι
1150 4949 1269 5011 πῶς
1320 4950 1553 5004 δυνατὸν
1584 4951 1706 5004 ὅλον
1745 4947 1888 5004 εἶναι

306 5044 397 5096 τὸν
443 5043 678 5111 Χριστὸν
728 5046 788 5096 ὲν
846 5044 1019 5113 μικρᾷ
1063 5042 1159 5097 τοῦ
1214 5042 1547 5113 φαινομένου
1605 5044 1887 5113 ποσότητι.

309 5134 497 5190 ’Λλλοι
544 5135 704 5187 πάλιν
754 5134 1132 5190 διαπιστοῦσιν
1188 5136 1337 5199 ὅπως
1373 5136 1436 5187 τὸ
1489 5135 1586 5188 τοῦ
1646 5135 1889 5205 Χριστοῦ

310 5226 576 5293 μυστικὸν
610 5226 770 5295 σῶμα
802 5228 895 5279 καὶ
937 5228 1281 5298 τεμνόμενον
1310 5227 1575 5298 ἀκέραιον
1617 5226 1887 5295 διαμένει,

304 5316 400 5366 καὶ
451 5316 560 5366 τῶν
616 5318 924 5387 τμημάτων
974 5318 1233 5384 ἕκαστον,
1278 5319 1411 5370 αὐτὸ
1457 5316 1580 5370 ὅλον
1625 5318 1743 5370 ἐστὶ
1793 5317 1887 5370 τοῦ

303 5408 547 5475 Χριστοῦ
580 5410 738 5478 σῶμα
766 5412 859 5462 καὶ
887 5411 1120 5466 τέλειον.
1160 5412 1485 5482 Ἀποροῦσιν
1507 5410 1710 5481 ἕτεροι,
1738 5411 1767 5489 ζ
1794 5412 1888 5465 καὶ

307 5500 573 5568 μεγίστην
620 5501 736 5571 ἕχει
772 5504 1031 5571 ἀπορίαν,
1085 5503 1201 5566 πῶς
1254 5508 1316 5557 τὸ
1354 5506 1490 5558 αὐτὸ
1538 5507 1618 5568 εἰς
1678 5505 1734 5557 ἓν
1792 5506 1885 5558 τεῦ

302 5593 547 5658 Χριστοῦ
580 5595 741 5665 σῶμά
762 5596 903 5661 ἐστι,
936 5599 1033 5649 καὶ
1059 5600 1117 5651 ὲν
1141 5598 1381 5669 οὐρανῷ,
1402 5600 1500 5652 καὶ
1523 5601 1580 5651 ἐν
1607 5598 1887 5661 πλείστοις

302 5686 424 5754 ἇμα
456 5686 873 5758 θυσιαστηρίοις
908 5692 967 5741 ἐν
1021 5694 1114 5762 γῇ.
1171 5692 1338 5745 Ἀλλά
1392 5693 1598 5755 ταύτας
1635 5671 1735 5762 μὲν
1790 5696 1887 5753 τὰς

301 5776 545 5845 ἀπορίας
582 5779 675 5830 καὶ
718 5779 1026 5852 λελύκαμεν
1058 5784 1201 5847 τότε,
1244 5787 1343 5837 καὶ
1378 5785 1658 5854 δυνάμεθα
1710 5785 1881 5851 λύειν,

298 5868 650 5941 τῇηΧριστοῦ
684 5872 1022 5940 φωτίσαντος
1060 5879 1205 5948 ἡμᾶς
1234 5880 1419 5947 χςὶριτι
1448 5892 1459 5906 ’
1507 5879 1708 5947 “in,”
1753 5878 1807 5930 δὲ
1840 5882 1885 5931 οἱ

1972 4683 2156 4752 spanis
2182 4682 2293 4735 sint
2328 4680 2536 4747 absque
2566 4676 2877 4734 substantia
2917 4675 3094 4744 patiis,
3167 4684 3220 4726 et
3268 4688 3394 4725 vera
3445 4675 3579 4725 sub-

2003 4773 2211 4828 stantia
2276 4771 2524 4840 corporis
2586 4770 2753 4823 lateat
2821 4769 2876 4821 in
2907 4766 3289 4821 accidentibus
3351 4765 3578 4820 alterius

1996 4866 2344 4921 substantiae.
2408 4863 2513 4916 Alii
2551 4869 2805 4931 quaerunt
2860 4860 3137 4928 quomodo
3189 4857 3453 4928 possibile
3504 4859 3579 4911 sit

1995 4966 2165 5012 totum
2195 4956 2477 5011 Christum
2511 4969 2634 5008 esse
2668 4954 2722 5005 in
2755 4949 2980 5004 minima
3006 4948 3155 5002 illius
3186 4946 3330 5017 quod
3362 4946 3579 5000 videtur

1995 5051 2323 5119 quantitate.
2346 5047 2478 5111 Alii,
2509 5045 2787 5116 quomodo
2810 5058 3013 5111 corpus
3039 5041 3239 5095 Christi
3276 5040 3570 5109 mysticum

1994 5159 2091 5197 seu
2154 5138 2577 5199 sacramentale,
2635 5138 2962 5197 dissectum,
3020 5140 3239 5186 maneat
3296 5134 3567 5202 integrum

1996 5245 2197 5293 tamen.
2234 5240 2287 5285 et
2318 5245 2658 5298 unaquaeque
2720 5226 2981 5295 particula
3020 5225 3090 5279 sit
3118 5240 3321 5293 corpus
3369 5222 3577 5278 Christi

1994 5336 2165 5379 totum
2195 5332 2355 5392 atque
2395 5320 2724 5392 perfectum.
2759 5318 3029 5385 Quaerunt
3061 5319 3177 5381 alii,
3215 5317 3360 5385 quod
3410 5319 3579 5371 etiam

1996 5418 2294 5470 maximam
2346 5414 2719 5467 diliieultatem
2759 5412 2944 5473 habet,
2998 5410 3277 5477 quomodo
3328 5409 3470 5462 idem
3520 5420 3573 5463 et

1994 5520 2160 5556 unum
2197 5502 2398 5557 Christi
2433 5517 2637 5569 corpus
2678 5502 2729 5552 in
2764 5501 2904 5556 cmlo
2958 5509 3063 5561 est,
3118 5506 3168 5549 et
3207 5498 3259 5549 in
3318 5497 3575 5563 plurimis

1994 5597 2154 5647 simul
2181 5612 2347 5663 super
2382 5606 2585 5647 terram
2610 5592 2888 5645 altaribus.
2928 5590 3032 5642 Sed
3068 5590 3420 5643 diliicultati-s
3449 5590 3579 5644 iilas

1996 5702 2045 5742 rt
2081 5699 2209 5740 tunc
2232 5688 2521 5749 solvimus,
2568 5694 2619 5737 (οι
2650 5684 2859 5735 solvere
2918 5682 3215 5733 ctiauiuuiu
3254 5697 3577 5749 possumus.

1995 5782 2201 5836 (Zhristi
2239 5782 2416 5849 gratia
2448 5793 2549 5831 nos
2596 5776 2978 5835 illuminante;
3010 5772 3091 5824 vel
3128 5774 3309 5840 potius
3339 5790 3435 5827 eas
3463 5774 3579 5829 dis-

1996 5876 2217 5931 solvunt
2280 5868 2677 5939 sttpicttitsdaii
2722 5863 2975 5918 Ecci-siu
3041 5863 3324 5927 doctm‘t's,
3388 5869 3587 5935 gratio;
