4176 6278
570 410 679 471 3Ἱ9

1600 401 1980 463 GENNADII
2013 399 2123 461 (ΣΡ.
2163 389 2681 457 ΡΑΤΒΙΑΒΕΗΕ

3716 381 3825 445 380

570 529 625 574 ct
657 516 821 572 studii
857 515 901 570 si
936 530 1056 585 qme
1106 513 1159 567 in
1197 513 1357 568 nobis
1408 519 1563 578 sunt,
1607 521 1865 569 auctores
1900 521 1959 568 et
1998 510 2180 583 prin-.

2279 509 2528 574 ιάνσοφοι
2581 502 2683 573 τῆς
2756 496 3087 567 Ἐκκλησίας
3142 495 3455 549 διδάσκαλοι
3509 494 3730 549 λύουσιν
3775 497 3834 550 οῑ

570 627 744 681 czpes.

649 704 756 757 Vos
808 715 975 771 porro
1006 701 1217 771 absque
1264 698 1612 755 dubitatione
1649 697 1875 753 credere
1921 695 2150 760 debetis,

573 803 628 849 et
656 794 955 850 Christiani
973 808 1167 848 omnes
1200 792 1342 848 idem
1369 791 1594 848 credere
1618 790 1909 853 debemus.
1927 787 2077 858 quod
2096 786 2150 840 iu

578 884 969 941 sacramentali
991 884 1082 938 illo
1113 897 1342 953 corpore
1376 898 1502 937 vere
1529 888 1614 937 est
1656 879 1922 935 Dominus
1970 887 2155 933 noster

578 977 739 1032 .lesus
761 976 1033 1043 Christus;
1075 975 1167 1046 qui
1190 983 1353 1029 natus
1380 983 1466 1030 est
1497 990 1565 1029 ex
1593 971 1762 1027 Maria
1792 973 2030 1041 Virgine,
2059 969 2155 1041 qui

582 1070 637 1124 in
669 1084 833 1123 cruce
870 1069 1001 1122 olim
1032 1067 1156 1131 fuit,
1187 1076 1243 1122 et
1273 1081 1417 1121 nunc
1448 1066 1502 1119 in
1538 1066 1677 1120 ccelo
1709 1072 1813 1129 est,
1850 1063 1991 1119 idem
2040 1063 2156 1133 ipse

580 1170 637 1216 et
664 1162 876 1229 integer
905 1159 1010 1214 sub
1031 1158 1411 1213 accidentibus
1437 1157 1598 1227 panis
1626 1156 1959 1222 occultatus,
1988 1161 2044 1209 et
2072 1168 2158 1210 se-

582 1254 822 1309 cundum
870 1252 1236 1307 substantiam
1283 1258 1370 1306 est
1403 1250 1456 1305 in
1492 1261 1860 1317 sacramento,
1915 1263 2026 1305 non
2073 1263 2161 1304 se-

581 1343 827 1399 cundum
892 1341 1134 1411 gratiam
1186 1349 1281 1396 aut
1338 1341 1666 1412 potentiam.
1727 1338 1919 1410 Neque
1976 1354 2160 1397 sacra-

585 1432 822 1486 mentale
856 1431 1065 1486 Christi
1118 1446 1323 1500 corpus
1357 1441 1522 1501 typus
1579 1439 1667 1486 est
1717 1431 1832 1486 veri
1885 1430 2159 1501 corporis,
2203 1444 2209 1449 '

584 1525 678 1579 sed
719 1524 924 1602 veritas
979 1524 1095 1592 ipsa
1145 1532 1232 1578 est
1276 1522 1425 1578 illius
1474 1524 1742 1595 corporis.
1804 1523 1960 1579 Nunc
2014 1524 2160 1578 enim

586 1634 695 1672 non
718 1633 813 1688 per
841 1626 1000 1688 typos
1020 1626 1116 1672 aut
1136 1618 1386 1683 umbras,
1412 1628 1472 1673 ut
1496 1619 1551 1673 in
1588 1620 1758 1676 veteri
1783 1618 2161 1684 Testamento,

588 1708 682 1763 sed
712 1723 809 1779 per
827 1723 916 1764 res
955 1717 1010 1763 et
1046 1709 1305 1765 veritates
1344 1710 1669 1779 religiosum
1694 1711 1900 1764 cultum
1938 1709 2164 1765 exhibe-

590 1817 738 1898 mus.
784 1801 1027 1898 Quod‘si
1077 1810 1395 1898 sanctorum
1456 1803 1660 1898 aliquis
1704 1803 2018 1898 antitypnm
2071 1815 2166 1870 apo
2200 1845 2240 1898 Β

548 1898 551 1899 ⁷
591 1893 765 1959 pellat
792 1891 1126 1948 sacriﬁcium
1162 1894 1268 1948 hoc
1296 1909 1469 1950 cmnae
1495 1894 1658 1949 istius
1698 1892 2021 1954 Dominicae.
2052 1906 2165 1946 ma-

590 1981 848 2037 nifestum
910 1990 1019 2045 est.
1072 1982 1405 2039 sacriﬁcium
1450 1983 1672 2054 quidem
1725 1983 1931 2054 ipsum,
1976 1989 2165 2052 typum

588 2087 714 2127 esse
737 2072 997 2128 sacriﬁcii
1053 2073 1229 2141 illius,
1258 2083 1318 2129 ut
1353 2075 1445 2145 qui
1484 2089 1631 2130 nunc
1664 2073 2004 2140 sacrificant,
2054 2073 2168 2144 ιγρί

592 2173 723 2220 sunt
752 2164 880 2222 Jesn
915 2175 1048 2220 tunc
1078 2166 1469 2222 sacrillcantis.
1505 2166 1743 2222 Eﬂ‘ectus
1773 2177 1957 2222 autem
1992 2166 2169 2221 sacri—

595 2259 726 2322 ﬁcii,
760 2258 903 2313 idem
935 2267 1020 2315 est
1046 2268 1104 2314 ut
1131 2259 1263 2314 olim
1296 2266 1351 2313 et
1384 2273 1554 2324 nunc,
1588 2258 2172 2314 Transsubstantiatio

593 2350 827 2415 scilicet,
888 2358 944 2407 et
982 2350 1225 2405 maxime
1257 2350 1731 2419 .supernatnralis
1791 2350 2171 2407 transmutatio

594 2444 753 2512 panis
789 2443 846 2497 in
880 2457 1103 2498 carnem
1139 2441 1464 2507 animatam,
1493 2449 1548 2496 et
1576 2440 1818 2496 divinam
1854 2439 2077 2505 factam,
2119 2451 2175 2496 et

595 2536 707 2590 vini
761 2536 817 2590 in
874 2535 1336 2607 pretiosissimum
1390 2533 1508 2604 ejus
1533 2534 1883 2604 sanguinem.
1916 2534 2171 2605 Antitypa

598 2633 767 2699 igitur
804 2629 914 2685 dici
955 2638 1188 2699 possunt
1218 2644 1282 2684 ea
1316 2644 1439 2699 quae
1470 2629 1527 2684 in
1575 2628 1852 2684 sacrificio
1891 2627 2054 2694 ﬁunt,
2088 2643 2176 2685 se-

596 2721 838 2777 cundum
890 2720 1231 2792 operationis
1288 2719 1537 2784 modum,
1603 2733 1800 2789 nempe
1859 2720 1987 2790 quia
2046 2729 2177 2774 tunc

597 2810 920 2866 immediate
938 2810 1102 2866 .lesns
1121 2811 1451 2866 miraculum
1482 2809 1839 2881 operabatur,
1868 2824 2016 2865 nunc
2043 2824 2177 2865 vero

601 2917 700 2971 per
717 2899 979 2958 Ecclesiae
1001 2903 1284 2958 ministros
1308 2902 1363 2957 id
1392 2902 1572 2969 ipsum
1597 2901 1951 2958 invisibiliter
1989 2898 2178 2967 edicit,

601 3011 729 3051 cum
756 2996 942 3052 divina
979 3005 1252 3066 potestate
1283 3010 1524 3065 praesens
1558 2995 1763 3069 ubique
1791 2997 1884 3061 sit,
1910 3004 1967 3054 et.
1992 2997 2179 3053 omnia

600 3090 838 3159 repleat.
882 3088 1123 3145 Effectus
1163 3105 1295 3146 vero
1326 3090 1690 3161 operationis,
1744 3091 1954 3147 scilicet
2005 3101 2184 3147 trans-

2253 595 2633 667 καθηγεμόνες
2666 592 2769 663 τῆς
2800 592 2859 644 ὲν
2888 591 3023 661 ἡμῖν
3049 591 3273 661 χάριτος
3304 589 3399 643 καὶ
3428 589 3686 658 σπουδῆς.

2335 691 2531 761 Ὑμεῖς
2570 686 2629 742 δὲ
2668 683 2915 755 ὀφείλετε
2975 681 3259 738 πιστεύειν
3289 681 3700 751 ἀναμφιϐόλως,
3734 681 3836 735 καὶ

2254 785 2454 844 πάντες
2487 777 2806 849 Χριστιανοὶ
2863 773 3009 829 οὕτω
3058 772 3338 827 πιστεύειν
3376 772 3692 842 ὀφείλομεν,
3745 773 3831 826 ’ὁτι

2254 880 2315 931 ἐν
2350 872 2601 946 μυστικῷ
2648 872 2826 941 τούτῳ
2872 867 3111 937 σώματι,
3145 864 3304 927 αὐτός
3351 866 3500 916 ἔστιν
3537 863 3753 931 ἀληθῶς
3804 864 3834 916 ὁ

2258 968 2462 1037 Κύριος
2511 963 2669 1035 ἡμῶν
2735 959 2947 1031 Ἰησοῦς
2976 956 3237 1027 Χριστὸς,
3294 956 3323 1009 ὀ
3373 956 3436 1009 ὲκ
3482 955 3581 1021 τῆς
3615 952 3835 1024 Μαρίας

2262 1061 2546 1132 Παρθένου
2582 1057 2889 1127 γεννηθεὶς,
2920 1058 2948 1108 ὁ
2995 1054 3088 1107 ἐπὶ
3135 1050 3399 1121 σταυροῦ,
3448 1052 3476 1105 ὁ
3529 1051 3586 1103 ἐν
3620 1048 3834 1121 οὐρανῷ

2259 1156 2377 1218 νῦν,
2411 1153 2578 1214 αὐτὸς
2606 1151 2815 1212 ἐκεῖνος
2841 1146 3161 1216 ὁλόκληρος,
3186 1145 3291 1197 ὑπὸ
3312 1145 3425 1205 τοῖς
3458 1142 3835 1212 συμϐεϐηκόσι

2260 1245 2353 1298 τοῦ
2387 1244 2554 1315 ἄρτου
2589 1240 3111 1309 συγκαλυπτόμενος
3140 1253 3154 1268 ·
3187 1238 3283 1291 καὶ
3317 1235 3439 1290 κατ’
3463 1235 3651 1287 οὐσίαν
3685 1233 3835 1286 ἐστὶν

2261 1338 2321 1390 ιν
2348 1337 2424 1406 τῷ
2453 1334 2762 1407 μυστηρίῳ,
2814 1332 2877 1385 οὐ
2928 1331 3072 1386 κατὰ
3109 1329 3270 1401 χάριν
3303 1328 3337 1392 ἢ
3390 1326 3640 1395 δύναμιν.
3673 1325 3837 1407 ΔΟὐδὲ.

2261 1402 2437 1486 τύπος
2454 1402 2589 1477 νὲστὶ
2706 1419 2974 1491 μυστικὸν
2995 1417 3092 1473 τοῦ
3124 1417 3363 1488 Χριστοῦ
3393 1416 3553 1487 σῶμα
3580 1402 3841 1482 τοῦάλη-

2266 1516 2395 1580 θοῦς
2427 1514 2705 1585 σώματος,
2731 1513 2867 1566 ἀλλά
2901 1513 2935 1582 ἡ
2969 1511 3200 1581 ἀλήθεια
3240 1510 3427 1579 ἐκείνη
3455 1507 3552 1561 τοῦ
3582 1505 3841 1574 σώματός

2264 1607 2437 1660 ἐστιν.
2465 1604 2542 1657 Οὐ
2561 1603 2671 1673 γὰρ
2707 1601 2905 1664 τύποις
2941 1598 3064 1653 οὐδὲ
3100 1601 3285 1662 σκιαῖς
3316 1596 3411 1651 νῦν
3441 1595 3517 1660 ὡς
3544 1598 3602 1649 ὲν
3629 1597 3694 1665 τῇ
3724 1595 3841 1647 Πα-

2264 1701 2416 1772 λαιᾷ,
2451 1698 2588 1754 ἀλλὰ
2620 1698 2915 1769 πράγμασι
2944 1695 3041 1749 καὶ
3070 1693 3357 1764 ἀληθείαις
3389 1691 3749 1759 λατρεύομεν.
3776 1687 3843 1741 Εἰ

2267 1791 2323 1843 δέ
2351 1809 2434 1855 τις
2463 1791 2574 1843 τῶν
2600 1790 2775 1858 ἁγίων
2813 1788 3109 1842 ἀντίτυπον
3138 1786 3290 1855 λέγει
3341 1784 3442 1857 τὴν
3489 1784 3684 1836 θυσίαν
3714 1781 3843 1835 ταύ-

2269 1897 2367 1949 την
2424 1879 2521 1933 τοῦ
2574 1876 2911 1932 Δεσποτικοῦ
2958 1876 3175 1929 δείπνου
3209 1874 3446 1941 ἐκείνου,
3475 1871 3636 1944 δῆλόν
3686 1858 3845 1925 ἐστιν

2268 1974 2351 2026 ὅτι
2383 1974 2416 2044 ἡ
2444 1972 2605 2028 θυσία
2638 1972 2740 2042 μὲν
2774 1972 2933 2043 αῦτη,
2964 1969 3132 2033 τύπος
3177 1968 3296 2023 ἐστὶ
3346 1968 3443 2037 τῆς
3475 1966 3666 2028 θυσίας
3698 1964 3848 2018 ὲκεί-

2270 2081 2389 2135 νης,
2427 2064 2617 2134 ὥσπερ
2646 2065 2741 2117 καὶ
2767 2065 2816 2116 οἱ
2846 2064 2942 2116 νῦν
2975 2062 3200 2124 θύοντες
3256 2061 3421 2115 τύποι
3452 2061 3562 2114 εἰσὶ
3587 2057 3681 2113 τοῦ
3718 2061 3846 2111 τότε

2272 2160 2538 2220 θύσαντος
2590 2155 2790 2226 Ἰησοῦ.
2825 2156 2897 2209 Τὸ
2926 2154 2983 2208 δὲ
3027 2153 3379 2223 ἀποτέλεσμα
3417 2152 3517 2221 τῆς
3543 2150 3733 2215 θυσίας
3783 2152 3850 2206 τδ
3908 2171 3915 2177 °

2273 2252 2408 2307 αὑτό
2432 2252 2551 2305 ὲστι
2573 2249 2668 2303 καὶ
2700 2248 2821 2301 τότε
2841 2248 2938 2302 καὶ
2964 2246 3085 2313 νῦν,
3110 2249 3142 2315 ἡ
3185 2244 3548 2316 μετουσίωσις
3576 2241 3846 2312 δηλονότι,

2275 2342 2371 2396 καὶ
2405 2344 2439 2413 ἡ
2487 2340 2917 2410 ύπερφυεστατη
2962 2335 3259 2408 μεταϐολὴ,
3297 2335 3434 2406 πρὸς
3468 2334 3568 2402 τὴν
3601 2333 3851 2403 ἔμψυχον

2276 2434 2370 2488 καὶ
2397 2432 2748 2502 τεθεωμένην
2773 2432 2977 2501 σάρκα,
3008 2431 3104 2483 καὶ
3129 2429 3222 2482 τοῦ
3259 2426 3407 2481 οίνου
3432 2426 3567 2497 πρὸς
3596 2425 3659 2478 τὸ
3685 2425 3786 2478 ύπὲ
3797 2442 3857 2494 ρ-

2276 2542 2438 2595 τιμον
2467 2523 2634 2578 αὑτοῦ
2657 2522 2819 2594 αἷμα.
2867 2523 3169 2576 ⁹Αντίτυπιν.
3197 2520 3291 2573 οὖν
3320 2519 3573 2572 δύνανται
3597 2517 3855 2587 λέγεσθαι

2276 2620 2346 2673 τὰ
2373 2621 2431 2673 ἐν
2460 2622 2525 2687 τῇ
2559 2616 2725 2688 θυσία
2754 2616 3029 2685 γενόμενα
3080 2613 3223 2668 κατὰ
3279 2612 3380 2683 τὴν
3430 2612 3730 2682 ἐνέργειαν,
3776 2610 3856 2672 ὡς

2278 2709 2402 2762 τότε
2436 2709 2536 2776 μὲν
2566 2707 2785 2774 ἀμέσως
2807 2704 2973 2759 αὑτοῦ
2994 2703 3088 2759 τοῦ
3129 2700 3310 2770 Ἰησοῦ
3342 2700 3403 2754 τὸ
3431 2698 3614 2770 θαῦμα
3635 2697 3858 2751 ποιοῦν-

2281 2816 2393 2865 τος,
2426 2799 2523 2850 νῦν
2552 2798 2607 2851 δὲ
2630 2798 2718 2850 διὰ
2751 2797 2862 2850 τῶν
2891 2796 2988 2866 τῆς
3026 2791 3357 2864 Ἐκκλησίας
3390 2790 3702 2860 ὑπηρετῶν,
3733 2787 3862 2841 τοῦ·

2280 2908 2342 2944 το
2370 2890 2504 2944 αὐτὸ
2526 2890 2750 2958 ἀφανῶς
2779 2889 3135 2957 πράττοντος,
3162 2886 3256 2938 καὶ
3281 2880 3561 2951 πανταχοῦ
3592 2878 3858 2947 παρόντος

2284 2983 2403 3053 θείᾳ
2432 2968 2686 3052 δυνάμει,
2720 2981 2815 3033 καὶ
2847 2979 3027 3033 πάντα
3074 2973 3430 3046 πληροῦντος.
3468 2971 3542 3023 Τὸ
3573 2970 3629 3023 δὲ
3659 2960 3863 3022 ἀποτέ-

2284 3075 2463 3144 λεσμα
2495 3076 2593 3142 τῆς
2627 3070 2992 3142 ὲνεργείας,ή
3020 3064 3291 3138 μεταϐολὴ
3322 3063 3417 3117 τοῦ
3448 3064 3618 3135 ἄρτου
3650 3057 3866 3113 καὶτοῦ

602 3182 834 3237 mutatio
871 3181 1031 3252 panis
1059 3190 1114 3238 et
1143 3181 1254 3236 vini
1285 3181 1339 3237 in
1373 3197 1565 3237 verum
1615 3182 1823 3239 Christi
1879 3197 2082 3255 corpus
2127 3191 2180 3239 et

2286 3168 2432 3222 οἴνου
2470 3166 2606 3237 πρὸς
2636 3164 2697 3217 τὸ
2738 3162 2935 3231 ἀληθὲς
2969 3159 3064 3214 τοῦ
3099 3153 3343 3226 Χριστοῦ
3375 3153 3534 3224 σῶμα
3572 3151 3670 3207 καὶ
3699 3147 3864 3221 αἷμα,

602 3273 955 3343 sanguinem,
989 3281 1044 3328 et
1071 3279 1204 3327 tunc
1236 3271 1363 3337 fuit,
1396 3279 1452 3327 et
1477 3288 1623 3327 nunc
1656 3271 1822 3328 etiam
1869 3279 1974 3328 est.

674 3366 793 3422 Hoc
842 3363 1095 3423 Ecclesia
1143 3364 1353 3422 Christi
1400 3364 1663 3436 praedicat
1710 3381 1728 3420 :
1767 3364 1871 3420 hoc
1903 3365 2188 3422 miraculis

604 3479 752 3535 szepe
784 3463 1175 3529 conﬁrmatum
1216 3470 1303 3519 est
1338 3478 1467 3532 erga
1501 3462 1843 3526 incredulos,
1878 3467 1939 3515 ut
1960 3459 2073 3529 jam
2105 3461 2189 3516 di-

603 3560 811 3624 ximus,
843 3570 1083 3627 quorum
1110 3556 1282 3626 aliqui
1314 3555 1577 3609 viderunt
1606 3554 1661 3608 in
1692 3568 1853 3610 sacro
1888 3566 2015 3608 vase
2046 3552 2192 3608 inte-

607 3665 767 3721 grum
803 3660 857 3705 et
886 3649 1154 3705 viventem
1192 3647 1484 3703 Dominum
1544 3656 1823 3713 nostrum,
1861 3651 1917 3701 et
1969 3644 2192 3701 attoniti

607 3741 983 3799 crediderunt.
1020 3741 1127 3796 Alii
1154 3741 1511 3796 temerariam
1539 3738 1876 3796 sacramenti
1903 3738 2195 3809 experien-

610 3835 746 3891 tiam
778 3833 1070 3899 facientes,
1105 3849 1231 3889 cum
1270 3834 1450 3887 anima
1487 3832 1657 3887 vitam
1705 3845 1927 3902 quoque
1957 3830 2194 3885 violenta

611 3934 791 3981 morte
818 3925 1149 3978 amiserunt.
1193 3923 1447 3977 Eﬂicaeia
1492 3921 1661 3988 igitur
1695 3920 1877 3974 omnis
1907 3919 2072 3987 hujus
2106 3934 2197 3975 sa-

579 3998 584 4003 .
613 4016 910 4077 cramenti,
941 4022 997 4068 et
1038 4028 1151 4082 prae
1177 4013 1408 4083 reliquis
1443 4012 1811 4066 sacramentis
1841 4010 2193 4078 excellentia,

614 4107 781 4164 exiis
812 4120 935 4175 qua:
977 4104 1123 4158 dicta
1179 4114 1312 4159 sunt
1364 4103 1600 4158 edicitur
1640 4112 1695 4156 et
1742 4102 2195 4157 demonstratur:

616 4214 741 4269 quae
775 4214 899 4252 cum
945 4196 1103 4251 multi
1158 4195 1414 4249 homines
1461 4194 1740 4264 ignorent,
1785 4192 2056 4248 minorem
2108 4192 2196 4247 id-

619 4295 770 4347 circo
798 4305 960 4359 quam
994 4303 1094 4359 par
1121 4297 1269 4344 esset
1301 4286 1349 4343 ei
1376 4287 1741 4342 reverentiam
1779 4285 2127 4354 impendunt,
2145 4293 2200 4340 et

621 4396 745 4439 ante
767 4383 1245 4447 communionem,
1262 4389 1316 4434 et
1340 4382 1393 4435 in
1421 4382 1539 4450 ipsa
1567 4378 1973 4442 communione,
1997 4387 2049 4432 et
2076 4383 2201 4448 post

622 4478 1093 4541 cntnmunionem,
1152 4477 1208 4530 in
1272 4490 1385 4544 quo
1434 4490 1464 4527 a
1527 4472 1912 4533 sacerdotibus
1935 4479 1987 4525 et
2040 4471 2199 4525 laicis

2289 3266 2384 3319 καὶ
2412 3266 2533 3316 τότε
2571 3258 2661 3333 ἦν,
2694 3260 2790 3314 καὶ
2829 3257 2923 3311 νῦν
2947 3259 3087 3311 ἐστι.

2362 3356 2535 3409 Τοῦτο
2567 3355 2600 3423 ἡ
2630 3352 2723 3406 τοῦ
2761 3349 2999 3423 Χριστοῦ
3045 3345 3346 3417 Ἐκκλησία
3370 3343 3671 3416 κηρύττει·
3709 3339 3873 3394 τοῦτο

2299 3448 2629 3509 θαυμασίοις
2662 3442 2925 3501 πολλάκις
2966 3438 3276 3509 ἐϐεϐαιώθη
3312 3437 3450 3508 πρδς
3507 3436 3635 3497 τοὺς
3681 3433 3867 3486 διαπιο

2293 3540 2578 3599 στοῦντας.
2602 3537 2677 3600 ὡς
2703 3536 2967 3603 πρότερον
2991 3531 3241 3601 εἴπομεν,
3263 3530 3359 3584 καὶ
3387 3524 3526 3580 εἶδον
3554 3527 3610 3578 ὲν
3633 3523 3709 3595 τῷ
3734 3523 3871 3594 ἱερῷ

2295 3632 2480 3686 σκεύει
2531 3629 2826 3698 ὁλόκληρον
2895 3625 2989 3679 τὸν
3038 3620 3245 3694 Κύριον
3315 3620 3475 3691 ἡμῶν
3520 3618 3721 3682 ζῶντα,
3774 3616 3874 3667 καὶ

2294 3718 2734 3776 πεπιστεύκασιν
2765 3713 3158 3784 ἐκπλαγέντες.
3192 3710 3378 3765 Ἀλλοι
3411 3706 3726 3776 πειρασμὸν
3772 3703 3872 3756 τοῦ

2298 3810 2603 3884 μυστηρίου
2643 3807 2974 3877 ποιήσαντες
3030 3800 3330 3872 τολμηρὸν,
3388 3798 3527 3869 μετὰ
3564 3797 3664 3864 τῆς
3695 3795 3880 3864 ψυχῆς

2296 3908 2393 3960 καὶ
2420 3904 2519 3975 τὴν
2551 3902 2698 3971 ζωὴν
2759 3897 2950 3968 βιαίως
2981 3893 3293 3949 ἀπώλεσαν.
3335 3890 3447 3944 Καὶ
3478 3886 3879 3958 δραστηριότης

2298 3998 2449 4050 πᾶσα
2473 3995 2565 4049 τοῦ
2605 3990 2910 4063 μυστηρίου
2950 3985 3169 4065 τούτου..
3196 3983 3294 4037 καὶ
3344 3983 3479 4052 πρὸς
3505 3980 3575 4033 τὰ
3606 3978 3742 4032 ἄλλα
3766 3977 3882 4030 τῶν

2304 4085 2623 4159 μυστηρίων
2671 4079 2914 4152 ὑπεροχὴ
2968 4074 3224 4131 ἐντεῦθέν
3275 4075 3392 4128 ἔστι
3424 4071 3521 4125 καὶ
3574 4069 3882 4159 δείκνυται,

2302 4158 2395 4235 καὶ
2439 4179 2492 4233 οἱ
2518 4175 2708 4231 πολλοὶ
2739 4173 2848 4227 τῶν
2882 4169 3191 4240 ἀνθρώπων
3244 4166 3589 4234 ἀγνοοῦντες,
3627 4158 3885 4213 ἐντεῦθεν

2301 4275 2397 4328 καὶ⁷
2430 4271 2659 4326 ἔλαττον
2704 4267 2805 4337 τῆς
2833 4260 3197 4334 ὀφειλομένης
3227 4256 3512 4318 εὐλαϐείας
3543 4252 3861 4320 ἀπονέμουσ

2300 4367 2397 4422 καὶ
2463 4363 2571 4436 πρὸ
2604 4362 2705 4434 τῆς
2753 4355 3137 4430 μεταλήψεως,
3169 4352 3263 4405 καὶ
3312 4351 3370 4402 ὲν
3416 4347 3555 4416 αὐτῇ
3591 4345 3656 4413 τῇ
3709 4357 3889 4436 μετα-

2299 4461 2483 4533 λήψει,
2512 4435 2609 4513 καὶ
2637 4454 2777 4527 μετὰ
2801 4453 2901 4524 τὴν
2927 4447 3256 4521 μετάληψιν,
3276 4437 3567 4514 ίερώμενοί
3585 4453 3644 4489 τε
3680 4435 3890 4533 ὁμοὲως

1275 4523 1380 4544 .,_-
1436 4523 1464 4527 --
1529 4523 1908 4533 ---ηηηνηη
1973 4523 1985 4525 -

527 4615 535 4623 ,
621 4588 777 4643 aeque
831 4579 1108 4641 peccatur.
1140 4568 1244 4623 Vos
1276 4578 1460 4622 autem
1518 4581 1735 4634 semper
1772 4577 2180 4633 crgamngnun

2304 4523 2401 4610 κᾶἱ
2431 4523 2649 4607 λαῖκοίί
2677 4523 2868 4616 Ὑμεῖς
2897 4543 2955 4596 δὲ
2990 4542 3076 4595 ἀεὶ
3110 4539 3210 4609 μὲν
3236 4534 3482 4595 εὐλαϐεῖς
3514 4525 3801 4629 ἐστε-περὶ

623 4664 769 4722 istud
793 4671 847 4717 ct
876 4663 1207 4731 stupendum
1235 4660 1555 4730 mysterium
1582 4655 1816 4726 religiosi
1853 4664 2060 4709 estote:
2088 4666 2202 4710 tum

626 4772 757 4811 vero
783 4756 1044 4824 deinceps
1081 4768 1180 4822 pro
1218 4753 1378 4807 nobis
1414 4761 1567 4805 orate
1599 4749 1920 4820 impensius,
1954 4754 2016 4801 ut
2038 4746 2205 4816 pieta-

584 4858 599 4873 ‘
626 4859 731 4903 tum
768 4863 887 4917 qum
919 4846 974 4900 in
1013 4844 1169 4900 vobis
1221 4854 1575 4914 angmcntum
1637 4840 1838 4909 capiet,
1897 4837 2199 4894 imitemur.

2316 4646 2462 4716 μέγα
2493 4640 2653 4696 τοῦτο
2676 4638 2772 4691 καὶ
2804 4634 3010 4703 ξενίζον
3046 4631 3345 4701 μυστήριον
3371 4637 3387 4653 ⁵
3429 4622 3539 4677 ἀπὸ
3570 4618 3664 4716 τοῦ
3705 4616 3801 4669 νῦν
3832 4616 3895 4668 δὲ

2306 4709 2591 4805 κχιήμῶν
2616 4725 2990 4800 ύπερεύχεσθε
3018 4719 3308 4792 μιμεῖσθαι
3335 4715 3434 4787 τὴν
3468 4715 3524 4767 ἑν
3556 4709 3685 4781 ὑμῖν
3727 4724 3895 4778 γενη-

2310 4828 2549 4899 σομένην
2585 4820 2908 4892 προσθήκην
2948 4815 3047 4884 τῆς
3078 4808 3394 4874 εὐλαϐείας.
