4176 6278
300 302 409 364 385

1399 304 1900 367 ADHORTATIO
1941 308 2043 367 AD
2081 309 2476 368 SYNODUM.

3481 313 3586 375 386

299 419 664 493 Ἀνατολικῆς
695 423 1024 491 Ἑκκλησίας
1062 421 1192 493 ἄχρι
1223 422 1410 488 τέλως
1434 427 1696 494 ὀμόφρων
1730 443 1892 495 γεγο-

1998 426 2067 481 cti
2102 435 2306 496 patres,
2332 438 2382 482 et
2404 428 2676 498 generalia
2703 430 2932 484 concilia
2954 444 3330 499 satpennnn'ro
3365 429 3587 483 damna-

295 512 403 575 νὼς
436 516 527 568 καὶ
547 516 861 579 ἀκόλουθος·
895 517 1082 585 ἔτερος
1117 518 1173 571 δὲ
1217 518 1292 586 τῷ
1345 519 1481 587 πρὸς
1526 520 1614 574 τὸν
1670 519 1898 590 Μάρκον

294 610 530 680 φίλτρῳ,
595 612 755 682 δόξης
814 614 1156 684 ὑπέρμαχος,
1210 615 1330 686 ἥτις
1399 617 1575 685 ἀρχὴν
1665 616 1908 668 λαϐοῦσα
1948 615 2101 683 παρὰ
2153 614 2450 684 Νεστορίου
2507 616 2863 682 εἰσάγεσθαι,
2899 617 3002 668 ὑπό
3056 633 3112 668 τε
3174 617 3348 684 ἁγίων
3415 617 3588 670 Πλτέ-
3695 627 3701 632 ’

1740 707 2129 778 ἀπεκηρὺχθη.

299 719 409 773 ρων
449 709 546 760 καὶ
615 707 855 762 συνόδων
915 709 1320 779 οίκουμενικῶν
1391 709 1654 772 πολλάκις

1954 913 2133 923 ————_.
2155 914 2868 923 *ω’-...κυδρ-

2006 525 2219 570 verunt.

1641 1053 1780 1106 ΤΟΥ
1838 1053 2096 1109 ΣΟΦΩΤΛ
2106 1055 2243 1108 ΤΟΥ

726 1249 1574 1381 ΓΕΩΡΓΙΟΥ
1673 1250 2024 1382 ΤΟΥ
2128 1249 3111 1385 ΣΧΟΛΑΡΙΟΥ

478 1501 661 1558 ΥΠΕΡ
689 1499 1020 1571 ΕΙΡΗΝΗΣ,
1055 1500 1176 1554 ΚΑΙ
1205 1499 1547 1554 ΒΟΗΘΕΙΑΣ
1587 1502 1681 1572 Ίᾘ
1719 1503 1919 1556 ΠΑΤΡΙ

1988 1506 1994 1556 l
2043 1504 2488 1556 ΠΑΡΑΚΛΠΣΙΣ
2544 1507 2720 1557 ΠΡΟΣ
2754 1505 2896 1557 ΤΗΝ
2945 1504 3401 1557 ᾹΝΑΤΟᾹΙΚΠΝ

1487 1619 1808 1676 ΣΥΝοΔοΝ
1841 1621 1933 1676 EN
1983 1622 2393 1693 ΦΛΩΡΕΝΤΙᾼ.

1587 1984 2095 2044 SAPIENTISSIMI
2157 1989 2299 2046 VIBI

962 2185 1768 2344 GEORGII
1895 2181 2917 2342 SCHOLARH

690 2487 787 2545 DE
845 2486 1056 2558 PACE,
1129 2485 1386 2558 DEQUE
1464 2484 1830 2546 FERENDO
1904 2481 2212 2542 PATRle
2288 2480 2619 2540 AUXILIO
2684 2479 3185 2539 ADHORTATIO

1117 2611 1222 2670 AD
1263 2607 1636 2669 SYNODUM
1717 2605 2221 2668 ORIENTALEM
2268 2602 2750 2665 FLOliENTl/E.

377 2925 461 2995 Τῇ
490 2925 616 2992 θείᾳ
646 2922 745 2978 καὶ
778 2921 904 2992 ιερᾷ
923 2884 1171 2991 συνόδῳ
1203 2921 1315 2992 τῆς
1351 2921 1479 2977 καθ’
1524 2919 1685 2991 ἡμᾶς
1715 2920 1889 2990 ἁγίας

2066 2915 2440 2975 δαένοεαηειιυ
2493 2921 2700 2991 synodo
2754 2923 3012 2977 nostratis
3057 2932 3258 2978 sancta:
3306 2923 3576 2985 Ecclesia’.

296 3018 702 3085 Ἐκκλησίας,
753 3015 1022 3082 ἀρίστοις
1061 3015 1161 3069 καὶ
1201 3013 1573 3086 τιμιωτάτοις
1612 3014 1881 3082 Πατράσι

298 3112 600 3180 Γεὼγηγιος
643 3110 676 3163 ό
713 3095 1048 3178 ,Σχὸλὰριος
1077 3109 1194 3177 τὴν
1243 3103 1652 3176 ὀφειλομένην
1699 3103 1881 3158 εὐλά-

301 3207 492 3258 ϐειαν.

389 3296 453 3347 Ἦ
483 3294 582 3365 μὲν
619 3289 778 3362 κοινὴ
835 3287 946 3343 τῶν
991 3285 1170 3357 σοφῶν
1225 3288 1482 3342 ἁπάντων
1529 3284 1882 3356 παραγγελία

309 3385 514 3456 μηδένα
562 3383 672 3434 δεῖν
715 3398 850 3450 φησι
898 3378 1290 3449 συμὸουλεύειν
1336 3377 1469 3447 πρὶν
1501 3375 1568 3430 ἂν
1611 3374 1880 3444 κληθείη·

304 3475 420 3542 ἐγὼ
446 3471 504 3526 δὲ
539 3473 634 3527 καὶ
686 3471 760 3541 μὴ
792 3469 1014 3538 κληθεὶς
1040 3469 1199 3523 τοῦτο
1244 3468 1507 3538 πράττειν
1537 3467 1878 3536 προάγομαι,

303 3567 398 3618 καὶ
426 3566 518 3619 τὸν
584 3566 822 3634 παρόντα
853 3563 1058 3632 πέμπω
1098 3561 1256 3629 λόγον
1301 3561 1452 3632 ὑμῖν,
1506 3558 1664 3623 εἰδὼς
1694 3559 1884 3614 τοῦτον

304 3657 656 3729 παράκλησιν
677 3660 803 3712 ὄντα
827 3657 1030 3728 μᾶλλον
1049 3657 1082 3724 ἢ
1108 3658 1436 3727 συμϐουλήν·
1463 3657 1556 3710 καὶ
1585 3656 1883 3726 κηδόμενος

308 3751 408 3821 μὲν
443 3752 552 3804 τῶν
583 3752 720 3804 ὅλων
756 3752 1121 3820 πραγμάτων,
1159 3750 1457 3818 κηδόμενος
1503 3749 1560 3802 δὲ
1591 3750 1649 3800 ὲν
1680 3748 1756 3817 τῷ
1791 3749 1883 3818 μέ-

306 3862 393 3913 ρει
421 3845 512 3896 ml.
541 3843 784 3911 ἐμαυτοῦ
817 3844 908 3896 καὶ
934 3843 1140 3912 γονέων
1170 3843 1266 3896 καὶ
1291 3841 1572 3910 συγγενῶν
1600 3857 1614 3872 ⁸
1647 3841 1742 3893 καὶ
1767 3838 1884 3908 ἆμα

304 3937 406 4001 τὴν
453 3935 610 4004 ὑμῶν
658 3935 1075 4003 φιλανθρωπίαν
1137 3934 1315 4000 εἰδὼς,
1367 3935 1463 3987 καὶ
1516 3933 1882 4003 πεπεισμένος

307 4029 476 4097 ὑμᾶς,
506 4027 608 4080 κᾶν
631 4029 730 4080 οὐκ
760 4029 1081 4098 ἁρέσκοισθε
1113 4031 1225 4091 τοῖς
1259 4027 1348 4081 ὑπ’
1380 4028 1516 4096 ἐμοῦ
1539 4027 1880 4097 λεγομένοις,

306 4123 408 4170 οὐκ
437 4117 746 4187 ὀργιεῖσθαί
772 4135 879 4188 μοι,
910 4119 1043 4171 ἀλλὰ
1074 4120 1168 4172 καὶ
1192 4119 1350 4188 χάριν
1383 4119 1526 4183 ἕξειν
1554 4119 1653 4188 τῆς
1685 4117 1883 4186 προθυ-

307 4210 457 4281 μίας.
484 4211 737 4272 Δικαίους
762 4211 868 4278 γὰρ
892 4211 1034 4279 ὑμᾶς
1071 4211 1167 4263 καὶ
1189 4209 1357 4264 τᾶλλα
1375 4209 1550 4274 εἰδὼς,
1583 4209 1678 4264 νῦν
1699 4210 1880 4280 πολλῷ

307 4268 511 4373 μᾶλλον
535 4268 740 4364 ἐλπίζω
769 4268 1121 4370 διατηρήσειν
1148 4301 1247 4372 τὴν
1271 4268 1524 4371 γνώμηνῖ
1537 4268 1547 4274 Ι
1568 4304 1661 4354 Δεῖ
1692 4303 1745 4356 δὲ
1785 4268 1881 4356 καλ.
1907 4268 1953 4332 c

298 4395 403 4462 τὴν
435 4392 576 4463 ἐμὴν
611 4393 746 4463 πρὸς
769 4392 914 4461 ὑμᾶς
955 4391 1168 4446 εὔνοιαν
1199 4393 1592 4463 ἐνθυμηθῆναι*
1622 4389 1690 4465 ἦς
1723 4395 1884 4465 χάριν

299 4487 418 4540 οὗθ’
451 4485 530 4538 ένί
559 4504 687 4552 τινι,
729 4483 855 4536 οὔτε
884 4485 1049 4536 πᾶσιν
1081 4483 1217 4553 ὁμοῦ
1261 4485 1726 4556 προσκεκρουκὼς
1763 4487 1888 4554 φαῖ-

300 4593 487 4643 νομαι,
535 4577 661 4643 σιγῇ
700 4574 757 4627 δὲ
805 4574 1007 4642 μᾶλλον
1039 4573 1252 4627 πολλῶν
1296 4576 1668 4645 ἀνασχόμενος
1697 4575 1888 4646 δυσχε-

302 4668 437 4740 ρῶν,
464 4660 539 4720 ὧν
568 4663 675 4718 οἶδε
714 4666 868 4731 Θεὸς,
909 4668 1002 4720 καὶ
1044 4661 1120 4719 ὧν
1170 4669 1271 4719 οὐκ
1310 4669 1376 4720 ἄν
1410 4685 1492 4729 τις
1532 4668 1732 4740 ῥᾳδίως
1762 4669 1886 4723 ἁνέ-
1925 4723 1929 4727 ,

303 4774 486 4828 σχετο⁶
521 4757 642 4810 οὔτε
673 4759 780 4827 γάρ
817 4774 939 4810 τινα
967 4758 1180 4823 λυπεῖν,
1211 4758 1335 4811 οὔτε
1365 4760 1651 4829 ταράττειν
1680 4760 1788 4813 ἔδει
1819 4760 1886 4814 τὰ

299 4849 631 4918 πράγματα.
669 4851 810 4918 "pb;
842 4849 1046 4920 ταύτην
1069 4852 1249 4902 τοίνῠν
1269 4854 1368 4921 τὴν
1399 4851 1614 4906 εὔνοιαν
1649 4848 1886 4908 ἀποϐλέ-

300 4943 510 5012 ψαντες
550 4941 649 4992 καὶ
679 4945 744 5010 τῇ
780 4942 887 4992 τῶν
922 4944 1267 5012 πραγμάτων
1299 4945 1514 5017 ἀνάγκῃ
1550 4947 1649 5016 τὴν
1680 4947 1885 5017 παροῦ-

292 5049 421 5118 ⁹σαν
465 5030 822 5100 λογισάμενοι
857 5034 1082 5102 τόλμαν,
1113 5035 1257 5088 οὕτω
1289 5038 1415 5100 τοὺς
1449 5038 1642 5106 λόγους
1677 5040 1886 5109 κρίνειν

305 5123 635 5196 βουλήθητε,
671 5124 924 5177 δεσπόται
962 5143 1062 5194 μου
1095 5130 1190 5180 καὶ
1218 5130 1482 5199 Πατέρες,
1545 5133 1641 5184 καὶ
1681 5132 1885 5202 ἡγεμό-

303 5235 399 5280 νες
429 5217 652 5270 πάντων
677 5215 814 5285 ὁμοῦ
852 5219 960 5272 τῶν
1000 5220 1178 5273 καλῶν
1204 5224 1298 5274 καὶ
1333 5223 1428 5276 νῦν
1462 5225 1557 5277 καὶ
1591 5225 1768 5280 πάντα
1793 5224 1886 5278 τὸν

297 5308 494 5383 χρόνον
524 5306 798 5376 ἐσόμενοι.

371 5481 510 5535 Οὔτε
546 5483 760 5552 σιωπᾷν
791 5482 978 5536 λοιπὸν
1026 5478 1182 5554 οἶμαι
1219 5486 1362 5553 δεῖν,
1416 5489 1598 5556 κύριοί
1640 5509 1745 5562 μου
1781 5494 1881 5547 καὶ

1990 3011 2255 3066 Patribus
2307 3013 2522 3082 optimis
2565 3030 2627 3066 ac
2666 3029 2869 3068 sunmze
2923 3015 3273 3079 honoranais,
3318 3012 3574 3086 Georgius

1985 3104 2298 3160 Scholarius
2328 3103 2564 3158 debitam
2599 3107 2969 3162 reverentiam.

2055 3282 2365 3338 Commune
2439 3281 2658 3350 quidem
2710 3285 2953 3336 omnium
3017 3287 3326 3354 sapientum
3374 3302 3575 3356 praece-

1985 3382 2161 3443 ptum,
2195 3388 2306 3426 non
2347 3387 2467 3428 esse
2507 3373 2686 3441 inquit
2711 3389 2740 3427 a
2770 3389 3043 3442 quoquam
3110 3376 3350 3432 dantlum
3389 3381 3543 3434 consi

1985 3463 2140 3528 lium,
2183 3475 2476 3536 antequam
2499 3473 2745 3518 vocetur.
2802 3467 2909 3534 Ego
2936 3483 3063 3521 vero
3092 3469 3252 3523 etiam
3290 3471 3572 3527 invocatus

1987 3557 2090 3611 hoc
2121 3572 2285 3628 agere
2342 3560 2650 3628 aggredior,
2706 3560 2974 3628 mittnque
3025 3560 3169 3616 hunc
3198 3561 3265 3615 ad
3319 3578 3414 3618 vos
3448 3578 3570 3617 ser-

1986 3666 2253 3716 monem;
2309 3652 2458 3720 quod
2493 3632 2683 3706 Isciam
2735 3652 3174 3707 adhortationem
3223 3671 3341 3710 esse
3385 3658 3570 3725 potius

1985 3758 2150 3813 quam
2185 3744 2480 3798 consilium
2508 3785 2523 3808 ,
2557 3744 2940 3814 sollicitusque
2967 3745 3068 3798 sim
3112 3755 3224 3801 tum
3253 3751 3316 3802 tle
3347 3759 3458 3804 toto
3486 3767 3569 3806 re-

1986 3852 2106 3891 rum
2144 3845 2310 3901 statu,
2343 3845 2458 3889 tum
2492 3835 2558 3888 de
2589 3819 2812 3904 nte-ipso
2849 3837 3124 3906 privatim,
3148 3848 3201 3892 et
3227 3841 3568 3909 parentibus,

1986 3937 2040 3983 et
2065 3929 2350 3999 cognatis;
2385 3937 2438 3983 ct
2485 3939 2610 3983 nota
2644 3929 2776 3984 mihi
2824 3931 2894 3985 sit
2934 3942 3110 3986 vestra
3144 3933 3476 4000 humanitas,
3512 3948 3570 3991 et

1987 4038 2310 4095 persuasum
2345 4025 2574 4079 habeam
2625 4023 2744 4079 fore
2787 4035 2867 4089 ut,
2920 4027 3134 4081 etiamsi
3185 4028 3362 4085 minus
3394 4031 3568 4100 placi-

1990 4127 2110 4170 tura
2175 4117 2286 4170 sint
2319 4131 2442 4185 quas
2491 4132 2518 4170 a
2564 4131 2652 4172 me
2691 4116 2972 4180 dicentur,
3024 4120 3160 4174 mihi
3213 4129 3396 4178 tamen
3458 4139 3566 4180 non

1990 4207 2330 4274 irascamini,
2375 4208 2487 4262 imo
2528 4209 2760 4278 gratiam
2808 4225 3031 4280 quoque
3091 4210 3361 4270 habeatis.
3429 4213 3566 4268 Nam

1990 4317 2116 4356 cum
2141 4317 2238 4356 vos
2272 4301 2544 4370 aequitatis
2565 4302 2844 4356 studiosos
2883 4304 2934 4355 in
2972 4306 3184 4359 caeteris
3215 4322 3337 4361 esse
3371 4308 3568 4369 sciam.

1992 4410 2138 4449 nunc
2176 4395 2346 4448 multo
2385 4395 2556 4463 magis
2588 4409 2749 4465 spero
2779 4395 2925 4449 hunc
2961 4398 3202 4452 animum
3233 4411 3567 4458 retenturos.

1990 4485 2303 4542 Meminisse
2339 4501 2464 4539 vero
2492 4485 2656 4538 etiam
2683 4486 2894 4540 debetis
2925 4503 3100 4540 meam
3126 4504 3251 4556 erga
3281 4506 3378 4547 vos
3404 4493 3571 4549 bene-

1989 4577 2306 4638 volentiam,
2363 4575 2434 4628 ob
2484 4590 2648 4643 quam
2710 4590 2813 4629 nec
2869 4575 3187 4647 singillatim
3226 4584 3564 4653 quempiam,

1989 4683 2090 4722 nec
2141 4683 2334 4723 omnes
2390 4667 2645 4722 universe
2675 4684 2916 4738 unquam
2973 4670 3172 4726 oll'cndi
3206 4691 3220 4740 ;
3251 4677 3347 4730 sed
3399 4677 3566 4733 multa

1989 4762 2174 4830 gravia
2211 4761 2430 4816 silentio
2483 4762 2700 4832 pertuli,
2737 4778 2859 4832 quae
2921 4764 3065 4820 Deus
3115 4768 3287 4834 novit,
3351 4778 3406 4825 et
3443 4787 3566 4840 qua:

1990 4871 2099 4910 non
2144 4854 2302 4910 facile
2331 4856 2604 4924 quispiam
2634 4857 2961 4924 pertulerit:
3008 4873 3187 4928 neque
3222 4861 3369 4917 enim
3401 4864 3566 4919 dece-

1990 4949 2080 5004 bat
2113 4964 2443 5019 quemquam
2493 4964 2615 5004 esse
2646 4951 2962 5016 molestum,
3005 4960 3102 5006 aut
3135 4969 3314 5008 rerum
3349 4963 3568 5026 pertur-

1991 5042 2256 5096 batorem.
2305 5041 2386 5097 Ad
2421 5042 2558 5097 hanc
2592 5056 2722 5110 ergo
2763 5057 2858 5097 vos
2892 5043 3328 5100 benevolentiam
3387 5051 3566 5118 respi-

1988 5134 2218 5194 cientes,
2278 5143 2331 5187 et
2361 5134 2670 5189 necessitati
2727 5134 2778 5186 in
2807 5150 2913 5203 qua
2940 5151 3025 5190 res
3051 5144 3196 5201 sunt,
3243 5150 3566 5206 praesentem

1988 5223 2273 5277 audaciam
2309 5224 2635 5287 tribuentes,
2664 5225 2734 5278 ita
2771 5227 2836 5280 de
2877 5241 3133 5282 sermone
3169 5244 3286 5283 tneo
3319 5231 3567 5299 judicare

1989 5315 2188 5375 velitis,
2245 5313 2453 5368 d0mini
2496 5315 2624 5380 inci,
2673 5315 2884 5383 Patres,
2940 5334 3004 5372 ac
3045 5320 3212 5374 duces
3255 5323 3322 5376 ad
3380 5326 3565 5379 omnia

1987 5406 2152 5462 simul
2183 5407 2324 5462 bona
2361 5424 2502 5462 nunc
2529 5419 2582 5462 et
2613 5413 2761 5463 omni
2795 5423 3037 5480 tempore
3069 5411 3260 5468 futuri.

2057 5499 2164 5554 Nec
2188 5502 2474 5554 tacendum
2501 5500 2612 5570 jam
2644 5502 2784 5555 ultra
2825 5503 3082 5571 arbitror,
3129 5506 3334 5558 domini
3361 5522 3423 5559 ac
3460 5506 3565 5559 Pa~

297 5576 544 5644 πατέρες
573 5575 872 5646 αἰδέσιμοι,
911 5577 1017 5630 τῶν
1052 5580 1525 5650 προσδοκωμένων
1554 5585 1746 5637 δεινῶν
1784 5589 1878 5640 καὶ
1912 5611 1919 5664 1

1988 5600 2097 5646 tres
2131 5593 2441 5653 venerandi,
2494 5609 2615 5646 cum
2654 5593 3020 5660 impendentia
3053 5594 3189 5647 mala
3250 5596 3559 5662 plusculum

294 5668 460 5722 πλέον
494 5684 546 5720 τι
580 5667 768 5720 τούτου
820 5669 1024 5742 τολμᾷν
1057 5671 1158 5742 ἥδη
1212 5673 1535 5743 πειθόντων,
1588 5676 1713 5729 οὔτε
1747 5678 1874 5730 πολ-

293 5761 406 5815 λῶν
437 5761 612 5830 λόγων
640 5761 707 5816 τὰ
743 5764 988 5830 παρόντα
1022 5765 1328 5836 πράγματα
1361 5767 1590 5838 δεῖσθαι,
1630 5769 1686 5822 ἐν
1717 5771 1868 5843 ἀκμῇ

1984 5685 2146 5739 etiam
2179 5686 2377 5739 audere
2404 5685 2514 5753 jam
2542 5685 2807 5738 suadeant
2841 5701 2854 5749 ;
2882 5700 2980 5738 nec
3019 5695 3339 5752 praesentem
3377 5703 3559 5741 rerum

1985 5786 2186 5833 statum
2222 5777 2403 5834 multis
2437 5777 2676 5846 indigere
2701 5775 3068 5841 sermonibus,
3098 5791 3312 5832 summa
3343 5777 3395 5833 in
3420 5779 3563 5849 peri-
