4176 6278
613 274 715 336 387

1674 281 2050 344 GENNADII
2093 285 2203 346 CP.
2243 287 2750 352 PATHIARCH/E

3773 292 3883 358 388

615 391 743 444 culo
778 390 1133 445 constitutum
1174 409 1186 456 ;
1219 393 1422 463 quique
1440 393 1526 447 vix
1553 395 1721 463 possit
1747 394 1800 448 in
1827 401 1945 452 tuto
1971 397 2200 453 colloca-

2308 401 2624 455 καθεστῶτα
2664 401 2934 464 κινδύνου,
2989 401 3083 454 καὶ
3140 400 3307 471 μόλις.
3352 401 3493 471 μετά
3555 403 3726 460 πολλὰ
3775 409 3878 477 μὲν

616 479 686 548 ri,
721 480 847 536 licet
880 481 1049 535 multa
1084 482 1302 550 quidem
1334 495 1590 554 agantur,
1617 483 1873 540 dicantur
1901 503 2033 542 vero
2064 504 2194 558 pau-

614 588 700 630 ca.
732 574 903 629 Porro
937 575 1192 629 dictionis
1243 585 1366 646 apte
1419 576 1767 646 disponenda
1819 579 2086 640 studium,
2142 589 2195 634 et

613 667 885 722 sermonis
913 666 1260 734 elegantiam,
1287 679 1342 722 et
1375 669 1672 722 oratoriam
1705 678 1874 724 artem
1906 672 2194 739 praesentia

615 758 778 819 mala,
812 757 1076 826 dolorque
1104 773 1215 827 quo
1247 767 1466 828 propter
1497 759 1585 813 illa
1609 760 1910 829 opprimor,
1944 763 2194 832 eripuere

618 847 751 901 mihi
785 846 1048 916 majorem
1115 858 1372 918 partem;
1408 863 1473 904 eo
1533 863 1662 904 vero
1721 852 1866 921 quod
1927 861 2193 920 superest,

615 939 890 1009 quomodo
923 940 998 993 uti
1022 937 1184 994 liceat
1211 940 1312 995 hoe
1337 948 1607 1010 tempore,
1642 956 1748 996 non
1797 941 1996 996 video:
2051 942 2196 1011 quod

560 1061 569 1124 ,
619 1032 916 1099 praesertim
947 1046 1167 1086 necesse
1203 1041 1307 1097 est,
1335 1033 1563 1102 simplex
1589 1033 1661 1088 sit
1690 1041 1741 1087 et
1781 1044 2038 1102 perceptu
2071 1047 2196 1086 om-

618 1122 782 1177 nibus
831 1121 1006 1179 facilis
1035 1138 1238 1188 sermo,
1292 1139 1450 1193 quem
1505 1125 1573 1179 ad
1611 1139 1710 1180 vos
1753 1140 1944 1180 omnes
1997 1125 2192 1180 habeo.

618 1213 702 1266 Sit
731 1229 860 1268 vero
885 1214 1018 1269 mihi
1055 1217 1274 1286 quidem
1329 1217 1600 1272 orationis
1629 1217 1739 1272 dux
1804 1216 1948 1273 Deus
1981 1233 1998 1284 ;
2030 1233 2194 1287 quem

618 1303 1006 1358 benevolentiae
1044 1320 1169 1376 erga
1205 1321 1304 1362 vos
1335 1323 1489 1374 mem,
1515 1314 1570 1362 et.
1623 1307 1876 1376 patriam,
1930 1315 1984 1362 et
2028 1321 2198 1376 genus

616 1395 926 1449 universum
953 1395 1123 1450 citare
1155 1405 1346 1452 testem
1377 1412 1484 1452 non
1513 1398 1831 1452 erubuerim
1863 1413 1878 1464 ;
1919 1397 2076 1452 vobis
2101 1413 2197 1453 au-

617 1497 723 1541 tem
765 1489 863 1542 via:
890 1489 954 1542 ad
975 1487 1288 1560 eligendum
1323 1489 1498 1554 utilia,
1516 1499 1570 1544 et
1589 1489 1678 1543 illa
1699 1503 1859 1558 agere
1876 1490 2198 1560 aggredieno

613 1581 762 1636 dum.

687 1675 839 1740 Quod
905 1673 1069 1744 igitur
1100 1673 1347 1729 nonnulli
1388 1674 1500 1730 sint
1531 1673 1678 1731 inter
1717 1687 1835 1741 vos,
1895 1674 1990 1743 qui
2037 1685 2198 1743 puta-

619 1763 751 1817 bant
803 1777 861 1817 se
894 1761 1216 1817 Latinorum
1275 1763 1560 1818 scientiam
1613 1762 1971 1825 eluctaturos,
2029 1769 2196 1827 atque

619 1857 726 1911 illis
749 1872 1108 1928 persuasuros
1140 1871 1360 1911 manere
1394 1857 1446 1909 in
1491 1855 1597 1911 illis
1630 1853 1970 1924 antiquitatis
2003 1849 2192 1906 termi-

618 1951 720 2012 nis.
760 1959 813 2004 et
839 1951 951 2016 ipse
976 1950 1090 2002 scio
1121 1966 1132 2002 :
1171 1948 1220 2002 id
1246 1963 1374 2002 vero
1411 1947 1543 2002 mihi
1572 1956 1717 2003 certe
1748 1961 1998 2015 magnam
2025 1944 2196 1999 admi‘

619 2042 889 2095 rationem
929 2040 1181 2103 moverit,
1223 2038 1369 2103 quod
1397 2040 1499 2093 viri
1537 2038 1779 2109 alioquin
1810 2037 1953 2093 docti
1980 2046 2192 2091 tantum

623 2133 678 2186 in
705 2133 807 2188 hac
831 2141 983 2201 parte
1013 2132 1361 2197 erraverint;
1394 2131 1560 2202 idque
1615 2145 1739 2187 cum
1774 2129 1952 2186 sciant
1985 2140 2039 2185 ct
2065 2147 2120 2182 se
2143 2137 2195 2183 et

625 2226 761 2280 alios
791 2240 896 2278 non
919 2239 1040 2279 esse
1068 2225 1204 2279 bene
1231 2223 1532 2278 instructos
1563 2219 1820 2277 facultate
1875 2223 1940 2275 ad
1969 2234 2198 2292 persua-

623 2323 859 2377 dendum
899 2337 1046 2388 ;non
1077 2319 1238 2375 modo
1277 2318 1322 2374 si
1378 2317 1502 2386 quis
1547 2317 1730 2381 instet,
1779 2316 2095 2384 dubitetque
2129 2313 2196 2366 de

623 2415 786 2469 rebus
818 2413 1156 2480 gravissimis
1188 2428 1204 2468 :
1231 2411 1324 2467 scd
1359 2410 1402 2466 si
1431 2410 1517 2465 vel
1568 2407 1842 2462 hinarium
1874 2421 1997 2462 esse
2053 2405 2197 2459 inter

620 2523 782 2578 pares
818 2520 1076 2560 numeros
1121 2504 1355 2574 primum
1399 2519 1414 2561 :
1450 2509 1544 2554 aut
1583 2500 1858 2553 hominem
1891 2513 1960 2553 ex
2015 2496 2196 2550 anima

619 2607 676 2650 et
711 2611 937 2667 corpore
995 2603 1269 2659 constare,
1307 2609 1371 2648 ac
1419 2590 1622 2648 similia
1673 2603 1873 2656 negare
1928 2587 2192 2644 voluerit:

621 2691 845 2746 Latinos
867 2704 997 2744 vero
1025 2689 1089 2742 ad
1129 2697 1348 2756 captum
1381 2700 1600 2742 omnem
1651 2685 1952 2761 humanum
1995 2681 2049 2734 in
2081 2678 2198 2733 dia-

623 2785 836 2848 lectica,
873 2783 1130 2850 omnique
1191 2779 1441 2843 scientia,
1473 2786 1907 2844 cunctarumque
1961 2772 2200 2843 praeel-

624 2876 928 2930 lentissima
987 2874 1257 2942 theologia
1305 2869 1809 2927 exet-citatissimos.
1866 2863 2069 2920 Verum
2093 2863 2194 2917 etsi

624 2966 811 3036 plures
842 2979 950 3019 non
979 2964 1307 3033 ignorabant
1335 2960 1654 3016 Latinorum
1695 2955 2001 3019 scientiam,
2059 2952 2201 3006 mul-

2304 495 2606 562 πράττειν,
2639 494 2821 561 λέγειν
2881 493 2938 547 δέ
2995 491 3230 558 ἐλάττω,
3263 492 3542 561 δυνάμενα
3582 492 3877 558 σώζεσθαι.

2303 583 2588 654 Συνθήκης
2619 586 2673 638 δὲ
2703 585 2802 640 xui.
2835 586 3094 654 φράσεως
3134 584 3230 637 xui.
3263 584 3463 654 τέχνης
3493 586 3794 656 ῥητορικῆς
3817 590 3882 642 τὸ

2299 675 2550 730 πλεῖστον
2585 676 2685 746 μὲν
2733 675 2838 730 ὑπὸ
2885 676 2998 729 τῶν
3055 673 3346 744 παρόντων
3395 675 3590 729 δεινῶν
3653 679 3880 748 καὶτῆς

2299 769 2393 821 ἐπὶ
2446 769 2655 831 τούτοις
2688 768 2866 836 λύπης
2912 766 3226 838 ἀφῄρημαι,
3262 767 3339 837 τῷ
3379 767 3436 821 δέ
3489 768 3883 840 περιλειπομέ-

2299 878 2376 928 νῳ
2406 861 2597 930 καιρὸν
2629 860 2727 929 οὐχ
2768 858 2880 928 ὁρῶ
2911 859 3005 913 τὸν
3055 860 3305 929 παρόντα
3332 859 3594 930 χρῆσθαιο
3630 860 3728 931 xui.
3762 863 3880 932 ἅμα

2301 951 2437 1021 πρδς
2492 951 2703 1014 πάντας
2761 951 2905 1019 ὑμᾶς
2952 949 3108 1014 δντος
3157 949 3254 1004 τοῦ
3302 949 3464 1017 λόγου
3496 992 3511 1016 ,
3564 949 3772 1005 ἁπλοῦν
3817 970 3880 1006 τε

2300 1037 2440 1097 εἶναι
2475 1041 2663 1094 τοῦτον
2709 1040 2928 1109 ἀνάγκη
2959 1041 3051 1093 καὶ
3097 1041 3264 1094 πᾶσιν
3299 1039 3615 1096 εύσύνετον.
3662 1040 3878 1109 Ἥγοίτο

2299 1131 2355 1186 δέ
2403 1131 2528 1200 ἐμοὶ
2575 1131 2675 1200 μὲν
2708 1130 2821 1184 τῶν
2849 1129 3026 1198 λόγων
3051 1129 3208 1194 Θεὸς,
3236 1129 3298 1184 δν
3333 1131 3435 1183 οὐκ
3471 1131 3538 1184 ἂν
3565 1131 3877 1202 αἰδεσθείην

2299 1221 2528 1290 καὶτῆς
2583 1223 2665 1284 είς
2715 1222 2860 1292 ὑμᾶς
2893 1223 2988 1276 καὶ
3030 1221 3272 1292 πατρίδα
3310 1222 3407 1275 xui.
3444 1222 3594 1285 ἔθνος
3626 1224 3747 1277 ὅλον
3787 1224 3877 1278 εύ-

2301 1313 2453 1376 νοίας
2509 1313 2741 1366 καλέσαι
2797 1313 3092 1384 μάρτυρα’
3147 1314 3277 1382 ύμῖν
3328 1313 3386 1366 δέ
3441 1313 3542 1382 τῆς
3586 1316 3681 1367 ἐπὶ
3716 1315 3778 1368 τὸ
3807 1315 3878 1369 τά

2303 1403 2653 1474 συμφέροντα
2705 1403 2926 1459 ἑλέσθαι
2978 1421 3038 1458 τε
3097 1405 3194 1459 xui.
3255 1405 3530 1476 ἄρξασθαι
3608 1406 3886 1478 πράττειν

2299 1495 2442 1553 ὁδοῦ.

2373 1671 2502 1729 Ὀτι
2547 1673 2648 1744 μέν
2700 1672 2792 1727 οὖν
2841 1672 2951 1728 είσί
3007 1690 3154 1738 τινες
3201 1672 3260 1740 ἐξ
3316 1674 3492 1744 ὑμῶν,
3535 1675 3586 1729 οἳ
3635 1673 3737 1744 τὴν
3767 1676 3879 1730 τῶν

2303 1766 2548 1820 Λατίνων
2577 1765 3038 1834 καταγωνιεῖσθαι
3068 1767 3285 1837 σοφίαν,
3316 1769 3414 1821 καὶ
3441 1767 3654 1822 πείσειν
3681 1769 3879 1832 αὐτοὺς

2303 1859 2397 1914 ἐπὶ
2442 1859 2554 1912 τῶν
2603 1857 2848 1930 ἀρχαίων
2894 1858 3123 1912 ἐκείνων
3178 1860 3360 1928 μένειν
3412 1859 3684 1929 ἐνόμιζον,
3719 1859 3879 1915 τοῦτο

2303 1951 2398 2006 xu‘.
2428 1951 2592 2014 αὐτὸς
2618 1945 2761 2004 οῖδαο
2794 1949 2892 2004 xui.
2914 1949 3035 2006 λίαν
3070 1950 3251 2004 αὐτῶν
3279 1949 3563 2020 θαυμάζω,
3592 1951 3672 2003 ὅτι
3698 1951 3880 2006 καίτοι

2302 2044 2472 2098 τάλλα
2525 2043 2683 2114 σοφοί
2739 2060 2888 2104 τινες
2934 2042 3116 2106 ὄντες.
3174 2040 3430 2096 τοσοῦτον
3490 2043 3550 2096 ἐν
3582 2041 3760 2112 τούτῳ
3797 2042 3880 2112 τῷ

2309 2135 2470 2206 μέρει
2497 2134 2896 2204 πεπλάνηνταιο
2928 2133 3026 2187 xui.
3063 2131 3240 2186 ταῦτα
3263 2134 3362 2188 xui.
3393 2133 3693 2194 συνειδότες
3721 2133 3879 2201 σφίσι

2304 2241 2363 2278 τε
2387 2225 2573 2288 αὐτοῖς
2599 2223 2694 2278 xui
2721 2224 2830 2286 τοῖς
2867 2220 3048 2285 ἄλλοις
3069 2221 3288 2290 φαύλως
3317 2221 3500 2292 έχουσι
3524 2223 3621 2290 τῆς
3650 2222 3788 2291 πρὸς
3817 2221 3881 2276 τὸ

2307 2317 2517 2370 πείθειν
2554 2315 2934 2386 παρασκευῆς,
2966 2315 3028 2368 ού
3063 2315 3226 2384 μόνον
3263 2314 3329 2368 άν
3358 2332 3442 2378 τις
3474 2317 3602 2386 περὶ
3644 2315 3751 2369 τῶν
3781 2332 3881 2385 με-

2306 2410 2510 2478 γίστων
2541 2409 2830 2473 ἐνίσταιτο,
2867 2407 2984 2461 ἀλλ’
3013 2410 3062 2462 εί
3100 2409 3196 2462 xui.
3220 2407 3319 2476 τὴν
3352 2407 3522 2462 δυάδα
3554 2407 3774 2477 πρῶτον
3820 2409 3880 2460 ἐν

2307 2501 2562 2571 ἀριθμοῖς
2610 2499 2800 2572 ἄρτιον
2831 2497 2992 2564 εῖναι,
3026 2501 3060 2571 ἢ
3115 2501 3208 2554 τὸν
3261 2501 3550 2570 ἄνθρωπον
3592 2505 3654 2556 ἐκ
3694 2501 3879 2570 ψυχῆς

2307 2591 2404 2644 xui.
2429 2591 2685 2660 σώματος
2726 2594 3075 2656 συνεστάναι,
3106 2593 3204 2646 καὶ
3236 2594 3304 2645 τὰ
3335 2593 3560 2647 τοιαῦτα
3589 2593 3878 2663 ἀρνεῖσθαι

2308 2683 2588 2752 θελήσειεν
2615 2698 2630 2714 ⁸
2663 2683 2864 2746 είδότες
2901 2684 2959 2737 δὲ
3010 2683 3106 2738 xui.
3157 2684 3417 2746 Λατίνους
3449 2683 3609 2755 μέχρι
3638 2685 3738 2751 τῆς
3785 2687 3882 2739 ἀν-

2310 2773 2592 2844 θρωπίνης
2625 2775 2884 2844 εὐπορίας
2915 2774 3134 2842 ἀπάσης
3164 2775 3522 2844 διαλεκτικήν
3548 2793 3608 2828 τε
3639 2779 3735 2829 καὶ
3770 2777 3880 2828 πᾶ-

2311 2883 2412 2919 σαν
2444 2866 2779 2936 ἐπιστήμην,
2809 2867 2902 2919 xui
2947 2866 3046 2938 τὴν
3097 2867 3286 2921 πασῶν
3314 2867 3662 2938 ὑψηλοτάτην
3695 2867 3882 2922 θεολο-

2310 2958 2438 3027 γίαν
2491 2958 2823 3029 ἐξητακότας
2881 2976 2942 3012 τε
2991 2959 3084 3016 καὶ
3117 2960 3487 3031 ἀσκήσαντας.
3529 2961 3670 3016 Ἀλλ’
3701 2963 3752 3014 εί
3783 2965 3880 3016 καὶ

623 3071 814 3126 tasque
843 3055 952 3111 illis
1001 3069 1109 3109 uon
1149 3052 1336 3107 defore
1368 3049 1610 3105 rationes
1673 3045 1740 3101 ad
1799 3042 2196 3100 ostendendum

2310 3049 2532 3114 πλείους
2591 3050 2749 3120 ὑμῶν
2795 3051 2920 3105 οὔτε
2962 3051 3062 3118 τὴν
3107 3051 3358 3107 Λατίνων
3401 3052 3633 3124 ἠγνόουν
3665 3055 3879 3123 σοφίαν,

623 3167 681 3206 se
710 3158 855 3203 recte
881 3147 1126 3212 sentire;
1167 3143 1417 3198 arbitrati
1451 3149 1632 3196 tamen
1669 3148 1722 3196 et
1777 3137 1855 3194 illi
1903 3151 2096 3192 omnes
2147 3143 2201 3189 et

583 3258 593 3272 '
623 3243 735 3306 isti,
763 3242 1016 3297 unionem
1047 3253 1170 3294 cum
1202 3235 1410 3290 Latinis
1452 3249 1566 3288 rem
1599 3247 1721 3290 esse
1768 3230 1992 3302 plurimi
2050 3229 2199 3285 msti-

627 3339 904 3397 mandam,
938 3342 993 3387 et
1023 3340 1286 3401 praeterea
1315 3325 1652 3389 facillimam,
1714 3333 1769 3380 et
1799 3338 1957 3380 suum
1990 3331 2045 3377 et
2070 3321 2200 3376 alio.

626 3446 746 3484 rum
783 3429 1024 3481 animum
1052 3425 1312 3478 induxere
1333 3436 1457 3477 cum
1483 3418 1757 3488 voluptate
1793 3415 2068 3470 advenire.
2093 3411 2201 3468 Sed

623 3525 710 3578 fac
745 3519 886 3573 idem
919 3531 1110 3572 omnes
1141 3514 1400 3577 sensisse,
1426 3518 1479 3566 et
1505 3527 1565 3566 ea
1616 3525 1712 3580 spe
1737 3508 1972 3571 venisse,
2012 3514 2070 3559 ut
2096 3504 2196 3558 La—

625 3618 769 3672 tinos
818 3610 1135 3683 iguorantiae
1182 3620 1470 3678 pravaaque
1527 3601 1804 3673 opinionis
1859 3605 2200 3670 arguerent;

625 3705 1020 3776 persuaderent
1048 3717 1178 3756 vero
1209 3714 1238 3754 a
1277 3697 1547 3753 sententia
1613 3693 1894 3750 discedere
1948 3699 2043 3746 aut
2102 3704 2200 3745 sua

625 3805 842 3865 sponte,
876 3800 972 3848 aut
1006 3791 1207 3846 invitos
1240 3797 1403 3858 atque
1433 3787 1508 3840 ita
1541 3785 1796 3840 unionem
1846 3796 2036 3838 eorum
2088 3794 2204 3833 am-

624 3890 1012 3958 plecterentur.
1049 3883 1174 3936 “me
1203 3879 1247 3934 si
1280 3879 1500 3946 quidem
1533 3892 1596 3930 ex
1629 3876 1899 3932 sententia
1942 3871 2203 3929 succede-

625 3987 770 4040 rent,
805 3975 1040 4030 fortasse
1075 3973 1268 4025 melius
1302 3980 1446 4024 esset
1478 3986 1492 4032 ;
1528 3967 1778 4035 Deusque
1809 3981 1934 4019 cum
1967 3979 2078 4034 quo
2108 3979 2223 4033 per.

625 4066 958 4137 agnitionem
993 4060 1240 4117 veritatis
1270 4068 1324 4112 et
1354 4066 1598 4113 mutuam
1626 4056 1946 4111 charitatem
1969 4055 2203 4122 conjun-

625 4171 900 4228 geremur,
932 4153 1116 4208 neutri
1153 4152 1389 4221 partium
1421 4149 1682 4217 majorem
1744 4146 2083 4214 impenderet
2118 4145 2202 4199 fa-

627 4266 859 4317 vorem;
897 4249 991 4306 sed
1048 4257 1155 4301 tam
1204 4262 1300 4303 eos
1351 4243 1446 4316 qui
1494 4244 1777 4297 veritatem
1834 4241 2204 4306 edocuissent,

625 4361 791 4414 quam
825 4343 918 4414 qui
945 4341 1092 4396 illam
1127 4352 1285 4410 aequo
1307 4339 1490 4392 animo
1514 4335 1929 4400 addidicissent,
1970 4337 2088 4405 pari
2115 4349 2204 4389 co-

2305 3142 2418 3197 οὗθ’
2447 3145 2531 3198 ὅτι
2577 3140 2791 3195 πολλῶν
2819 3142 3190 3212 εύπορήσουσι
3219 3143 3396 3213 λόγων
3428 3145 3567 3212 πρὸς
3609 3145 3670 3198 τὸ
3702 3146 3880 3211 δεῖξαι

2305 3237 2448 3306 σφᾶς
2475 3235 2678 3300 αὐτοὺς
2717 3234 2967 3302 δοξάζειν
3012 3236 3216 3303 καλῶς,
3250 3235 3367 3291 ἀλλ’
3397 3238 3546 3308 ὅμως
3573 3238 3776 3292 ἐκεῖνοί
3818 3256 3881 3294 τε

2304 3328 2508 3390 πάντες
2564 3328 2660 3381 καὶ
2698 3323 2850 3381 οὗτοι
2906 3328 3006 3400 τὴν
3062 3329 3204 3398 μετά
3261 3327 3506 3382 Λατίνων
3557 3329 3752 3382 ἐνωσιν
3784 3329 3882 3382 τοῦ

2305 3423 2505 3483 παντὸς
2537 3420 2688 3486 ἀξιον
2733 3419 2926 3490 χρῆμα
2955 3419 3050 3474 xui.
3081 3421 3280 3491 ῥᾷστον
3317 3416 3460 3474 εῖναι
3490 3420 3628 3491 πρὸς
3668 3419 3885 3483 τούτοις

2305 3513 2652 3580 νομίσαντες,
2688 3511 2917 3583 ἑαυτούς
2971 3528 3030 3564 τε
3093 3511 3190 3564 καὶ
3235 3511 3365 3576 τοὺς
3415 3511 3609 3575 ἄλλους
3651 3513 3884 3567 ἔπεισαν

2309 3603 2428 3674 μεθ’
2455 3603 2651 3673 ἡδονῆς
2702 3603 3019 3673 ἀφικέσθαι.
3052 3603 3272 3657 Κείσθω
3321 3603 3379 3658 δέ
3410 3604 3508 3657 xui.
3545 3605 3755 3667 πάντας
3781 3604 3884 3676 τὴν

2305 3694 2477 3766 αὐτὴν
2519 3696 2812 3766 ἐσχηκέναι
2858 3696 3124 3767 γνώμην,
3188 3697 3284 3751 xui.
3328 3697 3489 3764 ήκειν
3551 3697 3888 3760 ἐλπίσαντας

2309 3785 2484 3853 μηδὲν
2529 3785 2628 3854 μέν
2667 3785 2880 3850 εἰδότας
2919 3787 3063 3857 μήτε
3096 3785 3308 3856 τάληθῆ
3352 3789 3686 3855 φρονοῦντας
3721 3790 3889 3840 Λατί-

2308 3895 2434 3940 νους
2473 3876 2732 3947 ἐλέγξειν,
2775 3877 2990 3931 πείσειν
3041 3878 3098 3931 δέ
3137 3878 3362 3941 ἑκόντας
3415 3878 3447 3948 ἢ
3487 3879 3722 3942 ἄκοντας
3786 3880 3892 3948 τὴν

2309 3969 2582 4040 σφετέραν
2611 3969 2770 4036 δόξαν
2797 3971 3162 4041 ἀρνήσασθαι,
3194 3970 3290 4022 xui.
3318 3969 3460 4023 οὕτω
3503 3971 3602 4042 τὴν
3640 3970 3760 4038 μετ’
3791 3973 3895 4024 αὐ-

2305 4065 2416 4115 τῶν
2473 4063 2672 4115 ἕνωσιν
2728 4060 3154 4130 διαπράξεσθαι.
3223 4060 3286 4113 Εἰ
3349 4059 3448 4129 μέν
3501 4058 3594 4113 οὖν
3639 4059 3893 4123 ἐξέὄαινε

2307 4155 2483 4210 ταῦτα
2517 4156 2660 4209 κατά
2691 4153 2914 4215 σκοπὸν,
2968 4154 3190 4224 ἄμεινον
3217 4153 3283 4205 ἂν
3313 4153 3444 4214 ἴσως
3471 4146 3542 4221 ἧν
3566 4169 3578 4180 ·
3607 4156 3702 4202 καὶ
3729 4153 3755 4203 6
3790 4152 3895 4220 μὲν

2307 4245 2465 4308 Θεὸς,
2495 4236 2541 4312 ᾦ
2578 4244 2952 4298 συνάπτεσθαι
3004 4246 3068 4313 τῇ
3101 4241 3302 4310 γνώσει
3350 4243 3446 4311 τῆς
3494 4241 3755 4310 ἀληθείας
3794 4244 3895 4296 καὶ

2307 4338 2376 4407 τῇ
2411 4337 2549 4408 πρὸς
2603 4337 2870 4408 ἀλλήλους
2923 4337 3116 4407 εἰρήνῃ
3156 4336 3355 4398 πάντες
3395 4334 3718 4402 ἐμέλλομεν,
3743 4334 3898 4386 ούδε-

632 4457 762 4496 rona
818 4439 1067 4498 donaret,
1109 4443 1164 4489 et
1216 4445 1369 4502 atque
1404 4429 1508 4486 Stbi
1548 4427 1927 4497 coniungeret.
1983 4429 2061 4482 ita
2109 4428 2200 4483 visi

2319 4431 2506 4502 τέροις
2541 4431 2608 4484 ἂν
2641 4431 2750 4482 τῶν
2778 4429 2986 4500 ἐτέρων
3021 4427 3316 4496 ἐχαρίσατο
3351 4426 3574 4496 μᾶλλον·
3601 4425 3736 4477 ἀλλά
3765 4426 3897 4489 τούς

625 4547 848 4605 quoque
870 4545 1117 4587 essemus
1147 4529 1394 4584 obtinere
1425 4524 1605 4579 locum
1639 4523 2044 4591 magistrorum,
2117 4521 2199 4576 fu-

629 4643 827 4698 moque
850 4624 1005 4678 famae
1031 4623 1619 4690 oblectaremur,quem
1654 4634 1745 4673 vos
1767 4616 2032 4688 spiritalia
2055 4631 2202 4686 quae-

627 4733 830 4785 rentes,
864 4719 1083 4786 Deoque
1117 4730 1312 4771 vacare
1360 4714 1631 4783 pollicitos
1668 4712 1878 4766 ambire
1916 4726 2022 4765 non
2067 4725 2201 4765 con-

626 4815 796 4868 venit.
826 4811 930 4865 Sed
957 4810 1152 4866 videtis
1175 4803 1388 4872 omnes,
1442 4813 1503 4860 ut
1541 4804 1723 4859 Latini
1779 4819 1874 4872 pro
1936 4817 2035 4858 sua
2077 4816 2204 4856 sen-

630 4907 796 4959 tentia
826 4903 1040 4974 egregie
1064 4898 1462 4956 decertaverint
1485 4939 1498 4961 ,
1543 4905 1603 4952 ut
1656 4909 1814 4949 nemo
1870 4895 1989 4948 illos
2012 4893 2206 4962 possit,

629 4996 674 5050 si
713 4996 841 5050 velit
872 5009 1061 5062 :equus
1089 5008 1210 5047 esse
1235 4990 1427 5063 judex,
1485 4985 1903 5056 reprehendere.
1932 4983 2000 5038 Et
2055 4999 2206 5038 com-

633 5087 814 5139 munis
839 5086 1056 5154 quidem
1109 5084 1371 5152 magister
1401 5097 1463 5137 ac
1497 5078 1751 5135 dominus
1801 5086 2008 5141 noster,
2052 5091 2209 5141 opor-

633 5185 750 5229 tere
785 5175 962 5244 inquit
987 5176 1040 5228 in
1093 5188 1188 5228 ore
1219 5173 1453 5227 duorum
1507 5171 1590 5226 vel
1632 5168 1795 5223 trium
1856 5177 2002 5221 stare
2048 5180 2210 5221 omne

631 5266 879 5331 verbum,
917 5275 972 5319 et
1004 5265 1092 5320 lex
1126 5266 1301 5320 civilis
1333 5266 1404 5319 ita
1457 5263 1802 5334 praescribit;
1859 5261 1933 5316 illi
1978 5274 2106 5338 vero
2145 5273 2209 5312 ex

633 5357 1021 5413 communibus
1049 5355 1305 5411 Ecclesia:
1329 5355 1646 5409 doctoribus
1675 5370 1768 5409 sex
1830 5352 2213 5423 prmstantissi-

633 5465 753 5505 mos
783 5449 1047 5519 dignitate
1100 5457 1154 5503 et
1187 5447 1460 5510 doctrina,
1502 5446 1881 5515 susceptisque
1911 5457 2010 5512 pro
2032 5444 2208 5511 pieta-

636 5555 685 5599 te
717 5542 994 5597 laboribus
1025 5559 1042 5609 ;
1079 5555 1205 5596 nam
1236 5539 1374 5596 alios
1434 5548 1696 5609 praetereo
1729 5555 1743 5604 ;
1781 5536 2065 5591 sententiae
2103 5549 2215 5587 suze

637 5643 803 5690 testes
826 5635 1124 5704 protulere,
1183 5647 1416 5704 quorum
1457 5632 1694 5701 quisque
1727 5628 2061 5683 tantumdem
2115 5625 2216 5678 fide

640 5723 844 5792 valere,
876 5732 1138 5796 quantum
1167 5723 1412 5780 universi
1439 5718 1707 5787 homines,
1745 5717 2052 5775 censendus
2089 5723 2213 5768 est:

2307 4539 2366 4576 τε
2397 4523 2749 4582 διδάσκοντας
2783 4520 2884 4590 τὴν
2938 4518 3200 4588 ἀλήθειαν
3225 4560 3238 4583 ,
3272 4517 3366 4570 xui.
3396 4519 3522 4578 τοὺς
3554 4517 3652 4568 σὺν
3686 4516 3897 4580 εὐγνω-

2315 4614 2525 4685 μοσύνῃ
2570 4613 2775 4681 ταύτην
2822 4610 3242 4678 δεδιδαγμένους
3297 4608 3496 4675 ἐπίσης
3538 4605 3732 4675 ἔμελλε
3770 4624 3896 4656 στε-

2315 4705 2539 4777 φανοῦν,
2593 4706 2688 4756 καὶ
2737 4701 2914 4770 ἐαυτῷ
2978 4701 3276 4753 συνάπτειν
3325 4699 3548 4768 ὁμοίως.
3598 4697 3895 4764 Ἐδόξαμεν

2313 4799 2358 4852 δ’
2402 4797 2468 4852 ἂν
2514 4796 2714 4851 οὑτωσὶ
2744 4793 3084 4848 διδασκάλων
3117 4792 3267 4858 τάξιν
3303 4790 3545 4860 ἐπέχειν,
3571 4790 3662 4840 καὶ
3696 4787 3771 4856 τῷ
3799 4776 3903 4838 κα-

2320 4889 2439 4960 πνῷ
2479 4889 2576 4958 τῆς
2613 4889 2804 4958 φήμης
2853 4887 3198 4956 ἐτέρφθημεν
3223 4901 3237 4915 ο
3273 4883 3334 4936 οὗ
3370 4885 3484 4946 τοῖς
3530 4882 3600 4936 ea
3655 4898 3903 4950 πνευμα-

2317 4984 2446 5036 τικά
2475 4981 2734 5052 ζητοῦσιν
2766 4980 2896 5049 ὑμῖν
2955 4983 3054 5031 καὶ
3095 4975 3214 5046 Θεῷ
3263 4975 3622 5046 προσανέχειν
3655 4973 3904 5039 ὑπεσχη-

2325 5073 2509 5143 μένοις
2565 5071 2814 5141 οὐδαμῶς
2879 5072 3029 5121 ἐστιν
3091 5069 3364 5140 ἁρμόττον
3415 5066 3686 5135 ἐφίεσθαι.
3755 5061 3899 5112 Ἀλλ’

2317 5166 2480 5237 ὁρᾶτε
2511 5164 2730 5227 πάντες,
2762 5164 2842 5216 ὅτι
2887 5163 3107 5215 Λατῖνοι
3155 5165 3254 5228 τῆς
3310 5157 3520 5212 ἐαυτῶν
3557 5153 3907 5223 ὑπερηγωνί-

2325 5275 2486 5312 σαντο
2524 5258 2680 5326 δόξης
2713 5255 2916 5318 καλῶς·
2952 5254 3094 5307 ὥστε
3133 5254 3337 5324 μηδένα
3388 5252 3455 5306 ἂν
3501 5251 3684 5311 αὐτοῖς
3732 5247 3905 5312 ἐγκα-

2321 5351 2433 5402 λεῖν
2481 5350 2648 5418 ἔχειν,
2679 5348 2729 5400 εί
2766 5345 3017 5416 βούλοιτο
3049 5345 3254 5407 δίκαιος
3289 5343 3456 5396 εἶναι.
3511 5341 3626 5395 Καὶ
3665 5342 3692 5392 6
3744 5337 3844 5406 μὲν
3869 5337 3904 5388 6

2321 5443 2501 5505 κοινὸς
2529 5441 2685 5511 ἡμῶν
2731 5439 3054 5502 διδάσκαλος
3099 5439 3195 5492 xui.
3248 5435 3520 5503 δεσπότης
3557 5434 3653 5485 ἐπὶ
3681 5430 3829 5483 δυοῖν
3863 5428 3902 5498 ἢ

2324 5535 2492 5605 τριῶν
2525 5533 2827 5604 μαρτύρων
2853 5532 2963 5585 δεῖν
2998 5529 3254 5585 ἵστασθαι
3296 5531 3404 5582 πᾶν
3435 5527 3586 5599 ῥῆμά
3619 5541 3775 5594 φησι,
3808 5524 3910 5576 καὶ

2324 5628 2351 5678 6
2379 5625 2652 5687 πολιτικὸς
2706 5625 2872 5693 νόμος
2921 5624 3063 5678 οὕτω
3099 5621 3406 5690 διαγορεύει
3437 5638 3449 5651 ’
3495 5621 3548 5672 οἱ
3591 5618 3648 5671 δὲ
3696 5617 3758 5667 ἐκ
3790 5613 3908 5665 τῶν

2327 5717 2524 5771 κοινῶν
2573 5716 2913 5771 διδασκάλων
2954 5716 3052 5786 τῆς
3095 5713 3424 5781 Ἐκκλησίας
3479 5711 3538 5776 ἓξ
3585 5709 3713 5772 τοὺς
3746 5705 3913 5777 μεγί-
