4176 6278
302 307 418 372 .389

1407 310 1902 370 ADllORTATlO
1936 314 2036 371 AD
2077 314 2466 377 SYNODUNI.

3476 325 3578 382 32m

317 439 475 485 στους
516 421 784 490 ἀξιώματι
825 424 916 474 καὶ
956 425 1115 494 σοφία
1158 425 1252 476 καὶ
1284 430 1394 490 τοῖς
1430 429 1569 498 ὑπὲρ
1598 429 1692 496 τῆς
1728 430 1886 482 εὐσε-

2007 449 2197 502 :osque
2235 452 2341 490 non
2377 440 2554 493 obiter
2579 447 2632 492 et
2662 441 3049 509 perfunctorie,
3080 445 3176 498 sed
3216 445 3284 498 ita
3323 445 3580 499 distincte

315 515 467 574 δείας
493 514 690 579 ἀγῶσι,
727 516 852 576 τοὺς
911 515 1018 586 γὰρ
1071 517 1262 580 ἄλλους
1313 520 1572 589 παρίημι,
1610 522 1893 591 μάρτυρας

316 608 416 674 τῆς
449 605 662 657 ἑαυτῶν
705 605 864 672 δόξης
920 611 1250 676 παρήγαγον
1273 626 1288 642 ο
1317 604 1391 663 ὧν
1420 611 1648 664 ἕκαστον
1678 613 1758 665 δεῖ
1787 614 1894 665 τῶν

317 695 378 748 ἐν
406 697 483 766 τῷ
518 698 714 767 κόσμῳ
752 698 971 750 πάντων
1015 699 1320 767 ἀνθρώπων
1373 702 1582 769 κρίνειν
1619 702 1892 765 ἀντάξιον,

320 788 612 850 κάκείνους
662 789 759 858 οὐχ
805 789 995 856 ἁπλῶς
1043 790 1216 853 οὕτως
1267 793 1386 845 οὐδὲ
1429 795 1744 861 παρέργως.
1779 794 1894 845 ἀλλ’

321 879 508 948 ὥσπερ
552 883 600 934 εἰ
647 880 898 936 δικασταί
947 900 1090 946 τινες
1144 880 1284 952 ἦσαν
1315 887 1447 954 ἡμῖν
1484 887 1579 954 τῆς
1613 886 1894 956 παρούσης

319 972 680 1043 ἀμφιϐολίας,
741 973 886 1028 οὕτω
938 973 1360 1043 διαλεγομένους
1409 979 1783 1047 διωρισμένως
1833 995 1895 1030 τε

319 1065 417 1119 καὶ
447 1065 634 1132 σαφῶς
663 1065 682 1094 ·’
711 1067 803 1117 καῖ¹
850 1066 1043 1128 αὑταῖς
1080 1066 1177 1135 μὲν
1206 1066 1387 1130 λέξεσι
1421 1067 1678 1136 λέγοντας
1711 1068 1771 1119 τὸ
1801 1068 1896 1135 ζηο

319 1158 614 1223 τούμενον,
656 1155 1048 1225 προστιθέντας
1096 1157 1152 1209 δὲ
1209 1159 1305 1210 καὶ
1363 1161 1459 1221 τὰς
1507 1160 1716 1222 αἰτίας,
1751 1159 1896 1212 καθὰ

315 1249 666 1309 διδασκάλοις
716 1249 985 1318 προσῆκε,
1021 1250 1116 1302 καὶ
1155 1251 1224 1303 τὰ
1277 1251 1417 1321 μέρη
1449 1253 1548 1320 τῆς
1574 1253 1723 1314 θείας
1752 1253 1896 1322 Γρα-

314 1341 442 1408 φῆς,
494 1341 550 1405 ἐξ
593 1335 667 1393 ὧν
710 1343 809 1406 τὴν
857 1341 1015 1407 δόξαν
1063 1342 1276 1412 ταύτην
1333 1344 1647 1408 ἀναγκαίως
1679 1345 1896 1412 ἐλουτιν

313 1432 752 1500 εἰληφότες,καθ’
782 1434 924 1504 άπερ
956 1433 1120 1496 ἄλλας
1153 1435 1212 1501 ἐξ
1252 1434 1428 1490 ἄλλων
1459 1436 1645 1507 μερῶν
1677 1437 1895 1488 συνελέ-

258 1540 268 1550 ·
315 1523 496 1585 ξαντο.
533 1523 675 1592 Πρὸς
718 1522 812 1587 οὓς
876 1525 1230 1586 διδασκάλους
1287 1526 1577 1589 τοσούτους
1633 1545 1689 1580 τε
1736 1527 1895 1588 ὄντας

314 1615 412 1666 καὶ
469 1614 846 1682 τηλικούτους,
881 1619 974 1668 καὶ
1029 1616 1175 1670 οὓτω
1210 1617 1397 1686 σαφῶς
1430 1618 1529 1686 τὴν
1564 1617 1721 1684 δόξαν
1768 1617 1898 1670 ταύ-

311 1709 413 1774 τέπν
449 1709 794 1772 εἰσάγοντας,
831 1709 942 1761 οὐδ’
984 1709 1049 1762 ἂν
1085 1709 1442 1779 βουληθέντες
1475 1712 1694 1782 ἔχοιμεν
1736 1713 1892 1764 ἀναι-

2005 526 2278 594 plancquc
2315 527 2551 589 locutos,
2583 545 2646 583 ac
2689 533 2731 584 si
2766 535 3154 588 controversirc
3183 545 3383 588 nostra:
3409 538 3578 589 sedis-

2001 626 2120 670 sent
2145 618 2360 685 indices
2397 638 2410 684 ;
2445 620 2496 673 et
2529 622 2732 688 apertis
2763 623 2942 677 verbis
3001 626 3368 693 exprimentes
3431 626 3573 692 quod

1999 710 2282 776 quaaritur,
2309 711 2536 778 adjectis
2569 713 2730 766 etiam
2768 717 2972 778 causis,
3013 717 3088 769 uti
3139 716 3390 770 doctores
3418 717 3576 769 dece-

2003 799 2091 852 bat
2120 818 2134 866 ;
2166 810 2219 854 et
2247 803 2427 856 citatis
2457 817 2624 856 sacrae
2657 802 2949 871 Scripturae
2975 804 3127 867 locis,
3151 805 3430 873 exquibus
3456 820 3576 857 sen-

2001 892 2224 944 tentiam
2264 892 2403 946 hanc
2462 894 2771 946 necessario
2812 903 3184 963 sumpserunt,
3239 903 3291 948 et
3333 875 3575 948 collectis

2000 997 2095 1050 per
2128 983 2215 1036 illa
2245 983 2410 1037 variis
2445 985 2766 1038 rationibus.
2806 985 2956 1050 Quos
2991 1000 3122 1039 sane
3157 985 3424 1044 doctores.
3455 999 3575 1038 cum

2002 1083 2081 1127 tot
2105 1076 2350 1143 tantique
2375 1077 2503 1135 sint.
2523 1085 2574 1128 et
2603 1078 2736 1130 adeo
2755 1080 3040 1148 perspicue
3061 1080 3391 1133 sententiam
3441 1078 3580 1130 hanc

1999 1167 2250 1229 doceant,
2283 1183 2380 1222 nec
2412 1169 2456 1222 si
2495 1168 2744 1231 velimus,
2777 1170 3122 1238 impudenter
3149 1173 3406 1225 adversos
3442 1186 3580 1223 cun-

1998 1255 2142 1308 tueri
2179 1271 2488 1322 possumus.
2521 1257 2668 1310 Alios
2691 1269 2946 1324 praeterea
2977 1274 3043 1312 ex
3073 1260 3459 1312 communibus
3480 1259 3579 1310 do-

1997 1346 2238 1398 ctoribus
2265 1346 2585 1411 produxere.
2610 1345 2936 1414 Orientales,
2968 1350 3212 1418 inquam,
3244 1333 3580 1418 p'ariductri-

2000 1453 2067 1490 na
2091 1446 2144 1490 et
2167 1437 2427 1505 dignitate
2462 1440 2718 1506 praeditos
2749 1458 2764 1507 ;
2798 1457 2903 1495 non
2960 1451 3016 1494 ut
3057 1442 3132 1494 illi
3169 1443 3388 1508 quidem
3445 1443 3580 1494 adeo

1998 1526 2161 1590 clare,
2197 1528 2338 1582 idem
2377 1540 2552 1582 tamen
2585 1541 2637 1583 et
2663 1535 2807 1600 ipsos
2847 1531 2990 1599 quod
3025 1531 3186 1584 etilli
3240 1543 3573 1592 asserentes,

1999 1620 2044 1674 si
2075 1621 2200 1689 quis
2233 1622 2362 1675 velit
2392 1621 2534 1675 dicta
2563 1637 2751 1677 eorum
2810 1638 2933 1676 cum
3003 1621 3230 1676 veritate
3277 1624 3481 1690 pariter
3528 1634 3584 1675 et

2000 1712 2230 1767 scicntia
2274 1714 2628 1781 perpendere.
2679 1713 2787 1768 Nec
2823 1714 3183 1783 sophisticam
3243 1713 3448 1782 aliquid
3489 1723 3583 1766 aut

315 1803 592 1868 σχυντεῖν.
633 1801 775 1869 Πρὸς
813 1803 1025 1865 τούτοις
1050 1803 1244 1866 ἄλλους
1275 1806 1338 1856 ἐκ
1381 1805 1491 1858 τῶν
1522 1781 1718 1857 κοινῶν
1747 1804 1893 1859 διδα-

2007 1803 2340 1870 οσεοιιιιιιιη,
2375 1806 2466 1860 scd
2501 1807 2661 1875 plana
2695 1808 2901 1869 omnia,
2936 1815 2989 1861 et
3043 1820 3213 1861 sacras
3264 1804 3582 1875 Scripturze,

321 1893 538 1946 σκάλων
571 1895 930 1963 παρήγαγον,
982 1897 1110 1959 τοὺς
1161 1897 1220 1960 ἐξ
1254 1895 1552 1965 Ἀνατολῆς
1603 1897 1766 1963 λέγω,
1805 1896 1896 1967 ἴσῃ

317 1987 483 2054 σοφίᾳ
515 1986 608 2038 καὶ
640 1985 915 2055 ἀξιώματι
947 1988 1427 2056 κεκοσμημένους,
1467 1989 1565 2056 οὐχ
1618 1986 1762 2040 ο⁹ύτω
1793 1988 1896 2056 μὲν

319 2075 625 2146 διαρρήδην
664 2076 853 2146 ὥσπερ
911 2080 1132 2146 ἐκεῖνοι,
1171 2079 1430 2147 λέγοντας
1487 2079 1532 2131 δ’
1587 2080 1741 2148 ὅμως
1795 2083 1893 2132 καὶ

255 2190 260 2193 -
317 2167 516 2228 αὐτοὺς
552 2169 662 2230 τοῖς
715 2167 896 2229 ἄλλοις
925 2169 1120 2233 ταυτὰ,
1155 2169 1209 2222 et
1246 2186 1332 2230 τις
1365 2168 1485 2238 μετ’
1512 2167 1771 2237 ἀληθείας
1803 2168 1897 2220 καὶ

319 2260 513 2325 σοφίας
546 2259 683 2330 ὁμοῦ
715 2259 814 2320 τὰς
847 2261 1074 2313 ἐκείνων
1100 2259 1377 2324 ἐξετάζειν
1409 2258 1656 2328 βούλοιτο
1683 2259 1892 2328 ῥήσεις·

317 2354 412 2406 καὶ
443 2355 754 2421 σοφιστικὸν
781 2353 933 2406 οὐδὲν
964 2353 1085 2407 οὐδὲ
1122 2351 1301 2422 βίαιον
1325 2391 1339 2416 ,
1371 2351 1509 2406 ἀλλά
1539 2350 1719 2404 πάντα
1748 2349 1898 2404 ἁπλᾶ

315 2446 413 2496 καὶ
445 2446 508 2514 τῇ
545 2443 665 2513 θείᾳ
709 2445 905 2514 Γραφῇ
968 2445 1064 2496 καὶ
1116 2445 1230 2506 τοῖς
1270 2442 1613 2504 διδασκάλοις
1652 2439 1900 2510 ἑπόμενα

314 2534 456 2602 πρὸς
500 2533 780 2599 ἀπόδειξιν
844 2536 944 2605 τῆς
994 2533 1205 2587 ἑαυτῶν
1253 2533 1657 2603 προσεϐάλοντο
1698 2532 1894 2603 δόξηςο

318 2629 414 2678 καὶ
455 2627 671 2696 εἴρηται
713 2627 847 2695 παρ’
877 2625 1037 2696 ήμῶν
1070 2625 1225 2678 οὐδὲν
1279 2627 1415 2695 πρὸς
1448 2625 1668 2687 αὐτοὺς,
1696 2625 1830 2692 πρὸς
1871 2624 1898 2677 δ

321 2724 398 2786 μὴ
433 2719 609 2785 σοφῶς
645 2735 704 2770 τε
756 2718 851 2770 καὶ
885 2717 1148 2785 γενναίως
1181 2716 1274 2768 καὶ
1318 2718 1460 2785 μετὰ
1505 2716 1607 2784 τῆς
1639 2716 1898 2784 ἀληθείας

318 2811 758 2881 ἀποκρινάμενοι
817 2812 1143 2878 φαίνονταιο
1201 2807 1311 2862 οὐδ’
1373 2809 1572 2879 ἔχομέν
1629 2824 1751 2860 τινα
1795 2806 1899 2860 τῶν

320 2907 494 2974 ἁγίων
526 2903 776 2974 φανερῶς
820 2903 1000 2965 αὐτοῖς
1054 2903 1478 2972 ἀντιφάσκοντασ
1517 2904 1566 2955 εἰ
1607 2901 1662 2953 δέ
1697 2918 1779 2963 τις
1808 2896 1898 2970 ἦν,

327 2998 427 3053 καὶ
448 2996 636 3051 τοῦτον
666 2997 773 3050 εδει
803 2999 913 3060 τοῖς
948 2996 1167 3060 πολλοῖς
1205 2997 1425 3066 μηχανῇ
1470 3011 1579 3048 τινι
1627 2994 1723 3048 καὶ
1753 2993 1900 3063 λόγῳ

327 3093 628 3146 συνάπτειν
688 3089 872 3160 πολλῷ
923 3089 1125 3159 μᾶλλον
1170 3092 1266 3144 καὶ
1298 3089 1660 3158 δικαιότερον,
1694 3087 1727 3156 ἣ
1761 3087 1900 3155 προς
1927 3123 1972 3181 C

320 3189 417 3240 τὸν
465 3186 562 3238 ἕνα
611 3182 815 3243 πλῆθος
865 3180 1134 3234 τοσούτων
1179 3180 1516 3235 διδασκάλων
1559 3175 1901 3249 παραϐιάζε-

323 3283 474 3336 σθαι.
535 3281 626 3342 Είς
677 3279 712 3334 ἃ.
750 3279 807 3332 δὲ
861 3277 1159 3347 νομίζομεν
1213 3274 1414 3335 αὐτοὺς
1468 3274 1534 3325 ἐκ
1586 3272 1688 3341 τῆς
1740 3270 1899 3340 δόξης

318 3374 531 3442 ταύτης
562 3371 874 3434 ἐκπίπτειν,
911 3371 1003 3424 καὶ
1038 3367 1211 3421 ταῦτα
1260 3367 1396 3438 μήτε
1442 3367 1662 3436 φρονεῖν
1691 3362 1820 3433 μήτ’
1844 3362 1902 3427 ἐξ

320 3469 568 3536 ἀνάγκης
613 3465 841 3518 ἔπεσθαι
895 3464 961 3533 τῇ
1017 3462 1166 3533 δόξῃ,
1197 3456 1680 3532 διαμαρτύρονται.
1739 3456 1901 3510 Ἀλλὰ

319 3559 417 3612 καὶ
457 3558 525 3610 τὰ
573 3558 715 3612 αὑτά
765 3573 900 3625 φασι
934 3555 1058 3626 μεθ’
1093 3555 1251 3626 ήμῶν
1296 3553 1610 3616 πιστεύειν,
1638 3551 1903 3618 καὶπρὸς

319 3654 416 3705 τον
448 3649 563 3702 ἴσον
608 3651 744 3718 ἡμῖν
775 3649 1042 3720 φέρεσθαι
1081 3647 1230 3714 νοῦν,
1275 3648 1326 3700 εί
1373 3647 1471 3700 καὶ
1500 3644 1787 3717 προσθήκῃ
1815 3643 1904 3697 λέ-

322 3742 461 3808 ξεων
489 3740 716 3808 ἄμεινον
743 3738 1155 3793 ἀναπτύσσουσι
1185 3754 1200 3770 ·
1242 3737 1338 3791 καὶ
1366 3735 1560 3789 οὐδένα
1588 3735 1696 3788 τῶν
1733 3737 1904 3802 ἁγίων

323 3832 728 3902 ἀναγκάζονται
754 3833 1113 3898 συκοφαντεῖν
1143 3831 1174 3900 ἢ
1203 3831 1531 3900 διαγράφειν
1555 3867 1568 3891 ,
1598 3828 1737 3882 ἀλλὰ
1768 3827 1905 3897 μᾶλ-

325 3929 419 3978 λον
459 3924 827 3976 συνάπτουσιν
878 3922 1134 3992 ἀλλήλοις
1175 3923 1305 3984 τοὺς
1358 3919 1756 3982 διδασκάλους·
1811 3919 1905 3971 καὶ

333 4018 465 4088 μίαν
522 4016 728 4085 ταύτην
789 4016 1068 4080 ἀπόδειξιν
1122 4011 1404 4085 ἀρκοῦσαν
1451 4012 1599 4083 ἔχειν
1640 4012 1907 4082 ἡγοῦνται

330 4106 461 4174 παρ’
494 4106 710 4167 ἑαυτοῖς
761 4105 854 4156 τοῦ
913 4106 1123 4176 τάληθῆ
1178 4107 1397 4176 φρονεῖν
1444 4105 1541 4158 καὶ
1582 4102 1906 4170 πιστεύειν,

325 4200 410 4252 ὅτι
450 4197 639 4267 μηδενὶ
671 4197 810 4267 πρὸς
860 4196 1066 4267 μηδένα
1102 4199 1211 4252 τῶν
1245 4195 1585 4252 διδασκάλων
1618 4195 1909 4265 ἁντίφασίν

325 4307 446 4343 τινα
480 4290 572 4341 καὶ
611 4289 792 4358 μάχην
831 4287 1181 4359 ἐγείρουσιν·
1236 4289 1374 4343 ἀλλὰ
1421 4290 1695 4344 τάκείνων
1731 4293 1910 4345 πάντα

325 4384 565 4451 γαλήνης
590 4383 752 4450 γέμει
775 4384 869 4435 καὶ
895 4383 1172 4451 ὁμονοίας,
1204 4381 1304 4451 τῆς
1335 4381 1496 4450 δόξης
1525 4382 1731 4451 ταύτης
1772 4399 1909 4454 κρα-

2002 1896 2423 1966 doctoribusqne
2447 1913 2686 1952 consona
2724 1899 2791 1952 ad
2833 1898 3313 1952 demonstrandam
3362 1905 3583 1950 senten-

2000 1989 2133 2042 tiam
2170 2004 2325 2043 suam
2380 1990 2673 2059 protulere.
2713 1988 2821 2045 Nec
2873 1989 3147 2057 obiectum
3199 2004 3228 2043 a
3291 1989 3448 2043 nobis
3497 1997 3582 2040 est

2001 2078 2320 2148 quidquam,
2377 2080 2443 2132 ad
2481 2080 2630 2146 quod
2668 2079 2744 2131 illi
2797 2079 3008 2133 erudite
3042 2086 3096 2130 et
3147 2078 3394 2130 animose
3454 2091 3577 2128 cum

2001 2173 2230 2226 veritate
2258 2187 2363 2224 non
2387 2172 2784 2239 responderint.
2813 2169 2891 2224 Ex
2915 2169 3118 2225 sanctis
3136 2184 3300 2238 porro
3319 2168 3581 2236 aliquem,

2001 2265 2093 2335 qui
2127 2272 2310 2334 aperte
2333 2264 2438 2319 illis
2473 2265 2811 2326 adversetur,
2841 2263 3046 2318 nullum
3076 2263 3344 2318 habemus
3397 2279 3411 2316 :
3441 2261 3583 2330 quod

2002 2356 2048 2411 si
2085 2357 2248 2410 etiam
2272 2343 2438 2419 esset,
2471 2363 2744 2425 oporteret
2779 2357 2921 2408 hunc
2948 2369 3166 2423 quoque
3211 2353 3296 2407 via
3333 2363 3386 2407 et
3413 2352 3586 2405 ratio-

2003 2463 2072 2502 ne
2095 2449 2278 2516 aliqua
2315 2449 2500 2503 multis
2523 2449 2843 2516 adiungere,
2871 2447 3083 2516 aequius
3110 2461 3240 2500 sane
3262 2454 3313 2498 ct
3339 2459 3458 2498 com
3471 2458 3584 2496 mo-

2005 2541 2146 2603 dius,
2181 2556 2342 2607 quam
2376 2540 2441 2593 ad
2481 2557 2642 2592 unum
2679 2540 2727 2593 vi
2762 2539 3078 2608 pertrahere
3139 2547 3341 2591 tantam
3400 2537 3585 2589 multi-

2005 2633 2245 2686 tudinem
2280 2633 2588 2687 doctorum.
2653 2633 2725 2686 Ea
2776 2649 2903 2686 vero
2951 2633 3316 2691 incommoda,
3373 2630 3425 2682 in
3465 2645 3584 2696 ιμιςοε

2005 2724 2128 2778 illos
2158 2724 2264 2777 labi
2298 2725 2651 2788 arbitramur,
2689 2740 2747 2778 se
2777 2739 2877 2777 nec
2906 2723 3132 2784 sentire,
3166 2736 3266 2774 nec
3300 2720 3454 2787 sequi
3488 2735 3584 2770 ne-

2003 2815 2245 2870 cessario
2268 2829 2332 2868 ex
2363 2830 2460 2868 sua
2488 2815 2758 2868 sententia
2791 2815 2949 2884 plane
2984 2823 3253 2867 testantur
3279 2829 3294 2876 ;
3316 2810 3408 2864 sed
3441 2809 3582 2874 idem

2003 2921 2069 2962 ac
2097 2921 2197 2960 nos
2216 2906 2362 2960 aiunt
2388 2921 2444 2960 se
2471 2907 2718 2970 credere,
2737 2915 2791 2959 et
2813 2909 2864 2958 in
2899 2906 3150 2957 enuideni
3174 2903 3301 2958 ferri
3332 2917 3580 2964 sensum,

2003 2999 2134 3054 licet
2163 2998 2363 3054 additis
2388 2999 2615 3052 vocibus
2647 3000 2846 3054 melius
2877 2999 3149 3066 explicent
3176 3037 3191 3062 ,
3245 3009 3346 3050 nec
3412 2995 3581 3046 ullum

2005 3102 2318 3149 sanctorum
2361 3091 2704 3157 calumniari,
2726 3093 3216 3146 autaut-toritatem
3241 3089 3356 3159 ejus
3373 3088 3587 3142 elevare

2003 3196 2291 3254 cOguntur;
2307 3184 2416 3238 imo
2432 3182 2685 3238 doctores
2705 3185 2844 3238 inter
2860 3199 2981 3238 sese
2992 3182 3308 3244 conciliant,
3327 3189 3380 3235 et
3401 3190 3591 3249 potet:-

2004 3275 2218 3331 tissimo
2241 3282 2565 3344 argumento
2583 3276 2719 3328 satis
2745 3276 3120 3328 demonstrare
3138 3288 3196 3327 se
3226 3279 3416 3340 putant
3449 3281 3590 3323 recte

2004 3371 2208 3426 sentire
2225 3378 2278 3422 et
2296 3369 2538 3434 credere,
2562 3368 2702 3436 quod
2721 3367 3003 3422 doctorem
3050 3381 3174 3420 cum
3194 3365 3417 3417 doctore
3465 3363 3588 3413 nul-

2007 3465 2117 3518 lum
2139 3470 2497 3532 pugnantem,
2551 3469 2645 3514 aut
2688 3459 2962 3514 contraria
3009 3458 3277 3512 dicentem
3335 3454 3586 3517 faciunt;

2008 3556 2104 3612 sed
2133 3556 2275 3626 apud
2327 3555 2452 3610 illos
2488 3554 2668 3609 omnia
2720 3567 2816 3622 per
2867 3553 3006 3606 hanc
3045 3549 3368 3604 sententiam
3444 3558 3590 3599 tran-

2008 3645 2177 3716 quilla
2204 3653 2332 3698 sunt
2369 3655 2424 3699 et
2450 3643 2861 3702 convenientia.
2907 3641 2986 3695 Ad
3029 3641 3146 3694 haec
3180 3640 3254 3691 ita
3303 3637 3589 3692 nobiscum

2010 3746 2202 3807 agunt,
2233 3751 2299 3791 ac
2329 3736 2374 3791 si
2437 3735 2686 3806 magistri
2729 3733 2940 3788 illorum
2977 3741 3071 3786 aut
3121 3730 3336 3800 iudices
3369 3728 3591 3784 sedere-

2013 3843 2137 3885 mus
2167 3846 2182 3893 ;
2227 3835 2527 3898 rogantque
2564 3836 2623 3881 ut
2660 3841 2718 3881 se
2785 3823 3170 3894 suscipiamus,
3205 3837 3304 3877 nec
3362 3819 3592 3874 velimus

2013 3920 2230 3977 modica
2255 3919 2325 3974 de
2351 3933 2512 3974 causa
2536 3917 2772 3988 disjungi
2801 3917 2871 3974 ab
2889 3917 3204 3972 hominibus
3232 3914 3368 3968 adeo
3389 3910 3594 3966 nostris

2017 4011 2350 4080 consimilia,
2415 4011 2554 4066 adeo
2619 4009 3006 4066 communibus
3056 4007 3374 4064 doctoribus
3461 4017 3594 4058 con-

2013 4104 2265 4176 gruentia
2349 4102 2732 4160 sentientibus.
2815 4100 3003 4172 Neque
3083 4115 3213 4154 vero
3284 4098 3512 4166 exigunt
3563 4110 3595 4149 a

2020 4197 2181 4253 nobis
2211 4195 2607 4266 professionem
2641 4194 2926 4258 veritatis;
2952 4192 3046 4248 sed
3087 4191 3190 4246 hoc
3244 4191 3463 4259 quidem
3495 4204 3599 4242 no-

2019 4291 2103 4344 bis
2132 4289 2468 4358 relinquunt,
2497 4288 2541 4343 si
2578 4286 2814 4356 perfecte
2849 4284 3073 4340 credere
3099 4283 3353 4346 velimus,
3409 4296 3589 4348 neque

2020 4379 2212 4434 salutis
2250 4393 2401 4448 spem
2427 4377 2758 4431 arbitremur
2781 4376 2940 4431 nobis
2964 4374 3315 4444 ignominiam
3347 4373 3593 4426 inurere:

325 4477 551 4542 τρύσης,
597 4476 743 4547 Πρὸς
777 4475 832 4528 δὲ
860 4466 1096 4541 τούτοις,
1122 4476 1377 4546 καθάπερ
1399 4475 1743 4537 διδασκάλοις
1780 4477 1903 4545 ἡμῖι

2027 4490 2044 4523 ι
2080 4469 2308 4523 Oportet
2335 4470 2509 4532 enim,
2534 4467 2734 4536 inquit,
2787 4466 2854 4518 ad
2915 4465 3145 4519 salutem
3190 4464 3348 4517 labiis
3382 4479 3601 4532 quoque

331 4568 363 4634 ἢ
406 4569 624 4635 κριταῖς
657 4565 838 4619 αὐτῶν
875 4567 1229 4639 καθημένοις,
1278 4567 1424 4621 οὕτω
1465 4567 1910 4638 προσφέρονται·

329 4662 421 4712 καὶ
453 4662 662 4714 δέονται
699 4663 841 4729 σφᾶς
888 4661 1273 4730 προσήκασθαι
1299 4703 1314 4726 ,
1349 4662 1444 4716 καὶ
1494 4663 1569 4730 μὴ
1607 4659 1786 4713 θέλειν
1819 4660 1916 4712 ἀν-

331 4757 562 4827 θρώπων
591 4755 734 4810 οὕτω
788 4757 886 4827 μὲν
933 4755 1142 4825 ἀδελφὰ
1190 4754 1534 4824 φρονούντων
1570 4754 1706 4823 ἡμῖν
1733 4793 1747 4818 ,
1773 4750 1917 4806 οὕτω

329 4848 387 4900 δὲ
449 4849 859 4916 συμϐαινόντων
909 4849 1023 4905 τοῖς
1065 4846 1271 4907 κοινοῖς
1325 4843 1693 4906 διδασκάλοις,
1743 4841 1919 4912 μικρᾷ

331 4940 602 5008 προφάσει
633 4940 986 5008 χωρίζεσθαι.
1020 4937 1147 4990 Οὐδ’
1178 4936 1508 4991 ἀπαιτοῦσιν
1532 4934 1592 4999 ἐξ
1628 4934 1787 5004 ἡμῶν
1817 4935 1919 5001 τὴν

328 5031 623 5098 ὁμολογίαν
673 5031 769 5099 τῆς
823 5034 1086 5102 ἀληθείας
1121 5071 1136 5097 ,
1201 5031 1340 5087 ἀλλὰ
1403 5030 1565 5083 τοῦτο
1617 5030 1716 5098 μὲν
1786 5030 1916 5097 ἡμῖν

331 5120 777 5188 καταλείπουσιν,
825 5124 872 5175 εί
939 5123 1274 5193 βουλοίμεθα
1321 5122 1548 5184 τελείως
1607 5121 1917 5184 πιστεύειν,

328 5214 427 5269 καὶ
463 5213 535 5284 μὴ
567 5213 890 5282 νομίζοιμεν
913 5215 1181 5285 αἰσχύνην
1209 5217 1400 5286 φέρειν
1435 5217 1567 5286 ἡμῖν
1599 5216 1698 5280 τὴν
1724 5211 1917 5264 ἐλπίδα

327 5308 432 5376 τῆς
468 5307 762 5377 σωτηρίαςο
802 5326 818 5359 ι
855 5310 949 5362 Δεῖ
996 5310 1126 5379 γάρ,
1161 5310 1319 5380 φησι,
1357 5311 1494 5378 πρὶς
1524 5307 1584 5360 τὸ
1619 5304 1918 5367 σώζεσθαι,

2023 4564 2180 4618 fidem
2210 4561 2454 4618 conﬁteri
2519 4561 2560 4612 ι.
2593 4577 2611 4610 ι
2656 4557 2732 4611 llli
2777 4571 2904 4610 vero
2954 4556 3088 4610 satis
3140 4569 3262 4608 esse
3293 4557 3500 4607 ducunt
3535 4553 3601 4604 ad

2025 4667 2240 4723 parem,
2271 4653 2314 4706 si
2371 4651 2530 4704 linem
2586 4646 2939 4702 insimulandi
2997 4644 3261 4698 faciamus
3316 4654 3438 4712 post
3491 4652 3600 4695 tam

2026 4749 2226 4802 multas
2267 4743 2786 4808 demonstrationes,
2834 4739 3033 4809 quibus
3091 4752 3150 4792 se
3189 4751 3291 4790 nec
3351 4734 3484 4788 falsa
3517 4736 3602 4787 di-

2025 4854 2175 4902 cere,
2216 4852 2315 4891 nec
2356 4836 2498 4889 male
2534 4833 2738 4889 sentire
2797 4831 3140 4902 probarunt:
3205 4836 3261 4880 ut
3326 4827 3397 4881 sit
3445 4825 3605 4878 nobis

2023 4933 2298 5002 integrum
2326 4929 2431 4983 alia
2465 4929 2549 4981 via
2571 4937 2621 4981 ct
2646 4941 2835 4996 pacem
2872 4924 3075 4988 facere,
3102 4933 3152 4976 et
3193 4919 3440 4990 populari
3500 4918 3604 4972 huc

2023 5037 2430 5095 apparenteque
2466 5021 2756 5090 Splendore
2781 5034 2844 5073 ac
2898 5030 3144 5080 rumore,
3206 5028 3308 5068 nec
3343 5013 3604 5082 pertime-

2025 5133 2177 5172 scere
2209 5114 2573 5169 defectionem
2637 5111 2880 5181 gentium
2942 5108 3102 5162 nobis
3158 5105 3606 5175 conjunctarum,

2025 5207 2466 5279 quandoquidem
2508 5205 2630 5258 ﬁdei
2689 5203 2970 5258 confessio
3033 5217 3142 5256 non
3197 5200 3356 5256 aliter
3385 5198 3454 5254 ab
3501 5196 3611 5252 illis

2022 5308 2078 5355 tt
2117 5301 2278 5354 nobis
2306 5299 2414 5362 lict,
2453 5312 2517 5352 ac
2551 5295 2707 5366 prius
2738 5295 2924 5350 tiebat.

328 5401 427 5456 xui.
467 5400 669 5470 χείλεσι
723 5402 824 5472 τὴν
864 5405 1052 5456 πίστιν
1085 5405 1388 5473 ὁμολογεῖν.
1431 5422 1448 5454 ι
1491 5401 1656 5455 Αὐτοὶ
1686 5401 1742 5453 δὲ
1772 5400 1962 5468 ἀρκεῖν
2001 5395 2261 5468 ἡγοῦνται
2300 5393 2435 5462 πρὸς
2484 5393 2582 5463 τὴν
2635 5393 2860 5462 εἰρήνην
2938 5393 3000 5445 τὸ
3059 5389 3378 5444 παύσασθαι
3413 5385 3604 5440 λοιϊόν

327 5489 582 5559 ἐγκαλεῖν
633 5493 842 5572 αὐτρῖς,
876 5493 1021 5547 οὕτω
1073 5494 1276 5556 πολλὰς
1333 5492 1430 5546 τοῦ
1490 5493 1564 5564 μὴ
1612 5489 1908 5561 ψεύδεσθαι
1950 5487 2088 5556 μηδὲ
2120 5485 2310 5548 κακῶς
2343 5485 2564 5554 φρονεῖν
2627 5484 3078 5553 παρασχομένοις
3147 5480 3244 5542 τὰς
3268 5477 3600 5541 ἀποδείξεις.

331 5581 486 5635 ”Ωστ’
512 5569 954 5658 ἐξεῖναιήτρόπον
987 5589 1121 5660 ἡμῖν
1149 5587 1336 5659 ἕτερον
1377 5587 1516 5657 μετὰ
1554 5585 1650 5638 τοῦ
1684 5584 1785 5652 τὴν
1826 5582 2053 5653 εἰρήνην
2085 5579 2384 5651 πράττειν,
2423 5579 2518 5632 καὶ
2551 5577 2652 5646 τῆς
2725 5575 2830 5641 ἐξω
2901 5577 2994 5627 καὶ
3063 5572 3403 5642 φαινομένης
3470 5569 3603 5619 τα)-

400 5768 601 5820 Ἰὶυίιι.
639 5784 687 5828 x,
738 5770 813 5821 i0.
