4176 6278
424 236 458 293 Ι

616 274 718 337 39ἱ
1666 272 2038 331 GENNADH
2086 272 2176 332 ΕΡ

2283 272 2755 336 armancue
3768 278 3879 359 δεῖ

615 407 717 456 της
777 389 1081 443 ἀπολαῦσαι
1119 385 1506 455 λαμτιρότητὸς
1545 402 1602 436 τε

1658 385 1751 437 καὶ
1819 387 2045 453 φήμης,
2116 379 2213 435 καὶ
2255 385 2392 455 μηδὲ
2440 387 2541 456 τὴν
2598 391 2936 447 ἀποστασίαν
2990 389 3101 443 τῶν
3152 389 3285 458 ἡμῖν
3322 387 3707 459 προσηκόντων
3787 394 3879 447 δε-

611 483 780 537 διέναι
824 482 1020 550 γενῶν,
1082 479 1271 551 ἐπειδὴ
1313 479 1409 549 τὴν
1445 477 1737 548 ὁμολογίαν
1773 478 1868 545 τῆς
1924 476 2164 538 πίστεως
2202 472 2305 527 οὐκ
2369 477 2543 544 άλλως
2594 481 2627 551 ἢ
2683 483 2947 552 πρότερον
2990 481 3220 542 ἐκείνοις
3284 495 3345 531 τε
3380 479 3479 533 καὶ
3523 483 3657 552 ἡμῖν
3718 484 3878 545 ἔσται

614 578 911 630 ποιεῖσθαι.

688 674 750 725 Et
783 669 959 725 Latini
990 669 1210 739 quidem
1271 668 1385 723 haec
1419 666 1743 726 ostendunt.
1796 667 1912 720 iure
1968 664 2179 723 dicunt.

2369 669 2481 723 Καὶ
2505 670 2555 721 oi
2588 667 2691 738 μὲν
2725 670 2946 724 Λατῖνοι
2975 669 3154 725 ταῦτα
3202 670 3535 739 δεικνύουσι,
3568 672 3744 728 ταῦτά
3770 692 3876 743 φα-

614 773 767 819 ιειιιιο
839 762 1196 818 conficienda:
1262 761 1544 815 nobiscum
1611 758 1830 813 unionis
1918 755 2193 811 desiderio

622 851 1054 921 flagraut:adco
1115 851 1250 904 nihil
1310 851 1498 903 volunt
1556 847 1669 903 fieri
1737 866 1764 901 a
1824 847 2003 908 nobis,
2047 845 2191 914 quod

616 945 720 997 sibi
756 944 1008 1011 gloriam,
1033 942 1191 996 nobis
1244 939 1594 1011 ignominiam
1655 948 1750 993 aut
1799 939 2189 992 detrimentum

555 1085 559 1091 .
614 1034 810 1088 afferre
839 1035 1033 1104 possit.
1082 1031 1249 1086 Nobis
1287 1049 1413 1087 vero
1448 1033 1514 1087 ad
1554 1032 1669 1086 haec
1718 1031 1902 1085 omnia
1955 1029 2192 1085 fortasse

617 1126 839 1194 quidem
869 1126 1032 1180 verba
1062 1141 1165 1179 non
1189 1122 1444 1186 deerunt,
1475 1125 1567 1177 sed
1618 1138 1726 1177 non
1764 1123 1918 1194 multi
1975 1122 2190 1177 roboris

615 1215 963 1278 antdecoris,
986 1222 1037 1267 et
1067 1231 1188 1283 quae
1224 1214 1422 1268 virtute
1447 1222 1500 1267 et
1539 1214 1807 1281 sapientia
1843 1227 2030 1268 noStra
2073 1212 2188 1266 sint

613 1307 798 1373 digna,
825 1317 916 1359 ant
945 1306 1228 1360 hominum
1289 1305 1582 1359 volentium
1632 1319 1743 1374 prae
1772 1320 1831 1359 se
1864 1303 2010 1359 ferre
2058 1318 2188 1372 Spe-

614 1398 752 1451 ciem
780 1413 844 1451 ac
875 1396 1191 1468 dignitatem
1230 1398 1473 1461 Patrum,
1522 1396 1617 1465 qui
1670 1397 1723 1450 in
1755 1395 1995 1464 antiquis
2037 1394 2189 1451 fuere

615 1488 886 1551 conciliis,
916 1499 968 1543 et
999 1491 1181 1543 omnia
1216 1506 1338 1543 cum
1367 1488 1593 1543 veritate
1614 1496 1669 1541 et
1696 1487 1967 1542 charitate
1999 1495 2185 1541 mutua

614 1580 1027 1633 examinarunt.
1059 1578 1170 1633 Nec
1231 1596 1361 1634 τρι-ο
1405 1579 1745 1649 prepositum
1794 1576 1951 1632 nobis
1997 1586 2082 1632 est
2119 1578 2186 1631 de

617 1682 677 1721 re
705 1679 813 1720 non
847 1667 1027 1736 magni
1049 1667 1307 1736 ponderis
1340 1676 1637 1729 certamen,
1659 1665 1753 1720 sed
1781 1667 1962 1735 agitur
1998 1666 2063 1719 de
2090 1682 2184 1719 ve-

617 1758 777 1813 ritate
832 1758 1104 1828 ﬁdei,per
1153 1773 1317 1826 quam
1360 1774 1464 1814 nos
1514 1759 1713 1814 salvari
1765 1773 2075 1828 speramus.
2132 1767 2189 1813 et

612 1867 777 1920 quam
801 1851 1139 1907 contentiose
1168 1865 1483 1922 oppugnare
1525 1865 1633 1905 non
1667 1850 1844 1905 solum
1881 1859 2040 1921 turpe
2076 1859 2182 1914 est,

609 1945 707 2001 sed
731 1954 786 2001 et
808 1945 1046 1999 maxime
1076 1944 1466 2014 periculosum.
1528 1940 1715 2012 Neque
1750 1942 1897 1996 enim
1949 1950 2045 1997 aut
2083 1942 2181 1997 do-

608 2048 790 2101 ctores
812 2051 1013 2107 negare
1039 2035 1189 2101 licet,
1209 2034 1410 2104 quibus
1432 2035 1596 2087 etiam
1620 2032 2067 2101 deprecatoribus
2110 2032 2178 2086 ad

611 2127 781 2182 Deum
813 2143 909 2197 pro
940 2128 1178 2197 peccatis
1208 2125 1410 2180 nostris
1433 2125 1510 2179 uti
1560 2124 1821 2190 solemus,
1864 2132 1920 2179 et
1979 2124 2182 2211 quibus

609 2222 866 2276 universa
907 2218 1149 2275 Ecclesia
1205 2232 1305 2289 pro
1354 2216 1748 2272 certaminibus
1791 2216 1862 2271 ob
1896 2216 2181 2273 veritatem

608 2312 900 2383 susceptis,
922 2322 974 2366 et
1001 2311 1283 2366 laboribus
1308 2310 1364 2363 in
1394 2308 1665 2373 docendo,
1692 2322 1855 2377 quam
1885 2308 2180 2362 maximam

612 2404 795 2459 retulit
816 2403 1069 2476 gratiam,
1099 2410 1161 2456 ut
1193 2401 1441 2457 omittam
1470 2400 1607 2455 alias
1631 2398 1946 2454 sanctitatis
1976 2409 2181 2469 partes,

611 2509 832 2566 propter
886 2509 1027 2564 quas
1074 2494 1198 2550 illos
1248 2486 1550 2549 secundum
1600 2490 1771 2546 Deum
1823 2491 2179 2547 honoramus.

608 2586 796 2658 Neque
860 2586 1106 2642 dicemus
1162 2585 1412 2641 doctores
1461 2584 1605 2639 inter
1647 2599 1708 2639 se
1737 2597 2026 2654 pugnare;
2081 2584 2184 2639 hoc

606 2681 752 2733 enim
784 2687 865 2734 est
890 2678 1073 2733 omnia
1104 2675 1459 2742 confundere,
1487 2691 1549 2729 ac
1578 2684 1745 2730 totam
1801 2676 2068 2745 abnegare
2121 2676 2184 2730 ti-

532 2834 545 2849 ]
608 2772 754 2824 dem.
787 2768 959 2823 Porro
988 2776 1171 2821 autem
1205 2766 1438 2820 voluisse
1492 2764 1719 2821 Latinos
1767 2765 2068 2834 depravare
2119 2767 2184 2821 li-

611 2861 760 2924 dem,
789 2868 841 2913 et
872 2858 1155 2912 doctorum
1183 2857 1429 2910 Omnium
1484 2855 1800 2910 adulterare
1832 2846 2182 2927 theologiam,

611 2953 737 3023 quis
776 2950 913 3007 adeo
944 2948 1196 3015 stolidus,
1239 2957 1297 3003 ut
1330 2947 1567 3004 credat?
1596 2947 1788 3016 quisve
1808 2948 1862 3003 id
1888 2948 2183 3006 asserendo

610 3052 801 3098 contra
843 3041 1089 3105 Latinos,
1127 3039 1241 3094 risu
1294 3054 1403 3094 non
1429 3036 1778 3108 excipiatur?
1834 3037 1987 3094 Nulla
2036 3041 2181 3095 enim

606 3134 921 3189 criminatio
952 3140 1127 3202 potest
1152 3130 1406 3187 falsitatis
1437 3131 1689 3198 redargui
1741 3130 2014 3201 pluribus,
2074 3131 2184 3188 for-

606 3226 862 3289 tioribus,
894 3238 958 3278 ac
989 3222 1300 3278 verioribus
1342 3222 1699 3293 argumentis.
1732 3220 1801 3275 Αι
1854 3220 2184 3290 objiciemus

2296 779 2403 825 σιν,
2442 760 2587 815 οὕτω
2610 762 2747 830 πρὸς
2787 760 2888 832 τὴν
2924 760 3043 829 μεθ’
3087 761 3245 831 ἡμῶν
3279 762 3493 826 ζέουσιν
3536 762 3754 828 ἕνωσιν,
3783 764 3877 817 οὗ-

2291 868 2400 914 τως
2428 854 2575 921 ἡμᾶς
2608 853 2706 921 τῆς
2734 854 2960 906 ἐκείνων
2981 852 3148 906 ἕνεκα
3202 851 3363 923 δόξης
3402 852 3556 907 οὐδὲν
3591 852 3872 922 βούλονται

2293 942 2556 1012 πράττειν
2586 944 2812 1013 αἰσχρὸν
2860 942 2890 1012 ἢ
2922 944 3225 1012 δυνάμενον
3274 943 3555 1013 βλάπτειν.
3595 944 3789 1014 Ἡμεῖς
3815 946 3872 999 δὲ

2291 1034 2429 1102 πρὸς
2465 1032 2641 1087 ταῦτα
2666 1035 2874 1087 ,πάντα
2903 1034 3077 1101 λόγων
3138 1034 3238 1103 μὲν
3296 1036 3429 1098 ῐσως
3462 1034 3867 1106 εὐπορήσομεν,

2291 1124 2408 1177 ἀλλ’
2436 1124 2498 1177 οὐ
2535 1125 2677 1177 πάνυ
2708 1125 2996 1191 γενναίων,
3036 1124 3151 1178 οὐδ’
3189 1126 3508 1195 εὐπρεπῶν,
3549 1126 3661 1180 οὐδ’
3699 1126 3865 1191 ἀξίων

2291 1215 2690 1285 τῆςήμετέρας
2729 1216 2931 1286 ἀρετῆς
2966 1217 3060 1271 καὶ
3106 1217 3322 1284 σοφίας,
3359 1217 3480 1271 οὐδὲ
3523 1218 3866 1288 βουλομένων

2289 1307 2500 1379 ἀνδρῶν
2527 1309 2718 1379 σχῆμα
2768 1309 2965 1371 σώζειν
3010 1307 3107 1361 καὶ
3150 1308 3305 1375 τάξιν
3335 1310 3444 1362 τῶν
3476 1311 3535 1361 ὲν
3561 1312 3681 1373 ταῖς
3711 1309 3867 1364 συνό-

2287 1401 2402 1464 δοις
2460 1401 2700 1461 ἐκείναις
2751 1400 3034 1472 Πατέρων,
3066 1400 3118 1454 οἳ
3170 1402 3312 1470 μετά
3352 1402 3451 1466 τῆς
3481 1402 3734 1471 ἀληθείας
3765 1403 3865 1456 sui.

2288 1495 2387 1563 τῆς
2430 1494 2566 1562 πρὸς
2610 1492 2874 1561 ἀλλήλους
2930 1493 3154 1563 ἀγάπης
3188 1494 3362 1546 πάντα
3395 1492 3687 1562 ἐξήτασεν.
3739 1492 3864 1546 Οὐδ’

2289 1584 2430 1654 ὑπὲρ
2456 1584 2565 1637 τῶν
2590 1585 2859 1655 τυχόντων
2881 1586 3017 1655 ἡμῖν
3045 1587 3073 1638 ὁ
3099 1584 3275 1652 ἀγὼν,
3300 1584 3416 1637 ἀλλ’
3440 1583 3580 1654 ὑπὲρ
3600 1584 3703 1651 τῆς
3725 1582 3862 1655 ἀλη-

2289 1676 2440 1741 θείας
2471 1679 2572 1746 τῆς
2603 1678 2865 1741 πίστεως,
2896 1677 3016 1747 μεθ’
3043 1673 3111 1750 ἧς
3154 1678 3219 1743 δὴ
3254 1676 3547 1747 ἐλπίζομεν
3591 1672 3861 1741 σὼζεσθαι

2287 1769 2384 1822 καὶ
2414 1770 2547 1839 πρὸς
2576 1772 2643 1839 ἦν
2672 1770 2881 1823 ιθέλειν
2910 1769 3256 1839 φιλονεικεῖν,
3281 1770 3384 1822 οὐκ
3422 1769 3649 1838 αἰσχρὸν
3675 1768 3858 1837 μόνον,

2288 1850 2424 1913 ἀλλὰ
2452 1860 2547 1913 καὶ
2585 1859 2834 1913 κινδύνου
2887 1858 3057 1927 γέμον
3105 1859 3388 1926 μεγίστου.
3439 1854 3577 1910 Οὔτε
3616 1857 3723 1924 γάρ
3759 1858 3860 1924 ἀρ-

2286 1955 2553 2023 νήσασθαι
2577 1955 2702 2017 τοὺς
2731 1952 3082 2015 διδασκάλους
3102 1952 3336 2018 ἔξεστιν,
3358 1944 3440 2014 οἷς
3470 1951 3563 2002 καὶ
3596 1949 3862 2017 πρέσϐεσι

2293 2047 2431 2116 πρὸς
2457 2048 2590 2101 Θεὸν
2629 2048 2769 2117 ὑπὲρ
2799 2048 2907 2102 τῶν
2952 2050 3237 2119 ἡμετέρων
3270 2046 3694 2117 ἁμαρτημάτων
3739 2043 3863 2096 siti;-

2291 2140 2466 2210 Θαμεν
2513 2140 2776 2211 χρῆσθαι,
2808 2141 2904 2194 καὶ
2949 2138 3031 2203 οἷς
3071 2141 3133 2193 τὸ
3167 2140 3346 2194 κοινὸν
3374 2143 3473 2208 τῆς
3531 2136 3859 2206 Ἐκκλησίας

2291 2233 2560 2303 μεγίστας
2592 2233 2699 2287 τῶν
2739 2230 2881 2301 ὑπὲρ
2902 2233 3003 2301 τῆς
3051 2232 3311 2300 ἀληθείας
3346 2232 3573 2299 ἀγώνων
3627 2229 3719 2281 xui.
3747 2226 3859 2280 τῶν

2288 2325 2347 2377 ἐν
2368 2324 2445 2395 τῷ
2465 2322 2740 2378 διδάσκειν
2769 2323 2950 2377 πόνων
2995 2324 3260 2392 ἀπένειμε
3306 2322 3534 2393 χάριτας
3577 2320 3706 2374 ἄνευ
3754 2319 3859 2388 τῆς

2288 2413 2456 2483 ἄλλης
2507 2413 2849 2482 ἁγιωσύνης,
2901 2406 2975 2485 ἧς
3029 2414 3193 2467 ἕνεκα
3242 2410 3361 2475 ταῖς
3405 2412 3686 2481 δευτέραις
3719 2412 3859 2482 μετά

2287 2504 2422 2559 Θεὸν
2445 2505 2647 2569 αὐτοὺς
2675 2506 2926 2576 τιμῶμεν
2951 2507 3159 2576 τιμαῖς·
3184 2504 3307 2559 οὒτ’
3353 2506 3587 2577 ἐροῦμεν
3631 2505 3860 2573 ἀντιφά-

2290 2614 2443 2652 σκειν
2463 2597 2591 2661 τοὺς
2623 2596 2986 2660 διδασκάλους
3015 2596 3269 2666 ἀλλήλοις
3292 2613 3307 2629 ·
3334 2596 3493 2650 τοῦτο
3527 2598 3634 2666 γάρ
3675 2597 3853 2648 πάντα

2289 2689 2546 2758 συγχέειν
2594 2688 2737 2754 ἐστὶ,
2790 2687 2886 2739 καὶ
2914 2686 3012 2757 τὴν
3041 2688 3227 2740 πίστιν
3286 2688 3467 2741 πᾶσαν
3542 2686 3854 2757 ἀρνεῖσθαι.

2289 2780 2363 2833 Τὸ
2389 2781 2449 2835 δὲ
2480 2782 2744 2845 Λατίνους
2791 2781 3103 2852 διαφθεῖραι
3135 2780 3468 2852 βουληθῆναι
3512 2780 3610 2841 τὴν
3650 2782 3861 2848 πίστιν,

2290 2872 2385 2924 καὶ
2401 2870 2501 2940 τὴν
2523 2871 2632 2925 τῶν
2654 2871 2989 2925 διδασκάλων
3013 2870 3267 2925 ἁπάντων
3285 2869 3539 2923 νοθεῦσαι
3557 2870 3861 2941 θεολογίαν,

2289 2964 2375 3028 τίς
2403 2962 2579 3028 οὕτως
2608 2962 2814 3027 ἁπλοῦς
2846 2964 2965 3017 ὶστι
2988 2962 3129 3017 ὥστε
3163 2962 3486 3029 πιστεῦσαι;
3522 2963 3555 3033 ἢ
3586 2964 3671 3027 τίς
3701 2963 3864 3018 τοῦτο

2290 3056 2433 3111 κατὰ
2455 3057 2703 3111 Λατίνων
2729 3054 2902 3110 είπὼν
2924 3055 3047 3126 οὐχὶ
3074 3057 3169 3125 καὶ
3209 3055 3420 3125 γέλωτα
3447 3057 3862 3127 προσοφλήσεις

2289 3153 2519 3222 οὐδεμία
2548 3152 2657 3224 γάρ
2686 3152 2921 3223 ταυτησὶ
2941 3153 3041 3224 τῆς
3071 3152 3410 3224 κατηγορίας
3436 3155 3650 3209 πλείοσί
3678 3173 3737 3209 τε
3766 3156 3866 3211 καὶ

2294 3245 2505 3317 μείζοσι
2568 3245 2665 3299 καὶ
2715 3244 3103 3316 ἀληθιστέροις
3170 3244 3237 3298 ἂν
3309 3246 3591 3318 ἐλέγχοιτο
3642 3248 3862 3317 λόγοις.

607 3331 709 3372 nos
744 3322 1095 3385 apparentem
1132 3316 1417 3369 doctorum
1480 3312 1881 3368 dissensionem
1912 3329 1930 3379 ;
1997 3327 2179 3368 verum

2296 3312 2463 3391 ζΑλλτὶι
2491 3336 2589 3406 τὴν
2622 3312 2959 3406 φαινομένην
2991 3312 3577 3407 γπροὸαλλόμεααττῶν
3604 3312 3863 3393 διδασκά-

603 3501 994 3557 dissoiverunt.
1034 3499 1140 3554 Sed
1167 3513 1343 3568 neque
1376 3497 1636 3554 decorum
1672 3498 1907 3569 amplius
1935 3509 2022 3554 est
2068 3499 2184 3553 haec

603 3605 633 3641 a
662 3589 873 3646 Latinis
903 3604 1170 3660 quaerere;
1202 3603 1497 3659 possumus
1521 3588 1668 3644 enim
1698 3596 1755 3643 et
1791 3602 1891 3642 nos
1913 3587 2019 3658 ipsi
2052 3603 2182 3644 con-

603 3683 793 3738 ciliare
814 3682 957 3738 inter
989 3697 1049 3738 se
1099 3681 1375 3737 doctores.
1420 3679 1531 3751 Ego
1587 3694 1714 3735 cum
1765 3679 1867 3735 sim
1929 3688 2174 3736 vestrum

604 3777 853 3830 omnium
886 3774 1169 3838 minimus,
1201 3772 1297 3827 ubi
1362 3770 1415 3825 id
1476 3772 1901 3837 mandaveritis,
1954 3781 2179 3842 paratus

605 3884 723 3921 sum
754 3868 861 3921 hoc
910 3874 1174 3936 praestare
1221 3871 1276 3917 et.
1338 3863 1588 3930 privatim
1636 3872 1693 3917 et
1719 3864 1955 3932 publice,
2014 3873 2179 3934 atque

601 3958 859 4011 munibus
885 3956 1176 4011 ostendere
1230 3952 1573 4022 apertissime
1616 3954 1870 4008 doctores
1919 3954 2177 4010 Ecclesia:

601 4050 999 4103 i.iuniversutn
1033 4046 1101 4101 de
1149 4047 1440 4115 prteposita
1496 4032 1720 4097 materia
1754 4044 1896 4098 idem
1947 4046 2172 4100 sentire.

601 4143 715 4195 Hoc
750 4150 930 4193 autem
964 4153 1071 4192 non
1097 4138 1285 4191 multis
1329 4136 1615 4191 ostendam
1659 4135 2027 4199 sermonibus,
2078 4140 2173 4194 sed

600 4232 737 4287 satis
796 4230 897 4284 erit
959 4230 1185 4283 duarum
1241 4229 1479 4297 spatium
1520 4229 1777 4281 horarum
1819 4227 1887 4282 ad
1950 4244 2176 4299 persua-

600 4324 836 4376 dendum
862 4320 1019 4376 vobis
1058 4320 1314 4376 omnibus
1364 4333 1705 4388 nequaquam
1759 4322 2011 4377 dubitare
2053 4337 2173 4377 am-

601 4419 740 4486 plius
772 4416 840 4470 de
868 4414 1234 4470 consensione
1270 4414 1578 4478 doctorum,
1612 4423 1673 4467 ut
1731 4429 1829 4468 nec
1884 4430 1981 4470 vos
2033 4414 2174 4471 ultra

600 4507 864 4568 habeatis.
898 4521 999 4562 nec
1027 4503 1235 4560 Latinis
1265 4507 1541 4573 negotium
1601 4504 1926 4570 exltibeatis,
1982 4507 2171 4560 barum

597 4598 956 4665 inquisitione
1013 4611 1194 4650 rerum
1255 4597 1550 4651 commissa
1614 4598 1822 4668 synodo
1874 4599 2168 4653 communi.

512 3411 521 3420 ’
607 3409 687 3463 illi
727 3422 845 3463 eam
876 3407 1026 3463 nullo
1051 3407 1271 3477 negotio
1312 3405 1637 3471 dissolvent,
1694 3406 1807 3461 imo
1839 3408 2009 3461 etiam
2065 3407 2179 3476 jam

2283 3431 2391 3485 λων
2438 3430 2785 3498 διαφωνίαν.
2836 3430 3080 3483 Λύσουσι
3112 3431 3294 3484 τοίνυν
3347 3430 3517 3503 αὐτὴν
3561 3433 3654 3486 καὶ
3709 3433 3863 3501 μάλα

2281 3521 2519 3584 εὐκόλως
2550 3536 2562 3551 ⁸
2599 3520 2802 3589 μᾶλλον
2851 3521 2909 3575 δὲ
2938 3523 3034 3576 καὶ
3069 3521 3172 3593 ἤδη
3224 3522 3534 3577 λελύκασιν.
3567 3523 3709 3577 Ἀλλ’
3742 3526 3861 3578 οὐδ’

2280 3613 2557 3683 εὐπρεπές
2582 3616 2700 3667 ἐστι
2724 3614 2913 3669 λοιπὸν
2949 3615 3103 3686 παρά
3127 3614 3373 3670 Λατίνων
3403 3617 3472 3670 τὰ
3513 3617 3738 3671 τοιαῦτα
3766 3617 3860 3686 ζη-

2280 3707 2392 3757 τεῖν
2419 3717 2435 3735 ⁵
2468 3708 2562 3756 καὶ
2594 3704 2758 3773 ἡμεῖς
2809 3702 2922 3775 γὰρ
2976 3706 3366 3775 παρ’-ἑαυτοῖς
3421 3706 3701 3776 δυνάμεθα
3728 3708 3861 3772 τοὺς

2277 3792 2637 3854 διδασκάλους
2669 3792 2982 3847 συνάπτειν.
3012 3791 3155 3862 Ἐγὼ
3211 3793 3433 3848 πάντων
3479 3796 3636 3865 ὑμῶν
3669 3796 3858 3867 ὲλάχι-

2281 3897 2404 3942 στος
2436 3880 2532 3941 ὢν,
2557 3880 2756 3934 ὁπόταν
2781 3880 3096 3951 κελεύσητε,
3121 3880 3269 3935 τοῦθ’
3298 3882 3518 3949 ἕτοιμός
3538 3884 3656 3952 ειμι
3681 3886 3860 3955 πράτ-

2277 3990 2393 4025 τειν
2426 3972 2520 4026 καὶ
2554 3972 2658 4041 ἰδίᾳ
2692 3975 2782 4024 καί
2815 3971 3073 4044 δημοσίᾳ,
3121 3974 3217 4026 καὶ
3247 3974 3417 4041 δεῖξαι
3460 3977 3630 4030 πᾶσιν
3656 3976 3859 4031 οὑτωσὶ

2278 4063 2552 4134 φανερῶς,
2579 4064 2662 4117 δτι
2708 4064 2800 4117 διὰ
2848 4064 3067 4117 πάντων
3111 4065 3162 4117 oi
3194 4060 3294 4134 τῆς
3342 4066 3670 4138 Ἐκκλησίας
3699 4068 3854 4123 διδά-

2280 4153 2468 4205 σκαλοι
2488 4154 2585 4222 τὴν
2616 4152 2785 4223 αὐτὴν
2809 4154 3069 4223 περὶτῶν
3095 4157 3475 4224 προκειμένων
3504 4158 3682 4227 ἔχουσι
3709 4161 3854 4227 γνώο

2282 4262 2409 4316 μην·
2448 4246 2544 4298 καὶ
2574 4244 2733 4299 τοῦτο
2787 4246 2888 4300 οὐκ
2946 4248 3002 4299 ὲν
3049 4247 3231 4315 λόγοις
3265 4248 3426 4312 δείξω
3465 4249 3700 4314 πολλοῖς,
3732 4251 3854 4305 ἀλλ’

2277 4337 2605 4408 ἀρκέσουσιν
2625 4332 2765 4407 ὧραι
2795 4338 2912 4402 δύο,
2949 4337 3091 4392 ὥστε
3126 4341 3312 4393 πεῖσαι
3345 4341 3553 4404 πάντας
3572 4343 3714 4412 ὑμᾶς
3745 4360 3853 4413 μη.

2276 4431 2394 4483 κέτι
2412 4433 2540 4500 περὶ
2554 4430 2652 4500 τῆς
2668 4431 2774 4483 τῶν
2791 4432 3135 4485 διδασκάλων
3154 4435 3481 4502 συμφωνίας
3501 4436 3851 4505 ἀμφιγνοεῖν·

2280 4520 2419 4591 μηδὲ
2452 4524 2757 4591 πράγματα
2782 4522 2971 4574 λοιπὸν
3004 4523 3199 4587 αὐτούς
3224 4541 3283 4577 τε
3310 4525 3454 4595 ἔχειν
3480 4526 3575 4578 καὶ
3601 4526 3855 4591 Λατίνοις

2278 4612 2568 4682 παρέχειν,
2605 4615 2761 4683 κοινῇ
2796 4614 2999 4684 συνόδῳ
3023 4614 3121 4685 τὴν
3153 4616 3284 4686 περὶ
3325 4616 3532 4668 τούτων
3570 4617 3856 4670 ἀνατιθέν-

598 4690 705 4746 Sed
745 4706 918 4759 neque
944 4689 988 4743 si
1024 4698 1240 4754 tempus
1267 4688 1429 4741 etiam
1483 4687 1684 4741 frustra
1711 4694 1995 4743 conterere
2043 4689 2174 4745 lice-

2283 4674 2377 4765 τας
2400 4674 2672 4767 ἐξέτασιν.
2721 4674 2887 4756 iam
2923 4674 3029 4774 μην
3076 4674 3189 4757 οὐδ’
3229 4674 3295 4757 ἐί
3336 4707 3547 4776 τρίϐειν
3585 4706 3713 4777 ἐξῆν
3758 4710 3853 4760 τὸν

596 4781 889 4845 rct,veluti
937 4780 1257 4834 sedentibus
1314 4780 1367 4832 in
1410 4779 1543 4839 otio,
1600 4779 1857 4847 nullaque
1894 4782 2172 4849 oppressis

597 4876 925 4929 necessitate
952 4873 1019 4926 ad
1052 4870 1400 4941 cogitandum
1446 4870 1513 4924 de
1563 4869 1766 4936 reditu,
1800 4881 2076 4939 oporteret
2105 4872 2172 4927 de

599 4970 762 5020 rebus
792 4965 993 5018 divinis
1024 4962 1215 5015 inanes
1258 4960 1486 5014 fundere
1525 4972 1829 5025 sermones,
1861 4968 1915 5013 et
1963 4960 2171 5015 instan-

599 5058 703 5111 tias
734 5053 1121 5123 disputationis
1149 5067 1281 5120 ergo
1302 5051 1518 5115 afferre,
1547 5049 1945 5118 victoriamque
1992 5054 2168 5107 solum

598 5157 868 5215 ερ-αοιιιιητ,
904 5160 967 5197 ac
1004 5144 1171 5197 multa
1202 5144 1400 5209 dicere,
1427 5144 1479 5196 in
1505 5143 1705 5212 quibus
1749 5145 1916 5198 etiam
1951 5160 2046 5211 par
2085 5154 2170 5200 est

602 5230 810 5299 aliquid
838 5229 1040 5282 erroris
1070 5232 1333 5295 miscere;
1366 5230 1527 5300 idque
1581 5247 1687 5285 non
1724 5234 1954 5286 multum
1986 5235 2169 5288 valen-

605 5323 749 5376 tibus
774 5321 1105 5375 contendere
1161 5335 1282 5373 cum
1316 5319 1523 5373 Latinis
1577 5321 1893 5393 theologica:
1932 5338 1997 5377 ac
2046 5324 2171 5401 phi-

603 5412 896 5482 losophica:
954 5410 1230 5464 facultatis
1280 5411 1510 5474 nozitia;
1576 5412 1776 5467 infelici
1845 5430 2025 5469 rerum
2080 5431 2174 5470 no-

600 5518 839 5561 strarum
873 5513 1017 5557 statu
1050 5504 1121 5554 ita
1153 5504 1383 5568 ferente,
1446 5512 1665 5572 propter
1694 5521 1856 5574 quem
1914 5508 2007 5576 qui
2060 5508 2175 5577 pri-

602 5606 923 5652 mastencnt
960 5596 1099 5648 inter
1130 5611 1249 5661 nus,
1300 5594 1370 5647 ita
1434 5594 1761 5663 theologiam
1823 5612 1887 5651 ac
1936 5598 2179 5666 philoso-

600 5690 782 5756 phiam
807 5688 1101 5758 attingunt,
1132 5698 1188 5740 ut
1234 5703 1340 5743 non
1374 5686 1597 5742 omnino
1623 5687 1898 5766 ‘ineruditi
1962 5690 2178 5745 vidcan-

2279 4793 2494 4863 καιρὸν,
2532 4794 2786 4865 καθάπερ
2818 4796 2910 4847 ἐπὶ
2940 4796 3139 4865 σχολῆς
3170 4795 3542 4866 καθημένους,
3577 4801 3670 4850 καὶ
3716 4800 3853 4868 πρὸς

2274 4884 2373 4953 τὴν
2406 4884 2667 4938 ἐπάνοδον
2693 4887 2955 4957 οὐδεμίαν
2989 4887 3236 4957 ἀνάγκην
3285 4888 3532 4959 ἔχοντας,
3581 4889 3688 4942 ἔδει
3723 4895 3854 4957 περὶ

2274 4975 2384 5027 τῶν
2418 4974 2579 5028 ίιείων
2604 4981 2951 5047 πραγμάτων
2985 4980 3117 5033 κενά
3147 4980 3241 5034 καὶ
3273 4980 3480 5049 μάταια
3520 4980 3721 5048 λέγειν,
3756 4981 3852 5031 καὶ

2276 5066 2413 5134 πρὸς
2438 5065 2530 5117 τὸν
2550 5065 2655 5129 ἔξω
2679 5067 2837 5134 λόγον
2876 5067 3219 5131 ἐνίστασθαι,
3241 5070 3335 5122 καὶ
3373 5068 3470 5139 τὴν
3498 5069 3657 5137 νίκην
3682 5070 3853 5136 μόνην

2275 5159 2525 5220 σκοπεῖν,
2554 5160 2648 5209 καὶ
2684 5158 2856 5210 πολλὰ
2883 5161 3085 5226 λέγειν,
3122 5161 3181 5211 ὲν
3203 5155 3284 5223 οἷς
3306 5159 3452 5222 είκὸς
3472 5175 3524 5211 τι
3557 5159 3648 5209 καὶ
3669 5159 3852 5227 ἀμαρ-

2272 5248 2475 5300 τάνειψ
2506 5249 2600 5301 καὶ
2633 5249 2806 5301 ταῦτα
2839 5250 2968 5318 περὶ
2990 5250 3271 5319 θεολογίας
3302 5268 3359 5303 τε
3394 5253 3486 5303 καὶ
3534 5235 3853 5318 φῖλοσοφίας

2273 5341 2333 5389 οὔ
2370 5338 2578 5407 σφόδρα
2611 5339 2943 5405 δυναμένους
2997 5341 3334 5409 ἁμιλλᾶσθαι
3363 5341 3618 5403 Λατίνοις
3646 5356 3661 5370 ·
3693 5339 3858 5394 τοῦτο

2274 5428 2374 5494 τῆς
2400 5429 2456 5478 ἐν
2482 5428 2613 5493 ἡμῖν
2644 5428 2939 5498 δυστυχίας
2956 5431 3068 5482 τῶν
3094 5433 3440 5502 πραγμάτων
3462 5431 3853 5500 πεποιηκυίας,

2272 5514 2339 5566 δι’
2361 5517 2427 5584 ἥν
2461 5516 2507 5566 oi
2540 5515 2670 5586 παρ’
2695 5519 2829 5585 ἡμῖν
2859 5520 3019 5590 ἄκροι
3052 5523 3307 5575 τοσοῦτον
3340 5522 3623 5591 Θεολογίας
3645 5537 3706 5573 τε
3757 5524 3857 5573 καὶ

2276 5606 2595 5673 φιλοσοφίας
2627 5608 2915 5673 ἅπτονται,
2942 5610 3084 5663 ὥστε
3141 5613 3304 5681 μόνον
3353 5613 3429 5684 μὴ
3475 5614 3653 5667 δοκεῖν
3676 5611 3856 5666 καθά-

2279 5695 2387 5756 sta;
2422 5696 2758 5763 ἀπαίδευτοι,
2823 5702 3216 5756 ἐκλελοιπότων
3270 5706 3370 5775 μὲν
3423 5701 3854 5773 παιδευτηρίων,
