4176 6278
175 662 202 684 ι

378 380 494 449 393
1469 367 1880 433 ADHORTAT
1895 363 1966 424 l0
2012 364 2109 423 AD
2146 363 2184 423 S
2199 361 2539 424 YNOLUM.
3509 354 3614 420 39$

379 490 701 560 σϐεσθείσης
729 489 785 544 δὲ
814 488 911 559 τῆς
932 489 1063 559 περὶ
1093 487 1394 557 μαθήματα
1425 487 1516 540 καὶ
1548 487 1739 554 λόγους
1796 480 1945 548 cptio-

2067 491 2302 540 .ur;non
2327 477 2542 548 vigente
2584 476 2697 543 jam
2750 473 3065 530 scholarum
3096 484 3198 525 usu
3252 466 3615 539 publicarum,

378 587 589 657 τιμίας,
618 584 713 636 καὶ
743 583 958 636 πάντων
986 583 1085 649 τῆς
1110 580 1299 650 χρείας
1332 580 1502 648 μόνης
1526 579 1619 630 καὶ
1648 580 1746 645 τῆς
1776 573 1945 641 ἀνάγ-

381 694 487 746 κης
514 674 920 744 γεγενημένων.
956 671 1269 740 Πέπεισμαι
1300 671 1357 722 δὲ
1392 668 1527 738 μηδὲ
1553 668 1632 737 τῷ
1662 664 1946 735 Πνεύματι

384 767 592 838 σφόδρα
615 766 835 832 ἀρέσειν
869 764 968 829 τὴν
997 764 1267 831 τοσαύτην
1292 759 1631 827 ἀδολεσχίαν,
1672 757 1808 810 ἀλλά
1832 772 1947 807 πει-

385 859 586 932 ραστὰς
613 858 757 926 ἡμᾶς
788 854 952 908 αὑτοῦ
977 855 1208 922 νομιεῖν,
1244 854 1293 905 εί
1336 850 1581 904 τοσαῦτα
1621 848 1721 918 μὲν
1750 849 1816 899 ὲκ
1846 846 1947 913 τῆς

383 950 535 1007 θείας
565 949 604 1001 Γ
608 947 807 1017 ραφῆς,
834 945 1071 999 τοσαῦτα
1114 944 1214 1011 μὲν
1245 944 1310 996 ἐκ
1337 944 1437 1012 τῆς
1469 947 1581 995 τῶν
1609 938 1946 994 διδασκάλων

383 1038 703 1108 συμφωνίας
729 1036 940 1105 ἔχοντες
968 1034 1105 1101 πρὸς
1128 1033 1187 1084 τὺ
1212 1031 1573 1101 προκείμενον
1594 1027 1945 1098 βοηθήματα,

382 1122 502 1182 εἶτα
523 1125 899 1195 καθεδούμεθα
927 1125 1132 1178 τούτων
1184 1124 1402 1176 πάντων
1448 1119 1940 1190 καταφρονοῦντες,

386 1219 481 1273 διαὶ
499 1220 690 1287 λόγους
717 1216 897 1282 λόγοις
931 1213 1337 1285 συμπλέξομεν,
1357 1213 1390 1282 ἢ
1410 1211 1722 1281 νομίζοντες
1747 1210 1804 1260 ὲν
1834 1208 1949 1268 τοῖς

382 1309 674 1379 ἡμετέροις
703 1307 883 1374 λόγοις
915 1304 1139 1376 ἄμεινόν
1167 1322 1220 1357 τι
1248 1304 1349 1372 τῆς
1378 1306 1442 1355 ὲκ
1470 1303 1578 1355 τῶν
1606 1301 1839 1369 Γραφῶν
1862 1314 1952 1367 χορ

386 1400 584 1469 ρηγίας
608 1399 882 1466 εὑρήσειν,
912 1396 944 1465 ἢ
988 1393 1278 1466 ζητοῦντες
1309 1392 1459 1463 παρὰ
1490 1390 1584 1443 τοῦ
1635 1390 1950 1457 Πνεύματος

386 1489 718 1559 σαφέστερόν
744 1504 796 1541 τι
824 1488 931 1541 τῶν
960 1487 1052 1539 ὑπ’
1087 1486 1253 1550 αὐτοῦ
1281 1482 1550 1554 λαμπρῶς
1584 1482 1786 1534 οὑτωσὶ
1825 1479 1952 1532 διω-

388 1582 660 1650 ρισμένων
685 1580 892 1634 λαόετν.
938 1579 1079 1631 ’Υπδ
1109 1577 1314 1631 τούτων
1339 1575 1447 1643 γὰρ
1495 1573 1608 1626 τῶν
1638 1571 1815 1637 λόγων
1855 1568 1951 1623 καὶ

384 1673 485 1740 τῆς
514 1670 770 1735 τοιαύτης
813 1669 936 1724 ὁδοῦ
970 1667 1169 1737 μᾶλλον
1191 1668 1335 1737 ὑμᾶς
1364 1660 1480 1719 οἴδα
1513 1664 1651 1733 πρὸς
1680 1660 1950 1731 διχόνοιάν

384 1778 447 1814 τε
501 1762 596 1813 καὶ
626 1761 817 1814 στάσιν
854 1762 889 1829 ἢ
936 1760 1070 1829 πρὸς
1116 1760 1373 1829 ὁμόνοιαν
1414 1754 1717 1824 ἀγομένους
1771 1768 1831 1805 τε
1858 1749 1953 1803 καὶ

388 1850 591 1918 μᾶλλον
619 1850 1049 1921 ἁχθησομένους.

457 2009 676 2063 Τούτων
723 2008 903 2061 τοίνυν
944 2006 1117 2068 οὕτως
1173 2006 1429 2075 ἐχόντων,
1482 2002 1575 2055 καὶ
1606 1999 1725 2071 Θεῷ
1780 1999 1954 2067 φίλον,

389 2104 484 2157 καὶ
512 2102 626 2163 τοῖς
665 2099 1004 2161 διδασκάλοις
1034 2098 1133 2166 τῆς
1187 2094 1517 2161 Ἐκκλησίας
1542 2094 1733 2162 χάριεν
1781 2090 1957 2153 ἔσται,

390 2196 487 2249 καὶ
513 2195 645 2265 ἡμῖν
668 2191 966 2262 εὐπρεπὲς,
1004 2191 1099 2243 καὶ
1130 2189 1267 2260 πρὸς
1296 2186 1507 2248 τούτοις
1541 2184 1743 2255 ῥᾴδιον,
1770 2182 1832 2235 τὸ
1860 2180 1961 2251 τὴν

389 2288 583 2341 ἕνωσιν
605 2284 725 2354 ἥδη,
754 2281 861 2335 τῶν
904 2279 1116 2335 πολλῶν
1146 2277 1459 2347 ἀφεμένους
1492 2274 1690 2342 λόγων,
1730 2271 1963 2351 διαπράέ

395 2377 610 2442 ξασθαι,
645 2376 739 2429 καὶ
766 2373 907 2446 μετὰ
935 2372 1143 2439 ταύτης
1168 2369 1472 2423 ἐπανιέναι.
1508 2366 1616 2419 Καὶ
1647 2364 1797 2419 οὐδὲν
1828 2363 1961 2432 ἡμῖν

394 2470 531 2534 ὅλως
560 2467 919 2537 προσίσταται
953 2463 1089 2533 πρὸς
1112 2464 1173 2515 τὸ
1194 2460 1456 2531 πράττειν
1488 2451 1571 2513 ὧν
1585 2454 1965 2525 ἐπιθυμήσαν-

392 2576 484 2621 τες
526 2558 765 2627 ἥκομεν,
824 2554 921 2624 τῆς
978 2553 1076 2623 μὲν
1099 2551 1257 2618 δόξης
1286 2550 1531 2604 Λατίνων
1566 2547 1672 2600 ὑπὸ
1692 2545 1963 2598 τοσούτων

399 2648 878 2720 μαρτυρουμένης,
930 2645 1026 2697 καὶ
1072 2642 1414 2712 πανταχόθεν
1464 2640 1622 2706 ἀξίας
1651 2636 1821 2705 οὔσης
1870 2650 1963 2687 πι-

397 2740 724 2803 στεύεσθαι,
776 2737 934 2808 ἡμῶν
986 2734 1043 2787 δὲ
1085 2733 1403 2803 δυναμένων
1457 2731 1641 2793 αὐτοῖς
1696 2726 1965 2796 ἐνωθῆναι

394 2832 524 2886 ἀνευ
554 2831 645 2883 τοῦ
682 2830 778 2883 καὶ
804 2829 934 2896 περὶ
963 2827 1021 2878 τὸ
1050 2825 1319 2895 σύμϐολόν
1355 2842 1407 2877 τι
1439 2823 1790 2891 καινοτομεῖν
1810 2859 1824 2874 .
1856 2818 1967 2873 Καὶ

400 2910 509 2991 μὴν
537 2921 653 2974 ἴστε
686 2920 885 2980 πάντες
909 2917 1114 2982 καλῶς,
1146 2918 1229 2969 ὃτι
1260 2917 1361 2984 τὴν
1392 2915 1587 2968 ἕνωσιν
1610 2912 1707 2981 τῆς
1733 2910 1966 2980 Ἐκκλη-

400 3011 519 3075 σίας
547 3010 808 3081 Χριστοῦ,
840 3010 1018 3062 καίτοι
1038 3006 1248 3059 πολλῶν
1264 3005 1438 3060 ἄλλων
1465 3004 1630 3056 ἕνεκα
1660 3002 1752 3055 καὶ
1772 3001 1969 3054 δικαιο-

2054 575 2108 621 et
2135 567 2402 622 exstincto
2425 566 2831 634 disciplinarum
2884 578 2949 618 ac
2996 561 3073 615 rei
3129 559 3406 614 litterariae
3442 560 3619 614 ambi-

2056 656 2197 709 tioso
2225 654 2426 717 studio,
2448 655 2660 709 cunctis
2699 652 3007 707 necessitati
3036 656 3294 712 tantum,
3347 658 3403 701 et
3453 664 3623 717 angu-

2057 746 2179 800 stiis
2215 746 2290 799 rei
2324 745 2607 799 familiaris
2643 743 2982 799 vacantibus.
3031 740 3255 793 Certum
3307 754 3436 792 vero
3490 740 3621 792 mihi

2055 848 2158 902 est,
2199 838 2301 907 ipsi
2358 852 2578 907 quoque
2627 835 2852 906 Spiritui
2905 849 3011 887 non
3060 833 3273 902 placere
3330 832 3620 885 admodum

2058 939 2262 983 tantam
2289 928 2694 998 loquacitatem,
2720 927 2812 981 sed
2836 925 2921 981 sui
2968 938 3067 979 nos
3101 932 3397 978 tentatores
3437 923 3627 977 existi-

2062 1032 2358 1084 maturum,
2391 1022 2435 1074 si
2456 1035 2578 1075 cutn
2603 1026 2683 1075 tot
2706 1033 2771 1071 ex
2796 1016 2979 1070 divina
3010 1014 3317 1082 Scriptura,
3359 1023 3438 1068 tot
3459 1014 3624 1070 etiam

2060 1125 2125 1163 ex
2158 1110 2440 1164 doctorum
2468 1124 2741 1165 consensu
2778 1109 2932 1163 nobis
2970 1114 3262 1175 suppetant
3316 1106 3383 1159 ad
3433 1121 3630 1175 propo-

2057 1204 2219 1256 situm
2247 1204 2471 1267 auxilia,
2499 1205 2783 1256 sedeamus
2809 1212 2988 1255 tamen
3026 1199 3128 1268 ipsi
3158 1198 3480 1267 posthabitis
3522 1199 3629 1254 illis

2058 1292 2345 1357 omnibus,
2373 1278 2657 1346 nectentes
2695 1290 2937 1345 sermoni
2978 1304 3329 1353 sermonem;
3360 1290 3504 1356 quod
3546 1290 3630 1344 vel

2059 1392 2314 1451 putemus
2338 1381 2776 1436 nosinventuros
2799 1381 3081 1449 quidpiam
3114 1395 3213 1448 per
3240 1387 3463 1435 nostros
3515 1396 3632 1436 ser-

2058 1486 2245 1526 mones
2267 1486 2333 1525 eo
2357 1471 2723 1540 prazstantius.
2757 1473 2901 1539 quod
2937 1470 3235 1539 Scriptura:
3255 1473 3627 1540 suppeditant;

2057 1562 2141 1616 vel
2170 1562 2371 1629 aliquid
2402 1576 2430 1614 a
2482 1559 2688 1628 Spiritu
2722 1576 3032 1631 quaeramus
3090 1561 3331 1628 apertius
3389 1561 3455 1616 iis
3511 1576 3635 1631 quae

2057 1652 2192 1704 adeo
2222 1652 2366 1705 clare
2399 1660 2528 1706 sunt
2553 1651 2622 1705 ab
2652 1665 2718 1705 eo
2770 1650 3014 1705 definita.
3076 1649 3172 1705 llis
3231 1651 3376 1704 enim
3414 1664 3633 1705 sermo-

2058 1740 2218 1795 nibus
2254 1750 2307 1794 et
2329 1741 2431 1795 hac
2471 1741 2553 1795 via
2588 1755 2685 1795 vos
2704 1751 2936 1805 utentes,
2966 1741 3105 1805 scio,
3140 1741 3194 1794 iu
3224 1740 3628 1796 dissensionem

1987 1816 2028 1871 Β
2060 1830 2240 1899 potius
2265 1840 2318 1883 et
2346 1830 2825 1885 concertationem
2864 1828 3117 1899 agimiui,
3150 1829 3434 1901 magisque
3471 1830 3634 1885 etiam

2059 1922 2295 1990 agemini
2351 1935 2513 1987 quam
2537 1921 2590 1973 in
2618 1922 3057 1975 consensionem.

2127 2011 2264 2064 Cum
2288 2011 2452 2080 igitur
2481 2010 2596 2064 hac
2630 2012 2700 2064 ita
2735 2027 2795 2065 se
2840 2013 3094 2075 habeant,
3134 2011 3243 2068 Deo
3279 2023 3519 2080 gratum,
3582 2023 3639 2067 et

2059 2102 2319 2157 Ecclesia:
2344 2102 2665 2156 doctoribus
2709 2102 3016 2171 jucundum
3044 2104 3171 2168 erit,
3208 2105 3479 2173 nobisque
3543 2104 3638 2158 de-

2062 2207 2277 2258 corum,
2300 2201 2354 2248 et
2374 2202 2630 2260 praeterea
2661 2193 2837 2258 facile,
2870 2194 3055 2250 multis
3082 2195 3311 2251 omissis
3362 2195 3637 2249 sermoni-

2062 2285 2186 2348 bus,
2215 2285 2472 2339 unionem
2497 2284 2768 2353 amplecti,
2785 2299 3024 2353 cumque
3054 2286 3145 2340 illa
3170 2287 3392 2340 domum
3418 2286 3638 2341 reverti.

2062 2378 2182 2431 Nec
2234 2377 2338 2430 erit
2363 2390 2590 2447 prorsus
2617 2375 2821 2463 aliquid
2863 2376 3020 2431 nobis
3070 2377 3454 2444 impedimento
3503 2393 3642 2446 quo-

2065 2467 2248 2522 minus
2300 2481 2528 2534 agamus
2555 2481 2616 2520 ea
2644 2482 2877 2534 quorum
2930 2465 3081 2521 ducti
3133 2466 3405 2529 desiderio
3449 2483 3641 2521 smnus

2066 2558 2172 2611 huc
2227 2555 2507 2625 profecti:
2553 2571 2676 2610 eum
2729 2556 3047 2610 Latinorum
3096 2557 3314 2625 quidem
3371 2560 3640 2612 sententia

2067 2647 2327 2702 fulciatur
2388 2656 2469 2702 tot
2496 2647 2743 2712 testibus,
2804 2658 2857 2701 et
2914 2662 3311 2717 usquequaque
3360 2648 3525 2718 digna
3572 2649 3647 2702 sit

2064 2754 2187 2808 qna:
2204 2739 2493 2804 credatur;
2527 2739 2687 2794 nobis
2730 2753 2860 2793 vero
2904 2739 3059 2793 liceat
3091 2754 3216 2792 eum
3259 2738 3340 2793 eis
3383 2739 3644 2806 conjungi

2068 2829 2219 2882 nulla
2248 2828 2303 2882 in
2357 2827 2619 2898 Symbolo
2668 2826 2808 2882 facta
2866 2827 3246 2882 innovatione.
3306 2826 3371 2881 Et
3422 2829 3642 2896 quidem

2068 2917 2206 2972 bene
2237 2920 2410 2974 nostis
2449 2934 2643 2974 omnes
2690 2917 3021 2986 peculiarem
3054 2932 3275 2973 causam
3337 2930 3438 2970 cur
3494 2927 3645 2987 opta-

2069 3012 2330 3074 verimus,
2356 3011 2651 3080 multisque
2670 3011 2771 3065 viis
2802 3008 3144 3064 efﬁciendum
3170 3011 3332 3066 enixe
3364 3012 3648 3067 curaveri-

399 3103 574 3171 τέρων
610 3101 826 3170 μάλιστ’
854 3100 922 3153 ἂν
952 3100 1057 3152 ὑπὸ
1097 3098 1297 3161 παντδς
1332 3095 1684 3167 ζητηθεῖσαν,
1713 3093 1774 3146 τὸ
1814 3092 1965 3162 παρὰ

2072 3117 2214 3168 mus,
2260 3101 2718 3172 potissimumq’ne
2769 3118 2940 3173 prope
2992 3104 3153 3159 finem
3204 3104 3645 3173 perduxerimus,

402 3195 512 3248 τῶν
532 3191 748 3245 ἀσεϐῶν
766 3192 883 3255 δέος
914 3193 1007 3245 καὶ
1028 3191 1097 3244 τὰ
1115 3188 1394 3260 πράγμαθ’
1420 3188 1551 3257 ἡμῖν
1574 3187 1654 3247 είς
1672 3183 1969 3253 τοΰσχατον

399 3286 604 3356 ἥκοντα
634 3285 949 3355 δυστυχίας,
996 3284 1089 3336 καὶ
1119 3282 1357 3352 ποθῆσαι
1406 3282 1501 3334 καὶ
1551 3279 1853 3333 σπουδάσαι
1882 3277 1969 3329 διά

402 3378 636 3441 πολλῶν,
679 3377 775 3430 καὶ
820 3376 902 3429 ὅτι
936 3375 1172 3445 μάλιστα
1201 3372 1296 3427 τοῦ
1353 3372 1541 3434 τέλους
1586 3371 1754 3438 ἐγγὺς
1800 3367 1969 3439 αὐτὴν

402 3472 655 3538 ἀγαγεῖν,
688 3470 756 3522 τὰ
809 3469 919 3539 γὰρ
956 3467 1161 3537 μεταξὺ
1221 3464 1548 3536 παραλείπω
1582 3463 1795 3527 πάντα,
1824 3462 1969 3533 ἡμᾶς

406 3560 552 3622 ίδίως
572 3562 857 3626 ἐποίησαν.
879 3559 973 3610 Δεῖ
997 3556 1175 3609 τοίνυν
1198 3555 1298 3625 τῆς
1326 3553 1639 3626 προθέσεως
1659 3552 1968 3623 ἐχομένους.

403 3651 525 3702 ἐπεὶ
558 3648 782 3703 δυνατὸν
814 3648 911 3701 καὶ
956 3646 1233 3714 εὐπρεπές
1280 3646 1419 3710 ἐστι,
1448 3643 1655 3712 ταύτην
1704 3642 1785 3704 εἰς
1818 3640 1971 3700 τέλος

406 3741 729 3809 ἐξενεγκεῖν.
766 3740 973 3802 Ἀλλως
1016 3738 1062 3790 δ’
1111 3737 1177 3791 ἂν
1235 3735 1590 3806 ματαιότεροι
1616 3734 1833 3786 πάντων
1874 3734 1970 3785 ἁν-

406 3832 638 3903 θρὼπων
671 3832 930 3902 ἐδόξαμεν
969 3826 1131 3895 εἶναι,
1166 3830 1215 3882 εί
1264 3827 1436 3881 πολλὰ
1474 3827 1577 3896 μὲν
1626 3824 1766 3892 ὑπὲρ
1800 3823 1973 3889 αὐτῆς

408 3924 763 3985 ὑποστάντες,
810 3921 1022 3975 πολλῶν
1050 3921 1107 3974 δὲ
1138 3920 1358 3988 ἀγαθῶν
1384 3917 1566 3970 ἐλπίσι
1596 3915 1970 3985 κεκινημένοι,

409 4012 697 4066 ἐπιδώσειν
722 4013 778 4064 δὲ
808 4015 937 4081 ἡμῖν
963 4012 1031 4063 τὰ
1058 4011 1229 4073 δεινά,
1260 4008 1355 4062 τοῦ
1400 4009 1701 4078 σχίσματος
1738 4005 1973 4077 βεϐαιω-

408 4100 613 4167 θέντος,
642 4100 841 4161 πάντες
873 4098 1242 4166 πιστεύοντες,
1273 4094 1373 4151 εἷθ’
1404 4097 1594 4168 ὥσπερ
1646 4095 1974 4165 ἐπιλαθόμε-

406 4210 488 4244 νοι
510 4190 714 4244 τούτων
741 4190 1015 4257 ἁπάντων,
1053 4194 1258 4255 κεναῖς,
1280 4188 1355 4253 ῶς
1388 4206 1542 4257 φασι,
1571 4187 1727 4258 χερσὶ
1749 4187 1844 4239 καὶ
1867 4203 1971 4255 μη·-

404 4283 493 4335 δὲν
525 4281 833 4351 πράξαντες
886 4281 1303 4350 ἐπανέλθωμεν,
1364 4280 1460 4334 καὶ
1489 4278 1643 4332 ταῦτ’
1697 4276 1971 4346 εὐπρεπὲς

402 4373 547 4427 οὕτω
578 4374 672 4427 καὶ
703 4374 887 4444 ῥᾴδιον
916 4371 996 4435 ὂν,
1033 4376 1127 4425 καὶ
1159 4371 1385 4441 μηδενὸς
1437 4373 1569 4439 ἡμῖν
1604 4370 1841 4436 εὐλόγως
1891 4369 1972 4429 εἰς

2074 3200 2132 3244 ut
2158 3190 2336 3244 media
2370 3202 2681 3259 praeteream
2731 3193 2938 3256 omnia,
2975 3192 3230 3247 Ecclesia:
3275 3192 3476 3247 Christi
3528 3192 3647 3246 uni,

2072 3289 2260 3345 tatem,
2286 3281 2557 3336 exstitisse
2578 3283 2741 3346 mala,
2773 3298 2895 3351 quae
2956 3281 3315 3337 formidamus
3347 3283 3414 3337 ab
3443 3283 3645 3351 impiis,

2071 3387 2267 3441 resque
2302 3384 2518 3429 nostras
2548 3373 2615 3427 ad
2668 3382 2971 3429 extremam
3037 3374 3286 3429 redactas
3331 3374 3643 3439 miseriam;

2072 3462 2326 3530 quamvis
2380 3462 2579 3516 multas
2630 3461 2763 3517 alias
2807 3464 2877 3517 ob
2925 3478 3121 3517 causas
3151 3474 3203 3517 ct
3232 3462 3504 3531 aequiores
3563 3462 3649 3516 di-

2073 3568 2257 3622 gnam,
2292 3569 2413 3622 qua:
2437 3554 2505 3607 ab
2563 3555 2818 3608 omnibus
2878 3564 3185 3622 expetatur.
3237 3554 3463 3624 Oportet
3517 3570 3647 3624 ergo

2074 3642 2409 3713 propositum
2464 3645 2749 3697 consilium
2792 3657 3104 3713 sequentes,
3139 3660 3261 3698 eum
3316 3656 3372 3700 et
3417 3645 3554 3710 fieri,
3594 3658 3649 3702 et

2075 3734 2306 3787 honeste
2335 3733 2452 3787 fieri
2504 3733 2699 3801 possit,
2748 3733 2815 3787 ad
2856 3734 3062 3788 exitum
3117 3734 3245 3789 illud
3303 3737 3643 3805 perducere:

2074 3822 2315 3892 alioquin
2365 3824 2607 3877 omnium
2669 3824 2953 3878 hominum
3007 3824 3273 3897 levissimi
3310 3827 3643 3892 videremur,

2073 3915 2119 3970 si
2156 3914 2527 3983 propterillud
2557 3915 2726 3969 multa
2775 3916 3037 3984 perpessi,
3086 3917 3492 3990 multorumque
3545 3921 3643 3974 bo—

2074 4021 2271 4061 norum
2298 4020 2393 4075 spe
2413 4005 2597 4071 ducti;
2621 4013 2675 4061 et
2696 4020 2889 4061 omnes
2910 4021 3009 4076 pro
3033 4015 3183 4064 certo
3222 4010 3476 4067 habentes
3505 4011 3645 4076 fore,

2075 4108 2135 4152 ut
2160 4097 2479 4153 conﬁrmato
2529 4098 2823 4153 schismate
2862 4099 3038 4168 major
3073 4101 3328 4156 cumulus
3375 4103 3643 4158 malorum

2074 4190 2332 4256 accedat;
2376 4190 2516 4244 velut
2550 4190 2667 4244 haec
2700 4192 2881 4245 omnia
2913 4192 3089 4271 obliti,
3121 4193 3329 4258 vacuis,
3372 4204 3430 4248 ut
3464 4196 3641 4261 aiunt,

2076 4280 2349 4346 manibus,
2371 4296 2430 4335 re
2451 4280 2649 4336 infecta
2673 4282 3017 4336 rediremus:
3055 4282 3216 4351 idque
3245 4300 3368 4339 cum
3428 4302 3514 4342 res
3573 4290 3645 4341 sit

2076 4373 2213 4427 adeo
2238 4372 2436 4427 decora
2468 4380 2521 4427 et
2584 4372 2781 4435 facilis,
2822 4373 3069 4443 nihilque
3139 4375 3208 4428 sit
3233 4377 3402 4443 quod,
3438 4393 3505 4431 ne
3557 4379 3647 4433 illa

403 4464 562 4518 τοῦτο
595 4465 1056 4535 προσισταμένου.
1109 4464 1241 4518 Οὐδὲ
1272 4462 1560 4533 προσέχειν
1605 4461 1686 4513 δεῖ
1715 4462 1828 4520 τοῖς
1862 4476 1967 4528 μη-

2082 4473 2390 4534 peragatur,
2427 4464 2586 4518 nobis
2619 4464 2812 4517 merito
2837 4464 3038 4517 obstet.
3070 4464 3182 4518 Nec
3236 4482 3364 4522 vero
3389 4468 3644 4530 audiendi
3696 4464 3701 4469 ’

403 4557 491 4610 δέν
515 4558 718 4625 ἀγαθὸν
747 4558 877 4627 ἡμῖν
906 4557 971 4608 ἐκ
993 4558 1091 4623 τῆς
1115 4554 1360 4616 ὲνὼσεως
1389 4554 1640 4620 λέγουσιν
1665 4551 1840 4621 ἥξειν’
1875 4548 1971 4601 καὶ

400 4646 590 4699 τούτου
618 4647 891 4716 πρόφασιν
912 4646 1178 4713 οἰομένοις
1196 4646 1338 4711 ἔχειν
1371 4642 1667 4712 ἀρκοῦσαν,
1695 4641 1763 4692 τά
1783 4655 1842 4690 τε
1862 4637 1972 4690 τῶν

403 4735 649 4787 Λατίνων
679 4735 811 4803 γένη
830 4736 896 4802 τῇ
924 4732 1045 4785 κατ’
1075 4731 1321 4800 ἀλλήλων
1348 4732 1497 4800 μάχῃ
1520 4728 1854 4798 φθειρόμενα
1874 4726 1973 4778 καὶ

400 4829 519 4887 ταῖς
564 4825 794 4886 οἰκείαις
856 4826 1197 4894 προσέχοντα
1248 4823 1583 4891 συμφοραῖς,
1638 4820 1733 4872 καὶ
1762 4817 1831 4871 τὰ
1856 4815 1971 4869 ’τοῦ

402 4920 606 4970 πάππα
640 4916 941 4983 πράγματα
966 4914 1119 4978 τάξιν
1151 4911 1303 4965 οὔπω
1326 4911 1558 4965 λαϐόντα
1597 4911 1690 4963 καὶ
1721 4909 1971 4977 δύναμιν,

404 5007 519 5058 ἀλλ’
551 5003 879 5056 ἀσθενοῦντα
912 5006 1006 5056 καὶ
1036 5002 1370 5072 πολλαχόθεν
1402 5000 1585 5070 ἀκμὴν
1618 4998 1973 5053 ἐπιϐουλευό-

408 5114 568 5165 μενα.
606 5095 769 5146 ’Λνευ
802 5095 906 5163 γὰρ
960 5097 1057 5160 τῆς
1087 5094 1253 5164 ἄλλης
1306 5092 1572 5160 ὠφελείας
1630 5092 1871 5161 ἁπάσης,
1907 5092 1973 5160 ἦν

402 5192 430 5241 ὂ
455 5205 511 5241 τε
546 5187 775 5247 πάππας
810 5186 941 5255 ἡμῖν
975 5187 1070 5239 καὶ
1103 5188 1170 5239 τὰ
1197 5186 1361 5238 λοιπὰ
1403 5178 1511 5238 τῶν
1538 5185 1785 5239 Λατίνων
1820 5183 1973 5252 έονη,

402 5279 495 5333 καὶ
528 5278 635 5330 τῶν
663 5277 1005 5346 πραγμάτων
1029 5276 1170 5330 οὕτω
1200 5278 1383 5347 σφίσιν
1427 5277 1683 5347 ἐχόντων,
1711 5274 1973 5346 παρέξον-

401 5389 512 5426 ται*
546 5372 607 5423 τὸ
637 5374 747 5441 γαρ
772 5370 1045 5440 ἡμέτερον
1073 5369 1254 5438 ὀλίγον
1283 5370 1363 5436 ὃν,
1394 5372 1468 5434 ὡς
1506 5371 1598 5424 καὶ
1644 5370 1801 5438 ὑμεῖς
1836 5368 1974 5430 ἴστε,

400 5464 727 5535 δυσχέρειαν
774 5464 961 5525 αὐτοῖς
1015 5462 1077 5516 οὐ
1136 5462 1380 5532 μεγάλην
1437 5462 1621 5532 μέλλει
1667 5458 1929 5530 παρέχειν
1958 5472 1973 5487 ⁸

400 5558 539 5623 τέως
569 5556 673 5625 γὰρ
705 5553 1007 5622 ἀσφαλείας
1040 5553 1209 5623 μόνης
1231 5554 1322 5604 καὶ
1357 5552 1450 5604 τοῦ
1485 5552 1561 5622 μὴ
1592 5551 1822 5604 δεδιέναι
1848 5550 1981 5613 τοὺς,

401 5647 895 5717 πολεμίους-,ημᾶς
937 5647 1113 5700 οἴδασι
1148 5644 1450 5716 χρῄζοντας
1474 5662 1487 5674 ·
1522 5645 1550 5696 ὃ
1578 5645 1826 5714 χρήμασι
1875 5644 1976 5713 μὲν

400 5740 463 5795 οὐ
486 5738 723 5804 πολλοῖς,
752 5740 913 5791 ναυσὶ
945 5740 1002 5793 δὲ
1032 5739 1241 5807 ὀλίγαις
1268 5737 1522 5789 δύνανται
1552 5736 1828 5807 πράττειν·
1865 5735 1975 5804 ἐγώ

732 5836 996 5898 Parnm.
1040 5841 1157 5898 Gtt.
1215 5834 1395 5894 CLX.

2077 4558 2341 4626 sunt,qui
2374 4556 2509 4611 nihil
2536 4557 2661 4611 boni
2694 4556 2853 4610 nobis
2898 4572 2962 4610 ex
3008 4560 3109 4611 hac
3157 4560 3363 4615 unione
3402 4560 3643 4615 futurum

2081 4651 2273 4703 aiunt:
2307 4648 2451 4716 quod
2494 4648 2628 4702 satis
2686 4659 2880 4717 putant
2916 4664 2946 4702 a
2979 4664 3037 4701 se
3062 4650 3303 4719 probari.
3358 4660 3643 4719 propterea

2077 4741 2222 4811 quod
2263 4740 2581 4795 Latinorum
2606 4740 2855 4795 nationes
2891 4741 3098 4795 mutuis
3154 4741 3298 4795 inter
3342 4758 3401 4797 se
3451 4740 3641 4797 conte-

2076 4840 2267 4886 rantur
2299 4831 2474 4897 bellis,
2493 4842 2548 4887 et
2582 4832 2822 4903 propriis
2855 4841 3055 4886 vacent
3085 4833 3493 4890 calamitatibus
3520 4849 3536 4886 :
3585 4848 3648 4895 et

2077 4940 2230 4995 papae
2252 4940 2337 4979 res
2364 4926 2602 4979 nondum
2637 4935 2837 4980 statum
2866 4936 2921 4980 et
2949 4928 3254 4980 ﬁrmitatem
3296 4928 3603 4996 acceperint
3627 4949 3644 4995 ;

2079 5014 2425 5069 sedinfirma:
2464 5016 2596 5076 sint,
2620 5025 2674 5068 et
2713 5015 3007 5069 multorum
3044 5015 3223 5069 adhuc
3289 5015 3503 5074 insidiis
3553 5034 3646 5087 pa-

2080 5112 2248 5157 teant.
2275 5102 2408 5157 Nam
2437 5112 2494 5156 ut
2517 5118 2706 5157 omnes
2754 5104 2891 5158 alias
2920 5104 3181 5159 utilitates
3213 5116 3466 5171 'taceam.
3514 5126 3650 5180 quas

2078 5195 2304 5249 adcreuit
2330 5195 2487 5248 nobis
2512 5202 2626 5247 tum
2654 5209 2791 5263 papa
2833 5196 2965 5265 ipse,
3009 5207 3121 5251 tum
3171 5200 3394 5270 reliqua:
3430 5201 3647 5258 Latino.

2081 5302 2200 5341 rum
2232 5286 2481 5340 nationes
2516 5286 2596 5339 vel
2628 5287 2680 5340 iu
2713 5287 2805 5341 tali
2836 5304 3015 5342 rct'um
3060 5300 3201 5345 statu
3258 5294 3464 5362 (nostra
3499 5298 3649 5350 enim

2081 5394 2204 5433 cum
2236 5392 2345 5431 non
2384 5392 2578 5446 magna
2625 5379 2716 5442 sit,
2744 5392 2802 5433 ut
2853 5392 2906 5435 et
2929 5381 3028 5450 ipsi
3072 5384 3245 5448 scitis,
3283 5401 3389 5441 non
3423 5389 3650 5440 multam

2080 5467 2189 5521 illis
2210 5465 2487 5519 exhibebit
2513 5468 2860 5535 molestiam;
2910 5482 3106 5525 norunt
3142 5476 3341 5542 quippe
3391 5475 3494 5527 hoc
3538 5491 3648 5527 tino

2080 5556 2132 5609 in
2171 5555 2423 5624 prmsenti
2457 5570 2557 5609 nos
2609 5557 2870 5627 indigere,
2927 5567 2987 5612 ut
3041 5576 3128 5615 res
3171 5572 3373 5616 nostra:
3431 5562 3483 5615 in
3533 5571 3649 5618 tuto

2080 5648 2215 5711 sint,
2242 5657 2298 5699 et
2343 5654 2409 5700 rte
2454 5646 2640 5701 hostes
2689 5648 3180 5714 pertimescamus;
3236 5651 3286 5703 id
3336 5651 3483 5718 quod
3538 5669 3649 5707 non

2082 5740 2269 5810 grandi
2302 5739 2530 5808 pecunia
2558 5748 2608 5793 et
2626 5739 2817 5809 paucis
2840 5738 3070 5797 navibus
3089 5749 3348 5808 praestare
3379 5746 3656 5813 possunt),

3146 5835 3217 5895 l3
