4170 6294
514 375 620 441 835

1601 373 1973 438 GENNADII
2007 374 2116 436 cr.
2156 335 2686 435 intrinsecus?

3659 376 3765 440 396

510 509 611 566 ego
633 493 711 549 vel
736 495 907 564 ipsam
939 493 1157 549 unicuis
1209 494 1409 550 famam
1448 494 1582 549 satis
1635 495 1751 550 l'ore
1783 495 1868 549 aio
1925 492 2082 547 nobis

2191 509 2334 562 φημι
2360 493 2455 545 καὶ
2480 491 2580 561 τὴν
2602 493 2699 562 τῆς
2717 490 2964 551 ἐνώσεως
2983 490 3175 558 φήμην
3193 489 3329 559 ἀρκί
3342 507 3454 544 σειν
3477 493 3611 561 ἡμῖν
3631 498 3766 566 πρὸς

509 590 577 645 ad
610 587 986 657 depellendum
1027 588 1262 642 hostium
1317 589 1592 644 timorem.
1630 587 2086 655 Quandoquidem

513 678 811 734 verendum
845 693 952 731 non
1003 677 1106 731 erit
1139 678 1371 746 amplius
1413 695 1480 732 ne
1515 677 1592 732 illi
1616 692 1714 732 nos
1745 676 2084 739 adoriantur,

511 771 559 826 si
592 769 766 822 sciant
791 767 992 820 auxilia
1029 768 1306 822 sociorum
1356 768 1514 824 nobis
1556 767 1830 822 aii‘utura:
1892 766 1984 836 qui
2039 765 2083 820 si

409 911 415 918 .
510 875 651 930 saepe
683 858 838 912 nobis
887 872 1044 926 opem
1100 858 1339 910 tulerunt
1397 860 1638 912 nondum
1687 857 1786 912 sibi
1841 856 2086 910 reconci-

500 953 684 1016 'liatis,
713 965 859 1006 nunc
889 950 1062 1004 multo
1100 951 1270 1019 magis
1296 959 1348 1003 et
1375 949 1614 1004 alacrius
1667 948 1769 1003 hoc
1826 955 2087 1016 praestare

509 1045 718 1106 wulent,
743 1054 796 1097 et
819 1041 984 1096 veluti
1017 1041 1289 1108 quoddam
1329 1041 1540 1096 solvere
1585 1041 1850 1101 debitum,
1913 1038 2088 1092 socie-

511 1143 678 1187 tatem
717 1133 771 1186 in
811 1131 973 1185 bello.
1030 1129 1212 1200 Neque
1268 1130 1412 1184 enim
1466 1139 1560 1184 aut
1615 1128 1930 1182 Latinorum
1993 1136 2086 1179 aut

511 1224 875 1277 llatbaorntn
930 1221 1222 1290 quisquam
1287 1222 1523 1291 ignorat,
1585 1220 1895 1291 primariam
1960 1218 2081 1272 nni-

511 1315 640 1367 tatis
670 1328 894 1368 causam
917 1326 1046 1366 esse
1074 1327 1226 1381 spem
1255 1311 1468 1375 auxilii,
1497 1311 1752 1380 quodque
1803 1309 1949 1363 nulla
1979 1307 2082 1360 alia

506 1406 702 1461 salutis
732 1404 819 1457 via
849 1403 1006 1458 nobis
1025 1406 1262 1472 supersit
1284 1420 1296 1455 :
1319 1417 1350 1457 e
1390 1403 1670 1458 contrario
1697 1415 1848 1465 vero,
1887 1401 1930 1453 si
1989 1413 2087 1451 no»

507 1497 594 1551 bis
623 1495 893 1552 aversatio
921 1505 973 1550 et
997 1495 1181 1549 odium
1219 1496 1270 1548 in
1293 1495 1515 1548 Latinos
1571 1501 1853 1562 augeatur,
1899 1489 2085 1544 vacuis

508 1588 635 1640 hinc
673 1597 723 1641 et
747 1601 808 1640 re
831 1583 1032 1640 infecta
1065 1585 1412 1650 abeuntibus,
1437 1584 1583 1654 quod
1621 1583 1802 1636 statim
1835 1580 1960 1633 inde
1987 1592 2087 1631 no-

509 1687 624 1730 tum
654 1676 758 1730 erit
787 1677 1069 1741 omnibus,
1122 1676 1250 1746 quia
1310 1685 1500 1731 noster
1540 1675 1749 1730 reditus
1789 1672 1940 1726 nullo
1994 1686 2086 1738 ap-

506 1775 696 1835 paratu
726 1775 817 1819 aut
838 1766 1150 1836 spiendore,
1181 1772 1237 1820 et
1268 1765 1477 1820 viribus
1501 1764 1718 1832 exiguis
1741 1762 1851 1825 lict,
1897 1769 1950 1814 et
1985 1777 2085 1813 no-

2189 585 2252 638 τδ
2287 584 2485 655 μηκέτι
2510 583 2740 637 δεδιέναι
2769 583 2896 646 τοὺς
2935 582 3265 650 πολεμίους.
3319 584 3456 637 Οὐδὲ
3487 587 3596 655 γὰρ
3647 589 3767 654 δέος

2189 675 2308 729 ἐστὶ
2337 677 2523 728 λοιπὸν
2549 675 2682 744 ἡμῖν
2711 673 2910 736 αὐτοὺς
2953 673 3334 743 ἐπιθήσεσθαι,
3385 677 3618 745 ἐγγύθεν
3643 682 3766 732 ἐσο-

2194 768 2389 838 μένους
2420 768 2554 838 ἡμῖν
2583 766 2712 828 τοὺς
2735 766 3059 834 συμμάχους
3113 765 3324 827 είδὸτας
3356 783 3370 799 ο
3421 769 3471 820 οἶ
3503 769 3768 834 πολλάκις

2192 859 2590 930 βεϐοηθηκότες
2621 857 2777 912 οὔπω
2826 857 3267 927 διηλλαγμένοις,
3300 857 3395 910 νῦν
3442 860 3544 930 ἥδη
3583 861 3768 932 πολλῷ

2197 951 2396 1018 μᾶλλον
2425 949 2522 1000 καὶ
2553 949 2971 1018 προθυμότερον
3000 947 3158 1000 τοῦτο
3179 949 3444 1018 πράττειν
3468 951 3764 1021 βουλήσον.

2188 1057 2299 1102 ται,
2335 1042 2429 1094 καὶ
2455 1039 2704 1109 καθάπερ
2734 1057 2785 1091 τι
2815 1039 2976 1110 χρέος
3009 1041 3363 1094 άποτιννύναι
3405 1043 3503 1109 τὴν
3547 1061 3765 1113 συμμα-

2189 1130 2335 1200 χίαν.
2362 1128 2498 1182 Οὖτε
2525 1129 2636 1198 γὰρ
2658 1128 2904 1182 Λατίνων
2919 1126 3042 1181 οὔτε
3060 1129 3364 1198 Βαρϐάρων
3383 1131 3558 1192 οὐδεὶς
3578 1133 3766 1199 ἁγνοί

2190 1221 2416 1292 πρώτην
2461 1220 2644 1274 αἰτίαν
2693 1204 2945 1282 ἐνώσεως
2979 1219 3077 1291 τὴν
3125 1221 3222 1289 τῆς
3278 1222 3534 1291 βοηθείας
3595 1219 3762 1277 οὖσαν

2191 1312 2404 1377 ἐλπίδα,
2468 1314 2564 1365 καὶ
2593 1312 2656 1365 τδ
2712 1312 2918 1382 μηδένα
2965 1312 3128 1366 ἄλλον
3157 1315 3290 1383 ἡμῖν
3343 1315 3760 1385 περιλειφθῆναι

2188 1402 2415 1470 τρόπον,
2460 1391 2504 1468 ᾧ
2544 1399 2812 1471 μέλλομεν
2844 1399 3117 1464 σώζεσθαι
3147 1415 3162 1430 ·
3199 1400 3512 1454 τούταντίο)
3539 1402 3618 1464 δὲ,
3667 1399 3763 1454 τοῦ

2191 1490 2328 1560 πρὸς
2358 1491 2626 1553 Λατίνους
2684 1492 2878 1558 μίσους
2925 1489 3022 1543 καὶ
3053 1492 3152 1561 τῆς
3187 1490 3378 1560 ἀηδίας
3429 1493 3566 1562 ἡμῖν
3593 1493 3762 1560 αὔξης

2191 1579 2393 1634 θέντων
2418 1581 2481 1633 ἐκ
2510 1579 2607 1634 τοῦ
2630 1581 2822 1645 κενοὺς
2859 1581 3016 1650 ἡμᾶς
3045 1581 3140 1634 καὶ
3167 1581 3483 1652 ἀπράκτους
3515 1581 3766 1636 ιντεῦθεν

2190 1671 2609 1741 ἀπαλλαγῆναι,
2667 1673 2804 1741 ὅπερ
2861 1673 2927 1725 ἐκ
2971 1673 3066 1725 τοῦ
3097 1671 3316 1742 φαύλως
3346 1675 3443 1725 καὶ
3491 1675 3762 1738 ταπεινῶς

2193 1763 2287 1815 καὶ
2314 1763 2451 1831 me
2485 1766 2688 1832 μικρᾶς
2728 1763 3017 1832 δυνάμεως
3063 1764 3363 1834 ἐπανήκειν
3407 1764 3568 1824 εὐθὺς
3614 1765 3764 1819 ἔσται

502 1858 592 1912 bis
623 1835 883 1911 arbitror
909 1856 1112 1910 nullam
1143 1855 1379 1925 amplius
1401 1855 1597 1911 salutis
1621 1868 1774 1922 spem
1796 1865 2082 1920 superesse

2191 1855 2328 1906 πᾶσι
2365 1853 2692 1923 κατάδηλον,
2727 1855 2819 1906 καὶ
2877 1855 3011 1922 ἡμῖν
3044 1854 3228 1907 οὐκέτι
3261 1856 3392 1923 περὶ
3443 1857 3542 1924 τῆς
3588 1872 3767 1921 σωτηο
3803 1883 3822 1892 ι

498 1957 558 1999 et
587 1949 859 2013 hostibus,
887 1946 1116 2001 etiamsi
1167 1944 1366 2010 nolint,
1399 1943 1748 1999 commodum
1813 1941 1928 1998 fore
1983 1955 2084 1996 nos

502 2036 730 2092 adoriri.

570 2205 1032 2278 Comprehendite
1055 2219 1187 2259 vero
1226 2203 1424 2257 animis
1462 2200 1664 2256 vestris
1693 2197 1838 2268 quod
1887 2196 2082 2279 praei-

503 2313 672 2369 pnum
707 2308 812 2363 est,
845 2306 1052 2368 quanta
1102 2297 1173 2350 sit
1232 2293 1517 2363 presentis
1576 2290 1892 2361 magnitudo
1943 2290 2084 2359 peri-

504 2389 636 2452 culi,
683 2389 738 2442 in
789 2402 900 2457 quo
948 2399 1250 2440 versamur.
1293 2382 1512 2464 Auditis
1554 2380 1701 2436 enim
1759 2378 2083 2443 Barbarum,

505 2480 767 2535 maximis
815 2478 991 2546 copiis
1025 2486 1168 2532 terra
1201 2475 1448 2544 marique
1473 2472 1803 2541 comparatis
1825 2512 1840 2537 ,
1879 2471 2080 2525 bellum

503 2583 698 2628 t-ontra
757 2581 1004 2627 nostram
1061 2570 1255 2625 urbem
1313 2569 1619 2633 instruere;
1647 2566 1880 2621 fortasse
1919 2561 2080 2617 etiam

499 2671 797 2730 antequam
849 2671 1034 2716 certus
1071 2661 1137 2714 ad
1173 2673 1274 2713 nos
1305 2660 1532 2714 nuntius
1564 2659 1767 2712 allatus
1806 2657 1899 2719 sit,
1930 2653 2080 2708 illam

501 2751 744 2814 obsidet,
790 2762 885 2805 aut
946 2749 1359 2820 quant-primunt
1421 2747 1715 2802 obsidebit.
1747 2745 1876 2798 Eam
1918 2756 2082 2813 porro

504 2843 661 2897 scitis
689 2855 880 2897 omnes
907 2880 923 2906 ,
957 2842 1004 2895 si
1039 2854 1146 2894 non
1180 2839 1322 2893 adsit
1361 2838 1721 2893 adventitium
1747 2835 2082 2896 subsidium,

496 2952 571 2989 ne
605 2935 842 3003 primum
881 2932 1103 3003 quidem
1152 2932 1416 3001 impetum
1459 2931 1635 2985 hostis
1665 2929 1900 2984 laturam
1931 2945 1947 2995 ;
1983 2925 2079 2984 sed

498 3027 809 3094 periculum
842 3025 920 3079 illi
953 3038 1098 3091 esse,
1127 3039 1196 3078 ne
1217 3025 1358 3080 citra
1389 3023 1638 3092 praelium
1669 3021 1833 3076 veluti
1865 3021 2079 3075 lucrum

503 3117 736 3172 [ortuito
780 3115 1024 3172 oblatum
1055 3118 1124 3170 ab
1159 3115 1410 3170 hostibus
1438 3123 1761 3184 occupetur,
1793 3113 1860 3165 ad
1899 3111 2078 3166 solum

505 3224 700 3265 eorum
749 3219 1032 3279 aspectum
1089 3209 1388 3264 conterrita
1413 3179 1612 3272 .Quod
1644 3204 1691 3259 si
1734 3207 1898 3260 etiam
1936 3205 2051 3258 obsi
2107 3179 2152 3242 (ἶ

503 3305 720 3357 tlionem
755 3301 1028 3372 paulisper
1052 3300 1212 3367 fet'at,
1256 3299 1371 3354 ﬁeri
1407 3309 1588 3354 tamen
1623 3312 1731 3352 non
1768 3299 1989 3366 poterit,
2023 3303 2082 3349 ttt

505 3397 732 3452 omnino
774 3395 1078 3466 periculum
1109 3396 1230 3449 sine
1255 3393 1458 3446 damno
1501 3391 1673 3461 possit
1700 3391 1910 3444 evitare
1938 3406 1951 3452 ;
1985 3391 2077 3444 sed

505 3503 728 3545 necesse
756 3497 845 3544 est
885 3501 1138 3558 prorsum
1165 3484 1512 3540 succumbat.
1551 3481 1876 3536 Meministis
1909 3482 2078 3544 enim,

505 3596 632 3636 cum
651 3580 720 3635 ab
736 3580 822 3635 bis
841 3579 1035 3634 iisdem
1067 3576 1323 3631 Barbaris
1353 3587 1495 3630 terra
1520 3573 1648 3627 olim
1678 3573 2080 3637 obsiderentur,

410 3693 416 3706 ε
495 3682 554 3727 et
577 3671 717 3727 muri
748 3687 873 3742 pars
907 3685 1028 3740 qua:
1065 3683 1214 3724 mare
1245 3675 1476 3738 spectat,
1509 3677 1564 3723 et
1597 3668 1762 3739 duplo
1792 3667 1962 3736 major
1991 3674 2076 3719 cst

501 3767 733 3835 reliqua,
795 3765 1002 3818 nttllum
1057 3763 1282 3818 haberet
1333 3762 1658 3827 custodem;
1724 3777 1884 3816 nemo
1935 3761 2079 3815 enim

503 3857 629 3910 inde
663 3855 910 3925 urgebat,
961 3863 1168 3921 quanto
1211 3854 1264 3906 in
1307 3855 1522 3918 timore,
1559 3853 1781 3921 quantis
1816 3853 2082 3906 fuerimus

505 3949 558 4000 in
591 3945 877 4015 angustiis.
934 3945 1003 3998 At
1043 3959 1190 3998 nunc
1245 3945 1424 3998 omnis
1478 3944 1696 4013 quidem
1750 3947 2079 3998 mteniorum

499 4050 629 4104 pars
667 4033 864 4088 tuenda
899 4044 984 4087 cst
1017 4031 1367 4097 necessario;
1421 4035 1680 4088 militaris
1723 4049 1852 4088 vero
1901 4035 2080 4102 copia,

503 4136 558 4181 et
605 4125 812 4195 reliqua
853 4123 1121 4179 universte
1155 4123 1308 4179 urbis
1339 4124 1658 4190 multitudo,
1689 4141 1865 4195 neque
1903 4131 1969 4181 ad
2003 4128 2080 4180 di—

506 4219 726 4274 miliatn
758 4220 976 4272 eorum
1020 4230 1230 4287 partem
1284 4219 1515 4281 accedit,
1568 4217 1660 4288 qui
1717 4226 1846 4273 tunc
1899 4228 2080 4285 erant,

507 4323 716 4381 proque
772 4309 931 4363 tertia
984 4322 1272 4362 murorum
1305 4317 1458 4380 parte
1486 4313 1928 4381 propugnabant,
1975 4327 2078 4378 nec

507 4414 688 4457 tamen
738 4401 804 4455 ad
863 4413 1072 4455 ιίιιιιιιη
1109 4416 1436 4465 numerum,
1486 4411 1805 4472 tantumque
1839 4404 2078 4458 hostium

2194 1944 2315 2013 ρίας
2345 1942 2588 2004 ἐλπίζειν
2615 1941 2815 2007 ἐξεῖναι
2850 1943 2936 2006 ἂν,
2977 1945 3072 1998 καὶ
3098 1945 3224 2006 τοὺς
3253 1944 3545 2014 πολεμίους
3577 1945 3766 2013 ἐπιθή·

2192 2034 2404 2096 σεσθαι,
2437 2033 2534 2087 καὶ
2559 2033 2633 2105 μὴ
2662 2033 3049 2105 βουλομένους,
3075 2036 3206 2105 ἡμῖν
3225 2036 3419 2106 καιρδν
3443 2036 3588 2105 1ἔχειν
3605 2037 3768 2105 ἠγοῦ-

2192 2141 2314 2193 μαι.

2261 2214 2594 2284 Λογίσασθαι
2621 2215 2675 2268 δέ
2707 2214 2800 2266 ἐπὶ
2835 2214 2970 2267 πᾶσι
3004 2212 3100 2266 καὶ
3129 2214 3230 2284 τὴν
3256 2211 3543 2285 παροῦσαν
3597 2211 3767 2279 ἀνάγ-

2189 2324 2311 2377 κην,
2353 2306 2530 2373 ὁπόση
2563 2305 2647 2376 τίς
2679 2307 2863 2358 ἐστιν⁹
2905 2305 3132 2358 ἀκούετε
3173 2304 3281 2374 γὰρ
3331 2303 3428 2356 τὸν
3485 2303 3766 2375 Βάρϐαρον

2189 2399 2423 2469 μεγίστῃ
2481 2397 2710 2466 δυνάμει
2779 2396 3307 2468 παρασκευέιζεσθαι
3358 2395 3498 2465 πεζῇ
3555 2411 3613 2448 τε
3671 2398 3764 2449 καὶ

2187 2492 2416 2561 ναυτικῇ
2445 2481 2590 2544 κατὰ
2619 2489 2719 2559 τῆς
2741 2489 3020 2559 ἡμετέρας
3056 2482 3264 2548 πόλεῶς
3296 2486 3472 2556 ἥξειν·
3505 2487 3599 2539 καὶ
3634 2487 3765 2548 ἴσως

2187 2583 2316 2651 πρὶν
2339 2583 2485 2652 ἡμᾶς
2510 2580 2679 2649 σαφές
2719 2598 2774 2633 τι
2807 2579 3023 2650 μαθεῖν.
3061 2567 3379 2648 ἀφίκετο,’ἢ
3430 2579 3555 2631 ὅσον
3605 2576 3764 2631 οὔπω

2188 2674 2372 2746 μέλλει
2399 2674 2653 2742 παρεῖναι
2689 2687 2705 2703 ·
2739 2670 2856 2725 ἴστε
2883 2670 2938 2722 δὲ
2967 2670 3170 2740 πάντες
3210 2669 3432 2739 ἐκείνην
3492 2671 3621 2724 ἄνευ
3660 2670 3761 2736 τῆς

2185 2769 2385 2833 ἔξωθεν
2409 2767 2730 2836 συμμαχίας
2757 2765 2881 2829 οὐδὲ
2911 2768 3048 2835 προς
3080 2764 3177 2836 τὴν
3210 2763 3400 2831 ἔφοδον
3430 2765 3764 2831 ἀντιστῆναι

2183 2861 2580 2932 δυνησομένην,
2611 2859 2745 2914 ἀλλὰ
2779 2858 3199 2913 κινδυνεύουσαν
3238 2858 3469 2928 ἕρμαιον
3499 2857 3761 2925 γενέσθαι

2185 2954 2292 3008 τῶν
2322 2953 2596 3023 πολεμίων
2632 2951 2900 3024 ἀμαχητὶ.
2927 2952 3063 3018 πρὸς
3095 2950 3261 3021 μόνην
3294 2946 3393 3018 τὴν
3424 2948 3546 3016 ὄψιν
3580 2949 3764 3012 αὐτῶν

2184 3041 2751 3112 καταπεπληγμένην.
2807 3040 2870 3094 El
2935 3039 2982 3093 δ’
3042 3038 3333 3108 ἀντισταίη
3395 3038 3554 3108 μέχρι
3618 3038 3764 3100 τινὶς

2186 3135 2647 3205 πολιορκουμένη,
2693 3133 2810 3194 ἀλλ’
2859 3131 3086 3200 οὐδεμία
3146 3130 3360 3200 μηχανὴ
3411 3131 3766 3192 uenditauit

2185 3226 2348 3280 αὐτὸν
2393 3225 2580 3295 ἀπαθῆ
2632 3221 2931 3295 δυνηθῆναι
2983 3222 3364 3290 διαγενέσθαιο
3399 3220 3514 3272 ἀλλ’
3545 3207 3762 3287 ἀνάγκη

2132 3364 2137 3369 .
2185 3322 2335 3374 πᾶσα
2367 3319 2570 3390 ταύτην
2603 3315 2866 3372 ἐνδοῦναι.
2899 3315 3199 3384 Μέμνησθε
3245 3315 3375 3384 γὰρ,
3403 3315 3486 3392 ὅτι
3517 3314 3624 3374 τῶν
3663 3315 3763 3368 αύ-

2183 3411 2292 3465 τῶν
2342 3411 2556 3466 τούτων
2607 3408 2912 3481 Βαρϐάρων
2962 3407 3093 3461 ποτέ
3140 3409 3570 3477 πολιορκούντων
3613 3409 3762 3478 ἡμᾶς

2183 3504 2294 3556 άπδ
2316 3503 2438 3572 γῆς,
2469 3503 2562 3557 τοῦ
2593 3502 2649 3556 δέ
2684 3502 2818 3573 πρὸς
2846 3500 3127 3565 θαλάσσης
3157 3501 3390 3572 τείχους,
3412 3500 3439 3553 δ
3477 3500 3764 3554 διπλάσιόν

2184 3596 2300 3648 ἐστι
2352 3593 2448 3648 τοῦ
2494 3593 2708 3665 λοιποῦ,
2749 3593 3002 3663 μένοντος
3048 3594 3384 3666 ἀφυλάκτου,
3423 3591 3599 3655 οὐδεὶς
3651 3594 3762 3664 γὰρ

2182 3689 2396 3742 ἱκεῖθεν
2429 3686 2684 3758 ἠνώχλει,
2719 3687 2799 3750 είς
2831 3687 2997 3740 πόσον
3023 3688 3156 3755 ἡμῖν
3184 3687 3352 3755 φ’6ου
3379 3689 3476 3742 ,κιὶ
3509 3687 3761 3756 ἀνάγκης

2181 3776 2314 3851 ἦλθε
2364 3779 2430 3833 τά
2490 3778 2812 3848 πράγματα.
2848 3776 2962 3832 Νῦν
3008 3776 3064 3830 δὲ
3114 3777 3262 3833 ἅπαν
3321 3777 3420 3846 μὲν
3479 3777 3538 3829 τὸ
3583 3779 3762 3845 τεῖχος

2183 3873 2396 3942 ἀνάγκη
2449 3871 2740 3940 φυλάττειν
2765 3883 2780 3900 ’
2812 3870 2872 3921 τὸ
2901 3867 2959 3921 δέ
2996 3868 3089 3920 νῦν
3139 3871 3531 3938 στρατιωτικδιν
3567 3869 3658 3920 καὶ
3699 3869 3761 3920 τέ

2182 3960 2370 4014 λοιπὸν
2409 3957 2556 4028 ἅπαν
2611 3958 2708 4028 τῆς
2756 3955 2965 4018 πόλεως
3011 3954 3244 4024 πλῆθος,
3289 3955 3398 4008 οὐδ’
3439 3957 3610 4025 ἥμισυ
3653 3957 3764 4008 τῶν

2184 4051 2305 4103 τότε
2336 4050 2503 4102 ὄντων
2528 4046 2674 4099 ἐστίν
2700 4061 2715 4076 ο
2747 4046 2795 4101 οἳ
2827 4046 2925 4112 τὴν
2955 4044 3148 4111 τρίτην
3180 4044 3273 4097 τοῦ
3305 4045 3525 4112 τείχους
3561 4047 3756 4114 μοῖραν

2187 4137 2546 4205 φυλάττοντες
2575 4135 2666 4186 καὶ
2698 4131 3194 4203 προπολεμοῦντες,
3225 4133 3325 4186 οὐκ
3373 4133 3591 4186 ἐδόκουν
3627 4136 3764 4204 πρὸς

2186 4214 2436 4280 τοσοῦτον
2497 4224 2697 4292 πλῆθος
2753 4225 2848 4276 καὶ
2901 4222 3175 4292 τοσαύτην
3232 4224 3595 4293 παρασκευὴν
3652 4225 3764 4276 τῶν

2187 4317 2465 4390 πολεμίων
2509 4318 2721 4386 ἀρκεῖν.
2788 4315 2849 4368 '0
2900 4314 3009 4384 γὰρ
3057 4314 3331 4379 τοσούτοις
3385 4315 3564 4374 Eua»
3613 4317 3766 4390 ἡμᾶς

2189 4388 2390 4473 πιέζων
2419 4410 2608 4479 λοιμὸς
2651 4401 2840 4471 δεινῶς
2883 4408 3090 4471 πάντας
3135 4408 3438 4463 ἀνάλωκεν.
3477 4388 3698 4478 ’ίῐμισυ
3718 4409 3765 4460 δ’

510 4501 831 4564 apparatum
901 4493 1035 4548 satis
1092 4507 1213 4548 esse
1274 4493 1650 4548 videbantur:
1691 4497 1864 4563 pestis
1905 4496 2078 4560 enim,

2187 4500 2330 4557 εἷναί
2376 4519 2538 4572 φημι,
2572 4503 2663 4552 καὶ
2700 4499 2857 4568 ἡμῶν
2904 4499 3077 4559 ἐκεῖθι
3129 4500 3418 4569 παρόντων
3457 4500 3551 4552 καὶ
3603 4514 3766 4551 συνα-

504 4601 610 4655 qua
674 4601 770 4656 per
800 4595 882 4640 tot
911 4601 1084 4639 annos
1117 4585 1435 4655 premimur,
1493 4601 1685 4642 omnes
1724 4589 1959 4657 graviter
1985 4589 2082 4643 de-

415 4727 418 4731 .
507 4686 659 4745 pasta
699 4685 784 4731 est
815 4693 829 4732 :
863 4676 1150 4731 dimidiam
1188 4691 1318 4729 vero
1349 4687 1556 4746 ptrtetn
1589 4693 1714 4732 esse
1740 4677 1887 4748 dico,
1924 4680 2083 4734 nobis

505 4780 725 4834 quoque
759 4765 830 4820 ibi
856 4765 1237 4835 praesentibus,
1258 4776 1310 4818 et
1335 4766 1736 4821 annumeratis.
1763 4769 1921 4823 Nnuc
1947 4785 2082 4823 vero

505 4860 660 4912 abest
697 4857 1017 4928 imperator,
1060 4857 1176 4927 qui,
1214 4872 1357 4911 unus
1383 4871 1505 4911 cum
1533 4861 1627 4921 sit,
1661 4859 1955 4929 plurimum
1992 4877 2081 4915 va-

505 4951 578 5004 let
619 4951 684 5004 ad
714 4950 936 5015 omnia;
978 4949 1185 5004 abestis
1215 4949 1379 5002 etiam
1413 4963 1534 5014 vos,
1563 4958 1615 5004 et
1647 4950 1784 5004 adeo
1817 4952 1997 5016 multi,
2027 4959 2081 5006 et

508 5044 708 5094 vitlulc
751 5042 888 5096 adeo
928 5047 1272 5109 praestantes.
1331 5047 1388 5092 ιιι
1439 5039 1562 5095 loco
1593 5041 1952 5097 maximarum
1981 5059 2077 5098 co-

508 5133 722 5197 piarum
777 5130 1127 5186 auxiliarium
1159 5147 1280 5187 esse
1307 5133 1550 5203 possitis,
1587 5132 1630 5186 si
1667 5131 1961 5202 derepente
1992 5150 2081 5189 θος

506 5223 734 5274 cedatis.
772 5219 1048 5288 Sagittarii
1094 5235 1221 5276 vero
1259 5222 1579 5276 conductitii
1614 5232 1814 5293 praeter
1849 5223 2077 5293 viginti-

504 5311 748 5379 quinque
791 5323 983 5365 omues
1035 5311 1387 5380 aufugerunt.
1413 5313 1624 5371 Causas
1673 5325 1855 5371 autem
1899 5323 2079 5372 tacere

505 5411 721 5473 oportet
749 5421 762 5468 ;
793 5403 1028 5458 fortasse
1061 5417 1189 5458 vero
1225 5414 1280 5457 et
1307 5405 1385 5458 illi
1415 5405 1622 5473 pariter
1657 5415 1822 5477 atque
1855 5408 1943 5462 alii
1975 5425 2070 5478 pro

2189 4593 2593 4666 ριθμουμένων.
2624 4591 2740 4642 Νῦν
2777 4590 2832 4643 δὲ
2885 4591 3077 4644 ἄπεστι
3137 4591 3236 4658 μὲν
3270 4587 3545 4656 βασιλεὺς,
3585 4589 3643 4650 ὃς
3682 4582 3765 4650 εἷς

2189 4686 2287 4752 ὣν,
2319 4687 2375 4738 ἐν
2405 4686 2539 4738 πᾶσι
2568 4684 2858 4754 πράγμασι
2888 4684 2955 4735 τὰ
2992 4684 3228 4751 μέγιστα
3259 4681 3486 4735 δύναται
3510 4698 3524 4712 ·
3557 4681 3765 4754 ἄπιστε

2189 4778 2246 4830 δέ
2285 4777 2531 4843 τοσοῦτοι
2561 4776 2651 4829 τὸν
2689 4774 2922 4844 ἀριθμὸν
2955 4775 3052 4827 καὶ
3101 4773 3243 4826 οὕτω
3291 4772 3467 4826 καλοὶ.
3495 4770 3626 4826 ὥστ’
3665 4771 3767 4840 άρ-

2191 4871 2346 4924 κέσαι
2386 4869 2459 4922 ἂν
2506 4855 2651 4937 ὑμᾶς
2707 4867 2829 4920 ἀντὶ
2883 4865 3208 4936 συμμαχίας
3251 4861 3540 4933 μεγίστης,
3569 4863 3768 4932 αίφνης

2193 4959 2688 5031 προσγενομένους.
2751 4957 2813 5009 Oi
2870 4957 2928 5009 δὲ
2987 4955 3308 5026 μισθοφόροι
3363 4954 3576 5025 τοξόται
3628 4953 3768 5022 πλην

2187 5053 2361 5104 εἰκοσι
2420 5050 2514 5104 καὶ
2564 5051 2726 5103 πέντε
2794 5048 2992 5109 πάντες
3040 5046 3248 5117 ᾤχοντο
3303 5046 3638 5110 φεύγοντες⁶
3671 5047 3766 5103 τὰς

2187 5143 2232 5196 δ’
2256 5144 2436 5204 αἰτίας
2467 5141 2669 5210 πρέπει
2707 5140 2866 5209 σιγᾷν
2884 5152 2902 5169 ⁸
2933 5139 3061 5200 ἴσως
3096 5137 3152 5192 δέ
3177 5137 3424 5191 κάκεῖνοι
3451 5136 3565 5196 τοῖς
3588 5132 3768 5193 ἄλλοις

2185 5233 2388 5302 ὁμοίως
2438 5231 2578 5298 ὑπὲρ
2635 5229 2787 5297 σφῶν
2814 5228 2992 5282 αὐτῶν
3043 5227 3177 5297 ἄχρι
3215 5225 3309 5278 νῦν
3341 5222 3758 5276 ἐϐουλεύσαντο.

2188 5305 2310 5376 [ith
2339 5313 2433 5370 οὖν
2460 5317 2614 5380 ἐλπίς
2645 5319 2792 5371 ἐστιν
2820 5314 3027 5387 ἐρημίᾳ
3053 5313 3296 5384 τοσαύτῃ
3321 5312 3594 5380 σωμάτων
3615 5307 3763 5362 οὕτω

2182 5408 2429 5483 φρικώδη
2475 5408 2715 5474 πόλεμον
2762 5403 3236 5476 διακρούσασθαι;
3277 5403 3339 5454 Ei
3387 5403 3572 5452 τοίνυν
3634 5398 3762 5466 μήθ’

503 5513 565 5551 se
612 5497 744 5568 ipsis
772 5498 919 5551 idem
971 5498 1235 5552 hactenus
1265 5511 1456 5566 cepere
1482 5499 1720 5554 consilii.
1752 5500 1884 5566 Qua:
1911 5501 2074 5569 igitur

2186 5498 2325 5569 ὑπὲρ
2359 5497 2455 5564 τῆς
2506 5497 2753 5560 ἐνώσεως
2792 5495 3060 5568 ἐτύχομεν
3116 5493 3439 5562 ἀφιγμένοι,
3477 5490 3616 5560 μήτε
3662 5490 3764 5554 τὴν

503 5606 648 5659 apes,
701 5601 851 5645 tanta
898 5587 1184 5642 hominum
1237 5589 1462 5658 penuria
1514 5597 1622 5643 tam
1658 5589 2073 5647 formidolosum

2186 5586 2382 5639 ἕνωσιν
2417 5587 2582 5639 ἕνεκα
2636 5587 2730 5640 τοῦ
2794 5587 2905 5640 τῶν
2960 5584 3223 5639 κινδύνων
3272 5581 3620 5652 ἀπηλλάχθαι
3674 5579 3767 5630 καὶ

504 5681 704 5733 bellum
738 5682 801 5734 iri
837 5678 1627 5749 prepuls.ttum?Quapropter
1667 5681 1833 5733 etiam
1869 5679 1912 5731 si
1944 5695 2073 5750 pro-

2187 5675 2367 5745 φόϐων
2400 5677 2634 5744 μάλιστα
2671 5678 3001 5740 ἐποθοῦμεν,
3034 5676 3151 5730 ἀλλ’
3195 5676 3325 5730 άλλο
3358 5691 3408 5726 τι
3439 5663 3533 5725 καὶ
3563 5670 3632 5726 δι’
3664 5670 3763 5724 άλ-

504 5771 758 5829 iectamis
790 5781 991 5827 nostra:
1045 5781 1208 5827 causa
1254 5787 1357 5827 non
1394 5781 1538 5827 esset
1575 5769 1920 5827 concilianda
1956 5773 2074 5826 uui-

2186 5767 2287 5836 λην
2331 5768 2511 5821 αἰτίαν
2563 5771 2894 5840 πράττοντες
2951 5769 3288 5840 ἐκαθημεθα,
3335 5765 3447 5840 ἔδετ
3484 5763 3621 5833 μετὰ
3668 5762 3770 5834 τὴν
