4170 6294
477 338 590 409 397

1574 347 2076 413 ADHOll'TATlO
2118 348 2218 411 AD
2249 350 2547 412 ΞΥΝοῡῦ
2562 346 2634 411 Μ.

3638 349 3753 413 398

473 457 683 527 πικρὰν
742 456 1003 528 ἀγγελίαν
1057 459 1293 532 ἐκείνην,
1337 466 1514 518 πάντα
1564 466 1833 535 ῥίψαντας
1888 468 1955 519 τὰ
2001 469 2046 519 ὲκ.

2166 476 2269 531 tas,
2304 482 2484 536 neque
2514 467 2653 520 hanc
2685 480 2781 520 nos
2811 464 3163 533 potissimum
3203 475 3522 537 optaramus
3548 467 3615 522 ad
3648 484 3747 539 pe-

475 546 659 615 χερσί,
692 548 786 601 καὶ
813 550 997 603 πᾶσαν
1019 553 1403 622 πραγματείαν
1436 557 1516 618 εἰς
1562 558 1727 627 χάριν
1754 557 2056 627 ἀφίγμεθα,

475 638 832 707 παριδόντας,
880 640 1122 713 ζητῆσαι
1176 645 1299 714 μὲν,
1356 646 1407 698 εἰ
1454 646 1737 716 δυνάμεθα
1790 649 2059 712 Λατίνους

473 729 899 799 προσδέξασθαι,
930 735 1025 787 καὶ
1076 737 1409 806 κοινωνῆσαι
1459 740 1613 807 σφίσι
1652 740 1833 802 καλῶς
1856 758 1870 772 ·
1900 742 2059 796 τοῦτο

472 820 519 876 δ’
540 823 678 890 ἐστὶ,
708 827 776 894 τῇ
809 843 866 877 τε
898 826 1017 896 θεία
1046 827 1241 898 Γραφῇ
1280 829 1379 883 καὶ
1413 832 1527 894 τοίς
1571 832 1921 895 διδασκάλοις
1958 835 2059 903 τῆς

485 914 811 985 Ἐκὶιλησίας
845 918 1178 988 συμφώνως.
1222 922 1395 976 Τοῦτο
1444 923 1491 976 δ’
1544 923 1831 993 εὑρόντας,
1857 925 2057 978 αὐτίκα

468 1008 569 1080 τήν
602 1011 742 1080 πρὸς
790 1011 990 1075 αὐτοὺς
1035 1014 1220 1081 φιλίαν
1251 1014 1717 1069 ἀνανεώσασθαι·
1755 1013 1876 1069 εἶτα
1925 1018 2057 1081 ναῦς

469 1104 896 1171 ἐτοιμάσαντας,
928 1105 1027 1168 τάς
1063 1093 1185 1175 μέν’
1210 1107 1460 1162 διδόντων
1500 1109 1701 1170 αὐτῶν,
1744 1110 1842 1172 τὰς
1874 1109 1931 1162 δὲ
1962 1110 2058 1161 καὶ

465 1192 628 1263 ήμῶν
701 1195 1048 1264 ὠνουμένων,
1096 1199 1145 1250 εί
1199 1192 1313 1251 οἷόν
1362 1210 1421 1253 τε
1478 1201 1575 1252 καὶ
1630 1199 1861 1269 σώματα
1918 1200 2057 1252 αὖτά

468 1286 933 1355 πιπρασκόντων,
995 1289 1134 1358 μήτε
1204 1289 1410 1358 τροφὴν
1466 1290 1868 1358 αἰρουμένους,
1927 1286 2055 1361 μήθ’

468 1374 639 1430 ὕπνον
684 1375 1104 1446 λαμϐάνοντας,
1166 1379 1282 1434 ἀλλ’
1335 1381 1395 1433 έν
1442 1380 1520 1450 τῷ
1575 1382 1842 1448 πράττειν
1895 1382 2055 1444 ὄντας

466 1466 686 1536 νύκτωρ
721 1486 780 1522 τε
813 1472 908 1522 καὶ
938 1470 1060 1525 καθ’
1098 1474 1335 1545 ἡμέραν,
1373 1471 1511 1539 πρὸς
1534 1473 1633 1541 τὴν
1662 1473 1918 1542 βοήθειαν
1950 1473 2052 1541 τῆς

465 1560 745 1632 ἡμετέρας
773 1563 1092 1631 ἐπείγεσθαι
1125 1564 1356 1627 πόλεως.
1412 1565 1695 1634 Ἀρκοῦντι
1734 1565 1843 1635 γὰρ
1874 1583 2053 1634 παρα-

465 1653 749 1723 γενόμενοι
806 1656 1067 1727 ναυτικῷ,
1103 1656 1195 1709 καὶ
1235 1655 1492 1725 φυλάξειν
1544 1658 1737 1727 αὐτὴν,
1788 1658 1883 1712 καὶ
1928 1659 2054 1720 τοὺς

466 1746 759 1817 πολεμίους
808 1750 1126 1819 ἀπράκτους
1194 1752 1447 1821 ποιήσειν
1507 1752 1600 1805 καί
1652 1751 2047 1820 ἀποσοϐήσειν,

2164 558 2334 613 rirula
2365 560 2705 625 timoresque
2736 558 3110 626 depellendus,
3144 559 3239 613 sed
3273 560 3478 629 aliquid
3503 562 3653 618 aliud
3688 571 3751 618 et

2168 652 2329 704 aliam
2366 650 2435 704 ob
2462 665 2686 705 causam
2720 662 2945 720 agentes
2963 652 3427 719 consideremus;
3466 665 3751 720 oporteret

2164 754 2343 798 tamen
2379 753 2505 813 post
2529 747 2787 797 acerbum
2821 744 2974 798 illum
3006 746 3288 807 nuntium,
3325 746 3590 814 proiectis
3617 761 3744 801 om-

2162 833 2329 889 nibus
2359 848 2481 903 quze
2530 844 2659 887 sunt
2722 848 2834 902 prae
2889 834 3166 897 manibus.
3212 834 3474 904 omnique
3527 845 3755 906 propter

2163 926 2311 993 quod
2346 924 2596 979 venimus
2633 924 2941 994 postposito
2988 923 3235 992 negotio,
3268 925 3590 993 perquirere
3623 926 3749 994 qui—
3804 918 3807 921 ⁷

2164 1016 2286 1070 dem
2318 1058 2331 1079 ,
2361 1031 2427 1068 an
2457 1016 2731 1084 possimus
2765 1014 2993 1070 Latinos
3023 1015 3328 1084 suscipere,
3360 1025 3416 1068 et
3450 1015 3592 1070 bene
3620 1011 3757 1069 cum

2162 1109 2270 1162 illis
2298 1108 2577 1177 eonjttngi,
2604 1108 2706 1161 hoc
2724 1117 2803 1162 est
2825 1108 2981 1177 juxta
2998 1117 3234 1161 mentem
3261 1106 3751 1175 sacraaScriptura

2162 1210 2217 1255 et
2250 1200 2536 1254 doctorum
2578 1198 2837 1253 Ecclesia:
2865 1216 2879 1252 :
2914 1203 3018 1251 hoc
3048 1207 3231 1251 autem
3270 1198 3494 1253 invento
3517 1235 3531 1260 ,
3561 1194 3754 1249 statim

2160 1305 2284 1344 cum
2319 1290 2398 1344 eis
2434 1302 2700 1343 renovare
2741 1288 3041 1340 amicitiam
3074 1303 3089 1339 :
3152 1300 3390 1355 moxque
3438 1300 3607 1338 naves
3654 1298 3752 1351 pa~

2163 1395 2306 1442 rare,
2337 1380 2536 1447 partim
2565 1378 2784 1447 quidem
2818 1378 2886 1431 ab
2928 1377 3035 1432 illis
3063 1388 3338 1446 acceptas,
3377 1376 3577 1444 partim
3608 1389 3745 1428 vero

2160 1489 2188 1526 a
2215 1472 2371 1527 nobis
2401 1481 2680 1539 coemptas
2704 1509 2721 1535 ,
2772 1470 2857 1522 vel
2886 1469 3042 1537 ipsis,
3079 1470 3124 1522 si
3163 1469 3280 1523 ﬁeri
3313 1477 3523 1537 posset,
3540 1482 3743 1536 corpo-

2161 1563 2312 1617 ribus
2360 1560 2653 1616 divenditis
2685 1578 2699 1624 ;
2761 1570 2816 1613 et
2864 1574 3042 1629 neque
3072 1560 3257 1614 cibum
3289 1574 3530 1624 sumere,
3559 1573 3747 1627 neque

2158 1668 2413 1709 somnum
2448 1668 2667 1723 capere,
2696 1652 2790 1708 sed
2826 1653 2918 1706 diu
2950 1660 3230 1723 noctuque
3259 1664 3400 1721 opus
3433 1667 3542 1705 non
3578 1650 3747 1703 inter-

2159 1747 2374 1802 mittere
2405 1745 2470 1799 ad
2508 1744 2795 1799 ferendum
2814 1744 2938 1799 urbi
2970 1754 3176 1800 nostrae
3217 1741 3416 1798 festino
3445 1742 3739 1797 auxilium.

465 1840 561 1892 καὶ
605 1801 910 1910 ’συμόαλετᾷ
933 1801 1147 1903 ‘gasi,
1203 1801 1257 1895 ei
1272 1801 1281 1803 “
1296 1801 1538 1913 "sua;
1549 1801 1727 1896 ”⁷κσ;ι”
1742 1801 1928 1895 me;
1949 1801 1959 1803 ⁷
1977 1801 2046 1896 ea;

2158 1801 2295 1892 Nam
2346 1837 2547 1891 idonea
2594 1837 2774 1892 classe
2833 1836 3064 1906 profecti
3110 1843 3167 1891 ει
3217 1849 3442 1891 servare
3472 1835 3750 1897 illam,ets

461 1929 691 1985 τοιαῦτα
738 1931 1086 2003 ἠδυνήθημεν
1135 1933 1222 1987 ἄν.
1264 1932 1452 2002 Πολλῷ
1501 1935 1558 1986 δὲ
1616 1932 1821 2001 μᾶλλον
1874 1933 2049 1986 ταῦτα

464 2021 731 2091 πράττειν
764 2024 1001 2094 ἀνάγκη,
1042 2024 1205 2077 ὁπότε
1236 2024 1331 2077 καὶ
1358 2022 1527 2094 μηδὲν
1560 2025 1690 2080 ἀλλο
1722 2024 2049 2094 ξητήσοντες

463 2110 498 2181 ἥ
550 2110 650 2180 τὴν
704 2111 923 2178 ἕνωσιν,
982 2112 1093 2166 οὐδ’
1144 2114 1334 2180 ἐτέρου
1385 2116 1547 2185 χάριν
1597 2117 1742 2181 τινδς
1796 2117 2048 2187 ἀφῖχθαι,

464 2203 666 2268 πάντες
706 2203 958 2275 εἴποιμεν
984 2206 1069 2260 ἀν.

2162 1930 2345 1985 hostes
2396 1928 2571 1983 fracto
2625 1942 2819 1983 eorum
2869 1935 3066 1983 conatu
3098 1927 3364 1997 repellere
3397 1945 3412 1992 ;
3446 1936 3501 1980 et
3527 1928 3572 1980 si
3596 1939 3747 1993 opust

2158 2028 2327 2084 esset,
2358 2035 2484 2074 cum
2526 2020 2605 2075 eis
2636 2022 2920 2090 congredi,
2955 2028 3011 2075 et
3035 2020 3308 2088 ejusmodi
3340 2019 3523 2073 omnia
3553 2018 3741 2071 facere

2160 2127 2469 2181 possemus.
2487 2110 2660 2167 Multo
2684 2113 2854 2183 igitur
2877 2116 3051 2183 magis
3073 2127 3303 2169 necesse
3322 2120 3407 2166 est
3447 2113 3565 2165 haec
3598 2110 3738 2172 ﬁeri,

2160 2202 2382 2273 quando
2441 2203 2577 2257 nihil
2632 2204 2779 2257 aliud
2833 2205 3119 2274 quaesituri
3167 2203 3503 2259 accessimus
3570 2214 3743 2271 quam

466 2295 730 2352 unitatem
764 2313 777 2361 ;
810 2312 909 2353 nec
942 2301 1088 2353 enim
1118 2298 1345 2354 alterius
1378 2296 1452 2352 rei
1478 2296 1654 2369 gratia
1689 2297 1873 2354 itineri
1924 2315 2023 2355 nos
2063 2295 2413 2351 commisisse
2448 2310 2639 2351 omnes
2667 2297 2986 2353 fatebimur.

535 2390 648 2458 τὴν
695 2390 742 2443 δ’
786 2390 1004 2453 ἕνωσιν,
1037 2388 1184 2442 οὕτω
1240 2391 1447 2462 ῥᾴστην
1504 2392 1599 2445 καὶ
1646 2392 1901 2462 εὐπρεπῆ
1951 2393 2051 2445 καί⁵

461 2480 587 2551 θεῷ
614 2482 708 2534 καὶ
735 2482 906 2535 πᾶσιν
936 2478 1251 2553 ἀνθρώποις
1286 2482 1546 2549 ἀρέσκειν
1583 2481 1907 2551 μέλλουσαν,
1944 2480 2045 2553 ήδη

360 2580 370 2586 ’
461 2573 726 2643 πράττειν
784 2573 1085 2644 δυνάμεθα.
1122 2573 1197 2626 Οὐ
1261 2572 1345 2625 δεῖ
1402 2570 1587 2626 τοίνυν
1656 2572 1875 2643 μέλλειν
1937 2574 2049 2626 οὐδ’

461 2662 888 2729 ἀναϐάλλεσθαι,
916 2663 1051 2718 ἀλλὰ
1106 2664 1202 2717 καὶ
1251 2662 1350 2734 τὴν
1405 2660 1603 2716 ἕνωσιν
1636 2664 1918 2733 πράττειν,
1951 2665 2046 2718 καὶ

459 2758 546 2812 ὃτι
593 2758 828 2828 τάχιστα
880 2757 1123 2827 βοηθεῖν.
1168 2754 1580 2826 Ἐνθυμηθῆναι
1623 2756 1732 2825 γάρ
1782 2758 2047 2821 ἑκάστους

2227 2387 2411 2456 Quare
2434 2391 2619 2444 unitas
2641 2404 2762 2444 cum
2800 2397 2854 2443 et
2876 2404 3092 2445 summe
3124 2388 3322 2452 facilis,
3350 2397 3406 2443 et
3440 2401 3549 2442 non
3583 2386 3741 2441 inde-

2152 2495 2280 2536 cora
2303 2480 2398 2546 sit,
2421 2479 2640 2551 Deoque
2661 2490 2713 2535 et
2728 2481 2944 2536 cunctis
2968 2480 3283 2545 hominibus
3304 2480 3590 2551 placitura,
3610 2493 3739 2533 con-

2152 2572 2505 2643 ﬁciendajam
2537 2582 2653 2634 est;
2676 2586 2777 2627 nec
2798 2573 3195 2644 interponenda
3246 2586 3421 2640 mora,
3446 2586 3548 2626 nec
3575 2570 3738 2625 dil‘l'e-

2153 2667 2319 2719 renda
2347 2680 2457 2730 res,
2484 2666 2653 2720 sedet
2676 2665 2808 2719 unio
2827 2666 3155 2734 paragenda,
3180 2675 3234 2718 et
3262 2662 3548 2718 ferendum
3572 2664 3741 2732 quam

2152 2757 2417 2813 citissime
2465 2756 2753 2811 auxilium.
2777 2756 3086 2826 liepetenda
3112 2758 3312 2826 quippe
3338 2766 3423 2810 est
3443 2755 3740 2823 unicuique

458 2850 608 2920 ἡμᾶς
656 2850 866 2904 δεῖκαὶ
931 2850 1197 2918 γυναῖκας
1257 2850 1351 2902 καί
1410 2848 1612 2911 παῖδας
1668 2849 1899 2915 ἑαυτῶν,
1951 2849 2046 2903 καὶ

2152 2860 2399 2905 nostrum
2422 2853 2687 2903 memoria
2702 2857 2755 2903 et
2779 2864 3015 2904 uxorum
3040 2859 3094 2903 et
3137 2848 3373 2903 ﬁliorum
3400 2858 3739 2910 nostrorum.

457 2942 647 3006 ἀπλῶς
694 2942 980 3009 συγγενεῖς
1011 2940 1106 2994 καὶ
1139 2940 1383 3005 πολίτας,
1429 2940 1666 3011 οἰκτρῶς
1716 2940 2044 3011 πολιορκου-

461 3032 662 3101 μένους
715 3032 812 3084 καὶ
871 3031 1297 3100 ἀμηχανοῦντας
1354 3034 1449 3086 καὶ
1516 3030 1852 3101 θρηνοῦντας
1880 3048 1894 3063 ·
1948 3033 2045 3085 καὶ

2148 2951 2202 2996 et
2244 2943 2562 2997 summatim
2604 2942 3142 3012 consanguineorum
3190 2951 3244 2997 et
3271 2941 3497 3006 citium,
3540 2942 3740 2997 misere

2147 3035 2531 3097 obsessorum,
2572 3034 2741 3088 animi
2776 3034 3130 3104 pendentium
3178 3050 3242 3090 ac
3266 3035 3569 3104 lugentium
3598 3053 3612 3089 :
3637 3051 3739 3105 po-

458 3121 655 3190 φόνους
692 3122 789 3174 καὶ
816 3120 992 3191 δεσμά
1023 3124 1118 3177 καλ⁸
1161 3123 1377 3191 πληγάς
1406 3124 1498 3177 καί
1533 3123 1720 3195 ὕϐρεις
1749 3127 1841 3177 καὶ
1887 3124 2046 3193 λιμὸν

2156 3128 2349 3183 nendae
2378 3138 2507 3184 ante
2533 3127 2726 3181 oculos
2757 3129 2934 3182 caedes
2959 3138 3014 3183 et
3036 3128 3275 3194 vincula,
3302 3137 3357 3183 et
3392 3130 3641 3195 verbera,
3683 3140 3738 3182 ιιι

457 3217 553 3269 καὶ
580 3217 763 3287 δίψαν,
802 3218 899 3271 καί.
940 3218 1308 3289 οἰκτροτάτην
1355 3217 1739 3289 περιαγωγήν,
1778 3220 1877 3274 καὶ
1929 3222 2047 3273 δου-

456 3307 610 3359 λείαν
660 3306 1129 3378 ἀπαραμύθητον,
1174 3308 1271 3361 καὶ
1330 3309 1544 3379 νηπίων
1593 3310 1893 3379 ἑλκυσμὺν,
1954 3310 2048 3363 καὶ

456 3402 730 3471 γερόντων
779 3402 1021 3473 σφαγὴν,
1068 3402 1165 3456 καὶ
1197 3404 1485 3472 χωρισμὸν
1532 3402 1784 3472 ἀλλήλων
1815 3402 2047 3455 ἐλεεινό-

453 3511 641 3558 τατον,
671 3496 767 3549 καὶ
795 3494 962 3565 ἰερῶν
990 3495 1243 3563 ἀτιμίαν,
1270 3495 1367 3546 καὶ
1411 3494 1769 3565 βλασφημίαν
1799 3496 1881 3559 εἰς
1914 3493 2047 3563 ὕψος

454 3589 757 3659 αἰρομένην
803 3589 951 3642 κατά
980 3589 1117 3642 Θεοῦ
1140 3608 1155 3621 ·
1192 3590 1289 3643 καὶ
1331 3590 1461 3652 τοὺς
1506 3590 1608 3659 μὲν
1638 3590 1888 3657 ἑκόντας,
1921 3591 2048 3653 τοὺς

453 3680 512 3733 δὲ
567 3680 800 3743 ἄκοντας
848 3682 940 3733 τὸν
994 3680 1095 3749 μὲν
1130 3680 1343 3750 Ἰησοῦν
1415 3681 1897 3750 ἀποϐαλλομένους
1955 3681 2047 3734 τὸν

455 3771 634 3841 ἀληθῆ
664 3771 801 3825 Θεδν
832 3774 925 3825 καὶ
954 3773 1116 3842 μόνον
1146 3772 1468 3826 διδάσκαλόν
1501 3790 1561 3826 τε
1588 3774 1685 3825 καὶ
1720 3773 2044 3844 νομοθέτην,

456 3863 526 3930 τῇ
553 3860 609 3913 δι
641 3862 887 3930 Μωάμεθ
914 3861 1155 3934 φλυαρία
1184 3863 1278 3915 καὶ
1316 3863 1526 3932 ὀργίοις
1566 3863 1781 3917 ἐκείνου
1816 3880 2046 3935 προστι-

456 3952 745 4021 θεμένους,
796 3952 891 4005 καὶ
943 3954 1042 4024 τήν
1096 3953 1356 4008 ἀσέϐειαν
1412 3954 1780 4021 ὲπιδιδοῦσαν,
1831 3958 1930 4027 τὴν
1985 3956 2043 4010 δὲ

456 4044 641 4097 πίστιν
668 4043 1042 4113 διωκομένην·
1072 4046 1168 4098 καὶ
1215 4046 1286 4100 τά
1330 4047 1561 4099 τοιαῦτα
1613 4047 1793 4100 πάντα
1841 4065 2043 4116 φαντα-

455 4135 742 4206 ζομένους,
772 4136 868 4188 καὶ
898 4136 991 4188 ἐπὶ
1020 4137 1187 4190 πᾶσιν
1219 4138 1369 4207 ἡμᾶς
1397 4137 1908 4207 ἀνακαλουμένους,
1949 4143 2045 4194 καὶ

451 4227 553 4296 τὴν
597 4230 757 4297 ήμῶν
796 4226 1059 4297 ἀμέλειαν
1097 4229 1461 4293 ὀνειδίζοντας
1488 4244 1503 4261 ’
1537 4230 1629 4302 ὑφ’
1681 4225 1757 4286 ῶν
1787 4233 2041 4287 οὐδέποτε

455 4320 869 4389 προσεδόκησαν
918 4320 1124 4374 οὑτωσὶ
1176 4324 1811 4393 καταφρονηθήσεσθαιο
1844 4325 1939 4389 οὓς
1979 4330 2037 4379 ὲν

2151 3223 2521 3285 contumeliae,
2549 3229 2604 3276 et
2629 3220 2823 3285 fames,
2856 3231 2910 3276 et
2935 3222 3076 3287 sitls,
3108 3233 3163 3276 et
3190 3222 3606 3277 luctuosissima
3629 3223 3736 3277 cir-

2151 3315 2493 3380 cumvectio,
2522 3322 2574 3369 et
2606 3315 2849 3369 servitus
2881 3313 3319 3380 ineonsolabilis,
3354 3321 3409 3369 et
3442 3314 3735 3368 infantium

2151 3409 2469 3474 abstractio,
2490 3415 2547 3461 et
2571 3406 3066 3475 senumjugulatio,
3087 3416 3138 3461 et
3159 3414 3349 3460 mutua
3369 3406 3628 3471 divulsio,
3649 3421 3736 3460 res

2152 3502 2398 3554 onnium
2427 3482 2829 3563 miserrima,et
2858 3499 3188 3568 templorum
3229 3500 3563 3568 profanatio.
3590 3498 3736 3552 blas-
3808 3536 3823 3544 -

2151 3593 2476 3661 pltemiaque
2498 3593 2548 3644 iu
2566 3593 2784 3645 excelso
2804 3602 2994 3645 contra
3016 3592 3182 3645 Deum
3200 3591 3472 3646 elfcrenda
3499 3609 3511 3644 :
3537 3607 3657 3645 cum
3682 3593 3735 3644 hi

2150 3682 2371 3751 quidem
2396 3690 2612 3751 sponte,
2641 3682 2716 3736 illi
2751 3691 2930 3735 autem
2969 3680 3227 3737 vile-sum
3270 3683 3528 3750 abjiment
3564 3684 3734 3737 Deum

2150 3760 2366 3837 rerum.
2417 3774 2706 3840 solumque
2746 3775 3067 3843 magistrum
3118 3790 3183 3828 ac
3234 3775 3643 3845 legislaturem,
3683 3790 3738 3829 ct

2156 3866 2475 3921 transibunt
2499 3867 2566 3919 ad
2588 3864 2922 3920 Mahomethi
2949 3882 3121 3935 nugas
3153 3882 3216 3921 ac
3242 3868 3603 3923 caeremonias
3634 3887 3647 3923 :
3684 3881 3739 3922 et

2150 3959 2399 4030 impietas
2415 3959 2635 4028 quidem
2661 3960 2994 4034 incrementa
3021 3962 3202 4024 faciet,
3225 3960 3361 4015 fides
3391 3976 3522 4016 vero
3557 3979 3739 4029 persc-

2149 4054 2463 4109 eutionihus
2488 4061 2767 4121 premetur
2792 4062 2984 4122 :atque
3002 4052 3472 4132 ejusmodiomn’a
3497 4066 3738 4110 statuant

2148 4146 2202 4199 in
2227 4156 2527 4215 conspectu
2561 4146 2753 4211 animi,
2783 4155 2838 4199 et
2868 4146 2997 4200 illud
3023 4146 3078 4201 in
3109 4148 3485 4217 primis,quod
3520 4164 3616 4202 nos
3654 4150 3738 4201 iu-

2149 4250 2367 4299 t‘ocent,
2397 4239 2843 4308 exprobt'cntqnc
2871 4240 3030 4294 nobis
3062 4241 3330 4297 desidiam
3366 4258 3394 4295 a
3449 4242 3650 4311 quibus
3675 4259 3737 4295 se

2149 4344 2428 4399 nunquam
2474 4331 2548 4384 ita
2603 4340 2979 4398 contemptum
3032 4332 3098 4385 iri
3129 4333 3467 4401 sperabant:
3503 4349 3642 4399 quos
3675 4341 3735 4385 ιιι

452 4409 606 4473 τάξει
633 4409 914 4462 δεσποτῶν
950 4413 1046 4463 καὶ
1084 4413 1344 4482 πατέρων
1381 4414 1476 4467 καὶ
1527 4414 1868 4469 διδασκάλων
1895 4411 2042 4486 εἶχόν

2152 4419 2422 4484 dominos,
2458 4432 2516 4473 ut
2548 4429 2731 4490 patres
2760 4430 2813 4473 et
2841 4422 3134 4489 magistros
3161 4423 3437 4477 habebant
3467 4433 3520 4478 ct
3553 4426 3729 4477 hono-

455 4510 516 4545 τε
548 4494 643 4546 καὶ
670 4495 873 4564 ἐτίμων
900 4512 916 4528 ·
950 4497 1045 4550 καὶ
1076 4497 1173 4560 οὓς
1204 4501 1493 4554 ἐπίστευον
1522 4503 1623 4573 τῆς
1651 4504 1833 4557 αὐτῶν
1860 4505 2040 4573 ἀσφα-

459 4579 611 4642 λείας
641 4586 735 4637 καὶ
771 4586 1046 4657 σωτηρίας
1084 4575 1270 4641 πάντα
1297 4589 1562 4660 θήσεσθαι
1590 4591 1823 4662 δεύτερα
1852 4610 1866 4624 ·
1898 4594 2041 4664 ὑπὲρ

457 4666 534 4724 ὧν
563 4674 863 4746 ἀποδημεῖν
887 4679 1041 4732 αὐτοί
1084 4696 1145 4731 τε
1190 4681 1467 4751 ἐνόμιζον,
1502 4685 1596 4736 καὶ
1631 4684 1791 4754 ὑμεῖς
1820 4685 2039 4753 ἐλέγετε

452 4768 721 4838 φανερῶς.
764 4770 998 4825 Ἐκεῖνοι
1030 4772 1133 4842 μὲν
1181 4769 1274 4827 οὖν
1310 4775 1379 4827 τὰ
1436 4776 1650 4829 ἑαυτῶν
1688 4777 1852 4847 μόνον
1889 4779 2042 4833 δεινὰ

448 4856 849 4925 φανταζόμενοι
873 4859 1236 4931 θρηνήσουσι,
1270 4866 1364 4916 καὶ
1411 4867 1562 4934 ήμᾶς
1597 4866 2038 4924 ἀνακαλέσονται

445 4946 656 5014 γοερῶς
680 4964 693 4976 ·
731 4949 827 4999 καὶ
858 4953 982 5012 ταῖς
1010 4952 1196 5006 ὲλπίσι
1227 4954 1323 5006 τοῦ
1356 4956 1622 5025 σήμερον,
1652 4958 2039 5031 αὕριον,ήμᾶς

446 5032 601 5102 ἥξειν
657 5038 853 5105 μόναις
900 5040 1410 5116 ψυχαγωγήσουσιν
1473 5049 1747 5114 ἑαυτούς’
1806 5051 1842 5104 ἀ
1906 5054 2039 5123 πρὶν

449 5124 697 5190 ικείνους
768 5129 1008 5197 παθεῖν,
1068 5137 1223 5203 ήμᾶς
1290 5139 1505 5207 γένοιτο
1562 5142 1769 5205 πάντας
1829 5144 2039 5197 ἀποθαο

449 5216 582 5269 νεῖν.
654 5216 823 5270 Οὐδὲν
860 5222 973 5287 γὰρ
1006 5222 1389 5294 ἐλεεινότερον,
1439 5231 1591 5284 οὐδὲν
1617 5230 1753 5295 ὅλως
1799 5234 2034 5303 αῖςχιςν,

446 5306 604 5360 οὐδὲν
645 5307 1080 5381 βδελυκτότερον
1121 5320 1212 5369 καὶ
1250 5320 1371 5389 Θεῷ
1410 5324 1506 5375 καὶ
1535 5324 1848 5395 ἀνθρώποις
1880 5327 2038 5396 ήμῶν

445 5395 623 5463 ἔσται,
656 5398 725 5451 ἀν
766 5401 1015 5467 ἐκείνους
1067 5409 1315 5479 συμϐαίη
1364 5414 1540 5466 ταῦτα
1593 5417 1813 5470 παθεῖν.
1856 5395 2038 5487 ἠμᾶς

444 5490 503 5543 δὲ
559 5495 651 5545 καὶ.
716 5495 885 5566 μέχρι
933 5498 1043 5551 τῶν
1111 5500 1291 5554 ἄλλων
1343 5506 1691 5577 Χριστιανῶν
1741 5512 2038 5579 ἀφικέ,υαι

443 5584 660 5651 πρέπει.
680 5586 761 5656 τῷ
789 5588 1061 5662 λογισμῷ,
1102 5597 1197 5648 καὶ
1234 5596 1383 5669 ἅπερ
1412 5600 1553 5668 ὑπὲρ
1584 5602 1798 5655 ἑαυτῶν
1831 5606 2032 5657 ἐκεῖνοι

441 5675 674 5743 δεδίασι,
702 5682 862 5737 ταῦθ’
894 5687 1044 5756 ήμάς
1073 5690 1214 5762 ὑπέρ
1246 5709 1302 5744 τε
1329 5694 1559 5746 ἐκείνων
1592 5698 1686 5747 καὶ
1728 5699 1835 5751 τῶν
1859 5702 2035 5754 ἄλλων

444 5768 785 5840 Χριστιανῶν
833 5779 927 5831 καὶ
981 5782 1137 5852 ήμῶν
1193 5786 1373 5840 αὐτῶν
1423 5787 1736 5855 λογίζεσθαι
1793 5797 1917 5863 χρή.
1953 5795 2032 5847 ἰ’ἑι

2149 4513 2345 4566 rabant
2370 4550 2385 4577 ,
2411 4521 2465 4565 et
2494 4528 2525 4565 a
2576 4512 2777 4580 quibus
2810 4513 3108 4565 credebant
3134 4514 3315 4566 omnia
3352 4515 3728 4583 posthabitnm

2148 4606 2215 4660 iri
2266 4604 2429 4660 saluti
2489 4613 2546 4659 et
2588 4602 2951 4657 incolumitati
2989 4619 3204 4669 eorum,
3234 4621 3330 4675 pro
3365 4608 3567 4673 quibus
3605 4625 3731 4661 sus-

2146 4710 2357 4766 ceptam
2404 4696 2543 4749 hanc
2584 4694 3085 4765 peregrinationem
3130 4706 3179 4750 et
3210 4697 3310 4765 ipsi
3340 4701 3603 4767 putabant
3632 4743 3645 4764 ,
3678 4713 3731 4754 ιιι

2146 4800 2244 4839 vos
2304 4793 2490 4853 aperte
2557 4784 2852 4840 dicebatis.
2892 4783 3078 4855 Itaque
3111 4787 3188 4840 illi
3218 4804 3445 4843 suorum
3509 4800 3721 4845 tantum

2146 4875 2538 4946 imaginatione
2589 4876 2856 4931 malorum
2905 4876 3205 4948 lugebunt,
3238 4894 3446 4948 nosque
3473 4880 3730 4949 cjulando

2146 4968 2506 5035 invocabunt,
2559 4980 2953 5040 sperantesque
3002 4988 3100 5026 nos
3135 4972 3322 5040 hodie,
3366 4985 3729 5038 τηεμ-ωηα-

2144 5077 2257 5128 ros,
2310 5064 2638 5117 recreabunt
2689 5063 2908 5117 animos
2959 5079 3114 5120 suos.
3151 5063 3367 5119 Utinam
3404 5082 3534 5121 vero
3562 5077 3712 5121 ante-

2143 5171 2306 5223 quam
2370 5156 2475 5208 illis
2524 5155 2639 5208 bmc
2690 5154 2946 5208 eveniant
2972 5198 2987 5221 ,
3026 5158 3330 5210 moriuntur
3365 5175 3462 5213 nos
3489 5176 3681 5215 munus
3713 5182 3726 5225 ;

2144 5244 2514 5300 miserabilius
2543 5248 2688 5300 enim
2717 5288 2731 5313 ,
2768 5259 2863 5301 aut
2902 5252 3129 5303 omnino
3156 5252 3393 5320 turpius,
3433 5250 3652 5322 Deoque
3676 5268 3725 5308 et

2144 5338 2461 5393 hominibus
2522 5342 2902 5396 detestabilius
2964 5344 3100 5396 nihil
3155 5346 3256 5398 crit
3304 5348 3483 5410 nobis,
3523 5349 3566 5400 si
3611 5348 3725 5398 hu-c

2143 5427 2263 5481 illos
2315 5432 2425 5499 pati
2479 5430 2785 5507 contingat.
2873 5432 3139 5487 Caetermn
3216 5453 3315 5488 nos
3364 5448 3417 5490 ct
3457 5453 3554 5504 pro
3603 5439 3727 5491 aliis

2140 5521 2470 5577 Christianis
2516 5539 2704 5577 curam
2753 5528 3035 5594 suscipere
3070 5543 3083 5578 :
3155 5536 3209 5579 ct
3259 5543 3379 5594 qua:
3414 5528 3489 5581 illi
3524 5528 3625 5581 sibi
3660 5536 3726 5581 tt-

2144 5623 2313 5677 mcnt,
2367 5631 2465 5666 nos
2523 5624 2578 5667 ct
2633 5630 2731 5682 pro
2776 5615 2914 5678 illis,
2954 5626 3007 5667 et
3038 5617 3266 5682 teliquis
3290 5617 3642 5700 Christianis,
3672 5629 3725 5673 ct

2143 5709 2304 5761 nobis
2362 5709 2496 5777 ipsis
2557 5709 2801 5778 cogitare
2852 5717 3089 5775 oportet.
3122 5706 3357 5763 Necesse
3392 5712 3538 5766 enim
3568 5713 3728 5779 plane
3813 5703 3824 5716 ’

2141 5816 2218 5853 est
2268 5801 2378 5841 ἰιντ·
2418 5800 2604 5851 cadum
2642 5799 2895 5853 cvcniw'
2952 5796 3131 5829 """"'
3158 5797 3535 5857 habitantibus
3567 5803 3725 5861 Cit“-
