4170 6294
414 314 532 383 ιοι

1512 326 2011 387 ADHORTATIO
2045 320 2144 391 AD
2180 331 2573 394 SYNODUM.

3554 330 3663 395 402

425 435 731 517 πράττεινῆ
753 437 826 505 μὴ
852 452 883 488 σ
903 436 1293 506 ιμϐησομένας,
1317 440 1407 492 καὶ
1428 436 1582 501 αὖθις
1607 443 1669 495 ὲκ
1691 442 1785 495 τοῦ
1819 459 1991 510 προσ-

2108 447 2318 516 ςοιῑιιιιι.
2376 455 2466 500 aut
2504 460 2613 500 non
2665 444 3009 510 conficiatur,
3062 453 3114 499 et
3169 444 3211 499 si
3253 443 3527 504 uitiantur,
3579 454 3670 498 aut

422 526 662 595 ήκασθαι
694 526 943 590 Λατίνοις
973 528 1007 596 ἦ
1071 529 1166 598 μὴ,
1197 530 1298 582 οὐκ
1323 530 1432 582 ἔδει
1456 530 1640 599 λέγειν
1669 533 1823 601 ἡμῖν,
1853 531 1991 602 πρὸς

421 617 484 669 τὸ
522 614 731 667 πείθειν
759 615 853 683 τῆς
877 614 1123 681 ἀνάγκης
1153 617 1450 686 ἀρκούσης.

506 705 711 759 Ὁπόσα
766 704 821 758 δὲ
868 704 1182 773 λογίζεσθαι
1225 707 1333 776 χρὴ
1385 707 1522 775 πρὸς
1563 707 1662 777 τὴν
1711 709 1992 779 παροῦσαν

426 796 694 864 ἀνάγκην,
724 795 885 857 αὐτὸς
933 796 1029 864 μὲν
1065 798 1305 865 μετρίως
1337 798 1545 851 τούτων
1574 798 1821 868 ἡψάμην,
1864 798 1992 867 ὑμῖν

426 891 483 942 δὲ
515 887 678 940 ίκανὰ
709 886 927 949 πάντως
968 887 1151 939 λαϐεῖν
1192 889 1283 939 ἐπὶ
1318 887 1445 941 νοῦν
1476 889 1566 941 καὶ
1610 889 1989 955 ἄναπολῆσαιο

430 978 626 1048 μᾶλλον
656 977 712 1030 δδ
746 977 924 1032 πάντα
952 968 1139 1043 σαφῶς
1169 978 1372 1031 οὑτωσὶ
1403 979 1495 1032 καὶ
1519 978 1704 1049 σχεδὸν
1731 977 1989 1048 ὁρώμενα

428 1075 743 1143 πρόκειται,
772 1072 944 1142 ταύτῃ
988 1072 1148 1141 μόνον
1176 1071 1238 1124 οὗ
1272 1072 1572 1142 φαινόμενα
1603 1071 1886 1141 καθαρῶς,
1907 1071 1992 1123 ὅτι

425 1164 650 1217 δύναταί
669 1180 754 1227 τις
784 1160 1237 1231 ἐπισκοτούμενος
1270 1162 1388 1229 ἰδίῳ
1416 1162 1581 1216 πάθει
1612 1162 1717 1214 τινὶ
1754 1160 1895 1231 μηδὲ
1922 1158 1994 1212 τὰ

427 1252 785 1322 φανερώτατα
830 1251 1013 1312 καλῶς
1041 1252 1294 1320 συνορᾷν.
1323 1252 1433 1303 Καὶ
1461 1253 1600 1321 πρὸς
1643 1250 1877 1311 τούτοις.
1909 1250 1990 1302 δτι

433 1344 569 1413 μήτε
593 1343 668 1412 νῷ
700 1343 837 1412 μήτε
865 1341 1008 1409 λόγῳ
1033 1341 1349 1410 περιλαϐεῖν
1381 1342 1498 1393 ἐστι
1533 1341 1782 1405 δυνατὸν,
1816 1339 1993 1391 ὁπόσα

429 1433 662 1502 πάρεστι
692 1432 791 1500 μὲν
814 1432 901 1497 ἐφ’
930 1431 1165 1498 ἑκάτερα
1197 1431 1292 1484 καὶ
1320 1430 1499 1498 φαῦλα
1524 1430 1618 1483 καὶ
1644 1430 1843 1497 ἀγαθὰ,
1869 1430 1996 1499 μέλ-

425 1524 510 1576 λει
535 1524 591 1576 δὲ
625 1522 835 1590 θάτερα
862 1520 918 1585 ἐξ
952 1522 1197 1589 ἀνάγκης
1244 1521 1589 1591 συμϐαίνειν.
1627 1520 1995 1591 Συμδουλεύω

355 1640 357 1642 -
428 1614 493 1680 δὴ
526 1614 618 1665 καὶ
640 1612 834 1678 δέομαι
861 1612 1077 1665 πάντων
1108 1612 1283 1680 ὑμῶν,
1304 1614 1494 1680 πρῶτα
1526 1613 1625 1682 μὲν
1653 1615 1752 1679 τῆς
1782 1614 1993 1683 χρείας,

429 1704 622 1756 ἔπειτα
652 1701 749 1755 τοῦ
779 1702 1101 1770 πρέποντος,
1122 1702 1256 1770 πρὶς
1285 1703 1343 1756 δὲ
1359 1703 1569 1766 τούτοις
1589 1705 1693 1774 τῆς
1719 1704 1988 1773 ἀνάγκης,

2097 553 2205 591 non
2264 538 2517 591 uniamur
2571 551 2697 590 cum
2735 535 2964 602 Latinis,
3018 536 3288 605 agendum
3345 534 3503 590 nobis
3556 549 3666 587 non

2092 638 2258 693 esset,
2295 644 2417 683 cum
2448 628 2518 683 sit
2550 629 2684 683 satis
2731 627 2795 680 ad
2860 626 3296 696 persuadendum
3346 624 3666 680 necessitas.

2164 721 2231 775 Et
2257 734 2356 788 ego
2388 718 2605 787 quidem
2638 716 2829 780 leviter
2851 715 2999 784 attigi
3030 728 3371 783 quau-imque
3426 714 3491 767 ad
3524 729 3666 782 prae-

2092 820 2297 864 sentem
2329 807 2712 863 necessitatem
2745 807 2985 874 cogitare
3013 814 3245 876 Oportet.
3282 803 3448 858 Vobis
3481 816 3659 858 ιιιιιειιι

2091 900 2222 954 satis
2263 900 2376 956 hanc
2407 909 2563 954 erunt
2590 900 2656 952 ad
2689 897 3031 951 excitandum
3072 896 3338 959 animum,
3368 903 3430 950 ut
3459 910 3519 947 ea
3550 895 3675 947 dili-

2095 995 2281 1055 genter
2305 986 2624 1054 expendatis
2648 1001 2663 1050 ;
2698 1000 2821 1040 eum
2850 984 3092 1052 profecto
3123 984 3298 1053 palam
3325 982 3507 1037 omnia
3565 998 3663 1035 no-

2091 1077 2221 1131 stris
2277 1076 2389 1131 fere
2441 1077 2614 1132 oculis
2659 1092 2778 1131 sese
2809 1074 3060 1139 oﬂ’erant,
3086 1089 3148 1129 ea
3193 1083 3402 1128 tantum
3462 1072 3671 1126 ratione

2093 1184 2197 1223 non
2230 1180 2414 1239 aperte
2444 1168 2780 1237 apparentia,
2832 1166 2973 1233 quod
3011 1165 3247 1220 tenebris
3297 1165 3529 1233 prOpriae
3573 1180 3670 1217 cu—

2089 1260 2302 1330 jusdam
2333 1259 2640 1315 aﬂectionis
2670 1258 2999 1328 pnepeditus
3053 1257 3321 1327 quispiam
3358 1266 3535 1323 potest
3582 1256 3663 1309 vel

2095 1350 2535 1403 manifestissima
2570 1362 2677 1401 non
2730 1346 3083 1416 perspicere:
3122 1355 3177 1400 et
3226 1357 3489 1415 prteterea
3537 1345 3665 1412 quia

2096 1457 2195 1497 nec
2241 1449 2417 1495 mente
2440 1455 2536 1495 nec
2568 1455 2817 1493 sermone
2845 1448 3023 1509 potest
3043 1440 3163 1509 quis
3212 1440 3672 1509 comprehendere

2095 1538 2228 1600 quot
2275 1532 2414 1585 bona
2471 1540 2711 1599 quotque
2762 1531 2901 1584 mala
2967 1531 3094 1585 hinc
3147 1529 3273 1585 inde
3332 1540 3673 1599 sequantur,

2095 1631 2149 1673 et
2184 1635 2407 1675 necesse
2459 1629 2540 1672 est
2573 1630 2631 1671 ut
2686 1618 2938 1672 eveniant
2970 1618 3163 1671 altera.
3199 1617 3499 1672 Consilium
3538 1632 3668 1682 ergo

2095 1710 2187 1774 do,
2214 1726 2451 1781 rogoque
2480 1725 2577 1764 vos
2598 1726 2789 1764 omnes
2824 1718 2881 1762 ιιι
2917 1709 3255 1777 indigenum,
3285 1718 3341 1763 et
3371 1708 3667 1767 honestati.

429 1796 525 1847 ἐπὶ
576 1796 708 1849 πᾶσι
736 1794 792 1847 δὲ
820 1794 915 1846 καὶ
952 1793 1049 1862 τῆς
1099 1795 1377 1863 ἡμετέρας
1424 1794 1739 1863 προθέσεως
1768 1794 1996 1862 γενομέ-

2108 1817 2311 1855 necnon
2388 1802 2725 1867 necessitati,
2785 1802 2969 1856 adhmc
3050 1809 3105 1855 et
3152 1800 3429 1869 proposito
3484 1811 3673 1854 nostro

429 1904 576 1951 νους,
635 1886 750 1955 ἄμα
808 1885 1221 1954 ἀθροισθέντας,
1271 1885 1449 1953 λόγων
1502 1886 1604 1950 μὲν
1657 1885 1999 1950 παύσασθαι,

433 1978 675 2047 ἅψασθαι
699 1978 754 2029 δὲ
775 1976 952 2047 ἔργων
970 1992 987 2008 ο
1021 1974 1079 2029 ἓν
1109 1977 1199 2030 διὰ
1223 1977 1439 2030 πάντων
1469 1976 1830 2041 σκοποῦντας,
1848 1978 1999 2041 ὅπως

433 2069 528 2122 καὶ
559 2067 794 2139 πατρίδα
824 2066 919 2119 καὶ
949 2065 1098 2129 ἔθνος
1132 2067 1229 2120 καὶ
1259 2066 1384 2136 ἱερὰ
1426 2069 1519 2120 καὶ
1547 2068 1753 2133 τάφους
1782 2068 1872 2119 καὶ
1913 2066 1999 2117 ἀεὶ

436 2161 557 2231 μὲν,
606 2158 701 2211 νῦν
750 2158 807 2210 δὲ
844 2159 1081 2227 μάλιστα
1125 2157 1559 2227 διασωζώμεθα·
1598 2158 1690 2212 καὶ
1735 2158 2002 2221 Λατίνους

436 2254 536 2320 μέν
568 2268 710 2319 φημι
733 2251 842 2302 δεῖν
875 2248 1277 2320 προσδέξασθαί
1312 2266 1371 2301 τε
1404 2250 1494 2301 καὶ
1517 2251 1818 2311 κοινωνεῖν,
1846 2249 2002 2301 οὐδὲν

436 2342 859 2412 ἁμαρτάνοντας
907 2341 964 2393 ὲν
1012 2342 1079 2411 τῇ
1122 2340 1326 2403 πίστει,
1360 2340 1518 2409 εἴπερ
1551 2340 1674 2409 μηδ’
1705 2341 1754 2392 οῖ
1792 2340 1887 2409 τῆς
1915 2341 2006 2391 πί-

437 2455 610 2500 στεως
643 2439 777 2506 ἡμῖν
819 2436 1084 2505 ἡγεμόνες
1154 2434 1538 2504 γεγενημένοι,
1572 2436 1666 2488 καὶ
1699 2434 1760 2487 τὸ
1792 2435 2004 2495 τούτοις

438 2528 756 2597 ἑμπνεῦσαν
796 2527 1042 2596 Πνεῦμα,
1089 2526 1440 2597 ἡμάρτανον·
1470 2526 1562 2578 καὶ
1611 2524 1690 2579 ἔτι
1746 2525 1814 2577 τὰ
1864 2524 2004 2577 αὐτὰ

441 2621 663 2690 φρονεῖν
716 2620 845 2688 ἡμῖν
897 2617 1180 2685 λέγοντας,
1225 2616 1316 2669 καὶ
1366 2615 1503 2685 πρὸς
1544 2615 1754 2678 τούτοις
1787 2615 2005 2669 διαλάτο

439 2729 629 2772 τοντας
659 2709 909 2776 ἀλλήλοις
956 2709 1081 2771 τοῦς
1115 2707 1495 2771 διδασκάλους,
1520 2706 1614 2770 οὓς
1644 2708 1709 2758 ἐκ
1738 2708 1837 2775 τῆς
1868 2709 2006 2775 ἡμε-

440 2805 604 2869 τέρας
643 2800 951 2867 ἀντιλογίας
1002 2798 1490 2868 ἐκπεπολεμῶσθαι
1536 2799 1735 2869 μᾶλλον
1768 2799 2005 2869 συμϐαί-

440 2908 556 2946 νει⁶
586 2891 614 2942 ὁ
646 2892 739 2943 καὶ
771 2890 928 2958 ὑμεῖς
961 2888 1074 2941 ἴστε
1113 2888 1314 2949 καλῶς,
1367 2888 1522 2957 κάγὼ
1569 2890 1729 2943 πᾶσι)
1778 2888 1997 2957 ἕτοιμός

440 2985 556 3053 είμι
591 2983 749 3037 τοῦτο
797 2981 954 3048 δῆλον
1010 2980 1186 3032 ποιεῖν
1219 2979 1417 3033 ὁπόταν
1459 2979 1751 3048 κελεύσητε
1775 2995 1790 3009 ·
1823 2980 1912 3032 ἐπὶ
1951 2980 2008 3035 δὲ

442 3079 610 3129 πᾶσιν
669 3072 968 3142 ἁναθέματι
1028 3071 1544 3134 καθυποὸάλλοντας
1604 3070 1745 3141 άπερ
1811 3071 2008 3132 αὐτοὺς

442 3167 769 3237 ἐνομίζομεν
793 3138 857 3217 ὲκ
894 3163 992 3231 τῆς
1019 3162 1178 3230 δόξης
1208 3161 1416 3231 ταύτης
1451 3138 1732 3231 ὁμολογεῖν
1758 3179 1771 3191 ·
1803 3163 1895 3215 καὶ
1935 3163 2008 3232 μὴ
2032 3138 2078 3202 C

447 3259 607 3328 μόνον
644 3253 802 3308 τοῦτο
831 3252 1144 3313 ποιοῦντας,
1176 3252 1311 3304 ἀλλὰ
1356 3252 1451 3304 καὶ
1496 3250 1814 3313 δεικνύντας
1861 3251 2009 3311 ὅπως

444 3352 626 3403 ἐκεῖνα
653 3350 718 3418 τῇ
749 3347 876 3417 δόξῃ
910 3344 1062 3413 σφῶν
1089 3343 1286 3397 πολλοῦ
1332 3345 1546 3398 δέουσιν
1583 3344 1839 3397 ἕπεσθαι.
1871 3343 2011 3395 Τού-

444 3462 558 3506 τοις
594 3444 693 3514 μὲν
722 3438 816 3495 οῦν
854 3438 1212 3510 προσδεκτέον
1232 3453 1248 3469 ο
1279 3437 1657 3507 ἀναγνωστέον
1690 3437 1745 3489 δὲ
1772 3436 1833 3490 τὸ
1864 3436 2011 3504 Σύμ-

448 3536 603 3589 ϐολον
633 3534 924 3603 καθώσπερ
949 3533 1220 3602 εἰώθαμεν
1241 3547 1254 3563 ⁸
1271 3530 1427 3584 τοῦτο
1450 3531 1556 3599 γὰρ
1579 3531 1726 3582 δοκεῖ
1757 3530 1852 3582 καὶ
1877 3528 2013 3596 πρὸς

446 3628 572 3689 τοὺς
599 3626 757 3695 ὅρους
782 3625 993 3694 ἀρκεῖν,
1030 3622 1125 3687 οὓς
1153 3637 1333 3691 φαμεν
1377 3620 1630 3684 δεδιέναι,
1656 3620 1751 3672 καὶ
1789 3619 1925 3688 πρὸς
1956 3618 2019 3671 τὸ

452 3718 586 3770 πᾶσι
616 3717 729 3777 τοῖς
756 3714 859 3766 ὑπὸ
888 3716 987 3781 τὴν
1034 3712 1309 3782 ἡμετέραν
1351 3709 1681 3779 Ἐκκλησίαν
1713 3708 1891 3760 ἔθνεσι
1915 3707 2016 3776 τὴν

452 3808 679 3878 εἰρήνην
709 3804 914 3874 ταύτην
967 3804 1184 3871 ἀρέσαι,
1213 3801 1531 3872 συμφέρειν.
1577 3800 1721 3867 Νῆες
1753 3798 1811 3851 δὲ
1844 3815 2017 3866 παρα-

456 3895 908 3959 σκευαζέσθωσαν
954 3894 1148 3946 ὁπόσαι
1178 3891 1438 3945 δυναταί·
1485 3889 1688 3959 μεταξὺ
1740 3889 1797 3942 δὲ
1842 3888 2021 3940 ὁπόσα

454 3990 554 4049 δεῖ,
591 3986 869 4040 διαθέσθαι
899 3984 1025 4056 περί
1066 4001 1125 4037 τε
1162 3982 1415 4053 βοηθείας
1449 3984 1548 4051 τῆς
1577 3983 1656 4046 εἰς
1694 3983 1754 4035 τὸ
1800 3980 2020 4049 μέλλον,

452 4080 553 4132 καὶ
594 4072 945 4147 βεϐαιώσεως
988 4075 1086 4143 τῆς
1127 4075 1373 4145 εἰρήνης,
1394 4074 1487 4127 καί
1514 4092 1678 4127 τινων
1701 4074 1879 4129 ἄλλων
1908 4089 1923 4105 ·
1951 4074 2020 4126 τὰ

457 4164 556 4231 μὲν
585 4160 651 4215 δι’
675 4158 887 4213 ἑαυτῶν
920 4158 1264 4228 πράττοντας
1296 4160 1472 4212 ὁπόσα
1512 4158 1609 4212 νῦν
1638 4159 1836 4225 ἔξεστι,
1870 4158 1937 4211 τὰ
1963 4158 2022 4211 δὲ

454 4252 597 4321 τρισί
652 4267 794 4303 τισιν
881 4249 1136 4315 τέταρσιν
1192 4247 1596 4316 ἐπιτρέψαντας
1628 4246 1909 4316 πράττειν,
1928 4244 2022 4304 οὓς

456 4343 672 4411 ἀνάγκη
728 4339 1057 4391 καταλιπεῖν
1109 4339 1167 4388 ὲν
1201 4339 1268 4406 τῇ
1319 4338 1568 4407 παρούσῃ
1620 4337 1845 4404 συνόδῳ,
1894 4335 2021 4395 τοὺς

2099 1908 2321 1961 operam
2367 1904 2633 1948 navantes
2695 1890 3053 1955 convcrﬁatis,
3096 1902 3146 1945 et
3189 1890 3513 1961 posthabitis
3554 1906 3676 1944 ser-

2099 1984 2353 2038 monibus
2411 1997 2548 2052 opus
2627 1984 2801 2051 ipsum
2892 1982 3323 2054 aggrediamini,
3386 1980 3537 2034 illum
3619 1981 3671 2031 in

2101 2070 2350 2125 omnibus
2379 2071 2536 2126 tinem
2572 2072 2725 2126 vobis
2772 2080 3089 2134 statuentes,
3125 2080 3184 2124 ut
3232 2079 3285 2124 et
3324 2070 3580 2136 patriam,
3614 2077 3671 2120 et

2102 2172 2337 2232 gentem,
2367 2172 2417 2217 et
2449 2178 2628 2227 sacra,
2660 2172 2714 2218 et
2739 2146 2984 2234 sepulcra
3014 2177 3230 2232 semper
3251 2160 3493 2229 quidem,
3530 2174 3673 2212 nunc

2101 2270 2232 2309 vero
2268 2256 2614 2323 potissimum
2650 2265 2898 2309 tueamur
2934 2272 2947 2306 :
2978 2264 3026 2308 et
3073 2253 3294 2308 Latinos
3331 2250 3551 2321 quidem
3588 2251 3675 2302 aio

2103 2346 2480 2413 suscipiendos
2530 2362 2672 2411 esse,
2722 2354 2776 2399 et
2825 2344 3255 2414 amplectendam
3292 2358 3481 2397 corum
3520 2358 3675 2397 com-

2105 2437 2595 2496 munionem.-cum
2640 2437 2770 2490 nihil
2813 2448 2997 2490 errent
3046 2438 3096 2489 in
3137 2437 3278 2490 fide:
3333 2436 3379 2488 si
3428 2450 3525 2489 nec
3550 2433 3674 2487 ﬁdei

2105 2538 2307 2583 nostrae
2342 2529 2536 2594 duces,
2568 2538 2620 2583 et
2651 2532 2765 2599 ipse
2788 2529 3050 2599 Spiritus,
3084 2543 3191 2594 quo
3220 2527 3294 2580 illi
3329 2534 3455 2580 sunt
3488 2524 3673 2589 afﬂati,

2104 2628 2401 2685 errarunt,
2437 2619 2690 2688 quodque
2737 2634 2795 2673 se
2855 2614 3122 2671 aﬂirment
3156 2616 3299 2669 idem
3353 2624 3517 2683 atque
3574 2627 3678 2666 nos

2106 2708 2332 2771 sentire,
2390 2716 2444 2761 et
2474 2709 2727 2762 doctores
2758 2709 2821 2760 ad
2862 2708 2973 2760 lucc
3015 2707 3155 2758 inter
3182 2720 3302 2758 sese
3349 2702 3669 2762 concilient.

2105 2811 2246 2863 quos
2279 2811 2341 2849 ex
2375 2806 2561 2850 nostra
2613 2798 2860 2865 opposita
2889 2794 3157 2849 sententia
3190 2794 3456 2861 contingit
3493 2795 3678 2862 potius

2108 2887 2256 2957 loqui
2287 2891 2615 2958 pugnantia;
2652 2888 2794 2956 quod
2823 2897 2875 2939 et
2908 2902 3002 2940 vos
3029 2887 3231 2954 Optime
3256 2885 3432 2945 scitis,
3486 2894 3534 2937 et
3578 2899 3680 2951 ego

2108 2989 2329 3049 paratus
2356 2995 2474 3033 sum
2500 2979 2754 3033 omnibus
2786 2979 2956 3047 palam
2993 2979 3188 3038 lacere.
3216 2977 3628 3047 cnmjnsscritis
3656 2989 3674 3028 :

2114 3071 2408 3141 praesertim
2438 3086 2565 3123 vero
2608 3070 2755 3139 quod
2783 3070 3110 3123 anathemati
3138 3069 3393 3129 subdant,
3425 3082 3546 3134 qum
3574 3066 3684 3119 illis

2111 3176 2174 3215 ex
2208 3160 2309 3213 hac
2337 3159 2605 3214 sententia
2654 3174 2753 3212 nos
2802 3158 3181 3212 tribuebamns
3217 3175 3232 3210 :
3272 3171 3371 3209 nec
3404 3155 3453 3208 id
3503 3156 3680 3209 solum

2112 3259 2294 3318 agant,
2336 3253 2428 3303 sed
2456 3249 2619 3301 etiam
2663 3249 2980 3312 ostendant,
3019 3264 3082 3303 ea
3138 3262 3200 3302 ex
3234 3262 3332 3300 sua
3390 3248 3683 3307 sententia,

2113 3341 2423 3410 quippe’ut
2473 3338 2721 3391 multum-
2762 3318 3043 3403 distantia,
3102 3318 3443 3406 nequaquam
3502 3337 3681 3402 sequi.

2116 3432 2225 3487 Hos
2264 3432 2432 3502 igitur
2456 3434 2576 3486 dico
2606 3445 2725 3485 esse
2748 3431 3146 3499 suscipiendos,
3191 3428 3512 3498 Symbotum
3552 3442 3684 3481 vero

2115 3525 2473 3582 recitandum.
2522 3532 2581 3577 ut
2630 3523 3075 3577 consuevimus:
3110 3522 3211 3574 hoc
3270 3521 3414 3573 enim
3467 3529 3577 3572 tum
3617 3521 3683 3571 ad

2116 3616 2332 3670 decreta
2376 3615 2510 3669 satis
2552 3627 2672 3668 esse
2720 3613 2953 3673 videtur,
2997 3628 3119 3682 quae
3168 3625 3266 3664 nos
3305 3611 3686 3675 pertimescere

2116 3704 2390 3767 dicimus;
2432 3711 2547 3756 tum
2599 3701 2907 3755 conducere
2944 3702 3009 3753 ad
3061 3698 3426 3760 ctﬁciendnm,
3478 3707 3537 3751 ut
3582 3713 3688 3766 pax

2116 3798 2219 3852 ista
2254 3797 2461 3865 placeat
2509 3795 2717 3850 cunctis
2773 3792 3119 3855 nationibus,
3158 3805 3285 3861 quae
3310 3800 3509 3845 nostras
3551 3790 3685 3844 sul)-

2120 3900 2248 3945 sunt
2274 3890 2549 3945 Ecclesim.
2604 3889 2782 3943 Naves
2829 3896 3011 3941 autem
3052 3894 3310 3957 parentur
3333 3899 3405 3938 eo
3434 3899 3545 3953 quo
3573 3882 3686 3936 ﬁeri

2123 3983 2322 4052 poterit
2351 3996 2599 4035 numero.
2664 3979 2888 4034 Interim
2922 3993 3047 4046 quae
3072 3988 3198 4031 sunt
3222 3990 3373 4044 opus.
3392 3975 3692 4043 disponan—

2123 4083 2230 4135 tur,
2266 4082 2382 4127 tum
2431 4086 2554 4139 qua:
2603 4072 2809 4127 iaciunt
2862 4070 2929 4124 ad
2980 4070 3260 4123 ferendum
3305 4067 3363 4121 in
3415 4075 3691 4135 posterum

2124 4164 2410 4226 auxilium,
2469 4164 2580 4215 tum
2624 4176 2745 4231 qua:
2788 4160 2855 4215 ad
2903 4174 3093 4227 pacem
3144 4157 3593 4220 conﬁrmandam,
3637 4163 3693 4208 et

2122 4259 2370 4325 quaedam
2408 4254 2514 4308 alia
2545 4270 2561 4307 :
2597 4267 2718 4321 qua:
2743 4251 2939 4322 partim
2975 4266 3073 4319 per
3110 4265 3212 4304 nos
3254 4250 3409 4318 ipsos
3438 4262 3691 4317 aganms.

2124 4345 2382 4400 nimirum
2421 4358 2545 4413 qua
2590 4351 2790 4396 nostra:
2825 4355 2972 4395 nunc
3021 4340 3295 4394 facultatis
3331 4350 3531 4402 erunt;
3565 4352 3691 4406 par-

458 4433 565 4485 τῶν
590 4433 761 4485 ἄλλων
791 4428 1104 4499 βελτίστους
1143 4444 1203 4480 τε
1248 4429 1347 4481 καὶ
1379 4427 1745 4495 σοφωτάτους.
1772 4424 1903 4479 Εἶτα
1930 4426 2013 4478 καῖ

2128 4433 2221 4486 tim
2251 4432 2457 4503 agenda
2487 4431 2662 4484 tribus
2686 4439 2991 4498 quatuorve
3013 4428 3440 4489 committamus,
3471 4442 3610 4495 quos
3637 4427 3692 4479 in

458 4522 612 4574 αὐτοὶ
640 4521 879 4588 ἔλθωμεν
923 4518 1005 4580 είς
1052 4517 1330 4577 Βενετίας.
1365 4518 1524 4569 κάκεῖ
1553 4517 1730 4568 πάντα
1760 4517 2021 4582 ποιήσαν-

461 4628 552 4671 τες
601 4608 772 4660 ὁπόσα
816 4610 896 4661 δεῖ
947 4609 1044 4661 καὶ
1093 4605 1381 4674 συμφέρει,
1426 4605 1554 4658 εὐθὺ
1590 4606 1687 4670 τῆς
1747 4604 2024 4673 ἡμετέρας

468 4700 637 4767 ῖωμεν
682 4698 908 4763 πόλεως,
957 4698 1076 4766 ἅμα
1116 4714 1177 4749 τε
1225 4697 1594 4766 επανήκοντες
1621 4697 1717 4747 καὶ
1746 4697 2024 4764 σύμμαχοι

465 4791 690 4859 ἥκοντες
717 4790 766 4841 οῖ
792 4789 963 4842 αὐτοί.
993 4789 1181 4843 Ταῦτα
1205 4789 1261 4843 δὲ
1286 4788 1465 4841 πάντα
1494 4787 1575 4840 δεῖ
1600 4788 1859 4856 πράττειν
1890 4788 2028 4855 μετὰ

462 4880 561 4949 τῆς
590 4880 918 4949 γιγνομένης
952 4882 1008 4934 ὲν
1044 4883 1178 4934 πᾶσι
1212 4880 1472 4948 σπουδῆς.
1498 4878 1788 4948 Δυνάμεθα
1816 4881 1924 4950 γὰρ
1956 4880 2026 4933 τὰ

468 4974 567 5043 μὲν
582 4973 815 5027 ενταῦθα
838 4974 999 5042 μέχρι
1017 4974 1402 5027 πεντεκαίδεκα
1422 4972 1664 5042 ἡμερῶν,
1684 4970 1786 5025 κᾶν
1809 4965 1958 5038 ὦμεν
1977 4973 2027 5025 οῖ

461 5063 813 5127 νωθέστατοι,
830 5080 893 5114 συ
904 5065 1313 5132 μπεράνασθοιι.¹
1329 5063 1549 5116 Τούτων
1570 5063 1627 5114 δὲ
1649 5062 1877 5131 συναριο
1889 5080 1988 5132 μου
2000 5091 2026 5103 ο

461 5153 643 5222 μένων
666 5152 854 5221 μέχρις
902 5152 1039 5205 ὃλων
1081 5154 1512 5223 τεσσαράκοντα,
1542 5155 1635 5207 καὶ
1687 5154 1845 5209 αὐτοὶ
1879 5156 2029 5218 me;

457 5240 600 5297 εἶναι
620 5243 728 5295 τῶν
754 5246 890 5296 νεῶν
916 5243 1328 5314 ὁποσωνδήποτε
1355 5247 1552 5300 οὐσῶν
1583 5240 1658 5301 ὧν
1676 5249 1773 5299 καὶ
1807 5246 2029 5309 πλείους

456 5331 807 5402 δυνησόμεθα
839 5331 982 5383 κατὰ
1036 5332 1127 5384 τὸν
1181 5334 1349 5385 πλοῦν
1394 5335 1865 5405 προσλαμϐάνειν,
1903 5337 2032 5389 πάνυ

410 5446 413 5449 ·
458 5440 572 5475 των
601 5424 731 5491 ἡμῖν
760 5420 883 5476 κατ’
909 5421 1125 5474 εὔνοιαν
1155 5424 1250 5475 καὶ
1284 5425 1392 5477 τῶν
1436 5428 1717 5499 σφετέρων
1753 5429 2031 5498 ἀρχόντων

460 5513 728 5583 ἐπιταγὴν
786 5514 973 5566 εἵνεκα
1022 5515 1122 5584 τῆς
1170 5516 1452 5584 παρούσης
1504 5520 1691 5587 χρείας
1740 5520 2030 5588 προστιθεο

462 5605 661 5672 μένων.
696 5602 927 5676 Εῖρηκαν
950 5606 998 5659 δ’
1035 5607 1163 5678 ἄχρι
1206 5609 1480 5662 τοσούτων
1521 5610 1744 5680 ἡμερῶν
1789 5613 1899 5663 τῶν
1928 5630 2033 5664 πα-

461 5695 595 5760 σῶν,
620 5698 699 5750 ὅτι
732 5698 908 5753 πάντα
940 5699 1054 5770 ἅμα
1085 5701 1168 5754 δεῖ
1207 5704 1302 5758 καὶ
1335 5703 1563 5757 δυνατόν
1601 5704 1718 5756 ἐστι
1760 5704 2030 5772 γίνεσθαι,

2128 4523 2381 4593 praesenti
2440 4522 2650 4592 synodo
2693 4520 2921 4587 relinqui
2958 4532 3181 4572 necesse
3228 4528 3334 4582 est,
3369 4528 3690 4573 eieterorum

2127 4614 2362 4682 Optimos
2405 4626 2471 4665 ac
2505 4610 2881 4666 doctissimos.
2918 4609 3122 4663 Deinde
3163 4607 3403 4662 eundum
3453 4621 3506 4660 et
3536 4606 3694 4660 nobis

2129 4704 2236 4758 erit
2269 4702 2562 4758 Venetias:
2594 4703 2785 4771 ibique
2841 4702 3005 4756 rebus
3069 4699 3391 4768 compositis
3414 4710 3467 4753 ct
3501 4714 3694 4753 neces-

2131 4797 2293 4852 sariis
2320 4806 2373 4852 et
2419 4796 2667 4859 utilibus,
2704 4804 2853 4851 recta
2912 4796 2979 4850 ad
3021 4802 3264 4849 nostram
3296 4794 3485 4847 urbem
3540 4792 3696 4845 navi-

2130 4888 2387 4958 gandum,
2446 4887 2611 4942 simul
2671 4896 2725 4941 et
2785 4885 3160 4949 redeuntibus,
3205 4893 3260 4938 et
3300 4882 3367 4938 ad
3421 4882 3694 4937 ferendam

2132 4996 2288 5057 opem
2343 4980 2531 5035 iisdem
2580 4980 2861 5034 euntibus.
2915 4978 3135 5046 Agentis
3195 4989 3359 5044 porro
3400 4981 3532 5027 sunt
3579 4972 3695 5026 luec

2132 5071 2314 5125 omnia
2347 5072 2712 5135 festinatione,
2736 5084 2857 5139 quae
2881 5067 3188 5122 adhibenda
3210 5067 3409 5135 ubique
3432 5074 3538 5120 est.
3563 5064 3697 5119 Pos-

2136 5179 2326 5217 sumus
2380 5164 2527 5217 enim
2593 5176 2715 5229 qua:
2784 5160 2871 5215 hic
2932 5159 3136 5231 agenda
3205 5166 3334 5211 sunt
3392 5156 3696 5215 absolvere,

2134 5254 2382 5321 quamvis
2409 5253 2664 5305 omnium.
2688 5248 3199 5314 simustardissimi,
3229 5248 3438 5301 dierum
3471 5244 3697 5315 quinde-

2135 5346 2236 5401 cim
2254 5346 2430 5412 spatio
2453 5363 2466 5398 :
2494 5344 2557 5398 iis
2578 5358 2707 5396 vero
2730 5340 3120 5402 adnumeratis,
3141 5339 3695 5407 adquadragesimum

2133 5442 2273 5494 diem
2314 5452 2476 5490 naves
2508 5447 2560 5489 et
2604 5435 2701 5503 ipsi
2742 5432 3132 5493 conscendere,
3172 5439 3533 5496 quotcunque
3584 5423 3693 5476 illae

2135 5527 2336 5582 fuerint
2371 5544 2384 5578 :
2423 5525 2623 5593 quibus
2656 5524 2816 5575 etiam
2850 5521 3034 5589 plures
3088 5520 3141 5571 in
3195 5518 3309 5583 ipsa
3356 5511 3697 5579 navigatione

2137 5616 2435 5688 pou-rimus
2482 5625 2783 5673 assumere,
2816 5608 3073 5663 omnibus
3130 5620 3251 5659 sese
3276 5603 3343 5656 ad
3376 5616 3476 5654 nos
3505 5600 3697 5666 adjun-

2138 5705 2405 5775 gentibus,
2435 5711 2547 5757 tum
2568 5696 2964 5760 benevolentia,
2997 5703 3110 5748 tum
3138 5705 3359 5748 suorum
3386 5689 3695 5759 principum
