4170 6294
424 287 535 350 έο5

1577 289 1917 350 OﬂATiOI
1958 288 2442 348 ADSYNODUM
2483 335 2497 350 .

3555 279 3659 341 ιρις

420 394 573 456 θείας
611 393 706 447 καὶ
736 393 829 447 τοῦ
868 393 1034 449 καλοῦ
1066 396 1160 448 καὶ
1192 396 1357 451 πᾶσιν
1407 396 1538 465 ὑμῖν
1588 398 1981 468 συμφέροντος,
2010 408 2056 470 Α

2113 394 2268 448 »ιιιιιία
2334 409 2432 463 pro
2463 391 2685 448 veritate
2718 403 2770 448 ct
2807 396 3061 460 ltonos'o,
3095 406 3272 461 eoque
3323 390 3467 461 quod
3504 390 3661 443 vobis

416 482 449 536 ὁ
477 483 573 536 καὶ
599 484 722 551 ἐμοὶ
758 482 983 547 καὶτοῖς
1012 483 1235 548 οἰκείοις
1272 486 1427 539 ἔσται
1469 487 1770 559 συμφέρον,
1807 490 1985 543 πάντα

2113 484 2340 539 nauibus
2383 483 2513 539 utile
2562 487 2804 538 laturum
2864 486 2963 551 sit,
3007 492 3061 540 et
3094 482 3226 537 mihi
3282 496 3347 536 ac
3391 482 3572 536 meis:
3608 491 3662 535 et

417 575 486 628 ἂν
533 573 875 642 ὑποστῆναι·
907 576 999 629 καὶ
1057 577 1140 631 ἔτι
1208 578 1346 648 πρὸς
1401 581 1583 633 πᾶσαν
1642 580 1813 651 τύχην
1864 582 2003 648 ἐμοὶ

422 663 659 728 νομίζων
710 666 903 735 ἀρκεῖν
961 667 1022 719 τὸ
1082 668 1159 739 μὴ
1199 669 1405 739 κρύψαι
1452 670 1523 725 τά
1579 674 1990 743 παριστάμενα.

435 754 625 825 Ὑμεῖς
666 755 723 809 δὲ
769 755 984 810 ἕλοισθε
1007 761 1078 813 τά
1106 761 1442 835 συνοίσοντα,
1467 762 1668 825 πάντες
1713 762 1813 832 μὲν
1858 762 1993 819 Θεὸν

425 848 665 916 ἡγεμόνα
697 850 790 901 καὶ
823 848 1021 919 βουλῆς
1059 853 1156 905 καὶ
1192 852 1351 920 λόγου
1393 854 1486 907 καὶ
1532 853 1695 928 ἔργου
1738 856 1989 927 παραλαο

426 937 647 1001 εόντεςο
679 941 727 991 εί
766 939 825 993 δέ
857 942 941 1005 τίς
987 943 1135 997 ἐστιν
1159 944 1187 996 ό
1223 944 1293 998 τά
1334 946 1504 1016 χείρω
1535 946 1706 1001 θέλων
1743 951 1989 1016 κρατεῖν,

426 1028 476 1080 ei
530 1029 754 1093 πλείους
804 1047 863 1083 τε
926 1032 1023 1085 καὶ
1079 1033 1378 1104 σοφώτεροι
1434 1040 1530 1091 καὶ
1581 1038 1705 1091 νοῦν
1753 1041 1993 1110 μάλιστα

428 1116 1029 1190 ξχοντες,⁶πράττοντες
1076 1125 1145 1176 τά
1188 1124 1402 1192 βελτίω.
1436 1122 1604 1193 Οὗτος
1632 1131 1751 1201 γὰρ,
1770 1114 1991 1186 συνόδου

430 1208 527 1263 καὶ
551 1210 826 1275 πολιτείας
857 1213 1073 1285 ἀπάσης
1098 1218 1193 1271 καὶ
1215 1219 1477 1288 συλλόγου
1504 1222 1708 1286 παντὸς
1732 1226 1828 1278 καὶ
1856 1225 1993 1289 ὅλως

428 1294 738 1369 ἀνθρώπων
771 1303 979 1373 πέφυκε
1004 1307 1188 1378 νόμος.
1796 1292 1799 1293 ν

2090 583 2348 644 praeterea
2396 573 2737 642 exisrimans,
2791 575 2923 631 satis
2973 574 3104 633 mibi
3156 585 3280 630 esse
3317 572 3384 627 ad
3414 572 3665 642 quamvis

2092 662 2391 741 fortunam,
2438 663 2581 731 quod
2634 680 2759 733 quae
2793 664 2922 719 mibi
2964 664 3307 731 videbantur,
3343 677 3452 717 non
3492 664 3666 718 subti-

2093 752 2323 808 cuerim.
2350 751 2459 807 Vos
2482 762 2666 808 autem
2713 754 2894 823 eligite
2923 769 3044 824 qua:
3078 755 3137 809 in
3166 769 3281 809 rem
3311 762 3458 814 sunt,
3481 751 3664 806 omni-

2096 841 2201 897 bus
2249 842 2463 912 quidem
2515 841 2625 898 Deo
2657 852 2709 899 et
2745 845 2959 899 consilii
3004 854 3059 898 et
3091 844 3360 900 sermonis
3387 848 3442 897 et
3486 841 3667 911 operis

2099 932 2237 987 duce
2259 933 2560 1002 proposito.
2598 932 2655 988 Si
2688 935 2813 1004 quis
2836 948 2965 989 vero
2994 943 3098 998 est,
3127 931 3223 1003 qui
3249 932 3377 987 velit
3397 931 3666 987 deteriora

2101 1023 2415 1092 praevalere,
2448 1024 2630 1093 plures
2660 1034 2714 1079 et
2745 1024 3019 1080 doctiores
3048 1031 3103 1080 et
3127 1023 3410 1094 prudentia
3437 1022 3671 1076 maxime

2101 1123 2421 1183 praestantes
2483 1124 2649 1186 agant
2685 1116 2955 1171 meliora:
2992 1115 3107 1171 lucc
3153 1113 3302 1169 enim
3349 1122 3432 1167 est
3476 1110 3669 1182 synodi

2098 1205 2210 1271 lex,
2269 1215 2324 1262 et
2378 1207 2619 1277 cujusvis
2675 1208 3005 1279 reipublicae,
3035 1215 3089 1262 et
3135 1214 3439 1261 conventus
3467 1203 3667 1269 omnis,

2102 1305 2263 1366 atque
2287 1305 2347 1351 ut
2387 1313 2497 1354 uno
2526 1302 2692 1355 verbo
2720 1300 2920 1361 dicam,
2950 1297 3256 1354 hominum.

449 1446 3608 1489 mm

1223 1555 1452 1643 ΤΟΥ
1533 1556 1913 1646 ΑΥΤΟΥ
1996 1559 2363 1651 ΛΟΓΟΣ
2437 1565 2881 1652 ΠΡΩΤΟΣ

1026 1705 1171 1775 Πρὸς
1207 1705 1306 1776 τήν
1356 1709 1416 1761 ἐν
1460 1707 1771 1779 Φλωρεντίᾳ
1840 1711 2229 1782 οίκουμενικὴν
2303 1712 2523 1766 σύνοδον
2583 1712 2726 1781 ὑπὲρ
2783 1712 3032 1783 εἰρήνης.

633 1811 763 1867 Ὅτι
794 1813 1162 1889 δογματικὴν
1191 1820 1415 1877 ἕνωσιν
1440 1822 1538 1878 δεῖ
1566 1825 1930 1950 ποιεῒνϊοήκ
1966 1828 2054 1949 εέρ

1298 1922 1309 1926 -
1707 1911 1782 1950 κα
1843 1914 1878 1950 τ
1904 1916 1937 1952 c
2019 1912 2056 1950 σ

2113 1829 2682 1952 νἠνίῗίέθιουμενιιιὴν,
2716 1825 2797 1895 ὥς
2834 1844 2997 1895 τινες
3054 1828 3388 1895 βούλονται
3415 1842 3433 1861 ο

2113 1913 2159 1951 ιν
2301 1915 2371 1952 τη

1298 1922 1309 1926 -
1707 1911 1805 1950 και
1843 1911 1937 1963 τις
1987 1911 2159 1951 εστιν
2220 1911 2371 1965 αῦτη

1421 2108 1955 2210 EJUSDEM
2037 2118 2498 2213 ORATIO
2574 2124 2603 2208 ι

1147 2269 1235 2332 Ad
1288 2268 1601 2349 synodum
1668 2268 2122 2332 mcumenicam
2177 2269 2599 2332 Florentinam
2657 2270 2734 2332 de
2781 2287 2958 2350 pace.

738 2388 891 2456 Quod
920 2391 1170 2462 facienda
1192 2393 1264 2449 sit
1285 2395 1412 2449 uitio
1432 2396 1763 2471 dogmaticq,
1791 2404 1847 2448 et
1878 2411 1982 2471 non
2006 2409 2136 2462 pax,
2163 2412 2278 2465 qua:
2300 2400 2555 2471 pruenti
2573 2413 2749 2453 rerum
2785 2399 2950 2455 statui
2980 2399 3049 2454 sit
3086 2403 3389 2471 profutura,

1514 2475 1569 2517 ut
1602 2464 1822 2533 quidam
1853 2465 2054 2529 solum,
2087 2473 2137 2518 et
2166 2464 2406 2535 quanam
2429 2483 2491 2521 ea
2512 2468 2601 2522 sit.

518 2685 859 2754 Παρακαλεῐν
894 2688 993 2756 μὲν
1022 2688 1114 2741 ἐπὶ
1142 2688 1241 2758 τὴν
1271 2688 1497 2759 εἰρήνην
1527 2689 1693 2758 ὑμᾶς,
1718 2690 1819 2745 οὐκ
1842 2687 1943 2744 οἶδ’
1974 2692 2003 2744 ὅ
2038 2697 2056 2752 l

2178 2688 2295 2744 Non
2325 2688 2485 2743 video
2530 2702 2631 2744 cur
2654 2694 2796 2760 opus
2818 2691 2891 2746 sit
2919 2704 3018 2745 vos
3041 2688 3319 2745 adhortari
3369 2690 3434 2745 ad
3469 2704 3681 2758 pacem.

442 2792 496 2828 τι
527 2776 650 2845 χρὴ,
682 2775 895 2830 οίκοθεν
941 2777 1031 2831 tn‘
1074 2777 1245 2847 αὐτὴν
1287 2783 1383 2832 καὶ
1437 2780 1543 2849 πρὸ
1581 2780 1778 2833 πολλοῦ
1833 2798 2014 2851 παρα-

444 2865 834 2933 κεκλημένους,
881 2867 975 2918 καὶ
1016 2867 1084 2919 δι’
1122 2867 1255 2936 ὅσης
1302 2868 1467 2935 ἄγετε
1513 2870 1719 2939 ταύτην
1776 2871 2014 2939 σπουδῆς

445 2952 631 3021 ἔργοις
663 2954 843 3017 αὐτοῖς
872 2954 1296 3025 ιπιδεδειχότας,
1324 2957 1501 3021 ἄλλως
1553 2976 1612 3011 τε
1658 2959 1755 3012 καὶ
1802 2959 2015 3013 πολλῶν

446 3044 588 3114 ὑπὲρ
638 3045 808 3115 αὐτῆς
860 3047 1167 3117 εἰρηκότων
1221 3049 1321 3101 ὅσα
1380 3049 1481 3119 μὲν
1518 3050 1657 3120 αὐτῇ
1709 3051 2015 3104 συνοίδασιν

440 3137 650 3203 ἀγαθὰ,
678 3139 881 3201 ὁπόσας
907 3140 965 3192 δὲ
989 3142 1102 3203 τοῖς
1135 3140 1485 3211 αἱρουμένοις
1517 3139 1627 3195 οἶδε
1672 3141 1880 3195 τίκτειν
1916 3142 2016 3205 τὰς

446 3227 753 3297 ὠφελείας·
781 3230 848 3283 ἂν
876 3229 933 3284 δὲ
971 3230 1038 3284 δι’
1069 3226 1144 3285 ὧν
1185 3231 1253 3285 ἂν
1300 3232 1508 3300 γένοιτο
1560 3231 1766 3300 ταύτης
1811 3235 2013 3302 τυχεῖν,

451 3323 545 3374 καὶ
582 3323 834 3392 ποταπήν
867 3339 991 3376 τινα
1035 3325 1268 3378 συνοίσει
1304 3325 1511 3395 ταύτην
1561 3325 2014 3390 κατασκευάζειν,

451 3414 545 3466 καὶ
573 3414 640 3466 τά
672 3414 902 3467 τοιαῦτα
925 3415 1028 3485 ἤδη
1076 3416 1211 3487 λέγῃ
1234 3432 1317 3480 τις
1346 3416 1610 3482 ἀναστὰς,
1638 3415 1716 3486 τῷ
1746 3415 1924 3486 καιρῷ
1956 3431 2018 3468 τε

456 3503 839 3573 προσήκοντα,
908 3505 1002 3557 καὶ
1054 3504 1185 3571 ὑμῖν
1234 3504 1538 3575 ἀρέσκοντα
1602 3505 1801 3572 λέγειν,
1863 3504 2019 3563 οὗτος

453 3592 679 3655 εἰκότως
724 3594 912 3663 ἔμοιγε
945 3594 1109 3661 δόξει.
1140 3594 1311 3647 Τοῦτο
1334 3596 1533 3662 τοίνυν,
1563 3596 1630 3649 ἂν
1664 3596 1795 3666 ὑμῖν
1893 3596 2017 3665 βου-

455 3684 730 3753 λομένοις,
761 3685 871 3755 ἐγὼ
895 3688 1134 3757 ποιήσω.
1170 3688 1287 3741 Ούκ
1312 3689 1492 3757 ἀγνοῶ
1523 3689 1623 3771 μὲν
1664 3685 1779 3754 οὖν,
1811 3690 1893 3742 ὅτι
1923 3689 2018 3742 καὶ

454 3779 661 3847 ταύτης
692 3780 792 3848 τῆς
835 3779 1151 3839 ὑποθέσεως
1180 3780 1433 3847 ποικίλης
1463 3796 1522 3832 τε
1565 3778 1729 3849 οὔσης
1758 3780 1856 3833 καὶ
1884 3780 2020 3833 πολὺ

457 3870 517 3922 τὺ
549 3870 848 3939 πρόσαντες
874 3870 1240 3940 κεκτημένης,
1265 3869 1480 3940 ἀνάγκη
1513 3870 1607 3924 καὶ
1655 3871 1845 3937 λόγους
1882 3870 2022 3940 ὑπὲρ

457 3957 628 4028 αὐτῆς
662 3952 1066 4027 καταῶηθῆναι
1105 3959 1370 4022 πολλούς’
1411 3959 1503 4013 καί
1557 3976 1705 4021 Ἰἰνας
1759 3960 2025 4014 ἀναστάν-

2113 2795 2237 2837 cum
2278 2796 2374 2851 per
2402 2795 2501 2836 vos
2536 2780 2686 2849 ipsos
2739 2781 3068 2850 jampridem
3114 2780 3235 2836 sitis
3276 2779 3343 2834 ad
3392 2795 3512 2835 eam
3558 2796 3715 2867 ιιι-ο-Δ

2116 2872 2293 2943 pensi,
2327 2880 2382 2927 et
2430 2873 2610 2942 reipsa
2664 2872 3018 2927 ostenderitis
3070 2881 3278 2942 quanto
3333 2871 3454 2940 ejus
3502 2871 3682 2925 studio

2064 3014 2069 3017 .
2116 2963 2412 3019 teneamini
2439 2982 2453 3017 :
2478 2962 2622 3032 quod
2652 2964 2959 3033 prmertim
2996 2962 3149 3017 multi
3180 2963 3248 3017 de
3275 2976 3337 3016 ea
3370 2978 3679 3017 sermonem

2117 3056 2436 3120 habuerint,
2465 3054 2803 3111 declarantes
2836 3054 3034 3125 quibus
3060 3069 3179 3109 eam
3210 3053 3366 3109 bonis
3396 3054 3573 3108 sciant
3607 3051 3685 3106 af-

2115 3146 2306 3213 ﬂuere,
2347 3156 2402 3202 et
2441 3162 2503 3203 se
2535 3148 2995 3215 amplectentibus
3034 3152 3270 3215 quantas
3303 3142 3496 3199 aderat
3525 3142 3677 3198 utili-

2119 3246 2277 3293 tates.
2330 3237 2487 3302 Quod
2533 3237 2581 3292 si
2629 3251 2935 3305 exsurgens
2976 3234 3252 3306 quispiam
3305 3248 3370 3287 ea
3419 3242 3689 3302 proponat

2119 3346 2215 3398 per
2241 3345 2364 3400 quae
2387 3329 2536 3384 illam
2565 3329 2843 3398 possimus
2865 3329 3107 3393 assequi,
3139 3334 3194 3381 et
3220 3324 3527 3396 eujusmodi
3551 3338 3687 3393 pra-

2118 3428 2225 3476 stet
2257 3422 2426 3489 ipsam
2453 3419 2592 3484 ﬁeri,
2624 3428 2690 3473 et,
2712 3420 2764 3474 id
2794 3434 2963 3489 genus
2994 3418 3125 3482 alia,
3158 3418 3205 3472 is
3236 3416 3367 3470 mihi
3395 3416 3519 3485 jure
3542 3414 3686 3468 vide-

2120 3509 2270 3564 bitur
2308 3517 2362 3564 et
2393 3508 2624 3578 tempori
2653 3508 3011 3578 congruentia
3046 3508 3250 3569 dicere,
3282 3514 3339 3559 et
3370 3504 3528 3560 vobis
3556 3518 3687 3561 sane

2121 3600 2411 3671 placitura.
2447 3598 2563 3655 Hoc
2617 3600 2806 3667 igitur,
2861 3599 2907 3653 si
2960 3598 3117 3653 vobis
3173 3596 3385 3651 libitum
3430 3595 3557 3658 erit,
3588 3609 3689 3664 ego

2122 3691 2413 3761 praestabo.
2464 3689 2580 3744 Non
2626 3690 2819 3758 ignoro
2867 3697 3071 3753 autem,
3115 3702 3240 3741 cum
3279 3686 3536 3740 materies
3584 3686 3690 3739 ista

2123 3782 2196 3837 sit
2238 3780 2548 3850 multiplex,
2594 3789 2648 3834 et
2695 3778 3053 3849 quamplures
3088 3777 3287 3833 habeat
3324 3776 3688 3840 dillicultates,

2124 3885 2351 3927 necesse
2388 3886 2508 3925 esse
2555 3856 2622 3924 de
2665 3882 2731 3922 ea
2776 3878 2833 3923 et
2883 3867 3089 3923 multos
3134 3882 3416 3923 sermones
3452 3867 3689 3931 institui,

2124 3972 2177 4015 et
2207 3961 2436 4029 proferri
2467 3961 2768 4016 sententias
2800 3959 2871 4015 ab
2900 3960 3023 4015 aliis
3058 3961 3112 4015 in
3143 3959 3380 4015 medium
3416 3959 3690 4028 prodeun-

458 4064 558 4111 τας
589 4048 812 4118 γνώμας
842 4048 907 4102 ἂν
942 4050 1359 4116 εἰσενέγκασθαι
1387 4052 1484 4104 καὶ
1510 4050 1640 4112 ἴσως
1663 4050 1893 4119 ταυτησὶ
1920 4050 2022 4118 τῆς
2049 4052 2056 4090 4

2125 4053 2275 4110 tibus
2307 4064 2491 4110 nostra
2542 4056 2642 4108 hac
2688 4054 2925 4109 fortasse
2960 4053 3244 4109 meliores.
3287 4050 3397 4104 Sed
3431 4052 3690 4120 quoniam

459 4141 736 4211 ἡμετέρας
793 4141 1073 4208 ἀμείνους.
1118 4142 1258 4194 Ἀλλ’
1299 4144 1425 4196 ἐπεὶ
1476 4142 1605 4214 περὶ
1658 4143 1756 4213 μὲν
1800 4144 2025 4213 εἰρήνης

459 4230 717 4284 ἁπάντων
755 4230 941 4283 ἀκούω
984 4230 1271 4298 λεγόντων,
1323 4234 1415 4285 καὶ
1462 4231 1587 4295 τοὺς
1621 4233 2026 4302 πεπεισμένους

460 4321 694 4387 πείθειν,
752 4323 829 4386 ὡς
872 4324 1040 4389 ἔοικε,
1084 4324 1481 4393 πειρωμένων
1535 4324 1736 4387 πάντες
1789 4324 1899 4394 γάρ
1950 4324 2026 4387 ὡς

461 4415 603 4487 ὑπὲρ
628 4416 835 4482 ἀγαθοῦ
873 4416 970 4486 τῆς
1001 4418 1229 4486 εἰρήνης
1260 4416 1433 4486 δήπου
1472 4417 1761 4487 συνῆλθον,
1804 4419 1896 4471 καὶ
1936 4419 2028 4471 ού-

463 4506 572 4567 δεὶς
608 4499 739 4574 ἦλθε
770 4505 1247 4575 διδαχθησόμενος,
1277 4508 1327 4561 εί
1351 4507 1460 4558 τῶν
1488 4506 1672 4561 καλῶν
1702 4509 1851 4560 ἐστιν
1889 4506 2027 4577 αὕτη

466 4594 562 4646 καὶ
615 4594 846 4664 τιμίων*
905 4595 1096 4649 οὐδένα
1149 4595 1207 4648 δὲ
1265 4597 1577 4667 περαιτέρω
1646 4613 1749 4649 που
1811 4613 2027 4667 προχω-

469 4685 666 4752 ροῦντα
690 4685 800 4749 όρῶ
824 4702 839 4716 ·
875 4686 1010 4740 ἀλλά
1054 4685 1165 4741 τῶν
1218 4687 1428 4755 καιρῶν
1465 4686 1827 4758 τριϐομένων,
1853 4688 1912 4740 ἐν
1948 4681 2031 4749 οἷς

470 4780 615 4841 εἰκός
647 4794 700 4830 τι
730 4779 821 4831 καί
847 4778 957 4831 τῶν
1003 4778 1300 4847 ἀξιολόγων
1330 4779 1556 4845 ἀνύσαι,
1585 4781 1796 4843 πάντας
1843 4783 2031 4851 ἀνεχο-

2125 4159 2319 4201 omnes
2370 4145 2591 4214 quidem
2650 4145 2818 4201 audio
2870 4145 2939 4200 de
2978 4160 3116 4214 pace
3170 4143 3478 4213 loquentes,
3528 4150 3695 4209 utque

2126 4236 2309 4291 videre
2338 4243 2441 4302 est,
2481 4238 2534 4290 in
2561 4251 2629 4291 eo
2686 4246 2950 4305 ponentes
2980 4252 3199 4307 operam
3237 4243 3293 4289 ut
3328 4235 3694 4303 persuadeant

2128 4327 2404 4395 persuasis
2444 4343 2463 4380 :
2511 4340 2704 4381 omnes
2747 4330 2894 4380 enim
2928 4342 3113 4395 pacem
3151 4327 3353 4379 bonum
3401 4325 3532 4393 quid
3573 4338 3695 4377 esse

2128 4418 2371 4473 scientes
2401 4426 2798 4480 convenerunt,
2827 4425 2882 4472 et
2908 4432 3069 4471 nemo
3099 4426 3159 4470 ut
3211 4416 3474 4470 doceatur
3497 4431 3563 4469 an
3592 4430 3697 4481 pax

2129 4510 2269 4564 bona
2316 4509 2388 4564 sit
2429 4525 2515 4564 res
2548 4519 2602 4562 et
2641 4507 2980 4561 honorabilis
3018 4525 3034 4562 :
3070 4506 3342 4560 neminem
3384 4520 3513 4558 vero
3541 4504 3697 4556 video

2131 4600 2358 4654 ulterius
2406 4598 2700 4668 progredi;
2749 4608 2806 4652 et
2850 4612 3043 4653 omnes
3095 4607 3400 4666 opportuna
3454 4606 3696 4660 tempora

2116 4689 2237 4743 elabi
2288 4688 2563 4759 patimini,
2605 4687 2809 4758 quibus
2860 4701 2956 4755 par
3006 4695 3093 4740 est
3133 4682 3489 4744 memorabile
3541 4680 3701 4750 quid—

2132 4779 2277 4848 piam
2328 4778 2536 4847 perlici,
2592 4778 2714 4832 volo
2770 4777 3071 4832 abductum
3124 4776 3251 4830 inde
3291 4787 3600 4829 sermonem
3641 4771 3699 4825 in
3796 4780 3819 4789 ‘

472 4868 690 4936 μένους,
721 4870 1030 4936 ἀπαγαγεῖν
1084 4870 1206 4941 μὲν.
1237 4870 1465 4924 ἐκείνων
1522 4872 1616 4925 τὸν
1647 4870 1823 4938 λόγον,
1853 4873 1947 4926 ἰπὶ
1985 4872 2031 4925 δ’

2133 4870 2280 4928 aliud
2312 4880 2696 4940 argumentum
2747 4878 3065 4925 convertere
3110 4886 3125 4923 :
3159 4875 3215 4922 et
3261 4881 3450 4937 pacem
3488 4874 3699 4919 tentare

466 4961 662 5030 ἑτέραν
702 4960 962 5014 ὑπόθεσιν
995 4961 1342 5031 μεταστῆσαι
1401 4958 1665 5030 βούλομαι
1688 4977 1704 4992 ’
1736 4963 1829 5014 καὶ
1862 4962 2035 5016 καθά-

2134 4964 2462 5027 vnlentibus,
2495 4964 2657 5019 veluti
2684 4962 2958 5033 quoddam
2995 4959 3320 5031 principium
3353 4967 3409 5013 et
3437 4958 3696 5018 adhorta-

464 5068 568 5123 περ
601 5054 777 5125 ἀρχήν
829 5069 952 5107 τινα
1004 5053 1100 5106 καὶ
1133 5052 1486 5124 παράκλησιν
1539 5054 1878 5121 εἰσενεγκεῖν
1919 5055 2035 5117 τοῖς

2139 5053 2337 5107 tionem
2369 5054 2562 5108 ordiri.
2614 5052 2786 5106 Porro
2828 5061 3010 5107 autem
3045 5064 3238 5120 rogare
3272 5063 3390 5113 vos,
3436 5047 3700 5117 quemad-

467 5140 809 5208 βουλομένοις
865 5140 1139 5193 ἅπτεσθαι
1174 5140 1396 5210 ταύτης.
1442 5140 1654 5207 ’Δξιοῦν
1697 5141 1741 5194 δ’
1783 5142 1928 5209 ὑμᾶς
1959 5141 2036 5204 ὡς

2137 5144 2358 5196 tuo-lum
2415 5142 2588 5197 moris
2637 5150 2744 5207 est,
2792 5151 2853 5195 ut
2893 5142 3199 5197 ouationem
3248 5150 3303 5195 et
3356 5139 3614 5196 audiatis.
3650 5145 3705 5190 et

468 5226 586 5289 ἔθος
619 5227 759 5295 ὑπὲρ
816 5228 927 5280 τῶν
974 5230 1148 5296 λόγων
1201 5230 1298 5283 καὶ
1344 5229 1579 5285 ἀκοῦσαι
1613 5233 1708 5285 καὶ
1738 5232 1836 5285 σὺν
1866 5232 2034 5299 εὐμεα

2137 5233 2397 5288 benevole
2427 5233 2737 5301 excipiatis,
2774 5233 2819 5287 si
2851 5234 3072 5302 quando
3103 5232 3242 5288 alias
3271 5240 3325 5286 et
3363 5242 3514 5284 nunc
3561 5226 3704 5280 arbi-

468 5318 585 5387 νείᾳ
636 5318 864 5380 τούτους
925 5321 1344 5388 προσδέξασθαι,
1375 5321 1533 5390 εἴπερ
1591 5322 1721 5374 ποτε
1775 5323 1868 5374 καὶ
1915 5320 2031 5385 νῦν,

2113 5335 2257 5393 _tror
2306 5339 2705 5393 supervacuum
2752 5340 2910 5380 :non
2959 5325 3105 5378 enim
3159 5338 3256 5393 pro
3303 5324 3448 5377 bono
3482 5319 3705 5390 proprio

470 5406 745 5478 παρέλκον
795 5406 949 5480 οἶμαι
1000 5413 1306 5482 τυγχάνειν.
1342 5414 1416 5466 Ού
1467 5414 1573 5483 γάρ
1625 5413 1767 5483 ὑπὲρ
1824 5413 2031 5480 ἀγαθοῦ

2147 5415 2438 5484 quisquam
2477 5427 2723 5471 nostrum
2755 5418 3035 5479 convenit,
3069 5422 3128 5469 ut
3155 5414 3385 5469 consilia
3412 5420 3465 5465 et
3488 5422 3702 5465 sermo-

469 5517 613 5563 τινος
651 5501 782 5554 ίδίου
820 5504 1157 5574 συνήλθομεν
1202 5505 1457 5570 ἕκαστος,
1492 5504 1824 5575 σκεψόμενοι
1858 5521 1917 5557 τε
1945 5505 2037 5559 καὶ

2148 5519 2245 5559 nes
2276 5505 2648 5571 conferamus,
2699 5522 2947 5575 opusque
2996 5505 3068 5561 sit
3124 5516 3337 5559 mentes
3388 5499 3702 5554 auditorum

471 5591 629 5660 λόγον
671 5594 949 5664 ἐροῦντες,
988 5596 1131 5649 ὥστε
1172 5598 1266 5651 καὶ⁵
1293 5597 1404 5650 δεῖν
1442 5598 1541 5662 τάς
1585 5597 1697 5651 τῶν
1732 5598 2038 5650 ἀκουόντων

2149 5611 2480 5666 praeparare,
2515 5597 2867 5666 sermonique
2899 5605 2958 5651 ut
2988 5604 3193 5649 attente
3221 5592 3477 5647 audiatur
3499 5597 3553 5641 et
3586 5601 3707 5642 cre-

476 5681 701 5755 γνὼμας
752 5689 1331 5762 προκαταστήσασθαι,
1365 5689 1459 5742 καί
1490 5689 1601 5754 τοῖς
1645 5688 1824 5759 λόγοις
1854 5689 2036 5753 αὐτοῖς

2148 5689 2330 5755 datur,
2355 5689 2643 5745 consulere
2671 5703 2685 5742 :
2716 5687 2810 5743 scd
2840 5688 3051 5757 linguas
3082 5685 3321 5740 omnium
3348 5687 3526 5736 movet
3555 5695 3705 5736 eont-
