4170 6294
505 284 611 349 407

1595 309 1983 373 GENNADII
2025 313 2137 372 CP.
2188 312 2417 371 PATRI
2438 311 2704 373 \RCH/E

3642 304 3750 372 408

511 402 760 454 ninnium
793 403 1060 461 bonorum
1097 408 1451 480 desiderium,
1487 417 1631 484 quod
1652 430 1822 475 “antea
1855 423 2072 478 illorum

2183 422 2275 493 τὴν
2320 421 2623 491 ἀσφάλειαν
2656 421 2792 492 ὁμοῦ
2862 420 2957 474 καὶ
3021 420 3118 490 τὴν
3175 421 3350 475 πειθὼ
3405 422 3745 491 προνοῆσαι·

510 492 727 546 animos
760 494 964 563 pariter
980 498 1239 557 excitavit
1268 522 1282 558 :
1310 520 1487 575 neque
1513 508 1639 564 hinc
1668 522 1866 576 prteter
1889 530 2077 583 pacem

438 638 441 644 ι
502 591 749 648 optatam
777 587 1061 656 omnibus,
1094 591 1310 648 lucrum
1348 598 1493 653 aliud
1520 603 1813 673 quisquam
1840 607 1943 661 sibi
1975 608 2077 663 do-

503 681 651 722 mum
695 676 1012 741 reportabit.
1049 678 1247 737 Dicant
1276 685 1439 755 igitur
1481 706 1671 748 omnes
1704 710 1930 751 necesse
1967 709 2075 760 est.

517 768 572 813 et
605 771 945 858 vos-attente
980 770 1240 839 audiatis,
1288 784 1342 829 et
1382 781 1781 848 amplcctamini
1823 802 1943 855 qum
1983 803 2077 858 ap-

501 852 677 946 posite
704 854 987 946 dicuntur,
1027 870 1088 916 ut
1120 864 1388 923 divinitus
1417 872 1687 927 venientia
1727 891 1741 928 :
1774 852 2074 946 eorumque

500 938 755 997 donatori
794 960 893 1013 pro
936 948 1045 1006 illis
1082 953 1245 1007 etiam
1278 959 1483 1026 gratias
1535 965 1729 1031 agatis.
1775 966 1893 1030 Qua
1925 938 2071 1022 enim

506 1035 688 1099 potius
725 1038 829 1092 alia
879 1041 933 1094 in
974 1058 1033 1098 re
1066 1060 1165 1113 par
1202 1058 1284 1102 est
1321 1063 1531 1108 mentes
1582 1056 1862 1113 hominum
1895 1076 1923 1113 a
1962 1062 2070 1117 Deo

477 1118 712 1216 laniari,
742 1140 904 1216 quam
940 1130 1034 1184 ubi
1079 1133 1149 1188 de
1179 1149 1243 1189 eo
1271 1140 1554 1207 quaeritur,
1592 1145 1941 1216 studiumque
1976 1164 2075 1203 na-

500 1218 665 1264 vatur
693 1212 715 1265 ξ’
754 1212 885 1278 Qtue
919 1232 1049 1273 vero
1082 1234 1244 1279 secus
1285 1242 1343 1280 se
1383 1228 1691 1299 habuerint,
1725 1250 1824 1289 nec
1854 1212 2074 1291 iuerint

496 1318 669 1369 pravo
701 1308 940 1375 quodam
976 1314 1163 1370 animo
1218 1321 1464 1388 prolata,
1514 1339 1639 1379 cum
1687 1329 1907 1395 mentis,
1960 1345 2069 1385 non

496 1396 799 1453 voluntatis
831 1411 1057 1469 peccata
1106 1407 1237 1475 sint,
1274 1427 1381 1465 non
1414 1425 1573 1467 erunt
1620 1434 1646 1467 a
1684 1420 1835 1472 vobis
1884 1436 2072 1490 repre-

499 1486 810 1545 hendenda.
872 1491 982 1550 Nec
1035 1509 1298 1565 praeterea
1350 1505 1418 1570 si,
1471 1508 1563 1574 qui
1610 1486 2069 1580 sermocinari-tur,

497 1592 718 1645 pravam
772 1584 912 1651 apud
948 1600 1045 1642 vos
1076 1589 1395 1657 opinionem
1433 1596 1692 1664 habeant,
1735 1602 1944 1659 debetis
1977 1620 2070 1659 eo-

2178 511 2315 565 ἀλλά
2363 514 2463 576 τάς
2506 512 2769 566 ἀπάντων
2804 510 3057 579 γλώττας
3097 511 3129 580 ἡ
3186 512 3294 565 τῶν
3337 512 3532 565 κοινῶν
3567 512 3750 565 καλῶν

2178 600 2440 670 ἐπιθυμία
2488 601 2715 670 κινεῖ,ή
2771 599 2867 653 καὶ
2914 602 3186 671 πρότερον
3237 600 3391 655 οὐδὲν
3439 596 3604 673 ἦττον
3652 603 3751 665 τάς

2176 691 2355 761 ψυχὰς
2405 692 2586 754 αὐτοῖς
2623 692 2983 761 διεγείρασαο
3037 692 3133 745 καὶ
3183 693 3377 761 κέρδος
3426 692 3580 746 οὐδὲν
3619 692 3751 746 ἴδιον

2175 782 2357 835 οἴκαδε
2389 781 2532 851 πλὴν
2576 783 2675 850 τῆς
2711 763 3059 853 ποθουμένης
3099 784 3268 837 πᾶσιν
3314 785 3541 855 εἰρήνης
3579 784 3753 847 οὐδεὶς

2174 872 2422 927 ἐντεῦθεν
2456 873 2637 944 φέρων
2668 873 2943 942 ἀφίξεται.
2987 875 3230 944 Ἀνάγκη
3278 876 3464 928 τοίνυν
3496 874 3750 936 ἅπαντας

2173 965 2355 1032 λέγειν
2379 979 2395 994 ·
2433 965 2528 1017 καὶ
2586 968 2703 1029 τοῖς
2737 965 2836 1035 μὲν
2881 966 3102 1034 εὐφυῶς
3146 966 3464 1036 λεγομένοις
3503 968 3579 1031 ώς
3612 968 3755 1022 ἄνω-

2171 1055 2263 1108 θεν
2311 1056 2506 1126 ἥκουσι
2558 1057 2850 1126 προσέχειν
2890 1058 2982 1111 τὸν
3052 1058 3184 1111 νοῦν
3243 1059 3409 1128 ὑμᾶς,
3444 1060 3542 1127 κμί
3573 1058 3750 1113 ταῦτα

2174 1146 2472 1216 αἱρεῖσθαι,
2497 1148 2592 1200 καὶ
2625 1147 2701 1217 τῷ
2736 1149 2996 1203 δεδωκότι
3043 1151 3139 1203 καὶ
3171 1149 3311 1218 ὑπὲρ
3352 1149 3558 1203 τοὺτων
3588 1149 3751 1219 χάριν

2172 1238 2481 1306 ὁμολογεῖν.
2507 1237 2620 1292 Ποῦ
2655 1238 2766 1307 γὰρ
2809 1239 2998 1292 ἄλλοθι
3030 1240 3122 1292 τὸν
3161 1240 3297 1293 Θεὸν
3332 1240 3588 1310 μᾶλλονῆ
3621 1242 3751 1311 περὶ

2173 1331 2341 1384 αὐτοῦ
2371 1333 2466 1401 τῆς
2491 1330 2739 1400 σκέψεως
2767 1330 2932 1402 οὔσης
2962 1331 3056 1384 καὶ
3087 1331 3189 1399 τῆς
3212 1331 3472 1400 σπουδῆς,
3507 1332 3605 1395 τάς
3637 1333 3750 1386 τῶν

2172 1423 2476 1493 ἀνθρώπων
2509 1424 2655 1486 είκός
2690 1424 2842 1476 ἐστιν
2868 1425 3099 1492 ἐμπνεῖν
3129 1424 3410 1487 διανοίας;
3441 1423 3562 1476 Τῶν
3600 1424 3645 1478 δ’
3671 1424 3750 1486 ὡς

2174 1515 2378 1583 έτέρως
2409 1516 2665 1583 ἐχόντων,
2700 1514 2793 1568 καὶ
2825 1515 2886 1567 οὓ
2911 1515 3052 1585 μετά
3077 1516 3324 1585 πονηρᾶς
3344 1532 3489 1577 τινος
3520 1516 3749 1583 γνώμης

2172 1602 2604 1671 προτιθεμένων,
2634 1603 2709 1666 ὡς
2739 1604 3017 1670 γνώσεως,
3043 1604 3104 1657 οὐ
3151 1606 3529 1675 προαιρέσεως
3577 1604 3748 1658 ὄντων

502 1685 623 1765 rum
654 1671 821 1739 dicta,
850 1675 894 1728 si
925 1676 1069 1732 forte
1093 1680 1201 1735 sint
1232 1685 1475 1751 meliora,
1504 1702 1858 1748 contemnere
1883 1711 1898 1761 ;
1922 1696 2067 1765 quod

2183 1692 2595 1762 ἐλαττωμάτων,
2640 1694 2830 1762 μηδενὶ
2861 1693 2961 1763 τὴν
2997 1671 3206 1763 μέμψιν
3232 1671 3482 1763 ἐπάγειν.
3521 1696 3662 1764 Πρὸς
3692 1692 3749 1747 δὲ

500 1759 556 1812 in
588 1759 847 1819 immanis
878 1782 1095 1837 quoque
1144 1775 1382 1842 negotiis
1414 1780 1719 1835 cavendum
1748 1793 1826 1838 est
1873 1759 1953 1839 iis—
1974 1788 2067 1857 qui

499 1854 645 1918 quod
701 1857 831 1910 utile
896 1862 1403 1935 est,undecunque
1455 1882 1721 1926 venantur
1764 1891 1778 1927 :
1826 1854 2070 1944 quando-

499 1944 717 2009 quidem
771 1948 994 2006 humilis
1030 1952 1264 2009 fortuna:
1304 1958 1617 2017 hominibus
1668 1966 1840 2021 multo
1895 1971 2070 2037 magis

498 2039 756 2093 convenit
788 2040 840 2093 in
880 2058 939 2097 re
988 2049 1267 2113 proposita
1304 2051 1529 2120 gloriam
1566 2072 1786 2125 sperare
1820 2075 1883 2113 ex
1929 2064 2069 2117 bono

502 2128 768 2195 consilio;
825 2149 948 2187 nam
997 2136 1181 2191 abhis
1234 2142 1402 2196 etiam
1453 2146 1750 2212 aliquando
1797 2152 2066 2220 proficisci

498 2231 674 2312 potest
712 2223 932 2294 aliquod
980 2227 1201 2312 virtutis
1257 2248 1416 2301 opus,
1466 2237 1537 2291 ita
1592 2239 1682 2293 Dei
1733 2243 2069 2309 providentia

503 2310 852 2381 disponente,
884 2334 949 2373 ne
979 2310 1103 2389 quis
1142 2324 1323 2378 minus
1354 2328 1695 2383 considerate
1723 2333 1929 2386 tribuat
1966 2334 2073 2386 hu-

504 2418 682 2458 manae
707 2408 810 2460 arti
843 2416 893 2462 el
916 2412 1098 2479 sagaci
1126 2415 1376 2478 censilio,
1403 2418 1626 2472 maximi
1658 2430 1709 2472 et
1740 2432 1863 2490 post
1900 2424 2073 2478 horni-

508 2512 637 2550 num
667 2501 986 2555 memoriam
1014 2511 1254 2559 omnlum
1284 2508 1586 2565 diliicillimi
1619 2514 1819 2581 negotii
1843 2515 2072 2569 exitum.

506 2584 799 2653 Promerra
845 2592 1012 2660 igitur
1054 2606 1107 2650 et
1158 2597 1305 2652 illam
1356 2602 1618 2657 orationis
1665 2616 1871 2672 partem
1904 2608 2071 2662 decli-

500 2678 650 2751 navi,
682 2691 734 2732 et
767 2696 858 2735 vos
895 2693 1099 2742 attente
1133 2690 1324 2744 audire
1355 2691 1477 2747 volo
1503 2709 1623 2762 quae
1643 2695 1753 2764 jam
1784 2697 2068 2754 dicentur.

2176 1785 2409 1848 τούτοις,
2447 1783 2572 1852 μηδ’
2607 1786 2659 1837 εῖ
2686 1802 2769 1846 τις
2798 1787 2931 1855 ἡμῖν
2971 1786 3309 1857 φαὺληιπερὶ
3342 1786 3453 1839 τῶν
3482 1786 3751 1853 λεγόντων

2178 1874 2355 1928 ἔνεστι
2398 1876 2547 1941 δόξα,
2588 1878 2682 1928 καὶ
2709 1877 2819 1931 τῶν
2870 1877 3067 1944 λόγων,
3100 1877 3166 1931 ἂν
3206 1878 3466 1944 ἀμείνους
3512 1876 3752 1947 τὺχωσιν

2177 1970 2352 2031 ὄντες,
2388 1969 2797 2037 καταφρονεῖν·
2850 1968 2878 2020 ὃ
2928 1968 3055 2038 μηδ’
3102 1969 3158 2020 ὲν
3206 1969 3326 2031 ταῖς
3378 1967 3754 2038 ἀνθρωπικαῖς

2179 2058 2586 2128 πραγματείαις
2615 2057 2837 2124 εῠλογόν
2878 2060 2995 2111 ἐστι
3025 2058 3258 2127 πάσχειν
3288 2058 3415 2121 τοὺς
3449 2058 3511 2111 τὸ
3543 2057 3753 2127 συμφέ-

2182 2170 2273 2223 ρον
2323 2151 2382 2216 ὲξ
2432 2151 2667 2214 ἅπαντος
2715 2150 3089 2219 θηρωμένους.
3160 2151 3309 2203 Ἐπεὶ
3356 2150 3486 2219 περί
3529 2166 3595 2217 γε
3637 2148 3748 2202 τῶν
3798 2178 3805 2183 -

2173 2244 2554 2314 προκειμένων
2643 2244 2759 2307 τοῖς
2814 2241 3022 2305 ἀδόξοις
3077 2244 3171 2295 καὶ
3231 2243 3507 2305 ταπεινοῖς
3568 2239 3749 2312 πολλῷ

2179 2313 2380 2407 μάλλον
2433 2313 2696 2404 άρμόττει
2742 2333 2839 2403 τὴν
2901 2333 3008 2386 ἀπὸ
3033 2333 3126 2385 τοῦ
3188 2332 3541 2403 κατορθῶσαι
3593 2332 3757 2396 δόξαν

2176 2426 2451 2490 ἐλπίζειν
2485 2425 2580 2479 καὶ
2616 2426 2768 2495 παρά
2797 2424 3004 2478 τοὺτων
3038 2427 3147 2495 γάρ
3200 2426 3400 2493 γένοιτ’
3442 2425 3509 2478 ἄν
3539 2423 3592 2476 τί
3624 2438 3756 2476 ποτε

2181 2517 2511 2570 σπουδαῖον·
2545 2517 2689 2570 οὕτω
2739 2519 2838 2586 τῆς
2888 2517 3151 2585 προνοίας
3201 2517 3619 2585 οἱκονομοὺσης,
3677 2514 3753 2582 μὴ

2176 2608 2271 2659 καὶ
2307 2606 2446 2677 λάθῃ
2488 2624 2570 2668 τις
2615 2610 2681 2676 τῇ
2722 2608 2832 2660 τῶν
2878 2606 3185 2676 ἀνθρώπων
3213 2607 3482 2674 δεινότητι
3524 2605 3617 2658 κα)⁵
3647 2620 3754 2673 μη-

2176 2700 2316 2769 χανῇ
2365 2698 2463 2766 τὴν
2511 2698 2606 2750 τοῦ
2641 2699 2904 2766 μεγίστου
2953 2716 3009 2750 τε
3047 2699 3142 2749 καὶ
3182 2697 3613 2766 δυσχερεστάτου
3643 2694 3754 2746 τῶν

500 2765 567 2817 ὲκ
599 2766 695 2820 τοῦ
737 2772 938 2833 παντὸς
973 2775 1167 2839 αἰῶνος
1219 2781 1639 2852 ἐγχειρημάτων
1689 2785 1917 2841 έκῦασιν
1948 2765 2315 2861 ἐπιγράφων...
2343 2765 2441 2841 Διά
2483 2765 2653 2841 ταῦτα
2702 2765 2882 2842 τοίνυν
2949 2789 3126 2841 ἐκεῖνό
3169 2804 3226 2841 τι
3285 2765 3387 2840 τοῦ
3462 2787 3619 2855 λόγου
3696 2788 3758 2838 τὸ

458 2875 468 2882 ”
507 2860 675 2956 μέξος
711 2861 995 2933 ἐξέφυγον,
1026 2872 1119 2921 καὶ
1159 2879 1449 2943 προσέχειν
1484 2877 1627 2943 ὑμᾶς
1658 2881 1922 2951 βούλομαι
1962 2886 2073 2946 τοῖς
2114 2884 2429 2952 λεγομένοις
2460 2884 2707 2937 ἐντεῦθεν
2738 2885 2860 2956 ἤδη.

578 2951 730 3018 Quod
767 2955 931 3025 igitur
967 2974 1180 3016 sacram
1217 2967 1357 3021 hanc
1395 2970 1665 3038 synodum
1718 2988 1783 3027 ex
1817 2974 2075 3029 universo

2189 2951 2194 2952 ν
2249 2951 2326 3027 Τὸ
2359 2975 2546 3045 μὲνδὴ
2570 2976 2668 3044 τὴν
2718 2951 2870 3043 ἱεράν
2903 2976 3113 3043 ταύτην
3154 2974 3371 3028 σύνοδον
3417 2973 3474 3040 ἐξ
3532 2973 3755 3041 ἀπάσης

508 3040 625 3097 fere
660 3053 931 3102 terrarum
981 3052 1112 3108 orbe
1144 3059 1519 3128 congregavit,
1552 3065 1932 3133 persuasitque
1963 3081 2079 3120 om-

506 3137 670 3191 nibus
721 3150 782 3193 ut
835 3141 1092 3201 alacriter
1144 3148 1254 3203 huc
1329 3155 1708 3220 convenirent,
1754 3160 2078 3228 postpositis

505 3230 629 3286 aliis
658 3233 918 3289 omnibus
948 3253 963 3302 ;
1000 3237 1443 3299 Christianorum
1479 3249 1724 3303 omnium
1761 3252 2078 3318 concordia,

505 3333 559 3375 ct
580 3326 834 3393 cognitio
878 3335 960 3381 est
990 3331 1239 3388 veritatis
1272 3351 1285 3387 :
1319 3337 1519 3404 quibus
1564 3340 1697 3394 nihil
1734 3351 1912 3410 polest
1952 3358 2077 3398 esse

500 3416 803 3484 jucundius
859 3420 1208 3487 hominibus,
1262 3427 1356 3494 qui
1409 3439 1612 3485 norunt
1664 3442 1719 3485 et
1768 3448 1972 3497 amare,
2025 3443 2081 3489 et

503 3523 838 3577 concuperc,
870 3522 919 3566 et
957 3514 1276 3570 incumbere
1309 3518 1376 3571 ad
1412 3519 1662 3575 honesta.
1693 3521 1827 3574 Nam
1853 3533 1905 3577 et
1936 3525 2078 3577 veri-

503 3613 589 3656 tas
629 3603 716 3656 lux
757 3606 913 3672 plane
941 3618 1024 3663 est
1058 3618 1268 3664 natura:
1313 3610 1524 3666 ratione
1556 3612 1781 3673 utentis.
1825 3628 1930 3681 qua
1959 3616 2081 3669 sine

502 3708 732 3751 necesse
776 3708 855 3751 est
895 3714 956 3752 ea
1010 3704 1284 3757 volutetur
1336 3705 1387 3756 in
1440 3706 1713 3769 tenebris,
1765 3707 2080 3774 nullamque

506 3802 571 3839 cx
608 3789 874 3853 dignitate
912 3792 1166 3869 donoque
1199 3795 1302 3847 sibi
1341 3796 1543 3849 tradito
1574 3796 1840 3869 percipiat
1871 3799 2079 3852 utilita-

507 3890 613 3931 tem
641 3895 657 3943 ;
695 3896 968 3949 quamque
996 3885 1215 3938 assidue
1248 3885 1337 3937 illa
1365 3886 1727 3953 prehendens,
1763 3888 1892 3940 dum
1929 3904 2081 3956 qum-

509 3970 585 4021 rit
622 3971 829 4035 ignota,
867 3980 919 4023 ct
948 3974 1124 4040 seipsa
1160 3974 1217 4026 [it
1245 3974 1601 4040 splendidior,
1633 3986 1796 4044 atque
1822 3978 1886 4029 ad
1915 3978 2080 4030 Deum

513 4061 742 4125 primam
779 4061 1057 4115 veritatem
1078 4102 1093 4125 ,
1121 4072 1379 4131 quantum
1406 4064 1489 4118 fas
1520 4076 1624 4129 est,
1659 4068 1902 4135 proxime
1931 4083 2084 4121 acce~

508 4151 611 4203 dit.
649 4150 791 4205 l‘ace
833 4162 1016 4205 autem
1065 4155 1472 4222 concordiaque
1520 4156 1572 4209 in
1625 4158 1789 4211 rebus
1842 4158 2083 4214 honestis

510 4256 699 4294 rerum
745 4252 942 4294 natura
977 4243 1109 4295 nihil
1156 4244 1317 4297 habet
1346 4245 1561 4312 majus;
1598 4262 1719 4315 qua:
1750 4248 1925 4316 primo
1958 4251 2082 4317 qni-

507 4332 631 4381 dem
685 4334 736 4383 in
783 4335 963 4383 anima
1010 4340 1065 4386 et
1105 4334 1458 4401 conccptibns
1487 4335 1647 4403 ejus;
1691 4339 1863 4390 utitur
1900 4346 2080 4391 autem

506 4423 877 4477 exterioribus
916 4424 1080 4478 veluti
1115 4425 1286 4493 signis
1313 4427 1658 4494 quibusdam,
1693 4444 1788 4496 per
1816 4443 1936 4499 quae
1966 4445 2084 4484 om-

507 4516 671 4570 nii-us
716 4520 774 4569 tit
824 4518 1130 4572 uianitesta.
1166 4518 1229 4570 Et
1287 4520 1547 4574 credibile
1589 4522 1806 4588 quidem
1847 4532 1933 4576 est
1960 4538 2081 4577 csse

503 4610 797 4673 qttusdam,
832 4609 950 4676 qui,
1002 4610 1123 4664 aliis
1172 4609 1319 4663 ducti
1350 4611 1795 4679 cogitationibus,
1838 4622 1892 4665 et
1939 4613 2078 4666 bona

508 4702 754 4763 quaedam
793 4703 1105 4770 corporalia
1140 4711 1323 4757 mente
1360 4704 1663 4766 volventes,
1695 4718 1815 4771 quae
1850 4718 1975 4772 spes
1999 4715 2086 4757 est

512 4792 655 4854 fore,
708 4802 767 4844 ut
801 4803 1109 4847 nascantur
1157 4808 1219 4846 ex
1273 4794 1590 4855 concordia,
1642 4794 1932 4847 alacriores
1978 4792 2080 4846 visi

506 4884 616 4936 sint
654 4883 719 4934 ad
758 4898 996 4952 praise-ns
1026 4884 1327 4953 negotium.
1360 4882 1488 4936 Mihi
1519 4894 1698 4937 autem
1725 4885 1768 4937 si
1797 4884 1886 4937 cui
1914 4883 2078 4936 etiam

512 4975 608 5028 alii
652 4975 871 5029 videtur
899 4978 1141 5044 quidem,
1176 4977 1472 5029 multorum
1507 4991 1938 5045 magnorumque
1978 4976 2079 5030 ho-

514 5080 710 5117 norum
750 5083 970 5120 causam
1014 5068 1128 5122 l‘ore
1161 5068 1305 5121 illam
1339 5069 1686 5131 Christianis,
1721 5070 1763 5122 si
1796 5068 1864 5121 de
1902 5069 1968 5122 iis
1998 5086 2083 5122 re-

515 5156 620 5207 bus
656 5158 902 5207 eamdem
937 5158 1338 5223 amplectantur
1363 5160 1711 5217 sententiam.
1744 5173 1879 5228 quas
1920 5169 2079 5211 antea

517 5248 574 5297 in
625 5248 1059 5298 controversiam
1104 5249 1376 5300 vocabant
1411 5266 1423 5299 :
1462 5261 1719 5302 cmtcrum
1756 5264 1942 5301 corum
1987 5252 2084 5302 de-

515 5334 719 5388 siderio
754 5336 965 5387 nullum
1012 5334 1311 5402 sapientem
1360 5338 1599 5389 arbitror
1631 5341 1833 5391 moveri
1867 5338 2084 5401 debere,

515 5444 616 5481 nec.
652 5426 941 5479 statuenda
972 5439 1094 5480 esse
1134 5424 1294 5488 bona,
1330 5442 1448 5494 qua
1496 5429 1685 5481 ultimo
1736 5430 1855 5481 loco
1887 5442 2085 5480 uumo~

515 5528 729 5578 rantur,
787 5526 840 5569 et
897 5530 1017 5582 quae
1064 5515 1321 5569 facillime
1358 5518 1479 5584 quis
1524 5530 1861 5579 contemnat,
1918 5518 2079 5569 linem

517 5612 739 5662 maximi
793 5626 854 5662 ac
905 5609 1230 5663 divinissimi
1277 5614 1457 5678 operis
1494 5627 1507 5664 :
1544 5612 1637 5663 sed
1684 5610 1800 5663 loco
1834 5608 2078 5662 omnium

521 5703 658 5755 satis
706 5717 827 5754 csso
863 5702 1082 5772 quidem
1114 5703 1356 5759 veritatis
1391 5702 1782 5771 cognitionem,
1818 5716 1915 5770 pro
1952 5714 2085 5768 pace

2183 3067 2368 3135 σχεδόν
2400 3067 2497 3136 τῆς
2521 3067 2849 3137 οἰκουμένης
2876 3065 3181 3136 πεποιηκὸς
3212 3067 3304 3118 καὶ
3357 3066 3553 3116 πεῖσαν
3582 3062 3760 3117 ἃπαν-

2180 3179 2279 3224 τας
2318 3161 2455 3230 μετά
2489 3160 2796 3229 προθυμίας
2819 3157 3053 3213 ἐνταῦθα
3085 3158 3423 3227 συντρέχειν,
3453 3156 3559 3208 τῶν
3582 3155 3757 3207 ἄλλων

2181 3251 2439 3304 ἁπάντων
2471 3250 2674 3320 ἣκιστα
2727 3250 2887 3316 λόγον
2936 3249 3363 3318 πεποιημένους,
3391 3250 3424 3316 ὴ
3468 3247 3580 3298 τῶν
3619 3246 3757 3313 Χρι-

2185 3343 2419 3395 στιανῶν
2458 3343 2717 3395 ἁπάντων
2751 3341 2975 3411 ὁμόνοια
3009 3344 3105 3394 καὶ
3135 3341 3167 3409 ἡ
3206 3339 3306 3406 τῆς
3336 3337 3593 3408 ἀληθείας
3624 3334 3761 3402 γνῶ-

2183 3436 2266 3497 σίς
2310 3437 2477 3487 ἐστιν·
2509 3427 2585 3487 ὧν
2620 3432 2773 3485 οὐδὲν
2799 3432 2949 3501 ηδιον
3003 3433 3221 3499 γένοιτο
3252 3432 3361 3492 τοῖς
3390 3428 3460 3481 τά
3500 3427 3637 3480 καλά
3664 3429 3759 3478 καὶ

2180 3526 2355 3592 φιλεῖν
2394 3526 2489 3577 καὶ
2550 3523 2807 3591 εὔχεσθαι
2843 3523 2938 3576 καὶ
2975 3522 3297 3583 σπουδάζειν
3352 3518 3757 3587 ἐπισταμένοις.

2184 3616 2259 3666 ’Ἢ
2292 3632 2347 3666 τε
2373 3615 2484 3683 γάρ
2520 3613 2747 3683 ἀλήθεια
2774 3613 2887 3680 φῶς
2913 3614 3175 3681 ἄντικρυς
3206 3612 3309 3679 τῆς
3353 3607 3583 3676 λογικῆς
3621 3605 3760 3658 καθ-

2189 3703 2385 3770 ἕστηκε
2422 3700 2660 3770 φύσεως,
2699 3700 2760 3753 οὗ
2802 3702 2972 3769 χωρὶς
3002 3701 3217 3767 ἀνάγκη
3249 3699 3459 3767 ταύτην
3487 3698 3545 3749 ἒν
3581 3694 3761 3763 σκότῳ

2183 3792 2611 3861 κυλινδουμένην
2665 3792 2832 3861 μηδὲν
2868 3791 3171 3845 ἀπόνασθαι
3226 3790 3329 3857 τῆς
3358 3787 3514 3852 ἀξίας
3546 3782 3761 3839 καὶτοῦ

2182 3884 2468 3954 δεδομένου
2527 3884 2664 3954 αὐτῇ
2729 3886 3109 3952 χαρίσματος·
3161 3881 3259 3933 καλ¹
3310 3873 3379 3948 ἧς
3420 3876 3762 3948 δραττομένη

2188 3975 2429 4043 συνεχῶς
2461 3976 2519 4027 ὲν
2549 3976 2616 4045 τῇ
2661 3975 2792 4044 περὶ
2823 3973 2931 4026 τῶν
2964 3972 3353 4040 ἀγνοουμένων
3380 3969 3603 4039 ζητήσει
3637 3967 3762 4019 ἑαυ-

2186 4068 2286 4136 τῆς
2319 4083 2377 4118 τε
2414 4066 2631 4133 γίνεται
2663 4062 3040 4134 λαμπροτέρα,
3076 4062 3171 4115 καὶ
3222 4059 3356 4113 θεοῦ
3406 4060 3507 4126 τῆς
3536 4057 3764 4125 πρώτης
3796 4058 3800 4063 ’

2187 4140 2444 4226 ἀληθείας
2471 4158 2594 4209 ὅσον
2623 4155 2832 4221 ἔξεστιν
2858 4154 3168 4223 ἐγγυτάτω.
3198 4152 3435 4222 Εἰρήνης
3457 4149 3514 4203 δὲ
3537 4149 3632 4201 καὶ
3657 4146 3763 4216 τῆς

2188 4250 2244 4301 ὲν
2273 4247 2349 4316 τῷ
2375 4248 2526 4315 καλῷ
2563 4246 2886 4313 συμφωνίας
2947 4245 3057 4297 τῶν
3075 4247 3132 4298 ὲν
3166 4244 3242 4312 τῷ
3278 4244 3468 4311 κόσμῳ
3495 4239 3762 4311 πραγμά·

2190 4356 2300 4390 των
2336 4335 2520 4406 μεῖξον
2570 4337 2745 4398 οὐδὲν,
2800 4336 3114 4405 ἀρχομένης
3149 4336 3250 4404 μὲν
3293 4334 3400 4387 ἀπὸ
3452 4332 3629 4401 ψυχῆς
3667 4325 3763 4384 κάι

2192 4429 2303 4482 τῶν
2333 4428 2503 4496 αὐτῆς
2557 4427 2867 4494 νοημάτων,
2904 4426 3158 4493 καθάπερ
3194 4424 3252 4477 δέ
3286 4440 3398 4476 τισι
3444 4421 3765 4491 τεκμηρίοις

2187 4522 2298 4583 τοῖς
2329 4520 2430 4584 ἔξω
2456 4518 2769 4587 χρωμένης,
2819 4517 2913 4569 καὶ
2949 4515 3035 4567 διά
3055 4514 3261 4567 τούτων
3321 4514 3455 4566 πᾶσι
3498 4527 3765 4578 φανερου-

2195 4613 2385 4682 μένης.
2420 4611 2578 4671 Εἰκὸς
2642 4610 2741 4678 μὲν
2769 4605 2864 4662 οὖν
2927 4609 3044 4660 ἐστι
3097 4607 3193 4658 καὶ
3245 4606 3338 4658 ὑπ’
3367 4604 3544 4657 ἄλλων
3592 4601 3764 4663 ἐνίους

2190 4704 2423 4770 ἄγεσθαι
2455 4702 2764 4770 λογισμῶν,
2795 4700 2891 4753 καὶ
2923 4696 3213 4767 σωματικά
3242 4713 3362 4750 τινα
3415 4691 3761 4763 φανταζομέ-

2193 4810 2316 4856 νους
2345 4792 2506 4855 καλὰ,
2536 4792 2570 4845 ἃ
2615 4794 2714 4860 τὴν
2747 4791 3002 4861 ὁμόνοιαν
3061 4788 3219 4850 ἐλπίς
3270 4789 3422 4840 ἐστιν
3450 4784 3759 4848 ἀποτέξειν,

2192 4885 2636 4955 προθυμοτέρους
2670 4885 2758 4936 ἐπὶ
2789 4883 2994 4951 ταύτην
3025 4874 3203 4949 ὦφθαι
3231 4880 3329 4951 τὴν
3366 4878 3579 4950 χρείαν.
3620 4875 3763 4927 Ἀλλ’

2191 4977 2382 5043 ἔμοιγε
2423 4976 2483 5027 τὸ
2523 4976 2621 5042 μὲν
2664 4975 2790 5035 τοὺς
2854 4974 3217 5043 Χριστιανοὺς
3268 4973 3420 5041 κοινῇ
3462 4968 3763 5038 εἰληφέναι,

2196 5070 2324 5136 περὶ
2368 5062 2443 5119 ὧν
2489 5067 2871 5136 ημφνσὸήτουν
2917 5066 3197 5134 πρότερον,
3248 5062 3492 5131 γνώμας,
3556 5057 3765 5111 πολλῶν

2197 5160 2421 5227 ἀγαθῶν
2451 5163 2545 5211 κα)⁹
2578 5159 2831 5225 μεγάλων
2865 5159 3041 5209 αἴτιον
3077 5158 3226 5224 σφίσι
3260 5157 3568 5223 γενήσεται,
3605 5152 3766 5219 εῖπερ

2197 5252 2289 5302 καὶ
2320 5248 2463 5318 ἄλλῳ
2489 5266 2564 5316 τῳ
2593 5247 2699 5298 τῶν
2738 5247 2993 5299 ἁπάντων
3017 5245 3195 5297 δοκεῖ·
3215 5244 3320 5295 ὑπ’)
3359 5241 3415 5294 δὲ
3444 5241 3542 5308 τῆς
3561 5240 3765 5292 τούτων

2195 5341 2491 5407 ἐπιθυμίας
2540 5340 2729 5391 οὐδένα
2785 5338 2893 5389 τῶν
2951 5336 3383 5404 σπουδαιοτέρων
3440 5328 3595 5400 οἶμαι
3653 5329 3765 5380 δεῖν

2198 5430 2537 5499 κεκινῆσθαι,
2571 5429 2702 5497 μηδὲ
2729 5430 2930 5480 σκοπὸν
2976 5429 3070 5480 τοῦ
3106 5427 3368 5496 μεγίστου
3425 5423 3517 5476 καὶ
3547 5421 3763 5474 θειοτά-

2195 5538 2289 5572 του
2316 5522 2422 5572 τῶν
2458 5520 2636 5587 ἔργων
2652 5519 2728 5569 ’τὰ
2753 5518 3064 5586 φαυλότερα
3098 5516 3204 5568 τῶν
3245 5515 3467 5579 ἀγαθῶν
3513 5510 3763 5580 προτιθὲ-

2192 5626 2302 5669 vat,
2337 5609 2431 5659 καὶ
2461 5603 2535 5659 ὧν
2562 5610 2624 5660 ἄν
2656 5625 2738 5667 τις
2770 5608 2940 5675 ῥᾷστα
2972 5606 3435 5673 καταφρονήσειεν
3457 5618 3470 5632 ·
3505 5600 3637 5653 ἀλλά
3666 5599 3765 5666 τὴν

2196 5701 2293 5769 μὲν
2336 5700 2533 5766 γνῶσιν
2572 5702 2663 5771 τῆς
2698 5698 2953 5766 ἀληθείας
2986 5700 3104 5751 ἀντὶ
3138 5698 3333 5749 adusto
3379 5698 3434 5763 Et;
3454 5695 3590 5759 κεῖν,
3619 5692 3761 5758 ὑπὲρ
