4170 6294
442 291 551 356 409

1624 302 1909 393 ORATIO
1940 302 1970 361 ῐ
2013 302 2112 363 AD
2147 304 2528 372 SYNODUM.

3566 286 3674 370 tto

445 409 499 459 δὲ
534 408 635 476 τῆς
670 407 776 458 τῶν
811 407 949 461 ὅλων
980 410 1205 479 εἰρήνης
1233 412 1325 463 καὶ
1358 413 1425 466 τά
1452 414 1684 469 πλεῖστα
1703 417 1812 470 τῶν
1838 419 2011 485 ὑπαρ-

2115 425 2298 472 autem
2326 418 2608 472 communi
2638 416 3031 489 projicicndam
3060 430 3181 472 esse
3204 416 3516 470 facultatum
3548 429 3673 495 par-

442 499 645 566 χόντων
674 499 870 566 χρῆναι
899 500 1183 567 προέσθαι.
1221 505 1379 556 Δυοῖν
1433 506 1614 559 τοίνυν
1660 508 1887 571 τούτων,
1934 504 2008 562 ὦν

439 589 601 641 ἕνεκα
633 593 724 643 καὶ
758 591 884 652 τοὺς
912 593 1140 654 πολλοὺς
1189 596 1505 664 ὑπέστημεν
1533 600 1751 659 πόνους,
1781 600 2010 668 θάτερον

446 680 542 746 μὲν
580 682 1005 751 κατωρθωκόσιν
1038 685 1192 753 ἡμῖν,
1222 686 1321 754 τὴν
1353 688 1553 751 γνῶσιν
1581 688 1723 753 λέγω
1751 689 1850 757 τῆς
1874 692 2008 761 ἀλη-

443 772 612 836 θείας,
664 773 878 842 ἀνάγκη
937 776 1089 827 πᾶσα
1145 776 1239 828 καὶ
1291 777 1351 828 τὺ
1385 777 1568 830 λοιπὸν
1599 780 2005 836 ἐπακολουθεῖν.

444 863 608 915 Οὒίὲν
629 864 737 933 γὰρ
777 865 953 929 ἔσται,
989 866 1090 932 τῆς
1120 868 1379 937 ἀληθείας
1412 871 1541 939 περὶ
1574 871 1682 924 τῶν
1728 873 2010 943 ἀμφισϐη-

432 955 721 1029 τουμένων
757 957 1207 1027 ἐπιγνωσθείσης,
1240 957 1269 1011 ὃ
1302 960 1407 1013 καὶ
1458 962 1620 1015 πάλιν
1651 962 1782 1031 ἡμῖν
1832 963 2007 1032 σχίσει

444 1046 543 1106 τὰς
576 1046 822 1114 γνώμας,
874 1049 971 1099 καὶ
1004 1049 1102 1117 τὴν
1153 1051 1483 1121 οἰκουμένην
1536 1053 1738 1121 ὁμοίως
1788 1046 2007 1107 ἀποισαῦ

442 1134 724 1189 διελεῖται.
753 1136 892 1188 Οὔτε
925 1138 1033 1205 γάρ
1074 1138 1202 1209 περὶ
1260 1140 1365 1209 γῆς
1393 1142 1534 1211 ὅρων
1563 1145 1596 1213 ἢ
1628 1144 1924 1213 χρημάτων
1968 1144 2003 1213 ἢ

445 1228 625 1295 νήσων
661 1228 755 1281 καὶ
796 1229 1002 1281 πόλεων
1057 1231 1212 1293 δίκας
1247 1232 1577 1301 πράττοντες
1607 1234 2003 1303 καθεδούμεθα,

444 1317 555 1370 οὐδ’
586 1319 795 1387 ἥκομεν
826 1318 1031 1372 τούτων
1061 1319 1227 1373 ἕνεκα
1259 1322 1357 1388 τὴν
1389 1322 1583 1392 ἀρχὴν,
1628 1323 1753 1377 οὔτε
1782 1325 2009 1378 δυνατόν

443 1409 558 1461 ἐστι
590 1407 946 1475 περὶτούτων
983 1409 1193 1473 πάντας
1246 1413 1416 1463 πᾶσιν
1479 1413 1871 1482 ἀμφισϐητεῖν.
1914 1415 2005 1469 El-

450 1500 808 1566 ρηνεύσαντες
837 1498 890 1550 δὲ
922 1498 1057 1567 πρὸς
1088 1499 1351 1568 ἀλλήλους
1376 1500 1504 1552 ἄνευ
1530 1500 1625 1553 τοῦ
1649 1503 1743 1553 καὶ
1776 1502 1903 1572 περὶ
1936 1502 2007 1555 τά

442 1588 687 1656 δόγματα
722 1590 1035 1643 παντάπασι
1059 1591 1391 1660 συμφωνεῖν.
1417 1590 1511 1644 καὶ
1533 1591 1632 1659 τὴν
1661 1592 1829 1661 αὐτὴν
1856 1592 2005 1661 ποιρά

445 1681 580 1729 πᾶσι
610 1680 882 1747 κρατῆσαι
908 1680 1090 1746 δόξαν,
1119 1682 1249 1751 περὶ
1286 1676 1363 1734 ὧν
1416 1686 1639 1735 σκοπεῖν
1691 1683 2001 1751 πρόκειται,

444 1768 581 1836 πρὸς
614 1742 693 1835 τῷ
733 1742 867 1839 μηδὲ
895 1742 993 1837 τὴν
1021 1742 1249 1840 εἰρήνην
1273 1770 1338 1823 ἂν
1376 1768 1674 1838 δυνηθῆναι
1710 1742 1880 1822 aibant
1909 1742 2004 1837 μέέ
2035 1742 2077 1796 Β

442 1876 535 1927 χρι
569 1860 791 1923 πολλοῦ,
831 1861 921 1913 ἐπὶ
962 1860 1159 1928 σαθροῦ
1192 1878 1334 1924 τινος
1382 1860 1737 1930 ίδρυνθεῖσαν,
1773 1863 1869 1915 καὶ
1904 1862 2003 1928 τῆς

440 1947 699 2014 ἀληθείας
750 1948 878 2001 ἀλλο
916 1966 970 2003 τι
1024 1950 1250 2016 δόξομεν
1303 1952 1596 2020 προτιμᾷν,
1640 1951 1674 2021 ἢ
1711 1951 1847 2021 μόνη
1892 1952 2003 2004 τῶν

443 2038 655 2089 πολλῶν
705 2039 1081 2107 ἀναλωμάτων
1149 2041 1242 2093 καὶ
1288 2041 1466 2093 πόνων
1523 2040 1676 2102 τέλος
1707 2041 1905 2107 γένοιτ’
1936 2042 2003 2095 ἂν

443 2127 589 2191 ἄξιον
610 2144 625 2160 ·
668 2130 762 2182 καὶ
787 2129 1064 2198 πρόφασιν
1090 2131 1187 2199 μὲν
1213 2131 1309 2183 τοῦ
1341 2131 1618 2186 συνελθεῖν
1642 2132 1880 2186 ἐνταῦθα
1903 2134 2003 2202 τὴν

438 2219 569 2284 περὶ
624 2220 732 2272 τῶν
790 2220 1076 2289 δογμάτων
1130 2222 1359 2292 ἔρευναν
1412 2219 1575 2288 εῖναι,
1618 2223 1679 2276 τὸ
1728 2226 1773 2277 δ’
1802 2224 2040 2305 ἀληθὲς.

437 2310 595 2378 ἥκειν
648 2312 915 2374 ἑκάστους
967 2313 1183 2375 ἑαυτοῖς
1241 2315 1449 2381 ἀγαθόν
1498 2333 1550 2368 τι
1573 2315 2005 2385 περιποιησομέ-

450 2418 595 2464 νους,
630 2402 721 2454 καὶ
752 2402 846 2454 τὸν
883 2403 1024 2456 κατὰ
1056 2402 1229 2455 ταῦτα
1260 2403 1375 2472 βίον
1399 2404 1611 2473 ἀμείνω
1665 2407 2001 2460 κατασκευά-

442 2508 654 2554 σοντας.
689 2493 878 2547 Ταῦτα
917 2493 962 2546 δ’
1014 2494 1161 2560 ὑμᾶς
1213 2496 1456 2563 ἠγοῦμαι
1512 2497 1729 2558 πάντως
1776 2498 2005 2564 φυλάξε-

440 2584 585 2646 σθαι,
634 2584 709 2646 ὡς
758 2586 890 2636 πᾶσι
941 2584 1195 2655 μᾶλλονῆ
1224 2586 1530 2654 ἀνθρώποις
1555 2587 1661 2639 ὑπὸ
1684 2589 1780 2639 τοῦ
1835 2587 2005 2641 Πνεῦ-

444 2693 610 2744 ματος
637 2678 931 2745 ἀγομένοις
963 2662 1063 2732 καί
1087 2680 1186 2747 τὴν
1217 2679 1481 2748 ἀλήθειαν
1515 2680 1829 2749 προτιμῶσι
1866 2681 2002 2734 πάν-

437 2786 547 2822 των
578 2771 647 2838 ἀρ
656 2772 943 2839 μόττοντα.

511 2861 719 2912 Οὐκοῦν
741 2863 953 2913 ἐκείνου
978 2862 1070 2914 καὶ
1118 2861 1333 2929 πρώτου
1393 2860 1490 2915 καὶ
1542 2862 1746 2929 μᾶλλον
1799 2861 2001 2932 πρέπει

439 2954 746 3020 φροντίσαι,
774 2947 835 3005 οῦ
856 2954 915 3005 τὸ
946 2952 1224 3021 προσῆκον
1274 2954 1444 3020 πέρας
1489 2954 1872 3022 ἀπειληφότος,
1906 2955 2003 3007 αὑ-

2113 515 2216 561 tem
2248 509 2329 561 vel
2366 510 2681 565 maximam.
2713 509 2849 563 Cum
2877 510 3039 578 igitur
3065 508 3259 561 horum
3285 506 3540 568 duorum,
3574 519 3672 571 pro

2108 595 2308 663 quibus
2361 608 2468 650 tam
2510 598 2711 652 multos
2765 597 2979 652 labores
3031 596 3391 662 suscepimus,
3436 588 3668 646 alterum

2107 688 2321 755 egregie
2378 687 2817 755 praestiterimus,
2871 687 3129 740 nimirum
3172 685 3419 739 veritatis
3475 682 3665 750 cogui;

2108 770 2345 842 tienem‘;
2385 793 2606 832 necesse
2637 780 2860 832 omnino
2890 787 2974 832 est
3006 778 3235 830 alterum
3272 788 3489 842 quoque
3527 788 3661 827 con-

2107 876 2394 935 sequatur.
2432 868 2667 922 Veritate
2695 868 2837 923 enim
2880 868 3065 937 agnita
3103 881 3284 920 rerum
3313 878 3432 933 qua:
3470 879 3659 916 versa-

2108 957 2304 1011 bantur
2357 959 2411 1012 iu
2447 960 2845 1023 controversia,
2895 959 3033 1011 nihil
3088 958 3195 1012 erit
3245 956 3479 1023 amplius
3518 954 3665 1022 quod

2107 1056 2324 1103 nostros
2360 1049 2573 1102 animos
2619 1048 2920 1119 disiungat,
2956 1058 3239 1115 totumque
3281 1055 3550 1099 terrarum
3578 1057 3669 1095 or-

2106 1140 2227 1193 bem
2288 1141 2544 1194 similiter
2595 1141 2867 1196 distrahat
2913 1154 3142 1207 :neque
3192 1138 3337 1192 enim
3391 1135 3459 1190 de
3509 1143 3669 1189 terra:

2106 1231 2379 1293 conﬁniis,
2409 1241 2503 1286 aut
2533 1233 2788 1301 pecunia,
2820 1241 2913 1286 aut
2945 1230 3141 1285 insulis
3164 1241 3216 1283 et
3246 1228 3477 1282 urbibus
3511 1242 3672 1281 recu-

2106 1322 2359 1390 perandis
2383 1323 2541 1375 otiosi
2567 1322 2902 1389 litigabimus
2928 1338 2944 1386 ;
2977 1336 3150 1389 neque
3176 1334 3399 1389 prorsus
3427 1319 3566 1372 hanc
3594 1317 3666 1372 ob
3732 1372 3735 1375 .

2104 1426 2324 1465 causam
2358 1411 2583 1481 profecti
2613 1427 2825 1474 sumus,
2858 1427 3032 1480 neque
3066 1411 3177 1464 fieri
3211 1418 3386 1479 potest
3448 1418 3505 1462 ut
3537 1421 3665 1477 pro-

2104 1513 2223 1572 pter
2256 1502 2370 1556 hmc
2398 1504 2654 1557 omnibus
2682 1511 2871 1557 contra
2903 1517 3093 1556 omnes
3123 1502 3189 1554 lis
3223 1501 3455 1554 oriatur.
3484 1499 3589 1553 Sed
3619 1498 3665 1553 si

2105 1609 2295 1663 pacem
2352 1594 2707 1648 conficiamus
2761 1594 2897 1646 citra
2945 1591 3154 1646 ﬁrmam
3207 1593 3273 1645 de
3316 1588 3666 1658 dogmatibus

2106 1686 2546 1751 consensionem,
2580 1701 2853 1755 unamque
2897 1701 2925 1739 a
2966 1685 3182 1740 cunctis
3227 1690 3499 1751 receptam
3542 1695 3665 1734 scn-

2108 1779 2331 1831 tentiam
2366 1779 2432 1831 de
2476 1778 2544 1832 iis
2576 1792 2699 1846 qua
2734 1779 2893 1831 modo
2926 1784 3231 1830 tractantur
3258 1791 3273 1839 ;
3305 1782 3663 1844 praeterquam

2107 1868 2251 1938 quod
2294 1883 2478 1936 pacem
2520 1868 2611 1922 diu
2647 1883 2973 1922 conservare
3016 1883 3120 1921 non
3157 1867 3478 1935 poterimus,
3504 1862 3667 1917 debili

2109 1959 2460 2014 fundamento
2492 1960 2763 2025 innixam,
2796 1960 3102 2013 videbimur
3122 1960 3285 2012 etiam
3319 1956 3528 2010 veritati
3562 1953 3668 2020 ipsi

2108 2052 2309 2119 aliquid
2368 2052 2512 2105 aliud
2571 2066 2922 2121 prteponere,
2976 2066 3097 2119 qua:
3132 2064 3236 2103 una
3294 2049 3492 2115 dignus
3539 2045 3661 2099 linis

2108 2143 2379 2198 exstiterit
2424 2144 2718 2197 multorum
2778 2151 3089 2209 sumptuum
3151 2151 3311 2209 atque
3370 2138 3666 2191 laborum:

2109 2234 2379 2288 videbitur
2417 2249 2637 2303 quoque
2688 2232 3045 2302 profectionis
3079 2242 3279 2286 nostra:
3327 2244 3448 2282 vera
3501 2240 3666 2281 causa

2109 2342 2215 2382 non
2251 2328 2421 2381 fuisse
2454 2326 2732 2395 inquisitio
2765 2325 3101 2391 dogmatum,
3158 2322 3251 2377 sed
3284 2330 3344 2374 ut
3373 2319 3670 2385 unusquis-

2107 2434 2214 2488 que
2238 2418 2365 2471 boni
2397 2418 2600 2487 aliquid
2650 2418 2906 2481 lucretur,
2943 2425 2997 2470 et
3045 2416 3168 2467 vitae
3207 2413 3350 2482 quod
3399 2418 3665 2474 superest,

2109 2510 2358 2563 traducat
2401 2508 2722 2577 jucundius.
2756 2508 2877 2562 ila-c
2910 2514 3095 2561 autem
3139 2520 3235 2557 vos
3270 2505 3426 2572 plane
3464 2502 3668 2554 devita-

2108 2611 2257 2654 turos
2280 2599 2556 2665 existimo,
2590 2608 2648 2653 ut
2679 2599 2853 2652 cuivis
2877 2598 3056 2667 potius
3085 2593 3435 2663 congruentia
3504 2606 3666 2659 quam

2111 2690 2468 2754 hominibus,
2518 2691 2610 2759 qui
2662 2691 2867 2761 Spiritu
2919 2690 3219 2753 ducuntur,
3274 2686 3670 2763 veritatemque

2108 2785 2359 2841 omnibus
2392 2785 2711 2854 praeferunt.

2180 2878 2254 2932 De
2279 2878 2369 2931 illo
2393 2877 2553 2947 igitur
2579 2887 2631 2930 et
2660 2876 2837 2945 primo
2858 2876 2980 2929 loco
3020 2883 3071 2927 et
3098 2873 3269 2940 magis
3300 2881 3381 2927 cst
3413 2869 3626 2936 cogitnn
3647 2895 3666 2908 -

2109 2968 2236 3021 dum
2266 2987 2279 3033 ;
2318 2967 2462 3036 quod
2499 2966 2545 3021 si
2581 2966 2647 3020 ad
2682 2966 2921 3021 debitum
2958 2964 3285 3033 perducatur
3320 2963 3504 3023 finem,
3541 2973 3668 3009 con-

436 3044 566 3098 τίκα
601 3045 669 3097 τὰ
703 3045 937 3113 κρείττω
967 3045 1063 3097 καὶ
1116 3046 1244 3114 περὶ
1288 3047 1396 3098 τῶν
1464 3046 1772 3099 ὑπολοίπων
1825 3047 1999 3110 ἔξεστι

2109 3060 2263 3111 tinuo
2302 3058 2511 3123 reliqua
2542 3057 2704 3110 etiam
2741 3071 3003 3124 prospera
3036 3062 3163 3109 sunt
3193 3050 3572 3120 exspectanda.
3606 3047 3662 3101 Si

436 3138 767 3207 προσδοκᾷν.
803 3138 903 3189 “Av
936 3138 1046 3203 γὰρ
1077 3136 1177 3206 τὴν
1228 3138 1488 3204 ἀλήθειαν
1526 3142 1664 3190 πᾶσι
1707 3141 1811 3207 μὲν
1837 3139 2007 3207 ζητῆσ-

441 3248 534 3281 σαι
564 3230 787 3298 τρόποις
813 3228 1155 3293 θελήσωμεν,
1193 3231 1460 3298 φανεῖσαν
1492 3230 1549 3282 δὲ
1591 3230 1861 3299 ’ἁρπάσαι
1909 3232 2006 3284 καὶ

439 3324 759 3390 κατασχεῖν,
816 3321 1126 3387 ἀναλάμψει
1165 3321 1264 3389 μὲν
1304 3321 1363 3371 τὸ
1403 3320 1501 3388 τῆς
1533 3322 1784 3389 ὁμονοίας
1818 3321 2003 3384 καλὸν,

440 3413 500 3464 τὸ
525 3411 582 3464 δὲ
611 3411 707 3463 τοῦ
773 3412 1072 3479 σχίσματος
1125 3412 1419 3480 λυθήσεται
1465 3412 1642 3477 νέφος·
1680 3411 1775 3463 καὶ
1821 3411 2005 3463 οὐκέτι

443 3505 831 3573 προστιθέντες
854 3504 1040 3565 κακῶς
1068 3504 1101 3572 ἢ
1157 3502 1586 3569 φιλονεικοῦντες
1616 3503 1846 3569 ἀλόγως,
1898 3504 2006 3558 τῶν

444 3595 692 3662 ἀδελφῶν
743 3594 1269 3665 ἀπορῤαγησόμεθα.
1299 3591 1406 3645 Τοῦ
1437 3594 1493 3646 δὲ
1526 3596 1714 3664 μίσους
1764 3596 1858 3647 καὶ
1907 3597 2005 3662 τῆς

440 3687 634 3753 ἀηδίας
665 3685 807 3737 οὑτω
834 3686 1129 3748 λυθέντων,
1180 3685 1567 3754 μεταδώσομεν
1598 3686 1850 3754 ἀλλήλοις
1895 3688 2007 3739 τῶν

444 3778 576 3843 παρ’
605 3778 735 3846 ἡμῖν
775 3777 1017 3843 ἀγαθῶν,
1051 3777 1141 3827 καὶ
1171 3775 1423 3843 καθάπερ
1470 3776 1687 3839 οἰκείοις
1719 3777 1814 3830 καὶ
1869 3794 2004 3843 συγ-

441 3869 633 3936 γενέσι
664 3867 1001 3936 χρησόμεθα·
1039 3868 1132 3919 καὶ
1162 3867 1297 3928 ὅλως
1324 3866 1423 3919 οὑκ
1453 3866 1565 3918 ἐσθ’
1586 3867 1614 3920 ὃ
1647 3884 1699 3919 τι
1732 3867 1842 3920 τῶν
1873 3870 2008 3935 ἀγα-

441 3960 553 4012 θῶν
580 3960 677 4026 οὑχ
704 3957 894 4024 ἕψεται
925 3957 1291 4025 παραχρῆμα.
1343 3957 1486 4024 Ἐγὼ
1509 3957 1553 4008 δ’
1580 3958 1787 4026 εἴποιμ’
1813 3958 1900 4024 ἀν,
1932 3959 2008 4021 ὡς

442 4052 493 4102 εί
528 4051 624 4102 καὶ
652 4050 758 4099 τῶν
784 4048 1139 4116 ὑπαρχόντων
1170 4048 1470 4116 ἐμέλλομεν
1505 4049 1797 4109 ἐκπίπτειν
1829 4050 2006 4102 ἀπαν-

440 4157 573 4202 των,
604 4140 695 4193 καὶ
737 4139 971 4206 πένητες
998 4139 1093 4190 καὶ⁵
1117 4138 1294 4201 ἄδοξοι
1342 4139 1442 4207 τὴν
1488 4140 1821 4209 οἰκουμένην
1851 4157 2008 4208 περι-

444 4230 651 4281 νοστεῖν
672 4228 736 4279 ὲκ
749 4224 847 4279 τοῦ
871 4224 1131 4293 πλείστην
1154 4227 1415 4294 φροντίδα
1430 4226 1619 4280 θέσθαι
1636 4229 1735 4298 τῆς
1749 4229 2007 4298 ἀληθείας

440 4317 535 4368 καὶ
567 4314 696 4383 περὶ
728 4312 934 4395 ταύτης
985 4313 1288 4383 σκέψασθαι
1352 4313 1651 4384 προῦργου,
1712 4318 1834 4386 μηδ’
1861 4317 2006 4370 οὕτω

2105 3147 2248 3200 enim
2287 3147 2461 3199 modis
2490 3145 2743 3200 omnibus
2774 3145 3055 3198 veritatem
3093 3155 3358 3211 quaerere,
3397 3147 3451 3191 et
3490 3137 3662 3189 visam

2104 3237 2344 3302 arripere
2371 3249 2435 3288 ac
2468 3234 2700 3288 retinere
2728 3235 2981 3295 velimus,
3007 3232 3276 3286 elucescet
3296 3228 3511 3297 quidem
3537 3240 3668 3277 cou—

2104 3324 2305 3379 cordia:
2348 3324 2574 3384 bonum,
2611 3322 2937 3376 discutietur
2971 3332 3150 3373 autem
3202 3314 3520 3371 schisniatis
3567 3329 3673 3364 uu-

2107 3415 2199 3469 bes
2236 3430 2253 3466 :
2294 3428 2471 3479 neque
2521 3412 2659 3465 ultra
2704 3421 2798 3465 aut
2833 3411 3031 3479 iniquis
3075 3406 3540 3478 aggressionibus,
3575 3410 3668 3455 aut

2086 3506 2260 3559 vanis
2294 3504 2795 3559 concertationibus
2822 3502 3176 3569 scjungemur
3206 3512 3234 3551 a
3274 3494 3555 3550 fratribus.
3588 3493 3664 3545 ita

2106 3611 2271 3665 porro
2320 3595 2531 3649 sublato
2588 3594 2737 3657 odio,
2802 3592 3137 3661 placatisque
3182 3589 3392 3643 aversis
3444 3585 3667 3645 animis.

2107 3688 2267 3764 alteri
2312 3702 2435 3740 cum
2483 3686 2669 3740 alteris
2717 3685 2853 3737 bona
2900 3691 3084 3736 nostra
3119 3677 3667 3739 communicabimus,

2078 3776 2464 3845 'afliniumque
2513 3784 2567 3829 et
2598 3783 2960 3845 cognatorum
3011 3774 3131 3827 loco
3175 3770 3535 3825 habebimus:
3569 3781 3670 3820 nec

2106 3872 2213 3925 erit
2238 3870 2405 3923 ullum
2439 3870 2665 3922 omnino
2692 3869 2917 3927 bonum,
2950 3864 3094 3935 quod
3136 3878 3242 3916 non
3284 3862 3410 3916 site
3440 3857 3668 3926 vestigio

2106 3968 2448 4016 secuturum.
2492 3959 2602 4027 Ego
2633 3972 2762 4011 vero
2793 3957 2955 4011 etiam
2985 3952 3238 4016 dixerim,
3272 3949 3372 4004 etsi
3402 3949 3668 4001 bonorum

2105 4053 2354 4107 omnium
2386 4050 2656 4118 jacturam
2690 4063 2937 4103 essemus
2968 4044 3189 4108 facturi,
3216 4050 3271 4096 et
3304 4038 3549 4109 vagaturi
3576 4051 3673 4106 per

2106 4143 2290 4196 orbem
2320 4142 2508 4209 inopes
2536 4150 2590 4196 et
2631 4138 2845 4211 iuglorii
2887 4146 3103 4208 propter
3150 4135 3443 4189 maximam
3474 4131 3540 4183 de
3582 4143 3675 4181 ve-

2106 4236 2267 4289 ritate
2313 4233 2757 4298 sollicitudinem,
2803 4239 2857 4285 et
2888 4230 3085 4285 seriam
3123 4227 3243 4296 ejus
3271 4224 3673 4281 tractationem,

2108 4326 2243 4379 nihil
2287 4333 2467 4378 tamen
2498 4326 2565 4378 de
2610 4323 2796 4377 studio
2839 4336 2949 4389 quo
2987 4321 3133 4374 illam
3172 4317 3519 4386 inquirimus,
3552 4324 3676 4365 esse

438 4411 548 4487 δεῖν
578 4410 675 4477 τῆς
724 4406 856 4475 περὶ
882 4406 1085 4475 ταύτην
1130 4406 1365 4474 σπουδῆς
1408 4408 1588 4461 ὁτιοῦν
1640 4409 2004 4477 καθυφεῖναι·

2113 4419 2340 4473 omnino
2399 4415 2829 4477 remittendum;
2888 4426 2990 4465 nee
3042 4410 3187 4465 aliud
3246 4405 3672 4462 existimandum

446 4499 579 4566 μηδὲ
602 4495 849 4565 νομίζειν
882 4495 1010 4547 ἀλλο
1072 4512 1124 4548 τι
1185 4496 1245 4548 τὸ
1295 4498 1562 4565 ἡμέτερον
1604 4499 1809 4565 ἀγαθὸν
1865 4500 2004 4567 πλὴν

444 4588 669 4658 ταύτης,
697 4591 792 4641 καὶ
832 4587 934 4656 τὴν
963 4587 1317 4656 ἀνθρωπίνην
1346 4587 1715 4657 εὐδαιμονίαν.
1754 4588 1932 4644 Ὅπου
1953 4590 2011 4642 δὲ

448 4681 539 4731 καὶ
563 4680 732 4733 τάλλα
765 4679 855 4733 διὰ
880 4678 1089 4747 ταύτην
1125 4678 1257 4746 ἡμῖν
1286 4679 1593 4748 περιέσται,
1626 4680 1773 4733 οὕτω
1817 4697 1877 4733 τε
1906 4679 2007 4747 τῆς

447 4768 553 4821 τῶν
587 4770 928 4839 πραγμάτων
953 4769 1173 4837 φύσεως
1219 4771 1587 4840 ἀπαιτούσης,
1620 4771 1716 4823 καὶ
1744 4769 1838 4824 τοῦ
1871 4770 2009 4825 Θεοῦ

444 4861 615 4931 χάριν·
639 4862 770 4929 ἡμῖν
797 4862 893 4931 τῆς
925 4864 1056 4932 περὶ
1089 4863 1151 4914 τὸ
1190 4863 1479 4917 κάλλιστόν
1522 4879 1583 4917 τε
1613 4864 1709 4918 καὶ
1737 4863 2011 4919 θειότατον

442 4971 550 5022 πρα
564 4953 828 5023 γματείας
860 4956 1098 5008 ἐκτίνειν
1120 4954 1428 5018 ἐθέλοντος,
1462 4956 1582 5020 πῶς
1616 4956 1678 5010 οὐ
1714 4960 1810 5008 καὶ
1837 4956 2009 5027 ταύτῃ

440 5046 676 5113 μάλιστα
704 5046 799 5098 τοῦ
854 5048 1141 5116 χρήματος
1191 5049 1563 5113 φροντιστέον,
1624 5051 1719 5101 καὶ
1772 5049 2010 5100 σπουδα-

440 5135 594 5187 στέον
619 5136 753 5188 αὐτὸ
809 5136 993 5186 λαδεῖν
1044 5138 1145 5206 ὅση
1200 5136 1429 5204 δύναμις
1465 5153 1480 5202 ;
1510 5139 1633 5190 Ὅτι
1669 5139 1725 5191 δὴ
1763 5140 1883 5192 οὐδὲ
1911 5140 2012 5207 τῆς

442 5226 669 5292 εἰρήνης
697 5224 857 5277 ἄλλον
894 5228 1016 5276 τινὰ
1052 5228 1262 5296 τρόπον
1300 5229 1723 5299 καθισταμένης,
1753 5231 2010 5297 ἀσφαλῶς

440 5315 572 5380 ἡμῖν
631 5313 926 5364 ἀπολαύειν
976 5312 1212 5380 ἐξέσται,
1261 5314 1381 5367 ἀλλ’
1442 5315 1559 5376 ἑνός
1618 5332 1763 5377 τινος
1814 5316 2010 5384 ἀηδοῦς

440 5402 805 5470 ὁποτέρωθεν,
853 5400 942 5455 οἷα
996 5402 1148 5471 φιλεῖ
1197 5404 1469 5471 γίνεσθαι,
1519 5405 2010 5472 συμπεπτωκότος,

446 5494 720 5561 πρόφασιν
764 5495 1103 5563 ποιησόμεθα
1133 5497 1368 5564 πολέμου
1398 5497 1493 5550 καὶ
1550 5497 1733 5566 μάχης
1778 5497 1881 5564 τὴν
1914 5496 2013 5550 ἐπὶ

442 5584 554 5638 τῶν
594 5584 878 5650 δογμάτων
934 5587 1305 5654 ἁσυμϐασίαν,
1342 5589 1436 5640 καὶ
1487 5588 1649 5641 πάλιν
1704 5590 1879 5658 ὀνείδη
1919 5590 2011 5642 καὶ

445 5678 757 5743 συγγραφαὶ
790 5679 905 5729 κατ’
949 5678 1193 5747 ἀλλήλων
1227 5680 1408 5744 ἕξουσι
1441 5679 1644 5750 χώραν,
1702 5683 1793 5734 καὶ
1825 5682 1881 5733 τὸ
1909 5683 2011 5751 μά·

2113 4509 2310 4561 bonum
2346 4504 2611 4564 uestrum,
2647 4503 2763 4558 sive
2794 4502 3108 4554 felicitatem
3138 4500 3455 4557 humanam,
3481 4502 3675 4561 prteter

2112 4602 2249 4652 hanc
2294 4597 2492 4664 ipsam.
2536 4593 2670 4646 Cum
2727 4593 2893 4660 igitur
2936 4598 2992 4643 et
3050 4590 3256 4654 reliqua
3307 4596 3525 4655 propter
3553 4596 3670 4636 eam

2111 4701 2398 4742 accessura
2426 4685 2558 4744 sint,
2586 4685 2658 4738 ita
2691 4697 2876 4738 rerum
2918 4690 3111 4735 natura
3148 4679 3415 4745 exigente,
3452 4675 3674 4742 Deoquo

2112 4791 2211 4830 nos
2258 4784 2477 4845 propter
2523 4788 2661 4843 opus
2704 4771 3133 4842 pulcherrimum
3166 4783 3230 4821 ac
3271 4767 3671 4822 divinissimum

2114 4879 2468 4920 remunerare
2520 4865 2754 4927 volente,
2804 4878 2906 4916 cur
2949 4862 3092 4915 hanc
3125 4861 3287 4914 etiam
3332 4858 3403 4913 ob
3453 4870 3672 4912 causam

2112 4971 2216 5009 non
2266 4956 2335 5011 sit
2364 4956 2435 5011 dc
2484 4958 2585 5010 hac
2628 4972 2685 5009 re
2731 4955 2969 5008 maxime
3013 4951 3386 5021 cogitandum,
3438 4949 3676 5016 totisque
3750 4937 3756 4947 ’

2111 5050 2316 5103 viribus
2350 5049 2415 5103 ad
2470 5049 2864 5117 asscqucndnm
2913 5062 3031 5100 eam
3081 5044 3485 5098 laborandum?
3518 5042 3673 5107 Quod

2111 5150 2240 5189 vero
2280 5136 2325 5188 si
2355 5151 2455 5203 pax
2487 5136 2591 5189 alia
2633 5137 2827 5205 quavis
2870 5137 3078 5189 ratione
3127 5136 3237 5198 fiat,
3274 5135 3430 5189 nobis
3464 5149 3525 5188 ea
3559 5142 3677 5186 tuto

2112 5229 2213 5281 frui
2251 5242 2356 5280 non
2391 5226 2595 5291 licebit,
2628 5231 2721 5280 sed
2770 5242 2832 5281 ex
2864 5226 3070 5281 utravis
3102 5237 3277 5295 parte,
3327 5241 3385 5279 re
3420 5225 3672 5294 quapiam

2071 5326 2080 5338 '
2114 5318 2316 5371 minus
2340 5317 2577 5388 jucunda
2609 5317 2977 5387 contingente,
3013 5318 3137 5372 belli
3187 5333 3249 5371 ac
3283 5332 3474 5385 pugnze
3512 5330 3673 5370 ocra-

2113 5413 2195 5467 sio
2225 5412 2314 5465 fiet
2344 5411 2716 5477 discrepantia
2762 5414 3095 5479 dogniatum,
3130 5422 3182 5464 et
3232 5426 3423 5464 rursus
3464 5407 3677 5475 probris

2114 5510 2167 5554 et
2220 5500 2608 5569 scriptionibus
2660 5490 3048 5555 conflictationi
3104 5510 3302 5553 mutuae
3354 5500 3504 5549 locus
3548 5496 3670 5557 erit,

2112 5600 2164 5645 ct
2194 5592 2371 5644 inanis
2405 5581 2674 5645 videbitur
2708 5600 2818 5644 tota
2854 5592 2964 5644 hanc
2993 5604 3173 5643 rerum
3206 5582 3480 5640 inu'ovatio
3518 5604 3531 5638 :
3569 5599 3670 5648 ego

2114 5682 2330 5752 quidem
2372 5682 2676 5747 O:~lt‘lidcrt‘,
2717 5681 2968 5751 quamvis
3009 5679 3158 5733 nullo
3190 5676 3405 5745 negotio
3432 5675 3664 5744 possim,
