2085 3147
239 130 291 173 ιιι

787 132 920 162 GENNA
926 133 981 163 [ιιι
1003 134 1059 164 Cl‘.
1077 133 1338 166 PATRIARCHB

1748 147 1767 157 θ
1807 135 1865 169 ι-ιο

238 189 304 218 nolo
319 199 327 223 ;
345 197 390 218 res
406 193 495 217 autem
513 190 581 225 ipsa:
594 193 741 223 testantur,
764 190 828 224 quis
847 190 962 224 legendo
981 190 1044 221 αὖοι

1095 202 1153 220 αιον
1170 192 1241 220 εἶναι
1262 195 1353 221 δοκεῖν
1368 196 1461 221 πᾶσαν
1477 197 1591 230 ταυτηνὶ
1611 196 1658 230 τὴν
1674 196 1860 230 καινοτομίαν,

239 235 318 269 dicit,
333 236 442 270 quoties
460 236 486 262 in
504 236 576 262 hunc
593 235 705 262 modum
722 242 787 269 pace
801 235 872 263 inter
891 241 942 263 nos
956 243 1021 263 con-

238 280 323 312 tecta,
348 288 401 307 non
420 281 500 308 modo
516 281 581 308 lucri
598 281 667 308 nihil
691 288 706 307 a
732 281 814 308 nobis
838 281 951 313 factum,
973 282 1020 309 sed

241 326 313 353 malo
328 326 411 354 etiam
430 326 539 354 incaute
554 327 753 354 incrementum
770 326 918 361 adjectum.
934 326 1024 353 Taceo

242 379 307 398 vero
322 375 454 405 tempora,
468 377 496 399 et
511 379 554 399 res
566 377 667 406 gestas,
682 377 709 400 et
720 379 735 399 a
748 372 848 406 quibus
861 376 952 407 gestae,
964 378 1025 405 qua:

242 421 309 444 sunt
337 421 400 444 nota
425 417 548 452 plurimis
571 418 703 445 memoria
738 421 876 452 repetens,
904 417 1026 452 illudque

242 469 354 495 cavens,
370 470 406 490 ne
416 463 508 490 videar
522 463 665 490 traducere
682 462 803 497 aliquos.

282 550 311 578 Si
322 552 408 586 igitur
417 557 512 580 notum
532 560 585 580 non
602 557 677 580 esset
690 560 724 580 ex
742 552 836 579 multis
851 551 1025 586 superiorum

245 600 398 631 temporum
419 597 507 630 iactis,
523 605 604 632 quem
622 598 711 625 soleat
741 597 839 625 odus
872 597 925 624 iste
951 596 1028 630 pacis

248 642 350 671 exitum
365 642 477 674 habere,
493 643 540 670 sed
557 650 631 670 nunc
648 643 766 677 primunt
781 642 857 670 illius
873 642 1029 677 periculum

247 688 411 721 faceremus,
430 688 585 723 ignosceret
596 688 676 716 nobis
704 688 824 716 fortasse
837 687 986 722 quispiam,
1003 687 1030 713 iu

248 741 340 762 rerum
357 734 525 768 obscuritate
539 734 731 762 aberrautibus
745 734 780 762 ab
812 741 846 761 eo
872 734 943 769 quod
973 733 1032 760 ﬁeri

249 779 338 807 decet.
351 778 419 806 Cum
438 787 533 807 verum
552 784 591 807 tot
602 779 727 814 exempla
747 780 814 812 sint,
841 779 943 814 quibus
970 786 1032 813 per-

250 824 358 852 suaderi
371 824 448 852 nobis
464 830 549 860 potest
568 829 597 853 ut
622 825 697 852 illum
714 824 882 860 rejiciamus,
905 825 967 859 iure
982 831 1033 857 op-

1080 240 1136 273 ὲγὼ
1153 241 1202 274 μὲν
1223 242 1311 267 καίτοι
1330 241 1421 276 ῥᾴδιον
1436 242 1466 268 δν
1483 242 1512 267 οὐ
1530 241 1660 275 βούλομαι
1680 241 1777 274 δεῖξαι,
1793 241 1863 267 αὐτὰ

1079 286 1107 311 δὲ
1120 286 1153 312 τὰ
1167 286 1319 320 πράγματα
1346 287 1489 321 μαρτυρεῖ,
1504 287 1529 312 εῖ
1543 295 1585 318 τις
1601 284 1670 312 οἶδεν
1698 285 1861 318 ἀνεγνωκὼς

1078 330 1173 361 ὁσάκις
1188 331 1281 357 τοῦτον
1291 331 1336 357 τὸν
1350 332 1450 366 τρόπον
1468 332 1627 366 συνθέμενοι
1639 332 1708 366 πρδς
1721 332 1865 366 ἀλλήλους,

1082 375 1149 409 πρὸς
1163 375 1202 410 τῷ
1217 376 1300 411 μηδέν
1317 385 1343 402 τι
1358 377 1487 411 κερδᾶναι
1510 378 1558 402 καὶ
1571 377 1600 402 τὸ
1623 377 1709 403 δεινὸν
1733 377 1865 410 ἐλάθομεν

1081 420 1229 455 ηὐξηκότες
1242 429 1249 436 ·
1265 422 1334 455 σιγῶ
1349 422 1376 447 δὲ
1393 422 1506 456 καιροὺς
1520 422 1566 448 καὶ
1582 423 1734 457 πράγματα
1752 424 1799 448 καὶ
1821 421 1865 455 ὑφ’

1080 463 1118 491 ὧν
1133 467 1269 500 ἐπράχθη,
1296 467 1399 498 εἰδότας
1411 475 1440 492 τε
1462 467 1525 498 τοὺς
1543 467 1688 499 πλείστους
1713 468 1866 502 ἀναμιμνή-

1083 519 1168 542 σκων,
1181 511 1265 537 καὶτὸ
1273 512 1360 537 δοκεῖν
1369 512 1556 538 καθάπτεσθαι
1565 520 1646 538 τινων
1657 512 1865 547 εὐλαϐούμενος.

1120 558 1151 583 Εἰ
1179 558 1229 592 μὲν
1253 557 1344 583 τοίνυν
1370 558 1407 592 μὴ
1423 558 1554 593 πρόδηλον
1568 555 1601 593 ἦν
1614 559 1646 584 ὲκ
1672 558 1778 584 πολλῶν
1812 558 1866 584 τῶν

1084 602 1202 635 πρόσθεν
1217 603 1419 637 γεγενημένων,
1443 602 1504 629 ὅποι
1533 602 1583 636 τῆς
1606 602 1717 637 εἰρήνης
1740 602 1754 628 ὁ
1768 602 1868 635 τρόπος

1084 644 1162 678 οὗτος
1177 648 1282 680 πέφυκε
1297 647 1438 682 τελευτᾷν,
1460 647 1528 673 ἀλλὰ
1545 647 1593 673 νῦν
1615 644 1722 682 πρῶτον
1751 646 1867 680 ἔπειρὼ-

1088 692 1158 726 μεθα
1169 692 1275 724 τούτου,
1288 693 1354 723 ἴσως
1368 693 1400 719 άν
1410 701 1451 723 τις
1464 693 1529 727 ἡμῖν
1540 693 1748 725 συνεγίνωσκεν,
1762 693 1790 718 ὲν
1804 692 1869 726 άδη-

1086 737 1130 772 λίᾳ
1145 737 1316 772 πραγμάτων
1325 737 1372 764 τοῦ
1380 738 1530 772 πρέποντος
1545 736 1698 772 ἁμαρτοῦσι
1714 745 1720 752 ·
1735 736 1870 764 τοσούτων

1087 781 1114 808 δὲ
1134 782 1217 808 ὅντων
1232 782 1286 808 τῶν
1300 782 1460 817 δυναμένων
1491 781 1595 808 πείθειν
1622 782 1703 808 αὐτὸν
1730 782 1871 816 παραιτεῖ-

1091 826 1165 859 σθαι,
1182 826 1287 857 πάντας
1299 825 1375 860 οἶμαι
1401 826 1548 853 δικαιότατ’
1569 827 1602 853 ἂν
1620 827 1685 862 ἡμῖν
1702 825 1870 861 μέμψασθαι,

251 869 318 896 timo
330 874 395 904 puto
412 870 642 905 reprehendemur
652 870 686 897 ab
697 870 837 903 omnibus,
850 869 874 896 si
885 869 965 896 nobis
972 874 1036 895 cen-

1095 871 1121 898 iv
1139 871 1259 905 συμϐαίη
1276 871 1372 897 τοῦτον
1389 871 1528 904 ἑλομένοις
1550 871 1696 906 σφαλῆναι,
1716 871 1763 897 καὶ
1774 871 1870 897 ταυτόν

251 914 335 950 lingat
348 916 419 943 hunc
431 916 541 943 modum
550 915 732 951 deligentibus
740 922 849 947 errare,
862 919 889 942 et
901 914 929 941 in
943 913 1036 941 eadem

253 959 322 986 mala
336 960 436 991 delabi,
450 959 479 986 in
495 968 556 995 quae
565 960 604 987 illi
615 967 685 994 quos
699 964 777 988 antea
790 960 847 987 dixi
865 969 872 993 ί
884 959 957 994 quod
973 966 1038 987 eve.

253 1004 311 1031 niat
325 1004 436 1032 omnino
451 1012 564 1033 necesse
578 1010 631 1033 est.
649 1004 738 1033 Unum
755 1005 840 1041 igitur
857 1005 911 1034 hoc
940 1010 995 1039 est,
1011 1010 1039 1034 et

253 1049 383 1082 primum,
394 1053 421 1077 et
433 1050 594 1083 maximum,
614 1050 785 1085 Quapropter
801 1051 834 1077 ad
846 1050 1038 1079 inveniendam

256 1094 395 1121 veritatem
408 1095 563 1129 ponendum
580 1098 623 1123 est
634 1102 716 1123 omne
731 1094 852 1122 studium
866 1103 875 1128 ;
889 1096 961 1130 quod
992 1102 1041 1130 per

255 1138 328 1165 illam
343 1138 465 1173 eﬂecturi
475 1140 561 1168 simus
575 1148 606 1168 ea
622 1148 740 1177 quorum
752 1141 838 1176 gratia
851 1140 1040 1174 convenimus.

253 1190 281 1213 et
292 1193 356 1220 pace
369 1190 509 1221 perpetua,
520 1187 573 1214 Deo
588 1187 704 1222 propitio
716 1187 893 1219 conﬁcienda,
907 1185 1017 1213 fruituri
1031 1194 1040 1220 ς

254 1235 340 1265 utque
367 1232 457 1258 verius
483 1232 582 1262 dicam.
612 1231 684 1266 quod
713 1232 765 1259 hoc
791 1232 826 1259 sit
853 1231 933 1259 studii
955 1232 1040 1259 noslri

255 1281 335 1311 caput
350 1285 358 1309 ;
374 1282 467 1311 etquo
480 1279 590 1312 quidem
604 1282 728 1312 peracto,
740 1284 839 1305 caetera
852 1277 945 1304 omnia
974 1278 1042 1304 bene

256 1329 286 1351 se
299 1322 441 1350 habebunt
451 1344 460 1354 ,
475 1324 597 1361 neglecto
610 1332 685 1355 vero,
700 1331 751 1351 nec
767 1324 810 1350 illa
826 1328 889 1351 sunt
900 1331 915 1350 τι
932 1323 1039 1356 sapiens

261 1367 334 1394 tibus
349 1369 578 1403 magnifacienda,
598 1377 646 1396 nec
659 1373 739 1395 erunt
755 1369 829 1400 talia,
858 1372 887 1395 ut
901 1372 929 1395 et
958 1369 1043 1395 hone-

259 1413 380 1440 stissima
396 1419 422 1441 et
437 1414 580 1441 utilissima
591 1415 655 1441 sint.
668 1414 792 1441 Alterum
821 1422 886 1441 vero
896 1419 949 1446 est,
970 1413 1044 1448 qund

261 1458 389 1485 omnibus
404 1458 560 1486 hominibus
572 1459 723 1493 jucundum
739 1463 791 1492 est,
807 1463 834 1485 et
850 1466 894 1485 res
922 1459 1042 1486 omnium

261 1503 450 1530 suavissimam
468 1503 548 1530 vitam
569 1503 621 1530 sibi
638 1504 664 1531 in
683 1510 750 1538 pace
776 1510 835 1531 esse
852 1511 859 1529 :
884 1503 947 1530 huic
971 1504 1042 1530 enim

261 1549 330 1575 illud
363 1548 537 1583 coniunctum
567 1553 610 1577 est
650 1549 722 1583 quod
750 1556 831 1577 nemo
864 1548 967 1576 nemini
992 1548 1045 1576 vim

261 1598 376 1628 cogalur
404 1593 512 1625 afferre,
538 1594 674 1622 sedliceat
700 1593 818 1620 fortunis
840 1593 881 1620 uti
914 1600 977 1621 cum
1002 1599 1050 1620 vo-

262 1638 375 1672 luptate,
405 1638 606 1673 tranquilleque
637 1639 718 1666 vitam
743 1638 974 1671 traducere;quo
1001 1644 1050 1671 po-

264 1685 404 1712 tissimum
423 1684 595 1720 dignoscitur
606 1692 666 1719 qua:
679 1685 714 1712 sit
728 1685 783 1712 vita
792 1685 921 1712 humana.
933 1683 1051 1710 Omnino

265 1731 338 1758 enim
354 1738 430 1757 arma
447 1735 474 1758 et
486 1737 594 1765 pugnae,
615 1734 642 1757 et
659 1730 780 1757 acierum
806 1729 1011 1760 instructiones,
1023 1734 1051 1756 et

265 1776 396 1804 collocata
408 1776 435 1803 in
451 1775 565 1803 urbibus
576 1775 712 1810 praesidia,
739 1779 766 1802 et
790 1781 887 1802 omnes
918 1774 1050 1801 bellorum

264 1826 409 1857 apparatus
427 1822 500 1856 pacis
514 1828 596 1848 causa
612 1825 687 1852 sunt,
703 1821 826 1855 fiuntque
842 1823 872 1847 ut
896 1820 952 1847 vita
964 1819 1052 1854 possit

265 1858 327 1894 cum
343 1875 407 1902 pace
423 1866 546 1901 transigi.
566 1866 684 1893 Possunt
698 1871 788 1892 autem
803 1869 862 1892 tuto
890 1872 984 1899 pacem
1001 1865 1051 1891 ha-

267 1914 341 1945 bere,
358 1913 403 1948 qui
419 1913 458 1940 vel
474 1913 545 1939 nulla
559 1919 673 1946 prorsus
684 1911 718 1938 de
736 1918 764 1938 re
780 1915 897 1943 certant,
917 1912 959 1938 vel
987 1910 1051 1945 qni-

268 1960 382 1987 busdam
401 1957 607 1985 conditionibus
624 1957 761 1984 dirimunt
783 1956 999 1988 controversias,
1023 1959 1052 1983 ct

268 2005 340 2038 quod
351 2005 456 2038 justum
474 2007 516 2030 est
531 2003 589 2037 pari
605 2003 745 2029 voluntate
759 2002 975 2036 amplectuntur,
993 2000 1053 2028 exi-

269 2052 412 2079 stimantes
424 2057 454 2077 se
468 2056 518 2076 nec
532 2049 585 2083 pati
602 2047 743 2082 injuriam,
753 2054 803 2074 nec
814 2046 924 2074 inferre.
941 2045 992 2079 Qui
1003 2053 1050 2073 ve-

272 2105 302 2124 ro
316 2094 625 2131 deponuntinimicitias
637 2093 759 2120 nondum
787 2092 931 2128 egstinctis
963 2091 1054 2126 queri-

272 2143 444 2175 moniis,lros
458 2141 557 2169 bellum
573 2148 625 2167 non
651 2140 767 2172 mittere,
794 2138 841 2166 scd
872 2138 1053 2165 intermittere

1087 925 1113 944 τι
1143 917 1242 944 παθεῖν
1272 918 1329 949 τοῖς
1355 917 1402 944 καὶ
1418 917 1551 952 πρότερον
1566 917 1733 952 εἰρημένοις,
1764 917 1778 943 δ
1798 917 1871 942 πᾶσα

1089 964 1187 990 παθεῖν
1202 964 1321 998 ἀνάγκη.
1351 964 1400 990 Ἕν
1419 964 1468 998 μὲν
1482 963 1513 997 δὴ
1528 963 1608 989 τοῦτο
1625 963 1672 989 καὶ
1688 962 1796 997 πρῶτον
1825 962 1871 988 καὶ

1091 1010 1221 1044 μέγιστον
1234 1017 1242 1026 ο
1261 1010 1303 1036 διὸ
1332 1010 1400 1044 πρὸς
1412 1008 1462 1044 τὴν
1479 1009 1527 1043 τῆς
1545 1008 1673 1043 ἀληθείας
1697 1007 1804 1042 εὓρεσιν
1821 1008 1871 1032 τεῶ

1091 1064 1141 1082 σαν
1150 1055 1191 1082 δεῖ
1202 1054 1403 1081 καταϐαλέσθαι
1420 1054 1548 1090 σπουδὴν,
1579 1054 1617 1085 ὠς
1640 1054 1727 1088 ταύτῃ
1751 1055 1819 1089 μόνῃ
1835 1050 1872 1078 ὧν

1090 1097 1182 1125 εἵνεκα
1195 1097 1418 1133 συνεληλύθαμεν
1429 1097 1673 1132 διαπραξομένους,
1687 1098 1734 1124 καὶ
1748 1097 1798 1131 τῆς
1825 1097 1872 1123 σὺν

1090 1140 1150 1175 Θεῷ
1176 1141 1362 1176 γενησομένης
1384 1142 1512 1176 εἰρήνης,
1527 1142 1607 1176 μέχρι
1627 1142 1727 1173 παντδς
1754 1140 1874 1167 ἀπολαύ-

1092 1194 1198 1217 σοντας·
1217 1186 1317 1221 μᾶλλον
1336 1187 1359 1213 δ’
1375 1187 1473 1220 εἰπεῖν,
1499 1186 1537 1218 ὡς
1564 1186 1644 1214 τοῦτο
1675 1186 1823 1221 κεφάλαιον
1845 1185 1874 1211 δν

1091 1232 1140 1265 τῆς
1156 1232 1297 1267 ἡμετέρας
1314 1233 1433 1266 σπουδῆς
1444 1241 1451 1248 ·
1473 1233 1520 1258 καὶ
1535 1230 1565 1259 οὗ
1581 1232 1728 1267 γενομένου
1751 1232 1809 1266 μὲν,
1828 1232 1874 1257 καὶ

1092 1276 1176 1302 τᾶλλα
1192 1277 1272 1304 πάνθ’
1290 1277 1346 1308 ἔξει
1364 1277 1453 1308 καλῶς
1467 1286 1474 1293 ·
1491 1277 1664 1312 ἡμελημένου
1681 1277 1719 1309 δὲ,
1734 1276 1788 1303 οὐδ’
1803 1277 1875 1303 ὲκεῐυ

1093 1329 1145 1347 νων
1161 1321 1194 1347 ἂν
1208 1321 1250 1354 εἴη
1269 1322 1396 1354 τοσοῦτος
1415 1323 1471 1354 τοῖς
1486 1322 1532 1348 νοῦ
1548 1322 1689 1357 μετέχουσι
1716 1321 1804 1355 λόγος,
1821 1321 1875 1346 οὐδ’

1092 1366 1124 1392 ἂν
1138 1366 1228 1400 μέλλοι
1239 1367 1370 1393 κάλλιστα
1382 1369 1428 1393 καὶ
1436 1367 1734 1400 λυσιτελέσταταὲξιιν.
1745 1367 1877 1400 Δεύτερον

1093 1412 1134 1443 δὲ,
1151 1413 1192 1439 ὅτι
1214 1413 1243 1439 τὺ
1259 1413 1309 1447 μὲν
1323 1413 1435 1448 εἰρήνην
1450 1414 1527 1447 ἄγειν
1546 1413 1596 1448 ἡδὺ
1614 1414 1697 1439 πᾶσιν
1711 1412 1876 1447 ἀνθρώποις,

1095 1458 1142 1484 καλ
1158 1458 1269 1485 πάντων
1283 1459 1392 1493 ἥδιστον
1402 1467 1409 1474 ·
1426 1460 1513 1494 τούτῳ
1526 1460 1579 1494 γὰρ
1593 1459 1702 1485 σύνεστι
1722 1458 1771 1492 μὲν
1782 1459 1811 1484 τὸ
1827 1466 1878 1492 μη-

1096 1504 1158 1530 δένα
1173 1504 1288 1538 ζημιοῦν
1302 1505 1516 1537 ἀναγκάζεσθαι,
1542 1504 1572 1530 τὸ
1590 1505 1618 1531 δὲ
1644 1505 1701 1535 τοῖς
1728 1503 1879 1537 ὑπάρχουσι

1098 1551 1215 1585 χρῆσθαι
1231 1551 1291 1584 μεθ’
1306 1552 1403 1585 ἡδονῆς
1417 1552 1574 1585 ἐνυπάρχει,
1590 1550 1636 1577 καὶ
1653 1550 1683 1577 τὸ
1706 1551 1754 1576 σὺν
1778 1549 1879 1584 ήμερὸ·

1098 1605 1159 1631 τητι
1171 1597 1220 1631 ζῇν
1230 1605 1236 1611 ·
1251 1597 1264 1622 ὃ
1275 1597 1391 1631 μάλιστα
1402 1597 1453 1631 τῆς
1467 1597 1641 1632 ἀνθρωπίνης
1656 1596 1760 1631 διαίτης
1775 1595 1880 1629 πέφυκε

1099 1643 1255 1677 γνώρισμα.
1274 1643 1329 1669 Καὶ
1344 1642 1412 1673 ὅλως
1428 1643 1497 1668 ὅπλα
1516 1651 1545 1668 τε
1561 1643 1609 1668 καὶ
1627 1642 1712 1676 μάχαι
1728 1641 1776 1667 καὶ
1789 1649 1881 1674 παρα-

1100 1688 1191 1721 τάξεις
1208 1689 1255 1714 καὶ
1265 1690 1382 1722 φρουραὶ
1402 1689 1505 1715 πόλεων
1520 1688 1567 1715 καὶ
1587 1689 1673 1715 πᾶσαι
1689 1687 1814 1721 πολέμων
1831 1695 1881 1713 πα-

1103 1734 1235 1769 ρασκευαὶ
1248 1734 1297 1767 τῆς
1312 1735 1425 1769 εἰρήνης
1437 1735 1518 1769 χάριν
1535 1734 1599 1764 εἰσὶ,
1615 1733 1663 1759 καὶ
1676 1733 1724 1759 τοῦ
1741 1733 1808 1767 μετὰ
1818 1732 1881 1757 ταύ-

1101 1789 1150 1814 της
1165 1780 1297 1807 δύνασθαι
1315 1781 1364 1815 ζῇν
1392 1780 1474 1807 ἕνεκα
1504 1780 1634 1814 γίνονται.
1653 1780 1731 1805 Ἔστι
1751 1779 1777 1804 δὲ
1793 1777 1882 1808 καλῶς

1101 1825 1252 1860 εἰρηνεύειν
1267 1825 1329 1855 τοὺς
1344 1825 1360 1858 ἦ
1379 1825 1501 1859 μηδόλως
1527 1825 1556 1850 ὲν
1569 1824 1655 1850 οὐδενί
1671 1832 1735 1850 ποτε
1758 1823 1883 1856 διαφερο-

1103 1871 1212 1905 μένους,
1228 1870 1244 1905 ἢ
1260 1870 1407 1905 συνθήκαις
1422 1871 1477 1896 τισὶ
1492 1870 1604 1900 λύοντας
1618 1870 1666 1901 τὰς
1689 1868 1884 1903 διαφορὰς,καὶ

1101 1916 1151 1952 τὴν
1161 1916 1246 1951 αὐτὴν
1258 1918 1322 1951 περὶ
1336 1916 1389 1942 τῶν
1404 1916 1519 1942 δικαίων
1538 1915 1650 1950 ἔχοντας
1678 1915 1802 1949 γνώμην,
1821 1914 1885 1948 μήτ’

1102 1960 1254 1988 ἀδικεῖσθαι
1274 1960 1337 1995 μήτ’
1353 1960 1459 1986 ἀδικεῖν
1472 1959 1605 1993 ἀλλήλους
1628 1959 1799 1993 νομίζοντας.
1814 1958 1885 1989 Τοὺς

1102 2006 1130 2033 δὲ
1153 2006 1316 2039 σωζομένων
1329 2005 1369 2031 ἔτι
1382 2005 1436 2031 τῶν
1449 2005 1631 2039 ἐγκλημάτων
1643 2003 1885 2038 διαλλαττομένους
1911 2037 1913 2039 _

1102 2052 1227 2086 ἀλλήλοις
1258 2051 1330 2077 εἴποι
1353 2059 1395 2080 τις
1422 2051 1455 2077 ἂν
1484 2051 1514 2076 οὺ
1535 2052 1634 2077 παύειν
1657 2049 1714 2076 ἀλλ’
1737 2048 1886 2075 ἀναπαύειν

1103 2097 1148 2123 τδν
1167 2096 1296 2130 πόλεμον,
1313 2096 1360 2122 καὶ
1379 2095 1469 2122 ὅπλων
1481 2096 1637 2130 ἀνακωχὴν,
1653 2096 1683 2121 οὺ
1696 2095 1788 2130 μάχης
1803 2095 1887 2121 κατά-

1103 2142 1180 2169 λυσιν
1195 2142 1369 2177 οὐδἐἰρήνην
1381 2141 1450 2168 εἶναι
1465 2143 1494 2168 τὸ
1521 2142 1646 2176 πρᾶγμα.
1662 2140 1728 2167 Οὐδὲ
1742 2141 1795 2175 γὰρ
1805 2148 1886 2174 προσ-

275 2189 375 2217 dixerit
390 2188 536 2223 quispiam,
554 2192 580 2213 et
596 2185 721 2213 inducias
749 2185 847 2217 facere,
875 2191 929 2210 non
956 2190 1044 2217 pacen

1106 2191 1183 2218 ἐσται
1213 2191 1273 2221 ταῖς
1295 2189 1475 2224 φαινομέναις
1505 2187 1664 2221 διαλλαγαῖς
1687 2188 1734 2213 καὶ
1760 2186 1791 2212 τὸ
1818 2185 1889 2211 κατὰ

274 2241 322 2264 aut
335 2235 398 2262 belli
411 2235 502 2261 (intem.
522 2232 578 2259 Etsi
590 2232 663 2258 enim
676 2230 799 2258 videntur
812 2229 947 2256 conciliati
958 2228 1052 2261 animi,

274 2290 327 2310 non
342 2282 438 2308 subest
452 2285 543 2307 tamen
559 2279 643 2306 animi
659 2278 795 2309 voluntas,
812 2275 903 2309 quoad
931 2275 1000 2301 alter
1020 2274 1055 2301 ab

273 2329 359 2356 altero
373 2327 442 2356 sciat
453 2334 484 2354 se
497 2325 624 2359 injuriam
639 2330 751 2357 passum
764 2330 772 2349 :
783 2321 837 2349 nisi
853 2321 915 2355 quis
931 2327 986 2355 prae
1001 2327 1057 2346 ma-

274 2383 325 2408 οιιιο
345 2374 483 2405 ειη-ονιίἰει,
504 2379 557 2398 non
584 2370 656 2404 quod
670 2369 779 2403 rapiant
793 2368 826 2394 de
840 2368 899 2394 suis
924 2365 1055 2399 conqueri

274 2408 490 2451 insidiatoribus,
502 2417 549 2446 sed
561 2417 596 2444 ob
613 2423 644 2443 ea
662 2421 723 2449 qua:
739 2413 905 2446 relinquant,
928 2411 994 2438 velit
1008 2411 1057 2438 ba-

274 2470 339 2496 bcre
350 2468 476 2502 gratiam.
489 2464 527 2491 lta
547 2463 628 2497 igitur
646 2461 689 2488 hic
701 2466 811 2494 quoque
828 2466 872 2486 res
898 2464 928 2484 se
954 2457 1056 2502 babett

275 2513 297 2539 si
319 2500 535 2544 disputationum
553 2506 588 2537 vi,
602 2505 705 2539 Deique
718 2502 832 2535 auxilio,
847 2501 970 2529 diuturni
995 2500 1057 2528 belli

276 2565 373 2584 causas
383 2557 548 2584 adiniemus,
563 2557 590 2579 et
599 2551 724 2585 querelas
736 2553 843 2576 mutuas
858 2555 873 2575 e
883 2547 972 2573 medio
983 2553 1059 2581 pror-

276 2610 324 2630 sus
344 2601 480 2631 lollemus,
494 2598 564 2625 etin
592 2596 716 2624 earundem
741 2600 836 2621 omnes
865 2592 1059 2620 conveniemns

278 2646 451 2678 sententiam,
469 2645 531 2671 licet
542 2643 613 2669 hanc
631 2648 723 2668 veram
739 2646 897 2673 nuncupare
912 2644 1016 2671 pacem.
1032 2639 1060 2662 et

277 2695 432 2722 animorum
451 2687 640 2717 indissolubilc
653 2685 800 2716 vinculum,
820 2684 966 2710 fraternam
993 2688 1059 2708 eon-

280 2738 469 2775 spiratiouem,
478 2740 506 2762 et
515 2732 665 2769 spinilalem
679 2732 818 2760 unionem.
827 2729 970 2762 omnisque
982 2734 1060 2753 scan-

279 2772 334 2812 αλιι
356 2783 485 2811 radicitus
508 2779 708 2816 praecisionem,
728 2782 755 2803 et
777 2774 884 2810 quidvis
906 2773 979 2800 aliud
1007 2772 1062 2798 llu-

278 2829 398 2864 iusmodi
416 2836 468 2857 :ae
485 2827 530 2855 tali
548 2833 609 2854 cum
629 2832 694 2861 pace
709 2825 875 2851 rcwrtcntes
893 2824 920 2847 ct
933 2826 982 2846 nos
1009 2817 1060 2851 ipsi

1106 2236 1195 2270 ψυχὴν
1210 2235 1324 2265 εὐνοεῖν,
1341 2233 1391 2264 ἓως
1408 2233 1441 2259 ἂν
1457 2232 1616 2258 συνειδῶσιν
1632 2232 1677 2257 ὑπ’
1692 2230 1814 2264 ἀλλήλων
1833 2230 1890 2264 ἠδι-

1107 2281 1223 2315 κημένοι
1238 2288 1243 2293 ·
1261 2280 1286 2305 εἰ
1303 2280 1340 2313 μή
1373 2287 1415 2310 τις
1434 2279 1487 2304 ὑπὸ
1511 2276 1657 2312 ῥᾳθυμίας,
1674 2276 1722 2310 οὐχ
1743 2273 1781 2302 ὧν
1801 2275 1891 2310 ἀρπά-

1107 2326 1199 2358 ζουσιν
1215 2325 1345 2359 ἄχθεσθαι
1360 2325 1417 2354 τοῖς
1442 2322 1673 2352 ἐπιϐουλεύουσιν,
1691 2321 1747 2347 ἀλλ’
1766 2319 1804 2347 ὢν
1816 2319 1889 2353 αὐτῷ

1108 2371 1330 2400 καταλείπουσιν,
1349 2369 1468 2403 ὀφείλειν
1485 2369 1605 2402 βούλοιτο
1628 2369 1719 2402 χάριν.
1744 2366 1821 2392 Οὕτω
1835 2366 1891 2391 τοί-

1108 2426 1155 2444 νυν
1168 2417 1224 2451 ἐχει
1240 2414 1392 2442 κάνταῦθα·
1409 2415 1440 2440 τὺ
1469 2414 1517 2448 μὲν
1544 2413 1634 2447 κρίσει
1653 2413 1741 2444 λόγων
1766 2411 1814 2437 καὶ
1842 2410 1891 2443 τῆς

1109 2462 1212 2490 ἀνωθεν
1225 2461 1351 2496 βοηθείας
1370 2459 1615 2493 συνεφαπτομένης
1631 2458 1697 2491 ἡμῖν
1713 2457 1762 2487 τὰς
1779 2455 1826 2482 τοῦ
1840 2463 1893 2489 μα·
1912 2470 1913 2473 η

1109 2509 1177 2544 κροῦ
1189 2507 1308 2541 πολέμου
1324 2506 1477 2532 καταλῦσαι
1502 2504 1664 2539 προφάσεις,
1682 2503 1729 2529 καὶ
1753 2503 1825 2535 άπερ
1850 2500 1894 2525 ἀλ·

1110 2554 1201 2589 λήλοις
1219 2552 1317 2587 ἔχομεν
1333 2551 1460 2585 ἐγκαλεῖν
1476 2551 1508 2576 ὲκ
1533 2550 1618 2583 μέσου
1635 2546 1764 2578 καθάπαξ
1779 2553 1894 2579 πεποιη-

1112 2599 1220 2634 μένους,
1234 2597 1302 2632 πρδς
1319 2597 1348 2622 ἒν
1357 2596 1486 2630 φρόνημα
1501 2595 1548 2621 καὶ
1565 2594 1628 2629 μίαν
1644 2593 1756 2626 γνώμην
1771 2592 1893 2622 ἅπαντας

1112 2641 1356 2672 συνελθεῖν,·τοῦτ’
1373 2641 1484 2674 εἰρήνην
1508 2638 1648 2672 ἀληθινὴν,
1664 2637 1711 2662 καὶ
1725 2636 1818 2671 ψυχῶν
1844 2634 1894 2668 ἄῤ-

1112 2690 1212 2724 ρηκτον
1228 2686 1389 2719 σύνδεσμον,
1406 2685 1453 2710 καὶ⁸
1479 2684 1632 2718 σύμπνςιαν
1657 2682 1814 2715 ἀδελφικὴν,
1847 2680 1894 2706 καὶ

1112 2731 1299 2766 πνευματικὴν
1314 2731 1420 2761 ἕνωσιν,
1434 2730 1481 2756 καὶ
1501 2728 1649 2755 σκανδάλου
1665 2727 1766 2758 παντὸς
1777 2726 1893 2761 πρόρρι-

1113 2779 1158 2810 ζον
1172 2777 1303 2811 ἐκκοπὴν,
1323 2776 1368 2802 καὶ
1385 2775 1410 2800 el
1425 2784 1451 2801 τι
1470 2774 1602 2807 τοιοῦτον,
1627 2773 1730 2805 ἔξεστιν
1750 2771 1893 2805 ὀνομάσαι.

1115 2824 1168 2852 Καὶ
1189 2823 1257 2857 μετὰ
1282 2821 1407 2855 τοιαύτης
1429 2820 1584 2851 ἐπανιόντες
1600 2819 1722 2854 εἰρήνης,
1764 2816 1840 2844 αὑτοί
1866 2823 1896 2842 τε
