4170 6294
424 292 531 370 tut
1517 301 1902 362 GENNADII
1940 300 2047 363 cr.
2093 300 2605 363 mrmancue
2761 346 2766 351 .
3336 282 3339 283 '
3580 292 3686 358 416

425 420 569 473 unde
596 429 649 473 et
672 417 795 481 illm,
823 434 949 472 ursa
979 416 1164 481 fuerit,
1192 415 1531 483 volucritque
1595 413 1646 465 in
1672 429 1731 465 ea
1764 412 1904 475 pari,
1938 424 2003 462 ne
2036 420 2053 468 Α

2157 417 2261 473 ;ους
2300 414 2737 484 προστησαμένη
2768 409 3004 481 ἄρξηται
3051 408 3153 478 μέν
3186 407 3279 475 ἀφ’
3341 399 3416 459 ὧν
3460 406 3685 460 ἐκεῖναι.

429 513 607 565 dicam
640 509 854 578 majori,
880 508 1064 562 studio
1092 507 1410 561 incumbere
1445 522 1459 571 ;
1519 503 1712 557 deinde
1741 502 1904 555 etiam
1935 501 1999 554 de

2157 506 2204 557 ti
2227 505 2360 574 περὶ
2387 504 2561 559 ταῦτα
2596 505 2695 573 τὴν
2729 504 2879 573 ίσην,
2912 503 2998 554 ἵνα
3029 500 3104 571 μὴ
3130 500 3277 567 λέγω
3301 498 3491 562 πλείω,
3526 515 3691 550 σπου-

434 603 681 669 rcliquis,
718 600 921 669 quibus
946 598 1288 669 providentia
1326 607 1508 652 vestra
1544 610 1683 663 Opus
1714 603 1818 654 est,
1848 608 2002 659 teque

2157 613 2203 661 1v
2269 597 2614 661 ἐνδείξασθαι
2660 595 2921 664 βουληθῇ·
2976 593 3262 661 ἑπομένως
3313 592 3371 645 δέ
3415 591 3511 643 καὶ
3559 591 3692 658 περὶ

429 710 494 747 ac
531 692 990 769 illaaqcogitaverit,
1030 706 1190 744 nemo
1215 689 1321 747 erit
1350 690 1443 757 qui
1469 689 1613 741 hanc.
1664 687 1835 753 ipsam
1861 685 2005 738 inter

2157 686 2223 738 ὧν
2251 687 2450 754 ἄλλων,
2483 689 2658 741 ὁπόσα
2688 689 2863 741 δεῖται
2907 687 3189 756 προνοίας,
3231 685 3321 738 τὸν
3353 684 3519 737 αὑτὸν
3554 683 3697 736 ἐκεί-

427 783 563 837 alias
595 782 989 836 mcumenicam
1024 796 1145 834 esse
1186 779 1488 849 negaverit,
1518 787 1572 832 et
1621 778 1864 847 ejusdem
1898 792 2005 845 qua

2157 797 2226 842 tt;
2278 780 2548 849 σκέψηται
2583 781 2806 848 τρόπον,
2839 778 3017 839 οὐδεὶς
3072 778 3139 831 ἂν
3166 777 3414 829 ἀντείποι
3461 776 3536 844 μὴ
3600 775 3697 828 xai

426 883 557 927 sunt
585 874 701 927 alia:
736 872 1019 942 dignitatis
1055 888 1071 936 ;
1106 886 1207 924 nec
1240 870 1344 924 erit
1402 883 1512 937 quo
1552 868 1750 936 aliquis
1813 865 2009 921 confu-

2157 873 2320 943 ιύτην
2345 874 2737 942 οἰκουμενικὴν
2772 868 2933 932 εἶναι,
2970 870 3065 922 καὶ
3123 868 3288 922 ταυτὸ
3328 868 3450 929 ταῖς
3504 867 3699 929 άλλαις

427 966 605 1034 giens,
641 965 768 1019 velit
814 963 1202 1033 parvipeudere
1230 976 1353 1030 qua:
1411 960 1479 1013 ab
1539 974 1601 1013 ea
1661 958 1863 1012 fuerint
1914 958 2011 1011 de-

2157 982 2257 1036 (ειν
2290 964 2506 1032 ἀξίωμα
2533 982 2548 996 ο
2594 964 2703 1017 οὐδ’
2726 964 2837 1029 ἕξει
2878 980 2963 1024 τις
2994 962 3074 1023 εἰς
3112 961 3139 1013 ὃ
3162 978 3214 1012 τι
3247 958 3598 1028 καταφυγὼν,
3623 950 3700 1011 ὧν

429 1066 602 1120 creta,
639 1056 957 1109 existimans
1003 1054 1227 1122 perinde
1249 1068 1387 1107 esse
1453 1053 1593 1104 hanc
1641 1059 1806 1118 atque
1854 1057 2011 1102 antea

2157 1078 2181 1110 ν
2213 1058 2355 1127 αὕτη
2387 1058 2709 1127 ψηφίσαιτο,
2749 1042 3113 1125 καταφρονεῖν
3162 1054 3480 1126 βουληθείη,
3534 1052 3700 1124 ἡγού-

430 1148 737 1202 celebratas
783 1144 1088 1215 aspernari,
1146 1146 1456 1213 timensque
1510 1151 1623 1196 tum
1676 1138 2012 1195 exsecratio-

2157 1167 2283 1214 ενος
2359 1150 2474 1204 ἴσον
2532 1144 2674 1202 εἶναι
2739 1148 2945 1217 ταύτην
3016 1165 3075 1201 τε
3134 1148 3229 1201 καὶ
3289 1148 3388 1212 τὰς
3446 1148 3554 1217 πρὸ
3604 1147 3701 1200 αὖ-

432 1256 528 1293 ncs
569 1240 901 1300 hominum,‘
938 1246 1052 1290 tum
1114 1250 1305 1304 pmnas
1370 1237 1604 1303 desuper
1665 1231 2013 1300 irrogandas.

2157 1242 2218 1311 ἧς
2277 1241 2599 1309 ἀτιμάζειν·
2656 1240 2752 1292 καὶ
2793 1238 2980 1301 δεδιὼς
3038 1238 3137 1308 μὲν
3185 1238 3286 1299 τάς
3333 1240 3399 1290 ἐκ
3446 1238 3556 1290 τῶν
3608 1239 3703 1290 ἀν-

433 1329 653 1397 Aiioqui
689 1328 843 1381 inulti
900 1336 1089 1390 erunt,
1134 1327 1225 1394 qui
1262 1326 1338 1380 illi
1370 1328 1721 1389 insidientur,
1776 1335 1831 1380 et
1874 1339 2019 1379 nunc

2161 1332 2364 1402 ρώπων
2404 1331 2571 1401 ἀράς,
2622 1331 2844 1400 τρέμων
2897 1330 2952 1384 δὲ
2984 1330 3081 1393 τάς
3132 1331 3340 1383 ἄνωθεν
3373 1329 3529 1391 δίκας
3558 1345 3575 1362 θ
3609 1329 3702 1381 ἄλ-

431 1421 648 1487 quidem
673 1420 906 1473 fortasse
925 1433 1085 1472 nemo
1106 1419 1460 1482 contradicet,
1478 1433 1543 1470 ne
1592 1416 1838 1470 videatur
1854 1420 2018 1469 etiam

2157 1443 2227 1487 ως
2288 1442 2346 1478 τε
2386 1424 2618 1485 πολλοὺς
2658 1408 2804 1486 ἕξειν
2863 1423 2992 1483 τοὺς
3040 1420 3362 1484 ἐπιϐούλους
3395 1436 3412 1450 ⁶
3470 1420 3566 1474 καὶ
3608 1420 3707 1472 νῦν

433 1512 820 1579 impedimento
855 1526 974 1564 esse
1007 1510 1150 1568 bono
1169 1508 1498 1573 concordiae;
1524 1508 1738 1577 etquod
1759 1515 2021 1580 praeterea

2157 1516 2227 1568 ιέν
2261 1514 2393 1577 ἴσως
2416 1514 2594 1575 οὐδεὶς
2631 1514 2872 1581 ἀντερεῖ,
2910 1512 2984 1580 μὴ
3009 1512 3106 1565 καὶ
3149 1512 3274 1582 δόξῃ
3318 1513 3380 1564 τὸ
3427 1513 3525 1578 τῆς
3575 1512 3708 1578 ὁμο-

433 1605 570 1660 sciat
613 1619 726 1657 rem
758 1619 880 1659 esse
912 1605 1134 1657 arduam
1176 1611 1325 1656 tanto
1362 1617 1591 1656 numero
1622 1601 1941 1670 praevalere,
1978 1601 2022 1655 si

2161 1608 2275 1671 οίας
2312 1606 2517 1673 ἀγαθὸν
2542 1605 2884 1675 ἐμποδίζειν,
2916 1605 3011 1657 καὶ
3038 1604 3155 1673 ἅμα
3179 1603 3335 1665 εἰδὼς
3361 1604 3435 1667 ib;
3468 1603 3710 1674 χαλεπόν

436 1708 667 1751 conetur
724 1697 848 1750 illos
872 1708 937 1749 eo
960 1696 1142 1750 verbis
1171 1697 1508 1765 pertrahere,
1534 1712 1644 1763 quo
1669 1695 1886 1749 animus
1915 1708 2022 1747 non

2163 1717 2247 1753 στι
2274 1698 2548 1751 τοσούτων
2604 1696 3015 1766 περιγενέσθαι,
3060 1696 3145 1763 ἐφ’
3191 1697 3335 1765 άπερ
3384 1696 3444 1749 οὗ
3510 1695 3711 1767 προθυ-

435 1789 756 1855 propendet;
820 1797 1067 1855 tempore
1128 1800 1256 1840 vero
1323 1786 1654 1854 procedente
1714 1800 1818 1840 non
1869 1783 2025 1854 pauci

2157 1792 2382 1856 ιοῦνται,
2415 1792 2529 1854 τοῖς
2561 1759 3366 1858 λόγοις-πείθεινπειρώμενον
3392 1804 3405 1819 '
3434 1759 3568 1841 οὐκ*
3597 1787 3711 1840 ὀλί-

436 1879 653 1933 decreta
703 1890 883 1932 vestra
926 1879 1109 1932 volent
1165 1878 1489 1943 coovcllere,
1556 1877 1860 1930 veneranda
1926 1877 2028 1929 hac

2157 1902 2217 1936 ὀι
2240 1883 2297 1936 δὲ
2328 1881 2421 1936 τοῦ
2451 1882 2644 1950 χρόνου
2676 1880 3067 1951 προϐαίνοντος
3092 1880 3161 1934 τά
3191 1880 3291 1949 μὲν
3321 1880 3451 1947 ὑμῖν
3480 1880 3715 1945 δόξαντα

439 1983 538 2021 vos
571 1970 935 2037 appellatione
979 1969 1351 2033 denudantes;
1416 1968 1773 2021 denudabunt
1825 1975 2029 2034 autem,

440 2062 569 2129 quia
625 2060 961 2128 generalium
1004 2064 1368 2118 conciliorum
1404 2063 1635 2115 formam
1678 2061 2030 2115 multitudine

439 2167 650 2208 tantum
674 2164 954 2206 servatam
990 2169 1020 2207 a
1055 2153 1206 2207 vobis
1240 2155 1454 2217 dicent,
1479 2154 1532 2205 in
1568 2153 1728 2206 rebus
1762 2167 1890 2207 vero
1912 2166 2032 2205 ωας

331 2243 336 2251 ’
443 2247 588 2301 xime
612 2247 944 2301 necessariis
981 2248 1121 2300 viain
1159 2261 1254 2300 vos
1286 2248 1477 2301 iniisse
1511 2247 1670 2315 plane
1694 2246 1798 2299 illis
1819 2257 2035 2300 contra-

441 2340 601 2403 riam,
643 2351 695 2395 ut
730 2342 820 2409 qui
851 2349 1176 2394 conventuin
1234 2339 1460 2407 egeritis
1499 2340 1569 2393 ob
1636 2337 1784 2393 aliud
1820 2337 2035 2404 quidvis

455 2434 665 2501 potius,
688 2448 847 2502 quam
878 2437 1190 2501 dogmalum
1225 2430 1471 2485 veritatis
1520 2446 1669 2499 ergo.
1727 2429 1908 2497 Atque
1961 2428 2035 2481 ita

447 2523 547 2577 soli
570 2538 669 2577 nos
695 2525 928 2579 fortasse
973 2539 1104 2593 pace
1130 2522 1396 2588 fruemur,
1423 2522 1654 2592 posteris
1679 2536 1809 2576 vero
1833 2519 2038 2574 nostris

446 2615 643 2670 bellum
666 2617 809 2671 illico
843 2618 1211 2685 relinquemus
1250 2615 1331 2669 vel
1364 2616 1527 2683 priori
1558 2612 2040 2679 deteiius;sicque

451 2706 660 2759 nullum
692 2705 857 2760 nobis
895 2705 1091 2759 afferet
1130 2704 1364 2757 fructum
1402 2720 1570 2758 omne
1613 2703 1773 2768 hujus
1801 2703 2040 2772 appella-

449 2796 615 2848 tionis
656 2795 907 2849 studium
933 2834 946 2847 .
978 2795 1129 2860 Quod
1168 2810 1237 2849 ne
1264 2794 1377 2857 liat,
1411 2795 1743 2863 generalium
1784 2795 2041 2848 concilio-

452 2901 575 2941 rum
610 2885 847 2956 dignitas
881 2901 976 2954 per
1007 2895 1251 2939 exactam
1278 2886 1493 2940 illorum
1528 2886 1885 2940 imitationem
1917 2886 2043 2940 huic

452 2976 617 3029 etiam
651 2984 735 3029 est
773 2976 1103 3045 adaptanda,
1140 2984 1195 3030 et
1223 2990 1290 3030 ne
1320 2975 1491 3029 ullum
1531 2976 1578 3030 ei
1609 2975 1911 3044 periculum
1945 2976 2043 3029 im-

2135 1977 2389 2032 σαλεύειν
2422 1977 2735 2045 θελήσουσι,
2762 1975 2841 2044 τῷ
2874 1976 2977 2045 τὴν
3012 1979 3220 2045 σεμνὴν
3268 1975 3473 2041 ταύτην
3504 1990 3714 2041 προση-

2132 2056 2323 2141 γορίαν
2366 2069 2525 2138 ἡμῶν
2571 2066 2889 2137 ἀφελέσθαι.
2930 2068 3356 2139 Ἀφαιρήσονται
3404 2067 3497 2129 δὲ,
3524 2065 3716 2134 πλήθει

2139 2162 2302 2230 μόνον
2339 2162 2535 2226 σώζειν
2572 2163 2719 2231 ὑμᾶς
2762 2164 2857 2215 τὸν
2887 2161 2996 2214 τῶν
3028 2160 3432 2230 οίκουμενικῶν
3486 2159 3717 2211 συνόδων

2135 2252 2386 2319 λέγοντες
2416 2251 2767 2321 χαρακτῆρα,
2795 2252 2852 2303 ἐν
2887 2251 2943 2302 δὲ
2975 2252 3087 2311 τοῖς
3125 2247 3587 2314 ἀναγκαιοτάτοις
3625 2246 3719 2299 xui

2140 2344 2347 2413 σφόδρα
2362 2345 2461 2413 τὴν
2496 2344 2749 2398 ἐναντίαν
2778 2344 3015 2405 ἐκείναις
3076 2341 3273 2404 ἐλθεῖν,
3312 2340 3391 2400 ὡς
3419 2341 3547 2407 περὶ
3587 2338 3719 2391 πάν-

2139 2453 2249 2490 των
2283 2436 2485 2505 μᾶλλον
2523 2436 2554 2506 ἦ
2582 2436 2841 2507 περὶτῆς
2872 2435 2982 2488 τῶν
3020 2433 3307 2501 δογμάτων
3350 2431 3605 2500 ἀληθείας
3630 2429 3720 2483 τδν

2143 2530 2403 2598 σύλλογον
2435 2527 2844 2596 πεποιημένους
2874 2532 2898 2558 ὀ
2929 2526 3022 2580 κα)⁸
3038 2524 3211 2588 οὕτως
3236 2524 3389 2577 αὐτοὶ
3422 2523 3576 2589 μόνοι
3612 2523 3720 2590 τῆς

2143 2622 2365 2691 εἰρήνης
2431 2620 2823 2688 ἀπολαύσομεν
2870 2618 3025 2683 ἴσως,
3058 2620 3175 2680 τοῖς
3201 2617 3256 2671 δὲ
3288 2615 3409 2686 μεθ’
3443 2616 3589 2684 ἡμᾶς
3639 2616 3723 2667 εὑ-

2143 2714 2241 2779 θὺς
2280 2715 2375 2768 καὶ
2404 2712 2575 2783 χείρω
2628 2711 2723 2764 τοῦ
2779 2713 3050 2782 προτέρου
3111 2709 3510 2777 καταλείψομεν
3559 2707 3722 2761 πόλε-

2147 2825 2247 2876 μον
2286 2822 2301 2837 °
2335 2807 2431 2859 καὶ
2468 2804 2647 2868 οὕτως
2673 2806 2805 2873 ἡμῖν
2833 2805 3093 2871 ἀνόνητος
3139 2802 3294 2855 ἐσται
3347 2803 3382 2869 ἡ
3422 2801 3553 2869 περὶ
3594 2816 3727 2854 ταυ-

2144 2899 2271 2967 τησὶ
2300 2901 2401 2967 τῆς
2427 2896 2805 2967 προσηγορίας
2835 2897 2986 2948 πᾶσα
3020 2894 3252 2961 σπουδή.
3298 2894 3477 2958 Ὀπερ
3513 2892 3605 2946 ἵνα
3647 2891 3727 2962 μὴ

2145 2993 2397 3059 γένηται,
2433 2989 2493 3042 τὸ
2542 2988 2651 3043 τῶν
2689 2986 3089 3057 οίκουμενικῶν
3121 2986 3355 3040 συνόδων
3398 2986 3617 3055 ἀξίωμα
3651 2984 3731 3055 τῷ

457 3067 661 3121 mineat
688 3082 753 3122 ex
788 3066 1259 3131 dissimilitudine,
1277 3068 1748 3137 prospiciendum.
1786 3065 1919 3121 Nam
1938 3068 2040 3123 etsi

2157 3082 2283 3151 πρὸς
2313 3082 2526 3142 ἐκείνας
2570 3081 2790 3150 ἀκριϐεῖ
2832 3079 2979 3149 ζήλῳ
3026 3078 3125 3131 καὶ
3186 3076 3364 3149 ταύτῃ
3416 3093 3731 3145 προσαρμο-

460 3162 564 3229 piae
595 3164 793 3218 mentis
845 3162 1127 3217 hominum
1162 3164 1377 3218 aminos
1416 3172 1714 3232 praetextus
1770 3161 1859 3216 isti
1934 3175 2045 3214 non

457 3255 777 3321 turbabunt,
819 3271 919 3310 ucc
944 3255 1051 3309 erit
1081 3255 1403 3324 quisquam,
1439 3253 1531 3323 qui
1567 3255 1852 3308 honestum
1893 3252 2040 3307 inse—

457 3361 631 3413 quens
662 3348 895 3401 concilio
941 3346 1138 3403 inferat
1185 3347 1426 3410 bellum;
1481 3346 1617 3400 bene
1646 3354 1822 3398 tamen
1852 3343 2045 3409 nostis,

461 3442 726 3495 adversus
755 3441 993 3494 maxima
1043 3450 1099 3494 et
1145 3452 1371 3493 summm
1416 3437 1670 3492 utilitatis
1721 3451 1887 3505 opera
1937 3450 2046 3489 non

464 3534 627 3587 modo
667 3533 1061 3601 perditissimus
1100 3531 1367 3592 homines,
1403 3529 1497 3583 sed
1528 3527 1872 3581 adversarios
1905 3541 2046 3595 quo-

465 3639 574 3692 que
605 3634 826 3677 iiOSlt‘tlS
867 3623 936 3676 ab
968 3623 1130 3677 initio
1192 3622 1470 3676 daunones
1516 3627 1734 3674 struere
1791 3616 2042 3679 insidias,

461 3717 722 3768 similium
750 3715 835 3769 sui
872 3714 1151 3767 hominum
1177 3713 1243 3767 ad
1275 3714 1378 3766 hoc
1401 3725 1565 3779 opera
1587 3720 1641 3763 et
1667 3707 1873 3762 auxilio
1894 3714 2053 3761 uten-

466 3824 567 3866 tes.
635 3809 804 3862 Porro
856 3817 1034 3859 autem
1083 3806 1423 3860 dmmonibus
1494 3802 1859 3857 Ecclesiarum
1921 3814 2055 3868 pace

422 3910 423 3913 ‘
471 3903 615 3956 nihil
658 3897 1028 3968 injucundius,
1080 3910 1141 3948 ex
1181 3911 1283 3963 qua
1319 3903 1466 3948 totus
1497 3894 1762 3947 bonorum
1815 3890 2056 3947 circulus

470 3994 688 4062 pendet,
715 4000 768 4045 et
802 4005 965 4058 quam
996 3988 1250 4042 Salvator
1281 3984 1584 4039 ascendens
1637 3983 1851 4052 reliqui'
1881 3982 2057 4035 homi-

475 4084 660 4138 nibus:
685 4080 1024 4135 tantumdem
1055 4079 1198 4131 enim
1226 4087 1344 4131 erat
1369 4077 1508 4129 hanc
1528 4074 1734 4144 largiri,
1756 4082 1916 4142 atque
1936 4089 2057 4127 om-

479 4176 568 4229 nia
589 4173 750 4228 simul
784 4173 999 4225 tradere
1030 4172 1194 4232 bona,
1214 4184 1337 4237 qua:
1361 4182 1603 4236 praesens
1626 4166 1784 4220 nobis
1813 4165 2058 4219 tribuere

473 4274 710 4337 poterat.
754 4264 910 4319 Sicut
968 4277 1099 4333 ergo
1153 4261 1358 4315 inbnici
1398 4260 1547 4328 pacis
1607 4273 1797 4312 omnes
1838 4258 1905 4311 ad
1938 4271 2059 4311 eam

476 4359 822 4414 evertendam
856 4354 1196 4411 adhibebunt
1233 4353 1541 4416 machinas,
1573 4362 1625 4406 et
1651 4366 1843 4405 omnes
1871 4361 2061 4419 capta-

479 4450 617 4503 bunt
644 4447 1009 4510 occasiones;
1054 4445 1127 4499 ita
1171 4459 1273 4498 nos
1308 4456 1550 4512 quoque,
1609 4442 1752 4510 quod
1812 4440 2056 4493 futurum

479 4551 563 4596 est
599 4539 1013 4610 prospicientes,
1047 4551 1265 4591 onmem
1302 4533 1460 4588 decet
1495 4532 1607 4587 illis
1642 4532 1785 4586 viam
1830 4528 2060 4584 malefa-

479 4632 657 4687 ciendi
702 4630 1054 4701 praecludere,
1110 4627 1371 4697 pacisque
1406 4627 1607 4699 bonum
1668 4636 2063 4692 usquequaque

480 4735 660 4781 tutum
712 4724 966 4789 reddere,
1000 4733 1059 4778 ut
1092 4720 1405 4777 necessario
1440 4719 1671 4788 improbi
1707 4717 1789 4772 vel
1841 4715 2064 4783 acquie-

489 4822 835 4883 scentesjnon
872 4814 1020 4869 ciant
1049 4813 1260 4869 turbas.
1286 4812 1371 4864 vel
1404 4809 1715 4864 adorientes
1755 4806 1895 4861 nihil
1941 4805 2064 4859 etii-

483 4925 609 4964 cere
635 4910 870 4974 valeant,
902 4906 1384 4975 esperimeutoque
1414 4901 1594 4955 sciant
1622 4898 1821 4953 emtum
1854 4913 1915 4951 se
1965 4912 2067 4951 vo-

487 4999 655 5055 luisse
682 4999 842 5053 ferirc
875 4998 1072 5067 capite.
1105 4996 1240 5049 Illud
1269 5002 1538 5063 praeterea
1565 4988 2062 5055 considerandum,

490 5090 703 5142 futuros
725 5089 976 5143 homines
1009 5102 1205 5156 pravos
1232 5100 1339 5139 non
1362 5084 1525 5139 modo
1550 5080 1835 5137 sententiis
1864 5080 2069 5135 nostris

493 5180 771 5245 molestos,
800 5189 853 5233 et
876 5181 1101 5233 easdem
1136 5192 1331 5232 rursus
1360 5173 1768 5231 controversias
1788 5182 1842 5227 et
1860 5186 2071 5242 pugnas

489 5271 771 5343 copiosius
803 5279 1173 5337 revocaturos,
1208 5270 1253 5324 si
1286 5282 1454 5337 quam
1476 5265 1626 5321 nacti
1660 5264 1865 5319 fuerint
1885 5263 2074 5318 crimi-

493 5363 658 5420 nandi
693 5378 792 5420 nos
813 5362 1180 5427 occasionem,
1211 5362 1307 5416 sed
1333 5361 1502 5415 multa
1533 5371 1751 5429 quoque
1802 5358 1909 5411 alia
1934 5357 2073 5411 bella

492 5457 846 5513 excitaturos.
870 5468 1161 5523 veramque
1181 5454 1339 5508 tidem
1360 5451 1531 5505 multa
1548 5449 1871 5505 confusione
1887 5447 2077 5518 opple-

494 5558 667 5603 turos.
690 5548 754 5601 Et
784 5561 932 5600 nunc
965 5545 1181 5615 quidem
1223 5546 1277 5599 in
1312 5541 1640 5599 Orientalem
1673 5550 1727 5596 et
1756 5540 2079 5595 Occidenta-

500 5639 607 5691 lcm
648 5638 915 5692 Eclesiain
947 5637 1119 5691 divisa
1152 5647 1233 5691 cst
1266 5633 1704 5691 Christianorum
1759 5629 2071 5692 multitudo,

500 5738 632 5783 tunc
676 5738 853 5784 autem
898 5746 961 5785 ne
1016 5730 1286 5784 numerati
1337 5726 1552 5797 quidem
1590 5733 1748 5780 secto:
1804 5731 2079 5793 potorum,

2151 3173 2301 3226 στὲον
2343 3190 2358 3204 ο
2387 3172 2484 3225 καὶ
2506 3172 2655 3234 ὅπως
2688 3170 2877 3241 μηδεὶς
2912 3171 2975 3223 ἐκ
3030 3168 3133 3237 τῆς
3160 3168 3554 3236 ἀνομοιότητος
3594 3164 3734 3232 επη-

2149 3282 2240 3317 ται
2271 3264 2513 3325 κίνδυνος
2547 3263 2707 3333 αὐτῇ,
2734 3246 3113 3332 φροντιστέον.
3138 3260 3201 3312 Εί
3228 3260 3337 3328 γὰρ
3370 3260 3447 3327 μὴ
3498 3258 3594 3310 καὶ
3628 3256 3732 3319 τὰς

2149 3355 2258 3406 τῶν
2294 3356 2657 3422 εὐγνωμόνων
2685 3354 2867 3422 ψυχὰς
2907 3354 2963 3405 αἱ
2996 3351 3301 3422 προφάσεις
3354 3341 3515 3402 αὗται
3562 3348 3735 3417 ταράο

2153 3448 2325 3512 ξουσι,
2386 3445 2511 3514 μηδ’
2563 3446 2714 3498 ἐσται
2776 3445 2966 3514 μηδεὶς
3021 3447 3049 3496 ὀ
3090 3441 3183 3496 τοῦ
3220 3440 3387 3494 καλοῦ
3430 3441 3592 3509 χάριν
3640 3439 3736 3493 τὸν

2157 3538 2291 3606 πρὸς
2330 3538 2500 3605 αὐτὴν
2530 3534 2924 3601 ἀναδεξόμενος
2952 3535 3193 3602 πόλεμον
3226 3549 3242 3564 ·
3298 3531 3413 3587 ἀλλ’
3466 3532 3583 3586 ῐστε
3639 3531 3736 3599 δὴ-

2156 3644 2260 3678 που
2281 3625 2466 3690 καλῶς
2509 3629 2621 3688 τοῖς
2655 3625 2935 3694 μεγίστοις
2978 3624 3075 3677 καὶ
3105 3623 3576 3684 λυσιτελεστάτοις
3625 3620 3735 3674 τῶν

2156 3716 2334 3786 ἔργων
2381 3716 2444 3769 οὐ
2497 3716 2626 3780 τοὺς
2694 3714 3101 3785 πονηροτάτους
3163 3713 3324 3782 μόνον
3391 3712 3734 3784 ἀνθρώπους,

2155 3809 2293 3861 ἀλλὰ
2323 3808 2571 3871 καὶτοὺς
2606 3807 2871 3861 ἀνέκαθεν
2905 3806 3192 3873 δυσμενεῖς
3240 3805 3373 3875 ἡμῖν
3425 3803 3741 3858 ἐπιϐουλεύ-

2158 3914 2318 3959 οντας
2339 3896 2621 3967 δαίμονας,
2658 3893 2866 3963 ὁμοίοις
2895 3892 3211 3961 ἀνθρώποις
3253 3894 3538 3961 συνεργοῖς
3600 3891 3741 3961 πρὸς

2158 3989 2317 4043 τοῦτο
2343 3990 2681 4059 χρωμένους.
2718 3987 2950 4049 Δαίμοσι
2984 3984 3041 4037 δὲ
3064 3986 3173 4053 ἄρα
3213 3984 3314 4053 τῆς
3370 3982 3482 4036 τῶν
3541 3980 3742 4050 ἐκκλη-

2162 4080 2295 4133 σιῶν
2318 4080 2546 4150 είρήνης
2571 4077 2728 4131 οὐδὲν
2753 4076 3109 4147 ἀηδέστερον,
3140 4069 3209 4144 ἦς
3235 4073 3382 4136 ἅπας
3412 4074 3441 4126 ό
3471 4071 3580 4126 τῶν
3603 4074 3739 4138 ἀγα-

2163 4171 2272 4224 θῶν
2300 4171 2614 4241 ἀπήρτηται
2637 4166 2859 4230 κύκλος,
2903 4165 2995 4219 xui
3026 4166 3092 4236 ἥν
3117 4165 3147 4217 ό
3172 4164 3365 4234 Σωτὴρ
3386 4161 3581 4232 ἀνῆλθε
3625 4163 3763 4225 τοῖς·

2163 4261 2475 4331 ἀνθρώποις
2501 4259 2844 4320 καταλιπὼν,
2874 4256 2949 4321 ώς
2985 4258 3100 4310 ἴσον
3142 4255 3202 4309 ὃν
3229 4256 3435 4323 ταύτην
3480 4269 3538 4306 τε
3585 4251 3745 4323 χαρί-

2169 4352 2389 4416 σασθαι,
2431 4353 2525 4405 καὶ
2556 4350 2779 4406 πάντων
2804 4347 3021 4416 ἀθρόων
3071 4343 3392 4415 μεταδοῦναι
3441 4343 3551 4396 τῶν
3604 4344 3746 4409 ἀγα-

2165 4445 2294 4507 θῶν,
2317 4444 2492 4496 ὁπόσα
2524 4440 2716 4512 παρὼν
2736 4441 2873 4510 ἡμῖν
2896 4437 3159 4507 παρέχειν
3193 4435 3446 4505 ἠδύνατο.
3471 4432 3745 4500 Καθάπερ

2163 4536 2258 4590 οὖν
2276 4536 2324 4589 oi
2356 4534 2457 4603 τῆς
2489 4533 2711 4604 εἰρήνης
2734 4531 2825 4601 ἐχθ
2836 4531 2920 4601 poi
2946 4530 3131 4584 πᾶσαν
3164 4528 3259 4581 ἐπὶ
3279 4528 3346 4597 τῇ
3371 4526 3581 4597 ταύτης
3606 4527 3740 4580 ἀνα-

2165 4627 2339 4695 τροπῇ
2382 4622 2665 4692 κινήσουσι
2724 4619 2997 4689 μηχανὴν,
3047 4617 3143 4670 καὶ
3221 4617 3524 4686 προφάσεις
3556 4614 3750 4676 πάσας

2165 4716 2626 4785 διερευνήσονται,
2662 4710 2807 4764 οὕτω
2838 4709 3038 4763 δεῖκαὶ
3077 4709 3229 4778 ἡμᾶς
3281 4707 3341 4759 τὸ
3392 4706 3586 4775 μέλλον
3619 4720 3752 4775 προ-

2166 4808 2483 4879 ορωμένους
2512 4805 2699 4857 πᾶσαν
2746 4801 2847 4873 μὲν
2878 4801 3064 4862 αὐτοῖς
3107 4799 3225 4851 όδὺν
3271 4797 3595 4850 ἀποκλεῖσαι
3647 4795 3751 4862 τῆς

2168 4899 2526 4969 κακουργίας,
2558 4894 2901 4963 πανταχόθεν
2935 4892 2993 4946 δὲ
3019 4891 3081 4943 τδ
3109 4891 3210 4960 τῆς
3268 4890 3495 4959 εἰρήνης
3546 4884 3752 4954 ἀγαθὸν

2170 4989 2573 5061 ἀσφαλίσασθαι
2621 5003 2637 5019 ⁸
2701 4986 2763 5051 ἐξ
2819 4980 2898 5039 ὦν
2949 4983 2982 5053 ἦ
3038 4980 3399 5047 πειθομένους
3454 4975 3753 5050 ἡσυχάζειν

2169 5083 2387 5150 ἀνάγκη
2407 5080 2533 5140 τοὺς
2565 5076 2860 5147 πονηροὺς,
2890 5075 2923 5145 ἢ
2978 5072 3425 5144 προσϐάλλοντας
3483 5069 3753 5132 ἀσθενεῖν,

2171 5174 2266 5227 καὶ
2294 5173 2465 5242 πείρᾳ
2500 5170 2820 5237 μανθάνειν,
2852 5169 2929 5229 ὡς
2958 5165 3067 5236 ἄρα
3102 5166 3170 5234 τῇ
3196 5162 3408 5232 κεφαλῇ
3447 5161 3541 5213 τὶν
3594 5159 3755 5226 οὐρα-

2173 5266 2264 5316 νὸν
2281 5263 2555 5330 ἐγνώκασι
2575 5256 3008 5329 προσαράττειν.
3037 5255 3183 5323 Πρὸς
3209 5253 3267 5305 δὲ
3299 5249 3511 5311 τούτοις
3535 5247 3757 5299 κάκεῖνο

2175 5354 2376 5425 πρέπει
2434 5354 2685 5405 σκοπεῖν.
2738 5348 2814 5401 Οὐ
2889 5347 2999 5416 γὰρ
3048 5345 3212 5414 μόνον
3263 5343 3386 5405 ταῖς
3456 5338 3757 5407 ἡμετέραις

2177 5446 2527 5515 ἐνοχλήσουσι
2561 5444 2765 5512 ψήφοις
2800 5440 2851 5492 oi
2875 5440 3104 5507 πονηροὶ
3132 5436 3240 5488 τῶν
3287 5431 3613 5500 ἀνθρώπων,
3661 5428 3761 5482 καὶ

2178 5538 2341 5589 πάλιν
2361 5538 2459 5597 τὰς
2482 5536 2650 5597 αὐτὰς
2686 5531 2826 5601 μετὰ
2851 5529 3175 5600 περιουσίας
3199 5525 3509 5587 εῑσάξουσιν
3534 5523 3761 5590 ἀμφισ-

2182 5628 2459 5697 6ητὴσεις’
2486 5629 2577 5679 καὶ
2614 5627 2813 5694 μάχας,
2848 5624 2943 5677 ἐὰν
2990 5636 3072 5680 τις
3104 5620 3285 5681 αὐτοῖς
3310 5617 3413 5668 τῶν
3443 5614 3566 5667 καθ’
3603 5613 3760 5683 ἡμῶν

2189 5718 2552 5789 ἐγκλημάτων
2585 5719 2854 5789 πρόφασις
2898 5712 2954 5787 ᾗ,
2989 5712 3119 5766 ἀλλὰ
3155 5712 3246 5765 καὶ
3293 5708 3520 5771 πολλοὺς
3567 5707 3761 5771 ἄλλους

4142 4622 4170 4647 ς
