4170 6294
433 363 539 426 M7

1627 360 1914 421 ORATIO
1956 360 1981 419 Ι
2026 359 2122 418 AD
2150 355 2538 417 SYNODUM.

3587 352 3692 418 ΗΒ

430 473 689 543 ὲγεροῦσι
714 470 1006 540 πολέμους,
1042 469 1134 524 καὶ
1164 468 1377 523 πολλῶν
1400 486 1499 537 συγ
1508 470 1715 538 χύσεων
1743 471 1839 539 τὴν
1873 470 2006 536 ἀλη-

2110 463 2450 530 siugulatutn
2483 460 2758 516 divisione
2784 461 3021 531 partium
3045 460 3097 514 in
3125 461 3260 516 alias
3283 476 3378 532 per
3401 460 3698 519 seditiones

428 564 583 633 θινὴν
626 562 966 631 ὲμπλήσουσι
1012 564 1213 617 πίστιν.
1243 562 1350 613 Καὶ
1391 561 1484 613 νῦν
1508 564 1607 629 μὲν
1634 559 2002 624 εξςἈνατολι-

428 658 534 725 κῆν
557 656 649 708 καὶ
678 657 914 721 Δυτικὴν
956 653 1281 722 Ἐκκλησίαν
1311 656 1372 706 τὸ
1394 652 1500 704 τῶν
1528 652 1873 722 Χριστιανῶν
1896 649 2007 721 διῄ-

436 766 599 818 ρηται
620 747 821 814 πλῆθος
848 760 861 774 ⁸
888 746 1010 798 τότε
1039 744 1095 798 δὲ
1118 744 1239 797 οὐδὲ
1269 744 1523 814 ἀριθμεῖν
1543 744 1751 806 ἐξέσται
1777 742 1844 795 τά
1863 745 2006 810 τμή-

436 858 606 910 ματα,
636 840 866 892 ἑκάστου
900 838 1034 906 πρὸς
1069 836 1233 888 ἑαυτὸ
1261 835 1594 904 τεμνομένου
1650 836 1747 887 καὶ
1785 831 2006 885 στασιά-

437 932 638 995 ζοντος,
666 928 840 981 ἄλλων
871 926 961 978 ὑπ’
997 925 1156 978 ἄλλου
1191 925 1525 989 φιλονεικίας
1554 923 1814 992 ἀφορμῶν
1850 938 2003 990 σπλε-

439 1021 701 1089 ρομένων.
747 1018 808 1071 El
839 1019 952 1084 γάρ
980 1018 1060 1070 ἔτι
1088 1017 1187 1087 τῆς
1219 1016 1443 1069 συνόδου
1463 1014 1667 1084 ταύτης
1697 1013 2008 1083 προσδοκωο

437 1110 626 1179 μένης,
653 1109 777 1179 ἥτις
810 1108 1001 1177 ἔμελλε
1050 1108 1144 1170 τάς
1206 1109 1466 1175 μεγίστας
1533 1107 1630 1173 τῆς
1681 1104 2007 1173 οἰκουμένης

438 1201 633 1270 μοίρας
673 1200 977 1268 συνάψασα,
1033 1196 1150 1252 εἶτα
1205 1200 1301 1251 καὶ
1354 1199 1484 1267 περὶ
1540 1197 1650 1248 τῶν
1702 1194 2004 1264 ἑκασταχοῦ

434 1291 942 1359 καινοτομηθέντων
974 1289 1251 1358 ἐπιμελῶς
1294 1289 1669 1358 σκοπουμένη,
1733 1288 1833 1355 τὴν
1874 1287 2005 1355 ἀλη-

432 1382 503 1451 θῆ
532 1383 624 1433 καὶ
660 1381 887 1449 βεόαίαν
915 1381 1092 1450 ψῆφον
1130 1381 1293 1433 πᾶσιν
1326 1380 1577 1445 ἐπάγειν,
1610 1378 1868 1449 διῄρηντο
1905 1388 2006 1445 μεν

434 1476 487 1527 οἱ
523 1475 787 1543 πρότερον
819 1473 1113 1542 ήνωμένοι,
1145 1473 1177 1540 ὴ
1210 1472 1254 1523 δ’
1291 1472 1438 1532 ὅπως
1492 1471 1621 1522 ποτὲ
1686 1469 2006 1537 κρατήσασα

434 1569 601 1636 μοῖρα
633 1567 754 1627 τοὺς
792 1562 1123 1633 ἡττημένους
1162 1562 1467 1630 ἐπαράτους
1500 1560 1593 1613 καὶ
1622 1558 1731 1613 τῶν
1760 1560 2006 1613 ἀπίστων

431 1664 646 1729 χείρους
688 1658 952 1726 ἡγήσατο,
994 1655 1090 1706 καὶ
1136 1653 1308 1723 μέχρι
1365 1651 1457 1704 τοῦ
1492 1651 1585 1703 νῦν
1633 1650 1742 1704 ἀπὸ
1778 1649 1884 1702 τῶν
1908 1648 2004 1718 τῆς

431 1747 604 1814 ἔριδος
635 1748 842 1815 ἐκείνης
875 1745 1197 1816 ἀρξαμένων
1237 1740 1499 1805 καλοῦσα,
1546 1741 1642 1793 καλ⁸
1699 1739 1903 1809 σχίσμα
1950 1740 2006 1791 ἐν

434 1836 696 1903 σχίσματι
751 1834 966 1903 παλαιῷ
1007 1832 1198 1902 γέγονε
1263 1832 1403 1892 νέον,
1457 1833 1515 1883 ἐν
1574 1830 1824 1883 ἐλάττοσι
1880 1830 2003 1898 μὲν,

432 1928 571 1979 πολὺ
602 1928 658 1979 δὲ
703 1927 867 1979 νικῶν
893 1929 959 1995 τῇ
988 1944 1047 1977 τε
1084 1925 1186 1997 ύλῃ
1242 1925 1351 1976 τῶν
1380 1923 1733 1992 ζητουμένων
1787 1923 1883 1974 καί⁵
1926 1921 2004 1992 τῷ

433 2018 585 2086 μίσει
608 2018 684 2086 τῷ
711 2018 845 2086 πρὸς
876 2018 1159 2086 ἀλλήλους,
1202 2016 1398 2085 ἥδιστα
1426 2016 1536 2084 γὰρ
1588 2012 1653 2065 ἂν
1706 2002 2003 2079 ἐγεύσαντό

431 2108 529 2159 καὶ
553 2107 773 2174 σαρκῶν
807 2122 820 2135 ·
848 2107 899 2157 τί
922 2105 1028 2177 χρὴ
1055 2105 1383 2174 προσδοκᾷν,
1426 2104 1589 2155 ὁπότε
1652 2101 1868 2154 σύνοδον
1920 2102 1998 2154 oi-

432 2196 764 2266 κουμενικὴν
791 2195 1033 2259 ἐλπίζειν
1072 2196 1176 2249 οῦκ
1203 2194 1392 2261 ἕσταις
1448 2190 1514 2263 ἦς
1566 2191 1729 2261 μόνης
1777 2190 2002 2261 ἔμελλον

432 2286 667 2339 δεδιέναι
717 2288 913 2348 πάντες
966 2286 1063 2345 τὰς
1111 2285 1349 2354 ψήφους,
1430 2283 1661 2353 ἀδήλους
1718 2282 2000 2346 ὁποτέροις

432 2380 689 2448 ἀρέσκειν
715 2381 1002 2447 μέλλουσιν
1034 2377 1222 2440 οῦσας.
1266 2375 1536 2445 Τοιαύτην
1562 2376 1617 2428 δὲ
1655 2374 1871 2428 σύνοδον
1898 2374 1983 2437 τίς

2117 555 2424 617 intestinas,
2446 564 2497 607 et
2519 553 2681 606 variis
2706 552 2887 606 varias
2911 554 3319 606 contentionum
3334 552 3698 609 tlisscminano

2114 648 2254 699 tibus
2275 660 2495 698 causas.
2521 642 2649 696 Nam
2676 644 2719 697 si
2744 644 2868 695 dum
2891 643 3006 697 hzec
3031 645 3267 713 synodus
3292 644 3466 698 adhuc
3504 658 3700 713 exspc-
3792 634 3808 644 ”

2108 744 2368 792 ctaretur.
2402 747 2541 800 quae
2578 732 2832 786 maximis
2897 733 3047 785 orbis
3104 744 3371 786 terrarum
3450 734 3699 801 partibus

2110 824 2440 894 conjunctis,
2496 823 2690 876 deinde
2750 822 3131 886 novitatibus,
3184 838 3304 891 quae
3363 823 3590 892 singulis
3639 824 3695 877 in

2111 913 2244 967 locis
2295 927 2496 967 exorta;
2559 924 2720 972 stitit,
2765 912 3051 980 diligenter
3100 912 3447 975 examinatis,
3509 927 3693 966 veram

2110 1016 2312 1058 certam
2353 1021 2456 1074 que
2493 1004 2819 1059 sententiam
2850 1016 2964 1057 erat
2994 1004 3059 1057 de
3093 1005 3347 1057 omnibus
3382 1003 3578 1069 latura,
3611 1005 3698 1056 di-

2111 1096 2215 1150 visi
2247 1096 2464 1165 quidem
2524 1105 2681 1149 erant
2732 1096 2879 1164 prius
2922 1095 3084 1159 uniti,
3120 1095 3360 1149 devictos
3392 1110 3518 1147 vero
3570 1111 3697 1163 pars

2112 1199 2390 1256 utcunque
2456 1193 2706 1255 superior
2761 1195 3040 1242 exsecrata
3118 1198 3223 1249 est,
3283 1187 3697 1253 inlidelibusque

2109 1279 2410 1333 deteriores
2454 1279 2663 1343 habuit,
2705 1288 2757 1331 et
2818 1277 2885 1330 ad
2959 1280 3097 1331 hanc
3147 1279 3291 1331 diem
3350 1293 3417 1331 eo
3473 1278 3693 1332 nomine

2109 1380 2269 1423 vocat
2361 1385 2536 1437 usque
2571 1386 2599 1423 a
2635 1370 2823 1438 primis
2860 1371 2966 1423 illis
3003 1372 3094 1439 qni
3127 1369 3347 1424 fuerunt
3374 1386 3567 1439 pugna?
3594 1384 3695 1422 an.

2107 1470 2312 1526 ctores,
2343 1476 2649 1529 novumque
2685 1462 2737 1513 in
2768 1462 2992 1528 antiquo
3023 1460 3339 1524 schismate,
3374 1461 3695 1529 pauciorum

2108 1554 2351 1623 quidem,
2431 1555 2525 1608 sed
2556 1553 2717 1621 longe
2788 1566 3052 1620 superans
3084 1562 3136 1606 et
3169 1554 3395 1606 materia
3434 1553 3700 1623 quaesito-

2110 1659 2252 1706 rum,
2296 1651 2351 1698 et
2383 1653 2572 1698 mutuo
2623 1646 2764 1701 inter
2817 1646 3052 1710 seodio,
3120 1644 3486 1699 libentissime
3539 1646 3689 1698 enim

2110 1736 2192 1789 vel
2230 1749 2424 1789 carnes
2456 1735 2606 1803 ipsas
2632 1736 3051 1807 degustasset":
3083 1735 3211 1805 quid
3247 1735 3697 1805 exspectandum.

2038 1822 2078 1873 Β
2108 1829 2327 1897 quando
2364 1828 2512 1882 nulla
2566 1844 2690 1895 spes
2735 1829 2839 1881 erit
2896 1829 3250 1884 tecumenicae
3282 1829 3500 1898 synodi,
3533 1829 3695 1896 cujus

2120 1927 2329 1971 tantum
2361 1918 2605 1972 calculos
2642 1927 2799 1972 erant
2833 1918 3205 1984 formidaturi,
3240 1919 3386 1988 quod
3427 1920 3697 1973 incertum

2082 1997 2254 2065 iesset
2314 2012 2612 2064 secundum
2652 2027 2792 2079 quos
2843 2010 2930 2064 illa
2969 2022 3112 2064 esset
3163 2012 3472 2065 decretura.
3504 2010 3694 2064 Talem

2112 2116 2239 2155 vero
2273 2103 2539 2173 synodum
2573 2105 2692 2169 quis
2728 2116 2965 2170 unquam
3000 2102 3197 2155 mentis
3229 2117 3452 2170 compos
3506 2116 3698 2169 spera-

2113 2192 2271 2257 verit,
2310 2194 2351 2247 si
2393 2193 2532 2245 hanc
2571 2200 2721 2246 lauto
2747 2202 2872 2247 ante
2909 2192 3223 2247 meditatam
3251 2202 3514 2261 tempore,
3551 2201 3723 2253 tanta,

2114 2271 2242 2338 vero
2326 2291 2582 2352 utrinque
2616 2300 2739 2337 cum
2785 2285 3099 2339 diﬂicultate
3167 2298 3429 2348 coaetatn,
3486 2283 3696 2337 irritam

2089 2378 2291 2442 videat,
2328 2378 2471 2447 quod
2509 2377 2611 2431 sibi
2646 2392 2841 2443 nomen
2869 2378 2972 2432 hoc
2999 2377 3138 2431 tueri
3164 2378 3343 2431 minus
3368 2376 3640 2446 potuerint
3674 2377 3700 2427 ν

432 2471 567 2524 νοῦν
603 2470 743 2538 ἔχων
782 2469 991 2522 ἑλπίσει
1027 2472 1177 2530 ποτὲ,
1209 2471 1307 2538 τὴν
1330 2471 1605 2531 τοσούτοις
1636 2472 1737 2540 ἥδη
1757 2470 1967 2539 χρόνοις
2003 2471 2406 2540 μελετωμένην,
2433 2471 2526 2523 καὶ
2561 2471 2698 2540 μετά
2727 2469 2993 2537 τοσαύτης
3019 2470 3356 2540 ἑκατέρωθεν
3383 2469 3701 2540 δυσχερείας

434 2565 734 2628 συστᾶσαν,
794 2565 856 2615 ὲκ
909 2563 1001 2616 τοῦ
1065 2564 1140 2632 μὴ
1200 2563 1494 2634 δυνηθῆναι
1561 2563 1827 2616 διασῶσαι
1887 2563 2091 2634 ταύτην
2124 2566 2263 2633 αὐτῇ
2287 2563 2387 2632 τὴν
2416 2564 2792 2632 προσηγορίαν
2817 2564 3028 2627 βλέπων
3074 2565 3505 2631 ἀκυρουμένην;

504 2656 713 2708 Οὐκοῦν
741 2658 836 2708 τοῦ
863 2656 1056 2723 χρόνου
1090 2654 1277 2707 καινὸν
1309 2656 1396 2707 ἀεί
1430 2672 1481 2706 τι
1518 2655 2004 2725 προσεξευρίσκον-

430 2763 542 2809 τος,
604 2749 697 2799 καὶ
755 2747 863 2797 τῶν
907 2747 1208 2815 ἀνθρώπων
1240 2744 1307 2797 δι’
1332 2745 1554 2813 ἄγνοιαν
1604 2746 1635 2814 ἣ
1670 2746 2003 2813 φιλονεικίαν

434 2838 710 2908 ἐχομένων
732 2839 824 2890 τοῦ
857 2838 1111 2907 ψεύδους,
1133 2839 1229 2892 καὶ
1262 2838 1357 2900 τὰς
1388 2838 1447 2891 ἑν
1475 2838 1712 2906 δόγμασι
1739 2838 2002 2907 διαφορὰς

431 2928 581 2981 ἔστιν
622 2927 710 2980 ὅτε
738 2931 1038 2998 προφάσεις
1066 2928 1160 2981 τοῦ
1191 2931 1328 2998 πρὸς
1359 2928 1621 2999 ἀλλήλους
1662 2930 2001 2998 ποιουμένων

434 3020 696 3088 πολέμου,
732 3020 817 3085 ἐφ’
847 3022 904 3072 ὃν
930 3021 973 3072 δ’
1006 3023 1054 3073 οἱ
1083 3024 1221 3090 μετά
1252 3022 1349 3089 τῆς
1406 3020 1666 3089 ἀληθείας
1720 3020 1999 3087 ἱστάμενοι

2174 2656 2310 2710 Cum
2369 2656 2531 2725 igitur
2580 2664 2794 2724 tempus
2853 2655 2976 2708 novi
3032 2668 3247 2723 semper
3296 2656 3497 2724 aliquid
3544 2654 3701 2709 adir...

2103 2747 2305 2810 veniat,
2357 2756 2411 2799 et
2440 2747 2712 2812 homines,
2751 2748 2865 2801 sive
2914 2749 2985 2801 ob
3058 2748 3441 2816 ignorantiam,
3486 2748 3599 2802 sive
3629 2752 3700 2801 ob

2103 2840 2340 2892 certandi
2373 2840 2641 2905 studium,
2674 2840 2959 2893 mendacio
2996 2839 3333 2901 adhaereant,
3366 2847 3417 2891 rt
3440 2837 3702 2891 dill‘ereno

2104 2931 2208 2984 tias
2260 2931 2575 2998 dogmatum
2644 2931 2973 2999 quandoque
3013 2929 3213 2984 faciant
3264 2946 3458 2985 causas
3495 2946 3701 3000 pugna-

2105 3036 2246 3083 rum,
2309 3023 2594 3091 nullusque
2657 3025 2763 3085 sit,
2829 3033 2925 3075 aut
2990 3029 3356 3090 exspectetur,
3413 3023 3478 3075 ad
3537 3036 3697 3089 quem

386 3142 391 3147 ο
433 3113 893 3178 καταφεύξονται,
925 3114 1019 3163 καὶ
1047 3112 1108 3163 οὑ
1139 3114 1237 3180 τὴν
1266 3112 1443 3181 ψῆφον
1478 3112 1746 3180 ἁρμόττει
1794 3112 2000 3173 πάντας

2109 3114 2423 3182 confugiant
2485 3116 2575 3182 qui
2645 3130 2741 3183 pro
2832 3115 3063 3168 veritate
3141 3124 3312 3176 stant,
3357 3113 3513 3182 cujus
3570 3127 3699 3166 sen-

434 3204 725 3269 αἰδεῖσθαι,
752 3205 879 3274 μήτ’
908 3205 1060 3265 ὄντος
1085 3205 1223 3272 μήτε
1268 3202 1742 3277 προσδοκωμένου,
1785 3202 2002 3273 ἀνάγκη

434 3300 644 3358 πάντας
671 3297 863 3360 δεινῶς
908 3297 1159 3366 ἀλλήλοις
1206 3295 1614 3365 συρρήγνυσθαι
1644 3311 1659 3326 ·
1708 3295 1803 3346 καὶ
1857 3293 2003 3346 διδαο

436 3388 670 3449 σκάλους
692 3389 791 3458 τῆς
822 3388 1079 3455 ἀληθείας
1110 3387 1373 3449 ἑκάστους
1419 3386 1633 3447 ἑαυτοῖς
1661 3386 2001 3454 γινομένους,

435 3479 546 3532 ⁴τῶν
574 3479 699 3532 ἄλλο
740 3496 793 3531 τι
825 3479 1173 3548 φρονούντων
1219 3476 1693 3545 καταψηφίζεσθαι
1724 3478 1820 3528 καὶ
1860 3476 1919 3527 τὸ
1941 3475 2004 3544 δὴ

437 3572 661 3627 πάντων
692 3571 988 3642 χείριστον,
1033 3570 1350 3639 αἱρετικοῦς
1381 3568 1475 3620 καὶ
1502 3567 1766 3630 ἀπίστους
1797 3567 2007 3620 ἀποκα-

437 3663 572 3725 λεῖν,
635 3664 695 3715 ού
730 3663 983 3730 καθάπερ
1022 3660 1117 3712 νῦν
1152 3659 1579 3728 διαφερομένους
1636 3658 1729 3710 καὶ
1773 3675 2007 3728 σχισμα-

438 3756 621 3816 τικοὺς
658 3754 748 3806 καὶ
789 3756 854 3805 τά
876 3753 1098 3805 τοιαῦτα
1132 3751 1619 3819 προσαγορεύουσι,
1654 3750 1753 3811 τὰς
1796 3750 2004 3801 συνοδι-

438 3846 543 3908 κάς
565 3845 1013 3912 ύποστελλόμινοι
1033 3843 1264 3911 ψήφους.
1293 3840 1509 3893 Τούτων
1538 3840 1591 3892 δέ
1615 3856 1668 3890 τι
1702 3839 1769 3891 ἃν
1798 3838 2007 3905 γένοιτο

438 3940 660 4005 χείρους
704 3933 842 3987 Οῦτε
888 3935 997 4003 γάρ
1054 3932 1258 3985 εἴσεταί
1304 3950 1388 3993 τις
1435 3933 1545 3983 τῶν
1597 3931 2006 3999 ἁπλουστέρων,

440 4028 493 4077 τί
530 4028 595 4078 ἀν
641 4027 750 4077 δέοι
795 4028 1012 4093 φρονεῖν
1039 4022 1131 4076 καὶ
1171 4022 1281 4074 τίσι
1325 4021 1681 4090 προσθέσθαι,
1712 4019 1824 4073 οὔτ’
1857 4021 2008 4073 ἀκίν-

436 4115 593 4166 δυνον
648 4112 804 4165 ἔσται
857 4114 972 4173 τοῖς
1025 4110 1302 4164 ὁποιονοῦν
1354 4110 1655 4178 ἑλομένοις,
1702 4111 1783 4172 είς
1838 4110 2010 4163 πολλὰ

434 4203 805 4272 νενεμημένου
837 4202 929 4254 τοῦ
959 4191 1222 4269 ψεύδους’·
1256 4202 1351 4255 καὶ
1400 4201 1459 4252 τὸ
1492 4201 1751 4269 μέγιστον
1779 4202 1858 4263 εἰς
1903 4217 2009 4253 σω-

434 4296 655 4365 τηρίαν,
690 4295 723 4363 ἡ
765 4293 966 4355 πίστις,
1000 4296 1062 4345 ἐκ
1120 4294 1231 4344 τῶν
1286 4291 1594 4361 ἀνθρώπων
1652 4292 1771 4345 κατ’
1825 4292 2007 4358 ὀλίγον

434 4386 735 4453 οἰχήσεται.
772 4384 876 4434 Καὶ
917 4381 1012 4434 νῦν
1053 4383 1151 4450 μὲν
1209 4382 1501 4444 ἀκούοντες
1556 4379 1698 4435 εἷναί
1752 4399 1854 4434 που
1916 4380 2013 4434 καὶ

2106 3206 2326 3259 tentiam
2384 3207 2669 3261 conveniat
2724 3222 2915 3261 omnes
2981 3208 3270 3261 revereri:
3328 3221 3550 3260 necesse
3614 3218 3700 3258 est

2104 3310 2294 3348 omnes
2365 3297 2505 3348 inter
2566 3311 2625 3349 se
2675 3313 2869 3369 manus
2925 3307 3238 3362 conserant,
3286 3296 3527 3363 dumque
3590 3297 3694 3351 sibi

2104 3388 2333 3456 quisque
2390 3387 2450 3440 tit
2504 3388 2745 3442 veritatis
2820 3389 3107 3456 magister,
3182 3389 3340 3441 aliter
3396 3388 3697 3441 sentientes

2106 3479 2429 3534 condemnet
2467 3496 2501 3546 ;.
2547 3481 2803 3548 quodque
2883 3481 3239 3534 deterrimum
3297 3479 3543 3531 omnium
3588 3491 3696 3544 νει,

2107 3570 2391 3626 haereticos
2475 3572 2833 3639 inﬁdelesqne
2891 3574 3141 3643 appellet,
3203 3588 3312 3625 non
3375 3572 3450 3624 ttti
3550 3588 3697 3625 nune

2109 3661 2185 3723 ﬁt,
2239 3662 2308 3714 ob
2330 3660 2779 3728 discrepantiam,
2808 3662 3191 3715 schismaticos
3218 3670 3271 3712 et
3296 3660 3345 3713 id
3370 3676 3542 3728 genus
3566 3661 3695 3727 alia,

2107 3761 2254 3805 metu
2298 3752 2572 3820 synodica:
2611 3752 2966 3807 deﬁnitionis.
2994 3753 3105 3807 Hoc
3133 3769 3293 3821 porro
3337 3763 3478 3810 statu
3510 3769 3694 3809 rerum

2107 3844 2235 3907 quid
2273 3843 2467 3912 pejus?
2505 3859 2662 3898 nemo
2715 3846 2859 3897 enim
2924 3846 3319 3915 simpliciurum
3375 3848 3509 3900 sciet
3562 3847 3693 3915 quid

2109 3939 2474 4001 sentiendum,
2524 3938 2796 4008 quibust
2843 3941 3253 3994 assentiendum
3301 3957 3315 3992 :
3360 3957 3457 3995 nec
3515 3942 3617 3995 erit
3664 3958 3694 3994 a

2109 4027 2354 4096 periculo
2416 4042 2655 4081 vacuum
2721 4028 3088 4098 quodcunque
3136 4030 3364 4098 quisque
3411 4030 3693 4099 delegerit,

2110 4118 2393 4173 mendacio
2431 4118 2784 4173 multifariam
2815 4121 2991 4176 diviso
3022 4135 3121 4175 τοι
3182 4135 3289 4189 quo
3338 4122 3431 4175 lict
3497 4131 3555 4175 ut
3607 4138 3695 4177 res

2111 4210 2176 4263 ad
2234 4211 2462 4265 salutem
2524 4212 2760 4266 maxime
2826 4217 3163 4277 necessaria,
3217 4215 3353 4271 [idus
3423 4217 3682 4285 paulatim

2116 4304 2428 4357 hominibus
2450 4304 2628 4357 abeat.
2651 4304 2710 4357 Et
2736 4321 2883 4360 nunc
2905 4306 3125 4373 quidem
3147 4307 3448 4368 audientes,
3474 4320 3694 4364 exstare

2114 4393 2311 4447 alicubi
2376 4394 2616 4448 haereses
2673 4395 2943 4463 principio
2986 4405 3230 4459 exortas,
3292 4402 3491 4452 mirum
3532 4410 3691 4467 puta-

441 4472 708 4537 σώζεσθαι
768 4476 868 4535 τὰς
932 4473 992 4537 ἐξ
1064 4475 1241 4543 ἀρχῆς
1320 4475 1695 4544 γεγενημένας
1773 4473 2007 4541 αἱρέσεις

2119 4499 2262 4542 mus.
2284 4485 2330 4537 si
2362 4486 2611 4538 homines
2641 4494 2791 4538 tanta
2820 4487 2965 4541 inter
2985 4502 3044 4540 se
3086 4487 3406 4556 opinionum
3460 4490 3692 4544 diversi-

439 4566 719 4636 ἡγούμεθα
772 4566 1117 4635 θαυμαστὸν,
1196 4567 1245 4618 εί
1326 4566 1562 4618 τοσαῦτα
1625 4566 2010 4633 διαφερόμενοι

440 4659 578 4729 πρὸς
640 4658 924 4727 ἀλλήλους,
975 4658 1070 4709 καὶ
1111 4656 1254 4708 οὕτω
1304 4656 1523 4719 πολλαῖς
1584 4655 1679 4708 καὶ
1738 4654 2011 4718 ποικίλαις

440 4751 779 4819 δναντιότησι
808 4748 1078 4811 συζῶντες
1106 4747 1387 4814 ἄνθρωποι
1424 4748 1680 4799 δὰνανται
1714 4749 2007 4799 συνοικεῖνο

437 4842 560 4894 τότε
612 4841 669 4893 δὲ
728 4838 881 4893 τουτὶ
944 4838 1007 4891 τὸ
1066 4839 1241 4891 δεινὴν
1300 4840 1398 4906 τὴν
1451 4840 1777 4907 οἰκουμένην
1828 4838 2013 4891 πᾶσαν

442 4932 711 5000 ἐμπλήσει
738 4946 753 4962 '
783 4931 877 4983 καὶ
902 4930 1010 4982 οὐδ’
1042 4929 1108 4983 ἂν
1142 4931 1193 4982 εί
1240 4948 1324 4993 τις
1380 4934 1443 4981 ἐκ
1489 4930 1598 4982 τῶν
1657 4929 1827 4981 ὲθνῶν
1874 4929 2014 5000 πρὸς

440 5024 543 5090 τὴν
605 5020 868 5089 ἀληθινὴν
920 5021 1277 5090 ἐπιστρέφειν
1339 5020 1585 5089 βούλοιτο
1643 5021 1846 5086 πίστιν,
1900 5021 2011 5074 τίσι

443 5112 710 5181 χρήσεται
736 5112 833 5180 τῆς
863 5111 1161 5178 ἐπιθυμίας
1194 5110 1407 5181 ὁδηγοῖς
1430 5128 1489 5162 τε
1524 5112 1620 5163 καὶ
1669 5111 2014 5174 διδασκάλοις

441 5205 610 5274 εἰδείη
652 5203 829 5262 καλῶς
855 5217 871 5232 °
910 5204 1111 5272 μᾶλλον
1146 5202 1201 5254 δὲ
1232 5205 1329 5270 τὴν
1365 5202 1636 5272 τοσαύτην
1665 5204 2014 5270 ἀσυμϐασίαν

440 5296 609 5366 ὁρῶν,
642 5294 752 5345 οὐδ’
805 5293 871 5345 ἂν
917 5291 1230 5362 βουληθείη.
1267 5293 1333 5343 "A
1369 5292 1448 5343 δεῖ
1494 5293 1632 5361 μετὰ
1688 5292 1797 5344 τῶν
1836 5292 2016 5345 ἄλλων

443 5389 700 5442 ἁπάντων
773 5383 1193 5453 προειδομένους
1264 5384 1448 5452 ἡμᾶς,
1517 5384 1612 5435 καὶ
1688 5384 2016 5453 νομίσαντας

442 5481 651 5532 ἐκεῖνον
688 5476 827 5532 εἶναι
877 5480 969 5533 τὸν
1005 5478 1218 5548 χρόνον,
1262 5476 1318 5526 ἑν
1357 5468 1400 5542 ᾧ
1426 5474 1677 5544 καθάπερ
1713 5479 1769 5528 ἑν
1816 5493 2013 5528 νυκτο-

446 5571 617 5641 μαχίᾳ
647 5573 842 5633 πάντες
875 5571 1170 5641 φυρόμενοι
1200 5569 1607 5637 συμπίπτουσιν
1635 5569 1882 5637 ἀλλήλοις
1918 5569 2012 5621 καὶ

447 5663 906 5727 συναπόλλυνται,
944 5663 1041 5715 καὶ
1090 5662 1198 5713 τῶν
1257 5661 1353 5727 μὲν
1404 5659 1793 5728 ἀπολλυμένων
1839 5657 2017 5714 οἶκτον

446 5753 729 5817 λαδόντας,
763 5754 841 5824 τῷ
873 5754 928 5807 δὲ
963 5752 1307 5821 κατειληφότι
1358 5751 1452 5821 τὴν
1486 5752 1815 5822 Ἐκκλησῗαν
1862 5752 2019 5818 δεινῷ

2116 4584 2247 4638 tato,
2287 4584 2395 4627 tam
2422 4575 2627 4636 multis,
2672 4582 2779 4626 tam
2822 4574 3006 4634 variis.
3044 4585 3152 4629 tam
3210 4577 3503 4631 contrariis
3562 4594 3691 4631 sen-

2116 4665 2302 4719 tentiis
2333 4664 2618 4719 discordes
2642 4664 2852 4732 possint
2885 4664 3048 4721 simul
3102 4664 3372 4726 hahitare.
3425 4675 3553 4719 tunc
3588 4682 3689 4720 au-

2116 4766 2219 4809 tem
2244 4753 2446 4808 malum
2479 4754 2582 4809 hoc
2607 4763 2780 4808 totum
2802 4763 3071 4808 terrarum
3109 4754 3296 4808 orbem
3345 4758 3638 4824 occupabit
3667 4772 3683 4809 :

2115 4859 2215 4898 nec
2240 4843 2287 4897 si
2319 4843 2493 4913 quisa
2550 4844 2855 4911 gentilitate
2893 4843 3021 4899 velit
3081 4845 3148 4898 ad
3208 4858 3388 4898 veram
3439 4846 3687 4901 οοιινιιτιί

2117 4935 2296 4997 iidem,
2323 4935 2463 4989 seire
2490 4936 2691 5004 poterit
2719 4936 2903 5004 plane,
2948 4935 3154 5004 quibus
3188 4937 3449 4989 utendum
3480 4937 3550 4990 sit
3592 4937 3688 4990 de-

2115 5025 2303 5080 siderii
2330 5028 2415 5079 sui
2446 5026 2681 5080 ducibus
2706 5040 2771 5078 ac
2807 5027 3105 5093 magistris,
3151 5025 3282 5093 quin
3335 5026 3445 5080 imo
3481 5035 3685 5079 tantam

2116 5117 2411 5186 inspiciens
2435 5117 2881 5184 discrepantiam,
2909 5130 2976 5169 ne
3003 5117 3243 5177 voluerit
3273 5118 3520 5186 quidem.
3554 5118 3687 5184 Quze

2119 5223 2217 5260 nos
2252 5221 2315 5260 ac
2334 5214 2530 5260 caetera
2549 5204 2730 5259 omnia
2755 5206 3172 5275 prospicientes,
3193 5209 3687 5278 existimantesque

2119 5295 2252 5349 illud
2284 5310 2406 5349 esse
2456 5299 2856 5363 tenipus,quod
2910 5297 3072 5351 veluti
3112 5308 3371 5351 conserta
3424 5311 3688 5353 nocturna

2118 5399 2298 5455 pugna
2339 5387 2586 5454 permisit
2614 5402 2827 5455 omnes,
2859 5389 2992 5441 alter
3025 5388 3079 5441 in
3117 5390 3349 5442 alterum
3402 5401 3685 5450 corruunt,

2118 5476 2390 5544 simulque
2489 5486 2756 5546 pereunt;
2818 5478 3161 5545 pereuntium
3216 5478 3690 5532 commiseratione

2118 5579 2316 5633 motos,
2347 5567 2493 5625 malo
2515 5585 2644 5623 vero
2684 5568 2829 5638 quod
2866 5568 3161 5623 Ecclesiam
3219 5569 3548 5635 nepam-itur,
3592 5568 3689 5621 de-

2121 5660 2286 5713 bitam
2354 5661 2674 5728 objicieutcs
2731 5659 3150 5729 providentiam,
3199 5667 3413 5724 oportet
3472 5659 3689 5712 unicam

2121 5751 2365 5809 omnium
2429 5766 2650 5809 causam
2709 5764 2979 5805 resecare.
3051 5746 3327 5819 Adbauc
3381 5749 3526 5804 cnim
3578 5765 3689 5803 non
