4170 6294
486 366 606 439 illo

1601 372 1980 432 GENNADII
2024 372 2128 434 CP.
2174 370 2690 433 l’ATRlARCllﬁE

3643 360 3750 427 1'20

492 504 633 555 opus
652 488 754 543 erit
780 489 887 543 alio
906 502 1153 543 seorsum
1182 495 1444 550 tractatu,
1471 496 1565 540 aut
1603 487 1728 541 aliis
1760 487 2065 549 laboribus,
2098 533 2100 543 .

2209 485 2275 554 ὴν
2307 485 2661 554 ὀφειλομένης
2707 484 3107 553 ἁντιτάξαντας
3142 486 3420 553 πρᾶνοιαν,
3454 484 3545 554 τὴν
3584 488 3752 555 μόνην

495 590 589 633 aut
620 579 880 647 temporis
925 593 1118 632 mora:
1146 592 1244 632 nec
1279 578 1322 632 si
1382 592 1469 631 res
1519 577 1573 630 in
1616 577 1866 645 praesenti
1930 582 2067 630 bene

495 680 913 738 contponantur,
979 684 1116 738 opus
1150 669 1256 723 erit
1311 668 1380 722 de
1441 668 1525 723 his
1562 668 1758 721 iterum
1819 668 2069 723 sedentes

499 760 761 831 cogitare,
798 761 890 815 sed
918 761 1062 830 quod
1084 766 1305 829 oportet
1335 759 1598 813 adhibere
1637 758 1703 811 ad
1760 758 2068 826 praesentia,

501 852 605 907 hoc
635 852 787 907 vobis
818 855 923 906 erit
961 853 1315 921 pharmacum
1356 850 1519 905 etiam
1578 848 1643 903 ad
1678 850 1884 903 futura.
1938 847 2070 900 Nam

503 944 549 999 si
606 942 897 997 ed’eceritis
953 950 1009 994 ut
1065 956 1251 994 revera
1304 940 1547 1009 synodus
1597 937 1932 993 meumeuica
1978 936 2076 988 ha-

503 1039 716 1100 beatur,
748 1050 812 1088 ex
844 1048 954 1105 quo
1008 1036 1169 1088 etiam
1214 1034 1300 1087 ﬂet
1332 1042 1390 1087 ut
1422 1032 1576 1086 ﬁrma
1611 1031 1721 1084 sint
1767 1044 1889 1098 qua:
1916 1042 1945 1081 a
1980 1042 2077 1081 vo-

504 1126 590 1182 bis
617 1128 819 1181 fuerim
867 1128 1106 1191 decreta,
1154 1140 1335 1188 nemo,
1364 1125 1663 1195 quidquam
1695 1123 1761 1177 de
1790 1120 2079 1191 rebusjam

503 1216 742 1270 deﬁnitis
770 1216 819 1269 iu
850 1215 1075 1270 dubium
1110 1230 1330 1279 vocans,
1364 1214 1473 1268 ﬁeri
1504 1228 1742 1283 unquam
1772 1211 2085 1267 scltismatis

504 1316 693 1362 auctor
722 1307 973 1371 voluerit,
1004 1316 1060 1361 et
1105 1305 1407 1362 Ecclesiam
1464 1306 1646 1360 sciens
1680 1307 1783 1359 hoc.
1837 1303 2080 1357 animad-

504 1414 810 1463 versuram,
859 1406 912 1451 et
943 1412 1136 1467 poenas
1185 1396 1253 1450 ab
1307 1396 1643 1450 tecumeuica
1693 1392 1904 1463 synodo
1950 1409 2081 1447 cou-

505 1490 727 1544 stitutas
785 1488 1184 1551 reformidans;
1224 1486 1369 1556 quod
1436 1502 1534 1556 par
1581 1495 1664 1542 est
1701 1493 1831 1539 tunc
1876 1483 2079 1553 potius,

508 1590 692 1650 utpote
718 1590 833 1635 toto
889 1589 1161 1633 terrarum
1195 1581 1328 1634 orbe
1383 1579 1525 1633 idem
1586 1581 1879 1643 sentiente,
1917 1591 2080 1645 quam

506 1687 655 1728 nunc
688 1683 1029 1740 exspectare.

2171 576 2425 630 ἁπάντων
2471 576 2651 629 αίτίαν
2718 577 3014 646 περιελεῖν.
3054 576 3181 629 Ἐπὶ
3236 577 3347 646 γὰρ
3399 576 3608 646 ταύτην
3655 579 3755 630 οὑκ

2175 666 2313 730 ιδίας
2369 667 2449 719 δεῖ
2503 667 2915 738 πραγματείας,
2971 668 3094 721 οὑδέ
3152 670 3334 721 πόνων
3388 668 3567 731 ἄλλων
3635 668 3756 721 οὑδέ

2173 758 2366 828 χρόνου
2436 761 2668 829 τριϐῆς·
2720 760 2845 812 οὑδὲ
2902 759 2970 813 τὰ
3031 760 3280 829 παρόντα
3348 760 3758 829 διοικουμένους

2174 849 2356 911 καλῶς
2396 846 2582 918 δεήσει
2614 852 2741 915 περὶ
2776 840 2982 904 τούτων
3027 851 3379 922 καθημένους
3420 851 3758 905 σκέπτεσθαι

2178 940 2338 992 πάλιν
2370 954 2384 968 ⁸
2424 940 2538 993 ἀλλ’
2583 939 2611 993 ὃ
2678 941 2812 1013 πρδς
2853 941 2925 993 τά
2972 942 3218 1011 παρόντα
3277 940 3360 993 δεῖ
3402 941 3755 1011 προελέσθαι,

2176 1031 2324 1084 τοῦθ’
2349 1032 2477 1099 ὑμῖν
2503 1033 2598 1083 καὶ
2632 1031 2739 1084 τῶν
2778 1032 3088 1100 μελλόντων
3117 1031 3421 1101 φάρμακον
3469 1031 3622 1085 ἔσται
3643 1047 3658 1062 ο
3694 1031 3758 1084 ἂν

2177 1126 2288 1192 γὰρ
2309 1124 2457 1185 ὅπως
2484 1120 2703 1190 ἀληθῶς
2728 1125 3083 1193 οῖκουμενικὴ
3112 1123 3509 1195 νομισθήσεται
3537 1124 3758 1187 σύνοδος

2182 1215 2578 1284 διαπράξησθε,
2609 1214 2668 1278 ἐξ
2697 1208 2759 1267 οὑ
2790 1218 2888 1269 καὶ
2930 1216 3001 1270 τὰ
3056 1218 3185 1287 περὶ
3217 1217 3328 1269 τῶν
3374 1216 3758 1285 προκειμένων

2183 1306 2411 1372 δόξαντα
2445 1308 2667 1375 κρατεῖν
2697 1306 2828 1375 ὑμῖν
2858 1307 3174 1375 περιέσται,
3200 1307 3372 1371 οὐδείς
3418 1322 3573 1374 ποτε,
3592 1307 3759 1362 κινῶν

2187 1414 2239 1451 τι
2328 1398 2434 1451 τῶν
2509 1396 2895 1463 καθεστώτων,
2942 1398 3241 1467 σχίσματος
3298 1398 3440 1469 ἀρχὴ
3504 1399 3760 1466 γενέσθαι

2189 1489 2541 1559 βουλήσεται·
2596 1487 2720 1542 οὗτε
2779 1488 3183 1558 περιοψομένην
3252 1493 3352 1559 τὴν
3430 1488 3762 1558 Ἐκκλησίαν

2187 1580 2362 1643 εἰδὼς,
2399 1582 2490 1632 καὶ
2519 1580 2614 1641 τὰς
2651 1580 2715 1633 ἐκ
2741 1582 2841 1648 τῆς
2869 1581 3254 1650 οίκουμενικῆς
3288 1581 3511 1634 συνόδου
3556 1582 3761 1648 φυλατ-

2186 1672 2411 1739 τόμενος
2438 1671 2613 1738 δῖκας,
2646 1672 2712 1742 ἢν
2737 1670 2862 1724 τότε
2900 1673 3100 1742 μᾶλλον
3130 1672 3163 1743 ἢ
3187 1672 3302 1737 νῦν,
3336 1673 3431 1726 ἅτε
3456 1673 3556 1740 τῆς
3585 1674 3764 1724 οἰκου-

2195 1769 2361 1834 μένης
2387 1763 2606 1833 ἁπάσης
2636 1762 2972 1834 ὁμονοούσης
3006 1764 3311 1834 προσδοκᾷν
3337 1764 3487 1817 ἐστιν
3519 1762 3763 1829 εὔλογον.

582 1854 650 1908 Et
681 1853 821 1906 hanc
852 1849 1074 1919 quidem
1103 1847 1371 1920 synodum
1426 1862 1532 1900 non
1583 1844 1766 1900 minus
1791 1860 1818 1899 a
1855 1843 2086 1915 Spiritu,

2264 1855 2377 1910 Kal.
2406 1854 2511 1924 μὴν
2559 1853 2657 1924 τὴν
2713 1855 2811 1926 μὲν
2856 1853 3072 1908 σύνοδον
3101 1855 3305 1924 ταύτην
3331 1855 3437 1908 ὑπὸ
3467 1854 3559 1908 τοῦ
3600 1854 3766 1906 live-3-

508 1958 673 2013 quam
703 1940 772 1996 de
798 1939 1001 2009 Spiritu
1026 1936 1263 1993 dicimus
1297 1944 1707 2005 congregatam,
1740 1947 1860 2001 quae
1903 1932 1977 1987 illi
2008 1935 2087 1985 vi-

506 2035 708 2090 dentur
726 2032 1078 2088 deﬁnituram
1104 2044 1123 2083 :
1145 2027 1200 2084 id
1230 2043 1359 2082 vero
1386 2041 1624 2096 quanam
1657 2026 1761 2082 alia
1796 2027 2005 2081 ratione
2026 2038 2088 2079 re

511 2127 627 2194 ipsa
680 2123 1026 2187 ostendatur,
1092 2129 1457 2191 praterquam
1502 2118 1550 2173 si
1601 2126 1795 2173 caetera
1866 2115 2087 2187 quidem

510 2204 1045 2288 parvipenderimus,
1076 2211 1359 2268 veritatem
1394 2219 1575 2266 autem
1628 2211 1696 2265 de
1722 2209 1841 2277 eius
1866 2223 2091 2280 proces-

514 2312 667 2364 sione
685 2307 864 2363 modis
905 2304 1159 2360 omnibus
1189 2300 1714 2366 examinaverimus,
1746 2310 1801 2356 et
1838 2300 1959 2355 sine
1989 2299 2093 2356 hoc

513 2402 663 2456 nulla
698 2400 911 2455 ratione
935 2398 1060 2453 hinc
1088 2396 1341 2451 recedere
1392 2394 1537 2464 passi
1573 2393 1817 2450 erimus‘?
1840 2402 1932 2448 aut
1962 2407 2094 2462 quo-

514 2493 678 2549 modo
708 2492 783 2547 illi
806 2506 919 2547 rem
948 2489 1117 2559 magis
1142 2496 1351 2558 gratam
1394 2485 1574 2541 facere
1608 2485 1911 2557 possimus,
1931 2500 1960 2540 a
1986 2499 2097 2553 quo

516 2584 655 2649 solo,
683 2583 775 2653 qui
815 2597 971 2638 amor
996 2590 1153 2637 estet
1191 2580 1417 2643 dicitur,
1451 2592 1674 2648 sperare
1703 2577 1956 2631 convenit
1996 2576 2097 2632 bo-

506 2692 648 2732 num
675 2674 1000 2739 concordia,
1024 2687 1186 2741 quam
1220 2672 1265 2726 sl
1296 2684 1460 2725 sanas
1489 2684 1552 2724 ac
1582 2669 1700 2738 pias
1730 2668 1799 2723 de
1826 2667 1946 2738 ipso
1973 2680 2099 2721 sen-

521 2769 719 2823 tentias
760 2764 1295 2834 investigaverimus,
1351 2774 1654 2831 puramque
1710 2774 1773 2815 ac
1823 2759 2093 2813 sinceram

524 2860 583 2912 in
617 2872 742 2912 cum
776 2858 938 2910 ﬁdem
973 2853 1216 2923 reperire
1244 2861 1298 2906 (ιι
1334 2865 1664 2906 conservare
1724 2847 2103 2904 voluerimus?

521 2951 660 3004 Cum
690 2946 834 3002 enim
869 2946 961 2999 ille
1005 2944 1078 3000 sit
1120 2943 1357 3014 Spiritus
1406 2942 1676 3008 veritatis,
1707 2942 1827 2995 vult
1880 2940 2097 3011 quidem

458 3061 468 3069 ·
526 3054 629 3095 nos
658 3037 952 3107 cujuslibet
981 3034 1231 3090 veritatis
1260 3047 1382 3089 esse
1410 3033 1709 3097 studiosos,
1741 3033 2005 3102 nobisque
2028 3030 2095 3086 ad

521 3146 647 3187 eam
677 3135 779 3185 viae
802 3129 998 3185 ducem
1031 3142 1090 3183 se
1143 3125 1365 3196 praebe',
1398 3133 1458 3180 ut
1489 3126 1581 3196 qui
1607 3126 1726 3180 sine
1759 3126 1879 3195 ipso
1915 3140 2011 3194 per
2034 3123 2097 3177 il-

2193 1963 2364 2015 ματος
2396 1945 2552 1999 οὑδέν
2598 1940 2763 2016 ἦττον
2813 1946 2844 2017 ἦ
2896 1949 3027 2017 ’περὶ⁴
3073 1945 3166 1998 τοῦ
3221 1945 3542 2014 Πνεύματός
3586 1962 3768 2015 φαμεν
3831 1946 3838 1956 '

2192 2036 2601 2108 συνηθροῖσθαι,
2656 2036 2725 2090 τά
2778 2036 2975 2107 ἐκείνῳ
3027 2037 3295 2090 δοκοῦντα
3337 2037 3717 2106 ψηφισαμένην
3749 2050 3763 2065 ο

2191 2128 2309 2192 πῶς
2338 2127 2382 2180 δ’
2437 2127 2503 2181 ἂν
2555 2126 2731 2189 ἄλλως
2761 2125 2848 2179 ἐπ’
2874 2126 3060 2179 αὑτῶν
3091 2127 3203 2179 τῶν
3240 2126 3586 2196 πραγμάτων
3612 2124 3769 2177 τοῦτο

2190 2218 2455 2290 δειχθείη,
2510 2219 2543 2288 ἢ
2576 2217 2645 2271 τὰ
2676 2219 2775 2288 μὲν
2807 2217 2959 2271 ἄλλα·
2980 2217 3338 2286 περιιδόντων
3370 2216 3549 2288 ἡμῶν,
3582 2217 3679 2285 τὴν
3713 2216 3769 2270 δέ

2194 2311 2329 2380 περὶ
2371 2310 2475 2379 τῆς
2511 2300 2680 2364 αὑτοῦ
2711 2309 2943 2380 προόδου
2978 2311 3116 2362 πᾶσι
3147 2310 3374 2381 τρόποις
3425 2309 3772 2376 ἐξητακότων

2194 2398 2478 2468 ἀλήθειαν,
2515 2400 2609 2451 καὶ
2638 2398 2841 2450 τούτου
2877 2398 3048 2468 χωρὶς
3075 2396 3199 2468 μηδ’
3239 2398 3497 2452 ἀπελθεῖν
3526 2398 3773 2452 ἐντεῦθεν

2196 2488 2623 2557 ἀνασχομένων;
2656 2487 2727 2538 Ἢ
2771 2486 2898 2558 πῶς,
2927 2486 2994 2539 ἂν
3022 2486 3389 2558 δυνηθείημεν
3422 2488 3572 2558 αὑτῷ
3618 2488 3773 2557 χαρί-

2201 2581 2399 2635 σασθαι
2437 2578 2666 2647 μᾶλλον,
2700 2580 2830 2650 παρ’
2862 2572 2923 2633 οὑ
2962 2580 3124 2649 μόνου
3177 2580 3271 2633 καὶ
3304 2579 3363 2632 τὸ
3395 2584 3491 2649 τῆς
3519 2580 3773 2649 ὁμονοίας

2200 2673 2348 2735 εἰκός
2378 2674 2528 2725 ἐστιν
2559 2671 2780 2725 ἐλπίσαι
2825 2672 3014 2738 καλὸν,
3049 2673 3272 2742 ἀγάπης
3300 2672 3453 2735 ὑντος
3490 2677 3584 2725 καὶ
3612 2674 3771 2740 λεγο-

2204 2764 2388 2832 μένου,
2424 2761 2457 2831 ﬁ
2496 2764 2590 2824 τάς
2634 2762 2991 2830 ὑγιαινούσας
3052 2763 3193 2833 ὑπὲρ
3245 2761 3409 2816 αὑτοῦ
3454 2762 3774 2832 θηρώμενοι

2201 2852 2383 2917 δόξας,
2420 2854 2518 2905 καὶ
2552 2855 2653 2923 τὴν
2684 2854 2766 2919 είς
2808 2855 2939 2907 αὑτὸ
2967 2854 3151 2906 πίστιν
3195 2855 3463 2925 εἱλικρινῆ
3513 2857 3609 2908 καὶ
3652 2855 3780 2910 ἀκίφ-

2205 2942 2405 3014 δδηλον
2468 2945 2651 3013 εὑρεῖν
2682 2945 2777 2998 καὶ
2804 2944 3004 3008 σώζειν
3050 2944 3396 3013 βουλόμενοι;
3435 2944 3645 3000 Ἐκεῖνο
3669 2928 3780 3018 γὰρ

2202 3035 2462 3106 ἀληθείας
2519 3033 2758 3103 ἐραστὰς
2814 3035 2964 3103 ἡμᾶς
3020 3030 3161 3087 εἶναι
3218 3033 3493 3103 βούλεται,
3534 3037 3629 3088 καὶ
3679 3037 3820 3109 τὴν.

2204 3126 2343 3197 πρὸς
2383 3125 2554 3195 αὐτὴν
2574 3125 2692 3179 ὁδὸν
2728 3126 2866 3195 ἡμῖν
2901 3126 3216 3194 ὑφηγεῖται,
3249 3125 3324 3188 ώς
3351 3125 3481 3180 ἀνευ
3514 3124 3677 3180 αὑτοῦ
3705 3127 3781 3196 μὴ

525 3225 631 3277 Iam
666 3221 746 3276 ire
792 3224 927 3275 citra
978 3218 1282 3290 periculum
1335 3233 1446 3273 non
1488 3218 1805 3288 possimus:
1869 3217 1961 3271 sed
2018 3215 2098 3272 eis

2204 3215 2530 3286 δυναμένοις
2561 3213 2862 3275 ἀκινδύνως
2899 3213 3107 3284 ταύτην
3152 3214 3359 3268 ὁδεύειν
3381 3230 3394 3245 ·
3434 3217 3547 3276 τοῖς
3599 3215 3645 3268 δ’
3671 3216 3699 3268 ὃ
3729 3233 3781 3267 τι

524 3312 866 3384 potissimum
897 3311 1223 3376 oblectatur,
1243 3306 1336 3379 qui
1365 3307 1557 3363 volunt
1584 3308 1861 3378 inquirere
1879 3307 2005 3377 quid
2038 3306 2106 3362 de

525 3409 646 3478 ipso
674 3405 1031 3478 personisque
1060 3404 1167 3473 ipsi
1188 3402 1751 3459 consubstantialibus
1780 3401 1852 3457 sit
1870 3399 2113 3456 sentien-

504 3496 679 3563 dum,
717 3498 863 3569 quod
892 3497 929 3553 ii
957 3497 1255 3551 maximam
1280 3496 1622 3565 primamque
1640 3494 1922 3549 veritatem
1956 3508 2107 3549 asse-

527 3592 623 3661 qui
659 3590 925 3661 cupiant:
954 3604 1054 3643 nec
1084 3603 1180 3644 eos
1222 3589 1431 3659 patitur
1459 3588 1513 3642 in
1548 3584 1869 3656 hujusmodi
1901 3585 2106 3654 cogita-

530 3684 775 3737 tionibus
807 3682 1086 3737 mendacii
1116 3682 1349 3737 ncxibus
1382 3680 1677 3750 implicari.
1703 3676 1860 3744 Quod
1895 3677 1940 3733 si
1997 3693 2104 3746 qua

528 3772 601 3825 sit
631 3772 923 3832 dubitatio,
959 3782 1257 3840 congregat
1297 3786 1392 3826 eos
1420 3769 1686 3840 undique,
1722 3770 1817 3839 qui
1845 3776 1958 3824 toto
1984 3768 2107 3822 ani-

530 3876 621 3916 tuo
653 3877 835 3915 veram
862 3862 1146 3930 inquirant
1170 3861 1521 3925 sententiam,
1572 3875 1804 3932 eamque
1830 3860 1950 3914 sine
1979 3873 2109 3913 cou-

541 3953 786 4006 tentione
805 3953 1230 4019 amplectantur,
1262 3950 1533 4019 efﬁcitque
1562 3960 1621 4005 ut
1649 3951 1933 4005 veritatem
1962 3964 2108 4019 qum—

532 4042 699 4095 sitam
735 4041 1035 4105 inveniant,
1066 4040 1365 4094 dummodo
1420 4054 1529 4095 non
1563 4040 1674 4095 sint
1712 4038 1932 4109 superbi
1991 4038 2109 4107 ejus

526 4131 975 4199 investigatores,
1007 4144 1233 4200 suteque
1259 4132 1449 4185 virtuti
1497 4147 1613 4186 rem
1653 4139 1822 4185 totam
1851 4130 2108 4185 commit-

537 4232 683 4275 tant.
740 4221 1015 4287 Q‘uorsutn
1047 4221 1192 4273 enim
1216 4212 1312 4275 vos
1343 4221 1700 4292 congregavit
1725 4220 1980 4290 Spiritus,
2006 4218 2109 4272 nisi

525 4323 597 4366 nut
652 4326 841 4366 verum
898 4311 1118 4380 aliquod
1169 4310 1495 4366 beneﬁcium
1556 4314 1608 4366 in
1641 4321 1813 4368 totum
1868 4310 2113 4367 conferat

535 4406 747 4468 orbetu,
782 4406 923 4457 unde
960 4418 1052 4457 vos
1080 4402 1293 4456 collecti
1324 4403 1500 4459 estis?
1530 4414 1677 4459 certe
1705 4404 1850 4457 enim
1883 4420 1992 4458 non
2053 4413 2114 4458 ut

533 4498 745 4551 divitiis
775 4504 990 4566 augeat,
1020 4504 1075 4549 et
1096 4501 1413 4564 potentatus
1459 4495 1614 4552 vobis
1666 4497 1933 4566 acquirat,
1986 4512 2111 4550 cum

534 4592 705 4660 possit
753 4589 823 4643 tle
851 4587 1178 4659 quibusdam
1227 4587 1458 4641 fortasse
1486 4588 1733 4641 nonnihil
1759 4587 2022 4657 conqueri
2045 4587 2115 4641 ob

534 4697 915 4753 possessarum
964 4683 1126 4733 etiam
1188 4679 1654 4751 dispensationem
1757 4679 2113 4733 facultatum:

540 4790 718 4844 neque
750 4782 809 4827 ut
842 4773 1281 4842 praclarosillos
1311 4775 1566 4828 restituat
1598 4774 1807 4836 titulos,
1839 4781 1894 4825 et
1925 4772 2118 4824 verbo-

540 4883 631 4922 sas
666 4865 1051 4932 inscriptiones
1075 4880 1103 4916 a
1129 4865 1429 4917 schismate
1461 4863 1560 4916 rite
1582 4864 1824 4917 sublatas
1849 4879 1862 4917 :
1889 4879 2009 4932 qua:
2033 4873 2118 4915 tu-

541 4960 712 5012 moris
779 4956 961 5026 potius
998 4955 1380 5023 superbiaeque
1429 4953 1852 5007 ostentationem
1915 4954 2118 5007 habent

543 5051 825 5101 hominum
855 5046 1076 5115 Spiritui
1137 5044 1545 5099 obsistentium.
1611 5043 1718 5099 Sed
1751 5046 1869 5098 haec
1898 5045 2117 5113 quidem

544 5138 610 5187 ad
645 5151 770 5188 vera
798 5137 938 5187 bona
972 5142 1100 5187 sunt
1123 5134 1287 5188 veluti
1321 5134 1628 5189 adventitite
1652 5142 1850 5204 partes,
1884 5149 2121 5203 quatuo-

546 5228 631 5280 bis
655 5241 684 5278 a
708 5224 915 5294 Spiritu
948 5225 1189 5288 venient,
1224 5235 1277 5277 et
1308 5226 1528 5293 praemia
1561 5228 1811 5294 quaedam
1835 5236 2123 5294 suscepto-

545 5328 669 5368 rum
694 5328 795 5383 pro
817 5321 1040 5364 veritate
1074 5313 1347 5375 laborum,
1380 5315 1445 5367 ad
1506 5318 1853 5382 praebendum
1888 5328 2124 5385 angusto

546 5391 826 5477 parvoque
850 5402 1034 5455 animo
1056 5410 1245 5456 nostro
1280 5407 1574 5457 Solatium;
1624 5423 1744 5475 qua:
1777 5423 1884 5461 non
1938 5411 2126 5476 paucis

546 5498 787 5553 arbitror
818 5494 1152 5564 sapientibus
1181 5502 1342 5547 erunt
1398 5499 1754 5566 contemptui,
1792 5516 1859 5552 ne
1906 5501 1948 5550 si
1993 5500 2125 5551 den-

550 5602 637 5644 tur
662 5589 881 5660 quidem
909 5586 1220 5655 recipienda
1248 5602 1264 5652 ;
1297 5587 1439 5654 quod
1473 5587 1545 5641 illi
1607 5590 1719 5642 sola
1758 5586 2127 5643 vet°itatisno-

548 5685 669 5735 titia
719 5682 829 5735 sint
857 5676 1126 5742 contenti,
1177 5680 1570 5748 pratutiutnquc
1638 5683 1802 5736 rebus
1863 5682 2122 5736 omnibus

548 5770 883 5835 aquiralcus
914 5767 977 5821 id
994 5774 1183 5835 putent
1213 5766 1543 5832 lwminibus,
1569 5770 1658 5838 qui
1692 5787 1788 5839 pro
1824 5770 1912 5823 illa
1937 5770 2123 5823 decer-

2206 3308 2288 3362 δεῖ
2327 3311 2547 3377 φρονεῖν
2592 3307 2734 3378 ὑπὲρ
2780 3305 2950 3362 αὑτοῦ
2986 3308 3082 3361 καὶ
3121 3309 3228 3360 τῶν
3264 3309 3572 3378 δμοουσίων
3604 3308 3783 3376 τούτῳ

2206 3399 2520 3471 προσώπων
2569 3398 2848 3464 ἐξετάζειν
2882 3398 3152 3466 ἐθέλουσι,
3185 3401 3405 3463 τούτοις
3436 3400 3513 3463 ὠς
3548 3402 3646 3470 τῆς
3683 3384 3785 3470 με·

2207 3492 2407 3565 γίστης
2459 3490 2557 3543 καὶ
2599 3489 2822 3558 πρώτης
2881 3488 3141 3558 ἀληθείας
3208 3491 3515 3560 ἐφιεμένοις
3568 3493 3786 3543 πάντων

2211 3579 2448 3649 μάλιστα
2498 3580 2724 3652 χαίρει·
2778 3581 2884 3633 κάν
2934 3582 3054 3645 ταῖς
3108 3581 3389 3644 τοιαύταις
3447 3582 3678 3643 ἐννοίαις
3722 3584 3785 3634 οὑ

2211 3674 2491 3741 συγχωρεῖ
2528 3671 2757 3735 τούτους
2837 3674 2960 3734 ταῖς
3008 3672 3237 3736 πλοκαῖς
3278 3672 3371 3725 τοῦ
3413 3673 3639 3742 ψεύδους
3671 3674 3787 3728 ἀλί-

2212 3760 2459 3815 σκεσθαι.
2499 3761 2599 3813 Ἂν
2626 3759 2682 3813 δέ
2715 3777 2799 3822 τις
2840 3759 3258 3832 ἀμφισϐήτησις
3316 3756 3370 3836 ᾖ,
3406 3762 3651 3830 συλλέγει
3689 3763 3790 3833 μὲν

2210 3852 2551 3923 πανταχόθεν
2577 3851 2705 3915 τοὺς
2744 3850 3026 3921 ὁλοψύχως
3071 3852 3169 3923 τὴν
3198 3853 3371 3925 ἀληθῆ
3404 3871 3472 3922 γυ
3483 3857 3791 3925 μνάσοντας

2209 3945 2393 4011 δόξαν,
2416 3945 2513 3997 καὶ
2545 3942 2717 4014 ταύτῃ
2746 3936 3240 4014 προσθησομένσυς
3274 3948 3401 3999 ἀνευ
3433 3947 3789 4015 φιλονεικίας.

2212 4036 2406 4099 Ὅπως
2440 4035 2487 4086 δ’
2526 4033 2593 4087 ἂν
2639 4037 2739 4105 τῇς
2781 4034 3041 4104 ἀληθείας
3108 4036 3340 4106 τύχωσι,
3394 4038 3621 4107 πράττει
3649 4080 3665 4104 ,
3725 4040 3792 4092 ἂν

2216 4129 2379 4199 μόνον
2412 4128 2512 4181 οὑκ
2541 4125 2810 4189 ἀλαζόνες
2857 4127 3000 4190 τινές
3028 4124 3163 4186 ὦσιν
3192 4129 3362 4199 αὐτῆς
3395 4128 3656 4199 θηραταὶ,
3697 4131 3793 4182 καὶ

2212 4222 2280 4291 τῇ
2323 4220 2476 4289 σφῶν
2518 4220 2747 4289 δυνάμει
2782 4218 2843 4270 τὸ
2878 4219 2985 4272 πᾶν
3030 4220 3444 4289 ἐπιτρέποντες.
3493 4222 3561 4273 Ἢ
3590 4221 3642 4273 τί
3672 4220 3795 4291 βου-

2213 4313 2441 4382 λόμενον
2474 4314 2622 4381 ἡμᾶς
2653 4310 2847 4380 συνῆξε
2888 4311 2948 4362 τὸ
2980 4311 3227 4380 Πνεῦμα,
3266 4312 3298 4381 ἢ
3341 4311 3394 4364 τί
3432 4311 3542 4364 τῶν
3575 4312 3794 4382 ἀληθῶς

2216 4406 2440 4476 ἀγαθῶν
2487 4407 2585 4474 τὴν
2633 4405 2962 4474 οἰκουμένην
3011 4405 3195 4458 πᾶσαν
3249 4404 3797 4475 εὑεργετῆσονβθεν

2217 4499 2374 4568 ὑμεῖς
2417 4496 2745 4566 συνελέγητε
2780 4512 2793 4560 ;
2834 4496 2908 4547 Οὑ
2939 4495 3045 4566 γὰρ
3084 4495 3148 4566 δὴ
3180 4496 3441 4567 χρήματι
3486 4496 3798 4566 προσθήσειν

2222 4588 2373 4657 ὑμῖν,
2430 4588 2526 4640 καὶ
2559 4585 2884 4649 δυναστείας
2938 4588 3463 4657 κατακτησόμενον,
3514 4586 3590 4641 ὧν
3634 4590 3799 4651 ἐνίοις

2221 4682 2318 4735 καὶ
2363 4680 2463 4748 τῆς
2511 4680 2623 4732 τῶν
2676 4678 3037 4748 ὑπαρχόντων
3090 4681 3406 4749 οἰκονομίας
3444 4682 3572 4743 ίσως
3604 4682 3719 4750 ἔχει
3750 4699 3799 4732 τι

2225 4771 2559 4841 μέμφεσθαιο
2593 4770 2713 4821 οὑδέ
2738 4772 2835 4832 τὰς
2869 4769 3081 4837 σεμνὰς
3108 4770 3314 4832 ταύτας
3342 4772 3624 4826 ἁποδὼσον
3656 4776 3800 4825 ἐπω-

2223 4864 2446 4932 νυμίας,
2479 4863 2696 4923 καὶτὰς
2722 4861 3167 4924 πολυσυλλάἦους
3207 4864 3522 4931 ἐπιγραφὰς
3555 4865 3660 4917 ὑπὸ
3704 4864 3799 4916 τοῦ

2226 4954 2524 5024 σχίσματος
2561 4954 2743 5017 καλῶς
2777 4956 3259 5024 περιαιρεθείσας·
3304 4956 3363 5008 αῖ
3391 4956 3562 5026 τύφου
3596 4956 3801 5028 μᾶλλον

2225 5048 2321 5098 καὶ
2356 5047 2734 5116 ὑπερηφανίας
2785 5047 3068 5111 ἀπόδειξιν
3114 5047 3301 5116 hausi
3356 5050 3487 5113 τῶιΔ
3516 5046 3803 5101 ἀντικαθι-

2229 5139 2514 5207 σταμένων
2546 5137 2622 5208 τῷ
2686 5139 2987 5209 [ινεύματι.
3027 5139 3194 5192 ’Λλλὰ
3238 5140 3416 5203 ταῦτα
3468 5143 3568 5209 μὲν
3616 5142 3805 5208 ὥσπερ

2229 5228 2507 5280 ἐπεισόδια
2534 5228 2642 5279 τῶν
2672 5227 2747 5290 ὡς
2783 5228 2999 5297 άληθῶς
3047 5228 3187 5280 είσιν
3218 5228 3461 5296 ἀγαθῶν,
3498 5231 3639 5296 ἅπερ
3674 5231 3803 5298 ἡμῖν

2231 5320 2384 5389 παρὰ
2438 5319 2529 5371 τοῦ
2571 5318 2891 5387 Πνεύματος
2942 5318 3061 5386 ἥξει
3099 5338 3113 5352 ⁸
3179 5322 3275 5373 καὶ
3332 5316 3472 5373 ἆθλά
3526 5337 3647 5371 τινα
3697 5321 3804 5371 τῶν

2235 5408 2376 5475 ὑπὲρ
2427 5408 2523 5476 τῆς
2553 5408 2809 5476 ἀληθείας
2838 5425 3131 5477 καματων,
3167 5413 3264 5476 τὴν
3294 5409 3570 5481 ἡμετέραν
3610 5425 3808 5478 μικρο⁹

2232 5499 2436 5567 ψυχὶαν
2474 5499 2953 5568 παραμυθούμενα
2982 5518 2997 5534 ο
3040 5496 3115 5553 ὧν
3142 5504 3240 5554 οἰκ
3263 5504 3477 5570 ὀλίγους
3510 5500 3667 5572 οἶμαι
3698 5502 3806 5553 τῶν

2237 5587 2360 5639 νοῦν
2387 5587 2619 5655 ἐχόντων
2647 5589 3108 5657 καταφρονήσειν,
3140 5591 3232 5643 καὶ
3253 5591 3504 5658 δεόμενα
3531 5593 3605 5663 μὴ
3642 5610 3807 5661 etpos—
3879 5637 3882 5639 λ

2236 5681 2490 5747 ήσεσθαι,
2516 5681 2582 5747 τῇ
2608 5676 2806 5744 γνώσει
2843 5680 2941 5747 τῆς
2977 5681 3235 5750 ἀληθείας
3277 5684 3674 5753 ἀγαπήσαντας
3708 5683 3810 5755 μό-

2239 5785 2323 5840 νῃ,
2358 5772 2450 5821 καὶ
2500 5770 2707 5839 ταύτην
2733 5769 2826 5822 τοῦ
2855 5776 3054 5835 runt;
3086 5774 3235 5836 ἄξιον
3277 5778 3445 5845 γέρας
3486 5779 3808 5847 κομίζοντας
