4170 6294
558 338 663 404 4’23

1694 338 2071 399 GERNADII
2112 341 2195 401 Ci"
2250 343 2466 405 ΡΛΊἮ.
2533 348 2754 409 ΙΚΟΙΙΕ

3694 357 3796 421 424

561 454 971 524 parvipendere,
1006 466 1129 505 cum
1167 457 1313 506 stent
1342 448 1412 504 ab
1443 457 1676 519 utraque
1708 453 1874 505 nmlta
1932 454 2100 520 partin

2232 459 2324 525 τὴν
2358 459 2583 531 είρήνψ
2612 462 2824 515 τελείαν
2873 456 3057 531 ετργον
3099 463 3433 532 νομίζεσθαυ
3486 466 3629 521 ἀλλά
3667 474 3797 539 περὶ

557 541 777 610 quidem
802 557 866 595 ex
904 540 1203 608 Scripturis
1237 550 1473 607 sumpta,
1508 542 1706 609 partim
1737 558 1863 595 vero
1889 546 2128 595 humano

559 634 741 688 studio
769 640 1003 699 reperta,
1035 647 1156 698 qua:
1186 630 1393 685 faciunt
1433 641 1490 684 ut
1521 632 1735 685 difﬁcile
1770 634 2024 687 omnibus
2046 634 2125 686 vi-

550 724 745 778 deatur
774 724 842 776 de
874 723 961 776 his
992 722 1135 776 ferre
1161 723 1452 792 judicium.
1483 721 1548 775 Et
1580 725 1867 792 opiniones
1900 724 2016 777 ista-
2046 726 2127 777 iu-

550 823 635 869 ter
662 831 760 868 nos
806 826 965 868 antea
989 816 1351 869 versabantur
1384 816 1436 868 in
1470 817 1843 869 controversia
1873 833 1886 869 ε
1916 826 1968 871 et
1993 817 2123 871 illud

551 921 648 959 nos
681 905 843 974 simul
876 906 1148 969 turbabat,
1176 906 1429 960 timentes
1478 920 1545 958 ne
1579 920 1608 959 a
1634 906 1859 960 veritate
1902 906 2126 959 aberra-

550 1009 757 1056 remus,
781 1004 834 1049 et
867 996 1156 1048 maximam
1183 996 1516 1048 mstiiuautes
1544 994 1931 1057 calamitatem,
1962 994 2007 1049 si
2033 995 2120 1049 cui

548 1099 672 1137 eum
710 1086 875 1138 fratre
906 1084 1166 1153 pugnanti
1202 1084 1541 1151 contingeret
1577 1091 1633 1136 et
1674 1096 1799 1138 cum
1836 1082 1943 1135 Deo
1970 1082 2123 1136 helli-

2228 547 2608 620 δοξῶνήμῖνή
2648 555 2793 622 μάχη
2840 552 2930 605 καί
2980 555 3010 604 ὁ
3054 554 3289 621 πόλεμος
3330 550 3435 625 ἦν,
3474 558 3567 610 καὶ
3600 558 3791 623 δοξῶν,

2231 636 2399 690 αὐτοῦ
2433 643 2533 708 τῆς
2565 642 2837 710 ἡμετέρας
2868 643 3101 703 πίστεως
3150 643 3469 712 ἁπτομένων
3497 645 3591 697 τοῦ
3622 662 3794 712 κεφαο

2229 726 2401 791 λαίου,
2438 730 2531 783 καὶ
2581 728 2656 784 ὧν
2711 733 2839 794 τοὺς
2891 733 3098 802 θατέρᾳ
3148 734 3641 803 προστεθειμένους
3693 738 3794 790 οὐκ

2226 817 2343 869 εστι
2392 820 2706 873 παντάπασι
2759 823 2857 892 τῆς
2912 822 3107 893 ἑτέρας
3164 827 3547 893 καταφρονεῖν,
3583 827 3793 879 πολλῶν

2225 906 2462 979 ἑκατέρᾳ
2501 914 2969 980 συνηγορούντων,
3010 916 3118 965 τῶν
3168 915 3267 982 μὲν
3297 916 3562 983 κειμένων
3594 919 3652 969 ὲν
3673 923 3794 981 ταῖς

2225 997 2490 1065 Γραφαίς,
2519 1001 2627 1051 τῶν
2677 1000 2724 1051 δ’
2756 1002 2859 1053 ὑπὸ
2890 1004 2986 1071 τῆς
3024 1004 3369 1073 ἀνθρωπίνης
3416 1007 3794 1075 ἐξευρημένων

2224 1085 2478 1154 μελέτης,
2524 1088 2619 1140 καὶ
2670 1089 2969 1143 ποιούντων
3021 1092 3192 1143 ἀπασι
3245 1091 3480 1161 δυσχερῆ
3526 1095 3624 1161 τὴν
3662 1098 3792 1165 περὶ

547 1191 758 1245 gerare,
792 1176 983 1229 abesse
1016 1176 1173 1243 longe
1200 1192 1229 1228 a
1263 1172 1509 1237 veritate,
1540 1189 1638 1242 pro
1668 1175 1869 1243 quibus
1912 1174 2100 1227 bellum

2220 1177 2429 1229 τούτων
2458 1179 2745 1245 φαίνεσθαι
2781 1182 2984 1250 κρίσιν.
3020 1184 3128 1236 Καὶ
3186 1186 3313 1251 περὶ
3357 1185 3563 1236 τούτων
3593 1204 3655 1253 γε
3686 1188 3793 1239 τῶν

544 1273 663 1319 erat
681 1273 1018 1333 susceptum.
1038 1262 1163 1318 Haec
1186 1278 1350 1332 porro
1375 1266 1442 1319 de
1468 1264 1575 1318 illis
1601 1264 1722 1317 dico
1744 1263 1836 1332 qui
1861 1263 2080 1331 sapiunt

2219 1266 2387 1331 δοξῶν
2413 1269 2664 1339 ἀλλήλοις
2710 1271 2951 1341 πρόσθεν
2978 1273 3371 1341 διεφερόμεθα,
3407 1278 3544 1343 μετὰ
3572 1276 3667 1327 τοῦ
3694 1278 3791 1329 καὶ

543 1369 669 1408 nam
703 1352 947 1406 homines
973 1352 1281 1420 pervicaces
1349 1362 1404 1407 et
1462 1348 1855 1413 contentiosos.
1911 1366 2100 1420 eosqm

2220 1360 2357 1430 πρὸς
2382 1361 2578 1425 αὐτοὺς
2605 1362 2961 1431 τεταράχθαι,
2996 1364 3090 1414 καὶ
3118 1364 3216 1430 τὴν
3247 1365 3357 1417 ἀπὸ
3400 1364 3501 1431 τῆς
3527 1366 3787 1435 ἀληθείας

545 1446 639 1515 qui
676 1458 775 1512 pro
803 1457 933 1495 vero
973 1442 1102 1495 illud
1127 1444 1301 1496 solum
1336 1444 1535 1498 habent
1572 1444 1659 1497 cui
1684 1444 1848 1498 semel
1873 1444 2100 1497 adhmsv-

2216 1450 2491 1505 ἔκπτωσιν
2522 1454 2787 1521 τρέμειν,
2826 1452 2921 1504 καὶ
2970 1454 3262 1521 συμφορὰν
3316 1454 3570 1521 ἡγεῖσθαι
3626 1458 3788 1523 μεγί-

542 1535 677 1595 rint,
707 1541 761 1585 et
778 1546 938 1584 aures
957 1531 1218 1586 claudunt
1242 1536 1536 1588 contrariis
1569 1534 1888 1597 rationibus,
1919 1535 2100 1588 misso:

2218 1560 2372 1611 στην,
2430 1544 2495 1595 ἂν
2528 1543 2710 1611 συμϐῇ
2746 1560 2853 1595 τινι
2902 1546 3014 1604 τοῖς
3054 1543 3309 1609 ἀδελφοῖς
3342 1546 3658 1613 μαχομένῳ,
3688 1549 3785 1598 καὶ

541 1627 684 1680 facio
708 1643 723 1683 :
757 1642 920 1698 quos,
952 1644 1057 1683 non
1083 1627 1229 1697 quod
1258 1640 1379 1679 vera
1400 1640 1521 1680 esse
1544 1628 1719 1679 sciant
1779 1641 1903 1694 qute
1930 1642 2100 1680 seuse-

2214 1629 2335 1697 Θεῷ
2391 1630 2651 1697 πολεμεῖν
2680 1669 2695 1694 ,
2753 1632 2846 1683 καὶ
2895 1633 2992 1699 τῆς
3044 1631 3306 1700 ἀληθείας
3366 1633 3778 1701 διαμαρτάνειν,

541 1715 677 1777 rint.
710 1726 802 1771 aut
828 1718 1119 1785 ejusmodi,
1155 1726 1213 1771 ut
1252 1717 1424 1771 refelli
1464 1732 1572 1770 non
1612 1716 1844 1785 possint,
1887 1732 1949 1769 ea
1981 1731 2100 1771 cre-

2216 1719 2353 1788 ύπὶρ
2384 1714 2458 1772 ὧν
2510 1722 2538 1771 ὁ
2591 1720 2825 1789 πόλεμος
2857 1716 2947 1790 ἦν.
2980 1718 3169 1775 Ταῦτα
3230 1721 3289 1773 δὲ
3340 1724 3470 1792 περὶ
3519 1725 3627 1777 τῶν
3658 1725 3782 1777 νοῦν

538 1808 669 1864 dere
697 1813 844 1866 dicat
859 1781 1144 1882 quispiam
1169 1827 1185 1865 :
1223 1812 1317 1867 sed
1349 1811 1478 1881 quia
1505 1781 1677 1865 semel
1704 1819 1968 1880 concepta
1994 1810 2098 1865 sibi

2212 1781 2445 1881 ἑχόντων
2471 1817 2615 1881 φημί
2635 1826 2652 1841 ’
2679 1781 2815 1874 τοὺς
2849 1781 2957 1881 γ’ἀρ
2991 1781 3468 1883 ίσχυρογνώμονας
3512 1817 3607 1868 καὶ⁵
3639 1816 3786 1884 φιλο-

537 1899 627 1955 illa
653 1903 972 1969 probantur.

2213 1902 2429 1962 νείκους
2465 1904 2853 1973 παραιτητέον,
2884 1904 2981 1956 καὶ
3027 1903 3154 1967 τοὺς
3183 1899 3356 1974 οὗπερ
3392 1906 3459 1958 ἀν
3489 1906 3781 1970 λάϐωνται,

534 1992 681 2047 τοῦτ’
713 1988 857 2049 εἶναι
914 1994 1076 2064 μόνον
1138 1992 1369 2061 τάληθὲς
1419 1993 1791 2064 ἡγουμένους,
1856 1994 1951 2049 καὶ
1997 1996 2111 2058 τοῖς
2148 1994 2409 2059 ἑναντίοις
2440 1994 2622 2062 λόγοις
2688 1995 2785 2057 τὰς
2837 1994 3006 2056 ἀκοὰς
3059 1995 3451 2058 ἀποκλείοντας
3476 2012 3494 2029 ο
3546 1997 3641 2061 οὓς
3684 2000 3783 2067 οὐχ

532 2085 617 2138 ὅτι
652 2086 957 2138 συνοίδασιν
998 2083 1252 2152 ἀληθέσιν
1292 2078 1411 2136 οὖσι
1460 2088 1554 2137 καὶ
1606 2086 1879 2154 κρείττοσι
1921 2085 2104 2155 πάσης
2142 2083 2473 2153 ἀντιλογίας,
2506 2085 2624 2139 ἀλλ’
2650 2086 2739 2139 ὅτι
2774 2085 2957 2153 σφίσιν
2994 2084 3326 2155 ἀρέσκουσιν
3350 2081 3433 2151 οἷς
3508 2086 3577 2141 ἂν
3647 2104 3782 2157 φρο-

530 2180 775 2248 νήσαιεν,
806 2176 1082 2230 πιστεύειν
1115 2176 1260 2229 είποι
1301 2192 1381 2237 τις
1413 2176 1503 2231 ἀν.

603 2270 726 2325 liene
764 2270 927 2338 igitur
948 2285 1070 2324 cum
1100 2272 1177 2322 ita
1218 2285 1275 2323 se
1329 2269 1582 2332 habeant,
1605 2268 1649 2323 si
1682 2268 1924 2324 futurum
1955 2277 2104 2326 esset

532 2376 587 2414 ut
608 2401 623 2425 ,
653 2362 924 2415 exstincto
952 2370 1140 2415 mutuo
1186 2362 1328 2413 inter
1357 2376 1459 2415 nos
1511 2362 1674 2423 bello,
1700 2362 1963 2415 continuo
1998 2378 2102 2432 pax

529 2454 690 2507 nobis
720 2463 887 2511 esset.
928 2452 1130 2521 Deique
1159 2452 1311 2505 favor
1338 2453 1476 2506 bene
1514 2453 1581 2507 de
1614 2453 1705 2506 illo
1738 2453 2104 2507 sentientibus

529 2546 779 2611 adesset,
850 2548 966 2599 sive
1016 2544 1159 2613 quod
1221 2547 1566 2614 prosperiore
1607 2544 1836 2613 quadam
1885 2543 2101 2599 fortuna

528 2639 715 2692 verior
745 2639 905 2692 nobis
975 2638 1270 2704 placuisset
1307 2640 1602 2702 sententia,
1652 2639 1767 2691 sive
1821 2637 1983 2690 aliam
2029 2638 2102 2690 ob

525 2742 751 2781 causam
779 2726 911 2779 nihil
945 2727 1283 2789 timentibus,
1317 2726 1637 2794 nullumque
1670 2724 1972 2792 periculum
2002 2731 2103 2777 aut

525 2820 790 2870 daiuinnn
842 2816 1286 2881 formidantibus,
1352 2816 1497 2885 quod
1541 2829 1648 2868 non
1684 2815 1949 2869 fuerimus
2005 2829 2098 2867 vo-

526 2908 792 2960 luntatem
818 2890 1076 2971 assecuti,
1109 2906 1245 2961 satis
1294 2906 1452 2959 nobis
1481 2914 1646 2960 esset.
1672 2904 1793 2959 loco
1856 2903 2099 2957 omnium

523 3014 717 3065 gerere
738 3012 948 3065 pacem,
976 3012 1083 3066 qua
1117 3007 1399 3065 utcunque
1438 2997 1715 3060 confecta,
1770 2994 1903 3049 nihil
1958 3010 2099 3064 opus

523 3098 668 3143 esset
694 3090 760 3143 ad
793 3089 899 3143 alia
930 3089 1177 3144 studiose
1219 3089 1559 3143 incumbere.
1595 3088 1794 3143 Verum
1819 3089 1973 3157 quia,
1999 3090 2097 3143 de-

525 3186 701 3251 posita
721 3183 1079 3237 contentione
1104 3192 1420 3252 apparente,
1469 3181 1606 3236 bella
1641 3182 1799 3235 nobis
1836 3182 1941 3235 alia
2004 3197 2097 3236 su-

525 3279 786 3338 pererunt
815 3271 1115 3335 deteriora,
1152 3270 1416 3339 pacisque
1485 3270 1683 3324 bonmn
1735 3271 1906 3325 deerit
1949 3286 2101 3341 atque

526 3376 591 3415 ac
634 3362 811 3429 prius,
866 3363 1131 3431 quiddam
1168 3362 1351 3430 potius
1396 3363 1540 3416 aliud
1598 3378 1761 3431 quam
1799 3363 1950 3433 pacis
2007 3378 2102 3418 ne-

522 3454 1002 3520 gotiumtraetare
1059 3454 1388 3519 videbimur,
1443 3462 1536 3505 aut
1597 3469 1822 3521 prorsus
1885 3454 2099 3509 nescire

521 3546 797 3613 quomodo
828 3546 930 3600 voti
957 3555 1236 3612 compotes
1267 3546 1379 3599 fieri
1423 3545 1740 3608 debeamus,
1789 3547 1859 3610 si,
1898 3545 2098 3601 nostris

521 3649 733 3693 tantum
768 3639 929 3693 rebus
964 3638 1094 3692 hinc
1149 3638 1273 3692 inde
1333 3638 1474 3691 bene
1517 3638 1858 3707 compositis,
1921 3649 2095 3693 totum

520 3745 659 3799 opus
697 3748 729 3785 a
786 3732 944 3786 nobis
1002 3730 1315 3785 absolutum
1345 3730 1807 3785 existimabimus.
1861 3729 1917 3784 Si
1969 3745 2096 3785 vero

519 3836 736 3886 contra,
767 3826 1035 3879 ordiendo
1059 3840 1087 3877 a
1113 3823 1485 3891 dogmatibus,
1510 3837 1808 3891 pacemque
1835 3836 1959 3875 cum
1988 3821 2095 3874 Deo

520 3915 767 3968 studiose
797 3914 1182 3982 perquirendo,
1209 3913 1395 3967 statim
1426 3922 1621 3967 cetera
1659 3912 1841 3965 omnia
1875 3912 2091 3975 cedent,

518 4012 577 4056 et
604 4004 777 4056 multa
799 4004 907 4056 erit
927 4004 1169 4069 undique
1196 4000 1583 4068 tranquillitas.
1634 4010 1688 4053 ct
1731 4015 1893 4067 quam
1936 4014 2093 4053 nemo

523 4096 699 4160 possit
730 4092 881 4144 επεν-ί
917 4093 1187 4158 voluptas,
1240 4090 1497 4144 omnibus
1552 4089 1693 4143 inter
1745 4104 1804 4143 se
1852 4103 2089 4143 consen-

520 4179 786 4234 tientibus
838 4178 1224 4237 exterioribus,
1284 4175 1657 4239 interioribus,
1689 4190 1814 4241 erga
1878 4190 1975 4229 nos
2007 4179 2092 4228 in-

522 4271 721 4332 vicem,
753 4281 881 4335 erga
914 4266 1080 4319 Deum
1107 4302 1123 4327 ,
1153 4264 1404 4331 hancque
1454 4263 1588 4318 adeo
1616 4262 1869 4316 stabilem
1889 4272 1941 4315 et
1995 4262 2091 4316 ﬁr-

522 4375 689 4423 mam,
715 4359 959 4426 adeoque
992 4358 1259 4411 illustrem
1292 4355 1552 4409 unitatem
1604 4356 1739 4408 nihil
1764 4356 2089 4420 obscurare,

520 4451 656 4504 nih.l
686 4450 909 4505 oiiinino
930 4453 1128 4519 poterit
1149 4447 1495 4510 labefactare,
1524 4448 1683 4516 plane
1734 4447 2088 4501 nianifectum
2123 4479 2163 4535 υ

519 4549 606 4595 est
668 4556 791 4595 esse
848 4540 972 4593 inde
1026 4540 1370 4596 ordiendum.
1438 4538 1553 4593 Imo
1600 4553 1727 4593 vero
1777 4552 1883 4591 non
1944 4538 2090 4607 pacis

518 4634 803 4687 exordium
839 4633 970 4686 illud
998 4633 1322 4696 vocandum,
1351 4631 1448 4687 sed
1474 4645 1656 4685 veram
1686 4629 2094 4700 perfectamque

518 4741 728 4793 pacem,
759 4733 815 4779 et
863 4724 1129 4793 quidquid
1187 4723 1386 4778 dixerit
1415 4722 1689 4791 quispiam
1748 4738 1817 4776 ex
1870 4723 1938 4776 iis
1969 4737 2091 4792 quae.

519 4817 896 4886 requiruntur,
919 4816 1358 4885 amplectentem.
1410 4814 1514 4879 Qui
1543 4815 1689 4868 enim
1748 4824 1910 4867 erunt
1954 4817 2091 4869 adeo

519 4922 800 4976 procaces,
835 4916 887 4960 et
918 4907 1151 4975 [πορεύω
1210 4905 1407 4960 salutis
1461 4906 1666 4965 hostes,
1701 4912 1761 4956 ut
1806 4912 1931 4972 post
1981 4904 2090 4956 hu-

516 4998 751 5066 iusmodi
789 5012 973 5066 pacem
1008 4997 1115 5050 alio
1147 4995 1402 5066 quopiam
1456 5005 1722 5064 prmtextu
1780 4995 2018 5049 conﬁcto
2058 5010 2087 5047 a

524 5093 748 5143 fratrum
781 5092 1163 5144 communione
1190 5087 1564 5142 ilivellautur?
1608 5085 1719 5155 Ego
1742 5088 1886 5141 enim
1927 5088 2090 5156 plane

522 5197 591 5236 ne
613 5182 855 5235 relictam
881 5183 1094 5250 quidem
1136 5182 1292 5236 tideo
1324 5181 1558 5248 maligne
1587 5194 1748 5247 agere
1776 5178 2090 5231 volentibus

517 5275 681 5327 ullam
722 5276 1084 5329 oceasiouem.
1109 5274 1279 5339 Quem
1316 5288 1445 5325 vero
1467 5287 1563 5325 vos
1596 5272 1731 5324 adeo
1775 5270 2081 5323 dementem

515 5367 867 5427 existimatis,
901 5374 958 5419 ut
980 5377 1099 5433 post
1136 5374 1374 5417 vestram
1439 5363 1763 5415 sententiam
1799 5363 1868 5413 de
1920 5361 2083 5414 rebus

515 5455 806 5524 propositis
846 5454 1028 5515 latam,
1056 5454 1163 5504 imo
1201 5466 1326 5504 vero
1352 5465 1511 5517 quam
1550 5449 1693 5504 Deus
1739 5450 1876 5503 feret
1903 5451 1953 5501 iu
1991 5465 2085 5502 vo-

498 5548 619 5612 bis,
651 5549 827 5601 adhuc
868 5547 981 5614 ipse
1003 5545 1269 5597 ﬂuctuans
1300 5541 1571 5611 angatur?

2278 2270 2498 2323 Τούτων
2542 2270 2721 2323 τοίνυν
2749 2267 2925 2331 οὕτως
2965 2268 3220 2338 ἑχόντων,
3252 2268 3301 2322 εί
3338 2268 3441 2338 μὲν
3479 2270 3782 2341 ἐμέλλομεν

2205 2364 2299 2417 τὸν
2343 2363 2482 2431 πρδς
2530 2362 2795 2431 ἀλλήλους
2847 2362 3157 2423 παύσαντες
3184 2362 3449 2430 πόλεμον,
3485 2362 3649 2425 εὐθὺς
3689 2364 3780 2415 καὶ
3866 2388 3869 2389 ν

2206 2456 2342 2525 πρδς
2368 2455 2513 2524 ἡμᾶς
2536 2453 2729 2514 αὐτοὺς
2758 2454 3065 2522 είρηνεύειν
3111 2454 3207 2505 καὶ
3236 2453 3305 2506 τὰ
3336 2453 3475 2523 πρὸς
3516 2454 3649 2506 Θεὸν
3681 2454 3779 2507 εύ-

2207 2547 2410 2615 τυχεῖν,
2442 2545 2475 2613 ἢ
2509 2543 2648 2613 τύχῃ
2676 2544 2783 2595 τινὶ
2815 2543 2917 2610 τῆς
2941 2543 3314 2612 ἀληθεστέρας
3333 2543 3490 2613 δόξης
3516 2544 3780 2613 ἀπειλημ-

2215 2638 2387 2706 μένοι,
2420 2637 2453 2704 ἢ
2480 2639 2573 2689 καὶ
2599 2635 2791 2687 τούτου
2821 2634 3012 2704 χωρὶς,
3037 2635 3191 2687 οὐδὲν
3212 2635 3466 2700 δεδιότες,
3505 2637 3637 2705 μηδὲ
3666 2638 3780 2689 κίν-

2207 2726 2361 2779 δυνόν
2389 2743 2513 2779 τινα
2536 2726 2631 2778 καλ¹
2655 2725 2861 2794 ζημίαν
2889 2728 2951 2778 ἐκ
2984 2724 3079 2777 τοῦ
3115 2725 3216 2793 τῆς
3242 2726 3495 2795 ἀληθείας
3525 2729 3779 2783 ἐκπεσεῖν

2208 2814 2575 2885 ὑφορώμενοι,
2634 2817 2754 2868 ἀντὶ
2816 2815 3032 2868 πάντων
3063 2814 3131 2868 ἂν
3192 2815 3502 2884 ἀπέχρησεν
3557 2819 3691 2883 ἡμῖν
3744 2821 3776 2886 ἡ

2208 2907 2346 2977 πρὸς
2376 2906 2639 2973 ἀλλήλους
2662 2906 2876 2975 εἰρήνηο
2909 2909 3003 2958 καὶ
3032 2906 3237 2973 ταύτην
3266 2906 3413 2965 ὅπως
3444 2907 3573 2957 ποτε
3610 2926 3776 2960 κατα-

2209 3000 2482 3069 πράξασιν
2524 2998 2625 3050 οὐκ
2659 2996 2726 3050 ἂν
2758 2997 2945 3066 ἐδέησε
2992 2997 3088 3064 τῆς
3121 2997 3252 3064 περὶ
3298 2996 3467 3048 τᾶλλα
3499 2998 3733 3063 σπουδῆς
3759 3015 3772 3028 ·

2209 3092 2330 3144 ἐπεὶ
2362 3092 2441 3156 δὶ,
2466 3090 2565 3157 τῆς
2597 3091 2929 3157 φαινομένης
2969 3085 3366 3156 καταλυθείσης
3414 3088 3769 3155 φιλονεικίας,

2208 3185 2386 3253 ἕτεροι
2416 3184 2634 3253 χείρους
2682 3183 2815 3251 ἡμῖν
2866 3178 3355 3248 ύπολειφθήσονται
3400 3182 3648 3250 πόλεμοι,
3684 3187 3777 3235 καὶ

2206 3274 2268 3326 τὺ
2296 3274 2396 3344 τῆς
2427 3274 2652 3342 είρήνης
2678 3272 2835 3341 ήμῶν
2868 3271 3105 3324 ἀπέσται
3152 3270 3317 3323 καλὸν
3356 3271 3512 3324 οὐδὲν
3548 3268 3710 3343 ἦττον
3742 3274 3773 3340 ἢ

2207 3366 2497 3434 πρότερον,
2531 3364 2661 3417 ἀλλο
2682 3380 2735 3415 τι
2769 3362 2971 3429 μᾶλλον
3022 3361 3055 3429 ἢ
3118 3362 3217 3431 τὴν
3269 3364 3493 3433 εἰρήνην
3551 3363 3773 3431 δόξομεν

2206 3454 2716 3523 πραγματεύεσθαι,
2762 3453 2793 3522 ἢ
2830 3453 2966 3521 μηδὲ
3023 3455 3258 3523 συνορᾷν
3290 3455 3390 3523 τὴν
3416 3456 3588 3523 ἀρχὴν
3623 3456 3769 3510 ὅπως

2203 3543 2284 3595 δεῖ
2309 3541 2599 3611 τυγχάνειν
2623 3542 2718 3593 τοῦ
2754 3541 3115 3608 ποθουμένου.
3150 3541 3199 3592 εί
3231 3542 3390 3609 μόνον
3420 3542 3483 3592 τά
3513 3541 3645 3608 πρδς
3675 3542 3771 3592 ἀλ-

2202 3634 2401 3701 λήλους
2428 3631 2489 3686 εὖ
2538 3631 2850 3701 διαθέμενοι
2883 3632 3207 3700 ἡγησόμεθα
3259 3632 3319 3682 τὸ
3352 3633 3459 3684 πᾶν
3487 3633 3765 3701 ἠνυκέναι.

2204 3723 2265 3775 El
2298 3723 2355 3775 δὲ
2402 3722 2717 3775 τούναντίον
2764 3722 2863 3792 τὴν
2908 3723 3085 3792 ἀρχὴν
3132 3725 3195 3775 ἐκ
3224 3722 3333 3775 τῶν
3361 3723 3647 3789 δογματων
3675 3724 3767 3778 λα-

2202 3813 2378 3874 ϐοῦσι,
2412 3813 2505 3865 καὶ
2539 3813 2637 3881 τὴν
2666 3814 2802 3881 πρὸς
2844 3811 2976 3865 Θεὸν
3033 3813 3262 3882 εἰρήνην
3297 3813 3574 3883 προῦργου
3608 3814 3769 3883 (mil-

2203 3920 2360 3956 σισιν
2385 3902 2585 3956 αὐτίκα
2606 3902 2772 3955 τᾶλλα
2796 3900 2975 3953 πάντα
3021 3900 3249 3965 ὑπείξει,
3282 3903 3374 3954 καὶ
3396 3904 3602 3971 γαλήνη
3640 3905 3767 3969 σφό-

2199 3995 2303 4063 δρα
2334 3993 2669 4062 πανταχόθεν
2699 3991 2850 4044 ἔσται
2884 3993 2980 4043 καὶ
3012 3992 3169 4061 ἡδονή
3204 4009 3288 4055 τις
3320 3993 3580 4063 ἄρρητός,
3631 3994 3766 4044 πᾶν·

2200 4103 2309 4139 των
2334 4086 2505 4138 ἅπασι
2542 4083 3001 4151 συμφωνούντων,
3035 4083 3143 4135 τῶν
3172 4084 3296 4148 ἔξω,
3330 4088 3435 4136 τῶν
3464 4085 3633 4145 ἔνδον,
3659 4086 3767 4138 τῶν

2202 4179 2337 4247 πρὸς
2369 4175 2649 4245 ἀλλήλους,
2686 4176 2796 4228 τῶν
2841 4176 2976 4245 πρὸς
3007 4175 3165 4240 Θεὸν,
3223 4177 3317 4227 καὶ
3366 4178 3569 4244 ταύτην
3622 4176 3766 4227 οὕτω

2203 4267 2303 4335 μὲν
2331 4265 2556 4336 βεϐαίαν
2597 4264 2694 4316 καὶ
2725 4264 2975 4333 μόνιμον,
3009 4262 3157 4316 οὕτω
3188 4264 3245 4316 δὲ
3279 4264 3537 4332 λαμπρὰν
3572 4262 3765 4315 ἕνωσιν

2197 4354 2359 4408 οὖσαν
2390 4354 2540 4405 οὐδὲν
2565 4353 2870 4422 ἀμαυροῦν,
2900 4353 3053 4404 οὐδὲν
3101 4353 3346 4405 σαλεύειν
3373 4350 3509 4414 ὅλως
3540 4352 3764 4419 δυνήσε-

2197 4463 2309 4509 ται,
2345 4444 2608 4512 πρόδηλον
2639 4445 2814 4513 δήπου
2846 4445 3183 4513 καθέστηκεν
3230 4444 3307 4506 ὡς
3338 4444 3549 4495 ἐκεῖθεν
3589 4440 3762 4511 ἄρξαι

2195 4538 2319 4589 σθαι
2347 4510 2444 4588 δεῖ’
2478 4510 2680 4605 μᾶλλον
2692 4510 2759 4587 δὲ
2777 4535 2886 4586 οὐδ’
2907 4510 3083 4602 ἀρχὴν
3110 4534 3333 4603 εἰρήνης
3359 4536 3537 4586 έκεῖνο
3560 4510 3762 4603 πρέπει

2192 4630 2399 4691 καλεῖν,
2431 4626 2547 4680 ἀλλ’
2587 4627 2811 4695 εἰρήνην
2860 4625 3037 4693 ἀληυῆ
3068 4627 3163 4677 καὶ
3216 4624 3448 4687 τελείαν,
3479 4625 3573 4677 καὶ
3600 4626 3707 4676 πᾶν
3734 4627 3761 4676 ὃ

2189 4734 2243 4769 τι
2270 4716 2339 4771 ἂν
2369 4716 2515 4767 είποι
2561 4730 2646 4775 τις
2678 4714 2791 4767 τῶν
2838 4714 2970 4782 πρὸς
3007 4713 3174 4782 αὐτὴν
3205 4713 3554 4781 ζητουμένων
3604 4730 3761 4782 περι-

2189 4805 2597 4876 λαμϐάνουσαν.
2620 4806 2775 4866 Τίνες
2797 4804 2901 4874 γὰρ
2922 4803 3097 4866 οὕτως
3119 4804 3358 4865 ἀναιδεῖς
3385 4804 3589 4871 καὶτῆς
3611 4806 3760 4871 σφῶν

2191 4897 2467 4967 σωτηρίας
2502 4897 2776 4964 ¹πολέμιοι,
2804 4896 2963 4959 ,ὥστε
3009 4895 3105 4949 καὶ
3133 4897 3273 4964 μετά
3319 4896 3577 4966 τοιαύτην
3609 4897 3758 4966 εἰρή-

2188 5005 2286 5057 νην
2329 4988 2495 5056 ἀλλην
2542 4988 2666 5040 τινὰ
2712 4986 3166 5055 συμπλασάμενοι
3201 4985 3482 5054 πρόφασιν
3511 4986 3606 5053 τῆς
3648 4986 3757 5036 τῶν

2188 5075 2431 5144 ἀδελφῶν
2473 5075 2925 5146 ἁπορῤήγνυσθαι
2962 5076 3290 5140 καινωνίας,
3321 5076 3537 5128 Μᾶλλον
3567 5076 3624 5127 δὲ
3647 5074 3755 5127 οὐδ’

2189 5168 2302 5234 6ρῶ
2346 5185 2467 5220 τινα
2503 5170 2773 5237 πρόφασιν
2831 5169 2945 5229 τοῖς
2976 5167 3220 5219 ἐθέλουσι
3269 5172 3598 5237 κακουργεῖν
3629 5158 3757 5219 ὑπο-

2186 5258 2541 5328 λειπομένην.
2574 5259 2711 5309 Τίνα
2759 5258 2803 5309 δ’
2832 5258 3008 5310 οἴεσθε
3042 5258 3255 5326 φρενῶν
3302 5258 3442 5311 οὕτω
3477 5256 3751 5319 παντελῶς

2186 5349 2535 5417 ἐστερῆσθαι,
2570 5347 2645 5409 ὡς
2675 5348 2769 5399 καὶ
2814 5344 2957 5415 μετᾶ
2991 5349 3088 5417 τὴν
3143 5349 3420 5417 ὑμετέραν
3448 5348 3647 5415 ψῆφον,
3683 5347 3753 5417 ἣν

2185 5439 2314 5507 περὶ
2347 5437 2456 5490 τῶν
2481 5440 2857 5506 προκειμένων
2879 5439 3139 5504 ἐξοίσετε,
3164 5440 3368 5507 μᾶλλον
3399 5439 3443 5490 δ’
3465 5440 3530 5507 ἦν
3556 5437 3753 5500 ἐξοίσει

2184 5530 2314 5589 Θεὸς
2344 5530 2399 5580 tv
2422 5529 2571 5598 ὑμῖν,
2602 5527 2681 5579 ἔτι
2715 5554 2732 5569 ο
2752 5528 2841 5597 ρὸς
2870 5529 3067 5584 ἑαυτδν
3098 5530 3227 5601 περὶ
3252 5529 3454 5581 τούτων
3476 5526 3759 5597 ἀμφισϐη-

2084 5668 2103 5691 ,
2184 5619 2376 5672 τοῦντα
2408 5620 2709 5688 πράγματα
2748 5622 2929 5689 ἔχεινς

580 5725 716 5781 Cum
740 5725 903 5797 igitur
932 5724 1031 5778 tria
1082 5722 1191 5778 sint
1224 5738 1344 5794 qua:
1388 5722 1453 5777 ad
1500 5719 1951 5777 absolutissimam
1997 5735 2082 5774 re-

2258 5711 2469 5765 Οὐκοῦν
2502 5712 2671 5780 τριῶν
2706 5714 2875 5766 ὄντων
2908 5716 3013 5768 τῶν
3044 5715 3178 5785 πρὸς
3232 5716 3329 5788 τὴν
3361 5716 3540 5787 ἄκραν
3565 5714 3761 5785 ζητου-
