4170 6294
471 337 576 399 425

1625 328 1910 386 ORATIO
1955 331 1975 385 ί
2023 331 2120 388 AD
2165 332 2545 391 bYNOBUM.

3618 325 3725 392 426

475 457 654 522 μένων
674 451 922 520 εἰρήνην,
955 447 1031 516 τῷ
1066 447 1202 513 μετά
1237 444 1373 497 Θεοῦ
1406 444 1656 512 γενέσθαι
1689 448 1755 514 τῇ
1786 445 1880 512 τῆς
1909 447 2040 509 ἁλη-

2169 449 2443 516 ιυίτιιιιιιιι·
2476 462 2683 516 pacem,
2722 447 2765 501 si
2817 460 2881 501 ea
2940 445 3048 500 Deo
3075 444 3299 513 juvaute
3329 444 3420 499 ﬁat
3455 460 3584 500 cum
3639 446 3723 500 in-
3765 449 3770 454 ’

473 546 622 606 θείας
648 543 887 614 εὑρέσει,
917 542 1012 592 καὶ
1039 538 1175 607 πρὸς
1217 540 1422 589 ἐκεῖνον
1454 535 1690 605 ἡνῶσθαι
1715 536 1915 600 καλῶς,
1952 537 2046 587 καὶ

473 640 544 693 τὰ
565 638 730 689 λοιπὰ
763 634 856 688 δύο
894 633 1164 684 σύνεστιν.
1223 630 1432 680 Ἐκεῖνο
1468 628 1649 679 τοίνυν
1684 627 2046 680 σπουδαστέον

474 730 662 782 λαὸεῖν
691 727 816 786 τοὺς
835 723 936 791 τῆς
966 719 1202 791 ἀληθοῦς
1227 719 1447 788 εἰρήνης
1471 717 1894 787 ἐπιθυμοῦντας*
1918 718 2049 772 ταύ-

478 837 575 888 της
625 819 667 870 δ’
719 815 1011 881 ἐπιθυμεῖν
1059 812 1296 880 ἀνάγκη,
1353 811 1447 864 καὶ
1488 809 1665 863 πάντα
1700 809 1906 863 ἐλάττω
1954 809 2049 862 τοῦ

479 909 735 964 τοσούτου
759 907 1006 975 νομίζειν
1037 902 1204 956 καλοῦ
1231 902 1361 965 τοὺς
1393 903 1564 973 ἀρετῇ
1592 901 1685 954 καὶ
1707 901 1866 968 λόγου
1891 901 2053 955 δυνάλ-

483 1020 574 1074 μει
606 1002 714 1054 τῶν
746 995 1070 1068 ἁπανταχοῦ
1118 997 1497 1068 διαφέροντας,
1542 995 1637 1048 καὶ
1664 993 1930 1046 κινδύνων
1957 995 2061 1047 καὶ
2097 1063 2106 1068 η

483 1098 662 1151 πόνων
687 1092 1121 1162 ἀνασχομένους,
1147 1084 1222 1144 ὧν
1243 1089 1308 1144 ἄν
1333 1107 1418 1153 τις
1433 1086 1672 1150 τοιοῦτος
1689 1078 1762 1140 ῶν
1780 1087 1919 1158 ὑπὲρ
1942 1087 2052 1141 τῶν

481 1189 758 1257 μεγίστων
788 1185 965 1254 μόνων
991 1183 1323 1250 ὑφίστασθαι
1360 1180 1672 1249 βουληθείη.
1723 1171 1832 1234 Καὶ
1879 1178 2054 1249 ζηλω⁹

477 1283 600 1333 τέον
634 1279 733 1346 μὶν
776 1277 904 1338 τοὺς
953 1273 1184 1327 ἐπὶτῶν
1221 1274 1503 1342 προτέρων
1547 1271 1752 1340 χρόνων
1804 1271 2054 1338 Πατέρας

478 1374 574 1424 καὶ
602 1368 978 1426 διδασκάλους,
1014 1365 1062 1417 οἳ
1089 1363 1313 1415 πλεῖστα
1349 1363 1446 1430 μὲν
1474 1363 1614 1430 ὺπέρ
1638 1361 1738 1430 τῆς
1771 1362 1879 1413 τῶν
1904 1360 2056 1412 ἀδελ·-

486 1465 602 1534 φῶν
627 1459 966 1530 ἠγωνίσαντο
987 1456 1276 1526 σωτηρίας,
1297 1454 1359 1506 τὸ
1382 1453 1502 1506 καθ’
1533 1453 1694 1505 αὑτὸν
1718 1452 1905 1520 ζητεῖν
1924 1449 2055 1503 ἐκα-

486 1575 607 1619 στος
640 1555 734 1608 καὶ
764 1554 944 1606 πόνων
990 1546 1338 1618 ἀπηλλάχθαι
1393 1543 1682 1612 δυνάμενοι
1703 1582 1718 1606 ,
1754 1544 1821 1594 τά
1851 1542 1905 1594 δὲ
1933 1541 2055 1592 τότε

478 1649 575 1710 τὰς
602 1649 709 1698 τῶν
744 1642 1049 1711 ἀνθρώπων
1082 1638 1419 1710 θορυϐοῦντα
1441 1635 1620 1706 ψυχὰς
1655 1638 1720 1688 ἐκ
1759 1637 1922 1703 μέσου
1961 1649 2057 1685 πε-

483 1739 772 1808 ριελόντες,
809 1735 900 1786 καὶ
926 1736 992 1801 τῇ
1031 1731 1276 1801 μαχαίρᾳ.
1299 1729 1390 1782 τοῦ
1428 1729 1742 1797 Πνεύματος
1771 1727 1832 1778 τὸ
1857 1725 2055 1795 ψεῦδος

2158 542 2411 594 ventione
2447 539 2706 603 veritatis,
2767 550 2820 592 et
2862 554 2956 606 per
3011 553 3128 592 eam
3178 539 3278 606 ipsi
3331 539 3436 592 Deo
3484 537 3726 608 perfecte

2155 631 2519 696 adhaeremus,
2561 623 2763 700 reliqua
2828 633 2990 685 etiam
3052 632 3162 685 duo
3225 640 3544 699 sequentur.
3589 630 3725 684 Illud

2155 724 2317 792 igitur
2338 723 2494 777 avide
2518 723 2848 792 captandum
2913 731 2997 776 est
3036 723 3100 776 iis
3129 723 3222 792 qui
3260 738 3444 776 veram
3500 723 3729 792 cupiunt

2156 829 2342 884 pacem
2377 815 2561 884 :hane
2589 829 2715 868 vero
2775 814 3001 883 cupiant
3041 827 3264 868 necesse
3307 823 3412 877 est,
3465 821 3730 882 tantoque

2155 905 2296 959 bono
2313 903 2491 958 omnia
2507 903 2707 958 ducant
2728 901 3005 966 inferiora,
3045 903 3139 972 qui
3175 903 3373 958 virtute
3397 905 3732 969 rationisque

2155 995 2470 1065 praestantia
2502 993 2756 1050 on'tnibus
2781 995 3135 1056 antecellunt.
3191 1002 3246 1049 et
3279 993 3520 1065 pericula
3575 993 3730 1049 labo-

2157 1101 2354 1156 resque
2378 1080 2764 1156 susce‘perunt,
2799 1097 2922 1156 qua:
2951 1078 3076 1156 quis
3105 1085 3246 1141 adeo
3272 1085 3591 1154 praeellens
3626 1100 3740 1155 pro,

2126 1212 2130 1215 ι
2157 1179 2328 1235 rebus
2357 1189 2567 1234 tantum
2606 1179 2863 1235 maximis
2896 1178 3087 1234 subire
3117 1172 3370 1234 voluerit.
3403 1179 3492 1235 Et
3532 1178 3731 1234 imitati

2157 1282 2290 1323 sane
2313 1278 2529 1338 oportet
2561 1269 2805 1338 priorum
2830 1279 3134 1339 temporum
3157 1270 3345 1326 Patres
3374 1285 3436 1327 ac
3455 1272 3728 1333 doctores,

2159 1361 2252 1424 qui
2287 1359 2581 1427 plurimum
2613 1374 2709 1428 pro
2746 1361 2922 1414 salute
2949 1359 3180 1414 fratrum
3205 1361 3564 1425 desudarunt,
3604 1375 3727 1415 cum

2158 1460 2384 1521 possent
2411 1451 2648 1519 quisque
2680 1467 2777 1506 sua
2808 1465 3067 1522 quaerere,
3101 1460 3156 1505 et
3193 1452 3409 1507 labores
3448 1453 3689 1508 devitarc
3719 1471 3733 1505 :

2159 1544 2252 1612 qui
2308 1543 2538 1599 sublatis
2593 1559 2623 1598 e
2659 1544 2834 1599 medio
2884 1543 3073 1608 rebus,
3132 1560 3252 1614 quae
3295 1555 3427 1600 tunc
3469 1549 3733 1616 temporis

2161 1637 2376 1691 animos
2414 1637 2692 1690 hominum
2728 1637 3044 1700 turbabant,
3080 1653 3205 1690 cum
3252 1653 3440 1691 verum
3498 1653 3527 1690 a
3581 1653 3736 1692 mcu-

2162 1727 2320 1782 dacio
2359 1725 2597 1796 Spiritus
2637 1728 2816 1796 gladio
2863 1729 3223 1782 secrevis~eut
3285 1743 3472 1796 pacem
3501 1729 3739 1797 posteris

480 1831 571 1882 τοῦ
613 1826 847 1898 ἀληθοῦς
891 1823 1296 1893 διακρίναντες,
1345 1821 1572 1890 εἰρήνην
1618 1819 1884 1887 εἰλικρινῆ
1941 1819 2052 1878 τοῖς

2166 1819 2363 1888 liquere
2385 1819 2870 1889 siuecram,quam
2907 1821 3061 1890 longa
3117 1837 3222 1873 non
3291 1819 3530 1874 turbavit
3582 1830 3734 1880 mtas,

486 1922 619 1988 μετὰ
649 1919 824 1970 ταῦτα
855 1916 1172 1968 κατέλιπον·
1199 1913 1265 1982 ἣν
1296 1914 1322 1963 ὁ
1353 1911 1560 1980 μακρὸς
1581 1910 1640 1960 οὐ
1670 1908 1888 1976 συνέχεε
1921 1909 2050 1975 χρό-

481 2031 590 2076 νος,
626 2012 736 2064 οὐδ’
788 2013 844 2063 αἱ
893 2009 1002 2061 τῶν
1037 2005 1290 2074 πονηρῶν
1345 2003 1650 2071 ἀνθρώπων
1701 1999 2050 2069 φιλονεικίαι.

486 2107 592 2159 Καὶ
627 2105 725 2173 τὴν
759 2103 984 2172 εἰρήνην
1008 2100 1166 2154 ἄλλον
1195 2098 1398 2166 τρόπον
1439 2094 1747 2163 οἰκονομεῖν
1791 2089 1930 2157 ἐξὸν,
1957 2091 2057 2142 οὐκ

483 2196 794 2261 ἠνέσχοντοο
826 2191 885 2243 οὐ
914 2189 1022 2259 γάρ
1052 2186 1254 2258 ᾔδεσαν
1285 2186 1471 2246 αὐτοῖς
1517 2201 1576 2238 τε
1624 2184 1926 2252 προσῆκον,
1961 2181 2056 2232 καὶ

483 2286 573 2338 τοῦ
602 2284 884 2344 κινοῦντος
919 2283 1010 2333 ἐπὶ
1037 2280 1209 2333 ταῦτα
1242 2276 1558 2346 Πνεύματος
1588 2275 1757 2340 ἄξιον·
1794 2274 1888 2326 καὶ
1925 2275 2059 2342 μᾶλ-

485 2379 572 2426 λον
623 2374 790 2444 ᾤ’,ντο
838 2373 988 2432 δίκας
1040 2370 1262 2438 ὑφέξειν
1318 2363 1392 2422 ὧν
1425 2369 1712 2436 δυνάμενοι
1767 2367 1864 2420 σὺν
1910 2366 2058 2434 πόνῳ

488 2469 751 2536 πράττειν
786 2463 1078 2533 ἠμέλησαν
1103 2462 1188 2525 ἂν,
1226 2461 1258 2530 ἢ
1287 2461 1394 2514 τῶν
1418 2459 1632 2529 ἀφελῶς
1658 2457 1860 2513 οὑτωσὶ
1889 2474 2061 2527 πρατ-

487 2562 733 2627 τομένων
763 2560 922 2611 ’ἑνεκα
952 2556 1177 2626 μισθούς
1222 2571 1373 2617 τινας
1401 2552 1669 2620 λήψεσθαι
1696 2593 1710 2604 .
1750 2551 1909 2620 Ὑμῖν
1938 2552 1983 2602 δ’
2015 2551 2062 2601 εί

490 2655 579 2706 x1".
615 2651 858 2721 μηδεμία
904 2647 1126 2716 τοιαύτη
1149 2645 1363 2708 σύνοδος
1415 2641 1502 2713 ἦν,
1536 2643 1673 2710 πρὸς
1710 2643 1775 2712 ἢν
1805 2642 1913 2693 ἔδει
1944 2640 2064 2710 βλέο

489 2759 688 2803 myrra;
721 2738 1043 2809 κατορθοῦν,
1101 2736 1311 2789 οἴκοθεν
1341 2736 1523 2804 εὑρεῖν
1550 2734 1612 2785 τὸ
1643 2735 1854 2802 πρέπον
1887 2732 2063 2802 ἥρμοο

491 2854 580 2885 czv
613 2837 698 2897 ἂν,
730 2833 822 2905 καὶ
875 2832 1222 2900 παράδειγμα
1265 2829 1358 2881 καὶ
1405 2827 1575 2880 τύπον
1629 2826 1816 2886 ἄλλαις
1850 2825 2062 2878 ἱστάναι

489 2929 604 2986 ταῖς
634 2927 763 2984 ἴσως
798 2922 935 2991 μετὰ
961 2920 1132 2972 ταῦτα
1162 2920 1556 2990 γενησομέναις
1577 2959 1590 2981 ,
1627 2918 1790 2988 σοφίᾳ
1831 2917 1931 2982 μὲν
1969 2916 2063 2968 οὐ-

485 3019 679 3083 δεμιας
705 3014 926 3066 ἐκείνων
955 3011 1174 3064 ἔλαττον
1204 3011 1447 3080 ἔχουσιν,
1474 3010 1642 3079 ἀρετῇ
1680 3009 1736 3061 δὲ
1775 3009 1934 3076 ὀλίγα
1958 3007 2068 3060 λει-

493 3110 747 3176 πομένοις
780 3107 1039 3173 ἑκάστης,
1079 3103 1156 3172 τῷ
1187 3104 1240 3154 δέ
1291 3103 1486 3172 πλήθει
1516 3104 1608 3153 καὶ
1640 3103 1845 3170 σφόδρα
1875 3101 2064 3154 πασῶν

487 3201 623 3267 ὁμοῦ
653 3201 1021 3268 διαφέρουσιν.
1059 3197 1232 3249 Ὅπου
1265 3195 1320 3246 δέ
1361 3194 1634 3254 τοσούτοις
1683 3193 2059 3262 παραδείγμα-

491 3313 573 3346 σιν
609 3295 803 3362 ἔχομεν
825 3289 1060 3360 χρῆσθαι
1088 3289 1183 3339 καὶ
1212 3286 1356 3339 οὕτω
1398 3285 1603 3351 καλοῖς,
1642 3285 1764 3337 οὐδὲ
1800 3286 2061 3354 βουλομέ-

487 3404 599 3447 νοις
621 3384 797 3448 ὲξεστι
839 3383 1123 3450 ρᾳθυμεῖνι
1162 3379 1266 3440 ’έωὲ
1303 3377 1367 3430 ἂν
1403 3378 1537 3445 ἡμῖν
1591 3375 1885 3446 προήκειν
1913 3377 2061 3446 ind”

492 3481 630 3547 μεθα
649 3474 749 3535 τάς
779 3475 930 3543 παρὰ
956 3469 1050 3523 τοῦ
1076 3469 1212 3522 Θεοῦ
1239 3468 1332 3522 καὶ
1360 3467 1469 3520 τῶν
1490 3467 1791 3536 ἀνθρώπων
1821 3467 2063 3537 μέμψεις

489 3568 880 3640 φυλάττεσθαι.
911 3566 984 3619 Οὺ
1015 3565 1124 3632 γὰρ
1152 3564 1324 3632 δήπου
1354 3562 1478 3624 τοὺς
1520 3561 1618 3629 μὲν
1648 3558 1839 3622 ἄλλους
1882 3558 2066 3618 ᾶπαν-

487 3680 585 3725 τας
618 3663 674 3713 ἐν
703 3655 784 3722 οἷς
828 3659 1161 3727 πράττουσιν
1217 3653 1524 3721 ἀξιώσομεν
1558 3652 1686 3714 τοὺς
1724 3654 1784 3704 ἐν
1833 3652 2064 3712 ἐκείνοις

485 3752 866 3819 διενεγκόντας
912 3746 1130 3815 ζηλοῦν,
1173 3744 1272 3798 κᾶν
1301 3743 1376 3807 ὡς
1404 3743 1618 3806 ἔξεστιν
1649 3741 1850 3810 ἄριστα
1903 3739 2066 3792 τοῦτο

495 3846 724 3904 ποιῶσιν
759 3839 1180 3909 ἐπαινεσόμεθα,
1210 3839 1370 3908 ἡμεῖς
1399 3835 1457 3889 δὲ
1483 3834 1814 3903 τηλικούτων
1863 3834 2068 3904 ἠμελη-

494 3941 651 4000 κότες
680 3934 1044 4006 πραγμάτων,
1074 3932 1181 3998 ἔξω
1209 3931 1393 3998 ψόγων
1424 3926 1664 3997 ἐσόμεθα
1686 3943 1700 3959 ·
1727 3928 1786 3980 τὸ
1819 3927 1926 3996 γάρ
1963 3925 2066 3993 τῆς

495 4034 781 4102 μιμήσεως
817 4030 874 4082 ἐν
925 4027 1098 4081 ἅπασι
1143 4026 1257 4087 τοῖς
1305 4022 1489 4082 καλοῖς
1531 4021 1630 4090 τήν
1685 4021 1808 4089 ἴσην
1832 4019 2065 4090 δύναμιν

495 4125 628 4193 ἔχει·
663 4119 902 4180 καὶτοὺς
927 4119 985 4169 ἐν
1014 4120 1128 4178 τοῖς
1153 4113 1430 4184 μεγίστοις
1458 4111 1663 4180 ταύτην
1695 4111 2067 4189 παραιτουμέ-

495 4233 639 4280 νους,
671 4217 727 4267 ἐν
781 4206 859 4274 οἷς
892 4207 985 4263 καὶ
1040 4209 1239 4278 μείζων
1270 4206 1298 4258 ὁ
1330 4205 1432 4274 τῆς
1474 4204 1806 4276 διαμαρτίας
1866 4201 2066 4256 ὕπεστι

497 4307 759 4370 κίνδυνος,
815 4303 966 4355 οὐδὲν
991 4298 1334 4369 ἐξαιρεῖσθαι
1387 4296 1486 4364 τῆς
1531 4295 1758 4363 εὐλόγου
1805 4293 2066 4364 μέμψεως

494 4396 733 4448 δύναται.
796 4392 959 4444 Ἀλλὰ
995 4391 1102 4458 μὴν
1145 4388 1256 4441 οὐδ’
1287 4387 1436 4439 ἐστιν
1472 4386 1668 4450 εἰπεῖν,
1725 4383 1802 4445 ὡς
1832 4383 1960 4438 ἄλλο
2015 4401 2066 4435 τι

2159 1927 2255 1965 nec
2289 1924 2580 1981 pravorum
2631 1915 2914 1966 hominum
2973 1914 3384 1977 eouleutioncs;
3450 1928 3557 1966 non
3609 1923 3737 1966 sunt

2155 2017 2287 2056 vero
2312 2005 2456 2072 passi
2495 2004 2596 2057 alia
2639 2004 2748 2059 via.
2782 2019 2904 2058 cum
2967 2012 3212 2072 possent,
3246 2018 3428 2072 pacem
3458 2013 3733 2072 utcunque

2159 2095 2448 2163 componi;
2483 2095 2726 2149 sciebant
2757 2097 2900 2150 enim
2923 2085 2972 2149 id
3005 2111 3105 2150 nec
3136 2097 3236 2151 sibi
3257 2098 3578 2161 convenire,
3628 2114 3727 2151 nec.

2161 2186 2408 2256 Spiritui,
2447 2202 2554 2256 quo
2581 2190 2645 2241 ad
2682 2187 2770 2240 illa
2804 2187 3182 2251 movebantur,
3241 2197 3294 2242 et
3324 2204 3481 2258 poena
3529 2205 3586 2244 se
3631 2207 3732 2259 pn-

2164 2279 2271 2332 tius
2320 2281 2634 2336 multandos
2693 2280 3032 2350 judicabant,
3081 2282 3124 2336 si
3173 2295 3294 2351 qure
3351 2292 3571 2352 possent
3607 2299 3728 2338 cum

2160 2370 2345 2424 lahure
2383 2371 2676 2436 perficere,
2729 2373 3115 2439 neglexissent.
3168 2389 3329 2442 quam
3396 2374 3578 2443 aliquo
3625 2374 3736 2428 πίη-

2162 2465 2383 2518 cirulus
2409 2465 2653 2533 praemio,
2682 2469 2727 2517 si
2763 2481 2849 2519 res
2898 2466 3085 2520 leviter
3111 2475 3162 2520 et
3196 2465 3567 2535 perfunctorie
3613 2485 3736 2536 ges-

2163 2557 2383 2610 sissent.
2413 2557 2680 2610 Creterum
2714 2557 2892 2620 vobis,
2927 2559 3050 2612 licet
3110 2559 3256 2613 nulla
3307 2560 3434 2614 talis
3497 2575 3732 2629 praeces-

2164 2648 2330 2702 sisset
2351 2649 2616 2718 synodus,
2659 2649 2727 2703 ad
2759 2649 2917 2719 cujus
2943 2651 3250 2720 exemplum
3297 2667 3400 2708 res.
3447 2661 3570 2721 apte
3624 2653 3736 2706 fieri

2164 2741 2449 2804 deberent,
2518 2757 2582 2795 cx
2652 2741 2804 2796 vobis
2844 2743 2975 2811 ipsis
3051 2754 3379 2813 congrueret
3424 2744 3740 2799 adinveuire

2166 2833 2310 2902 quod
2338 2831 2577 2897 doceret,
2615 2840 2670 2885 ut
2699 2832 2979 2901 exemplar
3027 2842 3079 2887 et
3131 2848 3323 2888 norma
3354 2836 3553 2889 essetis
3597 2835 3737 2898 aliis,

2166 2941 2286 2995 qua:
2321 2935 2506 2994 postea
2537 2925 2766 2980 fortasse
2801 2925 2951 2989 ﬁent,
2981 2941 3102 2980 cum
3148 2927 3201 2980 in
3235 2928 3388 2982 vobis
3439 2929 3582 2983 haud
3640 2930 3742 2982 mi.

2165 3033 2269 3072 nor
2294 3018 2422 3072 insit
2450 3033 2613 3087 quam
2656 3018 2829 3072 cuivis
2858 3019 3070 3072 illarum
3103 3021 3366 3087 scicntia;
3401 3022 3596 3076 virtute
3645 3038 3742 3075 au-

2145 3119 2277 3184 .tem
2311 3125 2417 3162 non
2449 3109 2618 3162 multo
2651 3110 2893 3164 minores
2936 3125 3263 3180 unaquaque
3314 3111 3456 3174 sitis,
3493 3113 3739 3167 multitu-

2170 3202 2296 3254 dine
2355 3209 2484 3256 ver'o
2538 3201 2700 3255 simul
2753 3213 2978 3256 cunctas
3028 3202 3186 3270 longe
3230 3205 3393 3257 etiam
3449 3207 3741 3274 superetis.

2172 3294 2326 3349 Nunc
2391 3304 2572 3348 autem
2608 3309 2730 3348 cum
2784 3303 2863 3348 tot
2891 3303 2944 3349 et
2992 3305 3100 3350 tam
3150 3296 3409 3365 praeclara
3455 3306 3748 3366 suppetant

2173 3386 2330 3439 nobis
2358 3385 2626 3453 exempla,
2665 3399 2762 3437 nec
2797 3385 2843 3439 si
2877 3385 3106 3440 velimus
3164 3386 3406 3456 quidem,
3453 3403 3745 3456 possumus

2171 3477 2473 3532 oscitater
2501 3490 2682 3547 agere,
2710 3476 2838 3530 dum
2880 3477 3176 3532 convenire
3205 3478 3365 3533 nobis
3418 3493 3746 3536 censeamus

2174 3569 2306 3624 illud
2335 3583 2548 3635 cavere,
2573 3584 2642 3623 ne
2673 3569 2727 3622 in
2762 3569 2855 3624 Dei
2881 3580 2935 3624 et
2975 3571 3250 3627 hominum
3291 3572 3748 3640 reprehensiones

2179 3661 2552 3714 incurramus.
2579 3655 2763 3728 Neque
2785 3660 2932 3714 enim
2958 3660 3114 3730 plane
3133 3661 3354 3732 dignum
3379 3661 3746 3732 judicabimus

2173 3753 2311 3809 alios
2335 3755 2556 3823 quidem
2599 3767 2796 3808 omnes
2845 3753 2899 3808 in
2943 3753 3011 3809 iis
3037 3768 3161 3824 quae
3206 3763 3396 3824 agunt,
3453 3755 3746 3812 imitandos

2175 3847 2278 3903 sibi
2310 3860 2406 3901 eos
2435 3860 2760 3916 proponere,
2782 3845 2876 3916 qui
2898 3847 2967 3902 ad
3005 3846 3215 3916 agenda
3250 3847 3340 3903 illa
3386 3849 3746 3918 praestiterint

2173 3935 2407 4000 caeteris,
2437 3943 2493 3990 et
2521 3934 2886 4000 laudabimus,
2905 3936 2950 3990 si
2975 3951 3136 4006 quam
3157 3937 3272 3991 fieri
3295 3938 3500 4008 Optime
3525 3942 3741 4008 peterit,

2173 4045 2269 4084 eos
2327 4027 2677 4093 amulentur,
2739 4043 2840 4084 nos
2880 4044 3011 4083 vero
3063 4031 3225 4085 tantis
3276 4032 3437 4086 rebus
3485 4033 3745 4102 neglectis

2175 4121 2333 4190 culpa
2364 4107 2702 4176 vacabimus.
2749 4119 2922 4176 Habet
2957 4121 3102 4176 enim
3155 4122 3387 4177 imitatio
3427 4123 3480 4178 in
3504 4125 3653 4180 omni
3687 4141 3746 4179 re

2175 4212 2404 4268 honesta
2455 4211 2676 4267 easdem
2739 4214 2907 4278 vires,
2952 4228 3048 4269 nec
3095 4224 3181 4268 est
3205 4217 3355 4284 quod
3399 4230 3497 4271 eos
3540 4216 3744 4286 ajusta

2175 4301 2518 4357 incusatione
2541 4301 2716 4371 possit
2743 4301 2998 4367 liberare,
3029 4302 3120 4370 qui
3151 4319 3260 4358 non
3289 4303 3550 4360 adhibent
3601 4306 3742 4360 illam

2175 4395 2229 4450 in
2259 4393 2424 4448 rebus
2455 4392 2827 4462 gravissimis,
2879 4394 2931 4446 in
2974 4395 3174 4462 quibus
3221 4395 3386 4449 etiam
3433 4399 3612 4464 majus
3664 4411 3747 4452 est

497 4489 602 4557 προ
627 4489 727 4556 τῆς
774 4485 1034 4553 ἀληθείας
1079 4482 1107 4534 ὁ
1154 4481 1263 4534 τῶν
1313 4478 1600 4550 μακαρίων
1651 4478 1811 4550 χορὸς
1860 4477 2062 4539 ἐκεῖνος

2177 4486 2476 4555 periculum
2513 4485 2794 4552 peccandi.
2826 4481 2936 4537 Nec
2988 4486 3095 4538 dici
3147 4494 3324 4553 pOtest
3371 4502 3400 4540 a
3462 4489 3620 4543 beato
3657 4491 3748 4544 illo

497 4580 783 4649 ἐσκέψατο,
821 4578 855 4648 ἢ
902 4575 1032 4645 περὶ
1061 4573 1168 4628 τῶν
1198 4563 1478 4625 ’ἑκάστοτε
1513 4568 1860 4654 ζητηθέντων
1921 4568 2069 4636 ἴχνος

496 4674 625 4742 γοῦν
651 4667 984 4741 ἀμφιϐολίας
1001 4668 1111 4729 τοῖς
1145 4667 1280 4735 μετὰ
1299 4661 1475 4716 ταῦτα
1504 4663 1820 4714 κατέλιπον·
1861 4658 2072 4728 φανερὰ

495 4770 600 4835 γὰρ
631 4769 694 4817 ἐκ
723 4765 830 4816 τῶν
865 4758 1275 4827 ὑπομνημάτων
1296 4759 1330 4825 ή
1372 4757 1500 4825 περὶ
1521 4754 1616 4824 τὴν
1640 4751 1902 4822 ἀλήθειαν
1934 4752 2076 4802 ἐκεί-

495 4876 598 4908 νων
627 4855 854 4924 σπουδή·
887 4856 980 4904 καὶ
1008 4852 1106 4912 τὰς
1134 4850 1255 4903 τότε
1289 4845 1873 4918 κινηθείσαρὶρέσεις
1897 4843 2071 4906 οὕτως

495 4948 930 5018 οπεστράφησαν
959 4945 1255 5013 ἄνθρωποι,
1298 4941 1430 4994 ὥσθ’
1463 4943 1514 4994 οἱ
1567 4942 1664 5010 μὲν
1705 4939 1890 4993 πολλοὶ
1945 4938 2071 5008 μήτ’

494 5043 692 5103 εἰδότες
725 5039 851 5108 μήτ’
875 5037 1090 5106 ἔχοντες
1117 5033 1395 5101 ἐγκαλεῖν,
1428 5033 1501 5095 ὡς
1521 5033 1618 5100 τῆς
1650 5032 1908 5101 ἀληθείας
1939 5047 2070 5099 προ-

499 5138 699 5204 μάχους
733 5132 946 5195 ἀξιοῦσι
973 5130 1140 5198 τιμᾷν
1173 5129 1299 5190 τοὺς
1343 5126 1463 5180 κατ’
1494 5126 1716 5178 ἐκείνων
1761 5124 2070 5193 ἡγωνισμέ-

495 5243 633 5286 νους·
668 5225 715 5276 οἱ
740 5222 783 5274 δ’
817 5221 1060 5292 ἀκριϐῶς
1087 5220 1286 5282 ειδότες
1318 5220 1411 5272 καὶ
1439 5217 1545 5269 τῶν
1579 5216 1825 5271 ἀπίστων
1876 5215 2072 5285 ήγοῢν-

445 5351 452 5357 -
493 5335 579 5368 ται
633 5318 847 5384 χείρους
894 5315 1019 5375 τοὺς
1075 5313 1300 5364 ἐκείνων
1359 5309 1866 5380 προστησαμένους.
1916 5306 2072 5359 Οὒτω

495 5411 646 5478 παρὰ
672 5409 834 5460 πᾶσιν
857 5404 1164 5474 ἀνθρώποις
1183 5406 1238 5456 αί
1260 5403 1367 5455 τῶν
1391 5400 1598 5471 ἀνδρῶν
1615 5401 1837 5452 ἐκείνων
1862 5400 2072 5468 κρίσεις

496 5502 828 5570 ἐκράτησαν.
871 5499 1147 5558 Ἐκείνους
1175 5497 1354 5548 τοίνυν
1399 5497 1537 5560 ὅπερ
1579 5487 1732 5545 εἷπον
1775 5491 2068 5561 ζηλωτέονο

497 5593 592 5644 καὶ
619 5591 692 5660 μὴ
723 5595 840 5653 ταῖς
881 5591 1066 5655 ἄλλαις
1115 5591 1275 5658 μόνον
1305 5590 1516 5656 τιμαῖς,
1566 5587 1700 5638 ἀλλὰ
1733 5585 1826 5637 καὶ
1859 5584 1934 5653 τῷ
1980 5601 2070 5652 με-

501 5685 717 5754 μεῖσθαι
745 5686 974 5737 καθόσον
1015 5683 1212 5750 ἔξεστι,
1268 5683 1359 5732 καὶ
1394 5677 1635 5749 νομίζειν
1698 5679 1955 5748 ἀρίστους
1991 5671 2070 5727 εί,-

502 5795 587 5834 ναι
625 5779 960 5847 συμϐούλους
995 5779 1051 5828 ἐν
1088 5779 1199 5837 τοίς
1237 5774 1500 5837 τοιούτοις
1542 5774 1635 5826 καὶ
1685 5771 1935 5840 ὁδηγοὺς,
1970 5773 2070 5840 τὴν

750 5877 789 5934 1’
800 5889 1022 5931 A'l‘ttOL.
1062 5870 1180 5928 (iu.
1212 5865 1382 5926 CLX.

2177 4579 2396 4633 Patrum
2420 4587 2562 4633 cmtu
2596 4578 2763 4643 aliud,
2794 4592 2955 4646 quam
2987 4581 3288 4646 veritatem,
3315 4594 3437 4636 esse
3463 4582 3743 4650 agitatum,

2178 4683 2271 4726 aut
2303 4672 2368 4725 de
2396 4671 2560 4724 rebus
2591 4670 2904 4739 quibusque
2939 4669 2992 4723 in
3045 4671 3477 4726 controversiam
3536 4676 3746 4727 vocatis

2175 4763 2259 4816 vel
2317 4760 2676 4815 dubitationis
2738 4760 3028 4826 vestigium
3081 4761 3320 4829 posteris
3357 4761 3605 4817 relictum
3639 4779 3745 4817 :ex

2179 4854 2528 4909 monimentis
2571 4854 2717 4909 enim
2763 4860 2817 4906 et
2870 4866 3050 4905 rerum
3107 4853 3522 4908 commentariis
3554 4854 3748 4923 liquet,

2177 4958 2439 5015 quantum
2471 4948 2547 5001 illi
2576 4948 2814 5002 studium
2843 4945 2897 4997 in
2933 4948 3212 4999 veritatem
3261 4946 3623 5002 contulerint.
3682 4947 3749 4999 Et

2177 5041 2394 5109 quidem
2435 5048 2653 5094 exortas
2677 5049 2790 5093 tum
2828 5039 3060 5094 haereses
3095 5039 3168 5092 ita
3198 5039 3448 5094 homines
3509 5039 3743 5093 aversati

2178 5141 2326 5195 sunt,
2352 5133 2648 5201 utplurimi
2680 5131 2932 5200 quamvis
2959 5146 3059 5186 nec
3113 5130 3317 5195 sciant,
3361 5146 3460 5185 nec
3511 5130 3750 5184 habeant

2177 5227 2243 5280 de
2285 5239 2399 5292 quo
2454 5231 2885 5291 conquerantur,
2924 5221 3112 5277 Patres
3164 5233 3365 5289 tamen,
3419 5224 3522 5294 qui.
3560 5232 3748 5278 t‘Ollll‘a

2179 5317 2301 5369 illos
2335 5315 2711 5378 deeertarunt,
2746 5315 2952 5368 honore
2985 5315 3220 5368 alliciant
3248 5325 3304 5368 ut
3338 5315 3585 5368 veritatis
3617 5329 3747 5380 pro-

2177 5417 2509 5477 pugnatores
2537 5421 2551 5471 ;
2579 5406 2672 5474 qui
2712 5421 2840 5459 vero
2877 5406 3012 5460 bene
3048 5415 3268 5472 norunt,
3330 5413 3389 5458 ut
3437 5403 3748 5458 inﬁdelibus

2175 5499 2338 5550 etiam
2373 5496 2586 5564 pejores
2619 5496 2856 5549 habeant
2892 5497 3268 5549 haereticorum
3344 5495 3558 5547 illorum
3598 5501 3751 5543 ante:

2177 5587 2456 5656 signatius.
2493 5587 2565 5638 lta
2601 5587 2971 5653 apudemnes
2996 5586 3246 5639 homines
3265 5586 3503 5639 virorum
3529 5583 3748 5638 illorum

2174 5680 2376 5750 judicia
2411 5689 2526 5733 rata
2558 5691 2707 5734 sunt.
2738 5680 2862 5733 lllos
2886 5681 3069 5748 igitur,
3097 5679 3305 5739 utdixi,
3333 5677 3698 5730 :mnulaudum
3730 5693 3747 5738 ;

2177 5784 2229 5828 et
2263 5788 2372 5828 non
2395 5773 2569 5828 solum
2598 5773 2720 5826 aliis
2772 5772 3093 5836 honoribus,
3129 5770 3220 5824 sed
3257 5769 3517 5822 imitando
3579 5767 3744 5820 etiam

3362 5860 3428 5920 Ιίι
