4170 6294
423 346 525 408 441

1592 355 1873 452 ORATIO
1922 360 1981 420 Π
2014 361 2113 421 AD
2149 362 2536 451 SYNODUlii.

3593 369 3699 436 442

419 471 531 530 τοῖς
569 467 971 535 χαλεπωτάτοις
1008 469 1326 540 ἐπιχειρ-ῖν,
1351 472 1446 534 τάς
1482 474 1740 544 δευτέρας
1774 478 1993 548 ὑποσχέ·

2107 497 2383 552 quamque
2411 484 2545 538 mihi
2569 493 2802 540 tuentem
2834 486 3146 543 difﬁcillima
3171 487 3425 542 convenit
3454 493 3691 562 aggredi,

424 579 540 623 σεις
569 561 827 614 ἀποτίσαι
868 563 1226 631 πειράσομαι,
1259 560 1332 617 ὧν
1360 564 1490 618 ἄνευ
1517 568 1668 620 οὐδὲν
1713 570 1778 624 ἂν
1807 572 1871 624 ὲκ
1897 573 2005 625 τῶν

426 655 709 726 Ιπροτέρων
767 655 911 724 μήτε
969 656 1221 723 λέγοντος
1279 659 1456 712 ταῦτα
1518 662 1659 730 μήτε
1719 664 2003 728 πείθοντος

423 745 615 815 ξφελος
655 747 760 815 εἴη.
789 746 970 800 Πολλά
1016 749 1115 816 μὲν
1141 749 1234 803 οὖν
1263 750 1332 802 τὰ
1365 751 1466 822 τὴν
1513 753 1832 827 θαυμαστὴν
1871 757 2001 810 ταύ-

424 857 524 905 την
568 839 791 908 εἰρήνην
845 840 1044 908 ε’)χερῆ
1100 841 1194 893 καὶ
1248 842 1439 912 ῥᾳδίαν
1488 844 1642 913 ἡμῖν,
1677 846 1745 899 ἂν
1801 847 1999 918 βουλη-

426 931 606 996 Θῶμεν
664 931 844 999 μόνον,
878 931 1126 997 δείξοντα
1188 933 1472 999 πέφυκεν·
1527 937 1627 990 οὑκ
1687 939 1884 1008 ὀλίγων
1943 943 1999 993 δὲ

423 1021 698 1090 γέμουσαν
747 1022 1171 1092 ἐναντιωμάτων
1218 1021 1373 1088 αὖθις
1405 1027 1553 1080 ἐστιν
1603 1030 1733 1083 ίδεῖν
1779 1036 1894 1097 τοῖς
1923 1036 1998 1106 μὴ

421 1113 675 1182 καθαρῶς
725 1114 1212 1186 ἔπισκεπτομένοις
1239 1134 1256 1151 ο
1299 1119 1335 1172 ἀ
1367 1117 1522 1189 οἶμαι
1558 1123 1688 1193 περὶ
1730 1126 1838 1182 τῶν
1884 1145 1997 1184 κω-

417 1206 658 1258 λυόντων
687 1207 906 1276 πρῶτον
939 1209 1132 1274 εἰπὼν,
1166 1213 1260 1263 καὶ
1283 1212 1434 1266 ταῦτ’
1467 1215 1712 1284 ἐξορίσαι
1745 1218 1823 1282 ὡς
1857 1223 1994 1290 πορ-

419 1299 649 1368 βωτάτω
706 1301 816 1353 τῶν
869 1302 1150 1374 ὑμετέρων
1203 1305 1411 1374 ψυχῶν.
1450 1307 1705 1362 ’Ἢδοισθε
1764 1311 1872 1379 γὰρ
1928 1314 1995 1365 ἂν

415 1393 510 1444 καὶ
541 1393 697 1445 αὐτοὶ
725 1394 833 1446 τῶν
862 1397 974 1458 τοῖς
1001 1396 1188 1470 καλοῖς
1217 1399 1681 1454 ἐπιϐουλευόντων
1711 1402 1995 1472 λογισμῶν

414 1485 678 1551 γενναίως
704 1487 1108 1557 ἐλαυνομένων,
1129 1491 1221 1542 καὶ
1248 1491 1386 1560 πρὸς
1409 1496 1480 1545 τά-
1500 1492 1758 1546 ποιοῦντα
1789 1496 1994 1565 ταύτην

415 1576 786 1649 εὐκολώτερον
819 1580 1114 1648 βαδιεῖσθε,
1157 1584 1409 1653 καθάπερ
1439 1587 1496 1637 ὲν
1522 1585 1624 1654 ὀδῷ
1657 1603 1760 1639 τινι
1797 1589 1904 1641 τῶν
1938 1591 1994 1643 ἐν

415 1671 550 1737 αὐτῇ
577 1671 850 1726 δυσκόλων
886 1675 1310 1746 ἀφαιρεθέντων.
1337 1679 1662 1753 Ἀνάσχεσθε
1699 1683 1756 1736 δὲ
1793 1681 1993 1751 μικρὸν

414 1761 477 1814 λα
487 1762 782 1830 μϐάνοντος
819 1765 1046 1824 ἀνωθεν.

484 1947 556 1998 Τδ
591 1949 690 2016 μὲν
733 1950 1087 2025 οίκονομικήν
1117 1972 1239 2008 τινα
1283 1957 1382 2012 καὶ
1418 1961 1756 2031 φαινομένην
1796 1963 1993 2016 ἕνωσιν

412 2043 911 2112 καταπράξασθαι,
962 2049 1072 2102 τῶν
1141 2051 1678 2124 ἀμφισϐητουμένων
1742 2056 1818 2117 ὡς
1879 2055 1992 2126 ἔχει

411 2132 550 2197 τέως
609 2137 918 2204 μενόντων,
974 2138 1101 2193 οὔτε
1164 2143 1476 2212 συμφέρον,
1541 2143 1654 2198 οὔτ’
1717 2147 1993 2217 εὐπρεπὲς

414 2222 699 2295 ιδείξαμιν
728 2225 810 2292 δν,
839 2229 955 2282 ἀλλ’
1012 2231 1237 2298 ἀνάξιον
1279 2234 1383 2303 μὶν
1427 2234 1526 2305 τῆς
1553 2235 1716 2305 ἡμῶν
1766 2237 1989 2306 ἀρετῆς,

394 2315 611 2387 ’πόρρω
665 2318 723 2374 δὲ
771 2322 874 2391 τῆς
938 2322 1218 2394 ἡμετέρας
1289 2323 1703 2396 προσηγορίαξτ
1762 2329 1858 2383 καὶ
1911 2329 1990 2399 τῷ

416 2407 698 2480 Πνιύματι
726 2412 827 2482 μιν
863 2413 1045 2484 ἥκιστ’
1070 2416 1323 2488 ἀρέσκον,
1361 2417 1454 2488 ὑφ’
1500 2411 1564 2473 οὗ
1595 2420 1688 2474 καὶ
1725 2422 1990 2492 συνῆχθαι

417 2518 618 2572 φαμεν,
672 2504 772 2558 οὐκ
830 2505 1017 2575 ὀλίγας
1079 2508 1138 2561 δὲ
1189 2507 1287 2572 τάς
1342 2510 1494 2580 παρά
1543 2511 1989 2582 τῶνάνθρώπων

415 2593 656 2664 μέμψεις
710 2593 913 2662 ἑπάξον
963 2599 1136 2668 ἡμῖν·
1190 2599 1325 2669 πρὸς
1367 2601 1424 2654 δὲ
1469 2602 1679 2663 τούτοις
1711 2603 1834 2656 οὔτε
1867 2607 1988 2667 ταῖς

412 2686 646 2754 ἀγαθαῖς
695 2690 876 2744 ἐλπίσι
927 2693 1227 2763 συμϐαῖνον
1275 2694 1366 2762 ὑφ’
1399 2689 1474 2748 ὦν
1504 2696 1849 2766 κεκινὴμεθα
1887 2696 1988 2767 τὴν

413 2779 611 2850 ἀρχὴν,
643 2780 765 2834 οὔτε
812 2785 879 2853 τῇ
915 2784 1001 2838 διά
1057 2787 1276 2839 πάντων
1315 2790 1642 2860 παρασκευῇ
1686 2790 1985 2859 προσῆκον,

413 2871 448 2941 ἢ
485 2873 579 2924 καὶ
613 2873 749 2942 πρὸς
777 2875 904 2929 ἄλλο
934 2894 984 2928 τι
1039 2877 1244 2946 μεῖζον,
1279 2881 1436 2948 είπερ
1471 2876 1561 2951 ἦν,
1593 2882 1687 2935 τοῦ
1722 2883 1987 2952 παρόντος

412 2962 649 3031 ἦρκεσεν
680 2965 744 3018 ἀν
765 2979 779 2994 ·
809 2967 902 3018 καὶ
930 2967 1174 3037 χείρονος
1207 2969 1450 3039 πολέμου
1485 2973 1580 3024 καὶ
1608 2971 1792 3042 μάχης
1819 2971 1984 3041 ἄρξον

417 3056 555 3123 μετά
610 3057 783 3110 ταῦτα
840 3059 1234 3127 Χριστιανοῖς·
1301 3064 1399 3131 τὴν
1451 3064 1507 3116 δὲ
1569 3067 1669 3135 τῆς
1729 3066 1986 3137 ἀληθείας

2111 570 2348 631 secunda
2385 579 2654 646 promissa
2686 582 2929 635 conabor
2962 581 3297 648 persolvere,
3336 584 3456 637 sine
3488 584 3692 652 quibus

2109 665 2254 718 nulla
2289 667 2394 720 erit
2443 682 2508 720 ex
2567 668 2841 736 prioribus
2891 670 3120 734 utilitas,
3174 671 3220 724 si
3274 671 3387 727 haec
3439 687 3540 742 ego
3582 690 3690 728 non
3755 688 3758 692 '

2107 757 2308 820 dicam,
2347 767 2440 812 aut
2476 759 2758 813 suadeam.
2809 759 2974 814 Multa
3008 767 3138 816 sunt
3177 750 3360 830 igitur,
3393 779 3513 830 quae
3548 779 3688 832 prm-

2106 849 2312 905 elaram
2344 850 2484 904 hanc
2515 865 2701 918 pacem
2750 852 2962 905 facilem
3003 853 3157 906 nobis
3189 866 3252 905 ac
3289 852 3493 908 nullius
3524 870 3686 923 uego-

2109 941 2192 1008 tii,
2222 944 2519 998 dummodo
2544 945 2794 1006 velimus,
2828 945 3116 1000 ostendent
3154 963 3168 999 :
3203 961 3392 1002 rursus
3423 940 3530 1001 non
3557 962 3691 1016 pau-

2103 1034 2181 1088 cis
2229 1050 2350 1089 eam
2402 1045 2614 1091 scatere
2659 1036 3100 1106 oppositionibus
3129 1038 3390 1103 viderint,
3422 1040 3515 1108 qui
3571 1053 3684 1092 rem

2103 1143 2208 1182 non
2243 1130 2456 1186 sincere
2489 1131 2862 1186 considerant.
2901 1130 3145 1186 Primum
3177 1146 3306 1202 ergo
3349 1132 3412 1186 de
3460 1131 3689 1200 impedi-

2102 1222 2299 1277 mentis
2347 1223 2614 1292 agendum
2667 1238 2883 1284 censeo.
2938 1233 2996 1277 ut
3043 1239 3069 1276 a
3123 1223 3320 1278 vestris
3375 1223 3575 1276 animis
3622 1237 3684 1276 ea

2099 1325 2261 1380 quam
2291 1313 2603 1382 longissime
2653 1324 3080 1378 removeantur;
3116 1323 3326 1383 gratum
3377 1313 3523 1367 enim
3583 1314 3685 1366 hoc

2098 1402 2251 1456 vobis
2301 1405 2461 1457 etiam
2513 1405 2638 1468 erit,
2687 1404 2732 1458 si
2785 1404 3143 1474 cogitationes
3181 1405 3304 1468 illae,
3342 1420 3463 1473 qum
3517 1405 3683 1459 rebus

2098 1494 2343 1550 honestis
2402 1495 2699 1548 moliuntur
2752 1495 3002 1557 insidias.
3069 1505 3292 1550 strenue
3346 1496 3682 1565 abigantur;

2097 1584 2428 1654 faciliusque
2459 1586 2524 1638 ad
2558 1601 2619 1639 ea
2672 1585 3000 1653 transibitis,
3035 1601 3132 1655 per
3173 1601 3293 1655 qua:
3336 1585 3426 1640 fiet
3474 1602 3598 1654 pax,
3639 1589 3682 1640 si

2096 1691 2216 1746 quae
2248 1679 2393 1732 illam
2426 1678 2753 1746 asperiorem
2788 1678 3016 1743 faciunt,
3050 1679 3206 1747 quasi
3251 1677 3593 1732 offendicula
3622 1679 3686 1733 de

2094 1769 2665 1835 viasubmovcantur.
2701 1768 2958 1823 Patimini
2991 1783 3140 1831 vero,
3171 1782 3380 1838 quaeso,
3411 1783 3498 1823 me
3521 1768 3684 1838 paulo

2097 1859 2268 1915 altius
2308 1875 2424 1914 rem
2458 1859 2649 1916 ordiri.
2761 1869 2763 1872 ‘
3271 1921 3293 1926 ..

2171 1951 2434 2007 Unionem
2472 1954 2654 2022 itaque
2677 1952 2946 2007 conficere
2995 1961 3372 2023 apparentem,
3422 1961 3475 2006 ct
3505 1951 3682 2006 solum

2095 2044 2345 2114 praesenti
2381 2059 2560 2098 rerum
2596 2045 2758 2098 statui
2791 2045 3162 2115 profuturam,
3197 2043 3364 2098 rebus
3412 2059 3532 2113 qum
3560 2058 3680 2098 ver-

2095 2142 2288 2187 santur
2319 2134 2372 2186 in
2402 2134 2802 2201 controversia,
2845 2135 2915 2189 ita
2960 2145 3013 2189 ut
3056 2150 3202 2189 nunc
3237 2149 3296 2190 se
3331 2133 3536 2188 habent
3563 2148 3682 2188 ma-

2094 2224 2367 2288 nentibus,
2403 2239 2506 2279 nec
2535 2223 2667 2279 utile
2709 2239 2808 2279 nec
2834 2224 3092 2280 decorum
3131 2239 3253 2280 esse
3282 2223 3624 2280 ostendimus
3657 2240 3673 2290 ;

2093 2315 2188 2370 sed
2217 2330 2329 2370 rem
2367 2324 2549 2371 nostra
2579 2315 2798 2386 quidem
2847 2316 3049 2371 virtute
3097 2315 3400 2386 indignam,
3451 2313 3519 2370 ab
3559 2313 3680 2383 ejus

2091 2422 2221 2462 vero
2253 2407 2514 2474 nominis,
2549 2425 2660 2480 quo
2712 2424 3116 2477 nuncupamur,
3161 2408 3470 2478 significatu
3517 2405 3677 2474 longe

2091 2503 2408 2568 distantem,
2464 2510 2521 2557 ct
2562 2500 2790 2573 Spiritui
2841 2501 3088 2574 quidem,
3122 2516 3154 2555 a
3181 2515 3292 2571 quo
3320 2513 3419 2554 nos
3453 2511 3683 2568 congre-

2091 2606 2246 2664 αλιος
2295 2595 2610 2659 asserimus,
2638 2593 2862 2649 minime
2911 2592 3215 2663 placentem
3247 2629 3262 2655 ,
3306 2588 3498 2645 multis
3543 2602 3676 2644 vero

2090 2701 2192 2742 nos
2233 2687 2512 2741 hominum
2568 2685 3086 2756 reprehensionibus
3142 2683 3561 2754 subjicientem;
3620 2687 3678 2735 et

2092 2788 2350 2849 prmterea
2410 2780 2566 2832 bonae
2618 2779 2756 2848 spei,
2803 2791 2910 2847 qua
2967 2789 3160 2830 sumus
3193 2775 3261 2830 ab
3296 2773 3455 2828 initio
3499 2771 3672 2834 ducti,

2091 2871 2234 2928 baud
2265 2871 2712 2941 respondentem,
2771 2884 2872 2924 nec
2908 2869 3168 2922 universo
3223 2865 3510 2936 apparatui
3541 2879 3674 2918 con-

2091 2973 2396 3034 gruentem,
2416 2963 2507 3032 qui
2524 2963 2658 3018 satis
2681 2970 2822 3016 esset
2845 2961 2910 3015 ad
2938 2961 3220 3030 quodlibet
3242 2958 3411 3024 aliud,
3436 2958 3480 3012 si
3503 2956 3674 3010 ulhnu

2092 3067 2259 3124 esset,
2313 3057 2564 3126 praesenti
2608 3056 2820 3127 negotio
2859 3054 3033 3121 majus
3071 3070 3086 3122 ;
3119 3062 3172 3108 et
3218 3043 3496 3123 postremo
3534 3049 3673 3115 rem,

414 3147 635 3216 εὕρεσίν
684 3167 742 3202 τε
796 3151 892 3203 καὶ
943 3151 1169 3222 ζήτησιν
1222 3156 1317 3206 καὶ
1373 3155 1475 3223 τὴν
1527 3156 1623 3207 ἀπ’
1673 3159 1843 3225 αὐτῆς
1891 3156 1986 3212 τοῦ

2097 3163 2214 3218 qute
2245 3148 2382 3202 foret
2416 3147 2747 3203 Christianis
2777 3145 2932 3215 origo
2963 3145 3136 3216 praelii
3183 3159 3247 3198 ac
3293 3157 3485 3215 pugna:
3531 3141 3677 3195 dcte-

413 3241 642 3307 ψεύδους
695 3243 870 3312 τομὴν
941 3244 1106 3312 μόνην
1157 3245 1332 3315 ἀληθῆ
1389 3248 1482 3300 καὶ
1539 3248 1750 3301 τελείαν
1796 3249 1992 3304 ἕνωσιν

414 3329 576 3395 εἶναι,
603 3333 698 3386 καὶ
723 3335 942 3388 πάντων
978 3335 1076 3404 μὲν
1105 3336 1498 3408 ἐλαττωμάτων
1533 3342 1988 3413 ἀπηλλαγμένην,

357 3495 374 3506 _
414 3427 580 3480 καλοῦ
628 3427 684 3480 δὲ
734 3429 934 3491 παντὸς
976 3429 1276 3500 γέμουσαν,
1313 3433 1406 3485 καὶ
1459 3434 1568 3502 πρὸ
1615 3436 1834 3488 πάντων
1873 3437 1991 3489 θεο-

405 3519 569 3588 φιλῆ.
601 3513 662 3574 οὗ
719 3521 936 3588 μάλιστ’
968 3523 1025 3574 ἐν
1073 3523 1205 3574 πᾶσι
1252 3527 1364 3586 τοῖς
1415 3525 1506 3594 ὑφ’
1535 3527 1696 3597 ἡμῶν
1745 3545 1990 3596 πραττο-

417 3611 600 3680 μένοις
633 3612 832 3680 πρέπει
893 3611 1274 3681 στοχάζεσθαι.
1302 3612 1448 3682 Αὐτὴ
1498 3613 1546 3665 δ’
1594 3615 1662 3668 ἂν
1689 3615 1920 3683 γένοιτο,
1956 3615 1987 3684 ἢ

416 3702 661 3755 Λατίνων
689 3704 789 3772 τὴν
825 3703 1142 3774 προσθήκην
1175 3704 1576 3772 ἀτιμαζόντων,
1614 3710 1709 3758 καὶ
1752 3709 1992 3777 παυομέ-

413 3813 522 3847 νων
552 3796 688 3862 μετά
736 3796 943 3866 ταύτης
993 3799 1093 3866 τὴν
1139 3798 1723 3870 πίστιν--ὀμολογεῖν,ἢ
1762 3803 1991 3854 καὶτῶν

413 3886 664 3956 Γραικῶν
695 3887 864 3958 αὐτὴν
892 3889 1294 3960 προστιθέντων
1323 3889 1398 3952 ὼς
1424 3890 1990 3958 ἀναγκαίαν.Μᾶλλον

412 3979 462 4030 δ’
488 3981 683 4042 εἰπεῖν,
719 3979 785 4032 τὰ
835 3981 934 4049 μὲν
985 3982 1082 4043 τῆς
1132 3982 1426 4050 ὁμολογίας
1477 3981 1706 4036 ἕπεσθαι
1755 3983 1855 4046 δεῖ,
1891 3984 1990 4051 τὴν

414 4070 471 4122 δὲ
525 4072 623 4140 τῆς
680 4072 910 4141 καρδίας
969 4073 1152 4127 πίστιν
1201 4074 1475 4144 ἡγεῖσθαι,
1513 4076 1606 4128 καὶ
1652 4076 1789 4145 πρὸς
1850 4077 1988 4145 αὐτῇ

417 4160 659 4229 παγῆναι
691 4162 882 4233 πρώτῃ
930 4164 1028 4232 τὴν
1077 4163 1279 4228 γνῶσιν
1315 4167 1412 4232 τῆς
1461 4165 1719 4234 ἀληθείας
1769 4167 1863 4219 καὶ
1891 4166 1991 4236 τὴν

349 4323 360 4327 _
414 4252 472 4301 ἐν
506 4250 638 4319 αὑτῇ
675 4251 891 4304 πάντων
925 4250 1139 4306 ἕνωσιν.
1172 4252 1381 4304 Οὐκοῦν
1413 4253 1446 4323 ἦ
1486 4254 1752 4316 Λατίνους
1787 4255 1988 4324 ἀγνοῆ-

417 4361 505 4396 σαι
558 4343 839 4406 παντελῶς
893 4345 960 4414 ἣν
1013 4345 1274 4413 ἐφρόνουν
1331 4346 1659 4414 κατάφασιν,
1710 4348 1804 4400 καὶ
1839 4348 1991 4416 παρά

421 4434 586 4500 μόνου
631 4433 725 4486 τοῦ
779 4435 990 4503 [ἰατρὸς
1039 4434 1319 4488 πιστεύειν
1365 4434 1506 4490 εἶναι
1557 4437 1616 4488 τὸ
1674 4437 1986 4506 Πνεῦμα,ἢ

2097 3241 2278 3294 rioris.
2317 3239 2689 3294 inventionem
2746 3248 2924 3292 autem
2966 3245 3020 3291 et
3068 3235 3502 3305 inquisitionem.
3531 3232 3687 3306 veri:

2095 3329 2241 3392 talis,
2275 3331 2500 3400 ejusque
2535 3345 2563 3382 a
2592 3329 2876 3384 mendacio
2923 3328 3304 3391 secretionem,
3351 3339 3471 3379 esse
3501 3325 3670 3378 solam

2093 3437 2276 3476 veram
2332 3431 2387 3476 et
2452 3421 2751 3492 perfectam
2818 3421 3103 3482 unitatem,
3156 3417 3304 3473 omni
3366 3429 3496 3470 sane
3544 3415 3677 3467 vitio

2094 3513 2343 3577 liberam,
2403 3522 2456 3568 et
2507 3513 2667 3568 bonis
2728 3513 2984 3566 omnibus
3043 3510 3375 3571 amucntem,
3421 3506 3675 3574 quodque

2093 3616 2256 3675 caput
2319 3615 2424 3669 est,
2477 3605 2586 3660 Deo
2639 3617 2874 3674 gratam,
2927 3604 3073 3672 quod
3143 3601 3195 3653 in
3259 3598 3516 3653 omnibus
3553 3612 3675 3666 qua:

2095 3699 2232 3753 fiunt
2275 3713 2304 3751 a
2356 3697 2533 3760 nobis,
2586 3697 2746 3751 debet
2793 3711 2912 3750 esse
2963 3695 3014 3747 in
3065 3692 3255 3762 primis
3314 3689 3673 3760 propositum.

2094 3791 2417 3859 Eritporro
2449 3791 2562 3844 haec
2597 3799 2688 3843 aut
2711 3787 2919 3842 Latinis
2957 3785 3383 3841 additamentum
3406 3779 3674 3849 abjicicu-

2093 3883 2258 3946 tibus,
2316 3892 2366 3936 et
2420 3897 2544 3936 cum
2596 3881 2690 3935 illo
2759 3879 2883 3932 fidei
2974 3876 3367 3947 professionem
3409 3872 3676 3926 emittere

2092 3972 2486 4038 desinentibus,
2523 3981 2616 4026 aut
2658 3971 2862 4027 Graecis
2897 3969 3062 4024 etiam
3119 3967 3249 4020 illud
3313 3974 3373 4019 ut
3419 3975 3674 4018 necessa-

2093 4064 2230 4117 rium
2281 4064 2688 4134 adjicieutibus.
2746 4064 2860 4117 Imo
2906 4076 3058 4124 vero,
3112 4068 3165 4112 ut
3225 4057 3417 4111 melius
3470 4055 3672 4112 dicam,

2093 4156 2365 4210 confessio
2403 4155 2622 4225 quidem
2677 4155 2830 4225 sequi
2865 4154 3046 4217 debet,
3084 4151 3218 4206 fides
3259 4157 3438 4203 autem
3495 4145 3680 4198 cordis

2093 4249 2426 4319 praecedere,
2464 4249 2516 4301 in
2553 4262 2663 4317 quo
2695 4249 2927 4318 primum
2967 4244 3290 4303 stabilienda
3318 4250 3402 4295 est
3432 4235 3680 4293 veritatis

2094 4341 2320 4411 agnitio,
2361 4341 2721 4407 omniumque
2748 4355 2844 4409 per
2867 4341 3014 4392 illam
3043 4335 3383 4407 conjunctio.
3411 4330 3520 4384 Aut
3549 4336 3696 4395 ergu‘

2096 4435 2319 4489 Latinos
2360 4434 2631 4502 oportebit
2674 4435 2899 4486 omnino
2947 4429 3356 4483 afiirmationem
3408 4429 3674 4498 ignorare.

416 4525 686 4594 Γραικοὺς
730 4525 826 4578 καὶ
875 4526 940 4578 ἐκ
975 4525 1068 4577 τοῦ
1105 4526 1236 4579 Υίοῦ
1289 4530 1506 4596 φρονεῖν
1552 4530 1730 4582 ἐκεῖνο
1769 4528 1988 4598 δεήσει·

2097 4542 2260 4596 quam
2298 4527 2608 4586 tuebantur,
2646 4533 2700 4576 et
2751 4521 2974 4575 credere
3004 4519 3265 4588 Spiritum
3300 4533 3423 4573 esse
3451 4535 3479 4572 a
3519 4521 3680 4573 Patre

415 4619 574 4679 ἄλλος
617 4619 727 4688 γὰρ
774 4618 874 4687 οὐχ
915 4619 1270 4672 ὑπολείπεται
1325 4619 1530 4687 τρόπος
1587 4620 1701 4681 τοῖς
1750 4634 1813 4685 γε
1871 4617 1994 4670 κατ’

415 4709 676 4778 ἀλήθειαν
719 4711 972 4780 ἀλλήλοις
1015 4710 1348 4764 σπένδεσθαι
1387 4710 1661 4763 θέλουσιν.
1710 4711 1865 4761 Ἐπεὶ
1900 4709 1995 4762 νῦν

414 4808 472 4857 ὲν
502 4805 788 4873 ἀντιφάσει
814 4804 1022 4857 τούτων
1048 4805 1082 4873 ἠ
1116 4804 1320 4868 πίστις,
1347 4799 1415 4876 ἦς
1446 4803 1598 4856 οὐδὲν
1632 4803 1781 4854 ἔστιν
1814 4803 1996 4870 εὑρεῖν

418 4895 659 4966 μεταξὺ,
712 4895 828 4949 ἀλλ’
875 4896 1091 4965 ἀνάγκη
1149 4894 1376 4964 θάτερον
1425 4894 1595 4964 αὐτῆς
1653 4893 1996 4963 ἀμφοτέρους

419 4989 580 5058 μέρος
645 4987 1067 5058 ἀπωσαμένους,
1099 4986 1196 5040 τοῦ
1251 4985 1442 5040 λοιποῦ
1496 4986 1594 5040 καὶ
1651 4985 1997 5054 ἀμφοτέρους

415 5079 634 5150 ἔχεσθαι
666 5079 851 5148 μόνου.
887 5077 1015 5131 Εττα
1046 5079 1146 5148 τὴν
1180 5079 1363 5131 πίστιν
1388 5077 1498 5130 ἀπὸ
1537 5077 1768 5146 καρδίας
1802 5077 1897 5128 ἐπὶ
1929 5074 1996 5128 τὰ

416 5171 567 5239 χείλη
606 5173 966 5241 προάγοντας,
990 5171 1077 5222 διὰ
1107 5168 1314 5222 τούτων
1361 5171 1452 5222 ἐπὶ
1509 5167 1756 5239 σωτηρία
1791 5167 1997 5236 ταύτην

415 5263 722 5329 ὁμολογεῖν,
754 5266 846 5315 καὶ
897 5262 1071 5324 οὕτως
1117 5263 1222 5315 ὑπὸ
1255 5262 1385 5332 μίαν
1428 5259 1724 5329 καθολικὴν
1768 5259 1999 5326 Ἐκκλη-

418 5357 540 5405 σίαν
589 5354 795 5416 πάντας
830 5354 1087 5422 τελεῖν,ή
1141 5354 1240 5421 τὴν
1271 5353 1371 5421 τῆς
1420 5350 1654 5419 ἀληθοῦς
1703 5348 1999 5417 ὁμολογίας

419 5446 514 5496 καὶ
559 5444 717 5515 δόξης
761 5447 957 5514 δηλοῦν
1009 5448 1239 5514 ἑνότητα
1293 5445 1566 5513 βούλεται.
1619 5443 1835 5508 Ταύτην
1886 5439 1998 5508 ἐγὼ

419 5542 517 5604 τὴν
563 5537 828 5608 ἀληθινὴν
861 5539 1360 5609 ἓνωσιν.ὑπὰρχειν
1399 5536 1744 5606 ὁρίζομαιῆν
1773 5535 1998 5603 εἰσηγη·

425 5629 606 5696 σᾶμην
654 5629 752 5696 μὲν
798 5629 985 5698 πρώην
1032 5630 1216 5694 αὐτὸς,
1261 5629 1455 5680 ἔπεισι
1501 5627 1544 5677 δ’
1589 5627 1734 5694 ὑμᾶς
1783 5625 1884 5676 οὐκ
1933 5625 1999 5677 ἂν

425 5718 658 5786 εἴποιμι,
695 5723 789 5774 καὶ
820 5723 987 5774 πάλαι
1013 5721 1423 5789 πεπεισμένους
1465 5718 1558 5786 ὑφ’
1594 5717 1826 5780 ἑαυτῶν,
1861 5717 1999 5785 μᾶλ-

425 5808 520 5864 λον
553 5810 597 5862 δ’
628 5811 734 5864 ὑπὸ
778 5813 872 5867 τοῦ
915 5813 1229 5884 Πνεύματος
1263 5811 1408 5864 τοῦτ’
1457 5806 1597 5863 εἶναι
1638 5809 1698 5862 τὸ
1744 5808 1909 5862 καλόν
1941 5824 1998 5862 τε

2097 4617 2238 4677 solo,
2270 4621 2364 4668 aut
2387 4613 2607 4668 Graecos
2641 4611 2844 4666 sentire
2874 4611 3029 4664 illum
3057 4623 3178 4664 esse
3209 4609 3374 4663 etiam
3397 4623 3464 4662 ex
3499 4607 3674 4663 Filio:

2095 4705 2294 4761 etenim
2343 4704 2483 4758 alius
2546 4719 2652 4756 non
2708 4709 2876 4756 restat
2946 4700 3140 4755 modus
3203 4701 3293 4762 iis,
3362 4699 3456 4768 qui
3497 4713 3677 4754 veram

2096 4798 2288 4851 volunt
2332 4793 2530 4863 pacisci
2583 4809 2791 4864 pacem.
2837 4791 2994 4846 Nunc
3015 4793 3160 4847 enim
3205 4792 3340 4846 fides
3393 4791 3588 4845 horum
3623 4791 3679 4846 in

2096 4887 2529 4943 contradictione
2565 4896 2651 4941 est
2683 4886 2877 4957 posita.
2909 4900 3029 4956 qua:
3055 4884 3263 4939 nullum
3315 4883 3552 4938 admittit
3572 4897 3682 4939 me-

2099 4982 2277 5042 dium.
2312 4980 2408 5037 sed
2435 4995 2655 5036 necesse
2705 4989 2789 5036 est
2822 4980 3046 5034 alteram
3076 4976 3193 5047 eius
3227 4985 3432 5048 partem
3465 4974 3684 5046 utrique

2098 5072 2378 5141 abjiciant,
2420 5081 2474 5125 et
2507 5071 2678 5125 solam
2729 5071 2953 5126 alteram
2987 5070 3204 5142 utrique
3231 5067 3539 5134 retineant;
3583 5065 3682 5122 de-

2099 5165 2226 5219 inde
2267 5164 2422 5219 fidem
2456 5179 2486 5217 e
2517 5165 2681 5218 corde
2734 5163 2798 5218 ad
2838 5178 2899 5218 os
2945 5160 3253 5225 eii'ereutes,
3282 5174 3376 5230 per
3415 5158 3682 5213 hocillatu

2103 5257 2375 5310 fateantur
2429 5256 2496 5311 ad
2544 5257 2814 5320 salutem;
2871 5263 3035 5324 atque
3070 5255 3142 5308 ita
3180 5253 3232 5307 in
3276 5267 3438 5306 unam
3493 5266 3684 5306 omnes

2103 5349 2429 5402 catholicam
2490 5348 2818 5400 conveniant
2858 5345 3179 5407 Ecclesiam,
3216 5359 3338 5414 qure
3375 5341 3685 5411 significare

2101 5440 2214 5493 vull
2255 5453 2394 5492 vera:
2429 5437 2795 5492 confessionis
2830 5445 2885 5491 et
2908 5436 3189 5489 sententia:
3220 5438 3502 5488 unitatem.
3530 5429 3685 5482 Hanc

2102 5548 2200 5602 ego
2225 5547 2406 5585 veram
2440 5547 2558 5583 esse
2597 5531 2850 5584 unionem
2890 5539 3089 5591 statuo,
3125 5540 3285 5595 quam
3325 5522 3530 5592 pridem
3564 5521 3684 5588 ipso

2107 5624 2324 5692 quidem
2379 5623 2656 5692 proposui,
2708 5623 2800 5676 sed
2847 5636 2964 5675 eam
2999 5618 3149 5671 vobis
3181 5616 3423 5669 suasisse
3457 5628 3561 5665 non
3598 5615 3681 5665 di-

2105 5716 2298 5776 xerim,
2330 5729 2451 5768 cum
2475 5729 2502 5766 a
2529 5713 2680 5766 vobis
2721 5713 2853 5781 ipsis
2883 5711 2994 5777 jam
3030 5711 3158 5762 olim
3192 5705 3433 5775 persuasi
3465 5703 3680 5767 essetis,

2107 5803 2216 5860 imo
2250 5821 2372 5860 vero
2419 5821 2444 5858 a
2479 5804 2683 5875 Spiritu
2721 5802 3067 5866 didicissetis,
3108 5803 3205 5852 hoc
3240 5811 3356 5852 esse
3393 5794 3680 5863 pulchrum
