4170 6294
476 384 591 450 447

1530 374 1905 437 GENNADII
1944 371 2049 432 (ΣΡ.
2080 370 2594 433 ΡΛΤΗΙΑΒΟΙῙΕ

3613 364 3723 425 448

474 505 695 559 credant
718 503 946 574 Latinis,
983 505 1111 559 dum
1139 518 1266 560 vera
1293 502 1365 557 illi
1396 499 1598 563 dicant,
1654 496 1815 561 idque
1872 491 2047 544 modis

2155 487 2443 556 πεισθῆναι
2498 488 2768 551 Λατίνοις,
2816 488 2882 540 ἂν
2929 486 3105 555 ἀληθῆ
3139 485 3362 551 λέγωσι,
3397 479 3493 531 καὶ
3562 480 3717 531 τοῦτο

475 594 729 649 omnibus
776 596 954 665 palam
1009 594 1213 648 faciant
1249 612 1263 659 ;
1297 608 1395 646 nec
1443 591 1583 645 velle
1630 595 1854 657 propter
1924 599 2041 637 eam

474 699 731 751 respuere
763 700 944 738 veram
982 685 1333 749 sententiam,
1367 698 1531 751 quam
1562 681 1797 735 fatentes
1820 686 1873 731 et
1924 690 2045 730 cre-

468 775 686 842 dentes,
717 775 877 845 eique
909 792 966 831 se
997 792 1092 842 per
1145 776 1306 830 ambo
1356 775 1469 829 lucc
1515 772 1905 841 coniungentes
1956 784 2047 822 nc-

397 914 407 923 ,
472 877 628 916 cesse
654 872 741 918 est
771 864 1077 919 concordia:
1113 863 1467 931 veritatisque
1500 861 1806 915 mercedem
1855 876 1882 912 a
1938 859 2047 911 Deo

474 953 849 1010 indubitanter
882 963 1216 1025 exSpectent.
1244 954 1469 1009 Latinos
1529 967 1655 1007 vero
1714 952 2044 1021 (quanquam

473 1046 634 1100 video
667 1048 906 1102 rationes
934 1063 1123 1101 eorum
1164 1056 1451 1101 enervatas
1481 1060 1575 1115 per
1606 1044 1864 1098 nonnulla
1900 1059 1927 1095 a
1961 1058 2047 1096 me

469 1138 579 1203 jam
609 1139 750 1193 dicta
770 1138 866 1210 (l),
891 1153 988 1194 nec
1016 1140 1287 1193 immerito
1323 1139 1481 1208 plane
1512 1136 1858 1206 ignominiam
1884 1136 1951 1190 ab
1970 1135 2049 1189 eis

477 1227 680 1291 timeri,
718 1242 841 1280 cum
866 1238 1084 1295 propter
1129 1228 1241 1281 lucc
1290 1227 1390 1295 ipsi
1449 1228 1735 1297 plusquam
1793 1226 1883 1279 al'i
1925 1227 2049 1296 jure

475 1317 782 1385 turbentur)
833 1317 965 1373 illud
1028 1318 1193 1372 etiam
1247 1335 1465 1388 aequum
1509 1329 1595 1374 est
1643 1320 2045 1373 considerare:

476 1408 677 1462 nullam
717 1425 775 1464 se
810 1410 1118 1475 majoribus
1144 1412 1257 1466 suis
1288 1412 1541 1480 injuriam
1576 1412 1842 1473 illaturos.
1883 1415 1925 1468 si
1958 1430 2049 1467 ve-

474 1501 689 1553 ritatem
716 1500 819 1569 ipsi
874 1501 1467 1570 amplectantur;imo
1522 1505 1704 1571 potius
1760 1504 2046 1558 utilitatem

472 1592 757 1656 allaturos,
787 1592 913 1646 dum
947 1590 1177 1648 fortasse
1202 1608 1391 1662 puram
1414 1603 1468 1649 et
1517 1594 1781 1648 illibatam
1836 1597 2049 1664 opinio-

476 1698 597 1736 nem
628 1692 871 1737 tenentes
899 1683 1003 1753 ipsi
1038 1685 1274 1740 orabunt
1308 1701 1407 1755 pro
1437 1688 1753 1743 hominibus
1806 1688 2044 1743 falsitate

474 1776 737 1842 deceptis,
773 1787 825 1830 et
856 1776 1081 1831 humani
1123 1778 1328 1848 aliquid
1365 1781 1539 1849 passis
1570 1800 1583 1835 :
1614 1780 1879 1836 mercedis
1931 1780 2047 1835 loco

2156 580 2291 647 πᾶσι
2327 580 2554 647 τρόποις
2595 578 2930 647 ἐργάζεσθαι
2967 577 3222 647 φανερὸν,
3267 576 3541 645 μηδεμίαν
3586 571 3721 624 ὐπο-

2148 668 2279 737 ψίαν
2307 668 2449 738 ἔχειν
2480 667 2741 737 αἰσχύνης
2767 684 2781 700 ·
2823 668 2947 737 μηδ⁹
2974 669 3159 719 εἵνεκα
3186 665 3376 719 τούτου
3410 665 3509 734 τήν
3543 661 3720 730 ἀληθῆ

2150 758 2436 827 προίεσθαι
2468 757 2647 820 δόξαν,
2705 759 2771 826 ἣν
2796 756 3207 827 ὁμολογοῦντάς.
3228 774 3287 808 τε
3317 756 3411 809 καὶ
3439 754 3723 808 πιστεύον-

2150 869 2267 917 τας,
2293 852 2385 905 καὶ
2413 851 2584 921 ταύτῃ
2622 851 2691 903 δι’
2731 852 3055 921 ἀμφοτέρων
3129 850 3337 905 τούτων
3379 850 3722 916 συναπτομέ-

2152 965 2294 1010 νους,
2329 949 2542 1019 ἀνάγκη
2568 947 2695 1009 τούς
2724 963 2783 1000 τε
2810 947 2909 1013 τῆς
2935 944 3189 1013 ὁμονοίας
3220 943 3313 994 καὶ
3344 942 3443 1010 τῆς
3464 941 3722 1009 ἀληθείας

2156 1040 2387 1108 μισθοὺς
2444 1041 2676 1110 βεϐαίως
2723 1041 2930 1093 ἄνωθεν
2958 1037 3290 1108 προσδοκᾷν.
3330 1036 3589 1096 Λατίνοις
3641 1035 3721 1098 δὲ,

2150 1133 2198 1182 εἰ
2231 1133 2323 1183 καί
2371 1148 2490 1182 τινα
2544 1132 2650 1182 τῶν
2686 1128 2992 1198 εἰρημένων
3050 1124 3160 1195 ὁρῶ
3211 1124 3451 1192 σαθροὺς
3498 1123 3724 1174 ἐκείνων

2149 1223 2318 1286 δεῖξαι
2354 1224 2479 1280 τοὺς
2509 1220 2827 1288 λογισμοὺς,
2861 1218 2957 1270 καὶ
2990 1218 3050 1270 τὸ
3084 1219 3183 1285 τῆς
3214 1214 3479 1283 αἰσχύνης
3511 1214 3628 1276 δέος
3661 1215 3723 1267 ού

2153 1316 2507 1368 παντάπασιν
2536 1315 2752 1379 ἄλογον,
2781 1311 2875 1364 καί
2901 1328 2952 1363 τι
2986 1309 3150 1361 πλέον
3185 1309 3295 1359 τῶν
3333 1306 3508 1360 ἄλλων
3538 1306 3723 1365 αὐτοῖς

2151 1412 2377 1472 εἰκότως
2435 1410 2539 1461 ὑπὸ
2567 1408 2772 1459 τούτων
2805 1404 3252 1475 ταραττομένοις,
3290 1402 3517 1453 κάκεῖνα
3554 1416 3723 1468 προσ-

2152 1501 2505 1569 ενθυμεῑσθαι
2542 1500 2771 1561 δίκαιον,
2802 1500 2885 1551 ὅτι
2940 1498 3067 1558 τοὺς
3102 1497 3203 1564 μὲν
3235 1494 3537 1563 προγόνους
3568 1491 3722 1545 οὐδὲν

2152 1594 2215 1645 ἐκ
2257 1593 2354 1645 τοῦ
2394 1594 2493 1659 τὴν
2520 1589 2783 1660 ἀλήθειαν
2826 1590 3042 1658 φρονεῖν
3068 1587 3221 1642 αὐτοὶ
3248 1585 3721 1655 παραϐλάψουσιν,

2152 1685 2199 1737 εί
2234 1684 2308 1752 μή
2342 1686 2437 1736 καὶ
2474 1684 2674 1752 μᾶλλον
2726 1681 3124 1749 ὠφελήσουσιν,
3153 1680 3285 1756 ἴσως
3309 1676 3458 1745 ¹ὑπὲρ
3507 1675 3724 1742 ἀνθρὼ-

2155 1794 2272 1830 πων
2306 1776 2629 1829 ἑαλωκότων
2660 1775 2737 1845 τῷ
2767 1775 2975 1844 ψεύδει,
3008 1774 3102 1825 καί
3125 1790 3175 1823 τι
3205 1770 3489 1822 παθόντων
3514 1766 3727 1835 ἀνθρώ-

474 1879 502 1915 a
545 1862 654 1919 Deo
682 1841 927 1933 petentes
961 1867 1029 1920 ob
1055 1841 1488 1938 certamina-pro
1516 1870 1745 1924 veritate
1770 1882 2043 1939 suscepta,

2155 1884 2326 1934 πινον,
2382 1869 2535 1921 αὐτοὶ
2592 1841 2733 1938 μετά
2780 1841 3026 1935 καθαρᾶς
3072 1865 3167 1917 καὶ
3213 1862 3512 1930 ἀκιϐδήλου
3563 1860 3725 1928 δόξης

476 1949 907 2007 misericordiam
927 1953 1007 2009 eis
1031 1955 1253 2023 tribuit;
1278 1957 1408 2026 quin
1435 1961 1596 2012 etiam
1614 1961 1813 2029 probra
1835 1961 2047 2014 illorum

476 2041 735 2105 paulatim
774 2044 1027 2114 obtegere
1052 2056 1305 2115 paterunt
1334 2066 1350 2104 :
1392 2064 1512 2119 quae
1541 2061 1803 2122 augerent
1846 2055 2045 2122 potius,

472 2131 517 2185 si
545 2140 825 2201 acceptum
861 2134 930 2189 ab
964 2135 1072 2191 illis
1102 2150 1468 2206 sequerentur
1492 2156 1762 2211 errorem,
1820 2155 1876 2200 et
1932 2162 2052 2201 ma-

474 2222 584 2276 lum
618 2222 720 2279 sibi
782 2223 923 2295 ipsis
973 2225 1243 2285 foverent.
1308 2231 1464 2297 Quod
1526 2234 1572 2291 si
1636 2250 1745 2291 non
1794 2237 2054 2294 aviditate

473 2312 681 2383 gloriae,
713 2317 1101 2389 voluntateque
1125 2322 1334 2388 primas
1368 2324 1588 2380 tenendi
1634 2326 1779 2383 inter
1833 2328 2051 2395 fratres,

481 2405 933 2479 praefiniendique
962 2412 1216 2468 omnibus
1240 2429 1362 2484 qua:
1387 2430 1515 2471 vera
1532 2426 1581 2471 et
1604 2417 1748 2487 iusta
1778 2428 1925 2486 sunt,
1959 2404 2075 2476 sed

473 2496 799 2554 necessitate
815 2499 1050 2570 quadam
1072 2516 1196 2571 qua:
1216 2520 1245 2559 a
1272 2504 1479 2562 ratione
1499 2522 1606 2562 non
1634 2511 1977 2574 abhorreret,
2000 2520 2055 2565 et

470 2587 893 2658 cogitationibus
911 2592 1059 2660 victi,
1083 2610 1224 2664 quas
1240 2596 1521 2667 despicere
1546 2614 1653 2654 non
1673 2610 1941 2670 poterant,
1969 2603 2058 2656 in-

470 2681 677 2734 c'uxere
692 2681 834 2738 hanc
855 2683 1191 2754 opinionem,
1227 2703 1327 2756 par
1356 2700 1440 2745 est
1460 2691 1617 2745 nobis
1632 2695 1795 2749 etiam
1817 2698 2051 2751 tacenti-

474 2772 576 2825 Ilus
605 2771 728 2826 illos
746 2786 869 2829 esse
893 2775 1315 2831 misericordiam
1336 2791 1677 2849 consecutos,
1697 2796 2057 2854 expertosque

474 2861 642 2917 Deum
669 2864 967 2933 propitium
997 2881 1016 2918 :
1048 2868 1139 2934 qui
1168 2883 1229 2922 se
1263 2870 1344 2923 vel
1371 2873 1705 2941 gravissimis
1734 2875 2058 2932 criminibus

468 2951 714 3016 judicem
741 2954 1284 3023 praebethnmanum,
1313 2962 1358 3015 si
1392 2977 1500 3016 non
1534 2979 1563 3018 e
1595 2965 1759 3020 simili
1781 2968 2058 3026 voluntate

476 3040 912 3111 proﬁciscantur,
953 3044 1004 3100 id
1031 3050 1176 3116 quod
1213 3051 1396 3118 p0tius
1427 3053 1561 3109 viris
1592 3054 1701 3111 illis
1755 3060 2055 3129 contigisse

2150 1958 2460 2027 εὐχόμενοι,
2494 1956 2590 2009 καὶ
2642 1956 2759 2015 τῶν,
2802 1954 2941 2024 ὑπὲρ
3017 1954 3114 2023 τῆς
3172 1952 3434 2021 ἀληθείας
3494 1953 3723 2019 ἀγώνων

2155 2051 2355 2118 μισθὸν
2392 2050 2672 2113 αίτοῦντες
2692 2050 2843 2119 παρὰ
2881 2046 3018 2101 Θεοῦ
3044 2048 3145 2117 τὴν
3171 2048 3251 2109 εἰς
3276 2047 3517 2107 ἐκείνους
3538 2044 3726 2112 φιλαν-

2152 2140 2423 2213 θρωπίαν.
2483 2141 2587 2193 Καὶ
2644 2138 2713 2192 τὰ
2777 2137 3003 2189 ἐκείνων
3058 2133 3118 2186 δὲ
3175 2131 3528 2200 συγκαλύψαι
3581 2130 3722 2182 κατά

2154 2232 2356 2302 μικρὸν
2386 2232 2564 2302 ὀνείδη
2596 2231 2943 2301 δυνήσονται,
2981 2228 3125 2297 ἅπερ
3155 2224 3384 2295 ἔμελλον
3418 2222 3624 2287 αὔξειν,
3656 2216 3724 2292 ἦς

2152 2326 2605 2396 ἔκληρονόμησαν
2646 2324 2895 2395 ἐχόμενοι
2948 2322 3183 2391 πλάνης,
3220 2322 3316 2375 καὶ
3341 2318 3403 2372 τδ
3435 2318 3608 2370 δεινὸν
3663 2318 3721 2369 ὲν

2155 2421 2308 2488 σφίσι
2334 2418 2808 2486 διαφυλάττοντες.
2838 2417 2897 2469 Et
2919 2415 2975 2469 δὲ
3012 2415 3086 2486 μὴ
3120 2414 3278 2484 δόξης
3323 2411 3591 2481 ἐπιθυμίᾳ
3633 2411 3729 2463 καὶ

2152 2510 2230 2579 τῷ
2271 2509 2566 2581 βούλεσθαι
2601 2508 2913 2580 πρωτεύειν
2941 2507 3049 2561 τῶν
3080 2506 3351 2575 ἀδελφῶν,
3386 2504 3482 2558 καὶ
3515 2501 3727 2569 τάληθῆ

2154 2605 2250 2658 καὶ
2277 2605 2463 2659 δίκαια
2497 2606 2663 2658 πᾶσιν
2691 2603 2915 2672 ὁρίζειν,
2939 2602 3055 2655 ἀλλ’
3092 2602 3155 2654 ἔκ
3184 2616 3328 2662 τινος
3359 2598 3591 2667 ἐχούσης
3624 2596 3715 2647 λό-

2155 2714 2252 2765 γον
2283 2698 2528 2765 ἀνάγκης
2556 2699 2652 2749 xci.
2670 2693 2952 2763 λογισμῶν
2978 2693 3329 2763 ἡττηθέντες,
3350 2686 3425 2745 ὧν
3444 2689 3544 2742 οὐκ
3576 2684 3724 2756 είχον

2158 2790 2457 2859 ὑπερορᾷν,
2484 2789 2582 2858 τὴν
2615 2788 2773 2853 δόξαν
2802 2786 3007 2856 ταύτην
3042 2787 3389 2856 είσήνεγκαν,
3432 2783 3576 2845 είκός
3609 2784 3728 2833 ἐστι

2158 2885 2252 2937 καὶ
2284 2881 2564 2949 σιγώντων
2591 2879 2746 2947 ήμῶν
2778 2879 3000 2936 ,αὐτοὺς
3023 2876 3437 2947 φιλανθρωπίαν
3468 2874 3727 2943 εὑρέσθαι

2158 2971 2256 3024 καὶ
2286 2970 2422 3023 Θεοῦ
2462 2972 2645 3039 τυχεῖν
2673 2970 2824 3035 ἵλεω,
2861 2970 2918 3031 ὃς
2971 2971 3067 3022 καὶ
3095 2968 3204 3020 τῶν
3227 2967 3517 3037 χειρίστων
3546 2966 3730 3034 ἁμαρ-

2160 3065 2444 3131 τημάτων,
2499 3064 2565 3118 ἂν
2592 3064 2691 3116 οὐκ
2729 3064 2787 3130 ἐξ
2817 3063 3010 3133 ὁμοίας
3061 3061 3443 3132 άμαρτάνηται
3478 3060 3729 3125 γνώμης,

475 3134 608 3188 mihi
637 3136 751 3203 ipse
784 3141 1116 3207 persuadeo.
1146 3141 1330 3213 Neque
1354 3147 1498 3201 enim
1563 3150 1708 3205 viros
1756 3154 2051 3208 sanctimoc

2162 3154 2541 3223 φιλάνθρωπος
2586 3154 2797 3219 γίνεται
2840 3152 3131 3222 δικαστής·
3161 3150 3191 3203 ὃ
3228 3149 3323 3204 καλ⁸
3358 3149 3560 3218 μᾶλλον
3591 3148 3731 3218 ὑπὲρ

474 3226 562 3279 nia
597 3228 718 3286 vitae
743 3241 1084 3299 praestantes,
1112 3235 1314 3306 quique
1349 3239 1516 3293 Deum
1546 3240 1863 3297 dilexerunt
1888 3261 2053 3313 super

476 3322 683 3386 omnia,
716 3325 869 3381 visus
903 3326 1017 3395 ipse
1042 3342 1185 3384 esset
1228 3332 1475 3389 affecisse
1536 3339 1797 3406 praemiis,
1853 3342 2054 3411 quibus

476 3411 577 3465 sibi
611 3414 807 3470 charos
835 3417 1024 3484 donat,
1065 3430 1231 3491 atque
1264 3422 1317 3476 in
1342 3434 1549 3479 coetum
1588 3429 1869 3485 beatorum
1915 3435 2055 3487 asci-

482 3504 653 3568 visse,
679 3507 732 3560 ni
762 3508 916 3577 prius
952 3511 1061 3567 illis
1092 3515 1463 3572 condonasset
1489 3535 1680 3584 poenas
1716 3524 1785 3576 ob
1810 3538 2052 3581 errorem

476 3592 723 3662 luendas,
749 3615 867 3669 quae
894 3602 1133 3659 falsitate
1155 3618 1342 3675 captos
1367 3609 1418 3661 in
1454 3620 1775 3679 perpetuum
1809 3630 1838 3668 a
1869 3616 2055 3672 beato-

476 3706 597 3744 rum
620 3700 767 3745 sorte
791 3706 1106 3755 secernunt.
1155 3698 1309 3764 Quod
1360 3716 1487 3756 vero
1538 3702 1682 3759 Deus
1736 3708 2052 3777 multorum,

474 3790 528 3835 et
559 3782 685 3838 dum
716 3785 982 3853 viverent,
1013 3796 1067 3843 et
1099 3790 1189 3845 ubi
1221 3792 1327 3847 vita
1360 3794 1531 3849 functi
1555 3809 1760 3862 essent,
1802 3802 2052 3856 tbstatam

478 3872 707 3929 voluerit
738 3879 1110 3945 sanctitatem,
1139 3885 1377 3938 ostendit
1415 3896 1467 3939 et
1498 3886 1819 3943 Latinorum
1871 3892 2056 3947 Eccle-

474 3966 575 4029 sia,
601 3969 807 4022 cultum
836 3970 943 4025 illis
970 3980 1026 4026 et
1082 3972 1344 4028 honorem
1403 3979 1735 4045 adhibendo,
1786 3992 1839 4036 et
1883 3983 2052 4039 Grmci

477 4058 577 4123 ipsi
608 4074 713 4113 non
742 4063 1196 4129 contradixerint,
1226 4083 1326 4121 nec
1343 4083 1530 4123 errore
1555 4072 1606 4124 id
1626 4072 1738 4126 fieri
1765 4075 2051 4143 quisquam

475 4148 693 4215 dixerit,
718 4152 875 4220 quasi
900 4168 997 4210 vos
1026 4154 1237 4210 frustra
1295 4157 1406 4213 illis
1459 4160 1768 4217 sanctitatis
1824 4165 2052 4232 gloriam

477 4240 748 4305 tribuatis,
780 4243 915 4297 nihil
959 4244 1011 4298 in
1047 4247 1179 4313 ipsis
1203 4249 1555 4317 agnoscendo
1580 4266 1644 4305 ex
1673 4252 1742 4308 iis
1791 4269 1912 4321 quae
1966 4270 2055 4308 re-

474 4334 769 4401 quiruntur
807 4336 872 4391 ad
909 4338 1279 4394 sanctitatem.
1306 4340 1485 4406 Quare
1511 4359 1637 4413 spes
1688 4353 1772 4400 est
1826 4347 2054 4401 omnino

474 4434 645 4490 certa,
674 4428 809 4481 nihil
838 4429 943 4484 illis
978 4431 1289 4486 nociturum
1323 4435 1388 4488 ad
1438 4435 1670 4492 salutem
1733 4438 1936 4493 factum
2000 4439 2050 4491 in

475 4516 733 4588 Symbolo
825 4521 1250 4579 additamentum

474 4619 585 4663 tum
626 4609 829 4667 fuerint
893 4618 1218 4673 necessitate
1273 4619 1509 4690 quadam
1566 4630 1621 4675 et
1644 4620 2054 4691 rationibuspe-

473 4702 645 4757 riculo
667 4703 800 4760 illud
831 4720 1025 4762 vacare
1052 4710 1412 4779 probantibus
1444 4730 1459 4766 :
1486 4728 1583 4768 nec
1615 4715 1808 4769 vestris
1842 4716 2045 4770 oratio-

473 4796 636 4852 nibus
662 4797 780 4853 fore
803 4799 909 4857 illis
933 4817 1091 4871 opus,
1116 4818 1179 4857 ac
1217 4805 1395 4859 multo
1419 4806 1591 4873 magis
1618 4806 1663 4859 si
1704 4807 1771 4859 ad
1834 4806 2049 4861 illorum

471 4905 713 4944 (τι-στεπη
753 4901 932 4946 vester
962 4910 1070 4947 non
1105 4895 1347 4957 accedat,
1382 4904 1438 4948 et
1474 4895 1703 4949 veritate
1729 4897 1914 4964 agnita
1966 4897 2049 4950 fa-

472 4979 653 5039 ciatis,
685 4989 744 5032 ut
780 4980 860 5033 illi
893 4981 1071 5036 solum
1128 4999 1195 5037 ex
1265 4984 1553 5037 mendacio
1600 4984 1859 5038 damnum
1919 5001 2052 5040 con-

474 5070 911 5125 traserint:erit
936 5074 1081 5126 enim
1109 5073 1179 5127 ab
1236 5074 1342 5128 illis
1392 5090 1493 5144 pro
1541 5090 1601 5131 se
1653 5085 1883 5143 tantum,
1944 5091 2053 5130 non

473 5176 571 5229 pro
592 5161 790 5215 vestris
815 5163 977 5218 etiam
1013 5166 1298 5221 animabus
1328 5168 1599 5223 reddenda
1671 5171 1834 5235 ratio,
1887 5184 2051 5238 quam

475 5262 573 5317 par
606 5257 690 5303 est
716 5249 785 5304 ab
809 5250 918 5307 illis
965 5268 1075 5307 non
1138 5255 1303 5324 exigi,
1354 5257 1473 5311 siin
1538 5257 1827 5325 pauciores
1875 5273 2053 5327 pravae

473 5339 744 5406 Opinionis
773 5341 946 5396 labem
969 5343 1308 5400 diﬂ‘uderint.
1342 5346 1497 5412 Quod
1528 5349 1575 5403 si
1613 5364 1718 5403 non
1754 5348 2047 5416 perfectam

475 5446 648 5499 meum
680 5433 1078 5502 liberationem,
1103 5448 1153 5490 at
1175 5448 1322 5491 certe
1342 5442 1554 5508 refrigeu
1571 5441 1681 5493 ium
1707 5441 1977 5509 quoddam
1999 5450 2051 5493 et

476 5525 906 5583 consolationem
942 5532 1250 5587 emendatio
1278 5543 1617 5602 posterorum
1653 5534 1759 5586 illis
1780 5533 2048 5598 attulerit,

2158 3247 2264 3298 τῶν
2293 3244 2505 3313 ἀνδρῶν
2560 3246 2783 3299 ἐκείνων
2837 3244 3019 3311 ἔγωγε
3075 3242 3359 3311 πείθομαι.
3398 3243 3473 3295 Οὐ
3505 3240 3612 3309 γὰρ
3665 3240 3731 3293 ἂν

2155 3342 2283 3402 τοὺς
2315 3340 2568 3409 ὀρθότητι
2603 3339 2721 3408 βίου
2753 3339 2859 3390 τῶν
2893 3338 3069 3392 ἄλλων
3103 3336 3483 3403 διενεγκόντας
3507 3334 3600 3387 καὶ
3627 3335 3732 3402 πρὸ

2155 3436 2375 3487 πάντων
2410 3433 2572 3485 αὐτὸν
2596 3433 2993 3500 ἀγαπήσαντας
3026 3428 3172 3494 ἔδοξε
3202 3430 3319 3490 ταῖς
3348 3429 3456 3480 τῶν
3489 3427 3728 3497 γνησίων

2156 3525 2536 3593 ἀμειψάμενος
2566 3525 2797 3593 δωρεαῖς
2848 3523 2943 3575 καὶ
2985 3520 3060 3589 τῷ
3092 3522 3201 3572 τῶν
3239 3518 3527 3589 μακαρίων
3556 3533 3729 3571 καταο

2159 3615 2321 3680 λέξας
2349 3615 2519 3685 χορῷ,
2557 3615 2629 3684 μὴ
2677 3614 2895 3682 πρῶτον
2930 3613 3113 3673 αὐτοῖς
3144 3612 3244 3672 τὰς
3293 3612 3359 3662 ὲκ
3389 3610 3487 3679 τῆς
3524 3608 3730 3677 πλάνης

2153 3706 2514 3774 ὀφειλομένας
2544 3707 2697 3767 δίκας
2744 3708 2923 3774 ἀφεὶς,
2979 3706 3034 3757 αἶ
3085 3703 3342 3771 διηνεκῶς
3376 3704 3502 3762 τοὺς
3554 3700 3724 3752 ἑαλω-

2155 3798 2318 3860 κότας
2355 3798 2452 3864 τῆς
2484 3798 2594 3849 τῶν
2631 3797 2919 3867 μακαρίων
2949 3798 3197 3868 εἴργουσι
3248 3793 3480 3863 λήξεως.
3517 3791 3640 3844 Ὀτι
3669 3790 3727 3842 δὲ

2156 3890 2370 3952 πολλοῖς
2400 3891 2499 3960 τὴν
2530 3890 2844 3960 ἁγιωσύνην
2904 3890 2995 3941 καὶ
3049 3889 3184 3951 ζῶσι
3237 3887 3331 3940 καὶ
3372 3884 3729 3953 τελευτήσασι

2160 3982 2588 4051 μεμαρτύρηκεν
2619 3983 2647 4033 ὁ
2695 3982 2826 4043 Θεὸς
2853 3980 2919 4035 δι’
2950 3973 3025 4033 ὧν
3069 3979 3266 4031 είωθεν
3318 3976 3489 4044 αὐτήν
3528 3990 3731 4044 μαρτυ-

2159 4076 2295 4143 ρεῖν,
2323 4074 2356 4143 ἦ
2388 4091 2443 4124 τε
2475 4074 2583 4125 τῶν
2610 4073 2853 4125 Λατίνων
2898 4071 3200 4138 Ἐκκλησία
3235 4069 3453 4138 τιμῶσα
3509 4065 3731 4124 τούτους

2157 4166 2252 4218 καλ⁸
2287 4164 2518 4216 σέὸουσα
2545 4165 2807 4227 δείκνυσι,
2849 4166 2943 4215 καὶ
2992 4162 3221 4230 Γραικοὶ
3257 4161 3472 4220 πάντως
3506 4157 3571 4209 ἂν
3604 4170 3731 4220 συγ-

2157 4257 2483 4325 χωρησαιεν,
2546 4257 2666 4308 οὐδὲ
2700 4256 2910 4323 πλάνην
2962 4257 3121 4322 φαῖεν
3185 4246 3423 4304 εἶναιτὸ
3472 4248 3729 4317 πρᾶγμα.

2158 4351 2254 4403 καὶ
2290 4350 2465 4417 μάτην
2520 4349 2665 4416 ὑμᾶς
2700 4346 2927 4407 ἐκείνοις
2958 4345 3055 4414 τήν
3082 4345 3182 4410 τῆς
3213 4340 3529 4411 ἁγιωσύνης
3574 4339 3731 4403 δόξαν

2158 4440 2517 4508 προσάπτειν,
2544 4439 2652 4492 τῶν
2687 4439 2764 4500 εἰς
2800 4437 3002 4503 ταύτην
3057 4434 3412 4502 ζητουμένων
3458 4428 3733 4483 οὐδοτιοῦν

1331 4543 1346 4580 :
1411 4543 1535 4583 cum
1617 4524 1849 4599 permoti
1938 4541 2051 4587 tan-

2163 4536 2349 4597 αὐτοῖς
2378 4532 2710 4593 συνειδότας.
2739 4532 2890 4583 Ἵλατ’
2918 4528 3072 4592 ἐλπίς
3106 4530 3223 4580 ἐστι
3247 4527 3341 4578 καὶ⁵
3367 4524 3507 4577 πάνυ
3541 4520 3734 4589 βεϐαία

2160 4623 2325 4694 μηδὲν
2349 4622 2535 4683 αὐτοῖς
2555 4620 2693 4690 πρὸς
2718 4620 2820 4689 τὴν
2854 4618 3130 4686 σωτηρίαν
3151 4616 3251 4684 τὴν
3274 4616 3332 4667 ὲν
3358 4612 3436 4683 τῷ
3467 4610 3735 4682 Συμϐόλῳ

2154 4716 2477 4787 προσθήκην
2508 4710 2895 4782 λυμανεῖσθαι,
2944 4709 3039 4761 ὑπ’
3070 4707 3322 4774 ἀνάγκης
3376 4705 3541 4773 μόνον
3590 4700 3735 4762 τινὸς

2156 4806 2250 4858 καὶ
2271 4803 2449 4871 λόγων
2478 4800 2821 4855 δεικνύντων
2847 4797 3053 4864 ταύτην
3076 4794 3359 4847 ἀκίνδυνον
3392 4790 3731 4862 προαχθεῖσι,

2157 4894 2292 4964 μηδὲ
2314 4894 2422 4945 τῶν
2448 4892 2731 4961 ὑμετέρων
2754 4888 2927 4957 εὐχῶν
2947 4887 3160 4955 δεήσειν
3188 4884 3373 4944 αὐτοῖς
3396 4899 3411 4914 ο
3440 4886 3531 4936 καὶ
3554 4879 3734 4948 πολλῷ

2157 4983 2360 5054 μᾶλλον
2398 4982 2464 5036 ἂν
2516 4982 2591 5052 μὴ
2631 4982 2742 5033 καὶ
2798 4980 2861 5031 τὸ
2897 4979 3167 5055 ύμὲτερον
3198 4978 3382 5037 αὐτοῖς
3430 4972 3732 5043 προστεθῇ,

2155 5075 2294 5129 ἀλλὰ
2324 5073 2427 5143 τὴν
2453 5073 2713 5139 ἀλήθειαν
2739 5071 2893 5139 ὑμῶν
2916 5069 3277 5136 ἐπιγνόντων,
3317 5067 3511 5136 μέχρις
3548 5062 3730 5114 αὐτῶν

2157 5167 2317 5238 μόνον
2357 5166 2415 5217 τὸ
2449 5164 2601 5234 παρὰ
2621 5162 2717 5215 τοῦ
2745 5162 2978 5229 ψεύδους
3028 5160 3225 5230 βλάϐος
3253 5159 3567 5223 ἐκτείνηται
3590 5171 3602 5186 ο
3637 5153 3728 5204 τὸν

2154 5258 2296 5324 ὑπὲρ
2341 5254 2492 5322 σφῶν
2527 5253 2729 5316 αὐτῶν,
2760 5252 2881 5320 οὐχὶ
2912 5250 2969 5303 δὲ
3003 5252 3097 5303 καὶ
3128 5249 3236 5303 τῶν
3290 5248 3576 5315 ὑμετέρων
3630 5242 3736 5310 ψυ-

2158 5348 2272 5416 χῶν
2322 5345 2622 5413 ὁφλήσουσι
2650 5342 2807 5408 λόγον
2837 5358 2849 5370 ·
2882 5340 2942 5392 ὃν
2994 5340 3142 5402 εἰκός
3189 5339 3338 5390 ἐστιν
3384 5337 3567 5398 αὐτοῖς
3601 5336 3736 5399 ἀφε-

2160 5439 2347 5504 θῆναι,
2400 5437 2479 5498 εἰς
2534 5436 2793 5495 ἐλάττους
2850 5433 2948 5502 τὴν
3009 5434 3108 5500 τῆς
3174 5430 3496 5493 κακοδοξίας
3555 5425 3736 5493 λύμην

2162 5528 2415 5599 ἐκχέασιν
2442 5542 2456 5558 ⁶
2492 5527 2606 5579 ἀλλ’
2640 5527 2689 5577 εἰ
2721 5525 2815 5578 καὶ
2859 5524 2933 5593 μὴ
2964 5522 3207 5589 παντελῆ
3236 5524 3336 5590 τῆς
3367 5519 3521 5586 δίκης
3562 5514 3736 5568 άπαλ-
3831 5565 3835 5569 ,

559 5793 634 5862 (ί)
663 5792 784 5850 Ιίςεο
809 5809 856 5851 et
890 5798 1085 5854 similia
1123 5802 1256 5856 dixit
1288 5811 1477 5854 aurtur
1500 5810 1619 5853 ante
1648 5800 1841 5852 lactant
1879 5796 2155 5849 unionem.
2190 5824 2249 5831 -
2286 5792 2397 5849 lmo
2430 5803 2549 5862 post
2577 5790 2795 5844 factum.
