4170 6294
480 308 586 370 iii)

408 556 415 563 .
478 519 652 588 ήτῶν
694 518 934 583 ἐκγόνων
964 518 1098 567 οἴσει
1146 514 1452 583 διόρθωσις,
1490 516 1835 582 φροντίζουσι
1877 516 2046 583 δήπου

475 612 603 679 περὶ
639 608 813 678 ὑμῶν,
847 608 939 659 καὶ
995 607 1136 673 ὑμᾶς
1171 604 1301 673 γοῦν
1326 606 1645 675 εὐχομένοις
1676 606 1781 668 ἔξω
1816 604 1925 656 τῶν
1952 606 2041 656 αύ-

475 706 587 760 τοῖς
635 699 1036 769 ἐπενεχθέντων
1085 698 1328 750 ἑστάναι.

552 794 683 848 Οὔτε
728 796 909 846 τοίνυν
970 792 1218 855 ἐκείνοις,
1274 793 1410 863 ὅπερ
1446 788 1622 856 εἷπον,
1685 792 1806 844 οὔτε
1867 794 2048 864 πολλῷ

459 886 680 954 ,μᾶλλον
719 886 832 945 τοῖς
866 883 1005 952 μετὰ
1057 882 1233 938 ταῦτα
1291 884 1392 953 τὴν
1425 885 1702 953 ὑμετέραν
1757 885 2046 953 διόρθωσιν

478 976 739 1045 αἰσχύνης
780 975 1041 1028 ὑπόθεσιν
1098 975 1459 1044 ποιησόμεθα.
1510 977 1633 1036 Πῶς
1676 976 1785 1045 γάρ
1825 979 2048 1045 αἰσχυν-

476 1070 737 1137 θήσονται
770 1067 838 1119 δι’
871 1067 1041 1137 ἡμᾶς,
1066 1066 1115 1118 οἳ
1162 1065 1281 1132 μεθ’
1315 1066 1471 1135 ὑμῶν
1501 1067 1790 1125 κάκείνους
1824 1069 1923 1136 τῆς
1984 1071 2047 1120 ἐκ

472 1159 568 1213 τοῦ
588 1159 821 1227 ψεύδους
853 1158 1211 1228 αἰσχρότητος
1239 1158 1648 1227 ἀπαλλάξομεν,
1701 1161 1793 1211 καὶ
1831 1156 1913 1221 οἷς
1963 1160 2045 1212 e6-

474 1254 755 1319 γνώμονες
774 1252 923 1313 δντες
952 1252 1221 1304 ἀθάνατον
1248 1251 1345 1320 τῆς
1361 1251 1627 1318 ὠφελείας
1656 1252 1853 1305 εἰδέναι
1887 1254 2048 1323 χάριν

478 1344 873 1414 βουλήσονταις
930 1343 1051 1395 οὐδὲ
1107 1343 1218 1411 γὰρ
1272 1342 1425 1394 αὐτοὶ
1463 1342 1563 1410 μὲν
1596 1345 1918 1414 χαιρήσουσι
1956 1343 2047 1396 τοῦ

475 1435 705 1502 ψεύδους
728 1433 1160 1502 ἀπηλλαγμένοι,
1178 1434 1305 1494 τοὺς
1328 1431 1382 1483 δὲ
1401 1432 1561 1485 τοῦτο
1580 1434 2050 1503 διαπραξαμένους

480 1525 631 1593 σφίσι
665 1524 980 1594 μισήσουσι,
1011 1515 1106 1602 καὶ
1134 1523 1235 1586 τὰς
1278 1525 1389 1576 τῶν
1421 1523 1622 1576 ἀδίκων
1653 1525 1748 1577 καὶ
1797 1524 2052 1592 πονηρῶν

479 1615 865 1686 εἰσπράξονται
890 1616 1067 1677 δίκας.
1103 1616 1207 1667 Καὶ
1244 1615 1351 1683 μὴν
1378 1614 1489 1667 οὐδ’
1515 1614 1734 1667 ὀνειδιεῖ
1760 1631 1842 1677 τις
1867 1615 2053 1676 αὐτοῖς

479 1709 579 1774 τὴν
624 1706 901 1775 ὑμετέραν
935 1707 1025 1758 ἐπὶ
1071 1705 1139 1757 τὰ
1178 1705 1414 1774 κρείττω
1448 1706 1752 1777 μεταϐολὴν
1803 1707 1899 1759 καὶ
1947 1708 2048 1775 τὴν

1638 310 1918 369 ΟΙὶλΤὲΟ
1952 308 2007 367 ΙΙ
2052 309 2150 369 ΑΒ
2184 312 2568 371 SYNODUM.

481 424 654 489 λαγὴν
691 421 968 490 ἀναψυχὴν
996 421 1124 487 γοῦν
1160 438 1280 473 τινα
1332 424 1424 474 καὶ
1463 424 1819 492 παραμυθίαν
1857 426 2040 487 αὐτοῖς

2159 429 2404 483 sollicitis
2442 428 2598 497 plane
2639 428 2703 479 de
2738 427 2913 489 vobis,
2957 437 3008 481 et
3044 427 3349 494 orantibus,

3631 316 3735 383 450
3770 272 3781 277 κγ

3426 437 3484 483 ιιι
3536 430 3726 485 saltem

2162 532 2256 569 vos
2285 532 2470 585 pinnas
2502 517 2605 572 sibi
2649 518 2915 587 irrogatas
2955 517 3244 586 ell'ugiatis.

2230 784 2414 855 Neque
2435 786 2596 855 igitur
2615 788 2741 842 illis.
2768 797 2826 841 ut
2870 788 3002 854 dixi,
3028 803 3129 841 nec
3163 789 3334 842 multo
3360 789 3529 858 magis
3550 799 3731 858 poste-

2157 880 2233 933 ris
2257 887 2490 933 vestram
2519 878 2949 933 emendationem
2995 880 3255 935 ducemus
3278 879 3585 949 ignominis:
3618 896 3730 932 ma.

2156 970 2373 1025 teriam.
2418 970 2590 1037 Quam
2622 971 2764 1025 enim
2810 971 3080 1037 accipiant
3111 981 3329 1042 propter
3370 986 3471 1024 nos
3496 973 3728 1041 ignomi-

2158 1064 2326 1128 niam,
2353 1064 2446 1131 qui
2467 1079 2569 1116 una
2600 1064 2881 1118 vobiscum
2914 1064 3080 1118 illosa
3101 1062 3364 1117 mendacii
3396 1062 3731 1132 turpitudine

2158 1152 2779 1220 liberabimus?quibus,
2799 1154 2843 1207 si
2876 1154 3011 1222 grati
3042 1167 3164 1208 esse
3190 1153 3375 1215 velint,
3394 1152 3731 1205 immortales

2159 1243 2387 1298 libenter
2414 1243 2689 1296 habebunt
2714 1243 2916 1314 gratias
2946 1243 3017 1297 ob
3047 1254 3333 1312 acceptum
3370 1241 3730 1297 beneficium?

2157 1350 2333 1403 neque
2358 1336 2501 1388 enim
2532 1350 2590 1389 se
2620 1334 2833 1402 quidem
2859 1334 3113 1387 liberatos
3149 1349 3178 1388 a
3220 1333 3502 1389 mendacio
3525 1332 3729 1404 gaude-

2158 1427 2315 1487 bunt,
2348 1435 2598 1479 auctores
2649 1441 2779 1479 vero
2831 1424 3077 1502 benedcii
3138 1425 3266 1480 odio
3324 1426 3620 1489 habebunt,
3674 1434 3730 1477 et

2160 1519 2474 1586 iniquorum
2496 1531 2897 1584 pravorumque
2914 1518 3196 1571 hominum
3218 1532 3431 1586 pmnam
3447 1517 3729 1571 subibunt.

2157 1608 2266 1663 Nec
2300 1609 2402 1663 erit
2429 1610 2520 1677 qui
2556 1607 2661 1662 illis
2683 1609 2973 1676 exprobret
3004 1618 3239 1663 vestram
3273 1610 3327 1665 in
3353 1610 3578 1664 meliora
3613 1625 3733 1663 mu-

2162 1702 2440 1761 tationem,
2474 1699 2828 1769 veritatisque
2874 1700 3225 1769 agnitionem,
3270 1701 3370 1754 nisi
3402 1702 3575 1771 quiet
3609 1702 3733 1755 illos

480 1800 576 1868 τῆς
606 1798 868 1868 ἀληθείας
926 1799 1246 1865 ἐπίγνωσιν,
1294 1797 1399 1859 ἕως
1439 1796 1506 1849 ἂν
1563 1797 1687 1865 μηδ’
1738 1798 1936 1861 αὐτοὺς
1973 1798 2048 1860 ὡς

2159 1792 2454 1846 insectetur
2505 1794 2660 1861 quasi
2703 1793 2875 1846 errori
2926 1792 3195 1856 addictos,
3244 1793 3527 1862 improbus
3574 1795 3730 1862 quis-

484 1882 872 1957 πλανωμένους
913 1888 1111 1959 ἐλαύνῃ
1145 1888 1176 1956 ἢ
1230 1890 1467 1956 πονηρός
1493 1904 1573 1949 τις
1603 1889 1634 1956 ἢ
1673 1888 1764 1939 καὶ
1799 1882 2049 1956 ἀνόητος,

480 1983 547 2033 τὰ
583 1983 861 2048 στεφάνων
894 1982 1018 2045 ἄξια
1045 1980 1248 2049 ψέγων,
1285 1982 1378 2032 καὶ
1411 1980 1536 2033 νοῦν
1575 1980 1720 2050 ἔχειν
1751 1982 1879 2042 τοὺς
1912 1982 2050 2049 μετὰ

481 2072 578 2139 τῆς
612 2070 871 2140 ἀληθείας
925 2073 1018 2124 καὶ
1057 2073 1156 2140 τὴν
1198 2071 1350 2139 σφῶν
1383 2072 1661 2140 σωτηρίαν
1692 2072 2053 2140 προϊεμένους

484 2165 807 2226 ἀλαζονείας
850 2165 1011 2233 χάριν
1044 2164 1290 2232 οἰόμενος
1313 2180 1325 2193 ⁸
1366 2163 1501 2215 πολὺ
1535 2162 1593 2214 δὲ
1623 2163 1820 2231 μᾶλλον
1856 2152 2054 2226 αὐτοὺς

483 2255 590 2304 τῶν
634 2253 917 2323 ὑμετέρων
968 2254 1398 2324 κληρονομήσειν
1458 2251 1752 2319 ἐγκωμίων
1786 2252 2052 2327 ἡγοῦμαι,

485 2348 575 2397 καὶ
606 2348 717 2408 τοῖς
746 2346 1039 2414 ὑμετέροις
1065 2346 1504 2413 ὲγκαυιήσεσθαι
1535 2346 1739 2407 πόνοις,
1784 2344 1878 2404 οὓς
1912 2342 2052 2412 ὑπὲρ

485 2444 579 2510 τῆς
603 2441 858 2509 ἀληθείας
879 2441 1201 2509 ὑφίστασθε.
1228 2441 1403 2502 "Oho;
1432 2440 1487 2493 δὲ
1520 2440 1578 2492 τὸ
1613 2439 1711 2510 μὲν
1733 2439 1832 2508 τήν
1863 2439 2056 2507 αἰσχύ⁸

485 2550 580 2601 νην
607 2535 716 2593 τοῖς
778 2533 1074 2601 μετέπειτα
1110 2530 1509 2601 παραπέμψειν
1550 2531 1694 2599 ὑμᾶς
1744 2531 1864 2582 οὐδὲ
1896 2531 2054 2595 λόγον

486 2627 630 2694 ἔχειν
671 2622 932 2694 ἠγοῦμαι,
991 2623 1117 2686 τούς
1152 2641 1216 2690 γε
1252 2625 1325 2692 μὴ
1378 2623 1594 2692 πρῶτον
1638 2623 1837 2684 αὐτοὺς
1875 2622 2054 2685 ἀξίους

484 2720 643 2781 δίτας
675 2716 1029 2787 αἰσχύνεσθαι
1057 2733 1070 2745 ’
1108 2715 1232 2768 οὔτε
1276 2716 1331 2767 δὲ
1362 2716 1423 2767 τὸ
1464 2715 1759 2786 μανθάνειν
1802 2715 2053 2782 αἰσχρὸν,

485 2811 580 2864 καὶ
606 2812 707 2879 τῆς
734 2810 990 2880 ἀληθείας
1024 2812 1058 2879 ἡ
1110 2810 1301 2879 κτῆσις
1338 2808 1818 2877 εὐπρεπεστέρους
1855 2808 2056 2874 μᾶλλον

484 2903 773 2956 ἀποτελεῖν
825 2903 920 2955 καὶ
972 2902 1283 2971 λάμποντας
1328 2899 1540 2955 εἴωθεν.
1598 2899 1674 2951 Ού
1709 2897 1815 2968 μὴν
1849 2897 1962 2949 ἀλλ’
2007 2900 2056 2949 εί

485 2994 580 3047 καὶ
610 2996 721 3057 τοῖς
751 2993 833 3063 ἐφ’
871 2993 1164 3061 ἑκατέρους
1206 2991 1315 3044 τῶν
1361 2995 1568 3060 χρόνων
1602 2975 1905 3060 ἐμέλλομεν
1936 2990 2057 3042 ἀδο-

489 3088 605 3151 ξίαν
632 3092 751 3141 τινὰ
786 3088 879 3140 καὶ
908 3088 1108 3155 ὀνείδη,
1136 3085 1199 3139 ἐκ
1225 3103 1290 3154 γε
1319 3084 1414 3138 τοῦ
1437 3086 1641 3151 γνῶναι
1670 3084 1770 3154 τὴν
1796 3082 2056 3153 ἀλήθειαν

2154 1884 2297 1952 piam
2328 1891 2421 1936 aut
2448 1895 2627 1936 mente
2662 1884 2878 1952 captus,
2907 1883 3036 1937 dum
3066 1900 3186 1953 qua:
3232 1895 3358 1938 sunt
3384 1886 3601 1939 coronis
3645 1887 3733 1938 ili-

2154 1992 2257 2045 gna
2289 1976 2652 2043 reprehendit,
2689 1987 2744 2029 et
2786 1978 2980 2031 mentis
3014 1991 3135 2031 esse
3161 1986 3441 2044 compotes
3477 1957 3602 2045 puta
3636 1993 3731 2030 eos

2156 2069 2247 2136 qui
2290 2068 2542 2136 superbia
2574 2067 2699 2122 elati
2730 2069 3001 2136 propriam
3022 2068 3283 2122 ‘salntem
3335 2083 3457 2120 cum
3501 2067 3729 2121 veritate

2156 2138 2454 2228 projiciuTtt
2485 2179 2496 2212 :
2532 2160 2702 2213 multo
2754 2174 2882 2213 vero
2930 2162 3102 2229 magis
3151 2159 3392 2212 arbitror
3446 2159 3569 2213 illos
3618 2157 3733 2212 fore

2158 2261 2457 2306 vestrorum
2495 2251 2734 2305 breredes
2765 2251 3163 2314 encomiorum,
3199 2262 3253 2305 et
3283 2252 3588 2321 jactaturos
3617 2268 3736 2305 sese

2158 2343 2226 2398 de
2248 2344 2441 2396 vestris
2474 2343 2773 2405 laboribus,
2821 2356 2958 2411 quos
3001 2342 3278 2411 suscipitis
3336 2357 3435 2411 pro
3484 2344 3731 2396 veritate.

2158 2436 2394 2489 Omnino
2450 2445 2629 2489 autem
2675 2437 2742 2490 de
2793 2435 3091 2505 ignominia
3152 2435 3202 2487 in
3234 2445 3480 2504 posteros
3514 2450 3542 2489 a
3577 2437 3733 2488 vobis

2159 2530 2591 2584 translundenda
2638 2546 2737 2583 nee
2772 2530 3069 2583 curandum
3101 2529 3358 2593 arbitror,
3399 2529 3527 2581 dum
3572 2529 3731 2596 prini

2161 2637 2258 2676 vos
2304 2622 2401 2689 ipsi
2430 2622 2577 2691 digni
2632 2638 2743 2674 non
2785 2622 2925 2686 sitis,
2983 2622 3071 2689 qui
3111 2619 3304 2674 merito
3352 2621 3729 2683 ernbeseatis;

2161 2730 2283 2768 nam
2314 2725 2365 2767 et
2394 2716 2573 2767 dicere
2614 2722 2768 2781 turpe
2810 2729 2913 2765 non
2949 2724 3049 2773 est,
3082 2720 3135 2765 et
3177 2713 3380 2765 veritas
3425 2712 3732 2764 ornatior-es

2161 2808 2339 2873 potius
2363 2806 2583 2858 reddere
2606 2806 2742 2858 solet
2764 2815 2925 2872 atque
2948 2804 3184 2858 illustres
3202 2819 3315 2865 eos,
3345 2819 3372 2856 a
3402 2804 3597 2871 quibus
3622 2804 3733 2871 ipsa

2159 2900 2490 2971 possidetur.
2522 2898 2673 2963 Quod
2706 2897 2749 2951 si
2778 2898 2939 2951 etiam
2974 2896 3216 2949 futurum
3244 2905 3406 2959 esset,
3440 2907 3498 2949 ut
3535 2898 3731 2964 probra

2159 3003 2211 3046 et
2244 2992 2481 3046 dedecus
2511 2994 2794 3057 utriusque
2818 2992 3080 3054 temporis
3109 2988 3423 3042 hominibus
3454 2986 3731 3057 imprime-

2160 3099 2363 3146 remus,
2427 3098 2492 3137 eo
2548 3081 2696 3152 quod
2756 3082 2859 3149 ipsi
2912 3079 3193 3134 veritatem
3261 3094 3725 3148 agnosceremus;

486 3180 641 3232 αὐτοὶ
662 3180 969 3249 προξενεῖν,
1001 3179 1127 3249 μήτ’
1156 3178 1386 3239 ἐκείνοις
1420 3175 1587 3229 αἴτιοι
1639 3176 1932 3244 γεγονότες
1960 3174 2053 3227 τοῦ

2162 3190 2284 3229 cum
2306 3188 2405 3229 nec
2430 3173 2538 3229 illis
2569 3173 2830 3228 credendi
2865 3172 3134 3233 mendacii
3159 3180 3410 3226 auctores
3443 3170 3732 3232 fuerimus,

483 3271 740 3340 ψεύδους,
797 3271 891 3323 καὶ
948 3268 1157 3331 τούτοις
1205 3267 1494 3336 δυνάμενοι
1552 3266 1653 3335 τῆς
1701 3264 2059 3333 ὑγιαινούσης

486 3364 646 3432 δόξης
676 3358 818 3415 εἶναι
878 3361 1210 3430 καθηγηταί,
1265 3360 1364 3411 οὐκ
1413 3359 1582 3428 ἐχρῆν
1613 3357 1764 3427 ἡμᾶς
1814 3356 1914 3423 τῆς
1947 3355 2056 3409 τῶν

486 3457 661 3511 ἄλλων
686 3455 1051 3526 προνοοῦντας
1078 3452 1268 3524 τιμῆς,
1299 3451 1397 3521 τῆς
1420 3451 1627 3511 οίκείας
1661 3449 1939 3519 ὑπερορᾷν
1963 3447 2059 3500 καὶ

485 3551 587 3618 τὴν
617 3552 681 3613 ἐκ
712 3551 814 3620 τῆς
861 3548 1121 3618 ἀληθείας
1163 3546 1321 3610 δόξαν
1379 3543 1686 3614 προΐεσθαι.
1734 3540 1799 3596 Εί
1830 3541 1887 3595 δὲ
1935 3538 2057 3595 καθ’

488 3641 647 3714 ἡμῶν
671 3642 849 3695 αὐτῶν
876 3640 1099 3711 ᾔδειμεν
1147 3639 1295 3693 ἅπαν
1332 3637 1595 3708 μέμψεως
1652 3634 2056 3706 ἐφεθησόμενον

490 3734 661 3797 Βέλος,
693 3733 860 3801 ὁμόσε
891 3732 1058 3786 πᾶσιν
1091 3729 1197 3783 ἔδει
1219 3731 1441 3800 χωρεῖν,
1471 3728 1623 3781 οὐδὲν
1655 3726 1751 3778 τοῦ
1781 3724 1924 3794 μετὰ
1957 3725 2058 3794 τῆς

487 3823 745 3895 ἀληθείας
778 3820 1139 3891 ἁτιμάζεσθαί
1160 3836 1217 3872 τε
1246 3823 1341 3875 καὶ
1367 3819 1649 3889 θνήσκειν,
1676 3818 1724 3869 εί
1750 3805 2058 3885 agonem-

488 3918 682 3981 ζοντας
729 3914 1093 3985 αἱρετώτερον
1124 3929 1140 3946 ⁸
1175 3914 1268 3966 και
1300 3909 1692 3980 λογιζομένους
1723 3910 1823 3977 μὲν
1860 3907 1961 3976 τὴν
1996 3907 2053 3959 ἐν

486 4010 737 4079 οὐρανοῖς
767 4006 1084 4079 παρρησίαν
1112 4006 1205 4060 καὶ
1245 4004 1424 4071 δόξαν,
1478 4004 1545 4073 ἥν
1571 4001 1734 4054 ἕνεκα
1756 4001 1865 4053 τῶν
1916 3999 2058 4069 ὑπὲρ

486 4108 586 4173 τῆς
627 4101 883 4172 ἀληθείας
928 4100 1190 4169 καμάτων
1242 4096 1604 4166 ὀφειλομένην
1652 4095 1784 4163 ἡμῖν
1838 4093 1894 4147 αί
1947 4091 2057 4144 τῶν

488 4186 793 4265 ἀνθρώπων
818 4193 1054 4262 μέμψεις
1082 4190 1310 4261 ἔμελλον
1354 4187 1538 4252 αὔξειν
1560 4203 1575 4217 ·
1619 4184 2056 4253 ἐνθυμουμένους

487 4289 544 4340 δὲ
576 4282 829 4352 toﬁna);
862 4286 1022 4354 ἡμεῖς
1053 4283 1153 4353 βίῳ
1176 4284 1272 4336 καὶ
1305 4282 1483 4334 πίστει
1515 4278 1901 4348 διορθωθέντες
1951 4293 2058 4328 σω-

490 4379 714 4449 ζώμεθα
743 4395 802 4431 τε
830 4379 922 4430 καὶ
962 4373 1336 4443 δοξαζώμεθα,
1373 4374 1481 4424 πᾶν
1535 4369 1751 4435 ἀδοξίας
1788 4365 1925 4430 εἶδος
1970 4367 2055 4433 ἐφ’

2159 3275 2212 3319 et
2238 3266 2322 3319 his
2348 3265 2624 3333 possimus
2652 3280 2795 3320 sana:
2848 3266 3126 3334 opinionis
3152 3279 3272 3320 esse
3302 3264 3548 3334 magistri
3578 3281 3592 3329 ;
3618 3278 3727 3317 non

2159 3365 2435 3426 oporteret
2464 3371 2562 3411 nos
2585 3355 2813 3411 aliorum
2843 3356 3037 3411 honori
3067 3354 3418 3411 consulentes
3478 3366 3730 3410 nostrum

2158 3457 2525 3513 contemnere,
2546 3458 2601 3503 et
2628 3446 2910 3517 aspernari
2938 3448 3164 3517 gloriam
3199 3463 3263 3502 ex
3288 3447 3518 3502 veritate
3539 3460 3734 3515 prove-
3818 3494 3828 3500 .

2161 3541 2420 3602 nicntem.
2448 3539 2513 3594 Et
2537 3538 2581 3594 si
2598 3549 2791 3594 contra
2817 3552 2917 3593 nos
2942 3539 3089 3608 ipsos
3109 3553 3269 3593 omne
3287 3538 3735 3607 reprehensionis

2162 3636 2326 3689 telum
2372 3632 2638 3687 sciremus
2690 3630 3091 3703 conjiciendum
3125 3670 3139 3693 ,
3176 3631 3429 3685 eundum
3481 3632 3731 3687 cominus

2158 3735 2304 3780 esset
2337 3724 2405 3779 ad
2432 3722 2755 3793 excipienda
2786 3721 2995 3786 omnia,
3040 3722 3176 3776 nihil
3214 3721 3506 3792 optabilius
3547 3723 3732 3777 existi-

2160 3816 2454 3880 mantibus,
2492 3829 2655 3886 quam
2700 3814 2809 3884 pati
2836 3813 3203 3869 contumelias
3234 3827 3359 3867 cum
3395 3815 3645 3878 veritate,
3677 3824 3735 3867 et

2160 3910 2206 3967 si
2235 3924 2372 3980 Opus
2407 3909 2499 3975 sit,
2532 3907 2704 3979 emori
2737 3925 2751 3974 ;
2792 3921 2855 3961 ac
2885 3921 2993 3976 prae
3026 3906 3200 3961 oculis
3230 3905 3448 3975 quidem
3483 3907 3733 3962 habenti-

2162 4003 2260 4057 bus
2295 3984 2708 4071 amplitudinem
2753 4008 2807 4055 et
2835 3998 3061 4070 gloriam
3095 4000 3395 4063 cmiestem,
3426 4016 3587 4070 quam
3633 4018 3734 4056 no-

2160 4094 2243 4149 bis
2267 4093 2334 4149 ob
2364 4094 2579 4148 labores
2630 4107 2730 4163 pro
2764 4092 2993 4147 veritate
3049 4092 3288 4147 debitam
3353 4093 3731 4148 obtocutiones

2162 4190 2441 4244 hominum
2502 4187 2882 4252 cumularent;
2937 4185 3080 4239 illam
3114 4194 3293 4239 autem
3345 4184 3728 4254 cogitationem

2161 4281 2517 4345 volventibus,
2538 4296 2646 4349 quo
2681 4289 2838 4349 pacto
2881 4295 2977 4349 per
3002 4281 3122 4334 vita:
3148 4294 3211 4333 ac
3241 4279 3364 4335 ﬁdei
3395 4278 3735 4334 emendatio-

2162 4391 2283 4430 nem
2312 4386 2712 4441 consequamur
2741 4373 2969 4426 salutem
3022 4381 3075 4424 et
3101 4371 3354 4440 gloriam,
3407 4371 3648 4424 admisso
3676 4371 3729 4422 in

491 4472 716 4533 ἑαυτοὺς
743 4471 1182 4538 προσηκάμενοι.
1220 4467 1398 4527 Ὀλως
1429 4464 1486 4516 δέ
1510 4465 1607 4532 οὐχ
1640 4462 1750 4528 ὁρῶ
1772 4462 1899 4517 τοὺς
1929 4459 2053 4527 ὑμῖν

2168 4482 2264 4521 nos
2300 4467 2445 4533 ipsos
2468 4463 2615 4515 omni
2644 4462 2987 4515 contunielias
3019 4476 3232 4529 genere.
3264 4458 3497 4514 Omnino
3550 4470 3729 4513 autem

490 4563 847 4623 δνειδιοῦντας
871 4561 1065 4621 οἵτινες
1092 4558 1323 4621 ἔσονται,
1352 4557 1445 4607 καὶ
1475 4550 1549 4608 ὧν
1580 4551 1814 4604 αἰδεῖσθε
1849 4551 2056 4619 σφόδρα

492 4659 585 4719 τὰς
622 4654 878 4726 μέμψεις.
914 4654 1049 4713 Τοὺς
1084 4652 1183 4721 μὲν
1218 4653 1327 4719 γὰρ
1363 4648 1481 4717 μεθ’
1522 4647 1666 4714 ὑμᾶς
1694 4646 1788 4697 καὶ
1813 4646 2058 4713 φρίττειν

489 4748 586 4809 τὰς
624 4746 895 4817 ὑμετέρας
929 4742 1143 4812 ψήφους
1180 4740 1415 4809 ἀνάγκη,
1450 4740 1558 4807 τὴν-
1605 4737 1763 4799 ἀξίαν
1793 4733 2058 4786 εύλαὸου-

498 4843 719 4911 μένους,
748 4840 814 4909 ἦν
845 4840 957 4898 τοῖς
990 4851 1047 4887 τε
1080 4835 1258 4895 ἄλλοις
1316 4834 1406 4884 καὶ
1449 4832 1524 4900 τῷ
1556 4832 1651 4898 τῆς
1686 4816 1947 4897 ἀληθείας
1984 4826 2058 4887 ὡς

492 4935 594 4986 ἔδει
629 4929 1050 5001 πεφροντικέναι
1083 4926 1453 4992 περικείμενοι
1483 4924 1704 4987 δείξετε,
1764 4920 1858 4971 καὶ
1910 4918 2061 4986 τηλι-

492 5027 668 5097 καύτῃ
718 5023 925 5089 συνόδῳ
976 5020 1247 5089 προπετὲς
1283 5017 1619 5086 ἡγουμένους
1656 5016 1751 5065 καὶ
1810 5011 2057 5062 κινδύνου

492 5121 662 5187 γέμον
690 5114 1131 5186 διακυρίττεσθαι
1160 5130 1170 5141 ·
1208 5110 1544 5179 ἐμμένοντας
1570 5108 1625 5159 δέ
1651 5108 1760 5166 τοῖς
1793 5104 1882 5170 ὑφ’
1907 5105 2058 5173 ὑμῶν

492 5200 876 5277 ἐγνωσμένοις,
909 5203 1005 5257 καὶ
1042 5203 1206 5272 τιμᾷν
1230 5200 1377 5258 εἰκὸς
1408 5195 1584 5248 ταῦτα
1611 5196 1706 5246 καὶ
1727 5193 1821 5245 τοῦ
1850 5193 2059 5255 παντὸς

491 5300 617 5365 ἄξια
650 5299 878 5369 κρίνειν,
914 5298 1007 5348 καὶ
1053 5297 1211 5365 χάριν
1247 5292 1378 5356 ὑμῖν
1408 5288 1549 5356 ὑπὲρ
1608 5286 1816 5339 τούτων
1865 5286 2058 5353 ὁμολοο

491 5398 629 5461 γεῖν,
664 5394 759 5445 καὶ
784 5394 900 5453 ταῖς
931 5391 1039 5443 τῶν
1072 5386 1359 5457 μακαρίων
1385 5383 1530 5451 ὑμᾶς
1562 5379 1822 5446 ἀγάλλειν
1848 5382 2056 5447 τιμαῖς,

492 5483 567 5538 ὢν
604 5485 815 5548 ἀξιοῦσι
852 5483 977 5544 τοὺς
1009 5484 1120 5541 τοῖς
1151 5479 1357 5548 ὁμοίοις
1399 5479 1610 5543 ἀγῶσιν
1663 5472 2058 5540 ἐνδιαπρέψαν-

493 5593 610 5636 τας.
649 5576 711 5628 Ei
738 5576 793 5626 δέ
825 5591 971 5634 τινες
1004 5570 1287 5643 παρρησίᾳ
1314 5569 1485 5621 ταῦτα
1510 5565 1797 5635 τιμῶντες,
1826 5564 1953 5631 ὑμῖν
1984 5561 2057 5621 ὡς

407 5652 420 5664 ’
490 5670 588 5735 τῆς
628 5668 688 5717 ἐκ
724 5665 819 5717 τοῦ
856 5664 1111 5716 νικᾶσθαι
1148 5661 1627 5728 καταφρονήσασιν
1654 5656 1877 5724 ἀτιμίας
1915 5654 2054 5720 μέμ-

503 5758 698 5828 φεσθαι
742 5759 1034 5828 βούλοιντο,
1068 5754 1182 5805 ἀλλ’
1227 5754 1353 5820 ύμῖν
1383 5753 1414 5821 ἡ
1450 5751 1595 5818 παρὰ
1635 5750 1739 5800 τῶν
1768 5748 1940 5815 ἔργω-λ
1972 5746 2055 5796 δά·-

2165 4576 2270 4614 ηοη
2315 4557 2467 4610 vidco
2500 4553 2717 4622 quinam
2745 4562 2903 4606 erunt
2937 4566 2967 4605 a
3001 4552 3198 4619 quibus
3226 4550 3421 4619 probra
3454 4550 3603 4602 vobis
3633 4549 3731 4600 ob-

2157 4651 2441 4721 jiciantur,
2477 4653 2530 4698 et
2557 4659 2790 4713 quorum
2826 4642 3199 4711 querimonias
3223 4640 3379 4694 valde
3410 4640 3731 4692 revereami-

2166 4743 2241 4794 ni.
2275 4738 2408 4792 Nam
2451 4732 2655 4805 postc‘ri
2705 4733 3126 4804 perhorrescant
3180 4730 3343 4784 etiam
3393 4742 3614 4781 necesse
3650 4737 3729 4779 cst

2162 4846 2372 4889 vestras
2388 4830 2701 4889 sententias,
2718 4825 2862 4881 ducti
2882 4831 2988 4877 vest
3000 4838 3069 4877 ne
3082 4820 3354 4899 dignitatis
3370 4818 3727 4879 observantia,

2167 4940 2328 4995 quam
2351 4938 2461 4991 pra:
2493 4921 2641 4973 vobis
2669 4917 2875 4977 feretis,
2903 4923 3014 4969 tum
3037 4928 3130 4980 per
3163 4900 3428 4975 alia,'tum
3457 4906 3500 4960 si
3529 4906 3723 4957 seriam

2165 5032 2351 5071 curam
2375 5014 2437 5067 ad
2463 5014 2742 5066 veritatem
2769 5006 3113 5063 contuleritis
3135 5024 3147 5058 :
3172 4999 3491 5057 temeritatis
3509 4998 3650 5050 enim
3674 5013 3731 5049 se

2165 5109 2433 5179 putabunt
2471 5114 2675 5157 tantum
2701 5101 2967 5171 synodum
3012 5112 3179 5152 cornu
3208 5106 3414 5165 petere,
3460 5091 3569 5144 imo
3602 5104 3730 5141 vero

2166 5202 2555 5269 amplectentur
2581 5194 2754 5249 vestra
2791 5192 3031 5253 decreta,
3071 5189 3396 5243 honorantes
3424 5200 3505 5249 ca,
3538 5191 3588 5235 et
3609 5182 3731 5247 plu-

2165 5292 2284 5345 rimi
2316 5290 2572 5342 l'acientes
2595 5327 2609 5349 ,
2632 5284 2887 5352 vobisque
2918 5290 3200 5351 propterea
3237 5277 3438 5347 gratias
3478 5280 3655 5341 agent.
3679 5282 3733 5322 et

2167 5378 2465 5432 honoribus
2495 5388 2629 5442 quos
2662 5372 2899 5425 tribuere
2920 5372 3093 5425 SOIcttl
3130 5368 3321 5427 beatis,
3355 5362 3447 5433 qui
3480 5362 3730 5428 splendo-

2166 5488 2222 5524 re
2266 5467 2634 5523 consimilium
2686 5466 3040 5519 certaminum
3090 5461 3382 5517 emicuerc,
3436 5451 3729 5505 ornabit!!!-

2165 5562 2317 5627 Quod
2345 5561 2386 5613 si
2418 5559 2507 5625 qui
2537 5556 2756 5613 ruerint.
2790 5557 2880 5624 qui
2922 5570 2980 5607 ea
3002 5552 3217 5620 quidem
3254 5555 3438 5614 aperte
3478 5540 3723 5607 probent,

2166 5668 2259 5707 vos
2295 5660 2473 5704 autem
2506 5648 2900 5716 reprehendere
2948 5644 3138 5705 velint,
3170 5638 3310 5707 quod
3350 5635 3477 5688 victi
3513 5634 3580 5685 ab
3606 5632 3728 5684 aliis

2165 5747 2396 5799 dedecus
2417 5745 2516 5797 hoc
2535 5740 2878 5808 susceperitis
2915 5756 2927 5792 :
2957 5746 3009 5789 at
3029 5735 3181 5789 vobis
3205 5740 3349 5786 certe
3380 5727 3515 5781 satis
3536 5726 3640 5779 erit
3661 5738 3729 5777 ex
