4170 6294
481 336 586 398 455

1557 334 1935 396 GENNADII
1978 336 2084 395 CP.
2126 332 2631 396 PATRlAllClle

3625 325 3735 390 456

482 463 580 502 nec
605 451 675 502 ita
704 464 887 518 pacem
910 464 1258 518 componere,
1282 450 1741 517 quemadmodum
1767 450 1868 518 ipsi
1894 451 2065 503 liben-

2174 468 2269 519 ρον
2300 450 2751 518 συμμετέχοντας
2784 447 2857 516 μὴ
2882 448 2973 497 καὶ
3004 446 3109 496 τῶν
3137 445 3443 513 ἁμεινὸνων
3475 444 3751 497 ποιεῖσθαι

482 549 564 593 ter
594 542 935 594 annuerint?
961 542 1038 595 Ad
1066 543 1177 597 hate
1204 557 1336 610 ergo
1360 543 1487 610 quid
1521 543 1638 612 ipse
1671 542 2057 611 respondeam,

480 634 678 699 quidve
708 636 887 702 potius
910 623 1122 688 consilii
1154 637 1306 688 vobis
1339 638 1455 688 dem
1487 643 1711 702 propter
1742 633 2059 703 hujusmodi

480 726 742 791 rationes,
767 726 1039 780 volentem
1075 728 1257 781 dicere
1294 736 1501 780 attente
1534 727 1797 781 audietis.
1821 727 1924 791 Qui
1950 727 2061 779 sint

481 818 639 885 longe
674 816 878 878 dissiti,
922 818 1116 884 quisve
1154 832 1342 880 secus,
1375 816 1566 870 Patres
1600 817 1919 884 :equissimi,
1953 829 2060 867 non

480 917 643 963 terra:
689 910 1267 979 spatiisjndicandum
1302 920 1407 974 est,
1442 911 1537 964 sed
1573 926 1784 963 morum
1833 909 2059 964 institu-

478 1015 771 1067 torumque
818 1002 1205 1065 similitudine,
1239 1012 1333 1056 aut
1378 1013 1568 1057 contra
1603 1020 1616 1059 :
1655 1018 1753 1057 nec
1790 1017 1899 1057 non
1957 1003 2062 1056 lin-

478 1108 616 1158 guae,
649 1094 694 1147 si
718 1094 832 1147 ﬁeri
860 1094 1053 1161 possit,
1086 1104 1139 1147 et
1168 1094 1311 1160 quod
1344 1094 1589 1147 omnium
1614 1104 1699 1149 est
1731 1094 2055 1152 maximum.

478 1186 857 1241 benevolentia
908 1194 963 1239 et
1008 1185 1291 1247 societate,
1356 1193 1661 1255 mutuaque
1707 1199 1869 1255 opera
1923 1201 2061 1253 pra:-

478 1275 678 1336 henda,
711 1288 833 1328 cum
876 1289 1016 1343 opus
1066 1284 1171 1329 est.
1209 1273 1357 1329 lianc
1406 1275 1571 1344 igitur
1597 1291 1697 1330 vos
1747 1276 2062 1331 adhibendo

478 1368 742 1436 rrgulatn,
766 1370 1109 1423 contrarium
1139 1370 1364 1423 omnino
1389 1390 1450 1427 ac
1482 1370 1559 1423 illi
1591 1370 1781 1422 volunt
1804 1370 1869 1423 de
1896 1370 2061 1425 rebus

475 1461 773 1531 propositis
806 1464 1038 1532 capietis
1086 1464 1404 1519 consilium.
1442 1464 1576 1531 Quis
1626 1467 1774 1519 enim
1820 1466 2059 1533 ignorat,

476 1556 781 1610 notissimis
818 1555 1141 1609 Latinorum
1196 1558 1519 1613 nationibus
1563 1574 1688 1611 cum
1725 1558 1952 1621 Graecis,
2003 1567 2062 1609 ut

479 1649 716 1715 primum
749 1650 818 1702 de
872 1648 954 1702 his
1006 1664 1189 1703 sermo
1238 1650 1351 1713 ﬁat,
1384 1665 1577 1703 eorum
1608 1649 1765 1717 plane
1809 1648 2056 1702 omnium

478 1752 600 1802 quae
644 1738 779 1792 dixi.
821 1738 1277 1808 perfectissimam
1323 1741 1662 1795 intercedere
1694 1740 2061 1794 aliinitatem?

2168 542 2456 610 βούλεσθαι
2499 540 2831 603 κοινωνούςς
2892 538 3016 607 μηδ’
3048 538 3121 600 ὡς
3165 537 3230 590 ἂν
3284 536 3439 590 αὐτοὶ
3476 536 3753 588 συνθοῖντο

2166 636 2258 686 καὶ
2292 630 2709 696 κατανεύσειαν,
2748 630 2890 682 οὕτω
2918 631 3017 699 τὴν
3060 630 3287 699 εἰρήνην
3322 627 3587 697 πράττειν
3633 622 3754 678 ἑπι-

2166 728 2410 795 χειρεῖνς
2457 724 2552 788 Τίς
2590 720 2683 777 οὖν
2716 724 2868 775 ἔσται
2918 726 3010 776 καὶ
3041 723 3177 790 προς
3206 721 3429 782 τούτους
3457 720 3749 786 ἀπολογία,

2168 820 2370 886 μᾶλλον
2391 819 2445 870 δὲ
2478 820 2530 871 τί
2568 834 2699 871 ποτε
2728 819 2821 869 καὶ
2849 819 2978 883 περὶ
3014 818 3246 867 τουτωὴ
3276 814 3386 866 τῶν
3414 814 3595 881 λόγων
3640 814 3752 881 ἔχω

2166 910 2566 978 συμόουλεύειν
2602 911 2735 978 ὑμῖν
2772 908 3085 979 προσέχοιτ’
3115 907 3183 960 ἂν
3225 908 3328 977 ήδη
3395 906 3576 973 λέγειν
3632 904 3749 958 ἑθέ-

2164 1004 2329 1058 λοντι.
2384 1005 2527 1066 Τοὺς
2569 1003 2765 1074 πόῤῥω
2822 1005 2917 1056 καὶ
2961 1001 3087 1064 τοὺς
3148 1002 3339 1069 ἐγγὺς,
3401 992 3447 1052 ὦ
3508 999 3748 1069 Πατέρες

2162 1096 2587 1162 ἐπιεικέστατοι,
2654 1096 2715 1149 οὐ
2775 1096 2879 1164 γῆς
2941 1094 3278 1166 διαστήμασι
3350 1092 3561 1145 δίκαιόν
3630 1093 3749 1144 ἐστι

2164 1191 2391 1261 κρίνειν,
2410 1190 2547 1243 ἀλλὰ
2566 1189 2785 1258 τρόπων
2814 1192 2907 1243 καὶ
2929 1186 3081 1257 ὴοῶν
3128 1186 3429 1256 ὁμοιότητι,
3466 1187 3560 1240 καὶ
3590 1186 3750 1239 τοῦν-

2171 1282 2382 1344 αντίον,
2421 1281 2516 1333 καὶ
2551 1280 2802 1348 γλώττης
2851 1278 2935 1344 ἐφ’
2982 1269 3057 1331 ὧν
3086 1276 3204 1328 ἐστι
3258 1276 3485 1330 δυνατόν
3514 1291 3527 1305 ·
3590 1276 3684 1328 καὶ
3719 1272 3750 1328 δ

2169 1373 2432 1439 μέγιστον
2499 1372 2764 1425 ἁπάντων
2818 1370 3026 1439 εὐνοίᾳ,
3071 1370 3167 1420 καὶ
3226 1369 3483 1437 κοινωνίᾳ
3531 1370 3623 1420 καὶ
3670 1369 3749 1437 τῷ

2168 1451 2546 1534 συμπράττειν
2574 1464 2828 1534 ἀλλήλοις
2854 1466 2912 1516 ὲν
2933 1458 3016 1526 οἷς
3063 1465 3128 1518 ἂν
3157 1465 3264 1517 δέοι
3298 1468 3392 1518 καὶ
3438 1468 3744 1534 συνεργεῖν.

2164 1560 2356 1629 Τούτῳ
2378 1558 2560 1611 τοίνυν
2582 1558 2661 1627 τῷ
2700 1558 2887 1611 κανόνι
2938 1557 3260 1627 χρωμένους
3312 1557 3479 1626 ὒμᾶς,
3538 1559 3747 1611 πανταε-

2165 1668 2333 1703 πασιν
2376 1650 2637 1713 ἐναντίως
2667 1646 2748 1712 οἷς
2783 1648 3026 1713 ἀξιοῦσιν
3061 1651 3282 1710 ὲκεῐνοι,
3319 1652 3448 1718 περὶ
3468 1650 3576 1701 τῶν
3616 1667 3748 1718 προ-

2165 1744 2437 1810 κειμένων
2488 1744 2608 1795 ἔστι
2642 1742 3057 1811 βουλεύσασθαι.
3101 1743 3195 1804 Τίς
3227 1744 3335 1811 γὰρ
3389 1743 3489 1795 οὐκ
3540 1739 3646 1794 οίδε
3680 1744 3748 1794 τὰ

477 1843 531 1885 et
553 1841 733 1885 tamen
756 1844 945 1885 eorunt
966 1831 1159 1898 aliqua:
1181 1832 1429 1899 plurimis
1451 1844 1606 1887 terra:
1628 1834 1823 1902 spatiis
1847 1848 1875 1886 a
1897 1832 2058 1886 nobis

2171 1838 2275 1889 τῶν
2307 1837 2557 1890 Λατίνων
2600 1836 2999 1906 γνωριμώτατα
3028 1834 3183 1904 γένη,
3218 1835 3289 1897 ὡς
3316 1835 3384 1888 ἂν
3416 1835 3551 1903 πρὸς
3580 1836 3749 1904 Γραι-

478 1924 722 1979 distant?
759 1924 891 1989 Quis
930 1923 1104 1976 nescit
1136 1925 1324 1983 etiam.
1378 1926 1581 1979 multos
1621 1940 1685 1979 ex
1725 1926 1792 1978 iis
1844 1927 1936 1994 qui
1985 1927 2066 1977 iit-

480 2017 637 2071 terim
669 2016 954 2070 nobiscum
988 2017 1040 2069 in
1070 2016 1172 2071 lide
1201 2018 1465 2081 sentiunt,
1494 2033 1619 2072 esse
1648 2020 1865 2086 quidem
1904 2019 2061 2072 nobis

480 2110 718 2172 vicinos,
762 2108 1013 2162 moribus
1044 2117 1222 2161 autem
1258 2117 1311 2161 et
1338 2109 1606 2163 institutis
1639 2108 1858 2164 differre
1894 2126 2067 2177 quan-

479 2213 592 2253 tuut
628 2201 715 2253 vix
762 2199 867 2253 dici
896 2199 1108 2268 queat?
1140 2208 1194 2254 et
1226 2200 1592 2266 calamitates,
1641 2202 1841 2269 quibus
1872 2202 2064 2270 amigi-

480 2310 604 2346 tnnr
637 2293 904 2362 quotidie,
942 2309 1051 2346 non
1086 2291 1327 2347 curare?
1365 2294 1584 2348 Scimus
1618 2296 1783 2347 etiam
1824 2295 2065 2348 nonnul-

484 2385 567 2437 los
604 2401 667 2438 ex
724 2385 793 2439 iis
850 2386 1099 2439 insidiati
1139 2387 1318 2450 nobis,
1369 2401 1433 2440 ac
1466 2387 1707 2441 invidere
1747 2406 1759 2442 :
1798 2388 1889 2456 qui
1937 2404 2065 2440 vero

486 2490 546 2532 se
593 2478 753 2532 nobis
798 2478 1003 2531 amicos
1059 2478 1300 2545 prtebere
1346 2479 1556 2543 volunt,
1613 2478 1838 2545 perinde
1885 2479 2065 2534 valent

482 2577 645 2636 atque
679 2568 715 2621 ii
765 2568 856 2636 qui
904 2568 1123 2632 nolunt,
1151 2569 1426 2624 similibus
1460 2579 1515 2623 et
1558 2569 1659 2639 ipsi
1692 2577 1855 2638 atque
1897 2572 2063 2624 etiam

484 2660 830 2730 gravioribus
877 2660 1128 2729 oppressi
1185 2662 1445 2726 miseriis,
1497 2670 1557 2714 ut
1606 2678 1672 2715 ne
1710 2664 1813 2717 sibi
1848 2664 2065 2731 quidem

487 2754 623 2820 ipsis
651 2767 806 2818 opem
849 2751 987 2805 ferre
1032 2762 1257 2820 queant.
1309 2754 1582 2809 Praetereo
1620 2758 1794 2825 quod,
1830 2759 2067 2826 exceptis

492 2843 665 2897 Gallis
714 2853 766 2897 et
806 2841 1090 2911 Hispanis,
1153 2844 1377 2913 reliqua:
1438 2845 1756 2901 Latinorum
1817 2850 2067 2903 nationes

486 2936 670 2990 minus
693 2935 897 2989 distant
927 2934 1048 2989 loco
1081 2951 1109 2987 a
1141 2935 1319 3001 nobis,
1343 2953 1503 3005 quant
1532 2938 1700 3007 aliqui
1730 2956 1921 2994 eorum
1948 2942 2066 3012 (no-

485 3028 632 3082 mine
660 3028 809 3082 enim
842 3043 938 3083 eos
974 3028 1250 3097 appellare
1281 3032 1430 3099 nolo)
1465 3030 1666 3097 quibus
1703 3033 2063 3089 vehementer

485 3136 676 3177 sumus
709 3121 935 3175 addicti.
972 3121 1116 3187 Quin
1158 3122 1323 3176 etiam
1354 3133 1410 3176 ut
1463 3124 1674 3179 vicinos
1706 3126 1930 3181 eosdem
1972 3130 2062 3181 lia-

486 3216 705 3277 licmus,
739 3214 969 3269 coloniis
1002 3214 1335 3285 quibusdam
1379 3215 1685 3286 insulisque
1722 3218 1831 3273 illis
1872 3221 2059 3275 subdi—
2092 3234 2095 3239 ‘

486 3308 557 3361 tis
588 3307 819 3361 maxime
848 3306 1129 3377 conjuncti
1162 3323 1175 3371 ;
1214 3317 1269 3361 et
1300 3323 1424 3362 cum
1453 3310 1736 3365 nonnullis
1770 3311 1841 3365 ita
1877 3323 2066 3366 nostra

483 3397 667 3452 omnia
703 3399 1162 3453 communicavim
1182 3416 1267 3462 us,
1316 3412 1373 3454 ιιι
1416 3400 1578 3456 veluti
1630 3403 2067 3472 consanguineos

480 3491 745 3558 civesque
774 3490 1158 3549 adhibeamus.
1188 3494 1267 3547 Ad
1293 3492 1408 3547 haec
1440 3493 1549 3548 lata
1576 3494 1734 3549 nobis
1759 3505 2066 3564 opportune

487 3581 718 3649 auxilia,
767 3585 1056 3652 vicemque
1091 3599 1121 3637 a
1172 3584 1332 3640 nobis
1366 3585 1658 3650 redditam.
1712 3601 1814 3641 uec
1868 3602 1977 3642 non
2010 3595 2069 3640 ut

488 3672 741 3729 moribus
778 3675 999 3745 utrique
1034 3676 1341 3732 alterorum
1378 3679 1561 3747 potius
1611 3693 1779 3748 quam
1830 3680 2071 3750 propriis

480 3767 841 3835 oblectemur,
888 3780 945 3824 et
983 3771 1300 3824 communia
1347 3770 1462 3826 sint
1497 3772 1659 3826 nobis
1691 3773 1955 3838 eruditio,
1990 3773 2072 3828 di-

484 3861 757 3930 sciplime,
804 3868 862 3915 et
892 3870 1082 3915 exacta
1133 3861 1451 3930 dogmatum
1487 3862 1723 3917 scientia
1751 3871 2065 3933 caiteraque

484 3952 706 4006 vincula
728 3951 929 4021 quibus
957 3953 1301 4022 copulamur,
1330 3967 1660 4022 percensere
1691 3953 1907 4022 singula
1932 3952 2070 4007 dilIi-

483 4048 755 4109 cillimum
791 4048 1053 4104 arbitror.
1104 4046 1297 4118 Itaque
1332 4049 1381 4104 si
1416 4057 1470 4104 et
1507 4059 1755 4105 nostram
1802 4064 1928 4105 cum
1964 4048 2071 4105 La-

484 4142 623 4197 tinis
657 4156 843 4211 pacem
880 4141 1038 4212 sequi
1072 4156 1268 4197 omnes
1320 4141 1620 4208 voluerint,
1658 4141 1935 4198 telieitatis
1981 4142 2070 4199 hic

489 4232 596 4287 erit
621 4232 899 4297 cumulus,
928 4243 982 4285 et
1014 4232 1263 4305 veritatis
1292 4243 1485 4287 contra
1525 4231 1877 4288 mendacium
1941 4233 2069 4288 illu-

491 4323 625 4378 stris
648 4314 896 4388 victoria,
916 4330 969 4376 et
998 4324 1106 4377 late
1131 4323 1325 4378 diﬂ‘usa
1354 4338 1479 4393 pax,
1514 4332 1680 4392 atque
1706 4322 1891 4378 omnia
1922 4339 2072 4380 com-

492 4417 754 4485 plectens.
789 4414 893 4470 Sed
923 4418 966 4471 si
1003 4416 1310 4486 periculum
1352 4425 1457 4479 cst,
1490 4432 1557 4470 ne
1588 4416 1745 4470 alteri
1777 4416 2069 4471 adhaeren-

2096 3172 2137 3228 C

2170 1930 2301 1991 κους
2343 1930 2368 1979 ό
2397 1929 2552 1994 λόγος
2588 1929 2834 1995 γίγνοιτο
2859 1929 3098 1998 πρῶτον,
3157 1928 3214 1979 ἐν
3249 1929 3418 1979 πᾶσιν
3466 1928 3601 1995 ὁμοῦ
3638 1932 3749 1989 τοῖς

2172 2023 2599 2091 προειρημένοις
2626 2022 3033 2091 ἀκριϐεστάτην
3069 2022 3167 2087 τὴν
3207 2022 3345 2088 πρὸς
3384 2023 3534 2088 ἡμᾶς
3588 2024 3753 2088 ἐγγύ-

2171 2132 2309 2183 τητα
2342 2114 2625 2179 σώζοντα;
2662 2116 2842 2168 καίτοι
2896 2116 3103 2167 τούτων
3139 2116 3253 2167 ἔνια
3287 2114 3536 2166 πλεῖστον
3589 2116 3749 2182 ἡμῶν
3800 2160 3805 2163 ,

2170 2208 2367 2275 ἀπέχει
2392 2211 2458 2275 τῇ
2497 2209 2589 2276 γῇ.
2621 2208 2717 2269 Τίς
2743 2206 2788 2259 δ’
2825 2208 3013 2275 ἀγνοεῖ
3048 2207 3277 2269 πολλοὺς
3304 2208 3409 2259 τῶν
3446 2210 3578 2276 ἡμῖν
3608 2208 3749 2269 τέτυς

2168 2301 2576 2367 ὀμοδοξούντων
2614 2340 2628 2362 ,
2686 2300 2853 2367 ἐγγὺς
2921 2300 3021 2369 μὲν
3078 2302 3520 2369 συνῳκισμένους
3568 2302 3747 2368 ἡμῶν,

2168 2394 2331 2461 ήθεσι
2366 2392 2461 2444 καὶ
2495 2395 2720 2461 τρόποις
2752 2393 2869 2445 οὐδ’
2902 2395 3025 2446 ὅσον
3070 2394 3244 2444 εἰπεῖν
3292 2395 3408 2445 ἔστι
3464 2394 3750 2461 διαφέρον-

2169 2504 2289 2545 τας.
2344 2487 2438 2538 καὶ
2486 2486 2594 2538 τῶν
2644 2487 2774 2555 ἡμῖν
2832 2486 3091 2538 ἑκάστοτε
3140 2485 3562 2551 συμπιπτόντων
3635 2484 3747 2535 οὐδ’

2170 2580 2714 2647 ἑπιστρεφομένους;
2778 2576 2991 2638 Ἐνίους
3020 2576 3066 2627 δ’
3097 2576 3483 2645 αὑτῶνιῐσμεν
3528 2576 3750 2629 ἐπιϐου-

2169 2670 2428 2731 λεύοντας
2451 2670 2546 2723 καὶ
2572 2669 2921 2735 φθονοῦντας.
2961 2669 3024 2721 Οἱ
3090 2668 3145 2720 δὲ
3192 2669 3283 2720 καὶ
3320 2668 3389 2720 τὰ
3418 2668 3526 2720 τῶν
3580 2666 3749 2718 εὕνων

2172 2764 2435 2833 πράττειν
2502 2762 2780 2825 ἐθέλοντες
2825 2766 2880 2815 ἐν
2915 2763 3015 2831 ἴσῳ
3040 2764 3148 2822 τοῖς
3182 2764 3255 2831 μὴ
3285 2762 3629 2831 βουλομὲνιις
3673 2765 3751 2814 εξ-

2174 2858 2277 2918 σὶν,
2310 2855 2471 2923 ὅμοια
2495 2854 2941 2925 δυσπραγοῦντες
2969 2857 3099 2921 ἡμῖν
3133 2856 3224 2907 καὶ
3252 2854 3441 2923 χείρω,
3494 2857 3587 2907 καὶ
3613 2856 3747 2924 μηδὲ

2173 2946 2355 3014 σφίσιν
2390 2946 2573 3007 αὐτοῖς
2606 2945 3185 3014 ἀμύνειννδυνὰμενοι.
3227 2945 3331 2999 Ἐὦ
3356 2946 3465 3014 γὰρ
3500 2948 3582 2998 ὅτι
3608 2946 3750 3013 πλὴν

2170 3036 2392 3089 Γάλλων
2422 3052 2478 3088 τε
2512 3035 2607 3087 καὶ
2646 3034 2939 3101 ’1σπανῶν,
2978 3038 3073 3088 καὶ
3113 3036 3181 3087 τὰ
3213 3035 3377 3087 λοιπὰ
3434 3036 3541 3088 τῶν
3588 3036 3749 3088 Λατί-

2172 3146 2278 3179 νων
2304 3128 2432 3194 ἐονη
2477 3131 2571 3182 καὶ
2596 3129 2747 3198 τόπῳ
2776 3128 3067 3196 διέστηκεν
3121 3129 3278 3197 ἡμῶν
3312 3127 3586 3197 ἔλαττονῆ
3622 3128 3750 3180 τού-

2170 3239 2277 3274 των
2324 3222 2471 3284 τινὲς
2522 3220 2605 3290 (οὐ
2647 3224 2755 3290 γὰρ
2810 3220 3075 3291 βούλομαι
3131 3220 3375 3290 τοῦνομα
3421 3220 3623 3289 λέγειν)
3673 3214 3750 3277 ὧν

2171 3314 2376 3383 σφόδρα
2416 3312 2815 3382 περιεχόμεθα.
2848 3313 2972 3373 Τοῖς
3001 3313 3057 3365 δὲ
3108 3312 3297 3374 αὐτοῖς
3345 3314 3440 3365 καὶ
3493 3313 3748 3382 καθάπερ

2170 3407 2377 3473 γείτοσι
2436 3405 2719 3475 χρώμεθα,
2782 3404 3063 3468 ἀποικίαις
3119 3406 3234 3458 τισὶ
3276 3409 3370 3460 καὶ
3416 3408 3603 3475 νήσοις
3657 3405 3745 3458 ὑπ’

2170 3495 2348 3549 αὐτῶν
2403 3494 2744 3565 ἀρχομέναις
2809 3495 3049 3563 μάλιστα
3110 3498 3539 3566 συναπτόμενον
3582 3499 3747 3561 ίινίοις

2169 3585 2226 3637 δὲ
2257 3584 2352 3640 καὶ
2417 3585 2527 3638 τῶν
2594 3586 2726 3655 παρ’
2781 3586 2913 3655 ἡμῖν
2966 3586 3408 3656 μεταδεδωκότες
3469 3588 3747 3653 ἁπάντων,

2169 3680 2345 3734 ὁπόσα
2391 3678 2639 3749 γνησίοις
2686 3682 2783 3733 καὶ
2819 3678 3073 3743 πολίταις
3132 3681 3395 3750 ἄντικρυς
3441 3684 3751 3752 προσφερό-

2172 3771 2335 3842 μεθα.
2364 3771 2474 3834 Τὰς
2508 3770 2556 3823 δ’
2585 3770 2678 3824 επὶ
2712 3770 2909 3843 καιροῦ
2960 3770 3217 3842 βοηθείας
3270 3774 3453 3827 αὐτῶν
3504 3777 3600 3829 καὶ
3650 3778 3749 3839 τὰς

2174 3864 2307 3934 παρ’
2340 3863 2497 3934 ἡμῶν
2521 3864 2784 3935 ἀμοιϐὰς,
2819 3864 2955 3934 πρὸς
2987 3864 3045 3918 δὲ
3082 3866 3179 3919 καὶ
3230 3866 3291 3919 τὸ
3336 3870 3447 3930 τοῖς
3500 3868 3748 3941 ἀλλήλων

2171 3956 2327 4026 ἧθεσι
2358 3956 2569 4027 χαίρειν
2604 3956 2712 4026 πρὸ
2744 3955 2855 4010 τῶν
2904 3956 3143 4021 οἰκείων,
3191 3958 3494 4029 μαθήματά
3534 3977 3595 4014 τε
3654 3964 3749 4014 καὶ

2172 4047 2368 4116 λόγους
2392 4048 2488 4100 καὶ
2518 4046 2805 4115 δογμάτων
2853 4046 3171 4116 ἑπιστήμην
3204 4046 3302 4100 σὺν
3335 4047 3615 4118 ἀκριὸείᾳ,
3654 4048 3749 4101 καὶ

2172 4139 2344 4195 τᾶλλα
2373 4137 2461 4193 δι’
2485 4131 2562 4191 ὧν
2589 4138 2980 4209 συναπτόμεθα
3013 4139 3341 4208 καταλέγειν
3384 4139 3614 4207 ἕκαστα,
3637 4142 3747 4193 τῶν

2173 4230 2624 4305 δυσχερεστάτων
2657 4225 2803 4285 εἶναι
2838 4231 3069 4300 νομίζω.
3100 4232 3163 4285 Et
3189 4233 3291 4301 μὲν
3345 4229 3441 4287 οὖν
3474 4234 3572 4303 τῆς
3612 4235 3749 4305 πρὸς

2174 4326 2443 4387 Λατίνους
2472 4326 2699 4394 είρήνης
2744 4323 2837 4377 καὶ
2865 4324 3069 4388 πάντες
3090 4326 3223 4394 ήμῐν
3254 4324 3608 4396 βουλήσονται
3634 4343 3749 4379 κοι-

2175 4420 2387 4482 νωνεῖν,
2422 4415 2683 4486 εὔδαιμον
2717 4416 2784 4469 ἂν
2811 4416 2895 4485 εἴη
2928 4416 3089 4469 τοῦτό
3113 4434 3197 4484 γε,
3229 4418 3326 4471 καὶ⁹
3388 4418 3618 4488 λαμπρὰ
3652 4419 3750 4485 τῆς

491 4519 575 4564 tes
594 4509 733 4578 parti
752 4511 1069 4563 amittamus
1090 4509 1336 4571 alteram,
1358 4509 1753 4564 liominumerit
1772 4511 2065 4579 prudenter

2178 4509 2439 4578 ἀληθείας
2466 4509 2593 4576 νίκη
2624 4508 2767 4561 κατὰ
2804 4508 2898 4560 τοῦ
2928 4508 3202 4577 ψεύδους,
3241 4508 3337 4561 καὶ
3384 4511 3577 4579 εἰρήνη
3616 4509 3749 4561 πλαο

491 4603 811 4671 agentium,
868 4603 1106 4656 maxime
1162 4604 1375 4657 vit-inos
1432 4602 1687 4670 praeferre
1745 4604 1867 4658 aliis
1920 4618 2067 4657 :eos

491 4696 767 4758 videlicet,
798 4695 996 4764 quibus
1024 4696 1337 4764 praepositis
1361 4704 1413 4748 et
1440 4696 1719 4749 veritatem
1746 4695 2063 4758 fatebimur,

490 4795 547 4841 et
577 4802 766 4857 pacem
798 4788 1051 4841 stabilem
1086 4788 1463 4842 conliciemus.
1501 4788 1667 4842 Scitis
1701 4788 1845 4842 eui‘m
1881 4789 2066 4857 plures

489 4898 682 4935 eorum
726 4882 829 4934 hoc
866 4880 1030 4933 etiam
1068 4888 1312 4948 tempore
1346 4880 1551 4933 nullius
1585 4894 1781 4948 parere
1808 4881 2061 4948 imperio,

491 4982 545 5023 et
585 4972 785 5023 nullam
821 4971 1022 5024 habere
1054 4971 1342 5025 nobiscum
1389 4971 1857 5034 cortitnuuionem,
1893 4985 2068 5038 neque

498 5066 799 5118 Ecclesium
837 5073 1081 5117 nostram
1127 5064 1339 5125 audire,
1376 5068 1468 5119 sed
1503 5065 1709 5118 nullum
1746 5065 1870 5117 hinc
1911 5066 2068 5119 nobis

492 5156 838 5221 dispendium
872 5155 1047 5208 oritur
1082 5174 1094 5209 :
1130 5170 1306 5225 neque
1357 5156 1526 5223 igitur
1561 5156 1784 5209 omnino
1812 5170 1855 5208 ta
1907 5156 2070 5209 nobis

489 5249 689 5306 divulsi
718 5257 970 5319 poterunt
996 5248 1255 5303 invehere
1284 5248 1454 5302 ullum
1489 5246 1922 5301 incommodum.
1959 5246 2065 5301 Sed

492 5344 538 5398 si
580 5352 801 5411 possent
835 5342 1000 5397 etiam
1050 5342 1180 5395 dare
1232 5338 1451 5407 aliquod
1497 5338 1784 5401 damnum,
1828 5339 2065 5407 perlecta

492 5447 639 5490 certe
670 5452 794 5490 eum
838 5433 1048 5488 Latinis
1077 5430 1395 5500 conjunctio
1423 5430 1557 5483 adeo
1589 5431 1902 5484 numerosis
1932 5431 2068 5485 satis

490 5545 763 5597 superque
792 5530 991 5597 poterit
1021 5526 1323 5578 molestiam
1347 5523 1565 5576 demere
1596 5521 1721 5574 inde
1744 5522 2069 5589 provenicn-

493 5630 599 5672 tem
635 5637 647 5672 :
679 5620 866 5687 utjam
904 5632 968 5669 oe
999 5616 1171 5683 ipsam
1203 5613 1426 5683 quidem
1461 5612 1612 5679 prius
1646 5614 2066 5681 conjunctorutu

491 5709 849 5761 amissionem
880 5705 1207 5759 sentiamus.
1252 5701 1364 5757 Nec
1400 5716 1531 5756 vero
1564 5702 1745 5770 aliqua
1783 5702 1943 5756 nobis
1978 5706 2066 5755 lict

495 5802 607 5855 illis
636 5798 857 5867 injuria,
887 5795 997 5850 Deo
1022 5797 1201 5865 judice
1230 5796 1654 5868 hominibusque
1682 5796 1774 5865 qui
1804 5797 2025 5865 sapiunt
2050 5816 2065 5865 ς

1034 6036 1059 6055 \

2173 4602 2291 4653 τεῐα
2324 4602 2416 4652 καὶ
2451 4600 2628 4653 πάντα
2653 4599 3121 4668 διαλαμϐάνουσιν
3159 4602 3207 4652 εί
3233 4600 3290 4652 δὲ
3316 4600 3408 4653 καὶ
3440 4602 3748 4653 κινδυνεύο-

2176 4710 2275 4762 μεν
2304 4692 2514 4762 ἑτέρων
2540 4696 2922 4762 περιεχόμενοι
2978 4695 3107 4756 τοὺς
3151 4695 3377 4764 ἑτέρους
3422 4696 3746 4761 ἀποϐαλεῖν,

2180 4786 2479 4854 σωφρόνων
2512 4784 2577 4837 ἂν
2615 4785 2702 4853 εἴη
2734 4788 2862 4849 τοὺς
2914 4786 3151 4855 μάλιστα
3208 4787 3609 4855 πλησιάζοντας
3639 4789 3748 4842 τῶν

2175 4880 2352 4932 ἄλλων
2382 4879 2730 4947 προελέσθαι·
2776 4879 2871 4930 καὶ
2904 4879 2997 4942 οὒς
3028 4882 3430 4949 προτιμήσασι,
3462 4883 3522 4934 τό
3552 4900 3609 4935 τε
3649 4884 3749 4949 τὴν

2176 4972 2433 5041 ἀλήθειαν
2496 4972 2813 5039 ὁμολογεῖν,
2868 4972 2962 5022 καὶ
3019 4972 3079 5023 τὸ
3148 4973 3249 5041 τὴν
3290 4974 3516 5043 εἰρήνην
3560 4974 3634 5034 ὡς
3683 4974 3751 5025 ἂν

2180 5065 2416 5132 μάλιστα
2446 5064 2730 5133 διαρκοίη,
2772 5066 3037 5133 πράττειν
3080 5067 3406 5135 προσέσται.
3448 5068 3593 5118 "lore
3641 5067 3751 5135 γὰρ

2174 5158 2255 5209 ὅτι
2290 5156 2383 5207 καὶ
2414 5154 2509 5207 νῦν
2535 5157 2830 5225 αὐτόνομοι
2884 5155 3090 5210 τούτων
3118 5158 3168 5209 οἱ
3206 5158 3446 5221 πλείους,
3480 5157 3574 5210 καὶ
3625 5156 3750 5209 οὗτε

2176 5249 2285 5299 τῶν
2316 5246 2494 5299 ἄλλων
2554 5248 2687 5315 ἡμῖν
2724 5248 2783 5299 ὲν
2833 5247 3013 5299 οὐδενὶ
3066 5248 3439 5315 κοινωνοῦσιν,
3472 5248 3596 5302 οὔτε
3650 5248 3752 5314 τῆς

2187 5339 2516 5405 Ἐκκλησίας
2572 5338 2729 5408 ήμῶν
2784 5339 3186 5393 ὲπακούουσινο
3247 5341 3363 5393 ἀλλ’
3411 5342 3566 5393 οὐδὲν
3618 5342 3752 5410 ἡμῖν

2176 5431 2425 5485 ἐντεῦθεν
2459 5432 2669 5500 γίνεται
2731 5431 2928 5500 βλάϐος
2959 5449 2971 5461 ·
3030 5436 3150 5488 οὐδὲ
3190 5436 3368 5487 τοίνυν
3404 5436 3752 5487 παντάπασιν

2175 5524 2568 5591 ἀπερῤωγότες
2605 5524 2782 5591 ἡμῶν,
2821 5524 3037 5588 ἕξουσιν
3077 5520 3135 5577 οὗ
3194 5529 3351 5596 χάριν
3387 5527 3751 5597 λυπήσουσιν.

2176 5616 2238 5667 Εἰ
2269 5615 2324 5665 δέ
2358 5632 2413 5665 τι
2443 5616 2535 5667 καὶ
2575 5615 2811 5685 ζημιοῦν
2845 5619 2993 5685 ἡμᾶς
3041 5619 3241 5687 ἔχοιεν,
3282 5620 3399 5672 ἀλλ’
3431 5622 3465 5688 ἡ
3498 5621 3606 5671 τῶν
3639 5620 3753 5671 Λα-

2174 5705 2337 5756 τίνων
2366 5704 2604 5775 ἀκριϐὴς
2638 5708 2895 5759 κοινωνία
2922 5707 3192 5760 τοσούτων
3222 5708 3391 5759 όντων
3447 5708 3586 5776 μετὰ
3620 5706 3751 5758 πολ-

2176 5795 2274 5865 λῆς
2304 5795 2403 5866 τῆς
2436 5798 2755 5866 περιουσίας
2786 5800 2883 5869 τὴν
2930 5799 3140 5854 ἐκεῖθεν
3175 5800 3367 5870 ἀηδίαν
3408 5800 3559 5856 λύειν
3582 5799 3750 5872 ἀρκέ-
