4170 6294
298 366 307 381 ’
343 376 446 442 £37

1508 369 1794 431 ORATIO
1832 370 1894 432 ll
1935 373 2037 433 AD
2077 368 2472 435 SYNODUM.

3512 371 3623 435 458

349 511 455 556 σει,
516 490 593 554 ὡς
645 486 772 560 μηδ’
823 484 1183 540 αἰσθάνεσθαι
1245 483 1458 549 λοιπὸν,
1520 484 1575 537 εί
1633 504 1778 548 τινος
1824 485 1932 539 τῶν

2052 500 2225 544 :ontra
2277 489 2423 544 enim
2459 468 2646 559 potius
2677 486 2744 542 ab
2790 485 2902 542 illis
2951 485 3210 543 Ecclesiae
3247 484 3362 551 Dei,
3402 484 3619 555 sibique

348 581 540 653 πρώην
565 576 945 651 ᾠκειωμένοιν
978 576 1328 645 κατέστημεν
1356 576 1580 648 ἔρημοι.
1616 577 1778 631 Ἀλλά
1826 578 1932 647 μὴν

347 676 457 729 οἰδ*
492 673 833 743 ἀδικήσομεν
866 670 1010 731 ὅλως
1045 668 1245 731 αὐτοὺς
1270 667 1391 738 Θεῷ
1437 669 1669 739 δικαστῇ
1700 672 1932 731 καὶτοῖς

354 766 479 820 νοῦν
518 765 702 835 ἔχουσι
736 762 848 815 τῶν
880 760 1193 832 ἀνθρώπων
1218 777 1231 791 ·
1266 760 1585 815 τούναντίον
1638 761 1748 829 γὰρ
1800 761 1933 831 μᾶλ-

353 861 469 921 λον,
500 858 652 911 αὐτοὶ
693 857 787 910 καὶ
810 855 911 926 τὴν
958 853 1291 925 Ἐκκλησίαν
1331 853 1468 906 Θεοῦ
1505 853 1600 905 καὶ
1636 854 1777 921 σφᾶς
1832 852 1934 905 αύ-

354 950 480 1012 τοὺς
515 948 892 1017 ἀδικήσουσιν.
927 945 1002 999 Οὐ
1027 946 1138 1016 γὰρ
1169 946 1303 1016 ἡμῖν
1338 946 1523 1013 μόνοις
1556 944 1747 997 λοιπὸν
1779 946 1935 997 ἀντε-

357 1039 564 1109 ροῦσιν,
598 1038 689 1101 οὒς
716 1038 1104 1107 καὶπρότερον
1130 1037 1226 1105 τῆς
1260 1035 1559 1104 καθολικῆς
1602 1035 1935 1105 Ἐκκλησίας

356 1135 551 1202 μοῖραν
578 1130 781 1200 ⁴ᾔδεσαν
828 1129 1012 1193 ὄντας,
1070 1127 1206 1182 ἀλλά
1262 1128 1401 1198 πρὸς
1454 1129 1638 1181 πᾶσαν
1667 1128 1804 1197 ὁμοῦ
1839 1128 1937 1197 τὴν

366 1224 695 1294 Ἐκκλησίαν
746 1223 1214 1292 φιλονεικὴσουσι,
1253 1223 1350 1274 καὶ
1394 1220 1577 1291 πάσης
1607 1222 1935 1291 ἀπορραγὴ-

358 1334 566 1372 σονται.
605 1316 717 1386 Τῆς
751 1317 860 1387 γὰρ
884 1314 1025 1368 κατὰ
1086 1313 1669 1368 Κωνσταντινούπολιν
1712 1312 1940 1381 Ἐκκληο

358 1410 480 1473 σίας
534 1408 675 1480 μετά
720 1408 829 1462 τῶν
871 1408 1048 1461 ἄλλων
1084 1407 1254 1476 τριῶν
1298 1408 1364 1475 τῇ
1432 1404 1622 1474 Ῥώμῃ
1670 1419 1938 1457 συναπτο-

360 1501 549 1572 μένης,
581 1501 737 1554 οὐδὲν
767 1500 868 1568 τῆς
909 1499 1207 1569 καθολικῆς
1264 1497 1593 1567 Ἐκκλησίας
1637 1497 1743 1562 ἔξω
1772 1514 1942 1549 κατα-

356 1592 606 1648 λείπεται
640 1607 653 1620 ’
706 1585 775 1663 ἦς
799 1591 1196 1661 ἀποσχίζοντες
1222 1589 1475 1652 ἑαυτοὺς,
1511 1589 1607 1641 καὶ
1637 1589 1736 1649 τὰς
1770 1587 1943 1654 αὐτῆς

360 1684 783 1753 ἀπαναινὸμενοι
810 1680 1049 1751 ψήφους,
1077 1681 1177 1733 οὐκ
1212 1676 1313 1733 οἷδ’
1362 1679 1418 1733 εί
1447 1696 1593 1740 τινος
1650 1677 1743 1731 ὑπ’
1776 1678 1940 1731 ἄλλου

361 1778 552 1831 τούτου
608 1777 837 1848 πάσχειν
868 1776 1121 1828 δύναιντο
1177 1776 1375 1844 χεῖρον.
1415 1772 1537 1825 Οὐδ’
1592 1772 1737 1842 ἡμᾶς
1794 1771 1946 1840 όιρεί-

359 1876 474 1929 λειν
540 1875 683 1928 εἴποι
743 1891 826 1937 τις
886 1872 952 1927 ἂν
1020 1872 1150 1943 ἄχρι
1202 1871 1296 1924 καὶ
1372 1869 1465 1922 τοῦ
1523 1870 1622 1937 τῆς

2043 580 2182 650 ipsis
2215 581 2304 635 liet
2341 581 2541 649 injuria
2586 600 2599 635 :
2641 581 2911 650 siquidem
2962 581 3219 650 deinceps
3256 595 3364 633 non
3402 586 3616 633 tantum

2039 675 2206 729 nobis
2238 674 2518 727 contraria
2569 674 2827 737 sentient,
2875 670 3014 742 quos
3049 681 3102 727 et
3150 682 3309 726 antea
3336 670 3621 726 catholica:

2038 765 2299 821 Ecclesiae
2344 776 2551 835 partem
2589 767 2984 835 agnoscebant,
3036 767 3130 820 sed
3163 780 3340 834 pugna
3378 764 3483 816 illis
3513 762 3621 815 erit

2039 873 2164 910 eum
2205 864 2317 910 tota
2371 870 2603 924 prorsus
2648 856 2918 921 Ecclesia,
2955 862 3227 923 eruntque
3262 854 3330 907 ab
3364 854 3620 908 universa

2039 949 2299 1016 separati.
2333 948 2467 1003 Nam
2496 948 2585 1002 tibi
2609 947 3224 1019 Constantinopoiitana
3246 946 3493 1000 Ecclesia
3519 961 3623 999 una

2043 1055 2167 1093 eum
2200 1040 2374 1094 tribus
2392 1040 2513 1095 aliis
2541 1040 2837 1109 conjuncta
2864 1041 2967 1095 erit
3013 1055 3135 1095 cum
3170 1040 3436 1099 Romana.
3478 1038 3627 1091 nulla

2043 1131 2326 1187 catholica:
2356 1131 2611 1187 Ecclesiae
2641 1149 2764 1202 pars
2806 1145 2963 1187 exrra
2993 1142 3197 1197 manet,
3219 1146 3245 1184 a
3281 1147 3383 1199 qua
3415 1130 3628 1199 seipsos

2045 1222 2407 1291 sejnngentlo,
2456 1232 2510 1277 et
2558 1223 2783 1277 decreta
2825 1224 2944 1292 ejus
2995 1237 3102 1276 non
3135 1220 3474 1291 recipiendo,
3517 1235 3627 1272 non

2044 1316 2204 1368 video
2232 1316 2361 1383 quid
2394 1332 2421 1369 a
2448 1332 2724 1386 quoquam
2758 1319 2866 1371 alio
2900 1318 3118 1386 possint
3161 1317 3263 1369 hoc
3302 1316 3448 1368 malo
3478 1315 3628 1367 deic-

2045 1408 2163 1462 rins
2194 1409 2325 1478 pati.
2378 1407 2567 1478 Neque
2612 1411 2814 1465 debere
2866 1426 2965 1464 nos
3003 1411 3204 1464 dixerit
3245 1409 3520 1478 quispiam
3554 1406 3628 1460 ita

2047 1498 2156 1552 illis
2210 1500 2614 1567 obsecundare,
2654 1514 2711 1559 ut
2761 1512 2816 1557 et
2850 1502 3139 1557 veritatem
3188 1512 3629 1563 contemnamus,

2048 1601 2101 1643 et
2135 1593 2285 1660 pacis
2319 1593 2523 1647 bonum
2575 1610 2924 1664 reSpuamus,
2953 1595 3221 1665 nobisque
3262 1592 3395 1662 ipsis
3430 1591 3630 1646 damna

2049 1696 2302 1737 czeemus
2338 1700 2351 1736 :
2382 1688 2527 1754 quod
2584 1686 2667 1740 vel
2714 1688 2955 1743 dominis
2991 1686 3297 1742 concedere
3346 1684 3504 1739 valde
3550 1692 3631 1738 est

2051 1773 2369 1829 absurdum.

1711 1868 1971 1939 ἀληθείας
2048 1875 2439 1944 καταφρονεῖν,
2490 1877 2585 1929 καὶ
2648 1877 2710 1930 τδ
2766 1878 2865 1947 τῆς
2945 1878 3173 1949 εἰρήνης
3245 1878 3633 1947 πνραιτεῖσθαι

363 1974 553 2034 καλὸν,
606 1972 699 2026 καὶ
748 1972 899 2050 ἡμᾶς
942 1969 1139 2031 αὐτοὺς
1190 1965 1470 2038 ζημιοῦν.
1523 1966 1592 2019 τὰ
1656 1965 1808 2033 σφῶν
1868 1965 2235 2037 θεραπεύειν,
2288 1971 2317 2023 δ
2382 1973 2479 2024 καὶ
2528 1974 2819 2039 δεσπόταις
2874 1973 2995 2027 λίαν
3050 1975 3252 2027 ἄτοπόν
3313 1976 3430 2025 ἐστι
3499 1988 3634 2034 συγ-

364 2069 587 2142 χωρεῖν.

448 2139 591 2221 Ἃλλ’
622 2162 734 2217 οὐδ’
766 2160 934 2231 ἀηθές
972 2176 1025 2213 τι
1061 2158 1160 2211 καὶ
1189 2156 1285 2212 νῦν
1320 2156 1542 2226 πρῶτον
1589 2156 1891 2225 συμϐαῖνον
1923 2156 1948 2226 ἡ

2131 2159 2303 2215 Porro
2357 2172 2539 2215 autem
2580 2174 2781 2215 novum
2817 2139 2924 2215 non
2965 2173 3068 2223 est,
3102 2169 3196 2214 aut
3226 2176 3372 2213 nunc
3398 2160 3633 2227 primum

369 2258 504 2329 πρὸς
534 2256 633 2327 τὴν
656 2251 1049 2322 οίκουμενικὴν
1077 2249 1296 2303 σύνοδον
1340 2249 1437 2301 καὶ
1465 2248 1562 2312 τὰς
1596 2248 1811 2318 ψήφους
1857 2247 1955 2299 αὑο

364 2351 465 2419 τῆς
490 2346 649 2401 ἐνίων
680 2345 965 2408 ἀπείθεια,
1005 2342 1094 2395 ἴνα
1121 2358 1204 2404 τις
1236 2342 1331 2394 καὶ
1380 2343 1481 2417 τῆς
1538 2341 1697 2409 ἡμῶν
1744 2340 1954 2392 οἰκονοο

373 2441 501 2511 μίας
542 2438 642 2510 ἔχῃ
662 2435 1026 2505 κατηγορεῖν,
1061 2433 1124 2485 οὐ
1156 2430 1497 2501 δυνηθέντων
1558 2431 1770 2493 πάντας
1810 2428 1953 2498 ἔχειν

371 2532 727 2592 ὑπείκοντας.
761 2527 941 2581 nonat
965 2526 1075 2596 γὰρ
1111 2524 1242 2593 ἔθνη
1293 2525 1395 2576 καὶ
1423 2524 1612 2587 πόλεις
1672 2522 1793 2576 ὂλαι
1843 2521 1953 2573 τῶν

375 2625 663 2695 προτέρων
696 2620 933 2675 συνόδων
954 2616 1205 2687 γνώμαις
1246 2616 1559 2684 ἀντέλεγον,
1611 2613 1952 2685 ἀνθρώπινόν

364 2733 416 2768 τι
444 2713 638 2766 παθεῖν
678 2712 897 2774 ὲκείνας
950 2708 1272 2778 ἡγούμενοι,
1311 2708 1401 2760 καὶ
1457 2707 1517 2759 τὸ
1556 2706 1716 2772 δόξαν
1750 2706 1946 2767 αὑταῖς

363 2805 511 2858 τοῦτ’
548 2798 684 2856 εἶναι
712 2802 943 2872 τάληθὲς
970 2799 1402 2869 ἀποφηναμένοις
1426 2814 1441 2829 '
1476 2798 1581 2859 ἕως
1625 2798 1659 2866 ἡ
1688 2797 1788 2865 τῆς
1822 2794 1953 2865 ἀληο

369 2894 517 2956 θείας
546 2893 702 2963 ἰσχῦς
758 2893 858 2955 τὰς
889 2891 1149 2946 ἁπάντων
1213 2888 1442 2942 είσδῦσα
1493 2887 1694 2958 ψυχὰς,
1738 2888 1951 2949 πάντας

366 2986 537 3050 ἑδειξε
564 2983 946 3054 πειθομένους,
977 2982 1074 3036 καὶ
1103 2980 1179 3045 ὡς
1226 2978 1364 3034 θεοῦ
1427 2982 1633 3048 φωναῖς
1682 2979 1801 3041 ταῖς
1841 2978 1951 3031 τῶν

365 3078 579 3149 ἀνδρῶν
637 3076 868 3130 ὲκείινων
925 3074 1317 3145 προσέχοντας.
1384 3074 1495 3125 Καὶ
1536 3071 1682 3125 τοῦτ’
1753 3071 1949 3142 ᾔδεσαν

367 3170 618 3241 ἀκριϐῶς
642 3171 695 3224 oi.
723 3168 822 3240 τῆς
854 3166 1116 3238 ἀληθείας
1150 3165 1438 3233 ἐξετασταί
1462 3179 1477 3194 ·
1511 3162 1626 3217 ἀλλ’
1674 3162 1739 3215 οὐ
1771 3162 1948 3231 δήπου

367 3262 520 3317 τοῦτ’
553 3260 973 3330 εὐλαϐούμενοι,
1014 3258 1109 3311 καὶ
1153 3258 1255 3326 τήν
1286 3273 1456 3309 τινων
1520 3248 1621 3306 εἴτ’
1674 3252 1951 3307 ἀναίδειαν

368 3354 468 3409 εἴτ’
493 3352 754 3407 ἀπιστίαν
794 3351 906 3403 δεῖν
953 3347 1253 3419 ἡγούμενοι
1289 3345 1644 3418 θεραπεύειν,
1698 3344 1797 3405 τὰς
1840 3344 1950 3397 τῶν

366 3445 731 3515 εὐγνωμόνων
785 3442 968 3513 ψυχὰς
1014 3441 1239 3511 ἀφῆκαν
1304 3435 1656 3500 σαλεύεσθαι,
1706 3436 1801 3490 καὶ
1851 3436 1950 3508 τὴν

366 3539 628 3608 ἀλήθειαν
650 3534 922 3606 περιεῖδον
952 3531 1057 3585 ὑπὸ
1096 3530 1190 3585 τοῦ
1224 3530 1461 3601 ψεύδους
1500 3528 1947 3598 πολεμουμένην,

366 3629 461 3682 καὶ
486 3630 583 3697 τὴν
614 3625 951 3696 Ἐκκλησίαν
999 3620 1138 3677 Θεοῦ
1173 3622 1243 3676 τὰ
1299 3622 1558 3692 χείριστα
1609 3620 1950 3689 πάσχουσαν,

370 3723 465 3775 καὶ
498 3720 636 3791 σφᾶς
674 3720 872 3783 αὐτοὺς
905 3718 1167 3772 ἁπάντων
1191 3715 1400 3769 τούτων
1435 3715 1642 3775 αἰτίους
1695 3710 1837 3765 εἶναι
1866 3713 1949 3764 δο-

364 3812 631 3873 κοῦνταςο
668 3811 804 3866 ἀλλά
827 3809 1037 3864 τούτων
1082 3808 1317 3879 μάλιστα
1354 3806 1450 3859 καὶ
1502 3802 1783 3875 προύργου
1840 3821 1938 3855 πε-

366 3903 750 3975 φροντικότες,
785 3903 987 3957 αὐτίκα
1017 3902 1117 3970 μὲν
1149 3901 1254 3952 τῶν
1282 3898 1461 3952 ἄλλων
1506 3896 1770 3967 ἠμέλουν,
1830 3892 1950 3949 εἶτα

365 3998 659 4059 κάκείνους
696 3996 887 4065 εὐχαῖς
919 4012 979 4046 τε
1014 3993 1109 4046 καὶ¹
1169 3994 1290 4053 ταῖς
1355 3989 1546 4052 ἀλλαις
1604 3990 1952 4060 ἐπιμελείαις

370 4088 549 4153 ίῶντο,
578 4087 674 4139 καὶ
714 4086 850 4156 πρὸς
873 4084 973 4155 τὴν
1005 4082 1105 4137 τοῦ
1138 4080 1307 4134 καλοῦ
1343 4080 1439 4133 καὶ
1470 4080 1686 4133 δικαίου
1747 4080 1952 4147 γνῶσιν

365 4181 737 4248 ἀπέστρεφον.
779 4178 852 4231 Οὐ
877 4177 1058 4228 τοίνυν
1095 4174 1203 4226 οὐδ’
1235 4174 1386 4244 ἡμᾶς
1410 4171 1506 4225 νῦν
1530 4171 1626 4224 τοῦ
1654 4172 1824 4235 δεῖνος
1858 4171 1953 4223 καὶ

362 4273 460 4329 τοῦ
492 4273 660 4335 δεῖνος
696 4271 900 4342 πρέπει
931 4267 1241 4339 φροντίσαι,
1279 4268 1425 4328 ὅπως
1456 4265 1533 4333 μὴ
1564 4264 1791 4334 γένηται
1849 4282 1951 4316 πο-

362 4350 537 4437 νηρξς
570 4363 813 4435 ἀμείνων
845 4357 985 4415 εἶναι
1046 4360 1376 4428 δυνάμενος,
1429 4356 1563 4410 ἀλλὰ
1598 4356 1659 4407 τὸ
1691 4356 1810 4408 δέον
1857 4356 1953 4408 αύ-

364 4459 494 4519 10b;
519 4454 1027 4524 διαπραξαμένους,
1058 4452 1171 4512 τοῖς
1195 4449 1320 4502 νοῦν
1366 4449 1555 4518 ἔχουσι
1595 4448 1953 4503 καταλείπειν

370 4549 655 4618 αἱρεῖσθαι
680 4546 838 4599 τοῦτο
874 4547 972 4598 καὶ
994 4544 1248 4613 στέργειν
1269 4556 1283 4571 ⁶
1314 4540 1406 4604 οὒς
1469 4541 1617 4603 εἰκὸς
1650 4537 1790 4593 εἶναι
1825 4541 1952 4602 τοὺς

368 4640 598 4703 πιστούς
628 4655 687 4691 τε
715 4638 813 4691 καὶ
846 4635 1261 4705 δοκιμωτάτους
1299 4634 1410 4686 τῶν
1467 4632 1754 4702 ἡμετέρων
1781 4647 1795 4660 ο
1838 4634 1951 4694 τοῖς

366 4732 413 4787 δ’
440 4729 778 4785 ἀντιϐαίνειν
835 4729 964 4789 ἴσως
1002 4724 1427 4796 βουλησομένοις
1463 4726 1550 4776 τὸν
1593 4723 1732 4791 μετὰ
1778 4721 1951 4776 ταῦτα

2059 2268 2161 2307 usu
2202 2252 2371 2317 venit,
2405 2267 2526 2307 esse
2555 2253 2646 2322 qui
2680 2252 2953 2323 synodum
2987 2252 3382 2307 (Bcumenicam
3406 2254 3635 2322 ejusque

2058 2344 2273 2399 decreta
2321 2358 2428 2396 non
2475 2342 2807 2408 admittant;
2855 2353 2914 2397 ut
2964 2344 3009 2398 si
3061 2360 3164 2397 non
3214 2345 3513 2413 poterimus
3568 2346 3636 2398 ad

2058 2445 2304 2488 nostram
2344 2449 2537 2489 omnes
2574 2433 2874 2504 perducere
2903 2436 3253 2499 sententiam,
3282 2436 3455 2505 possit
3481 2438 3636 2506 quis-

2057 2522 2201 2589 piam
2228 2522 2463 2577 coneilia
2500 2532 2686 2577 nostra
2714 2523 3011 2578 damnare:
3047 2525 3227 2579 multae
3246 2526 3391 2579 enim
3418 2536 3634 2596 gentes,

2055 2620 2108 2666 ct
2142 2613 2390 2668 civitates
2439 2614 2663 2683 integra:
2711 2617 2953 2686 priorum
3006 2618 3365 2672 conciliorum
3419 2620 3635 2674 decreta

2055 2705 2469 2771 oppugnabant,
2522 2705 2749 2760 humani
2796 2707 3002 2775 aliquid
3036 2724 3199 2777 passa
3227 2710 3316 2764 illa
3349 2713 3589 2780 opinata;
3614 2754 3628 2775 ,

2056 2803 2107 2848 et
2141 2796 2285 2864 quod
2322 2794 2426 2849 sibi
2461 2796 2636 2850 visum
2661 2807 2827 2861 esset,
2858 2797 2987 2851 illud
3014 2808 3269 2866 tanquam
3304 2816 3487 2854 verum
3516 2817 3639 2869 pro-

2055 2887 2381 2953 nuntiasse;
2412 2888 2586 2943 donec
2619 2888 2666 2940 vi
2697 2904 2794 2942 sua
2826 2889 3025 2944 veritas
3062 2891 3115 2943 in
3152 2892 3393 2944 omnium
3418 2893 3636 2946 animos

2056 2995 2175 3036 sese
2207 2979 2493 3037 insinuans
2531 2980 2737 3044 eli‘ecit,
2782 2991 2838 3036 ut
2870 2997 3063 3037 omnes
3104 2984 3543 3052 acquiescerent,
3585 2997 3639 3038 et

2056 3072 2335 3128 hominum
2364 3073 2581 3128 illorum
2613 3074 2844 3128 vocibus
2879 3082 3139 3146 tanquam
3183 3076 3387 3131 divinis
3422 3078 3639 3131 anscul-

2058 3175 2255 3220 tareut.
2289 3164 2354 3218 Et
2386 3178 2733 3235 perspeetum
2782 3181 2917 3221 sane
2966 3170 3068 3220 hoc
3109 3165 3387 3223 habebant
3425 3170 3639 3240 judices

2020 3300 2022 3303 .
2055 3257 2130 3310 illi
2182 3256 2466 3322 veritatis;
2522 3271 2629 3310 non
2663 3265 2841 3310 tamen
2883 3266 2977 3310 aut
3005 3254 3162 3310 veriti
3218 3259 3318 3311 hoc
3342 3268 3492 3323 sunt,
3541 3272 3640 3315 aut

2055 3348 2268 3416 piorum
2290 3348 2506 3401 animos
2534 3347 2797 3402 ﬂuctuare
2824 3359 2951 3402 sunt
2983 3351 3150 3418 passi,
3182 3352 3326 3420 quod
3358 3362 3634 3421 putarent,

2056 3438 2407 3509 impudentiae
2448 3454 2543 3496 seu
2598 3439 2837 3508 perﬁdiae
2876 3444 3242 3510 quorumdam
3291 3457 3413 3497 esse
3468 3445 3638 3498 inser-

2054 3533 2345 3599 viendum;
2385 3542 2477 3586 aut
2529 3532 2888 3603 neglexerunt
2939 3548 2966 3584 a
3014 3532 3309 3605 me'ntlaeio
3350 3536 3634 3590 veritatem

2054 3635 2445 3696 oppugnatam,
2483 3626 2899 3692 Ecclesiamque
2948 3625 3039 3679 Dei
3074 3626 3420 3693 gravissimis
3477 3629 3633 3683 labo-

2055 3702 2265 3775 rantem
2317 3720 2517 3782 nzalis;
2572 3727 2665 3772 aut
2708 3718 3094 3772 sustinuerunt
3146 3732 3204 3771 se
3259 3721 3453 3774 horum
3507 3735 3624 3773 om-

2057 3812 2206 3866 nium
2228 3819 2483 3864 auctores
2516 3808 2728 3863 videri:
2770 3809 2867 3864 sed
2906 3822 3098 3863 omnes
3125 3825 3255 3864 suas
3293 3825 3453 3864 cuias
3482 3812 3532 3864 in
3554 3812 3638 3865 his

2055 3903 2351 3973 deligentes
2386 3900 2855 3971 parvipendebaut
2882 3900 3105 3971 quidem
3139 3901 3243 3955 alia
3269 3901 3387 3956 sine
3413 3911 3636 3958 cuncta—

2057 3993 2241 4058 tione;
2279 3991 2478 4046 deinde
2513 3991 2639 4045 illos
2671 3993 2857 4053 etiam,
2890 4004 3081 4059 preces
3129 3991 3196 4045 ad
3235 3989 3405 4045 Deum
3456 3990 3635 4046 eiIun-

2056 4081 2262 4143 dendo,
2296 4080 2526 4149 aliisque
2558 4080 2785 4135 medelis
2808 4079 3100 4145 curabant,
3135 4089 3300 4149 atque
3329 4080 3396 4134 ad
3421 4082 3637 4137 honesti

2055 4185 2107 4230 et
2130 4174 2261 4245 justi
2288 4175 2622 4246 agnitionem
2642 4176 3058 4230 convertebant.
3093 4176 3201 4231 Nec
3225 4192 3323 4230 vos
3352 4178 3517 4245 igitur
3547 4195 3640 4234 en-

2056 4284 2181 4323 rare
2216 4269 2395 4333 decet,
2432 4285 2497 4321 ne
2525 4266 2612 4321 hic
2650 4278 2746 4321 aut
2792 4267 2881 4321 ille
2914 4268 3092 4321 malus
3129 4269 3243 4335 liat,
3279 4286 3405 4325 cum
3458 4276 3632 4341 possit

2055 4374 2176 4415 esse
2205 4359 2289 4412 vir
2337 4360 2549 4424 bonus;
2583 4357 2676 4412 sed
2714 4357 2803 4410 ubi
2847 4358 2993 4424 quod
3019 4358 3136 4411 fieri
3164 4367 3378 4425 oportet
3410 4375 3637 4428 perege-

2057 4452 2202 4515 ritis,
2250 4450 2586 4519 sapientibus
2621 4447 2932 4515 eligendum
2986 4456 3041 4500 et
3090 4451 3534 4516 arripleetendum
3572 4451 3636 4502 il-

2056 4543 2149 4595 lud
2194 4541 2553 4610 relinquetis;
2615 4555 2755 4609 quos
2795 4539 2911 4593 fore
2952 4554 3047 4593 eos
3079 4540 3172 4608 qni
3215 4539 3402 4594 ﬁdeles
3431 4551 3556 4594 sunt
3585 4554 3640 4589 οι

2057 4632 2200 4687 inter
2242 4642 2461 4687 nostros
2495 4632 2893 4701 probatissimi,
2927 4642 3365 4687 consentaneum
3401 4642 3524 4697 est;
3570 4633 3634 4683 iis

2056 4740 2183 4778 vero
2204 4725 2294 4793 qui
2324 4724 2464 4777 forte
2484 4722 2884 4775 contradictori
2914 4732 3063 4784 sunt,
3092 4731 3307 4791 tempus
3338 4723 3637 4789 insequens

368 4825 561 4895 καιρὸν
596 4821 879 4891 ἀφορίζειν
911 4821 993 4883 είς
1029 4818 1296 4888 ἰατρείαν,
1334 4818 1428 4869 καὶ
1481 4815 1618 4887 μηδὲ
1647 4817 1746 4885 τὴν
1812 4816 1948 4867 ὲκεί-

2062 4813 2317 4867 tribuetis
2352 4813 2420 4866 ad
2454 4812 2820 4873 curationem,
2860 4824 2961 4863 nec
2990 4824 3181 4862 eorum
3217 4808 3635 4861 conversionem

370 4934 478 4969 νων
507 4913 858 4985 ἐπιστροφὴν
893 4910 1172 4972 παντελῶς
1203 4910 1530 4961 ἀνέλπιστον
1576 4905 1803 4961 οἴεσθαι.
1838 4908 1959 4961 Εἰσὶ

368 5008 504 5077 γὶρ,
530 5007 636 5058 είσι
669 5005 853 5058 πολλοὶ
876 5002 1009 5073 παρ’
1038 5004 1196 5073 ἡμῖν,
1218 5001 1267 5053 οἳ
1290 4999 1562 5052 παύσουσι
1583 4998 1959 5067 φιλονεικοῦν-

367 5118 469 5163 τας
503 5098 717 5170 τὰληθῆ
748 5099 845 5151 καὶ
877 5096 1068 5149 δίκαια
1113 5095 1391 5160 λέγοντες.
1433 5093 1506 5144 03
1573 5092 1685 5158 γὰρ
1722 5094 1789 5163 τῇ
1857 5092 1957 5163 τῆς

368 5189 1012 5249 Κωνσταντινουπόλεως
1063 5185 1367 5255 Ἐκκλησία
1395 5186 1556 5253 μόνον
1584 5185 1635 5235 οἵ.
1674 5184 1955 5254 ἅνθρωποι

368 5282 683 5351 πολεμῆσαι
744 5280 968 5342 τούτους
1019 5277 1262 5349 ἐροῦσιν,
1315 5275 1452 5330 ἀλλὰ
1503 5279 1605 5345 τὴν
1660 5275 1955 5346 καθολικὴν

380 5371 716 5442 Ἐκκλησίαν
748 5369 1064 5439 ἀτιμάζειν,
1104 5368 1179 5431 ὡς
1214 5368 1398 5431 ἔοικε,
1433 5365 1761 5436 βούλεσθαι·
1795 5366 1823 5417 ὃ
1866 5367 1958 5418 καὶ

367 5467 469 5535 τῆς
495 5464 760 5536 ἀληθείας
797 5464 913 5517 ἐστὶ
944 5463 1337 5532 καταφρονεῖν,
1365 5460 1462 5513 καὶ
1490 5459 1590 5527 τὴν
1648 5460 1790 5530 πρὸς
1821 5458 1956 5511 Θεὸν

365 5557 503 5612 αίδὼ
543 5557 956 5628 παραιτεῖσθαι,
990 5557 1077 5624 ἐφ’
1121 5551 1191 5627 ἧς
1243 5556 1376 5623 ἡμῖν
1408 5554 1464 5606 αἱ
1527 5552 1625 5622 τῆς
1681 5551 1958 5623 σωτηρίας

371 5650 613 5711 ἐλπίδες.
646 5651 803 5702 Πᾶσα
826 5648 935 5719 γὰρ
960 5646 1055 5701 νῦν
1085 5649 1119 5717 ἡ
1142 5647 1250 5699 τῶν
1270 5643 1619 5715 Χριστιανῶν
1651 5641 1956 5709 Ἐκκλησία

370 5744 472 5811 τὴν
498 5742 671 5811 αὐτὴν
698 5744 828 5812 περὶ
862 5740 972 5793 τῶν
999 5742 1193 5809 πρώην
1234 5735 1774 5807 ἀμφισϐητουμένων
1814 5733 1927 5800 γνῶ

371 5850 487 5904 μην
518 5832 806 5900 προείλετο
832 5846 846 5861 °
886 5831 983 5884 καὶ
1017 5832 1159 5899 πλὴν
1207 5828 1366 5899 ὑμῶν
1422 5828 1664 5891 ᾶπαντες
1711 5825 1806 5888 τὰς
1858 5825 1952 5887 τῆς

698 5929 972 5987 Ρλτιιοι..
1020 5924 1137 5985 Gs.
1185 5920 1371 5982 CLX.

2060 4901 2294 4954 omnino
2320 4899 2665 4969 desperatam
2696 4898 3001 4952 habebitis:
3030 4899 3317 4952 suntenim
3351 4898 3491 4967 apud
3517 4912 3638 4959 nos,

2060 4999 2188 5045 snnt
2262 4989 2448 5055 multi,
2509 4989 2601 5061 qui
2662 4990 3070 5058 persuadebunt
3107 4992 3492 5045 contentiones
3544 4990 3640 5043 de—

2058 5099 2285 5153 ponere,
2311 5099 2441 5137 vera
2494 5083 2602 5136 illis
2637 5092 2691 5136 et
2733 5082 2882 5150 justa
2915 5081 3163 5136 dicentes
3193 5099 3207 5135 :
3251 5084 3396 5152 quod
3428 5084 3640 5136 scilicet

2058 5174 2094 5225 ii
2133 5189 2239 5228 non
2279 5176 2439 5227 modo
2468 5187 2594 5225 cum
2631 5171 3242 5241 Constantinopolitana
3268 5183 3509 5245 pugnent
3541 5175 3637 5226 Ee-

2055 5265 2250 5327 clesia,
2283 5267 2379 5320 sed
2414 5264 2586 5318 velint
2615 5264 2806 5329 etiam,
2839 5274 2897 5318 ut
2949 5266 3137 5319 videre
3180 5274 3289 5329 est,
3330 5267 3640 5320 universam

2055 5358 2358 5412 Ecclesiam
2414 5357 2849 5426 parvipendere;
2902 5358 3047 5426 quod
3076 5369 3129 5409 et
3171 5360 3458 5411 veritatem
3492 5371 3644 5425 spei"

2056 5465 2186 5504 nere
2216 5458 2321 5513 est,
2372 5459 2424 5502 et
2484 5450 2844 5509 reverentiam
2892 5465 3013 5515 qua:
3046 5447 3154 5502 Deo
3191 5450 3423 5501 debetur
3470 5447 3640 5513 progi-

2059 5559 2207 5607 cere,
2261 5558 2369 5610 qua
2435 5557 2560 5611 spes
2608 5552 2810 5595 nostra!
2847 5540 3042 5595 salutis
3096 5540 3378 5592 innititur.
3442 5535 3637 5590 Omnis

2062 5639 2207 5691 enim
2244 5649 2412 5696 nune,
2443 5635 2651 5698 dicent,
2698 5634 3142 5689 Christianorum
3180 5630 3422 5684 Ecclesia
3453 5629 3518 5681 de
3554 5645 3642 5681 re-

2062 5728 2166 5782 bus
2218 5735 2373 5780 antea
2408 5724 2780 5778 controversis
2814 5721 3133 5787 consentit;
3198 5731 3251 5774 et
3302 5729 3497 5790 praeter
3544 5736 3643 5777 v':s

2063 5819 2418 5879 mcutnenica:
2443 5816 2611 5887 hujus
2642 5814 2835 5887 synodi
2869 5816 3087 5868 decreta
3120 5828 3314 5868 omnes
3347 5813 3640 5879 honorart,

3177 5906 3246 5969 lii
