4170 6294
387 391 494 460 461

1568 389 1858 453 ORATIO
1889 388 1948 450 II
1986 391 2087 451 Ai)
2122 389 2500 453 SYNODUM.

3559 391 3663 459 462

387 505 897 585 χειραγωγούντων,
957 507 1054 578 καὶ
1084 506 1357 578 τοσαύτην
1409 507 1550 578 ὑπὲρ
1599 511 1771 579 αὐτῆς
1804 529 1970 580 φρον-

2105 525 2174 565 ‘os
2227 510 2627 586 benevolentia,
2684 526 2812 580 pars
2859 511 3016 568 valde
3049 525 3244 582 magna
3304 511 3662 582 videbimini;

388 605 512 659 τίδα
535 600 929 673 πεποιημένων
950 617 966 668 ;
993 587 1068 651 Τὸ
1097 601 1206 670 γὰρ
1226 599 1492 670 ὑμέτερον
1515 600 1762 653 λείπεται
1790 602 1972 670 μόνον’

394 696 424 751 δ
455 696 593 766 πρὸς
623 695 720 766 μὲν
745 693 964 756 εὐνοίας
994 691 1156 761 λόγον
1186 693 1322 762 ἡμῖν
1355 691 1449 745 καὶ
1472 690 1613 745 πάνυ
1645 691 1789 761 μέγα
1805 692 1974 758 δοκεῖ,

396 789 552 852 τάξει
591 786 648 840 δὲ
687 786 780 840 καὶ
809 787 1073 855 ποσότητι
1132 783 1436 837 οὑδέἰπεῖν
1489 782 1636 836 ἔστιν
1677 785 1878 837 ὁπόσον
1924 801 1977 836 τι

399 879 493 932 τοῦ
529 879 734 940 παντός
773 879 922 935 ἐστε.
961 878 1062 941 Τίς
1100 875 1146 931 δ’
1201 877 1268 931 ἂν
1309 879 1396 947 εἴη
1439 878 1631 931 λοιπὸν
1679 878 1836 942 ἐλπὶς
1881 873 1978 946 τῆς

400 965 540 1032 πρὸς
563 966 660 1034 τὴν
690 965 959 1035 ἀλήθειαν
988 955 1275 1030 ἐπανόδου,
1311 968 1537 1036 μηδενὸς
1562 966 1656 1020 τοῦ
1687 968 1824 1037 πρὸς
1848 966 1977 1020 ταύ-

394 1049 494 1125 τήν
525 1057 872 1126 ἡγησομένου
906 1059 1019 1121 τοῖς
1057 1057 1240 1121 ἄλλοις
1288 1059 1711 1127 ὑπολειφθέντος
1739 1076 1753 1121 ;
1785 1060 1845 1111 οὺ
1869 1058 1976 1128 γὰρ

394 1150 552 1217 ὑμεῖς
585 1166 648 1217 γε
686 1148 850 1202 τοῦτο
880 1150 1182 1221 δυνήσεσθε
1241 1151 1414 1221 μόνοι,
1449 1151 1552 1204 κᾶν
1585 1150 1710 1204 νοῦν
1760 1152 1981 1221 ἔχοντες

393 1240 578 1306 αὑτοὶ,
604 1241 734 1306 τοὺς
773 1241 972 1304 ἄλλους
1014 1241 1240 1311 πείσητε
1291 1245 1630 1312 σωφρονεῖνο
1683 1242 1872 1312 ὥσπερ
1933 1243 1986 1296 ei

393 1349 479 1394 τις
516 1332 643 1402 ὄνυξ
673 1333 748 1386 ὢν
777 1332 874 1387 τοῦ
938 1333 1143 1398 παντὸς
1199 1334 1390 1404 ἄρχειν
1422 1334 1666 1405 βούλοιτο
1702 1333 1977 1404 σώματος,

395 1425 495 1476 καὶ
519 1428 693 1478 κινεῖν
732 1426 887 1491 αὐτὸ,
921 1428 1016 1479 καὶ
1051 1423 1352 1498 ἰατρεύειν,
1381 1431 1474 1479 καὶ
1505 1431 1571 1480 τὰ
1609 1428 1745 1493 πρὸς
1789 1427 1981 1495 ὑγείαν

395 1518 633 1590 φέροντα
671 1520 1091 1588 συμϐουλεύειν.
1124 1521 1198 1573 Οὐ
1263 1521 1372 1590 μὴν
1418 1521 1534 1573 ἀλλ’
1570 1523 1747 1574 ἐκεῖνο
1779 1524 1986 1590 προσήο

399 1627 488 1663 κει
545 1614 770 1663 σκοπεῖν
804 1614 972 1682 ὑμᾶς,
1011 1613 1094 1666 δτι
1151 1613 1252 1680 τὴν
1302 1609 1632 1684 Ἐκκλησίαν
1686 1613 1862 1676 οὕτως
1895 1612 1983 1665 ἐπ’

397 1703 678 1784 ἀσφαλοῦς
712 1707 740 1757 ὁ
769 1703 1046 1774 Δεσπότης
1094 1705 1251 1776 ἡμῶν
1283 1705 1652 1776 ᾠκοδόμησεν,
1692 1705 1768 1768 ὡς
1821 1705 1984 1776 μηδέ-

397 1783 532 1848 ποτε
559 1796 735 1858 πύλας
780 1795 907 1867 ᾅδου
936 1797 1289 1866 κατισχύσειν
1339 1800 1534 1868 αὐτῆς,
1567 1799 1663 1861 τὰς
1693 1799 1983 1851 ἐπανιστα-

2087 602 2182 656 sed
2207 603 2402 658 ordine
2449 619 2515 658 ac
2547 619 2779 660 nurnero
2810 603 2920 659 dici
2978 621 3087 660 non
3147 614 3352 675 potest,
3400 610 3666 677 quantula

2086 695 2211 752 sitis
2257 695 2503 751 universi
2543 712 2692 766 pars.
2730 697 2862 763 Quae
2907 711 3036 752 vero
3085 697 3138 752 in
3191 708 3474 767 posterum
3524 711 3671 754 esset
3745 744 3748 745 ν

2087 802 2213 856 spes
2254 789 2618 857 agnoscenda:
2655 791 2925 854 veritatis,
2963 790 3009 844 si
3042 789 3267 844 relictus
3305 800 3455 846 esset
3486 805 3666 856 nemo,

2087 881 2181 950 qui
2214 896 2274 936 se
2300 883 2493 936 ducem
2541 880 2665 936 aliis
2699 881 2766 934 ad
2805 896 2923 935 eam
2955 881 3256 951 praeberet?
3309 898 3489 950 neque
3519 884 3665 936 enim

2089 972 2180 1025 uni
2210 986 2305 1025 vos
2332 971 2436 1024 hoc
2464 968 2676 1025 efﬁcere
2695 970 2970 1039 poteritis,
2997 985 3099 1025 nec
3128 971 3254 1026 licet
3273 969 3376 1038 ipsi
3410 969 3657 1038 sapiatis,

2087 1063 2208 1117 aliis
2249 1072 2306 1116 ut
2347 1063 2564 1132 sapiant
2601 1063 3034 1132 persuadebitis:
3085 1062 3311 1131 perinde
3350 1077 3414 1116 ac
3448 1062 3493 1116 si
3533 1063 3662 1132 quis

2088 1170 2212 1210 cum
2242 1155 2442 1226 unguis
2467 1156 2558 1218 sit.
2589 1155 2750 1209 vellet
2783 1163 2955 1209 totum
2993 1170 3198 1224 corpus
3223 1170 3433 1224 regere,
3465 1162 3519 1210 et
3547 1169 3665 1210 mo-

2090 1262 2240 1312 vere,
2271 1257 2326 1302 et
2354 1247 2681 1302 medicinam
2723 1249 2795 1302 illi
2839 1247 3122 1312 adhibere,
3159 1257 3214 1302 et
3261 1246 3508 1302 consiliis
3549 1248 3665 1301 suis

2089 1337 2399 1400 ostendere,
2438 1353 2558 1405 quae
2598 1327 2797 1391 bbnam
2841 1337 3072 1391 aiierant
3102 1336 3493 1391 valetudinem.
3526 1334 3664 1389 illud

2092 1441 2255 1495 porro
2305 1427 2470 1480 etiam
2526 1429 2875 1482 considerare
2943 1443 3039 1480 vos
3090 1435 3329 1496 Oportet,
3367 1426 3664 1481 Ecciesiam

2093 1519 2166 1572 ita
2199 1534 2321 1574 esse
2361 1534 2391 1573 a
2421 1518 2655 1572 Domino
2695 1521 2751 1573 in
2785 1529 2898 1574 tuto
2925 1521 3268 1584 aediﬁcatam,
3301 1528 3362 1572 ut
3390 1527 3560 1588 portae
3589 1517 3673 1570 in.

2091 1612 2194 1668 feri
2225 1629 2505 1682 nunquam
2544 1614 2655 1668 sint
2695 1614 2961 1667 adversus
2993 1628 3113 1668 eam
3139 1613 3536 1682 praevaliturae;
3561 1611 3674 1665 bae-
3705 1622 3717 1630 '

2093 1722 2266 1772 roses,
2320 1708 2568 1776 inquam,
2622 1715 2814 1760 contra
2875 1709 3159 1761 veritatem
3216 1706 3588 1775 insurgentes,
3619 1715 3676 1759 et

2093 1811 2406 1858 sectatores
2447 1816 2577 1856 suos
2633 1801 2686 1854 in
2743 1801 3067 1856 barathrum
3123 1801 3426 1854 inferorum
3490 1799 3674 1854 detur-

404 1889 578 1959 μένας
628 1889 873 1959 δηλονότι
920 1893 985 1961 τῇ
1045 1889 1280 1961 ἀληθείᾳ
1335 1892 1472 1961 πρὸς
1532 1891 1658 1963 ᾅδου
1711 1891 1986 1961 βάραθρον

2105 1897 2331 1950 bantes:
2383 1894 2488 1948 hoc
2535 1895 2678 1948 enim
2722 1894 2796 1946 illi
2832 1896 2976 1948 velut
3026 1893 3286 1948 eximium
3331 1895 3564 1963 largitus
3596 1902 3680 1947 est

398 1982 532 2045 τοὺς
567 1980 932 2050 πειθομένους
963 1981 1338 2044 κατασπώσας
1388 1983 1655 2051 αἱρέσεις.
1703 1984 1812 2036 Καὶ
1854 1981 1987 2036 καθ-

402 2063 549 2146 άπερ
575 2072 821 2145 τι.δῶρον
875 2076 1158 2146 ἐξαίρετον
1198 2077 1334 2146 αὑτῇ
1383 2076 1541 2128 τοῦτο
1606 2077 1861 2139 δέδωκεν,
1924 2092 1986 2128 ου

403 2169 574 2255 χωρὶς
604 2169 715 2222 οὐδ’
745 2168 811 2221 ἄν
844 2161 910 2239 ἦν
947 2168 1092 2237 μέγα
1157 2169 1216 2220 τό
1264 2169 1364 2235 τῆς
1424 2169 1764 2235 οἰκονομίας,
1827 2167 1987 2234 εἴπερ

405 2254 610 2332 ἤμελλε
653 2262 748 2313 καλ
783 2261 1113 2333 μετ’ὶαὺτὴν
1146 2259 1386 2317 ἀνιάτως
1424 2259 1706 2327 νοσήσασα
1761 2257 1855 2310 καὶ
1887 2254 1988 2325 ’τῷ

402 2354 592 2424 ψεύδει
637 2354 1108 2424 κατασχεθεῖσαλῆ
1146 2353 1466 2420 περιῶφθαι
1512 2353 1895 2415 παντάπασιν,
1953 2350 1986 2421 ἥ

407 2446 722 2516 φαρμάκιον
755 2444 966 2496 δεῖσθαι
1020 2444 1508 2512 δραστικωτέρων.
1561 2444 1674 2495 Καὶ
1721 2442 1826 2496 ὑπὸ
1892 2443 1990 2512 μὲν

408 2538 504 2602 τοῦ
530 2537 760 2605 ψεύδους
778 2537 991 2606 ταύτην
1018 2535 1489 2605 ἐνοχληθὴσεσθαι
1524 2537 1818 2605 συγχωρεῖ,
1842 2535 1991 2597 ὅπως

407 2621 466 2686 δὲ
493 2635 586 2685 καὶ
615 2633 872 2697 καθάπαξ
903 2633 1037 2703 ἁλῷ,
1061 2632 1152 2684 καὶ
1173 2626 1335 2702 δούλη
1370 2632 1595 2701 γένηται
1621 2631 1722 2700 τῆς
1749 2632 1990 2701 ἀπάτης,

406 2719 470 2779 σο
503 2743 668 2794 φησιν
713 2723 1054 2795 ἐπιτρέψειν.
1101 2723 1433 2795 Ἐκκλησίαν
1486 2725 1543 2776 δέ
1601 2741 1662 2791 γε
1697 2723 1833 2775 Θεοῦ
1862 2723 1990 2784 τοὺς

412 2820 574 2872 πέντε
606 2819 714 2870 τῶν
738 2817 1100 2888 πατριαρχῶν
1133 2814 1274 2869 εἶναι
1323 2816 1552 2885 θρόνους
1583 2818 1678 2869 καὶ
1733 2812 1860 2878 τοὺς
1896 2814 1992 2867 αὑ-

410 2899 526 2973 τοῖς
561 2909 960 2973 ὑπακούοντας,
996 2910 1129 2962 οἵτε
1162 2909 1272 2962 τῶν
1310 2908 1555 2962 συνόδων
1603 2909 1850 2973 κανόνες,
1902 2909 1996 2961 καὶ¹

409 3003 471 3055 τό
509 3000 721 3073 μακρὸν
755 2985 925 3069 αὑτῆς
958 3001 1103 3064 ἔθος,
1129 3001 1224 3054 καὶ
1259 3000 1368 3053 τῶν
1397 3002 1743 3070 πραγμάτων
1771 3001 1803 3070 ἠ
1832 2998 1995 3068 φύσις

412 3096 877 3165 ὑπαγορεύουσιν.
913 3096 978 3149 El
1009 3094 1120 3166 γάρ
1153 3111 1302 3157 τινες
1343 3092 1454 3146 τῶν
1497 3093 1838 3162 ὁπουδήποτε
1894 3092 1997 3161 γῆς

413 3188 698 3260 ἀρχόντων
745 3187 943 3257 ἀλογίᾳ
989 3182 1084 3241 καὶ
1135 3186 1414 3258 τυραννίδι
1463 3185 1561 3255 τὴν
1617 3185 1827 3238 τούτων
1859 3183 1996 3253 ὁμοῦ

416 3285 637 3336 πάντων
671 3281 782 3335 τῶν
811 3281 1020 3352 θρόνων
1047 3273 1424 3350 ποιμαντικὴν
1486 3279 1863 3348 ἀπηνήναντο,
1901 3278 1996 3330 καὶ

415 3378 706 3447 χαίρουσιν
734 3373 824 3444 ὑφ’
844 3374 1029 3427 αὑτῶν
1057 3363 1500 3442 ποιμαινόμενοι,
1533 3375 1627 3424 καὶ
1651 3371 1814 3441 νόμος
1845 3370 1997 3431 ὄντες

419 3460 605 3537 σφίσιν
645 3468 854 3532 αὑτοῖς,
909 3467 1011 3520 οὑκ
1047 3464 1378 3534 ἐπαινούσης
1409 3464 1572 3517 τοῦτο
1614 3464 1713 3534 τῆς
1763 3462 1999 3531 Ἐκκλη-

419 3564 544 3624 σίας
597 3563 694 3616 καὶ
737 3559 1072 3631 βουλομένης
1119 3559 1320 3623 ἐξεῖναι
1385 3559 1554 3612 πᾶσιν
1606 3557 1750 3611 οὕτω
1799 3558 1997 3620 ποιεῖν,

417 3655 558 3708 ἀλλὰ
613 3650 1171 3722 συγκαταδαινούσης
1211 3653 1280 3720 τῇ
1336 3648 1514 3720 τόλμῃ
1577 3649 1672 3702 καί
1723 3665 1774 3700 τι
1813 3649 2000 3717 μεῖζον

416 3745 851 3816 εὐλαϐουμένης,
903 3743 1254 3816 ἐκράτησεν
1320 3741 1413 3806 οὓς
1463 3742 1611 3795 εἴποι
1657 3759 1741 3805 τις
1796 3741 1864 3794 ἂν
1906 3739 2002 3793 καὶ

415 3841 511 3895 νῦν
564 3840 870 3908 ἀντιλέγειν
932 3837 1241 3903 ἐθέλοντας,
1310 3836 1370 3888 οὑ
1435 3834 1684 3904 λογισμῷ
1735 3849 1845 3886 τινι
1904 3831 2000 3884 καὶ

417 3934 610 4005 καιρόν
662 3932 839 4002 ἔχοντι
891 3931 1042 4000 φόϐῳ
1119 3928 1437 3999 προῆχθαι,
1480 3925 1618 3979 ἀλλά
1677 3923 1847 3978 πάλαι
1905 3938 2001 3992 μετ

421 4030 739 4098 μαθηκότας
818 4023 1223 4094 ἀναισχυντεῖν,
1294 4019 1434 4092 μηδὲ
1494 4017 1590 4073 νῦν
1653 4017 1874 4086 ἀφιέναι
1942 4015 2002 4067 τὸ

416 4117 573 4194 ἦθος.
1047 4128 1063 4146 ⁵

493 4213 710 4266 Τούτων
752 4211 933 4264 τοίνυν
971 4208 1144 4272 οὕτως
1187 4203 1572 4276 ἀναμφιϐόλως
1621 4200 1878 4271 ἐχόντων,
1909 4202 2004 4255 καὶ

425 4306 524 4374 τῆς
561 4306 662 4374 μὲν
703 4302 1032 4372 Ἐκκλησίας
1079 4298 1315 4370 Χριστοῦ
1351 4295 1558 4364 ταύτην
1582 4335 1597 4359 ,
1628 4294 1696 4363 ἦν
1733 4279 1866 4345 ποτε
1911 4295 2005 4345 καὶ

424 4398 622 4462 εἵλετο,
660 4394 816 4460 δόξαν
863 4392 1234 4464 στεργούσης,
1285 4391 1378 4442 καὶ
1428 4390 1588 4459 μέχρι
1621 4386 1824 4449 παντὸς
1870 4386 2006 4437 ἀπο-

424 4491 740 4562 δεξομένης,
782 4489 994 4542 ἐκείνου
1038 4486 1095 4540 δὲ
1147 4485 1428 4557 μηδέποτε
1476 4483 1538 4534 τὸ
1585 4479 1786 4550 ψεῦδος
1837 4495 2008 4532 κατα-

423 4585 724 4653 κρατήσειν
777 4581 947 4649 αὑτῆς
1000 4577 1476 4646 ἐπαγγειλαμένου
1502 4611 1518 4638 ,
1553 4575 1656 4626 οὑκ
1687 4571 1800 4624 ἔσθ’
1830 4572 2003 4632 ὅπως,
2035 4595 2087 4653 D

426 4683 478 4730 εί
503 4681 624 4739 ταῖς
664 4674 1018 4744 ὑποσχέσεσι,
1056 4671 1257 4741 μᾶλλον
1291 4669 1348 4721 δὲ
1391 4669 1512 4729 ταῖς
1539 4663 1883 4734 εὐεργεσίαις
1906 4661 2006 4727 τὴν

427 4773 527 4840 τῆς
558 4767 816 4840 ἀληθείας
858 4763 1016 4828 δόξαν
1053 4763 1128 4831 μὴ
1157 4757 1544 4828 διαφυλάξετε,
1578 4754 1878 4824 ἡγούμενοι
1905 4751 2007 4820 τῆς

428 4863 686 4934 ἀληθείας
726 4857 1057 4927 κατισχῦσαι
1092 4857 1154 4907 τὸ
1199 4852 1417 4921 ψεῦδος,
1462 4850 1494 4918 ἢ
1531 4848 1812 4918 μενουσῶν
1861 4846 2008 4909 ὲκεί-

429 4972 538 5008 νων
577 4952 806 5020 κυρίων,
855 4945 1001 5000 τοῦτ’
1025 4947 1180 4998 αὑτοὶ
1223 4941 1561 5010 νομίζοντες,
1591 4939 1651 4990 οὑ
1697 4934 1926 5007 μάταιόν
1957 4951 2010 4985 τι

428 5047 610 5112 δόξετε
640 5045 843 5112 λέγειν.
888 5041 958 5093 Ἦ
992 5041 1102 5109 γὰρ
1157 5038 1372 5105 ἀνάγκη
1436 5035 1527 5087 τὸν
1589 5034 1686 5101 τῆς
1751 5027 2011 5100 ἀληθείας

429 5140 589 5208 λόγον
641 5136 964 5196 διαπεσεῖν,
1000 5132 1100 5202 τῆς
1146 5126 1478 5196 Ἐκκλησίας
1537 5123 1878 5192 ὑπαχθεῖσης
1931 5117 2010 5188 τῷ

431 5234 642 5305 ψεύδει,
682 5233 716 5303 ἦ
749 5229 1042 5299 παρελθεῖν
1072 5228 1275 5278 ἐκεῖνον
1303 5224 1363 5276 οὑ
1397 5221 1624 5274 δυνατὸν
1649 5217 1731 5281 ὃν,
1757 5217 1851 5268 καὶ
1883 5214 2014 5264 ταύ-

435 5345 534 5400 την
579 5328 680 5391 τῆς
715 5325 826 5378 τῶν
864 5321 1132 5392 χειρόνων
1164 5316 1404 5386 ὑποψίας
1450 5312 1732 5370 παντελῶς
1767 5308 2013 5378 ἀπηλλά-

435 5422 584 5493 χθαι.
629 5420 694 5472 Εἰ
725 5416 908 5470 τοίνυν
939 5415 1118 5466 ἐκεῖνο
1160 5409 1505 5480 βλασφημία,
1557 5404 1758 5474 μᾶλλον
1805 5401 1861 5453 δὲ
1918 5419 2020 5469 μοι⁵

436 5517 524 5570 νία
557 5516 757 5583 σαφὴς,
789 5509 933 5564 τοῦτ’
965 5507 1032 5562 ἂν
1057 5505 1270 5559 αἱνετὺν
1303 5503 1392 5570 εἴη
1425 5501 1524 5552 καὶ
1567 5499 1792 5558 πισταῖς
1826 5497 2018 5556 ἀκοαῖς

436 5612 532 5662 καὶ
561 5607 809 5676 γνώμαις
840 5600 1264 5671 εὐπρόσδεκτον.
1297 5595 1496 5648 Καίτοι
1543 5592 1654 5644 τῶν
1692 5590 1854 5644 θείων
1888 5588 2018 5640 ἄνευ

437 5697 704 5771 χρησμῶν
748 5693 970 5762 καὶτῆς
1001 5691 1060 5754 ὲξ
1116 5687 1298 5740 αὑτῶν
1349 5683 1688 5749 ἀσφαλείας,
1744 5679 1852 5734 οὐδ’
1888 5680 2020 5739 ὅλως

634 5786 1015 5858 ἀμφιϐάλλειν,
1051 5779 1269 5848 ἀπλανῆ
1321 5783 1484 5846 μέχρι
1526 5775 1726 5834 παντὸς
1760 5772 1859 5838 τὴν
1904 5766 2024 5820 Ἐκ-

442 5883 676 5952 κλησίαν
716 5877 852 5934 Θεοῦ
908 5870 1344 5948 τηρηθήσεσθαι,
1403 5871 1498 5922 καὶ
1553 5868 1611 5920 τὸ
1657 5865 1754 5934 τῆς
1807 5863 2025 5929 ἀπάτης

2096 1992 2328 2052 donum,
2379 1988 2497 2041 sine
2539 2001 2647 2056 quo
2679 2001 2874 2056 magna
2909 2001 2997 2040 res
3045 2001 3154 2040 non
3189 1994 3338 2041 esset
3378 1986 3664 2054 dispensa-

2099 2080 2266 2134 tionis
2312 2079 2658 2149 mysterium,
2705 2079 2752 2132 si
2790 2077 3036 2131 futurum
3065 2085 3204 2140 erat,
3255 2084 3313 2129 ut
3369 2076 3463 2129 illo
3504 2076 3667 2129 etiam

2099 2181 2343 2240 peracto,
2378 2171 2572 2225 morbo
2623 2170 2902 2224 laboraret
2955 2169 3276 2233 insanabili,
3315 2177 3369 2223 et
3414 2181 3678 2238 oppressa

2098 2260 2389 2316 mendacio
2427 2261 2510 2314 vel
2536 2261 2748 2330 jaceret
2788 2263 3006 2329 penitus
3060 2261 3324 2329 neglecta.
3386 2261 3470 2314 vel
3517 2259 3682 2329 phar-

2100 2354 2274 2408 macis
2309 2353 2579 2422 indigeret
2620 2355 3043 2422 potentioribus.
3098 2355 3164 2407 Et
3210 2369 3240 2408 a
3285 2353 3526 2408 falsitate
3555 2353 3677 2421 qui-

2099 2445 2221 2500 dem
2261 2444 2458 2516 agitari
2490 2447 2636 2500 illam
2681 2447 2970 2515 permit-tit,
3001 2455 3058 2499 ut
3081 2460 3207 2500 vero
3238 2448 3555 2500 succumbat
3585 2444 3682 2499 fals

2100 2539 2273 2605 iaciae,
2304 2553 2569 2609 errorque
2608 2538 2682 2592 illi
2718 2540 3052 2600 dominetur,
3095 2547 3256 2607 negat
3289 2552 3348 2592 se
3379 2538 3683 2607 permissu-

2103 2647 2250 2686 rum.
2310 2631 2442 2685 Esse
2511 2646 2640 2684 vero
2693 2631 2786 2684 Dei
2848 2630 3150 2684 Ecclesiam
3219 2633 3461 2700 quinque
3525 2631 3683 2685 sedes

2102 2725 2564 2792 patriarcharum,
2599 2733 2652 2777 et
2678 2739 2776 2778 eos
2819 2727 2912 2793 qui
2945 2725 3051 2779 illis
3085 2723 3390 2792 subiacent,
3441 2735 3558 2778 tum
3587 2741 3680 2796 sy-

2103 2819 2376 2874 nodorum
2411 2821 2684 2885 (canones,
2723 2827 2837 2872 tum
2878 2818 3036 2886 longa
3086 2819 3207 2886 ejus
3230 2820 3596 2881 consuetudo,
3629 2829 3684 2873 et

2104 2908 2221 2978 ipsa
2274 2923 2454 2963 rerum
2509 2919 2702 2962 natura
2755 2908 3016 2964 declarat.
3071 2909 3206 2964 Nam
3246 2911 3420 2966 sicubi
3461 2913 3682 2982 quidam

2103 3001 2377 3070 principes
2411 2997 2564 3056 nuila
2600 3001 2811 3057 ratione
2845 3002 3020 3067 ducti,
3069 3004 3164 3057 sed
3197 3006 3486 3074 tyrannice
3549 3020 3696 3090 cun:

2105 3102 2320 3149 clarum
2345 3095 2511 3150 simul
2552 3096 2748 3150 harum
2791 3096 3002 3151 sedinm
3043 3099 3303 3166 pastorali
3333 3099 3526 3154 nolunt
3557 3101 3687 3154 suba

2107 3200 2231 3243 esse
2280 3187 2559 3256 regimini,
2611 3188 2879 3256 juvatque
2938 3189 3063 3244 illos
3112 3205 3142 3245 a
3175 3206 3232 3246 se
3261 3192 3394 3259 ipsis
3429 3193 3600 3262 pasci,
3635 3203 3690 3248 et

2106 3277 2209 3332 sibi
2242 3278 2365 3333 loco
2395 3279 2532 3348 legis
2564 3293 2688 3334 esse
2721 3289 2908 3335 :certe
2934 3297 3042 3335 non
3075 3284 3412 3353 approbante
3455 3287 3558 3342 hoc
3589 3288 3690 3342 Ec.

2106 3372 2296 3436 clesia,
2349 3380 2445 3425 aut
2491 3371 2710 3426 volente
2749 3375 3120 3429 communiter
3181 3375 3232 3427 id
3293 3391 3413 3430 esse
3451 3378 3685 3440 licitum.

2107 3465 2203 3523 sed
2251 3465 2603 3521 condonanle
2636 3466 2768 3520 illud
2820 3467 3086 3533 audaciae,
3127 3486 3193 3523 ne
3227 3470 3357 3539 quid
3401 3471 3558 3540 pejus
3595 3474 3691 3525 ad-

2108 3561 2380 3624 mittatur,
2429 3557 2702 3625 obtinuit;
2739 3573 2881 3626 quos
2907 3557 3072 3612 etiam
3118 3575 3264 3614 nunc
3313 3562 3690 3620 contradicere

2109 3651 2357 3706 volentes
2387 3650 2588 3705 dixerit
2617 3650 2916 3718 quispiam,
2951 3664 3060 3703 non
3109 3653 3322 3707 ratione
3354 3653 3538 3724 aliqua
3572 3658 3688 3711 sive

2108 3752 2417 3814 opportuno
2483 3744 2678 3796 timore
2728 3741 2879 3805 duci,
2931 3743 3026 3797 sed
3073 3745 3296 3812 antiqua
3345 3746 3690 3816 impudenter

2111 3836 2305 3905 agendi
2351 3835 2749 3890 consuetudine
2791 3850 2951 3894 suum
3001 3848 3224 3904 quoque
3261 3854 3407 3894 nunc
3463 3855 3570 3894 non
3600 3844 3694 3898 de-

2111 3927 2352 3982 seruisse
2385 3942 2614 3981 morem.

2183 4203 2318 4258 Cum
2363 4201 2474 4255 haec
2505 4203 2575 4255 ita
2605 4201 2792 4270 procul
2823 4201 2990 4256 duL-io
3031 4216 3089 4257 se
3126 4200 3382 4266 habeant,
3413 4216 3466 4257 et
3495 4203 3697 4261 Chris'i

2113 4297 2332 4366 quidem
2356 4294 2595 4348 Ecclesia
2633 4296 2956 4348 sententiam
2983 4296 3143 4360 hanc,
3175 4299 3490 4352 utramlibet
3519 4299 3695 4364 dicas,

2116 4395 2403 4456 sequatur,
2458 4392 2514 4438 et
2547 4394 2802 4462 secutura
2846 4399 3062 4450 semper
3111 4388 3215 4451 sit;
3270 4389 3359 4442 ille
3384 4404 3511 4443 vero
3567 4405 3697 4458 pro-

2117 4477 2330 4532 miserit
2353 4476 2490 4536 fore,
2519 4485 2577 4527 ut
2631 4475 2745 4544 ipsa
2800 4490 3075 4544 nunquam
3132 4488 3482 4545 superetura
3544 4497 3700 4534 men-

2117 4569 2296 4634 dacio,
2331 4566 2444 4620 ﬁeri
2481 4581 2585 4620 non
2616 4576 2817 4634 potest,
2838 4568 2966 4636 qttin
2997 4567 3177 4620 inania
3201 4569 3348 4638 loqui
3379 4571 3698 4638 videamini,

2115 4661 2160 4716 si
2195 4660 2276 4715 vel
2307 4659 2615 4729 promissis.
2659 4659 2770 4714 imo
2800 4674 2930 4713 vero
2963 4659 3178 4713 collatis
3223 4660 3502 4714 beneflciis
3545 4665 3690 4716 veri-

2116 4752 2243 4804 tatis
2266 4751 2375 4804 vim
2409 4749 2670 4818 opinione
2693 4759 2872 4802 vestra
2923 4751 3226 4817 denegetis,
3259 4760 3620 4818 expugnatam
3668 4774 3694 4802 ει

2115 4842 2403 4897 mendacio
2452 4841 2731 4894 veritatem
2804 4841 3204 4904 existimantes,
3267 4850 3360 4895 aut
3399 4842 3533 4895 ratis
3591 4843 3698 4897 illis

2117 4933 2468 4988 manentibus
2493 4934 2594 4987 hoc
2621 4931 2735 4998 jam
2779 4933 3036 4986 evenisse
3066 4933 3292 5000 putetis.
3346 4931 3582 4987 Necesse
3613 4947 3696 4988 est

2115 5028 2264 5082 enim
2297 5035 2393 5080 aut
2415 5025 2587 5080 falsus
2611 5025 2883 5080 exstiterit
2911 5024 3161 5079 veritatis
3208 5040 3413 5090 sermo,
3452 5025 3694 5083 Ecclesia

2118 5138 2216 5192 per
2239 5121 2586 5175 memiacium
2618 5120 2866 5183 seducta,
2899 5126 2994 5172 aut
3017 5118 3062 5172 si
3101 5118 3214 5172 lieri
3248 5135 3356 5173 non
3398 5129 3576 5188 potest
3639 5131 3698 5175 ut

2119 5215 2169 5269 is
2199 5221 2512 5273 evanescat,
2543 5211 2632 5262 illa
2663 5225 2886 5279 quoque
2911 5210 3080 5262 libera
3104 5210 3328 5264 omnino
3357 5210 3428 5265 sit
3449 5211 3518 5265 ab
3551 5214 3700 5265 omni

2121 5306 2388 5361 malorum
2450 5302 2790 5370 suspicione.
2848 5303 2904 5353 Si
2954 5315 3085 5369 ergo
3147 5302 3278 5356 illud
3335 5301 3698 5372 blaspheme,

2123 5413 2217 5453 seu
2257 5397 2437 5464 potius
2470 5404 2655 5464 aperta
2702 5403 2788 5447 est
2826 5394 3059 5456 insania,
3123 5404 3292 5450 restat
3346 5396 3450 5448 hoc
3507 5408 3700 5461 appro-

2122 5489 2384 5551 bandum,
2416 5469 2630 5560 piisque
2679 5486 2906 5539 auribus
2953 5497 3117 5554 atque
3157 5487 3355 5538 animis
3390 5485 3700 5550 suscipien—

2124 5582 2272 5636 dum.
2336 5581 2658 5647 Quanquam
2709 5580 2935 5632 omiSsis
2976 5579 3137 5629 etiam
3180 5576 3382 5629 divinis
3441 5573 3705 5640 oracul's,

2125 5683 2177 5726 et
2210 5673 2564 5742 proveniente
2625 5685 2690 5723 es
2752 5671 2861 5723 illis
2897 5667 3252 5730 certitudine,
3287 5665 3435 5718 nulla
3501 5666 3714 5719 ratione

2127 5762 2488 5816 dubitandum
2513 5770 2682 5822 esset,
2709 5760 2844 5828 quin
2885 5757 2977 5810 Dei
3006 5754 3247 5808 Ecclesia
3306 5755 3378 5810 sit
3427 5755 3483 5810 in
3517 5769 3713 5825 per-pec

2131 5869 2285 5910 tuum
2359 5856 2478 5909 sine
2545 5853 2655 5907 ullo
2713 5864 2901 5905 errore
2957 5843 3246 5911 servantia,
3281 5859 3332 5901 et
3372 5847 3714 5914 decvptmuis
