4170 6294
414 390 526 454 165

1610 406 1893 467 ORATIO
1919 409 1976 468 Il
2018 410 2115 469 AD
2157 409 2535 472 SYNODUM.

3569 399 3674 469 466

416 508 512 560 καὶ
564 507 704 574 σφᾶς
738 507 994 577 ὠφελεῖν,
1044 515 1332 579 κάκείνους
1389 519 1455 572 άν
1509 540 1562 574 τι
1598 522 1801 591 λέγωσι
1835 540 1995 592 μετα-

2104 524 2310 590 possint
2344 525 2411 579 de
2457 524 2730 579 sententia
2771 523 3067 578 dimovere.
3102 523 3167 574 At
3201 537 3326 575 vero
3355 519 3671 580 latinorum

413 598 659 652 πείθεινο
694 603 762 669 τῇ
812 601 870 656 δὲ
935 604 1180 660 Λατίνων
1233 608 1536 683 Ἐκκλησία
1588 615 1686 677 τὰς
1733 613 1991 677 τοιαύτας

415 689 652 759 ὑποψίας
690 691 813 746 οὐδὲ
848 699 1265 762 προσποιεῖσθαι
1322 701 1452 767 γοῦν
1508 703 1708 770 ἔξεστι.
1765 705 1992 776 Πρῶτον

421 780 522 848 μὲν
555 784 664 853 γὰρ
695 784 850 838 οὐδέν
881 789 996 842 ἐστι
1031 791 1191 856 γένος
1218 792 1486 859 Λατίνων,
1516 795 1543 848 δ
1575 795 1649 866 μὴ
1683 798 1794 861 τοῖς
1817 796 1991 862 αὑτῆς

422 872 620 945 ὑπείκῃ
671 875 1089 948 προστάγμασιο
1128 883 1326 952 μᾶλλον
1359 886 1405 938 δ’
1443 887 1595 940 οὐδέν
1623 889 1794 953 ἐστιν,
1822 891 1850 944 ὃ
1890 895 1992 960 τῆς

418 965 550 1034 πρὸς
583 968 786 1039 ταύτην
815 971 999 1035 αίδοῠς
1039 981 1396 1047 παραχωρεῖν
1438 979 1506 1032 ἂν
1549 981 1836 1052 ἀνάσχοιτο
1882 986 1990 1039 τῶν

418 1059 724 1123 πρωτείων.
782 1060 939 1116 Οὑτω
996 1066 1201 1134 πολλῆς
1253 1071 1406 1138 παρὰ
1453 1073 1678 1126 πάντων
1727 1075 1992 1131 ἀπολαύει

412 1146 602 1214 τιμῆς,
647 1151 741 1203 καὶ
785 1152 1056 1209 τοσούτων
1100 1157 1319 1230 ἀπέχει,
1351 1163 1481 1231 περὶ
1523 1158 1598 1218 ὧν
1631 1163 1698 1218 ἂν
1750 1166 1993 1236 βούλοιτο

411 1240 661 1306 τάττειν,
719 1245 970 1300 ἕνστσσίν
1031 1267 1154 1306 τινα
1216 1256 1310 1307 καὶ
1379 1257 1711 1324 φιλονεικίαν
1772 1259 1992 1314 ὁθενοῦν

317 1393 325 1399 _
413 1331 782 1388 ὑποπτεύειν·
838 1338 966 1392 ἄνευ
1005 1340 1114 1408 γὰρ
1164 1342 1261 1410 τῆς
1302 1347 1426 1414 περὶ
1474 1349 1572 1415 τὴν
1614 1349 1992 1419 πνευματικὴν

412 1423 586 1494 ἀρχὴν
641 1427 966 1496 ἀκριϐείας,
1013 1433 1081 1486 δι’
1143 1433 1210 1502 ἢν
1250 1436 1328 1507 τῷ
1371 1439 1517 1506 ἠπίῳ
1571 1442 1666 1493 καὶ
1718 1442 1990 1509 θεραπευ-

412 1514 550 1585 τικῷ
599 1517 660 1570 τὸ
723 1521 922 1588 στυφδν
977 1526 1289 1593 κεράσασα,
1323 1529 1511 1582 οὐδένα
1552 1532 1660 1585 τῶν
1713 1533 1806 1586 ὑπ’
1851 1535 1988 1604 αὐτῇ

412 1609 763 1677 τεταγμένων
811 1613 873 1682 ἐᾷ
917 1616 1060 1668 κατὰ
1117 1617 1228 1670 τῶν
1279 1620 1417 1691 αὐτῇ
1472 1622 1773 1677 δοκούντων
1823 1642 1992 1695 etp:-

409 1697 698 1764 τεύεσοαι,
758 1704 849 1754 καὶ
911 1705 1186 1775 πρόπετές
1239 1727 1292 1763 τι
1350 1714 1488 1766 κατὰ
1543 1714 1644 1785 τῆς
1700 1718 1992 1794 δεσπρξνης

413 1789 506 1841 καὶ
534 1791 740 1860 μητρὸς
796 1794 1168 1864 ἐνθυμεῖσθαιο
1218 1802 1313 1855 καὶ
1365 1804 1587 1859 Λατῖνοι
1645 1789 1851 1874 πάντες.
1897 1813 1990 1864 καὶ

411 1879 628 1945 ἑκόντες
685 1861 940 1952 μηδενὸς-
991 1888 1396 1956 ἀναγκάζοντος
1453 1895 1591 1966 πρὸς
1651 1861 1989 1970 cuius}
2021 1861 2065 1921 Β

411 1973 702 2027 εὐλάϐειαν
750 1975 1064 2046 ὥρμηνται,
1126 1983 1290 2054 σοφίᾳ
1347 1989 1441 2039 καὶ
1499 1990 1761 2058 φρονήσει
1824 1992 1991 2047 πλέον

409 2063 520 2116 τῶν
549 2065 726 2119 ἄλλων
763 2072 1195 2140 κεκοσμημένοι,
1255 2077 1360 2128 κάν
1397 2079 1521 2140 ταῖς
1579 2083 1831 2152 συνεχέσι
1871 2084 1984 2138 τῶν

411 2153 750 2208 διδασκάλων
803 2157 1171 2231 δημηγορίαις
1208 2163 1411 2217 ὁπόσον
1467 2184 1520 2220 τι
1593 2169 1767 2241 ταύτῃ
1829 2174 1990 2238 σέϐας

412 2243 689 2310 ὀφείλεται
721 2247 1120 2320 διδασκόμενοι.
1164 2253 1331 2309 ’Ὥστε
1361 2260 1427 2330 τῇ
1471 2259 1608 2328 πρὸς
1649 2262 1822 2330 αὐτὴν
1852 2265 1994 2319 αίδοῖ

414 2335 510 2387 καὶ
536 2338 602 2406 τῇ
635 2337 816 2391 πίστει
843 2341 1016 2395 πολλὰ
1046 2344 1140 2396 καὶ
1168 2348 1280 2408 τοῖς
1304 2348 1473 2418 αὐτῆς
1499 2351 1833 2420 προστάταις
1863 2371 1994 2424 συγ-

417 2428 804 2498 κεχωρήκασιν
828 2447 844 2461 ο
874 2431 910 2486 ἃ
943 2433 1042 2500 τῆς
1071 2435 1182 2488 τῶν
1216 2437 1528 2493 δεδωκότων
1567 2442 1992 2513 εὐγνωμοσύνης

415 2515 689 2583 ἀπόδειξις
721 2519 872 2586 ὄντα,
915 2526 1029 2588 τοῖς
1066 2527 1164 2581 οὐκ
1195 2529 1360 2581 εἰδόσι
1389 2531 1622 2600 χρῆσθαι
1647 2534 1828 2598 καλῶς
1853 2536 1993 2590 ὀνει-

416 2605 524 2660 δῶν
555 2609 698 2680 άρχὴ
750 2613 844 2665 καὶ
881 2617 1196 2670 σκανδάλων
1243 2620 1401 2674 εἴωθε
1453 2621 1722 2689 γίνεσθαι.
1781 2627 1996 2682 Οὐκοῦν

418 2701 515 2754 καὶ
564 2701 829 2774 νεώτερόν
881 2724 935 2760 τι
987 2709 1364 2784 νομοθετούσῃ
1398 2714 1566 2784 μηδὲν
1597 2716 1996 2792 πολυπραγμο-

417 2792 636 2861 νοῦντες
671 2796 873 2858 πάντες
903 2799 1250 2867 προσέξουσι·
1282 2805 1377 2858 καὶ
1411 2805 1508 2860 νῦν
1536 2811 1634 2880 οὑχ
1668 2805 1834 2882 ἦττον
1867 2815 1992 2868 ὲπι-

418 2880 677 2946 δείξονται
704 2888 802 2955 τὴν
828 2885 980 2951 αίδὼ,
1028 2889 1116 2942 ὅτε
1151 2891 1246 2944 καὶ
1294 2892 1640 2964 πειθομένοις
1666 2880 1825 2971 εῖπερ
1861 2905 1994 2956 ποτὶ

420 2971 798 3044 λυσιτελήσειν
848 2978 1132 3047 ἡγοῦνται,
1169 2984 1262 3034 καὶ
1315 2985 1696 3054 ἀντιλέγοντες
1741 2991 1997 3064 δριμυτέ-

427 3082 524 3134 ρας
579 3067 690 3120 τῶν
749 3071 997 3141 συνήθων
1040 3072 1235 3129 δώσειν
1297 3078 1553 3144 εὐθύνας.
1616 3083 1848 3138 Ἔπειτα
1901 3089 1998 3140 καὶ

2095 615 2354 668 Ecclesz
2388 616 2728 682 suspiciones
2791 615 3060 684 ejusmodi
3117 629 3184 668 nc
3240 613 3499 669 simulare
3554 615 3672 682 qui-

2092 705 2213 759 dem
2243 707 2386 760 licet.
2411 704 2592 760 Primo
2609 705 2752 759 enim
2788 705 2992 758 nullum
3024 712 3108 761 est
3137 705 3451 760 Latinorum
3472 721 3669 774 genus,

2092 799 2236 868 quod
2265 799 2533 854 mandatis
2557 799 2679 866 ejus
2704 815 2810 853 non
2833 808 3020 869 pareat
3047 815 3061 862 ;
3092 799 3222 867 quin
3258 799 3438 867 potius
3457 799 3665 852 nullum

2095 902 2197 954 est,
2232 890 2374 959 quod
2406 905 2465 944 se
2492 891 2545 942 in
2586 905 2648 944 ea
2678 891 2904 944 colenda
2937 899 2994 943 et
3037 889 3375 944 observanda
3439 889 3674 956 putidul-

2098 981 2234 1035 vinci
2267 983 2334 1035 ab
2359 982 2482 1036 aliis
2516 999 2527 1034 :
2567 980 2704 1035 adeo
2744 982 2945 1036 multus
3006 981 3197 1049 honor_
3235 979 3283 1033 ei
3315 978 3552 1033 defertur
3605 980 3673 1032 ab

2096 1073 2370 1135 omnibus,
2407 1080 2725 1143 tantumque
2754 1072 2908 1127 abest
2939 1083 2994 1126 ut.
3038 1071 3241 1126 incidat
3298 1071 3372 1124 illi
3408 1071 3668 1138 suspicio.

2095 1179 2160 1218 ne
2193 1181 2296 1232 qua
2330 1165 2432 1220 sibi
2470 1165 2739 1220 adversus
2784 1180 2845 1218 ea
2903 1180 3022 1233 qua:
3053 1164 3351 1233 prmcipcre
3416 1163 3669 1222 voluerit,

2095 1259 2454 1325 repugnantia
2522 1273 2616 1310 seu
2675 1257 2954 1312 contentio
3011 1256 3264 1310 alicunde
3332 1253 3668 1309 suboriatur.

2094 1347 2227 1401 Nam
2263 1358 2455 1417 praeter
2507 1349 2812 1402 absolutam
2867 1347 3130 1417 spiritalis
3189 1348 3394 1402 domini
3439 1357 3673 1416 potesta-

2095 1448 2235 1503 tem,
2289 1455 2380 1506 per
2433 1455 2598 1510 quam
2646 1437 2873 1507 benigna
2924 1439 3346 1492 mansuetudine
3407 1447 3672 1507 temperat

2094 1531 2462 1593 severitatem,
2487 1545 2585 1585 nec
2618 1530 2751 1585 sinit
2781 1542 2969 1585 contra
2999 1546 3094 1584 sua
3127 1531 3274 1601 jussa
3326 1530 3668 1586 subditorum

2095 1621 2328 1691 aliquem
2351 1636 2471 1676 sese
2493 1620 2772 1683 extollere,
2803 1629 2896 1674 aut
2930 1621 3179 1687 petulans
3213 1619 3495 1689 quidpiam
3538 1635 3670 1671 eou-

2097 1721 2177 1766 tra
2237 1711 2513 1766 dominam
2567 1719 2621 1764 et
2668 1719 2892 1766 matrem
2942 1712 3181 1782 cogitare
3223 1711 3250 1764 :‘
3271 1709 3447 1763 Latini
3506 1711 3669 1764 etiam

2097 1820 2288 1859 omnes
2311 1814 2506 1872 sponte
2536 1819 2632 1860 sua
2662 1816 2890 1874 cogente
2921 1805 3158 1866 nemine,
3201 1819 3302 1859 suo
3326 1803 3392 1857 ad
3423 1818 3543 1858 eam
3572 1803 3668 1858 ob-

2095 1895 2420 1949 servandam
2482 1903 2618 1947 nutu
2672 1892 2945 1956 feruntur,
2993 1894 3238 1948 doctrina
3290 1903 3346 1949 et
3385 1894 3668 1962 prudentia

2097 1985 2383 2054 plusquam
2431 1987 2520 2040 alii
2565 1993 2911 2054 praestantesIL
2961 1996 3014 2040 et
3068 1984 3303 2042 assiduis
3358 1998 3666 2052 p‘mconum

2093 2077 2451 2131 conciouibus
2483 2076 2687 2144 edocti,
2722 2087 2927 2146 quanta
2961 2075 3032 2130 illi
3073 2075 3332 2130 debeatur
3365 2074 3666 2128 veneratio.

2095 2165 2282 2234 Itaque
2307 2167 2691 2228 reverentiam,
2724 2181 2827 2235 qua
2861 2166 3008 2220 illam
3036 2173 3462 2234 prosequuntur,
3491 2173 3543 2218 et
3569 2163 3672 2216 tide

2094 2257 2240 2310 ducti
2283 2255 2466 2310 multis
2495 2271 2712 2326 quoque
2739 2255 2900 2310 bonis
2930 2257 3201 2310 donarunt
3231 2253 3352 2323 ejus
3381 2254 3670 2325 pnesules,

2094 2361 2213 2417 quae
2249 2362 2373 2402 cum
2427 2347 2572 2417 piam
2609 2362 2821 2406 eorum.
2875 2345 2968 2416 qui
3006 2345 3096 2401 illa
3149 2346 3365 2410 dedere,
3429 2357 3668 2400 mentem

2096 2439 2396 2506 declarent,
2425 2454 2571 2508 saepe
2619 2439 2940 2508 probrorum
2972 2447 3027 2493 et
3083 2438 3465 2496 scandalorum
3517 2438 3673 2508 origo

2097 2530 2163 2586 iis
2196 2532 2350 2595 fiunt,
2383 2531 2477 2601 qui
2513 2530 2653 2584 datis
2684 2530 2827 2585 bene
2860 2532 2937 2583 uti
2978 2528 3248 2584 nesciunt.
3282 2525 3518 2581 Proinde
3574 2543 3669 2579 no-

2097 2638 2222 2677 vum
2261 2623 2424 2678 etiam
2465 2623 2686 2692 aliquod
2706 2621 2900 2677 edente
2947 2622 3254 2682 decretum,
3287 2635 3478 2674 eomes
3535 2619 3668 2672 illud

2097 2714 2217 2768 sine
2243 2714 2350 2768 ulla
2383 2713 2704 2768 curiositate
2765 2713 3068 2783 recipient:
3124 2721 3178 2766 et
3213 2728 3356 2775 nunc
3395 2711 3534 2766 haud
3572 2713 3670 2767 tui-

2098 2821 2285 2862 norem
2317 2807 2654 2874 prmstabunt
2677 2807 3056 2871 reverentiam,
3083 2822 3207 2861 cum
3232 2806 3359 2871 sibi,
3381 2807 3425 2861 si
3449 2806 3670 2876 quando

2097 2895 2256 2960 alias,
2296 2895 2662 2952 obedientiam
2701 2898 3020 2953 existimant
3079 2897 3443 2966 profuturam,
3512 2907 3564 2950 ct
3619 2896 3666 2949 si

2101 2999 2425 3059 repugnent.
2491 2989 2800 3060 asperiores
2869 2989 3030 3043 solito
3087 3003 3378 3057 septenas
3425 2988 3670 3042 daturos.

2100 3080 2254 3146 Quod
2285 3081 2328 3134 si
2369 3080 2565 3147 vellent
2590 3080 2750 3134 etiam
2777 3079 3125 3142 contendere,
3163 3080 3310 3132 nulla
3369 3086 3513 3134 esset
3567 3079 3675 3132 illis

422 3155 778 3257 βουληθέντες
811 3165 1138 3230 φιλονεικεῖν
1166 3168 1427 3237 οὐδεμίαν
1456 3170 1643 3236 ἕξουσι
1681 3175 1954 3244 πρόφασιν
1979 3193 1992 3208 ⁸

2103 3171 2322 3226 occasio
2350 3186 2365 3225 :
2399 3186 2506 3226 non
2541 3171 2688 3226 enim
2721 3185 2859 3225 nova
2879 3170 3058 3240 aliqua
3084 3170 3436 3226 induceretur
3463 3171 3672 3238 opinio,

420 3247 481 3298 οὐ
515 3247 624 3318 γὰρ
654 3247 722 3301 ἂν
749 3253 990 3322 νεωτέρα
1026 3271 1114 3315 τις
1160 3257 1436 3326 εἰσάγοιτο
1484 3261 1646 3326 δόξα,
1682 3264 1800 3316 ἀλλ’
1829 3268 1995 3334 ἀφαι-

427 3338 569 3404 ροῖτο
621 3341 1077 3414 προστεθειμένη’
1110 3345 1138 3400 ὃ
1195 3351 1392 3402 ταυτόν
1444 3353 1562 3404 ἐστι
1597 3353 1688 3406 καὶ
1723 3355 1859 3424 πρὸς
1896 3357 1996 3426 τὴν

421 3428 660 3500 ἀρχαίαν
692 3433 979 3487 ἐπανιέναι
1009 3437 1106 3489 καί⁹
1153 3438 1336 3509 πάσης
1369 3441 1600 3512 ὑποψίας
1637 3444 1998 3515 ἀπηλλαγμέ-

420 3538 520 3591 νην
565 3523 881 3592 ὁμολογίαν.
912 3527 1149 3584 ’Δτοπον
1199 3527 1294 3585 οὖν
1343 3531 1410 3586 ἂν
1458 3537 1544 3605 εἴη
1596 3539 1998 3611 καινοτομούσῃ

426 3617 523 3682 μὲν
555 3621 822 3688 πρότερον
853 3621 1170 3688 πείθεσθαι,
1206 3625 1476 3697 ἐχομένης
1506 3629 1562 3682 δὲ
1592 3630 1704 3683 τῶν
1746 3631 1996 3701 ἀρχαίων

422 3708 519 3760 καὶ
565 3709 736 3763 ταῦτα
777 3713 1100 3784 βεϐαιούσης
1135 3714 1496 3784 ἀφίστασθαιο
1546 3721 1642 3774 καὶ
1680 3706 1852 3792 μόνης
1893 3723 1992 3791 μὲν

420 3800 489 3851 τά
519 3801 744 3854 τοιαῦτα
791 3805 1133 3876 πραττούσης
1173 3808 1342 3878 μηδὲν
1372 3810 1738 3879 ὑποπτεύειν,
1774 3814 1910 3882 μετὰ
1939 3813 1996 3866 δὲ

419 3889 529 3941 τῶν
580 3891 826 3966 διδελφῶν
858 3895 1295 3966 ἀνευρισκούσης
1349 3900 1411 3955 τὸ
1467 3901 1611 3966 δέον,
1646 3903 1992 3971 ἀμφιγνοεῖνο

421 3981 514 4032 καὶ
547 3985 712 4053 τιμᾷν
742 3984 843 4053 μὲν
878 3987 1078 4052 αὐτοὺς
1112 3989 1216 4042 ὑπὸ
1262 3992 1372 4044 τῶν
1419 3992 1598 4047 ἄλλων
1647 3993 1996 4065 πολεμουμέ-

419 4090 542 4141 νην,
569 4077 681 4137 τοῖς
741 4075 798 4128 δὲ
853 4076 1117 4148 πρότερον
1165 4080 1456 4149 δυσμενέσι
1521 4081 1617 4136 νῦν
1678 4086 1995 4155 συμμάχοις

419 4167 712 4234 χρωμένην
737 4205 752 4229 ,
786 4171 1169 4236 καταφρονεῖν.
1223 4171 1285 4222 Εί
1327 4173 1438 4242 γὰρ
1475 4171 1700 4242 ἔμελλόν
1729 4189 1862 4227 ποτε
1895 4177 1993 4246 τὴν

419 4255 710 4308 εὐλάϐειαν
753 4257 1162 4328 ἀπορρίψαντες
1187 4300 1204 4324 ,
1241 4260 1472 4321 αὑθαδές
1505 4281 1557 4316 τι
1589 4268 1685 4317 καὶ
1719 4265 1994 4334 προπετὲς

421 4347 714 4416 ἐγχειρεῖν,
766 4349 833 4418 τῇ
879 4348 1068 4402 πίστει
1101 4353 1494 4421 προστιθείσης
1533 4355 1662 4409 ἄνευ
1692 4355 1802 4408 τῶν
1834 4357 1992 4410 ἀδελ-

421 4439 538 4507 φῶν
562 4440 658 4491 καὶ
675 4439 931 4493 τοσοῦτόν
958 4456 1012 4494 τι
1041 4441 1372 4513 θαῤῥούσης,
1397 4445 1620 4513 εὑλογον
1749 4448 1909 4500 Ἐπεὶ
1930 4447 1988 4506 δὲ

2105 3263 2201 3317 sed
2222 3262 2402 3317 addita
2435 3261 2735 3324 tolleretur,
2778 3261 2922 3331 quod
2953 3262 3094 3314 idem
3117 3272 3261 3316 esset
3291 3272 3453 3330 atque
3482 3261 3548 3316 ad
3579 3279 3674 3316 an-

2102 3353 2308 3420 tiquam
2343 3359 2398 3406 et
2463 3351 2612 3407 omni
2673 3352 2984 3418 suspicione
3027 3352 3250 3404 liberam
3310 3352 3487 3405 redire
3541 3367 3673 3406 eou-

2101 3442 2413 3498 fessionem.
2469 3441 2865 3498 lnconveuieus
2950 3458 3080 3512 ergo
3121 3452 3288 3506 esset,
3378 3444 3673 3498 novitatem

2101 3536 2320 3604 quidem
2345 3536 2618 3591 invehenti
2661 3535 2901 3599 obedire,
2932 3536 3000 3589 ab
3027 3549 3090 3588 ea
3142 3551 3270 3588 vero
3325 3536 3480 3589 fidem
3537 3538 3676 3590 anti-

2098 3639 2263 3694 quam
2295 3625 2559 3679 retinente
2580 3634 2632 3677 et
2658 3625 3062 3694 comprobante
3109 3623 3397 3678 recedere:
3450 3633 3502 3678 ct
3561 3627 3672 3680 sola

2098 3714 2318 3784 quidem
2354 3730 2415 3768 ea
2441 3729 2525 3770 res
2557 3715 2866 3784 hujusmodi
2903 3721 3100 3783 agente
3149 3713 3284 3768 nihil
3341 3714 3544 3769 habere
3579 3732 3674 3769 su-

2099 3815 2366 3876 spectum,
2399 3821 2523 3861 cum
2577 3805 2840 3860 fratribus
2891 3815 3071 3860 autem
3107 3805 3480 3875 comperieute
3529 3807 3675 3874 quod

2099 3898 2394 3954 tenendum
2423 3907 2528 3961 est,
2557 3900 2742 3951 animo
2768 3895 3049 3958 ﬂuctuare,
3082 3908 3135 3950 ct
3157 3911 3277 3950 eam
3315 3895 3532 3966 quidem
3581 3911 3675 3964 op-

2099 3997 2390 4056 pugnatam
2425 3987 2495 4040 ab
2553 3986 2675 4039 aliis
2727 3986 2927 4050 colere,
2986 4000 3134 4040 nunc
3183 4000 3332 4050 vero,
3382 3985 3474 4055 qui
3527 3985 3675 4054 prius

2100 4079 2282 4133 hostes
2303 4087 2478 4140 erant,
2526 4078 2707 4133 socios
2745 4078 3031 4133 habentem
3091 4077 3396 4146 aspernari.
3447 4075 3579 4129 Nam
3625 4075 3672 4128 si

2096 4171 2312 4239 quando
2339 4170 2548 4238 abjecta
2593 4169 2891 4225 reverentia
2913 4169 3226 4224 audendum
3258 4169 3384 4236 quid
3410 4178 3530 4223 erat
3567 4167 3678 4221 illis

2099 4262 2460 4332 petulantius,
2500 4271 2928 4319 consentaneum
2955 4271 3072 4317 erat
3098 4260 3149 4312 id
3183 4261 3520 4328 contingere,
3550 4274 3674 4316 cum

2095 4353 2214 4410 sine
2255 4353 2513 4407 fratribus
2573 4353 2750 4419 posuit
2810 4350 3262 4414 additamentum,
3326 4350 3560 4404 tantain
3622 4365 3678 4401 re

2101 4444 2206 4498 sibi
2232 4443 2558 4497 confidens:
2596 4450 2652 4495 at
2676 4457 2798 4496 cum
2847 4456 3037 4495 omnes
3103 4453 3229 4500 tunc
3267 4441 3679 4508 obtemperare-

418 4531 538 4584 τότε
565 4531 767 4595 πάντες
797 4531 1046 4598 ὑπεῖξαν,
1076 4536 1275 4598 παντὸς
1301 4537 1564 4606 λογισμοῦ
1597 4540 1695 4609 τὴν
1729 4542 1809 4602 εἰς
1833 4540 1996 4594 αὑτὸν
2030 4547 2072 4601 ῖ)
2104 4534 2214 4586 rint
2236 4533 2429 4600 quavis
2459 4531 2788 4599 cogitatione
2811 4530 3106 4598 postposita
3149 4529 3488 4592 reverentiae,
3513 4543 3674 4593 quam

417 4623 746 4690 προσθέντες
772 4623 1080 4689 εὑλάόειαν,
1129 4626 1249 4687 οὐδὲ
1301 4628 1395 4681 νῦν
1425 4631 1570 4692 εἰκός
1619 4632 1764 4691 ἐστιν
1795 4632 1998 4692 αὐτοὺς

417 4715 739 4783 ἀντιλέγειν.
762 4717 825 4770 Et
849 4717 907 4771 δὲ
936 4718 1030 4771 καί
1053 4736 1197 4782 τινες
1218 4721 1418 4784 παντὸς
1448 4721 1658 4776 δικαίου
1687 4724 1782 4776 καὶ
1813 4723 1996 4788 λόγου,

419 4807 552 4873 πρὸς
592 4807 650 4860 δὲ
677 4808 771 4859 καὶ
817 4807 916 4878 τῆς
969 4808 1242 4878 ὑμετέρας
1275 4811 1623 4880 ὑπεριδόντες
1650 4813 1842 4882 ἀργῆς,
1884 4816 1998 4876 τοῖς

419 4895 511 4964 ὑφ’
529 4897 561 4966 ἡ
571 4897 686 4964 μῶν
705 4897 1149 4968 όρισθησομένοις
1177 4899 1253 4968 μὴ
1276 4902 1566 4972 προσέχειν
1583 4902 1674 4955 τὸν
1696 4902 1840 4964 νοῦν,
1863 4905 1999 4958 ἀλλὰ

418 4992 530 5052 τοῖς
569 4989 818 5060 ὲξάρχῆς
849 4992 1106 5061 ἐμμένειν
1136 4993 1509 5062 βουλήσονται,
1539 4992 1579 5051 ὰ,
1599 4996 1709 5055 τοῖς
1739 4996 1999 5065 Γραικοῖς

423 5082 550 5151 περὶ
585 5082 694 5135 τῶν
720 5083 1090 5152 άντερούντων
1130 5087 1314 5147 αὐτοῖς
1363 5084 1534 5154 ἔφθην
1583 5085 1775 5148 εἰπὼν.
1823 5089 1997 5141 ταῦτα

422 5176 516 5228 καὶ
544 5175 674 5244 ὑμῖν
703 5174 840 5242 πρὸς
868 5177 991 5238 τοὺς
1013 5175 1286 5238 τοιούτους
1308 5176 1563 5246 ἀρκέσειν
1598 5177 1856 5247 ἠγοῦμαι.
1890 5180 2000 5232 Καὶ

425 5264 674 5335 καθάπερ
698 5264 799 5334 τὴν
818 5265 927 5321 τῶν
953 5266 1202 5336 Γραικῶν
1244 5267 1592 5336 Ἐκκλησίαν,
1623 5267 1766 5321 οὑτω
1791 5270 1873 5324 δεῖ
1904 5271 1999 5328 καὶ

423 5355 524 5424 τὴν
554 5356 830 5425 ὑμετέραν
862 5356 940 5427 μὴ
969 5356 1288 5411 παύσασθαι
1318 5358 1435 5421 τοῖς
1465 5359 1806 5428 σωφρονοῦσι
1843 5378 1993 5412 κτω-

426 5443 593 5514 μένην
622 5444 860 5512 τάγαθὰ.
903 5445 1055 5515 φάδφ
1110 5446 1207 5515 τῆς
1237 5446 1350 5500 τῶν
1383 5447 1629 5518 ἀνοήτων
1667 5448 1994 5513 ὲνστάσεως·

426 5539 492 5609 ἢν
518 5537 676 5599 ἐλπὶς
715 5537 814 5607 μὲν
847 5536 1022 5608 δήπου
1063 5538 1157 5590 καὶ
1193 5539 1270 5608 μὴ
1303 5538 1686 5608 συμϐήσεσθαι
1717 5555 1730 5568 ·
1764 5540 2000 5608 γενομέο

427 5647 525 5698 νην
567 5629 625 5683 δι
653 5668 670 5697 ,
707 5629 740 5700 ἢ
783 5629 1011 5699 λυθῆναι
1043 5630 1225 5693 καλῶς
1254 5670 1269 5695 ,
1310 5631 1344 5700 ἢ
1384 5632 1721 5705 κολασθῆναι
1774 5632 1999 5696 δικαίως

425 5719 660 5790 ἀνάγκη.
717 5719 970 5792 Παρίημι
1025 5721 1071 5774 δ’
1119 5721 1202 5776 ὃτι
1252 5722 1346 5776 καὶ
1395 5723 1526 5794 ῥᾷον
1574 5723 1734 5792 ὑμεῖς
1783 5724 1912 5784 τοὺς
1940 5724 1999 5776 ὲν

429 5813 558 5884 ὑμῖν
595 5812 1084 5884 φιλονεικήσοντας
1145 5814 1380 5884 πείσετε,
1439 5814 1635 5885 σοεροὺς
1693 5813 1852 5877 ὂντας
1902 5818 1997 5871 καὶ

2106 4626 2372 4681 adversus
2397 4623 2543 4676 illam
2580 4622 2938 4687 adhibebant,
2974 4636 3072 4690 par
3101 4628 3183 4674 est
3219 4635 3312 4673 eos
3348 4634 3490 4672 nunc
3513 4619 3672 4671 etiam

2106 4716 2250 4768 nolle
2287 4713 2683 4768 contradicere.
2711 4709 2863 4782 Quod
2898 4712 2946 4764 si
2995 4710 3086 4779 qui
3123 4709 3273 4764 omni
3305 4710 3558 4776 atquitate
3623 4716 3678 4761 et

2105 4808 2336 4868 ratione,
2365 4820 2465 4858 nec
2497 4819 2603 4864 non
2670 4803 2953 4862 iracundia
2989 4812 3170 4856 vestra
3223 4809 3529 4868 contempta
3585 4813 3678 4851 ve-

2103 4902 2232 4954 stris
2255 4899 2541 4956 sententiis
2591 4898 2871 4957 noluerint
2933 4895 3306 4966 acquiescere,
3359 4891 3453 4945 sed
3503 4890 3679 4960 persi-

2057 5002 2062 5007 '
2102 5002 2246 5046 stcre
2274 4992 2329 5045 in
2363 4990 2642 5061 prioribus
2671 4988 2990 5050 maluerint,
3018 5003 3136 5056 quze
3169 4985 3232 5040 de
3255 4982 3676 5039 contradicturis

2097 5083 2209 5152 jam
2245 5083 2357 5135 dixi
2384 5084 2448 5136 ad
2477 5082 2716 5138 (ἐι-ωψσε,
2748 5079 2938 5137 eadem
2969 5085 3022 5131 et
3055 5075 3209 5129 vobis
3244 5073 3358 5128 fore
3387 5072 3519 5126 satis
3547 5081 3677 5140 puto

2102 5175 2194 5228 ad'
2221 5173 2534 5244 huiusmodi
2573 5172 2858 5231 homines:
2923 5179 2978 5224 et
3032 5166 3489 5241 quemadmodum
3525 5164 3676 5218 Grze-

2101 5281 2289 5320 eorum
2317 5263 2634 5326 Ecclesium,
2663 5263 2736 5318 ita
2757 5262 2912 5315 decet
2936 5269 2992 5314 et
3015 5267 3252 5314 vestram
3287 5270 3391 5310 non
3415 5254 3680 5308 desistere

2101 5359 2241 5410 bona
2263 5369 2588 5422 comparare
2613 5353 2952 5422 sapientibus
2981 5360 3126 5409 metu
3182 5345 3545 5402 contentionis
3589 5343 3676 5394 in-

2101 5447 2443 5517 sipientium,
2466 5460 2631 5516 quam
2673 5454 2820 5501 certe
2848 5459 2970 5512 spes
3005 5449 3089 5498 est
3121 5456 3228 5497 non
3257 5438 3515 5498 futuram,
3534 5433 3676 5502 quod

2101 5538 2147 5595 si
2172 5537 2356 5603 fuerit,
2382 5547 2477 5591 aut
2523 5539 2624 5590 rite
2657 5536 2895 5596 tollatur,
2939 5542 3034 5588 aut
3067 5532 3234 5598 juste
3271 5526 3526 5597 puniatur
3586 5537 3678 5575 ne-

2102 5645 2257 5685 cesse
2289 5636 2398 5684 est.
2423 5627 2695 5689 Praetereo
2722 5625 2866 5695 quod
2910 5639 3006 5678 vus
3051 5621 3247 5677 vestris
3289 5617 3504 5671 facilius
3553 5629 3676 5681 prr-

2102 5720 2432 5781 suadebitis,
2479 5719 2525 5773 si
2557 5715 2958 5778 contradicant,
3011 5727 3136 5766 cum
3197 5718 3250 5764 ct
3303 5721 3413 5762 non
3474 5701 3677 5757 inducti

2100 5813 2230 5877 sint,
2264 5818 2319 5865 et
2349 5810 2539 5867 eadem
2572 5809 2752 5878 lingua
2790 5814 3033 5870 utantur,
3063 5812 3115 5858 et
3148 5801 3358 5872 possint
3410 5793 3679 5852 ettieacis-
