4170 6294
581 326 684 390 471

1723 341 2105 401 GENNADII
2144 344 2251 411 Cl’.
2282 346 2789 408 PATRIARCHM

3740 354 3847 416 472

576 440 791 508 bolum,
841 444 888 501 si
930 454 1095 501 totam
1127 463 1232 501 non
1256 449 1472 521 detegat
1508 450 1727 506 infixam
1757 456 1955 509 anima:
1982 457 2049 509 de
2086 458 2131 509 li

2254 466 2403 517 ἔσται
2435 465 2620 519 λοιπὸν
2666 466 2739 535 μὴ
2796 467 2976 519 πᾶσαν
3008 468 3107 536 τὴν
3142 469 3202 522 ὲν
3232 470 3297 537 τῇ
3334 468 3482 541 ψυχῇ
3516 472 3837 540 πεπηγυῖαν

571 535 655 586 tlci
698 538 950 592 artirulis
1001 543 1375 597 sententiam:
1422 559 1523 599 nec
1571 546 1915 615 impossibile
1939 558 2021 602 est
2047 549 2149 603 ali-

572 643 710 695 quos
745 628 879 684 falsa
912 632 1212 687 sentientes
1243 635 1435 703 latere,
1464 638 1558 707 qui
1602 638 1888 695 nobiscum
1922 643 2144 709 quidem

571 720 917 777 confessione
978 735 1141 793 stent,
1212 728 1315 782 ille
1375 744 1505 785 vero
1554 730 1935 799 sejungantur,
1964 736 2008 788 si
2047 736 2149 789 hoc

568 814 793 867 omnino
850 819 1208 873 concedatur.
1257 819 1479 874 Plenam
1541 839 1670 878 vero
1728 822 1849 878 fidei
1878 827 2146 881 rationem

567 906 847 972 quomodo
902 908 1165 978 integram
1218 912 1639 978 exhibebimus,
1695 930 1859 984 quam
1912 918 1964 969 in
2016 931 2149 972 con-

570 997 810 1051 fessionc
865 1002 947 1053 sui
987 1003 1289 1059 consistere
1321 1008 1625 1077 accipimus
1652 1048 1666 1071 ,
1692 1008 1851 1064 nobis
1885 1011 2148 1075 praedica-

570 1089 773 1142 tionem
807 1091 923 1157 ejus
962 1108 1060 1162 per
1094 1094 1267 1163 ipsam
1299 1110 1560 1165 praetcrea
1592 1100 1830 1171 linguam
1864 1102 2146 1173 refugien-

569 1177 715 1233 tibus
740 1178 764 1230 ?
810 1190 904 1234 aut
953 1197 1074 1251 qua:
1125 1186 1279 1238 nobis
1316 1186 1417 1240 erit
1446 1188 1640 1244 salutis
1665 1206 1790 1259 spes
1814 1208 1906 1259 per
1936 1208 1997 1247 ea
2025 1208 2146 1261 quae

566 1273 879 1323 necessario
937 1274 1259 1339 crrduntur,
1322 1279 1365 1332 si
1421 1295 1546 1334 cum
1612 1283 1943 1346 audiamus,
1986 1284 2143 1340 fateri

568 1360 712 1413 illam
765 1374 1022 1431 oportere
1074 1379 1295 1436 propter
1327 1371 1583 1437 salutem,
1635 1373 1735 1439 ipsi
1786 1374 2141 1443 ignominiam

564 1454 763 1509 habere
815 1468 1121 1525 putemus:
1174 1464 1217 1515 si
1258 1478 1353 1518 ore
1406 1466 1569 1518 etiam
1631 1466 1899 1523 fateamur
1942 1468 2144 1522 verita-

568 1556 674 1599 tem
699 1549 721 1600 ?
751 1548 901 1602 Sient
933 1553 1077 1605 enim
1116 1555 1263 1610 nullo
1300 1558 1461 1609 tnodo
1493 1558 1767 1613 credenda
1804 1568 1971 1623 sunt,
2020 1576 2141 1629 quae

563 1638 824 1694 deficiunt
859 1656 885 1692 a
938 1646 1126 1711 regula
1182 1647 1466 1712 veritatis;
1504 1648 1577 1702 ita
1614 1648 1681 1702 ad
1742 1662 1889 1704 recte
1934 1652 2139 1706 credita

2257 557 2385 625 περὶ
2419 556 2529 610 τῶν
2558 558 2657 624 τῆς
2691 558 2927 622 πίστεως
2958 558 3179 627 ἄρθρων
3219 558 3377 625 δόξαν
3423 561 3833 625 ἀνακαλύπτον,

2254 646 2377 699 οὔτε
2422 648 2531 700 τῶν
2566 648 2841 703 ἀδυνάτων
2876 651 2991 702 ἐστὶ
3040 651 3136 703 καὶ
3158 650 3329 719 ψευδῆ
3362 668 3515 713 τινας
3547 668 3829 720 πεφρονη-

2253 738 2418 797 κὸτας
2465 739 2750 793 λανθάνειν
2777 757 2791 772 ο
2838 742 2935 795 καὶ
2986 744 3052 812 τῇ
3088 743 3189 810 μὲν
3218 742 3484 814 ὁμολογίᾳ
3513 744 3635 810 μεθ’
3666 744 3828 813 ἡμῶν

2254 831 2523 891 ἵστασθαι.
2559 835 2624 899 τῇ
2673 832 2729 885 δὲ
2778 835 2960 887 πίστει
3002 834 3405 905 διακεκρίσθαι,
3438 836 3584 903 ἆπαξ
3630 837 3825 891 τούτου

2252 923 2719 992 συγχωρηθέντος.
2749 922 2861 977 Ποῦ
2889 924 2945 978 δὲ
2978 926 3072 978 καὶ
3118 926 3218 994 τὴν
3248 926 3347 994 τῆς
3397 926 3633 988 πίστεως
3663 927 3825 994 ἀκρέ-

2251 1014 2405 1067 ὗειαν
2463 1014 2864 1085 περισώσομεν,
2923 1017 2992 1088 ἢν
3051 1020 3109 1070 ὲν
3153 1017 3231 1085 τῷ
3287 1018 3493 1088 ταύτην
3540 1017 3823 1088 ὁμολογεῖν

2250 1105 2671 1174 παρειλήφαμεν
2722 1108 3069 1173 συνεστάναι,
3118 1108 3272 1161 αὐτοὶ
3323 1108 3419 1161 τοῦ
3466 1111 3559 1163 καὶ
3604 1109 3821 1179 γλώττῃ

2249 1196 2543 1264 κηρύττειν
2571 1198 2776 1262 ταύτην
2809 1198 3156 1267 φειδόμενοι;
3187 1200 3258 1253 ’Ἦ
3289 1202 3372 1259 τίς
3427 1202 3562 1270 ἡμῖν
3612 1202 3677 1254 ὲκ
3704 1201 3818 1253 τῶν

2247 1288 2563 1355 ἀναγκαίως
2624 1291 3037 1356 πιστευομένων
3102 1290 3257 1345 ἔσται
3318 1292 3595 1360 σωτηρίας
3641 1291 3817 1354 ἐλπὶς,

2245 1381 2404 1447 εἴπερ
2434 1380 2616 1434 εἵνεκα
2649 1380 2749 1450 μὲν
2778 1382 3048 1450 σωτηρίας
3084 1382 3469 1450 ὁμολογεῖσθαι
3504 1384 3601 1452 τὴν
3634 1382 3817 1437 πίστιν

2244 1470 2536 1549 ἀκούομεν,
2575 1475 2731 1526 αὐτοὶ
2778 1474 2825 1528 δ’
2879 1473 3068 1543 ὥσπερ
3118 1476 3381 1545 αἰσχύνην
3436 1475 3496 1528 τδ
3538 1476 3636 1543 τὴν
3684 1474 3819 1541 ἁλή-

2245 1563 2394 1617 θειαν
2428 1568 2519 1619 καὶ
2546 1566 2780 1635 χείλεσιν
2808 1567 3095 1636 ὁμολογεῖν
3125 1566 3462 1638 νομιοῦμενς
3492 1567 3683 1636 ὥσπερ
3709 1567 3816 1635 γὰρ

2242 1655 2362 1709 οὐδὲ
2402 1656 2679 1710 πιστεύειν
2710 1659 2813 1727 χρὴ
2862 1661 2963 1729 τὴν
2994 1660 3171 1730 ἀρχὴν
3214 1659 3388 1712 ὁπόσα
3416 1658 3527 1710 τῶν
3559 1658 3657 1725 τῆς
3685 1657 3821 1726 ἁλη-

562 1744 791 1784 necesse
847 1742 930 1786 cst
980 1735 1223 1789 exterior
1282 1752 1498 1806 quoque
1558 1741 1781 1794 accedat
1838 1744 2131 1797 conlessio.

575 1821 671 1842 A-..
722 1820 886 1842 2.,2..-_
952 1825 995 1842 1-
1175 1837 1185 1842 -
1315 1828 1328 1842 ι
1471 1840 1478 1842 Α
1519 1830 1538 1842 ο
1601 1833 1632 1842 ε.
2094 1838 2103 1842 -

2246 1730 2395 1812 θείας
2463 1750 2705 1803 κανόνων
2762 1750 2869 1817 ἔξω
2911 1753 3102 1821 χωρεῖ,
3141 1750 3285 1804 οὕτω
3336 1752 3448 1811 τοῖς
3499 1750 3680 1812 καλῶς
3724 1766 3818 1801 πι-

561 1821 675 1874 Ant
722 1820 887 1889 igitur
935 1825 1365 1882 demonstranda
1401 1840 1486 1884 est
1518 1830 1837 1887 Latinorum
1870 1838 2139 1889 sententia

562 1927 592 1964 a
636 1913 863 1968 veritate
905 1932 1131 1981 prorsus
1160 1919 1360 1987 aliena,
1396 1932 1488 1977 aut
1516 1923 1559 1977 si
1606 1925 1708 1978 hoc
1740 1940 1847 1979 non
1888 1926 2138 1996 potestis.

562 2009 625 2056 ut
671 2017 798 2059 rera
858 2004 947 2061 illa
1007 2007 1329 2066 honoranda
1379 2021 1434 2066 et
1493 2012 1843 2084 suscipienda
1899 2025 2023 2082 est,
2084 2024 2139 2072 et

564 2092 697 2151 fides
744 2095 801 2150 in
854 2095 1116 2169 Symbolo
1152 2101 1500 2179 declaranda.
1542 2104 1720 2161 Latini
1772 2108 1915 2163 enim
1947 2108 2139 2164 uobis-

561 2202 684 2242 cum
733 2191 1060 2247 sententiam
1107 2196 1518 2264 recipientibus,
1561 2208 1616 2254 et
1657 2210 1828 2255 ratam
1883 2215 2007 2256 esse
2049 2201 2137 2270 ju-

557 2278 909 2348 dicautibus,
958 2283 1196 2342 fortasse
1246 2288 1314 2343 de
1349 2289 1698 2346 confessione
1752 2306 1860 2345 non
1913 2307 2137 2361 magno-

554 2383 687 2438 pere
754 2374 1106 2444 pugnabunt,
1163 2380 1297 2434 satis
1338 2381 1485 2435 enim
1538 2392 1622 2436 est
1667 2383 1774 2437 illis
1824 2384 2133 2447 ostendere,

556 2478 619 2518 se
649 2474 796 2519 recte
828 2468 1092 2533 sensisse,
1124 2480 1181 2526 et
1210 2470 1421 2535 ellicere
1468 2489 1534 2528 ne
1571 2473 1802 2530 ulterius
1836 2476 2137 2535 contenda-

557 2572 704 2621 mus,
741 2561 1135 2633 veritatemque
1189 2577 1247 2625 ut
1290 2568 1638 2624 mendacium
1699 2584 2131 2639 persequamur:

558 2660 613 2702 at
662 2651 821 2707 nobis
867 2655 980 2712 sola
1023 2655 1158 2710 fides
1195 2660 1377 2715 cordis
1420 2675 1530 2716 non
1564 2662 1669 2716 erit
1708 2662 1863 2728 satis,
1898 2678 2005 2717 non
2038 2664 2139 2718 ad-

551 2739 741 2809 juncta
787 2749 954 2800 etiam
999 2750 1258 2804 esterioti
1304 2752 1670 2810 confessione.
1714 2754 1941 2810 Decreta
1981 2772 2132 2820 vero,

558 2850 681 2902 quae
740 2837 906 2906 aliqui
967 2839 1354 2909 reformidant,
1396 2860 1495 2913 pro
1550 2847 1704 2901 nobis
1750 2848 1929 2915 potius
1984 2864 2135 2919 egre-

558 2927 757 2996 gioque
806 2929 1179 2987 additamenta
1212 2943 1357 2989 stare
1400 2939 1633 3006 putanda
1678 2950 1828 3004 sunt,
1866 2951 2030 3009 atque
2069 2957 2133 2996 eo

558 3020 724 3074 modo
754 3021 1126 3092 intelligenda,
1160 3042 1270 3094 quo
1319 3044 1416 3097 pro
1461 3046 1519 3085 se
1565 3038 1617 3085 et
1647 3032 1769 3088 aliis
1804 3033 2003 3089 vellent
2049 3036 2130 3089 in-

2250 1840 2597 1905 στενομένοις
2623 1840 2719 1891 καὶ
2749 1840 2847 1908 τὴν
2877 1838 3077 1906 ἔξωθεν
3098 1839 3391 1911 ὁμολογίαν
3420 1840 3635 1910 ἀνάγκη
3667 1838 3816 1891 πᾶσα

2243 1930 2553 1997 προσεῖναι.
2615 1929 2686 1981 Ἦ
2748 1930 2931 1989 τοίνυν
2988 1932 3089 1998 τὴν
3149 1932 3260 1983 τῶν
3344 1930 3591 1984 Λατίνων
3656 1929 3817 1994 δόξαν

2240 2020 2481 2079 δεικτέον
2508 2023 2606 2087 τῆς
2630 2020 2884 2090 ἀληθείας
2913 2021 3108 2094 πόρῤω
3130 2038 3233 2081 που
3259 2021 3632 2091 βάλλουσαν,ἢ
3657 2020 3819 2076 τοῦτο

2243 2111 2320 2181 μὴ
2348 2112 2702 2182 δυναμένους,
2731 2112 2807 2175 ὡς
2854 2112 3035 2182 ἀληθῆ
3069 2113 3356 2184 τιμητέον,
3391 2114 3487 2168 καὶ
3521 2114 3819 2184 φρονητέον

2240 2203 2404 2267 οὕτω,
2456 2205 2555 2258 καὶ
2607 2204 2686 2273 τῷ
2738 2205 3004 2276 Συμϐόλῳ
3058 2204 3157 2276 τὴν
3216 2206 3401 2260 πίστιν
3453 2208 3818 2276 φανερωτὲον.
3902 2270 3905 2271 ν

2238 2298 2462 2351 Λατῖνοι
2490 2299 2589 2366 μὶν
2616 2298 2727 2367 γὰρ
2756 2298 3186 2370 ἀποδεχομένοις
3212 2299 3311 2369 τὴν
3342 2300 3503 2368 δόξαν
3534 2301 3691 2370 ἡμῖν,
3724 2300 3821 2354 καὶ

2238 2388 2435 2456 κυρίαν
2488 2385 2631 2446 εἶναι
2692 2390 3133 2461 ψηφιζομένοις,
3189 2390 3321 2461 περὶ
3378 2391 3481 2460 τῆς
3529 2391 3821 2461 ὁμολογίας

2236 2480 2401 2549 τυχὸν
2450 2482 2511 2534 οὐ
2543 2482 2748 2551 σφόδρα
2804 2483 3130 2549 διοίσονται·
3179 2483 3339 2553 ἀρκεῖ
3384 2483 3493 2552 γὰρ
3544 2481 3817 2546 αότοῖςτὸ

2236 2572 2408 2639 δεῖξαι
2437 2574 2578 2641 σφᾶς
2605 2574 2673 2627 τὰ
2701 2574 2830 2627 δντα
2869 2574 3300 2644 πεφρονηκότας,
3334 2573 3431 2627 καὶ
3479 2575 3631 2642 ἡμᾶς
3677 2572 3819 2626 παῦ-

2238 2680 2330 2717 σαι
2384 2664 2849 2732 φιλονεικοῦντας,
2903 2664 2999 2719 καὶ
3035 2663 3263 2734 τάληθὲς
3315 2662 3391 2727 ὡς
3438 2663 3634 2732 ψεῦδος
3684 2662 3811 2717 διώ-

2235 2770 2455 2815 κοντας.
2496 2753 2639 2808 Ἀλλ’
2671 2755 2802 2823 ἡμῖν
2838 2756 2974 2825 μόνη
3017 2755 3116 2822 τῆς
3164 2754 3452 2825 καρδίαςή
3493 2756 3679 2819 πίστις
3710 2756 3811 2808 οὐκ

2234 2844 2461 2911 ἀρκέσει
2510 2844 2645 2913 πρὸς
2674 2845 2971 2916 σωτηρίαν,
3009 2847 3085 2915 μὴ
3118 2847 3215 2899 καὶ
3264 2846 3363 2915 τῆς
3395 2846 3593 2910 ἔξωθεν
3622 2847 3818 2913 ὁμολο-

2235 2935 2359 3003 γίας
2395 2935 2851 3007 συνεζευγμένης.
2891 2938 3002 2992 Καὶ
3034 2937 3130 2996 οὖς
3158 2955 3301 3001 τινες
3354 2938 3594 2991 δεδίασιν
3623 2940 3807 3007 ὅρους,

2237 3026 2379 3097 ὑπὲρ
2413 3026 2568 3095 ὑμῶν
2598 3028 2799 3097 μᾶλλον
2849 3018 2943 3083 καὶ
2980 3028 3081 3098 τῆς
3128 3029 3301 3098 καλῆς
3331 3029 3649 3101 προσθήκης
3679 3030 3815 3083 ὕπο·

559 3115 724 3184 ιιεΙΙΞεί
771 3118 865 3184 qui
900 3133 961 3171 ca
995 3120 1291 3176 condidere
1313 3161 1327 3174 .
1362 3122 1547 3191 Neque
1578 3125 1721 3195 enim
1754 3140 1814 3179 se
1846 3129 2013 3194 ipsos,
2039 3137 2131 3182 aut

2235 3116 2491 3186 ληπτέον,
2538 3120 2635 3172 καὶ
2679 3118 2901 3188 νοητέον
2948 3119 3169 3182 αὐτοὺς.
3199 3119 3278 3183 ὡς
3327 3119 3393 3173 ἂν
3424 3120 3579 3173 αὐτοὶ
3622 3119 3818 3189 βουλη-

554 3207 694 3263 alios
732 3210 848 3275 pari
900 3210 1164 3280 dignitate
1211 3214 1464 3282 prwditos
1517 3214 1777 3271 facultate
1814 3218 2129 3288 hujusmodi

557 3297 773 3364 privare
814 3300 1093 3365 volebant,
1145 3312 1202 3360 ut
1265 3304 1427 3373 plane
1489 3305 1716 3363 delinire
1774 3323 1877 3363 non
1916 3310 2131 3378 possint

556 3405 679 3458 qua:
738 3402 988 3457 speetant
1046 3395 1113 3449 ad
1170 3396 1371 3450 tidem:
1425 3397 1670 3467 alioquin
1738 3402 1953 3455 decreta
2014 3402 2130 3457 haec

556 3480 763 3536 nullius
809 3497 930 3537 esse
980 3485 1243 3538 momenti
1305 3485 1712 3543 inconsiderate
1739 3489 2125 3550 ostendissent,

534 3581 607 3645 Aet
631 3588 753 3639 qua:
788 3576 997 3642 possint
1028 3591 1133 3629 non
1162 3575 1442 3631 observari
1478 3595 1492 3630 :
1530 3594 1654 3633 nam
1689 3588 1745 3635 et
1786 3580 1877 3635 illa
1911 3582 2131 3647 addita-

553 3672 794 3719 mentum
849 3666 1119 3736 quoddam
1159 3676 1305 3733 sunt,
1350 3678 1406 3722 et
1452 3671 1725 3725 sententia
1756 3671 1822 3725 de
1858 3671 1961 3725 fide
1995 3683 2128 3727 tunc

550 3756 789 3823 primum
839 3758 941 3812 lata
967 3801 983 3825 ,
1016 3769 1069 3813 et
1097 3774 1126 3813 a
1164 3760 1305 3813 nulla
1331 3762 1675 3827 superiorum
1704 3763 2001 3832 approbata
2040 3780 2130 3835 sy-

550 3849 859 3914 nodorum;
915 3864 1108 3903 omnes
1158 3851 1326 3914 enim,
1369 3859 1427 3904 ut
1462 3858 1631 3919 patet,
1691 3852 1990 3908 addebant.
2020 3853 2126 3909 Sed

550 3956 726 4009 neque
758 3942 956 4007 Latini,
1000 3944 1047 3996 si
1101 3959 1200 3998 nec
1231 3944 1625 3999 meumenicam
1654 3946 1996 4013 existimant,
2025 3964 2127 4003 nec

548 4034 775 4089 omnino
802 4032 988 4097 talem,
1035 4033 1192 4103 cujus
1229 4036 1485 4089 mandata
1515 4052 1623 4090 non
1658 4036 1819 4092 liccat
1848 4047 2126 4109 transgre-

549 4124 631 4186 di,
660 4125 929 4193 synodum
952 4124 1128 4189 illam,
1156 4140 1275 4192 quze
1305 4127 1487 4195 posuit
1514 4127 1970 4195 additamentum,
2006 4146 2125 4199 per-

554 4217 839 4267 timescent
882 4213 1125 4273 decreta,
1161 4214 1531 4283 improbantes
1561 4216 1990 4271 additamentum
2021 4260 2036 4282 ,
2070 4231 2124 4273 et

551 4306 798 4361 volentes
848 4306 977 4365 illud
1025 4321 1370 4376 espungere.
1424 4308 1555 4373 Qua:
1609 4309 1754 4363 enim
1813 4325 1918 4363 non
1969 4312 2124 4365 valde

548 4407 698 4451 certa
733 4408 861 4452 sunt
899 4397 1110 4452 ratione
1138 4397 1385 4465 definita,
1424 4408 1654 4467 possunt
1682 4398 1751 4453 ab
1786 4400 1890 4454 illis
1926 4402 2123 4455 intutu-

551 4491 676 4555 tari,
704 4490 795 4559 qui
825 4490 1087 4558 majorem
1120 4490 1325 4544 habent
1356 4490 1696 4547 facultatem.
1734 4493 1790 4545 Si
1825 4508 1951 4547 vero
1974 4494 2117 4548 illam

549 4584 887 4637 arbitrantur
919 4582 1343 4645 oecurnenicam,
1379 4590 1434 4637 et
1463 4585 1681 4636 decreta
1706 4584 1823 4651 ejus
1848 4594 1964 4637 rata
1997 4599 2121 4639 esse

545 4673 745 4727 debere
772 4674 825 4726 itt
861 4683 1207 4741 perpetuum,
1239 4686 1392 4742 atque
1422 4682 1480 4726 ut
1517 4674 1745 4727 aliarum
1780 4675 2117 4743 generalium

544 4774 746 4817 statuta
796 4766 1129 4834 synodorum
1166 4780 1180 4822 ;
1224 4780 1328 4816 non
1360 4764 1590 4818 dubium
1630 4774 1715 4819 est
1757 4765 1890 4834 quin
1925 4776 1979 4819 ct
2015 4765 2117 4833 ipsi

543 4857 760 4910 decreta
803 4857 912 4909 sint
955 4860 1178 4908 omtt'uo
1228 4857 1489 4924 prnlaturi
1516 4894 1532 4920 ,
1574 4866 1626 4909 et
1656 4873 1776 4925 qua:
1806 4856 2011 4911 Grmcis
2038 4866 2121 4910 est

538 4949 830 5003 dimeultas
892 4949 957 5001 al
1021 4948 1373 5002 inserendum
1405 4998 1419 5023 ,
1469 4964 1589 5002 eam
1619 4948 1723 5003 sibi
1752 4963 1876 5009 esse
1901 4948 2120 5001 demere

539 5036 856 5090 volentibus
886 5035 995 5089 siut
1024 5036 1245 5092 dicturi.
1270 5037 1382 5106 Ego
1410 5053 1540 5093 vero
1568 5047 1746 5092 utrum
1786 5053 1847 5090 ea
1878 5037 2120 5107 synodus

542 5126 882 5181 (BCUIIICLlca
918 5128 987 5181 sit
1027 5126 1298 5193 habenda,
1333 5141 1430 5180 nec
1464 5144 1549 5192 ne,
1583 5124 1950 5195 Latiuisipsis
1984 5142 2120 5181 con-

543 5220 895 5279 siderandum
950 5223 1201 5290 relinquo
1243 5242 1255 5277 :
1292 5220 1388 5276 sed
1428 5219 1722 5276 consilium
1754 5219 1835 5274 eis
1869 5219 2114 5273 dederint

538 5311 778 5380 primunt
842 5313 1065 5381 quidem
1097 5356 1111 5379 ,
1146 5322 1204 5366 ut
1232 5312 1417 5383 potius
1444 5327 1475 5371 ε
1500 5326 1560 5365 se
1587 5309 1805 5365 decreta
1836 5312 2117 5367 observari

541 5406 885 5471 existiment,
920 5408 962 5460 si
996 5406 1240 5475 priorum
1278 5404 1497 5465 illorum
1524 5411 1825 5473 sequantur
1850 5404 2121 5459 concilio-

542 5513 663 5549 rum
698 5498 1051 5561 sententiam,
1079 5511 1245 5563 quam
1276 5495 1320 5547 si
1353 5494 1461 5549 illis
1504 5495 1762 5551 omnibus
1789 5497 2120 5567 posthabitis

543 5593 635 5645 uni
688 5593 940 5646 omnium
980 5598 1259 5655 postremo
1283 5588 1601 5644 adhzereant
1635 5609 1649 5645 :
1678 5591 1875 5649 deinde
1904 5596 1962 5643 ttt
1994 5591 2118 5644 nul-

537 5683 644 5736 lam
672 5682 737 5735 de
776 5683 862 5733 illa
894 5680 1105 5748 synodo
1139 5694 1263 5732 cum
1300 5678 1504 5733 Graecis
1532 5681 1766 5736 habeant
1793 5690 2115 5736 controver-

543 5774 815 5839 siain,se.l
847 5773 1069 5829 missam
1109 5771 1310 5831 faciant
1339 5772 1479 5827 hanc
1521 5773 2115 5845 tuatcriatu.Egoenim

2152 4462 2202 4519 D

2238 3210 2381 3262 θεῖεν
2414 3209 2553 3280 ὑπὲρ
2586 3210 2801 3264 ἑαυτῶν
2827 3211 2922 3265 καὶ
2968 3211 3081 3281 τῶν
3113 3210 3291 3264 ἄλλων
3325 3211 3375 3263 οί
3407 3210 3649 3279 θέμενοι.
3680 3209 3815 3263 Οὔτε

2234 3300 2343 3369 γὰρ
2368 3302 2600 3363 ἑαυτοὺς
2630 3300 2750 3354 οὔτε
2794 3303 2919 3362 τοὺς
2954 3302 3071 3354 ῐσον
3103 3303 3530 3372 περικειμένους
3574 3300 3814 3369 ἀξίωμα,

2232 3392 2332 3460 τῆς
2366 3395 2493 3462 περὶ
2525 3392 2678 3446 ταῦτ’
2709 3393 2959 3459 ἔξουσίας
2988 3393 3083 3445 καὶ
3109 3393 3206 3446 τοῦ
3236 3392 3305 3446 τὰ
3341 3392 3468 3464 περὶ
3500 3394 3599 3462 τὴν
3632 3394 3818 3445 πίστιν

2231 3485 2435 3553 ὁρίζειν
2501 3486 2695 3554 ἧθελον
2754 3483 3095 3540 ἀποκλείειν,
3156 3485 3367 3548 Ἀλλως
3421 3486 3478 3539 δὲ
3541 3487 3638 3539 καὶ
3690 3487 3815 3548 τοὺς

2229 3575 2391 3644 ὅρους
2445 3576 2667 3639 τούτους
2732 3577 2933 3645 σαθρόν
2987 3594 3039 3630 τι
3098 3576 3294 3645 χρῆμα
3352 3576 3669 3639 δεικνύντες
3720 3577 3815 3629 καὶ

2229 3665 2663 3734 παραϐαίνεσθαι
2694 3667 3022 3737 δυναμινους
3047 3668 3241 3721 ἔλαθον
3270 3669 3335 3722 ἄν
3354 3684 3370 3701 ο
3404 3670 3499 3721 καὶ
3525 3662 3672 3722 οὗτοι
3699 3669 3805 3737 γὰρ

2230 3758 2523 3828 προσθήκη
2568 3758 2655 3821 τίς
2705 3761 2837 3822 εἰσι,
2875 3760 2972 3813 καὶ
3028 3758 3222 3830 γνώμη
3268 3759 3377 3812 τῶν
3426 3760 3529 3826 τῆς
3577 3759 3810 3820 πίστεως

2228 3851 2351 3903 τότε
2406 3852 2622 3921 πρῶτον
2671 3849 3035 3920 ἐξενεχθεῖσα,
3090 3851 3184 3903 καὶ
3242 3850 3490 3920 μηδεμιᾷ
3537 3850 3647 3903 τῶν
3704 3851 3809 3918 προ

2230 3939 2402 4009 αὐτῆς
2464 3940 2701 3994 συνόδων
2760 3939 3008 4011 ἀρέσασα
3040 3924 3081 3971 ἠ
3117 3940 3290 3992 πᾶσαι
3348 3941 3478 4009 γὰρ,
3531 3941 3606 4003 ὠς
3656 3940 3810 4009 δῆλον

2229 4032 2461 4097 πέφυκε,
2500 4030 2883 4101 προσετίθουν.
2953 4030 3113 4087 Ἀλλὰ
3181 4030 3288 4102 μὴν
3341 4033 3438 4084 καὶ
3487 4033 3706 4084 Λατῖνοι
3759 4032 3808 4084 εί

2230 4121 2330 4191 μὲν
2379 4119 2491 4172 οὔτ’
2545 4118 2971 4188 οίκουμενικὴν,
3022 4120 3138 4174 οὗθ’
3186 4121 3378 4185 ἁπλῶς
3430 4122 3808 4190 ἀπαραίτητον

2226 4214 2323 4280 τὴν
2363 4210 2579 4264 σύνοδον
2614 4211 2850 4279 ἐκείνην,
2878 4206 2945 4282 ἦε
2987 4212 3214 4280 γέγονεν
3246 4214 3279 4282 ἡ
3314 4214 3627 4284 προσθήκη,
3655 4212 3807 4282 νομί-

2227 4300 2413 4363 ζουσιν
2444 4302 2551 4353 οὐδ’
2586 4300 2650 4353 ἂν
2681 4302 3033 4370 εύλαόηθεῖεν
3059 4305 3184 4369 τοὺς
3215 4307 3397 4373 ὄρους,
3438 4307 3538 4375 τῆς
3569 4306 3808 4375 προσθή-

2228 4410 2331 4460 κης
2380 4395 2790 4459 κατεγνωκότες
2836 4393 2930 4447 καὶ
2981 4394 3185 4466 ταύτην
3214 4394 3462 4457 θέλοντες
3504 4397 3802 4465 ἀφαιρείνο

2228 4488 2293 4536 τὰ
2326 4486 2433 4554 γὰρ
2464 4486 2524 4537 οὐ
2573 4487 2714 4537 πάνυ
2752 4485 2985 4553 βεϐαίως
3018 4486 3355 4555 διωρισμένα
3401 4486 3579 4552 ἔξεστι
3630 4504 3801 4556 μετα·

2226 4578 2399 4626 ποιεῖν
2429 4578 2540 4637 τοῖς
2574 4578 2745 4643 μείζω
2791 4576 3021 4643 δύναμιν
3057 4576 3291 4646 ἔχουσιν.
3324 4578 3386 4629 Εἰ
3422 4577 3467 4629 δ’
3496 4580 3807 4646 οἰκουμτνι⁴

2226 4668 2324 4735 κήν
2377 4667 2590 4738 ἐκείνην
2649 4666 2924 4735 ἡγοῦνται,
2972 4670 3064 4720 καὶ
3126 4668 3273 4736 ἅπερ
3323 4668 3531 4734 ἔγνωκε
3583 4671 3807 4738 κρατεῖν

2222 4756 2507 4825 ὀφείλοντα
2562 4760 2723 4827 μέχρι
2774 4759 2971 4820 παντὸς
3012 4759 3166 4811 οὐδὲν
3204 4755 3424 4830 ἦττονῆ
3474 4761 3544 4813 τὰ
3583 4763 3699 4823 ταῖς
3732 4762 3807 4813 ol-

2222 4851 2575 4914 κονμενικσιῖς
2612 4848 2851 4912 συνόδοις
2897 4849 3259 4920 δ;ωρισμένα,
3294 4851 3519 4919 εὔδηλον
3550 4854 3633 4904 ὄτι
3666 4868 3801 4919 προ-

2222 4938 2513 4991 ϐαλοῦνται
2547 4941 2637 4991 καὶ
2684 4931 2828 4993 οὗτοι
2879 4940 3103 5005 πάντως
3157 4943 3281 5007 τοὺς
3334 4943 3531 5011 ὄρους·
3569 4944 3663 4995 καὶ¹
3708 4942 3806 5010 τὴν

2224 5030 2346 5099 ἴσην
2376 5031 2628 5099 Γραικοϊς
2663 5049 2718 5083 τε
2756 5033 3129 5101 προστιθέναι,
3159 5035 3256 5102 καὶ
3307 5036 3492 5098 αὐτοῖς
3542 5035 3801 5103 ἀφαιρεῖν

2225 5118 2570 5189 βουλομένοις
2625 5122 2843 5190 ἐροῦσιν
2897 5118 3037 5178 εῖναι
3081 5122 3430 5194 δυσχέρειαν.
3476 5122 3617 5191 Ἐγὼ
3652 5124 3708 5177 δὲ
3746 5123 3805 5177 τδ

2225 5213 2327 5282 μὲν
2355 5213 2583 5281 πότερον
2616 5214 3053 5285 οίκουμενικὴνῆ
3090 5216 3165 5285 μὴ
3201 5216 3460 5285 τοιαύτην
3500 5216 3602 5284 τὴν
3650 5217 3805 5268 adt/0'

2222 5301 2309 5353 δον
2358 5303 2576 5372 ἐκείνην
2634 5304 2843 5359 οἴεσθαι
2891 5306 3018 5376 χρὴ,
3051 5307 3233 5366 αὐτοῖς
3292 5307 3496 5377 ἀφίημι
3550 5306 3803 5367 Λατίνοις

2224 5395 2448 5447 σκοπεῖν
2472 5408 2486 5422 ·
2524 5394 2999 5464 συμῢουλεύσαιμι
3033 5395 3078 5449 δ’
3126 5395 3194 5449 ἃν
3240 5395 3423 5459 αὐτοῖς
3460 5396 3674 5465 πρῶτον
3706 5395 3803 5464 μὲν

2225 5483 2429 5552 μᾶλλον
2472 5483 2715 5552 νομίζειν
2758 5487 2885 5549 τοὺς
2928 5488 3088 5559 ὄρους
3137 5487 3524 5558 διαφυλάττειν
3549 5486 3629 5556 τῷ
3663 5486 3803 5556 μετὰ

2224 5573 2333 5627 τῶν
2364 5572 2647 5644 προτέρων
2691 5576 2918 5631 ἐκείνων
2964 5578 3199 5632 συνόδων
3231 5579 3457 5631 ἑστάναι
3488 5581 3554 5647 τῇ
3584 5577 3802 5649 γνώμῃ.

2227 5664 2260 5735 ἢ
2297 5665 2371 5735 τῷ
2406 5665 2673 5734 περιιδεῖν
2724 5669 2824 5737 μὲν
2859 5669 3073 5732 ὲκείνας
3123 5668 3361 5731 ἁπάσας,
3399 5669 3498 5737 μιᾷ
3550 5668 3604 5720 δέ
3631 5684 3693 5734 γε
3737 5670 3801 5737 τῇ

2229 5756 2420 5810 πασῶν
2454 5755 2659 5827 ἐσχάτῃ
2700 5760 2989 5831 ¹ττροσέίχειν
3014 5775 3025 5787 ·
3064 5760 3250 5811 ἔπειτα
3282 5758 3417 5829 μηδὲ
3455 5756 3593 5827 προς
3632 5757 3796 5827 Γραμ-
