4170 6294
279 320 419 425 ιει

280 569 574 638 διαφορὰς,
635 564 695 629 ἐξ
728 559 805 617 ὧν
867 561 976 614 τῶν
1011 555 1498 628 συμπερασμάτων
1547 556 1863 623 ἐναντιότης

283 663 579 727 συνάγεται
602 671 617 685 ’
647 654 713 716 ἀς
742 650 857 706 οὔτ’
887 652 1137 721 ἀναιρεῖν
1160 647 1459 717 εὐπρεπὲς,
1490 646 1734 717 λήσομεν
1753 644 1864 714 γὰρ

287 743 876 807 πολλαπλασιάσαντες
903 743 963 796 τὸ
1008 741 1185 795 δεινὸν
1223 741 1319 794 καὶ
1351 737 1569 800 πολλοῖς
1609 752 1753 790 τισιν
1777 737 1865 791 αι-

287 842 423 902 τίοις
454 832 857 909 ἀπορραγέντες
884 834 1156 902 ἀλλήλων,
1209 832 1268 884 ἐν
1318 824 1401 891 οἷς
1458 827 1610 880 ἔσται
1638 843 1723 889 τις
1770 827 1865 878 καὶ

290 930 641 1003 χαλεπωτέρα
674 926 772 995 τῆς
797 923 1076 993 παρούσης
1107 923 1399 989 διαφορᾶς,
1434 918 1549 971 οὔτ’
1575 918 1721 980 εἰκός
1746 918 1863 968 ἐστι

291 1024 590 1091 συγχωρεῖν
642 1017 769 1071 οὔτε
828 1018 955 1077 τοὺς
1003 1015 1223 1084 ἑτέρους
1272 1012 1385 1072 τοῖς
1437 1009 1641 1071 ἄλλοις,
1701 1007 1862 1060 τοῦτο

286 1118 393 1182 γὰρ
432 1112 627 1165 ταυτὸν
663 1110 818 1163 ἔσται
882 1109 976 1159 καὶ
1037 1104 1136 1173 τὴν
1192 1099 1367 1176 ἧτταν
1409 1101 1714 1170 ὁμολογεῖν,
1747 1096 1863 1150 οὔτ’

283 1204 539 1273 ἀλλήλοις
562 1221 573 1231 ·
612 1204 709 1256 καὶ
741 1199 915 1269 ταύτῃ
948 1197 1058 1266 γάρ
1087 1194 1402 1265 ἀσύμϐατοι
1462 1193 1622 1262 μέχρι
1661 1190 1862 1252 παντὸς

282 1297 543 1365 ἐσόμεθα,
580 1294 649 1346 τὰ
684 1290 1026 1346 ἀντικεῖσθαι
1076 1287 1339 1366 δοκοῦντα
1393 1284 1863 1354 συμπεραίνοντες

285 1389 346 1451 ἐξ
379 1382 775 1453 ἀντικειμένων
812 1381 1021 1451 ἀρχῶν,
1057 1380 1150 1430 καὶ
1185 1378 1322 1447 πρὸς
1356 1375 1582 1438 ἑαυτοὺς
1622 1376 1720 1443 τὴν
1751 1374 1861 1427 τῶν

284 1475 494 1547 ἑτέρων
542 1470 701 1539 δόξαν
737 1471 1224 1539 ἀντιμεθιστάντες
1266 1465 1540 1537 ἑκάτεροι.
1582 1466 1859 1535 Συμφέρει

281 1569 352 1638 δὴ
377 1566 479 1628 τὰς
505 1567 743 1635 μάλιστα
777 1563 1121 1633 ἀρεσκούσας
1166 1559 1420 1629 ἀλλήλοις
1459 1556 1861 1626 ἐκλεξαμένους

278 1661 481 1729 ἀρχὰς,
513 1659 576 1709 ἐκ
603 1655 813 1709 τούτων
847 1654 1147 1723 ἐπιχειρεῖν
1168 1669 1181 1683 ο
1212 1651 1262 1703 εἰ
1296 1650 1342 1703 δ’
1368 1646 1480 1703 οἷόν
1511 1666 1572 1701 τε
1611 1647 1862 1718 καὶπερὶ

278 1751 462 1811 πάσας
493 1750 592 1812 τὰς
625 1748 792 1810 ἄλλας
824 1745 1137 1799 δείκνυσθαι
1184 1742 1629 1813 συμφωνοῦντας,
1658 1740 1861 1809 σκέψα-

1388 320 1393 321 ί
1436 343 1716 409 omne
1740 345 1832 407 IlI
1873 345 1971 405 AD
2011 346 2388 407 SYNODUM.

281 481 417 549 περὶ
442 477 550 545 γὰρ
568 474 664 538 τὰς
692 473 791 540 τῆς
817 471 1054 529 πίστεως
1083 467 1259 537 ἀρχάς
1290 463 1437 528 εἰκὸς
1465 463 1605 519 εἶναι
1642 467 1861 525 πλείους

1968 465 2088 518 ditii.
2112 466 2360 520 ullatem.
2420 465 2554 521 Nam

3444 337 3551 399 482

2604 471 2619 489 ⁶
2661 467 2810 522 circa
2853 467 3120 537 principia
3167 468 3287 521 ﬁdei
3332 468 3406 537 (l)
3452 483 3549 534 par

1967 572 2089 611 θεδο
2137 558 2336 611 multas
2395 559 2816 627 discrepantias,
2880 576 2948 613 ex
3010 562 3211 629 quibus
3262 562 3550 614 contrariae

1968 648 2348 703 conclusiones
2398 650 2727 708 inferuntur.
2790 652 2863 706 Ea
2921 669 3084 722 porro
3129 670 3229 706 nec
3264 652 3550 707 destruere

1969 736 2146 803 deret,
2178 742 2247 794 ita
2280 742 2423 795 enim
2459 740 2569 807 fiet,
2597 754 2655 797 ut
2684 743 2831 796 aliud
2884 747 3091 813 agendo
3122 745 3550 813 tnultiplicemus

1970 830 2216 893 malum,
2283 831 2567 901 simusque
2653 834 2838 888 multis
2920 836 3192 890 decausis
3246 836 3546 904 disjuncti,

1967 919 2033 975 de
2072 921 2270 988 quibus
2295 921 2477 991 aliqua
2517 923 2624 977 erit
2659 924 2878 992 gravior
2911 941 3072 994 quam
3116 920 3358 994 praesens
3393 927 3551 980 diffu-

1969 1010 2164 1075 reutia,
2202 1027 2375 1081 neque
2428 1028 2526 1082 par
2572 1023 2657 1067 est
2708 1025 2802 1067 aut
2851 1014 3077 1067 alteram
3134 1024 3341 1083 partem
3391 1016 3549 1071 alteri

1967 1102 2289 1167 Com-edere,
2358 1102 2459 1157 hoc
2505 1105 2651 1158 enim
2697 1105 2836 1157 idem
2888 1115 3035 1158 esset
3084 1119 3245 1175 atque
3280 1122 3338 1160 se
3375 1108 3549 1161 vit-tos

1968 1190 2124 1244 fateri
2183 1204 2277 1247 aut
2330 1206 2620 1265 utramque
2678 1197 2835 1252 alteri
2892 1215 2907 1253 :
2966 1197 3071 1254 hac
3125 1199 3271 1252 enim
3335 1201 3547 1252 ratione

1968 1295 2248 1347 nunquam
2291 1285 2698 1349 convenicmus,
2752 1286 3087 1341 deducentes
3140 1303 3262 1357 quae
3296 1290 3548 1342 videntur

1967 1374 2218 1441 opposita
2252 1389 2318 1427 ex
2350 1376 2620 1443 oppositis
2648 1378 2956 1448 principiis,
3012 1392 3067 1433 et
3100 1380 3324 1434 alterius
3376 1382 3546 1449 partis

1966 1465 2295 1517 sententiam
2320 1466 2535 1535 utrique
2559 1467 2609 1520 in
2644 1483 2742 1521 nos
2773 1470 2921 1537 ipsos
2945 1470 3548 1541 transferentesﬂpera:

1964 1554 2194 1622 pretium
2214 1570 2344 1625 ergo
2367 1565 2447 1611 est
2469 1557 2696 1627 seligere
2719 1562 2981 1630 principia
3002 1564 3239 1617 maxime
3296 1565 3545 1635 utrisque

1964 1648 2212 1714 probata,
2268 1657 2321 1702 et
2353 1649 2476 1701 inde
2511 1664 2830 1718 argumenta
2862 1653 3062 1708 ducere
3094 1670 3108 1705 :
3145 1656 3285 1722 quod
3332 1660 3375 1712 si
3430 1659 3547 1712 lieri

1965 1741 2165 1807 poterit
2197 1745 2260 1795 de
2281 1742 2402 1796 aliis
2430 1744 2594 1796 etiam
2632 1745 2890 1799 omnibus
2918 1752 3252 1813 consentire,
3282 1750 3329 1803 id
3359 1762 3547 1818 postea

281 1841 413 1895 σθαι
449 1841 587 1910 μετὰ
617 1840 824 1893 ταῦτα·
857 1839 905 1889 εί
941 1837 1014 1907 μή
1042 1852 1129 1897 τις
1178 1834 1345 1887 οῖοιτο
1405 1832 1664 1900 περιττὸν
1714 1826 1856 1884 εἷναι

1968 1832 2423 1887 considerandum
2482 1836 2815 1905 relinquere,
2866 1839 2970 1893 nisi
3033 1844 3156 1909 quis
3208 1843 3545 1910 superfluum

280 1938 398 1995 τοῖς
435 1933 565 2001 περὶ
602 1932 662 1984 τὸ
697 1930 1074 2000 συμπέρασμα
1101 1927 1416 1995 συμφωνεῖν
1453 1925 1732 1993 δυνηθεῖσι
1757 1927 1857 1987 τὰς

281 2023 459 2093 ἀρχὰς
488 2021 788 2086 ἐξετάζειν,
815 2021 872 2085 ἐξ
898 2013 972 2071 ὧν
998 2019 1031 2087 ή
1065 2019 1308 2086 προιέρα
1336 2017 1490 2086 μάχη
1524 2016 1660 2085 συνή
1674 2033 1857 2069 πτετο.

284 2116 425 2184 Περὶ
459 2115 515 2167 δὲ
568 2113 635 2165 τὰ
679 2113 844 2165 λοιπὰ
873 2110 965 2163 δύο
1031 2109 1310 2179 μηδεμίαν
1347 2107 1556 2174 εἴποιμ’
1607 2108 1673 2160 ἂν
1720 2102 1861 2159 εἶναι

280 2206 641 2275 δυσχέρειαν·
683 2206 782 2266 τάς
823 2220 882 2256 τε
912 2202 1021 2273 γάρ
1048 2201 1336 2270 ἐξηγήσεις
1382 2200 1489 2252 τῶν
1521 2199 1862 2253 διδασκάλων

284 2298 471 2369 ῥᾴδιον
522 2294 675 2365 οἶμαι
726 2296 921 2364 χρῆμα
958 2298 1067 2355 τοῖς
1097 2310 1161 2360 γε
1227 2293 1296 2345 τὰ
1342 2292 1571 2345 τοιαῦτα
1624 2291 1862 2361 μάλιστα

283 2389 612 2460 δεινοτέροις
641 2386 890 2457 ἀκριϐῶς
929 2384 1190 2449 συνιδεῖν,
1224 2386 1429 2447 ὁπόσας
1457 2387 1570 2446 τοῖς
1602 2385 1700 2453 τῆς
1721 2385 1863 2454 Γρα-

287 2481 401 2551 φῆς
433 2484 653 2550 χωρίοις
677 2479 969 2533 ἀπέδωκαν
994 2494 1008 2509 ·
1049 2479 1098 2530 εί
1133 2477 1189 2529 δέ
1221 2495 1365 2540 τινες
1398 2479 1457 2530 ἐν
1501 2477 1630 2547 ὑμῖν
1678 2477 1863 2545 διαφό-

289 2592 400 2646 Ιτως
436 2576 530 2627 καὶ
559 2573 764 2631 ταύτας
791 2576 985 2638 νοοῖεν,
1019 2574 1132 2635 τοῖς
1173 2570 1502 2640 σοφωτέροις
1533 2572 1626 2623 καὶ
1656 2571 1862 2623 πλείοσι

284 2669 389 2733 τὴν
431 2668 586 2736 νίκην
618 2665 976 2736 ἀφορίζεσθαι
1007 2666 1128 2717 δεί’
1168 2662 1327 2718 τοῦτο
1361 2665 1470 2732 γὰρ
1512 2664 1607 2716 καὶ
1654 2662 1864 2715 δίκαιον

286 2759 386 2812 καὶ
416 2758 700 2828 προσῆκον
734 2758 800 2811 ἀν
834 2758 955 2826 εἴη·
982 2756 1082 2819 τάς
1114 2772 1171 2809 τε
1216 2754 1326 2810 τῶν
1369 2755 1542 2821 ἁγίων
1598 2756 1727 2826 περὶ
1756 2757 1865 2810 τῶν

286 2851 670 2920 προκειμένων
704 2849 860 2915 δόξας
895 2846 1260 2917 ἐφαρμόττειν
1285 2848 1570 2917 ἀλλήλαις,
1608 2848 1865 2919 καὶπρὸς

290 2944 425 3013 μίαν
459 2943 683 3004 ἁπάσας
704 2942 933 3011 γνώμην
959 2941 1236 3007 συνάγειν,
1271 2940 1372 2995 κάν
1397 2942 1547 2993 ἐστιν
1574 2939 1633 2992 οὗ
1665 2939 1864 2994 δοκῶσι

285 3033 656 3103 διενηνέχθαι,
692 3034 790 3084 καὶ
816 3033 1093 3103 προσῆκον
1122 3029 1277 3101 οἶμαι
1306 3037 1401 3087 καὶ
1435 3034 1639 3106 ῥᾴδιον.
1664 3037 1738 3089 Οὐ
1757 3041 1862 3106 γὰρ

1964 1932 2132 1991 putet,
2166 1926 2363 1980 abillis
2393 1927 2483 1993 qui
2518 1939 2742 1995 potuere
2775 1929 2826 1982 in
2864 1946 3027 1983 unam
3080 1933 3147 1985 de
3188 1936 3546 1990 conclustone

1962 2017 2254 2071 convenire
2314 2018 2685 2084 sententiam,
2747 2022 3052 2076 examinari
3109 2024 3420 2092 principia,
3475 2042 3544 2079 es

1962 2108 2161 2176 quibus
2191 2109 2340 2177 prior
2372 2125 2549 2179 pugna
2578 2112 2997 2167 conserebatur.
3025 2112 3250 2182 Reliqua
3280 2131 3408 2169 vero
3436 2115 3545 2168 duo

1965 2200 2165 2254 nullam
2226 2201 2347 2255 tlico
2398 2203 2598 2256 habere
2646 2202 3016 2267 dﬂieultatem,
3087 2221 3212 2259 nam
3265 2218 3317 2261 et
3356 2208 3546 2262 doctu-

1921 2349 1926 2354 ,
1968 2306 2086 2343 rum
2120 2292 2490 2361 expositiones
2518 2293 2675 2349 facile
2708 2311 2866 2365 posse
2922 2298 3152 2366 perspici
3178 2301 3372 2368 epinor
3395 2317 3425 2354 a
3456 2318 3545 2354 rt-

1965 2398 2085 2436 rum
2162 2383 2476 2452 huiusmodi
2546 2386 2776 2453 peritis,
2848 2404 3192 2459 quaecunque
3247 2390 3547 2460 Scriptura:

1966 2472 2100 2525 locis
2134 2472 2350 2528 tributa:
2388 2475 2455 2528 ab
2496 2477 2604 2531 illis
2634 2488 2760 2531 sunt
2791 2495 2805 2531 :
2834 2480 2881 2532 si
2921 2480 3015 2549 qui
3067 2496 3192 2535 vero
3249 2496 3377 2536 sunt
3410 2487 3550 2538 inter

1964 2579 2081 2626 vos,
2121 2566 2212 2635 qui
2250 2576 2304 2621 et
2358 2569 2458 2622 hos
2521 2570 2679 2625 aliter
2727 2574 3055 2641 intelligant,
3113 2576 3547 2644 sapientioribus

1964 2667 2015 2711 et
2042 2658 2290 2726 pluribus
2328 2662 2551 2715 victoria
2582 2664 2760 2716 danda
2796 2674 2899 2729 est,
2942 2666 3045 2721 hoc
3075 2673 3220 2721 enim
3252 2685 3469 2737 aequum
3495 2680 3549 2723 et

1967 2761 2392 2807 consentaneum
2451 2762 2535 2808 est
2564 2772 2578 2808 :
2611 2765 2663 2809 ct
2715 2768 3027 2810 sanctorum
3081 2760 3148 2813 de
3179 2774 3236 2812 re
3271 2771 3547 2829 proposua

1965 2844 2265 2899 sententias
2302 2846 2601 2901 conciliare
2641 2858 2694 2901 et
2723 2848 2787 2902 ad
2832 2866 2993 2903 unam
3042 2865 3231 2905 omnes
3282 2854 3548 2921 redigere,

1969 2934 2096 2989 licet
2157 2936 2209 2989 in
2271 2936 2454 3007 aliquo
2494 2940 2787 2996 dissentire
2850 2943 3156 3009 videamur,
3216 2947 3549 2999 conveniens

1970 3026 2210 3080 arbitror
2241 3036 2294 3081 et
2331 3026 2487 3083 facile
2517 3046 2659 3086 esse.
2718 3031 2902 3101 Neque
2937 3033 3079 3086 enim
3112 3034 3415 3089 audiendus
3444 3036 3551 3089 erit

287 3125 371 3178 δεῖ
408 3141 472 3192 γε
504 3124 819 3193 προσέχειν,
854 3124 909 3176 ετ
931 3141 1015 3187 τις
1049 3123 1532 3195 καταψηφίζεσθαί
1561 3143 1709 3190 τινος
1737 3127 1862 3196 βού-

1971 3119 2015 3172 si
2060 3118 2183 3188 quis
2211 3121 2340 3174 velit
2380 3122 2674 3191 reprohare
2706 3126 3012 3194 quempiam
3037 3140 3101 3180 ex
3140 3126 3228 3191 iis,
3262 3143 3399 3195 quos
3429 3129 3550 3181 uui-

288 3217 437 3270 λοιτο
460 3218 566 3270 τῶν
592 3216 697 3271 ὑπὸ
739 3215 835 3268 τοῦ
887 3215 1071 3269 κοινοῦ
1114 3217 1212 3286 τῆς
1263 3216 1590 3288 Ἐκκλησίας
1639 3234 1864 3290 τετιμη-

292 3310 496 3379 μένων,
520 3308 555 3377 ἢ
602 3307 927 3377 διεφθάρθαι
949 3309 1046 3376 τὴν
1072 3309 1284 3363 ἐκείνου
1315 3309 1596 3378 θεολογίαν
1620 3294 1727 3362 ύπδ
1754 3312 1864 3363 τῶν

290 3399 510 3453 οἰκείων
541 3399 735 3462 τιθεὶς,
773 3400 872 3463 τὰς
899 3398 1031 3468 παρ’
1056 3400 1221 3452 αὑτοῦ
1273 3400 1351 3470 μὴ
1406 3399 1686 3467 προσίοιτο
1722 3418 1866 3471 μαρ-

290 3488 485 3557 τυρίας
507 3504 521 3517 ⁸
554 3487 700 3553 πλὴν
726 3489 793 3541 ἂν
830 3489 906 3558 μή
950 3489 1005 3541 τί
1040 3505 1141 3541 που
1201 3488 1450 3559 φανερῶς
1475 3487 1757 3560 διεφθορὸς
1804 3485 1859 3564 ᾖ,

290 3579 388 3631 καὶ
419 3582 740 3649 συγχωρῆτε
771 3579 870 3648 μὲν
893 3578 1169 3648 ἑκάτεροι,
1231 3584 1484 3650 μαρτυρῇ
1536 3580 1594 3634 δὲ
1650 3582 1745 3636 καὶ
1797 3584 1864 3635 τά

292 3687 365 3721 πα
379 3670 425 3739 ρ’
460 3670 744 3740 ἑκατέροις
779 3669 958 3739 βιᾷλία
989 3670 1092 3739 τῆς
1143 3669 1320 3739 λύμης
1349 3671 1553 3742 ταύτης
1582 3671 1866 3740 ἀπηλλαγ-

186 3767 197 3775 “
294 3763 457 3832 μένα,
480 3762 576 3815 καὶ
605 3763 664 3815 τδ
694 3765 921 3834 γνήσιον
968 3764 1183 3826 ἑαυτοῖς
1232 3762 1635 3834 περισώζοντα.
1683 3764 1863 3817 Καθόο

290 3855 386 3906 λου
422 3855 520 3923 μὲν
548 3851 639 3907 οὖν
703 3856 795 3907 ἐπὶ
850 3857 947 3925 τήν
1006 3854 1206 3923 γνῶσιν
1255 3856 1353 3922 τῆς
1404 3853 1664 3923 ἀληθείας
1715 3855 1863 3924 τρισὶ

288 3950 501 4011 τούτοις
532 3948 931 4021 δδηγηθήσεσθε
960 3964 975 3980 ο
1005 3950 1119 4011 τοῖς
1166 3948 1267 4017 τῆς
1300 3947 1527 4018 Γραφῆς
1561 3946 1861 4015 ἀξιώμασι,

290 4044 539 4115 δηλονότι
564 4045 683 4105 ταῖς
708 4042 886 4095 αὐτῶν
913 4040 1271 4105 ἀναπτύξεμσι,
1313 4041 1407 4092 καὶ
1425 4043 1542 4104 ταῖς
1579 4039 1735 4099 ἰδίαις
1756 4038 1864 4092 τῶν

289 4134 627 4188 δ.δασκάλων
679 4131 927 4201 γνώμαις
973 4131 1042 4194 ἃς
1113 4130 1453 4198 ὁπουδήποτε
1491 4128 1599 4181 τῶν
1645 4129 1863 4181 οίκεὶων

288 4228 468 4295 λόγων
504 4228 620 4289 τοῖς
668 4224 847 4286 ἄλλοις
895 4221 1221 4294 κατέμιξαν,
1284 4221 1592 4292 μνησθῆναι
1636 4221 1735 4291 τίὴς
1767 4220 1861 4273 τοῦ

290 4316 610 4387 Πνεύματος
650 4316 881 4385 προόδου
934 4314 1159 4383 δεῆσαν.
1216 4314 1301 4377 Ὠς
1341 4312 1397 4365 δέ
1459 4314 1631 4367 ταῦτα
1683 4314 1864 4371 πάντα

289 4408 554 4480 διάθησθε
588 4408 858 4462 κάλλιστά
915 4424 975 4461 τε
1030 4407 1137 4459 καὶ.
1176 4405 1600 4476 προχειρότατα,
1653 4406 1747 4467 τάς
1804 4422 1863 4458 τε

1972 3226 2127 3266 versa
2161 3211 2396 3266 honorat
2440 3213 2726 3280 Ecclesia;
2777 3225 2872 3269 aut
2894 3216 3014 3285 ejus
3065 3218 3380 3272 testimonia
3437 3234 3547 3273 non

1969 3299 2241 3363 admittat.
2287 3304 2427 3371 quod
2460 3313 2613 3372 putet
2660 3305 2777 3373 ejus
2834 3306 3156 3375 theologiam
3204 3326 3233 3360 ει
3283 3309 3397 3363 suis
3427 3324 3549 3364 θοι·-

1975 3401 2224 3460 ruptam;
2276 3393 2382 3446 nisi
2461 3393 2593 3463 quid
2661 3396 2735 3449 sit
2801 3397 3089 3465 perspicue
3170 3397 3546 3468 depravatum,

1970 3481 2134 3551 idque
2166 3482 2378 3551 utrique
2433 3484 2736 3548 allirmetis,
2771 3493 2826 3539 et
2851 3486 3080 3555 probent
3111 3486 3397 3556 utriusque
3421 3504 3545 3557 par-

1972 3577 2041 3629 tis
2093 3574 2216 3629 libri
2259 3575 2351 3629 tali
2400 3577 2710 3645 corruptela
2744 3577 2923 3642 liberi,
2958 3593 3383 3649 germanamque
3439 3581 3547 3637 lec-

1973 3668 2171 3719 tionem
2204 3666 2257 3719 in
2291 3682 2350 3722 se
2400 3678 2810 3723 conservantes.
2855 3667 3093 3723 Omnino
3145 3671 3312 3738 igitur
3369 3670 3547 3725 tribus

1973 3757 2119 3811 hisce
2153 3758 2428 3812 ducetuitti
2465 3759 2532 3813 ad
2572 3763 3004 3828 cognoscendam
3049 3767 3364 3827 vrritatem;
3402 3765 3548 3817 vide-

1972 3850 2102 3904 licet
2138 3850 2431 3921 Scripturze
2460 3853 2900 3917 auctoritatibus,
2925 3870 3115 3909 earum
3143 3857 3547 3925 esplanationi-

1972 3941 2095 4010 bus,
2123 3954 2175 3997 ct
2211 3945 2451 4014 propriis
2498 3946 2786 4000 doctorum
2820 3949 3125 4013 sententiis,
3155 3964 3291 4019 quas
3322 3948 3396 4002 illi
3429 3951 3547 4005 suis

1970 4036 2025 4090 ita
2066 4039 2411 4092 sermonibus
2439 4039 2670 4107 sparsim
2704 4043 3002 4109 protulere,
3046 4057 3171 4095 cum
3218 4057 3355 4111 opus
3402 4052 3549 4100 esset

1971 4132 2302 4185 mentionem
2329 4131 2508 4187 facere
2541 4131 2609 4188 de
2637 4132 2875 4203 Spiritus
2908 4140 3279 4203 proccssione.
3309 4137 3377 4193 Ut
3412 4154 3543 4193 vero

1973 4222 2087 4274 ha'c
2117 4225 2319 4292 optime
2370 4224 2740 4295 facillinteque
2772 4230 3061 4296 praestratis,
3123 4231 3371 4287 tollendae
3418 4243 3549 4289 sunt

1972 4302 2284 4383 anticipata:
2315 4317 2499 4374 animo
2551 4318 2860 4388 opiniones,
2892 4335 2946 4375 et
3000 4325 3355 4380 contentiosa:
3406 4328 3548 4380 relu-

1971 4409 2261 4473 elationes,
2289 4418 2453 4478 atque
2492 4410 2706 4466 inﬁrma
2738 4412 2956 4483 effugia,
3005 4433 3125 4484 qua:
3167 4417 3327 4471 facile
3368 4422 3547 4472 nefar-

288 4501 591 4571 προλήψεις
618 4502 713 4554 καὶ
740 4500 1081 4569 φιλονείκους
1111 4498 1394 4560 ἐνστάσεις
1412 4499 1746 4568 ἐξαιρετέον,
1770 4498 1865 4551 καὶ

1970 4497 2059 4567 gui
2095 4508 2320 4566 possunt
2346 4514 2362 4564 ;
2396 4511 2450 4555 et
2475 4501 2677 4569 ubique
2703 4503 2860 4571 plana
2882 4504 3215 4573 ingenuitate
3242 4513 3499 4561 utendqu
3528 4529 3543 4565 :

286 4595 385 4657 τὰς
442 4593 648 4663 σαθρας
701 4592 794 4645 καὶ
856 4591 1059 4661 ῥᾳδίως
1114 4590 1497 4659 ἐξελέγχεσθαι
1560 4589 1870 4658 δυναμένας

288 4683 605 4750 ἀποφυγὰς,
648 4682 741 4735 καὶ
772 4681 1052 4750 πανταχοῦ
1082 4682 1225 4749 μετὰ
1276 4680 1371 4748 τῆς
1408 4679 1653 4747 ἰσότητος
1684 4694 1869 4747 χωρη-

288 4775 409 4826 τέον
435 4790 450 4804 ο
480 4774 541 4825 ού
567 4773 677 4841 γὰρ
725 4771 929 4841 μᾶλλον
961 4770 1055 4822 νῦν
1084 4768 1351 4840 ἀλλήλους
1378 4767 1667 4837 καθήμεθα
1718 4768 1872 4819 δικα-

290 4867 415 4918 σταὶ
445 4866 574 4934 περὶ
605 4866 712 4916 τῶν
739 4862 1281 4933 ἀμφιοὸητουμένων
1311 4862 1342 4931 ή
1372 4863 1439 4933 τῇ
1464 4878 1523 4913 τε
1568 4860 1691 4930 θείᾳ.
1730 4861 1871 4929 Γρα-

290 4961 364 5029 φῇ
396 4957 632 5021 καὶτοῖς
660 4957 865 5029 ταύτης
909 4958 1205 5027 ἐξηγηταῖς
1264 4973 1323 5008 τε
1382 4958 1478 5010 καὶ
1522 4955 1873 5020 διδασκάλοις

287 5049 386 5119 τῆς
419 5050 734 5117 ἀναγκαίας
755 5050 1082 5119 συμφωνίας
1109 5049 1403 5119 ἐφευρεταὶ
1426 5051 1521 5100 καὶ
1554 5049 1869 5119 συνήγοροι.

292 5144 461 5199 ..υθεν
511 5146 612 5199 οὐκ
669 5145 847 5217 ὀρθῶς
900 5146 1239 5215 κεχρημένοι
1300 5148 1415 5207 τοῖς
1463 5147 1870 5217 προκειμένοις,

288 5238 508 5301 πολλοῖς
535 5237 633 5291 καὶ
693 5237 966 5298 ποικίλοις
1018 5240 1352 5309 ἀδικήμασιν
1400 5238 1720 5308 ἐνεξόμεθα.
1759 5241 1867 5291 Ού-

291 5329 418 5383 κούν
446 5331 522 5392 ὡς
542 5328 642 5398 τῆς
687 5328 1023 5397 φιλονεικίας
1057 5330 1149 5381 ἐπὶ
1177 5330 1364 5383 πλεῖον
1394 5330 1504 5383 τῶν
1541 5331 1866 5398 ἀνηκέστων

288 5422 435 5489 ἡμᾶς
471 5421 783 5489 δυναμένης
811 5422 1089 5490 ἐκφέρειν,
1126 5421 1353 5491 ἀπέχειν
1388 5423 1488 5491 μὲν
1527 5422 1699 5491 αὐτῆς
1732 5439 1869 5473 παν-

287 5510 481 5575 τ;λῶς,
516 5511 843 5581 συμμάχους
877 5510 934 5563 δὲ
962 5512 1054 5564 ἐπὶ
1087 5511 1246 5563 τοῦτο
1285 5515 1382 5579 τήν
1411 5529 1470 5565 τε
1526 5513 1663 5583 πρὸς
1697 5513 1866 5579 ἀλλή-

287 5600 412 5665 λους
444 5601 686 5670 εύνοιαν,
717 5605 811 5657 καὶ
838 5605 897 5655 τὸ
935 5606 1071 5674 μετά
1105 5604 1201 5672 τῆς
1237 5603 1493 5675 ἀληθείας
1534 5607 1753 5659 ἅπαντα
1779 5606 1865 5659 λέ-

1973 4606 2147 4657 neque
2173 4593 2317 4645 enim
2348 4607 2489 4645 nunc
2534 4595 2706 4662 magis
2765 4595 2921 4649 alteri
2969 4598 3154 4652 alteris
3178 4600 3391 4666 judires
3413 4616 3547 4653 cou-

1973 4683 2251 4737 trevr-rsiae
2288 4683 2567 4750 sedemus,
2590 4699 2752 4753 quam
2779 4686 2976 4741 divinae
3001 4688 3297 4757 Scriptum
3320 4692 3547 4760 ejusque

1972 4776 2327 4843 interpretum
2376 4792 2439 4830 ac
2483 4778 2796 4843 doctorum,
2847 4794 3082 4847 quorum
3114 4790 3197 4836 est
3233 4786 3547 4838 necessario

1970 4867 2368 4922 adinveniem'a
2418 4871 2729 4934 consensio,
2786 4872 3165 4927 conciliatores
3205 4883 3258 4928 ct
3311 4879 3546 4943 patroni.

1974 4956 2156 5022 Quare
2186 4958 2231 5012 si
2264 4961 2606 5028 propositum
2638 4963 2913 5030 negotium
2949 4976 3057 5015 non
3097 4975 3244 5018 recte
3277 4973 3549 5020 tractave-

1974 5047 2168 5113 rimus,
2229 5051 2524 5105 ntultorum
2586 5070 2651 5109 ac
2709 5056 3052 5110 diversorum
3115 5058 3192 5110 rei
3253 5059 3547 5115 criminum

1975 5143 2204 5200 cimus.
2236 5146 2371 5199 Cum
2404 5148 2571 5214 igitur
2593 5154 2874 5203 contentio
2898 5167 2996 5204 nos
3031 5152 3201 5216 possit
3232 5152 3459 5208 ulterius
3496 5155 3547 5209 in

1975 5236 2114 5289 mala
2143 5238 2464 5307 gravissima
2506 5241 2796 5304 derehere,
2844 5241 3147 5312 abiicienda
3191 5246 3416 5301 omnino
3461 5247 3551 5300 illa

1972 5338 2076 5393 cst,
2100 5341 2154 5383 et
2201 5333 2525 5385 assumenda
2559 5344 2687 5387 sunt
2724 5335 2881 5389 nobis
2917 5336 3162 5390 subsidio
3193 5347 3304 5390 tum
3362 5347 3549 5392 mutua

1973 5423 2114 5477 inter
2149 5437 2249 5479 nos
2280 5426 2677 5492 benevolentia,
2708 5437 2821 5481 tum
2888 5426 3143 5481 voluntas
3197 5430 3437 5482 enitendi
3494 5436 3553 5481 ut

1972 5511 2153 5565 omnia
2186 5527 2309 5565 cum
2343 5514 2569 5569 veritate
2605 5514 2976 5582 proferantur.
3017 5514 3085 5569 Et
3121 5516 3299 5583 primo
3328 5517 3549 5586 quid-sm

1976 5618 2078 5656 non
2110 5603 2266 5658 detet
2300 5605 2435 5660 velle
2487 5606 2673 5662 omnia
2724 5607 2944 5662 disertis
2998 5607 3180 5661 verbis
3209 5620 3239 5662 e
3268 5604 3552 5675 Scriptura

358 5783 434 5857 (l)
512 5782 568 5838 Id
625 5790 729 5851 εει,
782 5785 926 5839 circa
989 5784 1259 5855 principia
1296 5784 1420 5839 fidei
1456 5782 1607 5838 varie
1675 5782 1967 5839 inlt'llcctzt.
