4170 6294
612 333 716 401 487

1666 331 2040 392 GENNADII
2083 332 2192 391 (ΖΡ.
2232 328 2740 390 PATRIARCILE

3766 328 3868 391 £88

626 459 772 528 quod
807 471 945 521 opus
971 462 1138 518 esset,
1175 463 1289 506 tum
1331 450 1578 520 exempla
1614 451 1879 517 majorum
1910 453 2187 522 sequenda

2294 445 2610 521 φθάσαντας
2663 447 2857 518 ζηλοῦν
2909 447 3095 512 ἀξιῶν,
3133 445 3270 500 ἀλλά
3309 447 3405 501 καὶ
3464 447 3665 512 πάντες
3727 451 3864 520 ὁμοῦ

615 550 844 608 ducens,
880 545 972 598 sed
1008 544 1244 597 universi
1267 542 1432 597 etiam
1469 547 1799 596 sententiam
1835 542 1974 598 hanc
1999 559 2188 610 seque-

615 639 837 702 bantur,
885 638 929 691 si
968 635 1190 706 quando
1249 636 1375 689 illos
1405 635 1625 689 occasio
1685 632 2022 704 suscipiendi
2094 651 2190 704 pro

616 729 846 783 veritate
885 727 1189 782 certamina
1240 740 1407 780 unum
1463 726 1515 779 in
1562 726 1744 780 locum
1809 737 2187 797 congregaret.

619 819 712 876 Sic
739 823 954 886 Patres,
985 820 1078 890 qui
1134 822 1368 890 primum
1403 836 1708 875 convenere
1761 817 2018 882 Nicaeam,
2063 835 2188 872 cum

613 913 928 984 periculum'
957 922 1122 976 esset,
1171 927 1239 967 ne
1307 913 1399 966 Dei
1455 910 1640 967 Patris
1692 921 1855 980 atque
1911 907 2190 981 Unigenitl

613 1006 1001 1072 exploderetur
1027 1004 1328 1072 aequalitas,
1368 1018 1468 1073 pro
1499 1018 1561 1057 ea
1599 1003 1713 1072 ipsa
1747 1013 2187 1072 propugnarunt.

613 1096 923 1151 Censebam
971 1097 1140 1158 enim,
1185 1095 1489 1148 audiendos
1521 1110 1629 1148 non
1698 1109 1823 1148 esse
1865 1094 2191 1164 simpliciter

610 1203 729 1249 eos,
787 1187 876 1256 qui
945 1187 1011 1240 ad
1056 1184 1397 1255 probandum
1455 1186 1830 1252 mendacium,
1890 1185 2191 1256 Scriptura;

610 1279 901 1334 sententiis
958 1279 1065 1329 vim
1127 1275 1466 1342 aﬂ‘ercbant;
1532 1278 1627 1331 sed
1689 1291 1814 1331 cum
1875 1276 2187 1347 opinionem

608 1369 854 1438 opinioni
915 1368 1160 1421 viderent
1199 1371 1563 1432 contrariam,
1601 1383 1840 1437 pugnam
1876 1383 2004 1424 vero
2046 1369 2188 1423 hanc

609 1461 676 1512 ad
713 1458 1055 1528 Srripturam
1089 1473 1313 1527 quoque
1362 1459 1674 1527 pervenire,
1716 1471 1857 1527 qua;
1919 1459 2188 1529 oppositis

610 1549 794 1604 favere
861 1549 1145 1602 videbatur
1201 1549 1582 1618 Opinionibus,
1639 1557 1903 1617 putarunt
1967 1548 2189 1618 quidem

611 1641 950 1710 impossibile
1001 1641 1173 1694 solam
1231 1641 1477 1696 veritatis
1533 1643 1849 1710 magistram
1901 1641 2006 1698 sibi
2078 1659 2189 1699 non

612 1743 889 1797 constare,
928 1746 1273 1800 nequaquam
1304 1745 1434 1786 vero
1479 1733 1757 1802 aliquibus
1784 1733 1903 1802 ejus
1943 1734 2189 1804 partibus

609 1819 749 1875 alias
808 1819 1060 1888 praeferre
1110 1819 1423 1884 voluerunt,
1486 1823 1580 1876 sed
1621 1831 2013 1893 congruentem
2065 1841 2188 1880 cum

613 1911 870 1964 universa
901 1909 1184 1978 Scriptura
1206 1911 1534 1964 sententiam
1560 1920 1964 1981 compererunt,
1998 1897 2191 1985 nempe

613 2001 810 2057 Filium
847 2017 970 2057 esse
999 2001 1142 2057 Patri
1172 2004 1459 2073 aequalem,
1489 2020 1787 2075 verumque
1833 2006 2026 2062 Deum.
2085 2009 2191 2063 Su-

615 2094 761 2149 blata
791 2096 936 2148 enim
963 2095 1274 2162 aequalitate
1296 2095 1602 2149 divinarum
1625 2111 2008 2166 personarum,
2044 2101 2190 2154 vidc-

611 2195 801 2242 rentur
827 2187 1044 2256 quidem
1082 2186 1318 2243 fortasse
1360 2203 1483 2257 qua:
1539 2188 1806 2245 humilius
1863 2191 1932 2246 de
1984 2191 2188 2247 Christi

615 2274 1595 2345 humanitatedicunturconsistere,
1645 2291 1700 2336 at
1766 2298 1898 2337 vero
1961 2298 2062 2353 pro
2121 2285 2190 2339 iis

613 2387 736 2442 qua:
757 2374 890 2426 dant
913 2371 1196 2425 Diviuitati
1229 2372 1634 2436 testimonium,
1677 2372 1882 2430 frustra
1917 2383 2062 2429 esset
2091 2390 2189 2430 su-

609 2464 754 2520 blala
783 2482 796 2518 :
827 2463 1050 2519 immota
1090 2479 1219 2518 vero
1275 2463 1366 2516 illa
1401 2472 1676 2531 manente,
1732 2471 1967 2534 utraque
2040 2465 2188 2520 salva

605 2573 728 2613 esse
764 2566 1035 2628 poterant.
1070 2553 1220 2610 lianc
1254 2555 1420 2621 igitur
1446 2555 1547 2620 illi,
1581 2571 1702 2626 qua:
1742 2555 1944 2610 bellum
1982 2559 2191 2610 excita-

607 2647 726 2712 bat,
784 2654 1209 2716 proposuerunt,
1274 2660 1375 2699 nec
1417 2645 1567 2714 prius
1627 2645 1973 2710 destiterunt,
2023 2662 2188 2715 quam

608 2741 738 2794 huic
778 2739 1060 2792 victoriam
1089 2736 1397 2803 tribuerint,
1455 2747 1512 2791 et
1568 2735 1887 2806 Scriptura,
1918 2739 2061 2804 quod
2098 2753 2192 2807 per

613 2831 941 2888 sententiam
1005 2830 1152 2884 illam
1209 2829 1288 2895 lit,
1345 2829 1781 2883 convenientiam
1835 2845 2192 2885 consensum-

613 2938 721 2993 que
772 2921 1130 2975 reddiderint.
1190 2920 1397 2973 llorum
1457 2919 1732 2986 studium,
1785 2935 1851 2976 ac
1893 2923 2190 2976 certamina

613 3015 922 3084 propictate
950 3023 1202 3082 suscepta
1234 3012 1516 3067 consecuti
1573 3012 1690 3078 alii,
1746 3011 1910 3078 primi
1971 3024 2190 3083 quoque

613 3109 768 3162 fuere
799 3105 942 3160 modi
975 3105 1135 3174 hujus
1158 3103 1449 3159 adhibendi
1479 3103 1852 3158 minulatores.
1881 3104 1956 3158 De
2023 3107 2188 3161 rebus

609 3201 754 3251 enim
812 3205 943 3250 tunc
992 3195 1047 3249 in
1105 3195 1536 3250 controversiam
1589 3194 1840 3252 deductis
1889 3197 1967 3252 illi
2023 3197 2187 3253 etiam

608 3293 799 3339 exacta
817 3298 1071 3354 puraeque
1095 3283 1400 3355 diligentia,
1431 3291 1690 3340 caventes
1717 3299 1785 3342 ne
1809 3301 1918 3357 qua
1947 3302 2012 3341 ex
2037 3297 2190 3357 parte

611 3376 894 3444 Scriptura
909 3372 1356 3440 labefactarctur,
1385 3373 1559 3429 tulere
1580 3374 1931 3442 sententiam,
1955 3383 2010 3432 et
2034 3377 2185 3432 dein-

609 3484 740 3539 ωερε
772 3481 1113 3537 unaquaeque
1150 3467 1397 3538 synodus
1445 3467 1635 3524 eadem
1674 3477 1857 3524 mente
1917 3470 2188 3540 quaestio-

610 3575 740 3615 num
771 3559 907 3615 alias
941 3560 1101 3614 aliter
1128 3559 1456 3629 agitatarum
1505 3560 1890 3617 tractationem
1924 3562 2188 3632 suscepit,

609 3667 672 3712 ιιι
703 3671 766 3710 ex
796 3656 1054 3712 omnibus
1083 3671 1193 3711 una
1217 3671 1346 3711 vere
1395 3670 1558 3710 aurea
1586 3665 1779 3712 catena
1819 3670 2069 3712 connexa
2095 3655 2187 3720 sit,

610 3747 758 3800 omni
801 3747 1004 3816 pariter
1039 3745 1450 3816 pulchritudine
1496 3754 1715 3812 ornata,
1764 3746 2068 3816 eademque
2131 3745 2184 3800 in

607 3838 936 3894 det-larando
972 3836 1268 3907 Scriptura:
1318 3852 1482 3892 sensu
1537 3839 1746 3908 optime
1807 3849 2070 3893 conserta
2125 3843 2183 3892 et

609 3939 889 4000 coaptata.
915 3930 1177 3994 Quamvis
1203 3929 1349 3984 enim
1381 3929 1583 3998 singuli
1613 3945 1721 3985 non
1746 3939 1975 4000 possent
2005 3943 2102 4000 per
2128 3943 2188 3985 se

612 4023 764 4091 ipsos
803 4021 1122 4075 adinvenire
1170 4023 1318 4090 quod
1362 4029 1568 4077 rectum
1639 4030 1695 4075 et
1746 4037 1961 4090 a‘quum
2021 4031 2186 4090 esset,

613 4111 976 4180 suppetebant
999 4119 1178 4164 tamen
1212 4110 1611 4179 posterioribus
1629 4112 1873 4182 priorum
1896 4113 2144 4183 exempla
2169 4131 2184 4169 :

525 4195 530 4200 ’
609 4203 758 4273 quod
795 4201 841 4256 si
867 4204 1031 4256 etiam
1067 4201 1152 4256 bis
1178 4203 1509 4267 caruissent,
1544 4213 1694 4258 certe
1721 4202 1959 4274 Spiritus
1981 4205 2187 4262 auxilio

609 4302 865 4363 poterant
898 4292 1000 4362 ipsi
1043 4307 1140 4364 per
1170 4306 1228 4347 se
1285 4301 1457 4348 totum
1495 4295 1599 4349 hoc
1629 4295 1844 4364 egregie
1901 4305 2183 4366 praestare.

609 4387 932 4455 ltaquenon
993 4385 1156 4440 modo
1210 4395 1532 4441 sanctorum
1570 4385 1805 4456 quisque
1863 4389 2182 4458 separatim,

2293 545 2527 612 ταυτησὶ
2555 545 2653 611 τῆς
2679 542 2906 611 γνώμης
2947 541 3208 607 ἐγίνοντο,
3239 541 3399 594 ὁπότε
3441 542 3549 594 τῶν
3601 543 3742 612 ὑπὲρ
3772 545 3866 613 τῆς

2293 633 2552 701 ἀληθείας
2585 633 2815 700 ἀγώνων
2845 631 3042 694 αὐτοὺς
3077 631 3110 701 ἡ
3161 630 3323 700 χρεία
3370 630 3628 700 συνῆγεν.
3660 632 3866 684 Αὐτίκα

2293 726 2401 794 γάρ
2436 725 2484 777 οἱ
2521 724 2579 776 τὸ
2613 724 2830 794 πρῶτον
2859 720 3209 786 συνελθόντες
3243 725 3302 776 ἐν
3360 723 3571 794 Νικαίᾳ
3602 724 3862 794 Πατέρες,

2291 817 2390 884 τῆς
2438 819 2572 885 πρὸς
2633 816 2726 868 τὸν
2767 815 2988 885 Πατέρα
3050 813 3146 866 τοῦ
3201 813 3545 882 Μονογενοῦς
3592 815 3866 886 ἰσοτιμίας

2291 907 2713 978 κινδυνευούσης
2747 906 3132 970 ἐκϐάλλεσθαι,
3163 907 3354 960 τοῦτον
3390 907 3484 958 τὸν
3516 908 3716 978 τρόπον
3737 925 3865 976 προ-

2290 998 2529 1068 έστησαν
2551 1014 2567 1031 ο
2598 998 2659 1052 ού
2687 1001 2797 1070 γάρ
2828 997 3020 1069 ἠξίουν
3051 998 3352 1068 προσέχειν
3411 998 3597 1060 ἁπλῶς
3627 1000 3736 1061 τοῖς
3791 1002 3866 1062 εἰς

2290 1090 2572 1156 ἀπόδειξιν
2593 1085 2686 1144 τοῦ
2717 1090 2944 1160 ψεύδους
2977 1091 3337 1162 βιαζομένους
3369 1091 3436 1144 τά
3489 1091 3587 1160 τῆς
3645 1090 3866 1158 Γραφῆς

2293 1181 2584 1253 ἀξιώματα
2607 1201 2622 1214 ·
2654 1185 2791 1239 ἀλλά
2834 1182 2960 1256 δόξῃ
2993 1184 3092 1252 μὲν
3148 1183 3306 1250 δόξαν
3349 1184 3666 1254 μαχομένην
3701 1184 3867 1251 ὁρῶν-

2291 1292 2405 1342 τες,
2436 1273 2529 1330 τὸν
2577 1275 2635 1330 δὲ
2672 1277 2906 1342 πόὶεμον
2936 1276 3128 1329 τοῦτον
3179 1278 3275 1330 καὶ
3323 1276 3459 1345 πρὸς
3491 1276 3612 1344 Arias
3645 1275 3867 1346 Γραφὴν

2294 1360 2730 1437 διαδαίνοντα,ἢ
2770 1369 2892 1430 ταῖς
2929 1366 3205 1430 ἱναντίαις
3257 1365 3439 1430 δόξαις
3495 1367 3670 1418 ἐδόκει
3704 1381 3866 1432 συνη-

2291 1458 2498 1529 γορεῖν,
2547 1457 2646 1529 τὴν
2683 1458 2783 1528 μὲν
2844 1458 3016 1527 μόνην
3063 1457 3162 1528 τῆς
3226 1458 3492 1527 ἀληθείας
3549 1458 3866 1510 διδάσκαλον

2290 1548 2556 1604 ἀδύνατον
2616 1551 2873 1621 ἐνόμισαν
2907 1545 3050 1605 εἶναι
3108 1551 3470 1622 περιπίπτειν
3532 1552 3706 1620 αὐτῇ·
3754 1550 3864 1603 οὔτ’

2290 1637 2551 1709 ἠξίωσαν,
2584 1639 2723 1694 ἀλλὰ
2773 1636 2977 1711 μᾶλλον
3013 1641 3191 1696 ἀλλων
3253 1642 3420 1710 τιμᾷν
3453 1640 3624 1706 αὐτῆς
3689 1641 3859 1709 μέρη·

2293 1732 2394 1801 τὴν
2417 1730 2464 1784 δ’
2499 1733 2692 1802 ἁπάσῃ
2729 1735 2793 1802 τῇ
2846 1731 3036 1804 Γραφῇ
3073 1732 3480 1802 συμφωνοῦσαν
3516 1731 3677 1798 δόξαν
3712 1733 3866 1785 ἀνεῦ-

2297 1841 2412 1895 ρον,
2443 1823 2566 1894 ἥτις
2587 1819 2654 1895 ἦν
2681 1826 2715 1895 ή
2743 1824 2822 1894 τῷ
2847 1825 3023 1894 Πατρὶ
3047 1825 3139 1878 τὸν
3177 1825 3303 1878 Υίὺν
3324 1823 3439 1877 ἴσον
3471 1819 3614 1878 εἶναι
3637 1825 3859 1887 τιθείσα,

2294 1916 2391 1969 καί
2426 1915 2560 1969 Θεδν
2609 1916 2809 1987 ἀληθῆ.
2860 1916 2970 1985 Τῆς
3031 1915 3139 1986 γὰρ
3183 1916 3292 1969 τῶν
3343 1916 3504 1969 θεῖων
3559 1914 3861 1987 προσώπων

2297 2008 2576 2076 ἰσοτιμίας
2601 2008 3030 2078 ἀναιρουμένης,
3060 2009 3206 2073 ἔδοξε
3243 2009 3343 2077 μιν
3388 2007 3454 2062 ἂν
3486 2009 3616 2071 ἴσως
3646 2013 3712 2064 τὰ
3740 2011 3860 2079 περὶ

2292 2097 2386 2152 τοῦ
2423 2097 2661 2168 Χριστοῦ
2696 2097 3082 2167 ταπεινότερον
3125 2115 3181 2150 τε
3225 2099 3319 2152 καὶ
3374 2100 3862 2170 ἀνθρωπικώτερον

2291 2189 2564 2258 λεγόμενα
2623 2188 2921 2254 σώζεσθαι,
2963 2191 3078 2254 τοῖς
3135 2189 3191 2242 δὲ
3222 2191 3320 2259 τὴν
3377 2189 3608 2257 θεότητα
3661 2208 3864 2264 μαρτυς

2294 2282 2448 2354 ροῢσι
2500 2277 2680 2352 μ’ἀτην
2717 2281 3023 2352 ἀνῃρῆσθαι
3071 2285 3465 2353 περιεγεγόνει.
3526 2284 3773 2353 Ἐκεῖνης
3823 2287 3862 2338 δ’

2291 2373 2556 2443 ἀκινήτου
2591 2371 2883 2443 μενούσης,
2917 2372 3014 2426 καὶ
3044 2372 3376 2443 ἀμφοτέροις
3411 2375 3624 2437 τούτοις
3657 2374 3863 2446 ὑπῆρχε

2292 2467 2539 2534 κρατεῖν.
2594 2465 2815 2534 Ταύτην
2849 2459 2942 2518 οὖν
2979 2465 3075 2534 τῆς
3105 2465 3198 2518 τὸν
3220 2465 3455 2534 πόλεμον
3479 2467 3866 2536 ἀνεγειρούσης

2291 2555 2701 2627 προύτίμησαν,
2743 2557 2856 2610 οὐδ’
2893 2557 3212 2627 ἀπέστησαν
3267 2557 3375 2618 ἕως
3422 2558 3597 2631 ταύτῃ
3653 2560 3750 2628 μὲν
3809 2559 3867 2612 τὸ

2291 2649 2468 2720 νικᾷν,
2492 2651 2556 2719 τῇ
2579 2649 2634 2701 δὲ
2672 2647 2862 2718 Γραφῇ
2889 2646 2950 2701 τδ
2999 2648 3286 2717 γινόμενον
3312 2649 3381 2701 δι’
3421 2649 3590 2720 αὐτῆς
3650 2650 3744 2704 καὶ
3770 2651 3866 2721 τὴν

2294 2741 2618 2811 συμφωνίαν
2647 2741 2944 2795 ἀπέδοσαν.
2983 2738 3204 2794 Τούτων
3237 2741 3390 2794 ἄλλοι
3430 2743 3560 2805 τοὺς
3599 2743 3742 2813 ὑπὲρ
3770 2744 3867 2810 τῆς

2293 2831 2579 2894 εὐσεϐείας
2607 2831 2824 2899 ἀγῶνας
2858 2834 2953 2886 καὶ
2983 2833 3083 2902 τὴν
3135 2832 3448 2903 προθυμίαν
3495 2832 3868 2902 ἐκδεξάμενοι,

2293 2921 2503 2990 πρῶτοι
2529 2922 2740 2990 καὶτῆς
2784 2921 2914 2994 περὶ
2938 2922 3115 2977 ταῦτα
3145 2923 3370 2994 μεθόδου
3403 2927 3748 2996 κατέστησαν
3777 2925 3871 2995 {q-

2291 3011 2461 3064 λωταί
2490 3025 2504 3041 ·
2549 3011 2661 3074 τοῖς
2687 3011 2795 3081 γὰρ
2831 3011 2953 3063 τότε
2988 3009 3271 3082 ζητηθεῖσι
3300 3013 3397 3064 καὶ
3425 3003 3572 3064 οὗτοι
3599 3010 3739 3080 μετά
3770 3013 3868 3080 τῆς

2293 3101 2462 3171 αὐτῆς
2494 3100 2776 3163 ἀκριϐείας
2806 3101 2900 3155 καὶ
2930 3099 3025 3155 τοῦ
3075 3101 3415 3176 πανταχόθεν
3480 3102 3582 3172 τὴν
3637 3101 3862 3173 Γραφὴν

2297 3193 2588 3262 φυλάττειν
2632 3191 2952 3255 ἀσάλευτον,
3011 3194 3111 3263 τὴν
3148 3193 3330 3264 κρίσιν
3377 3192 3688 3247 ἀπέδωκαν.
3764 3195 3870 3247 Καὶ

2295 3287 2448 3342 πᾶσα
2473 3284 2689 3348 σύνοδος
2729 3285 2931 3354 ἑφεξῆς
2981 3287 3120 3354 μετὰ
3152 3284 3252 3354 τῆς
3285 3286 3454 3353 αὐτῆς
3487 3285 3724 3348 διανοίας
3745 3286 3868 3354 περὶ

2295 3379 2404 3433 τῶν
2442 3377 2635 3431 ἄλλοτε
2681 3376 2858 3440 ἄλλως
2909 3377 3266 3446 ζητουμένων
3313 3376 3610 3446 ἐσκέψατο,
3657 3378 3734 3440 ὡς
3783 3378 3871 3430 διὰ

2297 3471 2490 3525 πασῶν
2525 3472 2656 3536 μίαν
2681 3470 2802 3524 τινὰ
2841 3469 3053 3540 χρυσῆν
3080 3469 3153 3532 ὡς
3189 3468 3408 3539 ἀληθῶς
3442 3469 3870 3541 ἀποτελεσθῆναι

2296 3563 2510 3633 σειρὰν,
2555 3562 2677 3632 ίσην
2723 3560 2896 3615 ἅπασι
2947 3563 3062 3624 τοῖς
3133 3562 3342 3627 καλοῖς,
3390 3563 3527 3633 πρὸς
3578 3563 3637 3616 δι
3683 3565 3777 3617 καὶ
3808 3566 3871 3634 τῇ

2297 3655 2426 3724 περὶ
2455 3652 2566 3706 τῶν
2595 3653 2832 3724 Γραφῶν
2870 3653 3067 3726 γνώμῃ
3117 3653 3526 3725 συμϐεϐηκυῖαν
3555 3656 3751 3728 ἄριστα
3783 3659 3873 3709 καὶ

2297 3747 2774 3818 συνηρμοσμένην.
2810 3745 2871 3799 Et
2902 3748 3009 3816 γὰρ
3042 3747 3140 3800 καὶ
3182 3747 3258 3814 μὴ
3285 3747 3417 3818 παρ’
3476 3749 3686 3802 ἑαυτῶν
3741 3749 3870 3802 ἔκα-

2295 3855 2412 3894 στοι
2435 3841 2492 3892 τδ
2524 3838 2692 3892 καλὸν
2724 3840 2820 3891 καὶ
2874 3838 3085 3893 δίκαιον
3124 3833 3272 3910 εἶχον
3307 3839 3602 3912 εὑρίσκειν,
3656 3841 3773 3895 ἀλλ’
3807 3838 3872 3913 ἦν

2293 3931 2359 3984 ὲκ
2399 3929 2508 3985 τῶν
2534 3931 2818 4000 προτέρων
2854 3931 2963 3992 τοῖς
2992 3930 3239 3999 ὑστέροις
3297 3932 3366 3984 τά
3428 3933 3868 4004 παραδείγματα.

2294 4020 2356 4074 Εἰ
2382 4019 2437 4073 δὲ
2470 4021 2563 4074 καὶ
2600 4020 2805 4073 τούτων
2829 4020 3093 4090 ἠπόρουν,
3153 4020 3271 4073 ἀλλ’
3314 4021 3528 4074 οἴκοθεν
3572 4023 3729 4078 αὐτοὶ
3776 4044 3870 4078 κα-

2293 4115 2522 4186 τορθοῦν
2551 4114 2820 4184 ἠδύναντο
2843 4113 2916 4183 τῷ
2943 4113 3220 4183 Πνεύματι
3253 4113 3633 4184 βοηθούμενοι,
3664 4116 3790 4170 ὥστ’
3811 4121 3866 4171 οι

2297 4208 2462 4278 μόνον
2485 4207 2712 4260 ἕκαστοι
2748 4206 2856 4260 τῶν
2891 4206 3064 4273 ἀγίων
3099 4207 3291 4276 χωρὶς,
3335 4206 3473 4260 ἀλλά
3522 4209 3615 4262 καὶ
3672 4214 3870 4270 πάντε;

2291 4294 2434 4368 ὁμοῦ
2483 4301 2620 4368 μετά
2669 4298 2769 4367 τῆς
2837 4299 2946 4349 τῶν
2998 4295 3233 4366 Γραφῶν
3306 4299 3628 4368 συμφωνίας
3694 4303 3870 4354 πάντα

2293 4389 2556 4461 ἐποίησαν
2597 4403 2614 4422 ο
2661 4390 2757 4443 καὶ
2793 4391 2868 4460 μὴ
2894 4388 3061 4461 μόνον
3089 4387 3213 4441 καθ’
3252 4387 3369 4452 ἕνα,
3404 4389 3540 4442 ἀλλά
3584 4391 3678 4444 καὶ
3733 4394 3870 4444 κατά

609 4477 706 4531 sed
743 4479 1054 4545 congregati
1084 4476 1248 4530 etiam
1295 4489 1488 4533 omnes
1520 4476 1727 4540 omnia,
1770 4490 1986 4530 servata
2044 4491 2181 4531 con-

2292 4479 2508 4541 πλείους
2537 4478 2636 4549 τὴν
2676 4479 2849 4548 αὐτὴν
2882 4479 3014 4547 περὶ
3043 4477 3153 4529 τῶν
3184 4477 3365 4531 αὐτῶν
3390 4479 3705 4548 προείλοντο
3735 4479 3870 4548 γνὼ-

605 4567 791 4621 cordia
817 4567 1256 4637 Scripturarum;
1289 4578 1518 4637 egerunt
1551 4582 1566 4620 :
1599 4584 1780 4640 neque
1815 4559 2186 4638 tantum‘jsin-

611 4657 859 4727 gulatim,
884 4659 978 4714 sed
1009 4659 1322 4728 complures
1349 4674 1567 4729 quoque
1608 4660 1774 4716 simul
1826 4661 2071 4715 eamdem
2119 4661 2188 4714 de

607 4747 808 4802 iisdem
865 4749 1108 4804 habuere
1157 4750 1511 4807 sententiam.
1552 4749 1740 4820 Neque
1774 4751 2023 4806 docendo
2055 4767 2187 4806 suos

611 4851 877 4912 putarunt
905 4842 1207 4898 habendam
1239 4858 1361 4898 esse
1384 4859 1494 4913 prae
1544 4845 1721 4900 oculis
1777 4859 2180 4914 usquequaque

606 4933 1047 4988 convenientiam
1087 4934 1493 5004 Scripturarum
1522 4953 1538 5002 ;
1583 4936 1876 5007 pugnando
1903 4952 2030 4990 vero
2059 4952 2184 4990 cum

606 5023 942 5080 adversariis
979 5023 1145 5077 altum
1180 5039 1305 5080 esse
1358 5035 1582 5082 modum
1639 5027 2034 5092 adhibendum,
2091 5030 2183 5083 sed

607 5127 822 5182 contra,
843 5117 1025 5187 priora
1054 5116 1158 5172 illis
1188 5118 1342 5174 fuere
1381 5133 1523 5189 opus
1583 5126 1802 5188 propter
1853 5119 2183 5188 posteriora.

606 5211 786 5279 Atque
823 5217 881 5263 ut
905 5225 1062 5264 nemo
1095 5210 1415 5281 apparentia
1473 5217 1688 5264 tantum
1749 5209 2064 5274 attendens,
2103 5211 2184 5264 la-

610 5309 814 5356 tentem
867 5315 997 5356 vero
1035 5316 1140 5362 non
1196 5301 1464 5357 eﬂodtcus
1506 5300 1828 5353 thesaurum
1877 5301 1980 5355 sibi
2033 5301 2188 5356 [teret

607 5405 770 5446 causa
795 5393 1026 5456 erroris,
1050 5401 1374 5462 putaretque
1409 5390 1546 5443 duce
1577 5389 1643 5443 ad
1666 5390 1965 5458 praecipitia
2025 5392 2186 5444 lumi-

608 5499 681 5539 ne
707 5484 807 5548 uti,
842 5484 967 5540 illas
995 5485 1161 5538 etiam
1184 5483 1399 5535 viarum
1424 5481 1774 5548 asperitates,
1803 5481 1908 5536 hoc
1929 5495 2014 5537 cst
2041 5482 2182 5548 loca,

606 5589 729 5646 qua:
779 5574 1033 5630 videntur
1076 5585 1325 5626 asserere
1370 5571 1692 5640 pugnantia,
1737 5575 2182 5645 complanabant,

602 5663 969 5732 eumdemque
993 5662 1047 5714 iu
1080 5659 1338 5714 omnibus
1372 5673 1596 5715 sensum
1623 5663 1928 5718 consistere
1957 5663 2183 5718 demon-

604 5753 878 5806 strabant.
918 5753 994 5805 Ita
1027 5749 1192 5804 veluti
1223 5750 1502 5806 communi
1531 5753 1762 5810 consilio
1816 5765 1929 5808 tum
1964 5753 2181 5824 publice

2293 4585 2436 4640 μην·
2458 4569 2568 4621 οὐδ’
2603 4570 2885 4638 ἡγήσαντο
2913 4571 3040 4630 τοὶς
3096 4567 3196 4635 μὲν
3247 4567 3484 4630 οἰκείους
3530 4568 3871 4630 διδάσκοντες

2289 4665 2388 4731 τῆς
2420 4661 2528 4717 τῶν
2584 4661 2814 4732 Γραφῶν
2867 4660 3189 4727 συμφωνίις
3241 4659 3600 4729 στοχάζεσθαι
3668 4677 3870 4714 παντα-

2290 4752 2408 4821 χοῦ,
2469 4751 2594 4813 τοὺς
2651 4752 2708 4802 δὲ
2751 4751 2882 4818 πρὸς
2935 4751 3060 4812 τοὺς
3113 4748 3392 4810 ἐναντίους
3449 4749 3666 4818 ἀγῶνας
3717 4749 3870 4802 ἄλλον

2288 4843 2412 4895 τινὰ
2462 4841 2797 4895 διατίθεσθαι
2847 4841 3092 4912 τρόπον·
3150 4841 3466 4893 τούναντίον
3508 4841 3616 4912 γὰρ
3673 4842 3870 4912 μᾶλλον

2289 4933 2513 4986 καὶτῶν
2537 4933 2822 5003 προτέρων
2851 4932 3034 4995 αὐτοῖς
3063 4932 3174 4986 τῶν
3220 4933 3462 5004 ὑστέρων
3510 4933 3671 5004 χάριν
3720 4934 3873 5002 ἐδέη-

2293 5040 2373 5077 σε.
2409 5024 2519 5078 Καὶ
2553 5023 2693 5077 ὥστε
2719 5023 2923 5093 μηδένα
2973 5023 3052 5094 τῷ
3111 5025 3424 5095 φαινομένῳ
3481 5027 3644 5095 μόνον
3703 5041 3871 5095 προς-

2282 5115 2508 5184 ἰχοντα,
2541 5117 2630 5167 τὸν
2666 5114 2712 5166 δ’
2762 5115 3082 5184 ἐγκείμενον
3113 5117 3212 5168 οὐκ
3252 5115 3618 5185 ἀνορύττοντα
3667 5117 3873 5187 θησαυ-

2291 5209 2406 5278 ρὸν,
2442 5208 2652 5278 πλάνης
2677 5209 2848 5261 αἴτιον
2867 5207 3016 5271 αὐτῷ
3037 5209 3388 5279 γεγενῆσθαι.
3417 5209 3512 5262 καὶ
3554 5209 3764 5263 οἴεσθαι
3793 5209 3867 5279 τῷ

2291 5301 2434 5368 φωτὶ
2463 5300 2703 5370 χρῆσθαι
2735 5299 2870 5370 πρὸς
2901 5302 3028 5362 τοὺς
3054 5301 3338 5370 κρημνοὺς
3368 5301 3575 5371 ὁδηγῷ,
3617 5304 3713 5354 καὶ
3742 5303 3869 5354 ἀνο-

2290 5390 2408 5452 δίας
2439 5394 2538 5453 τὰς
2568 5391 2835 5453 δοκούσας
2862 5392 3161 5459 διαφωνίας
3185 5391 3433 5463 ἐξῄρουν,
3467 5395 3560 5445 καὶ
3588 5391 3683 5445 τὸν
3707 5393 3871 5446 αὐτὸν

2289 5481 2378 5535 διὰ
2417 5482 2636 5535 πάντων
2668 5483 2940 5545 σώζεσθαι
2971 5481 3096 5535 νοῦν
3129 5484 3507 5538 ἀπεδείκνυον.
3564 5484 3723 5539 οὕτω
3774 5503 3873 5539 κα·

2289 5575 2471 5644 θάπερ
2501 5575 2611 5629 ἀπὸ
2643 5577 2987 5646 συνθήματος
3012 5579 3106 5630 καὶ
3137 5581 3291 5648 κοινῇ
3331 5580 3426 5631 καὶ
3462 5579 3571 5652 ίδίᾳ
3597 5580 3694 5633 καὶ
3729 5596 3870 5634 παν-

2288 5668 2458 5735 ταχοῦ
2493 5667 2589 5721 καὶ
2617 5668 2749 5737 πρὸς
2782 5672 2966 5732 πᾶσαν
2995 5670 3189 5738 χρείαν
3219 5670 3410 5722 τούτου
3447 5672 3685 5740 μάλιστα
3733 5675 3812 5726 πά
3845 5702 3872 5713 -

2289 5777 2397 5813 των
2428 5760 2777 5828 ἐφρόντισεν,
2835 5761 2911 5825 ὡς
2937 5759 3100 5813 τοῦτο
3136 5761 3431 5830 κεφάλαιον
3463 5761 3523 5816 ὃν
3558 5765 3744 5830 αὐτοῖς
3773 5767 3870 5834 τῆς
