  <div class='ocr_page' id='page_1' title='image "/cluster/home/n/w/nwhite01/storage/ocr_20150623/160/mdp.39015078384693/252.png"; bbox 0 0 4170 6294; ppageno 0'>
   <div class='ocr_carea' id='block_1_1' title="bbox 346 337 456 402">
    <p class='ocr_par' dir='ltr' id='par_1_1' title="bbox 346 337 456 402">
     <span class='ocr_line' id='line_1_1' title="bbox 346 337 456 402; baseline 0.036 -3"><span class='ocrx_word' id='word_1_1' title='bbox 346 337 456 402; x_wconf 62' lang='grc'><strong>889</strong></span> 
     </span>
    </p>
   </div>
   <div class='ocr_carea' id='block_1_2' title="bbox 1509 329 2453 394">
    <p class='ocr_par' dir='ltr' id='par_1_2' title="bbox 1509 329 2453 394">
     <span class='ocr_line' id='line_1_2' title="bbox 1509 329 2453 394; baseline -0.004 0"><span class='ocrx_word' id='word_1_2' title='bbox 1509 329 1788 394; x_wconf 76' lang='lat' dir='ltr'><strong>ORATIO</strong></span> <span class='ocrx_word' id='word_1_3' title='bbox 1815 331 1903 391; x_wconf 86' lang='lat' dir='ltr'><strong>III</strong></span> <span class='ocrx_word' id='word_1_4' title='bbox 1944 331 2043 390; x_wconf 85' lang='lat' dir='ltr'><strong>AD</strong></span> <span class='ocrx_word' id='word_1_5' title='bbox 2075 330 2453 390; x_wconf 69' lang='lat' dir='ltr'><strong>SYNOIMJM.</strong></span> 
     </span>
    </p>
   </div>
   <div class='ocr_carea' id='block_1_3' title="bbox 3516 327 3610 386">
    <p class='ocr_par' dir='ltr' id='par_1_3' title="bbox 3516 327 3610 386">
     <span class='ocr_line' id='line_1_3' title="bbox 3516 327 3610 386; baseline -0.011 -8"><span class='ocrx_word' id='word_1_6' title='bbox 3516 327 3610 386; x_wconf 55' lang='grc'><strong>4.(</strong></span> 
     </span>
    </p>
   </div>
   <div class='ocr_carea' id='block_1_4' title="bbox 351 449 1951 523">
    <p class='ocr_par' dir='ltr' id='par_1_4' title="bbox 351 450 1934 523">
     <span class='ocr_line' id='line_1_4' title="bbox 351 450 1934 523; baseline -0.001 -17"><span class='ocrx_word' id='word_1_7' title='bbox 351 453 614 522; x_wconf 79' lang='grc' dir='ltr'><strong>σπουδῆς.</strong></span> <span class='ocrx_word' id='word_1_8' title='bbox 651 450 756 507; x_wconf 81' lang='grc' dir='ltr'><strong>Τὸν</strong></span> <span class='ocrx_word' id='word_1_9' title='bbox 783 451 893 522; x_wconf 81' lang='grc' dir='ltr'><strong>γάρ</strong></span> <span class='ocrx_word' id='word_1_10' title='bbox 917 452 1080 507; x_wconf 77' lang='grc' dir='ltr'>αὐτὸν</span> <span class='ocrx_word' id='word_1_11' title='bbox 1131 451 1269 523; x_wconf 72' lang='grc' dir='ltr'>ὑπὲρ</span> <span class='ocrx_word' id='word_1_12' title='bbox 1325 469 1382 506; x_wconf 88' lang='grc' dir='ltr'><strong>τε</strong></span> <span class='ocrx_word' id='word_1_13' title='bbox 1436 453 1624 506; x_wconf 71' lang='grc' dir='ltr'>τούτου</span> <span class='ocrx_word' id='word_1_14' title='bbox 1690 468 1784 508; x_wconf 76' lang='grc' dir='ltr'><strong>και</strong></span> <span class='ocrx_word' id='word_1_15' title='bbox 1835 452 1934 520; x_wconf 79' lang='grc' dir='ltr'>τῆς</span> 
     </span>
    </p>
   </div>
   <div class='ocr_carea' id='block_1_5' title="bbox 2055 449 3612 523">
    <p class='ocr_par' dir='ltr' id='par_1_5' title="bbox 2055 449 3612 521">
     <span class='ocr_line' id='line_1_5' title="bbox 2055 449 3612 521; baseline -0.001 -19"><span class='ocrx_word' id='word_1_16' title='bbox 2055 466 2155 503; x_wconf 90' lang='lat' dir='ltr'><strong>.um</strong></span> <span class='ocrx_word' id='word_1_17' title='bbox 2192 451 2466 518; x_wconf 75' lang='lat' dir='ltr'><strong>privatim,</strong></span> <span class='ocrx_word' id='word_1_18' title='bbox 2491 451 2684 520; x_wconf 80' lang='lat' dir='ltr'><strong>quovis</strong></span> <span class='ocrx_word' id='word_1_19' title='bbox 2721 451 2858 515; x_wconf 89' lang='lat' dir='ltr'><strong>loco,</strong></span> <span class='ocrx_word' id='word_1_20' title='bbox 2888 461 2939 506; x_wconf 83' lang='lat' dir='ltr'><strong>et</strong></span> <span class='ocrx_word' id='word_1_21' title='bbox 2972 450 3193 521; x_wconf 86' lang='lat' dir='ltr'><strong>quando</strong></span> <span class='ocrx_word' id='word_1_22' title='bbox 3241 465 3327 506; x_wconf 83' lang='lat' dir='ltr'><strong>res</strong></span> <span class='ocrx_word' id='word_1_23' title='bbox 3355 449 3427 504; x_wconf 86' lang='lat' dir='ltr'><strong>ita</strong></span> <span class='ocrx_word' id='word_1_24' title='bbox 3475 450 3612 502; x_wconf 85' lang='lat' dir='ltr'><strong>fere—</strong></span> 
     </span>
    </p>
   </div>
   <div class='ocr_carea' id='block_1_6' title="bbox 349 542 1930 615">
    <p class='ocr_par' dir='ltr' id='par_1_6' title="bbox 349 542 1930 615">
     <span class='ocr_line' id='line_1_6' title="bbox 349 542 1930 615; baseline -0.004 -16"><span class='ocrx_word' id='word_1_25' title='bbox 349 543 617 615; x_wconf 80' lang='grc' dir='ltr'>ἀληθείας</span> <span class='ocrx_word' id='word_1_26' title='bbox 641 543 734 598; x_wconf 73' lang='grc' dir='ltr'><strong>καὶ</strong></span> <span class='ocrx_word' id='word_1_27' title='bbox 765 542 864 612; x_wconf 82' lang='grc' dir='ltr'>τῆς</span> <span class='ocrx_word' id='word_1_28' title='bbox 887 543 1070 597; x_wconf 84' lang='grc' dir='ltr'>αὐτῶν</span> <span class='ocrx_word' id='word_1_29' title='bbox 1102 543 1378 614; x_wconf 76' lang='grc' dir='ltr'><strong>σωτηρίας</strong></span> <span class='ocrx_word' id='word_1_30' title='bbox 1411 544 1608 614; x_wconf 74' lang='grc' dir='ltr'>ᾔδεσαν</span> <span class='ocrx_word' id='word_1_31' title='bbox 1633 543 1764 598; x_wconf 85' lang='grc' dir='ltr'>δντα</span> <span class='ocrx_word' id='word_1_32' title='bbox 1810 545 1930 610; x_wconf 76' lang='grc' dir='ltr'>σφί-</span> 
     </span>
    </p>
   </div>
   <div class='ocr_carea' id='block_1_7' title="bbox 353 636 1931 710">
    <p class='ocr_par' dir='ltr' id='par_1_7' title="bbox 353 636 1931 710">
     <span class='ocr_line' id='line_1_7' title="bbox 353 636 1931 710; baseline -0.003 -17"><span class='ocrx_word' id='word_1_33' title='bbox 353 656 439 693; x_wconf 90' lang='grc' dir='ltr'><strong>σιν</strong></span> <span class='ocrx_word' id='word_1_34' title='bbox 467 639 656 706; x_wconf 74' lang='grc' dir='ltr'>ἀγῶνα</span> <span class='ocrx_word' id='word_1_35' title='bbox 685 655 702 669; x_wconf 88' lang='grc'><strong>·</strong></span> <span class='ocrx_word' id='word_1_36' title='bbox 725 639 822 692; x_wconf 70' lang='grc' dir='ltr'>καὶ</span> <span class='ocrx_word' id='word_1_37' title='bbox 853 641 976 710; x_wconf 84' lang='grc' dir='ltr'>μετ’</span> <span class='ocrx_word' id='word_1_38' title='bbox 1010 639 1184 694; x_wconf 73' lang='grc' dir='ltr'>αὐτοῦ</span> <span class='ocrx_word' id='word_1_39' title='bbox 1219 639 1319 708; x_wconf 74' lang='grc' dir='ltr'>μὲν</span> <span class='ocrx_word' id='word_1_40' title='bbox 1343 640 1412 694; x_wconf 72' lang='grc' dir='ltr'><strong>τὰ</strong></span> <span class='ocrx_word' id='word_1_41' title='bbox 1431 638 1595 693; x_wconf 82' lang='grc' dir='ltr'>λοιπὰ</span> <span class='ocrx_word' id='word_1_42' title='bbox 1647 636 1931 708; x_wconf 82' lang='grc' dir='ltr'>κατορθώ-</span> 
     </span>
    </p>
   </div>
   <div class='ocr_carea' id='block_1_8' title="bbox 355 727 1937 799">
    <p class='ocr_par' dir='ltr' id='par_1_8' title="bbox 355 727 1937 799">
     <span class='ocr_line' id='line_1_8' title="bbox 355 727 1937 799; baseline -0.001 -17"><span class='ocrx_word' id='word_1_43' title='bbox 355 747 490 795; x_wconf 91' lang='grc' dir='ltr'>σειν,</span> <span class='ocrx_word' id='word_1_44' title='bbox 519 729 577 783; x_wconf 76' lang='grc' dir='ltr'>ἓν</span> <span class='ocrx_word' id='word_1_45' title='bbox 610 728 667 782; x_wconf 75' lang='grc' dir='ltr'>δὲ</span> <span class='ocrx_word' id='word_1_46' title='bbox 697 729 905 783; x_wconf 79' lang='grc' dir='ltr'>τούτων</span> <span class='ocrx_word' id='word_1_47' title='bbox 940 730 1302 799; x_wconf 85' lang='grc' dir='ltr'>περιιδόντες,</span> <span class='ocrx_word' id='word_1_48' title='bbox 1334 731 1428 783; x_wconf 68' lang='grc' dir='ltr'><strong>καὶ</strong></span> <span class='ocrx_word' id='word_1_49' title='bbox 1457 729 1565 784; x_wconf 87' lang='grc' dir='ltr'><strong>τῶν</strong></span> <span class='ocrx_word' id='word_1_50' title='bbox 1593 727 1800 783; x_wconf 80' lang='grc' dir='ltr'>λοιπῶν</span> <span class='ocrx_word' id='word_1_51' title='bbox 1845 727 1937 780; x_wconf 82' lang='grc' dir='ltr'><strong>ὲκ-</strong></span> 
     </span>
    </p>
   </div>
   <div class='ocr_carea' id='block_1_9' title="bbox 358 819 1214 891">
    <p class='ocr_par' dir='ltr' id='par_1_9' title="bbox 358 819 1214 891">
     <span class='ocr_line' id='line_1_9' title="bbox 358 819 1214 891; baseline 0.001 -19"><span class='ocrx_word' id='word_1_52' title='bbox 358 820 644 874; x_wconf 81' lang='grc' dir='ltr'>πεσεῖσθαι</span> <span class='ocrx_word' id='word_1_53' title='bbox 678 821 900 885; x_wconf 80' lang='grc' dir='ltr'>πάντως</span> <span class='ocrx_word' id='word_1_54' title='bbox 938 819 1214 891; x_wconf 68' lang='grc' dir='ltr'>ἐνόμιζον.</span> 
     </span>
    </p>
   </div>
   <div class='ocr_carea' id='block_1_10' title="bbox 424 1081 1937 1156">
    <p class='ocr_par' dir='ltr' id='par_1_10' title="bbox 424 1081 1937 1156">
     <span class='ocr_line' id='line_1_10' title="bbox 424 1081 1937 1156; baseline 0.003 -19"><span class='ocrx_word' id='word_1_55' title='bbox 424 1082 644 1137; x_wconf 75' lang='grc' dir='ltr'>Τούτων</span> <span class='ocrx_word' id='word_1_56' title='bbox 665 1081 845 1136; x_wconf 88' lang='grc' dir='ltr'>τοίνυν</span> <span class='ocrx_word' id='word_1_57' title='bbox 872 1083 1016 1136; x_wconf 71' lang='grc' dir='ltr'>οὕτω</span> <span class='ocrx_word' id='word_1_58' title='bbox 1051 1085 1344 1153; x_wconf 74' lang='grc' dir='ltr'><strong>κειμένων,</strong></span> <span class='ocrx_word' id='word_1_59' title='bbox 1373 1085 1467 1140; x_wconf 74' lang='grc' dir='ltr'>καὶ</span> <span class='ocrx_word' id='word_1_60' title='bbox 1509 1087 1739 1156; x_wconf 79' lang='grc' dir='ltr'>μηδενὸς</span> <span class='ocrx_word' id='word_1_61' title='bbox 1760 1089 1937 1152; x_wconf 79' lang='grc' dir='ltr'>ἄλλως</span> 
     </span>
    </p>
   </div>
   <div class='ocr_carea' id='block_1_11' title="bbox 354 1172 1936 1250">
    <p class='ocr_par' dir='ltr' id='par_1_11' title="bbox 354 1172 1936 1250">
     <span class='ocr_line' id='line_1_11' title="bbox 354 1172 1936 1250; baseline 0.004 -25"><span class='ocrx_word' id='word_1_62' title='bbox 354 1172 508 1225; x_wconf 76' lang='grc' dir='ltr'>ταῦτ’</span> <span class='ocrx_word' id='word_1_63' title='bbox 544 1172 689 1240; x_wconf 73' lang='grc' dir='ltr'>ἔχειν</span> <span class='ocrx_word' id='word_1_64' title='bbox 722 1173 972 1236; x_wconf 83' lang='grc' dir='ltr'>εἰπόντος</span> <span class='ocrx_word' id='word_1_65' title='bbox 1005 1173 1094 1234; x_wconf 83' lang='grc' dir='ltr'>ἂν,</span> <span class='ocrx_word' id='word_1_66' title='bbox 1136 1173 1238 1227; x_wconf 77' lang='grc' dir='ltr'>κᾶν</span> <span class='ocrx_word' id='word_1_67' title='bbox 1287 1175 1497 1245; x_wconf 83' lang='grc' dir='ltr'>σφόδρα</span> <span class='ocrx_word' id='word_1_68' title='bbox 1544 1176 1847 1246; x_wconf 71' lang='grc' dir='ltr'><strong>φιλόνεικος</strong></span> <span class='ocrx_word' id='word_1_69' title='bbox 1877 1174 1936 1250; x_wconf 84' lang='grc' dir='ltr'>ᾗ,</span> 
     </span>
    </p>
   </div>
   <div class='ocr_carea' id='block_1_12' title="bbox 355 1261 1938 1337">
    <p class='ocr_par' dir='ltr' id='par_1_12' title="bbox 355 1261 1938 1337">
     <span class='ocr_line' id='line_1_12' title="bbox 355 1261 1938 1337; baseline 0.003 -21"><span class='ocrx_word' id='word_1_70' title='bbox 355 1263 452 1316; x_wconf 71' lang='grc' dir='ltr'>καὶ</span> <span class='ocrx_word' id='word_1_71' title='bbox 487 1262 633 1332; x_wconf 75' lang='grc' dir='ltr'>ὑμᾶς</span> <span class='ocrx_word' id='word_1_72' title='bbox 660 1264 760 1334; x_wconf 74' lang='grc' dir='ltr'>τὴν</span> <span class='ocrx_word' id='word_1_73' title='bbox 792 1261 966 1334; x_wconf 75' lang='grc' dir='ltr'>αὐτὴν</span> <span class='ocrx_word' id='word_1_74' title='bbox 999 1263 1220 1318; x_wconf 76' lang='grc' dir='ltr'><strong>ἑλέσθαι</strong></span> <span class='ocrx_word' id='word_1_75' title='bbox 1256 1267 1394 1336; x_wconf 77' lang='grc' dir='ltr'>πρὸς</span> <span class='ocrx_word' id='word_1_76' title='bbox 1423 1267 1491 1321; x_wconf 81' lang='grc' dir='ltr'><strong>τὰ</strong></span> <span class='ocrx_word' id='word_1_77' title='bbox 1522 1268 1770 1337; x_wconf 86' lang='grc' dir='ltr'>παρόντα</span> <span class='ocrx_word' id='word_1_78' title='bbox 1796 1267 1938 1335; x_wconf 77' lang='grc' dir='ltr'><strong>γνὼ-</strong></span> 
     </span>
    </p>
   </div>
   <div class='ocr_carea' id='block_1_13' title="bbox 358 1350 1938 1426">
    <p class='ocr_par' dir='ltr' id='par_1_13' title="bbox 358 1350 1938 1426">
     <span class='ocr_line' id='line_1_13' title="bbox 358 1350 1938 1426; baseline 0.007 -27"><span class='ocrx_word' id='word_1_79' title='bbox 358 1366 471 1418; x_wconf 76' lang='grc' dir='ltr'><strong>μην</strong></span> <span class='ocrx_word' id='word_1_80' title='bbox 523 1350 858 1418; x_wconf 77' lang='grc' dir='ltr'>ἐπάναγκες,</span> <span class='ocrx_word' id='word_1_81' title='bbox 906 1352 999 1404; x_wconf 78' lang='grc' dir='ltr'>καὶ</span> <span class='ocrx_word' id='word_1_82' title='bbox 1051 1352 1146 1405; x_wconf 78' lang='grc' dir='ltr'><strong>τοῦ</strong></span> <span class='ocrx_word' id='word_1_83' title='bbox 1195 1356 1316 1416; x_wconf 89' lang='grc' dir='ltr'>ταῖς</span> <span class='ocrx_word' id='word_1_84' title='bbox 1359 1355 1608 1424; x_wconf 79' lang='grc' dir='ltr'>Γραφαῖς</span> <span class='ocrx_word' id='word_1_85' title='bbox 1651 1357 1938 1426; x_wconf 82' lang='grc' dir='ltr'>γινόμενον</span> 
     </span>
    </p>
   </div>
   <div class='ocr_carea' id='block_1_14' title="bbox 353 1438 1938 1516">
    <p class='ocr_par' dir='ltr' id='par_1_14' title="bbox 353 1438 1938 1516">
     <span class='ocr_line' id='line_1_14' title="bbox 353 1438 1938 1516; baseline 0.003 -23"><span class='ocrx_word' id='word_1_86' title='bbox 353 1438 732 1495; x_wconf 80' lang='grc' dir='ltr'><strong>διασώσασθαι</strong></span> <span class='ocrx_word' id='word_1_87' title='bbox 783 1443 962 1496; x_wconf 87' lang='grc' dir='ltr'>πάντα</span> <span class='ocrx_word' id='word_1_88' title='bbox 996 1443 1152 1510; x_wconf 82' lang='grc' dir='ltr'>ἄγειν</span> <span class='ocrx_word' id='word_1_89' title='bbox 1201 1443 1430 1499; x_wconf 78' lang='grc' dir='ltr'>ἐλάττω.</span> <span class='ocrx_word' id='word_1_90' title='bbox 1487 1446 1614 1498; x_wconf 79' lang='grc' dir='ltr'>Εἴτε</span> <span class='ocrx_word' id='word_1_91' title='bbox 1661 1446 1770 1516; x_wconf 84' lang='grc' dir='ltr'><strong>γὰρ</strong></span> <span class='ocrx_word' id='word_1_92' title='bbox 1802 1447 1938 1514; x_wconf 75' lang='grc' dir='ltr'>πρὸς</span> 
     </span>
    </p>
   </div>
   <div class='ocr_carea' id='block_1_15' title="bbox 355 1529 1939 1607">
    <p class='ocr_par' dir='ltr' id='par_1_15' title="bbox 355 1529 1939 1607">
     <span class='ocr_line' id='line_1_15' title="bbox 355 1529 1939 1607; baseline 0.004 -26"><span class='ocrx_word' id='word_1_93' title='bbox 355 1529 591 1583; x_wconf 80' lang='grc' dir='ltr'>ἕκαστον</span> <span class='ocrx_word' id='word_1_94' title='bbox 631 1530 742 1584; x_wconf 86' lang='grc' dir='ltr'><strong>τῶν</strong></span> <span class='ocrx_word' id='word_1_95' title='bbox 786 1534 1084 1604; x_wconf 83' lang='grc' dir='ltr'>μακαρίων</span> <span class='ocrx_word' id='word_1_96' title='bbox 1105 1533 1335 1588; x_wconf 76' lang='grc' dir='ltr'>ἐκείνων</span> <span class='ocrx_word' id='word_1_97' title='bbox 1379 1537 1486 1606; x_wconf 78' lang='grc' dir='ltr'><strong>χρὴ</strong></span> <span class='ocrx_word' id='word_1_98' title='bbox 1517 1538 1750 1601; x_wconf 80' lang='grc' dir='ltr'><strong>ἀπιδεῖν,</strong></span> <span class='ocrx_word' id='word_1_99' title='bbox 1780 1539 1939 1607; x_wconf 78' lang='grc' dir='ltr'>ὑμεῖς</span> 
     </span>
    </p>
   </div>
   <div class='ocr_carea' id='block_1_16' title="bbox 352 1619 1934 1699">
    <p class='ocr_par' dir='ltr' id='par_1_16' title="bbox 352 1619 1934 1699">
     <span class='ocr_line' id='line_1_16' title="bbox 352 1619 1934 1699; baseline 0.005 -25"><span class='ocrx_word' id='word_1_100' title='bbox 352 1621 508 1686; x_wconf 69' lang='grc' dir='ltr'>ὄντες</span> <span class='ocrx_word' id='word_1_101' title='bbox 536 1623 779 1677; x_wconf 78' lang='grc' dir='ltr'>τοσοῦτοι</span> <span class='ocrx_word' id='word_1_102' title='bbox 797 1622 1139 1696; x_wconf 75' lang='grc' dir='ltr'>δικαιότερον</span> <span class='ocrx_word' id='word_1_103' title='bbox 1163 1619 1229 1680; x_wconf 85' lang='grc' dir='ltr'><strong>ἂν</strong></span> <span class='ocrx_word' id='word_1_104' title='bbox 1249 1627 1343 1680; x_wconf 73' lang='grc' dir='ltr'>καὶ</span> <span class='ocrx_word' id='word_1_105' title='bbox 1365 1628 1719 1699; x_wconf 77' lang='grc' dir='ltr'><strong>βουληθείητε</strong></span> <span class='ocrx_word' id='word_1_106' title='bbox 1739 1633 1934 1694; x_wconf 85' lang='grc' dir='ltr'>ταῦτα,</span> 
     </span>
    </p>
   </div>
   <div class='ocr_carea' id='block_1_17' title="bbox 356 1714 1939 1789">
    <p class='ocr_par' dir='ltr' id='par_1_17' title="bbox 356 1714 1939 1789">
     <span class='ocr_line' id='line_1_17' title="bbox 356 1714 1939 1789; baseline 0.003 -21"><span class='ocrx_word' id='word_1_107' title='bbox 356 1714 454 1768; x_wconf 65' lang='grc' dir='ltr'>καῖ</span> <span class='ocrx_word' id='word_1_108' title='bbox 481 1717 932 1786; x_wconf 76' lang='grc' dir='ltr'>καταπράξαισθε</span> <span class='ocrx_word' id='word_1_109' title='bbox 955 1733 970 1749; x_wconf 79' lang='grc' dir='ltr'><strong>ο</strong></span> <span class='ocrx_word' id='word_1_110' title='bbox 989 1719 1098 1771; x_wconf 75' lang='grc' dir='ltr'>εἴτε</span> <span class='ocrx_word' id='word_1_111' title='bbox 1121 1715 1330 1782; x_wconf 85' lang='grc' dir='ltr'>πάντας</span> <span class='ocrx_word' id='word_1_112' title='bbox 1361 1717 1496 1789; x_wconf 80' lang='grc' dir='ltr'>ὁμοῦ</span> <span class='ocrx_word' id='word_1_113' title='bbox 1541 1719 1805 1786; x_wconf 89' lang='grc' dir='ltr'>λογιεῖταί</span> <span class='ocrx_word' id='word_1_114' title='bbox 1834 1737 1939 1783; x_wconf 82' lang='grc' dir='ltr'>τις,</span> 
     </span>
    </p>
   </div>
   <div class='ocr_carea' id='block_1_18' title="bbox 2036 542 3612 610">
    <p class='ocr_par' dir='ltr' id='par_1_18' title="bbox 2036 542 3612 610">
     <span class='ocr_line' id='line_1_18' title="bbox 2036 542 3612 610; baseline -0.001 -14"><span class='ocrx_word' id='word_1_115' title='bbox 2036 543 2150 606; x_wconf 87' lang='lat' dir='ltr'><strong>bat,</strong></span> <span class='ocrx_word' id='word_1_116' title='bbox 2181 542 2286 596; x_wconf 90' lang='lat' dir='ltr'><strong>hoc</strong></span> <span class='ocrx_word' id='word_1_117' title='bbox 2312 551 2438 596; x_wconf 87' lang='lat' dir='ltr'><strong>ante</strong></span> <span class='ocrx_word' id='word_1_118' title='bbox 2468 543 2649 597; x_wconf 82' lang='lat' dir='ltr'><strong>omnia</strong></span> <span class='ocrx_word' id='word_1_119' title='bbox 2683 553 2968 600; x_wconf 88' lang='lat' dir='ltr'><strong>curarunt.</strong></span> <span class='ocrx_word' id='word_1_120' title='bbox 3005 553 3062 597; x_wconf 90' lang='grc' dir='ltr'><strong>ιιι</strong></span> <span class='ocrx_word' id='word_1_121' title='bbox 3093 545 3176 598; x_wconf 90' lang='lat' dir='ltr'><strong>sui</strong></span> <span class='ocrx_word' id='word_1_122' title='bbox 3225 543 3396 598; x_wconf 85' lang='lat' dir='ltr'><strong>studii</strong></span> <span class='ocrx_word' id='word_1_123' title='bbox 3429 549 3612 610; x_wconf 88' lang='lat' dir='ltr'><strong>caput.</strong></span> 
     </span>
    </p>
   </div>
   <div class='ocr_carea' id='block_1_19' title="bbox 2038 634 3615 706">
    <p class='ocr_par' dir='ltr' id='par_1_19' title="bbox 2038 634 3615 706">
     <span class='ocr_line' id='line_1_19' title="bbox 2038 634 3615 706; baseline 0.001 -20"><span class='ocrx_word' id='word_1_124' title='bbox 2038 634 2184 689; x_wconf 88' lang='lat' dir='ltr'><strong>Idem</strong></span> <span class='ocrx_word' id='word_1_125' title='bbox 2213 634 2412 702; x_wconf 92' lang='lat' dir='ltr'><strong>quippe</strong></span> <span class='ocrx_word' id='word_1_126' title='bbox 2445 646 2721 690; x_wconf 88' lang='lat' dir='ltr'><strong>certamen</strong></span> <span class='ocrx_word' id='word_1_127' title='bbox 2765 651 2860 706; x_wconf 90' lang='lat' dir='ltr'><strong>pro</strong></span> <span class='ocrx_word' id='word_1_128' title='bbox 2892 637 2995 690; x_wconf 87' lang='lat' dir='ltr'><strong>hoc</strong></span> <span class='ocrx_word' id='word_1_129' title='bbox 3025 636 3166 704; x_wconf 87' lang='lat' dir='ltr'><strong>ipso,</strong></span> <span class='ocrx_word' id='word_1_130' title='bbox 3219 652 3317 703; x_wconf 87' lang='lat' dir='ltr'><strong>pro</strong></span> <span class='ocrx_word' id='word_1_131' title='bbox 3363 636 3615 704; x_wconf 78' lang='lat' dir='ltr'><strong>veritate,</strong></span> 
     </span>
    </p>
   </div>
   <div class='ocr_carea' id='block_1_20' title="bbox 2037 726 3616 796">
    <p class='ocr_par' dir='ltr' id='par_1_20' title="bbox 2037 726 3616 796">
     <span class='ocr_line' id='line_1_20' title="bbox 2037 726 3616 796; baseline 0.003 -18"><span class='ocrx_word' id='word_1_132' title='bbox 2037 741 2245 794; x_wconf 87' lang='lat' dir='ltr'><strong>proque</strong></span> <span class='ocrx_word' id='word_1_133' title='bbox 2269 741 2365 780; x_wconf 78' lang='lat' dir='ltr'><strong>sua</strong></span> <span class='ocrx_word' id='word_1_134' title='bbox 2414 726 2659 795; x_wconf 89' lang='lat' dir='ltr'><strong>ipsorum</strong></span> <span class='ocrx_word' id='word_1_135' title='bbox 2690 729 2865 782; x_wconf 87' lang='lat' dir='ltr'><strong>salute</strong></span> <span class='ocrx_word' id='word_1_136' title='bbox 2919 729 3258 796; x_wconf 85' lang='lat' dir='ltr'><strong>propositum</strong></span> <span class='ocrx_word' id='word_1_137' title='bbox 3311 728 3415 784; x_wconf 78' lang='lat' dir='ltr'><strong>sibi</strong></span> <span class='ocrx_word' id='word_1_138' title='bbox 3469 728 3616 783; x_wconf 88' lang='lat' dir='ltr'><strong>scie-</strong></span> 
     </span>
    </p>
   </div>
   <div class='ocr_carea' id='block_1_21' title="bbox 2038 818 3618 888">
    <p class='ocr_par' dir='ltr' id='par_1_21' title="bbox 2038 818 3618 888">
     <span class='ocr_line' id='line_1_21' title="bbox 2038 818 3618 888; baseline 0 -17"><span class='ocrx_word' id='word_1_139' title='bbox 2038 818 2172 872; x_wconf 64' lang='lat' dir='ltr'><strong>bant</strong></span> <span class='ocrx_word' id='word_1_140' title='bbox 2205 834 2218 870; x_wconf 92' lang='lat'><strong>:</strong></span> <span class='ocrx_word' id='word_1_141' title='bbox 2255 829 2307 872; x_wconf 91' lang='lat' dir='ltr'><strong>et</strong></span> <span class='ocrx_word' id='word_1_142' title='bbox 2341 834 2464 871; x_wconf 87' lang='lat' dir='ltr'><strong>cum</strong></span> <span class='ocrx_word' id='word_1_143' title='bbox 2503 818 2624 887; x_wconf 90' lang='lat' dir='ltr'><strong>ipso</strong></span> <span class='ocrx_word' id='word_1_144' title='bbox 2649 819 2894 887; x_wconf 80' lang='lat' dir='ltr'><strong>quidem,</strong></span> <span class='ocrx_word' id='word_1_145' title='bbox 2932 829 3082 873; x_wconf 86' lang='lat' dir='ltr'><strong>recte</strong></span> <span class='ocrx_word' id='word_1_146' title='bbox 3114 835 3174 874; x_wconf 84' lang='lat' dir='ltr'><strong>se</strong></span> <span class='ocrx_word' id='word_1_147' title='bbox 3217 819 3322 873; x_wconf 84' lang='lat' dir='ltr'><strong>alia</strong></span> <span class='ocrx_word' id='word_1_148' title='bbox 3366 828 3618 888; x_wconf 84' lang='lat' dir='ltr'><strong>peractu-</strong></span> 
     </span>
    </p>
   </div>
   <div class='ocr_carea' id='block_1_22' title="bbox 2041 909 3617 979">
    <p class='ocr_par' dir='ltr' id='par_1_22' title="bbox 2041 909 3617 979">
     <span class='ocr_line' id='line_1_22' title="bbox 2041 909 3617 979; baseline 0.003 -17"><span class='ocrx_word' id='word_1_149' title='bbox 2041 925 2152 971; x_wconf 89' lang='lat' dir='ltr'><strong>ros,</strong></span> <span class='ocrx_word' id='word_1_150' title='bbox 2193 910 2295 963; x_wconf 82' lang='lat' dir='ltr'><strong>hoc</strong></span> <span class='ocrx_word' id='word_1_151' title='bbox 2324 919 2506 963; x_wconf 88' lang='lat' dir='ltr'><strong>autem</strong></span> <span class='ocrx_word' id='word_1_152' title='bbox 2537 925 2647 963; x_wconf 90' lang='lat' dir='ltr'><strong>uno</strong></span> <span class='ocrx_word' id='word_1_153' title='bbox 2694 909 3028 977; x_wconf 87' lang='lat' dir='ltr'><strong>posthabito,</strong></span> <span class='ocrx_word' id='word_1_154' title='bbox 3070 910 3280 979; x_wconf 87' lang='lat' dir='ltr'><strong>reliqua</strong></span> <span class='ocrx_word' id='word_1_155' title='bbox 3312 910 3494 967; x_wconf 83' lang='lat' dir='ltr'><strong>etiam</strong></span> <span class='ocrx_word' id='word_1_156' title='bbox 3555 926 3617 967; x_wconf 87' lang='lat' dir='ltr'><strong>se</strong></span> 
     </span>
    </p>
   </div>
   <div class='ocr_carea' id='block_1_23' title="bbox 2041 1000 2894 1068">
    <p class='ocr_par' dir='ltr' id='par_1_23' title="bbox 2041 1000 2894 1068">
     <span class='ocr_line' id='line_1_23' title="bbox 2041 1000 2894 1068; baseline 0.002 -15"><span class='ocrx_word' id='word_1_157' title='bbox 2041 1000 2349 1055; x_wconf 78' lang='lat' dir='ltr'><strong>amissuros</strong></span> <span class='ocrx_word' id='word_1_158' title='bbox 2383 1001 2540 1068; x_wconf 88' lang='lat' dir='ltr'><strong>plane</strong></span> <span class='ocrx_word' id='word_1_159' title='bbox 2572 1003 2894 1056; x_wconf 79' lang='lat' dir='ltr'><strong>censebant.</strong></span> 
     </span>
    </p>
   </div>
   <div class='ocr_carea' id='block_1_24' title="bbox 2113 1089 3622 1164">
    <p class='ocr_par' dir='ltr' id='par_1_24' title="bbox 2113 1089 3622 1164">
     <span class='ocr_line' id='line_1_24' title="bbox 2113 1089 3622 1164; baseline 0.003 -22"><span class='ocrx_word' id='word_1_160' title='bbox 2113 1089 2208 1144; x_wconf 88' lang='lat' dir='ltr'><strong>His</strong></span> <span class='ocrx_word' id='word_1_161' title='bbox 2240 1091 2403 1159; x_wconf 81' lang='lat' dir='ltr'><strong>igitur</strong></span> <span class='ocrx_word' id='word_1_162' title='bbox 2432 1093 2504 1146; x_wconf 83' lang='lat' dir='ltr'><strong>ita</strong></span> <span class='ocrx_word' id='word_1_163' title='bbox 2536 1108 2594 1147; x_wconf 89' lang='lat' dir='ltr'><strong>se</strong></span> <span class='ocrx_word' id='word_1_164' title='bbox 2621 1092 2968 1157; x_wconf 88' lang='lat' dir='ltr'><strong>habentibus,</strong></span> <span class='ocrx_word' id='word_1_165' title='bbox 2993 1109 3115 1164; x_wconf 70' lang='lat' dir='ltr'><strong>qua:</strong></span> <span class='ocrx_word' id='word_1_166' title='bbox 3144 1093 3301 1147; x_wconf 84' lang='lat' dir='ltr'><strong>aliter</strong></span> <span class='ocrx_word' id='word_1_167' title='bbox 3333 1107 3391 1148; x_wconf 89' lang='lat' dir='ltr'><strong>se</strong></span> <span class='ocrx_word' id='word_1_168' title='bbox 3420 1092 3622 1147; x_wconf 85' lang='lat' dir='ltr'><strong>habere</strong></span> 
     </span>
    </p>
   </div>
   <div class='ocr_carea' id='block_1_25' title="bbox 2040 1181 3621 1248">
    <p class='ocr_par' dir='ltr' id='par_1_25' title="bbox 2040 1181 3621 1248">
     <span class='ocr_line' id='line_1_25' title="bbox 2040 1181 3621 1248; baseline 0.001 -14"><span class='ocrx_word' id='word_1_169' title='bbox 2040 1195 2198 1239; x_wconf 81' lang='lat' dir='ltr'><strong>nemo</strong></span> <span class='ocrx_word' id='word_1_170' title='bbox 2238 1196 2476 1248; x_wconf 77' lang='lat' dir='ltr'><strong>un-ptam</strong></span> <span class='ocrx_word' id='word_1_171' title='bbox 2526 1182 2742 1243; x_wconf 77' lang='lat' dir='ltr'><strong>dixerit,</strong></span> <span class='ocrx_word' id='word_1_172' title='bbox 2797 1183 2880 1236; x_wconf 81' lang='lat' dir='ltr'><strong>vel</strong></span> <span class='ocrx_word' id='word_1_173' title='bbox 2934 1183 3166 1236; x_wconf 85' lang='lat' dir='ltr'><strong>nimium</strong></span> <span class='ocrx_word' id='word_1_174' title='bbox 3217 1181 3621 1243; x_wconf 86' lang='lat' dir='ltr'><strong>eontentiosus,</strong></span> 
     </span>
    </p>
   </div>
   <div class='ocr_carea' id='block_1_26' title="bbox 2041 1272 3629 1342">
    <p class='ocr_par' dir='ltr' id='par_1_26' title="bbox 2041 1272 3629 1342">
     <span class='ocr_line' id='line_1_26' title="bbox 2041 1272 3629 1342; baseline -0.001 -19"><span class='ocrx_word' id='word_1_175' title='bbox 2041 1287 2266 1326; x_wconf 84' lang='lat' dir='ltr'><strong>necesse</strong></span> <span class='ocrx_word' id='word_1_176' title='bbox 2315 1281 2399 1325; x_wconf 85' lang='lat' dir='ltr'><strong>est</strong></span> <span class='ocrx_word' id='word_1_177' title='bbox 2447 1287 2542 1325; x_wconf 86' lang='lat' dir='ltr'><strong>vos</strong></span> <span class='ocrx_word' id='word_1_178' title='bbox 2580 1272 2746 1326; x_wconf 90' lang='lat' dir='ltr'><strong>etiam</strong></span> <span class='ocrx_word' id='word_1_179' title='bbox 2784 1272 2975 1328; x_wconf 88' lang='lat' dir='ltr'><strong>eodem</strong></span> <span class='ocrx_word' id='word_1_180' title='bbox 3012 1288 3141 1342; x_wconf 79' lang='lat' dir='ltr'><strong>ergo</strong></span> <span class='ocrx_word' id='word_1_181' title='bbox 3182 1272 3467 1326; x_wconf 78' lang='lat' dir='ltr'><strong>materiam</strong></span> <span class='ocrx_word' id='word_1_182' title='bbox 3503 1286 3629 1340; x_wconf 86' lang='lat' dir='ltr'><strong>pro-</strong></span> 
     </span>
    </p>
   </div>
   <div class='ocr_carea' id='block_1_27' title="bbox 2043 1361 3629 1431">
    <p class='ocr_par' dir='ltr' id='par_1_27' title="bbox 2043 1361 3629 1431">
     <span class='ocr_line' id='line_1_27' title="bbox 2043 1361 3629 1431; baseline 0 -17"><span class='ocrx_word' id='word_1_183' title='bbox 2043 1361 2273 1430; x_wconf 84' lang='lat' dir='ltr'><strong>positam</strong></span> <span class='ocrx_word' id='word_1_184' title='bbox 2309 1363 2490 1416; x_wconf 86' lang='lat' dir='ltr'><strong>animo</strong></span> <span class='ocrx_word' id='word_1_185' title='bbox 2521 1363 2663 1424; x_wconf 83' lang='lat' dir='ltr'><strong>sitis,</strong></span> <span class='ocrx_word' id='word_1_186' title='bbox 2693 1372 2748 1416; x_wconf 83' lang='lat' dir='ltr'><strong>et</strong></span> <span class='ocrx_word' id='word_1_187' title='bbox 2791 1364 3134 1431; x_wconf 83' lang='lat' dir='ltr'><strong>postponatis</strong></span> <span class='ocrx_word' id='word_1_188' title='bbox 3177 1363 3362 1414; x_wconf 84' lang='lat' dir='ltr'><strong>omnia</strong></span> <span class='ocrx_word' id='word_1_189' title='bbox 3395 1376 3629 1416; x_wconf 80' lang='lat' dir='ltr'><strong>concor—</strong></span> 
     </span>
    </p>
   </div>
   <div class='ocr_carea' id='block_1_28' title="bbox 2040 1451 3626 1523">
    <p class='ocr_par' dir='ltr' id='par_1_28' title="bbox 2040 1451 3626 1523">
     <span class='ocr_line' id='line_1_28' title="bbox 2040 1451 3626 1523; baseline -0.001 -15"><span class='ocrx_word' id='word_1_190' title='bbox 2040 1453 2141 1508; x_wconf 68' lang='grc' dir='ltr'>ἀίω</span> <span class='ocrx_word' id='word_1_191' title='bbox 2167 1451 2596 1521; x_wconf 85' lang='lat' dir='ltr'><strong>Seripturarum.</strong></span> <span class='ocrx_word' id='word_1_192' title='bbox 2627 1452 2754 1507; x_wconf 79' lang='lat' dir='ltr'><strong>Sive</strong></span> <span class='ocrx_word' id='word_1_193' title='bbox 2773 1454 2916 1508; x_wconf 87' lang='lat' dir='ltr'><strong>enim</strong></span> <span class='ocrx_word' id='word_1_194' title='bbox 2941 1462 3155 1523; x_wconf 77' lang='lat' dir='ltr'><strong>oportet</strong></span> <span class='ocrx_word' id='word_1_195' title='bbox 3177 1452 3626 1522; x_wconf 61' lang='lat' dir='ltr'><strong>inspieere,‘quid</strong></span> 
     </span>
    </p>
   </div>
   <div class='ocr_carea' id='block_1_29' title="bbox 2040 1545 3630 1614">
    <p class='ocr_par' dir='ltr' id='par_1_29' title="bbox 2040 1545 3630 1614">
     <span class='ocr_line' id='line_1_29' title="bbox 2040 1545 3630 1614; baseline -0.001 -17"><span class='ocrx_word' id='word_1_196' title='bbox 2040 1555 2263 1598; x_wconf 76' lang='lat' dir='ltr'><strong>sanctus</strong></span> <span class='ocrx_word' id='word_1_197' title='bbox 2315 1546 2548 1614; x_wconf 87' lang='lat' dir='ltr'><strong>quisque</strong></span> <span class='ocrx_word' id='word_1_198' title='bbox 2604 1545 2818 1614; x_wconf 81' lang='lat' dir='ltr'><strong>egerit:</strong></span> <span class='ocrx_word' id='word_1_199' title='bbox 2851 1561 2968 1606; x_wconf 82' lang='lat' dir='ltr'><strong>vos,</strong></span> <span class='ocrx_word' id='word_1_200' title='bbox 3017 1546 3108 1613; x_wconf 86' lang='lat' dir='ltr'><strong>qui</strong></span> <span class='ocrx_word' id='word_1_201' title='bbox 3162 1555 3312 1597; x_wconf 87' lang='lat' dir='ltr'><strong>tanto</strong></span> <span class='ocrx_word' id='word_1_202' title='bbox 3350 1545 3484 1597; x_wconf 87' lang='lat' dir='ltr'><strong>estis</strong></span> <span class='ocrx_word' id='word_1_203' title='bbox 3528 1559 3630 1596; x_wconf 89' lang='lat' dir='ltr'><strong>uu-</strong></span> 
     </span>
    </p>
   </div>
   <div class='ocr_carea' id='block_1_30' title="bbox 2039 1635 3626 1702">
    <p class='ocr_par' dir='ltr' id='par_1_30' title="bbox 2039 1635 3626 1702">
     <span class='ocr_line' id='line_1_30' title="bbox 2039 1635 3626 1702; baseline 0.001 -13"><span class='ocrx_word' id='word_1_204' title='bbox 2039 1650 2216 1694; x_wconf 79' lang='lat' dir='ltr'><strong>mero,</strong></span> <span class='ocrx_word' id='word_1_205' title='bbox 2239 1635 2440 1700; x_wconf 84' lang='lat' dir='ltr'><strong>justius</strong></span> <span class='ocrx_word' id='word_1_206' title='bbox 2463 1635 2568 1690; x_wconf 87' lang='lat' dir='ltr'><strong>hoc.</strong></span> <span class='ocrx_word' id='word_1_207' title='bbox 2589 1635 2733 1689; x_wconf 85' lang='lat' dir='ltr'><strong>idem</strong></span> <span class='ocrx_word' id='word_1_208' title='bbox 2768 1644 2823 1690; x_wconf 86' lang='lat' dir='ltr'><strong>et</strong></span> <span class='ocrx_word' id='word_1_209' title='bbox 2847 1637 2982 1690; x_wconf 79' lang='lat' dir='ltr'><strong>velle</strong></span> <span class='ocrx_word' id='word_1_210' title='bbox 3017 1635 3226 1690; x_wconf 78' lang='lat' dir='ltr'><strong>debetis</strong></span> <span class='ocrx_word' id='word_1_211' title='bbox 3255 1647 3304 1689; x_wconf 86' lang='lat' dir='ltr'><strong>et</strong></span> <span class='ocrx_word' id='word_1_212' title='bbox 3334 1636 3626 1702; x_wconf 80' lang='lat' dir='ltr'><strong>perﬁcere;</strong></span> 
     </span>
    </p>
   </div>
   <div class='ocr_carea' id='block_1_31' title="bbox 2044 1727 3631 1798">
    <p class='ocr_par' dir='ltr' id='par_1_31' title="bbox 2044 1727 3631 1798">
     <span class='ocr_line' id='line_1_31' title="bbox 2044 1727 3631 1798; baseline 0 -16"><span class='ocrx_word' id='word_1_213' title='bbox 2044 1728 2162 1782; x_wconf 80' lang='lat' dir='ltr'><strong>sive.</strong></span> <span class='ocrx_word' id='word_1_214' title='bbox 2201 1727 2324 1796; x_wconf 88' lang='lat' dir='ltr'><strong>quis</strong></span> <span class='ocrx_word' id='word_1_215' title='bbox 2377 1728 2539 1780; x_wconf 87' lang='lat' dir='ltr'><strong>etiam</strong></span> <span class='ocrx_word' id='word_1_216' title='bbox 2573 1743 2668 1782; x_wconf 88' lang='lat' dir='ltr'><strong>eos</strong></span> <span class='ocrx_word' id='word_1_217' title='bbox 2719 1728 3033 1782; x_wconf 73' lang='lat' dir='ltr'><strong>consideret</strong></span> <span class='ocrx_word' id='word_1_218' title='bbox 3074 1729 3361 1783; x_wconf 81' lang='lat' dir='ltr'><strong>universos</strong></span> <span class='ocrx_word' id='word_1_219' title='bbox 3390 1769 3403 1792; x_wconf 92' lang='lat'><strong>,</strong></span> <span class='ocrx_word' id='word_1_220' title='bbox 3451 1743 3631 1798; x_wconf 70' lang='lat' dir='ltr'><strong>operte</strong></span> 
     </span>
    </p>
   </div>
   <div class='ocr_carea' id='block_1_32' title="bbox 353 1806 1951 1888">
    <p class='ocr_par' dir='ltr' id='par_1_32' title="bbox 353 1806 1946 1888">
     <span class='ocr_line' id='line_1_32' title="bbox 353 1806 1946 1888; baseline 0.001 -29"><span class='ocrx_word' id='word_1_221' title='bbox 353 1806 416 1859; x_wconf 81' lang='grc' dir='ltr'><strong>τὺ</strong></span> <span class='ocrx_word' id='word_1_222' title='bbox 456 1807 576 1877; x_wconf 87' lang='grc' dir='ltr'>μετ’</span> <span class='ocrx_word' id='word_1_223' title='bbox 605 1807 847 1888; x_wconf 51' lang='grc' dir='ltr'>έκεΞν-ους</span> <span class='ocrx_word' id='word_1_224' title='bbox 883 1809 964 1872; x_wconf 83' lang='grc' dir='ltr'><strong>είς</strong></span> <span class='ocrx_word' id='word_1_225' title='bbox 1022 1809 1124 1879; x_wconf 78' lang='grc' dir='ltr'>τὴν</span> <span class='ocrx_word' id='word_1_226' title='bbox 1175 1809 1345 1881; x_wconf 77' lang='grc' dir='ltr'>αὐτὴν</span> <span class='ocrx_word' id='word_1_227' title='bbox 1393 1809 1585 1880; x_wconf 78' lang='grc' dir='ltr'>χρείαν</span> <span class='ocrx_word' id='word_1_228' title='bbox 1643 1811 1807 1878; x_wconf 81' lang='grc' dir='ltr'>ὑμᾶς,</span> <span class='ocrx_word' id='word_1_229' title='bbox 1854 1809 1946 1863; x_wconf 66' lang='grc' dir='ltr'><strong>καὶ</strong></span> 
     </span>
    </p>
   </div>
   <div class='ocr_carea' id='block_1_33' title="bbox 2055 1806 3630 1888">
    <p class='ocr_par' dir='ltr' id='par_1_33' title="bbox 2055 1819 3630 1888">
     <span class='ocr_line' id='line_1_33' title="bbox 2055 1819 3630 1888; baseline 0.001 -16"><span class='ocrx_word' id='word_1_230' title='bbox 2055 1819 2282 1888; x_wconf 86' lang='lat' dir='ltr'><strong>pretium</strong></span> <span class='ocrx_word' id='word_1_231' title='bbox 2310 1826 2395 1872; x_wconf 89' lang='lat' dir='ltr'><strong>est</strong></span> <span class='ocrx_word' id='word_1_232' title='bbox 2423 1833 2519 1871; x_wconf 86' lang='lat' dir='ltr'><strong>vos</strong></span> <span class='ocrx_word' id='word_1_233' title='bbox 2539 1819 2726 1873; x_wconf 88' lang='lat' dir='ltr'><strong>eadem</strong></span> <span class='ocrx_word' id='word_1_234' title='bbox 2752 1828 2874 1888; x_wconf 88' lang='lat' dir='ltr'><strong>post</strong></span> <span class='ocrx_word' id='word_1_235' title='bbox 2896 1819 3017 1874; x_wconf 75' lang='lat' dir='ltr'><strong>illos</strong></span> <span class='ocrx_word' id='word_1_236' title='bbox 3039 1820 3365 1874; x_wconf 82' lang='lat' dir='ltr'><strong>necessitate</strong></span> <span class='ocrx_word' id='word_1_237' title='bbox 3386 1820 3630 1884; x_wconf 85' lang='lat' dir='ltr'><strong>adactos,</strong></span> 
     </span>
    </p>
   </div>
   <div class='ocr_carea' id='block_1_34' title="bbox 355 1881 1938 1972">
    <p class='ocr_par' dir='ltr' id='par_1_34' title="bbox 355 1881 1938 1972">
     <span class='ocr_line' id='line_1_34' title="bbox 355 1881 1938 1972; baseline 0.004 -23"><span class='ocrx_word' id='word_1_238' title='bbox 355 1897 578 1968; x_wconf 79' lang='grc' dir='ltr'>ζηλοῦν,</span> <span class='ocrx_word' id='word_1_239' title='bbox 615 1881 902 1970; x_wconf 73' lang='grc' dir='ltr'>βούλεσθαι</span> <span class='ocrx_word' id='word_1_240' title='bbox 930 1900 1207 1964; x_wconf 84' lang='grc' dir='ltr'>λυσιτελές</span> <span class='ocrx_word' id='word_1_241' title='bbox 1227 1917 1241 1934; x_wconf 76' lang='grc' dir='ltr'><strong><em>ο</em></strong></span> <span class='ocrx_word' id='word_1_242' title='bbox 1266 1901 1361 1955; x_wconf 65' lang='grc' dir='ltr'>καὶ</span> <span class='ocrx_word' id='word_1_243' title='bbox 1375 1901 1471 1972; x_wconf 85' lang='grc' dir='ltr'>τὴν</span> <span class='ocrx_word' id='word_1_244' title='bbox 1505 1901 1754 1956; x_wconf 78' lang='grc' dir='ltr'>ἐναντίαν</span> <span class='ocrx_word' id='word_1_245' title='bbox 1780 1903 1938 1966; x_wconf 83' lang='grc' dir='ltr'>ίοῦσι,</span> 
     </span>
    </p>
   </div>
   <div class='ocr_carea' id='block_1_35' title="bbox 354 1989 1941 2066">
    <p class='ocr_par' dir='ltr' id='par_1_35' title="bbox 354 1989 1941 2066">
     <span class='ocr_line' id='line_1_35' title="bbox 354 1989 1941 2066; baseline 0.004 -25"><span class='ocrx_word' id='word_1_246' title='bbox 354 1989 542 2060; x_wconf 79' lang='grc' dir='ltr'>ψόγων</span> <span class='ocrx_word' id='word_1_247' title='bbox 566 1990 743 2044; x_wconf 73' lang='grc' dir='ltr'>αἴτιον</span> <span class='ocrx_word' id='word_1_248' title='bbox 775 1991 954 2045; x_wconf 80' lang='grc' dir='ltr'>ἔσται.</span> <span class='ocrx_word' id='word_1_249' title='bbox 991 1992 1186 2046; x_wconf 85' lang='grc' dir='ltr'>Καίτοι</span> <span class='ocrx_word' id='word_1_250' title='bbox 1213 1994 1327 2055; x_wconf 87' lang='grc' dir='ltr'>τοῖς</span> <span class='ocrx_word' id='word_1_251' title='bbox 1361 1993 1484 2061; x_wconf 80' lang='grc' dir='ltr'>μὲν,</span> <span class='ocrx_word' id='word_1_252' title='bbox 1521 1995 1568 2047; x_wconf 78' lang='lat' dir='ltr'><strong>si</strong></span> <span class='ocrx_word' id='word_1_253' title='bbox 1601 1994 1694 2047; x_wconf 69' lang='grc' dir='ltr'>καὶ</span> <span class='ocrx_word' id='word_1_254' title='bbox 1729 1995 1804 2066; x_wconf 76' lang='grc' dir='ltr'>μὴ</span> <span class='ocrx_word' id='word_1_255' title='bbox 1835 1997 1941 2047; x_wconf 76' lang='grc' dir='ltr'><strong>πᾶο</strong></span> 
     </span>
    </p>
   </div>
   <div class='ocr_carea' id='block_1_36' title="bbox 359 2079 1945 2156">
    <p class='ocr_par' dir='ltr' id='par_1_36' title="bbox 359 2079 1945 2156">
     <span class='ocr_line' id='line_1_36' title="bbox 359 2079 1945 2156; baseline 0.004 -22"><span class='ocrx_word' id='word_1_256' title='bbox 359 2097 468 2146; x_wconf 84' lang='grc' dir='ltr'>σιν,</span> <span class='ocrx_word' id='word_1_257' title='bbox 493 2079 632 2136; x_wconf 81' lang='grc' dir='ltr'>ἀλλὰ</span> <span class='ocrx_word' id='word_1_258' title='bbox 663 2084 774 2145; x_wconf 90' lang='grc' dir='ltr'>τοῖς</span> <span class='ocrx_word' id='word_1_259' title='bbox 809 2099 875 2152; x_wconf 90' lang='grc' dir='ltr'><strong>γε</strong></span> <span class='ocrx_word' id='word_1_260' title='bbox 910 2083 1201 2155; x_wconf 79' lang='grc' dir='ltr'>προτέροις</span> <span class='ocrx_word' id='word_1_261' title='bbox 1241 2086 1295 2138; x_wconf 88' lang='grc' dir='ltr'><strong>αῖ</strong></span> <span class='ocrx_word' id='word_1_262' title='bbox 1330 2084 1549 2155; x_wconf 78' lang='grc' dir='ltr'>Γραφαὶ</span> <span class='ocrx_word' id='word_1_263' title='bbox 1583 2085 1744 2154; x_wconf 75' lang='grc' dir='ltr'>μόνον</span> <span class='ocrx_word' id='word_1_264' title='bbox 1777 2086 1945 2156; x_wconf 76' lang='grc' dir='ltr'><strong>προῦ-</strong></span> 
     </span>
    </p>
   </div>
   <div class='ocr_carea' id='block_1_37' title="bbox 356 2171 1944 2247">
    <p class='ocr_par' dir='ltr' id='par_1_37' title="bbox 356 2171 1944 2247">
     <span class='ocr_line' id='line_1_37' title="bbox 356 2171 1944 2247; baseline 0.003 -21"><span class='ocrx_word' id='word_1_265' title='bbox 356 2190 558 2236; x_wconf 86' lang='grc' dir='ltr'>κειντο,</span> <span class='ocrx_word' id='word_1_266' title='bbox 581 2173 646 2238; x_wconf 73' lang='grc' dir='ltr'>ἃς</span> <span class='ocrx_word' id='word_1_267' title='bbox 677 2175 940 2244; x_wconf 75' lang='grc' dir='ltr'>δυσχερὲς</span> <span class='ocrx_word' id='word_1_268' title='bbox 992 2176 1090 2245; x_wconf 85' lang='grc' dir='ltr'><strong>μὲν</strong></span> <span class='ocrx_word' id='word_1_269' title='bbox 1143 2171 1231 2246; x_wconf 75' lang='grc' dir='ltr'>ἦν,</span> <span class='ocrx_word' id='word_1_270' title='bbox 1281 2177 1432 2245; x_wconf 79' lang='grc' dir='ltr'>ὅμως</span> <span class='ocrx_word' id='word_1_271' title='bbox 1458 2176 1502 2229; x_wconf 78' lang='grc' dir='ltr'>δ’</span> <span class='ocrx_word' id='word_1_272' title='bbox 1539 2179 1768 2246; x_wconf 71' lang='grc' dir='ltr'>ἴσχυσαν</span> <span class='ocrx_word' id='word_1_273' title='bbox 1808 2196 1944 2247; x_wconf 76' lang='grc' dir='ltr'>συμ-</span> 
     </span>
    </p>
   </div>
   <div class='ocr_carea' id='block_1_38' title="bbox 359 2265 1941 2341">
    <p class='ocr_par' dir='ltr' id='par_1_38' title="bbox 359 2265 1941 2341">
     <span class='ocr_line' id='line_1_38' title="bbox 359 2265 1941 2341; baseline 0.004 -23"><span class='ocrx_word' id='word_1_274' title='bbox 359 2265 586 2320; x_wconf 75' lang='grc' dir='ltr'>ϐιῦάσαι</span> <span class='ocrx_word' id='word_1_275' title='bbox 605 2282 621 2298; x_wconf 86' lang='grc'><strong>·</strong></span> <span class='ocrx_word' id='word_1_276' title='bbox 644 2268 776 2336; x_wconf 70' lang='grc' dir='ltr'>ὖμῖν</span> <span class='ocrx_word' id='word_1_277' title='bbox 805 2268 851 2321; x_wconf 84' lang='grc' dir='ltr'>δ’</span> <span class='ocrx_word' id='word_1_278' title='bbox 880 2269 942 2322; x_wconf 85' lang='grc' dir='ltr'>οὖ</span> <span class='ocrx_word' id='word_1_279' title='bbox 974 2270 1147 2339; x_wconf 72' lang='grc' dir='ltr'>μικρὰ</span> <span class='ocrx_word' id='word_1_280' title='bbox 1178 2269 1433 2340; x_wconf 76' lang='grc' dir='ltr'><strong>βοηθείας</strong></span> <span class='ocrx_word' id='word_1_281' title='bbox 1465 2271 1778 2341; x_wconf 77' lang='grc' dir='ltr'>προσθήκη,</span> <span class='ocrx_word' id='word_1_282' title='bbox 1807 2272 1941 2324; x_wconf 72' lang='grc' dir='ltr'>ἀλλὰ</span> 
     </span>
    </p>
   </div>
   <div class='ocr_carea' id='block_1_39' title="bbox 361 2357 1944 2428">
    <p class='ocr_par' dir='ltr' id='par_1_39' title="bbox 361 2357 1944 2428">
     <span class='ocr_line' id='line_1_39' title="bbox 361 2357 1944 2428; baseline 0.004 -18"><span class='ocrx_word' id='word_1_283' title='bbox 361 2357 552 2427; x_wconf 76' lang='grc' dir='ltr'>σχεδὸν</span> <span class='ocrx_word' id='word_1_284' title='bbox 578 2359 718 2427; x_wconf 81' lang='grc' dir='ltr'>αὐτὴ</span> <span class='ocrx_word' id='word_1_285' title='bbox 743 2359 804 2413; x_wconf 77' lang='grc' dir='ltr'>τὸ</span> <span class='ocrx_word' id='word_1_286' title='bbox 832 2362 940 2414; x_wconf 79' lang='grc' dir='ltr'><strong>πᾶν</strong></span> <span class='ocrx_word' id='word_1_287' title='bbox 963 2359 1116 2428; x_wconf 77' lang='grc' dir='ltr'>οὖσα,</span> <span class='ocrx_word' id='word_1_288' title='bbox 1152 2361 1216 2414; x_wconf 88' lang='grc' dir='ltr'><strong>αῖ</strong></span> <span class='ocrx_word' id='word_1_289' title='bbox 1239 2378 1297 2414; x_wconf 88' lang='grc' dir='ltr'><strong>τε</strong></span> <span class='ocrx_word' id='word_1_290' title='bbox 1329 2363 1437 2416; x_wconf 87' lang='grc' dir='ltr'><strong>τῶν</strong></span> <span class='ocrx_word' id='word_1_291' title='bbox 1484 2363 1822 2419; x_wconf 70' lang='grc' dir='ltr'>διδασκάλων</span> <span class='ocrx_word' id='word_1_292' title='bbox 1851 2365 1944 2417; x_wconf 71' lang='grc' dir='ltr'><strong>ἐπὶ</strong></span> 
     </span>
    </p>
   </div>
   <div class='ocr_carea' id='block_1_40' title="bbox 359 2451 1939 2524">
    <p class='ocr_par' dir='ltr' id='par_1_40' title="bbox 359 2451 1939 2524">
     <span class='ocr_line' id='line_1_40' title="bbox 359 2451 1939 2524; baseline 0.003 -21"><span class='ocrx_word' id='word_1_293' title='bbox 359 2453 480 2514; x_wconf 88' lang='grc' dir='ltr'>ταῖς</span> <span class='ocrx_word' id='word_1_294' title='bbox 501 2452 760 2522; x_wconf 79' lang='grc' dir='ltr'>Τραφαῖς</span> <span class='ocrx_word' id='word_1_295' title='bbox 790 2451 1104 2524; x_wconf 74' lang='grc' dir='ltr'>ἐξηγήσεις,</span> <span class='ocrx_word' id='word_1_296' title='bbox 1134 2454 1226 2506; x_wconf 78' lang='grc' dir='ltr'>καὶ</span> <span class='ocrx_word' id='word_1_297' title='bbox 1261 2452 1412 2507; x_wconf 83' lang='grc' dir='ltr'>ἄλλοι</span> <span class='ocrx_word' id='word_1_298' title='bbox 1459 2454 1664 2507; x_wconf 72' lang='grc' dir='ltr'>τούτων</span> <span class='ocrx_word' id='word_1_299' title='bbox 1708 2455 1939 2522; x_wconf 77' lang='grc' dir='ltr'>ἀγῶνες,</span> 
     </span>
    </p>
   </div>
   <div class='ocr_carea' id='block_1_41' title="bbox 359 2533 1941 2617">
    <p class='ocr_par' dir='ltr' id='par_1_41' title="bbox 359 2533 1941 2617">
     <span class='ocr_line' id='line_1_41' title="bbox 359 2533 1941 2617; baseline 0.003 -23"><span class='ocrx_word' id='word_1_300' title='bbox 359 2542 455 2605; x_wconf 75' lang='grc' dir='ltr'>οὓς</span> <span class='ocrx_word' id='word_1_301' title='bbox 484 2545 576 2595; x_wconf 70' lang='grc' dir='ltr'><strong>ἐπὶ</strong></span> <span class='ocrx_word' id='word_1_302' title='bbox 606 2543 814 2614; x_wconf 75' lang='grc' dir='ltr'>ἐλέγχῳ</span> <span class='ocrx_word' id='word_1_303' title='bbox 843 2547 943 2614; x_wconf 69' lang='grc' dir='ltr'>μὲν</span> <span class='ocrx_word' id='word_1_304' title='bbox 987 2543 1096 2598; x_wconf 88' lang='grc' dir='ltr'><strong>τῶν</strong></span> <span class='ocrx_word' id='word_1_305' title='bbox 1141 2533 1555 2613; x_wconf 81' lang='grc' dir='ltr'>ἀνθισταμένων</span> <span class='ocrx_word' id='word_1_306' title='bbox 1590 2548 1656 2616; x_wconf 75' lang='grc' dir='ltr'><strong>τῇ</strong></span> <span class='ocrx_word' id='word_1_307' title='bbox 1685 2547 1941 2617; x_wconf 71' lang='grc' dir='ltr'>ἀληθεία.</span> 
     </span>
    </p>
   </div>
   <div class='ocr_carea' id='block_1_42' title="bbox 364 2633 1944 2709">
    <p class='ocr_par' dir='ltr' id='par_1_42' title="bbox 364 2633 1944 2709">
     <span class='ocr_line' id='line_1_42' title="bbox 364 2633 1944 2709; baseline 0.004 -23"><span class='ocrx_word' id='word_1_308' title='bbox 364 2633 656 2704; x_wconf 79' lang='grc' dir='ltr'>βεϐαιώσει</span> <span class='ocrx_word' id='word_1_309' title='bbox 695 2634 752 2688; x_wconf 68' lang='grc' dir='ltr'>δὲ</span> <span class='ocrx_word' id='word_1_310' title='bbox 802 2637 912 2689; x_wconf 90' lang='grc' dir='ltr'><strong>τῶν</strong></span> <span class='ocrx_word' id='word_1_311' title='bbox 964 2636 1182 2690; x_wconf 76' lang='grc' dir='ltr'>οἰκείων</span> <span class='ocrx_word' id='word_1_312' title='bbox 1235 2637 1332 2690; x_wconf 77' lang='grc' dir='ltr'>καὶ</span> <span class='ocrx_word' id='word_1_313' title='bbox 1385 2633 1726 2709; x_wconf 73' lang='grc' dir='ltr'>πειθομένων</span> <span class='ocrx_word' id='word_1_314' title='bbox 1760 2641 1944 2704; x_wconf 78' lang='grc' dir='ltr'>αὐτοῖς</span> 
     </span>
    </p>
   </div>
   <div class='ocr_carea' id='block_1_43' title="bbox 362 2725 1943 2803">
    <p class='ocr_par' dir='ltr' id='par_1_43' title="bbox 362 2725 1943 2803">
     <span class='ocr_line' id='line_1_43' title="bbox 362 2725 1943 2803; baseline 0.003 -24"><span class='ocrx_word' id='word_1_315' title='bbox 362 2728 724 2799; x_wconf 66' lang='grc' dir='ltr'>ἐνεστήσαντο</span> <span class='ocrx_word' id='word_1_316' title='bbox 741 2745 753 2758; x_wconf 87' lang='grc'><strong>·</strong></span> <span class='ocrx_word' id='word_1_317' title='bbox 787 2725 862 2782; x_wconf 80' lang='grc' dir='ltr'><strong>ὧν</strong></span> <span class='ocrx_word' id='word_1_318' title='bbox 886 2729 1156 2785; x_wconf 73' lang='grc' dir='ltr'>τοσούτω-ι</span> <span class='ocrx_word' id='word_1_319' title='bbox 1181 2729 1355 2785; x_wconf 75' lang='grc' dir='ltr'>ὅντων</span> <span class='ocrx_word' id='word_1_320' title='bbox 1382 2731 1479 2786; x_wconf 77' lang='grc' dir='ltr'><strong>καὶ</strong></span> <span class='ocrx_word' id='word_1_321' title='bbox 1509 2733 1943 2803; x_wconf 71' lang='grc' dir='ltr'>μαρτυρούντων</span> 
     </span>
    </p>
   </div>
   <div class='ocr_carea' id='block_1_44' title="bbox 364 2817 1944 2892">
    <p class='ocr_par' dir='ltr' id='par_1_44' title="bbox 364 2817 1944 2892">
     <span class='ocr_line' id='line_1_44' title="bbox 364 2817 1944 2892; baseline 0.004 -22"><span class='ocrx_word' id='word_1_322' title='bbox 364 2817 615 2887; x_wconf 83' lang='grc' dir='ltr'>ἀλλήλοις</span> <span class='ocrx_word' id='word_1_323' title='bbox 649 2818 750 2890; x_wconf 81' lang='grc' dir='ltr'>τὴν</span> <span class='ocrx_word' id='word_1_324' title='bbox 780 2819 1120 2889; x_wconf 82' lang='grc' dir='ltr'>συμφωνίαν,</span> <span class='ocrx_word' id='word_1_325' title='bbox 1142 2820 1331 2890; x_wconf 74' lang='grc' dir='ltr'>ὥσπερ</span> <span class='ocrx_word' id='word_1_326' title='bbox 1361 2821 1557 2892; x_wconf 82' lang='grc' dir='ltr'>όδηγόν</span> <span class='ocrx_word' id='word_1_327' title='bbox 1579 2839 1700 2875; x_wconf 84' lang='grc' dir='ltr'>τινα</span> <span class='ocrx_word' id='word_1_328' title='bbox 1726 2823 1944 2892; x_wconf 77' lang='grc' dir='ltr'>ἀπλανῆ</span> 
     </span>
    </p>
   </div>
   <div class='ocr_carea' id='block_1_45' title="bbox 363 2907 1945 2986">
    <p class='ocr_par' dir='ltr' id='par_1_45' title="bbox 363 2907 1945 2986">
     <span class='ocr_line' id='line_1_45' title="bbox 363 2907 1945 2986; baseline 0.004 -26"><span class='ocrx_word' id='word_1_329' title='bbox 363 2907 464 2976; x_wconf 79' lang='grc' dir='ltr'>τῆς</span> <span class='ocrx_word' id='word_1_330' title='bbox 497 2909 839 2979; x_wconf 81' lang='grc' dir='ltr'>ζητουμένης</span> <span class='ocrx_word' id='word_1_331' title='bbox 894 2910 1155 2980; x_wconf 67' lang='grc' dir='ltr'>ἀληθείας</span> <span class='ocrx_word' id='word_1_332' title='bbox 1211 2911 1401 2966; x_wconf 78' lang='grc' dir='ltr'>λαϐεῖν</span> <span class='ocrx_word' id='word_1_333' title='bbox 1451 2913 1744 2986; x_wconf 78' lang='grc' dir='ltr'>πρόχειρόν</span> <span class='ocrx_word' id='word_1_334' title='bbox 1796 2915 1945 2968; x_wconf 82' lang='grc' dir='ltr'>ἐστιν</span> 
     </span>
    </p>
   </div>
   <div class='ocr_carea' id='block_1_46' title="bbox 2047 1911 3634 1980">
    <p class='ocr_par' dir='ltr' id='par_1_46' title="bbox 2047 1911 3634 1980">
     <span class='ocr_line' id='line_1_46' title="bbox 2047 1911 3634 1980; baseline 0.001 -15"><span class='ocrx_word' id='word_1_335' title='bbox 2047 1911 2264 1965; x_wconf 91' lang='lat' dir='ltr'><strong>illorum</strong></span> <span class='ocrx_word' id='word_1_336' title='bbox 2307 1911 2647 1980; x_wconf 76' lang='lat' dir='ltr'><strong>vellesequi</strong></span> <span class='ocrx_word' id='word_1_337' title='bbox 2695 1911 2956 1980; x_wconf 73' lang='lat' dir='ltr'><strong>vestigia;</strong></span> <span class='ocrx_word' id='word_1_338' title='bbox 3009 1912 3256 1980; x_wconf 77' lang='lat' dir='ltr'><strong>opposita</strong></span> <span class='ocrx_word' id='word_1_339' title='bbox 3302 1928 3430 1966; x_wconf 73' lang='lat' dir='ltr'><strong>vero</strong></span> <span class='ocrx_word' id='word_1_340' title='bbox 3484 1913 3634 1966; x_wconf 89' lang='lat' dir='ltr'><strong>incc-</strong></span> 
     </span>
    </p>
   </div>
   <div class='ocr_carea' id='block_1_47' title="bbox 2043 2004 3635 2073">
    <p class='ocr_par' dir='ltr' id='par_1_47' title="bbox 2043 2004 3635 2073">
     <span class='ocr_line' id='line_1_47' title="bbox 2043 2004 3635 2073; baseline 0.001 -16"><span class='ocrx_word' id='word_1_341' title='bbox 2043 2005 2236 2059; x_wconf 88' lang='lat' dir='ltr'><strong>dentes</strong></span> <span class='ocrx_word' id='word_1_342' title='bbox 2286 2005 2376 2058; x_wconf 75' lang='lat' dir='ltr'><strong>via</strong></span> <span class='ocrx_word' id='word_1_343' title='bbox 2412 2004 2894 2072; x_wconf 83' lang='lat' dir='ltr'><strong>reprehensionem</strong></span> <span class='ocrx_word' id='word_1_344' title='bbox 2951 2020 3054 2058; x_wconf 91' lang='lat' dir='ltr'><strong>non</strong></span> <span class='ocrx_word' id='word_1_345' title='bbox 3105 2004 3397 2073; x_wconf 74' lang='lat' dir='ltr'><strong>eﬂ‘ugietis.</strong></span> <span class='ocrx_word' id='word_1_346' title='bbox 3449 2004 3635 2070; x_wconf 72' lang='lat' dir='ltr'><strong>Quan-</strong></span> 
     </span>
    </p>
   </div>
   <div class='ocr_carea' id='block_1_48' title="bbox 2045 2095 3632 2165">
    <p class='ocr_par' dir='ltr' id='par_1_48' title="bbox 2045 2095 3632 2165">
     <span class='ocr_line' id='line_1_48' title="bbox 2045 2095 3632 2165; baseline 0.001 -16"><span class='ocrx_word' id='word_1_347' title='bbox 2045 2112 2205 2165; x_wconf 82' lang='lat' dir='ltr'><strong>quam</strong></span> <span class='ocrx_word' id='word_1_348' title='bbox 2241 2097 2350 2149; x_wconf 87' lang='lat' dir='ltr'><strong>illis</strong></span> <span class='ocrx_word' id='word_1_349' title='bbox 2380 2096 2621 2164; x_wconf 79' lang='lat' dir='ltr'><strong>quidem,</strong></span> <span class='ocrx_word' id='word_1_350' title='bbox 2655 2095 2757 2149; x_wconf 86' lang='lat' dir='ltr'><strong>etsi</strong></span> <span class='ocrx_word' id='word_1_351' title='bbox 2799 2112 2905 2149; x_wconf 89' lang='lat' dir='ltr'><strong>non</strong></span> <span class='ocrx_word' id='word_1_352' title='bbox 2941 2097 3218 2158; x_wconf 81' lang='lat' dir='ltr'><strong>omnibus,</strong></span> <span class='ocrx_word' id='word_1_353' title='bbox 3258 2107 3314 2150; x_wconf 91' lang='lat' dir='ltr'><strong>at</strong></span> <span class='ocrx_word' id='word_1_354' title='bbox 3349 2107 3496 2151; x_wconf 88' lang='lat' dir='ltr'><strong>certe</strong></span> <span class='ocrx_word' id='word_1_355' title='bbox 3520 2097 3632 2164; x_wconf 85' lang='lat' dir='ltr'><strong>pri-</strong></span> 
     </span>
    </p>
   </div>
   <div class='ocr_carea' id='block_1_49' title="bbox 2045 2185 3630 2258">
    <p class='ocr_par' dir='ltr' id='par_1_49' title="bbox 2045 2185 3630 2258">
     <span class='ocr_line' id='line_1_49' title="bbox 2045 2185 3630 2258; baseline 0.003 -18"><span class='ocrx_word' id='word_1_356' title='bbox 2045 2188 2150 2240; x_wconf 86' lang='lat' dir='ltr'><strong>mis</strong></span> <span class='ocrx_word' id='word_1_357' title='bbox 2173 2227 2188 2248; x_wconf 89' lang='lat'><strong>,</strong></span> <span class='ocrx_word' id='word_1_358' title='bbox 2223 2187 2352 2242; x_wconf 71' lang='lat' dir='ltr'><strong>solae</strong></span> <span class='ocrx_word' id='word_1_359' title='bbox 2389 2185 2686 2256; x_wconf 76' lang='lat' dir='ltr'><strong>Setipturm</strong></span> <span class='ocrx_word' id='word_1_360' title='bbox 2717 2197 2873 2242; x_wconf 82' lang='lat' dir='ltr'><strong>erant</strong></span> <span class='ocrx_word' id='word_1_361' title='bbox 2905 2187 2974 2240; x_wconf 91' lang='lat' dir='ltr'><strong>ob</strong></span> <span class='ocrx_word' id='word_1_362' title='bbox 2999 2189 3210 2252; x_wconf 87' lang='lat' dir='ltr'><strong>oculos,</strong></span> <span class='ocrx_word' id='word_1_363' title='bbox 3246 2204 3381 2258; x_wconf 88' lang='lat' dir='ltr'><strong>quas</strong></span> <span class='ocrx_word' id='word_1_364' title='bbox 3413 2189 3630 2244; x_wconf 85' lang='lat' dir='ltr'><strong>dillicile</strong></span> 
     </span>
    </p>
   </div>
   <div class='ocr_carea' id='block_1_50' title="bbox 2045 2279 3634 2349">
    <p class='ocr_par' dir='ltr' id='par_1_50' title="bbox 2045 2279 3634 2349">
     <span class='ocr_line' id='line_1_50' title="bbox 2045 2279 3634 2349; baseline 0.001 -17"><span class='ocrx_word' id='word_1_365' title='bbox 2045 2279 2285 2349; x_wconf 89' lang='lat' dir='ltr'><strong>quidem,</strong></span> <span class='ocrx_word' id='word_1_366' title='bbox 2323 2288 2547 2346; x_wconf 86' lang='lat' dir='ltr'><strong>potuere</strong></span> <span class='ocrx_word' id='word_1_367' title='bbox 2593 2287 2775 2333; x_wconf 86' lang='lat' dir='ltr'><strong>tamen</strong></span> <span class='ocrx_word' id='word_1_368' title='bbox 2827 2281 2880 2333; x_wconf 90' lang='lat' dir='ltr'><strong>in</strong></span> <span class='ocrx_word' id='word_1_369' title='bbox 2928 2296 3092 2332; x_wconf 80' lang='lat' dir='ltr'><strong>unam</strong></span> <span class='ocrx_word' id='word_1_370' title='bbox 3139 2295 3401 2334; x_wconf 87' lang='lat' dir='ltr'><strong>revocare</strong></span> <span class='ocrx_word' id='word_1_371' title='bbox 3435 2296 3634 2334; x_wconf 78' lang='lat' dir='ltr'><strong>conre-</strong></span> 
     </span>
    </p>
   </div>
   <div class='ocr_carea' id='block_1_51' title="bbox 2046 2371 3634 2440">
    <p class='ocr_par' dir='ltr' id='par_1_51' title="bbox 2046 2371 3634 2440">
     <span class='ocr_line' id='line_1_51' title="bbox 2046 2371 3634 2440; baseline 0.001 -15"><span class='ocrx_word' id='word_1_372' title='bbox 2046 2373 2304 2426; x_wconf 84' lang='lat' dir='ltr'><strong>nientiam</strong></span> <span class='ocrx_word' id='word_1_373' title='bbox 2339 2388 2352 2426; x_wconf 93' lang='lat'>:</span> <span class='ocrx_word' id='word_1_374' title='bbox 2404 2381 2460 2425; x_wconf 87' lang='lat' dir='ltr'><strong>at</strong></span> <span class='ocrx_word' id='word_1_375' title='bbox 2491 2372 2649 2436; x_wconf 66' lang='lat' dir='ltr'><strong>vobis</strong></span> <span class='ocrx_word' id='word_1_376' title='bbox 2688 2388 2796 2425; x_wconf 87' lang='lat' dir='ltr'><strong>non</strong></span> <span class='ocrx_word' id='word_1_377' title='bbox 2839 2387 3003 2440; x_wconf 79' lang='lat' dir='ltr'><strong>parva</strong></span> <span class='ocrx_word' id='word_1_378' title='bbox 3053 2371 3351 2439; x_wconf 87' lang='lat' dir='ltr'><strong>adjumcmi</strong></span> <span class='ocrx_word' id='word_1_379' title='bbox 3387 2373 3634 2428; x_wconf 85' lang='lat' dir='ltr'><strong>accessio</strong></span> 
     </span>
    </p>
   </div>
   <div class='ocr_carea' id='block_1_52' title="bbox 2045 2463 3636 2533">
    <p class='ocr_par' dir='ltr' id='par_1_52' title="bbox 2045 2463 3636 2533">
     <span class='ocr_line' id='line_1_52' title="bbox 2045 2463 3636 2533; baseline 0 -15"><span class='ocrx_word' id='word_1_380' title='bbox 2045 2470 2152 2528; x_wconf 78' lang='lat' dir='ltr'><strong>est,</strong></span> <span class='ocrx_word' id='word_1_381' title='bbox 2191 2465 2300 2517; x_wconf 88' lang='lat' dir='ltr'><strong>imo</strong></span> <span class='ocrx_word' id='word_1_382' title='bbox 2321 2479 2451 2518; x_wconf 70' lang='lat' dir='ltr'><strong>vero</strong></span> <span class='ocrx_word' id='word_1_383' title='bbox 2490 2464 2607 2533; x_wconf 87' lang='lat' dir='ltr'><strong>ipsa</strong></span> <span class='ocrx_word' id='word_1_384' title='bbox 2652 2472 2822 2519; x_wconf 90' lang='lat' dir='ltr'><strong>totum</strong></span> <span class='ocrx_word' id='word_1_385' title='bbox 2876 2463 2986 2518; x_wconf 67' lang='lat' dir='ltr'><strong>fure</strong></span> <span class='ocrx_word' id='word_1_386' title='bbox 3031 2466 3210 2527; x_wconf 75' lang='lat' dir='ltr'><strong>valet,</strong></span> <span class='ocrx_word' id='word_1_387' title='bbox 3243 2467 3386 2532; x_wconf 89' lang='lat' dir='ltr'><strong>quod</strong></span> <span class='ocrx_word' id='word_1_388' title='bbox 3446 2466 3636 2518; x_wconf 83' lang='lat' dir='ltr'><strong>docto-</strong></span> 
     </span>
    </p>
   </div>
   <div class='ocr_carea' id='block_1_53' title="bbox 2046 2555 3629 2626">
    <p class='ocr_par' dir='ltr' id='par_1_53' title="bbox 2046 2555 3629 2626">
     <span class='ocr_line' id='line_1_53' title="bbox 2046 2555 3629 2626; baseline 0 -16"><span class='ocrx_word' id='word_1_389' title='bbox 2046 2571 2165 2610; x_wconf 87' lang='lat' dir='ltr'><strong>rum</strong></span> <span class='ocrx_word' id='word_1_390' title='bbox 2215 2557 2587 2626; x_wconf 79' lang='lat' dir='ltr'><strong>expositiones</strong></span> <span class='ocrx_word' id='word_1_391' title='bbox 2633 2556 2686 2610; x_wconf 90' lang='lat' dir='ltr'><strong>in</strong></span> <span class='ocrx_word' id='word_1_392' title='bbox 2727 2555 3064 2624; x_wconf 87' lang='lat' dir='ltr'><strong>Scripturas,</strong></span> <span class='ocrx_word' id='word_1_393' title='bbox 3101 2566 3154 2610; x_wconf 91' lang='lat' dir='ltr'><strong>et</strong></span> <span class='ocrx_word' id='word_1_394' title='bbox 3185 2557 3490 2610; x_wconf 87' lang='lat' dir='ltr'><strong>certamina</strong></span> <span class='ocrx_word' id='word_1_395' title='bbox 3536 2571 3629 2610; x_wconf 91' lang='lat' dir='ltr'><strong>eo-</strong></span> 
     </span>
    </p>
   </div>
   <div class='ocr_carea' id='block_1_54' title="bbox 2049 2647 3636 2717">
    <p class='ocr_par' dir='ltr' id='par_1_54' title="bbox 2049 2647 3636 2717">
     <span class='ocr_line' id='line_1_54' title="bbox 2049 2647 3636 2717; baseline 0.001 -19"><span class='ocrx_word' id='word_1_396' title='bbox 2049 2661 2167 2699; x_wconf 91' lang='lat' dir='ltr'><strong>rum</strong></span> <span class='ocrx_word' id='word_1_397' title='bbox 2207 2647 2418 2702; x_wconf 82' lang='lat' dir='ltr'><strong>habetis</strong></span> <span class='ocrx_word' id='word_1_398' title='bbox 2467 2647 2780 2717; x_wconf 86' lang='lat' dir='ltr'><strong>proposila,</strong></span> <span class='ocrx_word' id='word_1_399' title='bbox 2816 2662 2938 2716; x_wconf 67' lang='lat' dir='ltr'><strong>qua:</strong></span> <span class='ocrx_word' id='word_1_400' title='bbox 2988 2648 3062 2700; x_wconf 91' lang='lat' dir='ltr'><strong>illi</strong></span> <span class='ocrx_word' id='word_1_401' title='bbox 3114 2657 3242 2702; x_wconf 85' lang='lat' dir='ltr'><strong>tum&#39;</strong></span> <span class='ocrx_word' id='word_1_402' title='bbox 3273 2647 3338 2700; x_wconf 88' lang='lat' dir='ltr'><strong>ad</strong></span> <span class='ocrx_word' id='word_1_403' title='bbox 3385 2647 3636 2701; x_wconf 82' lang='lat' dir='ltr'><strong>veritatis</strong></span> 
     </span>
    </p>
   </div>
   <div class='ocr_carea' id='block_1_55' title="bbox 2049 2734 3634 2807">
    <p class='ocr_par' dir='ltr' id='par_1_55' title="bbox 2049 2734 3634 2807">
     <span class='ocr_line' id='line_1_55' title="bbox 2049 2734 3634 2807; baseline 0.001 -19"><span class='ocrx_word' id='word_1_404' title='bbox 2049 2735 2234 2790; x_wconf 81' lang='lat' dir='ltr'><strong>hostes</strong></span> <span class='ocrx_word' id='word_1_405' title='bbox 2276 2737 2706 2807; x_wconf 75' lang='lat' dir='ltr'><strong>redarguendos,</strong></span> <span class='ocrx_word' id='word_1_406' title='bbox 2742 2743 2858 2789; x_wconf 90' lang='lat' dir='ltr'><strong>tum</strong></span> <span class='ocrx_word' id='word_1_407' title='bbox 2911 2737 2977 2790; x_wconf 87' lang='lat' dir='ltr'><strong>ad</strong></span> <span class='ocrx_word' id='word_1_408' title='bbox 3026 2751 3157 2791; x_wconf 92' lang='lat' dir='ltr'><strong>suos</strong></span> <span class='ocrx_word' id='word_1_409' title='bbox 3205 2734 3634 2798; x_wconf 82' lang='lat' dir='ltr'><strong>conﬁrmandos,</strong></span> 
     </span>
    </p>
   </div>
   <div class='ocr_carea' id='block_1_56' title="bbox 2048 2825 3634 2895">
    <p class='ocr_par' dir='ltr' id='par_1_56' title="bbox 2048 2825 3634 2895">
     <span class='ocr_line' id='line_1_56' title="bbox 2048 2825 3634 2895; baseline 0 -17"><span class='ocrx_word' id='word_1_410' title='bbox 2048 2825 2211 2880; x_wconf 88' lang='lat' dir='ltr'><strong>dictis</strong></span> <span class='ocrx_word' id='word_1_411' title='bbox 2236 2827 2445 2882; x_wconf 88' lang='lat' dir='ltr'><strong>scilicet</strong></span> <span class='ocrx_word' id='word_1_412' title='bbox 2463 2842 2651 2881; x_wconf 85' lang='lat' dir='ltr'><strong>eorum</strong></span> <span class='ocrx_word' id='word_1_413' title='bbox 2686 2826 2996 2891; x_wconf 86' lang='lat' dir='ltr'><strong>audientes,</strong></span> <span class='ocrx_word' id='word_1_414' title='bbox 3021 2841 3334 2895; x_wconf 88' lang='lat' dir='ltr'><strong>suscepere.</strong></span> <span class='ocrx_word' id='word_1_415' title='bbox 3362 2825 3634 2891; x_wconf 85' lang='lat' dir='ltr'><strong>Quorum,</strong></span> 
     </span>
    </p>
   </div>
   <div class='ocr_carea' id='block_1_57' title="bbox 2049 2916 3638 2986">
    <p class='ocr_par' dir='ltr' id='par_1_57' title="bbox 2049 2916 3638 2986">
     <span class='ocr_line' id='line_1_57' title="bbox 2049 2916 3638 2986; baseline -0.001 -16"><span class='ocrx_word' id='word_1_416' title='bbox 2049 2932 2171 2970; x_wconf 90' lang='lat' dir='ltr'><strong>cum</strong></span> <span class='ocrx_word' id='word_1_417' title='bbox 2203 2916 2339 2971; x_wconf 87' lang='lat' dir='ltr'><strong>adeo</strong></span> <span class='ocrx_word' id='word_1_418' title='bbox 2374 2917 2538 2970; x_wconf 80' lang='lat' dir='ltr'><strong>multi</strong></span> <span class='ocrx_word' id='word_1_419' title='bbox 2585 2917 2803 2986; x_wconf 84' lang='lat' dir='ltr'><strong>sibique</strong></span> <span class='ocrx_word' id='word_1_420' title='bbox 2837 2916 3073 2970; x_wconf 80' lang='lat' dir='ltr'><strong>invicem</strong></span> <span class='ocrx_word' id='word_1_421' title='bbox 3122 2927 3284 2970; x_wconf 87' lang='lat' dir='ltr'><strong>lesI.es</strong></span> <span class='ocrx_word' id='word_1_422' title='bbox 3318 2917 3430 2970; x_wconf 85' lang='lat' dir='ltr'><strong>sint</strong></span> <span class='ocrx_word' id='word_1_423' title='bbox 3456 2959 3469 2980; x_wconf 95' lang='lat'><strong>,</strong></span> <span class='ocrx_word' id='word_1_424' title='bbox 3505 2931 3638 2970; x_wconf 84' lang='lat' dir='ltr'><strong>con-</strong></span> 
     </span>
    </p>
   </div>
   <div class='ocr_carea' id='block_1_58' title="bbox 362 2994 1951 3078">
    <p class='ocr_par' dir='ltr' id='par_1_58' title="bbox 362 2994 1948 3076">
     <span class='ocr_line' id='line_1_58' title="bbox 362 2994 1948 3076; baseline 0.004 -23"><span class='ocrx_word' id='word_1_425' title='bbox 362 3000 518 3053; x_wconf 76' lang='grc' dir='ltr'>σῦδὲν</span> <span class='ocrx_word' id='word_1_426' title='bbox 547 2994 711 3073; x_wconf 74' lang='grc' dir='ltr'>ἦττον</span> <span class='ocrx_word' id='word_1_427' title='bbox 742 3001 775 3072; x_wconf 74' lang='grc' dir='ltr'>ἦ</span> <span class='ocrx_word' id='word_1_428' title='bbox 808 3001 1034 3056; x_wconf 87' lang='grc' dir='ltr'>δίκαιον.</span> <span class='ocrx_word' id='word_1_429' title='bbox 1086 3003 1244 3057; x_wconf 81' lang='grc' dir='ltr'>Ἀλλὰ</span> <span class='ocrx_word' id='word_1_430' title='bbox 1273 3003 1343 3058; x_wconf 78' lang='grc' dir='ltr'>τὰ</span> <span class='ocrx_word' id='word_1_431' title='bbox 1374 3005 1473 3074; x_wconf 77' lang='grc' dir='ltr'>μὲν</span> <span class='ocrx_word' id='word_1_432' title='bbox 1500 3007 1627 3076; x_wconf 70' lang='grc' dir='ltr'>περὶ</span> <span class='ocrx_word' id='word_1_433' title='bbox 1661 3005 1768 3058; x_wconf 85' lang='grc' dir='ltr'><strong>τῶν</strong></span> <span class='ocrx_word' id='word_1_434' title='bbox 1801 3006 1948 3061; x_wconf 85' lang='grc' dir='ltr'>διδα-</span> 
     </span>
    </p>
   </div>
   <div class='ocr_carea' id='block_1_59' title="bbox 2055 2994 3640 3078">
    <p class='ocr_par' dir='ltr' id='par_1_59' title="bbox 2055 3008 3640 3078">
     <span class='ocr_line' id='line_1_59' title="bbox 2055 3008 3640 3078; baseline -0.002 -16"><span class='ocrx_word' id='word_1_435' title='bbox 2055 3009 2362 3063; x_wconf 83' lang='lat' dir='ltr'><strong>sensionem</strong></span> <span class='ocrx_word' id='word_1_436' title='bbox 2398 3009 2558 3064; x_wconf 80' lang='lat' dir='ltr'><strong>facile</strong></span> <span class='ocrx_word' id='word_1_437' title='bbox 2591 3009 2796 3078; x_wconf 89' lang='lat' dir='ltr'><strong>pariter</strong></span> <span class='ocrx_word' id='word_1_438' title='bbox 2823 3022 2888 3062; x_wconf 91' lang='lat' dir='ltr'><strong>ac</strong></span> <span class='ocrx_word' id='word_1_439' title='bbox 2930 3008 3136 3077; x_wconf 85' lang='lat' dir='ltr'><strong>justum</strong></span> <span class='ocrx_word' id='word_1_440' title='bbox 3171 3016 3255 3062; x_wconf 89' lang='lat' dir='ltr'><strong>est</strong></span> <span class='ocrx_word' id='word_1_441' title='bbox 3300 3022 3513 3062; x_wconf 82' lang='lat' dir='ltr'><strong>sumere</strong></span> <span class='ocrx_word' id='word_1_442' title='bbox 3546 3022 3640 3060; x_wconf 77' lang='lat' dir='ltr'><strong>ve-</strong></span> 
     </span>
    </p>
   </div>
   <div class='ocr_carea' id='block_1_60' title="bbox 370 3092 1943 3185">
    <p class='ocr_par' dir='ltr' id='par_1_60' title="bbox 370 3092 1943 3185">
     <span class='ocr_line' id='line_1_60' title="bbox 370 3092 1943 3185; baseline 0.005 -42"><span class='ocrx_word' id='word_1_443' title='bbox 370 3092 588 3146; x_wconf 65' lang='lat' dir='ltr'><strong>axd‘wv</strong></span> <span class='ocrx_word' id='word_1_444' title='bbox 622 3093 818 3146; x_wconf 79' lang='grc' dir='ltr'>αὐτίκα</span> <span class='ocrx_word' id='word_1_445' title='bbox 840 3137 855 3160; x_wconf 91' lang='grc'><strong>,</strong></span> <span class='ocrx_word' id='word_1_446' title='bbox 895 3093 964 3146; x_wconf 78' lang='grc' dir='ltr'><strong>τὰ</strong></span> <span class='ocrx_word' id='word_1_447' title='bbox 993 3093 1050 3146; x_wconf 71' lang='grc' dir='ltr'>δὲ</span> <span class='ocrx_word' id='word_1_448' title='bbox 1097 3095 1205 3148; x_wconf 87' lang='grc' dir='ltr'><strong>τῶν</strong></span> <span class='ocrx_word' id='word_1_449' title='bbox 1255 3096 1491 3166; x_wconf 81' lang='grc' dir='ltr'>Γραφῶν</span> <span class='ocrx_word' id='word_1_450' title='bbox 1539 3097 1828 3168; x_wconf 79' lang='grc' dir='ltr'>ἀξιώματα</span> <span class='ocrx_word' id='word_1_451' title='bbox 1861 3099 1943 3185; x_wconf 65' lang='grc' dir='ltr'><strong>δεῖ</strong></span> 
     </span>
    </p>
   </div>
   <div class='ocr_carea' id='block_1_61' title="bbox 2056 3097 3639 3165">
    <p class='ocr_par' dir='ltr' id='par_1_61' title="bbox 2056 3097 3639 3165">
     <span class='ocr_line' id='line_1_61' title="bbox 2056 3097 3639 3165; baseline -0.003 -11"><span class='ocrx_word' id='word_1_452' title='bbox 2056 3101 2153 3154; x_wconf 86' lang='lat' dir='ltr'><strong>luti</strong></span> <span class='ocrx_word' id='word_1_453' title='bbox 2189 3101 2381 3154; x_wconf 90' lang='lat' dir='ltr'><strong>ducem</strong></span> <span class='ocrx_word' id='word_1_454' title='bbox 2411 3101 2778 3154; x_wconf 86' lang='lat' dir='ltr'><strong>certissimum</strong></span> <span class='ocrx_word' id='word_1_455' title='bbox 2815 3101 2880 3153; x_wconf 86' lang='lat' dir='ltr'><strong>ad</strong></span> <span class='ocrx_word' id='word_1_456' title='bbox 2915 3101 3199 3153; x_wconf 81' lang='lat' dir='ltr'><strong>veritatem</strong></span> <span class='ocrx_word' id='word_1_457' title='bbox 3253 3097 3639 3165; x_wconf 65' lang='lat' dir='ltr'><strong>indagandum.</strong></span> 
     </span>
    </p>
   </div>
   <div class='ocr_carea' id='block_1_62' title="bbox 371 3185 1951 3262">
    <p class='ocr_par' dir='ltr' id='par_1_62' title="bbox 371 3185 1947 3260">
     <span class='ocr_line' id='line_1_62' title="bbox 371 3185 1947 3260; baseline 0.008 -25"><span class='ocrx_word' id='word_1_458' title='bbox 371 3185 740 3240; x_wconf 82' lang='grc' dir='ltr'>συνάπτεσθαι</span> <span class='ocrx_word' id='word_1_459' title='bbox 786 3185 1024 3257; x_wconf 83' lang='grc' dir='ltr'>πρῶτον.</span> <span class='ocrx_word' id='word_1_460' title='bbox 1077 3187 1234 3258; x_wconf 83' lang='grc' dir='ltr'>Ἔχει</span> <span class='ocrx_word' id='word_1_461' title='bbox 1284 3188 1393 3257; x_wconf 74' lang='grc' dir='ltr'><strong>γὰρ</strong></span> <span class='ocrx_word' id='word_1_462' title='bbox 1425 3189 1568 3242; x_wconf 77' lang='grc' dir='ltr'>οὕτω</span> <span class='ocrx_word' id='word_1_463' title='bbox 1591 3208 1606 3221; x_wconf 94' lang='grc'><strong>·</strong></span> <span class='ocrx_word' id='word_1_464' title='bbox 1637 3189 1710 3244; x_wconf 79' lang='grc' dir='ltr'>Τὸ</span> <span class='ocrx_word' id='word_1_465' title='bbox 1747 3192 1845 3260; x_wconf 83' lang='grc' dir='ltr'>μὲν</span> <span class='ocrx_word' id='word_1_466' title='bbox 1884 3195 1947 3247; x_wconf 81' lang='grc' dir='ltr'>ἐκ</span> 
     </span>
    </p>
   </div>
   <div class='ocr_carea' id='block_1_63' title="bbox 2055 3185 3647 3262">
    <p class='ocr_par' dir='ltr' id='par_1_63' title="bbox 2055 3191 3647 3262">
     <span class='ocr_line' id='line_1_63' title="bbox 2055 3191 3647 3262; baseline -0.003 -17"><span class='ocrx_word' id='word_1_467' title='bbox 2055 3196 2128 3247; x_wconf 71' lang='lat' dir='ltr'><strong>Ac</strong></span> <span class='ocrx_word' id='word_1_468' title='bbox 2159 3193 2224 3247; x_wconf 79' lang='lat' dir='ltr'><strong>de</strong></span> <span class='ocrx_word' id='word_1_469' title='bbox 2245 3193 2529 3247; x_wconf 86' lang='lat' dir='ltr'><strong>doctorum</strong></span> <span class='ocrx_word' id='word_1_470' title='bbox 2564 3194 2782 3262; x_wconf 88' lang='lat' dir='ltr'><strong>quidem</strong></span> <span class='ocrx_word' id='word_1_471' title='bbox 2805 3207 3072 3247; x_wconf 86' lang='lat' dir='ltr'><strong>consensu</strong></span> <span class='ocrx_word' id='word_1_472' title='bbox 3097 3203 3284 3259; x_wconf 86' lang='lat' dir='ltr'><strong>postea</strong></span> <span class='ocrx_word' id='word_1_473' title='bbox 3315 3207 3328 3244; x_wconf 91' lang='lat'><strong>:</strong></span> <span class='ocrx_word' id='word_1_474' title='bbox 3368 3191 3518 3260; x_wconf 86' lang='lat' dir='ltr'><strong>prius</strong></span> <span class='ocrx_word' id='word_1_475' title='bbox 3549 3205 3647 3243; x_wconf 77' lang='lat' dir='ltr'><strong>att-</strong></span> 
     </span>
    </p>
   </div>
   <div class='ocr_carea' id='block_1_64' title="bbox 367 3271 1949 3352">
    <p class='ocr_par' dir='ltr' id='par_1_64' title="bbox 367 3271 1949 3352">
     <span class='ocr_line' id='line_1_64' title="bbox 367 3271 1949 3352; baseline 0.005 -22"><span class='ocrx_word' id='word_1_476' title='bbox 367 3277 461 3330; x_wconf 69' lang='grc' dir='ltr'><strong>τοῦ</strong></span> <span class='ocrx_word' id='word_1_477' title='bbox 513 3278 728 3348; x_wconf 64' lang='grc' dir='ltr'>Πατρὶς</span> <span class='ocrx_word' id='word_1_478' title='bbox 777 3278 1177 3348; x_wconf 71' lang='grc' dir='ltr'>ἐκπορεύεσθαι</span> <span class='ocrx_word' id='word_1_479' title='bbox 1206 3280 1266 3334; x_wconf 82' lang='grc' dir='ltr'>τὸ</span> <span class='ocrx_word' id='word_1_480' title='bbox 1296 3271 1523 3351; x_wconf 74' lang='grc' dir='ltr'>Πνεῦμα</span> <span class='ocrx_word' id='word_1_481' title='bbox 1562 3283 1622 3336; x_wconf 82' lang='grc' dir='ltr'>τὸ</span> <span class='ocrx_word' id='word_1_482' title='bbox 1647 3284 1807 3352; x_wconf 77' lang='grc' dir='ltr'>ἆγιον</span> <span class='ocrx_word' id='word_1_483' title='bbox 1835 3287 1949 3338; x_wconf 83' lang='grc' dir='ltr'>κεῖ-</span> 
     </span>
    </p>
   </div>
   <div class='ocr_carea' id='block_1_65' title="bbox 369 3367 1951 3448">
    <p class='ocr_par' dir='ltr' id='par_1_65' title="bbox 369 3367 1951 3448">
     <span class='ocr_line' id='line_1_65' title="bbox 369 3367 1951 3448; baseline 0.007 -28"><span class='ocrx_word' id='word_1_484' title='bbox 369 3383 458 3422; x_wconf 80' lang='grc' dir='ltr'><strong>ται</strong></span> <span class='ocrx_word' id='word_1_485' title='bbox 483 3367 582 3438; x_wconf 75' lang='grc' dir='ltr'>μὲν</span> <span class='ocrx_word' id='word_1_486' title='bbox 609 3367 909 3440; x_wconf 67' lang='grc' dir='ltr'>διαρρήδην</span> <span class='ocrx_word' id='word_1_487' title='bbox 930 3371 986 3422; x_wconf 79' lang='grc' dir='ltr'><strong>ἐν</strong></span> <span class='ocrx_word' id='word_1_488' title='bbox 1007 3375 1072 3442; x_wconf 75' lang='grc' dir='ltr'>τῇ</span> <span class='ocrx_word' id='word_1_489' title='bbox 1107 3371 1324 3448; x_wconf 70' lang='grc' dir='ltr'>Γραφῇ,</span> <span class='ocrx_word' id='word_1_490' title='bbox 1344 3373 1686 3442; x_wconf 78' lang='grc' dir='ltr'>ὁμολογεῖται</span> <span class='ocrx_word' id='word_1_491' title='bbox 1713 3376 1769 3429; x_wconf 78' lang='grc' dir='ltr'>δὲ</span> <span class='ocrx_word' id='word_1_492' title='bbox 1798 3378 1951 3448; x_wconf 63' lang='grc' dir='ltr'>παρὰ</span> 
     </span>
    </p>
   </div>
   <div class='ocr_carea' id='block_1_66' title="bbox 372 3445 1951 3540">
    <p class='ocr_par' dir='ltr' id='par_1_66' title="bbox 372 3445 1951 3540">
     <span class='ocr_line' id='line_1_66' title="bbox 372 3445 1951 3540; baseline 0.006 -27"><span class='ocrx_word' id='word_1_493' title='bbox 372 3461 592 3516; x_wconf 87' lang='grc' dir='ltr'>πάντων</span> <span class='ocrx_word' id='word_1_494' title='bbox 622 3461 801 3532; x_wconf 75' lang='grc' dir='ltr'>ἡμῶν,</span> <span class='ocrx_word' id='word_1_495' title='bbox 834 3463 930 3517; x_wconf 77' lang='grc' dir='ltr'>καὶ</span> <span class='ocrx_word' id='word_1_496' title='bbox 973 3463 1034 3517; x_wconf 80' lang='grc' dir='ltr'>οὐ</span> <span class='ocrx_word' id='word_1_497' title='bbox 1071 3445 1450 3535; x_wconf 62' lang='grc' dir='ltr'>μᾶλλον’πρδς</span> <span class='ocrx_word' id='word_1_498' title='bbox 1493 3467 1746 3538; x_wconf 82' lang='grc' dir='ltr'>Γραικῶν</span> <span class='ocrx_word' id='word_1_499' title='bbox 1776 3469 1809 3540; x_wconf 81' lang='grc' dir='ltr'>ἢ</span> <span class='ocrx_word' id='word_1_500' title='bbox 1843 3445 1951 3523; x_wconf 72' lang='grc' dir='ltr'><strong>Αἀ-</strong></span> 
     </span>
    </p>
   </div>
   <div class='ocr_carea' id='block_1_67' title="bbox 371 3551 1953 3627">
    <p class='ocr_par' dir='ltr' id='par_1_67' title="bbox 371 3551 1953 3627">
     <span class='ocr_line' id='line_1_67' title="bbox 371 3551 1953 3627; baseline 0.005 -24"><span class='ocrx_word' id='word_1_501' title='bbox 371 3551 537 3605; x_wconf 88' lang='grc' dir='ltr'>τίνων</span> <span class='ocrx_word' id='word_1_502' title='bbox 564 3551 764 3621; x_wconf 69' lang='grc' dir='ltr'>εστηκε</span> <span class='ocrx_word' id='word_1_503' title='bbox 802 3553 980 3618; x_wconf 83' lang='grc' dir='ltr'>τοῦτο,</span> <span class='ocrx_word' id='word_1_504' title='bbox 1011 3554 1120 3607; x_wconf 60' lang='grc' dir='ltr'>οὔδ’</span> <span class='ocrx_word' id='word_1_505' title='bbox 1159 3553 1306 3608; x_wconf 80' lang='grc' dir='ltr'>ἔστιν</span> <span class='ocrx_word' id='word_1_506' title='bbox 1338 3556 1403 3609; x_wconf 77' lang='grc' dir='ltr'>ὲκ</span> <span class='ocrx_word' id='word_1_507' title='bbox 1432 3555 1624 3611; x_wconf 76' lang='grc' dir='ltr'>τούτου</span> <span class='ocrx_word' id='word_1_508' title='bbox 1670 3557 1820 3614; x_wconf 65' lang='grc' dir='ltr'>λύειν</span> <span class='ocrx_word' id='word_1_509' title='bbox 1853 3558 1953 3627; x_wconf 81' lang='grc' dir='ltr'>τὴν</span> 
     </span>
    </p>
   </div>
   <div class='ocr_carea' id='block_1_68' title="bbox 372 3641 1952 3717">
    <p class='ocr_par' dir='ltr' id='par_1_68' title="bbox 372 3641 1952 3717">
     <span class='ocr_line' id='line_1_68' title="bbox 372 3641 1952 3717; baseline 0.004 -21"><span class='ocrx_word' id='word_1_510' title='bbox 372 3641 826 3715; x_wconf 71' lang='grc' dir='ltr'>ἀμφισϐήτησιν·</span> <span class='ocrx_word' id='word_1_511' title='bbox 857 3643 982 3698; x_wconf 72' lang='grc' dir='ltr'>οὔτε</span> <span class='ocrx_word' id='word_1_512' title='bbox 1038 3645 1148 3715; x_wconf 79' lang='grc' dir='ltr'><strong>γὰρ</strong></span> <span class='ocrx_word' id='word_1_513' title='bbox 1199 3647 1418 3717; x_wconf 79' lang='grc' dir='ltr'>ἀνάγκη</span> <span class='ocrx_word' id='word_1_514' title='bbox 1461 3650 1558 3701; x_wconf 76' lang='grc' dir='ltr'>καὶ</span> <span class='ocrx_word' id='word_1_515' title='bbox 1598 3650 1662 3702; x_wconf 81' lang='grc' dir='ltr'>ἐκ</span> <span class='ocrx_word' id='word_1_516' title='bbox 1693 3649 1787 3703; x_wconf 78' lang='grc' dir='ltr'>τοῦ</span> <span class='ocrx_word' id='word_1_517' title='bbox 1824 3649 1952 3704; x_wconf 85' lang='grc' dir='ltr'>Υίοῦ</span> 
     </span>
    </p>
   </div>
   <div class='ocr_carea' id='block_1_69' title="bbox 375 3735 1952 3809">
    <p class='ocr_par' dir='ltr' id='par_1_69' title="bbox 375 3735 1952 3809">
     <span class='ocr_line' id='line_1_69' title="bbox 375 3735 1952 3809; baseline 0.004 -23"><span class='ocrx_word' id='word_1_518' title='bbox 375 3735 627 3802; x_wconf 76' lang='grc' dir='ltr'>προϊέναι</span> <span class='ocrx_word' id='word_1_519' title='bbox 661 3736 722 3788; x_wconf 74' lang='grc' dir='ltr'><strong>τὸ</strong></span> <span class='ocrx_word' id='word_1_520' title='bbox 759 3736 983 3806; x_wconf 78' lang='grc' dir='ltr'>Πνεῦμα</span> <span class='ocrx_word' id='word_1_521' title='bbox 1012 3737 1203 3791; x_wconf 78' lang='grc' dir='ltr'>τούτου</span> <span class='ocrx_word' id='word_1_522' title='bbox 1231 3740 1514 3809; x_wconf 76' lang='grc' dir='ltr'>κειμένου,</span> <span class='ocrx_word' id='word_1_523' title='bbox 1545 3737 1658 3792; x_wconf 77' lang='grc' dir='ltr'>οὔτ’</span> <span class='ocrx_word' id='word_1_524' title='bbox 1685 3741 1952 3795; x_wconf 77' lang='grc' dir='ltr'>ἀδύνατον</span> 
     </span>
    </p>
   </div>
   <div class='ocr_carea' id='block_1_70' title="bbox 376 3827 1955 3904">
    <p class='ocr_par' dir='ltr' id='par_1_70' title="bbox 376 3827 1955 3904">
     <span class='ocr_line' id='line_1_70' title="bbox 376 3827 1955 3904; baseline 0.004 -24"><span class='ocrx_word' id='word_1_525' title='bbox 376 3828 470 3880; x_wconf 74' lang='grc' dir='ltr'>καὶ</span> <span class='ocrx_word' id='word_1_526' title='bbox 517 3827 581 3880; x_wconf 73' lang='grc' dir='ltr'>ἑκ</span> <span class='ocrx_word' id='word_1_527' title='bbox 631 3827 723 3881; x_wconf 81' lang='grc' dir='ltr'>τοῦ</span> <span class='ocrx_word' id='word_1_528' title='bbox 755 3828 886 3883; x_wconf 86' lang='grc' dir='ltr'><strong>Υἱοῦ</strong></span> <span class='ocrx_word' id='word_1_529' title='bbox 935 3831 1354 3902; x_wconf 73' lang='grc' dir='ltr'>ικπορεύεσθαι.</span> <span class='ocrx_word' id='word_1_530' title='bbox 1397 3833 1461 3886; x_wconf 82' lang='grc' dir='ltr'><strong>Ἥ</strong></span> <span class='ocrx_word' id='word_1_531' title='bbox 1500 3835 1608 3904; x_wconf 76' lang='grc' dir='ltr'><strong>γὰρ</strong></span> <span class='ocrx_word' id='word_1_532' title='bbox 1643 3836 1955 3904; x_wconf 80' lang='grc' dir='ltr'>κατάφασις</span> 
     </span>
    </p>
   </div>
   <div class='ocr_carea' id='block_1_71' title="bbox 374 3917 1956 3994">
    <p class='ocr_par' dir='ltr' id='par_1_71' title="bbox 374 3917 1956 3994">
     <span class='ocr_line' id='line_1_71' title="bbox 374 3917 1956 3994; baseline 0.003 -21"><span class='ocrx_word' id='word_1_533' title='bbox 374 3918 519 3987; x_wconf 75' lang='grc' dir='ltr'>αὕτη</span> <span class='ocrx_word' id='word_1_534' title='bbox 554 3917 653 3990; x_wconf 76' lang='grc' dir='ltr'><strong>τὴν</strong></span> <span class='ocrx_word' id='word_1_535' title='bbox 683 3919 874 3990; x_wconf 81' lang='grc' dir='ltr'>ἑτέραν</span> <span class='ocrx_word' id='word_1_536' title='bbox 899 3922 1210 3991; x_wconf 78' lang='grc' dir='ltr'>κατάφασιν</span> <span class='ocrx_word' id='word_1_537' title='bbox 1236 3922 1359 3977; x_wconf 75' lang='grc' dir='ltr'>οὔτε</span> <span class='ocrx_word' id='word_1_538' title='bbox 1388 3924 1625 3994; x_wconf 84' lang='grc' dir='ltr'>τίθησιν,</span> <span class='ocrx_word' id='word_1_539' title='bbox 1650 3924 1762 3979; x_wconf 74' lang='grc' dir='ltr'>οὔτ’</span> <span class='ocrx_word' id='word_1_540' title='bbox 1804 3926 1956 3979; x_wconf 87' lang='grc' dir='ltr'>άναι-</span> 
     </span>
    </p>
   </div>
   <div class='ocr_carea' id='block_1_72' title="bbox 379 4011 1956 4086">
    <p class='ocr_par' dir='ltr' id='par_1_72' title="bbox 379 4011 1956 4086">
     <span class='ocr_line' id='line_1_72' title="bbox 379 4011 1956 4086; baseline 0.005 -22"><span class='ocrx_word' id='word_1_541' title='bbox 379 4015 497 4083; x_wconf 88' lang='grc' dir='ltr'>ρεῖ,</span> <span class='ocrx_word' id='word_1_542' title='bbox 526 4011 643 4065; x_wconf 83' lang='grc' dir='ltr'>ἀλλ’</span> <span class='ocrx_word' id='word_1_543' title='bbox 666 4012 939 4082; x_wconf 78' lang='grc' dir='ltr'>ἐνδέχεται</span> <span class='ocrx_word' id='word_1_544' title='bbox 969 4014 1068 4084; x_wconf 77' lang='grc' dir='ltr'>μὲν</span> <span class='ocrx_word' id='word_1_545' title='bbox 1101 4017 1164 4070; x_wconf 71' lang='grc' dir='ltr'>ἐκ</span> <span class='ocrx_word' id='word_1_546' title='bbox 1204 4015 1301 4068; x_wconf 79' lang='grc' dir='ltr'><strong>τοῦ</strong></span> <span class='ocrx_word' id='word_1_547' title='bbox 1337 4016 1467 4070; x_wconf 84' lang='grc' dir='ltr'><strong>Υἱοῦ</strong></span> <span class='ocrx_word' id='word_1_548' title='bbox 1499 4018 1772 4086; x_wconf 76' lang='grc' dir='ltr'>προϊέναι,</span> <span class='ocrx_word' id='word_1_549' title='bbox 1807 4018 1956 4072; x_wconf 80' lang='grc' dir='ltr'>ἐνδέ-</span> 
     </span>
    </p>
   </div>
   <div class='ocr_carea' id='block_1_73' title="bbox 378 4104 1960 4178">
    <p class='ocr_par' dir='ltr' id='par_1_73' title="bbox 378 4104 1960 4178">
     <span class='ocr_line' id='line_1_73' title="bbox 378 4104 1960 4178; baseline 0.006 -22"><span class='ocrx_word' id='word_1_550' title='bbox 378 4121 534 4175; x_wconf 86' lang='grc' dir='ltr'>χεται</span> <span class='ocrx_word' id='word_1_551' title='bbox 562 4104 618 4158; x_wconf 68' lang='grc' dir='ltr'>δὲ</span> <span class='ocrx_word' id='word_1_552' title='bbox 644 4105 739 4159; x_wconf 77' lang='grc' dir='ltr'>καὶ</span> <span class='ocrx_word' id='word_1_553' title='bbox 771 4105 844 4174; x_wconf 76' lang='grc' dir='ltr'>μὴ</span> <span class='ocrx_word' id='word_1_554' title='bbox 879 4106 1127 4177; x_wconf 87' lang='grc' dir='ltr'>προϊέναι</span> <span class='ocrx_word' id='word_1_555' title='bbox 1157 4108 1280 4160; x_wconf 83' lang='grc' dir='ltr'>ὅσον</span> <span class='ocrx_word' id='word_1_556' title='bbox 1309 4108 1372 4162; x_wconf 75' lang='grc' dir='ltr'>ἐκ</span> <span class='ocrx_word' id='word_1_557' title='bbox 1401 4125 1464 4176; x_wconf 88' lang='grc' dir='ltr'><strong>γε</strong></span> <span class='ocrx_word' id='word_1_558' title='bbox 1503 4110 1597 4163; x_wconf 79' lang='grc' dir='ltr'>τοῦ</span> <span class='ocrx_word' id='word_1_559' title='bbox 1629 4110 1786 4178; x_wconf 80' lang='grc' dir='ltr'>λόγου</span> <span class='ocrx_word' id='word_1_560' title='bbox 1807 4128 1822 4143; x_wconf 79' lang='grc' dir='ltr'><strong>ο</strong></span> <span class='ocrx_word' id='word_1_561' title='bbox 1851 4111 1960 4164; x_wconf 82' lang='grc' dir='ltr'>ῶσ-</span> 
     </span>
    </p>
   </div>
   <div class='ocr_carea' id='block_1_74' title="bbox 379 4195 1959 4270">
    <p class='ocr_par' dir='ltr' id='par_1_74' title="bbox 379 4195 1959 4270">
     <span class='ocr_line' id='line_1_74' title="bbox 379 4195 1959 4270; baseline 0.005 -21"><span class='ocrx_word' id='word_1_562' title='bbox 379 4213 486 4269; x_wconf 87' lang='grc' dir='ltr'><strong>περ</strong></span> <span class='ocrx_word' id='word_1_563' title='bbox 536 4197 590 4251; x_wconf 86' lang='grc' dir='ltr'><strong>εί</strong></span> <span class='ocrx_word' id='word_1_564' title='bbox 630 4213 714 4260; x_wconf 85' lang='grc' dir='ltr'><strong>τις</strong></span> <span class='ocrx_word' id='word_1_565' title='bbox 755 4197 904 4266; x_wconf 79' lang='grc' dir='ltr'>λέγοι</span> <span class='ocrx_word' id='word_1_566' title='bbox 949 4199 1041 4252; x_wconf 80' lang='grc' dir='ltr'>τὸν</span> <span class='ocrx_word' id='word_1_567' title='bbox 1085 4198 1370 4270; x_wconf 80' lang='grc' dir='ltr'>ἄνθρωπον</span> <span class='ocrx_word' id='word_1_568' title='bbox 1416 4195 1557 4255; x_wconf 75' lang='grc' dir='ltr'>εἶναι</span> <span class='ocrx_word' id='word_1_569' title='bbox 1609 4203 1784 4266; x_wconf 69' lang='grc' dir='ltr'>ζιίον,</span> <span class='ocrx_word' id='word_1_570' title='bbox 1833 4203 1959 4258; x_wconf 72' lang='grc' dir='ltr'>οὔτε</span> 
     </span>
    </p>
   </div>
   <div class='ocr_carea' id='block_1_75' title="bbox 380 4285 1962 4360">
    <p class='ocr_par' dir='ltr' id='par_1_75' title="bbox 380 4285 1962 4360">
     <span class='ocr_line' id='line_1_75' title="bbox 380 4285 1962 4360; baseline 0.004 -18"><span class='ocrx_word' id='word_1_571' title='bbox 380 4289 622 4360; x_wconf 74' lang='grc' dir='ltr'>λογικὸν,</span> <span class='ocrx_word' id='word_1_572' title='bbox 647 4285 788 4343; x_wconf 83' lang='grc' dir='ltr'>εῖναι</span> <span class='ocrx_word' id='word_1_573' title='bbox 817 4289 1034 4358; x_wconf 85' lang='grc' dir='ltr'>τίθησιν</span> <span class='ocrx_word' id='word_1_574' title='bbox 1065 4289 1124 4356; x_wconf 78' lang='grc' dir='ltr'>ἐξ</span> <span class='ocrx_word' id='word_1_575' title='bbox 1153 4291 1422 4360; x_wconf 81' lang='grc' dir='ltr'>ἀνάγκης,</span> <span class='ocrx_word' id='word_1_576' title='bbox 1458 4291 1581 4346; x_wconf 76' lang='grc' dir='ltr'>οὔτε</span> <span class='ocrx_word' id='word_1_577' title='bbox 1630 4294 1777 4348; x_wconf 76' lang='grc' dir='ltr'>τοῦτ’</span> <span class='ocrx_word' id='word_1_578' title='bbox 1808 4299 1962 4349; x_wconf 63' lang='grc' dir='ltr'>ἀναι-</span> 
     </span>
    </p>
   </div>
   <div class='ocr_carea' id='block_1_76' title="bbox 387 4378 1962 4458">
    <p class='ocr_par' dir='ltr' id='par_1_76' title="bbox 387 4378 1962 4458">
     <span class='ocr_line' id='line_1_76' title="bbox 387 4378 1962 4458; baseline 0.004 -27"><span class='ocrx_word' id='word_1_579' title='bbox 387 4381 506 4451; x_wconf 88' lang='grc' dir='ltr'>ρεῖ·</span> <span class='ocrx_word' id='word_1_580' title='bbox 540 4379 716 4433; x_wconf 90' lang='grc' dir='ltr'>καίτοι</span> <span class='ocrx_word' id='word_1_581' title='bbox 754 4380 890 4450; x_wconf 67' lang='grc' dir='ltr'>πρὸς</span> <span class='ocrx_word' id='word_1_582' title='bbox 923 4378 1014 4432; x_wconf 78' lang='grc' dir='ltr'>τὸν</span> <span class='ocrx_word' id='word_1_583' title='bbox 1061 4381 1162 4448; x_wconf 84' lang='grc' dir='ltr'>τῆς</span> <span class='ocrx_word' id='word_1_584' title='bbox 1196 4383 1424 4452; x_wconf 76' lang='grc' dir='ltr'>προόδου</span> <span class='ocrx_word' id='word_1_585' title='bbox 1457 4383 1565 4436; x_wconf 89' lang='grc' dir='ltr'><strong>τῶν</strong></span> <span class='ocrx_word' id='word_1_586' title='bbox 1597 4384 1758 4439; x_wconf 83' lang='grc' dir='ltr'>θείων</span> <span class='ocrx_word' id='word_1_587' title='bbox 1790 4403 1962 4458; x_wconf 82' lang='grc' dir='ltr'>προσ-</span> 
     </span>
    </p>
   </div>
   <div class='ocr_carea' id='block_1_77' title="bbox 381 4473 1960 4546">
    <p class='ocr_par' dir='ltr' id='par_1_77' title="bbox 381 4473 1960 4546">
     <span class='ocr_line' id='line_1_77' title="bbox 381 4473 1960 4546; baseline 0.005 -21"><span class='ocrx_word' id='word_1_588' title='bbox 381 4473 546 4526; x_wconf 83' lang='grc' dir='ltr'>ώπων</span> <span class='ocrx_word' id='word_1_589' title='bbox 575 4473 781 4544; x_wconf 89' lang='grc' dir='ltr'>τρόπον</span> <span class='ocrx_word' id='word_1_590' title='bbox 806 4474 1090 4543; x_wconf 71' lang='grc' dir='ltr'>ἀφορῶσιν</span> <span class='ocrx_word' id='word_1_591' title='bbox 1122 4476 1254 4545; x_wconf 83' lang='grc' dir='ltr'>ἡμῖν</span> <span class='ocrx_word' id='word_1_592' title='bbox 1286 4477 1381 4529; x_wconf 79' lang='grc' dir='ltr'>καὶ</span> <span class='ocrx_word' id='word_1_593' title='bbox 1419 4476 1486 4546; x_wconf 85' lang='grc' dir='ltr'><strong>ἥν</strong></span> <span class='ocrx_word' id='word_1_594' title='bbox 1520 4476 1569 4529; x_wconf 86' lang='grc' dir='ltr'><strong>οί</strong></span> <span class='ocrx_word' id='word_1_595' title='bbox 1602 4477 1739 4531; x_wconf 88' lang='grc' dir='ltr'>θεῖοι</span> <span class='ocrx_word' id='word_1_596' title='bbox 1784 4480 1960 4533; x_wconf 80' lang='grc' dir='ltr'>Πατέ-</span> 
     </span>
    </p>
   </div>
   <div class='ocr_carea' id='block_1_78' title="bbox 384 4563 1960 4639">
    <p class='ocr_par' dir='ltr' id='par_1_78' title="bbox 384 4563 1960 4639">
     <span class='ocr_line' id='line_1_78' title="bbox 384 4563 1960 4639; baseline 0.005 -24"><span class='ocrx_word' id='word_1_597' title='bbox 384 4581 475 4634; x_wconf 82' lang='grc' dir='ltr'><strong>ρες</strong></span> <span class='ocrx_word' id='word_1_598' title='bbox 499 4563 710 4627; x_wconf 82' lang='grc' dir='ltr'>τούτοις</span> <span class='ocrx_word' id='word_1_599' title='bbox 738 4565 1030 4618; x_wconf 79' lang='grc' dir='ltr'>ἀπέδωκαν</span> <span class='ocrx_word' id='word_1_600' title='bbox 1056 4566 1232 4633; x_wconf 77' lang='grc' dir='ltr'>τάξιν,</span> <span class='ocrx_word' id='word_1_601' title='bbox 1261 4567 1443 4635; x_wconf 87' lang='grc' dir='ltr'>τίθησι</span> <span class='ocrx_word' id='word_1_602' title='bbox 1472 4569 1567 4622; x_wconf 72' lang='grc' dir='ltr'>καὶ</span> <span class='ocrx_word' id='word_1_603' title='bbox 1597 4568 1732 4621; x_wconf 79' lang='grc' dir='ltr'>πολὺ</span> <span class='ocrx_word' id='word_1_604' title='bbox 1759 4569 1960 4639; x_wconf 84' lang='grc' dir='ltr'>μᾶλλον</span> 
     </span>
    </p>
   </div>
   <div class='ocr_carea' id='block_1_79' title="bbox 382 4655 1962 4730">
    <p class='ocr_par' dir='ltr' id='par_1_79' title="bbox 382 4655 1962 4730">
     <span class='ocr_line' id='line_1_79' title="bbox 382 4655 1962 4730; baseline 0.003 -22"><span class='ocrx_word' id='word_1_605' title='bbox 382 4655 414 4725; x_wconf 81' lang='grc' dir='ltr'>ὴ</span> <span class='ocrx_word' id='word_1_606' title='bbox 467 4657 773 4724; x_wconf 79' lang='grc' dir='ltr'>κατάφασις</span> <span class='ocrx_word' id='word_1_607' title='bbox 822 4655 920 4727; x_wconf 74' lang='grc' dir='ltr'><strong>τὴν</strong></span> <span class='ocrx_word' id='word_1_608' title='bbox 956 4657 1296 4725; x_wconf 82' lang='grc' dir='ltr'>κατάφασιν.</span> <span class='ocrx_word' id='word_1_609' title='bbox 1343 4658 1465 4711; x_wconf 84' lang='grc' dir='ltr'>ἰ’ῶν</span> <span class='ocrx_word' id='word_1_610' title='bbox 1513 4658 1624 4730; x_wconf 82' lang='grc' dir='ltr'><strong>γὰρ</strong></span> <span class='ocrx_word' id='word_1_611' title='bbox 1672 4660 1749 4730; x_wconf 84' lang='grc' dir='ltr'><strong>τῷ</strong></span> <span class='ocrx_word' id='word_1_612' title='bbox 1785 4662 1962 4730; x_wconf 75' lang='grc' dir='ltr'>Πατρὶ</span> 
     </span>
    </p>
   </div>
   <div class='ocr_carea' id='block_1_80' title="bbox 383 4747 1958 4823">
    <p class='ocr_par' dir='ltr' id='par_1_80' title="bbox 383 4747 1958 4823">
     <span class='ocr_line' id='line_1_80' title="bbox 383 4747 1958 4823; baseline 0.004 -23"><span class='ocrx_word' id='word_1_613' title='bbox 383 4747 694 4817; x_wconf 74' lang='grc' dir='ltr'>προσόντων</span> <span class='ocrx_word' id='word_1_614' title='bbox 734 4748 827 4801; x_wconf 73' lang='grc' dir='ltr'>καὶ</span> <span class='ocrx_word' id='word_1_615' title='bbox 855 4748 946 4802; x_wconf 76' lang='grc' dir='ltr'>τὸν</span> <span class='ocrx_word' id='word_1_616' title='bbox 970 4749 1097 4800; x_wconf 66' lang='grc' dir='ltr'><strong>Υἱὶν</strong></span> <span class='ocrx_word' id='word_1_617' title='bbox 1121 4749 1200 4801; x_wconf 85' lang='grc' dir='ltr'><strong>δεῖ</strong></span> <span class='ocrx_word' id='word_1_618' title='bbox 1225 4753 1527 4816; x_wconf 83' lang='grc' dir='ltr'>κοινωνεῖν,</span> <span class='ocrx_word' id='word_1_619' title='bbox 1557 4752 1626 4806; x_wconf 85' lang='grc' dir='ltr'><strong>ἂν</strong></span> <span class='ocrx_word' id='word_1_620' title='bbox 1660 4754 1733 4823; x_wconf 84' lang='grc' dir='ltr'>μή</span> <span class='ocrx_word' id='word_1_621' title='bbox 1767 4771 1820 4805; x_wconf 86' lang='grc' dir='ltr'><strong>τι</strong></span> <span class='ocrx_word' id='word_1_622' title='bbox 1851 4771 1958 4806; x_wconf 76' lang='grc' dir='ltr'>κωο</span> 
     </span>
    </p>
   </div>
   <div class='ocr_carea' id='block_1_81' title="bbox 382 4838 1961 4915">
    <p class='ocr_par' dir='ltr' id='par_1_81' title="bbox 382 4838 1961 4915">
     <span class='ocr_line' id='line_1_81' title="bbox 382 4838 1961 4915; baseline 0.005 -23"><span class='ocrx_word' id='word_1_623' title='bbox 382 4838 486 4912; x_wconf 79' lang='grc' dir='ltr'><strong>λύῃ</strong></span> <span class='ocrx_word' id='word_1_624' title='bbox 509 4857 524 4871; x_wconf 76' lang='grc' dir='ltr'><strong><em>ο</em></strong></span> <span class='ocrx_word' id='word_1_625' title='bbox 560 4841 653 4894; x_wconf 73' lang='grc' dir='ltr'>καὶ</span> <span class='ocrx_word' id='word_1_626' title='bbox 690 4842 750 4894; x_wconf 80' lang='grc' dir='ltr'>τὸ</span> <span class='ocrx_word' id='word_1_627' title='bbox 780 4840 868 4895; x_wconf 84' lang='grc' dir='ltr'><strong>διά</strong></span> <span class='ocrx_word' id='word_1_628' title='bbox 895 4858 1043 4906; x_wconf 86' lang='grc' dir='ltr'>τινος</span> <span class='ocrx_word' id='word_1_629' title='bbox 1083 4842 1147 4895; x_wconf 75' lang='grc' dir='ltr'>ἐκ</span> <span class='ocrx_word' id='word_1_630' title='bbox 1173 4859 1316 4906; x_wconf 90' lang='grc' dir='ltr'>τινος</span> <span class='ocrx_word' id='word_1_631' title='bbox 1351 4845 1630 4909; x_wconf 78' lang='grc' dir='ltr'>οὺσιωδῶς</span> <span class='ocrx_word' id='word_1_632' title='bbox 1665 4848 1856 4915; x_wconf 77' lang='grc' dir='ltr'>προϊὸν</span> <span class='ocrx_word' id='word_1_633' title='bbox 1880 4849 1961 4900; x_wconf 85' lang='grc' dir='ltr'><strong>αἰ-</strong></span> 
     </span>
    </p>
   </div>
   <div class='ocr_carea' id='block_1_82' title="bbox 381 4932 1961 5011">
    <p class='ocr_par' dir='ltr' id='par_1_82' title="bbox 381 4932 1961 5011">
     <span class='ocr_line' id='line_1_82' title="bbox 381 4932 1961 5011; baseline 0.006 -27"><span class='ocrx_word' id='word_1_634' title='bbox 381 4934 503 4985; x_wconf 83' lang='grc' dir='ltr'>τίαν</span> <span class='ocrx_word' id='word_1_635' title='bbox 529 4932 645 5003; x_wconf 76' lang='grc' dir='ltr'>ἐχει</span> <span class='ocrx_word' id='word_1_636' title='bbox 679 4935 774 4987; x_wconf 75' lang='grc' dir='ltr'>καὶ</span> <span class='ocrx_word' id='word_1_637' title='bbox 801 4934 862 4987; x_wconf 80' lang='grc' dir='ltr'>τὸ</span> <span class='ocrx_word' id='word_1_638' title='bbox 907 4934 977 4988; x_wconf 85' lang='grc' dir='ltr'><strong>δι’</strong></span> <span class='ocrx_word' id='word_1_639' title='bbox 1002 4934 1062 4988; x_wconf 78' lang='grc' dir='ltr'><strong>οὗ</strong></span> <span class='ocrx_word' id='word_1_640' title='bbox 1101 4937 1352 5007; x_wconf 86' lang='grc' dir='ltr'>πρόεισι·</span> <span class='ocrx_word' id='word_1_641' title='bbox 1386 4938 1640 5009; x_wconf 86' lang='grc' dir='ltr'>καθάπερ</span> <span class='ocrx_word' id='word_1_642' title='bbox 1671 4941 1831 5004; x_wconf 78' lang='grc' dir='ltr'>εἴτις</span> <span class='ocrx_word' id='word_1_643' title='bbox 1861 4940 1961 5011; x_wconf 74' lang='grc' dir='ltr'><strong>τὴν</strong></span> 
     </span>
    </p>
   </div>
   <div class='ocr_carea' id='block_1_83' title="bbox 383 5025 1962 5100">
    <p class='ocr_par' dir='ltr' id='par_1_83' title="bbox 383 5025 1962 5100">
     <span class='ocr_line' id='line_1_83' title="bbox 383 5025 1962 5100; baseline 0.006 -23"><span class='ocrx_word' id='word_1_644' title='bbox 383 5025 596 5097; x_wconf 71' lang='grc' dir='ltr'>θέρμην</span> <span class='ocrx_word' id='word_1_645' title='bbox 628 5029 692 5080; x_wconf 83' lang='grc' dir='ltr'>ἐκ</span> <span class='ocrx_word' id='word_1_646' title='bbox 723 5026 818 5079; x_wconf 78' lang='grc' dir='ltr'>τοῦ</span> <span class='ocrx_word' id='word_1_647' title='bbox 863 5026 1017 5097; x_wconf 76' lang='grc' dir='ltr'>ἡλίου</span> <span class='ocrx_word' id='word_1_648' title='bbox 1061 5029 1430 5100; x_wconf 86' lang='grc' dir='ltr'>προέρχεσθαι</span> <span class='ocrx_word' id='word_1_649' title='bbox 1483 5031 1654 5099; x_wconf 82' lang='grc' dir='ltr'>λέγοι,</span> <span class='ocrx_word' id='word_1_650' title='bbox 1683 5033 1744 5084; x_wconf 75' lang='grc' dir='ltr'><strong>τὸ</strong></span> <span class='ocrx_word' id='word_1_651' title='bbox 1771 5034 1866 5086; x_wconf 75' lang='grc' dir='ltr'><strong>καὶ</strong></span> <span class='ocrx_word' id='word_1_652' title='bbox 1899 5035 1962 5087; x_wconf 84' lang='grc' dir='ltr'>ὲκ</span> 
     </span>
    </p>
   </div>
   <div class='ocr_carea' id='block_1_84' title="bbox 383 5119 1964 5193">
    <p class='ocr_par' dir='ltr' id='par_1_84' title="bbox 383 5119 1964 5193">
     <span class='ocr_line' id='line_1_84' title="bbox 383 5119 1964 5193; baseline 0.004 -20"><span class='ocrx_word' id='word_1_653' title='bbox 383 5121 481 5190; x_wconf 81' lang='grc' dir='ltr'>τῆς</span> <span class='ocrx_word' id='word_1_654' title='bbox 519 5120 738 5182; x_wconf 81' lang='grc' dir='ltr'>ἀκτῖνος</span> <span class='ocrx_word' id='word_1_655' title='bbox 770 5119 1021 5187; x_wconf 82' lang='grc' dir='ltr'>προϊέναι</span> <span class='ocrx_word' id='word_1_656' title='bbox 1079 5120 1252 5190; x_wconf 79' lang='grc' dir='ltr'>αὐτὴν</span> <span class='ocrx_word' id='word_1_657' title='bbox 1285 5120 1410 5174; x_wconf 72' lang='grc' dir='ltr'>οὔτε</span> <span class='ocrx_word' id='word_1_658' title='bbox 1450 5121 1664 5193; x_wconf 85' lang='grc' dir='ltr'>τίθησιν</span> <span class='ocrx_word' id='word_1_659' title='bbox 1690 5121 1802 5179; x_wconf 68' lang='grc' dir='ltr'>οὔτ’</span> <span class='ocrx_word' id='word_1_660' title='bbox 1830 5127 1964 5180; x_wconf 86' lang='grc' dir='ltr'>ἀνα-</span> 
     </span>
    </p>
   </div>
   <div class='ocr_carea' id='block_1_85' title="bbox 383 5208 1966 5288">
    <p class='ocr_par' dir='ltr' id='par_1_85' title="bbox 383 5208 1966 5288">
     <span class='ocr_line' id='line_1_85' title="bbox 383 5208 1966 5288; baseline 0.006 -26"><span class='ocrx_word' id='word_1_661' title='bbox 383 5211 578 5282; x_wconf 84' lang='grc' dir='ltr'>τρέπει</span> <span class='ocrx_word' id='word_1_662' title='bbox 599 5226 614 5241; x_wconf 86' lang='grc'><strong>·</strong></span> <span class='ocrx_word' id='word_1_663' title='bbox 638 5208 832 5263; x_wconf 72' lang='grc' dir='ltr'>οὔκουν</span> <span class='ocrx_word' id='word_1_664' title='bbox 861 5210 925 5263; x_wconf 75' lang='grc' dir='ltr'><strong>ἔκ</strong></span> <span class='ocrx_word' id='word_1_665' title='bbox 954 5227 1017 5279; x_wconf 91' lang='grc' dir='ltr'><strong>γε</strong></span> <span class='ocrx_word' id='word_1_666' title='bbox 1047 5210 1142 5264; x_wconf 83' lang='grc' dir='ltr'>τοῦ</span> <span class='ocrx_word' id='word_1_667' title='bbox 1170 5212 1333 5280; x_wconf 87' lang='grc' dir='ltr'>λόγου</span> <span class='ocrx_word' id='word_1_668' title='bbox 1363 5230 1376 5243; x_wconf 91' lang='grc'><strong>·</strong></span> <span class='ocrx_word' id='word_1_669' title='bbox 1410 5216 1586 5270; x_wconf 82' lang='grc' dir='ltr'>καίτοι</span> <span class='ocrx_word' id='word_1_670' title='bbox 1611 5217 1793 5288; x_wconf 81' lang='grc' dir='ltr'>τίθησι</span> <span class='ocrx_word' id='word_1_671' title='bbox 1827 5219 1966 5286; x_wconf 79' lang='grc' dir='ltr'>μᾶλ-</span> 
     </span>
    </p>
   </div>
   <div class='ocr_carea' id='block_1_86' title="bbox 386 5301 1969 5377">
    <p class='ocr_par' dir='ltr' id='par_1_86' title="bbox 386 5301 1969 5377">
     <span class='ocr_line' id='line_1_86' title="bbox 386 5301 1969 5377; baseline 0.006 -23"><span class='ocrx_word' id='word_1_672' title='bbox 386 5303 499 5368; x_wconf 89' lang='grc' dir='ltr'>λον,</span> <span class='ocrx_word' id='word_1_673' title='bbox 531 5301 599 5356; x_wconf 79' lang='grc' dir='ltr'><strong>ἄν</strong></span> <span class='ocrx_word' id='word_1_674' title='bbox 635 5317 720 5364; x_wconf 91' lang='grc' dir='ltr'><strong>τις</strong></span> <span class='ocrx_word' id='word_1_675' title='bbox 748 5301 840 5358; x_wconf 80' lang='grc' dir='ltr'>τὸν</span> <span class='ocrx_word' id='word_1_676' title='bbox 869 5301 969 5372; x_wconf 84' lang='grc' dir='ltr'>τῆς</span> <span class='ocrx_word' id='word_1_677' title='bbox 1011 5303 1241 5373; x_wconf 82' lang='grc' dir='ltr'>προόδου</span> <span class='ocrx_word' id='word_1_678' title='bbox 1283 5307 1486 5374; x_wconf 82' lang='grc' dir='ltr'>τρόπον</span> <span class='ocrx_word' id='word_1_679' title='bbox 1535 5308 1826 5377; x_wconf 80' lang='grc' dir='ltr'>λογίζοιτο,</span> <span class='ocrx_word' id='word_1_680' title='bbox 1873 5311 1969 5364; x_wconf 76' lang='grc' dir='ltr'>καὶ</span> 
     </span>
    </p>
   </div>
   <div class='ocr_carea' id='block_1_87' title="bbox 387 5391 1969 5471">
    <p class='ocr_par' dir='ltr' id='par_1_87' title="bbox 387 5391 1969 5471">
     <span class='ocr_line' id='line_1_87' title="bbox 387 5391 1969 5471; baseline 0.005 -25"><span class='ocrx_word' id='word_1_681' title='bbox 387 5394 449 5446; x_wconf 76' lang='grc' dir='ltr'><strong>τὸ</strong></span> <span class='ocrx_word' id='word_1_682' title='bbox 481 5391 768 5463; x_wconf 78' lang='grc' dir='ltr'>μεσιτεῦον</span> <span class='ocrx_word' id='word_1_683' title='bbox 797 5392 866 5464; x_wconf 76' lang='grc' dir='ltr'><strong>ἦν</strong></span> <span class='ocrx_word' id='word_1_684' title='bbox 895 5411 1018 5448; x_wconf 87' lang='grc' dir='ltr'>τινα</span> <span class='ocrx_word' id='word_1_685' title='bbox 1042 5395 1199 5468; x_wconf 79' lang='grc' dir='ltr'>τάξιν</span> <span class='ocrx_word' id='word_1_686' title='bbox 1222 5396 1358 5467; x_wconf 83' lang='grc' dir='ltr'>πρὸς</span> <span class='ocrx_word' id='word_1_687' title='bbox 1385 5399 1648 5470; x_wconf 74' lang='grc' dir='ltr'>ἑκάτερον</span> <span class='ocrx_word' id='word_1_688' title='bbox 1671 5400 1784 5471; x_wconf 75' lang='grc' dir='ltr'>ἔχει</span> <span class='ocrx_word' id='word_1_689' title='bbox 1805 5418 1819 5432; x_wconf 80' lang='grc' dir='ltr'><strong>ο</strong></span> <span class='ocrx_word' id='word_1_690' title='bbox 1845 5403 1969 5455; x_wconf 88' lang='grc' dir='ltr'>τότε</span> 
     </span>
    </p>
   </div>
   <div class='ocr_carea' id='block_1_88' title="bbox 388 5485 1976 5563">
    <p class='ocr_par' dir='ltr' id='par_1_88' title="bbox 388 5485 1976 5563">
     <span class='ocr_line' id='line_1_88' title="bbox 388 5485 1976 5563; baseline 0.006 -25"><span class='ocrx_word' id='word_1_691' title='bbox 388 5490 499 5558; x_wconf 72' lang='grc' dir='ltr'><strong>γὰρ</strong></span> <span class='ocrx_word' id='word_1_692' title='bbox 531 5487 592 5539; x_wconf 79' lang='grc' dir='ltr'>τὸ</span> <span class='ocrx_word' id='word_1_693' title='bbox 619 5485 709 5540; x_wconf 72' lang='grc' dir='ltr'>διὰ</span> <span class='ocrx_word' id='word_1_694' title='bbox 741 5486 840 5556; x_wconf 76' lang='grc' dir='ltr'>τῆς</span> <span class='ocrx_word' id='word_1_695' title='bbox 871 5489 1089 5552; x_wconf 84' lang='grc' dir='ltr'>ἀκτῖνος</span> <span class='ocrx_word' id='word_1_696' title='bbox 1136 5491 1384 5558; x_wconf 82' lang='grc' dir='ltr'>φυσικῶς</span> <span class='ocrx_word' id='word_1_697' title='bbox 1432 5493 1620 5563; x_wconf 73' lang='grc' dir='ltr'>προϊὸν</span> <span class='ocrx_word' id='word_1_698' title='bbox 1664 5495 1759 5547; x_wconf 74' lang='grc' dir='ltr'>καὶ</span> <span class='ocrx_word' id='word_1_699' title='bbox 1789 5493 1850 5559; x_wconf 77' lang='grc' dir='ltr'>ἐξ</span> <span class='ocrx_word' id='word_1_700' title='bbox 1879 5495 1976 5548; x_wconf 87' lang='grc' dir='ltr'><strong>αὐ-</strong></span> 
     </span>
    </p>
   </div>
   <div class='ocr_carea' id='block_1_89' title="bbox 392 5581 1974 5656">
    <p class='ocr_par' dir='ltr' id='par_1_89' title="bbox 392 5581 1974 5656">
     <span class='ocr_line' id='line_1_89' title="bbox 392 5581 1974 5656; baseline 0.004 -22"><span class='ocrx_word' id='word_1_701' title='bbox 392 5583 492 5651; x_wconf 75' lang='grc' dir='ltr'>τῆς</span> <span class='ocrx_word' id='word_1_702' title='bbox 537 5581 614 5643; x_wconf 83' lang='grc' dir='ltr'>ὡς</span> <span class='ocrx_word' id='word_1_703' title='bbox 663 5581 729 5635; x_wconf 81' lang='grc' dir='ltr'>ὲκ</span> <span class='ocrx_word' id='word_1_704' title='bbox 779 5581 1087 5653; x_wconf 81' lang='grc' dir='ltr'>προσεχοῦς</span> <span class='ocrx_word' id='word_1_705' title='bbox 1141 5585 1323 5648; x_wconf 83' lang='grc' dir='ltr'>αἰτίας</span> <span class='ocrx_word' id='word_1_706' title='bbox 1357 5586 1724 5656; x_wconf 80' lang='grc' dir='ltr'>προέρχεσθαι</span> <span class='ocrx_word' id='word_1_707' title='bbox 1756 5589 1974 5651; x_wconf 86' lang='grc' dir='ltr'>πάντως</span> 
     </span>
    </p>
   </div>
   <div class='ocr_carea' id='block_1_90' title="bbox 392 5672 1972 5746">
    <p class='ocr_par' dir='ltr' id='par_1_90' title="bbox 392 5672 1972 5746">
     <span class='ocr_line' id='line_1_90' title="bbox 392 5672 1972 5746; baseline 0.004 -20"><span class='ocrx_word' id='word_1_708' title='bbox 392 5675 508 5743; x_wconf 72' lang='grc' dir='ltr'>ἐρεῖ</span> <span class='ocrx_word' id='word_1_709' title='bbox 529 5690 545 5704; x_wconf 81' lang='grc'><em>’</em></span> <span class='ocrx_word' id='word_1_710' title='bbox 573 5673 710 5737; x_wconf 81' lang='grc' dir='ltr'>τέως</span> <span class='ocrx_word' id='word_1_711' title='bbox 743 5672 799 5726; x_wconf 64' lang='grc' dir='ltr'>δὲ</span> <span class='ocrx_word' id='word_1_712' title='bbox 835 5673 928 5727; x_wconf 88' lang='grc' dir='ltr'><strong>τδν</strong></span> <span class='ocrx_word' id='word_1_713' title='bbox 964 5673 1123 5742; x_wconf 83' lang='grc' dir='ltr'>λόγον</span> <span class='ocrx_word' id='word_1_714' title='bbox 1173 5675 1336 5746; x_wconf 82' lang='grc' dir='ltr'>μόνον</span> <span class='ocrx_word' id='word_1_715' title='bbox 1368 5678 1722 5743; x_wconf 78' lang='grc' dir='ltr'>σκοποῦντες,</span> <span class='ocrx_word' id='word_1_716' title='bbox 1755 5679 1972 5732; x_wconf 78' lang='grc' dir='ltr'>οὐδέτεο</span> 
     </span>
    </p>
   </div>
   <div class='ocr_carea' id='block_1_91' title="bbox 396 5766 1974 5845">
    <p class='ocr_par' dir='ltr' id='par_1_91' title="bbox 396 5766 1974 5845">
     <span class='ocr_line' id='line_1_91' title="bbox 396 5766 1974 5845; baseline 0.004 -23"><span class='ocrx_word' id='word_1_717' title='bbox 396 5783 490 5840; x_wconf 88' lang='grc' dir='ltr'><strong>ρον</strong></span> <span class='ocrx_word' id='word_1_718' title='bbox 526 5766 586 5835; x_wconf 71' lang='grc' dir='ltr'>ἐξ</span> <span class='ocrx_word' id='word_1_719' title='bbox 619 5766 866 5837; x_wconf 84' lang='grc' dir='ltr'>ἀνάγκης</span> <span class='ocrx_word' id='word_1_720' title='bbox 901 5766 1340 5838; x_wconf 80' lang='grc' dir='ltr'>ἀποφαινόμεθα.</span> <span class='ocrx_word' id='word_1_721' title='bbox 1378 5767 1506 5845; x_wconf 73' lang='lat' dir='ltr'><strong>&#39;Ap‘</strong></span> <span class='ocrx_word' id='word_1_722' title='bbox 1535 5770 1628 5827; x_wconf 81' lang='grc' dir='ltr'>οὖν</span> <span class='ocrx_word' id='word_1_723' title='bbox 1659 5771 1803 5828; x_wconf 69' lang='grc' dir='ltr'>οὕτω</span> <span class='ocrx_word' id='word_1_724' title='bbox 1834 5773 1974 5828; x_wconf 73' lang='grc' dir='ltr'><strong>κάπὶ</strong></span> 
     </span>
    </p>
   </div>
   <div class='ocr_carea' id='block_1_92' title="bbox 717 5861 1332 5924">
    <p class='ocr_par' dir='ltr' id='par_1_92' title="bbox 717 5861 1332 5924">
     <span class='ocr_line' id='line_1_92' title="bbox 717 5861 1332 5924; baseline -0.002 0"><span class='ocrx_word' id='word_1_725' title='bbox 717 5861 988 5924; x_wconf 81' lang='grc' dir='ltr'>ΡΑτιιοι..</span> <span class='ocrx_word' id='word_1_726' title='bbox 1030 5861 1147 5921; x_wconf 79' lang='lat' dir='ltr'><strong>Gn.</strong></span> <span class='ocrx_word' id='word_1_727' title='bbox 1175 5861 1332 5923; x_wconf 84' lang='lat' dir='ltr'><strong>CLX</strong></span> 
     </span>
    </p>
   </div>
   <div class='ocr_carea' id='block_1_93' title="bbox 2054 3270 3640 3353">
    <p class='ocr_par' dir='ltr' id='par_1_93' title="bbox 2054 3270 3640 3353">
     <span class='ocr_line' id='line_1_93' title="bbox 2054 3270 3640 3353; baseline -0.005 -15"><span class='ocrx_word' id='word_1_728' title='bbox 2054 3293 2159 3338; x_wconf 90' lang='lat' dir='ltr'><strong>tem</strong></span> <span class='ocrx_word' id='word_1_729' title='bbox 2187 3287 2452 3353; x_wconf 84' lang='lat' dir='ltr'><strong>agendum</strong></span> <span class='ocrx_word' id='word_1_730' title='bbox 2470 3285 2636 3339; x_wconf 85' lang='lat' dir='ltr'><strong>estde</strong></span> <span class='ocrx_word' id='word_1_731' title='bbox 2663 3284 3046 3339; x_wconf 83' lang='lat' dir='ltr'><strong>coavenieutia</strong></span> <span class='ocrx_word' id='word_1_732' title='bbox 3074 3283 3472 3337; x_wconf 80' lang='lat' dir='ltr'><strong>sententiarum</strong></span> <span class='ocrx_word' id='word_1_733' title='bbox 3494 3270 3640 3334; x_wconf 67' lang='lat' dir='ltr'><strong>Scri-</strong></span> 
     </span>
    </p>
   </div>
   <div class='ocr_carea' id='block_1_94' title="bbox 2054 3372 3637 3443">
    <p class='ocr_par' dir='ltr' id='par_1_94' title="bbox 2054 3372 3637 3443">
     <span class='ocr_line' id='line_1_94' title="bbox 2054 3372 3637 3443; baseline -0.004 -16"><span class='ocrx_word' id='word_1_734' title='bbox 2054 3381 2249 3443; x_wconf 70' lang='lat' dir='ltr'><strong>pturm,</strong></span> <span class='ocrx_word' id='word_1_735' title='bbox 2285 3375 2483 3428; x_wconf 86' lang='lat' dir='ltr'><strong>etenim</strong></span> <span class='ocrx_word' id='word_1_736' title='bbox 2531 3389 2619 3428; x_wconf 86' lang='lat' dir='ltr'><strong>res</strong></span> <span class='ocrx_word' id='word_1_737' title='bbox 2651 3375 2722 3427; x_wconf 89' lang='lat' dir='ltr'><strong>ita</strong></span> <span class='ocrx_word' id='word_1_738' title='bbox 2752 3390 2809 3427; x_wconf 91' lang='lat' dir='ltr'><strong>se</strong></span> <span class='ocrx_word' id='word_1_739' title='bbox 2839 3373 3000 3428; x_wconf 87' lang='lat' dir='ltr'><strong>habet</strong></span> <span class='ocrx_word' id='word_1_740' title='bbox 3030 3391 3042 3424; x_wconf 91' lang='lat'><strong>:</strong></span> <span class='ocrx_word' id='word_1_741' title='bbox 3079 3372 3342 3442; x_wconf 79' lang='lat' dir='ltr'><strong>Spiritum</strong></span> <span class='ocrx_word' id='word_1_742' title='bbox 3387 3378 3637 3428; x_wconf 85' lang='lat' dir='ltr'><strong>sanetum</strong></span> 
     </span>
    </p>
   </div>
   <div class='ocr_carea' id='block_1_95' title="bbox 2055 3461 3644 3533">
    <p class='ocr_par' dir='ltr' id='par_1_95' title="bbox 2055 3461 3644 3533">
     <span class='ocr_line' id='line_1_95' title="bbox 2055 3461 3644 3533; baseline -0.004 -14"><span class='ocrx_word' id='word_1_743' title='bbox 2055 3479 2121 3519; x_wconf 77' lang='lat' dir='ltr'><strong>ex</strong></span> <span class='ocrx_word' id='word_1_744' title='bbox 2148 3463 2308 3518; x_wconf 86' lang='lat' dir='ltr'><strong>Patre</strong></span> <span class='ocrx_word' id='word_1_745' title='bbox 2334 3465 2652 3533; x_wconf 84' lang='lat' dir='ltr'><strong>procedere,</strong></span> <span class='ocrx_word' id='word_1_746' title='bbox 2673 3473 2907 3517; x_wconf 86' lang='lat' dir='ltr'><strong>testatur</strong></span> <span class='ocrx_word' id='word_1_747' title='bbox 2937 3463 3225 3517; x_wconf 81' lang='lat' dir='ltr'><strong>manifeste</strong></span> <span class='ocrx_word' id='word_1_748' title='bbox 3249 3461 3556 3527; x_wconf 70' lang='lat' dir='ltr'><strong>Scriptura,</strong></span> <span class='ocrx_word' id='word_1_749' title='bbox 3591 3479 3601 3506; x_wconf 88' lang='grc'><strong>‹</strong></span> <span class='ocrx_word' id='word_1_750' title='bbox 3625 3469 3644 3512; x_wconf 85' lang='grc' dir='ltr'><strong>ι</strong></span> 
     </span>
    </p>
   </div>
   <div class='ocr_carea' id='block_1_96' title="bbox 2056 3551 3642 3623">
    <p class='ocr_par' dir='ltr' id='par_1_96' title="bbox 2056 3551 3642 3623">
     <span class='ocr_line' id='line_1_96' title="bbox 2056 3551 3642 3623; baseline -0.005 -12"><span class='ocrx_word' id='word_1_751' title='bbox 2056 3558 2420 3612; x_wconf 89' lang='lat' dir='ltr'><strong>connnunitcr</strong></span> <span class='ocrx_word' id='word_1_752' title='bbox 2469 3573 2660 3612; x_wconf 90' lang='lat' dir='ltr'><strong>omnes</strong></span> <span class='ocrx_word' id='word_1_753' title='bbox 2714 3555 2949 3610; x_wconf 83' lang='lat' dir='ltr'><strong>fatemur</strong></span> <span class='ocrx_word' id='word_1_754' title='bbox 2983 3597 2997 3621; x_wconf 97' lang='lat'><strong>,</strong></span> <span class='ocrx_word' id='word_1_755' title='bbox 3052 3570 3156 3610; x_wconf 88' lang='lat' dir='ltr'><strong>nec</strong></span> <span class='ocrx_word' id='word_1_756' title='bbox 3213 3554 3387 3623; x_wconf 78' lang='lat' dir='ltr'><strong>magis</strong></span> <span class='ocrx_word' id='word_1_757' title='bbox 3433 3551 3642 3606; x_wconf 71' lang='lat' dir='ltr'><strong>Grtecis</strong></span> 
     </span>
    </p>
   </div>
   <div class='ocr_carea' id='block_1_97' title="bbox 2058 3643 3648 3717">
    <p class='ocr_par' dir='ltr' id='par_1_97' title="bbox 2058 3643 3648 3717">
     <span class='ocr_line' id='line_1_97' title="bbox 2058 3643 3648 3717; baseline -0.008 -15"><span class='ocrx_word' id='word_1_758' title='bbox 2058 3665 2220 3717; x_wconf 91' lang='lat' dir='ltr'><strong>quam</strong></span> <span class='ocrx_word' id='word_1_759' title='bbox 2253 3649 2460 3703; x_wconf 87' lang='lat' dir='ltr'><strong>Latinis</strong></span> <span class='ocrx_word' id='word_1_760' title='bbox 2500 3649 2552 3702; x_wconf 90' lang='lat' dir='ltr'><strong>id</strong></span> <span class='ocrx_word' id='word_1_761' title='bbox 2589 3649 2750 3708; x_wconf 83' lang='lat' dir='ltr'><strong>favet.</strong></span> <span class='ocrx_word' id='word_1_762' title='bbox 2789 3663 2889 3702; x_wconf 90' lang='lat' dir='ltr'><strong>nec</strong></span> <span class='ocrx_word' id='word_1_763' title='bbox 2918 3648 3154 3702; x_wconf 77' lang='lat' dir='ltr'><strong>Solvitur</strong></span> <span class='ocrx_word' id='word_1_764' title='bbox 3209 3660 3312 3714; x_wconf 89' lang='lat' dir='ltr'><strong>per</strong></span> <span class='ocrx_word' id='word_1_765' title='bbox 3355 3646 3456 3697; x_wconf 90' lang='lat' dir='ltr'><strong>hoc</strong></span> <span class='ocrx_word' id='word_1_766' title='bbox 3487 3643 3648 3696; x_wconf 81' lang='lat' dir='ltr'><strong>dubi.</strong></span> 
     </span>
    </p>
   </div>
   <div class='ocr_carea' id='block_1_98' title="bbox 2060 3737 3645 3809">
    <p class='ocr_par' dir='ltr' id='par_1_98' title="bbox 2060 3737 3645 3809">
     <span class='ocr_line' id='line_1_98' title="bbox 2060 3737 3645 3809; baseline -0.005 -15"><span class='ocrx_word' id='word_1_767' title='bbox 2060 3740 2212 3795; x_wconf 88' lang='lat' dir='ltr'><strong>talio.</strong></span> <span class='ocrx_word' id='word_1_768' title='bbox 2247 3740 2357 3795; x_wconf 91' lang='lat' dir='ltr'><strong>lloc</strong></span> <span class='ocrx_word' id='word_1_769' title='bbox 2387 3740 2532 3795; x_wconf 88' lang='lat' dir='ltr'><strong>enim</strong></span> <span class='ocrx_word' id='word_1_770' title='bbox 2568 3739 2767 3809; x_wconf 87' lang='lat' dir='ltr'><strong>posito,</strong></span> <span class='ocrx_word' id='word_1_771' title='bbox 2815 3753 2992 3807; x_wconf 68' lang='lat' dir='ltr'><strong>neque</strong></span> <span class='ocrx_word' id='word_1_772' title='bbox 3025 3737 3398 3791; x_wconf 88' lang='lat' dir='ltr'><strong>necessarium</strong></span> <span class='ocrx_word' id='word_1_773' title='bbox 3467 3748 3645 3802; x_wconf 83' lang='lat' dir='ltr'><strong>neque</strong></span> 
     </span>
    </p>
   </div>
   <div class='ocr_carea' id='block_1_99' title="bbox 2061 3826 3640 3899">
    <p class='ocr_par' dir='ltr' id='par_1_99' title="bbox 2061 3826 3640 3899">
     <span class='ocr_line' id='line_1_99' title="bbox 2061 3826 3640 3899; baseline -0.005 -15"><span class='ocrx_word' id='word_1_774' title='bbox 2061 3829 2401 3899; x_wconf 83' lang='lat' dir='ltr'><strong>impossibile</strong></span> <span class='ocrx_word' id='word_1_775' title='bbox 2431 3839 2536 3895; x_wconf 87' lang='lat' dir='ltr'><strong>est,</strong></span> <span class='ocrx_word' id='word_1_776' title='bbox 2561 3829 2725 3883; x_wconf 70' lang='lat' dir='ltr'><strong>etiam</strong></span> <span class='ocrx_word' id='word_1_777' title='bbox 2759 3844 2825 3886; x_wconf 69' lang='lat' dir='ltr'><strong>ex</strong></span> <span class='ocrx_word' id='word_1_778' title='bbox 2859 3829 2996 3883; x_wconf 87' lang='lat' dir='ltr'><strong>Filio</strong></span> <span class='ocrx_word' id='word_1_779' title='bbox 3026 3829 3320 3899; x_wconf 82' lang='lat' dir='ltr'><strong>procedere</strong></span> <span class='ocrx_word' id='word_1_780' title='bbox 3351 3826 3640 3894; x_wconf 68' lang='lat' dir='ltr'><strong>Spiritum,</strong></span> 
     </span>
    </p>
   </div>
   <div class='ocr_carea' id='block_1_100' title="bbox 2062 3919 3642 3989">
    <p class='ocr_par' dir='ltr' id='par_1_100' title="bbox 2062 3919 3642 3989">
     <span class='ocr_line' id='line_1_100' title="bbox 2062 3919 3642 3989; baseline -0.003 -14"><span class='ocrx_word' id='word_1_781' title='bbox 2062 3935 2186 3975; x_wconf 91' lang='lat' dir='ltr'><strong>eum</strong></span> <span class='ocrx_word' id='word_1_782' title='bbox 2233 3921 2348 3974; x_wconf 63' lang='lat' dir='ltr'><strong>haec</strong></span> <span class='ocrx_word' id='word_1_783' title='bbox 2387 3921 2680 3976; x_wconf 79' lang='lat' dir='ltr'><strong>afﬁrmatio</strong></span> <span class='ocrx_word' id='word_1_784' title='bbox 2718 3936 2817 3975; x_wconf 86' lang='lat' dir='ltr'><strong>nec</strong></span> <span class='ocrx_word' id='word_1_785' title='bbox 2864 3929 3029 3989; x_wconf 85' lang='lat' dir='ltr'><strong>ponat</strong></span> <span class='ocrx_word' id='word_1_786' title='bbox 3087 3935 3186 3974; x_wconf 90' lang='lat' dir='ltr'><strong>nec</strong></span> <span class='ocrx_word' id='word_1_787' title='bbox 3223 3919 3378 3974; x_wconf 85' lang='lat' dir='ltr'><strong>tollat</strong></span> <span class='ocrx_word' id='word_1_788' title='bbox 3417 3919 3642 3971; x_wconf 86' lang='lat' dir='ltr'><strong>alteram</strong></span> 
     </span>
    </p>
   </div>
   <div class='ocr_carea' id='block_1_101' title="bbox 2063 4012 3650 4083">
    <p class='ocr_par' dir='ltr' id='par_1_101' title="bbox 2063 4012 3650 4083">
     <span class='ocr_line' id='line_1_101' title="bbox 2063 4012 3650 4083; baseline -0.003 -17"><span class='ocrx_word' id='word_1_789' title='bbox 2063 4013 2508 4078; x_wconf 82' lang='lat' dir='ltr'><strong>afﬁrmationetn,</strong></span> <span class='ocrx_word' id='word_1_790' title='bbox 2543 4013 2638 4068; x_wconf 81' lang='lat' dir='ltr'><strong>sed</strong></span> <span class='ocrx_word' id='word_1_791' title='bbox 2672 4012 2933 4083; x_wconf 87' lang='lat' dir='ltr'><strong>possibile</strong></span> <span class='ocrx_word' id='word_1_792' title='bbox 2962 4013 3033 4066; x_wconf 87' lang='lat' dir='ltr'><strong>sit</strong></span> <span class='ocrx_word' id='word_1_793' title='bbox 3060 4027 3124 4066; x_wconf 79' lang='lat' dir='ltr'><strong>ex</strong></span> <span class='ocrx_word' id='word_1_794' title='bbox 3163 4012 3209 4062; x_wconf 75' lang='lat' dir='ltr'><strong>vi</strong></span> <span class='ocrx_word' id='word_1_795' title='bbox 3248 4012 3410 4080; x_wconf 84' lang='lat' dir='ltr'><strong>hujus</strong></span> <span class='ocrx_word' id='word_1_796' title='bbox 3453 4023 3650 4076; x_wconf 66' lang='lat' dir='ltr'><strong>propo-</strong></span> 
     </span>
    </p>
   </div>
   <div class='ocr_carea' id='block_1_102' title="bbox 2065 4100 3650 4176">
    <p class='ocr_par' dir='ltr' id='par_1_102' title="bbox 2065 4100 3650 4176">
     <span class='ocr_line' id='line_1_102' title="bbox 2065 4100 3650 4176; baseline -0.005 -14"><span class='ocrx_word' id='word_1_797' title='bbox 2065 4108 2282 4162; x_wconf 87' lang='lat' dir='ltr'><strong>sitionis</strong></span> <span class='ocrx_word' id='word_1_798' title='bbox 2343 4107 2636 4176; x_wconf 82' lang='lat' dir='ltr'><strong>procedere</strong></span> <span class='ocrx_word' id='word_1_799' title='bbox 2671 4115 2764 4160; x_wconf 90' lang='lat' dir='ltr'><strong>aut</strong></span> <span class='ocrx_word' id='word_1_800' title='bbox 2801 4121 2906 4159; x_wconf 90' lang='lat' dir='ltr'><strong>non</strong></span> <span class='ocrx_word' id='word_1_801' title='bbox 2949 4105 3241 4174; x_wconf 85' lang='lat' dir='ltr'><strong>procedere</strong></span> <span class='ocrx_word' id='word_1_802' title='bbox 3268 4119 3333 4156; x_wconf 77' lang='lat' dir='ltr'><strong>ex</strong></span> <span class='ocrx_word' id='word_1_803' title='bbox 3374 4100 3548 4167; x_wconf 74' lang='lat' dir='ltr'><strong>Filio;</strong></span> <span class='ocrx_word' id='word_1_804' title='bbox 3591 4110 3650 4154; x_wconf 85' lang='lat' dir='ltr'><strong>ut</strong></span> 
     </span>
    </p>
   </div>
   <div class='ocr_carea' id='block_1_103' title="bbox 2065 4192 3655 4267">
    <p class='ocr_par' dir='ltr' id='par_1_103' title="bbox 2065 4192 3655 4267">
     <span class='ocr_line' id='line_1_103' title="bbox 2065 4192 3655 4267; baseline -0.003 -18"><span class='ocrx_word' id='word_1_805' title='bbox 2065 4199 2156 4267; x_wconf 89' lang='lat' dir='ltr'><strong>qui</strong></span> <span class='ocrx_word' id='word_1_806' title='bbox 2197 4198 2331 4252; x_wconf 81' lang='lat' dir='ltr'><strong>dicit</strong></span> <span class='ocrx_word' id='word_1_807' title='bbox 2371 4198 2649 4254; x_wconf 89' lang='lat' dir='ltr'><strong>hominem</strong></span> <span class='ocrx_word' id='word_1_808' title='bbox 2678 4212 2799 4251; x_wconf 88' lang='lat' dir='ltr'><strong>esse</strong></span> <span class='ocrx_word' id='word_1_809' title='bbox 2830 4195 3054 4260; x_wconf 85' lang='lat' dir='ltr'><strong>animal,</strong></span> <span class='ocrx_word' id='word_1_810' title='bbox 3092 4210 3191 4248; x_wconf 89' lang='lat' dir='ltr'><strong>nec</strong></span> <span class='ocrx_word' id='word_1_811' title='bbox 3223 4194 3448 4248; x_wconf 78' lang='lat' dir='ltr'><strong>rationis</strong></span> <span class='ocrx_word' id='word_1_812' title='bbox 3482 4192 3655 4262; x_wconf 88' lang='lat' dir='ltr'><strong>parti-</strong></span> 
     </span>
    </p>
   </div>
   <div class='ocr_carea' id='block_1_104' title="bbox 2069 4285 3649 4362">
    <p class='ocr_par' dir='ltr' id='par_1_104' title="bbox 2069 4285 3649 4362">
     <span class='ocr_line' id='line_1_104' title="bbox 2069 4285 3649 4362; baseline -0.005 -16"><span class='ocrx_word' id='word_1_813' title='bbox 2069 4293 2244 4362; x_wconf 87' lang='lat' dir='ltr'><strong>cipem</strong></span> <span class='ocrx_word' id='word_1_814' title='bbox 2293 4291 2444 4346; x_wconf 88' lang='lat' dir='ltr'><strong>illum</strong></span> <span class='ocrx_word' id='word_1_815' title='bbox 2499 4288 2808 4344; x_wconf 83' lang='lat' dir='ltr'><strong>necessario</strong></span> <span class='ocrx_word' id='word_1_816' title='bbox 2855 4286 3074 4344; x_wconf 86' lang='lat' dir='ltr'><strong>asserit,</strong></span> <span class='ocrx_word' id='word_1_817' title='bbox 3129 4300 3305 4354; x_wconf 88' lang='lat' dir='ltr'><strong>neque</strong></span> <span class='ocrx_word' id='word_1_818' title='bbox 3361 4285 3412 4338; x_wconf 88' lang='lat' dir='ltr'><strong>id</strong></span> <span class='ocrx_word' id='word_1_819' title='bbox 3467 4294 3649 4354; x_wconf 78' lang='lat' dir='ltr'><strong>negat.</strong></span> 
     </span>
    </p>
   </div>
   <div class='ocr_carea' id='block_1_105' title="bbox 2067 4376 3651 4452">
    <p class='ocr_par' dir='ltr' id='par_1_105' title="bbox 2067 4376 3651 4452">
     <span class='ocr_line' id='line_1_105' title="bbox 2067 4376 3651 4452; baseline -0.003 -16"><span class='ocrx_word' id='word_1_820' title='bbox 2067 4384 2391 4452; x_wconf 81' lang='lat' dir='ltr'><strong>Quanquam</strong></span> <span class='ocrx_word' id='word_1_821' title='bbox 2425 4383 2469 4436; x_wconf 87' lang='lat' dir='ltr'><strong>si</strong></span> <span class='ocrx_word' id='word_1_822' title='bbox 2505 4383 2724 4434; x_wconf 86' lang='lat' dir='ltr'><strong>modum</strong></span> <span class='ocrx_word' id='word_1_823' title='bbox 2771 4377 3144 4444; x_wconf 84' lang='lat' dir='ltr'><strong>processiouis</strong></span> <span class='ocrx_word' id='word_1_824' title='bbox 3179 4376 3488 4430; x_wconf 88' lang='lat' dir='ltr'><strong>divinarum</strong></span> <span class='ocrx_word' id='word_1_825' title='bbox 3524 4392 3651 4443; x_wconf 85' lang='lat' dir='ltr'><strong>per-</strong></span> 
     </span>
    </p>
   </div>
   <div class='ocr_carea' id='block_1_106' title="bbox 2069 4450 3652 4540">
    <p class='ocr_par' dir='ltr' id='par_1_106' title="bbox 2069 4450 3652 4540">
     <span class='ocr_line' id='line_1_106' title="bbox 2069 4450 3652 4540; baseline -0.006 -10"><span class='ocrx_word' id='word_1_826' title='bbox 2069 4450 2330 4532; x_wconf 67' lang='lat' dir='ltr'><strong>sonarum</strong></span> <span class='ocrx_word' id='word_1_827' title='bbox 2360 4482 2692 4540; x_wconf 80' lang='lat' dir='ltr'><strong>spectemus,</strong></span> <span class='ocrx_word' id='word_1_828' title='bbox 2724 4471 3086 4536; x_wconf 85' lang='lat' dir='ltr'><strong>ordinemque</strong></span> <span class='ocrx_word' id='word_1_829' title='bbox 3123 4468 3229 4522; x_wconf 86' lang='lat' dir='ltr'><strong>illis</strong></span> <span class='ocrx_word' id='word_1_830' title='bbox 3255 4469 3594 4536; x_wconf 80' lang='lat' dir='ltr'><strong>assignatum</strong></span> <span class='ocrx_word' id='word_1_831' title='bbox 3626 4486 3652 4520; x_wconf 75' lang='grc' dir='ltr'>ει</span> 
     </span>
    </p>
   </div>
   <div class='ocr_carea' id='block_1_107' title="bbox 2069 4557 3654 4626">
    <p class='ocr_par' dir='ltr' id='par_1_107' title="bbox 2069 4557 3654 4626">
     <span class='ocr_line' id='line_1_107' title="bbox 2069 4557 3654 4626; baseline -0.008 -6"><span class='ocrx_word' id='word_1_832' title='bbox 2069 4566 2276 4620; x_wconf 87' lang='lat' dir='ltr'><strong>sanetis</strong></span> <span class='ocrx_word' id='word_1_833' title='bbox 2315 4563 2590 4624; x_wconf 83' lang='lat' dir='ltr'><strong>Patribus,</strong></span> <span class='ocrx_word' id='word_1_834' title='bbox 2627 4561 2800 4616; x_wconf 90' lang='lat' dir='ltr'><strong>multo</strong></span> <span class='ocrx_word' id='word_1_835' title='bbox 2838 4559 3009 4626; x_wconf 75' lang='lat' dir='ltr'><strong>magis</strong></span> <span class='ocrx_word' id='word_1_836' title='bbox 3036 4557 3332 4611; x_wconf 68' lang='lat' dir='ltr'><strong>afﬁrmatio</strong></span> <span class='ocrx_word' id='word_1_837' title='bbox 3370 4557 3525 4625; x_wconf 85' lang='lat' dir='ltr'><strong>ponit</strong></span> <span class='ocrx_word' id='word_1_838' title='bbox 3566 4557 3654 4610; x_wconf 83' lang='lat' dir='ltr'><strong>af-</strong></span> 
     </span>
    </p>
   </div>
   <div class='ocr_carea' id='block_1_108' title="bbox 2070 4646 3652 4718">
    <p class='ocr_par' dir='ltr' id='par_1_108' title="bbox 2070 4646 3652 4718">
     <span class='ocr_line' id='line_1_108' title="bbox 2070 4646 3652 4718; baseline -0.007 -7"><span class='ocrx_word' id='word_1_839' title='bbox 2070 4658 2433 4712; x_wconf 82' lang='lat' dir='ltr'><strong>ﬁrmationem</strong></span> <span class='ocrx_word' id='word_1_840' title='bbox 2488 4670 2501 4706; x_wconf 89' lang='lat'><strong>:</strong></span> <span class='ocrx_word' id='word_1_841' title='bbox 2545 4668 2669 4706; x_wconf 89' lang='lat' dir='ltr'><strong>nam</strong></span> <span class='ocrx_word' id='word_1_842' title='bbox 2703 4666 2766 4705; x_wconf 88' lang='lat' dir='ltr'><strong>ea</strong></span> <span class='ocrx_word' id='word_1_843' title='bbox 2795 4666 2914 4718; x_wconf 75' lang='lat' dir='ltr'><strong>quze</strong></span> <span class='ocrx_word' id='word_1_844' title='bbox 2946 4646 3104 4700; x_wconf 80' lang='lat' dir='ltr'><strong>Pater</strong></span> <span class='ocrx_word' id='word_1_845' title='bbox 3135 4646 3317 4709; x_wconf 87' lang='lat' dir='ltr'><strong>habet,</strong></span> <span class='ocrx_word' id='word_1_846' title='bbox 3357 4647 3468 4698; x_wconf 90' lang='lat' dir='ltr'><strong>sint</strong></span> <span class='ocrx_word' id='word_1_847' title='bbox 3493 4646 3652 4700; x_wconf 87' lang='lat' dir='ltr'><strong>etiam</strong></span> 
     </span>
    </p>
   </div>
   <div class='ocr_carea' id='block_1_109' title="bbox 2068 4736 3651 4808">
    <p class='ocr_par' dir='ltr' id='par_1_109' title="bbox 2068 4736 3651 4808">
     <span class='ocr_line' id='line_1_109' title="bbox 2068 4736 3651 4808; baseline -0.009 -4"><span class='ocrx_word' id='word_1_848' title='bbox 2068 4749 2207 4804; x_wconf 81' lang='lat' dir='ltr'><strong>Filio</strong></span> <span class='ocrx_word' id='word_1_849' title='bbox 2241 4745 2556 4803; x_wconf 89' lang='lat' dir='ltr'><strong>communia</strong></span> <span class='ocrx_word' id='word_1_850' title='bbox 2594 4757 2822 4799; x_wconf 82' lang='lat' dir='ltr'><strong>necesse</strong></span> <span class='ocrx_word' id='word_1_851' title='bbox 2856 4750 2968 4808; x_wconf 89' lang='lat' dir='ltr'><strong>est,</strong></span> <span class='ocrx_word' id='word_1_852' title='bbox 3022 4737 3126 4792; x_wconf 91' lang='lat' dir='ltr'><strong>nisi</strong></span> <span class='ocrx_word' id='word_1_853' title='bbox 3177 4736 3382 4805; x_wconf 86' lang='lat' dir='ltr'><strong>aliquid</strong></span> <span class='ocrx_word' id='word_1_854' title='bbox 3422 4736 3604 4790; x_wconf 85' lang='lat' dir='ltr'><strong>obstet</strong></span> <span class='ocrx_word' id='word_1_855' title='bbox 3637 4753 3651 4791; x_wconf 92' lang='lat'><strong>:</strong></span> 
     </span>
    </p>
   </div>
   <div class='ocr_carea' id='block_1_110' title="bbox 2067 4830 3656 4910">
    <p class='ocr_par' dir='ltr' id='par_1_110' title="bbox 2067 4830 3656 4910">
     <span class='ocr_line' id='line_1_110' title="bbox 2067 4830 3656 4910; baseline -0.009 -14"><span class='ocrx_word' id='word_1_856' title='bbox 2067 4851 2118 4896; x_wconf 89' lang='lat' dir='ltr'><strong>et</strong></span> <span class='ocrx_word' id='word_1_857' title='bbox 2164 4840 2308 4910; x_wconf 91' lang='lat' dir='ltr'><strong>quod</strong></span> <span class='ocrx_word' id='word_1_858' title='bbox 2351 4855 2413 4894; x_wconf 78' lang='lat' dir='ltr'><strong>cx</strong></span> <span class='ocrx_word' id='word_1_859' title='bbox 2473 4839 2658 4908; x_wconf 87' lang='lat' dir='ltr'><strong>aliquo</strong></span> <span class='ocrx_word' id='word_1_860' title='bbox 2708 4849 2804 4905; x_wconf 83' lang='lat' dir='ltr'><strong>per</strong></span> <span class='ocrx_word' id='word_1_861' title='bbox 2851 4831 3055 4902; x_wconf 80' lang='lat' dir='ltr'><strong>aliquid</strong></span> <span class='ocrx_word' id='word_1_862' title='bbox 3105 4830 3474 4885; x_wconf 86' lang='lat' dir='ltr'><strong>essentialiter</strong></span> <span class='ocrx_word' id='word_1_863' title='bbox 3533 4843 3656 4896; x_wconf 88' lang='lat' dir='ltr'><strong>pro-</strong></span> 
     </span>
    </p>
   </div>
   <div class='ocr_carea' id='block_1_111' title="bbox 2069 4919 3654 4998">
    <p class='ocr_par' dir='ltr' id='par_1_111' title="bbox 2069 4919 3654 4998">
     <span class='ocr_line' id='line_1_111' title="bbox 2069 4919 3654 4998; baseline -0.011 -8"><span class='ocrx_word' id='word_1_864' title='bbox 2069 4937 2184 4998; x_wconf 85' lang='lat' dir='ltr'><strong>dit,</strong></span> <span class='ocrx_word' id='word_1_865' title='bbox 2240 4948 2460 4990; x_wconf 83' lang='lat' dir='ltr'><strong>causam</strong></span> <span class='ocrx_word' id='word_1_866' title='bbox 2505 4932 2667 4985; x_wconf 80' lang='lat' dir='ltr'><strong>habet</strong></span> <span class='ocrx_word' id='word_1_867' title='bbox 2708 4926 2839 4985; x_wconf 88' lang='lat' dir='ltr'><strong>illud</strong></span> <span class='ocrx_word' id='word_1_868' title='bbox 2900 4925 3062 4978; x_wconf 90' lang='lat' dir='ltr'><strong>etiam</strong></span> <span class='ocrx_word' id='word_1_869' title='bbox 3115 4937 3212 4993; x_wconf 88' lang='lat' dir='ltr'><strong>per</strong></span> <span class='ocrx_word' id='word_1_870' title='bbox 3262 4921 3405 4990; x_wconf 89' lang='lat' dir='ltr'><strong>quod</strong></span> <span class='ocrx_word' id='word_1_871' title='bbox 3457 4919 3654 4987; x_wconf 85' lang='lat' dir='ltr'><strong>prodit,</strong></span> 
     </span>
    </p>
   </div>
   <div class='ocr_carea' id='block_1_112' title="bbox 2068 5013 3659 5095">
    <p class='ocr_par' dir='ltr' id='par_1_112' title="bbox 2068 5013 3659 5095">
     <span class='ocr_line' id='line_1_112' title="bbox 2068 5013 3659 5095; baseline -0.013 -10"><span class='ocrx_word' id='word_1_872' title='bbox 2068 5039 2127 5085; x_wconf 89' lang='lat' dir='ltr'><strong>ut</strong></span> <span class='ocrx_word' id='word_1_873' title='bbox 2160 5027 2205 5082; x_wconf 91' lang='lat' dir='ltr'><strong>si</strong></span> <span class='ocrx_word' id='word_1_874' title='bbox 2243 5027 2366 5095; x_wconf 82' lang='lat' dir='ltr'><strong>quis</strong></span> <span class='ocrx_word' id='word_1_875' title='bbox 2417 5023 2651 5078; x_wconf 82' lang='lat' dir='ltr'><strong>calorem</strong></span> <span class='ocrx_word' id='word_1_876' title='bbox 2701 5035 2731 5075; x_wconf 92' lang='lat' dir='ltr'><strong>e</strong></span> <span class='ocrx_word' id='word_1_877' title='bbox 2784 5019 2898 5072; x_wconf 88' lang='lat' dir='ltr'><strong>sole</strong></span> <span class='ocrx_word' id='word_1_878' title='bbox 2954 5016 3098 5070; x_wconf 83' lang='lat' dir='ltr'><strong>dicat</strong></span> <span class='ocrx_word' id='word_1_879' title='bbox 3135 5013 3288 5077; x_wconf 88' lang='lat' dir='ltr'><strong>oriri,</strong></span> <span class='ocrx_word' id='word_1_880' title='bbox 3325 5013 3476 5066; x_wconf 92' lang='lat' dir='ltr'><strong>illum</strong></span> <span class='ocrx_word' id='word_1_881' title='bbox 3508 5027 3538 5066; x_wconf 91' lang='lat' dir='ltr'><strong>e</strong></span> <span class='ocrx_word' id='word_1_882' title='bbox 3571 5027 3659 5065; x_wconf 88' lang='lat' dir='ltr'><strong>ra-</strong></span> 
     </span>
    </p>
   </div>
   <div class='ocr_carea' id='block_1_113' title="bbox 2073 5104 3654 5189">
    <p class='ocr_par' dir='ltr' id='par_1_113' title="bbox 2073 5104 3654 5189">
     <span class='ocr_line' id='line_1_113' title="bbox 2073 5104 3654 5189; baseline -0.011 -15"><span class='ocrx_word' id='word_1_883' title='bbox 2073 5122 2162 5175; x_wconf 85' lang='lat' dir='ltr'><strong>dio</strong></span> <span class='ocrx_word' id='word_1_884' title='bbox 2206 5131 2425 5189; x_wconf 88' lang='lat' dir='ltr'><strong>quoque</strong></span> <span class='ocrx_word' id='word_1_885' title='bbox 2478 5116 2608 5167; x_wconf 91' lang='lat' dir='ltr'><strong>oriri</strong></span> <span class='ocrx_word' id='word_1_886' title='bbox 2666 5126 2842 5181; x_wconf 89' lang='lat' dir='ltr'><strong>neque</strong></span> <span class='ocrx_word' id='word_1_887' title='bbox 2899 5108 2976 5162; x_wconf 88' lang='lat' dir='ltr'><strong>ait</strong></span> <span class='ocrx_word' id='word_1_888' title='bbox 3036 5121 3211 5175; x_wconf 85' lang='lat' dir='ltr'><strong>neque</strong></span> <span class='ocrx_word' id='word_1_889' title='bbox 3271 5114 3452 5174; x_wconf 77' lang='lat' dir='ltr'><strong>negat,</strong></span> <span class='ocrx_word' id='word_1_890' title='bbox 3507 5104 3654 5173; x_wconf 89' lang='lat' dir='ltr'><strong>quod</strong></span> 
     </span>
    </p>
   </div>
   <div class='ocr_carea' id='block_1_114' title="bbox 2073 5197 3660 5278">
    <p class='ocr_par' dir='ltr' id='par_1_114' title="bbox 2073 5197 3660 5278">
     <span class='ocr_line' id='line_1_114' title="bbox 2073 5197 3660 5278; baseline -0.013 -10"><span class='ocrx_word' id='word_1_891' title='bbox 2073 5211 2353 5268; x_wconf 81' lang='lat' dir='ltr'><strong>attinetad</strong></span> <span class='ocrx_word' id='word_1_892' title='bbox 2388 5209 2563 5278; x_wconf 89' lang='lat' dir='ltr'><strong>ipsam</strong></span> <span class='ocrx_word' id='word_1_893' title='bbox 2591 5205 3044 5276; x_wconf 87' lang='lat' dir='ltr'><strong>propositionem,</strong></span> <span class='ocrx_word' id='word_1_894' title='bbox 3079 5215 3394 5272; x_wconf 85' lang='lat' dir='ltr'><strong>quanquam</strong></span> <span class='ocrx_word' id='word_1_895' title='bbox 3429 5197 3660 5251; x_wconf 85' lang='lat' dir='ltr'><strong>aﬂirmat</strong></span> 
     </span>
    </p>
   </div>
   <div class='ocr_carea' id='block_1_115' title="bbox 2080 5291 3663 5376">
    <p class='ocr_par' dir='ltr' id='par_1_115' title="bbox 2080 5291 3663 5376">
     <span class='ocr_line' id='line_1_115' title="bbox 2080 5291 3663 5376; baseline -0.013 -16"><span class='ocrx_word' id='word_1_896' title='bbox 2080 5306 2280 5376; x_wconf 82' lang='lat' dir='ltr'><strong>magis,</strong></span> <span class='ocrx_word' id='word_1_897' title='bbox 2311 5304 2358 5357; x_wconf 88' lang='lat' dir='ltr'><strong>si</strong></span> <span class='ocrx_word' id='word_1_898' title='bbox 2396 5303 2522 5370; x_wconf 87' lang='lat' dir='ltr'><strong>quis</strong></span> <span class='ocrx_word' id='word_1_899' title='bbox 2573 5299 2797 5354; x_wconf 85' lang='lat' dir='ltr'><strong>modum</strong></span> <span class='ocrx_word' id='word_1_900' title='bbox 2835 5294 3216 5366; x_wconf 89' lang='lat' dir='ltr'><strong>productionis</strong></span> <span class='ocrx_word' id='word_1_901' title='bbox 3251 5291 3584 5354; x_wconf 85' lang='lat' dir='ltr'><strong>consideret,</strong></span> <span class='ocrx_word' id='word_1_902' title='bbox 3609 5299 3663 5342; x_wconf 87' lang='lat' dir='ltr'><strong>et</strong></span> 
     </span>
    </p>
   </div>
   <div class='ocr_carea' id='block_1_116' title="bbox 2079 5379 3660 5465">
    <p class='ocr_par' dir='ltr' id='par_1_116' title="bbox 2079 5379 3660 5465">
     <span class='ocr_line' id='line_1_116' title="bbox 2079 5379 3660 5465; baseline -0.015 -12"><span class='ocrx_word' id='word_1_903' title='bbox 2079 5398 2330 5453; x_wconf 88' lang='lat' dir='ltr'><strong>ordinem</strong></span> <span class='ocrx_word' id='word_1_904' title='bbox 2358 5409 2518 5465; x_wconf 90' lang='lat' dir='ltr'><strong>quem</strong></span> <span class='ocrx_word' id='word_1_905' title='bbox 2552 5392 2713 5445; x_wconf 90' lang='lat' dir='ltr'><strong>habet</strong></span> <span class='ocrx_word' id='word_1_906' title='bbox 2742 5389 2808 5444; x_wconf 88' lang='lat' dir='ltr'><strong>ad</strong></span> <span class='ocrx_word' id='word_1_907' title='bbox 2846 5399 3140 5457; x_wconf 89' lang='lat' dir='ltr'><strong>utrumque</strong></span> <span class='ocrx_word' id='word_1_908' title='bbox 3171 5400 3258 5440; x_wconf 88' lang='lat' dir='ltr'><strong>res</strong></span> <span class='ocrx_word' id='word_1_909' title='bbox 3299 5379 3660 5439; x_wconf 84' lang='lat' dir='ltr'><strong>iutermcdia;</strong></span> 
     </span>
    </p>
   </div>
   <div class='ocr_carea' id='block_1_117' title="bbox 2077 5473 3664 5558">
    <p class='ocr_par' dir='ltr' id='par_1_117' title="bbox 2077 5473 3664 5558">
     <span class='ocr_line' id='line_1_117' title="bbox 2077 5473 3664 5558; baseline -0.014 -11"><span class='ocrx_word' id='word_1_910' title='bbox 2077 5502 2210 5548; x_wconf 90' lang='lat' dir='ltr'><strong>tunc</strong></span> <span class='ocrx_word' id='word_1_911' title='bbox 2244 5491 2389 5545; x_wconf 89' lang='lat' dir='ltr'><strong>enim</strong></span> <span class='ocrx_word' id='word_1_912' title='bbox 2419 5489 2575 5558; x_wconf 90' lang='lat' dir='ltr'><strong>plane</strong></span> <span class='ocrx_word' id='word_1_913' title='bbox 2604 5502 2710 5541; x_wconf 90' lang='lat' dir='ltr'><strong>non</strong></span> <span class='ocrx_word' id='word_1_914' title='bbox 2742 5484 2962 5553; x_wconf 80' lang='lat' dir='ltr'><strong>negabit</strong></span> <span class='ocrx_word' id='word_1_915' title='bbox 2990 5498 3054 5536; x_wconf 77' lang='lat' dir='ltr'><strong>ex</strong></span> <span class='ocrx_word' id='word_1_916' title='bbox 3083 5484 3202 5550; x_wconf 87' lang='lat' dir='ltr'><strong>ipso</strong></span> <span class='ocrx_word' id='word_1_917' title='bbox 3233 5480 3391 5532; x_wconf 82' lang='lat' dir='ltr'><strong>etiam</strong></span> <span class='ocrx_word' id='word_1_918' title='bbox 3423 5473 3572 5528; x_wconf 87' lang='lat' dir='ltr'><strong>radio</strong></span> <span class='ocrx_word' id='word_1_919' title='bbox 3603 5482 3664 5525; x_wconf 87' lang='lat' dir='ltr'><strong>ut</strong></span> 
     </span>
    </p>
   </div>
   <div class='ocr_carea' id='block_1_118' title="bbox 2076 5572 3634 5656">
    <p class='ocr_par' dir='ltr' id='par_1_118' title="bbox 2076 5572 3634 5656">
     <span class='ocr_line' id='line_1_118' title="bbox 2076 5572 3634 5656; baseline -0.016 -17"><span class='ocrx_word' id='word_1_920' title='bbox 2076 5584 2325 5656; x_wconf 76' lang='lat' dir='ltr'><strong>proxima</strong></span> <span class='ocrx_word' id='word_1_921' title='bbox 2359 5580 2716 5656; x_wconf 38' lang='lat' dir='ltr'><strong>causaAoriri,</strong></span> <span class='ocrx_word' id='word_1_922' title='bbox 2752 5575 2896 5646; x_wconf 81' lang='lat' dir='ltr'><strong>quod</strong></span> <span class='ocrx_word' id='word_1_923' title='bbox 2938 5589 3034 5644; x_wconf 89' lang='lat' dir='ltr'><strong>per</strong></span> <span class='ocrx_word' id='word_1_924' title='bbox 3066 5573 3215 5625; x_wconf 82' lang='lat' dir='ltr'><strong>illum</strong></span> <span class='ocrx_word' id='word_1_925' title='bbox 3252 5572 3471 5622; x_wconf 80' lang='lat' dir='ltr'><strong>emanat</strong></span> <span class='ocrx_word' id='word_1_926' title='bbox 3504 5572 3634 5616; x_wconf 87' lang='lat' dir='ltr'><strong>natu</strong></span> 
     </span>
    </p>
   </div>
   <div class='ocr_carea' id='block_1_119' title="bbox 2080 5647 3639 5734">
    <p class='ocr_par' dir='ltr' id='par_1_119' title="bbox 2080 5647 3639 5734">
     <span class='ocr_line' id='line_1_119' title="bbox 2080 5647 3639 5734; baseline -0.016 -1"><span class='ocrx_word' id='word_1_927' title='bbox 2080 5647 2267 5734; x_wconf 65' lang='lat' dir='ltr'><strong>raliter</strong></span> <span class='ocrx_word' id='word_1_928' title='bbox 2303 5691 2318 5730; x_wconf 91' lang='lat'><strong>:</strong></span> <span class='ocrx_word' id='word_1_929' title='bbox 2349 5647 2564 5731; x_wconf 71' lang='lat' dir='ltr'><strong>interim</strong></span> <span class='ocrx_word' id='word_1_930' title='bbox 2606 5673 2658 5727; x_wconf 91' lang='lat' dir='ltr'><strong>id</strong></span> <span class='ocrx_word' id='word_1_931' title='bbox 2687 5671 2860 5726; x_wconf 88' lang='lat' dir='ltr'><strong>solum</strong></span> <span class='ocrx_word' id='word_1_932' title='bbox 2895 5665 3326 5724; x_wconf 83' lang='lat' dir='ltr'><strong>considerantes,</strong></span> <span class='ocrx_word' id='word_1_933' title='bbox 3363 5657 3508 5729; x_wconf 83' lang='lat' dir='ltr'><strong>quod</strong></span> <span class='ocrx_word' id='word_1_934' title='bbox 3541 5671 3639 5725; x_wconf 88' lang='lat' dir='ltr'><strong>pro</strong></span> 
     </span>
    </p>
   </div>
   <div class='ocr_carea' id='block_1_120' title="bbox 2081 5750 3660 5834">
    <p class='ocr_par' dir='ltr' id='par_1_120' title="bbox 2081 5750 3660 5834">
     <span class='ocr_line' id='line_1_120' title="bbox 2081 5750 3660 5834; baseline -0.016 -4"><span class='ocrx_word' id='word_1_935' title='bbox 2081 5772 2394 5830; x_wconf 82' lang='lat' dir='ltr'><strong>nuntiatum</strong></span> <span class='ocrx_word' id='word_1_936' title='bbox 2450 5776 2558 5834; x_wconf 90' lang='lat' dir='ltr'><strong>est,</strong></span> <span class='ocrx_word' id='word_1_937' title='bbox 2609 5773 2864 5822; x_wconf 89' lang='lat' dir='ltr'><strong>neutrum</strong></span> <span class='ocrx_word' id='word_1_938' title='bbox 2918 5757 3278 5828; x_wconf 80' lang='lat' dir='ltr'><strong>exprimimus</strong></span> <span class='ocrx_word' id='word_1_939' title='bbox 3324 5750 3660 5809; x_wconf 85' lang='lat' dir='ltr'><strong>necessario.</strong></span> 
     </span>
    </p>
   </div>
  </div>
