4170 6294
363 367 466 428 4‘33

1529 360 1813 422 ()RATlO
1855 357 1941 416 lli.

2051 355 2086 415 Ο
2119 354 2508 415 SYNODUM.
3044 399 3052 408 ,
3535 347 3633 408 4ίᾶ

371 486 712 550 σποδείξεσιν
755 483 814 538 ἓν
861 501 922 551 γε
970 485 1082 548 τοῖς
1130 483 1395 546 τοιούτοις
1435 480 1799 554 θαρροῦντας,
1832 476 1945 531 ἀλλ’

2053 471 2295 540 gloriolm.
2333 473 2620 540 cupiditas.
2667 470 2791 525 Scio
2830 485 2958 525 vero
2991 470 3153 524 etiam
3199 484 3317 531 vos,
3344 467 3538 530 Graeci,
3572 481 3638 518 ne

361 580 642 650 οἰομένους
683 577 854 640 αὐτὰς
897 576 1145 630 ὕποπτόν
1180 595 1232 628 τι
1259 575 1453 645 χρῆμα
1494 575 1589 626 καὶ
1631 571 1938 642 σφαλερόν·

365 671 544 742 πολλῷ
575 669 779 742 μᾶλλον
806 670 989 722 τοίνυν
1020 669 1134 731 τοῖς
1166 667 1234 720 δι’
1262 668 1529 720 ἀδυνάτου
1558 664 1944 732 συλλογισμοῖς

367 762 518 816 αὐτοί
542 779 600 814 τε
630 759 1080 830 εὐλαϐηθήσεσθε
1109 758 1371 830 χρῆσθαι,
1400 757 1495 815 καὶ
1527 755 1830 828 χρωμένων
1856 754 1945 808 ἄλ-

370 857 474 912 λων
505 853 826 921 φυλάξεσθε.
855 847 1020 910 Εἷεν.²

437 1117 512 1169 Οὐ
557 1115 739 1169 τοίνυν
789 1115 858 1169 τὰ
909 1116 1007 1185 μὲν
1053 1117 1151 1186 τῆς
1191 1114 1418 1185 Γραφῆς
1472 1113 1762 1184 ἀξιώματα
1819 1130 1947 1166 συν-

372 1208 566 1262 ἅπτειν
621 1207 872 1277 ἀλλήλοις
927 1207 1020 1260 καὶ
1073 1206 1458 1276 σνμδιόἀζειν,
1491 1206 1564 1268 ὡς
1609 1205 1674 1258 ἂν
1707 1203 1946 1276 μάλιστα

367 1300 754 1362 συνάπτοιντο,
786 1299 886 1363 δεῖ,
937 1297 1063 1362 τοὺς
1098 1296 1156 1350 δὲ
1189 1297 1396 1351 τούτων
1435 1294 1708 1366 ἐξηγητὰς
1757 1296 1815 1347 ἐν
1864 1290 1946 1356 οἷς

363 1394 534 1450 ταῦτά
587 1410 643 1444 τε
697 1391 1188 1452 διαλευκαίνοντες,
1254 1392 1349 1442 καὶ
1413 1389 1589 1451 ἄλλως
1655 1388 1784 1457 περὶ
1840 1387 1946 1439 τῶν

361 1485 620 1538 τοιούτων
679 1482 1074 1552 ἀγωνιζόμενοι
1129 1481 1370 1548 λέγουσι,
1425 1481 1656 1550 διαιρεῖν
1710 1479 1944 1540 ἀξιώσο-

362 1595 467 1647 μεν
494 1594 506 1608 ·
540 1576 674 1628 ἀλλὰ
708 1574 804 1628 καὶ
836 1573 1047 1636 τούτοις
1091 1573 1230 1640 μετὰ
1261 1573 1357 1640 τῆς
1393 1571 1516 1637 ἴσης
1561 1570 1772 1630 εὖνοίας
1811 1570 1948 1639 χρὴ·

361 1669 564 1724 σασθαι
593 1669 693 1730 δεῖ,
723 1668 818 1719 καὶ⁸
853 1665 1060 1738 μηδένα
1096 1666 1191 1735 τῆς
1216 1665 1578 1735 ὀφειλομένης
1611 1665 1776 1716 πᾶσιν
1806 1665 1947 1716 ἀπο-

360 1762 563 1816 κλείειν
607 1762 807 1825 αἰδοῦς.
861 1763 921 1813 Ei
954 1762 1063 1830 γὰρ
1106 1760 1233 1823 τοὺς
1290 1761 1388 1828 μὲν
1434 1759 1686 1828 στέργειν
1734 1759 1830 1812 καὶ
1864 1775 1946 1810 τι-

362 1857 475 1926 μᾷν
512 1852 890 1923 ψηφιούμεθα,
927 1855 1037 1913 τοῖς
1067 1854 1120 1904 δὲ
1151 1849 1262 1903 δεῖν
1293 1850 1614 1920 ἡγησόμεθα
1661 1851 1736 1920 μὴ
1773 1869 1944 1920 προσ-

357 1948 537 2019 έχειν,
579 1946 895 2014 νομίζοντες
940 1945 1140 2009 αὐτοὺς
1187 1944 1562 2015 διαφέρεσθαι,
1597 1943 1947 2012 πρῶτονμὲν

354 2041 483 2094 οὖδέ
518 2041 615 2107 τῆς
648 2040 774 2104 περὶ
821 2041 919 2100 τὰς
953 2037 1178 2106 Γραφὰς
1217 2036 1510 2096 εὐλαϐείας
1561 2035 1858 2088 ἀπολαύειν
1894 2053 1947 2086 τι

354 2127 731 2198 δυνησόμεθα,
763 2128 862 2198 τῆς
910 2127 969 2193 ἐξ
1013 2127 1244 2180 ἐκείνων
1302 2127 1738 2195 περιγενομένης
1793 2123 1948 2194 εἰρή-

356 2223 558 2292 νηςοέκ
599 2223 698 2290 τῆς
748 2220 1081 2290 φαινομένης
1131 2220 1245 2270 τῶν
1276 2218 1616 2272 διδασκάλων
1648 2217 1947 2284 διαφωνίας

359 2315 528 2368 πάλιν
561 2316 938 2383 συγχεομένης
969 2353 983 2378 ,
1023 2311 1116 2367 καὶ
1165 2311 1275 2364 τῶν
1329 2309 1540 2362 ἐκεῖθεν
1579 2306 1788 2378 μισθῶν
1818 2309 1948 2376 ἡμῖν

353 2407 450 2460 διά
493 2405 590 2477 τὴν
625 2407 768 2460 κατὰ
823 2404 932 2458 τῶν
989 2404 1162 2471 ἁγίων
1206 2401 1577 2472 συκοφαντίαν
1637 2400 1946 2468 ἀπολλυμέ-

357 2515 492 2560 νων,
527 2496 620 2558 οὓς
652 2497 799 2560 εἰκός
849 2498 966 2549 ἐστι
1003 2494 1101 2565 τὴν
1143 2493 1243 2562 τῆς
1283 2491 1545 2561 ἀληθείας
1588 2485 1731 2543 εἷναι
1779 2490 1947 2559 φανέ-

365 2607 554 2658 ρωσιν.
603 2590 838 2644 Ἔπειτα
865 2589 956 2642 καὶ
991 2589 1051 2640 τὸ
1085 2588 1259 2641 δεινὸν
1282 2585 1506 2638 διπλοῦν
1538 2586 1670 2656 ἡμῖν
1704 2585 1944 2658 ἀπαντᾷ

363 2684 396 2752 ἦ
434 2687 542 2750 γὰρ
581 2683 758 2746 ἐνίους
795 2682 976 2736 αὐτῶν
1036 2684 1132 2750 τῆς
1200 2680 1257 2732 ἐν
1310 2679 1562 2748 ἁγιότητι
1603 2679 1946 2749 στερήσομεν

363 2777 546 2846 δόξης,
583 2776 674 2830 ἵνα
727 2776 822 2830 καὶ
875 2777 951 2845 τῷ
1007 2773 1193 2845 ψεύδει
1237 2773 1570 2843 συγχωρήσῃ
1621 2788 1705 2832 τις
1751 2771 1948 2832 αὐτοὺς

364 2868 714 2934 ὑποκεῖσθαι,
751 2871 845 2922 καὶ
879 2866 1124 2929 δικαίους
1177 2864 1610 2936 πσρεωρᾶσθαι·
1665 2863 1698 2931 ἢ
1745 2863 1805 2914 τὸ
1849 2862 1948 2931 τῆς

362 2962 662 3030 διαφωνίας
701 2960 956 3029 ἔγκλημα
987 2961 1080 3011 καὶ
1115 2959 1341 3020 ἄκοντες
1391 2955 1487 3011 ἀπ’
1515 2956 1697 3010 αὐτῶν
1727 2955 1816 3007 ἐπὶ
1847 2955 1946 3016 τὰς

363 3055 590 3126 Γραφάς
645 3055 1068 3124 μεταστήσομεν
1126 3049 1314 3114 πάλιν,
1359 3049 1450 3100 καὶ
1509 3047 1568 3100 τὸ
1619 3045 1852 3116 Πνεῦμα
1885 3047 1948 3099 τὸ

366 3151 545 3219 ᾶγιον,
579 3145 639 3199 οὗ
674 3146 1036 3214 τυγχάνουσιν
1095 3141 1152 3193 αἱ
1209 3139 1421 3210 Γραφαί
1450 3158 1462 3171 ·
1523 3138 1811 3202 κάκείνους
1849 3137 1947 3208 μὲν

365 3243 544 3305 καλῶς
603 3243 901 3307 ἐπιστῆσαι
957 3238 1100 3292 πᾶσι
1163 3236 1261 3288 καὶ
1315 3234 1704 3304 νοονεχόντως,
1739 3231 1836 3302 τὴν
1893 3231 1949 3284 δέ

367 3333 592 3404 Γραφὴν
654 3332 752 3395 τὰς
805 3331 905 3399 τῆς
937 3329 1204 3401 διαφορᾶς
1245 3329 1426 3390 αἰτίας
1490 3327 1643 3394 σφίσι
1705 3325 1948 3395 προϐαλ-

365 3426 556 3478 λεσθαι
617 3422 935 3494 νομιοῦμεν.
989 3421 1133 3490 Πρὸς
1197 3420 1255 3473 δέ
1324 3419 1539 3481 τούτοις
1604 3418 1947 3488 σοφωτέρους

365 3521 515 3589 ἡμᾶς
588 3519 684 3570 καὶ
741 3515 1079 3584 ἁγιωτέρους
1151 3514 1378 3566 ἐκείκων
1444 3512 1692 3581 δείξομεν
1748 3511 1946 3575 ὂντας,

366 3612 525 3680 εἴπερ
554 3611 716 3680 ἡμεῖς
751 3609 849 3678 μὲν
889 3609 982 3661 καί¹
1013 3609 1079 3676 τῇ
1117 3606 1267 3673 παρὰ
1297 3605 1402 3657 τῶν
1436 3605 1672 3675 Γραφῶν
1711 3603 1946 3674 ἀληθείᾳ

366 3703 460 3754 καὶ
495 3703 608 3763 τοῖς
658 3699 838 3762 ἄλλοις
890 3697 999 3750 τῶν
1030 3695 1368 3751 διδασκάλων
1410 3693 1687 3764 δυνάμεθα
1722 3711 1950 3762 συμφωε

365 3795 500 3858 νεῖν,
533 3791 689 3846 αὐτοὶ
741 3790 795 3846 δὲ
845 3790 940 3842 καὶ
991 3789 1197 3841 τούτων
1250 3788 1574 3855 ἀμφοτέρων
1623 3784 1946 3854 διήμαρτοψ

365 3889 462 3942 καὶ
515 3884 840 3954 νενομίκασι
902 3882 1001 3953 μέν
1057 3881 1203 3948 ἅπερ
1244 3881 1345 3932 οὐκ
1396 3879 1528 3945 ἔδει,
1585 3878 1855 3931 ἀθάνατον
1892 3879 1948 3931 δὲ

367 3983 503 4054 πρὸς
535 3982 660 4041 τοὺς
711 3975 978 4045 ἀδελφοὺς
1024 3974 1391 4042 ἐνεστήσαντο
1439 3973 1698 4042 πόλεμον.
1733 3971 1950 4026 Μᾶλλον

365 4073 622 4131 δὲταῦτα
667 4071 766 4140 μὲν
812 4067 936 4121 οὔτε
991 4085 1074 4130 τις
1134 4067 1277 4135 ὑπὲρ
1336 4064 1493 4137 ἡμῶν
1543 4063 1789 4130 ἀξιώσει,
1835 4061 1949 4116 οὗθ’

365 4169 511 4239 ἡμᾶς
559 4165 702 4232 ὑπὲρ
740 4163 951 4216 ἑαυτῶν
1006 4159 1326 4230 λογίζεσθαι
1368 4161 1497 4229 χρή·
1533 4159 1670 4211 ἀλλὰ
1702 4157 1948 4227 δείξομεν

367 4257 589 4325 ἀληθῶς
646 4257 839 4325 ἀφυεῖς
892 4254 1044 4316 ὄντες
1107 4251 1289 4305 αὐτῶν
1342 4250 1600 4320 μαθηταὶ,
1645 4250 1738 4303 καὶ
1775 4253 1950 4305 πάντα

370 4351 572 4422 μᾶλλον
602 4345 634 4420 ἢ
672 4349 782 4410 τοῖς
816 4347 927 4398 τῶν
960 4343 1302 4398 διδασκάλων
1336 4341 1520 4409 λόγοις
1562 4342 1946 4410 προσέχοντες,

368 4443 526 4510 εἰπερ
556 4440 782 4492 ἐκείνων
814 4437 960 4497 ὅπως
995 4432 1258 4504 ἁρμόττει
1286 4434 1398 4494 τοῖς
1435 4432 1540 4484 ὑπὸ
1569 4432 1660 4485 τοῦ
1696 4433 1950 4498 Πνεῦμα-

2049 565 2610 622 tlcmonstratiouibus
2659 565 2879 634 quidem
2937 565 2988 618 in
3046 561 3423 633 hujuscemodi
3479 561 3636 613 rebus

2050 658 2346 723 conﬁdere,
2405 658 2498 710 sed
2552 657 2752 711 habere
2802 657 2921 710 illas
2979 665 3262 725 suspectas
3312 664 3365 707 et
3410 652 3634 722 periculi

2051 748 2275 818 plenas;
2315 749 2486 802 multo
2535 763 2663 818 ergo
2696 749 2868 816 magis
2901 747 3000 816 ipsi
3045 762 3072 799 a
3107 746 3436 818 syllogismis
3469 743 3635 797 dedu-

2050 839 2304 893 centibtts
2334 842 2399 892 ad
2436 839 2776 908 impossibile
2815 839 3122 909 refugietis,
3157 840 3224 891 ab
3254 838 3486 905 aliisque
3517 837 3640 890 illos

2049 931 2438 986 adhibentibus
2462 931 2748 987 carebitis.
2779 931 2971 986 Ethmc
2993 930 3215 1001 quidem
3244 926 3393 984 siese
3413 929 3638 981 habent.

2123 1106 2238 1163 Non
2279 1117 2442 1163 erunt
2467 1123 2628 1177 porro
2664 1106 2971 1176 Scriptum
3007 1105 3229 1174 quidem
3290 1105 3641 1174 pronuntiata

2053 1202 2402 1257 concilianda
2458 1203 2602 1257 inter
2645 1217 2723 1269 se,
2759 1212 2820 1257 ut
2861 1201 3099 1255 maxime
3149 1210 3366 1270 Oportet
3399 1217 3413 1258 :
3448 1215 3641 1255 eorum

2051 1309 2182 1350 vero
2211 1294 2559 1364 interpretes,
2602 1306 2695 1348 aut
2728 1294 2819 1348 ubi
2854 1309 2914 1346 ea
2967 1290 3296 1357 dilucidam,
3332 1300 3424 1345 aut
3478 1293 3641 1345 etiam

2051 1385 2143 1437 ubi
2169 1385 2234 1438 de
2259 1385 2366 1440 illis
2398 1386 2702 1454 dispntmt.
2723 1385 2778 1436 in
2804 1383 3090 1452 Oppositas
3123 1381 3422 1436 sententias
3446 1379 3644 1432 distra-

2053 1477 2218 1530 bvndi
2255 1493 2269 1535 :
2301 1477 2394 1531 sed
2428 1493 2524 1546 par
2559 1477 2611 1531 in
2647 1476 2767 1530 illos
2789 1490 3006 1544 quoque
3035 1474 3284 1529 navanda
3317 1471 3641 1528 benevolen—

2053 1567 2146 1632 tia,
2185 1567 2428 1636 nullique
2450 1567 2769 1638 deneganda
2823 1568 2913 1621 illa
2966 1565 3338 1630 observantia,
3379 1581 3501 1634 qua:
3528 1578 3644 1617 om-

2053 1646 2216 1714 nibus
2243 1661 2492 1714 debetur.
2527 1659 2659 1712 Nam
2693 1661 2735 1714 si
2776 1660 2875 1714 hos
2903 1660 3123 1730 quidem
3159 1658 3524 1727 recipiendos,
3564 1667 3644 1710 ot-

2052 1768 2160 1821 qne
2197 1753 2248 1806 in
2295 1753 2500 1805 bonore
2564 1753 2863 1814 habendos,
2913 1751 3053 1805 alios
3113 1765 3243 1805 vero
3301 1749 3646 1804 censebimus

1977 1857 2018 1911 η
2055 1844 2404 1913 reiicit-nilus,
2425 1853 2678 1913 putantes
2708 1844 2849 1896 inter
2873 1858 2931 1897 se
2957 1843 3079 1897 illos
3107 1857 3382 1913 pugnare;
3409 1843 3642 1910 primum

2055 1936 2273 2004 quidem
2305 1936 2436 1988 nibil
2467 1934 2571 1987 frui
2606 1935 2761 1986 nobis
2793 1934 2975 1988 licebit
2999 1933 3319 1998 reverentia,
3353 1947 3460 2001 qua
3493 1931 3640 1985 Scri-

2055 2037 2243 2096 pturas
2273 2030 2632 2091 bonoratnus,
2672 2027 3036 2080 interturbata
3081 2039 3270 2079 rursus
3300 2039 3435 2093 pace
3494 2022 3644 2077 Scri-

2053 2128 2357 2187 pturarum,
2392 2133 2553 2186 quam
2582 2117 2740 2173 nobis
2771 2117 2846 2170 illi
2868 2131 3148 2186 peperere,
3176 2130 3271 2186 per
3293 2122 3642 2184 apparentem

2053 2225 2285 2279 pugnam
2323 2209 2611 2264 doctorum
2647 2222 2736 2274 ;cl
2777 2220 3043 2280 pereunte
3074 2207 3230 2262 nobis
3285 2207 3537 2262 mercede
3570 2207 3645 2261 illi

2050 2308 2251 2370 debita,
2287 2321 2449 2376 quam
2474 2321 2572 2376 par
2588 2316 2674 2361 cst
2698 2322 2819 2362 esse
2839 2306 3086 2361 veritatis
3117 2305 3642 2368 manifestationcm,

2051 2401 2120 2455 ob
2149 2401 2482 2454 calumniam
2517 2400 2724 2456 sanctis
2759 2401 2989 2455 illatam.
3020 2400 3222 2454 Deinde
3257 2400 3460 2454 malum
3488 2400 3645 2454 nobis

2050 2496 2214 2563 duplo
2246 2496 2424 2567 majus
2457 2496 2548 2550 fiet
2577 2515 2590 2552 :
2620 2505 2709 2552 aut
2748 2497 2892 2550 cnim
2918 2495 3186 2566 quosdam
3214 2513 3276 2550 ex
3313 2496 3416 2550 illis
3448 2495 3649 2550 sancti-

2053 2585 2388 2660 tzttis'gloria
2422 2588 2793 2657 privabimns,
2835 2597 2895 2642 ut
2931 2587 3143 2658 possint
3203 2589 3310 2642 ilis
3363 2581 3646 2642 mendacia

2055 2682 2240 2745 tribui,
2274 2682 2468 2751 ctjure
2490 2681 2724 2735 debeant
2756 2682 3054 2745 contemni,
3084 2693 3178 2737 aut
3217 2697 3408 2735 rursus
3436 2681 3648 2736 discre-

2054 2773 2250 2841 pantia:
2282 2773 2490 2828 eritncn
2525 2774 2590 2826 ab
2614 2775 2693 2828 eis
2719 2775 2783 2828 ad
2818 2775 3130 2844 Scripturas
3163 2774 3241 2828 vel
3271 2774 3425 2828 inviti
3461 2785 3638 2828 trans-

2053 2862 2311 2928 feremus,
2343 2874 2395 2918 et
2421 2865 2647 2934 Spiritui
2689 2878 2879 2921 sancto
2903 2867 3265 2932 ascribemus,
3299 2884 3326 2921 a
3359 2885 3466 2938 quo
3494 2869 3645 2923 Scri-

2054 2970 2226 3026 ptura:
2258 2968 2549 3012 manarunt
2581 2977 2593 3016 ε
2631 2968 2684 3014 et
2714 2960 2836 3015 illos
2861 2961 3078 3029 quidem
3105 2962 3493 3018 arbitrabimur
3514 2980 3646 3019 exa-

2054 3049 2288 3104 minasse
2302 3052 2484 3105 omnia
2514 3062 2654 3106 recte
2675 3061 2837 3122 atque
2855 3053 3170 3123 prudenter,
3195 3054 3529 3125 Scripturam
3553 3073 3647 3112 ve-

2056 3159 2116 3195 ru
2142 3144 2248 3198 illis
2275 3144 2701 3200 dedissecansas
2752 3161 2962 3215 pagum.
3005 3146 3085 3200 Al
3144 3149 3257 3202 bare
3286 3149 3646 3214 sapientiores

2055 3249 2176 3294 nos.
2217 3236 2630 3303 sanctiore-sque
2691 3237 2797 3290 illis
2847 3241 3221 3302 ostendemus,
3280 3241 3325 3294 si
3358 3243 3642 3297 veritatem

2054 3324 2459 3395 Scripturarum
2493 3344 2593 3385 nos
2617 3329 2834 3397 quidem
2862 3334 3077 3400 assequi
3103 3345 3489 3401 possumns,et
3519 3352 3642 3390 cum

2052 3419 2177 3471 aliis
2229 3421 2546 3474 doctoribus
2621 3420 3000 3487 concordare;
3063 3425 3163 3493 ipsi
3209 3442 3340 3480 vero
3388 3439 3641 3482 neutrum

2052 3519 2179 3564 sunt
2215 3511 2470 3575 assecuti,
2523 3515 2795 3582 ctopinati
2821 3525 2949 3569 sunt
2975 3532 3095 3585 qua:
3118 3533 3224 3571 non
3254 3521 3559 3588 oportebat,
3591 3531 3646 3577 et

2053 3601 2252 3654 bellum
2288 3617 2411 3656 cum
2447 3603 2708 3659 fratribus
2761 3618 3081 3676 perpetuum
3136 3624 3519 3681 susceperunt.
3559 3615 3641 3669 An

2051 3707 2179 3746 vero
2213 3708 2310 3746 nec
2339 3695 2622 3763 quisquam
2666 3697 2836 3752 nobis
2860 3693 2972 3754 liccc
2998 3701 3286 3755 tribuenda
3345 3707 3638 3772 putaverit,

2053 3800 2153 3838 nec
2185 3799 2282 3841 nos
2307 3801 2372 3841 ea
2399 3787 2466 3842 de
2498 3789 2656 3844 nobis
2685 3793 2925 3859 cegltare
2956 3791 3221 3848 debemus
3248 3813 3261 3860 ;
3299 3798 3392 3852 sed
3459 3810 3642 3855 osten-

2051 3878 2247 3934 demus
2289 3895 2477 3935 revera
2507 3881 2717 3950 ineptos
2747 3898 2847 3938 nos
2899 3899 3021 3940 csse
3069 3885 3287 3941 illorum
3341 3891 3640 3958 auditores,

2051 3980 2103 4026 et
2131 3971 2349 4041 quidvis
2375 3973 2558 4043 potius
2590 3976 2891 4039 attendere,
2947 3994 3110 4048 quam
3147 3981 3288 4035 dicta
3338 3995 3640 4054 praecepto—

2053 4079 2207 4129 rum;
2241 4081 2362 4120 rum
2409 4065 2481 4120 illi
2517 4067 2677 4123 nobis
2726 4071 2944 4139 egregia
2993 4072 3323 4129 documenta
3372 4075 3638 4141 dederint,

2051 4157 2240 4226 quales
2265 4173 2364 4213 r-os
2394 4162 2679 4213 conveniat
2719 4173 2980 4230 praestare
3007 4164 3072 4218 atl
3101 4180 3188 4230 ea,
3219 4181 3342 4235 qua:
3375 4183 3403 4221 a
3435 4167 3639 4238 Spiritu

2051 4248 2250 4304 dictata
2278 4261 2426 4318 sunt,
2464 4261 2517 4305 ct
2548 4252 2757 4306 idoneis
2790 4255 3055 4324 exemplis
3085 4257 3391 4314 doctrinam
3455 4260 3638 4316 ﬁrma-

2053 4338 2202 4406 rint;
2238 4355 2338 4396 nos
2364 4356 2492 4395 vero
2522 4345 2802 4397 contrario
2860 4347 3020 4401 modo
3077 4349 3156 4400 uti
3218 4351 3468 4406 velimus.
3527 4353 3639 4409 Nec

2054 4445 2181 4484 vero
2206 4432 2368 4486 etiam
2397 4447 2610 4500 aequum
2643 4433 2868 4490 omnino
2903 4443 3006 4498 est,
3044 4438 3191 4505 ipsos
3220 4442 3460 4507 quidem,
3511 4445 3640 4496 dum

367 4550 457 4596 τος
510 4532 826 4600 λεγομένοις
879 4525 1314 4596 προσφέρεσθαι,
1350 4523 1532 4589 καλῶς
1571 4527 1704 4594 ἡμῖν
1736 4527 1947 4598 ὑφηγη-

2057 4539 2117 4577 se
2155 4523 2461 4592 prtebcrcnt
2503 4525 2736 4577 aliorum
2799 4525 3146 4594 interpretes,
3212 4539 3467 4600 tanquam
3531 4536 3645 4586 exi-

370 4625 645 4695 σαμένων,
680 4625 774 4676 καὶ
817 4620 1258 4690 παραδείγμασιν
1311 4619 1520 4680 ἱκανοῖς
1556 4617 1658 4687 τὴν
1689 4617 1945 4670 διδασκαο

366 4719 489 4770 λίαν
555 4713 1016 4786 βεϐαιωσάντων,
1065 4709 1221 4763 αὐτοὶ
1289 4709 1639 4762 παντάπασιν
1690 4708 1948 4772 ἐναντίως

367 4799 600 4883 χρῆσθαι
639 4804 963 4876 βουλόμεθα.
1025 4805 1133 4856 Καὶ
1189 4802 1296 4872 μὴν
1354 4802 1477 4854 οὐδὲ
1531 4801 1739 4855 δίκαιον
1790 4801 1946 4866 ὅλως,

367 4904 609 4964 ἐκείνους
659 4901 758 4971 μὲν
789 4896 1079 4968 -ἐξηγητάς
1123 4895 1304 4948 ἄλλων
1366 4892 1844 4963 καθισταμένους,
1875 4891 1951 4954 ὡς

369 4992 624 5062 μέγιστόν
654 5008 708 5044 τι
730 4991 838 5043 τῶν
869 4988 1092 5057 ἀγαθῶν
1134 4987 1320 5048 αὐτοῖς
1356 4987 1656 5055 ἀπονεῖμαι
1684 4985 1782 5054 τὴν
1815 5001 1952 5053 συμ-

370 5088 614 5156 φωνίαν,
659 5085 808 5154 ἡμᾶς
859 5083 914 5135 δὲ
975 5083 1243 5134 τάκείνων
1304 5078 1462 5142 αὖθις
1519 5079 1950 5157 ἐξηγουμένους,

368 5180 468 5246 τῆς
508 5175 845 5247 τηλικαύτης
909 5172 1100 5240 ὥσπερ
1154 5171 1421 5241 φθονῆσαι
1482 5173 1694 5241 φορᾶςο
1728 5171 1824 5226 καὶ
1877 5165 1952 5225 ὧν

369 5269 527 5323 αὐτοὶ
584 5269 698 5329 τοῖς
753 5265 934 5328 ἄλλοις
989 5263 1328 5332 μετέδωκαν,
1388 5262 1598 5317 τούτων
1645 5263 1734 5332 ὑφ’
1792 5262 1952 5333 ἡμῶν

370 5360 725 5432 στερηθῆναι.
769 5357 907 5410 Ἀλλ’
940 5358 989 5410 εἰ
1045 5359 1141 5416 καὶ
1191 5355 1421 5427 μηδενὸς
1454 5355 1616 5410 ἄλλου
1648 5357 1808 5427 χάριν
1852 5373 1953 5424 χα-

367 5455 548 5516 λεπῶς
577 5455 708 5523 ἡμῖν
737 5451 944 5516 ἕξουσι,
976 5452 1035 5504 τό
1072 5467 1135 5518 γε
1169 5447 1608 5518 καταψεύδεσθαι
1647 5451 1742 5519 τῆς
1768 5450 1951 5502 αὐτῶν

369 5543 562 5613 σοφίας
597 5543 692 5593 καὶ
730 5541 950 5611 ἀρετῆς,
984 5540 1080 5598 καὶ
1113 5538 1268 5591 ταῦθ’
1314 5538 1408 5591 ὑπ’
1445 5538 1627 5614 αὐτῶν
1657 5539 1944 5610 ὠφελημέ-

367 5653 490 5697 νους
534 5636 601 5687 τὰ
637 5635 890 5704 μέγιστα,
932 5635 1024 5686 καὶ
1062 5633 1281 5686 πάντων
1313 5632 1502 5696 αὐτοῖς
1534 5633 1752 5686 δικαίαν
1785 5633 1951 5704 χαριν

371 5727 729 5796 ὀφείλοντας,
786 5725 959 5778 δεινὸν
1011 5724 1072 5777 οὐ
1142 5724 1346 5792 φαῦλον
1394 5724 1736 5793 ποιήσονται.
1810 5726 1949 5778 Οὔτε

368 5822 476 5890 γὰρ
528 5815 702 5887 ἁγίοις
748 5818 866 5872 οὔτε
921 5818 1332 5889 σοφοῖς-δοκεῖν
1388 5817 1571 5878 αὐτοῖς
1634 5818 1940 5887 περιέσται,

2055 4618 2222 4670 tninm
2252 4616 2510 4686 quiddam
2550 4617 2655 4674 illis
2685 4619 3029 4672 concordiam
3061 4621 3319 4677 tribuisse
3354 4640 3369 4688 ;
3401 4641 3498 4680 nos
3544 4641 3642 4678 au-

2054 4720 2160 4764 tem
2199 4725 2388 4764 rursus
2423 4709 2625 4777 scripta
2678 4725 2865 4764 corum
2921 4710 3372 4780 interpretantes,
3430 4724 3635 4770 tantam

2051 4802 2461 4870 quodammodo
2489 4801 2597 4855 illis
2629 4802 2879 4858 invidere
2911 4803 3211 4870 fortunam,
3243 4815 3295 4860 et
3333 4822 3528 4874 negare
3561 4810 3633 4878 ip~

2053 4894 2128 4950 sis
2165 4895 2304 4952 bona
2336 4896 2448 4962 illa,
2490 4896 2692 4966 quibus
2725 4897 2825 4967 ipsi
2875 4898 3011 4952 alios
3055 4899 3426 4956 cumularunt.
3484 4902 3636 4968 Quod

2052 4989 2097 5042 si
2133 4988 2338 5043 nullam
2374 4981 2544 5043 aliam‘
2571 4990 2640 5044 ob
2662 5006 2883 5044 causam
2933 4991 3092 5047 nobis
3130 4994 3554 5058 succensebttnt,
3587 5006 3638 5050 at

2054 5090 2201 5134 certe
2235 5068 2621 5135 molestissime
2654 5079 2852 5145 ferent,
2901 5082 3037 5137 falso
3095 5099 3124 5136 a
3177 5084 3335 5140 nobis
3387 5090 3639 5144 accusari

2055 5173 2342 5228 scientiam
2375 5187 2438 5226 ac
2473 5172 2728 5228 virtutem
2761 5189 2942 5238 suam,
2998 5175 3160 5247 idque
3220 5193 3345 5233 cum
3399 5182 3468 5235 ab
3530 5181 3638 5237 illis

2054 5266 2228 5326 aﬂ'ecti
2259 5267 2432 5319 simus
2456 5265 2734 5321 bellCﬂCliS
2766 5269 3040 5332 maximis,
3070 5271 3140 5325 ob
3174 5287 3292 5341 qua:
3353 5274 3459 5330 illis
3516 5291 3634 5330 om-

2056 5359 2142 5422 nia
2178 5359 2405 5426 gratiam
2436 5357 2636 5414 referre
2660 5363 2943 5416 debemus.
2976 5361 3160 5432 Neque
3191 5366 3335 5419 enim
3380 5382 3502 5420 esse
3548 5377 3639 5424 atzt

2055 5450 2231 5504 sant-ti
2272 5461 2367 5506 aut
2397 5455 2538 5507 doeti
2584 5455 2935 5519 videbuntur,
2971 5457 3062 5525 qui
3095 5458 3367 5512 senserint
3397 5468 3451 5511 et
3503 5458 3637 5514 scri-

2053 5545 2264 5613 pserint
2296 5561 2416 5614 qua:
2438 5555 2564 5600 sunt
2599 5561 2628 5601 a
2667 5548 2892 5604 veritate
2925 5549 3133 5614 aliena;
3166 5549 3273 5602 imo
3296 5548 3458 5603 etiam
3488 5549 3635 5617 digni

2057 5639 2401 5704 videbantur,
2439 5641 2528 5709 qui
2578 5655 2767 5708 pmnas
2815 5640 2964 5692 luant
3015 5656 3208 5708 graves
3269 5649 3485 5710 propter
3542 5658 3634 5698 eos

2055 5731 2146 5800 qui
2185 5730 2395 5801 decepti
2428 5742 2575 5786 sunt.
2612 5732 2882 5785 Praeterea
2911 5746 3007 5783 nec
3035 5731 3288 5784 doctores
3315 5733 3412 5797 illi,
3437 5737 3634 5804 quibus

2057 5824 2317 5880 horrerent
2344 5824 2656 5888 deferimus,
2698 5823 2972 5876 habebunt
3007 5821 3188 5891 potius
3218 5827 3443 5894 gratias,
3471 5844 3631 5899 quam
