4170 6294
582 366 692 430 495
775 429 780 435 .

1699 364 2084 428 GENNADII
2125 363 2234 428 CP.
2274 364 2796 431 PATRIARCHE

3760 367 3865 436 496

579 481 774 538 merito
803 480 872 536 de
904 479 1066 555 nobis
1099 479 1546 551 "conquerenlur,
1605 489 1717 535 tum
1765 480 1894 552 quia
1947 477 2178 536 fratrum

2283 479 2542 536 τάναντία
2597 482 2712 548 τοῖς
2763 480 2987 554 ἀληθέσι
3038 479 3298 554 φρονοῦσι
3355 498 3417 536 τι
3466 480 3563 538 καὶ
3613 483 3864 555 σὺγγρά·

543 573 776 645 ‘injuria
811 553 1122 638 communis
1149 572 1334 628 'etiam
1391 582 1474 630 est
1521 572 1656 644 ipsis
1688 581 1784 639 ;et
1828 571 2174 628 inhonoratis

579 666 686 722 illis
710 666 1014 722 censebunt
1045 665 1255 720 nullmn
1283 665 1387 720 sibi
1437 679 1656 735 quoque
1715 662 1831 718 ﬁeri
1881 662 2172 730 honorem,

578 759 704 814 licet
733 761 966 814 multum
998 759 1261 814 honorari
1309 759 1594 813 videantur
1627 775 1644 812 :
1674 769 1788 812 tum
1858 755 1906 813 si
1970 756 2174 812 versati

579 867 700 906 esse
725 833 781 906 nl
813 867 1001 908 errore
1033 852 1134 922 ipsi
1159 851 1508 914 videbuntur,
1537 850 1683 921 quod
1709 849 1870 921 quasi
1914 849 2174 906 doctores

580 944 980 1000 celebraverint
1022 945 1292 1011 homines,
1355 946 1448 1013 qui
1504 943 1680 999 errori
1736 941 2173 998 subservierunt.

581 1038 798 1107 ignorat
830 1037 974 1092 enim
1007 1053 1188 1101 nemo,
1221 1052 1386 1107 quam
1413 1035 1568 1092 miris
1601 1035 1856 1090 laudibus
1873 1036 2018 1090 alter
2038 1034 2176 1091 alte-

583 1129 700 1183 rius
729 1130 1057 1183 mentionem
1091 1128 1366 1193 faciendo,
1401 1143 1524 1184 sese
1559 1129 1790 1184 invicem
1855 1129 2178 1184 ornaverint

583 1232 696 1274 tum
728 1220 964 1288 publice,
990 1230 1105 1273 tum
1131 1219 1414 1289 privatim.
1446 1221 1559 1275 Has
1587 1217 1844 1289 igitur-ob
1869 1232 2092 1282 causas,
2119 1225 2176 1272 et

583 1314 762 1382 plures
793 1313 927 1367 alias
960 1313 1300 1380 consimiles,
1351 1313 1554 1383 (neque
1606 1313 1752 1370 enim
1802 1312 2178 1382 percenscndo

582 1404 795 1474 singula
854 1405 1280 1472 obstrependum
1340 1405 1578 1458 arbitror
1635 1403 1837 1459 vestris
1923 1403 2176 1474 auribus)

581 1505 834 1566 oportere
868 1495 956 1550 aio
991 1509 1184 1550 omnes
1209 1495 1464 1549 Ecclesia!
1523 1495 1777 1550 doctores
1827 1494 2089 1549 honorari
2147 1509 2178 1550 a

584 1589 763 1652 vobis,
789 1600 842 1641 ct
867 1587 1081 1641 nullum
1119 1586 1516 1642 eorumbaberi
1541 1597 1801 1655 tanquam
1840 1587 1893 1640 in
1931 1601 2179 1642 errorem

585 1680 820 1749 lapsum,
850 1693 951 1733 nec
978 1679 1146 1734 ullum
1177 1680 1322 1734 inter
1369 1679 1492 1735 illos
1521 1695 1715 1750 pugna:
1745 1677 2028 1749 vestigium
2079 1694 2179 1734 su-

589 1771 836 1842 spicione
865 1771 1090 1841 attingi;
1126 1771 1218 1826 sed
1244 1770 1368 1841 jure
1389 1772 1518 1832 illud
1554 1771 1927 1840 opinantibus,
1957 1781 2178 1842 exopta-

2281 590 2466 644 φουσιο
2506 575 2643 646 πρὸς
2673 575 2732 628 δὲ
2765 573 2979 640 τούτοις
3007 576 3102 628 καὶ
3131 574 3333 639 πολλὰς
3373 574 3516 646 ὑπὲρ
3557 575 3672 630 τῶν
3711 577 3860 645 ἡτισ-

2277 661 2533 734 τημένων
2561 663 2719 728 δίκας
2761 663 3020 733 ὀφείλειν.
3065 664 3231 719 Ἀνιυ
3282 663 3338 718 δέ
3393 663 3603 718 τούτων
3659 664 3769 718 οὐδ’
3810 666 3862 719 οῖ

2277 755 2412 825 παρ’
2443 755 2602 826 ἡμῶν
2625 755 2796 826 τιμῆς
2820 754 3136 826 ἀξιούμενοι
3185 755 3346 827 χάριν
3394 757 3633 811 ιίσονται
3661 755 3862 828 μᾶλλον
3905 757 3910 760 ⁷

2276 848 2413 919 ⁴ἡμῖν
2439 889 2453 914 ,
2485 848 2520 917 ἢ
2561 847 2788 912 δικαίως
2834 846 3125 901 δνειδιοῦσι
3175 847 3272 902 καὶ
3333 847 3667 920 μέμψονται,
3704 847 3865 904 τοῦτο

2281 940 2383 1010 μὲν
2429 941 2525 994 καὶ
2563 940 2722 994 αὐτοὶ
2755 940 3144 1004 κοινωνοῦντες
3172 939 3276 1008 τῆς
3313 940 3423 994 τῶν
3469 940 3721 1010 ἀδελφῶν
3749 941 3866 994 ἀτιο

2281 1034 2449 1104 μίας,
2491 1035 2586 1087 καὶ
2621 1031 2935 1104 νομίζοντες
2979 1032 3206 1088 ἐκείνων
3257 1033 3691 1105 ἀμελουμένων,
3734 1028 3859 1104 μηδ’

2245 1113 2436 1179 ἀὐτοὶ
2483 1123 2594 1178 τῶν
2625 1124 2852 1179 είκότων
2889 1124 3184 1196 τυγχάνειν
3235 1124 3339 1180 κᾶν
3388 1126 3594 1198 σφόδρα
3626 1123 3862 1192 δοκῶσι,

2279 1212 2438 1269 τοῦτο
2459 1215 2516 1269 δέ
2550 1215 2600 1268 εί
2635 1215 2887 1282 δόξουσιν
2918 1216 3260 1288 ἡπατῆσθαι,
3289 1220 3386 1272 καὶ
3417 1220 3534 1281 ταῖς
3573 1215 3684 1270 τῶν
3719 1217 3862 1271 διδα-

2282 1306 2497 1360 σκάλων
2553 1309 2744 1378 τιμαῖς
2784 1307 2911 1372 τοὺς
2944 1311 3012 1379 τῇ
3043 1308 3222 1382 πλάνῃ
3249 1309 3693 1381 κατασχεθέντας
3731 1309 3862 1363 ἀπο-

2281 1395 2568 1464 σεμνῦναι·
2591 1395 2781 1464 ἀγνοεῖ
2805 1397 2914 1466 γὰρ
2941 1397 3130 1464 οῦδεὶς
3161 1399 3334 1453 ὁπόσα
3375 1399 3721 1470 μεμνημένοι
3749 1396 3864 1468 μετ’

2283 1485 2560 1556 εὐφημίας
2589 1486 2863 1558 ἀλλήλους
2917 1488 3027 1560 ἰδίᾳ
3063 1507 3123 1542 τε
3180 1491 3275 1545 καὶ
3315 1493 3472 1562 κοινῇ
3508 1491 3860 1562 τετιμήκασι.

2283 1578 2506 1633 Τούτων
2533 1597 2594 1634 τε
2632 1580 2823 1634 τοίνυν
2845 1581 3036 1636 εἵνεκα
3070 1581 3165 1636 καὶ
3195 1581 3408 1638 πολλῶν
3437 1583 3618 1638 ἀλλων
3641 1583 3860 1652 ὁμοίων,

2248 1664 2344 1728 ὀὐ
2395 1671 2507 1743 γὰρ
2564 1665 2722 1742 οἴμαι
2785 1672 2898 1728 δεῖν
2952 1675 3280 1730 ἀποκναίειν
3325 1676 3426 1738 τὰς
3473 1673 3629 1743 ὑμῶν
3694 1675 3861 1738 ἀκοὰς

2283 1763 2495 1817 ἕκαστα
2549 1765 2870 1835 καταλέγων
2902 1809 2916 1834 ,
2973 1767 3085 1822 δεῖν
3138 1785 3284 1838 φημι
3325 1768 3536 1832 πάντας
3594 1770 3720 1831 τοὺς
3763 1767 3862 1834 τῆς

587 1872 696 1918 tam
727 1865 876 1920 vobis
908 1864 1259 1928 concordiam
1294 1863 1466 1920 luisse
1501 1865 1608 1920 illis
1655 1864 1810 1919 cordi
1871 1861 2068 1936 magis,
2120 1880 2178 1921 re

2296 1853 2631 1926 Ἐκκλησίας
2682 1849 3046 1925 διδασκάλους
3093 1861 3264 1932 τιμᾷν
3314 1861 3487 1930 ὑμᾶς,
3517 1859 3616 1913 καὶ
3653 1859 3858 1930 μηδένα

586 1957 781 2012 melius
813 1957 1188 2024 considerata,
1221 1958 1400 2026 primo
1431 1957 1651 2026 quidem
1685 1956 1816 2011 illud
1873 1971 1972 2026 pro
2027 1969 2180 2012 certe

584 2064 705 2106 esse
735 2050 1070 2120 ponendum,
1110 2049 1302 2103 eadem
1351 2049 1488 2105 .illos
1551 2047 1770 2119 sibique
1820 2050 2181 2120 congruentia

585 2143 824 2200 sensisse
857 2161 872 2207 ;
905 2143 1102 2198 deinde
1126 2143 1272 2213 quod
1305 2143 1481 2214 placet
1510 2143 1619 2198 illis
1653 2143 1935 2204 omnibus,
1961 2151 2018 2196 ut
2083 2156 2178 2198 vce

584 2249 756 2296 stram
783 2239 971 2294 itidem
997 2241 1326 2296 sententiam
1353 2240 1692 2296 conﬁdenter
1717 2240 2176 2310 amplectendam.

586 2330 741 2398 Quod
777 2327 1030 2400 quamvis
1062 2329 1296 2382 arduum
1331 2330 1550 2398 penitus
1581 2337 1747 2394 esset,
1805 2327 2050 2398 ipsorum
2085 2341 2178 2380 ar-

585 2419 758 2475 litror
783 2420 1069 2474 doctorum
1094 2419 1279 2474 studio
1317 2425 1368 2472 et
1398 2432 1563 2488 opera
1593 2419 1770 2483 lieret,
1805 2429 1862 2472 ut
1913 2417 2067 2472 vobis
2126 2418 2177 2473 id

587 2511 750 2566 facile
786 2510 1029 2565 futurum
1058 2519 1222 2566 esset.
1257 2507 1463 2566 Verum
1514 2519 1569 2566 et
1627 2509 1956 2565 facillimum
1986 2519 2095 2565 .cst
2125 2520 2180 2565 et

589 2603 741 2659 nullo
771 2603 974 2685 labore,
1012 2603 1104 2658 sed
1135 2603 1303 2660 alacri
1344 2611 1556 2658 tantum
1613 2603 1894 2659 voluntate
1951 2602 2178 2674 indiget.

587 2690 726 2749 Nam
765 2696 812 2750 si
850 2695 1166 2751 viderentur
1199 2697 1370 2752 sancti
1430 2695 1716 2766 digladiari
1769 2695 1910 2750 inter
1957 2709 2038 2760 se,
2087 2705 2182 2750 aut

593 2798 741 2840 certe
767 2786 1116 2840 sermonibus
1145 2785 1412 2855 oppositis
1441 2785 1508 2841 de
1537 2787 1704 2842 rebus
1743 2786 2040 2856 propositis
2061 2795 2181 2840 ute-

591 2885 902 2946 rentur,-ne
931 2877 1010 2932 sic
1031 2875 1248 2946 quidem
1275 2889 1420 2932 esset
1453 2876 1672 2932 diﬂicile
1706 2891 1800 2932 eos
1823 2877 2037 2932 interse
2051 2891 2182 2933 con-

593 2968 1228 3039 ciliarc,ver‘borumque
1286 2983 1523 3038 pugnam
1577 2967 1768 3023 tollere
1825 2982 1920 3038 per
1981 2981 2180 3024 conve-

591 3063 858 3117 nientiam
891 3078 1124 3118 sensus:
1153 3076 1258 3116 non
1290 3061 1708 3118 cnimdecssent
1740 3061 1898 3117 nobis
1941 3062 2008 3116 ad
2078 3062 2183 3120 hoc

592 3159 694 3214 vim
724 3155 971 3227 quaedam
1005 3164 1060 3210 et
1089 3153 1347 3225 pratclara
1377 3155 1617 3220 inventa,
1649 3169 1766 3222 qua:
1799 3144 2180 3211 subministrat
2209 3182 2254 3240 ε

595 3253 818 3306 ubertas
847 3248 1244 3320 philosophica,
1281 3248 1328 3304 si
1358 3248 1621 3304 vellemus
1649 3258 1974 3318 apparentes
2012 3262 2179 3318 oppo-

592 3346 822 3402 sitiones
853 3343 1062 3399 diluere
1093 3357 1219 3398 cum
1250 3340 1588 3397 adminiculo
1638 3340 1924 3397 veritatis:
1958 3342 2054 3398 sed
2099 3351 2180 3396 ta-

595 3455 716 3494 men
752 3438 1026 3506 refugeret
1060 3436 1164 3492 huc
1198 3433 1492 3506 quispiam,
1525 3433 1706 3490 sciens
1741 3434 1896 3488 multi
1929 3434 2031 3488 hoc
2060 3447 2182 3489 esse

590 3546 729 3602 opus
751 3530 952 3600 negotii
987 3545 1052 3584 ac
1075 3527 1296 3584 laboris.
1332 3526 1488 3582 Nunc
1516 3535 1702 3582 autem
1727 3541 1837 3581 non
1874 3526 1949 3580 ita
1971 3539 2031 3580 se
2082 3524 2180 3579 ha-

589 3625 716 3678 bere
745 3630 1060 3678 sanctorum
1094 3623 1297 3691 scripta
1327 3634 1522 3676 omnes
1551 3618 1799 3674 videmus
1827 3637 1842 3685 ;
1874 3617 1970 3674 scd
2009 3617 2182 3672 multa

590 3716 644 3768 in
675 3713 783 3780 illis
809 3711 1180 3786 tranquillitas
1209 3720 1314 3775 est,
1351 3719 1405 3766 et
1440 3700 1718 3766 emittunt
1751 3709 1911 3766 nobis
1964 3709 2182 3764 eminus

589 3805 896 3860 concordia:
924 3803 1129 3858 radios.
1159 3801 1315 3868 Quod
1339 3801 1384 3858 si
1409 3799 1544 3871 quid
1573 3799 1738 3856 etiam
1768 3801 1819 3854 in
1841 3800 1947 3854 illis
1977 3799 2182 3856 discre-

592 3897 791 3966 pantiue
822 3897 1047 3949 mistnm
1083 3903 1186 3958 εει,
1231 3892 1522 3961 superﬁcie
1569 3899 1738 3948 tenus
1769 3891 1904 3947 illud
1961 3900 2045 3948 est
2101 3901 2184 3946 ate

593 4003 702 4056 que
740 3985 1082 4055 inspeciem.
1106 3985 1208 4037 Aut
1245 3983 1387 4037 enim
1423 3982 1639 4038 diversa
1671 3985 1739 4039 de
1769 3981 1964 4038 iisdem
1995 3982 2182 4052 plures

588 4078 640 4132 lo
664 4087 911 4144 luuntur,
938 4074 1080 4144 quod
1107 4073 1353 4128 eruditos
1386 4074 1636 4130 homines
1683 4074 1907 4129 turbare
1957 4074 2183 4131 minime

588 4179 788 4238 potest,
805 4168 1107 4222 turbaverit
1124 4176 1304 4221 autem
1333 4166 1510 4236 primo
1534 4177 1754 4237 aspectu
1776 4165 2175 4237 simpliciores:

594 4270 690 4316 aut
714 4260 944 4315 dicendo
975 4269 1028 4314 ct
1065 4259 1304 4315 tacendo
1337 4260 1478 4316 inter
1507 4275 1567 4315 se
1591 4258 1868 4327 (Ιὶῐίοιυιιι,
1901 4259 2182 4332 ηυοῌιίἰσ

588 4352 908 4422 contingere
939 4360 1024 4406 est
1057 4350 1677 4416 consentaneunt.,Nam
1713 4361 1768 4405 et
1799 4367 1898 4408 nos
1931 4352 2037 4423 ipsi
2087 4367 2184 4420 per

589 4445 706 4500 dies
729 4445 972 4514 singulos
1001 4445 1221 4499 diversa
1254 4444 1321 4498 de
1351 4443 1546 4498 iisdem
1579 4444 1879 4500 sentientes
1909 4460 1975 4500 ac
2005 4460 2182 4501 enun-

2283 1951 2492 2002 τούτων
2532 1950 2919 2020 πεπλανῆσθαι
2949 1952 3218 2022 νομίζειν,
3254 1953 3377 2023 μηδ’
3410 1953 3555 2024 ῖχνος
3599 1972 3654 2006 τι
3690 1955 3865 2024 μάχης

2283 2043 2340 2095 ἐν
2375 2041 2591 2107 τούτοις
2645 2043 2899 2098 ὑπονοεῖν
2930 2060 2947 2078 ·
3003 2046 3140 2101 ἀλλά
3198 2047 3299 2118 τὴν
3351 2048 3482 2115 ὑμῖν
3524 2045 3866 2116 ποθουμένην

2281 2139 2542 2206 ὁμόνοιαν
2595 2139 2778 2210 πολλῷ
2824 2141 3026 2212 μᾶλλον
3059 2141 3290 2206 ἐκείνοις
3325 2143 3417 2196 καὶ
3466 2141 3865 2208 σπουδασθῆναι

2283 2232 2380 2284 καὶ⁵
2433 2231 2839 2302 κατωρθῶσθαι
2902 2233 3133 2297 δικαίως
3189 2233 3605 2303 ὑπειληφότας,
3673 2234 3866 2304 πρῶτα

2285 2323 2386 2391 μὲν
2417 2322 2666 2388 ἐκείνους
2709 2323 2916 2393 ἀδελφά
2949 2325 3283 2394 φρονοῦντας
3314 2326 3406 2378 καὶ
3439 2325 3694 2397 ἀλλήλοις
3728 2343 3865 2395 συμ-

2283 2415 2572 2480 ὅαίνοντας
2629 2416 2970 2482 ὑποθέσθαι,
3028 2417 3223 2472 ἔπειτα
3274 2419 3336 2472 τδ
3409 2421 3576 2473 πᾶσιν
3634 2421 3864 2486 ἐκείνοις

2282 2507 2520 2578 ἀρέσκον
2565 2511 2666 2563 καὶ
2708 2509 2984 2582 ὑμετέραν
3023 2509 3254 2581 γνώμην
3308 2511 3660 2584 θαρρούντως
3712 2516 3866 2585 mir:

2285 2603 2506 2658 σασθαι.
2541 2603 2716 2658 Τοῦτο
2761 2603 2818 2658 δὲ
2845 2605 2896 2657 εί
2931 2605 3027 2658 καὶ
3066 2606 3386 2660 παντάπασι
3413 2605 3679 2678 δυσχερὲς
3709 2609 3864 2679 ἐτύγ-

2282 2710 2444 2764 χανεν
2495 2693 2580 2759 δν,
2621 2695 2820 2760 αὐτοὺς
2858 2694 3016 2766 οἶμαι
3049 2697 3174 2760 τοὺς
3221 2696 3579 2764 διδασκάλους
3630 2719 3870 2771 συνεφα-

2284 2785 2562 2855 ψαμένους
2619 2785 2752 2848 ὑμῖν
2801 2787 2984 2858 ῥᾴδιον
3035 2787 3365 2854 ἀποδείξειν.
3409 2789 3573 2846 ’Δλλά
3629 2793 3736 2864 μὴν
3779 2794 3870 2848 καὶ

2284 2876 2394 2930 τῶν
2455 2877 2846 2933 εὕκολωτάτων
2885 2881 3022 2944 ἐστὶ,
3066 2882 3162 2936 καὶ
3217 2882 3384 2936 πὸνου
3443 2883 3547 2953 μὲν
3605 2885 3865 2953 οὐδενὸς,

2285 2967 2599 3038 προθυμίας
2650 2968 2708 3022 δὲ
2765 2971 2938 3042 μόνης
2986 2971 3272 3042 δεόμενον.
3324 2975 3386 3030 Ei
3424 2975 3526 3044 μὲν
3576 2977 3690 3048 γὰρ
3724 2980 3874 3033 ἀντι-

2286 3058 2524 3128 φάσκειν
2561 3057 2815 3131 ἀλλήλοις
2845 3061 3067 3116 ἐδόκουν
3096 3063 3148 3116 οῖ
3187 3063 3362 3134 ἀγιοι,
3395 3067 3493 3120 καὶ
3526 3065 3708 3136 λόγοις
3739 3069 3868 3138 γοῦν

2284 3151 2686 3222 ἀντικειμένοις
2737 3156 2868 3226 περὶ
2899 3154 3008 3208 τῶν
3035 3156 3424 3226 προκειμένων
3473 3158 3732 3230 ἐχρῶντο,
3763 3161 3870 3216 οὐδ’

2287 3244 2430 3298 οὓτω
2467 3246 2566 3315 μὲν
2590 3247 2826 3317 χαλεπὸν
2871 3247 2938 3301 ἃν
2967 3242 3036 3318 ἦν
3067 3248 3364 3304 συνάπτειν
3397 3251 3618 3318 αὐτοὺς,
3649 3255 3744 3307 καὶ
3773 3254 3871 3325 τὴν

2287 3339 2420 3408 περὶ
2473 3339 2602 3404 τοὺς
2651 3337 2855 3408 λόγους
2910 3339 3190 3395 ἀντίθεσιν
3237 3343 3304 3414 τῇ
3348 3343 3460 3397 τῶν
3501 3347 3871 3417 φρονημάτων

2285 3433 2534 3503 ἀναιρεῖν
2588 3434 2904 3506 συμφωνίᾳ.
2988 3435 3064 3488 οὐ
3121 3435 3234 3507 γὰρ
3297 3436 3371 3505 ἂν,
3443 3438 3696 3494 ἐνέλιπον
3742 3441 3876 3511 ἡμῖν

2281 3523 2397 3578 δδοί
2425 3540 2572 3588 τινες
2623 3524 2716 3576 ἐπὶ
2765 3523 2928 3578 τοῦτο
2960 3527 3056 3579 καὶ
3088 3530 3350 3599 μηχαναὶ,
3401 3528 3470 3594 ἃς
3526 3532 3659 3601 ἡμῖν
3691 3533 3724 3598 ἦ
3780 3534 3876 3604 τῆς

2287 3613 2610 3684 φιλοσοφίας
2661 3613 2895 3684 εὐπορία
2940 3615 3196 3686 παρέχει,
3225 3617 3324 3682 τὰς
3358 3620 3692 3692 φαινομένας
3721 3624 3877 3676 ἐναν-

2285 3705 2540 3776 τιότητας
2573 3703 2725 3759 λύειν
2764 3707 2904 3776 μετά
2932 3707 3034 3778 τῆς
3067 3707 3329 3781 ἀληθείας
3363 3710 3642 3768 ἐθέλουσιν
3666 3729 3683 3746 °
3720 3713 3877 3770 ἀπώ-

2275 3815 2455 3870 -κνησε
2494 3797 2541 3852 δ’
2574 3799 2640 3852 ἀν
2668 3815 2750 3862 τις
2777 3799 2928 3869 ὅμως
2973 3803 3115 3871 πρὸς
3158 3802 3339 3870 τοῦτο,
3373 3803 3577 3874 πολλῆς
3607 3823 3874 3876 πραγμα-

2287 3889 2436 3953 τείας
2475 3888 2640 3960 ἔργον
2695 3891 2790 3944 καὶ
2822 3889 3004 3944 πόνων
3038 3891 3218 3956 είδὼς.
3250 3894 3366 3950 Νῦν
3414 3895 3460 3950 δ’
3493 3895 3592 3966 οὔχ
3635 3895 3780 3950 οῦτω
3807 3899 3874 3952 τά

2285 3983 2398 4036 τῶν
2455 3981 2626 4052 ἁγίων
2672 3981 2893 4053 ορῶμεν
2945 3981 3192 4048 ἅπαντες
3241 3984 3472 4056 ἔχοντα,
3502 3987 3638 4042 ἀλλά
3674 3989 3878 4059 πολλῆς

2286 4076 2453 4147 γέμει
2480 4075 2746 4148 γαλήνης,
2781 4077 2873 4130 καὶ
2915 4077 3214 4150 πόρρωθεν·
3251 4081 3389 4150 ἡμῖν
3417 4081 3607 4151 ἐφιᾶσι
3650 4081 3751 4145 τὰς
3779 4085 3877 4152 τῆς

2287 4168 2539 4238 ὁμονοίας
2567 4169 2815 4232 ἀκτῖνας.
2847 4169 2910 4221 Ei
2949 4168 3004 4222 δέ
3040 4185 3092 4223 τι
3122 4169 3219 4224 καὶ
3261 4171 3650 4243 παραλλάττον
3691 4173 3876 4236 αὐτοῖς

2286 4261 2690 4332 ἀναμέμικται,
2723 4261 3044 4317 ἐπιπόλαιόν
3077 4264 3194 4318 ἐστι
3229 4264 3326 4319 καὶ
3361 4265 3523 4336 μέχρι
3552 4265 3648 4320 τοῦ
3683 4283 3871 4334 φαινο-

2289 4354 2480 4425 μένου·
2519 4353 2554 4426 ῆ
2590 4353 2700 4428 γὰρ
2745 4355 2984 4428 διάφορα
3033 4357 3303 4428 περὶτῶν
3345 4357 3526 4412 αὐτῶν
3552 4358 3799 4426 ἀξιοῦσιν
3825 4359 3872 4412 οῖ

2288 4446 2532 4512 πλείους,
2568 4447 2597 4501 ὃ
2655 4449 2768 4513 τοῖς
2827 4449 2926 4518 μὲν
2985 4447 3317 4520 σοφωτέροις
3367 4450 3556 4504 οὐδένα
3613 4451 3875 4523 παρέχειν

589 4541 806 4600 tiantes,
855 4535 1210 4591 nihilominus
1256 4536 1536 4606 conjuncti
1573 4553 1783 4600 smnus.
1814 4553 1913 4592 nec
1965 4549 2179 4610 propte-

2283 4537 2516 4592 ’δύναται
2551 4535 2802 4608 θόρυῦον,
2837 4537 3095 4608 ταράξειε
3125 4538 3168 4591 δ’
3201 4540 3267 4594 ἂν
3301 4541 3428 4602 τοὺς
3469 4539 3873 4613 ἁπλουστέρους

588 4645 678 4684 rea
703 4629 844 4682 inter
874 4643 972 4683 nos
1002 4628 1373 4694 decertamus,
1397 4636 1452 4682 ct
1480 4627 1604 4696 jure
1632 4629 1852 4698 quidem
1916 4633 2124 4701 optimo
2160 4649 2176 4686 :

589 4737 714 4775 cum
748 4721 892 4776 enim
927 4720 981 4774 in
1035 4734 1362 4788 nataquaque
1392 4736 1452 4775 re
1503 4721 1670 4776 multa
1731 4721 2176 4788 coasidct'cntur,

587 4825 639 4868 et
674 4814 811 4868 alius
837 4813 994 4866 aliter
1018 4813 1164 4866 illam
1195 4811 1469 4881 concipiat
1506 4814 1710 4880 animo,
1738 4814 1904 4870 variis
1959 4829 2178 4886 quoque

589 4906 938 4959 sermonibus
968 4905 1346 4974 exprimantur
1369 4919 1431 4960 ea
1471 4921 1695 4962 necesse
1727 4915 1831 4974 est,
1859 4915 1952 4961 aut
1976 4908 2171 4964 iisdem

590 5011 744 5061 sane,
779 4995 873 5051 sed
903 4995 1051 5049 varie
1081 4997 1340 5064 acceptis,
1364 4996 1493 5051 dum
1551 5014 1734 5053 rerum
1781 5007 1992 5053 natura:
2045 5013 2172 5052 con-

590 5102 784 5158 gruere
807 5086 1044 5141 velimus
1073 5088 1221 5156 ipsos
1250 5102 1558 5154 sermones,
1599 5091 1698 5144 hoc
1727 5096 1953 5143 estesse
1978 5103 2134 5143 veras
2161 5105 2175 5153 ;

591 5177 1032 5248 quandoquidem
1069 5178 1242 5249 ipsum
1274 5195 1395 5236 esse
1420 5182 1494 5236 rei
1517 5180 1764 5250 sequitur
1786 5179 2056 5234 orationis
2083 5195 2176 5231 ve-

528 5293 532 5302 -
590 5271 744 5334 ritas,
774 5279 831 5324 ut
861 5281 1063 5327 norunt
1089 5287 1302 5328 omnes.
1343 5273 1497 5338 Quod
1531 5273 1576 5327 si
1605 5270 1836 5326 dicendo
1861 5271 1929 5328 de
1976 5271 2169 5328 iisdem

587 5365 822 5431 diversa,
853 5357 1246 5436 pugnax-cimus,
1280 5365 1552 5420 contraria
1607 5377 1826 5432 quoque
1877 5363 1979 5432 ipsi
2037 5363 2178 5420 veti-

588 5457 686 5510 tati
723 5472 1120 5522 asserercmus,
1152 5471 1273 5524 qna:
1301 5469 1482 5508 rerum
1513 5463 1736 5508 naturas
1771 5469 1832 5508 ex
1874 5454 2059 5510 multis
2097 5453 2178 5509 di-

584 5563 852 5618 versoque
875 5547 1038 5603 modo
1063 5545 1516 5602 inexsistentibus
1547 5555 1798 5602 constare
1819 5548 1954 5602 vult.
1989 5547 2176 5618 Neque

569 5642 749 5714 igitur
773 5644 827 5696 in
863 5642 948 5698 bis
973 5639 1358 5704 dissentimus,
1385 5655 1562 5710 neque
1589 5655 1702 5696 rem
1726 5641 2053 5712 exprimere,
2081 5650 2177 5697 aut

571 5735 804 5788 £tlcliliO
841 5731 1140 5801 praeterire,
1180 5729 1304 5783 talia
1345 5740 1496 5798 sunt,
1527 5743 1588 5788 ut
1641 5748 1838 5787 manus
1886 5743 2170 5804 propterea

585 5837 942 5880 conseramus
971 5839 986 5888 ;
1021 5822 1129 5875 imo
1151 5838 1274 5900 vero
1307 5837 1517 5896 contra,
1542 5826 2072 5898 paceni‘toncili-are
2097 5827 2178 5880 vi-

1819 5979 1866 6000 κ

2289 4627 2475 4694 εὐθὺς,
2533 4629 2566 4700 ἦ
2617 4629 2760 4699 λόγῳ
2815 4629 2910 4682 καὶ
2941 4633 3140 4702 ξσωπῇ
3199 4633 3268 4684 τὰ
3319 4630 3531 4686 τούτων
3579 4632 3870 4704 διῄρηται,

2297 4720 2440 4774 οῦτω
2470 4719 2526 4773 δέ
2562 4713 2883 4792 συμϐαίνειν
2903 4722 3154 4793 ἀλλήλοις
3174 4723 3326 4777 οὐδέν
3353 4725 3467 4777 ἐστι
3503 4724 3760 4795 χαλεπςνυ
3783 4725 3876 4780 καὶ

2287 4813 2450 4884 ἡμεῖς
2499 4812 2606 4882 γὰρ
2651 4815 2776 4868 καθ’
2821 4815 3060 4886 ἑκάστην
3107 4815 3344 4886 διάφορα
3379 4824 3510 4886 περὶ
3539 4817 3650 4872 τῶν
3686 4821 3867 4872 αἰτῶν

2290 4900 2618 4972 φρονοῦντες
2670 4903 2767 4956 καὶ
2813 4903 3118 4972 λέγοντες,
3177 4905 3330 4958 οὐδὲν
3407 4901 3570 4978 ἦττον
3639 4907 3872 4974 μένομεν

2291 4992 2586 5064 ἡνωμένον
2618 4995 2714 5050 καὶ
2738 4995 2867 5066 περὶ
2895 4995 3102 5050 τούτων
3129 4996 3304 5061 οὐδεὶς
3328 4999 3460 5068 ἡμῖν
3491 5000 3870 5071 συρρήγνυται
3910 4988 3915 4993 ’

2290 5086 2550 5156 πόλεμος,
2591 5088 2702 5142 ικαὶ
2765 5089 2990 5152 εἰκότως
3017 5105 3034 5123 ο
3079 5090 3290 5145 πολλῶν
3345 5092 3456 5162 γὰρ
3511 5091 3596 5162 ἐφ’
3633 5095 3866 5148 ἑκάστου

2287 5179 2710 5250 θεωρουμένων,
2763 5183 2858 5235 καὶ
2917 5182 3274 5254 ἁλλοτρόπως
3338 5185 3502 5239 ἄλλου
3555 5187 3873 5256 προσιόντος

2285 5271 2436 5342 αὐτῷ
2459 5312 2474 5337 ,
2505 5272 2600 5324 καὶ
2655 5273 2937 5345 διαφόροις
2971 5275 3188 5344 ἀνάγκη
3239 5273 3411 5329 ταῦτα
3439 5277 3623 5346 λόγοις
3660 5279 3869 5348 σημαί-

2285 5365 2494 5418 νεσθαιο
2523 5365 2557 5436 ἢ
2591 5367 2705 5429 τοῖς
2741 5367 2926 5430 αὐτοῖς
2959 5368 3078 5438 μὲν,
3111 5369 3386 5439 διαφόρως
3432 5369 3489 5422 δέ
3523 5369 3695 5440 δήπου
3731 5373 3874 5441 λαμ-

2286 5455 2630 5527 ϐανομένοις,
2682 5459 2788 5522 ἕως
2847 5460 2914 5513 ἂν
2961 5463 3028 5531 τῇ
3079 5461 3190 5514 τῶν
3250 5463 3598 5531 πραγμάτων
3637 5463 3872 5530 ὑπάρξει

2283 5548 2413 5612 τοὺς
2465 5549 2597 5620 περὶ
2658 5550 2868 5605 τούτων
2923 5550 3118 5618 λόγους
3168 5553 3417 5624 συνᾴδειν
3451 5553 3792 5624 βουλώμεθα·
3845 5555 3874 5608 ὅ

2285 5641 2481 5693 ταυτόν
2515 5643 2634 5694 ἐστι
2679 5643 2773 5695 καὶ
2819 5642 3043 5715 ἀληθεῖς
3079 5640 3220 5698 εἶναι
3275 5645 3450 5698 θέλειν
3482 5647 3706 5714 αὐτοὺς,
3750 5649 3876 5718 ἐφόη

2291 5749 2386 5784 σον
2419 5730 2518 5808 τὴν
2564 5734 2676 5788 τῶν
2729 5734 2908 5801 λόγων
2957 5735 3224 5802 ἀλήθειαν
3255 5738 3334 5806 τῷ
3379 5735 3661 5792 εἶναιτῶν
3695 5757 3872 5810 πραγ-

2292 5831 2482 5902 μάτων
2534 5832 2692 5902 ἴσμεν
2727 5831 3066 5886 ἀκολουθεῖν.
3105 5827 3164 5884 Εἰ
3200 5831 3244 5885 δ’
3385 5833 3477 5887 τοῦ
3524 5835 3761 5896 διάφορα
3787 5834 3873 5887 λέ-
