4170 6294
352 334 465 400 497
1539 351 1822 414 ORATIO
1855 354 1946 415 III

2061 362 2086 416 )
2121 358 2500 422 SYNODUM.
3531 380 3636 441 498

356 466 485 518 γειν
522 455 653 520 περὶ
705 454 813 506 τῶν
852 455 1056 521 αὐτῶν,
1090 459 1412 530 ἐμαχίμεθα
1441 506 1452 528 ,
1510 469 1602 520 καὶ
1657 471 1794 538 πρὸς
1845 471 1942 540 τὴν

2061 474 2272 538 lentur,
2309 482 2526 548 quando
2557 482 2835 536 silentium
2862 486 3048 542 civiles
3083 503 3301 560 quoque
3348 491 3492 561 leges
3546 512 3639 550 su-

357 543 627 613 ἀλὴθειαν
659 545 832 616 αὐτὴν
863 549 1264 620 ὴναντιούμεϐα
1303 558 1366 607 ἄν
1395 575 1405 586 ·
1442 556 1472 626 ἢ
1504 559 1597 622 τὰς
1631 561 1741 613 τῶν
1768 561 1943 616 όντων

2061 577 2210 619 munt
2241 584 2337 636 pro
2370 585 2594 623 assensu
2634 588 2646 636 ;
2684 588 2804 626 cum
2836 576 3167 632 assentiente
3216 594 3344 634 vero
3396 582 3638 636 conﬂigit

366 637 633 706 ὗπάρξεις
672 640 741 692 ὲκ
792 640 1004 693 πολλῶν
1049 660 1212 697 τινων
1263 648 1358 700 καὶ
1391 648 1660 721 διαφόρως
1706 655 1945 722 ἐνυπαρ-

2241 625 2254 636 ,
2635 625 2646 636 ,
2724 625 2728 626 ν
2838 625 3166 632 ---ι---.ψη
3226 625 3341 634 η.-
3400 625 3590 651 νυ.....ε,

2061 673 2235 722 nemo,
2273 659 2316 712 si
2374 662 2567 728 sapiat.

362 730 568 800 χόντων
625 733 809 795 αύτοῖς
874 737 1224 791 συνίστασθαι
1282 741 1548 808 βούλεται.
1627 744 1766 799 Οὔτε
1816 748 1996 803 τοίνυν
2047 752 2138 803 ἐπὶ
2196 751 2403 812 τούτοις
2461 755 2862 825 διαφερόμεθα,
2915 758 3036 812 οὔτε
3093 762 3247 828 λόγος
3298 766 3392 816 καὶ
3453 765 3631 833 σιωπὴ

367 825 675 894 πεφύκασιν
711 829 858 897 ἡμᾶς
891 832 1288 901 συρῤηγνύναι·
1317 837 1628 894 τούναντίον
1657 841 1765 910 γὰρ
1821 844 2022 911 μᾶλλον
2052 847 2147 898 καὶ
2177 847 2517 902 διαλλάττειν
2552 851 2822 914 δοκοῦσιν,
2893 856 3049 926 εἴπερ
3088 858 3144 908 ὲν
3195 857 3293 926 ἴσῳ
3369 863 3434 930 τῆ
3502 878 3629 929 συγ.

368 923 656 976 καταθέσει
716 928 776 976 τὸ
826 927 925 994 τῆς
966 927 1124 996 σιγῆς
1175 933 1270 984 καὶ
1321 931 1424 986 ὑπδ
1475 935 1586 989 τῶν
1636 939 1933 992 πολιτικῶν
1974 941 2320 1011 λαμϐάνεται
2400 947 2583 1016 νόμων
2621 965 2633 978 ·
2674 950 2808 1018 πρὸς
2860 949 2916 1003 δὲ
2961 951 3051 1003 τὸν
3087 953 3447 1006 συναινοῦντα
3482 956 3638 1009 πόλε-

369 1032 465 1082 μος
495 1015 670 1078 οὐδεὶς
696 1017 818 1070 οὐδὲ
854 1018 1004 1089 μάχη
1036 1021 1114 1090 τῷ
1142 1038 1204 1089 γε
1240 1025 1366 1078 νοῦν
1411 1028 1612 1098 ἔχοντι.

437 1109 496 1160 Et
531 1109 628 1177 μὲν
648 1107 742 1162 οὖν
775 1111 931 1163 ἄλλον
955 1116 1078 1168 τινὰ
1104 1116 1306 1186 τρόπον
1334 1120 1396 1172 ἐκ
1437 1122 1547 1173 τῶν
1576 1123 1679 1192 τῆς
1717 1125 1947 1195 Ἐκκλη-

365 1201 484 1263 σί;-ς
513 1201 540 1252 δ
564 1202 853 1255 δασκάλων
895 1205 1114 1275 εἴχομεν
1153 1209 1460 1278 εἰληφότες,
1567 1216 1665 1280 τὰς
1711 1217 1770 1282 ἐξ
1800 1220 1948 1271 ἐκεί-ι

361 1311 470 1346 νων
532 1297 667 1364 ἡμῖν
739 1299 1180 1370 άποτικτομένας
1226 1307 1676 1378 ἀμφισϐητήσεις
1721 1313 1944 1366 λύεσθαι

359 1384 465 1447 δεῖ,
497 1391 588 1439 καὶ
619 1381 661 1454 ᾧ
696 1389 1044 1458 δυνησόμεθα
1078 1399 1378 1450 συνάπτειν
1405 1402 1651 1466 ἐκείνους
1677 1405 1733 1455 ἐν
1769 1401 1849 1467 οἷς
1881 1391 1944 1458 ἂν

358 1476 755 1548 διαφερόμενοι
820 1478 1143 1553 φαίνοιντο,
1219 1491 1328 1542 τῶν
1392 1493 1523 1561 ἡμῖν
1585 1496 1947 1565 ἐγνωσμένων

360 1570 574 1622 τούτων
609 1573 1000 1643 ἠμελημένων,
1060 1580 1152 1630 καὶ
1189 1574 1272 1643 οἷς
1316 1583 1556 1652 χρῆσθαι
1611 1586 1745 1654 πρὸς
1784 1587 1948 1658 ἀλλή-

364 1660 493 1721 λους
526 1661 821 1732 εἰώθαμεν,
848 1667 1042 1737 ἐκείνῳ
1071 1669 1134 1738 δὴ
1165 1671 1259 1723 καλ⁸
1286 1676 1577 1742 χρηστέον.
1617 1678 1678 1730 Ei
1705 1677 1761 1730 δὲ
1789 1679 1948 1732 τοῦτο

368 1750 473 1818 μὲν
503 1752 600 1804 οὐκ
655 1754 800 1807 ἔστιν
850 1759 1055 1827 εὑρεῖν,
1093 1761 1152 1812 ού
1178 1763 1285 1832 γὰρ
1318 1765 1583 1832 ἠδύναντο
1637 1769 1950 1838 ἀνθρώποις

2131 1123 2332 1190 Siquis
2364 1124 2526 1192 igitur
2550 1132 2632 1177 est
2663 1125 2803 1181 alius
2831 1126 3072 1180 modusa
3104 1126 3420 1183 doctoribus
3450 1126 3636 1182 Eccle-

2058 1203 2153 1270 siae
2191 1215 2344 1269 nobis
2403 1216 2656 1278 traditus.
2717 1233 2827 1287 quo
2880 1218 3201 1274 dirimenda:
3251 1220 3362 1274 sint
3408 1228 3633 1275 contro-

2057 1304 2266 1367 versiae,
2297 1322 2414 1374 qua:
2439 1322 2534 1373 per
2591 1307 2713 1360 illos
2777 1308 3050 1369 oriuntur,
3103 1319 3157 1362 et
3209 1324 3317 1377 quo
3359 1309 3634 1377 possimus

2055 1396 2354 1450 conciliare
2396 1397 2515 1451 illos
2549 1398 2690 1450 inter
2724 1415 2802 1461 se,
2841 1400 2930 1452 ubi
2986 1400 3283 1454 dissentire
3337 1401 3588 1455 videntur
3620 1419 3634 1465 ;

2056 1487 2388 1557 posthabitis
2421 1489 2570 1542 hisee
2601 1504 2740 1556 quos
2767 1491 3040 1553 tt0vimtts,
3069 1500 3122 1544 et
3149 1492 3349 1560 quibus
3387 1493 3463 1545 uti
3496 1493 3637 1546 inter

2060 1591 2159 1630 nos
2189 1580 2452 1638 solemus,
2485 1593 2581 1646 age
2609 1578 2757 1631 illum
2787 1579 3160 1634 adhibeamus.
3209 1580 3316 1635 Sed
3374 1582 3419 1635 si
3476 1581 3634 1635 talem

2059 1669 2299 1740 reperire
2330 1670 2547 1722 moduni
2584 1686 2691 1723 non
2717 1671 2886 1736 licet;
2922 1687 3098 1741 neque
3157 1673 3302 1727 enim
3360 1682 3632 1742 poterant,

2060 1774 2184 1813 cum
2219 1772 2399 1812 sermo
2429 1757 2538 1811 illis
2568 1767 2710 1813 esset
2737 1759 2800 1813 ad
2833 1761 3080 1814 homines
3113 1770 3353 1815 nostram
3386 1772 3438 1816 et
3503 1762 3636 1830 ipsis

362 1858 424 1895 τε
458 1843 834 1914 διαλεγόμενοι
890 1851 985 1903 καὶ
1046 1851 1204 1906 αὐτοὶ
1253 1854 1352 1923 τὴν
1404 1857 1683 1926 ἡμετέραν
1727 1858 1946 1928 ἔχοντες

2061 1859 2310 1903 naturam
2351 1851 2678 1905 habentibus
2715 1870 2727 1917 ;
2757 1861 2809 1906 et
2837 1869 2930 1922 per
2948 1864 3237 1910 consuetos
3269 1856 3434 1909 hosce
3451 1856 3638 1909 conci-

366 1932 558 2000 φύσιν,
590 1930 673 1998 οἷς
707 1938 752 1990 δ’
796 1941 886 1992 ἐπὶ
918 1940 1030 1993 τῶν
1069 1943 1307 2015 Γραφῶν
1357 1949 1510 2000 αὐτοὶ
1561 1953 1674 2012 τοῖς
1734 1952 1951 2004 εἰωθόσι

363 2024 582 2088 τούτοις
640 2029 750 2081 τῶν
802 2030 1112 2101 διαλλαγῶν
1164 2038 1476 2107 ἐχρήσαντο
1532 2042 1798 2111 τρόποις,
1859 2046 1953 2098 καὶ

366 2117 503 2184 ήμῖι
534 2119 747 2172 ἐοίκασι
777 2124 1177 2190 συμϐουλεύειν
1213 2131 1335 2200 μηδ’
1369 2131 1460 2184 ἐπ’
1494 2134 1677 2189 αύτῶν
1708 2135 1954 2205 βελτίους

363 2207 562 2271 ἄλλους
597 2210 819 2280 ζητεῖν,
854 2215 1017 2284 ἡνίκα
1056 2217 1122 2296 διν
1173 2219 1267 2290 δέῃ
1318 2226 1752 2290 συμφωνοῦντας
1789 2227 1956 2298 ἀλλή-

339 2301 482 2363 ’λοις
510 2302 850 2372 δείκνυσθαι,
894 2307 1018 2360 οὔτε
1057 2313 1452 2380 παραιτεῖσθαι
1484 2316 1567 2368 δεῖ
1596 2318 1695 2386 τὴν
1727 2319 1956 2373 ἐκείνων

367 2393 631 2462 εἰρήνην,
673 2390 738 2467 ἧς
779 2396 1016 2469 ἤρτηται
1059 2402 1124 2453 τά
1160 2403 1259 2470 τῆς
1313 2406 1473 2474 ἡμῶν
1506 2410 1783 2476 ὁμονοίας,
1827 2409 1953 2464 οὔτε

365 2485 625 2554 δυσχερές
678 2489 827 2541 ἐστιν
885 2489 966 2555 οἷς
1024 2495 1109 2562 ἐφ’
1153 2497 1311 2566 ἡμῶν
1365 2500 1706 2570 ἐχρησάμεθ⁹
1738 2504 1805 2557 ἂν
1858 2507 1952 2574 τῆς

369 2579 625 2645 ὁμονοίας
658 2583 928 2651 σημείοις,
985 2587 1074 2639 διὰ.
1123 2590 1334 2642 τούτων
1371 2592 1468 2658 τὴν
1505 2595 1812 2664 σύμπνοιαν
1862 2600 1952 2650 καὶ

369 2674 429 2723 τὸ
461 2677 680 2739 φρονεῖν
713 2675 918 2744 ὸδελιρα
949 2680 1230 2744 κάκείνοις
1264 2684 1624 2752 ψηφίζεσθαι.
1655 2688 1794 2743 Οὔτε
1833 2693 1953 2743 κίν-

367 2764 524 2816 δυνόν
548 2783 670 2817 τινα
703 2770 982 2833 προσεῖναι
1022 2771 1100 2840 τῷ
1149 2775 1434 2844 πράγματι
1504 2781 1788 2834 πιστεύειν
1816 2783 1954 2846 ὅλως

369 2858 543 2918 εἰκός.
575 2859 816 2927 Ἔμοιγε
843 2863 950 2932 γὰρ
981 2865 1292 2920 τούναντίον
1345 2871 1547 2938 μᾶλλον
1578 2874 1744 2936 δοκεῖ,
1788 2877 1980 2947 μηδὲν

371 2951 439 3005 ἂν
467 2952 884 3024 ἀσφαλέστερον
915 2957 1107 3010 τούτου
1138 2961 1396 3027 γενέσθαι
1429 2967 1543 3028 τοῖς
1574 2967 1806 3030 εύθύνας
1838 2969 1953 3038 βίου

370 3061 430 3095 τε
485 3045 582 3096 καὶ
620 3045 778 3114 δόξης
812 3049 1016 3112 ὁμοίως
1070 3052 1265 3104 δώσειν
1301 3053 1682 3124 ὑπειληφόσιν.
1739 3062 1798 3113 Ei
1847 3064 1954 3132 γὰρ

2058 1940 2344 1994 liatiouutn
2381 1940 2596 2004 modos,
2627 1942 2825 2010 quibus
2855 1943 2953 2010 ipsi
2982 1944 3065 1997 usi
3096 1954 3226 1997 sunt
3285 1944 3352 1996 ad
3411 1960 3636 2012 compo-

2057 2033 2237 2087 nenda
2271 2032 2571 2100 Seriptorm
2598 2033 2737 2098 loca,
2771 2034 2931 2090 nobis
2957 2034 3008 2088 id
3042 2036 3258 2090 concilii
3291 2037 3420 2090 dare
3451 2037 3637 2091 viden-

2058 2134 2168 2188 tur,
2205 2133 2264 2178 ut
2293 2125 2473 2179 nullos
2498 2141 2809 2194 quaeramus
2838 2126 3117 2192 meliores,
3147 2143 3241 2195 per
3284 2143 3424 2195 quos
3478 2145 3638 2197 opor-

2060 2227 2188 2283 teat,
2227 2234 2350 2274 cum
2379 2233 2515 2286 opus
2549 2218 2729 2282 fuerit,
2767 2220 2997 2288 probare
3033 2219 3277 2288 ipsorum
3301 2236 3520 2290 quoque
3542 2223 3638 2275 do-

2057 2322 2268 2363 ctorum
2297 2310 2771 2375 convenientiam;
2801 2309 3046 2379 profecto
3075 2326 3172 2365 nec
3202 2326 3391 2380 pacem
3418 2312 3630 2365 illorum

2057 2401 2317 2456 debemus
2358 2403 2579 2455 missam
2617 2401 2820 2467 facere,
2851 2417 2913 2455 ex
2947 2418 3054 2471 qua
3078 2399 3272 2472 pendet
3304 2413 3490 2458 nostra
3509 2420 3637 2458 cou-

2056 2496 2237 2548 cordia
2271 2511 2287 2561 ;
2321 2510 2418 2548 nec
2444 2494 2660 2548 dillicile
2691 2503 2793 2557 est,
2833 2511 2926 2564 per
2953 2512 3072 2564 qua:
3098 2511 3196 2550 nos
3217 2495 3368 2564 signa
3391 2506 3636 2550 nostram

2057 2587 2496 2656 signiticaremus
2529 2588 2901 2653 concordiam,
2936 2604 3028 2657 per
3057 2589 3168 2642 haec
3202 2589 3389 2643 eadem
3419 2590 3633 2643 illorum

2056 2681 2492 2734 convenientiam
2525 2691 2579 2736 et
2626 2685 3041 2736 consensionem
3104 2682 3401 2737 declarare.
3454 2682 3639 2750 Neque

2059 2773 2226 2824 ullutn
2263 2773 2485 2825 omnino
2517 2772 2616 2825 hac
2643 2772 2694 2824 in
2724 2788 2781 2824 re
2805 2772 3104 2840 perieulum
3136 2775 3364 2826 subesse
3403 2789 3636 2826 censen-

2058 2865 2187 2917 dum
2213 2875 2296 2916 est
2326 2879 2343 2927 ;
2373 2852 2504 2914 mihi
2533 2862 2676 2916 enim
2707 2863 2921 2916 videtur
2958 2864 3137 2931 potius
3164 2863 3525 2926 contrarium,
3554 2866 3635 2917 ni-

2060 2956 2131 3009 hil
2165 2971 2322 3026 posse
2354 2957 2524 3011 tutius
2555 2957 2869 3026 eontingere
2910 2957 3246 3018 hominibus,
3285 2959 3379 3026 qui
3412 2972 3470 3012 se
3491 2959 3636 3011 exis-

2061 3050 2254 3102 timant
2284 3048 2592 3104 reddituros
2627 3049 2891 3102 rationem
2928 3050 3048 3103 vita:
3083 3050 3285 3118 pariter
3316 3065 3379 3104 ac
3432 3051 3645 3119 opinio.

373 3136 596 3203 καὶτῆς
642 3137 899 3204 ἀληθείας
957 3141 1262 3210 ἐμέλλομεν
1317 3145 1491 3217 ταύτῃ
1544 3148 1951 3219 διαμαρτάνειν,

2061 3141 2167 3196 nis.
2201 3141 2464 3206 Quamvis
2495 3141 2637 3194 enim
2671 3141 2742 3194 ita
2778 3141 3018 3195 futurum
3048 3153 3212 3204 esset,
3249 3152 3300 3194 ut
3333 3158 3359 3194 a
3415 3143 3643 3195 veri-tate

375 3231 537 3298 ἱκανὴ
570 3234 702 3300 πρὸς
733 3224 868 3284 Θεὸν
902 3234 1034 3302 ἡμῖν
1077 3237 1140 3288 ἂν
1171 3236 1258 3301 εἴη
1317 3241 1670 3310 παραίτησις,
1715 3245 1775 3296 τὸ
1824 3244 1951 3314 βου-

373 3322 608 3390 ληθῆναι
667 3325 766 3392 μὲν
820 3328 1047 3395 εἰρήνην
1109 3329 1267 3397 ἄγειν
1342 3333 1484 3399 μετὰ
1543 3335 1813 3403 πολέμους
1851 3355 1952 3406 μα-

375 3416 566 3483 κροὺς,
599 3417 693 3469 καὶ
725 3419 824 3486 τὴν
864 3418 1033 3488 αὐτὴν
1082 3423 1212 3488 περὶ
1263 3423 1371 3474 τῶν
1407 3425 1538 3492 πρὶν
1569 3427 1949 3496 ἀμφισϐητου-

377 3508 554 3573 μένων
580 3509 805 3577 γνώμην
840 3510 1044 3576 λαϐεῖν,
1089 3513 1309 3575 ἑαυτοῖς
1338 3516 1394 3567 δὲ
1427 3516 1648 3587 θαρρεῖν
1676 3519 1776 3570 οὐκ
1803 3519 1953 3588 ἕχον-

374 3614 472 3658 τας
507 3600 597 3650 ὲττί
633 3599 732 3661 τὰς
770 3600 990 3668 Γραφὰς
1029 3601 1246 3654 ἀπιδεῖν
1282 3605 1376 3656 καὶ
1404 3607 1532 3667 τοὺς
1576 3607 1948 3672 διδασκάλους·

375 3688 713 3756 φαινομένης
743 3690 800 3741 δέ
847 3707 993 3749 τινος
1033 3691 1136 3743 κάν
1185 3691 1403 3754 τούτοις
1452 3696 1750 3766 διαφορᾶς,
1800 3698 1955 3752 ἐνθυ-

377 3780 654 3849 μηθέντας
695 3782 769 3845 ὡς
823 3782 1088 3836 ἀδύνατον
1148 3789 1261 3848 τοῖς
1326 3787 1430 3839 ὑπὸ
1481 3787 1572 3840 τού
1641 3789 1956 3859 ῐΙνεύματος

375 3873 763 3939 ἐνηχουμὲνοις
817 3874 1190 3943 ἐναντιότητός
1269 3894 1322 3929 τι
1384 3878 1478 3930 καὶ
1539 3878 1746 3948 πλάνης
1812 3882 1954 3951 ἴχνος

377 3965 686 4031 προσεῖναι,
723 3965 818 4017 καὶ
867 3965 1232 4035 βουληθέντας
1285 3970 1452 4022 πᾶσιν
1486 3970 1686 4039 ὁμοίως
1722 3974 1821 4042 τὴν
1859 3975 1958 4042 τῆς

377 4052 695 4122 ἁγιωσύνης
732 4053 890 4117 δόξαν
944 4058 1162 4130 τηρεῖν,
1194 4057 1525 4122 διαλλακτὰς
1564 4061 1767 4129 μᾶλλον
1817 4063 1850 4132 ἦ
1883 4064 1961 4116 δι-

379 4145 590 4206 καστὰς
638 4144 823 4198 αὐτῶν
854 4147 1144 4213 γεγονέναι
1173 4164 1186 4180 ο
1223 4150 1319 4201 καὶ
1358 4150 1596 4219 συνάψαι
1638 4152 1739 4220 μὲν
1791 4153 1958 4224 ἀλλη-

377 4235 492 4298 λοις
528 4235 773 4298 ἐκείνους
837 4237 912 4300 ώς
962 4239 1246 4309 ἐνεχώρει,
1307 4242 1646 4310 συναφθῆναι
1698 4242 1744 4295 δ’
1774 4245 1960 4298 ἔπειτα

378 4329 473 4379 καὶ
528 4327 705 4393 αὐτοὶ,
760 4329 856 4380 καὶ
909 4329 1117 4400 ταύτην
1163 4331 1238 4394 ὡς
1291 4334 1710 4404 ἀσφαλεστέραν
1745 4336 1960 4390 ἑλέσθαι

377 4417 480 4485 τῆς
530 4420 757 4487 εἰρήνης
789 4420 930 4488 ὁδὸν,
964 4423 1088 4482 ταῖς
1133 4423 1324 4485 ἄλλαις
1358 4423 1572 4476 πολλῶν
1605 4443 1663 4477 τε
1697 4428 1791 4480 καὶ
1827 4444 1961 4496 προ-

2055 3233 2461 3298 aberraremus,
2496 3233 2688 3286 idonea
2721 3241 2902 3286 tamen
2936 3233 3094 3287 nobis
3123 3244 3265 3287 esset
3297 3235 3437 3302 apud
3476 3235 3640 3287 Deum

2055 3326 2358 3387 excusatio,
2394 3325 2544 3394 quod
2605 3340 2793 3392 pacem
2860 3325 3058 3378 habere
3119 3326 3456 3379 voluerimus
3502 3338 3644 3401 lpost

2054 3414 2214 3484 longa
2249 3414 2499 3479 dissidia,
2524 3415 2892 3485 depositisque
2919 3416 3315 3469 controversiis
3362 3420 3414 3468 in
3479 3433 3640 3469 unam

2056 3522 2249 3562 Omnes
2281 3508 2359 3560 ire
2397 3510 2724 3561 sententiam
2763 3525 2777 3561 :
2810 3524 2932 3561 cum
2969 3523 3096 3560 vero
3165 3507 3321 3560 llOIilS
3385 3508 3485 3576 ipsi
3536 3524 3644 3560 non

2056 3599 2478 3663 conlidet'entus,
2504 3599 2571 3652 ad
2607 3599 2915 3667 Seriptmas
2947 3601 3348 3652 aceurrerimtts
3381 3609 3432 3652 et
3453 3601 3644 3656 docto—

2058 3705 2144 3743 res
2179 3699 2517 3759 :apparente
2554 3706 2678 3741 vero
2716 3690 2767 3741 in
2813 3690 2878 3743 iis
2909 3691 3071 3743 etiam
3106 3690 3472 3758 discrepantia
3506 3707 3643 3758 qua-

2058 3780 2206 3840 dam,
2241 3779 2774 3835 consideravitrimus
2804 3780 3009 3833 nullmu
3034 3795 3153 3833 esse
3173 3797 3331 3848 posse
3357 3780 3642 3847 vestigium

2059 3889 2252 3944 pugna:
2282 3886 2334 3928 et
2367 3873 2573 3928 erroris
2615 3874 2667 3926 itt
2705 3873 2815 3927 illis
2850 3875 2943 3943 qui
2991 3886 3117 3927 sunt
3171 3873 3408 3942 Spiritus
3459 3873 3642 3927 amita

2061 3967 2234 4021 edocti
2273 3979 2287 4020 :
2326 3967 2679 4036 volentesque
2749 3967 3005 4021 omnibus
3077 3951 3229 4036 atque
3318 3983 3645 4021 conservare

2061 4058 2370 4127 Opinionem
2402 4057 2733 4122 sanctitatis,
2796 4057 3177 4110 coneiliatores
3231 4057 3410 4124 potius
3473 4072 3635 4126 quam

2057 4147 2272 4216 judiees
2302 4148 2543 4217 ipsorum
2577 4147 2880 4202 sederimus
2918 4164 2932 4202 :
2963 4157 3016 4202 et
3047 4148 3119 4200 illi
3157 4148 3374 4215 quidem
3413 4164 3442 4201 a
3481 4148 3637 4202 nobis

2063 4237 2242 4307 quoad
2261 4239 2378 4306 ejus
2403 4238 2514 4292 fieri
2539 4239 2714 4307 potuit
2751 4239 2803 4292 in
2831 4256 2991 4292 unam
3027 4240 3233 4292 reducti
3269 4240 3638 4305 concordiam,

2063 4339 2254 4399 postea
2288 4345 2415 4382 vero
2443 4337 2494 4382 et
2525 4345 2621 4383 nos
2653 4331 2789 4382 uniti
2825 4330 3113 4394 fuerimus,
3148 4331 3464 4399 delectaque
3493 4346 3521 4382 a
3547 4346 3641 4382 uo-

2068 4422 2150 4474 bis
2182 4421 2297 4474 haec
2329 4422 2475 4488 pacis
2509 4421 2592 4472 via
2623 4421 2698 4473 uti
2729 4421 2915 4487 tutior,
2968 4421 3091 4473 aliis
3136 4421 3303 4472 multa
3355 4428 3408 4472 et
3471 4420 3645 4472 matti-

381 4510 570 4578 φανῶν
619 4511 887 4565 κινδύνων
944 4512 1399 4584 συνεζευγμένων
1451 4515 1664 4580 τούτοις
1721 4519 1956 4588 ἡγοῦμαι

2068 4515 2205 4565 festa
2244 4511 2572 4568 habentibus
2622 4511 2911 4578 cenjuncta
2971 4511 3232 4578 pericula.
3301 4510 3424 4562 llaec
3487 4511 3646 4576 plane

378 4603 475 4656 καὶ
525 4604 666 4657 πάνυ
699 4605 792 4657 τὸν
827 4605 1217 4677 φιλάνθρωπον
1267 4607 1768 4678 δυσωπηθῆσεσθαι
1808 4611 1962 4663 δικα-

380 4696 535 4764 στὴν,
569 4699 665 4748 καὶ
716 4699 1056 4767 συγγνώμης
1113 4698 1374 4762 ἀξιώσειν
1428 4699 1635 4767 πολλῆς
1682 4701 1809 4764 τοὺς
1844 4703 1964 4754 ἐπι-

381 4787 740 4858 θυμὴσαντας
779 4790 878 4857 μὲν
921 4789 1030 4842 τῶν
1086 4790 1409 4858 μεγίστων,
1453 4791 1747 4859 ἑλομένους
1798 4791 1854 4844 δέ
1908 4810 1962 4844 τι

379 4881 475 4933 καὶ
511 4880 1004 4949 παρακινδυνεύειν
1040 4882 1182 4951 ὑπὲρ
1217 4881 1422 4946 αὐτῶν,
1453 4883 1566 4936 τῶν
1603 4883 1658 4936 δὲ
1696 4883 1962 4936 κινδύνων

383 4975 701 5036 συνιδόντας
729 4992 786 5026 τε
825 4976 919 5026 καὶ
951 4974 1281 5046 στέρξαντας
1331 4977 1422 5026 τδν
1469 4977 1828 5045 κουφότερον.
1863 4970 1961 5038 Οἷς

381 5063 488 5133 γὰρ
538 5064 757 5116 ἅπαντα
823 5062 1075 5132 θεμένοις
1131 5064 1316 5125 καλῶς
1369 5065 1467 5116 ούκ
1525 5065 1806 5134 ἐξεγένετο
1860 5069 1961 5133 τῆς

380 5154 730 5224 ποθουμένης
770 5156 1032 5224 ἀληθείας
1076 5159 1264 5224 τυχεῖν
1296 5199 1310 5220 ,
1345 5157 1554 5210 τούτων
1605 5158 1664 5209 οὐ
1724 5159 1962 5228 πονηρία

379 5245 629 5314 ⁴γνώμης,
663 5245 800 5298 ἀλλὰ
838 5248 903 5314 τῇ
935 5247 1229 5317 δυσχερείᾳ
1276 5248 1376 5317 τῆς
1424 5248 1690 5317 ἀληθείας
1731 5249 1963 5318 ἐπιγρά-

382 5336 583 5402 φεσθαι
614 5336 780 5388 δεῖτὸ
813 5336 1095 5406 ἀτύχημα.
1134 5338 1258 5390 Ὀτι
1292 5338 1392 5408 μὲν
1421 5340 1603 5392 τοίνυν
1630 5341 1754 5402 τοὺς
1791 5340 1867 5410 μὴ
1897 5341 1966 5393 τὰ

382 5425 521 5477 αὐτὰ
565 5427 680 5487 τοῖς
737 5425 955 5479 πλείοσι
1011 5427 1324 5495 φάσκοντας
1378 5428 1688 5497 θεολόγους,
1740 5432 1838 5500 οὐχ
1891 5433 1965 5493 ὡς

383 5515 616 5578 ἐκείνοις
670 5517 1055 5584 ἀντιλέγοντας
1088 5559 1103 5584 ,
1143 5518 1258 5570 ἀλλ’
1291 5519 1366 5582 ὡς
1428 5519 1556 5572 ἄλλο
1614 5538 1666 5572 τι
1708 5521 1968 5588 βουλομέ-

386 5623 508 5672 me;
541 5607 648 5662 τῶν
702 5609 1020 5676 ἀναγκαίων
1062 5610 1553 5680 ἐπισημαίνεσθαι,
1615 5612 1744 5680 περὶ
1797 5611 1842 5664 δ’
1891 5607 1967 5666 ὧν

387 5695 543 5750 εἶπον
597 5699 798 5761 ἐκεῖνοι
860 5701 961 5769 τὴν
1027 5701 1150 5769 ἴσην
1209 5702 1438 5771 ἔχοντας
1476 5701 1728 5770 γνώμην,
1767 5703 1968 5772 πρέπει

387 5792 551 5857 νοεῖν,
611 5790 671 5842 ἐκ
725 5790 938 5844 πολλῶν
992 5791 1168 5846 ἄλλων
1208 5794 1410 5861 ὁμοίων
1448 5793 1775 5862 συνάγεσθαι
1807 5794 1969 5847 δυνα-

2067 4605 2304 4658 arbitror
2363 4602 2860 4656 clementissimum
2908 4601 3146 4670 judicent
3209 4604 3350 4666 atqui
3407 4601 3646 4668 bonique

2068 4697 2364 4756 facturum,
2402 4693 2723 4760 ten’amque
2755 4692 2968 4744 abunde
3003 4693 3252 4744 daturam
3311 4691 3644 4751 hominibus,

2066 4785 2159 4852 qui
2198 4800 2378 4837 rerum
2416 4783 2638 4852 quidem
2670 4784 3031 4836 maximarum
3065 4782 3242 4835 aﬂ‘eeti
3276 4782 3478 4835 iuerint
3503 4781 3647 4833 desi-

2067 4876 2238 4939 derio,
2268 4890 2474 4942 proque
2512 4873 2620 4927 illis
2648 4874 2866 4942 aliquod
2893 4873 3054 4926 etiam
3089 4872 3395 4942 periculum
3461 4870 3648 4923 subire.

2068 4967 2477 5020 voluerintzex
2535 4965 2791 5032 periuriis
2851 4973 3030 5017 autem
3089 4962 3445 5030 cognoverint
3499 4961 3650 5013 adie-

2066 5059 2285 5128 rintque
2322 5058 2680 5112 levissimum.
2719 5056 2928 5122 Quibus
2960 5057 3126 5119 enim,
3173 5055 3262 5108 ubi
3291 5055 3472 5108 omnia
3507 5063 3650 5108 recte

2067 5161 2228 5220 atque
2267 5150 2894 5218 ordinedisposuissent,
2944 5165 3049 5201 non
3101 5147 3362 5202 successit
3388 5156 3653 5216 exoptata:

2068 5241 2314 5295 veritatis
2365 5241 2653 5304 assecutio,
2693 5239 2834 5294 haud
2873 5256 3052 5309 prava:
3099 5241 3319 5294 illormn
3377 5241 3648 5293 voluntati

2067 5331 2225 5384 debet
2253 5330 2448 5382 ascribi
2472 5331 2650 5384 exitus
2682 5329 2890 5389 infelix,
2916 5332 3005 5389 sed
3036 5333 3218 5385 ardu.e
3278 5332 3518 5384 veritatis
3569 5331 3650 5380 iu-

2070 5423 2368 5491 dagationi.
2397 5421 2550 5488 Quod
2578 5423 2744 5491 igitur
2778 5423 3186 5489 intelligendum
3221 5424 3310 5485 sit,
3367 5423 3648 5489 theologos

2069 5515 2162 5581 qui
2197 5528 2301 5564 non
2335 5513 2665 5566 conveniunt
2693 5528 2815 5565 cum
2847 5513 3117 5581 pluribus,
3152 5525 3512 5600 nequaquam,
3542 5511 3649 5566 illis

2072 5605 2374 5670 adversari,
2428 5605 2522 5656 sed
2583 5603 2718 5656 velle
2778 5603 3032 5670 quiddam
3107 5603 3250 5655 aliud
3280 5605 3646 5659 necessarium

2074 5700 2406 5769 signiﬁcare,
2434 5699 2616 5751 cadent
2649 5713 2775 5749 vero
2819 5695 3023 5748 sentire
3070 5709 3192 5761 quin
3247 5693 3320 5746 illi
3365 5695 3432 5748 dc
3487 5697 3648 5751 rebus

2078 5809 2170 5863 per
2195 5807 2285 5846 eos
2316 5792 2524 5860 ι’ΧΡΙίριι
2554 5790 2624 5855 is,
2663 5786 2841 5855 colligi
2866 5793 3040 5854 potest
3066 5800 3129 5838 ex
3155 5786 3337 5842 multis
3357 5788 3473 5843 aliis
3499 5789 3652 5844 sitni-
