4170 6294
603 344 716 407 503

595 474 785 515 eorum
813 465 1145 522 mentionem
1177 467 1312 536 fieri,
1336 479 1391 527 et
1423 475 1824 545 amplissimum
1874 481 1994 537 dari
2029 486 2180 539 testi-

593 552 861 618 monium,
904 557 1049 624 quod
1105 560 1311 629 primas
1352 564 1429 619 illi
1459 569 1683 625 tulerint
1723 573 1941 630 virtutis
1986 586 2041 632 et
2075 580 2174 634 rio-

588 648 813 711 cirime,
848 649 1138 722 minasque
1162 670 1270 711 non
1302 661 1743 721 auscultantibus
1767 674 2023 740 proponi,
2054 687 2176 742 qua:

582 735 782 808 jactari
817 741 992 797 solent
1031 744 1085 800 in
1131 762 1226 803 eos
1258 751 1352 819 qui
1392 769 1580 809 sacras
1610 759 1835 829 paginas
1869 778 1975 818 non
2010 780 2175 821 vene-

590 838 808 909 rantur.
845 831 1033 904 Neque
1062 840 1209 893 enim
1248 854 1343 897 aut
1371 845 1570 916 dogma
1613 850 1872 920 exiguum
1910 865 2013 921 est,
2057 858 2176 929 dig—

588 937 830 994 numque
889 929 1036 997 quod
1108 943 1544 1007 contemnatur;
1604 954 1700 997 aut
1765 948 1989 1013 putandi
2046 960 2175 1005 sum

587 1014 707 1079 illi,
756 1020 905 1087 quod
956 1022 1151 1079 fratres
1201 1027 1449 1085 colerent
1502 1034 2012 1109 observarentque,
2072 1040 2173 1098 vo-

585 1106 755 1165 luisse
826 1114 1215 1184 parvipendere
1262 1126 1614 1191 sententiam,
1645 1144 1768 1199 quae
1828 1106 1933 1187 sibi
1988 1144 2174 1190 tanto-

586 1214 714 1266 pere
761 1203 1118 1275 displiceret,
1159 1222 1212 1265 ct
1245 1224 1774 1287 corrumpendorutu
1825 1237 2170 1296 posterorum

585 1294 830 1348 omnium
868 1308 1122 1357 auctores
1154 1305 1255 1373 ipsi
1287 1307 1477 1364 videri.
1509 1312 1665 1378 Quod
1693 1316 1736 1369 si
1768 1294 1864 1380 per
1893 1320 2069 1374 solum
2099 1323 2172 1376 si-

585 1383 816 1441 lentium
853 1404 1149 1460 sperarunt
1179 1411 1237 1452 se
1269 1399 1553 1456 victoriam
1591 1383 1972 1475 reportaturus
2009 1413 2078 1467 ab
2109 1414 2173 1468 iis

589 1479 683 1545 qui
722 1482 885 1537 verba
914 1484 1180 1553 fecerunt,
1219 1499 1273 1544 et
1315 1507 1679 1560 persuasuros
1728 1503 1987 1560 omnibus
2013 1514 2074 1560 ut
2106 1508 2174 1562 ab

586 1566 804 1623 illorqu
833 1578 1104 1630 sententia
1131 1580 1512 1648 abhorrerent,
1557 1603 1658 1644 nec
1697 1593 2015 1649 eruditione
2038 1613 2177 1664 prte-

585 1660 888 1727 stantium,
936 1680 1037 1721 nee
1084 1670 1372 1727 doctorum
1422 1675 1474 1728 id
1530 1677 1666 1734 foret
1706 1700 1720 1736 :
1763 1694 2175 1753 exspectassent

584 1750 731 1805 enim
766 1753 1150 1825 impossibilia,
1190 1778 1312 1833 qum
1346 1769 1507 1825 etiam
1542 1787 1651 1827 non
1684 1788 1984 1833 evenerunt
2010 1796 2170 1836 :nam

584 1848 823 1902 maxima
872 1859 925 1905 et
960 1857 1244 1921 potissima
1286 1863 1437 1918 orbis
1470 1874 1738 1922 terrarum
1788 1885 1912 1938 pars
1945 1888 2040 1929 eos
2081 1890 2172 1930 sc—
2208 1862 2249 1919 Β

584 1939 793 2007 quitur,
837 1943 928 2010 qui
957 1945 1023 2000 de
1075 1949 1177 2006 hoc
1206 1954 1458 2024 dogmate
1507 1966 1637 2014 sunt
1669 1961 1860 2017 locuti.
1898 1965 2031 2022 Esse
2074 1984 2172 2023 au-

582 2039 689 2085 tem
718 2034 1003 2092 ducturum
1044 2043 1317 2113 dixerim,
1351 2066 1459 2104 non
1494 2068 1615 2121 qua:
1649 2066 1792 2111 recta
1827 2068 1957 2113 sunt
1989 2061 2168 2129 effari,

583 2131 635 2174 et
686 2138 860 2193 prava
914 2137 1123 2186 tantum
1177 2139 1560 2208 supprimere;
1598 2146 1692 2199 sed
1741 2147 1855 2204 lucc
1906 2151 2068 2205 etiam
2116 2154 2167 2207 in

587 2214 826 2272 medium
863 2221 1129 2288 proferre,
1166 2237 1332 2297 atque
1378 2247 1569 2290 omnes
1619 2236 1826 2293 hortari
1878 2248 1935 2294 ut
1986 2258 2047 2297 ea
2087 2243 2172 2298 fu-

586 2306 771 2375 giant;
830 2318 885 2365 et
916 2328 981 2368 eo
1028 2318 1202 2387 magis
1234 2330 1387 2387 tunc,
1415 2338 1536 2378 cum
1574 2327 1688 2382 hinc
1735 2332 1850 2399 ipsa
1880 2331 2172 2389 laudantur

582 2398 652 2451 ab
680 2402 824 2470 aliis,
861 2414 914 2459 et
949 2408 1168 2477 plurimi
1196 2412 1325 2468 fiunt
1362 2417 1494 2471 viris
1525 2427 1584 2472 et
1616 2398 1974 2492 ipsisidoctis,
2005 2435 2171 2496 atque

579 2491 646 2545 ad
683 2499 1121 2562 persuadendum
1159 2504 1391 2563 idoneis.
1420 2510 1527 2564 Aut
1553 2512 1597 2567 si
1627 2515 1854 2571 omnino
1882 2533 1978 2587 per
2003 2491 2167 2574 silen-

581 2585 714 2640 tium
745 2587 795 2641 id
826 2605 884 2645 se
912 2591 1199 2652 eﬂecturos
1218 2600 1628 2669 existimabant,
1659 2616 1714 2659 at
1734 2585 1937 2663 certeva
1966 2627 2170 2679 praecu-

578 2677 685 2733 niis
716 2683 1016 2741 abstinere
1054 2689 1346 2756 debebant,
1376 2707 1424 2747 ei
1458 2709 1488 2749 a
1533 2710 1749 2753 summo
1782 2700 2008 2756 honoris
2032 2711 2168 2757 tem~

579 2786 772 2840 perare
808 2776 1046 2842 cumulo,
1082 2779 1208 2832 dum
1240 2795 1335 2837 eos
1373 2795 1636 2840 ornarent
1662 2788 1941 2855 laudibus,
1974 2793 2066 2861 qui
2101 2796 2168 2848 de

582 2869 684 2920 hoc
716 2866 971 2936 dogmate
998 2870 1353 2941 disputarunt
1382 2894 1396 2930 :
1427 2880 1663 2935 scientes
1709 2897 2025 2939 sermonem
2070 2888 2168 2942 ho-

581 2959 863 3011 norarium
909 2961 1125 3016 silentio
1174 2965 1312 3020 nihil
1348 2951 1646 3026 attestaute
1691 2973 1814 3040 plus
1848 2975 2163 3034 valiturum.

581 3048 879 3117 Oportebat
906 3053 1048 3107 cnim
1083 3054 1219 3110 nihil
1249 3059 1475 3115 omnino
1505 3062 1704 3133 dicere,
1742 3076 1795 3123 et
1829 3083 1895 3123 eo
1934 3080 2165 3126 conten~

578 3149 664 3197 tos
701 3159 825 3199 esse
849 3185 863 3212 ,
902 3148 948 3200 si
989 3162 1179 3203 eorum
1214 3152 1307 3221 qui
1340 3154 1614 3223 dogmatis
1651 3161 1987 3220 mentionem
2023 3166 2163 3223 fece-

578 3245 707 3291 runt
739 3238 882 3293 dicta
917 3253 1089 3297 sacra:
1125 3242 1426 3316 Scriptum
1462 3251 1640 3307 verbis
1669 3260 2157 3327 erantcontraria;

581 3337 673 3381 aut
700 3330 746 3383 si
779 3346 875 3399 per
901 3331 992 3386 illa
1022 3333 1185 3388 fiebat
1219 3345 1279 3390 ut
1313 3338 1523 3409 aliquid
1556 3357 1622 3398 ex
1659 3345 1930 3403 confessis
1983 3354 2156 3406 everti

574 3422 865 3481 manifeste
897 3426 1266 3498 contingeret.
1314 3431 1470 3490 Nunc
1513 3447 1694 3492 autem
1731 3455 1856 3495 cum
1889 3442 2027 3498 nihil
2058 3447 2162 3499 tale

573 3515 666 3580 sit,
699 3516 982 3590 suli'ragari
1019 3523 1165 3577 nulla
1191 3539 1278 3578 res
1300 3536 1478 3595 potest
1513 3544 1704 3585 eorum
1742 3533 1981 3602 silentio,
2015 3540 2159 3607 quod

574 3624 705 3663 sane
740 3626 1001 3668 assensus
1034 3616 1216 3683 potius
1248 3618 1562 3687 Opinionem
1596 3637 1706 3692 pra:
1737 3640 1797 3680 se
1831 3624 1958 3701 fert,
1995 3645 2156 3699 quam

574 3700 716 3773 fugae
774 3713 830 3758 et
877 3707 1205 3777 negationis.
1254 3708 1361 3766 Sed
1409 3723 1553 3779 esto,
1587 3714 1740 3769 ’nibii
1777 3717 1849 3772 illi
1896 3700 2156 3788 dixerint,

575 3795 948 3863 iruprobautes
993 3799 1212 3868 quidem
1257 3807 1615 3868 sententiam.
1649 3809 1742 3862 sed
1791 3809 2021 3866 fratrum
2066 3814 2161 3869 ho-

577 3888 695 3942 uori
742 3890 1125 3957 consulentes,
1162 3893 1402 3963 litesque
1423 3905 1476 3950 et
1511 3912 1724 3969 pugnas
1773 3904 2017 3959 excitare
2066 3922 2161 3961 no-

575 3984 776 4049 lentes,
816 4001 928 4039 rem
982 3987 1327 4043 obvolverint
1348 3991 1584 4061 silentio,
1619 3997 1857 4063 atquein
1888 3999 2162 4069 profundo

573 4076 758 4131 cordis
804 4077 1206 4134 dissensionem
1267 4083 1616 4141 occultarint.
1664 4085 1867 4144 Verum
1898 4096 1980 4162 {ex
2032 4095 2156 4171 hoc,

576 4182 704 4221 cum
736 4167 1042 4223 formidinis
1069 4180 1124 4225 et
1155 4173 1439 4240 pravitatis
1470 4179 1785 4247 susp’cione
1815 4197 1922 4237 non
1957 4167 2158 4251 careat,

577 4259 822 4311 futurum
854 4269 973 4314 erat
1026 4268 1084 4314 ut
1126 4276 1231 4314 non
1271 4264 1444 4334 magis
1480 4269 1660 4321 rmteri
1713 4285 1903 4328 omnes
1932 4291 2054 4329 cum
2094 4278 2161 4334 iis

577 4349 1069 4420 cnnjuugerentur,
1106 4368 1271 4424 quam
1308 4354 1495 4423 api-rte
1526 4358 1995 4431 rlisjungerentur.
2022 4363 2157 4422 Nam

576 4453 704 4497 ante
734 4445 918 4499 omnia
963 4444 1031 4501 de
1084 4446 1311 4501 veritate
1343 4449 1607 4507 sollicitos
1660 4469 1785 4511 esse
1833 4456 1955 4514 illos
1999 4475 2162 4530 opor-

1645 364 2019 431 GENNADII
2052 373 2160 436 ΟΡ.
2202 378 2721 451 ΡΛΤΒΙᾹΒΟΗΕ

3762 401 3866 469 τοι

2210 504 2256 560 Α
2290 492 2444 565 ίεράς
2468 499 2695 571 Γραφάς
2729 503 3095 573 ἀτιμάζουσιν
3128 506 3398 566 ἀπειλεῖν.
3442 509 3586 566 θῦτε
3620 511 3732 582 γὰρ
3787 533 3870 586 μι-

2281 591 2415 658 κρόν
2443 608 2497 645 τι
2522 592 2582 646 τὸ
2602 592 2782 665 δόγμα
2804 595 2899 649 καὶ
2925 592 3038 652 οἷον
3061 597 3130 652 ἀν
3174 602 3691 673 καταφρονηθῆναι,
3743 604 3866 660 οὔτε

2280 687 2347 755 τῇ
2380 687 2510 756 περὶ
2545 687 2673 751 τοὺς
2709 688 2978 759 ἀδελφοὺς
3010 676 3271 764 εὐλαϐείᾳ
3300 692 3462 764 δόξης
3488 693 3665 761 οὕτως
3687 698 3867 762 αὐτοῖς

2279 781 2710 851 ἀπαρεσκούσης
2748 783 3038 853 ὀλιγωρεῖν
3077 784 3144 840 ἀν
3173 785 3591 857 ἠϐουλήθησαν,
3634 790 3729 843 καὶ
3771 788 3866 860 τῆς

2279 872 2389 925 τῶν
2416 874 2555 940 μετά
2586 872 2761 928 ταῦτα
2786 876 3006 930 πάντων
3038 877 3248 946 φθορᾶς
3284 879 3437 933 αὐτοί¹
3466 879 3648 933 δοκεῖν
3676 880 3861 937 αῐττοι.

2290 963 2454 1017 Ἀλλὰ
2483 965 2591 1036 μὴν
2618 966 2667 1019 εί
2696 965 2778 1036 τῷ
2811 967 3038 1036 σιγῆσαι
3061 968 3225 1037 μόνον
3248 971 3490 1039 ἦλπισαν
3515 986 3581 1023 πε
3593 970 3869 1040 ριέσεσθαι,

2278 1056 2388 1107 τῶν
2420 1056 2705 1123 εἰπόντων,
2735 1058 2831 1112 καὶ
2860 1060 3073 1112 πείσειν
3098 1059 3310 1123 πάντας
3339 1063 3441 1131 τῆς
3463 1061 3689 1114 ἐκείνων
3708 1060 3864 1130 δόξης

2279 1150 2641 1216 ἀφίστασθαι,
2672 1150 2798 1207 οὔτε
2829 1152 2966 1224 πρὸς
3000 1154 3182 1223 σοφῶν
3202 1150 3328 1207 οὔτε
3361 1153 3503 1224 προς
3526 1153 3862 1209 διδασκάλων

2277 1243 2436 1297 τοῦτό
2461 1245 2511 1313 γ’
2544 1245 2610 1299 ἂν
2638 1240 2704 1317 ἦν
2731 1262 2745 1276 ο
2778 1247 2847 1299 τά
2871 1262 2925 1300 τε
2952 1248 3061 1316 γὰρ
3108 1246 3631 1316 ἀδύναταγίνεσθαι
3666 1237 3885 1333 προσεξ

2276 1335 2473 1390 δὸκων·
2508 1333 2703 1393 οὔκουν
2732 1340 2854 1394 οὐδὲ⁵
2887 1340 3200 1408 γεγόνασιν,
3237 1339 3376 1394 ἀλλά
3399 1339 3463 1394 τδ
3487 1340 3741 1394 πλεῖστον
3769 1339 3861 1395 νῦν

2275 1424 2377 1490 τῆς
2409 1428 2738 1499 οἰκουμένης
2769 1430 2864 1483 καὶ
2905 1428 3196 1484 κάλλιστον
3227 1429 3366 1499 μετὰ
3401 1427 3513 1484 τῶν
3558 1428 3860 1500 εἰρηκότων

2277 1519 2417 1571 ἐστί·
2443 1521 2539 1574 καὶ
2566 1520 2903 1575 διδασκάλων
2930 1520 3142 1591 εἴποιμ’
3173 1520 3240 1575 ἂν
3265 1521 3328 1575 οὗ
3357 1519 3420 1575 τδ
3455 1520 3525 1574 τά
3558 1519 3660 1592 μὲν
3680 1521 3857 1589 ἀγαθά

2276 1611 2485 1681 λέγειν,
2522 1611 2590 1665 τὰ
2619 1612 2676 1665 δὲ
2728 1610 2908 1682 ιραῦλα
2942 1615 3103 1682 μόνον
3158 1613 3341 1685 σιγᾷν,
3376 1612 3516 1667 ἀλλά
3540 1612 3640 1666 καὶ
3687 1612 3857 1667 ταῦτα

2279 1704 2552 1772 παράγειν
2591 1705 2673 1766 είς
2704 1704 2892 1773 μέσον,
2926 1704 3022 1758 καὶ
3069 1701 3294 1772 φεύγειν
3327 1703 3500 1758 ἅπασι
3532 1704 3821 1773 παραινεῖν
3842 1721 3858 1736 ο

2279 1797 2372 1850 καὶ
2411 1795 2590 1866 πολλῷ
2622 1796 2829 1864 μᾶλλον
2858 1797 3061 1849 ὁπόταν
3098 1794 3203 1851 ὗπό
3235 1810 3400 1851 τινων
3434 1794 3612 1849 ἄλλων
3636 1791 3859 1865 ἐπαινῆ-

2278 1907 2367 1943 ται
2393 1888 2586 1954 ταῦτα,
2625 1886 2721 1942 καὶ
2753 1888 2847 1942 τοῦ
2884 1888 3087 1951 παντὸς
3118 1886 3246 1953 ἀξια
3276 1889 3558 1959 κρίνηται,
3590 1890 3859 1944 κάκείνων

2279 1979 2460 2051 σοφῶν
2492 1981 2584 2033 καὶ
2614 1980 2823 2033 πείθειν
2853 1980 3022 2034 ὄντων
3047 1980 3236 2047 ἀξίων.
3268 1980 3333 2034 Ei
3363 1980 3421 2034 δὲ
3459 1982 3554 2035 καὶ
3577 1981 3679 2053 τὴν
3704 1980 3856 2052 σιγὴν

2212 2125 2219 2131 .
2275 2074 2412 2138 ὅλως
2441 2073 2694 2143 ἐνόμιζον
2728 2074 2878 2128 τοῦτ’
2902 2073 3037 2127 αὐτὸ
3072 2072 3558 2153 καταπράεασθαι,
3587 2074 3697 2128 ἔδει
3735 2075 3854 2143 φεί-

2273 2166 2460 2221 δεσθαι
2491 2166 2600 2219 τῶν
2626 2165 3048 2238 ἀνακηρύξεων,
3082 2167 3176 2220 καὶ
3211 2168 3289 2238 μὴ
3321 2168 3436 2231 τοῖς
3466 2168 3612 2223 κατά
3636 2166 3746 2223 τῶν
3777 2166 3856 2220 εί-

2275 2257 2489 2310 πόντων
2514 2257 2761 2320 Ξπαίνοις
2792 2258 2977 2312 πᾶσαν
2999 2254 3313 2325 ὑπερϐολὴν
3344 2255 3514 2326 τιμῆς
3542 2254 3853 2326 παρελθεῖν,

2273 2347 2483 2412 εἰδότας
2514 2347 2590 2412 ὡς
2643 2349 2800 2418 λόγος
2834 2349 2975 2418 μετὰ
3025 2344 3197 2419 τιμῆς
3256 2348 3471 2417 σιωπῆς
3530 2347 3853 2420 ἀμαρτύρου

2275 2440 2502 2512 βελτίων
2538 2441 2714 2495 ἔσται·
2749 2442 2857 2496 ἔδει
2891 2442 3002 2513 γάρ
3024 2440 3314 2511 ἀγαπῆσαι
3354 2440 3516 2511 μόνον
3564 2440 3853 2510 σιγῶντας,

2272 2534 2320 2587 εί
2352 2533 2420 2586 τὰ
2459 2533 2569 2586 τῶν
2603 2530 2876 2588 εἷπόντων
2905 2535 3018 2598 τοῖς
3045 2534 3211 2605 ίεροῖς
3232 2534 3438 2602 λογίοις
3469 2532 3793 2601 ἀνθίστατο,
3820 2532 3852 2603 ἦ

2270 2623 2329 2676 εῐ
2345 2641 2396 2677 τι
2419 2622 2529 2677 τῶν
2552 2624 3011 2694 ὁμολογουμένων
3035 2623 3094 2690 ἐξ
3122 2623 3303 2677 αὐτῶν
3329 2623 3581 2693 φανερῶς
3609 2624 3855 2679 συνέϐαι-

2270 2732 2361 2770 νεν
2418 2716 2805 2789 ἀναιρεῖσθαι·
2834 2717 2931 2771 νῦν
2989 2716 3046 2771 δὲ
3099 2716 3332 2785 μηδενὸς
3381 2718 3537 2781 ὄντος
3585 2718 3849 2780 τοιούτου,

2270 2806 2577 2875 ἀϐοήθητος
2609 2806 2789 2870 αὐτοῖς
2825 2807 2858 2877 ἡ
2892 2807 3075 2878 σιωπὴ
3105 2807 3485 2872 κατελείπετο,
3515 2810 3611 2861 καὶ
3639 2824 3849 2876 συγκαο

2268 2898 2543 2962 ταθέσεως
2579 2899 2783 2969 μᾶλλον
2823 2897 3072 2969 ῆ’φυγῆς
3118 2899 3216 2953 καὶ
3261 2899 3551 2974 ἀρνήσεως
3607 2903 3850 2969 φέρουσα

2267 2989 2445 3057 δόξαν.
2477 2990 2690 3044 Κείσθω
2711 2991 2766 3045 δὲ
2806 2991 2903 3046 καὶ
2929 2994 3345 3061 κατεγνωκότας
3373 2993 3476 3063 μὲν
3519 2993 3624 3047 οὒκ
3653 2988 3849 3058 είπεῖν,

2268 3085 2443 3153 φειδοῖ
2472 3085 2530 3138 δὲ
2565 3084 2666 3155 τῆς
2695 3085 2805 3138 τῶν
2833 3084 3089 3155 ἀδελφῶν
3109 3085 3339 3157 ἀτιμίας
3383 3087 3482 3139 καὶ
3513 3086 3590 3157 τῷ
3621 3086 3698 3159 μὴ
3722 3085 3849 3157 βού-

2190 3212 2234 3272 C
2267 3176 2459 3231 λεσθαι
2489 3177 2729 3249 πόλεμον
2756 3176 2998 3249 ἐγείρειν
3028 3176 3123 3232 καῖ
3175 3179 3376 3249 μάχην,
3407 3178 3500 3233 ἐπὶ
3541 3178 3643 3249 τὴν
3688 3179 3847 3249 σιγὴν

2267 3272 2481 3326 ἀπιδεῖν
2524 3273 2620 3326 καὶ.
2653 3272 2754 3343 τὴν
2812 3274 2872 3327 ὲν
2923 3270 3000 3343 τῷ
3052 3271 3208 3342 βάθει
3254 3272 3459 3344 κρύψαι
3532 3273 3844 3330 διάστασιν.

2278 3362 2442 3418 Ἀλλά
2484 3361 2643 3416 τοῦτο
2691 3358 2898 3426 δειλίας
2926 3360 3067 3434 ὁμοῦ
3098 3362 3194 3416 καὶ
3245 3362 3517 3433 πονηρίας
3564 3362 3688 3433 ἔχον
3719 3364 3847 3418 ὑπό-

2267 3471 2419 3509 νοιαν
2453 3455 2513 3507 οὐ
2548 3455 2751 3524 μᾶλλον
2785 3455 3012 3527 ἔμελλεν
3059 3457 3244 3520 αὐτοῖς
3292 3455 3664 3535 προσάξεσθαι
3711 3456 3848 3510 πάν-

2264 3562 2385 3610 τας,
2412 3547 2444 3616 ἢ
2476 3547 2795 3617 περιφανῶς
2816 3549 3171 3619 ἀποστήσειν.
3198 3549 3309 3603 Καὶ
3332 3547 3442 3617 γάρ
3465 3546 3568 3617 πρὸ
3591 3548 3699 3618 τῆς
3719 3547 3848 3617 ἀλη-

2266 3636 2418 3702 θείας
2460 3638 2673 3701 οὐδενὸς
2712 3639 3022 3710 φροντίζειν
3077 3639 3268 3710 ἐχρῆν,
3322 3641 3421 3695 καί.
3448 3640 3560 3695 τῶν
3613 3640 3844 3710 ἀγώνων

2263 3726 2420 3781 οὐδὲν
2448 3728 2516 3781 ἂν
2540 3728 2691 3800 ἥδιον
2716 3725 2806 3801 ἦν,
2860 3729 2921 3797 ἐξ
2962 3724 3038 3785 ὧν
3067 3730 3224 3785 αὐτοί
3276 3747 3338 3784 τε
3385 3731 3483 3785 καῖ
3526 3732 3731 3795 πάντες
3776 3728 3844 3787 ἀν

2263 3820 2573 3889 ὠφελοῦντο
2602 3839 2617 3856 σ
2668 3822 2762 3887 οὒς
2805 3825 3164 3892 ἀναδυόμενοι
3231 3825 3395 3897 μέχρι
3443 3827 3672 3889 παντδς,
3718 3823 3842 3879 οὔτε

2265 3908 2598 3978 θαρροῦντες
2632 3912 2818 3981 σφίσιν
2866 3913 3074 3979 αὐτοῖς,
3114 3912 3229 3967 οὗθ’
3258 3914 3402 3985 ὑπὲρ
3428 3916 3527 3986 της
3572 3915 3686 3969 τῶν
3707 3916 3845 3970 ὅλων

2266 4001 2543 4069 σωτηρίας
2589 4004 2774 4055 πονεῖν
2828 4003 3150 4074 ἀνεχόμενοι
3203 4005 3423 4069 πάντως
3491 4004 3702 4071 ἔδειξαν
3753 4005 3865 4061 ἄν.’

2277 4089 2416 4144 Ἀλλ’
2442 4090 2596 4144 οὐδὲν
2622 4090 2833 4145 τούτων
2864 4092 3124 4147 ἀπάντων
3149 4096 3262 4157 τοῖς
3293 4096 3595 4166 μακαρίοις
3612 4095 3845 4158 ἐκείνοις

2265 4181 2608 4251 προσάπτειν
2632 4183 2856 4248 εὐσεϐές
2882 4186 3033 4238 ἐστιν
3054 4184 3190 4248 ὅλως
3224 4187 3314 4239 καὶ
3344 4187 3558 4241 δίκαιον
3576 4202 3592 4219 ⁸
3622 4188 3845 4242 τούναν-

2261 4273 2377 4327 τίον
2409 4276 2518 4344 γὰρ
2547 4276 2642 4330 καὶ
2670 4277 2899 4349 προνοίᾳ
2929 4280 3022 4331 καὶ
3048 4274 3211 4350 σοφίᾳ
3236 4279 3334 4333 καὶ
3361 4282 3429 4351 τῇ
3460 4281 3559 4345 τῆς
3580 4281 3844 4352 ἀληθείας

2265 4368 2468 4439 σπουδῇ
2497 4370 2659 4440 μέχρι
2687 4368 2781 4424 τοῦ
2830 4371 3121 4440 γινομένου
3157 4375 3362 4436 παντὸς
3399 4373 3739 4444 ἀφιγμένους
3765 4374 3845 4429 δι·-

2263 4458 2518 4513 καιότατ*
2545 4459 2611 4514 ἂν
2651 4464 2775 4524 ταῖς
2803 4462 2911 4517 τῶν
2947 4464 3211 4533 Πατέρων
3250 4465 3348 4518 καὶ
3384 4465 3726 4519 διδασκάλων
3761 4484 3845 4520 τι·-

578 4539 758 4606 tobat;
791 4553 892 4594 nec
920 4537 1116 4596 fuisset
1176 4542 1474 4612 quidquam
1502 4545 1802 4616 jurundius
1837 4552 2151 4605 certamini-

2267 4548 2395 4616 μαῖς
2426 4548 2621 4611 αὐτοὺς
2653 4550 3035 4621 περιέποιμεν·
3067 4549 3159 4605 καὶ
3202 4549 3424 4607 πάντων
3453 4555 3655 4625 ὁμοίως
3679 4549 3757 4610 ὧν
3784 4573 3844 4609 τε

577 4631 710 4694 bus,
743 4647 863 4701 qua:
891 4632 1000 4689 illis
1031 4634 1163 4702 ipsis
1188 4646 1354 4703 atque
1382 4637 1641 4694 omnibus
1686 4641 1976 4697 utilitatem
2013 4652 2159 4698 attu-

577 4725 806 4781 lissent:
843 4736 1098 4781 caeterum
1126 4727 1230 4797 ipsi
1263 4744 1324 4784 ea
1347 4731 1566 4800 penitus
1588 4732 1945 4803 refugientes,
1974 4745 2159 4792 osten-

579 4818 789 4872 dissent
842 4833 904 4874 se
957 4821 1119 4889 plane
1159 4835 1259 4874 ncc
1309 4824 1546 4891 propriis
1599 4828 1875 4883 conlidere
1928 4830 2158 4895 viribus,

574 4922 676 4962 nec
726 4908 863 4963 velle
907 4923 1011 4978 pro
1073 4911 1357 4966 communi
1406 4915 1650 4969 omnium
1709 4919 1885 4973 salute
1942 4919 2158 4974 labores

577 4998 842 5067 perferre.
884 5001 1051 5069 Atqui
1086 5001 1279 5058 horum
1317 5008 1564 5062 omnium
1600 5009 2001 5078 nihilsprorsus
2035 5011 2158 5065 bea-

578 5090 647 5144 tis
680 5089 788 5143 itlis
823 5090 957 5146 viris
985 5092 1258 5150 ascribere
1290 5096 1438 5165 pium
1480 5107 1528 5152 et
1558 5098 1768 5166 justum
1798 5109 1883 5154 est
1913 5117 1926 5151 :
1965 5109 2157 5155 contra

577 5194 705 5235 vero
749 5182 1062 5252 aequissime
1117 5184 1362 5242 debitum
1412 5187 1667 5243 Patr-ibus
1725 5205 1790 5244 ac
1840 5189 2158 5247 doctoribus

576 5274 841 5328 honorem
884 5276 993 5332 illis
1047 5279 1441 5347 tribuerimus;
1500 5291 1560 5334 ut
1618 5283 1709 5351 qui
1772 5283 2156 5353 providentia,

572 5369 1174 5442 scientia,virtutisque
1195 5375 1378 5428 studio
1414 5375 1783 5441 pervenerint,
1820 5392 1932 5447 quo
1971 5394 2158 5448 perve-

573 5461 692 5516 nire
727 5463 979 5520 homines
1012 5475 1271 5534 possunt;
1305 5464 1494 5534 etjure
1525 5466 1634 5522 illis
1677 5469 1907 5537 gratiam
1950 5471 2143 5526 habue-

574 5556 746 5611 rimus
784 5568 1007 5627 propter
1038 5557 1245 5621 omnia,
1272 5566 1385 5612 tum
1419 5574 1537 5627 qua:
1574 5561 1805 5616 reticere
1838 5563 2151 5629 voluerunt,

572 5648 715 5713 quod
763 5663 933 5704 causa
967 5658 1157 5703 nostra
1207 5659 1506 5721 utrumque
1552 5652 1802 5720 fecerint,
1830 5666 1886 5709 ct
1933 5658 2151 5725 quidem

572 5736 846 5803 sapienter
880 5737 1200 5794 admodum.
1246 5739 1366 5795 Non
1413 5751 1635 5796 tacuere
1671 5742 1854 5811 igitur,
1874 5746 2018 5817 _quia
2063 5760 2149 5798 uc-

572 5825 813 5879 cessario
844 5826 1207 5896 damnarent;
1240 5846 1341 5888 nec
1385 5832 1546 5889 infert
1591 5834 1865 5890 silentium
1913 5835 2150 5890 necessi-

2265 4635 2419 4693 εἷπον
2444 4634 2516 4694 ὧν
2555 4659 2613 4693 τε
2648 4642 2873 4711 σιγῆσαι
2899 4643 3239 4713 προείλοντο,
3293 4642 3510 4699 δικαίαν
3548 4649 3737 4712 αὐτοῖς
3765 4651 3846 4702 εἱ·-

2262 4727 2488 4800 δείημεν
2507 4731 2692 4801 χάριν,
2736 4730 2812 4796 ὡς
2856 4732 2998 4802 ὑπὲρ
3042 4733 3201 4802 ἡμῶν
3244 4734 3637 4806 προελομένοις
3669 4736 3847 4806 ἀμφό-

2260 4836 2420 4892 τερα,
2468 4826 2565 4876 καὶ
2612 4825 2756 4877 πάνυ
2789 4824 2993 4893 σοφῶς.
3048 4827 3162 4880 Οὐκ
3191 4826 3301 4896 ἄρα
3336 4829 3748 4895 κατεγνωκότες
3786 4827 3845 4893 ἐξ

2262 4915 2517 4986 ἀνάγκης
2553 4917 2843 4988 ἐσίγησαν,
2882 4917 3000 4971 οὐδ’
3028 4919 3141 4989 ἔχει
3168 4936 3220 4972 τι
3249 4917 3389 4989 πρὸς
3409 4918 3657 4992 ἀνάγκης
3687 4919 3846 4989 λόγον

2262 5008 2296 5078 ἠ
2335 5008 2516 5079 σιωπὴ
2550 5011 2660 5062 soi:
2687 5026 2748 5078 γε
2779 5009 2923 5063 κατά
2963 5010 3059 5064 τοῦ
3098 5010 3263 5075 λόγου
3304 5010 3478 5083 ταύτῃ
3515 5012 3844 5083 χρωμένοις.

2264 5102 2325 5154 Ei
2346 5100 2404 5154 δὲ
2428 5100 2577 5170 λέγοι
2612 5118 2718 5167 τις,
2759 5102 3252 5171 μηδὶτούναντίον
3281 5102 3392 5157 δεῖν
3440 5103 3840 5174 ίσχυρίζεσθαι,
3885 5158 3893 5177 τ

2260 5192 2336 5255 ὡς
2371 5193 2478 5262 ἄρα
2510 5195 2575 5262 τῇ
2606 5193 2787 5264 σιωπῇ
2811 5195 2910 5261 τὴν
2936 5194 3092 5259 δόξαν
3122 5196 3476 5266 κρατύνουσι,
3509 5198 3601 5251 καὶ
3625 5197 3845 5267 δηλοῦσι
3895 5216 3899 5220 ·

2259 5284 2468 5355 ταύτην
2507 5285 2902 5356 ἀποδεχόμενοι
2923 5302 2937 5317 ’
2975 5287 3213 5356 μάλιστα
3243 5287 3346 5356 μὲν
3375 5288 3472 5341 καὶ
3513 5286 3664 5341 τοῦτ’
3694 5289 3845 5342 ἐστὶν

2260 5379 2459 5439 εἰπεῖν,
2494 5377 2569 5440 ὠς
2595 5379 2641 5430 εἰ
2668 5375 2761 5430 καὶ
2804 5380 2879 5447 μή
2909 5363 3260 5432 παντάπασιν
3304 5377 3550 5448 ἀκριϐῶς
3579 5378 3841 5450 ἀποδεχο-

2261 5471 2442 5541 μένων
2475 5466 2543 5538 ἧν
2566 5468 2625 5524 τὸ
2650 5471 2830 5540 σιγᾷν,
2857 5471 2994 5525 ἀλλὰ
3027 5489 3092 5540 γε
3130 5471 3331 5543 μᾶλλον
3355 5471 3450 5526 τοῦ
3490 5475 3783 5540 συναινεῖν,
3811 5472 3841 5541 ἢ

2258 5561 2355 5631 τοῦ
2381 5563 2564 5628 μισεῖν
2595 5560 2687 5614 καὶ
2721 5565 3084 5633 καταφρονεῖν
3128 5563 3410 5629 ἀπόδειξιν
3442 5564 3557 5634 ἔχει
3586 5581 3602 5597 ο
3645 5562 3759 5632 ἐγὼ
3790 5563 3843 5617 δὲ

2259 5655 2488 5722 νομίζω,
2522 5657 2663 5726 μήτε
2701 5657 2962 5723 καθάπαξ
3006 5657 3408 5728 ἁτιμαζὸντων,
3452 5661 3591 5730 μήτε
3635 5659 3839 5728 σφόδρα

2260 5745 2610 5816 θαρρούντων
2645 5745 2784 5801 εἶναι
2816 5752 2877 5819 τῇ
2911 5749 3059 5819 δόξῃ.
3105 5748 3488 5819 Παραιτοῦμαι
3509 5749 3553 5803 δ’
3590 5749 3757 5819 ὑμᾶς,
3795 5751 3842 5804 ὼ

2260 5836 2509 5908 Γραικοὶ,
2538 5841 2663 5910 περῖ
2696 5833 2770 5894 ὧν
2796 5839 2974 5910 μέλλω
3000 5839 3179 5908 λέγειν
3200 5854 3212 5867 ’
3237 5839 3297 5892 οὐ
3327 5842 3436 5911 γὰρ
3465 5841 3840 5914 ἀποφαινόμε-
