4170 6294
336 346 451 412 505
1482 358 1767 422 ORATIO
1807 364 1891 423 lll
1926 366 2029 427 AD
2062 367 2443 433 SYNODUM.
2490 406 2495 409 τ
3505 375 3615 439 rm

330 479 423 521 νος
450 459 572 514 ούδέ
598 462 823 531 κρατεῖν
846 463 1179 536 βουλόμενος
1218 467 1415 538 ταῦτα,
1466 473 1590 527 σύδὲ
1635 478 1767 546 περὶ
1796 495 1918 530 τουο
1949 485 1977 540 Α

1966 485 1993 541 ι
2026 481 2151 536 tatis
2194 480 2458 539 rationem
2492 484 2559 540 iis
2618 485 2709 555 qui
2757 486 3046 542 silentium
3090 487 3327 544 aﬂ‘crunt
3361 489 3426 543 ad
3457 488 3613 543 d‘aur—

329 557 472 609 τεονὶ
504 555 615 608 τῶν
666 558 1053 627 προκειμένων
1089 559 1296 629 μᾶλλον
1335 564 1463 635 ύμῖν
1501 567 1534 635 ἢ
1559 570 1690 638 περὶ
1719 570 1922 633 παντὸς

2026 572 2234 627 nandos
2271 588 2368 628 eos
2398 573 2493 644 qui
2539 590 2646 631 non
2689 564 3002 633 tacuerunt.
3035 578 3090 633 Si
3125 578 3413 649 quiszvero
3442 579 3620 645 dicat,

330 644 570 739 ἰκτίνοις
607 649 981 719 σεσιγημένου
1021 652 1125 723 τὴν
1158 654 1302 726 ιμὴν
1336 657 1639 731 προτίθημι
1670 660 1919 733 γνώμην.

2025 677 2202 730 neque
2262 665 2607 720 contrarium
2663 681 2787 722 esse
2844 670 3164 739 pugnaciter
3223 670 3622 732 inferendum,

344 738 548 809 Ὅρᾶτε
577 742 686 812 γάρ
740 758 808 812 με
844 744 955 797 κάν
987 745 1100 809 τοῖς
1151 739 1463 818 ἔμπροσθεν
1505 750 1821 822 είρημένοες
1862 754 1924 808 τὸ

2028 768 2229 823 nempe
2252 754 2321 809 ab
2365 755 2472 811 illis
2505 771 2601 825 per
2645 738 2939 814 silentium
2969 761 3286 829 opinionem
3336 760 3624 824 roboraria

333 830 501 899 δόξαν
552 833 920 904 προσκρούειν
976 836 1107 906 ύμῖν
1151 838 1259 901 ἕως
1311 841 1444 910 ἐξῆν
1500 842 1917 914 φυλαξάμενον

2025 857 2202 913 eoque
2240 845 2442 901 indicio
2475 848 2798 915 signiﬁcari,
2855 858 3142 917 receptam
3189 850 3332 905 hanc
3379 865 3502 905 esse
3541 851 3626 902 ah-

338 923 515 977 καίτοι
574 926 687 987 τοῖς
761 924 862 995 τῆς
934 927 1198 997 ἀληθείας
1262 931 1580 996 ἐξετασταῖς
1645 932 1770 988 οὔτε
1827 935 1917 989 λέ·

2027 933 2136 988 illis
2183 950 2197 987 :
2250 937 2568 1005 responderi
2624 939 2843 1007 quidem
2922 939 3129 1007 optime
3204 947 3441 1009 potest:
3492 938 3608 994 Etsi

335 1029 525 1081 γουσιν
577 1014 693 1069 οὔτ’
760 1015 1058 1073 ἀκούουσιν
1121 1021 1386 1092 ἁρμόττει
1454 1024 1644 1079 τούτου
1696 1026 1917 1097 φροντί-

2024 1030 2251 1080 tacendo
2283 1026 2608 1095 inuuebant,
2639 1044 2748 1085 non
2789 1030 3015 1085 omnino
3050 1030 3199 1085 illam
3232 1031 3338 1085 sibi
3370 1030 3621 1100 probari,

330 1104 472 1168 ξείνα
2024 1117 2206 1185 potius
2242 1126 2425 1173 tamen
2467 1121 2808 1190 signiﬁcasse
2853 1136 3166 1187 assensum,
3214 1136 3378 1191 quam
3421 1122 3607 1176 odium

326 1217 386 1262 et
422 1218 818 1278 contemptum.
859 1207 972 1281 Ego
1012 1224 1141 1267 vero
1186 1210 1444 1275 arbitror,
1494 1210 1771 1267 siientium
1812 1210 1914 1265 hoc
1986 1210 2157 1268 fuisse
2230 1212 2519 1269 hominum
2562 1230 2663 1271 nec
2702 1217 2927 1272 omnino
2958 1218 3364 1288 reprobantium
3394 1218 3610 1287 opinio-

250 1378 253 1381 Α
326 1324 480 1372 nem,
523 1320 622 1362 nec
660 1322 854 1361 rursus
885 1306 1033 1361 velut
1072 1306 1297 1360 omnino
1349 1315 1520 1382 tutam
1571 1306 1719 1360 illam
1768 1307 2179 1378 recipientium.
2214 1307 2413 1373 Quaeso
2444 1317 2625 1363 autem
2655 1325 2684 1363 a
2711 1310 2884 1373 vobis,
2924 1309 3122 1372 Graeci,
3189 1319 3249 1363 ut
3313 1326 3435 1380 quae
3493 1314 3610 1369 dic-

241 1405 264 1475 ι
326 1407 491 1453 turus
540 1411 687 1459 sum,
740 1394 817 1449 ita
843 1410 873 1449 a
908 1410 994 1449 me
1028 1394 1133 1449 dici
1190 1395 1552 1458 existimetis,
1591 1411 1698 1450 nou
1749 1396 1908 1464 quasi
1947 1397 2110 1450 velim
2159 1407 2365 1452 certam
2438 1399 2557 1468 ipse
2623 1401 2978 1470 pronuntiare
3005 1402 3359 1462 sententiam,
3397 1414 3453 1457 et
3483 1414 3600 1460 rata

325 1509 455 1550 esse
478 1505 601 1562 qua:
634 1489 853 1560 profero
888 1505 902 1543 :
944 1503 1123 1558 neque
1157 1488 1303 1542 cnim
1337 1502 1439 1558 ego
1473 1504 1619 1545 nunc
1648 1488 1821 1561 magis
1852 1493 1918 1547 de
1953 1490 2237 1561 proposita
2269 1493 2497 1546 materia
2539 1494 2672 1564 quid
2706 1496 2943 1549 sentiam
3015 1495 3255 1563 profero,
3302 1512 3475 1563 quam
3538 1501 3606 1557 de

326 1589 437 1643 alia
470 1588 665 1658 quavis
707 1600 767 1641 re
806 1600 969 1655 quam
1002 1584 1079 1638 illi
1127 1586 1416 1640 tacuerint.
1447 1584 1511 1641 Et
1554 1586 1748 1641 videtis
1796 1587 1907 1657 ipsi
1986 1596 2189 1658 quanta
2276 1603 2370 1657 per
2416 1597 2591 1643 totum
2629 1604 2935 1645 sermonem
2973 1591 3255 1660 diligentia
3290 1594 3418 1647 illud
3451 1608 3611 1649 cave~

329 1687 553 1748 riuum:
584 1683 758 1753 quoad
788 1681 910 1753 eius
946 1680 1061 1735 ﬂeri
1098 1690 1287 1750 posset
1330 1692 1551 1738 vestras
1572 1682 1911 1739 oﬂ‘endercm
1950 1698 2113 1738 aures
2164 1700 2178 1739 :
2234 1699 2549 1755 quanquam
2640 1685 2706 1741 iis
2755 1685 2850 1755 qui
2903 1687 3189 1743 veritatem
3282 1687 3600 1759 inquirunt,

326 1794 527 1836 curare
567 1778 620 1833 id
670 1778 899 1832 minime
948 1778 1226 1839 convenit,
1254 1779 1370 1833 sive
1415 1777 1605 1833 dicant
1648 1778 1785 1849 ipsi,
1805 1778 1923 1834 sive
1960 1778 2207 1833 audiant.

416 1870 562 1938 Ἐγὼ
605 1867 810 1934 τοίνυν,
850 1868 990 1937 ὅπερ
1035 1866 1212 1931 εἷπον,
1257 1870 1386 1933 τοὺς
1434 1872 1626 1940 ἁγίους
1671 1871 1917 1942 ἠγοῦμαι
1951 1873 1995 1931 Β

1971 1873 1995 1929 3
2093 1868 2206 1939 Ego
2233 1869 2417 1939 igitur,
2437 1855 2591 1940 quod
2618 1870 2752 1933 dixi,
2794 1880 3019 1927 sanctos
3048 1871 3286 1929 arbitror
3330 1872 3463 1929 nihil
3489 1888 3609 1930 esse

332 1962 506 2033 μηδὲν
538 1962 1014 2030 ἀποφαινομένους
1049 1963 1179 2030 περὶ
1230 1955 1305 2017 ὧν
1345 1963 1525 2035 ἕτεροι
1555 1966 1778 2033 λέγουσι
1810 1982 1916 2032 φας

2024 1955 2241 2013 locutos
2265 1959 2333 2014 de
2360 1973 2450 2025 eo,
2490 1959 2633 2030 quod
2686 1960 2777 2015 alii
2807 1961 2999 2017 dicunt
3045 1972 3250 2032 aperte,
3314 1974 3602 2033 propterea

327 2054 528 2125 νερῶς,
560 2051 683 2106 οὔτε
734 2051 943 2121 σφόδρα
1004 2053 1469 2124 συνηγορούντας,
1505 2057 1554 2109 εί
1608 2056 1691 2109 δεῖ
1737 2056 1917 2124 λέγειν

2023 2048 2168 2121 quod
2202 2049 2274 2104 illi
2309 2065 2411 2107 nec
2446 2053 2675 2108 multum
2705 2051 2972 2119 faverent,
3015 2053 3061 2108 si
3087 2053 3161 2107 ita
3194 2052 3481 2109 dicendum
3499 2064 3606 2115 est.

327 2144 528 2211 οὕτως,
567 2143 682 2198 οὔτ’
710 2144 1162 2214 ἔναντιουμένους
1202 2146 1459 2213 καθάπαξ
1498 2126 1659 2202 τοῦτο
1703 2150 1916 2202 ποιεῖν’

2022 2156 2124 2198 nec
2152 2142 2284 2199 illud
2314 2144 2541 2200 omnino
2565 2145 2851 2216 rejicerent
2876 2163 2891 2201 :
2927 2146 3032 2200 hoc
3060 2146 3204 2200 enim
3233 2161 3263 2199 a
3289 2145 3489 2201 virtute
3514 2160 3608 2201 eo-

326 2241 397 2293 τδ
428 2239 528 2309 μὶν
560 2240 670 2307 γάρ
703 2240 896 2310 πόρῤω
930 2238 1031 2306 τῆς
1068 2239 1295 2292 εκείνων
1341 2240 1549 2310 ἀρετῆς
1582 2241 1679 2295 καὶ
1725 2241 1922 2310 σοφίας

2025 2250 2146 2290 rum
2176 2244 2233 2291 et
2254 2237 2482 2297 scientia
2516 2239 2702 2309 procul
2729 2238 2884 2295 abest
2910 2257 2924 2293 :
2970 2238 3100 2292 illud
3127 2246 3308 2293 autem
3338 2237 3496 2292 nulla
3510 2251 3604 2292 ra-

326 2328 477 2395 ὲστὶ,
508 2328 568 2383 τὸ
604 2327 652 2382 δ’
683 2323 829 2399 εῖχεν
877 2328 945 2381 ἄν
989 2328 1150 2395 λόγον
1176 2329 1372 2384 ούδὲνα
1415 2332 1628 2394 πάντας
1654 2331 1790 2401 ὁμοῦ
1822 2348 1922 2384 κα-

2023 2324 2169 2381 tione
2195 2327 2498 2383 niteretur:
2532 2329 2687 2399 quasi
2722 2344 2915 2384 omnes
2964 2329 3385 2385 communicatis
3411 2328 3601 2385 consl-

330 2421 525 2491 θάπερι
577 2420 947 2489 συνθεμένους
1003 2417 1259 2481 ἑλέσθαι,
1316 2418 1413 2473 καὶ
1477 2420 1711 2489 δόγματι
1768 2421 1926 2491 ποιράΔ

2038 2417 2128 2473 liis
2164 2417 2213 2471 id
2251 2417 2455 2481 facere,
2501 2428 2555 2473 et
2576 2419 2775 2489 dogma
2822 2419 3141 2475 confessum
3181 2434 3210 2474 a
3239 2420 3426 2475 multis
3471 2420 3607 2474 adeo

328 2512 556 2567 πολλῶν
607 2508 1033 2580 ἁμολογοσμινῳ
1096 2510 1440 2581 συνηγορίαν
1496 2510 1643 2565 οὕτω
1715 2513 1919 2580 νεκρὰν

2022 2507 2216 2576 frigida
2246 2509 2472 2564 ratione
2489 2508 2679 2566 fulcire
2718 2511 3013 2566 voluerint.
3056 2511 3161 2566 Sed
3196 2520 3326 2580 puto
3356 2512 3477 2567 illos
3506 2520 3606 2565 aut

327 2602 776 2669 εἰσενέγκασθαι.
836 2600 978 2655 aur
1034 2597 1193 2670 οἶμαι
1224 2601 1453 2666 τούτους
1506 2604 1539 2673 ἢ
1602 2602 1703 2672 τὴν
1760 2605 1919 2671 δόξαν

2019 2596 2089 2650 de
2117 2612 2174 2651 re
2196 2612 2318 2667 quae
2337 2598 2440 2654 sibi
2464 2607 2582 2654 erat
2610 2600 2862 2671 ambigua
2896 2603 3155 2667 tacuisse,
3181 2596 3349 2657 tutius
3372 2602 3479 2657 hoc
3506 2603 3606 2655 du-

329 2692 779 2764 ἀεεφιγνοοῦντας
806 2691 882 2756 ὡς
927 2691 1200 2763 ἀκινδύνῳ
1248 2688 1562 2763 χρήσασθαι
1595 2697 1662 2765 τῇ
1695 2698 1846 2765 σιγῇ,
1884 2695 1916 2764 ἢ

2019 2700 2245 2745 centes:
2273 2702 2366 2748 aut
2400 2693 2541 2747 idem
2567 2695 2806 2750 sensisse
2837 2696 3052 2764 quidem
3083 2697 3225 2765 quod
3258 2696 3346 2749 alii
3378 2709 3614 2765 quirem

330 2790 405 2857 τῇ
453 2787 553 2857 μὶν
593 2785 786 2856 γνώμῃ
836 2786 977 2855 μετά
1007 2784 1115 2838 τῶν
1147 2786 1411 2838 εἰπόντων
1453 2786 1699 2852 ἑστάναι,
1730 2788 1825 2840 τού
1861 2786 1918 2840 δὶ

2019 2792 2204 2850 aperte
2232 2784 2524 2849 dixerunt,
2552 2785 2644 2840 sed
2662 2787 2993 2841 abstinuisse
3011 2803 3039 2839 a
3058 2787 3344 2841 sententiae
3360 2786 3607 2855 divulga-

329 2877 685 2946 δημοσιεύειν
721 2875 892 2947 αύτὲιν
924 2875 1291 2945 ἀποσχέσθαι,
1330 2876 1522 2948 ἕτερόν
1571 2895 1624 2931 τι
1655 2895 1916 2948 προνοου-

2019 2876 2188 2941 tione,
2216 2877 2469 2945 quiddam
2501 2878 2647 2932 aliud
2674 2879 3065 2947 prospicientes
3092 2895 3107 2931 :
3138 2893 3372 2948 quorum
3396 2878 3610 2932 utrum-

335 2970 559 3038 μένους.
616 2968 726 3020 Καὶ
778 2965 988 3021 τούτων
1050 2966 1314 3037 ἑκάτερον
1372 2968 1660 3030 εὐλαϐείας
1712 2982 1769 3022 τε
1824 2970 1919 3023 καὶ

2018 2983 2124 3037 que
2138 2969 2402 3025 cautelam
2418 2979 2469 3024 et
2493 2971 2880 3040 providentiam
2894 2986 2988 3026 eos
3006 2971 3341 3033 adhibuisse,
3358 2973 3612 3041 qum'saa-

332 3060 594 3131 προνοίας
638 3058 1029 3129 προσηκούσης
1059 3059 1237 3127 ἁγίοις
1280 3061 1425 3113 ἐστὶν
1458 3061 1757 3125 ἀπόδειξις.
1790 3061 1917 3115 Εἴτε

2019 3070 2140 3115 ctos
2161 3059 2334 3126 decet,
2388 3069 2597 3117 certum
2631 3063 2890 3118 iudicium
2938 3075 3040 3118 est.
3075 3062 3129 3117 Si
3159 3064 3304 3118 enim
3333 3064 3611 3134 ρωποι-ἱνα

332 3153 445 3221 γὰρ
483 3153 511 3209 ὃ
547 3151 623 3222 μὴ
661 3152 1015 3205 παντάπασιν
1066 3152 1335 3223 ὲοάρρουν
1393 3154 1590 3217 εἰπεῖν,
1626 3153 1742 3206 ἀλλ’
1793 3154 1916 3207 οὐδὲ
1951 3203 1979 3265 (

1961 3200 1999 3265 Β
2035 3152 2255 3207 silentio
2285 3153 2336 3207 id
2364 3154 2677 3217 voluerunt,
2716 3155 2859 3225 quod
2896 3156 3121 3209 omnino
3156 3155 3338 3211 dicere
3369 3170 3475 3209 non
3510 3170 3608 3208 au-

2036 3242 2227 3265 ,1,ι,,-.
2272 3259 2368 3265 Α--
2390 3251 2562 3265 1-..-..
2587 3260 2675 3265 __.-
2700 3260 2949 3265 _--‘--..A_
2976 3246 3021 3265 1-
3050 3245 3206 3265 l,-l.-l
3234 3255 3315 3265 __A.
3354 3246 3584 3265 l-_,-sA._

333 3245 445 3299 τῶν
488 3246 809 3314 ἀνηκέστων
856 3244 1056 3314 ᾔδεσαν
1089 3242 1170 3308 δν,
1213 3244 1373 3297 τοῦτο
1430 3244 1558 3315 σιγῇ
1605 3244 1921 3313 παρελθεῖν,
1952 3242 1980 3265 ‘

1963 3242 1999 3265 υ
2029 3242 2250 3305 dehant,
2272 3259 2371 3299 nec
2390 3251 2566 3299 tamen
2586 3260 2682 3313 pro
2693 3246 3028 3301 exsecrando
3050 3245 3610 3308 babebantdogmatc,

334 3338 430 3391 καὶ
486 3338 586 3399 τὰς
640 3336 703 3389 ἐκ
751 3353 812 3388 τε
858 3335 955 3388 τοῦ
1022 3338 1323 3406 μαρτυρεῖν
1359 3334 1423 3389 ἐκ
1466 3352 1526 3389 τε
1578 3334 1675 3390 τοῦ
1707 3335 1933 3391 διώκειν

2027 3333 2479 3403 suspicionesque
2509 3335 2791 3391 evitandas
2812 3345 3097 3405 putarunt,
3124 3352 3245 3406 qua:
3268 3337 3505 3392 subortu
3522 3351 3612 3391 es—

335 3429 576 3497 ὑποψίας
606 3426 801 3496 φυγεῖν
835 3426 1246 3487 ἐϐουλεύσαντο,
1289 3427 1594 3496 θαυμαστοὶ
1642 3430 1736 3498 τῆς
1767 3428 1927 3482 εὐλα-

2029 3414 2169 3486 scut,
2184 3426 2302 3482 sive
2330 3426 2406 3480 illi
2424 3427 2619 3497 dogma
2647 3427 2995 3497 probassent,
3019 3427 3140 3490 sive
3164 3427 3571 3498 improbasscnt
3596 3448 3610 3483 ε

336 3521 491 3583 Gela;
544 3519 674 3585 εἰσὶ,
708 3517 779 3572 δι’
830 3519 898 3590 ἢν
952 3518 1190 3581 καὶτοῖς
1231 3518 1323 3571 ὑπ’
1377 3519 1561 3573 αὐτῶν
1602 3520 1925 3590 είρημῖνοις

2031 3516 2340 3573 admirabili
2374 3532 2517 3596 sane
2542 3519 2796 3573 cautione
2831 3527 2960 3574 sunt
2991 3518 3095 3585 usi,
3128 3518 3200 3574 ob
3221 3534 3385 3589 quam
3421 3534 3612 3575 omnes

334 3608 845 3681 ἀναμφισϐητήτως
924 3606 1288 3679 προσκεῖςοαι
1354 3609 1562 3662 δίκαιον
1634 3612 1924 3675 ἃπαντας·

2032 3607 2179 3664 dicta
2209 3622 2397 3662 eorum
2435 3608 2589 3679 sequi
2620 3609 2739 3665 sine
2766 3609 2874 3663 ulla
2904 3608 3519 3665 haesitatione-debeant.
3552 3609 3611 3665 Si

336 3703 448 3758 dte
477 3706 543 3757 εκ
581 3701 677 3755 τοῦ
702 3698 951 3770 φανεράν
992 3699 1270 3754 ποιεῖσθαι
1312 3699 1411 3768 τὴν
1437 3700 1618 3768 δόξαν,
1650 3716 1928 3772 συνεωρα-

2029 3713 2159 3755 vero
2189 3697 2413 3755 infausti
2444 3699 2654 3769 aliquid
2709 3713 3037 3770 prospexere
3066 3710 3509 3757 consecuturum
3545 3717 3610 3756 c1

336 3795 496 3857 κότες
543 3810 596 3848 τι
639 3792 751 3847 τῶν
785 3792 887 3847 οὐκ
937 3792 1243 3862 ἀμεινόνων
1299 3791 1590 3861 ἑψόμενον,
1625 3796 1927 3864 κατασχεῖν

2029 3790 2470 3861 ρεοηιυῖεειίοιιο
2509 3790 2674 3861 hujus
2703 3793 3009 3858 sententia,
3039 3799 3094 3847 et
3124 3792 3349 3861 proinde
3374 3793 3617 3847 retineti-

336 3887 511 3959 αὐτὴν
541 3889 599 3941 ιν
632 3886 821 3956 σφίσιν
871 3888 1159 3959 ἐνόμισαν,
1194 3888 1475 3944 ἐπαινετοὶ
1512 3889 1615 3959 τῆς
1644 3889 1926 3960 προνοίας.

2030 3882 2155 3937 dam
2184 3881 2259 3937 illi
2288 3883 2431 3953 apud
2456 3898 2516 3941 se
2548 3883 2905 3955 judicarunt:
2939 3884 3213 3939 laudanda
3248 3882 3495 3953 profecto
3521 3884 3618 3937 est

339 3982 406 4035 El
466 3979 578 4049 γὰρ
638 3979 747 4032 τῶν
809 3978 987 4048 λόγων
1042 3980 1229 4043 αὐτοῖς
1288 3979 1385 4034 an
1438 3980 1778 4035 διδασκάλων
1834 3984 1931 4037 καὶ

2032 3972 2147 4029 haec
2168 3973 2533 4044 providentia.
2560 3974 2699 4031 Cum
2719 3975 2865 4031 enim
2895 3975 3242 4031 sermonibus
3265 3988 3457 4029 eorum
3488 3974 3615 4029 linis

338 4073 605 4142 Πατέρων
652 4070 839 4142 ιχουσι
882 4070 1061 4136 τάξιν,
1101 4072 1134 4141 ἠ
1180 4071 1290 4125 τῶν
1338 4072 1431 4126 ὑπ’
1460 4073 1662 4137 αὐτοὺς
1691 4073 1931 4142 ὠφέλεια

2033 4074 2178 4121 esset
2205 4067 2545 4137 propositus,
2572 4067 2782 4125 utilitas
2809 4068 3091 4123 hominum
3118 4066 3221 4123 sibi
3248 4064 3611 4126 subditorum.

335 4165 490 4226 τέλος
532 4163 759 4235 ἔμελλεν
794 4159 955 4226 εἶναι,
984 4163 1086 4216 ούκ
1134 4162 1239 4217 ἔδει
1288 4164 1359 4217 τὰ
1396 4164 1675 4234 βλάψοντα
1708 4182 1933 4235 προστι-

2034 4172 2230 4229 nempe
2252 4166 2311 4212 ut
2349 4158 2603 4215 Patribus
2652 4174 2717 4216 ac
2749 4160 3094 4224 doctoribus,
3129 4157 3460 4230 proferenda
3503 4172 3608 4211 nou

337 4258 493 4310 θέναι
519 4271 537 4288 ο
572 4258 666 4308 καὶ
701 4255 799 4309 τὸν
828 4255 1003 4327 ἀληθῆ
1041 4257 1137 4309 καὶ
1162 4256 1342 4309 κοινὸν
1370 4256 1648 4323 κάντεῦοα
1676 4258 1930 4312 διδάσκα-

2034 4258 2198 4305 erant
2256 4251 2329 4305 ab
2362 4251 2491 4318 illis,
2527 4267 2647 4322 quae
2696 4252 2893 4308 obesse
2936 4260 3222 4323 poterant:
3260 4249 3422 4318 idque
3451 4249 3616 4304 etiam

242 4398 245 4401 ,
335 4351 428 4404 λον
476 4349 913 4419 προεστήσαντο,
955 4347 1012 4407 ὃς
1075 4348 1248 4403 πολλά
1306 4347 1415 4402 τῶν
1464 4348 1764 4418 ἀξιολόγων
1818 4368 1889 4404 κα

2034 4342 2284 4409 exemplo
2336 4341 2447 4396 veri
2479 4343 2900 4412 communisque
2927 4341 3172 4396 omnimn
3230 4338 3500 4409 magistri,
3524 4339 3613 4408 qui

337 4445 504 4511 τεῖχε,
564 4441 735 4511 μήπω
810 4431 1175 4506 δυναμένους
1220 4440 1406 4493 ἐκεῖνα
1466 4440 1759 4510 βαστάζειν
1805 4442 1936 4504 τοὺς

2039 4431 2206 4486 multa
2222 4432 2363 4486 scitu
2383 4432 2545 4500 digna
2568 4446 2677 4485 non
2704 4433 2919 4502 aperuit
2935 4430 3117 4485 sciens
3132 4444 3193 4482 ea
3221 4429 3463 4481 nondum
3487 4424 3618 4481 suos

336 4534 670 4595 ἀποστόλους
710 4532 869 4593 εἰδώς
894 4547 907 4562 ·
938 4532 994 4584 τί
1040 4535 1154 4600 γὰρ
1182 4530 1377 4600 δφελος
1423 4532 1686 4601 ἀληθείας
1720 4532 1925 4602 sequo-
1958 4535 1983 4593 [

1972 4535 2006 4593 ί)
2034 4520 2176 4575 ferre
2204 4536 2365 4590 posse
2405 4522 2706 4591 apostolos.
2738 4522 2879 4587 Quid
2910 4520 3054 4574 enim
3087 4518 3308 4587 prodest
3333 4516 3619 4570 sublimior

336 4626 504 4696 τέρας
529 4626 641 4687 τοῖς
672 4623 766 4674 ἐπὶ
809 4621 919 4674 τῶν
947 4621 1361 4692 ταπεινοτέρων
1389 4621 1676 4686 ἀϐεὗαίοις
1720 4623 1800 4675 ἔτι
1830 4626 1923 4677 καὶ

2029 4613 2228 4667 veritas
2252 4612 2322 4667 iis
2339 4614 2433 4681 qui
2470 4612 2652 4666 adhuc
2683 4610 2738 4664 in
2783 4608 3168 4664 humilioribus
3211 4607 3440 4661 nutant?
3463 4606 3617 4673 Quod

338 4716 760 4784 κλονουμένοιςς
797 4713 922 4766 Ὀτι
979 4711 1025 4765 δ’
1074 4712 1341 4783 ἑκάτερον
1394 4711 1604 4765 τούτων
1663 4713 1802 4766 πολὺ
1860 4714 1922 4765 τὸ

2027 4712 2210 4759 autem
2232 4713 2526 4774 utrumque
2543 4703 2736 4759 horum
2759 4701 2929 4756 solida
2949 4698 3162 4754 ratione
3178 4698 3406 4765 nitatur,
3422 4699 3620 4753 inultm

336 4803 561 4873 εὔλογον
587 4804 724 4873 ἔχει,
756 4802 850 4854 καὶ
877 4801 1012 4854 πολὺ
1055 4801 1257 4872 μᾶλλον
1290 4801 1323 4871 ἢ
1372 4800 1433 4853 τὸ
1460 4803 1720 4855 τάναντία
1763 4801 1923 4868 δοξά-

2026 4797 2329 4868 quemagis
2357 4797 2427 4853 sit
2460 4797 2656 4851 rationi
2684 4799 3137 4856 consentaneum,
3170 4804 3333 4860 quam
3373 4804 3618 4846 asserere

338 4898 453 4963 ζειν
482 4898 609 4959 τοὺς
642 4892 1230 4957 διδασκάλους,οῠκουν
1253 4892 1396 4946 ὥστε
1429 4894 1523 4948 καὶ
1555 4892 1925 4963 παραϐάλλειν

2027 4891 2284 4947 doctores
2314 4890 2457 4943 inter
2491 4903 2550 4944 se
2576 4899 2837 4956 pugnare,
2870 4891 2930 4938 ut
2959 4882 3106 4937 nulla
3134 4891 3299 4953 queat
3326 4881 3469 4936 inter
3504 4882 3618 4935 huic

338 4990 564 5055 ἐξεῖναι,
612 4990 708 5039 καὶ
757 4987 842 5040 ὅτι
901 4988 1219 5049 συνάπτειν,
1278 4984 1353 5047 ὡς
1404 4984 1645 5056 εἴρηται,
1700 4984 1925 5046 τούτους

2027 4995 2146 5036 esse
2162 4981 2515 5050 comparatio:
2538 4978 2811 5046 quodque,
2831 4974 3145 5029 utrumlibet
3173 4988 3357 5028 verum
3381 4974 3615 5031 dicatur.

336 5077 493 5130 οὒδέν
553 5076 669 5137 ἔστι
735 5074 995 5143 χαλεπὸν,
1045 5075 1309 5138 ὁπότερον
1355 5073 1421 5127 ἂν
1477 5074 1684 5128 τούτων
1736 5074 1924 5144 μέλλοι

2031 5074 2179 5128 nullo
2218 5075 2437 5143 negotio
2464 5070 2678 5141 possint
2710 5069 2788 5123 illi
2818 5068 2955 5122 inter
2984 5082 3044 5123 se
3069 5066 3377 5131 conciliari,
3400 5082 3496 5137 per
3558 5080 3616 5120 se

340 5168 591 5241 κρατεῖν,
626 5166 853 5219 αὐτόθεν
912 5162 1068 5234 οἶμαι
1122 5166 1283 5233 δῆλον
1336 5165 1511 5219 ἅπασι
1568 5168 1924 5222 καθεστάναι.

2031 5165 2208 5231 ipsum
2247 5164 2482 5218 arbitror
2537 5174 2661 5215 esse
2688 5159 2943 5214 omnibus
2990 5159 3365 5215 manifestum.
3405 5158 3537 5213 Nam
3570 5158 3618 5211 si

340 5244 410 5314 El.
461 5260 565 5329 μὲν
616 5258 727 5327 γὰρ
781 5256 985 5323 ἀγαθόν
1027 5273 1078 5310 τι
1134 5256 1327 5326 χρῆμα
1375 5258 1471 5310 καὶ
1530 5257 1732 5327 πολλῆς
1775 5256 1928 5323 ἀξιον

2034 5257 2173 5310 bona
2211 5268 2299 5308 res
2324 5260 2375 5307 et
2402 5251 2587 5305 multis
2606 5250 2768 5321 digna
2795 5251 3089 5320 praeconiis
3124 5252 3336 5307 videtur
3361 5251 3619 5306 omnibus

340 5350 621 5421 εὐφημίας
669 5350 702 5416 ἡ
746 5350 871 5417 περὶ
902 5347 1057 5402 ταῦτ’
1108 5348 1369 5401 εὐλάϐεια
1406 5349 1543 5402 πᾶσι
1598 5348 1770 5413 δοκεῖ,
1807 5350 1927 5414 πῶς

2030 5347 2207 5403 cautio
2233 5346 2288 5399 in
2317 5342 2624 5414 hujusmodi
2662 5344 2913 5413 negotiis,
2940 5359 3039 5399 cur
3055 5345 3279 5415 optimis
3310 5345 3619 5399 hominibus

341 5444 402 5496 οὗ
451 5443 536 5495 δεῖ
601 5437 809 5508 ταύτην
858 5441 968 5502 τοῖς
1030 5439 1278 5511 ἀρίστοις
1342 5438 1755 5510 προσάπτεσθαι
1822 5440 1929 5493 τῶν

2032 5441 2121 5495 illa
2148 5451 2257 5493 non
2284 5436 2557 5491 tribuatur
2582 5434 2613 5487 Υ
2636 5432 2733 5489 Sin
2760 5449 2889 5490 vero
2925 5435 3105 5499 aliter,
3142 5445 3193 5491 et
3218 5451 3408 5490 omnes
3428 5436 3611 5489 omnia

344 5534 685 5603 ἀνθρώπων;
724 5534 772 5586 εί
816 5532 875 5585 δὲ
925 5532 1019 5586 καὶ
1070 5532 1169 5601 μὴ,
1207 5532 1299 5584 καὶ
1350 5532 1551 5593 πάντες
1582 5531 1801 5585 ἅπαντα
1844 5533 1931 5586 λέ-

2033 5531 2224 5586 dicunt
2256 5543 2364 5583 non
2390 5527 2505 5597 pari
2530 5526 2778 5580 doctrina
2814 5526 3132 5595 cmlestique
3185 5527 3379 5595 gratia,
3402 5525 3495 5578 sed
3528 5532 3612 5576 est

346 5644 536 5696 γουσιν
559 5625 620 5680 ού
663 5642 723 5693 γε
759 5625 897 5695 μετὰ
928 5624 1027 5691 τῆς
1059 5624 1181 5692 ἴσης
1214 5622 1407 5691 σοφίας
1446 5625 1542 5676 καὶ
1585 5625 1685 5694 τῆς
1720 5623 1931 5677 ἀνωθεν

2037 5624 2177 5677 inter
2215 5635 2311 5676 eos
2342 5622 2418 5671 uti
2464 5617 2800 5672 sanctitatis
2876 5616 3231 5686 laborumque
3279 5632 3374 5684 pro
3425 5617 3621 5686 pietate

347 5704 725 5789 χάριτος,ά).λ’
765 5717 880 5771 ἔστι
912 5733 992 5779 τις
1022 5716 1082 5768 ἐν
1114 5715 1299 5779 αὐτοῖς
1335 5715 1589 5783 καθάπερ
1620 5715 1931 5783 ἁγιωσύνης

2036 5722 2442 5781 susceptorum,
2490 5709 2566 5763 ita
2612 5724 2830 5778 quoque
2862 5706 3103 5759 scientia:
3144 5706 3518 5778 facundiagquc
3544 5723 3608 5761 ac

350 5810 444 5865 καὶ
476 5810 585 5863 τῶν
620 5807 760 5880 ὑπὲρ
808 5806 1089 5871 εὐσεϐείας
1124 5807 1371 5876 ἀγώνων,
1402 5806 1545 5862 οὕτω
1585 5806 1679 5863 καὶ
1739 5808 1929 5878 σοφίας

2037 5806 2233 5862 divina:
2259 5803 2465 5873 gratiae,
2525 5817 2619 5870 per
2650 5815 2811 5869 quam
2840 5799 2953 5853 hxc
2979 5798 3159 5852 omnia
3187 5799 3383 5854 dantur
3410 5809 3462 5855 ct
3494 5816 3623 5854 eun-
