4170 6294
587 403 693 472 ιιι

1659 394 2037 474 GENNADII
2077 393 2184 453 cr.
2215 390 2729 451 PATRiAiiCllE

2385 255 2434 265 .—

3763 390 3865 455 51‘?

588 517 643 570 in
675 512 876 582 quibus
915 508 1005 564 alii
1047 508 1169 564 aliis
1207 509 1571 564 conlident'ius
1618 507 1763 574 loqui
1797 508 2071 570 videntur,
2104 511 2163 557 ut

2286 504 2598 573 γράμματα,
2637 506 2695 555 ἐν
2744 498 2824 564 οἷς
2885 502 3034 554 ἄλλοι
3094 503 3295 570 μᾶλλον
3350 502 3528 555 ἄλλων
3588 502 3863 575 τεθαρῥηο

588 608 825 678 quisque
852 606 1082 661 scientia
1135 614 1231 659 aut
1279 604 1479 659 collata
1512 604 1683 672 gratia
1716 602 1957 673 pollebat
1991 619 2003 654 :
2070 614 2169 654 nec

589 700 764 770 magis
797 698 974 752 Latini
1007 714 1035 752 a
1064 698 1291 762 Graecis,
1345 712 1510 767 quam
1569 695 1743 751 (ἔταξε-ἱ
1799 696 1941 749 inter
1975 710 2033 750 se
2069 694 2171 747 hac

594 790 807 844 ratione
836 789 1115 843 diiierunt.
1153 788 1257 843 Sed
1292 804 1469 858 neque
1493 786 1851 856 impossibile,
1876 795 1971 839 aut
1998 785 2169 839 statui

589 898 784 938 eorum
844 882 1063 937 videtur
1095 883 1277 937 minus
1310 895 1640 951 congruens,
1672 879 1715 935 si
1777 880 1903 949 quis
1937 887 2170 945 asserat,

592 973 718 1029 illos
748 973 969 1045 quidem
1013 975 1226 1043 absque
1261 973 1369 1027 ulla
1417 972 1761 1027 haesitatione
1794 971 1983 1026 eadem
2046 986 2172 1024 srn-

592 1065 732 1122 cisse
762 1081 883 1135 qua:
917 1067 1048 1119 alii:
1085 1066 1287 1120 veritos
1332 1073 1512 1119 autem
1545 1079 1689 1125 csse.
1724 1080 1792 1119 ne
1847 1075 2035 1133 aperta
2095 1064 2173 1118 rei

592 1156 868 1211 confessio
941 1156 1247 1226 periculosa
1319 1155 1463 1211 foret
1539 1156 1997 1224 simplicioribus.
2070 1155 2173 1220 Qui

593 1247 763 1309 enim,
822 1262 888 1302 ne
919 1249 1206 1317 quiSquam
1242 1263 1339 1317 per
1364 1262 1425 1301 ea
1471 1263 1594 1318 quae
1620 1247 1967 1313 dicebantur,
2005 1248 2173 1301 ullum

595 1338 946 1393 contraheret
975 1338 1260 1405 damnum,
1296 1342 1473 1406 palam
1510 1341 1954 1395 contradicentes
2000 1354 2062 1393 ea
2091 1340 2177 1393 di-

596 1431 851 1485 centibus
919 1431 1219 1487 restitere:
1254 1447 1469 1486 necnon
1529 1447 1586 1485 ea
1645 1432 1792 1485 credi
1834 1431 2178 1500 proferrique

598 1522 952 1590 prohibuere,
986 1538 1107 1590 qua:
1128 1522 1250 1577 aliis
1279 1530 1438 1576 erant
1462 1523 1547 1577 vel
1584 1524 1702 1592 ipso
1730 1523 2039 1592 respirandi
2078 1538 2177 1577 usu

600 1612 773 1681 magis
838 1611 1165 1666 familiaria:
1218 1628 1341 1668 cum
1395 1622 1574 1668 tamen
1638 1613 1773 1683 ipsis
1835 1613 2177 1683 potissimum

600 1709 882 1757 constaret
920 1718 1043 1757 vera
1098 1703 1187 1758 illa
1237 1719 1389 1769 esse;
1455 1720 1553 1759 cur
1613 1705 1871 1760 censendi
1910 1720 2016 1758 non
2071 1704 2182 1759 sint

2276 596 2434 656 κότες
2476 594 2734 661 ὁρῶνται,
2772 595 2846 654 ὡς
2892 594 3123 656 ἕκαστος
3178 594 3493 663 ἐπιστήμης
3550 595 3582 663 ἢ
3637 597 3862 662 χάριτος

2276 685 2387 753 εἶχε
2417 702 2430 716 ·
2464 690 2559 742 καὶ
2610 687 2767 738 οὐδὲν
2820 686 3022 755 μᾶλλον
3062 687 3282 739 Λατῖνοι
3320 687 3599 757 Γραικῶν,
3632 688 3665 758 ἦ
3701 689 3861 756 Γραι-

2276 778 2361 830 κοὶ
2413 778 2550 847 προς
2598 780 2825 842 ἑαυτοὺς
2876 780 3050 849 ταύτῃ
3115 780 3404 848 φαίνονται
3466 780 3861 848 διενηνοχὸτες.

2304 870 2450 924 Λλλά
2489 873 2595 941 μὴν
2649 872 2743 925 καὶ
2794 873 2853 925 τὸ
2900 875 3077 925 ταυτά
3119 876 3231 936 τοῖς
3290 874 3474 935 ἄλλοις
3524 873 3861 941 φρονοῦντας

2277 962 2685 1030 ἀναμφιϐόλως,
2721 965 2825 1034 τὴν
2854 965 3150 1033 ὁμολογίαν
3205 966 3280 1027 ὠς
3335 968 3434 1018 ούκ
3487 966 3707 1035 ἀσφαλῆ
3752 969 3862 1029 τοῖς

2279 1054 2675 1122 ἁπλουστέροις
2721 1056 3084 1123 φυλάξασθαι,
3118 1056 3232 1110 οὔτ’
3283 1058 3571 1121 ἀδύνατον,
3608 1058 3731 1110 οὗτε
3768 1058 3862 1127 τῆς

2278 1147 2503 1200 ἐκείνων
2546 1146 2754 1212 τάξεως
2814 1151 3019 1220 ἀπᾷδον
3073 1145 3214 1203 εἶναι
3248 1154 3418 1205 δοκεῖ.
3457 1153 3520 1204 Ol
3557 1152 3665 1221 γὰρ
3701 1152 3862 1205 ἕνεκα

2277 1235 2373 1289 τοῦ
2444 1237 2652 1304 μηδένα
2702 1237 2769 1291 ἂν
2827 1239 2891 1292 ἐκ
2937 1240 3048 1292 τῶν
3107 1240 3281 1306 λόγων
3328 1241 3526 1310 βλάϐος
3570 1259 3621 1294 τι
3652 1243 3860 1302 παθεῖν,

2281 1328 2531 1396 φανερῶς
2583 1331 2696 1390 τοῖς
2761 1330 3013 1397 λέγουσιν
3064 1333 3442 1394 ἀντειπόντες,
3497 1334 3591 1385 καὶ
3646 1336 3861 1401 φρονεῖν

2281 1417 2379 1469 καὶ
2407 1416 2587 1484 λέγειν
2622 1421 3107 1489 ἀπαγορεύσαντες
3150 1422 3189 1475 ἃ
3231 1426 3343 1484 τοῖς
3394 1424 3576 1487 ἄλλοις
3614 1426 3707 1477 καὶ
3747 1428 3857 1486 τοῖς

2282 1510 2556 1581 ἀναπνοῆς
2589 1514 2761 1581 αὐτῆς
2795 1516 3187 1586 συνηθέστερα,
3217 1518 3397 1571 καίτοι
3434 1520 3631 1580 παντὸς
3663 1519 3861 1584 μᾶλλον

2282 1601 2441 1656 αὐτοὶ
2469 1603 2625 1657 ταῦτ’
2655 1605 2854 1675 ᾔδεσαν
2895 1608 3094 1677 ἀληθῆ,
3128 1610 3245 1670 πῶς
3280 1609 3379 1661 οὐκ
3426 1610 3591 1663 αὑτοῦ
3634 1612 3698 1682 δὴ
3743 1612 3862 1665 τού-

2282 1713 2374 1749 του
2405 1695 2566 1765 χάριν
2597 1698 3014 1769 προθυμότερον
3041 1685 3305 1768 ἐσίγησαν
3338 1702 3432 1762 1v;
3472 1702 3532 1753 τὸ
3562 1704 3672 1771 γὰρ
3713 1705 3863 1771 σιγῆ-

604 1796 746 1850 hanc
772 1796 942 1864 ipsam
980 1797 1050 1850 ob
1082 1812 1305 1851 causam
1368 1798 1626 1852 libentius
1664 1797 1939 1853 tacuisse?
1997 1798 2178 1852 Mitius

2287 1803 2378 1841 σαι
2414 1786 2509 1841 τοῦ
2542 1780 2720 1841 δοκεῖν
2766 1791 3079 1859 ἀντιλέγειν
3115 1791 3287 1855 δῆπου
3344 1794 3671 1863 πραότερον.
3711 1794 3863 1849 Είκδς

2330 1878 2344 1892 .
2438 1874 2466 1892 ν
2624 1881 2635 1892 .
2749 1882 2761 1892 .
2858 1880 2869 1892 .
3072 1884 3085 1892 .
3225 1882 3251 1892 -
3310 1884 3374 1892 --.
3417 1885 3441 1892 _
3613 1886 3661 1892 μ.
3839 1887 3850 1892 _

598 1887 747 1941 enim
772 1885 929 1957 plane
949 1897 1067 1942 erat
1096 1888 1353 1954 tacuissr,
1374 1904 1535 1959 quam
1561 1889 1726 1943 rideri
1759 1889 2175 1944 contradixisse.

598 1976 859 2034 Fortasse
891 1994 1019 2033 vero
1051 1979 1117 2035 iis
1148 1981 1240 2050 qui
1272 1980 1531 2050 Spiritum
1592 1997 1655 2036 ex
1714 1980 1851 2036 Filio
1886 1981 2181 2049 procedere

598 2069 915 2134 audiebant,
962 2084 1062 2125 nec
1114 2070 1319 2125 dictum
1390 2074 1545 2127 valde
1615 2071 1929 2142 capiebant,
2007 2072 2179 2126 multa

600 2161 766 2218 etiam
805 2160 908 2216 alia
942 2161 994 2216 in
1040 2174 1275 2217 mentem
1308 2163 1543 2219 absurda
1585 2165 1899 2231 veniebant,
1956 2174 2011 2221 et
2067 2166 2180 2221 haec

603 2255 745 2324 ipsa,
782 2256 992 2326 inqua:
1039 2254 1262 2312 Latinos
1317 2257 1618 2323 deducunt,
1667 2260 1759 2329 qui
1813 2269 2007 2315 contra
2059 2260 2182 2315 illos

601 2346 820 2402 edidere
851 2348 1007 2419 longa
1041 2348 1350 2410 volumina;
1380 2359 1436 2405 et
1467 2366 1589 2421 qua:
1624 2353 1940 2406 necessario
1993 2353 2185 2408 dicunt

602 2454 669 2494 ex
695 2440 948 2509 dogmate
982 2442 1134 2511 sequi
1178 2458 1191 2494 :
1227 2451 1285 2496 ut
1318 2453 1468 2511 puta,
1502 2444 1711 2511 Opinari
1749 2444 1856 2498 duo
1885 2444 2180 2514 principia,

603 2541 658 2586 ct
700 2530 1018 2589 inferiorem
1057 2548 1179 2589 esse
1206 2533 1464 2603 Spiritum
1498 2534 1621 2588 aliis
1647 2534 1849 2589 divinis
1907 2534 2179 2603 personis,

604 2634 659 2679 et
699 2625 905 2696 reliqua
957 2624 1298 2694 hujusmodi.
1343 2625 1478 2680 Nam
1533 2626 1579 2681 si
1612 2625 1789 2681 Latini
1834 2626 1901 2680 ad
1938 2627 2052 2680 hac
2096 2641 2182 2681 re-

608 2716 965 2784 spondentes,
994 2724 1048 2772 et
1082 2730 1258 2787 neque
1292 2732 1349 2772 se
1379 2718 1448 2771 ita
1486 2718 1707 2781 sentire,
1744 2733 1922 2787 neque
1947 2717 2185 2772 absurda

605 2806 696 2861 illa
731 2807 1041 2862 necessario
1074 2808 1230 2877 sequi
1255 2807 1631 2872 ostendentes,
1670 2808 1907 2862 nondum
1934 2810 2037 2863 hoc
2065 2823 2185 2875 per-

607 2896 839 2952 suadere
872 2896 1073 2953 Graecis
1116 2910 1391 2968 patuere;
1443 2899 1537 2955 sed
1596 2909 1785 2969 putant
1837 2900 1911 2953 illi
1968 2900 2188 2970 quidvis

614 2989 818 3065 potius,
849 3003 1015 3059 quam
1057 2988 1375 3044 Latinorum
1405 2990 1734 3045 sententiam
1767 2990 1852 3045 his
1886 2990 2186 3045 incommo-

532 3130 539 3141 ,
605 3079 693 3134 dis
718 3092 931 3134 carere.
977 3079 1128 3133 Adeo
1162 3079 1321 3149 longe
1353 3079 1510 3134 aliter
1542 3079 1609 3133 de
1640 3079 2013 3136 additamento
2060 3098 2183 3137 scn-

2286 1878 2393 1949 γὰρ
2436 1874 2505 1950 ἦν
2559 1881 2685 1943 τοὺς
2738 1880 3039 1941 ἀκούοντας
3070 1884 3131 1936 ὲκ
3160 1882 3254 1943 τοῦ
3310 1884 3442 1936 Υίοῦ
3504 1886 3756 1954 προϊέναι
3804 1887 3862 1938 τὸ

2285 1968 2531 2038 Πνεῦμα,
2569 1972 2663 2024 καὶ
2716 1972 2789 2040 μὴ
2828 1972 3143 2041 χωροῦντας
3201 1976 3345 2027 πάνυ
3388 1975 3478 2027 τὸν
3522 1976 3701 2044 λόγον,
3732 1977 3862 2031 ἀλλα

2285 2078 2349 2130 γε
2379 2061 2548 2114 πολλὰ
2582 2062 2691 2116 τῶν
2734 2065 2953 2118 ἀτόπων
3004 2066 3408 2134 ἐνθυμηθῆναι,
3459 2068 3553 2121 καὶ
3598 2070 3771 2122 ταῦτα
3800 2070 3863 2138 δὴ

2286 2155 2423 2222 πρὸς
2470 2153 2505 2207 ἃ
2539 2155 2804 2217 Λατίνους
2836 2157 3147 2225 ἀπάγουσιν
3184 2160 3233 2211 οἱ
3270 2160 3337 2212 τὰ
3395 2161 3584 2230 μακρά
3627 2162 3746 2213 κατ’
3774 2163 3863 2215 αύ-

2285 2244 2393 2299 τῶν
2426 2247 2783 2310 ἐκδεδωκότες
2838 2251 3274 2319 συγγράμματα,
3311 2254 3405 2305 καὶ
3457 2254 3491 2306 ἆ
3545 2272 3711 2322 φασιν
3742 2257 3865 2307 ἀκο-

2286 2339 2497 2391 λουθεῖν
2530 2340 2586 2406 ἐξ
2636 2341 2879 2410 ἀνάγκης
2910 2342 2986 2411 τῷ
3030 2344 3266 2412 δόγματι
3294 2361 3309 2376 ο
3353 2340 3466 2398 οἷόν
3516 2351 3630 2399 ἐστι
3682 2350 3774 2401 καὶ
3810 2348 3865 2400 τὸ

2286 2432 2468 2493 διττὰς
2522 2433 2765 2502 νομίζειν
2819 2436 3016 2506 ἀρχὰς,
3050 2437 3146 2489 καὶ
3195 2437 3255 2490 τὸ
3306 2438 3415 2491 τῶν
3473 2439 3652 2492 ἄλλων
3710 2440 3865 2495 θείων

2289 2522 2601 2592 προσώπων
2648 2520 2789 2578 εῖναι
2862 2527 2921 2581 τὸ
2982 2528 3211 2599 Πνεῦμα
3267 2532 3725 2601 καταδεέστερον,
3776 2535 3865 2586 καὶ

2286 2616 2454 2668 τᾶλλα
2487 2616 2551 2685 δὴ
2601 2616 2670 2669 τά
2717 2616 2966 2675 τοιαῦτα.
2997 2620 3055 2673 Εἰ
3087 2619 3197 2689 γὰρ
3243 2622 3463 2676 Λατῖνοι
3497 2625 3623 2694 περὶ
3663 2626 3865 2679 τούτων

2288 2708 2739 2779 ἀπολογούμενοι,
2791 2714 2885 2765 καὶ
2937 2715 3076 2781 μήτε
3133 2718 3354 2783 φρονεῖν
3405 2717 3567 2780 αὐτὰ,
3626 2718 3754 2787 μήτ’
3810 2717 3869 2783 ἐξ

2289 2802 2537 2872 ἀνάγκης
2586 2804 2818 2858 ἕπεσθαι
2876 2810 2943 2875 τῇ
3001 2807 3125 2876 δόξῃ
3189 2808 3519 2874 δεικνύντες,
3569 2810 3722 2865 οὔπω
3773 2816 3866 2867 καὶ

2288 2897 2529 2965 τήμερον
2562 2898 2745 2949 πεῖσαι
2784 2897 3053 2968 Γραικοὺς
3086 2900 3458 2971 ἠδυνήθησαν,
3501 2902 3620 2955 ἀλλ’
3663 2906 3866 2957 οἴονται
3934 2942 3939 2949 .

2290 2989 2469 3042 πάντα
2523 2989 2721 3057 μᾶλλον
2771 2989 2801 3059 ἢ
2847 2990 2957 3042 τῶν
3010 2992 3232 3044 ἀτόπων
3279 2995 3627 3064 ἀπηλλάχθαι
3662 3000 3866 3053 τούτων

2289 3080 2390 3149 τὴν
2430 3080 2622 3144 δόξαν·
2658 3081 2833 3144 οὕτως
2864 3083 3127 3136 ἀκούουσι
3159 3086 3258 3154 τῆς
3290 3088 3634 3157 προσθήκης,
3668 3092 3767 3160 οὐχ
3795 3092 3868 3154 ὡς

608 3170 770 3234 tiunt,
795 3184 958 3241 quam
997 3172 1160 3225 Velini
1192 3172 1285 3241 qui
1334 3171 1464 3226 illud
1501 3184 1751 3229 asserunt
1781 3191 1795 3228 :
1828 3175 1958 3244 quid
2012 3176 2181 3230 factu-

2293 3173 2357 3226 at.
2390 3175 2437 3225 οἱ
2477 3173 2726 3242 λέγοντες
2765 3175 3078 3243 βούλοιντο,
3113 3176 3166 3229 τί
3215 3178 3411 3230 παθεῖν
3443 3180 3590 3242 εἰκὸς
3633 3176 3703 3248 ἦν
3743 3183 3868 3245 τοὺς

606 3276 698 3317 ros
729 3261 979 3317 homines
1019 3263 1427 3328 existimamus,
1460 3266 1672 3320 sanctis
1697 3266 1957 3324 ontnibus
1986 3283 2050 3322 ex
2080 3266 2187 3323 Fi-

605 3354 677 3409 lio
697 3352 959 3423 Spiritum
985 3354 1398 3421 aliirmantihns,
1434 3362 1486 3408 et
1516 3355 1859 3425 simpliciter,
1918 3367 1978 3414 ut
2014 3360 2184 3414 moris

606 3456 691 3503 est
724 3447 852 3512 illis,
876 3446 1075 3517 dogma
1117 3446 1224 3501 hoc
1255 3448 1678 3517 profcrentibus,
1713 3460 1768 3504 et
1799 3450 1933 3504 nihil
1973 3452 2182 3505 adden-

605 3538 752 3593 tibus
794 3552 860 3594 ex
898 3538 986 3601 iis,
1017 3554 1140 3608 quae
1171 3554 1317 3593 nunc
1363 3555 1391 3592 a
1441 3538 1653 3594 Latinis
1711 3541 2003 3597 adinrenta
2056 3551 2187 3598 sunt

610 3645 776 3685 causa
817 3628 1141 3685 defendendi
1201 3631 1493 3701 desolatis,
1527 3641 1581 3685 et
1614 3631 1877 3687 eiadendi
1933 3634 2047 3687 lucc
2104 3633 2187 3687 in-

606 3717 932 3773 commoda?
970 3716 1080 3787 Ego
1109 3718 1254 3772 enim
1308 3720 1553 3774 arbitror
1601 3719 1845 3775 futurum
1906 3723 2077 3777 fuisse
2129 3732 2188 3777 ut

607 3810 723 3866 hmc
756 3810 974 3881 quidem
1008 3809 1084 3864 illi
1119 3813 1274 3880 sequi
1328 3812 1567 3867 absurda
1598 3815 1995 3885 epinarentur;
2046 3831 2177 3870 con-

605 3905 908 3961 tradicente
932 3918 1061 3959 vero
1094 3903 1336 3967 nemine,
1376 3918 1474 3959 nec
1514 3906 1753 3960 cavenda
1791 3907 1879 3960 illa
1911 3920 2032 3960 esse
2064 3908 2176 3960 ad-

608 4005 890 4059 monente,
948 4003 1003 4051 et
1031 3996 1358 4049 sententiam
1393 3996 1874 4064 amplecterentur,
1924 4005 2183 4067 tanquam

608 4086 761 4140 nulla
788 4086 873 4140 sui
907 4099 969 4141 ex
1004 4094 1160 4156 parte
1205 4085 1320 4155 ipsa
1359 4086 1705 4152 inferentem,
1736 4097 1790 4143 et
1823 4089 2186 4143 incommodis

608 4176 763 4231 hisce
784 4184 1043 4245 tanquam
1070 4176 1214 4232 veris
1250 4175 1405 4233 facile
1431 4179 1851 4233 assentirentur.
1883 4177 2017 4244 Quae
2050 4194 2185 4235 sane

606 4266 819 4321 omnia'
837 4282 935 4336 par
970 4275 1053 4322 est
1093 4266 1350 4323 doctores
1378 4267 1718 4338 praevidisse,
1754 4269 1985 4340 ideoque
2016 4272 2185 4327 absti-

612 4359 801 4414 nuisse
843 4373 873 4413 ιι
910 4358 1237 4430 proferenda
1301 4361 1597 4425 sententia,
1649 4362 1910 4432 quodque
1954 4364 2183 4418 multum

606 4452 802 4508 laedere
830 4462 1063 4524 poterat,
1091 4454 1335 4510 siluisse.
1368 4456 1503 4510 Cum
1539 4454 1685 4511 enim
1722 4456 1798 4511 illi
1833 4456 1901 4511 de
1922 4457 2186 4512 securita-

603 4557 659 4600 te
679 4545 1074 4616 discipulorum
1116 4544 1276 4600 valde
1306 4546 1525 4601 solliciti
1573 4561 1671 4602 eos
1728 4547 1932 4618 ubique
1981 4550 2181 4602 cohor-

603 4646 786 4691 tentur
819 4646 875 4691 ut
905 4638 1025 4693 sola
1069 4645 1374 4708 sequantur
1413 4638 1715 4709 Scriptum
1739 4640 1927 4703 verba,
1970 4649 2025 4694 et
2047 4639 2181 4693 nihil

599 4728 747 4783 aliud
783 4729 1000 4785 curiose
1057 4733 1363 4800 inquirant,
1419 4744 1585 4801 quam
1621 4732 1785 4803 etiam
1846 4731 1917 4786 ob
1955 4744 2180 4785 causam

602 4821 773 4875 multa
804 4821 1103 4891 Scriptura:
1123 4821 1241 4877 loca
1268 4822 1545 4891 explicant
1572 4817 2183 4892 contra'quamomnes,

600 4921 655 4963 ιιι
702 4913 921 4980 ipsimct
970 4913 1133 4968 etiam
1164 4916 1450 4980 sentirent,
1476 4928 1578 4970 nee
1620 4913 1791 4969 videri
1853 4914 2186 4968 erubescunt

606 5004 919 5072 huiusmodi
958 5008 1352 5062 sententiarum
1396 5007 1541 5079 plani
1574 5007 1917 5074 interpretes,
1948 5015 2001 5060 ct
2053 5019 2183 5075 pro-

602 5093 767 5147 funda
803 5109 909 5149 non
964 5105 1333 5166 penetrantes,
1365 5113 1434 5154 eo
1492 5104 1707 5151 tantum
1769 5093 2023 5158 consilio,
2074 5108 2189 5166 quo

604 5183 817 5239 valeant
859 5192 1186 5256 persuadere
1242 5189 1387 5253 aliis,
1428 5196 1486 5243 ut
1548 5186 1864 5241 contineant
1917 5198 1978 5238 se
2041 5184 2185 5240 intra

583 5278 892 5345 terminos,
950 5290 1004 5336 et
1053 5280 1379 5337 temeritatis
1447 5278 1692 5348 pericula
1752 5278 1957 5333 evitent
2000 5296 2012 5332 :
2050 5278 2183 5349 quid

606 5368 823 5436 mirum,
857 5373 902 5427 si
937 5374 1033 5429 has
1062 5374 1419 5445 cogitationes
1442 5372 1644 5436 secuti,
1669 5370 1784 5425 haec
1816 5370 1931 5442 ipsa
1963 5387 2185 5442 quoque

602 5468 915 5529 tacuerunt,
946 5474 1002 5518 ut
1031 5466 1198 5519 multa
1229 5462 1356 5524 alia,
1383 5476 1503 5532 quae
1536 5462 1604 5516 ab
1635 5461 1742 5517 illis
1774 5463 2183 5532 poterautcitra

603 5555 901 5624 periculurn
941 5554 1258 5610 enuntiari?
1290 5552 1591 5622 Oportebat
1634 5556 1780 5610 enim
1833 5572 1940 5609 non
2003 5556 2183 5612 solum

606 5646 787 5699 verbis
810 5661 1160 5701 commoncre
1178 5646 1306 5715 quid
1337 5645 1451 5700 fieri
1483 5647 1696 5711 deceat,
1722 5646 1819 5703 sed
1850 5646 2025 5717 reipsa
2049 5663 2189 5716 quo-

608 5750 719 5801 que
741 5736 914 5800 palam
940 5735 1137 5801 facere,
1162 5747 1213 5809 ei
1247 5752 1306 5792 se
1337 5735 1486 5805 ipsos
1518 5738 1831 5807 exemplqu
1863 5738 2185 5792 adhibenda!

609 5824 876 5879 cautionis
911 5828 1170 5896 praebere.
1237 5814 1493 5887 Sciebant
1528 5831 1725 5902 quippe
1782 5831 1883 5887 hoc
1928 5844 2181 5886 verorum

2290 3261 2632 3332 ἀνθρώπους,
2664 3262 2769 3315 τῶν
2821 3263 2993 3329 ἁγίων
3044 3265 3301 3319 ἀπάντων
3352 3267 3417 3318 ἐκ
3470 3267 3566 3319 τοῦ
3621 3267 3753 3319 Υἰοῦ
3810 3268 3868 3319 τὸ

2290 3353 2513 3422 Πνεῦμα
2540 3353 2828 3420 λεγόντων,
2873 3356 2967 3407 καὶ
3005 3354 3165 3408 τοῦτο
3196 3356 3644 3425 δογματιζόντων
3683 3360 3866 3422 ἁπλῶς

2288 3445 2365 3507 ὡς
2405 3445 2528 3507 ἔθος
2581 3447 2785 3508 αὐτοῖς,
2827 3447 2995 3514 μηδὲν
3046 3446 3103 3498 δὲ
3163 3449 3577 3517 προστιθέντων
3622 3450 3732 3503 τῶν
3776 3452 3872 3503 νῦν

2288 3537 2540 3599 Λατίνοις
2567 3537 2647 3599 είς
2682 3537 2987 3603 ἀπολογίαν
3021 3538 3409 3609 ἐξευρημένων
3440 3540 3535 3593 τοῦ
3574 3541 3865 3609 δόγματος,

2290 3632 2384 3683 καὶ
2424 3628 2559 3698 πρὸς
2589 3628 2688 3692 τάς
2716 3629 2825 3681 τῶν
2871 3632 3094 3684 ἀτόπων
3142 3632 3349 3685 τούτων
3400 3634 3720 3700 ἀποφυγὰς;
3759 3633 3866 3699 ἐγὼ

2289 3721 2398 3791 γὰρ
2451 3717 2625 3791 οἶμαι,
2656 3724 2721 3791 τῇ
2777 3721 2878 3789 μὲν
2940 3722 3070 3793 δόξῃ
3120 3725 3456 3793 νομίσαντας
3514 3725 3746 3778 ἕπεσθαι
3798 3724 3866 3778 τὰ

2288 3813 2536 3879 τοιαῦτα,
2584 3812 2961 3880 ἀντιλέγοντος
3011 3814 3069 3866 δὲ
3121 3815 3371 3885 μηδενὸς,
3438 3816 3616 3869 ταῦτα
3666 3816 3869 3885 φυλάτ-

2288 3902 2478 3956 τεσθαι
2529 3902 2949 3973 παραινοῦντος,
2977 3906 3069 3958 καὶ
3113 3907 3215 3975 τὴν
3246 3907 3403 3970 δόξαν
3451 3908 3527 3971 ὡς
3572 3908 3871 3978 οὐδαμόθεν

2289 3996 2495 4049 τούτων
2522 3996 2704 4049 αἰτίαν
2746 3997 2938 4066 τιμᾷν,
2979 3999 3074 4050 καὶ
3113 3998 3189 4061 ὡς
3233 4000 3464 4070 ἀληθέσι
3491 4004 3605 4064 τοῖς
3644 4002 3871 4069 ἀτόποις

2288 4085 2501 4147 τούτοις
2532 4088 2734 4158 ῥᾳδίως
2768 4085 2836 4139 ἂν
2881 4088 3246 4156 προσθέσθαι.
3288 4092 3355 4144 ’Δ
3383 4091 3446 4159 δὴ
3481 4092 3661 4146 πάντα
3690 4112 3872 4164 προει-

2288 4178 2548 4247 δομὲνους
2596 4178 2741 4240 εἰκός
2783 4177 2900 4231 ἐστι
2941 4178 3230 4246 φείσασθαι
3273 4178 3377 4249 τῆς
3437 4181 3597 4251 δόξης
3625 4185 3753 4248 τοὺς
3793 4186 3873 4237 δι-

2290 4269 2616 4333 δασκάλους,
2650 4269 2745 4323 καὶ
2800 4272 3025 4339 σιγῆσαι
3058 4270 3119 4324 τὸ
3158 4272 3374 4341 μεγάλα
3405 4273 3672 4343 βλάπτειν
3712 4277 3875 4331 δυνά-

2294 4376 2474 4428 μενον.
2536 4360 2597 4412 El
2654 4359 2711 4412 δὲ
2768 4364 2863 4415 καὶ
2924 4361 3022 4431 τῆς
3082 4362 3191 4415 τῶν
3252 4364 3515 4434 μαθητῶν
3568 4367 3873 4434 ἀσφαλείας

2294 4450 2500 4519 σφόδρα
2529 4450 2933 4519 φροντίζοντες,
2966 4452 3241 4522 πανταχοῦ
3273 4455 3635 4525 παραινοῦσιν
3679 4460 3872 4524 αὐτοῖς

2291 4542 2399 4595 τῶν
2445 4544 2501 4595 ἐν
2557 4546 2622 4613 τῇ
2668 4544 2857 4613 Γραφῇ
2910 4545 3224 4615 λεγομένων
3274 4548 3499 4616 ἔχεσθαι
3554 4549 3741 4618 μόνον,
3777 4554 3875 4606 καὶ

2294 4633 2462 4702 μηδὲν
2492 4635 2960 4704 περιεργάζεσθαι
2998 4636 3162 4689 πλέον
3187 4643 3202 4667 "
3240 4638 3383 4691 ὥστε
3432 4641 3529 4692 καὶ
3575 4641 3750 4696 πολλά
3778 4646 3877 4713 τῆς

2288 4725 2510 4796 Γραφῆς
2542 4727 2868 4797 ἐξηγοῦνται
2903 4732 2967 4799 τῇ
3001 4746 3060 4782 τε
3092 4730 3312 4784 πάντων
3342 4732 3471 4806 δόξῃ
3498 4735 3592 4787 καὶ
3619 4739 3685 4805 τῇ
3720 4737 3871 4804 σφῶν

2287 4824 2475 4876 αὐτῶν
2516 4825 2817 4888 ἐναντίως·
2870 4826 2979 4878 οὐδ’
3032 4827 3305 4881 αἰδοῦνται
3366 4830 3428 4883 τὸ
3476 4830 3625 4897 δόξαι
3678 4836 3875 4900 σαφεῖς

2287 4931 2432 4976 τινες
2457 4915 2611 4977 ὄντες
2640 4917 2735 4969 καὶ
2766 4919 3081 4971 ὲπιπῦλαιοι
3135 4919 3245 4973 τῶν
3280 4921 3542 4975 τοιούτων
3579 4923 3872 4994 ἐξηγηταὶ,

2290 5009 2450 5078 μόνον
2487 5009 2574 5062 ἵνα
2601 5010 2873 5077 δυνηθῶσι
2902 5014 3088 5066 πεῖσαι
3124 5014 3251 5078 τοὺς
3280 5015 3475 5078 ἀλλους
3514 5018 3650 5070 εἵσω
3690 5019 3875 5088 μένειν

2286 5101 2395 5153 τῶν
2434 5103 2599 5171 ὅρων,
2632 5102 2728 5155 καὶ
2754 5105 2866 5156 τῶν
2911 5106 2975 5157 ἐκ
3020 5098 3119 5175 τῆς
3150 5110 3487 5175 προπετείας
3521 5110 3873 5182 ἀπηλλάχθαι

2289 5189 2553 5245 κινδύνων
2580 5207 2595 5223 ⁸
2646 5191 2699 5244 τί
2734 5193 3072 5264 θαυμαστὸν,
3105 5198 3154 5249 εί
3188 5198 3401 5261 τούτοις
3453 5200 3716 5270 ἑπόμενοι
3764 5203 3874 5262 τοῖς

2288 5282 2571 5353 λογισμοῖς
2600 5287 2696 5339 καὶ
2721 5287 2894 5340 ταῦτα
2941 5288 3229 5359 ἐσίγησαν,
3261 5290 3454 5361 ὥσπερ
3498 5290 3651 5363 εὖροι
3689 5310 3772 5356 τις
3804 5293 3871 5345 ἂν

2290 5374 2491 5439 αὐτοὺς
2534 5378 2626 5430 καὶ
2672 5378 2847 5433 πολλὰ
2878 5379 3013 5434 ἄλλα
3048 5381 3157 5433 τῶν
3189 5382 3491 5446 ἀκινδύνως
3523 5384 3589 5436 ἂν
3638 5385 3872 5454 εἰρημέ-

2289 5482 2396 5520 νων
2427 5472 2820 5539 σεσιγηκόταςς
2862 5472 2971 5528 ἔδει
3023 5474 3127 5546 γὰρ
3167 5474 3241 5545 μὴ
3274 5474 3418 5544 λόγῳ
3458 5474 3619 5541 μόνον
3666 5476 3727 5528 τὸ
3754 5476 3873 5527 δέον

2291 5559 2679 5629 ὑπαγορεύειν,
2729 5563 2867 5616 ἀλλά
2916 5565 3009 5618 καὶ
3066 5566 3212 5635 ἔργῳ
3260 5565 3531 5635 φανεροῦν
3578 5567 3735 5632 αὐτὸ,
3779 5566 3875 5621 καὶ

2291 5652 2642 5721 παράδειγμα
2698 5656 2839 5723 σφᾶς
2891 5657 3090 5719 αὐτοὺς
3136 5656 3340 5709 διδόναι
3380 5658 3482 5724 τῆς
3536 5659 3826 5721 εὐλαϐείας
3856 5674 3872 5690 ·

2291 5740 2451 5793 τοῦτο
2503 5744 2609 5814 γὰρ
2659 5744 2933 5815 ἀληθινῶν
2985 5744 3323 5799 διδασκάλων
3360 5747 3558 5816 ᾔδεσαν
3591 5748 3672 5801 όν.
3719 5747 3874 5800 Ἐπει

2294 5833 2347 5886 δὲ
2399 5835 2489 5887 κώ
2543 5835 2642 5907 τὴν
2670 5835 2929 5905 ἀλήθειαν
2977 5834 3085 5890 ἀπό
3116 5851 3177 5903 γε
3233 5835 3341 5889 τῶν
3380 5830 3707 5905 σοφωτέρων
3740 5836 3876 5908 »ρύ-
