  <div class='ocr_page' id='page_1' title='image "/cluster/home/n/w/nwhite01/storage/ocr_20150623/160/mdp.39015078384693/264.png"; bbox 0 0 4170 6294; ppageno 0'>
   <div class='ocr_carea' id='block_1_1' title="bbox 344 356 464 425">
    <p class='ocr_par' dir='ltr' id='par_1_1' title="bbox 344 356 464 425">
     <span class='ocr_line' id='line_1_1' title="bbox 344 356 464 425; baseline 0.025 -3"><span class='ocrx_word' id='word_1_1' title='bbox 344 356 464 425; x_wconf 61' lang='grc' dir='ltr'>διο</span> 
     </span>
    </p>
   </div>
   <div class='ocr_carea' id='block_1_2' title="bbox 1495 372 2466 438">
    <p class='ocr_par' dir='ltr' id='par_1_2' title="bbox 1495 372 2466 438">
     <span class='ocr_line' id='line_1_2' title="bbox 1495 372 2466 438; baseline 0.003 -5"><span class='ocrx_word' id='word_1_2' title='bbox 1495 372 1781 435; x_wconf 78' lang='lat' dir='ltr'><strong>ORATIO</strong></span> <span class='ocrx_word' id='word_1_3' title='bbox 1828 374 1918 435; x_wconf 89' lang='lat' dir='ltr'><strong>III</strong></span> <span class='ocrx_word' id='word_1_4' title='bbox 1954 376 2057 437; x_wconf 82' lang='lat' dir='ltr'><strong>AD</strong></span> <span class='ocrx_word' id='word_1_5' title='bbox 2096 377 2466 438; x_wconf 80' lang='lat' dir='ltr'><strong>SYNODUM</strong></span> 
     </span>
    </p>
   </div>
   <div class='ocr_carea' id='block_1_3' title="bbox 3526 367 3633 433">
    <p class='ocr_par' dir='ltr' id='par_1_3' title="bbox 3526 367 3633 433">
     <span class='ocr_line' id='line_1_3' title="bbox 3526 367 3633 433; baseline -0.019 0"><span class='ocrx_word' id='word_1_6' title='bbox 3526 367 3633 433; x_wconf 63' lang='lat'><strong>514</strong></span> 
     </span>
    </p>
   </div>
   <div class='ocr_carea' id='block_1_4' title="bbox 346 472 1945 558">
    <p class='ocr_par' dir='ltr' id='par_1_4' title="bbox 346 472 1933 553">
     <span class='ocr_line' id='line_1_4' title="bbox 346 472 1933 553; baseline 0.004 -21"><span class='ocrx_word' id='word_1_7' title='bbox 346 490 511 527; x_wconf 78' lang='grc' dir='ltr'>πτειν</span> <span class='ocrx_word' id='word_1_8' title='bbox 544 472 646 526; x_wconf 76' lang='grc' dir='ltr'>οὒκ</span> <span class='ocrx_word' id='word_1_9' title='bbox 692 472 803 526; x_wconf 80' lang='grc' dir='ltr'>ἔδει</span> <span class='ocrx_word' id='word_1_10' title='bbox 826 489 839 502; x_wconf 86' lang='grc'><strong>·</strong></span> <span class='ocrx_word' id='word_1_11' title='bbox 881 472 917 547; x_wconf 82' lang='grc' dir='ltr'><strong>ἦ</strong></span> <span class='ocrx_word' id='word_1_12' title='bbox 950 475 1059 547; x_wconf 79' lang='grc' dir='ltr'>γὰρ</span> <span class='ocrx_word' id='word_1_13' title='bbox 1108 477 1173 531; x_wconf 84' lang='grc' dir='ltr'><strong>ἂν</strong></span> <span class='ocrx_word' id='word_1_14' title='bbox 1220 478 1445 547; x_wconf 68' lang='grc' dir='ltr'>ἡδίκουν</span> <span class='ocrx_word' id='word_1_15' title='bbox 1476 484 1542 553; x_wconf 80' lang='grc' dir='ltr'>τῇ</span> <span class='ocrx_word' id='word_1_16' title='bbox 1574 485 1683 538; x_wconf 87' lang='grc' dir='ltr'><strong>τῶν</strong></span> <span class='ocrx_word' id='word_1_17' title='bbox 1713 485 1933 539; x_wconf 81' lang='grc' dir='ltr'>ἀσθενε-</span> 
     </span>
    </p>
   </div>
   <div class='ocr_carea' id='block_1_5' title="bbox 2046 472 3629 558">
    <p class='ocr_par' dir='ltr' id='par_1_5' title="bbox 2046 484 3629 558">
     <span class='ocr_line' id='line_1_5' title="bbox 2046 484 3629 558; baseline 0.001 -18"><span class='ocrx_word' id='word_1_18' title='bbox 2046 487 2483 543; x_wconf 76' lang='lat' dir='ltr'><strong>essedoctorum.</strong></span> <span class='ocrx_word' id='word_1_19' title='bbox 2529 486 2799 554; x_wconf 86' lang='lat' dir='ltr'><strong>Quoniam</strong></span> <span class='ocrx_word' id='word_1_20' title='bbox 2842 501 2969 544; x_wconf 91' lang='lat' dir='ltr'><strong>vero</strong></span> <span class='ocrx_word' id='word_1_21' title='bbox 3000 484 3363 558; x_wconf 74' lang='lat' dir='ltr'><strong>sapientiores</strong></span> <span class='ocrx_word' id='word_1_22' title='bbox 3409 500 3629 557; x_wconf 88' lang='lat' dir='ltr'><strong>quoque</strong></span> 
     </span>
    </p>
   </div>
   <div class='ocr_carea' id='block_1_6' title="bbox 350 566 1938 645">
    <p class='ocr_par' dir='ltr' id='par_1_6' title="bbox 350 566 1938 645">
     <span class='ocr_line' id='line_1_6' title="bbox 350 566 1938 645; baseline 0.008 -28"><span class='ocrx_word' id='word_1_23' title='bbox 350 566 562 634; x_wconf 83' lang='grc' dir='ltr'>στέρων</span> <span class='ocrx_word' id='word_1_24' title='bbox 637 566 811 635; x_wconf 80' lang='grc' dir='ltr'><strong>φειδοῖ</strong></span> <span class='ocrx_word' id='word_1_25' title='bbox 885 569 1010 633; x_wconf 79' lang='grc' dir='ltr'>τοὺς</span> <span class='ocrx_word' id='word_1_26' title='bbox 1088 570 1313 639; x_wconf 79' lang='grc' dir='ltr'>ἄμεινον</span> <span class='ocrx_word' id='word_1_27' title='bbox 1373 576 1938 645; x_wconf 76' lang='grc' dir='ltr'><strong>παρεσκευασμένους</strong></span> 
     </span>
    </p>
   </div>
   <div class='ocr_carea' id='block_1_7' title="bbox 348 655 1936 736">
    <p class='ocr_par' dir='ltr' id='par_1_7' title="bbox 348 655 1936 736">
     <span class='ocr_line' id='line_1_7' title="bbox 348 655 1936 736; baseline 0.008 -30"><span class='ocrx_word' id='word_1_28' title='bbox 348 655 745 727; x_wconf 81' lang='grc' dir='ltr'>ἀτελεστέρους</span> <span class='ocrx_word' id='word_1_29' title='bbox 775 656 994 723; x_wconf 80' lang='grc' dir='ltr'><strong>ἐῶντες,</strong></span> <span class='ocrx_word' id='word_1_30' title='bbox 1039 661 1179 730; x_wconf 82' lang='grc' dir='ltr'><strong>μηδέ</strong></span> <span class='ocrx_word' id='word_1_31' title='bbox 1212 662 1307 715; x_wconf 72' lang='grc' dir='ltr'><strong>καὶ</strong></span> <span class='ocrx_word' id='word_1_32' title='bbox 1336 662 1552 727; x_wconf 76' lang='grc' dir='ltr'><strong>τούτοις</strong></span> <span class='ocrx_word' id='word_1_33' title='bbox 1586 668 1936 736; x_wconf 81' lang='grc' dir='ltr'>συμμετρείν</span> 
     </span>
    </p>
   </div>
   <div class='ocr_carea' id='block_1_8' title="bbox 348 744 1941 817">
    <p class='ocr_par' dir='ltr' id='par_1_8' title="bbox 348 744 1941 817">
     <span class='ocr_line' id='line_1_8' title="bbox 348 744 1941 817; baseline 0.008 -21"><span class='ocrx_word' id='word_1_34' title='bbox 348 744 446 797; x_wconf 73' lang='grc' dir='ltr'>τὸν</span> <span class='ocrx_word' id='word_1_35' title='bbox 488 746 590 813; x_wconf 76' lang='grc' dir='ltr'>τῆς</span> <span class='ocrx_word' id='word_1_36' title='bbox 632 744 988 811; x_wconf 80' lang='grc' dir='ltr'><strong>διδασκαλίας</strong></span> <span class='ocrx_word' id='word_1_37' title='bbox 1040 748 1198 817; x_wconf 87' lang='grc' dir='ltr'>λόγον</span> <span class='ocrx_word' id='word_1_38' title='bbox 1244 750 1568 816; x_wconf 79' lang='grc' dir='ltr'>ἐθέλοντεςο</span> <span class='ocrx_word' id='word_1_39' title='bbox 1603 753 1767 809; x_wconf 80' lang='grc' dir='ltr'>ἄλλον</span> <span class='ocrx_word' id='word_1_40' title='bbox 1817 757 1941 809; x_wconf 81' lang='grc' dir='ltr'>τινὰ</span> 
     </span>
    </p>
   </div>
   <div class='ocr_carea' id='block_1_9' title="bbox 352 837 1940 914">
    <p class='ocr_par' dir='ltr' id='par_1_9' title="bbox 352 837 1940 914">
     <span class='ocr_line' id='line_1_9' title="bbox 352 837 1940 914; baseline 0.008 -26"><span class='ocrx_word' id='word_1_41' title='bbox 352 837 557 907; x_wconf 81' lang='grc' dir='ltr'>τρόπον</span> <span class='ocrx_word' id='word_1_42' title='bbox 600 837 695 890; x_wconf 76' lang='grc' dir='ltr'><strong>καὶ</strong></span> <span class='ocrx_word' id='word_1_43' title='bbox 740 839 953 903; x_wconf 79' lang='grc' dir='ltr'>τούτοις</span> <span class='ocrx_word' id='word_1_44' title='bbox 997 842 1101 910; x_wconf 81' lang='grc' dir='ltr'><strong>τὴν</strong></span> <span class='ocrx_word' id='word_1_45' title='bbox 1149 842 1325 912; x_wconf 79' lang='grc' dir='ltr'>ἁληθῆ</span> <span class='ocrx_word' id='word_1_46' title='bbox 1377 845 1747 914; x_wconf 83' lang='grc' dir='ltr'>προύτίθεσαν</span> <span class='ocrx_word' id='word_1_47' title='bbox 1779 846 1940 910; x_wconf 77' lang='grc' dir='ltr'>δόξαν</span> 
     </span>
    </p>
   </div>
   <div class='ocr_carea' id='block_1_10' title="bbox 354 929 1941 1008">
    <p class='ocr_par' dir='ltr' id='par_1_10' title="bbox 354 929 1941 1008">
     <span class='ocr_line' id='line_1_10' title="bbox 354 929 1941 1008; baseline 0.006 -26"><span class='ocrx_word' id='word_1_48' title='bbox 354 929 628 998; x_wconf 79' lang='grc' dir='ltr'>ἀρκοῦντα</span> <span class='ocrx_word' id='word_1_49' title='bbox 684 932 915 999; x_wconf 86' lang='grc' dir='ltr'>σοφοῖς·</span> <span class='ocrx_word' id='word_1_50' title='bbox 960 931 1214 1002; x_wconf 80' lang='grc' dir='ltr'>καθάπερ</span> <span class='ocrx_word' id='word_1_51' title='bbox 1266 934 1377 987; x_wconf 80' lang='grc' dir='ltr'>οὐδ’</span> <span class='ocrx_word' id='word_1_52' title='bbox 1424 935 1581 990; x_wconf 82' lang='grc' dir='ltr'>αὐτοὶ</span> <span class='ocrx_word' id='word_1_53' title='bbox 1631 939 1781 1008; x_wconf 78' lang='grc' dir='ltr'>παρὰ</span> <span class='ocrx_word' id='word_1_54' title='bbox 1831 938 1941 991; x_wconf 88' lang='grc' dir='ltr'><strong>τῶν</strong></span> 
     </span>
    </p>
   </div>
   <div class='ocr_carea' id='block_1_11' title="bbox 354 1021 1941 1102">
    <p class='ocr_par' dir='ltr' id='par_1_11' title="bbox 354 1021 1941 1102">
     <span class='ocr_line' id='line_1_11' title="bbox 354 1021 1941 1102; baseline 0.007 -30"><span class='ocrx_word' id='word_1_55' title='bbox 354 1021 592 1092; x_wconf 80' lang='grc' dir='ltr'>Γραφῶν</span> <span class='ocrx_word' id='word_1_56' title='bbox 639 1022 834 1084; x_wconf 82' lang='grc' dir='ltr'>αὑταῖς</span> <span class='ocrx_word' id='word_1_57' title='bbox 882 1022 1113 1102; x_wconf 77' lang='grc' dir='ltr'><strong>ἐζήτουν</strong></span> <span class='ocrx_word' id='word_1_58' title='bbox 1140 1022 1324 1090; x_wconf 83' lang='grc' dir='ltr'>λέξεσι</span> <span class='ocrx_word' id='word_1_59' title='bbox 1374 1026 1474 1097; x_wconf 81' lang='grc' dir='ltr'><strong>τὴν</strong></span> <span class='ocrx_word' id='word_1_60' title='bbox 1501 1027 1792 1099; x_wconf 82' lang='grc' dir='ltr'>ἀλήθειαν,</span> <span class='ocrx_word' id='word_1_61' title='bbox 1825 1030 1941 1083; x_wconf 85' lang='grc' dir='ltr'>ἀλλ’</span> 
     </span>
    </p>
   </div>
   <div class='ocr_carea' id='block_1_12' title="bbox 350 1106 1938 1191">
    <p class='ocr_par' dir='ltr' id='par_1_12' title="bbox 350 1106 1938 1191">
     <span class='ocr_line' id='line_1_12' title="bbox 350 1106 1938 1191; baseline 0.007 -27"><span class='ocrx_word' id='word_1_62' title='bbox 350 1112 455 1166; x_wconf 77' lang='grc' dir='ltr'>ὅσα</span> <span class='ocrx_word' id='word_1_63' title='bbox 500 1114 615 1175; x_wconf 88' lang='grc' dir='ltr'>τοῖς</span> <span class='ocrx_word' id='word_1_64' title='bbox 660 1114 965 1185; x_wconf 72' lang='grc' dir='ltr'>διαρρήδην</span> <span class='ocrx_word' id='word_1_65' title='bbox 1012 1106 1355 1185; x_wconf 73' lang='grc' dir='ltr'>λεγομένοις</span> <span class='ocrx_word' id='word_1_66' title='bbox 1384 1120 1481 1189; x_wconf 82' lang='grc' dir='ltr'>τὴν</span> <span class='ocrx_word' id='word_1_67' title='bbox 1536 1120 1659 1189; x_wconf 83' lang='grc' dir='ltr'>ίσην</span> <span class='ocrx_word' id='word_1_68' title='bbox 1705 1120 1938 1191; x_wconf 85' lang='grc' dir='ltr'>δύναμιν</span> 
     </span>
    </p>
   </div>
   <div class='ocr_carea' id='block_1_13' title="bbox 350 1202 1941 1280">
    <p class='ocr_par' dir='ltr' id='par_1_13' title="bbox 350 1202 1941 1280">
     <span class='ocr_line' id='line_1_13' title="bbox 350 1202 1941 1280; baseline 0.009 -27"><span class='ocrx_word' id='word_1_69' title='bbox 350 1202 488 1273; x_wconf 76' lang='grc' dir='ltr'>ἔχει,</span> <span class='ocrx_word' id='word_1_70' title='bbox 526 1204 620 1257; x_wconf 71' lang='grc' dir='ltr'>καὶ</span> <span class='ocrx_word' id='word_1_71' title='bbox 665 1203 701 1258; x_wconf 75' lang='grc' dir='ltr'><strong>ἃ</strong></span> <span class='ocrx_word' id='word_1_72' title='bbox 750 1207 869 1267; x_wconf 87' lang='grc' dir='ltr'>ταῖς</span> <span class='ocrx_word' id='word_1_73' title='bbox 929 1206 1394 1276; x_wconf 77' lang='grc' dir='ltr'>ὁμολογουμέναις</span> <span class='ocrx_word' id='word_1_74' title='bbox 1443 1212 1575 1280; x_wconf 74' lang='grc' dir='ltr'>περὶ</span> <span class='ocrx_word' id='word_1_75' title='bbox 1627 1212 1738 1265; x_wconf 88' lang='grc' dir='ltr'><strong>τῶν</strong></span> <span class='ocrx_word' id='word_1_76' title='bbox 1776 1213 1941 1267; x_wconf 90' lang='grc' dir='ltr'>θείων</span> 
     </span>
    </p>
   </div>
   <div class='ocr_carea' id='block_1_14' title="bbox 351 1296 1940 1373">
    <p class='ocr_par' dir='ltr' id='par_1_14' title="bbox 351 1296 1940 1373">
     <span class='ocr_line' id='line_1_14' title="bbox 351 1296 1940 1373; baseline 0.007 -25"><span class='ocrx_word' id='word_1_77' title='bbox 351 1296 587 1358; x_wconf 77' lang='grc' dir='ltr'>ἐννοίαις</span> <span class='ocrx_word' id='word_1_78' title='bbox 620 1301 928 1366; x_wconf 79' lang='grc' dir='ltr'>συνᾴδουσι,</span> <span class='ocrx_word' id='word_1_79' title='bbox 971 1299 1109 1367; x_wconf 61' lang='grc' dir='ltr'>πρὸς</span> <span class='ocrx_word' id='word_1_80' title='bbox 1147 1299 1245 1370; x_wconf 82' lang='grc' dir='ltr'>τὴν</span> <span class='ocrx_word' id='word_1_81' title='bbox 1275 1300 1481 1372; x_wconf 81' lang='grc' dir='ltr'>ταύτης</span> <span class='ocrx_word' id='word_1_82' title='bbox 1528 1301 1708 1372; x_wconf 83' lang='grc' dir='ltr'>Θήραν</span> <span class='ocrx_word' id='word_1_83' title='bbox 1751 1305 1940 1373; x_wconf 84' lang='grc' dir='ltr'>σφίσιν</span> 
     </span>
    </p>
   </div>
   <div class='ocr_carea' id='block_1_15' title="bbox 347 1388 1941 1461">
    <p class='ocr_par' dir='ltr' id='par_1_15' title="bbox 347 1388 1941 1461">
     <span class='ocr_line' id='line_1_15' title="bbox 347 1388 1941 1461; baseline 0.005 -20"><span class='ocrx_word' id='word_1_84' title='bbox 347 1388 615 1458; x_wconf 58' lang='grc' dir='ltr'>ἐνόμισαν</span> <span class='ocrx_word' id='word_1_85' title='bbox 643 1388 919 1460; x_wconf 78' lang='grc' dir='ltr'>ἐξαρκεῖν.</span> <span class='ocrx_word' id='word_1_86' title='bbox 956 1391 1175 1461; x_wconf 84' lang='grc' dir='ltr'><strong>Ταύτην</strong></span> <span class='ocrx_word' id='word_1_87' title='bbox 1208 1394 1302 1446; x_wconf 78' lang='grc' dir='ltr'>καὶ</span> <span class='ocrx_word' id='word_1_88' title='bbox 1341 1394 1390 1447; x_wconf 79' lang='lat' dir='ltr'><strong>oi</strong></span> <span class='ocrx_word' id='word_1_89' title='bbox 1424 1393 1604 1448; x_wconf 78' lang='grc' dir='ltr'>λοιποὶ</span> <span class='ocrx_word' id='word_1_90' title='bbox 1650 1396 1759 1449; x_wconf 88' lang='grc' dir='ltr'><strong>τῶν</strong></span> <span class='ocrx_word' id='word_1_91' title='bbox 1792 1396 1941 1449; x_wconf 83' lang='grc' dir='ltr'>διδα-</span> 
     </span>
    </p>
   </div>
   <div class='ocr_carea' id='block_1_16' title="bbox 350 1478 1942 1559">
    <p class='ocr_par' dir='ltr' id='par_1_16' title="bbox 350 1478 1942 1559">
     <span class='ocr_line' id='line_1_16' title="bbox 350 1478 1942 1559; baseline 0.008 -28"><span class='ocrx_word' id='word_1_92' title='bbox 350 1478 570 1531; x_wconf 77' lang='grc' dir='ltr'>σκάλων</span> <span class='ocrx_word' id='word_1_93' title='bbox 612 1480 818 1532; x_wconf 80' lang='grc' dir='ltr'>εἵλοντο</span> <span class='ocrx_word' id='word_1_94' title='bbox 862 1480 961 1550; x_wconf 81' lang='grc' dir='ltr'>τὴν</span> <span class='ocrx_word' id='word_1_95' title='bbox 1009 1482 1128 1535; x_wconf 80' lang='grc' dir='ltr'>ὁδὸν</span> <span class='ocrx_word' id='word_1_96' title='bbox 1176 1484 1235 1534; x_wconf 89' lang='grc' dir='ltr'><strong>ἐν</strong></span> <span class='ocrx_word' id='word_1_97' title='bbox 1291 1480 1373 1549; x_wconf 75' lang='grc' dir='ltr'>οἷς</span> <span class='ocrx_word' id='word_1_98' title='bbox 1428 1484 1817 1553; x_wconf 81' lang='grc' dir='ltr'>ἐδογμάτισαν.</span> <span class='ocrx_word' id='word_1_99' title='bbox 1848 1486 1942 1559; x_wconf 72' lang='grc' dir='ltr'><strong>Μὴ</strong></span> 
     </span>
    </p>
   </div>
   <div class='ocr_carea' id='block_1_17' title="bbox 350 1568 1942 1646">
    <p class='ocr_par' dir='ltr' id='par_1_17' title="bbox 350 1568 1942 1646">
     <span class='ocr_line' id='line_1_17' title="bbox 350 1568 1942 1646; baseline 0.007 -27"><span class='ocrx_word' id='word_1_100' title='bbox 350 1568 465 1636; x_wconf 72' lang='grc' dir='ltr'><strong>γὰρ</strong></span> <span class='ocrx_word' id='word_1_101' title='bbox 504 1569 587 1621; x_wconf 87' lang='grc' dir='ltr'><strong>ὅτι</strong></span> <span class='ocrx_word' id='word_1_102' title='bbox 630 1568 835 1639; x_wconf 87' lang='grc' dir='ltr'>ταύτην</span> <span class='ocrx_word' id='word_1_103' title='bbox 866 1570 1081 1635; x_wconf 75' lang='grc' dir='ltr'>ἐξεῖπον</span> <span class='ocrx_word' id='word_1_104' title='bbox 1142 1573 1240 1642; x_wconf 84' lang='grc' dir='ltr'><strong>τὴν</strong></span> <span class='ocrx_word' id='word_1_105' title='bbox 1287 1572 1445 1639; x_wconf 78' lang='grc' dir='ltr'>δόξαν</span> <span class='ocrx_word' id='word_1_106' title='bbox 1484 1575 1664 1640; x_wconf 79' lang='grc' dir='ltr'>ἄλλοις</span> <span class='ocrx_word' id='word_1_107' title='bbox 1716 1593 1942 1646; x_wconf 80' lang='grc' dir='ltr'>σεσιγη-</span> 
     </span>
    </p>
   </div>
   <div class='ocr_carea' id='block_1_18' title="bbox 355 1652 1943 1729">
    <p class='ocr_par' dir='ltr' id='par_1_18' title="bbox 355 1652 1943 1729">
     <span class='ocr_line' id='line_1_18' title="bbox 355 1652 1943 1729; baseline 0.008 -19"><span class='ocrx_word' id='word_1_108' title='bbox 355 1660 529 1729; x_wconf 86' lang='grc' dir='ltr'>μένην</span> <span class='ocrx_word' id='word_1_109' title='bbox 560 1665 835 1714; x_wconf 81' lang='grc' dir='ltr'>σκοπείτω</span> <span class='ocrx_word' id='word_1_110' title='bbox 861 1679 965 1727; x_wconf 88' lang='grc' dir='ltr'>τις,</span> <span class='ocrx_word' id='word_1_111' title='bbox 999 1661 1118 1715; x_wconf 77' lang='grc' dir='ltr'>ἀλλ’</span> <span class='ocrx_word' id='word_1_112' title='bbox 1150 1664 1231 1717; x_wconf 76' lang='grc' dir='ltr'><strong>ὅτι</strong></span> <span class='ocrx_word' id='word_1_113' title='bbox 1266 1666 1512 1719; x_wconf 77' lang='grc' dir='ltr'>κάκεῖνοι</span> <span class='ocrx_word' id='word_1_114' title='bbox 1558 1668 1734 1721; x_wconf 72' lang='grc' dir='ltr'>πολλὰ</span> <span class='ocrx_word' id='word_1_115' title='bbox 1772 1652 1943 1721; x_wconf 72' lang='grc' dir='ltr'>κατέ-</span> 
     </span>
    </p>
   </div>
   <div class='ocr_carea' id='block_1_19' title="bbox 352 1749 1942 1832">
    <p class='ocr_par' dir='ltr' id='par_1_19' title="bbox 352 1749 1942 1832">
     <span class='ocr_line' id='line_1_19' title="bbox 352 1749 1942 1832; baseline 0.006 -27"><span class='ocrx_word' id='word_1_116' title='bbox 352 1771 487 1821; x_wconf 47' lang='grc' dir='ltr'>σχον</span> <span class='ocrx_word' id='word_1_117' title='bbox 516 1755 648 1822; x_wconf 84' lang='grc' dir='ltr'>παρ’</span> <span class='ocrx_word' id='word_1_118' title='bbox 695 1754 911 1817; x_wconf 84' lang='grc' dir='ltr'>ἑαυτοῖς</span> <span class='ocrx_word' id='word_1_119' title='bbox 947 1749 1020 1808; x_wconf 84' lang='grc' dir='ltr'>ὧν</span> <span class='ocrx_word' id='word_1_120' title='bbox 1044 1756 1308 1825; x_wconf 66' lang='grc' dir='ltr'>ἠδύναντο</span> <span class='ocrx_word' id='word_1_121' title='bbox 1355 1757 1537 1827; x_wconf 87' lang='grc' dir='ltr'>λέγειν</span> <span class='ocrx_word' id='word_1_122' title='bbox 1564 1777 1576 1790; x_wconf 68' lang='grc' dir='ltr'><strong>ε</strong></span> <span class='ocrx_word' id='word_1_123' title='bbox 1614 1760 1648 1814; x_wconf 77' lang='grc' dir='ltr'><strong>ἃ</strong></span> <span class='ocrx_word' id='word_1_124' title='bbox 1697 1760 1942 1832; x_wconf 89' lang='grc' dir='ltr'>τοσούτῳ</span> 
     </span>
    </p>
   </div>
   <div class='ocr_carea' id='block_1_20' title="bbox 346 1831 2020 1916">
    <p class='ocr_par' dir='ltr' id='par_1_20' title="bbox 346 1831 2020 1916">
     <span class='ocr_line' id='line_1_20' title="bbox 346 1831 2020 1916; baseline 0.004 -17"><span class='ocrx_word' id='word_1_125' title='bbox 346 1846 534 1915; x_wconf 76' lang='grc' dir='ltr'>μείζω</span> <span class='ocrx_word' id='word_1_126' title='bbox 579 1846 825 1900; x_wconf 85' lang='grc' dir='ltr'>κίνδυνον</span> <span class='ocrx_word' id='word_1_127' title='bbox 875 1850 1007 1910; x_wconf 76' lang='grc' dir='ltr'>ἴσως</span> <span class='ocrx_word' id='word_1_128' title='bbox 1052 1848 1284 1916; x_wconf 68' lang='grc' dir='ltr'>ἤνεγκεν</span> <span class='ocrx_word' id='word_1_129' title='bbox 1317 1849 1385 1903; x_wconf 85' lang='grc' dir='ltr'>ἂν</span> <span class='ocrx_word' id='word_1_130' title='bbox 1417 1852 1513 1904; x_wconf 74' lang='grc' dir='ltr'>καὶ</span> <span class='ocrx_word' id='word_1_131' title='bbox 1541 1850 1686 1904; x_wconf 80' lang='grc' dir='ltr'>οὕτω</span> <span class='ocrx_word' id='word_1_132' title='bbox 1729 1831 1943 1906; x_wconf 86' lang='grc' dir='ltr'>πλείοσι</span> <span class='ocrx_word' id='word_1_133' title='bbox 1976 1831 2020 1889; x_wconf 66' lang='grc' dir='ltr'><strong>θ</strong></span> 
     </span>
    </p>
   </div>
   <div class='ocr_carea' id='block_1_21' title="bbox 349 1940 1942 2013">
    <p class='ocr_par' dir='ltr' id='par_1_21' title="bbox 349 1940 1942 2013">
     <span class='ocr_line' id='line_1_21' title="bbox 349 1940 1942 2013; baseline 0.003 -20"><span class='ocrx_word' id='word_1_134' title='bbox 349 1940 466 1993; x_wconf 76' lang='grc' dir='ltr'><strong>τῶν</strong></span> <span class='ocrx_word' id='word_1_135' title='bbox 502 1940 828 2009; x_wconf 72' lang='grc' dir='ltr'>ἀνθρώπιον,</span> <span class='ocrx_word' id='word_1_136' title='bbox 850 1941 972 2011; x_wconf 77' lang='grc' dir='ltr'><strong>’ὅσῳ</strong></span> <span class='ocrx_word' id='word_1_137' title='bbox 1010 1944 1107 1996; x_wconf 70' lang='grc' dir='ltr'><strong>καὶ</strong></span> <span class='ocrx_word' id='word_1_138' title='bbox 1134 1941 1446 2013; x_wconf 76' lang='grc' dir='ltr'>βαθυτέρας</span> <span class='ocrx_word' id='word_1_139' title='bbox 1474 1946 1586 2007; x_wconf 76' lang='grc' dir='ltr'>τοῖς</span> <span class='ocrx_word' id='word_1_140' title='bbox 1619 1942 1717 1998; x_wconf 82' lang='grc' dir='ltr'>ὑπ’</span> <span class='ocrx_word' id='word_1_141' title='bbox 1758 1944 1942 1998; x_wconf 73' lang='grc' dir='ltr'>αὐτῶν</span> 
     </span>
    </p>
   </div>
   <div class='ocr_carea' id='block_1_22' title="bbox 346 2032 1945 2106">
    <p class='ocr_par' dir='ltr' id='par_1_22' title="bbox 346 2032 1945 2106">
     <span class='ocr_line' id='line_1_22' title="bbox 346 2032 1945 2106; baseline 0.004 -22"><span class='ocrx_word' id='word_1_142' title='bbox 346 2032 672 2101; x_wconf 74' lang='grc' dir='ltr'>λεγομένοις</span> <span class='ocrx_word' id='word_1_143' title='bbox 707 2032 788 2085; x_wconf 86' lang='grc' dir='ltr'><strong>δεῖ</strong></span> <span class='ocrx_word' id='word_1_144' title='bbox 837 2033 1099 2100; x_wconf 79' lang='grc' dir='ltr'>διανοίας,</span> <span class='ocrx_word' id='word_1_145' title='bbox 1138 2036 1232 2087; x_wconf 79' lang='grc' dir='ltr'>καὶ</span> <span class='ocrx_word' id='word_1_146' title='bbox 1278 2035 1459 2102; x_wconf 73' lang='grc' dir='ltr'>πολλῷ</span> <span class='ocrx_word' id='word_1_147' title='bbox 1487 2035 1759 2104; x_wconf 83' lang='grc' dir='ltr'>βελτίονος</span> <span class='ocrx_word' id='word_1_148' title='bbox 1792 2038 1945 2106; x_wconf 75' lang='grc' dir='ltr'>ἐδέη-</span> 
     </span>
    </p>
   </div>
   <div class='ocr_carea' id='block_1_23' title="bbox 351 2126 1939 2201">
    <p class='ocr_par' dir='ltr' id='par_1_23' title="bbox 351 2126 1939 2201">
     <span class='ocr_line' id='line_1_23' title="bbox 351 2126 1939 2201; baseline 0.004 -23"><span class='ocrx_word' id='word_1_149' title='bbox 351 2142 454 2179; x_wconf 84' lang='grc' dir='ltr'><strong>σεν</strong></span> <span class='ocrx_word' id='word_1_150' title='bbox 498 2126 564 2179; x_wconf 81' lang='grc' dir='ltr'><strong>ἂν</strong></span> <span class='ocrx_word' id='word_1_151' title='bbox 602 2129 716 2188; x_wconf 81' lang='grc' dir='ltr'>τοῖς</span> <span class='ocrx_word' id='word_1_152' title='bbox 759 2127 1165 2195; x_wconf 81' lang='grc' dir='ltr'>σιωπωμένοις.</span> <span class='ocrx_word' id='word_1_153' title='bbox 1202 2127 1396 2198; x_wconf 75' lang='grc' dir='ltr'>Ἑτέρα</span> <span class='ocrx_word' id='word_1_154' title='bbox 1448 2129 1507 2182; x_wconf 87' lang='grc' dir='ltr'><strong>δέ</strong></span> <span class='ocrx_word' id='word_1_155' title='bbox 1562 2146 1669 2182; x_wconf 88' lang='grc' dir='ltr'>τινι</span> <span class='ocrx_word' id='word_1_156' title='bbox 1722 2133 1939 2201; x_wconf 81' lang='grc' dir='ltr'>μηχανῇ</span> 
     </span>
    </p>
   </div>
   <div class='ocr_carea' id='block_1_24' title="bbox 348 2214 1944 2291">
    <p class='ocr_par' dir='ltr' id='par_1_24' title="bbox 348 2214 1944 2291">
     <span class='ocr_line' id='line_1_24' title="bbox 348 2214 1944 2291; baseline 0.003 -20"><span class='ocrx_word' id='word_1_157' title='bbox 348 2219 601 2271; x_wconf 69' lang='grc' dir='ltr'>κάκεῖνοι</span> <span class='ocrx_word' id='word_1_158' title='bbox 642 2219 765 2280; x_wconf 81' lang='grc' dir='ltr'>τοὺς</span> <span class='ocrx_word' id='word_1_159' title='bbox 814 2218 1249 2287; x_wconf 60' lang='grc' dir='ltr'>παρακολουθεῖν</span> <span class='ocrx_word' id='word_1_160' title='bbox 1289 2219 1625 2288; x_wconf 78' lang='grc' dir='ltr'>δυναμένους</span> <span class='ocrx_word' id='word_1_161' title='bbox 1660 2214 1735 2274; x_wconf 80' lang='grc' dir='ltr'>ὧν</span> <span class='ocrx_word' id='word_1_162' title='bbox 1780 2224 1944 2291; x_wconf 73' lang='grc' dir='ltr'>ἐφρό-</span> 
     </span>
    </p>
   </div>
   <div class='ocr_carea' id='block_1_25' title="bbox 350 2310 1945 2377">
    <p class='ocr_par' dir='ltr' id='par_1_25' title="bbox 350 2310 1945 2377">
     <span class='ocr_line' id='line_1_25' title="bbox 350 2310 1945 2377; baseline 0.006 -17"><span class='ocrx_word' id='word_1_163' title='bbox 350 2326 484 2361; x_wconf 87' lang='grc' dir='ltr'>νουν</span> <span class='ocrx_word' id='word_1_164' title='bbox 518 2314 842 2377; x_wconf 82' lang='grc' dir='ltr'>πεποίηνται</span> <span class='ocrx_word' id='word_1_165' title='bbox 872 2310 1163 2372; x_wconf 79' lang='grc' dir='ltr'>κοινωνούς</span> <span class='ocrx_word' id='word_1_166' title='bbox 1186 2324 1201 2339; x_wconf 87' lang='grc'>⁶</span> <span class='ocrx_word' id='word_1_167' title='bbox 1234 2312 1326 2364; x_wconf 74' lang='grc' dir='ltr'><strong>καὶ</strong></span> <span class='ocrx_word' id='word_1_168' title='bbox 1373 2311 1520 2365; x_wconf 80' lang='grc' dir='ltr'>τοῦτ’</span> <span class='ocrx_word' id='word_1_169' title='bbox 1549 2312 1666 2365; x_wconf 76' lang='grc' dir='ltr'>ἐστι</span> <span class='ocrx_word' id='word_1_170' title='bbox 1708 2316 1945 2368; x_wconf 85' lang='grc' dir='ltr'>συνιδεῖν</span> 
     </span>
    </p>
   </div>
   <div class='ocr_carea' id='block_1_26' title="bbox 350 2402 1945 2475">
    <p class='ocr_par' dir='ltr' id='par_1_26' title="bbox 350 2402 1945 2475">
     <span class='ocr_line' id='line_1_26' title="bbox 350 2402 1945 2475; baseline 0.003 -20"><span class='ocrx_word' id='word_1_171' title='bbox 350 2404 515 2465; x_wconf 82' lang='grc' dir='ltr'>εῖτις</span> <span class='ocrx_word' id='word_1_172' title='bbox 552 2402 734 2455; x_wconf 74' lang='grc' dir='ltr'>αὐτῶν</span> <span class='ocrx_word' id='word_1_173' title='bbox 763 2404 875 2465; x_wconf 85' lang='grc' dir='ltr'>τοῖς</span> <span class='ocrx_word' id='word_1_174' title='bbox 916 2403 1097 2470; x_wconf 76' lang='grc' dir='ltr'>λόγοις</span> <span class='ocrx_word' id='word_1_175' title='bbox 1123 2406 1411 2475; x_wconf 67' lang='grc' dir='ltr'>προσέχοι.</span> <span class='ocrx_word' id='word_1_176' title='bbox 1456 2405 1520 2458; x_wconf 80' lang='grc' dir='ltr'><strong>Ὃ</strong></span> <span class='ocrx_word' id='word_1_177' title='bbox 1551 2406 1608 2458; x_wconf 82' lang='grc' dir='ltr'><strong>δὲ</strong></span> <span class='ocrx_word' id='word_1_178' title='bbox 1637 2406 1766 2462; x_wconf 72' lang='grc' dir='ltr'>τοὺς</span> <span class='ocrx_word' id='word_1_179' title='bbox 1798 2409 1945 2460; x_wconf 89' lang='grc' dir='ltr'>διδα-</span> 
     </span>
    </p>
   </div>
   <div class='ocr_carea' id='block_1_27' title="bbox 356 2497 1944 2567">
    <p class='ocr_par' dir='ltr' id='par_1_27' title="bbox 356 2497 1944 2567">
     <span class='ocr_line' id='line_1_27' title="bbox 356 2497 1944 2567; baseline 0 -16"><span class='ocrx_word' id='word_1_180' title='bbox 356 2498 593 2559; x_wconf 79' lang='grc' dir='ltr'>σκάλους</span> <span class='ocrx_word' id='word_1_181' title='bbox 624 2497 887 2558; x_wconf 81' lang='grc' dir='ltr'>ἑκάστους</span> <span class='ocrx_word' id='word_1_182' title='bbox 924 2497 1119 2550; x_wconf 81' lang='grc' dir='ltr'>παθεῖν</span> <span class='ocrx_word' id='word_1_183' title='bbox 1169 2499 1314 2560; x_wconf 73' lang='grc' dir='ltr'>εἰκός</span> <span class='ocrx_word' id='word_1_184' title='bbox 1352 2500 1472 2551; x_wconf 87' lang='grc' dir='ltr'>ἐστι</span> <span class='ocrx_word' id='word_1_185' title='bbox 1515 2498 1653 2567; x_wconf 73' lang='grc' dir='ltr'>πρὸς</span> <span class='ocrx_word' id='word_1_186' title='bbox 1684 2500 1809 2562; x_wconf 90' lang='grc' dir='ltr'>τοὺς</span> <span class='ocrx_word' id='word_1_187' title='bbox 1848 2500 1944 2553; x_wconf 76' lang='grc' dir='ltr'>ὑπ’</span> 
     </span>
    </p>
   </div>
   <div class='ocr_carea' id='block_1_28' title="bbox 356 2588 1944 2662">
    <p class='ocr_par' dir='ltr' id='par_1_28' title="bbox 356 2588 1944 2662">
     <span class='ocr_line' id='line_1_28' title="bbox 356 2588 1944 2662; baseline 0.001 -19"><span class='ocrx_word' id='word_1_188' title='bbox 356 2589 559 2643; x_wconf 81' lang='grc' dir='ltr'>αὐτῶν·</span> <span class='ocrx_word' id='word_1_189' title='bbox 602 2588 977 2657; x_wconf 67' lang='grc' dir='ltr'>μυουμένους,</span> <span class='ocrx_word' id='word_1_190' title='bbox 1032 2588 1193 2641; x_wconf 76' lang='grc' dir='ltr'>τοῦτο</span> <span class='ocrx_word' id='word_1_191' title='bbox 1248 2589 1427 2659; x_wconf 76' lang='grc' dir='ltr'>πολλῷ</span> <span class='ocrx_word' id='word_1_192' title='bbox 1484 2591 1751 2662; x_wconf 74' lang='grc' dir='ltr'>πρότερον</span> <span class='ocrx_word' id='word_1_193' title='bbox 1807 2592 1944 2661; x_wconf 74' lang='grc' dir='ltr'>πρὸς</span> 
     </span>
    </p>
   </div>
   <div class='ocr_carea' id='block_1_29' title="bbox 356 2679 1943 2753">
    <p class='ocr_par' dir='ltr' id='par_1_29' title="bbox 356 2679 1943 2753">
     <span class='ocr_line' id='line_1_29' title="bbox 356 2679 1943 2753; baseline 0.002 -19"><span class='ocrx_word' id='word_1_194' title='bbox 356 2683 542 2735; x_wconf 78' lang='grc' dir='ltr'>πᾶσαν</span> <span class='ocrx_word' id='word_1_195' title='bbox 612 2679 777 2735; x_wconf 84' lang='grc' dir='ltr'>αὐτοῦ</span> <span class='ocrx_word' id='word_1_196' title='bbox 840 2679 939 2748; x_wconf 83' lang='grc' dir='ltr'><strong>τὴν</strong></span> <span class='ocrx_word' id='word_1_197' title='bbox 1001 2680 1336 2751; x_wconf 83' lang='grc' dir='ltr'>Ἐκκλησίαν</span> <span class='ocrx_word' id='word_1_198' title='bbox 1404 2683 1822 2753; x_wconf 78' lang='grc' dir='ltr'>ᾠκονομηκέναι</span> <span class='ocrx_word' id='word_1_199' title='bbox 1883 2687 1943 2737; x_wconf 82' lang='grc' dir='ltr'><strong>τδ</strong></span> 
     </span>
    </p>
   </div>
   <div class='ocr_carea' id='block_1_30' title="bbox 359 2773 1942 2844">
    <p class='ocr_par' dir='ltr' id='par_1_30' title="bbox 359 2773 1942 2844">
     <span class='ocr_line' id='line_1_30' title="bbox 359 2773 1942 2844; baseline 0.001 -17"><span class='ocrx_word' id='word_1_200' title='bbox 359 2774 590 2841; x_wconf 77' lang='grc' dir='ltr'>Πνεῦμα</span> <span class='ocrx_word' id='word_1_201' title='bbox 618 2774 718 2840; x_wconf 77' lang='grc' dir='ltr'>τῆς</span> <span class='ocrx_word' id='word_1_202' title='bbox 748 2773 1007 2842; x_wconf 81' lang='grc' dir='ltr'>ἀληθείας</span> <span class='ocrx_word' id='word_1_203' title='bbox 1040 2774 1194 2827; x_wconf 75' lang='grc' dir='ltr'>οὐδὲν</span> <span class='ocrx_word' id='word_1_204' title='bbox 1243 2773 1470 2837; x_wconf 75' lang='grc' dir='ltr'>ἀπεικὸς</span> <span class='ocrx_word' id='word_1_205' title='bbox 1503 2774 1793 2844; x_wconf 74' lang='grc' dir='ltr'>θαυμαστῇ</span> <span class='ocrx_word' id='word_1_206' title='bbox 1834 2792 1942 2829; x_wconf 88' lang='grc' dir='ltr'>τινι</span> 
     </span>
    </p>
   </div>
   <div class='ocr_carea' id='block_1_31' title="bbox 352 2863 1938 2938">
    <p class='ocr_par' dir='ltr' id='par_1_31' title="bbox 352 2863 1938 2938">
     <span class='ocr_line' id='line_1_31' title="bbox 352 2863 1938 2938; baseline 0.003 -20"><span class='ocrx_word' id='word_1_207' title='bbox 352 2864 450 2918; x_wconf 71' lang='grc' dir='ltr'><strong>καὶ</strong></span> <span class='ocrx_word' id='word_1_208' title='bbox 466 2867 645 2918; x_wconf 80' lang='grc' dir='ltr'>πάντα</span> <span class='ocrx_word' id='word_1_209' title='bbox 670 2864 823 2931; x_wconf 83' lang='grc' dir='ltr'>λόγον</span> <span class='ocrx_word' id='word_1_210' title='bbox 844 2863 1049 2935; x_wconf 81' lang='grc' dir='ltr'>νικώσῃ</span> <span class='ocrx_word' id='word_1_211' title='bbox 1076 2867 1326 2935; x_wconf 75' lang='grc' dir='ltr'>προνοίᾳ.</span> <span class='ocrx_word' id='word_1_212' title='bbox 1346 2868 1655 2938; x_wconf 79' lang='grc' dir='ltr'>Προύνόησε</span> <span class='ocrx_word' id='word_1_213' title='bbox 1677 2869 1784 2934; x_wconf 74' lang='grc' dir='ltr'>γὰρ</span> <span class='ocrx_word' id='word_1_214' title='bbox 1808 2870 1938 2922; x_wconf 75' lang='grc' dir='ltr'>ἐκα-</span> 
     </span>
    </p>
   </div>
   <div class='ocr_carea' id='block_1_32' title="bbox 352 2957 1942 3028">
    <p class='ocr_par' dir='ltr' id='par_1_32' title="bbox 352 2957 1942 3028">
     <span class='ocr_line' id='line_1_32' title="bbox 352 2957 1942 3028; baseline 0.001 -16"><span class='ocrx_word' id='word_1_215' title='bbox 352 2959 522 3028; x_wconf 78' lang='grc' dir='ltr'>τέρας</span> <span class='ocrx_word' id='word_1_216' title='bbox 572 2958 683 3009; x_wconf 88' lang='grc' dir='ltr'><strong>τῶν</strong></span> <span class='ocrx_word' id='word_1_217' title='bbox 718 2957 1024 3026; x_wconf 82' lang='grc' dir='ltr'>ἀνθρώπων</span> <span class='ocrx_word' id='word_1_218' title='bbox 1074 2959 1172 3026; x_wconf 81' lang='grc' dir='ltr'>τῆς</span> <span class='ocrx_word' id='word_1_219' title='bbox 1220 2958 1409 3024; x_wconf 71' lang='grc' dir='ltr'>ἕξεως,</span> <span class='ocrx_word' id='word_1_220' title='bbox 1447 2961 1541 3013; x_wconf 76' lang='grc' dir='ltr'>καὶ</span> <span class='ocrx_word' id='word_1_221' title='bbox 1581 2959 1942 3025; x_wconf 78' lang='grc' dir='ltr'>διδασκάλους</span> 
     </span>
    </p>
   </div>
   <div class='ocr_carea' id='block_1_33' title="bbox 352 3047 1942 3118">
    <p class='ocr_par' dir='ltr' id='par_1_33' title="bbox 352 3047 1942 3118">
     <span class='ocr_line' id='line_1_33' title="bbox 352 3047 1942 3118; baseline 0 -16"><span class='ocrx_word' id='word_1_222' title='bbox 352 3049 571 3103; x_wconf 75' lang='grc' dir='ltr'>πλάσαν</span> <span class='ocrx_word' id='word_1_223' title='bbox 619 3048 847 3109; x_wconf 82' lang='grc' dir='ltr'>ταύταις</span> <span class='ocrx_word' id='word_1_224' title='bbox 885 3047 1310 3118; x_wconf 75' lang='grc' dir='ltr'>συμϐαίνοντας.</span> <span class='ocrx_word' id='word_1_225' title='bbox 1344 3050 1457 3111; x_wconf 78' lang='grc' dir='ltr'>τοῖς</span> <span class='ocrx_word' id='word_1_226' title='bbox 1509 3049 1606 3116; x_wconf 78' lang='grc' dir='ltr'><strong>μὲν</strong></span> <span class='ocrx_word' id='word_1_227' title='bbox 1652 3050 1942 3103; x_wconf 74' lang='grc' dir='ltr'>ἀτελεστέ-</span> 
     </span>
    </p>
   </div>
   <div class='ocr_carea' id='block_1_34' title="bbox 358 3139 1940 3212">
    <p class='ocr_par' dir='ltr' id='par_1_34' title="bbox 358 3139 1940 3212">
     <span class='ocr_line' id='line_1_34' title="bbox 358 3139 1940 3212; baseline 0.004 -23"><span class='ocrx_word' id='word_1_228' title='bbox 358 3158 475 3212; x_wconf 78' lang='grc' dir='ltr'>ροις</span> <span class='ocrx_word' id='word_1_229' title='bbox 514 3141 643 3203; x_wconf 79' lang='grc' dir='ltr'>τοὺς</span> <span class='ocrx_word' id='word_1_230' title='bbox 680 3139 940 3210; x_wconf 72' lang='grc' dir='ltr'>εὐλαϐείᾳ</span> <span class='ocrx_word' id='word_1_231' title='bbox 991 3142 1375 3209; x_wconf 80' lang='grc' dir='ltr'>χρησαμένους</span> <span class='ocrx_word' id='word_1_232' title='bbox 1426 3141 1716 3210; x_wconf 74' lang='grc' dir='ltr'>ἐπέστησε,</span> <span class='ocrx_word' id='word_1_233' title='bbox 1748 3144 1861 3205; x_wconf 78' lang='grc' dir='ltr'>τοῖς</span> <span class='ocrx_word' id='word_1_234' title='bbox 1896 3142 1940 3195; x_wconf 84' lang='grc' dir='ltr'>δ’</span> 
     </span>
    </p>
   </div>
   <div class='ocr_carea' id='block_1_35' title="bbox 359 3231 1943 3304">
    <p class='ocr_par' dir='ltr' id='par_1_35' title="bbox 359 3231 1943 3304">
     <span class='ocr_line' id='line_1_35' title="bbox 359 3231 1943 3304; baseline 0 -18"><span class='ocrx_word' id='word_1_235' title='bbox 359 3233 719 3302; x_wconf 72' lang='grc' dir='ltr'>ὑψηλοτέροις</span> <span class='ocrx_word' id='word_1_236' title='bbox 751 3232 844 3284; x_wconf 75' lang='grc' dir='ltr'><strong>τὸν</strong></span> <span class='ocrx_word' id='word_1_237' title='bbox 894 3231 1021 3284; x_wconf 77' lang='grc' dir='ltr'>νοῦν</span> <span class='ocrx_word' id='word_1_238' title='bbox 1050 3231 1179 3295; x_wconf 71' lang='grc' dir='ltr'>τοὺς</span> <span class='ocrx_word' id='word_1_239' title='bbox 1232 3232 1467 3300; x_wconf 82' lang='grc' dir='ltr'>μάλιστα</span> <span class='ocrx_word' id='word_1_240' title='bbox 1528 3233 1943 3304; x_wconf 67' lang='grc' dir='ltr'>τεθαρρηκότας</span> 
     </span>
    </p>
   </div>
   <div class='ocr_carea' id='block_1_36' title="bbox 361 3321 1943 3394">
    <p class='ocr_par' dir='ltr' id='par_1_36' title="bbox 361 3321 1943 3394">
     <span class='ocr_line' id='line_1_36' title="bbox 361 3321 1943 3394; baseline 0 -18"><span class='ocrx_word' id='word_1_241' title='bbox 361 3326 536 3393; x_wconf 74' lang='grc' dir='ltr'>ἐφῆκε</span> <span class='ocrx_word' id='word_1_242' title='bbox 564 3340 580 3354; x_wconf 84' lang='grc'><em>’</em></span> <span class='ocrx_word' id='word_1_243' title='bbox 625 3323 721 3375; x_wconf 74' lang='grc' dir='ltr'>καὶ</span> <span class='ocrx_word' id='word_1_244' title='bbox 767 3322 1008 3375; x_wconf 84' lang='grc' dir='ltr'>διδάσκει</span> <span class='ocrx_word' id='word_1_245' title='bbox 1053 3321 1151 3391; x_wconf 75' lang='grc' dir='ltr'>μὲν</span> <span class='ocrx_word' id='word_1_246' title='bbox 1200 3321 1299 3393; x_wconf 84' lang='grc' dir='ltr'>τὴν</span> <span class='ocrx_word' id='word_1_247' title='bbox 1344 3323 1656 3390; x_wconf 87' lang='grc' dir='ltr'>ἀναγκαίαν</span> <span class='ocrx_word' id='word_1_248' title='bbox 1683 3323 1943 3394; x_wconf 78' lang='grc' dir='ltr'>ἀλήθειαν</span> 
     </span>
    </p>
   </div>
   <div class='ocr_carea' id='block_1_37' title="bbox 356 3409 1944 3486">
    <p class='ocr_par' dir='ltr' id='par_1_37' title="bbox 356 3409 1944 3486">
     <span class='ocr_line' id='line_1_37' title="bbox 356 3409 1944 3486; baseline -0.001 -16"><span class='ocrx_word' id='word_1_249' title='bbox 356 3419 451 3470; x_wconf 66' lang='grc' dir='ltr'>διὰ</span> <span class='ocrx_word' id='word_1_250' title='bbox 488 3416 714 3469; x_wconf 79' lang='grc' dir='ltr'>πάντων</span> <span class='ocrx_word' id='word_1_251' title='bbox 748 3415 973 3483; x_wconf 79' lang='grc' dir='ltr'>ὁμοίως,</span> <span class='ocrx_word' id='word_1_252' title='bbox 1002 3409 1070 3485; x_wconf 83' lang='grc' dir='ltr'>ἦς</span> <span class='ocrx_word' id='word_1_253' title='bbox 1110 3415 1143 3483; x_wconf 85' lang='grc' dir='ltr'>ἡ</span> <span class='ocrx_word' id='word_1_254' title='bbox 1175 3414 1362 3478; x_wconf 84' lang='grc' dir='ltr'>πίστις</span> <span class='ocrx_word' id='word_1_255' title='bbox 1411 3417 1559 3469; x_wconf 87' lang='grc' dir='ltr'>ποιεῖ</span> <span class='ocrx_word' id='word_1_256' title='bbox 1604 3417 1730 3478; x_wconf 69' lang='grc' dir='ltr'>τοὺς</span> <span class='ocrx_word' id='word_1_257' title='bbox 1764 3416 1944 3486; x_wconf 81' lang='grc' dir='ltr'>σωθη-</span> 
     </span>
    </p>
   </div>
   <div class='ocr_carea' id='block_1_38' title="bbox 354 3505 1945 3578">
    <p class='ocr_par' dir='ltr' id='par_1_38' title="bbox 354 3505 1945 3578">
     <span class='ocr_line' id='line_1_38' title="bbox 354 3505 1945 3578; baseline 0.001 -18"><span class='ocrx_word' id='word_1_258' title='bbox 354 3508 624 3578; x_wconf 86' lang='grc' dir='ltr'>σομένους</span> <span class='ocrx_word' id='word_1_259' title='bbox 647 3524 661 3539; x_wconf 72' lang='grc' dir='ltr'><strong>ο</strong></span> <span class='ocrx_word' id='word_1_260' title='bbox 689 3509 756 3560; x_wconf 82' lang='grc' dir='ltr'><strong>ἂν</strong></span> <span class='ocrx_word' id='word_1_261' title='bbox 789 3507 844 3560; x_wconf 85' lang='grc' dir='ltr'><strong>δέ</strong></span> <span class='ocrx_word' id='word_1_262' title='bbox 884 3524 969 3569; x_wconf 88' lang='grc' dir='ltr'><strong>τις</strong></span> <span class='ocrx_word' id='word_1_263' title='bbox 997 3505 1482 3576; x_wconf 83' lang='grc' dir='ltr'>Θεωρητικὼτερος</span> <span class='ocrx_word' id='word_1_264' title='bbox 1523 3505 1598 3561; x_wconf 77' lang='grc' dir='ltr'>ὢν</span> <span class='ocrx_word' id='word_1_265' title='bbox 1630 3508 1725 3561; x_wconf 69' lang='grc' dir='ltr'><strong>καὶ</strong></span> <span class='ocrx_word' id='word_1_266' title='bbox 1759 3509 1945 3577; x_wconf 89' lang='grc' dir='ltr'>κρείτ-</span> 
     </span>
    </p>
   </div>
   <div class='ocr_carea' id='block_1_39' title="bbox 351 3597 1944 3667">
    <p class='ocr_par' dir='ltr' id='par_1_39' title="bbox 351 3597 1944 3667">
     <span class='ocr_line' id='line_1_39' title="bbox 351 3597 1944 3667; baseline 0.001 -14"><span class='ocrx_word' id='word_1_267' title='bbox 351 3616 469 3653; x_wconf 82' lang='grc' dir='ltr'><strong>των</strong></span> <span class='ocrx_word' id='word_1_268' title='bbox 518 3599 755 3667; x_wconf 67' lang='grc' dir='ltr'>ὑποψίας</span> <span class='ocrx_word' id='word_1_269' title='bbox 813 3597 1098 3663; x_wconf 82' lang='grc' dir='ltr'>κινδύνων,</span> <span class='ocrx_word' id='word_1_270' title='bbox 1158 3597 1296 3667; x_wconf 79' lang='grc' dir='ltr'>πρὸς</span> <span class='ocrx_word' id='word_1_271' title='bbox 1353 3599 1449 3661; x_wconf 68' lang='grc' dir='ltr'><strong>τὰς</strong></span> <span class='ocrx_word' id='word_1_272' title='bbox 1504 3599 1614 3652; x_wconf 85' lang='grc' dir='ltr'><strong>τῶν</strong></span> <span class='ocrx_word' id='word_1_273' title='bbox 1676 3600 1944 3667; x_wconf 78' lang='grc' dir='ltr'>μειζόνων</span> 
     </span>
    </p>
   </div>
   <div class='ocr_carea' id='block_1_40' title="bbox 356 3689 1942 3762">
    <p class='ocr_par' dir='ltr' id='par_1_40' title="bbox 356 3689 1942 3762">
     <span class='ocr_line' id='line_1_40' title="bbox 356 3689 1942 3762; baseline 0.001 -18"><span class='ocrx_word' id='word_1_274' title='bbox 356 3694 489 3760; x_wconf 82' lang='grc' dir='ltr'>ἄγει</span> <span class='ocrx_word' id='word_1_275' title='bbox 521 3693 773 3761; x_wconf 73' lang='grc' dir='ltr'>μυήσεις,</span> <span class='ocrx_word' id='word_1_276' title='bbox 807 3690 902 3742; x_wconf 71' lang='grc' dir='ltr'><strong>καὶ</strong></span> <span class='ocrx_word' id='word_1_277' title='bbox 931 3690 1106 3758; x_wconf 86' lang='grc' dir='ltr'>τούτῳ</span> <span class='ocrx_word' id='word_1_278' title='bbox 1145 3690 1237 3742; x_wconf 69' lang='grc' dir='ltr'><strong>τὸν</strong></span> <span class='ocrx_word' id='word_1_279' title='bbox 1282 3689 1450 3744; x_wconf 83' lang='grc' dir='ltr'>πόθον</span> <span class='ocrx_word' id='word_1_280' title='bbox 1506 3692 1942 3762; x_wconf 85' lang='grc' dir='ltr'>παραμυθεῖται,</span> 
     </span>
    </p>
   </div>
   <div class='ocr_carea' id='block_1_41' title="bbox 357 3780 1944 3855">
    <p class='ocr_par' dir='ltr' id='par_1_41' title="bbox 357 3780 1944 3855">
     <span class='ocr_line' id='line_1_41' title="bbox 357 3780 1944 3855; baseline -0.001 -17"><span class='ocrx_word' id='word_1_281' title='bbox 357 3782 634 3845; x_wconf 79' lang='grc' dir='ltr'>διακόνοις</span> <span class='ocrx_word' id='word_1_282' title='bbox 656 3781 755 3844; x_wconf 80' lang='grc' dir='ltr'><strong>οὓς</strong></span> <span class='ocrx_word' id='word_1_283' title='bbox 793 3782 939 3843; x_wconf 83' lang='grc' dir='ltr'>ἰδίως</span> <span class='ocrx_word' id='word_1_284' title='bbox 976 3781 1113 3852; x_wconf 73' lang='grc' dir='ltr'>πρὸς</span> <span class='ocrx_word' id='word_1_285' title='bbox 1144 3780 1320 3834; x_wconf 75' lang='grc' dir='ltr'>ταῦτα</span> <span class='ocrx_word' id='word_1_286' title='bbox 1363 3783 1755 3853; x_wconf 78' lang='grc' dir='ltr'>παρεσκεύακε</span> <span class='ocrx_word' id='word_1_287' title='bbox 1800 3784 1944 3855; x_wconf 83' lang='grc' dir='ltr'>χρώ-</span> 
     </span>
    </p>
   </div>
   <div class='ocr_carea' id='block_1_42' title="bbox 362 3873 1941 3946">
    <p class='ocr_par' dir='ltr' id='par_1_42' title="bbox 362 3873 1941 3946">
     <span class='ocr_line' id='line_1_42' title="bbox 362 3873 1941 3946; baseline 0 -18"><span class='ocrx_word' id='word_1_288' title='bbox 362 3893 551 3946; x_wconf 88' lang='grc' dir='ltr'>μενον.</span> <span class='ocrx_word' id='word_1_289' title='bbox 586 3874 736 3927; x_wconf 80' lang='grc' dir='ltr'>Ὠστ’</span> <span class='ocrx_word' id='word_1_290' title='bbox 770 3876 817 3927; x_wconf 85' lang='grc' dir='ltr'><strong>εί</strong></span> <span class='ocrx_word' id='word_1_291' title='bbox 847 3873 954 3926; x_wconf 87' lang='grc' dir='ltr'><strong>τῶν</strong></span> <span class='ocrx_word' id='word_1_292' title='bbox 986 3873 1160 3941; x_wconf 83' lang='grc' dir='ltr'>ἁγίων</span> <span class='ocrx_word' id='word_1_293' title='bbox 1188 3873 1315 3936; x_wconf 75' lang='grc' dir='ltr'>τοὺς</span> <span class='ocrx_word' id='word_1_294' title='bbox 1359 3875 1458 3942; x_wconf 80' lang='grc' dir='ltr'><strong>μὲν</strong></span> <span class='ocrx_word' id='word_1_295' title='bbox 1508 3875 1941 3945; x_wconf 80' lang='grc' dir='ltr'>ἐπαινεσόμεθα,</span> 
     </span>
    </p>
   </div>
   <div class='ocr_carea' id='block_1_43' title="bbox 358 3965 1945 4036">
    <p class='ocr_par' dir='ltr' id='par_1_43' title="bbox 358 3965 1945 4036">
     <span class='ocr_line' id='line_1_43' title="bbox 358 3965 1945 4036; baseline -0.001 -13"><span class='ocrx_word' id='word_1_296' title='bbox 358 3971 478 4031; x_wconf 81' lang='grc' dir='ltr'>τοῖς</span> <span class='ocrx_word' id='word_1_297' title='bbox 513 3968 557 4020; x_wconf 83' lang='grc' dir='ltr'>δ’</span> <span class='ocrx_word' id='word_1_298' title='bbox 596 3968 998 4035; x_wconf 85' lang='grc' dir='ltr'>ἐπιτιμήσομεν</span> <span class='ocrx_word' id='word_1_299' title='bbox 1046 3966 1146 4035; x_wconf 82' lang='grc' dir='ltr'><strong>τῆς</strong></span> <span class='ocrx_word' id='word_1_300' title='bbox 1205 3965 1368 4034; x_wconf 80' lang='grc' dir='ltr'>σιγῆς</span> <span class='ocrx_word' id='word_1_301' title='bbox 1415 3965 1446 4036; x_wconf 81' lang='grc' dir='ltr'>ἢ</span> <span class='ocrx_word' id='word_1_302' title='bbox 1477 3966 1585 4019; x_wconf 89' lang='grc' dir='ltr'><strong>τῶν</strong></span> <span class='ocrx_word' id='word_1_303' title='bbox 1621 3966 1816 4035; x_wconf 86' lang='grc' dir='ltr'>λόγων,</span> <span class='ocrx_word' id='word_1_304' title='bbox 1850 3967 1945 4021; x_wconf 74' lang='grc' dir='ltr'>καὶ</span> 
     </span>
    </p>
   </div>
   <div class='ocr_carea' id='block_1_44' title="bbox 353 4055 1945 4130">
    <p class='ocr_par' dir='ltr' id='par_1_44' title="bbox 353 4055 1945 4130">
     <span class='ocr_line' id='line_1_44' title="bbox 353 4055 1945 4130; baseline -0.001 -16"><span class='ocrx_word' id='word_1_305' title='bbox 353 4060 490 4123; x_wconf 79' lang='grc' dir='ltr'>τοὺς</span> <span class='ocrx_word' id='word_1_306' title='bbox 525 4059 625 4129; x_wconf 81' lang='grc' dir='ltr'>μὲν</span> <span class='ocrx_word' id='word_1_307' title='bbox 667 4056 1056 4129; x_wconf 78' lang='grc' dir='ltr'>ἐγκρινοῦμεν,</span> <span class='ocrx_word' id='word_1_308' title='bbox 1084 4056 1210 4119; x_wconf 85' lang='grc' dir='ltr'>τοὺς</span> <span class='ocrx_word' id='word_1_309' title='bbox 1248 4056 1294 4108; x_wconf 82' lang='grc' dir='ltr'>δ’</span> <span class='ocrx_word' id='word_1_310' title='bbox 1322 4055 1397 4120; x_wconf 87' lang='grc' dir='ltr'>ὠς</span> <span class='ocrx_word' id='word_1_311' title='bbox 1446 4059 1580 4127; x_wconf 80' lang='grc' dir='ltr'>ἡμῖν</span> <span class='ocrx_word' id='word_1_312' title='bbox 1634 4060 1945 4130; x_wconf 81' lang='grc' dir='ltr'>ἀχρήστους</span> 
     </span>
    </p>
   </div>
   <div class='ocr_carea' id='block_1_45' title="bbox 359 4147 1946 4220">
    <p class='ocr_par' dir='ltr' id='par_1_45' title="bbox 359 4147 1946 4220">
     <span class='ocr_line' id='line_1_45' title="bbox 359 4147 1946 4220; baseline 0 -17"><span class='ocrx_word' id='word_1_313' title='bbox 359 4148 806 4219; x_wconf 75' lang='grc' dir='ltr'>ἀποπεμψόμεθα</span> <span class='ocrx_word' id='word_1_314' title='bbox 833 4164 848 4179; x_wconf 75' lang='grc' dir='ltr'><strong><em>ο</em></strong></span> <span class='ocrx_word' id='word_1_315' title='bbox 888 4147 1095 4214; x_wconf 77' lang='grc' dir='ltr'>ἐξέστω</span> <span class='ocrx_word' id='word_1_316' title='bbox 1140 4147 1235 4201; x_wconf 70' lang='grc' dir='ltr'><strong>καλ⁸</strong></span> <span class='ocrx_word' id='word_1_317' title='bbox 1294 4147 1438 4201; x_wconf 76' lang='grc' dir='ltr'>κατὰ</span> <span class='ocrx_word' id='word_1_318' title='bbox 1481 4148 1576 4201; x_wconf 84' lang='grc' dir='ltr'>τοῦ</span> <span class='ocrx_word' id='word_1_319' title='bbox 1626 4148 1946 4220; x_wconf 81' lang='grc' dir='ltr'>Πνεὺματος</span> 
     </span>
    </p>
   </div>
   <div class='ocr_carea' id='block_1_46' title="bbox 357 4235 1946 4313">
    <p class='ocr_par' dir='ltr' id='par_1_46' title="bbox 357 4235 1946 4313">
     <span class='ocr_line' id='line_1_46' title="bbox 357 4235 1946 4313; baseline 0.001 -19"><span class='ocrx_word' id='word_1_320' title='bbox 357 4243 545 4295; x_wconf 86' lang='grc' dir='ltr'>ἐκεῖνα</span> <span class='ocrx_word' id='word_1_321' title='bbox 588 4241 831 4311; x_wconf 65' lang='grc' dir='ltr'>τολμᾷν,</span> <span class='ocrx_word' id='word_1_322' title='bbox 857 4241 916 4293; x_wconf 77' lang='grc' dir='ltr'><strong>ού</strong></span> <span class='ocrx_word' id='word_1_323' title='bbox 972 4242 1134 4311; x_wconf 88' lang='grc' dir='ltr'>μόνον</span> <span class='ocrx_word' id='word_1_324' title='bbox 1172 4235 1255 4303; x_wconf 73' lang='grc' dir='ltr'>οἷς</span> <span class='ocrx_word' id='word_1_325' title='bbox 1302 4244 1403 4310; x_wconf 78' lang='grc' dir='ltr'>τῆς</span> <span class='ocrx_word' id='word_1_326' title='bbox 1451 4244 1667 4313; x_wconf 83' lang='grc' dir='ltr'>σιωπῆς</span> <span class='ocrx_word' id='word_1_327' title='bbox 1710 4243 1946 4298; x_wconf 73' lang='grc' dir='ltr'>καὶτῶν</span> 
     </span>
    </p>
   </div>
   <div class='ocr_carea' id='block_1_47' title="bbox 355 4329 1942 4403">
    <p class='ocr_par' dir='ltr' id='par_1_47' title="bbox 355 4329 1942 4403">
     <span class='ocr_line' id='line_1_47' title="bbox 355 4329 1942 4403; baseline 0.001 -18"><span class='ocrx_word' id='word_1_328' title='bbox 355 4333 537 4400; x_wconf 80' lang='grc' dir='ltr'>λόγων</span> <span class='ocrx_word' id='word_1_329' title='bbox 569 4332 786 4400; x_wconf 79' lang='grc' dir='ltr'>ἑκάστῳ</span> <span class='ocrx_word' id='word_1_330' title='bbox 811 4329 1035 4398; x_wconf 82' lang='grc' dir='ltr'>γέγονεν</span> <span class='ocrx_word' id='word_1_331' title='bbox 1067 4331 1266 4394; x_wconf 79' lang='grc' dir='ltr'>αἴτιον,</span> <span class='ocrx_word' id='word_1_332' title='bbox 1287 4332 1382 4385; x_wconf 74' lang='grc' dir='ltr'><strong>καὶ</strong></span> <span class='ocrx_word' id='word_1_333' title='bbox 1410 4335 1692 4386; x_wconf 85' lang='grc' dir='ltr'>κοινωνεῖν</span> <span class='ocrx_word' id='word_1_334' title='bbox 1725 4334 1942 4403; x_wconf 83' lang='grc' dir='ltr'>ἀνάγκη</span> 
     </span>
    </p>
   </div>
   <div class='ocr_carea' id='block_1_48' title="bbox 356 4422 1946 4495">
    <p class='ocr_par' dir='ltr' id='par_1_48' title="bbox 356 4422 1946 4495">
     <span class='ocr_line' id='line_1_48' title="bbox 356 4422 1946 4495; baseline 0 -15"><span class='ocrx_word' id='word_1_335' title='bbox 356 4426 450 4479; x_wconf 77' lang='grc' dir='ltr'><strong>διὰ</strong></span> <span class='ocrx_word' id='word_1_336' title='bbox 481 4424 641 4477; x_wconf 83' lang='grc' dir='ltr'>τοῦτο</span> <span class='ocrx_word' id='word_1_337' title='bbox 676 4423 781 4476; x_wconf 88' lang='grc' dir='ltr'><strong>τῶν</strong></span> <span class='ocrx_word' id='word_1_338' title='bbox 811 4422 989 4492; x_wconf 82' lang='grc' dir='ltr'>τιμῶν</span> <span class='ocrx_word' id='word_1_339' title='bbox 1020 4423 1113 4476; x_wconf 70' lang='grc' dir='ltr'><strong>καὶ</strong></span> <span class='ocrx_word' id='word_1_340' title='bbox 1143 4425 1253 4477; x_wconf 86' lang='grc' dir='ltr'><strong>τῶν</strong></span> <span class='ocrx_word' id='word_1_341' title='bbox 1291 4423 1529 4495; x_wconf 75' lang='grc' dir='ltr'>ὕϐρεων,</span> <span class='ocrx_word' id='word_1_342' title='bbox 1563 4426 1700 4479; x_wconf 73' lang='grc' dir='ltr'>ἀλλὰ</span> <span class='ocrx_word' id='word_1_343' title='bbox 1728 4428 1821 4480; x_wconf 73' lang='grc' dir='ltr'><strong>καὶ</strong></span> <span class='ocrx_word' id='word_1_344' title='bbox 1863 4427 1946 4492; x_wconf 77' lang='grc' dir='ltr'>οἷς</span> 
     </span>
    </p>
   </div>
   <div class='ocr_carea' id='block_1_49' title="bbox 2041 579 3623 649">
    <p class='ocr_par' dir='ltr' id='par_1_49' title="bbox 2041 579 3623 649">
     <span class='ocr_line' id='line_1_49' title="bbox 2041 579 3623 649; baseline 0 -17"><span class='ocrx_word' id='word_1_345' title='bbox 2041 579 2220 632; x_wconf 87' lang='lat' dir='ltr'><strong>celare</strong></span> <span class='ocrx_word' id='word_1_346' title='bbox 2270 582 2555 634; x_wconf 82' lang='lat' dir='ltr'><strong>veritatem</strong></span> <span class='ocrx_word' id='word_1_347' title='bbox 2616 595 2724 634; x_wconf 92' lang='lat' dir='ltr'><strong>non</strong></span> <span class='ocrx_word' id='word_1_348' title='bbox 2782 580 3104 636; x_wconf 76' lang='lat' dir='ltr'><strong>debebam:</strong></span> <span class='ocrx_word' id='word_1_349' title='bbox 3164 580 3433 649; x_wconf 84' lang='lat' dir='ltr'><strong>alioquin,</strong></span> <span class='ocrx_word' id='word_1_350' title='bbox 3491 579 3623 633; x_wconf 89' lang='lat' dir='ltr'><strong>dum</strong></span> 
     </span>
    </p>
   </div>
   <div class='ocr_carea' id='block_1_50' title="bbox 2041 669 3626 739">
    <p class='ocr_par' dir='ltr' id='par_1_50' title="bbox 2041 669 3626 739">
     <span class='ocr_line' id='line_1_50' title="bbox 2041 669 3626 739; baseline 0 -15"><span class='ocrx_word' id='word_1_351' title='bbox 2041 669 2350 724; x_wconf 84' lang='lat' dir='ltr'><strong>consultum</strong></span> <span class='ocrx_word' id='word_1_352' title='bbox 2378 669 2633 725; x_wconf 87' lang='lat' dir='ltr'><strong>volebant</strong></span> <span class='ocrx_word' id='word_1_353' title='bbox 2660 670 3135 736; x_wconf 81' lang='lat' dir='ltr'><strong>imbecillioribus,</strong></span> <span class='ocrx_word' id='word_1_354' title='bbox 3159 669 3334 739; x_wconf 83' lang='lat' dir='ltr'><strong>iniqui</strong></span> <span class='ocrx_word' id='word_1_355' title='bbox 3372 670 3424 724; x_wconf 90' lang='lat' dir='ltr'><strong>in</strong></span> <span class='ocrx_word' id='word_1_356' title='bbox 3449 670 3626 739; x_wconf 76' lang='lat' dir='ltr'><strong>mag&#39;s</strong></span> 
     </span>
    </p>
   </div>
   <div class='ocr_carea' id='block_1_51' title="bbox 2043 756 3621 832">
    <p class='ocr_par' dir='ltr' id='par_1_51' title="bbox 2043 756 3621 832">
     <span class='ocr_line' id='line_1_51' title="bbox 2043 756 3621 832; baseline -0.001 -17"><span class='ocrx_word' id='word_1_357' title='bbox 2043 761 2266 817; x_wconf 79' lang='lat' dir='ltr'><strong>idoneos</strong></span> <span class='ocrx_word' id='word_1_358' title='bbox 2314 756 3051 832; x_wconf 54' lang='lat' dir='ltr'><strong>exstitissentﬁmpeﬂectos</strong></span> <span class='ocrx_word' id='word_1_359' title='bbox 3096 761 3478 832; x_wconf 78' lang='lat' dir='ltr'><strong>relinquendo,</strong></span> <span class='ocrx_word' id='word_1_360' title='bbox 3521 772 3621 814; x_wconf 88' lang='lat' dir='ltr'><strong>nec</strong></span> 
     </span>
    </p>
   </div>
   <div class='ocr_carea' id='block_1_52' title="bbox 2041 852 3617 923">
    <p class='ocr_par' dir='ltr' id='par_1_52' title="bbox 2041 852 3617 923">
     <span class='ocr_line' id='line_1_52' title="bbox 2041 852 3617 923; baseline -0.001 -18"><span class='ocrx_word' id='word_1_361' title='bbox 2041 852 2274 906; x_wconf 83' lang='lat' dir='ltr'><strong>volendo</strong></span> <span class='ocrx_word' id='word_1_362' title='bbox 2308 853 2418 909; x_wconf 88' lang='lat' dir='ltr'><strong>illis</strong></span> <span class='ocrx_word' id='word_1_363' title='bbox 2450 855 2616 908; x_wconf 87' lang='lat' dir='ltr'><strong>etiam</strong></span> <span class='ocrx_word' id='word_1_364' title='bbox 2652 854 2967 923; x_wconf 83' lang='lat' dir='ltr'><strong>impendere</strong></span> <span class='ocrx_word' id='word_1_365' title='bbox 2988 853 3254 908; x_wconf 77' lang='lat' dir='ltr'><strong>doctrinae</strong></span> <span class='ocrx_word' id='word_1_366' title='bbox 3285 865 3617 914; x_wconf 83' lang='lat' dir='ltr'><strong>sermonem,</strong></span> 
     </span>
    </p>
   </div>
   <div class='ocr_carea' id='block_1_53' title="bbox 2042 942 3629 1012">
    <p class='ocr_par' dir='ltr' id='par_1_53' title="bbox 2042 942 3629 1012">
     <span class='ocr_line' id='line_1_53' title="bbox 2042 942 3629 1012; baseline -0.002 -15"><span class='ocrx_word' id='word_1_367' title='bbox 2042 943 2151 998; x_wconf 89' lang='lat' dir='ltr'><strong>alio</strong></span> <span class='ocrx_word' id='word_1_368' title='bbox 2182 944 2419 1011; x_wconf 88' lang='lat' dir='ltr'><strong>quodam</strong></span> <span class='ocrx_word' id='word_1_369' title='bbox 2468 945 2631 999; x_wconf 89' lang='lat' dir='ltr'><strong>modo</strong></span> <span class='ocrx_word' id='word_1_370' title='bbox 2661 955 2715 999; x_wconf 83' lang='lat' dir='ltr'><strong>et</strong></span> <span class='ocrx_word' id='word_1_371' title='bbox 2743 944 2850 998; x_wconf 80' lang='lat' dir='ltr'><strong>illis</strong></span> <span class='ocrx_word' id='word_1_372' title='bbox 2873 958 3055 997; x_wconf 84' lang='lat' dir='ltr'><strong>veram</strong></span> <span class='ocrx_word' id='word_1_373' title='bbox 3088 942 3467 1012; x_wconf 73' lang='lat' dir='ltr'><strong>proponebant</strong></span> <span class='ocrx_word' id='word_1_374' title='bbox 3501 956 3629 996; x_wconf 85' lang='lat' dir='ltr'><strong>sen-</strong></span> 
     </span>
    </p>
   </div>
   <div class='ocr_carea' id='block_1_54' title="bbox 2044 1031 3626 1104">
    <p class='ocr_par' dir='ltr' id='par_1_54' title="bbox 2044 1031 3626 1104">
     <span class='ocr_line' id='line_1_54' title="bbox 2044 1031 3626 1104; baseline -0.001 -18"><span class='ocrx_word' id='word_1_375' title='bbox 2044 1033 2294 1097; x_wconf 87' lang='lat' dir='ltr'><strong>tentiam,</strong></span> <span class='ocrx_word' id='word_1_376' title='bbox 2323 1033 2413 1101; x_wconf 87' lang='lat' dir='ltr'><strong>qui</strong></span> <span class='ocrx_word' id='word_1_377' title='bbox 2440 1034 2781 1104; x_wconf 87' lang='lat' dir='ltr'><strong>sapientibus</strong></span> <span class='ocrx_word' id='word_1_378' title='bbox 2821 1034 2956 1089; x_wconf 89' lang='lat' dir='ltr'><strong>satis</strong></span> <span class='ocrx_word' id='word_1_379' title='bbox 3014 1041 3204 1089; x_wconf 86' lang='lat' dir='ltr'><strong>esset:</strong></span> <span class='ocrx_word' id='word_1_380' title='bbox 3260 1031 3626 1100; x_wconf 81' lang='lat' dir='ltr'><strong>quemadmo-</strong></span> 
     </span>
    </p>
   </div>
   <div class='ocr_carea' id='block_1_55' title="bbox 2041 1124 3627 1197">
    <p class='ocr_par' dir='ltr' id='par_1_55' title="bbox 2041 1124 3627 1197">
     <span class='ocr_line' id='line_1_55' title="bbox 2041 1124 3627 1197; baseline -0.003 -16"><span class='ocrx_word' id='word_1_381' title='bbox 2041 1126 2170 1181; x_wconf 90' lang='lat' dir='ltr'><strong>dum</strong></span> <span class='ocrx_word' id='word_1_382' title='bbox 2202 1135 2253 1180; x_wconf 92' lang='lat' dir='ltr'><strong>et</strong></span> <span class='ocrx_word' id='word_1_383' title='bbox 2307 1126 2407 1196; x_wconf 85' lang='lat' dir='ltr'><strong>ipsi</strong></span> <span class='ocrx_word' id='word_1_384' title='bbox 2441 1127 2726 1181; x_wconf 81' lang='lat' dir='ltr'><strong>veritatem</strong></span> <span class='ocrx_word' id='word_1_385' title='bbox 2758 1142 2790 1181; x_wconf 92' lang='lat' dir='ltr'><strong>e</strong></span> <span class='ocrx_word' id='word_1_386' title='bbox 2823 1127 3127 1197; x_wconf 89' lang='lat' dir='ltr'><strong>Scripturis</strong></span> <span class='ocrx_word' id='word_1_387' title='bbox 3159 1140 3269 1180; x_wconf 88' lang='lat' dir='ltr'><strong>non</strong></span> <span class='ocrx_word' id='word_1_388' title='bbox 3307 1124 3473 1179; x_wconf 90' lang='lat' dir='ltr'><strong>nudis</strong></span> <span class='ocrx_word' id='word_1_389' title='bbox 3499 1138 3627 1178; x_wconf 79' lang='lat' dir='ltr'><strong>ver-</strong></span> 
     </span>
    </p>
   </div>
   <div class='ocr_carea' id='block_1_56' title="bbox 2042 1213 3629 1288">
    <p class='ocr_par' dir='ltr' id='par_1_56' title="bbox 2042 1213 3629 1288">
     <span class='ocr_line' id='line_1_56' title="bbox 2042 1213 3629 1288; baseline -0.003 -19"><span class='ocrx_word' id='word_1_390' title='bbox 2042 1216 2127 1269; x_wconf 89' lang='lat' dir='ltr'><strong>bis</strong></span> <span class='ocrx_word' id='word_1_391' title='bbox 2158 1218 2462 1286; x_wconf 86' lang='lat' dir='ltr'><strong>expositam</strong></span> <span class='ocrx_word' id='word_1_392' title='bbox 2502 1218 2878 1288; x_wconf 82' lang='lat' dir='ltr'><strong>requirebant,</strong></span> <span class='ocrx_word' id='word_1_393' title='bbox 2912 1217 3007 1273; x_wconf 90' lang='lat' dir='ltr'><strong>sed</strong></span> <span class='ocrx_word' id='word_1_394' title='bbox 3062 1218 3129 1272; x_wconf 90' lang='lat' dir='ltr'><strong>ad</strong></span> <span class='ocrx_word' id='word_1_395' title='bbox 3183 1213 3629 1285; x_wconf 77' lang='lat' dir='ltr'><strong>eomperieudam</strong></span> 
     </span>
    </p>
   </div>
   <div class='ocr_carea' id='block_1_57' title="bbox 2042 1305 3631 1378">
    <p class='ocr_par' dir='ltr' id='par_1_57' title="bbox 2042 1305 3631 1378">
     <span class='ocr_line' id='line_1_57' title="bbox 2042 1305 3631 1378; baseline -0.003 -16"><span class='ocrx_word' id='word_1_396' title='bbox 2042 1307 2189 1362; x_wconf 83' lang='lat' dir='ltr'><strong>illam</strong></span> <span class='ocrx_word' id='word_1_397' title='bbox 2223 1308 2357 1363; x_wconf 84' lang='lat' dir='ltr'><strong>satis</strong></span> <span class='ocrx_word' id='word_1_398' title='bbox 2386 1324 2508 1363; x_wconf 86' lang='lat' dir='ltr'><strong>esse</strong></span> <span class='ocrx_word' id='word_1_399' title='bbox 2540 1308 2642 1363; x_wconf 90' lang='lat' dir='ltr'><strong>sibi</strong></span> <span class='ocrx_word' id='word_1_400' title='bbox 2680 1318 2974 1378; x_wconf 90' lang='lat' dir='ltr'><strong>putarunt,</strong></span> <span class='ocrx_word' id='word_1_401' title='bbox 3028 1322 3148 1378; x_wconf 64' lang='lat' dir='ltr'><strong>quae</strong></span> <span class='ocrx_word' id='word_1_402' title='bbox 3185 1306 3412 1377; x_wconf 79' lang='lat' dir='ltr'><strong>perinde.</strong></span> <span class='ocrx_word' id='word_1_403' title='bbox 3448 1305 3631 1360; x_wconf 77' lang='lat' dir='ltr'><strong>valent</strong></span> 
     </span>
    </p>
   </div>
   <div class='ocr_carea' id='block_1_58' title="bbox 2013 1397 3631 1468">
    <p class='ocr_par' dir='ltr' id='par_1_58' title="bbox 2013 1397 3631 1468">
     <span class='ocr_line' id='line_1_58' title="bbox 2013 1397 3631 1468; baseline -0.002 -18"><span class='ocrx_word' id='word_1_404' title='bbox 2013 1404 2209 1465; x_wconf 77' lang='lat' dir='ltr'><strong>atque</strong></span> <span class='ocrx_word' id='word_1_405' title='bbox 2237 1397 2356 1467; x_wconf 84' lang='lat' dir='ltr'><strong>ipsa</strong></span> <span class='ocrx_word' id='word_1_406' title='bbox 2408 1407 2596 1465; x_wconf 88' lang='lat' dir='ltr'><strong>aperte</strong></span> <span class='ocrx_word' id='word_1_407' title='bbox 2626 1398 3005 1467; x_wconf 86' lang='lat' dir='ltr'><strong>pronuntiata,</strong></span> <span class='ocrx_word' id='word_1_408' title='bbox 3035 1412 3266 1468; x_wconf 73' lang='lat' dir='ltr'><strong>qumque</strong></span> <span class='ocrx_word' id='word_1_409' title='bbox 3318 1402 3631 1466; x_wconf 78' lang='lat' dir='ltr'><strong>congruunt</strong></span> 
     </span>
    </p>
   </div>
   <div class='ocr_carea' id='block_1_59' title="bbox 2043 1488 3631 1559">
    <p class='ocr_par' dir='ltr' id='par_1_59' title="bbox 2043 1488 3631 1559">
     <span class='ocr_line' id='line_1_59' title="bbox 2043 1488 3631 1559; baseline -0.003 -14"><span class='ocrx_word' id='word_1_410' title='bbox 2043 1506 2169 1545; x_wconf 90' lang='lat' dir='ltr'><strong>eum</strong></span> <span class='ocrx_word' id='word_1_411' title='bbox 2203 1491 2373 1546; x_wconf 86' lang='lat' dir='ltr'><strong>certis</strong></span> <span class='ocrx_word' id='word_1_412' title='bbox 2397 1499 2450 1545; x_wconf 91' lang='lat' dir='ltr'><strong>et</strong></span> <span class='ocrx_word' id='word_1_413' title='bbox 2487 1490 2811 1545; x_wconf 88' lang='lat' dir='ltr'><strong>indubitatis</strong></span> <span class='ocrx_word' id='word_1_414' title='bbox 2837 1491 3005 1545; x_wconf 87' lang='lat' dir='ltr'><strong>animi</strong></span> <span class='ocrx_word' id='word_1_415' title='bbox 3047 1489 3401 1559; x_wconf 80' lang='lat' dir='ltr'><strong>coneeptibus</strong></span> <span class='ocrx_word' id='word_1_416' title='bbox 3438 1488 3505 1543; x_wconf 83' lang='lat' dir='ltr'><strong>de</strong></span> <span class='ocrx_word' id='word_1_417' title='bbox 3537 1502 3631 1542; x_wconf 81' lang='lat' dir='ltr'><strong>re-</strong></span> 
     </span>
    </p>
   </div>
   <div class='ocr_carea' id='block_1_60' title="bbox 1998 1577 3630 1637">
    <p class='ocr_par' dir='ltr' id='par_1_60' title="bbox 1998 1577 3630 1637">
     <span class='ocr_line' id='line_1_60' title="bbox 1998 1577 3630 1637; baseline -0.004 -1"><span class='ocrx_word' id='word_1_418' title='bbox 1998 1614 2002 1618; x_wconf 64' lang='grc' dir='ltr'><strong>ι</strong></span> <span class='ocrx_word' id='word_1_419' title='bbox 2046 1581 2149 1636; x_wconf 84' lang='lat' dir='ltr'><strong>bus</strong></span> <span class='ocrx_word' id='word_1_420' title='bbox 2172 1580 2393 1635; x_wconf 77' lang='lat' dir='ltr'><strong>divinis.</strong></span> <span class='ocrx_word' id='word_1_421' title='bbox 2441 1578 2592 1634; x_wconf 90' lang='lat' dir='ltr'><strong>Ilanc</strong></span> <span class='ocrx_word' id='word_1_422' title='bbox 2646 1589 2701 1634; x_wconf 86' lang='lat' dir='ltr'><strong>et</strong></span> <span class='ocrx_word' id='word_1_423' title='bbox 2726 1581 2908 1635; x_wconf 65' lang='lat' dir='ltr'><strong>caeteri</strong></span> <span class='ocrx_word' id='word_1_424' title='bbox 2955 1580 3211 1634; x_wconf 65' lang='lat' dir='ltr'><strong>doctores</strong></span> <span class='ocrx_word' id='word_1_425' title='bbox 3259 1577 3453 1637; x_wconf 42' lang='lat' dir='ltr'><strong>secuti,</strong></span> <span class='ocrx_word' id='word_1_426' title='bbox 3500 1586 3630 1631; x_wconf 81' lang='lat' dir='ltr'><strong>sunt</strong></span> 
     </span>
    </p>
   </div>
   <div class='ocr_carea' id='block_1_61' title="bbox 2045 1669 3630 1742">
    <p class='ocr_par' dir='ltr' id='par_1_61' title="bbox 2045 1669 3630 1742">
     <span class='ocr_line' id='line_1_61' title="bbox 2045 1669 3630 1742; baseline -0.002 -17"><span class='ocrx_word' id='word_1_427' title='bbox 2045 1673 2212 1737; x_wconf 89' lang='lat' dir='ltr'><strong>viam,</strong></span> <span class='ocrx_word' id='word_1_428' title='bbox 2253 1672 2383 1726; x_wconf 76' lang='lat' dir='ltr'><strong>dum</strong></span> <span class='ocrx_word' id='word_1_429' title='bbox 2423 1682 2756 1741; x_wconf 83' lang='lat' dir='ltr'><strong>exponerent</strong></span> <span class='ocrx_word' id='word_1_430' title='bbox 2780 1672 3055 1742; x_wconf 77' lang='lat' dir='ltr'><strong>dogmata.</strong></span> <span class='ocrx_word' id='word_1_431' title='bbox 3088 1669 3198 1726; x_wconf 81' lang='lat' dir='ltr'><strong>Nec</strong></span> <span class='ocrx_word' id='word_1_432' title='bbox 3234 1669 3364 1723; x_wconf 90' lang='lat' dir='ltr'><strong>illud</strong></span> <span class='ocrx_word' id='word_1_433' title='bbox 3399 1683 3630 1738; x_wconf 72' lang='lat' dir='ltr'><strong>perpen-</strong></span> 
     </span>
    </p>
   </div>
   <div class='ocr_carea' id='block_1_62' title="bbox 2046 1760 3628 1833">
    <p class='ocr_par' dir='ltr' id='par_1_62' title="bbox 2046 1760 3628 1833">
     <span class='ocr_line' id='line_1_62' title="bbox 2046 1760 3628 1833; baseline -0.004 -14"><span class='ocrx_word' id='word_1_434' title='bbox 2046 1763 2140 1819; x_wconf 68' lang='lat' dir='ltr'><strong>dat</strong></span> <span class='ocrx_word' id='word_1_435' title='bbox 2188 1763 2483 1833; x_wconf 85' lang='lat' dir='ltr'><strong>quispiam,</strong></span> <span class='ocrx_word' id='word_1_436' title='bbox 2520 1764 2666 1833; x_wconf 88' lang='lat' dir='ltr'><strong>quod</strong></span> <span class='ocrx_word' id='word_1_437' title='bbox 2722 1763 2865 1819; x_wconf 78' lang='lat' dir='ltr'><strong>hanc</strong></span> <span class='ocrx_word' id='word_1_438' title='bbox 2908 1763 3239 1817; x_wconf 72' lang='lat' dir='ltr'><strong>sentwtiam</strong></span> <span class='ocrx_word' id='word_1_439' title='bbox 3276 1760 3628 1832; x_wconf 77' lang='lat' dir='ltr'><strong>protulerint,</strong></span> 
     </span>
    </p>
   </div>
   <div class='ocr_carea' id='block_1_63' title="bbox 2049 1853 3629 1925">
    <p class='ocr_par' dir='ltr' id='par_1_63' title="bbox 2049 1853 3629 1925">
     <span class='ocr_line' id='line_1_63' title="bbox 2049 1853 3629 1925; baseline -0.003 -16"><span class='ocrx_word' id='word_1_440' title='bbox 2049 1871 2215 1925; x_wconf 87' lang='lat' dir='ltr'><strong>quam</strong></span> <span class='ocrx_word' id='word_1_441' title='bbox 2246 1855 2337 1909; x_wconf 89' lang='lat' dir='ltr'><strong>alii</strong></span> <span class='ocrx_word' id='word_1_442' title='bbox 2368 1856 2662 1920; x_wconf 85' lang='lat' dir='ltr'><strong>tacuerint,</strong></span> <span class='ocrx_word' id='word_1_443' title='bbox 2704 1854 2799 1910; x_wconf 86' lang='lat' dir='ltr'><strong>sed</strong></span> <span class='ocrx_word' id='word_1_444' title='bbox 2841 1856 3066 1924; x_wconf 87' lang='lat' dir='ltr'><strong>quodet</strong></span> <span class='ocrx_word' id='word_1_445' title='bbox 3121 1854 3196 1908; x_wconf 84' lang='lat' dir='ltr'><strong>illi</strong></span> <span class='ocrx_word' id='word_1_446' title='bbox 3238 1853 3409 1908; x_wconf 79' lang='lat' dir='ltr'><strong>multa</strong></span> <span class='ocrx_word' id='word_1_447' title='bbox 3460 1868 3629 1921; x_wconf 76' lang='lat' dir='ltr'><strong>penes</strong></span> 
     </span>
    </p>
   </div>
   <div class='ocr_carea' id='block_1_64' title="bbox 2049 1942 3633 2013">
    <p class='ocr_par' dir='ltr' id='par_1_64' title="bbox 2049 1942 3633 2013">
     <span class='ocr_line' id='line_1_64' title="bbox 2049 1942 3633 2013; baseline -0.002 -15"><span class='ocrx_word' id='word_1_448' title='bbox 2049 1958 2109 1999; x_wconf 87' lang='lat' dir='ltr'><strong>se</strong></span> <span class='ocrx_word' id='word_1_449' title='bbox 2134 1943 2487 2011; x_wconf 83' lang='lat' dir='ltr'><strong>retinnerint,</strong></span> <span class='ocrx_word' id='word_1_450' title='bbox 2535 1959 2657 2010; x_wconf 67' lang='lat' dir='ltr'><strong>qum</strong></span> <span class='ocrx_word' id='word_1_451' title='bbox 2707 1945 2984 2013; x_wconf 85' lang='lat' dir='ltr'><strong>potuerint</strong></span> <span class='ocrx_word' id='word_1_452' title='bbox 3048 1942 3201 1998; x_wconf 74' lang='lat' dir='ltr'><strong>eII‘ari</strong></span> <span class='ocrx_word' id='word_1_453' title='bbox 3241 1961 3256 1997; x_wconf 91' lang='lat'><strong>:</strong></span> <span class='ocrx_word' id='word_1_454' title='bbox 3311 1958 3433 2010; x_wconf 74' lang='lat' dir='ltr'><strong>qua:</strong></span> <span class='ocrx_word' id='word_1_455' title='bbox 3476 1950 3633 1995; x_wconf 77' lang='lat' dir='ltr'><strong>tanto</strong></span> 
     </span>
    </p>
   </div>
   <div class='ocr_carea' id='block_1_65' title="bbox 2050 2027 3629 2102">
    <p class='ocr_par' dir='ltr' id='par_1_65' title="bbox 2050 2027 3629 2102">
     <span class='ocr_line' id='line_1_65' title="bbox 2050 2027 3629 2102; baseline -0.005 -16"><span class='ocrx_word' id='word_1_456' title='bbox 2050 2033 2227 2102; x_wconf 75' lang='lat' dir='ltr'><strong>majus</strong></span> <span class='ocrx_word' id='word_1_457' title='bbox 2258 2031 2493 2087; x_wconf 80' lang='lat' dir='ltr'><strong>fortasse</strong></span> <span class='ocrx_word' id='word_1_458' title='bbox 2526 2031 2827 2102; x_wconf 86' lang='lat' dir='ltr'><strong>periculum</strong></span> <span class='ocrx_word' id='word_1_459' title='bbox 2864 2029 3206 2092; x_wconf 81' lang='lat' dir='ltr'><strong>attulissent,</strong></span> <span class='ocrx_word' id='word_1_460' title='bbox 3255 2037 3311 2083; x_wconf 85' lang='lat' dir='ltr'><strong>et</strong></span> <span class='ocrx_word' id='word_1_461' title='bbox 3348 2042 3414 2083; x_wconf 90' lang='lat' dir='ltr'><strong>eo</strong></span> <span class='ocrx_word' id='word_1_462' title='bbox 3460 2027 3629 2097; x_wconf 82' lang='lat' dir='ltr'><strong>pluri-</strong></span> 
     </span>
    </p>
   </div>
   <div class='ocr_carea' id='block_1_66' title="bbox 2048 2116 3629 2209">
    <p class='ocr_par' dir='ltr' id='par_1_66' title="bbox 2048 2116 3629 2209">
     <span class='ocr_line' id='line_1_66' title="bbox 2048 2116 3629 2209; baseline -0.004 -31"><span class='ocrx_word' id='word_1_463' title='bbox 2048 2123 2520 2209; x_wconf 59' lang='lat' dir='ltr'><strong>bus.bominibus</strong></span> <span class='ocrx_word' id='word_1_464' title='bbox 2581 2122 2974 2191; x_wconf 83' lang='lat' dir='ltr'><strong>perniciosum,</strong></span> <span class='ocrx_word' id='word_1_465' title='bbox 3021 2129 3228 2189; x_wconf 87' lang='lat' dir='ltr'><strong>quanto</strong></span> <span class='ocrx_word' id='word_1_466' title='bbox 3281 2116 3629 2188; x_wconf 72' lang='lat' dir='ltr'><strong>profuudiOrI</strong></span> 
     </span>
    </p>
   </div>
   <div class='ocr_carea' id='block_1_67' title="bbox 2048 2210 3631 2286">
    <p class='ocr_par' dir='ltr' id='par_1_67' title="bbox 2048 2210 3631 2286">
     <span class='ocr_line' id='line_1_67' title="bbox 2048 2210 3631 2286; baseline -0.004 -16"><span class='ocrx_word' id='word_1_467' title='bbox 2048 2231 2185 2282; x_wconf 75' lang='lat' dir='ltr'><strong>Opus</strong></span> <span class='ocrx_word' id='word_1_468' title='bbox 2216 2225 2299 2270; x_wconf 89' lang='lat' dir='ltr'><strong>est</strong></span> <span class='ocrx_word' id='word_1_469' title='bbox 2334 2215 2691 2286; x_wconf 75' lang='lat' dir='ltr'><strong>intelligentia</strong></span> <span class='ocrx_word' id='word_1_470' title='bbox 2758 2213 2825 2269; x_wconf 89' lang='lat' dir='ltr'><strong>ad</strong></span> <span class='ocrx_word' id='word_1_471' title='bbox 2869 2214 3217 2283; x_wconf 89' lang='lat' dir='ltr'><strong>percipienda</strong></span> <span class='ocrx_word' id='word_1_472' title='bbox 3256 2227 3379 2281; x_wconf 71' lang='lat' dir='ltr'><strong>qua:</strong></span> <span class='ocrx_word' id='word_1_473' title='bbox 3408 2211 3485 2267; x_wconf 76' lang='lat' dir='ltr'><strong>illi</strong></span> <span class='ocrx_word' id='word_1_474' title='bbox 3544 2210 3631 2265; x_wconf 83' lang='lat' dir='ltr'><strong>di-</strong></span> 
     </span>
    </p>
   </div>
   <div class='ocr_carea' id='block_1_68' title="bbox 2047 2301 3632 2373">
    <p class='ocr_par' dir='ltr' id='par_1_68' title="bbox 2047 2301 3632 2373">
     <span class='ocr_line' id='line_1_68' title="bbox 2047 2301 3632 2373; baseline -0.003 -14"><span class='ocrx_word' id='word_1_475' title='bbox 2047 2316 2208 2369; x_wconf 89' lang='lat' dir='ltr'><strong>eunt,</strong></span> <span class='ocrx_word' id='word_1_476' title='bbox 2240 2316 2296 2359; x_wconf 88' lang='lat' dir='ltr'><strong>et</strong></span> <span class='ocrx_word' id='word_1_477' title='bbox 2332 2305 2503 2359; x_wconf 86' lang='lat' dir='ltr'><strong>multo</strong></span> <span class='ocrx_word' id='word_1_478' title='bbox 2528 2306 2691 2358; x_wconf 85' lang='lat' dir='ltr'><strong>etiam</strong></span> <span class='ocrx_word' id='word_1_479' title='bbox 2724 2304 2957 2358; x_wconf 87' lang='lat' dir='ltr'><strong>acutiori</strong></span> <span class='ocrx_word' id='word_1_480' title='bbox 2979 2318 3118 2373; x_wconf 78' lang='lat' dir='ltr'><strong>opus</strong></span> <span class='ocrx_word' id='word_1_481' title='bbox 3148 2310 3293 2357; x_wconf 82' lang='lat' dir='ltr'><strong>esset</strong></span> <span class='ocrx_word' id='word_1_482' title='bbox 3318 2301 3382 2356; x_wconf 89' lang='lat' dir='ltr'><strong>ad</strong></span> <span class='ocrx_word' id='word_1_483' title='bbox 3413 2315 3478 2355; x_wconf 83' lang='lat' dir='ltr'><strong>ea</strong></span> <span class='ocrx_word' id='word_1_484' title='bbox 3510 2314 3632 2370; x_wconf 67' lang='lat' dir='ltr'><strong>qum</strong></span> 
     </span>
    </p>
   </div>
   <div class='ocr_carea' id='block_1_69' title="bbox 2050 2392 3634 2465">
    <p class='ocr_par' dir='ltr' id='par_1_69' title="bbox 2050 2392 3634 2465">
     <span class='ocr_line' id='line_1_69' title="bbox 2050 2392 3634 2465; baseline -0.004 -12"><span class='ocrx_word' id='word_1_485' title='bbox 2050 2406 2369 2454; x_wconf 81' lang='lat' dir='ltr'><strong>tacuerunt.</strong></span> <span class='ocrx_word' id='word_1_486' title='bbox 2394 2396 2503 2451; x_wconf 86' lang='lat' dir='ltr'><strong>Sed</strong></span> <span class='ocrx_word' id='word_1_487' title='bbox 2530 2406 2584 2450; x_wconf 84' lang='lat' dir='ltr'><strong>et</strong></span> <span class='ocrx_word' id='word_1_488' title='bbox 2609 2395 2686 2449; x_wconf 86' lang='lat' dir='ltr'><strong>illi</strong></span> <span class='ocrx_word' id='word_1_489' title='bbox 2718 2394 2978 2465; x_wconf 69' lang='lat' dir='ltr'><strong>praeclara</strong></span> <span class='ocrx_word' id='word_1_490' title='bbox 3016 2393 3251 2463; x_wconf 77' lang='lat' dir='ltr'><strong>quadam</strong></span> <span class='ocrx_word' id='word_1_491' title='bbox 3277 2392 3385 2447; x_wconf 89' lang='lat' dir='ltr'><strong>alia</strong></span> <span class='ocrx_word' id='word_1_492' title='bbox 3415 2394 3634 2446; x_wconf 75' lang='lat' dir='ltr'><strong>ratione</strong></span> 
     </span>
    </p>
   </div>
   <div class='ocr_carea' id='block_1_70' title="bbox 2048 2482 3630 2556">
    <p class='ocr_par' dir='ltr' id='par_1_70' title="bbox 2048 2482 3630 2556">
     <span class='ocr_line' id='line_1_70' title="bbox 2048 2482 3630 2556; baseline -0.006 -9"><span class='ocrx_word' id='word_1_493' title='bbox 2048 2506 2144 2547; x_wconf 88' lang='lat' dir='ltr'><strong>eos</strong></span> <span class='ocrx_word' id='word_1_494' title='bbox 2177 2489 2261 2544; x_wconf 91' lang='lat' dir='ltr'><strong>sui</strong></span> <span class='ocrx_word' id='word_1_495' title='bbox 2297 2504 2496 2545; x_wconf 80' lang='lat' dir='ltr'><strong>sensus</strong></span> <span class='ocrx_word' id='word_1_496' title='bbox 2557 2486 2738 2542; x_wconf 84' lang='lat' dir='ltr'><strong>fecere</strong></span> <span class='ocrx_word' id='word_1_497' title='bbox 2791 2486 3116 2556; x_wconf 76' lang='lat' dir='ltr'><strong>participes,</strong></span> <span class='ocrx_word' id='word_1_498' title='bbox 3178 2484 3269 2553; x_wconf 87' lang='lat' dir='ltr'><strong>qui</strong></span> <span class='ocrx_word' id='word_1_499' title='bbox 3311 2482 3630 2553; x_wconf 86' lang='lat' dir='ltr'><strong>hujusmodi</strong></span> 
     </span>
    </p>
   </div>
   <div class='ocr_carea' id='block_1_71' title="bbox 2049 2575 3630 2649">
    <p class='ocr_par' dir='ltr' id='par_1_71' title="bbox 2049 2575 3630 2649">
     <span class='ocr_line' id='line_1_71' title="bbox 2049 2575 3630 2649; baseline -0.005 -12"><span class='ocrx_word' id='word_1_500' title='bbox 2049 2598 2137 2637; x_wconf 91' lang='lat' dir='ltr'><strong>res</strong></span> <span class='ocrx_word' id='word_1_501' title='bbox 2170 2581 2388 2649; x_wconf 87' lang='lat' dir='ltr'><strong>assequi</strong></span> <span class='ocrx_word' id='word_1_502' title='bbox 2418 2587 2670 2649; x_wconf 82' lang='lat' dir='ltr'><strong>possunt,</strong></span> <span class='ocrx_word' id='word_1_503' title='bbox 2698 2578 2749 2633; x_wconf 90' lang='lat' dir='ltr'><strong>id</strong></span> <span class='ocrx_word' id='word_1_504' title='bbox 2807 2577 2952 2647; x_wconf 89' lang='lat' dir='ltr'><strong>quod</strong></span> <span class='ocrx_word' id='word_1_505' title='bbox 3017 2576 3329 2646; x_wconf 84' lang='lat' dir='ltr'><strong>perspicere</strong></span> <span class='ocrx_word' id='word_1_506' title='bbox 3374 2577 3523 2643; x_wconf 86' lang='lat' dir='ltr'><strong>licet,</strong></span> <span class='ocrx_word' id='word_1_507' title='bbox 3582 2575 3630 2629; x_wconf 78' lang='lat' dir='ltr'><strong>si</strong></span> 
     </span>
    </p>
   </div>
   <div class='ocr_carea' id='block_1_72' title="bbox 2047 2666 3628 2741">
    <p class='ocr_par' dir='ltr' id='par_1_72' title="bbox 2047 2666 3628 2741">
     <span class='ocr_line' id='line_1_72' title="bbox 2047 2666 3628 2741; baseline -0.003 -15"><span class='ocrx_word' id='word_1_508' title='bbox 2047 2674 2173 2741; x_wconf 87' lang='lat' dir='ltr'><strong>quis</strong></span> <span class='ocrx_word' id='word_1_509' title='bbox 2226 2686 2418 2726; x_wconf 87' lang='lat' dir='ltr'><strong>eorum</strong></span> <span class='ocrx_word' id='word_1_510' title='bbox 2468 2670 2640 2725; x_wconf 87' lang='lat' dir='ltr'><strong>libros</strong></span> <span class='ocrx_word' id='word_1_511' title='bbox 2682 2669 2824 2739; x_wconf 79' lang='lat' dir='ltr'><strong>legat</strong></span> <span class='ocrx_word' id='word_1_512' title='bbox 2883 2670 3168 2723; x_wconf 81' lang='lat' dir='ltr'><strong>attentius.</strong></span> <span class='ocrx_word' id='word_1_513' title='bbox 3230 2666 3389 2733; x_wconf 83' lang='lat' dir='ltr'><strong>Quod</strong></span> <span class='ocrx_word' id='word_1_514' title='bbox 3444 2677 3628 2722; x_wconf 84' lang='lat' dir='ltr'><strong>autem</strong></span> 
     </span>
    </p>
   </div>
   <div class='ocr_carea' id='block_1_73' title="bbox 2048 2759 3628 2837">
    <p class='ocr_par' dir='ltr' id='par_1_73' title="bbox 2048 2759 3628 2837">
     <span class='ocr_line' id='line_1_73' title="bbox 2048 2759 3628 2837; baseline -0.004 -19"><span class='ocrx_word' id='word_1_515' title='bbox 2048 2778 2144 2832; x_wconf 89' lang='lat' dir='ltr'><strong>par</strong></span> <span class='ocrx_word' id='word_1_516' title='bbox 2176 2775 2258 2817; x_wconf 89' lang='lat' dir='ltr'><strong>est</strong></span> <span class='ocrx_word' id='word_1_517' title='bbox 2289 2762 2523 2832; x_wconf 74' lang='lat' dir='ltr'><strong>singulis</strong></span> <span class='ocrx_word' id='word_1_518' title='bbox 2555 2760 2857 2837; x_wconf 81' lang='lat' dir='ltr'><strong>contigisse</strong></span> <span class='ocrx_word' id='word_1_519' title='bbox 2905 2759 3227 2815; x_wconf 84' lang='lat' dir='ltr'><strong>doc-toribus</strong></span> <span class='ocrx_word' id='word_1_520' title='bbox 3282 2759 3336 2813; x_wconf 90' lang='lat' dir='ltr'><strong>in</strong></span> <span class='ocrx_word' id='word_1_521' title='bbox 3381 2759 3447 2813; x_wconf 85' lang='lat' dir='ltr'><strong>iis</strong></span> <span class='ocrx_word' id='word_1_522' title='bbox 3486 2773 3628 2829; x_wconf 89' lang='lat' dir='ltr'><strong>quos</strong></span> 
     </span>
    </p>
   </div>
   <div class='ocr_carea' id='block_1_74' title="bbox 2048 2838 3635 2923">
    <p class='ocr_par' dir='ltr' id='par_1_74' title="bbox 2048 2838 3635 2923">
     <span class='ocr_line' id='line_1_74' title="bbox 2048 2838 3635 2923; baseline -0.004 -11"><span class='ocrx_word' id='word_1_523' title='bbox 2048 2854 2428 2919; x_wconf 76' lang='lat' dir='ltr'><strong>instituebant,</strong></span> <span class='ocrx_word' id='word_1_524' title='bbox 2460 2855 2565 2909; x_wconf 83' lang='lat' dir='ltr'><strong>hoc</strong></span> <span class='ocrx_word' id='word_1_525' title='bbox 2599 2838 2771 2909; x_wconf 82' lang='lat' dir='ltr'><strong>nntlto</strong></span> <span class='ocrx_word' id='word_1_526' title='bbox 2801 2863 2959 2908; x_wconf 82' lang='lat' dir='ltr'><strong>antea</strong></span> <span class='ocrx_word' id='word_1_527' title='bbox 2986 2852 3158 2908; x_wconf 89' lang='lat' dir='ltr'><strong>fuisse</strong></span> <span class='ocrx_word' id='word_1_528' title='bbox 3190 2867 3219 2906; x_wconf 88' lang='lat' dir='ltr'><strong>a</strong></span> <span class='ocrx_word' id='word_1_529' title='bbox 3249 2852 3454 2923; x_wconf 71' lang='lat' dir='ltr'><strong>Spiritu</strong></span> <span class='ocrx_word' id='word_1_530' title='bbox 3488 2851 3635 2906; x_wconf 87' lang='lat' dir='ltr'><strong>veri-</strong></span> 
     </span>
    </p>
   </div>
   <div class='ocr_carea' id='block_1_75' title="bbox 2048 2944 3634 3015">
    <p class='ocr_par' dir='ltr' id='par_1_75' title="bbox 2048 2944 3634 3015">
     <span class='ocr_line' id='line_1_75' title="bbox 2048 2944 3634 3015; baseline -0.003 -12"><span class='ocrx_word' id='word_1_531' title='bbox 2048 2947 2176 3003; x_wconf 88' lang='lat' dir='ltr'><strong>tatis</strong></span> <span class='ocrx_word' id='word_1_532' title='bbox 2230 2947 2511 3015; x_wconf 81' lang='lat' dir='ltr'><strong>provisum</strong></span> <span class='ocrx_word' id='word_1_533' title='bbox 2557 2946 2609 2999; x_wconf 91' lang='lat' dir='ltr'><strong>in</strong></span> <span class='ocrx_word' id='word_1_534' title='bbox 2667 2946 2923 3001; x_wconf 77' lang='lat' dir='ltr'><strong>universa</strong></span> <span class='ocrx_word' id='word_1_535' title='bbox 2956 2960 3054 3000; x_wconf 87' lang='lat' dir='ltr'><strong>sua</strong></span> <span class='ocrx_word' id='word_1_536' title='bbox 3086 2944 3337 3000; x_wconf 80' lang='lat' dir='ltr'><strong>Ecclesia</strong></span> <span class='ocrx_word' id='word_1_537' title='bbox 3384 2960 3498 3002; x_wconf 83' lang='lat' dir='ltr'><strong>non</strong></span> <span class='ocrx_word' id='word_1_538' title='bbox 3550 2952 3634 2999; x_wconf 85' lang='lat' dir='ltr'><strong>est</strong></span> 
     </span>
    </p>
   </div>
   <div class='ocr_carea' id='block_1_76' title="bbox 2047 3036 3636 3107">
    <p class='ocr_par' dir='ltr' id='par_1_76' title="bbox 2047 3036 3636 3107">
     <span class='ocr_line' id='line_1_76' title="bbox 2047 3036 3636 3107; baseline -0.003 -12"><span class='ocrx_word' id='word_1_539' title='bbox 2047 3041 2510 3100; x_wconf 85' lang='lat' dir='ltr'><strong>dissentaneum,</strong></span> <span class='ocrx_word' id='word_1_540' title='bbox 2566 3038 2875 3094; x_wconf 80' lang='lat' dir='ltr'><strong>admirabili</strong></span> <span class='ocrx_word' id='word_1_541' title='bbox 2935 3036 3170 3107; x_wconf 85' lang='lat' dir='ltr'><strong>quadam</strong></span> <span class='ocrx_word' id='word_1_542' title='bbox 3234 3044 3289 3093; x_wconf 83' lang='lat' dir='ltr'><strong>et</strong></span> <span class='ocrx_word' id='word_1_543' title='bbox 3342 3046 3636 3107; x_wconf 76' lang='lat' dir='ltr'><strong>superante</strong></span> 
     </span>
    </p>
   </div>
   <div class='ocr_carea' id='block_1_77' title="bbox 2049 3129 3703 3187">
    <p class='ocr_par' dir='ltr' id='par_1_77' title="bbox 2049 3129 3703 3187">
     <span class='ocr_line' id='line_1_77' title="bbox 2049 3129 3703 3187; baseline -0.001 -2"><span class='ocrx_word' id='word_1_544' title='bbox 2049 3146 2267 3186; x_wconf 92' lang='lat' dir='ltr'><strong>omnem</strong></span> <span class='ocrx_word' id='word_1_545' title='bbox 2321 3130 2540 3186; x_wconf 80' lang='lat' dir='ltr'><strong>dicendi</strong></span> <span class='ocrx_word' id='word_1_546' title='bbox 2576 3132 2881 3187; x_wconf 86' lang='lat' dir='ltr'><strong>facultatem</strong></span> <span class='ocrx_word' id='word_1_547' title='bbox 2934 3129 3311 3185; x_wconf 80' lang='lat' dir='ltr'><strong>Providentia.</strong></span> <span class='ocrx_word' id='word_1_548' title='bbox 3341 3130 3636 3186; x_wconf 85' lang='lat' dir='ltr'><strong>Consuluit</strong></span> <span class='ocrx_word' id='word_1_549' title='bbox 3681 3132 3703 3153; x_wconf 88' lang='lat'><strong><em>‘</em></strong></span> 
     </span>
    </p>
   </div>
   <div class='ocr_carea' id='block_1_78' title="bbox 2047 3220 3630 3292">
    <p class='ocr_par' dir='ltr' id='par_1_78' title="bbox 2047 3220 3630 3292">
     <span class='ocr_line' id='line_1_78' title="bbox 2047 3220 3630 3292; baseline 0.001 -18"><span class='ocrx_word' id='word_1_550' title='bbox 2047 3222 2193 3275; x_wconf 89' lang='lat' dir='ltr'><strong>enim</strong></span> <span class='ocrx_word' id='word_1_551' title='bbox 2223 3222 2444 3290; x_wconf 86' lang='lat' dir='ltr'><strong>utrique</strong></span> <span class='ocrx_word' id='word_1_552' title='bbox 2471 3221 2758 3276; x_wconf 84' lang='lat' dir='ltr'><strong>hominum</strong></span> <span class='ocrx_word' id='word_1_553' title='bbox 2784 3220 2984 3286; x_wconf 82' lang='lat' dir='ltr'><strong>ordini,</strong></span> <span class='ocrx_word' id='word_1_554' title='bbox 3015 3231 3491 3292; x_wconf 81' lang='lat' dir='ltr'><strong>eougruentesque</strong></span> <span class='ocrx_word' id='word_1_555' title='bbox 3518 3221 3630 3276; x_wconf 86' lang='lat' dir='ltr'><strong>illis</strong></span> 
     </span>
    </p>
   </div>
   <div class='ocr_carea' id='block_1_79' title="bbox 2050 3312 3629 3383">
    <p class='ocr_par' dir='ltr' id='par_1_79' title="bbox 2050 3312 3629 3383">
     <span class='ocr_line' id='line_1_79' title="bbox 2050 3312 3629 3383; baseline 0 -16"><span class='ocrx_word' id='word_1_556' title='bbox 2050 3313 2295 3367; x_wconf 87' lang='lat' dir='ltr'><strong>formans</strong></span> <span class='ocrx_word' id='word_1_557' title='bbox 2326 3313 2612 3377; x_wconf 86' lang='lat' dir='ltr'><strong>doctores,</strong></span> <span class='ocrx_word' id='word_1_558' title='bbox 2639 3312 3146 3383; x_wconf 83' lang='lat' dir='ltr'><strong>itnperfectioribus</strong></span> <span class='ocrx_word' id='word_1_559' title='bbox 3175 3313 3394 3383; x_wconf 85' lang='lat' dir='ltr'><strong>quidem</strong></span> <span class='ocrx_word' id='word_1_560' title='bbox 3430 3312 3629 3383; x_wconf 61' lang='lat' dir='ltr'><strong>prafe-</strong></span> 
     </span>
    </p>
   </div>
   <div class='ocr_carea' id='block_1_80' title="bbox 2042 3407 3634 3478">
    <p class='ocr_par' dir='ltr' id='par_1_80' title="bbox 2042 3407 3634 3478">
     <span class='ocr_line' id='line_1_80' title="bbox 2042 3407 3634 3478; baseline 0.001 -16"><span class='ocrx_word' id='word_1_561' title='bbox 2042 3408 2122 3462; x_wconf 84' lang='lat' dir='ltr'><strong>cit</strong></span> <span class='ocrx_word' id='word_1_562' title='bbox 2148 3407 2365 3463; x_wconf 80' lang='lat' dir='ltr'><strong>cautela</strong></span> <span class='ocrx_word' id='word_1_563' title='bbox 2399 3422 2552 3471; x_wconf 88' lang='lat' dir='ltr'><strong>usos,</strong></span> <span class='ocrx_word' id='word_1_564' title='bbox 2579 3408 2929 3463; x_wconf 80' lang='lat' dir='ltr'><strong>eminentiori</strong></span> <span class='ocrx_word' id='word_1_565' title='bbox 2962 3418 3145 3462; x_wconf 87' lang='lat' dir='ltr'><strong>autem</strong></span> <span class='ocrx_word' id='word_1_566' title='bbox 3176 3408 3455 3463; x_wconf 79' lang='lat' dir='ltr'><strong>intellectu</strong></span> <span class='ocrx_word' id='word_1_567' title='bbox 3487 3423 3634 3478; x_wconf 72' lang='lat' dir='ltr'><strong>pra:-</strong></span> 
     </span>
    </p>
   </div>
   <div class='ocr_carea' id='block_1_81' title="bbox 2047 3498 3627 3556">
    <p class='ocr_par' dir='ltr' id='par_1_81' title="bbox 2047 3498 3627 3556">
     <span class='ocr_line' id='line_1_81' title="bbox 2047 3498 3627 3556; baseline 0 -2"><span class='ocrx_word' id='word_1_568' title='bbox 2047 3499 2175 3555; x_wconf 84' lang='lat' dir='ltr'><strong>ditis</strong></span> <span class='ocrx_word' id='word_1_569' title='bbox 2234 3499 2385 3554; x_wconf 88' lang='lat' dir='ltr'><strong>dedit</strong></span> <span class='ocrx_word' id='word_1_570' title='bbox 2433 3501 2809 3556; x_wconf 71' lang='lat' dir='ltr'><strong>confidentius</strong></span> <span class='ocrx_word' id='word_1_571' title='bbox 2852 3500 3089 3555; x_wconf 75' lang='lat' dir='ltr'><strong>loculos.</strong></span> <span class='ocrx_word' id='word_1_572' title='bbox 3144 3498 3210 3554; x_wconf 83' lang='lat' dir='ltr'><strong>Et</strong></span> <span class='ocrx_word' id='word_1_573' title='bbox 3256 3501 3627 3555; x_wconf 86' lang='lat' dir='ltr'><strong>necessariam</strong></span> 
     </span>
    </p>
   </div>
   <div class='ocr_carea' id='block_1_82' title="bbox 2044 3590 3630 3661">
    <p class='ocr_par' dir='ltr' id='par_1_82' title="bbox 2044 3590 3630 3661">
     <span class='ocr_line' id='line_1_82' title="bbox 2044 3590 3630 3661; baseline 0.002 -18"><span class='ocrx_word' id='word_1_574' title='bbox 2044 3590 2268 3660; x_wconf 88' lang='lat' dir='ltr'><strong>quidem</strong></span> <span class='ocrx_word' id='word_1_575' title='bbox 2295 3605 2394 3661; x_wconf 76' lang='lat' dir='ltr'><strong>per</strong></span> <span class='ocrx_word' id='word_1_576' title='bbox 2418 3604 2614 3646; x_wconf 88' lang='lat' dir='ltr'><strong>omnes</strong></span> <span class='ocrx_word' id='word_1_577' title='bbox 2636 3605 2792 3661; x_wconf 65' lang='lat' dir='ltr'><strong>atque</strong></span> <span class='ocrx_word' id='word_1_578' title='bbox 2823 3591 2982 3645; x_wconf 84' lang='lat' dir='ltr'><strong>docet</strong></span> <span class='ocrx_word' id='word_1_579' title='bbox 3017 3590 3322 3657; x_wconf 85' lang='lat' dir='ltr'><strong>veritatem,</strong></span> <span class='ocrx_word' id='word_1_580' title='bbox 3358 3607 3462 3659; x_wconf 88' lang='lat' dir='ltr'><strong>qua</strong></span> <span class='ocrx_word' id='word_1_581' title='bbox 3496 3591 3630 3647; x_wconf 84' lang='lat' dir='ltr'><strong>fides</strong></span> 
     </span>
    </p>
   </div>
   <div class='ocr_carea' id='block_1_83' title="bbox 2050 3682 3633 3753">
    <p class='ocr_par' dir='ltr' id='par_1_83' title="bbox 2050 3682 3633 3753">
     <span class='ocr_line' id='line_1_83' title="bbox 2050 3682 3633 3753; baseline 0.001 -16"><span class='ocrx_word' id='word_1_582' title='bbox 2050 3683 2247 3738; x_wconf 87' lang='lat' dir='ltr'><strong>imbuit</strong></span> <span class='ocrx_word' id='word_1_583' title='bbox 2280 3682 2615 3738; x_wconf 83' lang='lat' dir='ltr'><strong>salvandos:</strong></span> <span class='ocrx_word' id='word_1_584' title='bbox 2649 3683 2694 3739; x_wconf 90' lang='lat' dir='ltr'><strong>si</strong></span> <span class='ocrx_word' id='word_1_585' title='bbox 2729 3684 2859 3753; x_wconf 90' lang='lat' dir='ltr'><strong>quis</strong></span> <span class='ocrx_word' id='word_1_586' title='bbox 2894 3697 3028 3740; x_wconf 89' lang='lat' dir='ltr'><strong>vero</strong></span> <span class='ocrx_word' id='word_1_587' title='bbox 3068 3683 3261 3751; x_wconf 67' lang='lat' dir='ltr'><strong>majori</strong></span> <span class='ocrx_word' id='word_1_588' title='bbox 3309 3682 3507 3752; x_wconf 87' lang='lat' dir='ltr'><strong>polleat</strong></span> <span class='ocrx_word' id='word_1_589' title='bbox 3546 3683 3633 3739; x_wconf 81' lang='lat' dir='ltr'><strong>ia-</strong></span> 
     </span>
    </p>
   </div>
   <div class='ocr_carea' id='block_1_84' title="bbox 2049 3775 3639 3846">
    <p class='ocr_par' dir='ltr' id='par_1_84' title="bbox 2049 3775 3639 3846">
     <span class='ocr_line' id='line_1_84' title="bbox 2049 3775 3639 3846; baseline 0.004 -18"><span class='ocrx_word' id='word_1_590' title='bbox 2049 3776 2191 3846; x_wconf 81' lang='lat' dir='ltr'><strong>genii</strong></span> <span class='ocrx_word' id='word_1_591' title='bbox 2236 3775 2512 3842; x_wconf 78' lang='lat' dir='ltr'><strong>acumine,</strong></span> <span class='ocrx_word' id='word_1_592' title='bbox 2559 3791 2659 3830; x_wconf 84' lang='lat' dir='ltr'><strong>nec</strong></span> <span class='ocrx_word' id='word_1_593' title='bbox 2695 3777 2938 3846; x_wconf 87' lang='lat' dir='ltr'><strong>pericula</strong></span> <span class='ocrx_word' id='word_1_594' title='bbox 2977 3775 3252 3843; x_wconf 86' lang='lat' dir='ltr'><strong>formidet,</strong></span> <span class='ocrx_word' id='word_1_595' title='bbox 3288 3779 3436 3833; x_wconf 92' lang='lat' dir='ltr'><strong>hunc</strong></span> <span class='ocrx_word' id='word_1_596' title='bbox 3468 3793 3499 3832; x_wconf 89' lang='lat' dir='ltr'><strong>a</strong></span> <span class='ocrx_word' id='word_1_597' title='bbox 3541 3794 3639 3834; x_wconf 81' lang='lat' dir='ltr'><strong>su-</strong></span> 
     </span>
    </p>
   </div>
   <div class='ocr_carea' id='block_1_85' title="bbox 2048 3866 3637 3939">
    <p class='ocr_par' dir='ltr' id='par_1_85' title="bbox 2048 3866 3637 3939">
     <span class='ocr_line' id='line_1_85' title="bbox 2048 3866 3637 3939; baseline 0.002 -17"><span class='ocrx_word' id='word_1_598' title='bbox 2048 3866 2673 3939; x_wconf 84' lang='lat' dir='ltr'><strong>hlitnioraintelligenda</strong></span> <span class='ocrx_word' id='word_1_599' title='bbox 2698 3868 2901 3934; x_wconf 86' lang='lat' dir='ltr'><strong>evehit,</strong></span> <span class='ocrx_word' id='word_1_600' title='bbox 2938 3876 2994 3924; x_wconf 84' lang='lat' dir='ltr'><strong>et</strong></span> <span class='ocrx_word' id='word_1_601' title='bbox 3029 3868 3299 3925; x_wconf 78' lang='lat' dir='ltr'><strong>satisfacit</strong></span> <span class='ocrx_word' id='word_1_602' title='bbox 3322 3868 3441 3939; x_wconf 81' lang='lat' dir='ltr'><strong>ejus</strong></span> <span class='ocrx_word' id='word_1_603' title='bbox 3483 3870 3637 3926; x_wconf 85' lang='lat' dir='ltr'><strong>desi-</strong></span> 
     </span>
    </p>
   </div>
   <div class='ocr_carea' id='block_1_86' title="bbox 2047 3957 3637 4034">
    <p class='ocr_par' dir='ltr' id='par_1_86' title="bbox 2047 3957 3637 4034">
     <span class='ocr_line' id='line_1_86' title="bbox 2047 3957 3637 4034; baseline 0.004 -21"><span class='ocrx_word' id='word_1_604' title='bbox 2047 3957 2200 4013; x_wconf 91' lang='lat' dir='ltr'><strong>derio</strong></span> <span class='ocrx_word' id='word_1_605' title='bbox 2229 3972 2325 4027; x_wconf 90' lang='lat' dir='ltr'><strong>per</strong></span> <span class='ocrx_word' id='word_1_606' title='bbox 2356 3972 2453 4015; x_wconf 91' lang='lat' dir='ltr'><strong>eos</strong></span> <span class='ocrx_word' id='word_1_607' title='bbox 2473 3975 2618 4030; x_wconf 90' lang='lat' dir='ltr'><strong>quos</strong></span> <span class='ocrx_word' id='word_1_608' title='bbox 2646 3961 2712 4015; x_wconf 88' lang='lat' dir='ltr'><strong>ad</strong></span> <span class='ocrx_word' id='word_1_609' title='bbox 2746 3960 2859 4016; x_wconf 66' lang='lat' dir='ltr'><strong>haec</strong></span> <span class='ocrx_word' id='word_1_610' title='bbox 2897 3962 3250 4032; x_wconf 76' lang='lat' dir='ltr'><strong>peculiariter</strong></span> <span class='ocrx_word' id='word_1_611' title='bbox 3303 3966 3637 4034; x_wconf 63' lang='lat' dir='ltr'><strong>praeparavit</strong></span> 
     </span>
    </p>
   </div>
   <div class='ocr_carea' id='block_1_87' title="bbox 2049 4049 3639 4126">
    <p class='ocr_par' dir='ltr' id='par_1_87' title="bbox 2049 4049 3639 4126">
     <span class='ocr_line' id='line_1_87' title="bbox 2049 4049 3639 4126; baseline 0.006 -23"><span class='ocrx_word' id='word_1_612' title='bbox 2049 4049 2433 4107; x_wconf 89' lang='lat' dir='ltr'><strong>administros.</strong></span> <span class='ocrx_word' id='word_1_613' title='bbox 2472 4050 2655 4117; x_wconf 86' lang='lat' dir='ltr'><strong>Qua-re</strong></span> <span class='ocrx_word' id='word_1_614' title='bbox 2683 4051 2728 4108; x_wconf 86' lang='lat' dir='ltr'><strong>si</strong></span> <span class='ocrx_word' id='word_1_615' title='bbox 2763 4065 3079 4110; x_wconf 84' lang='lat' dir='ltr'><strong>sanctorum</strong></span> <span class='ocrx_word' id='word_1_616' title='bbox 3103 4055 3241 4111; x_wconf 89' lang='lat' dir='ltr'><strong>alios</strong></span> <span class='ocrx_word' id='word_1_617' title='bbox 3268 4056 3487 4126; x_wconf 88' lang='lat' dir='ltr'><strong>quidem</strong></span> <span class='ocrx_word' id='word_1_618' title='bbox 3516 4058 3639 4112; x_wconf 83' lang='lat' dir='ltr'><strong>lau-</strong></span> 
     </span>
    </p>
   </div>
   <div class='ocr_carea' id='block_1_88' title="bbox 2048 4144 3634 4219">
    <p class='ocr_par' dir='ltr' id='par_1_88' title="bbox 2048 4144 3634 4219">
     <span class='ocr_line' id='line_1_88' title="bbox 2048 4144 3634 4219; baseline 0.004 -19"><span class='ocrx_word' id='word_1_619' title='bbox 2048 4144 2325 4210; x_wconf 89' lang='lat' dir='ltr'><strong>dabimus,</strong></span> <span class='ocrx_word' id='word_1_620' title='bbox 2360 4145 2501 4201; x_wconf 83' lang='lat' dir='ltr'><strong>alios</strong></span> <span class='ocrx_word' id='word_1_621' title='bbox 2528 4154 2709 4201; x_wconf 88' lang='lat' dir='ltr'><strong>autem</strong></span> <span class='ocrx_word' id='word_1_622' title='bbox 2746 4148 3234 4218; x_wconf 81' lang='lat' dir='ltr'><strong>reprehendemus,</strong></span> <span class='ocrx_word' id='word_1_623' title='bbox 3264 4150 3409 4219; x_wconf 92' lang='lat' dir='ltr'><strong>quod</strong></span> <span class='ocrx_word' id='word_1_624' title='bbox 3443 4160 3634 4207; x_wconf 82' lang='lat' dir='ltr'><strong>tacue-</strong></span> 
     </span>
    </p>
   </div>
   <div class='ocr_carea' id='block_1_89' title="bbox 2051 4236 3639 4311">
    <p class='ocr_par' dir='ltr' id='par_1_89' title="bbox 2051 4236 3639 4311">
     <span class='ocr_line' id='line_1_89' title="bbox 2051 4236 3639 4311; baseline 0.003 -19"><span class='ocrx_word' id='word_1_625' title='bbox 2051 4238 2160 4292; x_wconf 93' lang='lat' dir='ltr'><strong>rint</strong></span> <span class='ocrx_word' id='word_1_626' title='bbox 2193 4236 2635 4307; x_wconf 78' lang='lat' dir='ltr'><strong>expresserintve</strong></span> <span class='ocrx_word' id='word_1_627' title='bbox 2663 4238 2895 4308; x_wconf 82' lang='lat' dir='ltr'><strong>aliquid,</strong></span> <span class='ocrx_word' id='word_1_628' title='bbox 2927 4250 2983 4295; x_wconf 89' lang='lat' dir='ltr'><strong>et</strong></span> <span class='ocrx_word' id='word_1_629' title='bbox 3044 4240 3144 4295; x_wconf 92' lang='lat' dir='ltr'><strong>bos</strong></span> <span class='ocrx_word' id='word_1_630' title='bbox 3180 4240 3399 4310; x_wconf 87' lang='lat' dir='ltr'><strong>quidetn</strong></span> <span class='ocrx_word' id='word_1_631' title='bbox 3439 4243 3639 4311; x_wconf 83' lang='lat' dir='ltr'><strong>proha-</strong></span> 
     </span>
    </p>
   </div>
   <div class='ocr_carea' id='block_1_90' title="bbox 2048 4326 3636 4403">
    <p class='ocr_par' dir='ltr' id='par_1_90' title="bbox 2048 4326 3636 4403">
     <span class='ocr_line' id='line_1_90' title="bbox 2048 4326 3636 4403; baseline 0.004 -22"><span class='ocrx_word' id='word_1_632' title='bbox 2048 4326 2252 4391; x_wconf 81' lang='lat' dir='ltr'><strong>bimus,</strong></span> <span class='ocrx_word' id='word_1_633' title='bbox 2308 4328 2447 4383; x_wconf 91' lang='lat' dir='ltr'><strong>alios</strong></span> <span class='ocrx_word' id='word_1_634' title='bbox 2477 4343 2630 4395; x_wconf 85' lang='lat' dir='ltr'><strong>vero,</strong></span> <span class='ocrx_word' id='word_1_635' title='bbox 2661 4331 2805 4399; x_wconf 89' lang='lat' dir='ltr'><strong>quod</strong></span> <span class='ocrx_word' id='word_1_636' title='bbox 2838 4346 2949 4384; x_wconf 90' lang='lat' dir='ltr'><strong>non</strong></span> <span class='ocrx_word' id='word_1_637' title='bbox 2986 4332 3095 4385; x_wconf 88' lang='lat' dir='ltr'><strong>sint</strong></span> <span class='ocrx_word' id='word_1_638' title='bbox 3125 4333 3285 4388; x_wconf 90' lang='lat' dir='ltr'><strong>nobis</strong></span> <span class='ocrx_word' id='word_1_639' title='bbox 3317 4333 3459 4399; x_wconf 87' lang='lat' dir='ltr'><strong>usui,</strong></span> <span class='ocrx_word' id='word_1_640' title='bbox 3507 4333 3636 4403; x_wconf 86' lang='lat' dir='ltr'><strong>reji-</strong></span> 
     </span>
    </p>
   </div>
   <div class='ocr_carea' id='block_1_91' title="bbox 2050 4420 3743 4495">
    <p class='ocr_par' dir='ltr' id='par_1_91' title="bbox 2050 4420 3743 4495">
     <span class='ocr_line' id='line_1_91' title="bbox 2050 4420 3743 4495; baseline 0.002 -20"><span class='ocrx_word' id='word_1_641' title='bbox 2050 4420 2259 4475; x_wconf 90' lang='lat' dir='ltr'><strong>ciemus</strong></span> <span class='ocrx_word' id='word_1_642' title='bbox 2298 4436 2312 4471; x_wconf 87' lang='lat'>:</span> <span class='ocrx_word' id='word_1_643' title='bbox 2366 4421 2530 4476; x_wconf 89' lang='lat' dir='ltr'><strong>liceat</strong></span> <span class='ocrx_word' id='word_1_644' title='bbox 2564 4424 2678 4476; x_wconf 74' lang='lat' dir='ltr'><strong>lucc</strong></span> <span class='ocrx_word' id='word_1_645' title='bbox 2708 4423 2899 4477; x_wconf 89' lang='lat' dir='ltr'><strong>eadem</strong></span> <span class='ocrx_word' id='word_1_646' title='bbox 2934 4425 3136 4478; x_wconf 83' lang='lat' dir='ltr'><strong>audere</strong></span> <span class='ocrx_word' id='word_1_647' title='bbox 3195 4434 3388 4479; x_wconf 86' lang='lat' dir='ltr'><strong>contra</strong></span> <span class='ocrx_word' id='word_1_648' title='bbox 3451 4426 3633 4495; x_wconf 89' lang='lat' dir='ltr'><strong>ipsum</strong></span> <span class='ocrx_word' id='word_1_649' title='bbox 3729 4421 3743 4434; x_wconf 67' lang='grc'><em>“</em></span> 
     </span>
    </p>
   </div>
   <div class='ocr_carea' id='block_1_92' title="bbox 359 4510 1945 4589">
    <p class='ocr_par' dir='ltr' id='par_1_92' title="bbox 359 4512 1945 4589">
     <span class='ocr_line' id='line_1_92' title="bbox 359 4512 1945 4589; baseline 0 -18"><span class='ocrx_word' id='word_1_650' title='bbox 359 4519 448 4586; x_wconf 75' lang='grc' dir='ltr'><strong>ἐφ’</strong></span> <span class='ocrx_word' id='word_1_651' title='bbox 504 4517 739 4570; x_wconf 78' lang='grc' dir='ltr'>ἑκάστου</span> <span class='ocrx_word' id='word_1_652' title='bbox 797 4517 1147 4587; x_wconf 75' lang='grc' dir='ltr'>χρησάμενον</span> <span class='ocrx_word' id='word_1_653' title='bbox 1204 4512 1506 4583; x_wconf 59' lang='grc' dir='ltr'><strong>⁵φαίνεται,</strong></span> <span class='ocrx_word' id='word_1_654' title='bbox 1568 4518 1661 4571; x_wconf 67' lang='grc' dir='ltr'><strong>καὶ</strong></span> <span class='ocrx_word' id='word_1_655' title='bbox 1727 4518 1796 4571; x_wconf 84' lang='grc' dir='ltr'>τὰ</span> <span class='ocrx_word' id='word_1_656' title='bbox 1854 4518 1945 4589; x_wconf 73' lang='grc' dir='ltr'>μὲν</span> 
     </span>
    </p>
   </div>
   <div class='ocr_carea' id='block_1_93' title="bbox 2046 4510 3637 4589">
    <p class='ocr_par' dir='ltr' id='par_1_93' title="bbox 2061 4510 3637 4582">
     <span class='ocr_line' id='line_1_93' title="bbox 2061 4510 3637 4582; baseline 0.003 -16"><span class='ocrx_word' id='word_1_657' title='bbox 2061 4510 2354 4581; x_wconf 83' lang='lat' dir='ltr'><strong>Spiritum,</strong></span> <span class='ocrx_word' id='word_1_658' title='bbox 2388 4527 2498 4566; x_wconf 91' lang='lat' dir='ltr'><strong>non</strong></span> <span class='ocrx_word' id='word_1_659' title='bbox 2542 4514 2723 4567; x_wconf 82' lang='lat' dir='ltr'><strong>solum</strong></span> <span class='ocrx_word' id='word_1_660' title='bbox 2752 4515 2879 4582; x_wconf 83' lang='lat' dir='ltr'><strong>quia</strong></span> <span class='ocrx_word' id='word_1_661' title='bbox 2919 4515 2969 4569; x_wconf 88' lang='lat' dir='ltr'><strong>is</strong></span> <span class='ocrx_word' id='word_1_662' title='bbox 3001 4515 3164 4568; x_wconf 85' lang='lat' dir='ltr'><strong>fuerit</strong></span> <span class='ocrx_word' id='word_1_663' title='bbox 3200 4524 3409 4580; x_wconf 85' lang='lat' dir='ltr'><strong>auctor,</strong></span> <span class='ocrx_word' id='word_1_664' title='bbox 3447 4530 3547 4570; x_wconf 92' lang='lat' dir='ltr'><strong>cur</strong></span> <span class='ocrx_word' id='word_1_665' title='bbox 3582 4518 3637 4571; x_wconf 87' lang='lat' dir='ltr'><strong>hi</strong></span> 
     </span>
    </p>
   </div>
   <div class='ocr_carea' id='block_1_94' title="bbox 359 4602 1949 4679">
    <p class='ocr_par' dir='ltr' id='par_1_94' title="bbox 359 4602 1949 4679">
     <span class='ocr_line' id='line_1_94' title="bbox 359 4602 1949 4679; baseline 0.001 -18"><span class='ocrx_word' id='word_1_666' title='bbox 359 4610 597 4679; x_wconf 75' lang='grc' dir='ltr'>σιγῆσαν</span> <span class='ocrx_word' id='word_1_667' title='bbox 621 4610 688 4661; x_wconf 75' lang='grc' dir='ltr'>τὰ</span> <span class='ocrx_word' id='word_1_668' title='bbox 728 4609 776 4662; x_wconf 83' lang='grc' dir='ltr'>δ’</span> <span class='ocrx_word' id='word_1_669' title='bbox 806 4608 1028 4677; x_wconf 71' lang='grc' dir='ltr'>είρηκδς</span> <span class='ocrx_word' id='word_1_670' title='bbox 1062 4607 1149 4659; x_wconf 79' lang='grc' dir='ltr'><strong>διὰ</strong></span> <span class='ocrx_word' id='word_1_671' title='bbox 1190 4607 1300 4659; x_wconf 84' lang='grc' dir='ltr'><strong>τῶν</strong></span> <span class='ocrx_word' id='word_1_672' title='bbox 1344 4607 1709 4671; x_wconf 81' lang='grc' dir='ltr'>διδασκάλων,</span> <span class='ocrx_word' id='word_1_673' title='bbox 1742 4602 1825 4672; x_wconf 73' lang='grc' dir='ltr'><strong>οἷς</strong></span> <span class='ocrx_word' id='word_1_674' title='bbox 1859 4610 1949 4662; x_wconf 84' lang='grc' dir='ltr'><strong>τὸν</strong></span> 
     </span>
    </p>
   </div>
   <div class='ocr_carea' id='block_1_95' title="bbox 359 4696 1946 4769">
    <p class='ocr_par' dir='ltr' id='par_1_95' title="bbox 359 4696 1946 4769">
     <span class='ocr_line' id='line_1_95' title="bbox 359 4696 1946 4769; baseline 0 -17"><span class='ocrx_word' id='word_1_675' title='bbox 359 4699 458 4769; x_wconf 81' lang='grc' dir='ltr'>τῆς</span> <span class='ocrx_word' id='word_1_676' title='bbox 494 4696 754 4767; x_wconf 71' lang='grc' dir='ltr'>ἀληθείας</span> <span class='ocrx_word' id='word_1_677' title='bbox 783 4697 942 4765; x_wconf 87' lang='grc' dir='ltr'>λόγον</span> <span class='ocrx_word' id='word_1_678' title='bbox 993 4697 1230 4749; x_wconf 83' lang='grc' dir='ltr'>ἐνέπνει.</span> <span class='ocrx_word' id='word_1_679' title='bbox 1265 4696 1331 4750; x_wconf 84' lang='grc' dir='ltr'><strong>Εἰ</strong></span> <span class='ocrx_word' id='word_1_680' title='bbox 1363 4696 1407 4749; x_wconf 80' lang='grc' dir='ltr'>δ’</span> <span class='ocrx_word' id='word_1_681' title='bbox 1440 4696 1497 4750; x_wconf 86' lang='grc' dir='ltr'><strong>ἐν</strong></span> <span class='ocrx_word' id='word_1_682' title='bbox 1538 4699 1690 4750; x_wconf 86' lang='grc' dir='ltr'>ἐστιν</span> <span class='ocrx_word' id='word_1_683' title='bbox 1742 4700 1946 4764; x_wconf 88' lang='grc' dir='ltr'>ἐκεῖνο,</span> 
     </span>
    </p>
   </div>
   <div class='ocr_carea' id='block_1_96' title="bbox 362 4789 1950 4861">
    <p class='ocr_par' dir='ltr' id='par_1_96' title="bbox 362 4789 1950 4861">
     <span class='ocr_line' id='line_1_96' title="bbox 362 4789 1950 4861; baseline 0.001 -19"><span class='ocrx_word' id='word_1_684' title='bbox 362 4790 460 4845; x_wconf 69' lang='grc' dir='ltr'><strong>καὶ</strong></span> <span class='ocrx_word' id='word_1_685' title='bbox 489 4790 755 4861; x_wconf 77' lang='grc' dir='ltr'>ἀληθείας</span> <span class='ocrx_word' id='word_1_686' title='bbox 784 4789 1022 4858; x_wconf 74' lang='grc' dir='ltr'>Πνεῦμα</span> <span class='ocrx_word' id='word_1_687' title='bbox 1058 4789 1401 4856; x_wconf 83' lang='grc' dir='ltr'>πιστεύεται,</span> <span class='ocrx_word' id='word_1_688' title='bbox 1428 4790 1521 4844; x_wconf 74' lang='grc' dir='ltr'>καὶ</span> <span class='ocrx_word' id='word_1_689' title='bbox 1555 4792 1720 4844; x_wconf 83' lang='grc' dir='ltr'>πᾶσιν</span> <span class='ocrx_word' id='word_1_690' title='bbox 1747 4791 1950 4858; x_wconf 83' lang='grc' dir='ltr'>ὁμοίως</span> 
     </span>
    </p>
   </div>
   <div class='ocr_carea' id='block_1_97' title="bbox 362 4882 1950 4954">
    <p class='ocr_par' dir='ltr' id='par_1_97' title="bbox 362 4882 1950 4954">
     <span class='ocr_line' id='line_1_97' title="bbox 362 4882 1950 4954; baseline 0 -17"><span class='ocrx_word' id='word_1_691' title='bbox 362 4883 646 4954; x_wconf 85' lang='grc' dir='ltr'>εὐεργετεῖ</span> <span class='ocrx_word' id='word_1_692' title='bbox 668 4883 794 4944; x_wconf 78' lang='grc' dir='ltr'>τοὺς</span> <span class='ocrx_word' id='word_1_693' title='bbox 827 4882 1178 4953; x_wconf 81' lang='grc' dir='ltr'>ἀνθρώπους,</span> <span class='ocrx_word' id='word_1_694' title='bbox 1215 4882 1337 4935; x_wconf 81' lang='grc' dir='ltr'><strong>οὐδέ</strong></span> <span class='ocrx_word' id='word_1_695' title='bbox 1367 4884 1432 4936; x_wconf 76' lang='grc' dir='ltr'>τὰ</span> <span class='ocrx_word' id='word_1_696' title='bbox 1468 4883 1580 4936; x_wconf 88' lang='grc' dir='ltr'><strong>τῶν</strong></span> <span class='ocrx_word' id='word_1_697' title='bbox 1610 4883 1950 4938; x_wconf 80' lang='grc' dir='ltr'>διδασκάλων</span> 
     </span>
    </p>
   </div>
   <div class='ocr_carea' id='block_1_98' title="bbox 364 4972 1948 5044">
    <p class='ocr_par' dir='ltr' id='par_1_98' title="bbox 364 4972 1948 5044">
     <span class='ocr_line' id='line_1_98' title="bbox 364 4972 1948 5044; baseline -0.001 -15"><span class='ocrx_word' id='word_1_698' title='bbox 364 4974 542 5037; x_wconf 78' lang='grc' dir='ltr'>ἄλλως</span> <span class='ocrx_word' id='word_1_699' title='bbox 574 4974 719 5043; x_wconf 71' lang='grc' dir='ltr'>ἔχειν</span> <span class='ocrx_word' id='word_1_700' title='bbox 749 4973 955 5027; x_wconf 75' lang='grc' dir='ltr'>οἴεσθαι</span> <span class='ocrx_word' id='word_1_701' title='bbox 983 4975 1108 5044; x_wconf 88' lang='grc' dir='ltr'>χρή.</span> <span class='ocrx_word' id='word_1_702' title='bbox 1150 4972 1288 5026; x_wconf 84' lang='grc' dir='ltr'>Ἀλλ’</span> <span class='ocrx_word' id='word_1_703' title='bbox 1323 4972 1408 5025; x_wconf 78' lang='grc' dir='ltr'>ἵνα</span> <span class='ocrx_word' id='word_1_704' title='bbox 1460 4973 1535 5044; x_wconf 85' lang='grc' dir='ltr'>μὴ</span> <span class='ocrx_word' id='word_1_705' title='bbox 1570 4974 1741 5026; x_wconf 74' lang='grc' dir='ltr'>πολλὰ</span> <span class='ocrx_word' id='word_1_706' title='bbox 1770 4975 1948 5042; x_wconf 83' lang='grc' dir='ltr'>λέγων</span> 
     </span>
    </p>
   </div>
   <div class='ocr_carea' id='block_1_99' title="bbox 365 5064 1948 5137">
    <p class='ocr_par' dir='ltr' id='par_1_99' title="bbox 365 5064 1948 5137">
     <span class='ocr_line' id='line_1_99' title="bbox 365 5064 1948 5137; baseline -0.001 -18"><span class='ocrx_word' id='word_1_707' title='bbox 365 5067 497 5137; x_wconf 79' lang='grc' dir='ltr'>ὑμῖν</span> <span class='ocrx_word' id='word_1_708' title='bbox 548 5065 770 5135; x_wconf 84' lang='grc' dir='ltr'>ἐνοχλῶ,</span> <span class='ocrx_word' id='word_1_709' title='bbox 821 5064 945 5118; x_wconf 78' lang='grc' dir='ltr'>ὅθεν</span> <span class='ocrx_word' id='word_1_710' title='bbox 1011 5068 1121 5119; x_wconf 88' lang='grc' dir='ltr'><strong>τῶν</strong></span> <span class='ocrx_word' id='word_1_711' title='bbox 1156 5064 1347 5133; x_wconf 79' lang='grc' dir='ltr'>’λόγων</span> <span class='ocrx_word' id='word_1_712' title='bbox 1400 5067 1609 5118; x_wconf 82' lang='grc' dir='ltr'>τούτων</span> <span class='ocrx_word' id='word_1_713' title='bbox 1666 5066 1948 5136; x_wconf 78' lang='grc' dir='ltr'>ἠρξάμην,</span> 
     </span>
    </p>
   </div>
   <div class='ocr_carea' id='block_1_100' title="bbox 364 5158 1953 5229">
    <p class='ocr_par' dir='ltr' id='par_1_100' title="bbox 364 5158 1953 5229">
     <span class='ocr_line' id='line_1_100' title="bbox 364 5158 1953 5229; baseline 0.001 -17"><span class='ocrx_word' id='word_1_714' title='bbox 364 5160 545 5213; x_wconf 79' lang='grc' dir='ltr'>ἐκεῖσε</span> <span class='ocrx_word' id='word_1_715' title='bbox 586 5158 749 5212; x_wconf 81' lang='grc' dir='ltr'>πάλιν</span> <span class='ocrx_word' id='word_1_716' title='bbox 793 5159 1074 5228; x_wconf 82' lang='grc' dir='ltr'>ἐπάνειμι.</span> <span class='ocrx_word' id='word_1_717' title='bbox 1108 5160 1171 5212; x_wconf 82' lang='lat' dir='ltr'><strong>Ei</strong></span> <span class='ocrx_word' id='word_1_718' title='bbox 1204 5159 1306 5228; x_wconf 84' lang='grc' dir='ltr'><strong>μὲν</strong></span> <span class='ocrx_word' id='word_1_719' title='bbox 1342 5159 1450 5228; x_wconf 88' lang='grc' dir='ltr'>γὰρ</span> <span class='ocrx_word' id='word_1_720' title='bbox 1497 5161 1753 5229; x_wconf 80' lang='grc' dir='ltr'>φανερῶς</span> <span class='ocrx_word' id='word_1_721' title='bbox 1799 5161 1953 5214; x_wconf 83' lang='grc' dir='ltr'>ἀντι-</span> 
     </span>
    </p>
   </div>
   <div class='ocr_carea' id='block_1_101' title="bbox 364 5249 1949 5321">
    <p class='ocr_par' dir='ltr' id='par_1_101' title="bbox 364 5249 1949 5321">
     <span class='ocr_line' id='line_1_101' title="bbox 364 5249 1949 5321; baseline 0 -16"><span class='ocrx_word' id='word_1_722' title='bbox 364 5249 666 5319; x_wconf 80' lang='grc' dir='ltr'>φάσκοντες</span> <span class='ocrx_word' id='word_1_723' title='bbox 716 5251 765 5303; x_wconf 83' lang='grc' dir='ltr'>οἱ</span> <span class='ocrx_word' id='word_1_724' title='bbox 797 5252 896 5321; x_wconf 81' lang='grc' dir='ltr'>τῆς</span> <span class='ocrx_word' id='word_1_725' title='bbox 936 5251 1263 5319; x_wconf 86' lang='grc' dir='ltr'>Ἑκκλησίας</span> <span class='ocrx_word' id='word_1_726' title='bbox 1315 5250 1571 5318; x_wconf 83' lang='grc' dir='ltr'>ἑωρῶντο</span> <span class='ocrx_word' id='word_1_727' title='bbox 1616 5249 1949 5319; x_wconf 79' lang='grc' dir='ltr'>διδάσκαλοι,</span> 
     </span>
    </p>
   </div>
   <div class='ocr_carea' id='block_1_102' title="bbox 365 5342 1948 5413">
    <p class='ocr_par' dir='ltr' id='par_1_102' title="bbox 365 5342 1948 5413">
     <span class='ocr_line' id='line_1_102' title="bbox 365 5342 1948 5413; baseline 0.001 -16"><span class='ocrx_word' id='word_1_728' title='bbox 365 5343 459 5397; x_wconf 64' lang='grc' dir='ltr'><strong>κοιλ⁵</strong></span> <span class='ocrx_word' id='word_1_729' title='bbox 507 5342 632 5413; x_wconf 86' lang='grc' dir='ltr'>δίχα</span> <span class='ocrx_word' id='word_1_730' title='bbox 679 5342 1046 5413; x_wconf 66' lang='grc' dir='ltr'>διαιρεθέντες</span> <span class='ocrx_word' id='word_1_731' title='bbox 1106 5345 1154 5396; x_wconf 76' lang='grc' dir='ltr'>οἱ</span> <span class='ocrx_word' id='word_1_732' title='bbox 1216 5342 1317 5413; x_wconf 80' lang='grc' dir='ltr'>μὲν</span> <span class='ocrx_word' id='word_1_733' title='bbox 1368 5342 1557 5412; x_wconf 81' lang='grc' dir='ltr'>ἔλεγον</span> <span class='ocrx_word' id='word_1_734' title='bbox 1610 5344 1711 5397; x_wconf 84' lang='grc' dir='ltr'><strong>ούκ</strong></span> <span class='ocrx_word' id='word_1_735' title='bbox 1760 5345 1825 5398; x_wconf 90' lang='grc' dir='ltr'><strong>ἐκ</strong></span> <span class='ocrx_word' id='word_1_736' title='bbox 1854 5344 1948 5398; x_wconf 81' lang='grc' dir='ltr'>τοῦ</span> 
     </span>
    </p>
   </div>
   <div class='ocr_carea' id='block_1_103' title="bbox 366 5434 1950 5507">
    <p class='ocr_par' dir='ltr' id='par_1_103' title="bbox 366 5434 1950 5507">
     <span class='ocr_line' id='line_1_103' title="bbox 366 5434 1950 5507; baseline 0.002 -18"><span class='ocrx_word' id='word_1_737' title='bbox 366 5434 501 5489; x_wconf 86' lang='grc' dir='ltr'><strong>Υὶοῦ</strong></span> <span class='ocrx_word' id='word_1_738' title='bbox 542 5436 793 5506; x_wconf 82' lang='grc' dir='ltr'>προϊέναι</span> <span class='ocrx_word' id='word_1_739' title='bbox 836 5435 898 5487; x_wconf 69' lang='grc' dir='ltr'>τὸ</span> <span class='ocrx_word' id='word_1_740' title='bbox 946 5434 1192 5504; x_wconf 73' lang='grc' dir='ltr'>Πνεῦμα,</span> <span class='ocrx_word' id='word_1_741' title='bbox 1226 5436 1274 5487; x_wconf 83' lang='grc' dir='ltr'>οἱ</span> <span class='ocrx_word' id='word_1_742' title='bbox 1304 5434 1361 5487; x_wconf 78' lang='grc' dir='ltr'>δὲ</span> <span class='ocrx_word' id='word_1_743' title='bbox 1393 5434 1554 5488; x_wconf 78' lang='grc' dir='ltr'>τοῦτο</span> <span class='ocrx_word' id='word_1_744' title='bbox 1603 5436 1950 5507; x_wconf 82' lang='grc' dir='ltr'>κατέφασκον</span> 
     </span>
    </p>
   </div>
   <div class='ocr_carea' id='block_1_104' title="bbox 365 5522 1951 5601">
    <p class='ocr_par' dir='ltr' id='par_1_104' title="bbox 365 5522 1951 5601">
     <span class='ocr_line' id='line_1_104' title="bbox 365 5522 1951 5601; baseline -0.003 -19"><span class='ocrx_word' id='word_1_745' title='bbox 365 5522 411 5598; x_wconf 82' lang='grc' dir='ltr'>ᾧ</span> <span class='ocrx_word' id='word_1_746' title='bbox 450 5527 547 5581; x_wconf 85' lang='grc' dir='ltr'>νῦν</span> <span class='ocrx_word' id='word_1_747' title='bbox 578 5527 795 5594; x_wconf 86' lang='grc' dir='ltr'>λέγουσι</span> <span class='ocrx_word' id='word_1_748' title='bbox 824 5526 1036 5597; x_wconf 82' lang='grc' dir='ltr'>τρόπῳ,</span> <span class='ocrx_word' id='word_1_749' title='bbox 1072 5527 1180 5578; x_wconf 83' lang='grc' dir='ltr'>ἔδει</span> <span class='ocrx_word' id='word_1_750' title='bbox 1210 5525 1307 5596; x_wconf 79' lang='grc' dir='ltr'><strong>τὴν</strong></span> <span class='ocrx_word' id='word_1_751' title='bbox 1339 5527 1437 5595; x_wconf 79' lang='grc' dir='ltr'>μὲν</span> <span class='ocrx_word' id='word_1_752' title='bbox 1462 5526 1754 5595; x_wconf 80' lang='grc' dir='ltr'>ἀντίφασιν</span> <span class='ocrx_word' id='word_1_753' title='bbox 1786 5530 1951 5601; x_wconf 84' lang='grc' dir='ltr'>μέχρι</span> 
     </span>
    </p>
   </div>
   <div class='ocr_carea' id='block_1_105' title="bbox 364 5615 1950 5690">
    <p class='ocr_par' dir='ltr' id='par_1_105' title="bbox 364 5615 1950 5690">
     <span class='ocr_line' id='line_1_105' title="bbox 364 5615 1950 5690; baseline -0.003 -13"><span class='ocrx_word' id='word_1_754' title='bbox 364 5622 473 5678; x_wconf 80' lang='grc' dir='ltr'><strong>τῶν</strong></span> <span class='ocrx_word' id='word_1_755' title='bbox 505 5620 679 5690; x_wconf 84' lang='grc' dir='ltr'>λόγων</span> <span class='ocrx_word' id='word_1_756' title='bbox 709 5615 849 5673; x_wconf 77' lang='grc' dir='ltr'>εἶναι</span> <span class='ocrx_word' id='word_1_757' title='bbox 896 5620 1219 5689; x_wconf 75' lang='grc' dir='ltr'>νομίζοντας</span> <span class='ocrx_word' id='word_1_758' title='bbox 1248 5619 1343 5671; x_wconf 74' lang='grc' dir='ltr'><strong>καὶ</strong></span> <span class='ocrx_word' id='word_1_759' title='bbox 1378 5621 1478 5688; x_wconf 79' lang='grc' dir='ltr'><strong>τὴν</strong></span> <span class='ocrx_word' id='word_1_760' title='bbox 1513 5619 1718 5689; x_wconf 84' lang='grc' dir='ltr'>μάχην,</span> <span class='ocrx_word' id='word_1_761' title='bbox 1751 5620 1863 5686; x_wconf 82' lang='grc' dir='ltr'>τοῖς</span> <span class='ocrx_word' id='word_1_762' title='bbox 1892 5620 1950 5673; x_wconf 81' lang='grc' dir='ltr'>δὲ</span> 
     </span>
    </p>
   </div>
   <div class='ocr_carea' id='block_1_106' title="bbox 366 5711 1950 5784">
    <p class='ocr_par' dir='ltr' id='par_1_106' title="bbox 366 5711 1950 5784">
     <span class='ocr_line' id='line_1_106' title="bbox 366 5711 1950 5784; baseline -0.001 -16"><span class='ocrx_word' id='word_1_763' title='bbox 366 5716 606 5784; x_wconf 80' lang='grc' dir='ltr'>νοήμασι</span> <span class='ocrx_word' id='word_1_764' title='bbox 662 5713 756 5767; x_wconf 73' lang='grc' dir='ltr'>καὶ</span> <span class='ocrx_word' id='word_1_765' title='bbox 809 5713 1018 5784; x_wconf 76' lang='grc' dir='ltr'>σφόδρα</span> <span class='ocrx_word' id='word_1_766' title='bbox 1079 5711 1349 5781; x_wconf 81' lang='grc' dir='ltr'>συνῆφθαι</span> <span class='ocrx_word' id='word_1_767' title='bbox 1414 5713 1639 5775; x_wconf 78' lang='grc' dir='ltr'>τούτους</span> <span class='ocrx_word' id='word_1_768' title='bbox 1700 5713 1950 5783; x_wconf 78' lang='grc' dir='ltr'>ἀλλήλοις</span> 
     </span>
    </p>
   </div>
   <div class='ocr_carea' id='block_1_107' title="bbox 369 5801 1951 5876">
    <p class='ocr_par' dir='ltr' id='par_1_107' title="bbox 369 5801 1951 5876">
     <span class='ocr_line' id='line_1_107' title="bbox 369 5801 1951 5876; baseline 0.002 -19"><span class='ocrx_word' id='word_1_769' title='bbox 369 5804 803 5876; x_wconf 75' lang='grc' dir='ltr'>ὑποτιθεμένοις,</span> <span class='ocrx_word' id='word_1_770' title='bbox 854 5801 1151 5876; x_wconf 71' lang='grc' dir='ltr'>πειρᾶπθαι</span> <span class='ocrx_word' id='word_1_771' title='bbox 1219 5803 1317 5872; x_wconf 81' lang='grc' dir='ltr'>τῆς</span> <span class='ocrx_word' id='word_1_772' title='bbox 1394 5805 1452 5856; x_wconf 90' lang='grc' dir='ltr'><strong>ἐν</strong></span> <span class='ocrx_word' id='word_1_773' title='bbox 1528 5804 1641 5867; x_wconf 80' lang='grc' dir='ltr'>τοῖς</span> <span class='ocrx_word' id='word_1_774' title='bbox 1706 5803 1951 5873; x_wconf 75' lang='grc' dir='ltr'>ῥήμασιν</span> 
     </span>
    </p>
   </div>
   <div class='ocr_carea' id='block_1_108' title="bbox 2056 4601 3634 4672">
    <p class='ocr_par' dir='ltr' id='par_1_108' title="bbox 2056 4601 3634 4672">
     <span class='ocr_line' id='line_1_108' title="bbox 2056 4601 3634 4672; baseline 0.003 -17"><span class='ocrx_word' id='word_1_775' title='bbox 2056 4601 2349 4665; x_wconf 84' lang='lat' dir='ltr'><strong>tacuerint,</strong></span> <span class='ocrx_word' id='word_1_776' title='bbox 2407 4601 2484 4654; x_wconf 91' lang='lat' dir='ltr'><strong>illi</strong></span> <span class='ocrx_word' id='word_1_777' title='bbox 2530 4603 2925 4672; x_wconf 77' lang='lat' dir='ltr'><strong>expresserim,</strong></span> <span class='ocrx_word' id='word_1_778' title='bbox 2972 4620 3081 4670; x_wconf 91' lang='lat' dir='ltr'><strong>quo</strong></span> <span class='ocrx_word' id='word_1_779' title='bbox 3115 4603 3171 4656; x_wconf 84' lang='lat' dir='ltr'><strong>fit</strong></span> <span class='ocrx_word' id='word_1_780' title='bbox 3209 4613 3266 4658; x_wconf 91' lang='lat' dir='ltr'><strong>ut</strong></span> <span class='ocrx_word' id='word_1_781' title='bbox 3321 4607 3634 4660; x_wconf 85' lang='lat' dir='ltr'><strong>necessario</strong></span> 
     </span>
    </p>
   </div>
   <div class='ocr_carea' id='block_1_109' title="bbox 2052 4692 3636 4766">
    <p class='ocr_par' dir='ltr' id='par_1_109' title="bbox 2052 4692 3636 4766">
     <span class='ocr_line' id='line_1_109' title="bbox 2052 4692 3636 4766; baseline 0.004 -19"><span class='ocrx_word' id='word_1_782' title='bbox 2052 4701 2109 4747; x_wconf 89' lang='lat' dir='ltr'><strong>et</strong></span> <span class='ocrx_word' id='word_1_783' title='bbox 2163 4692 2280 4761; x_wconf 79' lang='lat' dir='ltr'><strong>ipse</strong></span> <span class='ocrx_word' id='word_1_784' title='bbox 2336 4692 2625 4762; x_wconf 89' lang='lat' dir='ltr'><strong>participet</strong></span> <span class='ocrx_word' id='word_1_785' title='bbox 2674 4693 2913 4747; x_wconf 84' lang='lat' dir='ltr'><strong>honores</strong></span> <span class='ocrx_word' id='word_1_786' title='bbox 2973 4700 3028 4748; x_wconf 90' lang='lat' dir='ltr'><strong>et</strong></span> <span class='ocrx_word' id='word_1_787' title='bbox 3078 4696 3438 4751; x_wconf 87' lang='lat' dir='ltr'><strong>contumelias</strong></span> <span class='ocrx_word' id='word_1_788' title='bbox 3475 4710 3489 4748; x_wconf 94' lang='lat'>:</span> <span class='ocrx_word' id='word_1_789' title='bbox 3524 4698 3636 4766; x_wconf 62' lang='lat' dir='ltr'><strong>{sed</strong></span> 
     </span>
    </p>
   </div>
   <div class='ocr_carea' id='block_1_110' title="bbox 2053 4782 3630 4856">
    <p class='ocr_par' dir='ltr' id='par_1_110' title="bbox 2053 4782 3630 4856">
     <span class='ocr_line' id='line_1_110' title="bbox 2053 4782 3630 4856; baseline 0.003 -19"><span class='ocrx_word' id='word_1_790' title='bbox 2053 4785 2215 4837; x_wconf 80' lang='lat' dir='ltr'><strong>etiam</strong></span> <span class='ocrx_word' id='word_1_791' title='bbox 2267 4782 2411 4852; x_wconf 91' lang='lat' dir='ltr'><strong>quod</strong></span> <span class='ocrx_word' id='word_1_792' title='bbox 2443 4798 2575 4838; x_wconf 75' lang='lat' dir='ltr'><strong>usus</strong></span> <span class='ocrx_word' id='word_1_793' title='bbox 2623 4784 2967 4854; x_wconf 90' lang='lat' dir='ltr'><strong>singulorum</strong></span> <span class='ocrx_word' id='word_1_794' title='bbox 3019 4801 3206 4856; x_wconf 88' lang='lat' dir='ltr'><strong>opera,</strong></span> <span class='ocrx_word' id='word_1_795' title='bbox 3249 4787 3365 4840; x_wconf 80' lang='lat' dir='ltr'><strong>luce</strong></span> <span class='ocrx_word' id='word_1_796' title='bbox 3409 4788 3630 4855; x_wconf 87' lang='lat' dir='ltr'><strong>quidem</strong></span> 
     </span>
    </p>
   </div>
   <div class='ocr_carea' id='block_1_111' title="bbox 2057 4873 3714 4947">
    <p class='ocr_par' dir='ltr' id='par_1_111' title="bbox 2057 4873 3714 4947">
     <span class='ocr_line' id='line_1_111' title="bbox 2057 4873 3714 4947; baseline 0.002 -19"><span class='ocrx_word' id='word_1_797' title='bbox 2057 4874 2171 4945; x_wconf 85' lang='lat' dir='ltr'><strong>ipse</strong></span> <span class='ocrx_word' id='word_1_798' title='bbox 2221 4876 2475 4941; x_wconf 90' lang='lat' dir='ltr'><strong>tacuerit,</strong></span> <span class='ocrx_word' id='word_1_799' title='bbox 2521 4876 2610 4931; x_wconf 86' lang='lat' dir='ltr'><strong>illa</strong></span> <span class='ocrx_word' id='word_1_800' title='bbox 2678 4890 2808 4931; x_wconf 82' lang='lat' dir='ltr'><strong>vero</strong></span> <span class='ocrx_word' id='word_1_801' title='bbox 2846 4892 2943 4946; x_wconf 89' lang='lat' dir='ltr'><strong>per</strong></span> <span class='ocrx_word' id='word_1_802' title='bbox 2981 4878 3236 4932; x_wconf 91' lang='lat' dir='ltr'><strong>doctores</strong></span> <span class='ocrx_word' id='word_1_803' title='bbox 3278 4879 3632 4947; x_wconf 76' lang='lat' dir='ltr'><strong>expresserit,</strong></span> <span class='ocrx_word' id='word_1_804' title='bbox 3711 4873 3714 4875; x_wconf 12' lang='grc' dir='ltr'><strong>Α</strong></span> 
     </span>
    </p>
   </div>
   <div class='ocr_carea' id='block_1_112' title="bbox 2054 4968 3635 5037">
    <p class='ocr_par' dir='ltr' id='par_1_112' title="bbox 2054 4968 3635 5037">
     <span class='ocr_line' id='line_1_112' title="bbox 2054 4968 3635 5037; baseline 0.004 -16"><span class='ocrx_word' id='word_1_805' title='bbox 2054 4968 2257 5037; x_wconf 88' lang='lat' dir='ltr'><strong>quibus</strong></span> <span class='ocrx_word' id='word_1_806' title='bbox 2286 4984 2598 5025; x_wconf 86' lang='lat' dir='ltr'><strong>sermonem</strong></span> <span class='ocrx_word' id='word_1_807' title='bbox 2655 4970 2902 5025; x_wconf 85' lang='lat' dir='ltr'><strong>veritatis</strong></span> <span class='ocrx_word' id='word_1_808' title='bbox 2936 4970 3276 5026; x_wconf 85' lang='lat' dir='ltr'><strong>infundebat.</strong></span> <span class='ocrx_word' id='word_1_809' title='bbox 3308 4971 3372 5024; x_wconf 84' lang='lat' dir='ltr'><strong>AI</strong></span> <span class='ocrx_word' id='word_1_810' title='bbox 3416 4970 3460 5027; x_wconf 92' lang='lat' dir='ltr'><strong>si</strong></span> <span class='ocrx_word' id='word_1_811' title='bbox 3492 4987 3635 5027; x_wconf 88' lang='lat' dir='ltr'><strong>unus</strong></span> 
     </span>
    </p>
   </div>
   <div class='ocr_carea' id='block_1_113' title="bbox 2053 5060 3635 5132">
    <p class='ocr_par' dir='ltr' id='par_1_113' title="bbox 2053 5060 3635 5132">
     <span class='ocr_line' id='line_1_113' title="bbox 2053 5060 3635 5132; baseline 0.004 -17"><span class='ocrx_word' id='word_1_812' title='bbox 2053 5060 2145 5116; x_wconf 89' lang='lat' dir='ltr'><strong>ille</strong></span> <span class='ocrx_word' id='word_1_813' title='bbox 2170 5069 2274 5126; x_wconf 87' lang='lat' dir='ltr'><strong>est,</strong></span> <span class='ocrx_word' id='word_1_814' title='bbox 2320 5071 2375 5115; x_wconf 91' lang='lat' dir='ltr'><strong>et</strong></span> <span class='ocrx_word' id='word_1_815' title='bbox 2411 5062 2638 5132; x_wconf 89' lang='lat' dir='ltr'><strong>spiritus</strong></span> <span class='ocrx_word' id='word_1_816' title='bbox 2669 5064 2913 5119; x_wconf 86' lang='lat' dir='ltr'><strong>creditur</strong></span> <span class='ocrx_word' id='word_1_817' title='bbox 2951 5064 3219 5129; x_wconf 87' lang='lat' dir='ltr'><strong>veritatis,</strong></span> <span class='ocrx_word' id='word_1_818' title='bbox 3249 5072 3301 5119; x_wconf 88' lang='lat' dir='ltr'><strong>et</strong></span> <span class='ocrx_word' id='word_1_819' title='bbox 3353 5064 3635 5121; x_wconf 79' lang='lat' dir='ltr'><strong>beneficiis</strong></span> 
     </span>
    </p>
   </div>
   <div class='ocr_carea' id='block_1_114' title="bbox 2052 5151 3638 5225">
    <p class='ocr_par' dir='ltr' id='par_1_114' title="bbox 2052 5151 3638 5225">
     <span class='ocr_line' id='line_1_114' title="bbox 2052 5151 3638 5225; baseline 0.004 -19"><span class='ocrx_word' id='word_1_820' title='bbox 2052 5151 2219 5207; x_wconf 67' lang='lat' dir='ltr'><strong>adicit</strong></span> <span class='ocrx_word' id='word_1_821' title='bbox 2248 5154 2503 5208; x_wconf 89' lang='lat' dir='ltr'><strong>homines</strong></span> <span class='ocrx_word' id='word_1_822' title='bbox 2545 5155 2772 5225; x_wconf 82' lang='lat' dir='ltr'><strong>adarque</strong></span> <span class='ocrx_word' id='word_1_823' title='bbox 2807 5171 2901 5224; x_wconf 88' lang='lat' dir='ltr'><strong>per</strong></span> <span class='ocrx_word' id='word_1_824' title='bbox 2931 5156 3136 5219; x_wconf 85' lang='lat' dir='ltr'><strong>omnia,</strong></span> <span class='ocrx_word' id='word_1_825' title='bbox 3172 5172 3274 5212; x_wconf 88' lang='lat' dir='ltr'><strong>nec</strong></span> <span class='ocrx_word' id='word_1_826' title='bbox 3315 5173 3406 5214; x_wconf 87' lang='lat' dir='ltr'><strong>res</strong></span> <span class='ocrx_word' id='word_1_827' title='bbox 3451 5159 3638 5214; x_wconf 91' lang='lat' dir='ltr'><strong>docto-</strong></span> 
     </span>
    </p>
   </div>
   <div class='ocr_carea' id='block_1_115' title="bbox 2056 5245 3673 5323">
    <p class='ocr_par' dir='ltr' id='par_1_115' title="bbox 2056 5245 3673 5323">
     <span class='ocr_line' id='line_1_115' title="bbox 2056 5245 3673 5323; baseline 0.007 -26"><span class='ocrx_word' id='word_1_828' title='bbox 2056 5259 2176 5297; x_wconf 91' lang='lat' dir='ltr'><strong>rum</strong></span> <span class='ocrx_word' id='word_1_829' title='bbox 2214 5246 2373 5299; x_wconf 88' lang='lat' dir='ltr'><strong>aliter</strong></span> <span class='ocrx_word' id='word_1_830' title='bbox 2392 5260 2452 5301; x_wconf 88' lang='lat' dir='ltr'><strong>sc</strong></span> <span class='ocrx_word' id='word_1_831' title='bbox 2475 5245 2676 5301; x_wconf 90' lang='lat' dir='ltr'><strong>habere</strong></span> <span class='ocrx_word' id='word_1_832' title='bbox 2701 5248 2960 5316; x_wconf 70' lang='lat' dir='ltr'><strong>putanda:</strong></span> <span class='ocrx_word' id='word_1_833' title='bbox 2992 5259 3140 5305; x_wconf 84' lang='lat' dir='ltr'><strong>sunt.</strong></span> <span class='ocrx_word' id='word_1_834' title='bbox 3199 5251 3305 5307; x_wconf 89' lang='lat' dir='ltr'><strong>Sed</strong></span> <span class='ocrx_word' id='word_1_835' title='bbox 3344 5267 3412 5307; x_wconf 88' lang='lat' dir='ltr'><strong>ne</strong></span> <span class='ocrx_word' id='word_1_836' title='bbox 3468 5252 3673 5323; x_wconf 56' lang='lat' dir='ltr'><strong>multa,</strong></span> 
     </span>
    </p>
   </div>
   <div class='ocr_carea' id='block_1_116' title="bbox 2056 5338 3639 5414">
    <p class='ocr_par' dir='ltr' id='par_1_116' title="bbox 2056 5338 3639 5414">
     <span class='ocr_line' id='line_1_116' title="bbox 2056 5338 3639 5414; baseline 0.004 -21"><span class='ocrx_word' id='word_1_837' title='bbox 2056 5338 2288 5393; x_wconf 87' lang='lat' dir='ltr'><strong>dicendo</strong></span> <span class='ocrx_word' id='word_1_838' title='bbox 2316 5340 2419 5393; x_wconf 88' lang='lat' dir='ltr'><strong>sim</strong></span> <span class='ocrx_word' id='word_1_839' title='bbox 2462 5339 2617 5395; x_wconf 85' lang='lat' dir='ltr'><strong>vobis</strong></span> <span class='ocrx_word' id='word_1_840' title='bbox 2646 5341 2930 5406; x_wconf 88' lang='lat' dir='ltr'><strong>molestus,</strong></span> <span class='ocrx_word' id='word_1_841' title='bbox 2960 5343 3028 5397; x_wconf 87' lang='lat' dir='ltr'><strong>ad</strong></span> <span class='ocrx_word' id='word_1_842' title='bbox 3057 5358 3120 5398; x_wconf 88' lang='lat' dir='ltr'><strong>ea</strong></span> <span class='ocrx_word' id='word_1_843' title='bbox 3149 5354 3393 5400; x_wconf 91' lang='lat' dir='ltr'><strong>revertor</strong></span> <span class='ocrx_word' id='word_1_844' title='bbox 3418 5346 3484 5400; x_wconf 91' lang='lat' dir='ltr'><strong>de</strong></span> <span class='ocrx_word' id='word_1_845' title='bbox 3512 5345 3639 5414; x_wconf 84' lang='lat' dir='ltr'><strong>qui-</strong></span> 
     </span>
    </p>
   </div>
   <div class='ocr_carea' id='block_1_117' title="bbox 2053 5432 3634 5503">
    <p class='ocr_par' dir='ltr' id='par_1_117' title="bbox 2053 5432 3634 5503">
     <span class='ocr_line' id='line_1_117' title="bbox 2053 5432 3634 5503; baseline 0.004 -16"><span class='ocrx_word' id='word_1_846' title='bbox 2053 5432 2157 5487; x_wconf 85' lang='lat' dir='ltr'><strong>bus</strong></span> <span class='ocrx_word' id='word_1_847' title='bbox 2201 5447 2362 5503; x_wconf 79' lang='lat' dir='ltr'><strong>agere</strong></span> <span class='ocrx_word' id='word_1_848' title='bbox 2412 5448 2711 5503; x_wconf 76' lang='lat' dir='ltr'><strong>empcram.</strong></span> <span class='ocrx_word' id='word_1_849' title='bbox 2771 5434 2829 5491; x_wconf 91' lang='lat' dir='ltr'><strong>Si</strong></span> <span class='ocrx_word' id='word_1_850' title='bbox 2879 5442 3025 5493; x_wconf 88' lang='lat' dir='ltr'><strong>enim</strong></span> <span class='ocrx_word' id='word_1_851' title='bbox 3076 5438 3335 5495; x_wconf 77' lang='lat' dir='ltr'><strong>Ecclesia:</strong></span> <span class='ocrx_word' id='word_1_852' title='bbox 3383 5439 3634 5494; x_wconf 89' lang='lat' dir='ltr'><strong>doctores</strong></span> 
     </span>
    </p>
   </div>
   <div class='ocr_carea' id='block_1_118' title="bbox 2054 5529 3632 5602">
    <p class='ocr_par' dir='ltr' id='par_1_118' title="bbox 2054 5529 3632 5602">
     <span class='ocr_line' id='line_1_118' title="bbox 2054 5529 3632 5602; baseline 0.003 -20"><span class='ocrx_word' id='word_1_853' title='bbox 2054 5529 2400 5598; x_wconf 86' lang='lat' dir='ltr'><strong>apertissime</strong></span> <span class='ocrx_word' id='word_1_854' title='bbox 2425 5537 2736 5598; x_wconf 83' lang='lat' dir='ltr'><strong>pugnarent</strong></span> <span class='ocrx_word' id='word_1_855' title='bbox 2778 5531 2918 5585; x_wconf 83' lang='lat' dir='ltr'><strong>inter</strong></span> <span class='ocrx_word' id='word_1_856' title='bbox 2945 5547 3027 5596; x_wconf 86' lang='lat' dir='ltr'><strong>se,</strong></span> <span class='ocrx_word' id='word_1_857' title='bbox 3058 5541 3223 5602; x_wconf 85' lang='lat' dir='ltr'><strong>atque</strong></span> <span class='ocrx_word' id='word_1_858' title='bbox 3262 5533 3401 5587; x_wconf 89' lang='lat' dir='ltr'><strong>duas</strong></span> <span class='ocrx_word' id='word_1_859' title='bbox 3432 5532 3484 5585; x_wconf 90' lang='lat' dir='ltr'><strong>in</strong></span> <span class='ocrx_word' id='word_1_860' title='bbox 3508 5546 3632 5599; x_wconf 77' lang='lat' dir='ltr'><strong>par—</strong></span> 
     </span>
    </p>
   </div>
   <div class='ocr_carea' id='block_1_119' title="bbox 2056 5619 3635 5693">
    <p class='ocr_par' dir='ltr' id='par_1_119' title="bbox 2056 5619 3635 5693">
     <span class='ocr_line' id='line_1_119' title="bbox 2056 5619 3635 5693; baseline 0.003 -19"><span class='ocrx_word' id='word_1_861' title='bbox 2056 5629 2137 5675; x_wconf 88' lang='lat' dir='ltr'><strong>tes</strong></span> <span class='ocrx_word' id='word_1_862' title='bbox 2172 5619 2353 5683; x_wconf 86' lang='lat' dir='ltr'><strong>divisi,</strong></span> <span class='ocrx_word' id='word_1_863' title='bbox 2400 5619 2453 5673; x_wconf 90' lang='lat' dir='ltr'><strong>hi</strong></span> <span class='ocrx_word' id='word_1_864' title='bbox 2492 5621 2712 5688; x_wconf 73' lang='lat' dir='ltr'><strong>quidem</strong></span> <span class='ocrx_word' id='word_1_865' title='bbox 2759 5634 3025 5691; x_wconf 84' lang='lat' dir='ltr'><strong>negarent</strong></span> <span class='ocrx_word' id='word_1_866' title='bbox 3082 5624 3347 5693; x_wconf 87' lang='lat' dir='ltr'><strong>Spiritum</strong></span> <span class='ocrx_word' id='word_1_867' title='bbox 3390 5639 3453 5676; x_wconf 70' lang='lat' dir='ltr'><strong>ex</strong></span> <span class='ocrx_word' id='word_1_868' title='bbox 3494 5622 3635 5680; x_wconf 89' lang='lat' dir='ltr'><strong>Filio</strong></span> 
     </span>
    </p>
   </div>
   <div class='ocr_carea' id='block_1_120' title="bbox 2053 5711 3633 5782">
    <p class='ocr_par' dir='ltr' id='par_1_120' title="bbox 2053 5711 3633 5782">
     <span class='ocr_line' id='line_1_120' title="bbox 2053 5711 3633 5782; baseline 0.005 -17"><span class='ocrx_word' id='word_1_869' title='bbox 2053 5711 2370 5782; x_wconf 86' lang='lat' dir='ltr'><strong>procedere,</strong></span> <span class='ocrx_word' id='word_1_870' title='bbox 2404 5712 2455 5765; x_wconf 88' lang='lat' dir='ltr'><strong>lti</strong></span> <span class='ocrx_word' id='word_1_871' title='bbox 2499 5728 2628 5766; x_wconf 86' lang='lat' dir='ltr'><strong>vero</strong></span> <span class='ocrx_word' id='word_1_872' title='bbox 2687 5714 3023 5767; x_wconf 85' lang='lat' dir='ltr'><strong>allirntarent</strong></span> <span class='ocrx_word' id='word_1_873' title='bbox 3055 5724 3111 5767; x_wconf 92' lang='lat' dir='ltr'><strong>ut</strong></span> <span class='ocrx_word' id='word_1_874' title='bbox 3168 5731 3313 5771; x_wconf 89' lang='lat' dir='ltr'><strong>nunc</strong></span> <span class='ocrx_word' id='word_1_875' title='bbox 3370 5716 3580 5772; x_wconf 81' lang='lat' dir='ltr'><strong>faciunt</strong></span> <span class='ocrx_word' id='word_1_876' title='bbox 3616 5733 3633 5773; x_wconf 87' lang='lat'><strong>:</strong></span> 
     </span>
    </p>
   </div>
   <div class='ocr_carea' id='block_1_121' title="bbox 2054 5803 3636 5881">
    <p class='ocr_par' dir='ltr' id='par_1_121' title="bbox 2054 5803 3636 5881">
     <span class='ocr_line' id='line_1_121' title="bbox 2054 5803 3636 5881; baseline 0.004 -23"><span class='ocrx_word' id='word_1_877' title='bbox 2054 5810 2349 5873; x_wconf 71' lang='lat' dir='ltr'><strong>operte-ret,</strong></span> <span class='ocrx_word' id='word_1_878' title='bbox 2405 5803 2806 5860; x_wconf 83' lang='lat' dir='ltr'><strong>contrariorum</strong></span> <span class='ocrx_word' id='word_1_879' title='bbox 2865 5804 3224 5862; x_wconf 67' lang='lat' dir='ltr'><strong>assertionem</strong></span> <span class='ocrx_word' id='word_1_880' title='bbox 3288 5817 3341 5864; x_wconf 81' lang='lat' dir='ltr'><strong>et</strong></span> <span class='ocrx_word' id='word_1_881' title='bbox 3399 5824 3636 5881; x_wconf 76' lang='lat' dir='ltr'><strong>pugnant</strong></span> 
     </span>
    </p>
   </div>
  </div>
