4170 6294
381 339 488 401 fili

1522 343 1810 403 ORATIO
1846 343 1932 402 Ill
1982 344 2080 401 AD
2107 341 2502 403 SYNODUM.

3533 337 3633 398 {iis

379 453 595 504 τ-οἐναι
627 451 777 504 δοκεῖ
804 453 866 522 τῇ
890 452 1028 522 περὶ
1059 451 1262 507 τούτων
1297 457 1499 524 σιωπῇ,
1532 459 1596 526 τῇ
1634 457 1819 525 Γρκφῇ
1863 456 1958 509 καὶ

2071 457 2314 511 docenda
2375 458 2449 509 rei
2499 456 2723 510 veritate
2779 455 3181 509 abstinuerunt.
3241 455 3392 521 Quod
3452 464 3633 510 autem

388 545 558 613 μοίρᾳ
605 542 711 595 τῶν
751 543 1086 597 διδασκάλων
1135 547 1235 615 μιᾷ
1287 543 1369 608 οἷς
1425 546 1696 616 ὡμίλησε,
1761 547 1962 615 μᾶλλον

383 636 532 686 Em“
591 638 915 705 μαρτυρεῖν,
956 635 988 706 ἢ
1037 637 1294 708 καθαρῶς
1349 639 1730 705 ἀποφάσκειν·
1786 638 1962 690 καίτοι

385 727 484 780 καὶ
522 727 769 796 φανερῶς
823 729 1142 798 ἡρνημένην
1195 729 1431 799 χαλεπον
1480 731 1634 784 οὐδὲν
1689 730 1806 783 ἔστι
1847 731 1961 792 τοῖς

387 819 634 887 εἰρηκόσι
670 820 1064 884 συνάπτεσθαι,
1171 824 1266 874 καὶ
1304 823 1532 884 πολλοὺς
1579 823 1769 886 ἄλλους
1802 821 1960 890 ἐμέλ-

388 909 553 977 λομεν
581 909 644 963 ἂν
675 911 967 963 συνάπτειν
1002 915 1428 981 συναραμένους.

385 996 794 1055 lucubrationes
844 1003 1010 1070 legit,
1067 1003 1200 1057 dare
1256 1004 1472 1059 videtur
1519 1004 1941 1067 testimonium,
1983 1019 2143 1072 quam
2204 1005 2488 1072 perstricue
2552 1020 2746 1076 negare
2786 1023 2798 1058 :

2071 547 2346 600 silentium
2383 547 2587 601 indicio
2615 547 2682 600 sit
2713 563 2808 602 eos
2846 559 3034 602 contra
3096 550 3298 602 sentire
3349 550 3468 603 aliis
3520 565 3633 603 rem

2068 639 2520 705 cxprimentibns,
2552 650 2604 693 et
2638 639 2830 694 haberi
2856 641 3182 694 sententiam
3216 640 3283 695 ab
3312 641 3378 694 iis
3414 656 3512 709 pro
3541 641 3613 695 {al

2067 742 2147 792 sa,
2181 727 2291 794 jatn
2315 738 2596 784 ostensum
2628 740 2704 784 est
2745 732 2889 784 nulla
2937 734 3146 786 ratione
3174 732 3280 785 dici
3316 747 3474 800 posse
3504 751 3516 786 :
3580 741 3635 786 et

2067 819 2267 886 siquis
2311 819 2424 872 haec
2469 821 2694 874 tacendo
2750 822 3085 890 negationem
3153 837 3352 890 ponere
3399 820 3632 885 videtur,

2066 912 2361 980 Scriptura:
2395 913 2596 978 potius,
2623 921 2675 966 et
2702 914 2860 968 alteri
2883 914 3170 968 doctorum
3207 915 3370 983 parti,
3396 930 3632 983 quorum

2852 1023 3159 1076 quanquam
3243 1016 3428 1076 aperte
3469 1007 3634 1062 etiam

387 1091 678 1158 negatione
717 1092 909 1160 posita,
937 1101 1116 1162 potest
1167 1094 1564 1152 afﬁrmantibus
1600 1097 1752 1150 nullo
1827 1096 2045 1164 negotio
2101 1096 2411 1162 conciliari,
2457 1107 2517 1152 ut
2569 1099 2721 1153 inulti
2788 1113 3005 1168 quoque
3065 1099 3178 1166 alii,
3234 1100 3278 1153 si
3355 1099 3637 1169 uegationi

383 1176 671 1236 favissent.

457 1275 678 1330 Τούτων
703 1272 797 1330 οὖν
820 1277 990 1341 οὕτως
1022 1280 1274 1349 ἐχόντων,
1330 1281 1510 1350 μάτην
1535 1283 1840 1354 ’κοψόμεθμ
1879 1283 1968 1351 ,τά

384 1369 854 1438 συγκεκλωσμένα
906 1371 1222 1435 διιστῶντές
1277 1391 1336 1426 τε
1409 1374 1508 1426 καὶ
1584 1375 1966 1446 συμφύροντες

385 1457 756 1528 τούναντίονῆ
789 1458 1043 1526 λέγεται·
1089 1459 1182 1512 καὶ
1213 1460 1489 1524 διαλύσεις
1537 1462 1678 1515 οὕτω
1738 1464 1960 1534 προχεί-

375 1567 511 1620 ρους
545 1550 944 1619 περιοψόμεθα,
1000 1552 1191 1622 ὥσπερ
1255 1554 1331 1622 τῷ
1392 1553 1658 1623 πολεμεῖν
1705 1555 1959 1624 ἀλλήλοις

380 1642 478 1694 καὶ
506 1639 682 1693 ταῦτα
720 1644 850 1714 περὶ
876 1643 1135 1698 τοιούτων
1171 1645 1661 1716 φιλοτιμούμενοι·
1701 1648 1794 1699 καὶ
1840 1647 1955 1700 δια-

381 1735 655 1802 στήσομεν
711 1735 962 1804 ἀλλήλων
1036 1738 1165 1798 τοὺς
1231 1736 1624 1804 διδασκάλους,
1676 1738 1770 1800 οὒς
1817 1738 1956 1792 αὐτὰ

2137 1278 2275 1332 Cum
2309 1279 2471 1348 igitur
2506 1281 2618 1334 litae
2641 1282 2713 1333 ita
2742 1296 2802 1334 se
2829 1281 3084 1350 habeant,
3115 1282 3316 1336 frustra
3344 1281 3636 1350 quer-imo-

2071 1366 2190 1420 nias
2223 1366 2566 1431 iterabimus,
2600 1382 2720 1436 quae
2751 1376 2977 1422 consula
3009 1377 3138 1422 sunt
3163 1369 3472 1424 dissuentes
3506 1384 3635 1424 con-

2067 1456 2489 1526 fundentesque,
2552 1469 2747 1512 contra
2815 1475 2978 1529 quam
3035 1460 3229 1530 adagio
3279 1461 3518 1523 dicitur;
3581 1471 3636 1516 et

2064 1547 2506 1602 conciliationem
2559 1547 2695 1602 adeo
2752 1548 2969 1604 facilem
3012 1552 3370 1622 negligemus,
3407 1554 3630 1622 perinde

2059 1650 2124 1688 ac
2151 1635 2193 1690 si
2229 1636 2432 1690 mutuis
2467 1637 2645 1698 bellis.
2680 1637 2838 1707 idque
2861 1638 2928 1692 de
2964 1639 3128 1694 rebus
3169 1641 3498 1709 lmjusmodi,
3536 1644 3635 1696 lio-

2064 1725 2213 1780 noris
2260 1741 2425 1780 causa
2475 1727 2812 1782 oblectemur
2857 1745 2870 1784 :
2922 1739 2973 1784 et
3005 1731 3252 1786 doctores
3290 1747 3316 1784 a
3355 1732 3634 1786 communi

383 1799 651 1878 συνάτττει
689 1827 784 1880 καὶ
820 1799 926 1895 πρὸ
957 1828 1067 1881 τῶν
1101 1829 1320 1882 οἰκείων
1346 1828 1520 1898 λόγων
1566 1799 1647 1883 τά
1694 1831 1958 1900 πράγμα-

2066 1817 2357 1871 concordia
2393 1818 2789 1888 tlisjungemus,
2823 1837 2962 1889 quos
2994 1830 3119 1875 ante
3153 1838 3252 1876 sua
3288 1825 3451 1876 etiam
3489 1823 3637 1891 ipso-

380 1934 472 1971 τα.
520 1917 870 1989 Ἀλλ’ὦσπερ
901 1919 1000 1973 οὐκ
1028 1917 1143 1973 ἔστι
1183 1921 1442 1992 καθαρῶς
1471 1923 1616 1993 ἡμᾶς
1657 1923 1960 1994 εἰρηνεύειν

383 2010 464 2078 μὴ
524 2009 632 2062 τῶν
681 2010 1213 2081 ἀμφισϐητουμένων
1266 2012 1446 2082 κρίσει
1502 2015 1810 2080 λυθέντων,
1864 2017 1960 2069 καὶ

381 2101 742 2172 διορισθέντον
777 2103 893 2165 ἑνός
926 2120 1073 2166 τινος
1119 2105 1214 2157 τοῦ
1256 2105 1422 2158 πᾶσιν
1462 2105 1791 2174 ἀρέσκοντος
1822 2124 1835 2138 ο
1867 2107 1958 2160 οῦ-

384 2212 496 2257 τως
529 2192 650 2248 οὑδὲ
679 2195 778 2264 τῆς
831 2191 1091 2264 ἀληθείας
1131 2197 1406 2266 ἐπιτυχεῖν
1426 2197 1540 2249 ἔστι
1577 2199 1652 2268 μὴ
1711 2201 1803 2266 τῆς
1853 2201 1961 2252 τῶν

379 2288 558 2352 ἁγίων
587 2287 889 2355 συμπνοίας
915 2287 1002 2340 ἐπ’
1034 2287 1201 2356 αὐτὴν
1234 2289 1382 2357 ἡμᾶς
1416 2288 1736 2358 ὁδηγούσης.
1783 2289 1960 2359 ’Υπὲρ

383 2375 594 2429 τούτων
617 2365 682 2428 ’δὲ
705 2375 1030 2446 ἀμφοτέρων
1060 2378 1194 2446 ἡμῖν
1237 2379 1386 2430 πᾶσα
1424 2379 1456 2446 ἡ
1492 2377 1717 2446 σπουδή.
1752 2367 1880 2431 Ἐπὶ
1908 2380 1960 2431 τί

382 2467 444 2520 δὲ
477 2465 614 2535 πρὸς
660 2465 795 2518 Θεοῦ
828 2466 921 2518 καὶ
948 2465 1045 2534 τὴν
1075 2465 1257 2518 αἰτίαν
1298 2466 1542 2518 ἀνοίσετε
1572 2466 1664 2518 τοῦ
1713 2467 1794 2541 μὴ
1829 2469 1960 2520 πάν-

385 2575 485 2620 τας
513 2557 639 2619 τοῦς
661 2557 1016 2620 διδασκάλους
1056 2556 1306 2624 στέργειν
1335 2557 1551 2628 ἐπίσης,
1580 2560 1783 2612 ὁπόταν
1807 2560 1959 2630 ὑμῶν

386 2645 484 2698 ἐπὶ
533 2647 625 2699 τοῦ
671 2645 848 2699 κοινοῦ
875 2647 1227 2716 δικαστηρίου
1287 2648 1714 2711 πυνθάνωνταις
1769 2651 1959 2722 οὐγὰρ

385 2733 540 2806 οἶμαι
593 2736 718 2809 σιγῇ
764 2738 1005 2794 τοιοῦτον
1057 2739 1301 2810 ἀδίκημα
1362 2742 1651 2812 παρελθεῖν
1712 2743 1778 2796 ἂν
1835 2746 1959 2806 τοὺς

393 2831 779 2901 ἡμελημένους
837 2845 851 2860 ⁸
901 2833 1102 2901 μᾶλλον
1161 2833 1216 2885 δὲ
1297 2831 1449 2884 οὐδὲν
1519 2826 1680 2904 ἦττον
1737 2834 1959 2886 ἐκείνων

391 2923 533 2993 ὑπὲρ
566 2923 787 2975 ἐκείνων
817 2926 911 2975 καὶ
943 2924 992 2975 οἱ
1023 2923 1286 2992 τιμᾶσθαι
1314 2925 1600 2986 δοκοῦντες
1643 2924 1890 2991 ἁγανακτ
1905 2929 1959 2994 ἧ·-

393 3033 572 3068 σουσι.
610 3015 683 3067 Τὸ
725 3015 832 3068 τῶν
889 3017 1230 3084 σιγησάντων
1287 3011 1502 3083 ἀξίωμα
1558 3014 1955 3084 προῆαλεῖσοε;

2068 1924 2184 1963 rum
2211 1911 2353 1964 dicta
2379 1924 2464 1964 res
2492 1910 2618 1979 ipsa:
2643 1911 2984 1980 conjungnnt
3013 1931 3025 1966 :
3055 1912 3146 1966 sed
3175 1915 3629 1980 quemadmodum

2069 2001 2181 2054 ﬁeri
2241 2017 2349 2053 non
2399 2010 2574 2068 potest
2622 2013 2680 2055 ttt
2713 2017 2832 2054 vera
2871 2019 2969 2071 pax
3009 2007 3330 2058 Conliciatur
3379 2008 3430 2059 ni
3480 2008 3634 2074 prius

2067 2107 2162 2161 per
2188 2091 2455 2159 judicium
2489 2093 2878 2145 controversia:
2904 2093 3186 2160 tollantur,
3221 2104 3272 2149 et
3303 2113 3468 2150 unum
3501 2099 3632 2166 quid

2068 2188 2354 2240 definiatur
2389 2188 2532 2255 quod
2573 2187 2826 2241 omnibus
2869 2189 3080 2257 placeat
3112 2206 3133 2252 :_
3166 2192 3240 2243 ita
3279 2205 3376 2245 nec
3425 2195 3630 2245 verita-

2068 2287 2172 2332 tem
2203 2279 2420 2346 asscqtti
2451 2292 2765 2347 possumus.
2805 2280 2856 2332 ni
2887 2291 3203 2334 sanctorum
3233 2297 3535 2336 consensus
3565 2283 3631 2336 ad

2065 2385 2182 2420 eam
2221 2385 2320 2421 nos
2355 2369 2516 2422 ducat
2555 2387 2567 2422 :
2603 2373 2764 2422 omne
2808 2385 2969 2438 porro
3005 2381 3250 2425 nostrum
3293 2373 3534 2428 studium
3574 2374 3628 2428 in

2067 2461 2153 2513 his
2188 2459 2397 2514 duobus
2433 2471 2698 2514 versatur.
2732 2460 2872 2526 Quid
2905 2477 3036 2516 vero
3082 2479 3176 2531 per
3225 2465 3412 2530 Deum,
3459 2468 3620 2521 obsc-

2065 2568 2182 2616 cro,
2206 2568 2385 2606 causa:
2414 2552 2672 2615 ali'erctis,
2708 2570 2806 2607 cur
2841 2570 2946 2608 non
2982 2571 3134 2624 teque
3165 2556 3416 2612 doctores
3441 2575 3632 2613 ontnos

2065 2644 2387 2709 admittatis,
2436 2660 2558 2699 cum
2612 2645 2660 2698 id
2699 2660 2728 2697 a
2771 2646 2926 2701 vobis
2967 2657 3212 2715 quzerent
3256 2649 3309 2702 in
3357 2652 3633 2706 communi

2061 2735 2271 2806 judicio
2297 2738 2318 2790 Ὺ
2346 2736 2530 2807 Neque
2559 2740 2700 2792 enim
2734 2748 2861 2807 puto
2885 2750 3227 2809 contemples
3253 2751 3454 2795 tantam
3487 2743 3634 2808 inju-

2067 2829 2203 2880 riam
2265 2827 2480 2882 silentio
2528 2830 2906 2898 prmterituros
2941 2849 2957 2885 :
2995 2832 3104 2886 imo
3151 2846 3278 2886 vero
3316 2849 3421 2885 non
3456 2834 3636 2888 uinus

2065 2936 2228 2990 quam
2270 2920 2370 2985 illi,
2403 2936 2501 2990 pro
2535 2921 2643 2977 illis
2683 2923 2919 2990 graviter
2951 2923 3054 2978 hoc
3090 2925 3267 2993 ipsum
3306 2925 3510 2978 laturos
3540 2940 3635 2977 eos

2062 3013 2252 3078 etiam,
2287 3013 2382 3081 qui
2418 3014 2667 3068 videntur
2700 3015 2979 3070 honorari.
3016 3015 3407 3071 Auctoritatem
3435 3018 3633 3078 obten-

393 3106 503 3158 Καὶ
530 3107 637 3176 μὴν
657 3106 837 3158 αὐτῶν
869 3107 1116 3176 ἁγιότητι
1160 3105 1258 3175 μὲν
1313 3105 1462 3158 οὐδὲν
1521 3105 1776 3169 ἐλάττους
1828 3107 1953 3168 εἰσί,

2065 3105 2207 3159 detis
2236 3119 2424 3159 eorum
2456 3106 2547 3175 qui
2589 3109 2916 3161 tacuerunt?
2945 3111 3008 3162 At
3034 3117 3185 3166 certe
3214 3110 3309 3167 alii
3347 3117 3635 3171 sant-titate

391 3197 552 3268 σοφίᾳ
572 3199 625 3250 δὲ
650 3198 742 3251 καὶ
771 3199 908 3251 πολὺ
955 3197 1281 3268 προέχουσιν
1321 3197 1452 3249 ἔνιοι
1505 3198 1614 3249 τῶν
1669 3190 1955 3252 εἰπόντων.

400 3289 567 3342 Ἀλλὰ
587 3289 646 3341 τὸ
683 3289 886 3358 πλῆθος
919 3291 1135 3358 ἐρεῖτε;
1175 3289 1284 3340 Καὶ
1327 3288 1434 3358 μὴν
1468 3290 1562 3340 καὶ
1586 3287 1761 3356 τούτῳ
1800 3286 1962 3338 νικῶ-

391 3400 498 3437 σιν.
529 3383 591 3434 Εἰ
621 3382 676 3435 δὲ
713 3383 811 3444 τὰς
847 3381 1002 3451 παρὰ
1029 3380 1136 3434 τῶν
1163 3377 1400 3433 συνόδων
1429 3379 1616 3449 τιμὰς,
1652 3378 1800 3448 παρὰ
1835 3377 1960 3446 σφί-

387 3493 444 3529 σι
467 3475 734 3542 δείξουσιν
764 3473 931 3529 οὖσαν
988 3477 1086 3544 τὴν
1115 3475 1415 3546 ὑπεροχήν.
1465 3474 1626 3527 Ἀλλὰ
1661 3474 1735 3543 τῷ
1789 3472 1960 3526 δεινὸν

388 3567 600 3620 οἴεσθαι
631 3567 786 3631 δόξαν
822 3568 896 3636 μὴ
933 3567 1083 3637 παρὰ
1123 3567 1338 3620 πάντων
1375 3563 1512 3635 ὁμοῦ
1543 3565 1960 3635 κρατυνομὲνην

389 3657 806 3730 προσδέχεσθαι.
853 3657 995 3710 Ἀλλ’
1022 3657 1142 3710 οὐδὲ
1161 3654 1305 3709 τοῦτ’
1333 3654 1554 3723 εὔλογον
1582 3669 1596 3682 ⁸
1653 3655 1962 3726 ἀντιλέγον-

385 3771 479 3816 τος
511 3755 620 3821 γὰρ
642 3752 856 3812 οὐδενὸς
883 3750 1086 3803 οὑτωσί
1119 3748 1392 3818 φανερῶς,
1453 3745 1637 3800 ἰκανόν
1685 3748 1834 3800 ἐστιν
1861 3746 1959 3798 αὖ·

387 3843 488 3913 τὴν
544 3843 653 3896 ἀπὸ
699 3842 844 3894 δυοῖν
891 3838 1332 3912 μαρτυρεῖσθαι·
1389 3835 1530 3909 αὕτη
1587 3837 1643 3891 δὲ
1691 3837 1959 3891 τοσούτων

389 3937 704 4006 συνηγόρων
735 3933 1071 4005 ηὐπόρηκεν.
1109 3932 1177 3985 Ἢ
1212 3932 1307 3985 καὶ
1329 3931 1387 3984 τὸ
1419 3930 1549 4000 περὶ
1585 3930 1676 3982 τὸν
1709 3927 1959 3996 Λάζαρον

386 4027 599 4098 θαῦμα,
628 4030 722 4082 καὶ
747 4027 844 4097 τὴν
893 4027 992 4096 τῆς
1019 4023 1410 4095 Σαμαρείτιδος
1443 4021 1733 4091 συντυχίαν
1781 4036 1960 4088 παρα-

382 4117 767 4193 δραμούμεθα,
799 4118 881 4171 ὅτι
914 4119 990 4188 μὴ
1029 4116 1238 4178 πάντας
1285 4113 1412 4184 ἔσχε
1479 4110 1906 4180 συμφωνοῦντας
1932 4111 1959 4163 ό

387 4213 558 4266 ταῦτα
584 4211 757 4279 λέγων
803 4212 927 4272 τοὺς
973 4206 1385 4275 εὐαγγελιστάς.
1426 4199 1557 4258 Εἶτα
1591 4195 1685 4256 καὶ
1716 4204 1843 4265 τοὺς
1902 4199 1959 4254 ὲν

386 4305 496 4364 τοῖς
516 4300 885 4369 δικαστηρίοις
907 4298 1120 4365 ἀγῶνας
1147 4296 1304 4348 ἄλλον
1331 4295 1453 4347 τινὰ
1477 4293 1775 4347 διετίθεσθε
1827 4289 1955 4362 τρό-

387 4410 511 4458 πον,
539 4393 586 4444 οἰ
627 4391 905 4461 ἄνθρωποι
934 4389 1069 4458 πρὸς
1102 4389 1248 4458 ἡμᾶς
1288 4385 1494 4458 ἐροῦσι,
1538 4386 1630 4438 καὶ
1667 4385 1808 4439 πάνυ
1877 4386 1957 4437 δι·

387 4485 559 4548 καίως
595 4501 608 4514 ·
644 4482 766 4536 οὒτε
801 4481 908 4552 γὰρ
936 4480 1146 4550 σιωπὴν
1173 4479 1584 4548 προύτιμήσατὲ
1635 4495 1763 4530 ποτε
1793 4477 1954 4543 λόγου

2062 4483 2180 4551 jure
2230 4483 2448 4551 quidem
2491 4483 2699 4550 optimo
2742 4498 2756 4534 :

387 4577 523 4648 πρὸς
561 4575 868 4646 μαρτυρίαν
897 4588 911 4603 ⁶
949 4573 1150 4642 μᾶλλον
1200 4573 1256 4624 δὲ
1293 4571 1384 4624 καί.
1418 4571 1589 4639 ταύτῃ
1647 4569 1790 4638 λόγῳ
1831 4586 1956 4620 συν-

388 4668 672 4740 απτομένη
705 4666 866 4734 λόγου
902 4665 1094 4735 χρείαν
1126 4665 1349 4731 ὲνέμετε
1380 4677 1395 4693 ⁶
1442 4662 1536 4715 καὶ
1573 4661 1715 4731 τρεῖς
1743 4659 1957 4728 λαμϐά-

387 4777 567 4822 νοντες
597 4761 880 4830 μάρτυρας
909 4759 1016 4810 τῶν
1050 4754 1420 4826 ζητουμένων,
1448 4753 1631 4820 ἀξίους
1679 4751 1837 4815 ὄντας
1863 4769 1954 4803 πι-

393 4851 706 4918 στεύεσθαι,
746 4850 862 4904 οὔθ’
887 4851 1097 4910 ἑαυτοῖς
1118 4847 1302 4900 λοιπὸν
1327 4846 1450 4900 οὕτε
1473 4849 1583 4908 τοῖς
1617 4845 1957 4912 παράγουσιν

385 4945 698 5015 ἠνωχλεῖτε,
739 4942 944 5004 πάντας
976 4939 1294 5006 ἀνθρώπους
1329 4937 1616 5009 ζητοῦντες
1671 4935 1956 5006 μάρτυρας

384 5042 560 5112 ἥκειν.
583 5034 832 5109 Οἷμαιτά
854 5037 960 5089 τῶν
979 5035 1152 5089 ἄλλων
1166 5033 1500 5086 διδασκάλων
1522 5030 1802 5099 ἀξιώματα
1825 5045 1956 5098 προ-

385 5132 658 5195 ϐαλεῖσθε,
686 5129 742 5194 ἐξ
777 5123 852 5181 ὧν
873 5126 1193 5180 ὑπεναντίον
1220 5143 1270 5178 τι
1298 5125 1363 5194 τῇ
1389 5121 1494 5174 τῶν
1514 5123 1771 5174 εἰπόντων
1785 5136 1955 5172 κατα-

386 5222 550 5294 φάσει
588 5198 881 5289 συνάγεται
917 5233 929 5248 ·
959 5217 1074 5271 ἀλλ’
1135 5217 1256 5269 οὐδὲ
1315 5212 1476 5267 τοῦτ”
1520 5212 1706 5281 ἐροῦσι
1747 5213 1954 5265 δίκαιον

382 5316 501 5368 οὐδὲ
535 5316 768 5382 νόμιμον
798 5306 962 5378 εἶναι,
987 5311 1058 5364 τὰ
1084 5307 1379 5378 διαρρήδην
1413 5305 1678 5374 λεγόμενα
1708 5303 1956 5372 παριδόν-

382 5425 477 5473 τας
509 5411 622 5466 τοῖς
658 5405 983 5477 ἀμφιϐόλοις
1011 5394 1402 5472 προστίθεσθαι
1435 5414 1451 5430 ο
1486 5398 1800 5450 τούναντίον
1845 5397 1952 5466 γὰρ

385 5501 608 5570 μᾶλλον,
639 5501 702 5552 ἐκ
732 5491 840 5552 τῶν
879 5495 1280 5565 φανερωτάτων
1306 5491 1400 5545 καὶ⁸
1448 5489 1622 5543 ταῦτα
1669 5487 1954 5554 κρίνεσθαι

379 5593 477 5646 δεῖ.
520 5593 588 5644 Ἀ
640 5591 748 5659 γὰρ
779 5589 966 5656 λέγετε
1021 5585 1159 5640 κατὰ
1213 5585 1322 5638 τῶν
1370 5584 1653 5654 ἡμετέρων
1708 5580 1955 5648 ἀδελφῶν

383 5683 692 5752 ἀξιώματα,
717 5681 778 5734 οὗ
811 5680 902 5733 τὸν
938 5679 1051 5733 ἴσον
1077 5679 1280 5749 τρόπον
1325 5677 1528 5737 πάντες
1553 5673 1736 5726 ἐνόουν
1770 5687 1786 5703 ·
1837 5672 1953 5725 ἀλλ’

387 5775 432 5826 οἰ
455 5774 552 5845 μὲν
582 5772 656 5834 ὡς
675 5773 773 5844 τὴν
803 5773 1078 5840 ἀπόφασιν
1109 5768 1577 5841 συμπεραίνοντα,
1631 5764 1681 5816 οἰ
1705 5762 1751 5817 δ’
1784 5763 1858 5827 ὡς
1884 5766 1948 5835 τῇ

2062 3195 2281 3265 quidem
2326 3210 2437 3248 non
2487 3206 2616 3250 sunt
2651 3196 2983 3265 inferiores;
3029 3201 3248 3268 quidam
3300 3217 3428 3258 vero
3473 3208 3634 3260 etiam
3715 3261 3722 3268 ,

2060 3287 2368 3342 eruditione
2391 3297 2518 3341 sunt
2549 3287 2704 3358 lange
2728 3291 3064 3357 superiores.
3091 3292 3410 3348 Producetis
3443 3299 3628 3349 tnnlti-

2064 3379 2329 3446 tudinem,
2365 3379 2557 3432 ait?at
2585 3381 2654 3432 illi
2693 3381 2792 3434 hac
2815 3383 2975 3436 etiam
3016 3383 3066 3434 in
3105 3393 3254 3451 parte
3291 3387 3535 3442 vincunt.
3573 3391 3630 3442 Si

2063 3469 2294 3525 honores
2336 3486 2365 3524 a
2410 3471 2656 3526 conciliis
2705 3472 2952 3536 delatos;
3009 3476 3298 3531 ostendent
3347 3478 3418 3529 illi
3474 3480 3632 3546 plano

2062 3560 2322 3628 majorem
2345 3576 2524 3630 prose
2549 3563 2819 3616 bonorum
2851 3564 3162 3619 cumulum.
3187 3567 3409 3633 Dicetis,
3433 3570 3629 3624 durum

2060 3650 2230 3705 videri
2267 3651 2422 3706 vobis
2451 3652 2780 3706 sententiam
2817 3654 3081 3723 recipere,
3121 3671 3242 3724 qua:
3273 3673 3381 3712 non
3414 3660 3486 3712 sit
3515 3676 3630 3714 om-

2063 3741 2225 3797 nibus
2274 3744 2520 3812 probata.
2583 3743 2781 3798 Verum
2829 3745 2881 3799 id
2931 3747 3092 3800 etiam
3143 3763 3252 3803 non
3310 3759 3392 3803 est
3434 3752 3632 3806 ratiooi

2061 3845 2483 3889 consentaneum
2539 3852 2554 3890 :
2603 3852 2726 3892 nam
2783 3853 2908 3893 eum
2966 3843 3166 3907 apertis
3221 3841 3400 3895 verbis
3469 3859 3630 3897 neruo

2061 3926 2416 3990 contradicat,
2451 3928 2585 3982 satis
2612 3938 2694 3984 est
2732 3929 2950 3986 duobus
2987 3931 3128 3985 illam
3168 3935 3399 3989 testibus
3423 3935 3628 4001 fulciri,

2062 4036 2185 4076 cum
2224 4029 2406 4076 tamen
2436 4023 2509 4076 ilfi
2545 4032 2693 4077 tanta
2720 4025 2860 4078 adsit
2884 4025 3040 4094 copia
3071 4038 3445 4094 parronorum.
3476 4031 3631 4084 Alio-

2060 4113 2192 4181 quin
2242 4124 2628 4182 przetereamus
2677 4115 2838 4169 etiam
2899 4117 3222 4172 miraculum
3275 4118 3342 4175 de
3393 4119 3624 4186 Lazaro.

2061 4207 2502 4276 colloquiumque
2574 4223 2698 4261 cum
2757 4207 3101 4265 Samaritana
3155 4212 3437 4279 habitum,
3487 4217 3631 4284 quod

2059 4299 2152 4370 qui
2183 4300 2297 4353 haec
2331 4308 2640 4352 narratnon
2664 4313 2856 4354 omnes
2889 4300 3083 4355 habeat
3111 4312 3430 4358 atteslantes
3464 4322 3627 4361 evan-

2061 4391 2304 4458 gelistas.
2355 4389 2559 4442 Deinde
2601 4389 2863 4456 objicient
2905 4390 3060 4443 nobis
3109 4391 3198 4444 alii
3251 4392 3522 4456 homines,
3577 4410 3631 4449 et

2798 4496 2894 4534 cur
2938 4482 3122 4535 litibus
3163 4485 3305 4551 apud
3343 4486 3629 4541 tribunalia

2061 4575 2225 4627 alium
2281 4575 2569 4641 quemdam
2625 4573 3042 4641 prmscripsistis
3099 4575 3366 4628 modum?
3412 4576 3467 4628 in
3523 4579 3630 4632 iliis

2059 4661 2203 4723 enim
2235 4663 2512 4716 silentium
2544 4661 2610 4715 ad
2651 4661 2890 4716 dandum
2935 4663 3314 4718 testimonium
3347 4681 3625 4734 nunquam

2059 4753 2296 4808 sermoni
2329 4752 2683 4821 prwtnlistis;
2715 4753 2845 4822 quin
2889 4753 2998 4807 imo
3035 4754 3276 4821 silentio,
3315 4757 3359 4812 si
3393 4761 3629 4828 conjun-

2059 4857 2204 4899 ctunt
2242 4861 2364 4900 cum
2399 4860 2652 4900 sermone
2682 4847 2777 4910 sit,
2808 4861 2966 4899 usum
3003 4847 3277 4902 sermonis
3316 4848 3584 4904 tribuistis
3613 4867 3626 4906 :

2059 4937 2344 5006 tribusque
2375 4937 2633 4993 adhibitis
2679 4939 2892 4994 idoneis
2938 4941 3172 4996 testibus
3202 4939 3268 4995 de
3320 4943 3481 4997 rebus
3511 4959 3630 5012 quae

2059 5041 2186 5086 sunt
2217 5033 2268 5084 in
2303 5034 2706 5097 controversia,
2744 5050 2846 5088 nec
2875 5035 3030 5088 vobis
3065 5036 3200 5104 ipsis
3243 5036 3493 5105 amplius,
3530 5052 3631 5090 nec

2060 5120 2166 5176 illis
2197 5138 2226 5176 a
2263 5125 2466 5192 quibus
2498 5125 2755 5193 producti
2797 5136 2928 5180 sunt.
2961 5129 3240 5196 negotium
3278 5129 3628 5191 exliibuistis.

2057 5223 2365 5283 qumrcntcs
2415 5216 2570 5270 vobis
2605 5231 2797 5272 omnes
2848 5218 3098 5275 homines
3156 5221 3384 5288 proferri
3436 5231 3626 5288 testes,

2060 5305 2318 5360 Fortasse
2367 5306 2599 5360 aliorum
2660 5307 2945 5364 doctorum
3003 5310 3274 5382 objicietis
3329 5314 3626 5378 axiomata,
3675 5303 3678 5305 ’

2058 5413 2088 5451 c
2141 5397 2342 5466 quibus
2395 5401 2737 5454 contrarium
2793 5403 3051 5470 quiddam
3106 5405 3384 5475 colligitur
3435 5418 3626 5458 eorum

2058 5487 2427 5552 aﬂirntatioui,
2468 5493 2560 5560 qui
2605 5491 2672 5548 tle
2710 5494 2812 5548 hoc
2847 5494 3103 5565 dogmate
3136 5498 3305 5552 locuti
3339 5507 3486 5550 sunt.
3520 5496 3623 5549 Sed

2060 5585 2460 5654 I‘PSpondcbunt
2503 5586 2604 5640 hoc
2657 5588 2820 5641 etiam
2865 5595 2969 5642 nec
3019 5588 3228 5658 justum
3285 5603 3384 5640 nec
3417 5579 3628 5656 legibus

2058 5689 2178 5728 esse
2215 5685 2540 5740 consonum,
2577 5684 2633 5728 ut
2673 5674 2977 5730 manifestis
3005 5677 3333 5745 posthabitis
3365 5674 3641 5746 ambigua

2061 5765 2334 5835 sequenda
2381 5764 2539 5820 sint:
2588 5774 2776 5821 contra
2828 5767 2995 5832 enim,
3045 5785 3108 5824 ex
3162 5767 3634 5828 manifestissimis
