  <div class='ocr_page' id='page_1' title='image "/cluster/home/n/w/nwhite01/storage/ocr_20150623/160/mdp.39015078384693/267.png"; bbox 0 0 4170 6294; ppageno 0'>
   <div class='ocr_carea' id='block_1_1' title="bbox 603 355 712 421">
    <p class='ocr_par' dir='ltr' id='par_1_1' title="bbox 603 355 712 421">
     <span class='ocr_line' id='line_1_1' title="bbox 603 355 712 421; baseline -0.037 0"><span class='ocrx_word' id='word_1_1' title='bbox 603 355 712 421; x_wconf 74' lang='lat'><strong>519</strong></span> 
     </span>
    </p>
   </div>
   <div class='ocr_carea' id='block_1_2' title="bbox 1690 346 2772 414">
    <p class='ocr_par' dir='ltr' id='par_1_2' title="bbox 1690 346 2772 414">
     <span class='ocr_line' id='line_1_2' title="bbox 1690 346 2772 414; baseline -0.003 -5"><span class='ocrx_word' id='word_1_2' title='bbox 1690 350 2077 411; x_wconf 81' lang='lat' dir='ltr'><strong>GENNADII</strong></span> <span class='ocrx_word' id='word_1_3' title='bbox 2102 349 2214 414; x_wconf 75' lang='grc' dir='ltr'><strong>ΟΡ.</strong></span> <span class='ocrx_word' id='word_1_4' title='bbox 2249 346 2772 413; x_wconf 77' lang='lat' dir='ltr'><strong>PATRIARCH/E</strong></span> 
     </span>
    </p>
   </div>
   <div class='ocr_carea' id='block_1_3' title="bbox 3773 342 3877 401">
    <p class='ocr_par' dir='ltr' id='par_1_3' title="bbox 3773 342 3877 401">
     <span class='ocr_line' id='line_1_3' title="bbox 3773 342 3877 401; baseline 0.019 -2"><span class='ocrx_word' id='word_1_5' title='bbox 3773 342 3877 401; x_wconf 67' lang='grc' dir='ltr'><strong>εἶθ</strong></span> 
     </span>
    </p>
   </div>
   <div class='ocr_carea' id='block_1_4' title="bbox 587 453 2194 542">
    <p class='ocr_par' dir='ltr' id='par_1_4' title="bbox 587 466 2182 542">
     <span class='ocr_line' id='line_1_4' title="bbox 587 466 2182 542; baseline -0.006 -11"><span class='ocrx_word' id='word_1_6' title='bbox 587 466 725 531; x_wconf 63' lang='lat' dir='ltr'><strong>base</strong></span> <span class='ocrx_word' id='word_1_7' title='bbox 755 475 918 530; x_wconf 78' lang='lat' dir='ltr'><strong>etiam</strong></span> <span class='ocrx_word' id='word_1_8' title='bbox 964 484 1092 529; x_wconf 90' lang='lat' dir='ltr'><strong>sunt</strong></span> <span class='ocrx_word' id='word_1_9' title='bbox 1124 469 1447 542; x_wconf 85' lang='lat' dir='ltr'><strong>judicanda.</strong></span> <span class='ocrx_word' id='word_1_10' title='bbox 1487 469 1624 525; x_wconf 83' lang='lat' dir='ltr'><strong>Nam</strong></span> <span class='ocrx_word' id='word_1_11' title='bbox 1666 486 1790 542; x_wconf 81' lang='lat' dir='ltr'><strong>quae</strong></span> <span class='ocrx_word' id='word_1_12' title='bbox 1820 470 2028 525; x_wconf 85' lang='lat' dir='ltr'><strong>vocatis</strong></span> <span class='ocrx_word' id='word_1_13' title='bbox 2053 484 2182 526; x_wconf 90' lang='lat' dir='ltr'><strong>con-</strong></span> 
     </span>
    </p>
   </div>
   <div class='ocr_carea' id='block_1_5' title="bbox 2298 453 3878 542">
    <p class='ocr_par' dir='ltr' id='par_1_5' title="bbox 2298 453 3878 536">
     <span class='ocr_line' id='line_1_5' title="bbox 2298 453 3878 536; baseline -0.011 -12"><span class='ocrx_word' id='word_1_14' title='bbox 2298 468 2599 536; x_wconf 67' lang='grc' dir='ltr'>καταφάσει</span> <span class='ocrx_word' id='word_1_15' title='bbox 2633 460 3042 533; x_wconf 83' lang='grc' dir='ltr'>συνηγοροῦντα</span> <span class='ocrx_word' id='word_1_16' title='bbox 3074 458 3291 519; x_wconf 79' lang='grc' dir='ltr'>πάντως</span> <span class='ocrx_word' id='word_1_17' title='bbox 3333 455 3579 527; x_wconf 78' lang='grc' dir='ltr'>ἐδέχοντο</span> <span class='ocrx_word' id='word_1_18' title='bbox 3608 470 3623 486; x_wconf 89' lang='grc'><strong>·</strong></span> <span class='ocrx_word' id='word_1_19' title='bbox 3664 455 3731 507; x_wconf 83' lang='grc' dir='ltr'><strong>ού</strong></span> <span class='ocrx_word' id='word_1_20' title='bbox 3752 453 3878 508; x_wconf 78' lang='grc' dir='ltr'>τοῦ-</span> 
     </span>
    </p>
   </div>
   <div class='ocr_carea' id='block_1_6' title="bbox 610 560 2185 626">
    <p class='ocr_par' dir='ltr' id='par_1_6' title="bbox 610 560 2185 626">
     <span class='ocr_line' id='line_1_6' title="bbox 610 560 2185 626; baseline -0.005 -5"><span class='ocrx_word' id='word_1_21' title='bbox 610 567 776 621; x_wconf 88' lang='lat' dir='ltr'><strong>traria</strong></span> <span class='ocrx_word' id='word_1_22' title='bbox 804 574 1117 619; x_wconf 87' lang='lat' dir='ltr'><strong>nostrorum</strong></span> <span class='ocrx_word' id='word_1_23' title='bbox 1146 564 1377 616; x_wconf 76' lang='lat' dir='ltr'><strong>fratrum</strong></span> <span class='ocrx_word' id='word_1_24' title='bbox 1409 561 1710 626; x_wconf 81' lang='lat' dir='ltr'><strong>axiomata,</strong></span> <span class='ocrx_word' id='word_1_25' title='bbox 1748 576 1855 616; x_wconf 91' lang='lat' dir='ltr'><strong>non</strong></span> <span class='ocrx_word' id='word_1_26' title='bbox 1889 577 1999 615; x_wconf 90' lang='lat' dir='ltr'><strong>uno</strong></span> <span class='ocrx_word' id='word_1_27' title='bbox 2023 560 2185 615; x_wconf 87' lang='lat' dir='ltr'><strong>modo</strong></span> 
     </span>
    </p>
   </div>
   <div class='ocr_carea' id='block_1_7' title="bbox 606 638 2189 721">
    <p class='ocr_par' dir='ltr' id='par_1_7' title="bbox 606 638 2189 721">
     <span class='ocr_line' id='line_1_7' title="bbox 606 638 2189 721; baseline -0.001 -13"><span class='ocrx_word' id='word_1_28' title='bbox 606 657 675 708; x_wconf 88' lang='lat' dir='ltr'><strong>ab</strong></span> <span class='ocrx_word' id='word_1_29' title='bbox 708 655 969 709; x_wconf 86' lang='lat' dir='ltr'><strong>omnibus</strong></span> <span class='ocrx_word' id='word_1_30' title='bbox 998 652 1276 707; x_wconf 90' lang='lat' dir='ltr'><strong>intellecta</strong></span> <span class='ocrx_word' id='word_1_31' title='bbox 1310 660 1460 714; x_wconf 81' lang='lat' dir='ltr'><strong>sunt,</strong></span> <span class='ocrx_word' id='word_1_32' title='bbox 1495 666 1524 705; x_wconf 89' lang='lat' dir='ltr'><strong>a</strong></span> <span class='ocrx_word' id='word_1_33' title='bbox 1556 638 1887 721; x_wconf 83' lang='lat' dir='ltr'><strong>quibusdam</strong></span> <span class='ocrx_word' id='word_1_34' title='bbox 1928 652 2075 706; x_wconf 90' lang='lat' dir='ltr'><strong>enim</strong></span> <span class='ocrx_word' id='word_1_35' title='bbox 2108 651 2189 707; x_wconf 86' lang='lat' dir='ltr'><strong>sic</strong></span> 
     </span>
    </p>
   </div>
   <div class='ocr_carea' id='block_1_8' title="bbox 607 741 2190 813">
    <p class='ocr_par' dir='ltr' id='par_1_8' title="bbox 607 741 2190 813">
     <span class='ocr_line' id='line_1_8' title="bbox 607 741 2190 813; baseline -0.001 -15"><span class='ocrx_word' id='word_1_36' title='bbox 607 752 830 813; x_wconf 74' lang='lat' dir='ltr'><strong>accepta</strong></span> <span class='ocrx_word' id='word_1_37' title='bbox 866 752 1013 807; x_wconf 88' lang='lat' dir='ltr'><strong>sunt,</strong></span> <span class='ocrx_word' id='word_1_38' title='bbox 1042 741 1201 813; x_wconf 83' lang='lat' dir='ltr'><strong>quasi</strong></span> <span class='ocrx_word' id='word_1_39' title='bbox 1221 741 1583 812; x_wconf 73' lang='lat' dir='ltr'><strong>negationem</strong></span> <span class='ocrx_word' id='word_1_40' title='bbox 1612 741 1990 797; x_wconf 85' lang='lat' dir='ltr'><strong>concludentia</strong></span> <span class='ocrx_word' id='word_1_41' title='bbox 2024 757 2038 797; x_wconf 91' lang='lat'><strong>:</strong></span> <span class='ocrx_word' id='word_1_42' title='bbox 2066 742 2190 811; x_wconf 84' lang='lat' dir='ltr'><strong>qni-</strong></span> 
     </span>
    </p>
   </div>
   <div class='ocr_carea' id='block_1_9' title="bbox 607 833 2187 903">
    <p class='ocr_par' dir='ltr' id='par_1_9' title="bbox 607 833 2187 903">
     <span class='ocr_line' id='line_1_9' title="bbox 607 833 2187 903; baseline -0.001 -14"><span class='ocrx_word' id='word_1_43' title='bbox 607 838 732 889; x_wconf 87' lang='lat' dir='ltr'><strong>dam</strong></span> <span class='ocrx_word' id='word_1_44' title='bbox 785 848 916 889; x_wconf 84' lang='lat' dir='ltr'><strong>vero</strong></span> <span class='ocrx_word' id='word_1_45' title='bbox 969 835 1099 901; x_wconf 79' lang='lat' dir='ltr'><strong>illa,</strong></span> <span class='ocrx_word' id='word_1_46' title='bbox 1152 845 1213 888; x_wconf 90' lang='lat' dir='ltr'><strong>ut</strong></span> <span class='ocrx_word' id='word_1_47' title='bbox 1279 833 1630 887; x_wconf 75' lang='lat' dir='ltr'><strong>aﬂirmationi</strong></span> <span class='ocrx_word' id='word_1_48' title='bbox 1682 848 1907 903; x_wconf 81' lang='lat' dir='ltr'><strong>prorsus</strong></span> <span class='ocrx_word' id='word_1_49' title='bbox 1953 833 2187 888; x_wconf 70' lang='lat' dir='ltr'><strong>faventia</strong></span> 
     </span>
    </p>
   </div>
   <div class='ocr_carea' id='block_1_10' title="bbox 611 926 2189 996">
    <p class='ocr_par' dir='ltr' id='par_1_10' title="bbox 611 926 2189 996">
     <span class='ocr_line' id='line_1_10' title="bbox 611 926 2189 996; baseline -0.001 -15"><span class='ocrx_word' id='word_1_50' title='bbox 611 928 1036 993; x_wconf 60' lang='lat' dir='ltr'><strong>intellexerunt;</strong></span> <span class='ocrx_word' id='word_1_51' title='bbox 1067 942 1252 996; x_wconf 83' lang='lat' dir='ltr'><strong>neque</strong></span> <span class='ocrx_word' id='word_1_52' title='bbox 1278 927 1337 981; x_wconf 89' lang='lat' dir='ltr'><strong>id</strong></span> <span class='ocrx_word' id='word_1_53' title='bbox 1372 926 1575 991; x_wconf 82' lang='lat' dir='ltr'><strong>solum,</strong></span> <span class='ocrx_word' id='word_1_54' title='bbox 1602 926 1703 981; x_wconf 83' lang='lat' dir='ltr'><strong>sed</strong></span> <span class='ocrx_word' id='word_1_55' title='bbox 1747 926 1936 981; x_wconf 79' lang='lat' dir='ltr'><strong>multis</strong></span> <span class='ocrx_word' id='word_1_56' title='bbox 1965 940 2189 996; x_wconf 84' lang='lat' dir='ltr'><strong>quoque</strong></span> 
     </span>
    </p>
   </div>
   <div class='ocr_carea' id='block_1_11' title="bbox 615 1016 2189 1083">
    <p class='ocr_par' dir='ltr' id='par_1_11' title="bbox 615 1016 2189 1083">
     <span class='ocr_line' id='line_1_11' title="bbox 615 1016 2189 1083; baseline -0.002 -13"><span class='ocrx_word' id='word_1_57' title='bbox 615 1018 742 1071; x_wconf 71' lang='lat' dir='ltr'><strong>a&#39;lris</strong></span> <span class='ocrx_word' id='word_1_58' title='bbox 769 1018 1055 1071; x_wconf 91' lang='lat' dir='ltr'><strong>doctorum</strong></span> <span class='ocrx_word' id='word_1_59' title='bbox 1082 1016 1501 1070; x_wconf 73' lang='lat' dir='ltr'><strong>auctoritatibus</strong></span> <span class='ocrx_word' id='word_1_60' title='bbox 1535 1016 1617 1070; x_wconf 88' lang='lat' dir='ltr'><strong>usi</strong></span> <span class='ocrx_word' id='word_1_61' title='bbox 1638 1023 1774 1069; x_wconf 78' lang='lat' dir='ltr'><strong>sunt</strong></span> <span class='ocrx_word' id='word_1_62' title='bbox 1790 1026 1993 1070; x_wconf 73' lang='lat' dir='ltr'><strong>vestra:</strong></span> <span class='ocrx_word' id='word_1_63' title='bbox 2023 1030 2189 1083; x_wconf 73' lang='lat' dir='ltr'><strong>nega-</strong></span> 
     </span>
    </p>
   </div>
   <div class='ocr_carea' id='block_1_12' title="bbox 614 1106 2189 1178">
    <p class='ocr_par' dir='ltr' id='par_1_12' title="bbox 614 1106 2189 1178">
     <span class='ocr_line' id='line_1_12' title="bbox 614 1106 2189 1178; baseline -0.001 -16"><span class='ocrx_word' id='word_1_64' title='bbox 614 1111 780 1164; x_wconf 82' lang='lat' dir='ltr'><strong>tionis</strong></span> <span class='ocrx_word' id='word_1_65' title='bbox 813 1110 1154 1163; x_wconf 71' lang='lat' dir='ltr'><strong>defensores.</strong></span> <span class='ocrx_word' id='word_1_66' title='bbox 1193 1109 1377 1173; x_wconf 84' lang='lat' dir='ltr'><strong>Quare</strong></span> <span class='ocrx_word' id='word_1_67' title='bbox 1414 1106 1562 1178; x_wconf 90' lang='lat' dir='ltr'><strong>quod</strong></span> <span class='ocrx_word' id='word_1_68' title='bbox 1591 1108 1657 1161; x_wconf 91' lang='lat' dir='ltr'><strong>ad</strong></span> <span class='ocrx_word' id='word_1_69' title='bbox 1695 1108 1811 1161; x_wconf 67' lang='lat' dir='ltr'><strong>haec</strong></span> <span class='ocrx_word' id='word_1_70' title='bbox 1836 1108 2189 1177; x_wconf 86' lang='lat' dir='ltr'><strong>pronuntiata</strong></span> 
     </span>
    </p>
   </div>
   <div class='ocr_carea' id='block_1_13' title="bbox 612 1198 2190 1269">
    <p class='ocr_par' dir='ltr' id='par_1_13' title="bbox 612 1198 2190 1269">
     <span class='ocr_line' id='line_1_13' title="bbox 612 1198 2190 1269; baseline 0 -18"><span class='ocrx_word' id='word_1_71' title='bbox 612 1202 828 1266; x_wconf 76' lang='lat' dir='ltr'><strong>atliltel,</strong></span> <span class='ocrx_word' id='word_1_72' title='bbox 872 1215 976 1254; x_wconf 91' lang='lat' dir='ltr'><strong>non</strong></span> <span class='ocrx_word' id='word_1_73' title='bbox 1022 1200 1198 1269; x_wconf 78' lang='lat' dir='ltr'><strong>magis</strong></span> <span class='ocrx_word' id='word_1_74' title='bbox 1234 1198 1465 1252; x_wconf 82' lang='lat' dir='ltr'><strong>aliorum</strong></span> <span class='ocrx_word' id='word_1_75' title='bbox 1512 1198 1733 1254; x_wconf 83' lang='lat' dir='ltr'><strong>silentio</strong></span> <span class='ocrx_word' id='word_1_76' title='bbox 1782 1198 2038 1252; x_wconf 87' lang='lat' dir='ltr'><strong>standum</strong></span> <span class='ocrx_word' id='word_1_77' title='bbox 2084 1208 2190 1264; x_wconf 89' lang='lat' dir='ltr'><strong>est,</strong></span> 
     </span>
    </p>
   </div>
   <div class='ocr_carea' id='block_1_14' title="bbox 610 1289 2189 1360">
    <p class='ocr_par' dir='ltr' id='par_1_14' title="bbox 610 1289 2189 1360">
     <span class='ocr_line' id='line_1_14' title="bbox 610 1289 2189 1360; baseline -0.001 -15"><span class='ocrx_word' id='word_1_78' title='bbox 610 1308 774 1360; x_wconf 85' lang='lat' dir='ltr'><strong>quam</strong></span> <span class='ocrx_word' id='word_1_79' title='bbox 832 1291 1040 1346; x_wconf 84' lang='lat' dir='ltr'><strong>nostris</strong></span> <span class='ocrx_word' id='word_1_80' title='bbox 1085 1289 1264 1344; x_wconf 91' lang='lat' dir='ltr'><strong>dictis.</strong></span> <span class='ocrx_word' id='word_1_81' title='bbox 1316 1290 1505 1360; x_wconf 83' lang='lat' dir='ltr'><strong>Neque</strong></span> <span class='ocrx_word' id='word_1_82' title='bbox 1553 1305 1685 1345; x_wconf 91' lang='lat' dir='ltr'><strong>vero</strong></span> <span class='ocrx_word' id='word_1_83' title='bbox 1735 1290 2066 1360; x_wconf 70' lang='lat' dir='ltr'><strong>confugietis</strong></span> <span class='ocrx_word' id='word_1_84' title='bbox 2118 1291 2189 1344; x_wconf 86' lang='lat' dir='ltr'><strong>ad</strong></span> 
     </span>
    </p>
   </div>
   <div class='ocr_carea' id='block_1_15' title="bbox 613 1382 2191 1452">
    <p class='ocr_par' dir='ltr' id='par_1_15' title="bbox 613 1382 2191 1452">
     <span class='ocr_line' id='line_1_15' title="bbox 613 1382 2191 1452; baseline 0.001 -17"><span class='ocrx_word' id='word_1_85' title='bbox 613 1383 1002 1451; x_wconf 79' lang='lat' dir='ltr'><strong>ignorantiam,</strong></span> <span class='ocrx_word' id='word_1_86' title='bbox 1028 1382 1121 1449; x_wconf 88' lang='lat' dir='ltr'><strong>qui</strong></span> <span class='ocrx_word' id='word_1_87' title='bbox 1151 1382 1266 1437; x_wconf 73' lang='lat' dir='ltr'><strong>haec</strong></span> <span class='ocrx_word' id='word_1_88' title='bbox 1292 1384 1476 1436; x_wconf 86' lang='lat' dir='ltr'><strong>omnia</strong></span> <span class='ocrx_word' id='word_1_89' title='bbox 1505 1383 1671 1452; x_wconf 85' lang='lat' dir='ltr'><strong>probe</strong></span> <span class='ocrx_word' id='word_1_90' title='bbox 1702 1382 1880 1443; x_wconf 75' lang='lat' dir='ltr'><strong>scitis.</strong></span> <span class='ocrx_word' id='word_1_91' title='bbox 1910 1391 1964 1436; x_wconf 91' lang='lat' dir='ltr'><strong>et</strong></span> <span class='ocrx_word' id='word_1_92' title='bbox 1987 1382 2191 1438; x_wconf 87' lang='lat' dir='ltr'><strong>multos</strong></span> 
     </span>
    </p>
   </div>
   <div class='ocr_carea' id='block_1_16' title="bbox 613 1471 2193 1541">
    <p class='ocr_par' dir='ltr' id='par_1_16' title="bbox 613 1471 2193 1541">
     <span class='ocr_line' id='line_1_16' title="bbox 613 1471 2193 1541; baseline -0.001 -13"><span class='ocrx_word' id='word_1_93' title='bbox 613 1477 750 1529; x_wconf 85' lang='lat' dir='ltr'><strong>alios</strong></span> <span class='ocrx_word' id='word_1_94' title='bbox 783 1475 995 1527; x_wconf 75' lang='lat' dir='ltr'><strong>habetis</strong></span> <span class='ocrx_word' id='word_1_95' title='bbox 1049 1474 1165 1527; x_wconf 85' lang='lat' dir='ltr'><strong>suis</strong></span> <span class='ocrx_word' id='word_1_96' title='bbox 1197 1472 1664 1527; x_wconf 84' lang='lat' dir='ltr'><strong>obtestationibus</strong></span> <span class='ocrx_word' id='word_1_97' title='bbox 1699 1486 1761 1525; x_wconf 82' lang='lat' dir='ltr'><strong>ea</strong></span> <span class='ocrx_word' id='word_1_98' title='bbox 1798 1471 1955 1527; x_wconf 85' lang='lat' dir='ltr'><strong>vobis</strong></span> <span class='ocrx_word' id='word_1_99' title='bbox 1994 1486 2193 1541; x_wconf 83' lang='lat' dir='ltr'><strong>propo-</strong></span> 
     </span>
    </p>
   </div>
   <div class='ocr_carea' id='block_1_17' title="bbox 2288 546 3881 628">
    <p class='ocr_par' dir='ltr' id='par_1_17' title="bbox 2288 546 3881 628">
     <span class='ocr_line' id='line_1_17' title="bbox 2288 546 3881 628; baseline -0.009 -16"><span class='ocrx_word' id='word_1_100' title='bbox 2288 576 2350 611; x_wconf 87' lang='grc' dir='ltr'><strong>το</strong></span> <span class='ocrx_word' id='word_1_101' title='bbox 2386 559 2443 611; x_wconf 69' lang='grc' dir='ltr'>δὲ</span> <span class='ocrx_word' id='word_1_102' title='bbox 2475 558 2659 628; x_wconf 81' lang='grc' dir='ltr'>μόνον,</span> <span class='ocrx_word' id='word_1_103' title='bbox 2692 555 2830 609; x_wconf 82' lang='grc' dir='ltr'>άλλὰ</span> <span class='ocrx_word' id='word_1_104' title='bbox 2856 554 2951 607; x_wconf 80' lang='grc' dir='ltr'>καὶ</span> <span class='ocrx_word' id='word_1_105' title='bbox 2998 551 3218 612; x_wconf 83' lang='grc' dir='ltr'>πολλοῖς</span> <span class='ocrx_word' id='word_1_106' title='bbox 3249 548 3433 611; x_wconf 76' lang='grc' dir='ltr'>ἄλλοις</span> <span class='ocrx_word' id='word_1_107' title='bbox 3458 549 3524 600; x_wconf 69' lang='grc' dir='ltr'><strong>εκ</strong></span> <span class='ocrx_word' id='word_1_108' title='bbox 3581 546 3692 599; x_wconf 75' lang='grc' dir='ltr'><strong>τῶν</strong></span> <span class='ocrx_word' id='word_1_109' title='bbox 3734 546 3881 599; x_wconf 77' lang='grc' dir='ltr'>διδα·</span> 
     </span>
    </p>
   </div>
   <div class='ocr_carea' id='block_1_18' title="bbox 2291 636 3879 719">
    <p class='ocr_par' dir='ltr' id='par_1_18' title="bbox 2291 636 3879 719">
     <span class='ocr_line' id='line_1_18' title="bbox 2291 636 3879 719; baseline -0.009 -14"><span class='ocrx_word' id='word_1_110' title='bbox 2291 651 2511 705; x_wconf 84' lang='grc' dir='ltr'>σκάλων</span> <span class='ocrx_word' id='word_1_111' title='bbox 2533 651 2581 703; x_wconf 90' lang='grc' dir='ltr'><strong>οί</strong></span> <span class='ocrx_word' id='word_1_112' title='bbox 2616 649 2714 719; x_wconf 81' lang='grc' dir='ltr'>τῆς</span> <span class='ocrx_word' id='word_1_113' title='bbox 2769 646 3046 715; x_wconf 79' lang='grc' dir='ltr'><strong>ὑμετέρας</strong></span> <span class='ocrx_word' id='word_1_114' title='bbox 3092 641 3490 712; x_wconf 71' lang='grc' dir='ltr'><strong>προϊστάμενοι</strong></span> <span class='ocrx_word' id='word_1_115' title='bbox 3548 636 3879 707; x_wconf 76' lang='grc' dir='ltr'>άποφάοεως</span> 
     </span>
    </p>
   </div>
   <div class='ocr_carea' id='block_1_19' title="bbox 2291 732 3879 813">
    <p class='ocr_par' dir='ltr' id='par_1_19' title="bbox 2291 732 3879 813">
     <span class='ocr_line' id='line_1_19' title="bbox 2291 732 3879 813; baseline -0.006 -18"><span class='ocrx_word' id='word_1_116' title='bbox 2291 742 2543 813; x_wconf 58' lang='grc' dir='ltr'>ὲχνρῶντο</span> <span class='ocrx_word' id='word_1_117' title='bbox 2571 741 2757 810; x_wconf 75' lang='grc' dir='ltr'>ῥητοῖς</span> <span class='ocrx_word' id='word_1_118' title='bbox 2790 753 2808 770; x_wconf 75' lang='grc'><strong>⁸</strong></span> <span class='ocrx_word' id='word_1_119' title='bbox 2849 738 2973 792; x_wconf 81' lang='grc' dir='ltr'>ὅθεν</span> <span class='ocrx_word' id='word_1_120' title='bbox 3002 737 3065 789; x_wconf 73' lang='grc' dir='ltr'>ἐκ</span> <span class='ocrx_word' id='word_1_121' title='bbox 3096 752 3162 803; x_wconf 82' lang='grc' dir='ltr'><strong>γε</strong></span> <span class='ocrx_word' id='word_1_122' title='bbox 3189 734 3298 786; x_wconf 90' lang='grc' dir='ltr'><strong>τῶν</strong></span> <span class='ocrx_word' id='word_1_123' title='bbox 3337 733 3597 786; x_wconf 75' lang='grc' dir='ltr'><strong>τοιούτων</strong></span> <span class='ocrx_word' id='word_1_124' title='bbox 3631 732 3695 785; x_wconf 77' lang='grc' dir='ltr'><strong>ού</strong></span> <span class='ocrx_word' id='word_1_125' title='bbox 3743 732 3879 800; x_wconf 78' lang='grc' dir='ltr'><strong>μᾶλ-</strong></span> 
     </span>
    </p>
   </div>
   <div class='ocr_carea' id='block_1_20' title="bbox 2290 822 3879 903">
    <p class='ocr_par' dir='ltr' id='par_1_20' title="bbox 2290 822 3879 903">
     <span class='ocr_line' id='line_1_20' title="bbox 2290 822 3879 903; baseline -0.008 -17"><span class='ocrx_word' id='word_1_126' title='bbox 2290 836 2382 887; x_wconf 90' lang='grc' dir='ltr'><strong>λον</strong></span> <span class='ocrx_word' id='word_1_127' title='bbox 2414 836 2480 903; x_wconf 79' lang='grc' dir='ltr'>τῇ</span> <span class='ocrx_word' id='word_1_128' title='bbox 2514 834 2698 902; x_wconf 80' lang='grc' dir='ltr'>σιωπῇ</span> <span class='ocrx_word' id='word_1_129' title='bbox 2721 830 2833 883; x_wconf 84' lang='grc' dir='ltr'><strong>τῶν</strong></span> <span class='ocrx_word' id='word_1_130' title='bbox 2857 830 3033 884; x_wconf 76' lang='grc' dir='ltr'>ἄλλων</span> <span class='ocrx_word' id='word_1_131' title='bbox 3061 828 3094 897; x_wconf 78' lang='grc' dir='ltr'>ἢ</span> <span class='ocrx_word' id='word_1_132' title='bbox 3125 830 3238 889; x_wconf 83' lang='grc' dir='ltr'>τοῖς</span> <span class='ocrx_word' id='word_1_133' title='bbox 3274 825 3567 893; x_wconf 69' lang='grc' dir='ltr'>ἡμετέροις</span> <span class='ocrx_word' id='word_1_134' title='bbox 3586 822 3769 890; x_wconf 71' lang='grc' dir='ltr'>λόγοις</span> <span class='ocrx_word' id='word_1_135' title='bbox 3802 823 3879 874; x_wconf 79' lang='grc' dir='ltr'>τί·</span> 
     </span>
    </p>
   </div>
   <div class='ocr_carea' id='block_1_21' title="bbox 2294 913 3880 994">
    <p class='ocr_par' dir='ltr' id='par_1_21' title="bbox 2294 913 3880 994">
     <span class='ocr_line' id='line_1_21' title="bbox 2294 913 3880 994; baseline -0.008 -17"><span class='ocrx_word' id='word_1_136' title='bbox 2294 926 2485 979; x_wconf 84' lang='grc' dir='ltr'>θεσθαι</span> <span class='ocrx_word' id='word_1_137' title='bbox 2522 924 2653 994; x_wconf 84' lang='grc' dir='ltr'>χρή.</span> <span class='ocrx_word' id='word_1_138' title='bbox 2688 923 2798 975; x_wconf 70' lang='grc' dir='ltr'><strong>Καὶ</strong></span> <span class='ocrx_word' id='word_1_139' title='bbox 2821 921 2929 992; x_wconf 73' lang='grc' dir='ltr'>μὴν</span> <span class='ocrx_word' id='word_1_140' title='bbox 2948 919 3069 972; x_wconf 76' lang='grc' dir='ltr'>οὔτ’</span> <span class='ocrx_word' id='word_1_141' title='bbox 3100 919 3193 970; x_wconf 71' lang='grc' dir='ltr'><strong>ιπὶ</strong></span> <span class='ocrx_word' id='word_1_142' title='bbox 3216 919 3318 986; x_wconf 76' lang='grc' dir='ltr'>τήν</span> <span class='ocrx_word' id='word_1_143' title='bbox 3349 915 3577 978; x_wconf 80' lang='grc' dir='ltr'>ἄγνοιαν</span> <span class='ocrx_word' id='word_1_144' title='bbox 3602 913 3880 981; x_wconf 74' lang='grc' dir='ltr'>καταφεύ-</span> 
     </span>
    </p>
   </div>
   <div class='ocr_carea' id='block_1_22' title="bbox 2288 1004 3881 1080">
    <p class='ocr_par' dir='ltr' id='par_1_22' title="bbox 2288 1004 3881 1080">
     <span class='ocr_line' id='line_1_22' title="bbox 2288 1004 3881 1080; baseline -0.007 -13"><span class='ocrx_word' id='word_1_145' title='bbox 2288 1014 2473 1080; x_wconf 73' lang='grc' dir='ltr'>ξεσθε,</span> <span class='ocrx_word' id='word_1_146' title='bbox 2509 1013 2665 1068; x_wconf 76' lang='grc' dir='ltr'>αὐτοί</span> <span class='ocrx_word' id='word_1_147' title='bbox 2693 1030 2753 1066; x_wconf 84' lang='grc' dir='ltr'><strong>τε</strong></span> <span class='ocrx_word' id='word_1_148' title='bbox 2786 1012 2961 1066; x_wconf 83' lang='grc' dir='ltr'>ταῦτα</span> <span class='ocrx_word' id='word_1_149' title='bbox 3011 1011 3190 1064; x_wconf 79' lang='grc' dir='ltr'>πάντα</span> <span class='ocrx_word' id='word_1_150' title='bbox 3220 1008 3455 1070; x_wconf 69' lang='grc' dir='ltr'>εἰδότες,</span> <span class='ocrx_word' id='word_1_151' title='bbox 3514 1005 3612 1058; x_wconf 75' lang='grc' dir='ltr'>καὶ</span> <span class='ocrx_word' id='word_1_152' title='bbox 3668 1004 3881 1058; x_wconf 79' lang='grc' dir='ltr'>πολλῶν</span> 
     </span>
    </p>
   </div>
   <div class='ocr_carea' id='block_1_23' title="bbox 2293 1095 3881 1174">
    <p class='ocr_par' dir='ltr' id='par_1_23' title="bbox 2293 1095 3881 1174">
     <span class='ocr_line' id='line_1_23' title="bbox 2293 1095 3881 1174; baseline -0.011 -10"><span class='ocrx_word' id='word_1_153' title='bbox 2293 1107 2471 1164; x_wconf 75' lang='grc' dir='ltr'>ἄλλων</span> <span class='ocrx_word' id='word_1_154' title='bbox 2500 1107 2633 1174; x_wconf 82' lang='grc' dir='ltr'>ὑμῖν</span> <span class='ocrx_word' id='word_1_155' title='bbox 2659 1102 3208 1174; x_wconf 78' lang='grc' dir='ltr'>διαμαρτυρομένων.</span> <span class='ocrx_word' id='word_1_156' title='bbox 3255 1099 3350 1151; x_wconf 77' lang='grc' dir='ltr'>καὶ</span> <span class='ocrx_word' id='word_1_157' title='bbox 3393 1097 3488 1150; x_wconf 85' lang='grc' dir='ltr'><strong>τοῦ</strong></span> <span class='ocrx_word' id='word_1_158' title='bbox 3561 1097 3637 1166; x_wconf 79' lang='grc' dir='ltr'>μὴ</span> <span class='ocrx_word' id='word_1_159' title='bbox 3691 1095 3881 1164; x_wconf 80' lang='grc' dir='ltr'>βούλε-</span> 
     </span>
    </p>
   </div>
   <div class='ocr_carea' id='block_1_24' title="bbox 2294 1186 3881 1266">
    <p class='ocr_par' dir='ltr' id='par_1_24' title="bbox 2294 1186 3881 1266">
     <span class='ocr_line' id='line_1_24' title="bbox 2294 1186 3881 1266; baseline -0.009 -15"><span class='ocrx_word' id='word_1_160' title='bbox 2294 1198 2420 1251; x_wconf 69' lang='grc' dir='ltr'>σθαι</span> <span class='ocrx_word' id='word_1_161' title='bbox 2448 1196 2617 1266; x_wconf 79' lang='grc' dir='ltr'>μόνον</span> <span class='ocrx_word' id='word_1_162' title='bbox 2648 1193 2857 1264; x_wconf 78' lang='grc' dir='ltr'>εἴργειν</span> <span class='ocrx_word' id='word_1_163' title='bbox 2883 1194 3123 1261; x_wconf 71' lang='grc' dir='ltr'>ἔχοντος.</span> <span class='ocrx_word' id='word_1_164' title='bbox 3156 1191 3219 1243; x_wconf 85' lang='grc' dir='ltr'><strong>Εἰ</strong></span> <span class='ocrx_word' id='word_1_165' title='bbox 3252 1189 3307 1241; x_wconf 75' lang='grc' dir='ltr'>δὲ</span> <span class='ocrx_word' id='word_1_166' title='bbox 3344 1188 3441 1242; x_wconf 70' lang='grc' dir='ltr'><strong>καὶ</strong></span> <span class='ocrx_word' id='word_1_167' title='bbox 3474 1188 3626 1255; x_wconf 63' lang='grc' dir='ltr'>παρὰ</span> <span class='ocrx_word' id='word_1_168' title='bbox 3647 1186 3759 1239; x_wconf 83' lang='grc' dir='ltr'><strong>τῶν</strong></span> <span class='ocrx_word' id='word_1_169' title='bbox 3785 1186 3881 1238; x_wconf 79' lang='grc' dir='ltr'><strong>ἄλ-</strong></span> 
     </span>
    </p>
   </div>
   <div class='ocr_carea' id='block_1_25' title="bbox 2293 1276 3883 1355">
    <p class='ocr_par' dir='ltr' id='par_1_25' title="bbox 2293 1276 3883 1355">
     <span class='ocr_line' id='line_1_25' title="bbox 2293 1276 3883 1355; baseline -0.007 -13"><span class='ocrx_word' id='word_1_170' title='bbox 2293 1288 2403 1342; x_wconf 87' lang='grc' dir='ltr'><strong>λων</strong></span> <span class='ocrx_word' id='word_1_171' title='bbox 2433 1288 2608 1354; x_wconf 87' lang='grc' dir='ltr'>άγίων</span> <span class='ocrx_word' id='word_1_172' title='bbox 2628 1284 2946 1355; x_wconf 83' lang='grc' dir='ltr'>προτεθεῖεν</span> <span class='ocrx_word' id='word_1_173' title='bbox 2986 1282 3186 1351; x_wconf 81' lang='grc' dir='ltr'>ὀνείδη,</span> <span class='ocrx_word' id='word_1_174' title='bbox 3244 1276 3329 1343; x_wconf 75' lang='grc' dir='ltr'>οἷς</span> <span class='ocrx_word' id='word_1_175' title='bbox 3360 1281 3660 1350; x_wconf 74' lang='grc' dir='ltr'><strong>προσέχειν</strong></span> <span class='ocrx_word' id='word_1_176' title='bbox 3719 1277 3883 1345; x_wconf 69' lang='grc' dir='ltr'>δῆθεν</span> 
     </span>
    </p>
   </div>
   <div class='ocr_carea' id='block_1_26' title="bbox 2299 1371 3877 1451">
    <p class='ocr_par' dir='ltr' id='par_1_26' title="bbox 2299 1371 3877 1451">
     <span class='ocr_line' id='line_1_26' title="bbox 2299 1371 3877 1451; baseline -0.008 -17"><span class='ocrx_word' id='word_1_177' title='bbox 2299 1381 2619 1451; x_wconf 79' lang='grc' dir='ltr'><strong>βουλόμεθα,</strong></span> <span class='ocrx_word' id='word_1_178' title='bbox 2648 1378 2740 1432; x_wconf 53' lang='grc' dir='ltr'><strong>καὶ¹</strong></span> <span class='ocrx_word' id='word_1_179' title='bbox 2760 1378 2951 1430; x_wconf 69' lang='grc' dir='ltr'>’δίκαια</span> <span class='ocrx_word' id='word_1_180' title='bbox 2987 1376 3087 1446; x_wconf 80' lang='grc' dir='ltr'>μὲν</span> <span class='ocrx_word' id='word_1_181' title='bbox 3120 1373 3409 1427; x_wconf 77' lang='grc' dir='ltr'>αἰτιᾶσθαι</span> <span class='ocrx_word' id='word_1_182' title='bbox 3438 1371 3563 1434; x_wconf 77' lang='grc' dir='ltr'>τοὺς</span> <span class='ocrx_word' id='word_1_183' title='bbox 3591 1372 3877 1439; x_wconf 69' lang='grc' dir='ltr'>ἀδελφοὺς,</span> 
     </span>
    </p>
   </div>
   <div class='ocr_carea' id='block_1_27' title="bbox 2296 1462 3882 1539">
    <p class='ocr_par' dir='ltr' id='par_1_27' title="bbox 2296 1462 3882 1539">
     <span class='ocr_line' id='line_1_27' title="bbox 2296 1462 3882 1539; baseline -0.003 -20"><span class='ocrx_word' id='word_1_184' title='bbox 2296 1471 2443 1539; x_wconf 75' lang='grc' dir='ltr'>ἡμᾶς</span> <span class='ocrx_word' id='word_1_185' title='bbox 2475 1470 2531 1522; x_wconf 79' lang='grc' dir='ltr'>δὲ</span> <span class='ocrx_word' id='word_1_186' title='bbox 2566 1468 2818 1538; x_wconf 80' lang='grc' dir='ltr'>φανερῶς</span> <span class='ocrx_word' id='word_1_187' title='bbox 2840 1469 3071 1532; x_wconf 79' lang='grc' dir='ltr'>ἀδικεῖν,</span> <span class='ocrx_word' id='word_1_188' title='bbox 3094 1466 3246 1518; x_wconf 69' lang='grc' dir='ltr'>αὐτοὶ</span> <span class='ocrx_word' id='word_1_189' title='bbox 3273 1462 3318 1518; x_wconf 80' lang='grc' dir='ltr'>δ’</span> <span class='ocrx_word' id='word_1_190' title='bbox 3350 1465 3406 1517; x_wconf 78' lang='grc' dir='ltr'>ὲν</span> <span class='ocrx_word' id='word_1_191' title='bbox 3435 1463 3601 1532; x_wconf 83' lang='grc' dir='ltr'>τιμῆς</span> <span class='ocrx_word' id='word_1_192' title='bbox 3640 1462 3882 1530; x_wconf 74' lang='grc' dir='ltr'>προσχήο</span> 
     </span>
    </p>
   </div>
   <div class='ocr_carea' id='block_1_28' title="bbox 614 1556 2194 1634">
    <p class='ocr_par' dir='ltr' id='par_1_28' title="bbox 614 1564 2194 1634">
     <span class='ocr_line' id='line_1_28' title="bbox 614 1564 2194 1634; baseline -0.003 -13"><span class='ocrx_word' id='word_1_193' title='bbox 614 1578 845 1631; x_wconf 81' lang='lat' dir='ltr'><strong>nentes;</strong></span> <span class='ocrx_word' id='word_1_194' title='bbox 880 1566 1027 1619; x_wconf 82' lang='lat' dir='ltr'><strong>nihil</strong></span> <span class='ocrx_word' id='word_1_195' title='bbox 1064 1567 1211 1620; x_wconf 87' lang='lat' dir='ltr'><strong>enim</strong></span> <span class='ocrx_word' id='word_1_196' title='bbox 1260 1574 1366 1629; x_wconf 92' lang='lat' dir='ltr'><strong>est,</strong></span> <span class='ocrx_word' id='word_1_197' title='bbox 1430 1564 1579 1634; x_wconf 89' lang='lat' dir='ltr'><strong>quod</strong></span> <span class='ocrx_word' id='word_1_198' title='bbox 1628 1564 2021 1632; x_wconf 83' lang='lat' dir='ltr'><strong>impedimento</strong></span> <span class='ocrx_word' id='word_1_199' title='bbox 2070 1578 2194 1618; x_wconf 76' lang='lat' dir='ltr'><strong>esse</strong></span> 
     </span>
    </p>
   </div>
   <div class='ocr_carea' id='block_1_29' title="bbox 2298 1556 3882 1634">
    <p class='ocr_par' dir='ltr' id='par_1_29' title="bbox 2301 1556 3882 1633">
     <span class='ocr_line' id='line_1_29' title="bbox 2301 1556 3882 1633; baseline -0.006 -18"><span class='ocrx_word' id='word_1_200' title='bbox 2301 1580 2433 1633; x_wconf 83' lang='grc' dir='ltr'>ματι</span> <span class='ocrx_word' id='word_1_201' title='bbox 2489 1560 2885 1632; x_wconf 80' lang='grc' dir='ltr'>συνηδικῆσθαι</span> <span class='ocrx_word' id='word_1_202' title='bbox 2940 1560 3037 1613; x_wconf 72' lang='grc' dir='ltr'>καὶ</span> <span class='ocrx_word' id='word_1_203' title='bbox 3100 1556 3570 1624; x_wconf 77' lang='grc' dir='ltr'>συνικδεσλῆσθαι</span> <span class='ocrx_word' id='word_1_204' title='bbox 3649 1558 3882 1624; x_wconf 76' lang='grc' dir='ltr'><strong>φήσειαν</strong></span> 
     </span>
    </p>
   </div>
   <div class='ocr_carea' id='block_1_30' title="bbox 614 1647 2194 1729">
    <p class='ocr_par' dir='ltr' id='par_1_30' title="bbox 614 1655 2194 1729">
     <span class='ocr_line' id='line_1_30' title="bbox 614 1655 2194 1729; baseline -0.003 -15"><span class='ocrx_word' id='word_1_205' title='bbox 614 1660 808 1729; x_wconf 82' lang='lat' dir='ltr'><strong>possit,</strong></span> <span class='ocrx_word' id='word_1_206' title='bbox 847 1658 950 1712; x_wconf 84' lang='lat' dir='ltr'><strong>nisi</strong></span> <span class='ocrx_word' id='word_1_207' title='bbox 986 1674 1093 1712; x_wconf 86' lang='lat' dir='ltr'><strong>una</strong></span> <span class='ocrx_word' id='word_1_208' title='bbox 1126 1658 1398 1712; x_wconf 74' lang='lat' dir='ltr'><strong>voluntas.</strong></span> <span class='ocrx_word' id='word_1_209' title='bbox 1434 1656 1588 1723; x_wconf 86' lang='lat' dir='ltr'><strong>Quod</strong></span> <span class='ocrx_word' id='word_1_210' title='bbox 1620 1655 1669 1710; x_wconf 88' lang='lat' dir='ltr'><strong>si</strong></span> <span class='ocrx_word' id='word_1_211' title='bbox 1702 1656 1939 1710; x_wconf 78' lang='lat' dir='ltr'><strong>aiiorum</strong></span> <span class='ocrx_word' id='word_1_212' title='bbox 1973 1671 2194 1727; x_wconf 74' lang='lat' dir='ltr'><strong>quoque</strong></span> 
     </span>
    </p>
   </div>
   <div class='ocr_carea' id='block_1_31' title="bbox 2298 1647 3885 1729">
    <p class='ocr_par' dir='ltr' id='par_1_31' title="bbox 2298 1647 3885 1725">
     <span class='ocr_line' id='line_1_31' title="bbox 2298 1647 3885 1725; baseline -0.008 -17"><span class='ocrx_word' id='word_1_213' title='bbox 2298 1655 2663 1725; x_wconf 17' lang='grc' dir='ltr'>,παρελθόντες</span> <span class='ocrx_word' id='word_1_214' title='bbox 2694 1669 2709 1682; x_wconf 77' lang='grc'><strong><em>⁸</em></strong></span> <span class='ocrx_word' id='word_1_215' title='bbox 2742 1654 2805 1706; x_wconf 79' lang='grc' dir='ltr'><strong>οὐ</strong></span> <span class='ocrx_word' id='word_1_216' title='bbox 2837 1654 2965 1721; x_wconf 73' lang='grc' dir='ltr'>γὰρ,</span> <span class='ocrx_word' id='word_1_217' title='bbox 2997 1648 3177 1721; x_wconf 73' lang='grc' dir='ltr'>οἶμαι,</span> <span class='ocrx_word' id='word_1_218' title='bbox 3203 1649 3551 1705; x_wconf 79' lang='grc' dir='ltr'><strong>στασιάσουσι</strong></span> <span class='ocrx_word' id='word_1_219' title='bbox 3599 1648 3735 1718; x_wconf 72' lang='grc' dir='ltr'>πρὸς</span> <span class='ocrx_word' id='word_1_220' title='bbox 3791 1647 3885 1700; x_wconf 71' lang='grc' dir='ltr'><strong>ά)-</strong></span> 
     </span>
    </p>
   </div>
   <div class='ocr_carea' id='block_1_32' title="bbox 616 1741 2194 1819">
    <p class='ocr_par' dir='ltr' id='par_1_32' title="bbox 616 1747 2193 1819">
     <span class='ocr_line' id='line_1_32' title="bbox 616 1747 2193 1819; baseline -0.002 -13"><span class='ocrx_word' id='word_1_221' title='bbox 616 1762 934 1806; x_wconf 80' lang='lat' dir='ltr'><strong>sanctorum</strong></span> <span class='ocrx_word' id='word_1_222' title='bbox 961 1749 1307 1819; x_wconf 88' lang='lat' dir='ltr'><strong>proferantur</strong></span> <span class='ocrx_word' id='word_1_223' title='bbox 1333 1748 1595 1817; x_wconf 75' lang='lat' dir='ltr'><strong>querelae,</strong></span> <span class='ocrx_word' id='word_1_224' title='bbox 1622 1762 1760 1817; x_wconf 86' lang='lat' dir='ltr'><strong>quas</strong></span> <span class='ocrx_word' id='word_1_225' title='bbox 1782 1749 1983 1803; x_wconf 85' lang='lat' dir='ltr'><strong>missas</strong></span> <span class='ocrx_word' id='word_1_226' title='bbox 2012 1747 2193 1803; x_wconf 86' lang='lat' dir='ltr'><strong>facere</strong></span> 
     </span>
    </p>
   </div>
   <div class='ocr_carea' id='block_1_33' title="bbox 2298 1741 3883 1819">
    <p class='ocr_par' dir='ltr' id='par_1_33' title="bbox 2298 1741 3883 1815">
     <span class='ocr_line' id='line_1_33' title="bbox 2298 1741 3883 1815; baseline -0.004 -17"><span class='ocrx_word' id='word_1_227' title='bbox 2298 1744 2514 1815; x_wconf 81' lang='grc' dir='ltr'>λήλους,</span> <span class='ocrx_word' id='word_1_228' title='bbox 2549 1744 2640 1797; x_wconf 74' lang='grc' dir='ltr'>καὶ</span> <span class='ocrx_word' id='word_1_229' title='bbox 2678 1744 2938 1797; x_wconf 84' lang='grc' dir='ltr'>τάναντία</span> <span class='ocrx_word' id='word_1_230' title='bbox 2967 1745 3098 1814; x_wconf 66' lang='grc' dir='ltr'><strong>περ)⁸</strong></span> <span class='ocrx_word' id='word_1_231' title='bbox 3146 1743 3304 1813; x_wconf 75' lang='grc' dir='ltr'>ἡμῶν</span> <span class='ocrx_word' id='word_1_232' title='bbox 3359 1741 3691 1812; x_wconf 71' lang='grc' dir='ltr'>ψηφιοῦνται</span> <span class='ocrx_word' id='word_1_233' title='bbox 3723 1757 3741 1773; x_wconf 87' lang='grc'>⁶</span> <span class='ocrx_word' id='word_1_234' title='bbox 3798 1741 3883 1804; x_wconf 86' lang='grc' dir='ltr'><strong>τίς</strong></span> 
     </span>
    </p>
   </div>
   <div class='ocr_carea' id='block_1_34' title="bbox 618 1823 2194 1910">
    <p class='ocr_par' dir='ltr' id='par_1_34' title="bbox 618 1838 2194 1908">
     <span class='ocr_line' id='line_1_34' title="bbox 618 1838 2194 1908; baseline -0.001 -15"><span class='ocrx_word' id='word_1_235' title='bbox 618 1840 844 1895; x_wconf 76' lang='lat' dir='ltr'><strong>minime</strong></span> <span class='ocrx_word' id='word_1_236' title='bbox 895 1840 1175 1904; x_wconf 89' lang='lat' dir='ltr'><strong>volumus,</strong></span> <span class='ocrx_word' id='word_1_237' title='bbox 1215 1839 1358 1908; x_wconf 91' lang='lat' dir='ltr'><strong>quod</strong></span> <span class='ocrx_word' id='word_1_238' title='bbox 1394 1839 1592 1892; x_wconf 82' lang='lat' dir='ltr'><strong>fratres</strong></span> <span class='ocrx_word' id='word_1_239' title='bbox 1615 1838 1848 1906; x_wconf 79' lang='lat' dir='ltr'><strong>quidem</strong></span> <span class='ocrx_word' id='word_1_240' title='bbox 1879 1838 2028 1907; x_wconf 79' lang='lat' dir='ltr'><strong>juste</strong></span> <span class='ocrx_word' id='word_1_241' title='bbox 2057 1853 2194 1893; x_wconf 89' lang='lat' dir='ltr'><strong>con-</strong></span> 
     </span>
    </p>
   </div>
   <div class='ocr_carea' id='block_1_35' title="bbox 2298 1823 3885 1910">
    <p class='ocr_par' dir='ltr' id='par_1_35' title="bbox 2300 1833 3885 1910">
     <span class='ocr_line' id='line_1_35' title="bbox 2300 1833 3885 1910; baseline -0.008 -18"><span class='ocrx_word' id='word_1_242' title='bbox 2300 1840 2431 1910; x_wconf 75' lang='grc' dir='ltr'>ἡμῖν</span> <span class='ocrx_word' id='word_1_243' title='bbox 2487 1838 2676 1891; x_wconf 73' lang='grc' dir='ltr'>λοιπον</span> <span class='ocrx_word' id='word_1_244' title='bbox 2708 1836 2863 1891; x_wconf 75' lang='grc' dir='ltr'>ἔσται</span> <span class='ocrx_word' id='word_1_245' title='bbox 2894 1838 3225 1906; x_wconf 65' lang='grc' dir='ltr'>καταφυγῆς</span> <span class='ocrx_word' id='word_1_246' title='bbox 3264 1834 3323 1887; x_wconf 73' lang='grc' dir='ltr'>τὸ</span> <span class='ocrx_word' id='word_1_247' title='bbox 3368 1834 3425 1887; x_wconf 68' lang='grc' dir='ltr'>δὲ</span> <span class='ocrx_word' id='word_1_248' title='bbox 3470 1835 3679 1903; x_wconf 75' lang='grc' dir='ltr'>μεῖζον,</span> <span class='ocrx_word' id='word_1_249' title='bbox 3719 1833 3885 1887; x_wconf 86' lang='grc' dir='ltr'>άπαι.</span> 
     </span>
    </p>
   </div>
   <div class='ocr_carea' id='block_1_36' title="bbox 617 1928 2196 2001">
    <p class='ocr_par' dir='ltr' id='par_1_36' title="bbox 617 1928 2196 2001">
     <span class='ocr_line' id='line_1_36' title="bbox 617 1928 2196 2001; baseline 0 -16"><span class='ocrx_word' id='word_1_250' title='bbox 617 1941 942 2001; x_wconf 85' lang='lat' dir='ltr'><strong>querantur,</strong></span> <span class='ocrx_word' id='word_1_251' title='bbox 994 1946 1095 1985; x_wconf 89' lang='lat' dir='ltr'><strong>nos</strong></span> <span class='ocrx_word' id='word_1_252' title='bbox 1130 1945 1260 1984; x_wconf 88' lang='lat' dir='ltr'><strong>vero</strong></span> <span class='ocrx_word' id='word_1_253' title='bbox 1309 1929 1591 1999; x_wconf 75' lang='lat' dir='ltr'><strong>propalam</strong></span> <span class='ocrx_word' id='word_1_254' title='bbox 1637 1928 1782 1983; x_wconf 85' lang='lat' dir='ltr'><strong>haud</strong></span> <span class='ocrx_word' id='word_1_255' title='bbox 1835 1944 1992 1999; x_wconf 63' lang='lat' dir='ltr'><strong>aqua</strong></span> <span class='ocrx_word' id='word_1_256' title='bbox 2034 1929 2196 1985; x_wconf 78' lang='lat' dir='ltr'><strong>iance</strong></span> 
     </span>
    </p>
   </div>
   <div class='ocr_carea' id='block_1_37' title="bbox 618 2023 2193 2093">
    <p class='ocr_par' dir='ltr' id='par_1_37' title="bbox 618 2023 2193 2093">
     <span class='ocr_line' id='line_1_37' title="bbox 618 2023 2193 2093; baseline 0.001 -15"><span class='ocrx_word' id='word_1_257' title='bbox 618 2033 861 2090; x_wconf 70' lang='lat' dir='ltr'><strong>utamur,</strong></span> <span class='ocrx_word' id='word_1_258' title='bbox 895 2039 1065 2093; x_wconf 88' lang='lat' dir='ltr'><strong>seque</strong></span> <span class='ocrx_word' id='word_1_259' title='bbox 1094 2023 1281 2078; x_wconf 85' lang='lat' dir='ltr'><strong>dicant</strong></span> <span class='ocrx_word' id='word_1_260' title='bbox 1316 2023 1543 2078; x_wconf 82' lang='lat' dir='ltr'><strong>honoris</strong></span> <span class='ocrx_word' id='word_1_261' title='bbox 1572 2031 1835 2093; x_wconf 63' lang='lat' dir='ltr'><strong>praetextu</strong></span> <span class='ocrx_word' id='word_1_262' title='bbox 1866 2023 2036 2079; x_wconf 80' lang='lat' dir='ltr'><strong>simul</strong></span> <span class='ocrx_word' id='word_1_263' title='bbox 2067 2039 2193 2079; x_wconf 85' lang='lat' dir='ltr'><strong>cum</strong></span> 
     </span>
    </p>
   </div>
   <div class='ocr_carea' id='block_1_38' title="bbox 618 2114 2195 2184">
    <p class='ocr_par' dir='ltr' id='par_1_38' title="bbox 618 2114 2195 2184">
     <span class='ocr_line' id='line_1_38' title="bbox 618 2114 2195 2184; baseline -0.001 -13"><span class='ocrx_word' id='word_1_264' title='bbox 618 2117 729 2171; x_wconf 81' lang='lat' dir='ltr'><strong>illis</strong></span> <span class='ocrx_word' id='word_1_265' title='bbox 760 2115 988 2171; x_wconf 72' lang='lat' dir='ltr'><strong>allectos</strong></span> <span class='ocrx_word' id='word_1_266' title='bbox 1041 2129 1167 2170; x_wconf 87' lang='lat' dir='ltr'><strong>esse</strong></span> <span class='ocrx_word' id='word_1_267' title='bbox 1222 2114 1447 2183; x_wconf 85' lang='lat' dir='ltr'><strong>injuria,</strong></span> <span class='ocrx_word' id='word_1_268' title='bbox 1488 2114 1769 2184; x_wconf 79' lang='lat' dir='ltr'><strong>simulque</strong></span> <span class='ocrx_word' id='word_1_269' title='bbox 1819 2114 2098 2184; x_wconf 70' lang='lat' dir='ltr'><strong>explosae.</strong></span> <span class='ocrx_word' id='word_1_270' title='bbox 2144 2115 2195 2171; x_wconf 86' lang='lat' dir='ltr'><strong>si</strong></span> 
     </span>
    </p>
   </div>
   <div class='ocr_carea' id='block_1_39' title="bbox 616 2204 2198 2276">
    <p class='ocr_par' dir='ltr' id='par_1_39' title="bbox 616 2204 2198 2276">
     <span class='ocr_line' id='line_1_39' title="bbox 616 2204 2198 2276; baseline -0.001 -15"><span class='ocrx_word' id='word_1_271' title='bbox 616 2206 948 2276; x_wconf 85' lang='lat' dir='ltr'><strong>prodeuntes</strong></span> <span class='ocrx_word' id='word_1_272' title='bbox 995 2206 1052 2261; x_wconf 88' lang='lat' dir='ltr'><strong>in</strong></span> <span class='ocrx_word' id='word_1_273' title='bbox 1110 2205 1354 2259; x_wconf 90' lang='lat' dir='ltr'><strong>medium</strong></span> <span class='ocrx_word' id='word_1_274' title='bbox 1390 2204 1511 2259; x_wconf 75' lang='lat' dir='ltr'><strong>inec</strong></span> <span class='ocrx_word' id='word_1_275' title='bbox 1542 2204 1624 2259; x_wconf 81' lang='lat' dir='ltr'><strong>illi</strong></span> <span class='ocrx_word' id='word_1_276' title='bbox 1664 2204 1928 2274; x_wconf 89' lang='lat' dir='ltr'><strong>objiciant</strong></span> <span class='ocrx_word' id='word_1_277' title='bbox 1965 2221 1980 2261; x_wconf 90' lang='lat'><strong>:</strong></span> <span class='ocrx_word' id='word_1_278' title='bbox 2018 2218 2198 2274; x_wconf 81' lang='lat' dir='ltr'><strong>neque</strong></span> 
     </span>
    </p>
   </div>
   <div class='ocr_carea' id='block_1_40' title="bbox 618 2294 2197 2367">
    <p class='ocr_par' dir='ltr' id='par_1_40' title="bbox 618 2294 2197 2367">
     <span class='ocr_line' id='line_1_40' title="bbox 618 2294 2197 2367; baseline -0.003 -13"><span class='ocrx_word' id='word_1_279' title='bbox 618 2299 763 2354; x_wconf 87' lang='lat' dir='ltr'><strong>enim</strong></span> <span class='ocrx_word' id='word_1_280' title='bbox 787 2298 861 2353; x_wconf 89' lang='lat' dir='ltr'><strong>ibi</strong></span> <span class='ocrx_word' id='word_1_281' title='bbox 888 2310 1111 2367; x_wconf 87' lang='lat' dir='ltr'><strong>quoque</strong></span> <span class='ocrx_word' id='word_1_282' title='bbox 1131 2297 1460 2357; x_wconf 73' lang='lat' dir='ltr'><strong>contrarias,</strong></span> <span class='ocrx_word' id='word_1_283' title='bbox 1483 2294 1701 2364; x_wconf 81' lang='lat' dir='ltr'><strong>opinor,</strong></span> <span class='ocrx_word' id='word_1_284' title='bbox 1737 2304 2039 2364; x_wconf 79' lang='lat' dir='ltr'><strong>sequentur</strong></span> <span class='ocrx_word' id='word_1_285' title='bbox 2068 2309 2197 2364; x_wconf 82' lang='lat' dir='ltr'><strong>par-</strong></span> 
     </span>
    </p>
   </div>
   <div class='ocr_carea' id='block_1_41' title="bbox 609 2387 2195 2457">
    <p class='ocr_par' dir='ltr' id='par_1_41' title="bbox 609 2387 2195 2457">
     <span class='ocr_line' id='line_1_41' title="bbox 609 2387 2195 2457; baseline -0.003 -10"><span class='ocrx_word' id='word_1_286' title='bbox 609 2400 722 2456; x_wconf 75' lang='lat' dir='ltr'><strong>tes,</strong></span> <span class='ocrx_word' id='word_1_287' title='bbox 751 2400 819 2446; x_wconf 89' lang='lat' dir='ltr'><strong>et</strong></span> <span class='ocrx_word' id='word_1_288' title='bbox 844 2390 1149 2445; x_wconf 79' lang='lat' dir='ltr'><strong>sententias</strong></span> <span class='ocrx_word' id='word_1_289' title='bbox 1178 2387 1244 2443; x_wconf 85' lang='lat' dir='ltr'><strong>de</strong></span> <span class='ocrx_word' id='word_1_290' title='bbox 1280 2388 1448 2442; x_wconf 80' lang='lat' dir='ltr'><strong>nobis</strong></span> <span class='ocrx_word' id='word_1_291' title='bbox 1489 2387 1930 2457; x_wconf 85' lang='lat' dir='ltr'><strong>pronuntiabunt</strong></span> <span class='ocrx_word' id='word_1_292' title='bbox 1973 2387 2195 2457; x_wconf 86' lang='lat' dir='ltr'><strong>opposi-</strong></span> 
     </span>
    </p>
   </div>
   <div class='ocr_carea' id='block_1_42' title="bbox 608 2476 2197 2553">
    <p class='ocr_par' dir='ltr' id='par_1_42' title="bbox 608 2476 2197 2553">
     <span class='ocr_line' id='line_1_42' title="bbox 608 2476 2197 2553; baseline -0.003 -15"><span class='ocrx_word' id='word_1_293' title='bbox 608 2489 701 2539; x_wconf 63' lang='lat' dir='ltr'><strong>tas</strong></span> <span class='ocrx_word' id='word_1_294' title='bbox 728 2500 741 2536; x_wconf 88' lang='lat'><strong>:</strong></span> <span class='ocrx_word' id='word_1_295' title='bbox 774 2481 900 2553; x_wconf 84' lang='lat' dir='ltr'><strong>quid</strong></span> <span class='ocrx_word' id='word_1_296' title='bbox 926 2481 1119 2549; x_wconf 75' lang='lat' dir='ltr'><strong>nobis,</strong></span> <span class='ocrx_word' id='word_1_297' title='bbox 1148 2493 1356 2548; x_wconf 74' lang='lat' dir='ltr'><strong>quaeso,</strong></span> <span class='ocrx_word' id='word_1_298' title='bbox 1390 2478 1583 2547; x_wconf 77' lang='lat' dir='ltr'><strong>refugii</strong></span> <span class='ocrx_word' id='word_1_299' title='bbox 1615 2477 1922 2548; x_wconf 80' lang='lat' dir='ltr'><strong>supererit?</strong></span> <span class='ocrx_word' id='word_1_300' title='bbox 1954 2476 2021 2531; x_wconf 83' lang='lat' dir='ltr'><strong>Et</strong></span> <span class='ocrx_word' id='word_1_301' title='bbox 2053 2477 2197 2547; x_wconf 71' lang='lat' dir='ltr'><strong>quod</strong></span> 
     </span>
    </p>
   </div>
   <div class='ocr_carea' id='block_1_43' title="bbox 618 2569 2200 2643">
    <p class='ocr_par' dir='ltr' id='par_1_43' title="bbox 618 2569 2200 2643">
     <span class='ocr_line' id='line_1_43' title="bbox 618 2569 2200 2643; baseline -0.004 -15"><span class='ocrx_word' id='word_1_302' title='bbox 618 2573 799 2643; x_wconf 80' lang='lat' dir='ltr'><strong>majus</strong></span> <span class='ocrx_word' id='word_1_303' title='bbox 846 2580 954 2635; x_wconf 85' lang='lat' dir='ltr'><strong>est,</strong></span> <span class='ocrx_word' id='word_1_304' title='bbox 999 2570 1306 2641; x_wconf 86' lang='lat' dir='ltr'><strong>reposcenti</strong></span> <span class='ocrx_word' id='word_1_305' title='bbox 1344 2586 1373 2624; x_wconf 89' lang='lat' dir='ltr'><strong>a</strong></span> <span class='ocrx_word' id='word_1_306' title='bbox 1428 2569 1591 2624; x_wconf 88' lang='lat' dir='ltr'><strong>nobis</strong></span> <span class='ocrx_word' id='word_1_307' title='bbox 1626 2569 1851 2624; x_wconf 88' lang='lat' dir='ltr'><strong>domino</strong></span> <span class='ocrx_word' id='word_1_308' title='bbox 1901 2583 2113 2639; x_wconf 90' lang='lat' dir='ltr'><strong>pacem,</strong></span> <span class='ocrx_word' id='word_1_309' title='bbox 2146 2576 2200 2622; x_wconf 90' lang='lat' dir='ltr'><strong>et</strong></span> 
     </span>
    </p>
   </div>
   <div class='ocr_carea' id='block_1_44' title="bbox 610 2659 2199 2731">
    <p class='ocr_par' dir='ltr' id='par_1_44' title="bbox 610 2659 2199 2731">
     <span class='ocr_line' id='line_1_44' title="bbox 610 2659 2199 2731; baseline -0.002 -15"><span class='ocrx_word' id='word_1_310' title='bbox 610 2662 865 2718; x_wconf 78' lang='lat' dir='ltr'><strong>veritatis</strong></span> <span class='ocrx_word' id='word_1_311' title='bbox 920 2661 1335 2731; x_wconf 80' lang='lat' dir='ltr'><strong>cognitionem;</strong></span> <span class='ocrx_word' id='word_1_312' title='bbox 1395 2675 1629 2730; x_wconf 91' lang='lat' dir='ltr'><strong>quarum</strong></span> <span class='ocrx_word' id='word_1_313' title='bbox 1686 2660 1775 2714; x_wconf 84' lang='lat' dir='ltr'><strong>illa</strong></span> <span class='ocrx_word' id='word_1_314' title='bbox 1828 2659 2049 2730; x_wconf 88' lang='lat' dir='ltr'><strong>quidem</strong></span> <span class='ocrx_word' id='word_1_315' title='bbox 2082 2673 2199 2715; x_wconf 88' lang='lat' dir='ltr'><strong>ser—</strong></span> 
     </span>
    </p>
   </div>
   <div class='ocr_carea' id='block_1_45' title="bbox 616 2750 2199 2821">
    <p class='ocr_par' dir='ltr' id='par_1_45' title="bbox 616 2750 2199 2821">
     <span class='ocr_line' id='line_1_45' title="bbox 616 2750 2199 2821; baseline -0.001 -13"><span class='ocrx_word' id='word_1_316' title='bbox 616 2754 795 2808; x_wconf 83' lang='lat' dir='ltr'><strong>vanda</strong></span> <span class='ocrx_word' id='word_1_317' title='bbox 826 2760 946 2807; x_wconf 92' lang='lat' dir='ltr'><strong>erat</strong></span> <span class='ocrx_word' id='word_1_318' title='bbox 976 2768 1005 2807; x_wconf 90' lang='lat' dir='ltr'><strong>a</strong></span> <span class='ocrx_word' id='word_1_319' title='bbox 1040 2752 1201 2808; x_wconf 90' lang='lat' dir='ltr'><strong>nobis</strong></span> <span class='ocrx_word' id='word_1_320' title='bbox 1230 2751 1402 2806; x_wconf 88' lang='lat' dir='ltr'><strong>veluti</strong></span> <span class='ocrx_word' id='word_1_321' title='bbox 1436 2750 1732 2806; x_wconf 75' lang='lat' dir='ltr'><strong>haereditas</strong></span> <span class='ocrx_word' id='word_1_322' title='bbox 1762 2750 2009 2821; x_wconf 63' lang='lat' dir='ltr'><strong>quaedam</strong></span> <span class='ocrx_word' id='word_1_323' title='bbox 2042 2764 2057 2804; x_wconf 91' lang='lat'><strong>:</strong></span> <span class='ocrx_word' id='word_1_324' title='bbox 2085 2750 2199 2807; x_wconf 65' lang='lat' dir='ltr'><strong>bac</strong></span> 
     </span>
    </p>
   </div>
   <div class='ocr_carea' id='block_1_46' title="bbox 613 2830 2197 2912">
    <p class='ocr_par' dir='ltr' id='par_1_46' title="bbox 613 2830 2197 2912">
     <span class='ocr_line' id='line_1_46' title="bbox 613 2830 2197 2912; baseline -0.001 -14"><span class='ocrx_word' id='word_1_325' title='bbox 613 2857 753 2899; x_wconf 84' lang='lat' dir='ltr'><strong>vero</strong></span> <span class='ocrx_word' id='word_1_326' title='bbox 787 2858 853 2898; x_wconf 77' lang='lat' dir='ltr'><strong>es</strong></span> <span class='ocrx_word' id='word_1_327' title='bbox 890 2844 995 2897; x_wconf 88' lang='lat' dir='ltr'><strong>hac</strong></span> <span class='ocrx_word' id='word_1_328' title='bbox 1027 2842 1136 2896; x_wconf 87' lang='lat' dir='ltr'><strong>vita</strong></span> <span class='ocrx_word' id='word_1_329' title='bbox 1162 2830 1517 2912; x_wconf 73' lang='lat' dir='ltr'><strong>asportanda,</strong></span> <span class='ocrx_word' id='word_1_330' title='bbox 1546 2840 1694 2911; x_wconf 90' lang='lat' dir='ltr'><strong>quod</strong></span> <span class='ocrx_word' id='word_1_331' title='bbox 1728 2856 1823 2910; x_wconf 90' lang='lat' dir='ltr'><strong>pcr</strong></span> <span class='ocrx_word' id='word_1_332' title='bbox 1847 2855 2011 2895; x_wconf 84' lang='lat' dir='ltr'><strong>unam</strong></span> <span class='ocrx_word' id='word_1_333' title='bbox 2048 2840 2197 2896; x_wconf 77' lang='lat' dir='ltr'><strong>illam</strong></span> 
     </span>
    </p>
   </div>
   <div class='ocr_carea' id='block_1_47' title="bbox 619 2924 2199 3006">
    <p class='ocr_par' dir='ltr' id='par_1_47' title="bbox 619 2924 2199 3006">
     <span class='ocr_line' id='line_1_47' title="bbox 619 2924 2199 3006; baseline -0.002 -16"><span class='ocrx_word' id='word_1_334' title='bbox 619 2936 694 2990; x_wconf 89' lang='lat' dir='ltr'><strong>sit</strong></span> <span class='ocrx_word' id='word_1_335' title='bbox 737 2933 898 2990; x_wconf 82' lang='lat' dir='ltr'><strong>nobis</strong></span> <span class='ocrx_word' id='word_1_336' title='bbox 938 2924 1087 2989; x_wconf 87' lang='lat' dir='ltr'><strong>salus</strong></span> <span class='ocrx_word' id='word_1_337' title='bbox 1125 2951 1140 2989; x_wconf 93' lang='lat'><strong>:</strong></span> <span class='ocrx_word' id='word_1_338' title='bbox 1176 2933 1307 3006; x_wconf 89' lang='lat' dir='ltr'><strong>quid</strong></span> <span class='ocrx_word' id='word_1_339' title='bbox 1346 2932 1507 3003; x_wconf 86' lang='lat' dir='ltr'><strong>plane</strong></span> <span class='ocrx_word' id='word_1_340' title='bbox 1542 2933 1941 3002; x_wconf 76' lang='lat' dir='ltr'><strong>respondentes</strong></span> <span class='ocrx_word' id='word_1_341' title='bbox 1976 2946 2086 2986; x_wconf 91' lang='lat' dir='ltr'><strong>non</strong></span> <span class='ocrx_word' id='word_1_342' title='bbox 2117 2932 2199 2987; x_wconf 83' lang='lat' dir='ltr'><strong>vi-</strong></span> 
     </span>
    </p>
   </div>
   <div class='ocr_carea' id='block_1_48' title="bbox 617 3023 2200 3095">
    <p class='ocr_par' dir='ltr' id='par_1_48' title="bbox 617 3023 2200 3095">
     <span class='ocr_line' id='line_1_48' title="bbox 617 3023 2200 3095; baseline -0.002 -13"><span class='ocrx_word' id='word_1_343' title='bbox 617 3027 853 3082; x_wconf 72' lang='lat' dir='ltr'><strong>deamur</strong></span> <span class='ocrx_word' id='word_1_344' title='bbox 891 3026 1119 3095; x_wconf 83' lang='lat' dir='ltr'><strong>insuper</strong></span> <span class='ocrx_word' id='word_1_345' title='bbox 1168 3034 1223 3079; x_wconf 89' lang='lat' dir='ltr'><strong>et</strong></span> <span class='ocrx_word' id='word_1_346' title='bbox 1271 3023 1585 3095; x_wconf 87' lang='lat' dir='ltr'><strong>petulantes</strong></span> <span class='ocrx_word' id='word_1_347' title='bbox 1633 3037 1776 3089; x_wconf 88' lang='lat' dir='ltr'><strong>esse,</strong></span> <span class='ocrx_word' id='word_1_348' title='bbox 1827 3037 1892 3077; x_wconf 90' lang='lat' dir='ltr'><strong>ac</strong></span> <span class='ocrx_word' id='word_1_349' title='bbox 1936 3023 2086 3095; x_wconf 77' lang='lat' dir='ltr'><strong>digni</strong></span> <span class='ocrx_word' id='word_1_350' title='bbox 2131 3024 2200 3079; x_wconf 85' lang='lat' dir='ltr'><strong>de</strong></span> 
     </span>
    </p>
   </div>
   <div class='ocr_carea' id='block_1_49' title="bbox 617 3112 2201 3189">
    <p class='ocr_par' dir='ltr' id='par_1_49' title="bbox 617 3112 2201 3189">
     <span class='ocr_line' id='line_1_49' title="bbox 617 3112 2201 3189; baseline -0.001 -16"><span class='ocrx_word' id='word_1_351' title='bbox 617 3118 823 3189; x_wconf 82' lang='lat' dir='ltr'><strong>quibus</strong></span> <span class='ocrx_word' id='word_1_352' title='bbox 885 3119 1173 3187; x_wconf 70' lang='lat' dir='ltr'><strong>graviores</strong></span> <span class='ocrx_word' id='word_1_353' title='bbox 1230 3130 1407 3187; x_wconf 68' lang='lat' dir='ltr'><strong>poena:</strong></span> <span class='ocrx_word' id='word_1_354' title='bbox 1453 3115 1787 3171; x_wconf 75' lang='lat' dir='ltr'><strong>sumantur?</strong></span> <span class='ocrx_word' id='word_1_355' title='bbox 1839 3112 1975 3171; x_wconf 80' lang='lat' dir='ltr'><strong>Nam</strong></span> <span class='ocrx_word' id='word_1_356' title='bbox 2024 3132 2201 3187; x_wconf 90' lang='lat' dir='ltr'><strong>neque</strong></span> 
     </span>
    </p>
   </div>
   <div class='ocr_carea' id='block_1_50' title="bbox 619 3205 2201 3280">
    <p class='ocr_par' dir='ltr' id='par_1_50' title="bbox 619 3205 2201 3280">
     <span class='ocr_line' id='line_1_50' title="bbox 619 3205 2201 3280; baseline -0.001 -14"><span class='ocrx_word' id='word_1_357' title='bbox 619 3211 1032 3280; x_wconf 79' lang='lat' dir='ltr'><strong>Scripturarum</strong></span> <span class='ocrx_word' id='word_1_358' title='bbox 1073 3208 1464 3263; x_wconf 86' lang='lat' dir='ltr'><strong>obscuritatem</strong></span> <span class='ocrx_word' id='word_1_359' title='bbox 1516 3205 1832 3271; x_wconf 75' lang='lat' dir='ltr'><strong>aﬂ&#39;ercmus,</strong></span> <span class='ocrx_word' id='word_1_360' title='bbox 1866 3207 2026 3278; x_wconf 86' lang='lat' dir='ltr'><strong>cujus</strong></span> <span class='ocrx_word' id='word_1_361' title='bbox 2058 3209 2201 3264; x_wconf 87' lang='lat' dir='ltr'><strong>adeo</strong></span> 
     </span>
    </p>
   </div>
   <div class='ocr_carea' id='block_1_51' title="bbox 619 3300 2203 3371">
    <p class='ocr_par' dir='ltr' id='par_1_51' title="bbox 619 3300 2203 3371">
     <span class='ocr_line' id='line_1_51' title="bbox 619 3300 2203 3371; baseline -0.002 -13"><span class='ocrx_word' id='word_1_362' title='bbox 619 3303 823 3359; x_wconf 84' lang='lat' dir='ltr'><strong>multos</strong></span> <span class='ocrx_word' id='word_1_363' title='bbox 855 3301 1142 3357; x_wconf 82' lang='lat' dir='ltr'><strong>constituit</strong></span> <span class='ocrx_word' id='word_1_364' title='bbox 1176 3301 1335 3359; x_wconf 86' lang='lat' dir='ltr'><strong>nobis</strong></span> <span class='ocrx_word' id='word_1_365' title='bbox 1378 3302 1716 3369; x_wconf 82' lang='lat' dir='ltr'><strong>interpretes</strong></span> <span class='ocrx_word' id='word_1_366' title='bbox 1746 3317 1764 3355; x_wconf 88' lang='lat'><strong>:</strong></span> <span class='ocrx_word' id='word_1_367' title='bbox 1801 3315 1977 3371; x_wconf 86' lang='lat' dir='ltr'><strong>neque</strong></span> <span class='ocrx_word' id='word_1_368' title='bbox 2010 3300 2203 3356; x_wconf 87' lang='lat' dir='ltr'><strong>docto-</strong></span> 
     </span>
    </p>
   </div>
   <div class='ocr_carea' id='block_1_52' title="bbox 623 3393 2200 3464">
    <p class='ocr_par' dir='ltr' id='par_1_52' title="bbox 623 3393 2200 3464">
     <span class='ocr_line' id='line_1_52' title="bbox 623 3393 2200 3464; baseline 0 -15"><span class='ocrx_word' id='word_1_369' title='bbox 623 3410 711 3452; x_wconf 88' lang='lat' dir='ltr'><strong>res</strong></span> <span class='ocrx_word' id='word_1_370' title='bbox 739 3395 1132 3451; x_wconf 79' lang='lat' dir='ltr'><strong>advocabimus</strong></span> <span class='ocrx_word' id='word_1_371' title='bbox 1158 3401 1444 3464; x_wconf 86' lang='lat' dir='ltr'><strong>patronos,</strong></span> <span class='ocrx_word' id='word_1_372' title='bbox 1473 3393 1585 3464; x_wconf 89' lang='lat' dir='ltr'><strong>jam</strong></span> <span class='ocrx_word' id='word_1_373' title='bbox 1615 3393 1744 3449; x_wconf 90' lang='lat' dir='ltr'><strong>olim</strong></span> <span class='ocrx_word' id='word_1_374' title='bbox 1771 3403 1921 3450; x_wconf 89' lang='lat' dir='ltr'><strong>certe</strong></span> <span class='ocrx_word' id='word_1_375' title='bbox 1953 3394 2200 3450; x_wconf 88' lang='lat' dir='ltr'><strong>damnati</strong></span> 
     </span>
    </p>
   </div>
   <div class='ocr_carea' id='block_1_53' title="bbox 619 3485 2203 3555">
    <p class='ocr_par' dir='ltr' id='par_1_53' title="bbox 619 3485 2203 3555">
     <span class='ocr_line' id='line_1_53' title="bbox 619 3485 2203 3555; baseline -0.001 -12"><span class='ocrx_word' id='word_1_376' title='bbox 619 3489 689 3543; x_wconf 85' lang='lat' dir='ltr'><strong>ab</strong></span> <span class='ocrx_word' id='word_1_377' title='bbox 721 3489 848 3543; x_wconf 90' lang='lat' dir='ltr'><strong>illis.</strong></span> <span class='ocrx_word' id='word_1_378' title='bbox 882 3486 1037 3555; x_wconf 86' lang='lat' dir='ltr'><strong>Quod</strong></span> <span class='ocrx_word' id='word_1_379' title='bbox 1061 3488 1107 3541; x_wconf 86' lang='lat' dir='ltr'><strong>si</strong></span> <span class='ocrx_word' id='word_1_380' title='bbox 1151 3486 1316 3541; x_wconf 85' lang='lat' dir='ltr'><strong>etiam</strong></span> <span class='ocrx_word' id='word_1_381' title='bbox 1353 3485 1630 3550; x_wconf 75' lang='lat' dir='ltr'><strong>aﬂuerint,</strong></span> <span class='ocrx_word' id='word_1_382' title='bbox 1664 3486 1718 3540; x_wconf 90' lang='lat' dir='ltr'><strong>bi</strong></span> <span class='ocrx_word' id='word_1_383' title='bbox 1752 3485 1973 3554; x_wconf 89' lang='lat' dir='ltr'><strong>quidem</strong></span> <span class='ocrx_word' id='word_1_384' title='bbox 2010 3502 2203 3542; x_wconf 89' lang='lat' dir='ltr'><strong>rursus</strong></span> 
     </span>
    </p>
   </div>
   <div class='ocr_carea' id='block_1_54' title="bbox 621 3578 2203 3649">
    <p class='ocr_par' dir='ltr' id='par_1_54' title="bbox 621 3578 2203 3649">
     <span class='ocr_line' id='line_1_54' title="bbox 621 3578 2203 3649; baseline -0.001 -15"><span class='ocrx_word' id='word_1_385' title='bbox 621 3588 907 3646; x_wconf 86' lang='lat' dir='ltr'><strong>tacentes,</strong></span> <span class='ocrx_word' id='word_1_386' title='bbox 941 3578 1019 3633; x_wconf 91' lang='lat' dir='ltr'><strong>illi</strong></span> <span class='ocrx_word' id='word_1_387' title='bbox 1055 3593 1189 3634; x_wconf 90' lang='lat' dir='ltr'><strong>vero</strong></span> <span class='ocrx_word' id='word_1_388' title='bbox 1221 3589 1413 3649; x_wconf 90' lang='lat' dir='ltr'><strong>aperte</strong></span> <span class='ocrx_word' id='word_1_389' title='bbox 1443 3578 1720 3633; x_wconf 65' lang='lat' dir='ltr'><strong>contraria</strong></span> <span class='ocrx_word' id='word_1_390' title='bbox 1752 3578 2070 3634; x_wconf 86' lang='lat' dir='ltr'><strong>testimonio</strong></span> <span class='ocrx_word' id='word_1_391' title='bbox 2100 3593 2203 3634; x_wconf 89' lang='lat' dir='ltr'><strong>suo</strong></span> 
     </span>
    </p>
   </div>
   <div class='ocr_carea' id='block_1_55' title="bbox 618 3658 2200 3741">
    <p class='ocr_par' dir='ltr' id='par_1_55' title="bbox 618 3658 2200 3741">
     <span class='ocr_line' id='line_1_55' title="bbox 618 3658 2200 3741; baseline -0.001 -17"><span class='ocrx_word' id='word_1_392' title='bbox 618 3671 885 3737; x_wconf 75' lang='lat' dir='ltr'><strong>dicentes,</strong></span> <span class='ocrx_word' id='word_1_393' title='bbox 924 3685 1032 3725; x_wconf 89' lang='lat' dir='ltr'><strong>non</strong></span> <span class='ocrx_word' id='word_1_394' title='bbox 1063 3670 1384 3741; x_wconf 85' lang='lat' dir='ltr'><strong>permittent</strong></span> <span class='ocrx_word' id='word_1_395' title='bbox 1419 3669 1619 3739; x_wconf 88' lang='lat' dir='ltr'><strong>judici,</strong></span> <span class='ocrx_word' id='word_1_396' title='bbox 1658 3658 1718 3725; x_wconf 86' lang='grc' dir='ltr'>ιιι</span> <span class='ocrx_word' id='word_1_397' title='bbox 1759 3670 1849 3724; x_wconf 84' lang='lat' dir='ltr'><strong>diu</strong></span> <span class='ocrx_word' id='word_1_398' title='bbox 1881 3670 1947 3725; x_wconf 89' lang='lat' dir='ltr'><strong>de</strong></span> <span class='ocrx_word' id='word_1_399' title='bbox 1974 3670 2200 3725; x_wconf 77' lang='lat' dir='ltr'><strong>ferenda</strong></span> 
     </span>
    </p>
   </div>
   <div class='ocr_carea' id='block_1_56' title="bbox 618 3760 2198 3831">
    <p class='ocr_par' dir='ltr' id='par_1_56' title="bbox 618 3760 2198 3831">
     <span class='ocr_line' id='line_1_56' title="bbox 618 3760 2198 3831; baseline -0.001 -13"><span class='ocrx_word' id='word_1_400' title='bbox 618 3763 892 3819; x_wconf 85' lang='lat' dir='ltr'><strong>sententia</strong></span> <span class='ocrx_word' id='word_1_401' title='bbox 938 3763 1161 3831; x_wconf 75' lang='lat' dir='ltr'><strong>cogitet.</strong></span> <span class='ocrx_word' id='word_1_402' title='bbox 1220 3760 1330 3818; x_wconf 79' lang='lat' dir='ltr'><strong>Seu</strong></span> <span class='ocrx_word' id='word_1_403' title='bbox 1384 3777 1564 3831; x_wconf 88' lang='lat' dir='ltr'><strong>neque</strong></span> <span class='ocrx_word' id='word_1_404' title='bbox 1611 3762 1939 3817; x_wconf 85' lang='lat' dir='ltr'><strong>audebimus</strong></span> <span class='ocrx_word' id='word_1_405' title='bbox 1994 3762 2198 3828; x_wconf 89' lang='lat' dir='ltr'><strong>dicere,</strong></span> 
     </span>
    </p>
   </div>
   <div class='ocr_carea' id='block_1_57' title="bbox 617 3855 2199 3925">
    <p class='ocr_par' dir='ltr' id='par_1_57' title="bbox 617 3855 2199 3925">
     <span class='ocr_line' id='line_1_57' title="bbox 617 3855 2199 3925; baseline -0.001 -15"><span class='ocrx_word' id='word_1_406' title='bbox 617 3856 818 3912; x_wconf 89' lang='lat' dir='ltr'><strong>melius</strong></span> <span class='ocrx_word' id='word_1_407' title='bbox 874 3871 905 3910; x_wconf 83' lang='lat' dir='ltr'><strong>a</strong></span> <span class='ocrx_word' id='word_1_408' title='bbox 963 3857 1124 3910; x_wconf 84' lang='lat' dir='ltr'><strong>nobis</strong></span> <span class='ocrx_word' id='word_1_409' title='bbox 1159 3870 1325 3925; x_wconf 87' lang='lat' dir='ltr'><strong>quam</strong></span> <span class='ocrx_word' id='word_1_410' title='bbox 1393 3859 1461 3909; x_wconf 93' lang='lat' dir='ltr'><strong>ab</strong></span> <span class='ocrx_word' id='word_1_411' title='bbox 1514 3855 1621 3910; x_wconf 91' lang='lat' dir='ltr'><strong>illis</strong></span> <span class='ocrx_word' id='word_1_412' title='bbox 1671 3856 1933 3909; x_wconf 89' lang='lat' dir='ltr'><strong>omnibus</strong></span> <span class='ocrx_word' id='word_1_413' title='bbox 1970 3856 2199 3924; x_wconf 75' lang='lat' dir='ltr'><strong>intelligi</strong></span> 
     </span>
    </p>
   </div>
   <div class='ocr_carea' id='block_1_58' title="bbox 618 3946 2197 4020">
    <p class='ocr_par' dir='ltr' id='par_1_58' title="bbox 618 3946 2197 4020">
     <span class='ocr_line' id='line_1_58' title="bbox 618 3946 2197 4020; baseline -0.001 -14"><span class='ocrx_word' id='word_1_414' title='bbox 618 3950 935 4020; x_wconf 87' lang='lat' dir='ltr'><strong>Scripturas</strong></span> <span class='ocrx_word' id='word_1_415' title='bbox 962 3968 976 4004; x_wconf 88' lang='lat'><strong>:</strong></span> <span class='ocrx_word' id='word_1_416' title='bbox 1004 3964 1181 4018; x_wconf 89' lang='lat' dir='ltr'><strong>neque</strong></span> <span class='ocrx_word' id='word_1_417' title='bbox 1209 3947 1342 4002; x_wconf 91' lang='lat' dir='ltr'><strong>illud</strong></span> <span class='ocrx_word' id='word_1_418' title='bbox 1374 3948 1533 4002; x_wconf 78' lang='lat' dir='ltr'><strong>enixe</strong></span> <span class='ocrx_word' id='word_1_419' title='bbox 1563 3946 1982 4014; x_wconf 75' lang='lat' dir='ltr'><strong>aﬂirmabimus,</strong></span> <span class='ocrx_word' id='word_1_420' title='bbox 2008 3964 2197 4018; x_wconf 88' lang='lat' dir='ltr'><strong>pacem</strong></span> 
     </span>
    </p>
   </div>
   <div class='ocr_carea' id='block_1_59' title="bbox 615 4040 2197 4114">
    <p class='ocr_par' dir='ltr' id='par_1_59' title="bbox 615 4040 2197 4114">
     <span class='ocr_line' id='line_1_59' title="bbox 615 4040 2197 4114; baseline -0.001 -15"><span class='ocrx_word' id='word_1_421' title='bbox 615 4055 838 4114; x_wconf 82' lang='lat' dir='ltr'><strong>Optasse</strong></span> <span class='ocrx_word' id='word_1_422' title='bbox 890 4043 1135 4113; x_wconf 89' lang='lat' dir='ltr'><strong>quidem,</strong></span> <span class='ocrx_word' id='word_1_423' title='bbox 1183 4041 1280 4096; x_wconf 86' lang='lat' dir='ltr'><strong>sed</strong></span> <span class='ocrx_word' id='word_1_424' title='bbox 1332 4040 1553 4107; x_wconf 88' lang='lat' dir='ltr'><strong>assequi</strong></span> <span class='ocrx_word' id='word_1_425' title='bbox 1600 4055 1710 4095; x_wconf 88' lang='lat' dir='ltr'><strong>non</strong></span> <span class='ocrx_word' id='word_1_426' title='bbox 1763 4041 2009 4111; x_wconf 89' lang='lat' dir='ltr'><strong>potuisse</strong></span> <span class='ocrx_word' id='word_1_427' title='bbox 2043 4060 2056 4096; x_wconf 90' lang='lat'>:</span> <span class='ocrx_word' id='word_1_428' title='bbox 2090 4056 2197 4112; x_wconf 89' lang='lat' dir='ltr'><strong>qua</strong></span> 
     </span>
    </p>
   </div>
   <div class='ocr_carea' id='block_1_60' title="bbox 617 4126 2200 4201">
    <p class='ocr_par' dir='ltr' id='par_1_60' title="bbox 617 4126 2200 4201">
     <span class='ocr_line' id='line_1_60' title="bbox 617 4126 2200 4201; baseline 0 -10"><span class='ocrx_word' id='word_1_429' title='bbox 617 4137 766 4191; x_wconf 88' lang='lat' dir='ltr'><strong>enim</strong></span> <span class='ocrx_word' id='word_1_430' title='bbox 802 4135 983 4189; x_wconf 90' lang='lat' dir='ltr'><strong>fronte</strong></span> <span class='ocrx_word' id='word_1_431' title='bbox 1017 4135 1121 4188; x_wconf 90' lang='lat' dir='ltr'><strong>boe</strong></span> <span class='ocrx_word' id='word_1_432' title='bbox 1148 4126 1421 4197; x_wconf 72' lang='lat' dir='ltr'><strong>dicamus,</strong></span> <span class='ocrx_word' id='word_1_433' title='bbox 1452 4132 1546 4201; x_wconf 88' lang='lat' dir='ltr'><strong>qui</strong></span> <span class='ocrx_word' id='word_1_434' title='bbox 1577 4132 1832 4189; x_wconf 87' lang='lat' dir='ltr'><strong>doctores</strong></span> <span class='ocrx_word' id='word_1_435' title='bbox 1860 4134 2025 4188; x_wconf 86' lang='lat' dir='ltr'><strong>ctiam</strong></span> <span class='ocrx_word' id='word_1_436' title='bbox 2060 4135 2200 4191; x_wconf 91' lang='lat' dir='ltr'><strong>inter</strong></span> 
     </span>
    </p>
   </div>
   <div class='ocr_carea' id='block_1_61' title="bbox 614 4227 2196 4298">
    <p class='ocr_par' dir='ltr' id='par_1_61' title="bbox 614 4227 2196 4298">
     <span class='ocr_line' id='line_1_61' title="bbox 614 4227 2196 4298; baseline 0.001 -14"><span class='ocrx_word' id='word_1_437' title='bbox 614 4244 675 4284; x_wconf 88' lang='lat' dir='ltr'><strong>se</strong></span> <span class='ocrx_word' id='word_1_438' title='bbox 708 4228 1059 4283; x_wconf 88' lang='lat' dir='ltr'><strong>committere</strong></span> <span class='ocrx_word' id='word_1_439' title='bbox 1094 4227 1454 4289; x_wconf 89' lang='lat' dir='ltr'><strong>voluerimus,</strong></span> <span class='ocrx_word' id='word_1_440' title='bbox 1493 4242 1729 4298; x_wconf 87' lang='lat' dir='ltr'><strong>quorum</strong></span> <span class='ocrx_word' id='word_1_441' title='bbox 1774 4228 2065 4282; x_wconf 85' lang='lat' dir='ltr'><strong>concordia</strong></span> <span class='ocrx_word' id='word_1_442' title='bbox 2101 4229 2196 4285; x_wconf 90' lang='lat' dir='ltr'><strong>dc-</strong></span> 
     </span>
    </p>
   </div>
   <div class='ocr_carea' id='block_1_62' title="bbox 613 4319 2195 4377">
    <p class='ocr_par' dir='ltr' id='par_1_62' title="bbox 613 4319 2195 4377">
     <span class='ocr_line' id='line_1_62' title="bbox 613 4319 2195 4377; baseline 0.001 -2"><span class='ocrx_word' id='word_1_443' title='bbox 613 4321 775 4376; x_wconf 90' lang='lat' dir='ltr'><strong>bcbat</strong></span> <span class='ocrx_word' id='word_1_444' title='bbox 825 4336 856 4376; x_wconf 88' lang='lat' dir='ltr'><strong>e</strong></span> <span class='ocrx_word' id='word_1_445' title='bbox 910 4321 1090 4375; x_wconf 91' lang='lat' dir='ltr'><strong>medio</strong></span> <span class='ocrx_word' id='word_1_446' title='bbox 1152 4319 1343 4374; x_wconf 90' lang='lat' dir='ltr'><strong>tollere</strong></span> <span class='ocrx_word' id='word_1_447' title='bbox 1400 4328 1591 4373; x_wconf 87' lang='lat' dir='ltr'><strong>nostra</strong></span> <span class='ocrx_word' id='word_1_448' title='bbox 1652 4319 1956 4375; x_wconf 77' lang='lat' dir='ltr'><strong>scandala?</strong></span> <span class='ocrx_word' id='word_1_449' title='bbox 2008 4319 2195 4377; x_wconf 88' lang='lat' dir='ltr'><strong>Satius</strong></span> 
     </span>
    </p>
   </div>
   <div class='ocr_carea' id='block_1_63' title="bbox 613 4412 2195 4492">
    <p class='ocr_par' dir='ltr' id='par_1_63' title="bbox 613 4412 2195 4492">
     <span class='ocr_line' id='line_1_63' title="bbox 613 4412 2195 4492; baseline 0.002 -26"><span class='ocrx_word' id='word_1_450' title='bbox 613 4415 778 4484; x_wconf 89' lang='lat' dir='ltr'><strong>plane</strong></span> <span class='ocrx_word' id='word_1_451' title='bbox 809 4414 913 4469; x_wconf 90' lang='lat' dir='ltr'><strong>erit</strong></span> <span class='ocrx_word' id='word_1_452' title='bbox 949 4421 1156 4478; x_wconf 87' lang='lat' dir='ltr'><strong>tacere,</strong></span> <span class='ocrx_word' id='word_1_453' title='bbox 1185 4427 1309 4467; x_wconf 81' lang='lat' dir='ltr'><strong>cum</strong></span> <span class='ocrx_word' id='word_1_454' title='bbox 1344 4412 1490 4467; x_wconf 80' lang='lat' dir='ltr'><strong>nulla</strong></span> <span class='ocrx_word' id='word_1_455' title='bbox 1526 4412 1683 4468; x_wconf 87' lang='lat' dir='ltr'><strong>nobis</strong></span> <span class='ocrx_word' id='word_1_456' title='bbox 1713 4413 1897 4467; x_wconf 88' lang='lat' dir='ltr'><strong>futura</strong></span> <span class='ocrx_word' id='word_1_457' title='bbox 1929 4413 1999 4469; x_wconf 90' lang='lat' dir='ltr'><strong>sit</strong></span> <span class='ocrx_word' id='word_1_458' title='bbox 2026 4428 2195 4492; x_wconf 75' lang='lat' dir='ltr'><strong>excu-</strong></span> 
     </span>
    </p>
   </div>
   <div class='ocr_carea' id='block_1_64' title="bbox 2297 1925 3882 2006">
    <p class='ocr_par' dir='ltr' id='par_1_64' title="bbox 2297 1925 3882 2006">
     <span class='ocr_line' id='line_1_64' title="bbox 2297 1925 3882 2006; baseline -0.004 -20"><span class='ocrx_word' id='word_1_459' title='bbox 2297 1930 2482 1986; x_wconf 83' lang='grc' dir='ltr'>τοῦντι</span> <span class='ocrx_word' id='word_1_460' title='bbox 2516 1931 2593 2003; x_wconf 84' lang='grc' dir='ltr'>τῷ</span> <span class='ocrx_word' id='word_1_461' title='bbox 2616 1932 2851 2006; x_wconf 75' lang='grc' dir='ltr'>δεσπότῃ</span> <span class='ocrx_word' id='word_1_462' title='bbox 2875 1930 3007 2002; x_wconf 82' lang='grc' dir='ltr'>παρ’</span> <span class='ocrx_word' id='word_1_463' title='bbox 3036 1931 3196 2000; x_wconf 80' lang='grc' dir='ltr'>ἡμῶν</span> <span class='ocrx_word' id='word_1_464' title='bbox 3225 1929 3325 1998; x_wconf 78' lang='grc' dir='ltr'><strong>τὴν</strong></span> <span class='ocrx_word' id='word_1_465' title='bbox 3346 1929 3572 1999; x_wconf 81' lang='grc' dir='ltr'>εἰρήνην</span> <span class='ocrx_word' id='word_1_466' title='bbox 3627 1928 3723 1982; x_wconf 75' lang='grc' dir='ltr'>καὶ</span> <span class='ocrx_word' id='word_1_467' title='bbox 3784 1925 3882 1998; x_wconf 71' lang='grc' dir='ltr'><strong>τὴν</strong></span> 
     </span>
    </p>
   </div>
   <div class='ocr_carea' id='block_1_65' title="bbox 2297 2018 3885 2094">
    <p class='ocr_par' dir='ltr' id='par_1_65' title="bbox 2297 2018 3885 2094">
     <span class='ocr_line' id='line_1_65' title="bbox 2297 2018 3885 2094; baseline -0.001 -22"><span class='ocrx_word' id='word_1_468' title='bbox 2297 2023 2505 2092; x_wconf 79' lang='grc' dir='ltr'>γνῶσιν</span> <span class='ocrx_word' id='word_1_469' title='bbox 2568 2023 2669 2093; x_wconf 84' lang='grc' dir='ltr'>τῆς</span> <span class='ocrx_word' id='word_1_470' title='bbox 2715 2022 3001 2094; x_wconf 74' lang='grc' dir='ltr'><strong>ἀληθείας,</strong></span> <span class='ocrx_word' id='word_1_471' title='bbox 3053 2018 3131 2077; x_wconf 77' lang='grc' dir='ltr'>ὧν</span> <span class='ocrx_word' id='word_1_472' title='bbox 3174 2022 3273 2094; x_wconf 81' lang='grc' dir='ltr'>τὴν</span> <span class='ocrx_word' id='word_1_473' title='bbox 3303 2023 3401 2089; x_wconf 76' lang='grc' dir='ltr'>μὲν</span> <span class='ocrx_word' id='word_1_474' title='bbox 3448 2020 3703 2090; x_wconf 81' lang='grc' dir='ltr'>καθάπερ</span> <span class='ocrx_word' id='word_1_475' title='bbox 3760 2019 3885 2072; x_wconf 85' lang='grc' dir='ltr'>τινά</span> 
     </span>
    </p>
   </div>
   <div class='ocr_carea' id='block_1_66' title="bbox 2297 2111 3885 2185">
    <p class='ocr_par' dir='ltr' id='par_1_66' title="bbox 2297 2111 3885 2185">
     <span class='ocr_line' id='line_1_66' title="bbox 2297 2111 3885 2185; baseline -0.001 -17"><span class='ocrx_word' id='word_1_476' title='bbox 2297 2114 2505 2185; x_wconf 79' lang='grc' dir='ltr'>κλῆρον</span> <span class='ocrx_word' id='word_1_477' title='bbox 2538 2114 2646 2168; x_wconf 66' lang='grc' dir='ltr'>ἔδει</span> <span class='ocrx_word' id='word_1_478' title='bbox 2678 2114 3086 2184; x_wconf 76' lang='grc' dir='ltr'>διαφυλάττειν,</span> <span class='ocrx_word' id='word_1_479' title='bbox 3129 2114 3229 2185; x_wconf 83' lang='grc' dir='ltr'>τὴν</span> <span class='ocrx_word' id='word_1_480' title='bbox 3257 2114 3315 2169; x_wconf 71' lang='grc' dir='ltr'>δὲ</span> <span class='ocrx_word' id='word_1_481' title='bbox 3350 2115 3540 2185; x_wconf 76' lang='grc' dir='ltr'>φέρειν</span> <span class='ocrx_word' id='word_1_482' title='bbox 3560 2112 3738 2183; x_wconf 73' lang='grc' dir='ltr'>ίχρῆν</span> <span class='ocrx_word' id='word_1_483' title='bbox 3777 2111 3885 2166; x_wconf 77' lang='grc' dir='ltr'><strong>ἀπὸ</strong></span> 
     </span>
    </p>
   </div>
   <div class='ocr_carea' id='block_1_67' title="bbox 2298 2204 3878 2278">
    <p class='ocr_par' dir='ltr' id='par_1_67' title="bbox 2298 2204 3878 2278">
     <span class='ocr_line' id='line_1_67' title="bbox 2298 2204 3878 2278; baseline -0.003 -18"><span class='ocrx_word' id='word_1_484' title='bbox 2298 2208 2398 2276; x_wconf 81' lang='grc' dir='ltr'>τῆς</span> <span class='ocrx_word' id='word_1_485' title='bbox 2428 2206 2667 2262; x_wconf 69' lang='grc' dir='ltr'>ίνταῦθα</span> <span class='ocrx_word' id='word_1_486' title='bbox 2698 2206 2868 2277; x_wconf 79' lang='grc' dir='ltr'>ζωῆς,</span> <span class='ocrx_word' id='word_1_487' title='bbox 2889 2206 2968 2269; x_wconf 79' lang='grc' dir='ltr'>ὡς</span> <span class='ocrx_word' id='word_1_488' title='bbox 2996 2205 3064 2259; x_wconf 67' lang='grc' dir='ltr'><strong>δι’</strong></span> <span class='ocrx_word' id='word_1_489' title='bbox 3099 2209 3315 2278; x_wconf 68' lang='grc' dir='ltr'>ἐκείνης</span> <span class='ocrx_word' id='word_1_490' title='bbox 3347 2208 3517 2276; x_wconf 86' lang='grc' dir='ltr'>μόνης</span> <span class='ocrx_word' id='word_1_491' title='bbox 3566 2204 3878 2274; x_wconf 75' lang='grc' dir='ltr'>σωθησομέι</span> 
     </span>
    </p>
   </div>
   <div class='ocr_carea' id='block_1_68' title="bbox 2299 2301 3885 2372">
    <p class='ocr_par' dir='ltr' id='par_1_68' title="bbox 2299 2301 3885 2372">
     <span class='ocr_line' id='line_1_68' title="bbox 2299 2301 3885 2372; baseline -0.003 -16"><span class='ocrx_word' id='word_1_492' title='bbox 2299 2318 2443 2368; x_wconf 83' lang='grc' dir='ltr'>νους,</span> <span class='ocrx_word' id='word_1_493' title='bbox 2472 2301 2526 2355; x_wconf 90' lang='grc' dir='ltr'><strong>τί</strong></span> <span class='ocrx_word' id='word_1_494' title='bbox 2548 2301 2657 2355; x_wconf 88' lang='grc' dir='ltr'><strong>τῶν</strong></span> <span class='ocrx_word' id='word_1_495' title='bbox 2696 2301 2954 2357; x_wconf 81' lang='grc' dir='ltr'>ἁπάντων</span> <span class='ocrx_word' id='word_1_496' title='bbox 2979 2301 3224 2365; x_wconf 79' lang='grc' dir='ltr'>εἰπόντες</span> <span class='ocrx_word' id='word_1_497' title='bbox 3256 2302 3379 2372; x_wconf 79' lang='grc' dir='ltr'>οὐχὶ</span> <span class='ocrx_word' id='word_1_498' title='bbox 3431 2301 3529 2355; x_wconf 81' lang='grc' dir='ltr'>καὶ</span> <span class='ocrx_word' id='word_1_499' title='bbox 3585 2316 3885 2371; x_wconf 85' lang='grc' dir='ltr'>προσαναι-</span> 
     </span>
    </p>
   </div>
   <div class='ocr_carea' id='block_1_69' title="bbox 2302 2391 3885 2464">
    <p class='ocr_par' dir='ltr' id='par_1_69' title="bbox 2302 2391 3885 2464">
     <span class='ocr_line' id='line_1_69' title="bbox 2302 2391 3885 2464; baseline -0.003 -19"><span class='ocrx_word' id='word_1_500' title='bbox 2302 2395 2555 2464; x_wconf 79' lang='grc' dir='ltr'>σχυντεῖν</span> <span class='ocrx_word' id='word_1_501' title='bbox 2579 2393 2839 2463; x_wconf 78' lang='grc' dir='ltr'>δόσαιμεν</span> <span class='ocrx_word' id='word_1_502' title='bbox 2879 2392 2947 2447; x_wconf 85' lang='grc' dir='ltr'>ἂν</span> <span class='ocrx_word' id='word_1_503' title='bbox 2994 2393 3090 2445; x_wconf 69' lang='grc' dir='ltr'><strong>καί⁵</strong></span> <span class='ocrx_word' id='word_1_504' title='bbox 3123 2393 3343 2463; x_wconf 80' lang='grc' dir='ltr'>χείρους</span> <span class='ocrx_word' id='word_1_505' title='bbox 3396 2392 3554 2457; x_wconf 81' lang='grc' dir='ltr'>δίκας</span> <span class='ocrx_word' id='word_1_506' title='bbox 3602 2391 3885 2461; x_wconf 78' lang='grc' dir='ltr'>ὀφείλεινς</span> 
     </span>
    </p>
   </div>
   <div class='ocr_carea' id='block_1_70' title="bbox 2297 2481 3887 2557">
    <p class='ocr_par' dir='ltr' id='par_1_70' title="bbox 2297 2481 3887 2557">
     <span class='ocr_line' id='line_1_70' title="bbox 2297 2481 3887 2557; baseline -0.001 -18"><span class='ocrx_word' id='word_1_507' title='bbox 2297 2486 2426 2539; x_wconf 73' lang='grc' dir='ltr'>οὔτε</span> <span class='ocrx_word' id='word_1_508' title='bbox 2477 2487 2588 2557; x_wconf 81' lang='grc' dir='ltr'>γὰρ</span> <span class='ocrx_word' id='word_1_509' title='bbox 2634 2485 2733 2557; x_wconf 76' lang='grc' dir='ltr'>τὴν</span> <span class='ocrx_word' id='word_1_510' title='bbox 2762 2485 2874 2539; x_wconf 88' lang='grc' dir='ltr'><strong>τῶν</strong></span> <span class='ocrx_word' id='word_1_511' title='bbox 2925 2485 3160 2557; x_wconf 82' lang='grc' dir='ltr'>Γραφῶν</span> <span class='ocrx_word' id='word_1_512' title='bbox 3215 2485 3453 2556; x_wconf 68' lang='grc' dir='ltr'>ἐροῦμεν</span> <span class='ocrx_word' id='word_1_513' title='bbox 3498 2487 3774 2553; x_wconf 81' lang='grc' dir='ltr'>ἆσάφειαν</span> <span class='ocrx_word' id='word_1_514' title='bbox 3818 2481 3887 2556; x_wconf 76' lang='grc' dir='ltr'>ἧς</span> 
     </span>
    </p>
   </div>
   <div class='ocr_carea' id='block_1_71' title="bbox 2299 2576 3884 2648">
    <p class='ocr_par' dir='ltr' id='par_1_71' title="bbox 2299 2576 3884 2648">
     <span class='ocr_line' id='line_1_71' title="bbox 2299 2576 3884 2648; baseline 0 -18"><span class='ocrx_word' id='word_1_515' title='bbox 2299 2579 2599 2640; x_wconf 76' lang='grc' dir='ltr'>τοσούτους</span> <span class='ocrx_word' id='word_1_516' title='bbox 2625 2578 2759 2648; x_wconf 75' lang='grc' dir='ltr'>ημῖν</span> <span class='ocrx_word' id='word_1_517' title='bbox 2786 2576 3041 2632; x_wconf 76' lang='grc' dir='ltr'>ἐκάθισεν</span> <span class='ocrx_word' id='word_1_518' title='bbox 3064 2578 3356 2647; x_wconf 69' lang='grc' dir='ltr'>ἑρμηνεῖς,</span> <span class='ocrx_word' id='word_1_519' title='bbox 3378 2576 3505 2633; x_wconf 74' lang='grc' dir='ltr'>οὔτε</span> <span class='ocrx_word' id='word_1_520' title='bbox 3557 2578 3684 2640; x_wconf 77' lang='grc' dir='ltr'>τοὺς</span> <span class='ocrx_word' id='word_1_521' title='bbox 3735 2577 3884 2631; x_wconf 83' lang='grc' dir='ltr'>διδα-</span> 
     </span>
    </p>
   </div>
   <div class='ocr_carea' id='block_1_72' title="bbox 2300 2671 3887 2742">
    <p class='ocr_par' dir='ltr' id='par_1_72' title="bbox 2300 2671 3887 2742">
     <span class='ocr_line' id='line_1_72' title="bbox 2300 2671 3887 2742; baseline 0.001 -19"><span class='ocrx_word' id='word_1_522' title='bbox 2300 2671 2549 2735; x_wconf 75' lang='grc' dir='ltr'>σκάλους</span> <span class='ocrx_word' id='word_1_523' title='bbox 2582 2672 2916 2742; x_wconf 69' lang='grc' dir='ltr'>συνηγόρους</span> <span class='ocrx_word' id='word_1_524' title='bbox 2967 2672 3299 2740; x_wconf 75' lang='grc' dir='ltr'>καλέσομεν,</span> <span class='ocrx_word' id='word_1_525' title='bbox 3358 2672 3887 2742; x_wconf 72' lang='grc' dir='ltr'>προκατεγνωκότας</span> 
     </span>
    </p>
   </div>
   <div class='ocr_carea' id='block_1_73' title="bbox 2303 2762 3888 2835">
    <p class='ocr_par' dir='ltr' id='par_1_73' title="bbox 2303 2762 3888 2835">
     <span class='ocr_line' id='line_1_73' title="bbox 2303 2762 3888 2835; baseline -0.001 -18"><span class='ocrx_word' id='word_1_526' title='bbox 2303 2762 2525 2827; x_wconf 84' lang='grc' dir='ltr'>πάντως</span> <span class='ocrx_word' id='word_1_527' title='bbox 2557 2763 2734 2833; x_wconf 72' lang='grc' dir='ltr'>ἡμῶν.</span> <span class='ocrx_word' id='word_1_528' title='bbox 2768 2762 2831 2816; x_wconf 81' lang='grc' dir='ltr'>Εἰ</span> <span class='ocrx_word' id='word_1_529' title='bbox 2858 2764 2914 2816; x_wconf 79' lang='grc' dir='ltr'>δὲ</span> <span class='ocrx_word' id='word_1_530' title='bbox 2943 2765 3037 2817; x_wconf 71' lang='grc' dir='ltr'>καὶ</span> <span class='ocrx_word' id='word_1_531' title='bbox 3061 2765 3316 2834; x_wconf 78' lang='grc' dir='ltr'>μέλλοιεν</span> <span class='ocrx_word' id='word_1_532' title='bbox 3348 2764 3630 2833; x_wconf 74' lang='grc' dir='ltr'>παριέναι,</span> <span class='ocrx_word' id='word_1_533' title='bbox 3677 2763 3727 2816; x_wconf 82' lang='lat' dir='ltr'><strong>oi</strong></span> <span class='ocrx_word' id='word_1_534' title='bbox 3787 2764 3888 2835; x_wconf 80' lang='grc' dir='ltr'>μὲν</span> 
     </span>
    </p>
   </div>
   <div class='ocr_carea' id='block_1_74' title="bbox 2308 2853 3890 2926">
    <p class='ocr_par' dir='ltr' id='par_1_74' title="bbox 2308 2853 3890 2926">
     <span class='ocr_line' id='line_1_74' title="bbox 2308 2853 3890 2926; baseline -0.001 -18"><span class='ocrx_word' id='word_1_535' title='bbox 2308 2853 2491 2908; x_wconf 85' lang='grc' dir='ltr'>αὐτῶν</span> <span class='ocrx_word' id='word_1_536' title='bbox 2527 2857 2619 2908; x_wconf 69' lang='grc' dir='ltr'>καὶ</span> <span class='ocrx_word' id='word_1_537' title='bbox 2652 2854 2817 2910; x_wconf 86' lang='grc' dir='ltr'>πάλιν</span> <span class='ocrx_word' id='word_1_538' title='bbox 2856 2856 3143 2923; x_wconf 76' lang='grc' dir='ltr'>σιγῶντες,</span> <span class='ocrx_word' id='word_1_539' title='bbox 3180 2856 3228 2909; x_wconf 90' lang='grc' dir='ltr'>οἱ</span> <span class='ocrx_word' id='word_1_540' title='bbox 3259 2855 3316 2909; x_wconf 83' lang='grc' dir='ltr'>δὲ</span> <span class='ocrx_word' id='word_1_541' title='bbox 3361 2856 3630 2909; x_wconf 82' lang='grc' dir='ltr'>τάναντία</span> <span class='ocrx_word' id='word_1_542' title='bbox 3677 2872 3890 2926; x_wconf 86' lang='grc' dir='ltr'>μαρτυ-</span> 
     </span>
    </p>
   </div>
   <div class='ocr_carea' id='block_1_75' title="bbox 2299 2943 3888 3017">
    <p class='ocr_par' dir='ltr' id='par_1_75' title="bbox 2299 2943 3888 3017">
     <span class='ocr_line' id='line_1_75' title="bbox 2299 2943 3888 3017; baseline 0.001 -20"><span class='ocrx_word' id='word_1_543' title='bbox 2299 2944 2524 3013; x_wconf 87' lang='grc' dir='ltr'>ροῦντες</span> <span class='ocrx_word' id='word_1_544' title='bbox 2554 2943 2891 3014; x_wconf 75' lang='grc' dir='ltr'>περιφανῶς,</span> <span class='ocrx_word' id='word_1_545' title='bbox 2920 2946 3042 3000; x_wconf 81' lang='grc' dir='ltr'>οὐδὲ</span> <span class='ocrx_word' id='word_1_546' title='bbox 3062 2946 3358 3016; x_wconf 76' lang='grc' dir='ltr'>διατρίϐειν</span> <span class='ocrx_word' id='word_1_547' title='bbox 3383 2947 3607 3001; x_wconf 68' lang='grc' dir='ltr'>ἰάσουσι</span> <span class='ocrx_word' id='word_1_548' title='bbox 3634 2948 3763 3017; x_wconf 78' lang='grc' dir='ltr'>περὶ</span> <span class='ocrx_word' id='word_1_549' title='bbox 3785 2949 3888 3010; x_wconf 71' lang='grc' dir='ltr'><strong>τὰς</strong></span> 
     </span>
    </p>
   </div>
   <div class='ocr_carea' id='block_1_76' title="bbox 2301 3036 3888 3108">
    <p class='ocr_par' dir='ltr' id='par_1_76' title="bbox 2301 3036 3888 3108">
     <span class='ocr_line' id='line_1_76' title="bbox 2301 3036 3888 3108; baseline -0.008 -5"><span class='ocrx_word' id='word_1_550' title='bbox 2301 3037 2517 3107; x_wconf 63' lang='grc' dir='ltr'>ψήφους</span> <span class='ocrx_word' id='word_1_551' title='bbox 2562 3036 2655 3090; x_wconf 85' lang='grc' dir='ltr'>τδν</span> <span class='ocrx_word' id='word_1_552' title='bbox 2706 3036 2992 3107; x_wconf 76' lang='grc' dir='ltr'>δικαστήν.</span> <span class='ocrx_word' id='word_1_553' title='bbox 3039 3036 3184 3091; x_wconf 77' lang='grc' dir='ltr'>Ἀλλ’</span> <span class='ocrx_word' id='word_1_554' title='bbox 3227 3036 3337 3091; x_wconf 68' lang='grc' dir='ltr'>οὐδ’</span> <span class='ocrx_word' id='word_1_555' title='bbox 3375 3038 3600 3108; x_wconf 77' lang='grc' dir='ltr'>ἄμεινον</span> <span class='ocrx_word' id='word_1_556' title='bbox 3655 3038 3888 3091; x_wconf 73' lang='grc' dir='ltr'>ἐκείνων</span> 
     </span>
    </p>
   </div>
   <div class='ocr_carea' id='block_1_77' title="bbox 2302 3127 3890 3201">
    <p class='ocr_par' dir='ltr' id='par_1_77' title="bbox 2302 3127 3890 3201">
     <span class='ocr_line' id='line_1_77' title="bbox 2302 3127 3890 3201; baseline 0.001 -18"><span class='ocrx_word' id='word_1_557' title='bbox 2302 3129 2563 3183; x_wconf 77' lang='grc' dir='ltr'>ἁπάντων</span> <span class='ocrx_word' id='word_1_558' title='bbox 2584 3128 2654 3183; x_wconf 72' lang='grc' dir='ltr'><strong>τὰ</strong></span> <span class='ocrx_word' id='word_1_559' title='bbox 2675 3129 2785 3183; x_wconf 88' lang='grc' dir='ltr'><strong>τῶν</strong></span> <span class='ocrx_word' id='word_1_560' title='bbox 2811 3127 3047 3200; x_wconf 81' lang='grc' dir='ltr'>Γραφῶν</span> <span class='ocrx_word' id='word_1_561' title='bbox 3075 3128 3230 3184; x_wconf 73' lang='grc' dir='ltr'>αὐτοὶ</span> <span class='ocrx_word' id='word_1_562' title='bbox 3260 3132 3402 3183; x_wconf 82' lang='grc' dir='ltr'>νοεῖν</span> <span class='ocrx_word' id='word_1_563' title='bbox 3427 3130 3779 3201; x_wconf 79' lang='grc' dir='ltr'>τολμήσομεν</span> <span class='ocrx_word' id='word_1_564' title='bbox 3800 3130 3890 3184; x_wconf 85' lang='grc' dir='ltr'><strong>λέ-</strong></span> 
     </span>
    </p>
   </div>
   <div class='ocr_carea' id='block_1_78' title="bbox 2307 3218 3888 3295">
    <p class='ocr_par' dir='ltr' id='par_1_78' title="bbox 2307 3218 3888 3295">
     <span class='ocr_line' id='line_1_78' title="bbox 2307 3218 3888 3295; baseline 0.002 -22"><span class='ocrx_word' id='word_1_565' title='bbox 2307 3237 2425 3289; x_wconf 85' lang='grc' dir='ltr'>γειν</span> <span class='ocrx_word' id='word_1_566' title='bbox 2454 3235 2470 3250; x_wconf 79' lang='lat'><strong>&#39;</strong></span> <span class='ocrx_word' id='word_1_567' title='bbox 2496 3218 2619 3274; x_wconf 77' lang='grc' dir='ltr'>οὔτε</span> <span class='ocrx_word' id='word_1_568' title='bbox 2639 3222 2737 3292; x_wconf 84' lang='grc' dir='ltr'><strong>τῆς</strong></span> <span class='ocrx_word' id='word_1_569' title='bbox 2761 3223 2987 3293; x_wconf 80' lang='grc' dir='ltr'>εἰρήνης</span> <span class='ocrx_word' id='word_1_570' title='bbox 3016 3222 3355 3293; x_wconf 76' lang='grc' dir='ltr'>ἐπιθυμῆσαι</span> <span class='ocrx_word' id='word_1_571' title='bbox 3414 3224 3539 3295; x_wconf 81' lang='grc' dir='ltr'>μὲν,</span> <span class='ocrx_word' id='word_1_572' title='bbox 3580 3223 3641 3278; x_wconf 83' lang='grc' dir='ltr'><strong>ού</strong></span> <span class='ocrx_word' id='word_1_573' title='bbox 3698 3225 3888 3295; x_wconf 72' lang='grc' dir='ltr'>τυχεῖν</span> 
     </span>
    </p>
   </div>
   <div class='ocr_carea' id='block_1_79' title="bbox 2303 3312 3885 3388">
    <p class='ocr_par' dir='ltr' id='par_1_79' title="bbox 2303 3312 3885 3388">
     <span class='ocr_line' id='line_1_79' title="bbox 2303 3312 3885 3388; baseline 0.004 -22"><span class='ocrx_word' id='word_1_574' title='bbox 2303 3312 2361 3367; x_wconf 66' lang='grc' dir='ltr'>δὲ</span> <span class='ocrx_word' id='word_1_575' title='bbox 2390 3314 2843 3385; x_wconf 81' lang='grc' dir='ltr'>διισχυριούμεθα</span> <span class='ocrx_word' id='word_1_576' title='bbox 2874 3332 2889 3347; x_wconf 81' lang='lat'><strong>&#39;</strong></span> <span class='ocrx_word' id='word_1_577' title='bbox 2925 3315 3042 3379; x_wconf 90' lang='grc' dir='ltr'><strong>πῶς</strong></span> <span class='ocrx_word' id='word_1_578' title='bbox 3067 3316 3174 3388; x_wconf 75' lang='grc' dir='ltr'><strong>γάρ</strong></span> <span class='ocrx_word' id='word_1_579' title='bbox 3206 3317 3254 3369; x_wconf 84' lang='grc' dir='ltr'><strong>οἰ</strong></span> <span class='ocrx_word' id='word_1_580' title='bbox 3297 3318 3392 3369; x_wconf 75' lang='grc' dir='ltr'>καὶ</span> <span class='ocrx_word' id='word_1_581' title='bbox 3442 3318 3570 3382; x_wconf 70' lang='grc' dir='ltr'>τοὺς</span> <span class='ocrx_word' id='word_1_582' title='bbox 3624 3318 3885 3373; x_wconf 59' lang='grc' dir='ltr'>διδασκά-</span> 
     </span>
    </p>
   </div>
   <div class='ocr_carea' id='block_1_80' title="bbox 2302 3405 3888 3483">
    <p class='ocr_par' dir='ltr' id='par_1_80' title="bbox 2302 3405 3888 3483">
     <span class='ocr_line' id='line_1_80' title="bbox 2302 3405 3888 3483; baseline 0.006 -26"><span class='ocrx_word' id='word_1_583' title='bbox 2302 3405 2430 3469; x_wconf 91' lang='grc' dir='ltr'>λους</span> <span class='ocrx_word' id='word_1_584' title='bbox 2483 3406 2734 3477; x_wconf 69' lang='grc' dir='ltr'>ἀλλήλοις</span> <span class='ocrx_word' id='word_1_585' title='bbox 2793 3407 3135 3477; x_wconf 64' lang='grc' dir='ltr'>ἐκπολεμοῦν</span> <span class='ocrx_word' id='word_1_586' title='bbox 3203 3408 3598 3480; x_wconf 79' lang='grc' dir='ltr'>βουληθέντες.</span> <span class='ocrx_word' id='word_1_587' title='bbox 3657 3405 3734 3466; x_wconf 81' lang='grc' dir='ltr'>ὧν</span> <span class='ocrx_word' id='word_1_588' title='bbox 3784 3413 3888 3483; x_wconf 78' lang='grc' dir='ltr'>τὴν</span> 
     </span>
    </p>
   </div>
   <div class='ocr_carea' id='block_1_81' title="bbox 2303 3497 3890 3571">
    <p class='ocr_par' dir='ltr' id='par_1_81' title="bbox 2303 3497 3890 3571">
     <span class='ocr_line' id='line_1_81' title="bbox 2303 3497 3890 3571; baseline 0.006 -22"><span class='ocrx_word' id='word_1_589' title='bbox 2303 3497 2562 3566; x_wconf 70' lang='grc' dir='ltr'>ὁμόνοιαν</span> <span class='ocrx_word' id='word_1_590' title='bbox 2588 3497 2699 3551; x_wconf 88' lang='grc' dir='ltr'><strong>τῶν</strong></span> <span class='ocrx_word' id='word_1_591' title='bbox 2720 3500 2777 3552; x_wconf 67' lang='grc' dir='ltr'>ἐν</span> <span class='ocrx_word' id='word_1_592' title='bbox 2808 3500 2943 3570; x_wconf 76' lang='grc' dir='ltr'>ἡμῖν</span> <span class='ocrx_word' id='word_1_593' title='bbox 2970 3499 3287 3555; x_wconf 81' lang='grc' dir='ltr'>σκανδάλων</span> <span class='ocrx_word' id='word_1_594' title='bbox 3323 3502 3432 3555; x_wconf 73' lang='grc' dir='ltr'>ἔδει</span> <span class='ocrx_word' id='word_1_595' title='bbox 3491 3504 3744 3571; x_wconf 87' lang='grc' dir='ltr'>γίνεσθαι</span> <span class='ocrx_word' id='word_1_596' title='bbox 3794 3506 3890 3559; x_wconf 84' lang='grc' dir='ltr'>λύ-</span> 
     </span>
    </p>
   </div>
   <div class='ocr_carea' id='block_1_82' title="bbox 2305 3587 3891 3669">
    <p class='ocr_par' dir='ltr' id='par_1_82' title="bbox 2305 3587 3891 3669">
     <span class='ocr_line' id='line_1_82' title="bbox 2305 3587 3891 3669; baseline 0.007 -28"><span class='ocrx_word' id='word_1_597' title='bbox 2305 3587 2640 3655; x_wconf 79' lang='grc' dir='ltr'>σιν;“Ἦπου</span> <span class='ocrx_word' id='word_1_598' title='bbox 2674 3592 2833 3662; x_wconf 77' lang='grc' dir='ltr'>σιγᾷν</span> <span class='ocrx_word' id='word_1_599' title='bbox 2866 3592 2966 3663; x_wconf 74' lang='grc' dir='ltr'>μὲν</span> <span class='ocrx_word' id='word_1_600' title='bbox 3022 3594 3251 3663; x_wconf 77' lang='grc' dir='ltr'>ἄμεινον</span> <span class='ocrx_word' id='word_1_601' title='bbox 3300 3595 3455 3649; x_wconf 76' lang='grc' dir='ltr'>ἔσται</span> <span class='ocrx_word' id='word_1_602' title='bbox 3516 3597 3686 3667; x_wconf 76' lang='grc' dir='ltr'>μηδὲν</span> <span class='ocrx_word' id='word_1_603' title='bbox 3734 3598 3891 3669; x_wconf 77' lang='grc' dir='ltr'>ἔχου-</span> 
     </span>
    </p>
   </div>
   <div class='ocr_carea' id='block_1_83' title="bbox 2304 3682 3884 3760">
    <p class='ocr_par' dir='ltr' id='par_1_83' title="bbox 2304 3682 3884 3760">
     <span class='ocr_line' id='line_1_83' title="bbox 2304 3682 3884 3760; baseline 0.008 -27"><span class='ocrx_word' id='word_1_604' title='bbox 2304 3696 2390 3733; x_wconf 89' lang='grc' dir='ltr'><strong>σιν</strong></span> <span class='ocrx_word' id='word_1_605' title='bbox 2422 3682 2501 3742; x_wconf 81' lang='grc' dir='ltr'><strong>εἰς</strong></span> <span class='ocrx_word' id='word_1_606' title='bbox 2528 3682 2827 3751; x_wconf 83' lang='grc' dir='ltr'>ἀπολογίαν</span> <span class='ocrx_word' id='word_1_607' title='bbox 2859 3685 3267 3756; x_wconf 76' lang='grc' dir='ltr'>προϐάλλεσθαι</span> <span class='ocrx_word' id='word_1_608' title='bbox 3304 3703 3321 3720; x_wconf 81' lang='grc'><em>’</em></span> <span class='ocrx_word' id='word_1_609' title='bbox 3371 3689 3493 3742; x_wconf 83' lang='grc' dir='ltr'>ἀντὶ</span> <span class='ocrx_word' id='word_1_610' title='bbox 3525 3690 3582 3743; x_wconf 83' lang='grc' dir='ltr'>δὲ</span> <span class='ocrx_word' id='word_1_611' title='bbox 3627 3690 3729 3760; x_wconf 79' lang='grc' dir='ltr'>τῆς</span> <span class='ocrx_word' id='word_1_612' title='bbox 3773 3693 3884 3745; x_wconf 90' lang='grc' dir='ltr'><strong>τῶν</strong></span> 
     </span>
    </p>
   </div>
   <div class='ocr_carea' id='block_1_84' title="bbox 2302 3771 3887 3853">
    <p class='ocr_par' dir='ltr' id='par_1_84' title="bbox 2302 3771 3887 3853">
     <span class='ocr_line' id='line_1_84' title="bbox 2302 3771 3887 3853; baseline 0.008 -28"><span class='ocrx_word' id='word_1_613' title='bbox 2302 3771 2666 3843; x_wconf 69' lang='grc' dir='ltr'>ἐγκλημάτων</span> <span class='ocrx_word' id='word_1_614' title='bbox 2688 3774 2987 3845; x_wconf 81' lang='grc' dir='ltr'>ὁμολογίας</span> <span class='ocrx_word' id='word_1_615' title='bbox 3018 3777 3090 3831; x_wconf 70' lang='grc' dir='ltr'>τὰ</span> <span class='ocrx_word' id='word_1_616' title='bbox 3140 3778 3244 3848; x_wconf 83' lang='grc' dir='ltr'>τῆς</span> <span class='ocrx_word' id='word_1_617' title='bbox 3316 3785 3534 3851; x_wconf 70' lang='grc' dir='ltr'>σιωπῆς</span> <span class='ocrx_word' id='word_1_618' title='bbox 3575 3785 3887 3853; x_wconf 77' lang='grc' dir='ltr'>ἀποχρήσει</span> 
     </span>
    </p>
   </div>
   <div class='ocr_carea' id='block_1_85' title="bbox 2302 3862 3889 3943">
    <p class='ocr_par' dir='ltr' id='par_1_85' title="bbox 2302 3862 3889 3943">
     <span class='ocr_line' id='line_1_85' title="bbox 2302 3862 3889 3943; baseline 0.008 -27"><span class='ocrx_word' id='word_1_619' title='bbox 2302 3862 2379 3934; x_wconf 81' lang='grc' dir='ltr'><strong>τῷ</strong></span> <span class='ocrx_word' id='word_1_620' title='bbox 2405 3864 2657 3936; x_wconf 79' lang='grc' dir='ltr'>δικαστῇ.</span> <span class='ocrx_word' id='word_1_621' title='bbox 2690 3864 2879 3930; x_wconf 84' lang='grc' dir='ltr'>Οῦτως</span> <span class='ocrx_word' id='word_1_622' title='bbox 2904 3869 3035 3937; x_wconf 76' lang='grc' dir='ltr'>ἡμῖν</span> <span class='ocrx_word' id='word_1_623' title='bbox 3060 3870 3295 3943; x_wconf 88' lang='grc' dir='ltr'>διαιρεῖν</span> <span class='ocrx_word' id='word_1_624' title='bbox 3338 3873 3469 3935; x_wconf 77' lang='grc' dir='ltr'>τοὺς</span> <span class='ocrx_word' id='word_1_625' title='bbox 3523 3872 3889 3938; x_wconf 80' lang='grc' dir='ltr'>διδασκάλους</span> 
     </span>
    </p>
   </div>
   <div class='ocr_carea' id='block_1_86' title="bbox 2301 3955 3888 4036">
    <p class='ocr_par' dir='ltr' id='par_1_86' title="bbox 2301 3955 3888 4036">
     <span class='ocr_line' id='line_1_86' title="bbox 2301 3955 3888 4036; baseline 0.007 -29"><span class='ocrx_word' id='word_1_626' title='bbox 2301 3955 2401 4025; x_wconf 82' lang='grc' dir='ltr'>τῆς</span> <span class='ocrx_word' id='word_1_627' title='bbox 2428 3957 2761 4028; x_wconf 81' lang='grc' dir='ltr'>Ἐκκλησίας</span> <span class='ocrx_word' id='word_1_628' title='bbox 2790 3963 2909 4024; x_wconf 85' lang='grc' dir='ltr'>ταῖς</span> <span class='ocrx_word' id='word_1_629' title='bbox 2941 3961 3217 4033; x_wconf 64' lang='grc' dir='ltr'>γνώμαις,</span> <span class='ocrx_word' id='word_1_630' title='bbox 3246 3964 3278 4034; x_wconf 77' lang='grc' dir='ltr'><strong>ἢ</strong></span> <span class='ocrx_word' id='word_1_631' title='bbox 3329 3966 3659 4035; x_wconf 81' lang='grc' dir='ltr'>μαχομένοις</span> <span class='ocrx_word' id='word_1_632' title='bbox 3715 3967 3888 4036; x_wconf 74' lang='grc' dir='ltr'>άλλη-</span> 
     </span>
    </p>
   </div>
   <div class='ocr_carea' id='block_1_87' title="bbox 2300 4046 3891 4129">
    <p class='ocr_par' dir='ltr' id='par_1_87' title="bbox 2300 4046 3891 4129">
     <span class='ocr_line' id='line_1_87' title="bbox 2300 4046 3891 4129; baseline 0.006 -29"><span class='ocrx_word' id='word_1_633' title='bbox 2300 4046 2435 4113; x_wconf 86' lang='grc' dir='ltr'>λοις,</span> <span class='ocrx_word' id='word_1_634' title='bbox 2465 4048 2498 4121; x_wconf 77' lang='grc' dir='ltr'>ἢ</span> <span class='ocrx_word' id='word_1_635' title='bbox 2539 4050 2724 4113; x_wconf 81' lang='grc' dir='ltr'>κακῶς</span> <span class='ocrx_word' id='word_1_636' title='bbox 2746 4051 3125 4121; x_wconf 75' lang='grc' dir='ltr'>εἰρηνεύουσιν</span> <span class='ocrx_word' id='word_1_637' title='bbox 3168 4056 3548 4127; x_wconf 82' lang='grc' dir='ltr'>ἀπαραίτητον</span> <span class='ocrx_word' id='word_1_638' title='bbox 3600 4059 3714 4129; x_wconf 74' lang='grc' dir='ltr'>ἔχει</span> <span class='ocrx_word' id='word_1_639' title='bbox 3748 4078 3891 4113; x_wconf 86' lang='grc' dir='ltr'>παν-</span> 
     </span>
    </p>
   </div>
   <div class='ocr_carea' id='block_1_88' title="bbox 2300 4138 3887 4216">
    <p class='ocr_par' dir='ltr' id='par_1_88' title="bbox 2300 4138 3887 4216">
     <span class='ocr_line' id='line_1_88' title="bbox 2300 4138 3887 4216; baseline 0.009 -25"><span class='ocrx_word' id='word_1_640' title='bbox 2300 4140 2529 4209; x_wconf 85' lang='grc' dir='ltr'>ταχόθεν</span> <span class='ocrx_word' id='word_1_641' title='bbox 2563 4142 2664 4214; x_wconf 77' lang='grc' dir='ltr'>τὴν</span> <span class='ocrx_word' id='word_1_642' title='bbox 2691 4145 2906 4214; x_wconf 69' lang='grc' dir='ltr'>μέμψιν</span> <span class='ocrx_word' id='word_1_643' title='bbox 2938 4162 2953 4177; x_wconf 76' lang='grc'><strong><em>⁸</em></strong></span> <span class='ocrx_word' id='word_1_644' title='bbox 2980 4146 3041 4199; x_wconf 78' lang='grc' dir='ltr'>τὸ</span> <span class='ocrx_word' id='word_1_645' title='bbox 3073 4147 3128 4200; x_wconf 78' lang='grc' dir='ltr'>δὲ</span> <span class='ocrx_word' id='word_1_646' title='bbox 3162 4150 3458 4203; x_wconf 86' lang='grc' dir='ltr'>συνάπτειν</span> <span class='ocrx_word' id='word_1_647' title='bbox 3482 4152 3748 4216; x_wconf 61' lang='grc' dir='ltr'>ἐκείνους,</span> <span class='ocrx_word' id='word_1_648' title='bbox 3810 4138 3887 4216; x_wconf 82' lang='grc' dir='ltr'><strong>ῶς</strong></span> 
     </span>
    </p>
   </div>
   <div class='ocr_carea' id='block_1_89' title="bbox 2299 4233 3885 4313">
    <p class='ocr_par' dir='ltr' id='par_1_89' title="bbox 2299 4233 3885 4313">
     <span class='ocr_line' id='line_1_89' title="bbox 2299 4233 3885 4313; baseline 0.01 -29"><span class='ocrx_word' id='word_1_649' title='bbox 2299 4233 2395 4285; x_wconf 73' lang='grc' dir='ltr'>καὶ</span> <span class='ocrx_word' id='word_1_650' title='bbox 2418 4233 2688 4305; x_wconf 59' lang='grc' dir='ltr'>πρότερον</span> <span class='ocrx_word' id='word_1_651' title='bbox 2723 4236 2961 4308; x_wconf 82' lang='grc' dir='ltr'>εἴρηται,</span> <span class='ocrx_word' id='word_1_652' title='bbox 2993 4240 3133 4304; x_wconf 77' lang='grc' dir='ltr'>πρὸς</span> <span class='ocrx_word' id='word_1_653' title='bbox 3174 4242 3357 4295; x_wconf 76' lang='grc' dir='ltr'>πᾶσαν</span> <span class='ocrx_word' id='word_1_654' title='bbox 3386 4243 3558 4313; x_wconf 83' lang='grc' dir='ltr'>τύχην</span> <span class='ocrx_word' id='word_1_655' title='bbox 3605 4245 3785 4312; x_wconf 88' lang='grc' dir='ltr'>ἀρκεῖ.</span> <span class='ocrx_word' id='word_1_656' title='bbox 3825 4249 3885 4300; x_wconf 85' lang='grc' dir='ltr'>Εἰ</span> 
     </span>
    </p>
   </div>
   <div class='ocr_carea' id='block_1_90' title="bbox 2299 4324 3885 4407">
    <p class='ocr_par' dir='ltr' id='par_1_90' title="bbox 2299 4324 3885 4407">
     <span class='ocr_line' id='line_1_90' title="bbox 2299 4324 3885 4407; baseline 0.009 -30"><span class='ocrx_word' id='word_1_657' title='bbox 2299 4324 2409 4393; x_wconf 78' lang='grc' dir='ltr'>γὰρ</span> <span class='ocrx_word' id='word_1_658' title='bbox 2446 4325 2522 4397; x_wconf 81' lang='grc' dir='ltr'>μὴ</span> <span class='ocrx_word' id='word_1_659' title='bbox 2566 4329 2660 4380; x_wconf 79' lang='grc' dir='ltr'>καὶ</span> <span class='ocrx_word' id='word_1_660' title='bbox 2688 4328 2757 4382; x_wconf 74' lang='grc' dir='ltr'><strong>τά</strong></span> <span class='ocrx_word' id='word_1_661' title='bbox 2789 4330 2885 4399; x_wconf 78' lang='grc' dir='ltr'>τῆς</span> <span class='ocrx_word' id='word_1_662' title='bbox 2911 4332 3172 4401; x_wconf 77' lang='grc' dir='ltr'>ἀληθείας</span> <span class='ocrx_word' id='word_1_663' title='bbox 3203 4335 3372 4404; x_wconf 72' lang='grc' dir='ltr'>ἠμῖνς</span> <span class='ocrx_word' id='word_1_664' title='bbox 3406 4336 3607 4389; x_wconf 64' lang='grc' dir='ltr'>οὕτωσ).</span> <span class='ocrx_word' id='word_1_665' title='bbox 3655 4338 3885 4407; x_wconf 64' lang='grc' dir='ltr'>περιγέ-</span> 
     </span>
    </p>
   </div>
   <div class='ocr_carea' id='block_1_91' title="bbox 2298 4418 3886 4497">
    <p class='ocr_par' dir='ltr' id='par_1_91' title="bbox 2298 4418 3886 4497">
     <span class='ocr_line' id='line_1_91' title="bbox 2298 4418 3886 4497; baseline 0.008 -30"><span class='ocrx_word' id='word_1_666' title='bbox 2298 4432 2465 4484; x_wconf 89' lang='grc' dir='ltr'>νοιτο,</span> <span class='ocrx_word' id='word_1_667' title='bbox 2498 4418 2670 4472; x_wconf 67' lang='grc' dir='ltr'>πολλὰ</span> <span class='ocrx_word' id='word_1_668' title='bbox 2700 4420 2770 4473; x_wconf 69' lang='grc' dir='ltr'><strong>τὰ</strong></span> <span class='ocrx_word' id='word_1_669' title='bbox 2802 4420 2900 4492; x_wconf 85' lang='grc' dir='ltr'>τὴν</span> <span class='ocrx_word' id='word_1_670' title='bbox 2939 4423 3270 4495; x_wconf 83' lang='grc' dir='ltr'>συγγνώμην</span> <span class='ocrx_word' id='word_1_671' title='bbox 3324 4426 3601 4497; x_wconf 74' lang='grc' dir='ltr'>πράξοντα</span> <span class='ocrx_word' id='word_1_672' title='bbox 3638 4429 3886 4493; x_wconf 77' lang='grc' dir='ltr'>’δικαίως</span> 
     </span>
    </p>
   </div>
   <div class='ocr_carea' id='block_1_92' title="bbox 611 4503 2194 4589">
    <p class='ocr_par' dir='ltr' id='par_1_92' title="bbox 611 4503 2191 4575">
     <span class='ocr_line' id='line_1_92' title="bbox 611 4503 2191 4575; baseline -0.001 -15"><span class='ocrx_word' id='word_1_673' title='bbox 611 4508 801 4561; x_wconf 79' lang='lat' dir='ltr'><strong>satio:</strong></span> <span class='ocrx_word' id='word_1_674' title='bbox 843 4506 1089 4575; x_wconf 87' lang='lat' dir='ltr'><strong>satisque</strong></span> <span class='ocrx_word' id='word_1_675' title='bbox 1130 4507 1236 4560; x_wconf 89' lang='lat' dir='ltr'><strong>erit</strong></span> <span class='ocrx_word' id='word_1_676' title='bbox 1280 4504 1451 4573; x_wconf 91' lang='lat' dir='ltr'><strong>judici</strong></span> <span class='ocrx_word' id='word_1_677' title='bbox 1498 4503 1865 4561; x_wconf 82' lang='lat' dir='ltr'><strong>confessionis</strong></span> <span class='ocrx_word' id='word_1_678' title='bbox 1914 4504 2035 4559; x_wconf 92' lang='lat' dir='ltr'><strong>loco</strong></span> <span class='ocrx_word' id='word_1_679' title='bbox 2085 4520 2191 4558; x_wconf 90' lang='lat' dir='ltr'><strong>no-</strong></span> 
     </span>
    </p>
   </div>
   <div class='ocr_carea' id='block_1_93' title="bbox 2298 4503 3884 4589">
    <p class='ocr_par' dir='ltr' id='par_1_93' title="bbox 2301 4507 3884 4589">
     <span class='ocr_line' id='line_1_93' title="bbox 2301 4507 3884 4589; baseline 0.011 -32"><span class='ocrx_word' id='word_1_680' title='bbox 2301 4507 2596 4570; x_wconf 82' lang='grc' dir='ltr'>προσέσται</span> <span class='ocrx_word' id='word_1_681' title='bbox 2632 4524 2646 4539; x_wconf 89' lang='grc'><strong>·</strong></span> <span class='ocrx_word' id='word_1_682' title='bbox 2674 4512 2770 4563; x_wconf 79' lang='grc' dir='ltr'><strong>καὶ</strong></span> <span class='ocrx_word' id='word_1_683' title='bbox 2796 4516 2861 4583; x_wconf 81' lang='grc' dir='ltr'><strong>τῇ</strong></span> <span class='ocrx_word' id='word_1_684' title='bbox 2894 4515 3032 4583; x_wconf 70' lang='grc' dir='ltr'>πρὸς</span> <span class='ocrx_word' id='word_1_685' title='bbox 3057 4517 3184 4578; x_wconf 73' lang='grc' dir='ltr'>τοὺς</span> <span class='ocrx_word' id='word_1_686' title='bbox 3215 4518 3357 4570; x_wconf 88' lang='grc' dir='ltr'>αἰδοῖ</span> <span class='ocrx_word' id='word_1_687' title='bbox 3402 4519 3615 4573; x_wconf 86' lang='grc' dir='ltr'>πολλῶν</span> <span class='ocrx_word' id='word_1_688' title='bbox 3659 4520 3884 4589; x_wconf 81' lang='grc' dir='ltr'>ἀγαθῶν</span> 
     </span>
    </p>
   </div>
   <div class='ocr_carea' id='block_1_94' title="bbox 608 4594 2193 4660">
    <p class='ocr_par' dir='ltr' id='par_1_94' title="bbox 608 4594 2193 4660">
     <span class='ocr_line' id='line_1_94' title="bbox 608 4594 2193 4660; baseline -0.001 -7"><span class='ocrx_word' id='word_1_689' title='bbox 608 4608 784 4653; x_wconf 67' lang='lat' dir='ltr'><strong>:trum</strong></span> <span class='ocrx_word' id='word_1_690' title='bbox 826 4598 1130 4653; x_wconf 90' lang='lat' dir='ltr'><strong>silentium.</strong></span> <span class='ocrx_word' id='word_1_691' title='bbox 1174 4596 1251 4650; x_wconf 89' lang='lat' dir='ltr'><strong>lta</strong></span> <span class='ocrx_word' id='word_1_692' title='bbox 1299 4596 1482 4660; x_wconf 88' lang='lat' dir='ltr'><strong>nobis,</strong></span> <span class='ocrx_word' id='word_1_693' title='bbox 1528 4597 1574 4651; x_wconf 90' lang='lat' dir='ltr'><strong>si</strong></span> <span class='ocrx_word' id='word_1_694' title='bbox 1627 4596 1883 4652; x_wconf 87' lang='lat' dir='ltr'><strong>doctores</strong></span> <span class='ocrx_word' id='word_1_695' title='bbox 1934 4594 2193 4652; x_wconf 69' lang='lat' dir='ltr'><strong>Ecclesire</strong></span> 
     </span>
    </p>
   </div>
   <div class='ocr_carea' id='block_1_95' title="bbox 605 4686 2193 4753">
    <p class='ocr_par' dir='ltr' id='par_1_95' title="bbox 605 4686 2193 4753">
     <span class='ocr_line' id='line_1_95' title="bbox 605 4686 2193 4753; baseline -0.002 -10"><span class='ocrx_word' id='word_1_696' title='bbox 605 4689 981 4743; x_wconf 77' lang='lat' dir='ltr'><strong>distraltamns</strong></span> <span class='ocrx_word' id='word_1_697' title='bbox 1042 4692 1093 4743; x_wconf 89' lang='lat' dir='ltr'><strong>in</strong></span> <span class='ocrx_word' id='word_1_698' title='bbox 1149 4688 1463 4744; x_wconf 87' lang='lat' dir='ltr'><strong>contrarias</strong></span> <span class='ocrx_word' id='word_1_699' title='bbox 1507 4688 1831 4753; x_wconf 88' lang='lat' dir='ltr'><strong>sententias,</strong></span> <span class='ocrx_word' id='word_1_700' title='bbox 1890 4694 1987 4741; x_wconf 85' lang='lat' dir='ltr'><strong>aut</strong></span> <span class='ocrx_word' id='word_1_701' title='bbox 2030 4686 2193 4741; x_wconf 86' lang='lat' dir='ltr'><strong>dissi-</strong></span> 
     </span>
    </p>
   </div>
   <div class='ocr_carea' id='block_1_96' title="bbox 605 4776 2190 4851">
    <p class='ocr_par' dir='ltr' id='par_1_96' title="bbox 605 4776 2190 4851">
     <span class='ocr_line' id='line_1_96' title="bbox 605 4776 2190 4851; baseline -0.003 -15"><span class='ocrx_word' id='word_1_702' title='bbox 605 4782 892 4847; x_wconf 88' lang='lat' dir='ltr'><strong>dentibus,</strong></span> <span class='ocrx_word' id='word_1_703' title='bbox 920 4790 1015 4835; x_wconf 89' lang='lat' dir='ltr'><strong>aut</strong></span> <span class='ocrx_word' id='word_1_704' title='bbox 1047 4795 1155 4835; x_wconf 92' lang='lat' dir='ltr'><strong>non</strong></span> <span class='ocrx_word' id='word_1_705' title='bbox 1190 4781 1333 4835; x_wconf 89' lang='lat' dir='ltr'><strong>bona</strong></span> <span class='ocrx_word' id='word_1_706' title='bbox 1361 4796 1495 4851; x_wconf 83' lang='lat' dir='ltr'><strong>pace</strong></span> <span class='ocrx_word' id='word_1_707' title='bbox 1521 4779 2001 4845; x_wconf 85' lang='lat' dir='ltr'><strong>convenientibus,</strong></span> <span class='ocrx_word' id='word_1_708' title='bbox 2034 4776 2190 4845; x_wconf 80' lang='lat' dir='ltr'><strong>facit,</strong></span> 
     </span>
    </p>
   </div>
   <div class='ocr_carea' id='block_1_97' title="bbox 607 4871 2188 4943">
    <p class='ocr_par' dir='ltr' id='par_1_97' title="bbox 607 4871 2188 4943">
     <span class='ocr_line' id='line_1_97' title="bbox 607 4871 2188 4943; baseline -0.001 -16"><span class='ocrx_word' id='word_1_709' title='bbox 607 4885 671 4928; x_wconf 89' lang='lat' dir='ltr'><strong>ut</strong></span> <span class='ocrx_word' id='word_1_710' title='bbox 707 4874 857 4929; x_wconf 86' lang='lat' dir='ltr'><strong>nulla</strong></span> <span class='ocrx_word' id='word_1_711' title='bbox 888 4888 954 4928; x_wconf 79' lang='lat' dir='ltr'><strong>ex</strong></span> <span class='ocrx_word' id='word_1_712' title='bbox 985 4882 1143 4942; x_wconf 84' lang='lat' dir='ltr'><strong>parte</strong></span> <span class='ocrx_word' id='word_1_713' title='bbox 1176 4873 1449 4943; x_wconf 90' lang='lat' dir='ltr'><strong>possimus</strong></span> <span class='ocrx_word' id='word_1_714' title='bbox 1488 4874 1896 4929; x_wconf 88' lang='lat' dir='ltr'><strong>accusationem</strong></span> <span class='ocrx_word' id='word_1_715' title='bbox 1934 4871 2188 4938; x_wconf 87' lang='lat' dir='ltr'><strong>evitare;</strong></span> 
     </span>
    </p>
   </div>
   <div class='ocr_carea' id='block_1_98' title="bbox 604 4962 2190 5032">
    <p class='ocr_par' dir='ltr' id='par_1_98' title="bbox 604 4962 2190 5032">
     <span class='ocr_line' id='line_1_98' title="bbox 604 4962 2190 5032; baseline -0.004 -10"><span class='ocrx_word' id='word_1_716' title='bbox 604 4967 650 5022; x_wconf 90' lang='lat' dir='ltr'><strong>si</strong></span> <span class='ocrx_word' id='word_1_717' title='bbox 703 4981 857 5022; x_wconf 84' lang='lat' dir='ltr'><strong>vero</strong></span> <span class='ocrx_word' id='word_1_718' title='bbox 886 4966 1015 5019; x_wconf 87' lang='lat' dir='ltr'><strong>illos</strong></span> <span class='ocrx_word' id='word_1_719' title='bbox 1057 4964 1113 5019; x_wconf 92' lang='lat' dir='ltr'><strong>in</strong></span> <span class='ocrx_word' id='word_1_720' title='bbox 1168 4966 1525 5021; x_wconf 83' lang='lat' dir='ltr'><strong>concordiam</strong></span> <span class='ocrx_word' id='word_1_721' title='bbox 1581 4966 1908 5020; x_wconf 89' lang='lat' dir='ltr'><strong>reducamus</strong></span> <span class='ocrx_word' id='word_1_722' title='bbox 1933 5001 1949 5027; x_wconf 93' lang='lat'><strong>,</strong></span> <span class='ocrx_word' id='word_1_723' title='bbox 1987 4972 2047 5017; x_wconf 92' lang='lat' dir='ltr'><strong>ut</strong></span> <span class='ocrx_word' id='word_1_724' title='bbox 2076 4962 2190 5032; x_wconf 86' lang='lat' dir='ltr'><strong>jam</strong></span> 
     </span>
    </p>
   </div>
   <div class='ocr_carea' id='block_1_99' title="bbox 2298 4598 3885 4680">
    <p class='ocr_par' dir='ltr' id='par_1_99' title="bbox 2298 4598 3885 4680">
     <span class='ocr_line' id='line_1_99' title="bbox 2298 4598 3885 4680; baseline 0.008 -29"><span class='ocrx_word' id='word_1_725' title='bbox 2298 4598 2469 4668; x_wconf 66' lang='grc' dir='ltr'>ἑσμὸν</span> <span class='ocrx_word' id='word_1_726' title='bbox 2489 4605 2915 4677; x_wconf 79' lang='grc' dir='ltr'>συνεπαγομένῃ</span> <span class='ocrx_word' id='word_1_727' title='bbox 2959 4609 3057 4669; x_wconf 66' lang='grc' dir='ltr'><strong>τὰς</strong></span> <span class='ocrx_word' id='word_1_728' title='bbox 3096 4608 3307 4662; x_wconf 86' lang='grc' dir='ltr'>ὲκεῖθεν</span> <span class='ocrx_word' id='word_1_729' title='bbox 3340 4609 3577 4675; x_wconf 80' lang='grc' dir='ltr'>εὐθύνας</span> <span class='ocrx_word' id='word_1_730' title='bbox 3609 4612 3885 4680; x_wconf 79' lang='grc' dir='ltr'>ἐξωνησὸ-</span> 
     </span>
    </p>
   </div>
   <div class='ocr_carea' id='block_1_100' title="bbox 2301 4688 3884 4771">
    <p class='ocr_par' dir='ltr' id='par_1_100' title="bbox 2301 4688 3884 4771">
     <span class='ocr_line' id='line_1_100' title="bbox 2301 4688 3884 4771; baseline 0.01 -31"><span class='ocrx_word' id='word_1_731' title='bbox 2301 4688 2460 4758; x_wconf 75' lang='grc' dir='ltr'>μεθα.</span> <span class='ocrx_word' id='word_1_732' title='bbox 2493 4690 2637 4745; x_wconf 82' lang='grc' dir='ltr'>Ἀλλ’</span> <span class='ocrx_word' id='word_1_733' title='bbox 2661 4693 2761 4746; x_wconf 77' lang='grc' dir='ltr'>οὐκ</span> <span class='ocrx_word' id='word_1_734' title='bbox 2787 4694 2903 4748; x_wconf 82' lang='grc' dir='ltr'>ἔστι</span> <span class='ocrx_word' id='word_1_735' title='bbox 2926 4694 3037 4750; x_wconf 84' lang='grc' dir='ltr'><strong>τῶν</strong></span> <span class='ocrx_word' id='word_1_736' title='bbox 3073 4698 3452 4769; x_wconf 74' lang='grc' dir='ltr'>ἐνδεχομένων</span> <span class='ocrx_word' id='word_1_737' title='bbox 3475 4703 3578 4771; x_wconf 75' lang='grc' dir='ltr'>τῆς</span> <span class='ocrx_word' id='word_1_738' title='bbox 3618 4703 3884 4771; x_wconf 58' lang='grc' dir='ltr'>ἀληθείας</span> 
     </span>
    </p>
   </div>
   <div class='ocr_carea' id='block_1_101' title="bbox 2295 4777 3879 4864">
    <p class='ocr_par' dir='ltr' id='par_1_101' title="bbox 2295 4777 3879 4864">
     <span class='ocr_line' id='line_1_101' title="bbox 2295 4777 3879 4864; baseline 0.018 -36"><span class='ocrx_word' id='word_1_739' title='bbox 2295 4777 2647 4850; x_wconf 85' lang='grc' dir='ltr'>διαμαρτεῖν,</span> <span class='ocrx_word' id='word_1_740' title='bbox 2679 4783 2830 4852; x_wconf 76' lang='grc' dir='ltr'>ἡμᾶς</span> <span class='ocrx_word' id='word_1_741' title='bbox 2864 4785 2967 4837; x_wconf 83' lang='grc' dir='ltr'><strong>ὑπὸ</strong></span> <span class='ocrx_word' id='word_1_742' title='bbox 2998 4788 3063 4857; x_wconf 76' lang='grc' dir='ltr'>τῇ</span> <span class='ocrx_word' id='word_1_743' title='bbox 3120 4787 3229 4841; x_wconf 90' lang='grc' dir='ltr'><strong>τῶν</strong></span> <span class='ocrx_word' id='word_1_744' title='bbox 3275 4789 3618 4844; x_wconf 80' lang='grc' dir='ltr'>διδασκάλων</span> <span class='ocrx_word' id='word_1_745' title='bbox 3664 4793 3879 4864; x_wconf 75' lang='grc' dir='ltr'>εἰρήνῃ.</span> 
     </span>
    </p>
   </div>
   <div class='ocr_carea' id='block_1_102' title="bbox 2296 4869 3881 4955">
    <p class='ocr_par' dir='ltr' id='par_1_102' title="bbox 2296 4869 3881 4955">
     <span class='ocr_line' id='line_1_102' title="bbox 2296 4869 3881 4955; baseline 0.011 -34"><span class='ocrx_word' id='word_1_746' title='bbox 2296 4869 2358 4922; x_wconf 81' lang='grc' dir='ltr'>οὐ</span> <span class='ocrx_word' id='word_1_747' title='bbox 2425 4873 2630 4940; x_wconf 83' lang='grc' dir='ltr'>μᾶλλον</span> <span class='ocrx_word' id='word_1_748' title='bbox 2670 4874 2702 4945; x_wconf 75' lang='grc' dir='ltr'>ἢ</span> <span class='ocrx_word' id='word_1_749' title='bbox 2750 4878 3039 4943; x_wconf 66' lang='grc' dir='ltr'>κάκείνους</span> <span class='ocrx_word' id='word_1_750' title='bbox 3073 4878 3235 4935; x_wconf 86' lang='grc' dir='ltr'>τοῦτο</span> <span class='ocrx_word' id='word_1_751' title='bbox 3278 4883 3469 4936; x_wconf 86' lang='grc' dir='ltr'>παθεῖν</span> <span class='ocrx_word' id='word_1_752' title='bbox 3522 4884 3627 4938; x_wconf 76' lang='grc' dir='ltr'><strong>ύπδ</strong></span> <span class='ocrx_word' id='word_1_753' title='bbox 3679 4886 3743 4955; x_wconf 74' lang='grc' dir='ltr'><strong>τῇ</strong></span> <span class='ocrx_word' id='word_1_754' title='bbox 3785 4886 3881 4938; x_wconf 77' lang='grc' dir='ltr'><strong>τοῦ</strong></span> 
     </span>
    </p>
   </div>
   <div class='ocr_carea' id='block_1_103' title="bbox 2300 4963 2887 5041">
    <p class='ocr_par' dir='ltr' id='par_1_103' title="bbox 2300 4963 2887 5041">
     <span class='ocr_line' id='line_1_103' title="bbox 2300 4963 2887 5041; baseline 0.01 -27"><span class='ocrx_word' id='word_1_755' title='bbox 2300 4963 2627 5035; x_wconf 85' lang='grc' dir='ltr'>Πνεύματος</span> <span class='ocrx_word' id='word_1_756' title='bbox 2671 4968 2887 5041; x_wconf 70' lang='grc' dir='ltr'>ὁδηγίᾳ.</span> 
     </span>
    </p>
   </div>
   <div class='ocr_carea' id='block_1_104' title="bbox 604 5058 3881 5145">
    <p class='ocr_par' dir='ltr' id='par_1_104' title="bbox 604 5058 3881 5145">
     <span class='ocr_line' id='line_1_104' title="bbox 604 5058 3881 5145; baseline 0.004 -31"><span class='ocrx_word' id='word_1_757' title='bbox 604 5072 763 5116; x_wconf 79' lang='lat' dir='ltr'><strong>antea</strong></span> <span class='ocrx_word' id='word_1_758' title='bbox 800 5063 1002 5117; x_wconf 89' lang='lat' dir='ltr'><strong>dictum</strong></span> <span class='ocrx_word' id='word_1_759' title='bbox 1042 5072 1145 5129; x_wconf 91' lang='lat' dir='ltr'><strong>est,</strong></span> <span class='ocrx_word' id='word_1_760' title='bbox 1180 5067 1247 5119; x_wconf 89' lang='lat' dir='ltr'><strong>ad</strong></span> <span class='ocrx_word' id='word_1_761' title='bbox 1288 5079 1505 5119; x_wconf 88' lang='lat' dir='ltr'><strong>omnem</strong></span> <span class='ocrx_word' id='word_1_762' title='bbox 1553 5063 1658 5119; x_wconf 86' lang='lat' dir='ltr'><strong>hoc</strong></span> <span class='ocrx_word' id='word_1_763' title='bbox 1733 5060 1868 5145; x_wconf 75' lang='lat' dir='ltr'><strong>satis</strong></span> <span class='ocrx_word' id='word_1_764' title='bbox 1933 5068 2016 5115; x_wconf 91' lang='lat' dir='ltr'><strong>est</strong></span> <span class='ocrx_word' id='word_1_765' title='bbox 2057 5058 2361 5116; x_wconf 86' lang='lat' dir='ltr'><strong>fortunam.</strong></span> <span class='ocrx_word' id='word_1_766' title='bbox 2444 5059 2581 5117; x_wconf 83' lang='lat' dir='ltr'><strong>Nam</strong></span> <span class='ocrx_word' id='word_1_767' title='bbox 2660 5065 2790 5121; x_wconf 87' lang='lat' dir='ltr'><strong>licet</strong></span> <span class='ocrx_word' id='word_1_768' title='bbox 2837 5069 2910 5122; x_wconf 85' lang='lat' dir='ltr'><strong>ita</strong></span> <span class='ocrx_word' id='word_1_769' title='bbox 2955 5069 3118 5123; x_wconf 88' lang='lat' dir='ltr'><strong>etiam</strong></span> <span class='ocrx_word' id='word_1_770' title='bbox 3194 5084 3301 5125; x_wconf 88' lang='lat' dir='ltr'><strong>non</strong></span> <span class='ocrx_word' id='word_1_771' title='bbox 3356 5073 3549 5128; x_wconf 84' lang='lat' dir='ltr'><strong>iianms</strong></span> <span class='ocrx_word' id='word_1_772' title='bbox 3599 5082 3881 5145; x_wconf 88' lang='lat' dir='ltr'><strong>compotes</strong></span> 
     </span>
    </p>
   </div>
   <div class='ocr_carea' id='block_1_105' title="bbox 602 5142 3880 5235">
    <p class='ocr_par' dir='ltr' id='par_1_105' title="bbox 602 5142 3880 5235">
     <span class='ocr_line' id='line_1_105' title="bbox 602 5142 3880 5235; baseline 0.003 -24"><span class='ocrx_word' id='word_1_773' title='bbox 602 5158 871 5226; x_wconf 87' lang='lat' dir='ltr'><strong>veritatis,</strong></span> <span class='ocrx_word' id='word_1_774' title='bbox 906 5159 1073 5215; x_wconf 86' lang='lat' dir='ltr'><strong>multa</strong></span> <span class='ocrx_word' id='word_1_775' title='bbox 1112 5170 1293 5217; x_wconf 88' lang='lat' dir='ltr'><strong>tamen</strong></span> <span class='ocrx_word' id='word_1_776' title='bbox 1328 5169 1514 5225; x_wconf 91' lang='lat' dir='ltr'><strong>erunt,</strong></span> <span class='ocrx_word' id='word_1_777' title='bbox 1541 5160 1615 5215; x_wconf 92' lang='lat' dir='ltr'><strong>ob</strong></span> <span class='ocrx_word' id='word_1_778' title='bbox 1639 5174 1761 5229; x_wconf 76' lang='lat' dir='ltr'><strong>qua:</strong></span> <span class='ocrx_word' id='word_1_779' title='bbox 1791 5142 1918 5227; x_wconf 87' lang='lat' dir='ltr'><strong>jure</strong></span> <span class='ocrx_word' id='word_1_780' title='bbox 1952 5157 2170 5213; x_wconf 78' lang='lat' dir='ltr'><strong>veniam</strong></span> <span class='ocrx_word' id='word_1_781' title='bbox 2215 5172 2525 5213; x_wconf 88' lang='lat' dir='ltr'><strong>mereamur</strong></span> <span class='ocrx_word' id='word_1_782' title='bbox 2562 5178 2578 5217; x_wconf 91' lang='lat'><strong>:</strong></span> <span class='ocrx_word' id='word_1_783' title='bbox 2612 5171 2666 5216; x_wconf 92' lang='lat' dir='ltr'><strong>et</strong></span> <span class='ocrx_word' id='word_1_784' title='bbox 2698 5165 3030 5229; x_wconf 88' lang='lat' dir='ltr'><strong>reverentia,</strong></span> <span class='ocrx_word' id='word_1_785' title='bbox 3055 5181 3221 5235; x_wconf 88' lang='lat' dir='ltr'><strong>quam</strong></span> <span class='ocrx_word' id='word_1_786' title='bbox 3278 5169 3547 5224; x_wconf 81' lang='lat' dir='ltr'><strong>adversus</strong></span> <span class='ocrx_word' id='word_1_787' title='bbox 3617 5142 3880 5223; x_wconf 49' lang='lat' dir='ltr'><strong>dociores</strong></span> 
     </span>
    </p>
   </div>
   <div class='ocr_carea' id='block_1_106' title="bbox 603 5253 3881 5331">
    <p class='ocr_par' dir='ltr' id='par_1_106' title="bbox 603 5253 3881 5331">
     <span class='ocr_line' id='line_1_106' title="bbox 603 5253 3881 5331; baseline 0.004 -25"><span class='ocrx_word' id='word_1_788' title='bbox 603 5253 1152 5317; x_wconf 85' lang='lat' dir='ltr'><strong>adbibebimus.cum</strong></span> <span class='ocrx_word' id='word_1_789' title='bbox 1178 5259 1476 5313; x_wconf 84' lang='lat' dir='ltr'><strong>nmltorum</strong></span> <span class='ocrx_word' id='word_1_790' title='bbox 1509 5271 1695 5311; x_wconf 89' lang='lat' dir='ltr'><strong>secum</strong></span> <span class='ocrx_word' id='word_1_791' title='bbox 1733 5256 1922 5309; x_wconf 69' lang='lat' dir='ltr'><strong>aderat</strong></span> <span class='ocrx_word' id='word_1_792' title='bbox 1946 5270 2177 5310; x_wconf 75' lang='lat' dir='ltr'><strong>examen</strong></span> <span class='ocrx_word' id='word_1_793' title='bbox 2219 5256 2515 5323; x_wconf 85' lang='lat' dir='ltr'><strong>bonorum,</strong></span> <span class='ocrx_word' id='word_1_794' title='bbox 2551 5258 2684 5314; x_wconf 89' lang='lat' dir='ltr'><strong>illud</strong></span> <span class='ocrx_word' id='word_1_795' title='bbox 2726 5261 2892 5315; x_wconf 89' lang='lat' dir='ltr'><strong>etiam</strong></span> <span class='ocrx_word' id='word_1_796' title='bbox 2927 5264 3228 5331; x_wconf 67' lang='lat' dir='ltr'><strong>praestabit,</strong></span> <span class='ocrx_word' id='word_1_797' title='bbox 3297 5274 3356 5319; x_wconf 88' lang='lat' dir='ltr'><strong>ut</strong></span> <span class='ocrx_word' id='word_1_798' title='bbox 3403 5265 3606 5320; x_wconf 87' lang='lat' dir='ltr'><strong>nullam</strong></span> <span class='ocrx_word' id='word_1_799' title='bbox 3692 5263 3881 5320; x_wconf 83' lang='lat' dir='ltr'><strong>futuro</strong></span> 
     </span>
    </p>
   </div>
   <div class='ocr_carea' id='block_1_107' title="bbox 600 5348 3880 5428">
    <p class='ocr_par' dir='ltr' id='par_1_107' title="bbox 600 5348 3880 5428">
     <span class='ocr_line' id='line_1_107' title="bbox 600 5348 3880 5428; baseline 0.004 -25"><span class='ocrx_word' id='word_1_800' title='bbox 600 5348 771 5421; x_wconf 88' lang='lat' dir='ltr'><strong>judici</strong></span> <span class='ocrx_word' id='word_1_801' title='bbox 802 5350 1102 5410; x_wconf 89' lang='lat' dir='ltr'><strong>debeamus</strong></span> <span class='ocrx_word' id='word_1_802' title='bbox 1124 5354 1349 5409; x_wconf 88' lang='lat' dir='ltr'><strong>reddere</strong></span> <span class='ocrx_word' id='word_1_803' title='bbox 1372 5354 1663 5407; x_wconf 88' lang='lat' dir='ltr'><strong>rationem.</strong></span> <span class='ocrx_word' id='word_1_804' title='bbox 1695 5351 1893 5406; x_wconf 83' lang='lat' dir='ltr'><strong>Verum</strong></span> <span class='ocrx_word' id='word_1_805' title='bbox 1930 5354 2047 5407; x_wconf 88' lang='lat' dir='ltr'><strong>lieri</strong></span> <span class='ocrx_word' id='word_1_806' title='bbox 2113 5368 2221 5407; x_wconf 91' lang='lat' dir='ltr'><strong>non</strong></span> <span class='ocrx_word' id='word_1_807' title='bbox 2296 5364 2494 5422; x_wconf 85' lang='lat' dir='ltr'><strong>potest,</strong></span> <span class='ocrx_word' id='word_1_808' title='bbox 2554 5368 2613 5411; x_wconf 92' lang='lat' dir='ltr'><strong>ut</strong></span> <span class='ocrx_word' id='word_1_809' title='bbox 2656 5374 2789 5428; x_wconf 88' lang='lat' dir='ltr'><strong>pace</strong></span> <span class='ocrx_word' id='word_1_810' title='bbox 2845 5361 2986 5417; x_wconf 88' lang='lat' dir='ltr'><strong>inter</strong></span> <span class='ocrx_word' id='word_1_811' title='bbox 3030 5362 3287 5417; x_wconf 84' lang='lat' dir='ltr'><strong>doctores</strong></span> <span class='ocrx_word' id='word_1_812' title='bbox 3324 5363 3647 5417; x_wconf 83' lang='lat' dir='ltr'><strong>confirmata</strong></span> <span class='ocrx_word' id='word_1_813' title='bbox 3694 5378 3798 5418; x_wconf 82' lang='lat' dir='ltr'><strong>nos</strong></span> <span class='ocrx_word' id='word_1_814' title='bbox 3851 5377 3880 5417; x_wconf 88' lang='lat' dir='ltr'><strong>a</strong></span> 
     </span>
    </p>
   </div>
   <div class='ocr_carea' id='block_1_108' title="bbox 601 5443 3889 5528">
    <p class='ocr_par' dir='ltr' id='par_1_108' title="bbox 601 5443 3889 5528">
     <span class='ocr_line' id='line_1_108' title="bbox 601 5443 3889 5528; baseline 0.005 -32"><span class='ocrx_word' id='word_1_815' title='bbox 601 5447 834 5499; x_wconf 84' lang='lat' dir='ltr'><strong>veritate</strong></span> <span class='ocrx_word' id='word_1_816' title='bbox 878 5445 1036 5501; x_wconf 87' lang='lat' dir='ltr'><strong>aberr</strong></span> <span class='ocrx_word' id='word_1_817' title='bbox 1067 5460 1228 5511; x_wconf 87' lang='lat' dir='ltr'><strong>mus;</strong></span> <span class='ocrx_word' id='word_1_818' title='bbox 1261 5444 1407 5513; x_wconf 86' lang='lat' dir='ltr'><strong>sicut</strong></span> <span class='ocrx_word' id='word_1_819' title='bbox 1449 5458 1604 5514; x_wconf 84' lang='lat' dir='ltr'><strong>aeque</strong></span> <span class='ocrx_word' id='word_1_820' title='bbox 1639 5443 1763 5501; x_wconf 90' lang='lat' dir='ltr'><strong>illos</strong></span> <span class='ocrx_word' id='word_1_821' title='bbox 1809 5444 2177 5500; x_wconf 78' lang='lat' dir='ltr'><strong>ballucinatos</strong></span> <span class='ocrx_word' id='word_1_822' title='bbox 2214 5461 2339 5501; x_wconf 89' lang='lat' dir='ltr'><strong>esse</strong></span> <span class='ocrx_word' id='word_1_823' title='bbox 2418 5446 2761 5519; x_wconf 88' lang='lat' dir='ltr'><strong>impossibile</strong></span> <span class='ocrx_word' id='word_1_824' title='bbox 2832 5462 2937 5519; x_wconf 90' lang='lat' dir='ltr'><strong>est,</strong></span> <span class='ocrx_word' id='word_1_825' title='bbox 3007 5469 3131 5508; x_wconf 89' lang='lat' dir='ltr'><strong>cum</strong></span> <span class='ocrx_word' id='word_1_826' title='bbox 3189 5455 3385 5509; x_wconf 84' lang='lat' dir='ltr'><strong>ducem</strong></span> <span class='ocrx_word' id='word_1_827' title='bbox 3433 5456 3720 5511; x_wconf 79' lang='lat' dir='ltr'><strong>habuerint</strong></span> <span class='ocrx_word' id='word_1_828' title='bbox 3765 5456 3889 5528; x_wconf 74' lang='lat' dir='ltr'><strong>Spi-</strong></span> 
     </span>
    </p>
   </div>
   <div class='ocr_carea' id='block_1_109' title="bbox 604 5531 799 5587">
    <p class='ocr_par' dir='ltr' id='par_1_109' title="bbox 604 5531 799 5587">
     <span class='ocr_line' id='line_1_109' title="bbox 604 5531 799 5587; baseline -0.005 0"><span class='ocrx_word' id='word_1_829' title='bbox 604 5531 799 5587; x_wconf 81' lang='lat' dir='ltr'><strong>ritum.</strong></span> 
     </span>
    </p>
   </div>
   <div class='ocr_carea' id='block_1_110' title="bbox 677 5619 2188 5694">
    <p class='ocr_par' dir='ltr' id='par_1_110' title="bbox 677 5619 2188 5694">
     <span class='ocr_line' id='line_1_110' title="bbox 677 5619 2188 5694; baseline 0.005 -21"><span class='ocrx_word' id='word_1_830' title='bbox 677 5619 769 5674; x_wconf 87' lang='lat' dir='ltr'><strong>Est</strong></span> <span class='ocrx_word' id='word_1_831' title='bbox 826 5620 992 5690; x_wconf 79' lang='lat' dir='ltr'><strong>igitur</strong></span> <span class='ocrx_word' id='word_1_832' title='bbox 1045 5620 1150 5674; x_wconf 89' lang='lat' dir='ltr'><strong>hac</strong></span> <span class='ocrx_word' id='word_1_833' title='bbox 1190 5619 1273 5674; x_wconf 87' lang='lat' dir='ltr'><strong>via</strong></span> <span class='ocrx_word' id='word_1_834' title='bbox 1326 5620 1613 5690; x_wconf 82' lang='lat' dir='ltr'><strong>utendum,</strong></span> <span class='ocrx_word' id='word_1_835' title='bbox 1666 5639 1788 5693; x_wconf 70' lang='lat' dir='ltr'><strong>qua:</strong></span> <span class='ocrx_word' id='word_1_836' title='bbox 1840 5640 1967 5680; x_wconf 88' lang='lat' dir='ltr'><strong>vera</strong></span> <span class='ocrx_word' id='word_1_837' title='bbox 2023 5633 2188 5694; x_wconf 88' lang='lat' dir='ltr'><strong>atque</strong></span> 
     </span>
    </p>
   </div>
   <div class='ocr_carea' id='block_1_111' title="bbox 604 5711 2186 5787">
    <p class='ocr_par' dir='ltr' id='par_1_111' title="bbox 604 5711 2186 5787">
     <span class='ocr_line' id='line_1_111' title="bbox 604 5711 2186 5787; baseline 0.006 -22"><span class='ocrx_word' id='word_1_838' title='bbox 604 5711 857 5779; x_wconf 73' lang='lat' dir='ltr'><strong>expedita</strong></span> <span class='ocrx_word' id='word_1_839' title='bbox 892 5719 995 5774; x_wconf 89' lang='lat' dir='ltr'><strong>est,</strong></span> <span class='ocrx_word' id='word_1_840' title='bbox 1045 5725 1148 5766; x_wconf 92' lang='lat' dir='ltr'><strong>nec</strong></span> <span class='ocrx_word' id='word_1_841' title='bbox 1202 5728 1307 5767; x_wconf 90' lang='lat' dir='ltr'><strong>non</strong></span> <span class='ocrx_word' id='word_1_842' title='bbox 1344 5730 1737 5787; x_wconf 85' lang='lat' dir='ltr'><strong>usquequaque</strong></span> <span class='ocrx_word' id='word_1_843' title='bbox 1772 5719 2069 5773; x_wconf 78' lang='lat' dir='ltr'><strong>tutissima.</strong></span> <span class='ocrx_word' id='word_1_844' title='bbox 2129 5718 2186 5774; x_wconf 90' lang='lat' dir='ltr'><strong>Si</strong></span> 
     </span>
    </p>
   </div>
   <div class='ocr_carea' id='block_1_112' title="bbox 599 5803 2186 5881">
    <p class='ocr_par' dir='ltr' id='par_1_112' title="bbox 599 5803 2186 5881">
     <span class='ocr_line' id='line_1_112' title="bbox 599 5803 2186 5881; baseline 0.005 -24"><span class='ocrx_word' id='word_1_845' title='bbox 599 5816 729 5857; x_wconf 87' lang='lat' dir='ltr'><strong>vero</strong></span> <span class='ocrx_word' id='word_1_846' title='bbox 766 5803 833 5856; x_wconf 90' lang='lat' dir='ltr'><strong>sit</strong></span> <span class='ocrx_word' id='word_1_847' title='bbox 868 5803 1009 5860; x_wconf 85' lang='lat' dir='ltr'><strong>alius</strong></span> <span class='ocrx_word' id='word_1_848' title='bbox 1041 5807 1234 5864; x_wconf 87' lang='lat' dir='ltr'><strong>modus</strong></span> <span class='ocrx_word' id='word_1_849' title='bbox 1266 5824 1351 5875; x_wconf 86' lang='lat' dir='ltr'><strong>eo,</strong></span> <span class='ocrx_word' id='word_1_850' title='bbox 1403 5824 1564 5878; x_wconf 86' lang='lat' dir='ltr'><strong>quem</strong></span> <span class='ocrx_word' id='word_1_851' title='bbox 1621 5811 1755 5877; x_wconf 58' lang='lat' dir='ltr'><strong>dixi,</strong></span> <span class='ocrx_word' id='word_1_852' title='bbox 1817 5811 2186 5881; x_wconf 69' lang='lat' dir='ltr'><strong>prirSlzlltliOI‘,</strong></span> 
     </span>
    </p>
   </div>
   <div class='ocr_carea' id='block_1_113' title="bbox 2374 5628 3888 5705">
    <p class='ocr_par' dir='ltr' id='par_1_113' title="bbox 2374 5628 3888 5705">
     <span class='ocr_line' id='line_1_113' title="bbox 2374 5628 3888 5705; baseline 0.009 -25"><span class='ocrx_word' id='word_1_853' title='bbox 2374 5628 2595 5698; x_wconf 65' lang='lat' dir='ltr'><strong>&#39;l‘adtqv</strong></span> <span class='ocrx_word' id='word_1_854' title='bbox 2616 5629 2797 5684; x_wconf 80' lang='grc' dir='ltr'>τοίνυν</span> <span class='ocrx_word' id='word_1_855' title='bbox 2834 5630 3054 5685; x_wconf 77' lang='grc' dir='ltr'>ἑλέσθαι</span> <span class='ocrx_word' id='word_1_856' title='bbox 3104 5632 3188 5686; x_wconf 87' lang='grc' dir='ltr'><strong>δεῖ</strong></span> <span class='ocrx_word' id='word_1_857' title='bbox 3235 5632 3333 5704; x_wconf 77' lang='grc' dir='ltr'>τὴν</span> <span class='ocrx_word' id='word_1_858' title='bbox 3363 5633 3541 5705; x_wconf 79' lang='grc' dir='ltr'>ὀληθῆ</span> <span class='ocrx_word' id='word_1_859' title='bbox 3598 5654 3656 5690; x_wconf 87' lang='grc' dir='ltr'><strong>τε</strong></span> <span class='ocrx_word' id='word_1_860' title='bbox 3716 5640 3888 5696; x_wconf 74' lang='grc' dir='ltr'>οὖσαν</span> 
     </span>
    </p>
   </div>
   <div class='ocr_carea' id='block_1_114' title="bbox 2301 5719 3887 5798">
    <p class='ocr_par' dir='ltr' id='par_1_114' title="bbox 2301 5719 3887 5798">
     <span class='ocr_line' id='line_1_114' title="bbox 2301 5719 3887 5798; baseline 0.009 -26"><span class='ocrx_word' id='word_1_861' title='bbox 2301 5722 2396 5773; x_wconf 67' lang='grc' dir='ltr'>καὶ</span> <span class='ocrx_word' id='word_1_862' title='bbox 2424 5719 2863 5791; x_wconf 75' lang='grc' dir='ltr'>πρόχειρον’,καὶ</span> <span class='ocrx_word' id='word_1_863' title='bbox 2919 5724 3055 5794; x_wconf 60' lang='grc' dir='ltr'>προς</span> <span class='ocrx_word' id='word_1_864' title='bbox 3112 5725 3323 5790; x_wconf 78' lang='grc' dir='ltr'>τούτοις</span> <span class='ocrx_word' id='word_1_865' title='bbox 3384 5729 3664 5797; x_wconf 84' lang='grc' dir='ltr'>γέμουσαν</span> <span class='ocrx_word' id='word_1_866' title='bbox 3710 5735 3887 5798; x_wconf 57' lang='grc' dir='ltr'>ἀσφα-</span> 
     </span>
    </p>
   </div>
   <div class='ocr_carea' id='block_1_115' title="bbox 2302 5813 3882 5890">
    <p class='ocr_par' dir='ltr' id='par_1_115' title="bbox 2302 5813 3882 5890">
     <span class='ocr_line' id='line_1_115' title="bbox 2302 5813 3882 5890; baseline 0.004 -25"><span class='ocrx_word' id='word_1_867' title='bbox 2302 5813 2470 5879; x_wconf 72' lang='grc' dir='ltr'>λεξχς,</span> <span class='ocrx_word' id='word_1_868' title='bbox 2512 5814 2571 5867; x_wconf 84' lang='grc' dir='ltr'>Εἰ</span> <span class='ocrx_word' id='word_1_869' title='bbox 2610 5816 2651 5867; x_wconf 73' lang='grc' dir='ltr'>δ’</span> <span class='ocrx_word' id='word_1_870' title='bbox 2683 5814 2831 5867; x_wconf 76' lang='grc' dir='ltr'>ἔστιν</span> <span class='ocrx_word' id='word_1_871' title='bbox 2865 5815 3023 5885; x_wconf 75' lang='grc' dir='ltr'>ἄλλον</span> <span class='ocrx_word' id='word_1_872' title='bbox 3063 5818 3187 5881; x_wconf 65' lang='grc' dir='ltr'>τινὰ</span> <span class='ocrx_word' id='word_1_873' title='bbox 3224 5819 3460 5887; x_wconf 61' lang='grc' dir='ltr'>συνάψαι</span> <span class='ocrx_word' id='word_1_874' title='bbox 3497 5821 3701 5890; x_wconf 74' lang='grc' dir='ltr'>τρόπον</span> <span class='ocrx_word' id='word_1_875' title='bbox 3762 5836 3882 5886; x_wconf 64' lang='grc' dir='ltr'><strong>τος</strong></span> 
     </span>
    </p>
   </div>
  </div>
