4170 6294
390 359 494 424 591
1541 360 1822 420 ORATIO
1858 361 1946 420 ιιι
1992 365 2092 426 AD
2131 366 2514 429 SYNODUM.
3550 375 3652 439 532

385 471 752 533 διδασκάλους
786 470 878 526 τοῦ
910 471 1002 527 νῦν
1061 471 1501 544 ὑπομνησθέντος
1555 473 1784 544 ἀμείνω,
1825 473 1972 526 τοῦτ’
2007 481 2032 537 Α

2007 481 2050 537 Α
2083 493 2190 546 quo
2222 483 2432 549 possint
2469 485 2741 538 docitores
2775 484 3081 547 com-iliari,
3122 485 3170 537 id
3208 486 3338 538 mihi
3365 486 3467 540 erit
3497 501 3651 542 sum-

387 570 556 639 εὒχῆς
590 569 754 638 ἔργον
784 569 908 636 ἐμοί
943 584 955 597 ·
997 569 1118 621 οὑδὲ
1150 570 1256 637 γὰρ
1284 569 1350 621 ἀν
1398 567 1562 630 αὐτὸς
1606 569 1796 636 φαίην,
1845 567 1966 620 τοῦ-

2075 586 2297 639 mopere
2325 576 2712 643 exoptandum:
2757 591 2930 644 neque
2960 577 3103 630 enim
3137 592 3235 646 ego
3261 575 3645 634 aﬂirmaverim

385 678 481 714 10v
515 660 674 730 μόνον
715 661 972 714 ἁπάντων
1032 662 1256 730 ἄριστον
1302 655 1445 713 εἶναι
1478 673 1494 689 ⁸
1547 660 1683 713 ἀλλὰ
1733 660 1796 712 τὸ
1865 662 1966 729 μὲν

2072 658 2216 714 hunc
2237 677 2400 716 unum
2420 679 2542 718 esse
2578 666 2821 718 omnium
2848 666 3137 734 optimum,
3157 666 3250 720 sed
3275 667 3362 719 aio
3392 682 3648 724 necessa-

392 753 687 816 συνάπτειν
754 752 957 814 αὐτοὺς
1013 755 1106 806 καὶ
1167 754 1567 822 συμϐαίνοντας
1617 753 1705 806 διὰ
1746 753 1963 806 πάντων

2070 749 2210 802 rium
2256 753 2478 820 quidetn
2527 769 2651 809 es.~e
2699 757 3055 824 conjungere,
3081 765 3135 809 et
3166 758 3396 822 probare
3431 760 3553 814 illos
3589 761 3643 814 in

389 846 682 907 δεικνύναι,
707 845 856 920 τοῦτ’
887 846 1188 912 ἀναγκαῖον
1219 843 1360 899 εἷναί
1394 863 1560 915 φημι,
1626 846 1721 900 καὶ
1770 843 1962 898 τοῦτον

2069 838 2323 894 omnibus
2375 857 2496 896 esse
2547 849 2868 911 concordes,
2931 856 2986 900 et
3037 847 3350 915 jaciendum
3389 865 3512 905 esse
3542 851 3645 907 hoc

387 939 472 991 δεῖ
498 937 939 1006 ὑπερϐεϐλῆσθαι
987 935 1088 1003 τῆς
1147 938 1420 1006 ἡμετέρας
1463 937 1719 1003 ὁμονοίας
1769 936 1960 1006 ὥσπερ

2068 927 2232 981 veluti
2269 929 2685 987 fundamentum
2727 945 2924 990 nostras
2958 938 3198 992 unionis:
3235 954 3357 992 nam
3387 941 3506 995 sine
3541 943 3646 998 hoc

384 1029 660 1099 θεμέλιον,
704 1031 782 1093 ὡς
812 1029 1001 1082 τούτου
1035 1029 1204 1098 χωρὶς
1243 1029 1384 1098 μήτε
1428 1027 1610 1090 καλῶς
1665 1027 1794 1097 μήθ’
1820 1027 1956 1090 ὅλως

2069 1035 2170 1074 nec
2203 1023 2360 1089 bene,
2401 1026 2493 1079 sed
2530 1043 2626 1081 nec
2657 1029 2884 1082 θηηιὶηο
2909 1030 3128 1097 quidem
3179 1032 3269 1085 illa
3299 1032 3641 1092 'stabilietur:

317 1162 327 1169 .
384 1122 750 1192 ἱδρυσομένης
779 1139 794 1153 ο
831 1116 874 1190 ᾧ
903 1123 948 1174 δ’
978 1122 1043 1176 ἂν
1078 1122 1255 1175 ταῦτα
1281 1123 1493 1188 γένοιτο
1515 1121 1722 1190 τρόπῳ,
1759 1120 1958 1189 ὑμέτε-

2064 1127 2171 1182 qua
2216 1129 2345 1170 vero
2393 1117 2511 1173 hzec
2560 1121 2770 1176 ratione
2826 1121 2977 1190 ﬁant,
3031 1124 3347 1180 adinvenire
3398 1138 3643 1183 vestrum

380 1216 477 1286 ρόν
512 1216 658 1267 ἐστιν
692 1215 1057 1283 ἀνευρίσκειν.
1095 1215 1202 1268 Καὶ
1246 1211 1281 1267 ἃ
1329 1213 1438 1282 γὰρ
1485 1213 1593 1266 τῶν
1642 1211 1956 1282 είρημένων

2061 1212 2165 1258 εει.
2199 1203 2416 1261 Etenim
2458 1224 2576 1277 quae
2601 1222 2856 1280 Spectare
2890 1215 2993 1268 huc
3019 1217 3273 1270 videntur
3323 1231 3388 1271 ex
3423 1219 3490 1273 iis
3522 1235 3643 1288 qua:

378 1305 460 1366 είς
496 1305 654 1356 τοῦτο
682 1304 878 1356 τείνειν
907 1305 1076 1367 δοκεῖ,
1105 1305 1165 1356 οὐ
1205 1303 1406 1371 μᾶλλον
1429 1302 1826 1370 εἰσηγουμένου
1861 1302 1953 1355 τὸν

2061 1297 2195 1362 dixi,
2227 1315 2330 1354 non
2365 1303 2436 1356 ita
2493 1305 2632 1358 dicta
2687 1316 2815 1360 sunt
2851 1323 2879 1360 a
2909 1323 3012 1370 me,
3064 1310 3220 1378 quasi
3254 1312 3472 1364 modum
3524 1311 3638 1380 ipse

375 1399 580 1467 τρόπον
614 1394 681 1468 ἦν
709 1399 1108 1467 ἢπροτιθέντος
1131 1399 1260 1466 ὑμῖν
1288 1398 1473 1450 είκὸνα
1513 1400 1606 1452 καὶ
1650 1396 1818 1448 τύπον
1852 1395 1950 1462 τῆς

2059 1387 2334 1444 docerem:
2365 1393 2455 1445 sed
2487 1403 2542 1446 ut
2571 1397 2750 1462 potius
2794 1397 3020 1464 eiiigiem
3053 1401 3641 1470 adumbrationemque

374 1490 486 1541 τῶν
518 1489 855 1543 διδασκάλων
883 1491 1232 1558 συμϐάσεως.
1269 1489 1332 1542 Εἰ
1360 1489 1413 1540 δὲ
1469 1486 1565 1541 καὶ
1624 1486 1816 1553 γνώμη
1869 1501 1952 1545 τις

2059 1494 2416 1547 proponerent
2448 1487 2852 1541 conciliationis
2892 1489 3198 1546 Joctorum.
3243 1491 3298 1545 Si
3323 1509 3449 1546 vero
3478 1496 3641 1547 etiam

374 1573 446 1647 ἦν
483 1581 588 1650 ἐμὴ
620 1581 874 1647 καθαρῶς
905 1583 1112 1642 ἐκεῖνα,
1149 1582 1243 1633 καὶ
1298 1578 1491 1631 τοῦτον
1537 1578 1790 1644 ἡγούμην
1853 1574 1947 1626 τὸν

2059 1573 2173 1625 haec
2215 1575 2406 1626 eadem
2452 1590 2516 1628 ex
2550 1577 2734 1628 animo
2769 1580 2884 1646 ipse
2923 1581 3204 1647 sentirem,
3241 1583 3641 1638 existimarem-

370 1672 578 1740 τρόπον
640 1669 782 1724 εἴναι
833 1672 1323 1738 λυσιτελέστερον,
1386 1671 1539 1722 οὐδὲν
1603 1669 1947 1736 θαυμαστόν.

2057 1681 2163 1733 que
2197 1667 2343 1721 hunc
2388 1683 2506 1722 esse
2545 1672 2764 1724 modum
2801 1673 3098 1738 utiliorem,
3136 1675 3263 1743 quid
3301 1677 3542 1729 mirum?
3573 1677 3638 1732 Et

371 1760 612 1824 Ἐξέστω
640 1763 746 1830 γὰρ
781 1763 902 1831 ἐμοί
941 1779 998 1813 τε
1033 1761 1127 1814 καὶ
1159 1759 1271 1812 τῶν
1322 1759 1496 1812 ἄλλων
1533 1758 1756 1827 ἑκάστῳ
1812 1775 1945 1825 φρο-
1981 1832 2014 1834 ν-

2053 1757 2182 1810 tnihi
2203 1766 2256 1812 et
2276 1759 2396 1812 aliis
2424 1761 2837 1830 quibuscunque
2864 1764 3092 1818 liceatde
3119 1767 3390 1834 proposita
3416 1771 3643 1822 materia

370 1856 486 1906 νεῖν
517 1855 798 1924 ὁτιδήποτε
833 1855 958 1922 περὶ
993 1853 1220 1912 τούτων,
1250 1853 1354 1914 ἕως
1408 1853 1474 1906 ἂν
1524 1854 1685 1920 ὑμεῖς
1743 1851 1944 1918 ἕλησθε
1979 1832 2017 1890 Ε

1993 1832 2026 1890 Β
2055 1851 2271 1918 quidvis
2301 1855 2519 1919 sentire,
2548 1846 2729 1911 'douec
2760 1872 2786 1909 a
2821 1860 2972 1912 vobis
2999 1862 3270 1929 t-itgatttur
3299 1863 3534 1927 potiora,
3585 1881 3640 1930 ει

368 1946 440 1999 τὰ
471 1945 685 2015 βελτίω,
731 1946 824 1999 καὶ
846 1945 990 2014 ἆπερ
1025 1945 1410 2013 ἀναμφιϐόλως
1464 1942 1650 2013 μέλλει
1697 1942 1943 2010 κρατεῖν.

2050 1953 2172 2006 quae
2205 1940 2585 1998 indubitanter
2605 1950 2872 2002 credenda
2923 1949 3054 2003 sint.
3102 1947 3220 2005 Non
3273 1952 3450 2006 solum
3513 1967 3640 2006 vero

369 2039 449 2092 Οὑ
484 2040 595 2102 τοῖς
628 2038 802 2106 ἁγίοις
826 2038 882 2092 δὲ
915 2040 1096 2109 μόνοις
1137 2038 1270 2092 ἀλλὰ
1306 2038 1402 2093 καὶ
1431 2040 1546 2101 τοῖς
1572 2037 1669 2108 τῆς
1719 2037 1944 2106 Γραφῆς

2048 2033 2376 2096 sanctis,sed
2415 2035 2549 2104 ipsis
2583 2040 2747 2093 etiam
2815 2041 3123 2110 Scripturae
3153 2044 3330 2110 dictis,
3360 2045 3637 2099 reddenda

369 2130 704 2200 ἀξιώμασιν,
741 2132 875 2203 ὅπερ
905 2131 1077 2201 ἔφθην
1105 2132 1296 2196 είπὼν,
1349 2130 1447 2202 τὴν
1499 2131 1695 2184 ἕνωσιν
1742 2130 1944 2198 ταύτην

2048 2133 2132 2178 est
2159 2125 2276 2180 haec
2302 2130 2597 2184 concordia
2639 2148 2654 2184 :
2685 2140 2738 2184 et
2776 2147 2840 2186 eo
2876 2135 3071 2202 magis,
3101 2150 3224 2189 cum
3269 2143 3322 2190 et
3359 2135 3447 2188 illa
3478 2136 3636 2192 nobis

367 2222 718 2276 ἀποδίδοσθαι
751 2222 833 2276 δεῖ
871 2237 884 2252 ·
913 2224 1005 2274 καὶ
1031 2221 1228 2289 ζπολλῷ
1286 2221 1513 2290 μᾶλλον,
1561 2220 1762 2273 ὁπόταν
1811 2219 1942 2289 ἡμῖν

2048 2228 2183 2282 opus
2203 2215 2483 2271 fuerintad
2508 2234 2744 2287 praesens
2772 2223 3069 2292 negotium.
3097 2224 3207 2292 Ego
3226 2227 3370 2279 enim
3394 2226 3630 2282 dixerim

367 2316 643 2370 κάκείνων
702 2315 838 2382 πρὸς
894 2315 962 2368 τὰ
1011 2315 1256 2384 παρόντα
1307 2315 1530 2382 γένηται
1589 2313 1771 2382 χρεία.
1801 2309 1944 2379 Ἐγὼ

2051 2303 2337 2358 minimum
2375 2322 2474 2361 nos
2507 2307 2751 2378 indigere
2787 2309 3086 2380 Scriptura:
3143 2315 3450 2380 axiomatis,
3506 2333 3633 2373 cum

366 2408 479 2477 γὰρ
511 2405 661 2460 εἷπον
695 2407 760 2460 ἂν
779 2408 853 2469 ὠς
885 2407 1146 2475 ἐλάχιστα
1177 2406 1390 2460 δεῖσθαι
1423 2406 1532 2458 τῶν
1567 2405 1662 2473 τῆς
1695 2405 1942 2473 Γραφῆς.

2049 2393 2119 2446 sit
2152 2394 2310 2449 nobis
2346 2399 2487 2453 satis
2529 2400 2815 2455 doctorum
2857 2405 3152 2469 sententia,
3194 2408 3286 2474 qui
3322 2408 3456 2462 bene
3482 2409 3630 2464 illam

367 2500 838 2568 ἀρκουμένουςτῇ
898 2497 1021 2568 δόξῃ
1077 2497 1187 2549 τῶν
1248 2496 1605 2559 διδασκάλων,
1664 2496 1712 2548 οἳ
1763 2495 1944 2558 καλῶς

2047 2487 2446 2553 expenlerunt,
2480 2498 2534 2542 et
2565 2489 2709 2545 dcta
2755 2508 2852 2548 sua
2899 2496 3025 2550 inde
3062 2508 3434 2566 sumpserunt:
3491 2501 3626 2556 utsi

377 2591 599 2660 ἐκείνην
655 2589 950 2659 ἑξήτασαν,
1013 2591 1107 2642 καὶ
1171 2581 1243 2641 ἄν
1304 2589 1490 2656 ἔλεγον
1541 2587 1747 2640 ἐκεῖθεν
1790 2587 1944 2655 ἔσχον

2048 2575 2251 2641 quisex
2286 2577 2350 2632 iis
2377 2582 2686 2648 qumsisset,
2717 2592 2778 2637 ut
2804 2585 3078 2662 dictorum
3115 2604 3338 2643 suorum
3359 2593 3633 2659 probatio-

367 2683 468 2744 τὰς
514 2683 768 2750 ἀφορμάς
801 2696 815 2710 °
853 2681 946 2733 καὶ
979 2683 1032 2734 εἴ
1064 2698 1148 2742 τις
1180 2681 1379 2741 αὐτοὺς
1406 2680 1606 2750 ἀπῄτει
1639 2677 1747 2731 τῶν
1768 2678 1942 2744 λόγων

2048 2681 2146 2720 nes
2199 2683 2552 2739 exponerent,
2593 2677 2781 2730 statim
2849 2680 2923 2732 illi
2979 2695 3113 2734 sane
3157 2684 3224 2737 ad
3293 2683 3629 2752 Scripturam

368 2773 468 2834 τὰς
502 2773 826 2838 ἀποδείξεις,
860 2772 1022 2834 εὐθὺς
1072 2773 1164 2824 ἐπὶ
1201 2771 1300 2840 τὴν
1355 2772 1578 2840 Γραφὴν
1639 2772 1944 2837 κατέφυγον

2048 2755 2447 2826 confugissent,
2483 2763 2626 2830 quod
2655 2767 2819 2818 etiam
2847 2769 3105 2834 (tsigettte
3129 2772 3345 2826 nemine
3380 2774 3631 2827 videntur

371 2865 479 2917 ἄν’
539 2865 635 2914 καὶ
685 2862 911 2930 μηδενὸς
955 2861 1152 2922 αὐτοὺς
1180 2859 1558 2923 ἀπαιτοῦντος,
1615 2859 1798 2911 πολλοὶ
1851 2861 1946 2912 καὶ

2050 2851 2204 2903 ntulti
2241 2851 2559 2920 frequenter
2590 2863 2866 2922 praestare.
2907 2858 2962 2911 Si
3020 2864 3237 2928 quando
3274 2879 3400 2917 vero
3463 2866 3627 2919 etiam

372 2953 631 3015 πολλάκις
665 2955 950 3020 φαίνονται
979 2954 1334 3020 πράττοντες.
1370 2950 1430 3003 Εἰ
1458 2950 1515 3003 δὲ
1545 2949 1624 3002 δεῖ
1661 2965 1792 3000 ποτε
1847 2950 1945 3000 κά-

2049 2939 2123 2992 nti
2160 2940 2439 3008 Scriptura
2493 2946 2786 3010 oportebit,
2855 2945 3161 3003 faciendum
3220 2951 3322 3006 hoc
3377 2955 3483 3008 erit
3523 2971 3629 3008 non

369 3044 527 3114 κείνῃ
549 3042 885 3113 χρήσασθαι,
918 3043 980 3094 οὐ
1019 3043 1155 3107 πρὸς
1185 3042 1246 3094 τὸ
1293 3040 1669 3110 συμπέρασμα
1715 3038 1941 3109 βλέπον-

2049 3039 2158 3083 tam
2178 3035 2473 3100 Spectando
2494 3037 2919 3102 conclusionem,
2945 3049 3107 3109 quam
3129 3043 3413 3097 doctorum
3433 3061 3631 3100 convc-

367 3155 467 3194 τας
518 3135 777 3204 μᾶλλονῆ
839 3135 975 3204 πρὸς
1007 3134 1067 3186 τὸ
1104 3135 1400 3188 συνάπτειν
1421 3134 1544 3194 τοὺς
1583 3131 1944 3192 διδασκάλους
1971 3177 2013 3237 c

1982 3125 2361 3237 cnicntia'n:
2429 3131 2747 3184 honorando
2820 3132 3038 3213 interitu
3115 3135 3453 3206 Scripturam
3535 3157 3629 3209 per

367 3229 526 3282 τοῦτο
557 3230 732 3280 ποιεῖν
765 3243 777 3257 ·
812 3227 950 3287 τέως
984 3225 1156 3278 δὲκαὶ
1186 3229 1250 3296 τῇ
1296 3226 1486 3294 Γραφῇ
1518 3223 1618 3294 τὴν
1672 3225 1780 3277 ἀπὸ
1840 3224 1940 3292 τῆς
1974 3218 2013 3237 ν’

1982 3218 2013 3237 ⁸·
2049 3218 2462 3286 expositionem
2511 3235 2626 3274 sua:
2664 3223 2987 3280 concordia:
3049 3241 3172 3279 nam
3232 3229 3276 3280 si
3319 3231 3490 3282 honor
3525 3234 3629 3287 iste

368 3320 687 3390 συμφωνίας
709 3317 1001 3372 ἀποδοῦναι
1031 3319 1221 3388 τιμὴν,
1258 3311 1324 3388 ἦς
1358 3316 1485 3370 ἄνευ
1541 3314 1667 3369 οὑτε
1710 3316 1942 3385 τιμῶσιν

2048 3307 2124 3360 illi
2148 3321 2255 3360 non
2283 3308 2573 3372 tribuatur,
2609 3310 2739 3363 nihil
2775 3320 2870 3364 aut
2905 3317 3310 3380 venerantibus,
3347 3324 3627 3374 autcitnu-

363 3413 488 3466 οὔτε
522 3413 822 3483 χρωμένοις
849 3411 1020 3472 ἄλλως
1055 3409 1312 3463 συνοίσει.
1346 3409 1454 3462 Καὶ
1481 3409 1618 3471 ὅλως
1676 3409 1735 3474 ἐξ
1767 3403 1841 3462 ὧν
1868 3409 1940 3460 εί-

2047 3399 2194 3452 tibus
2224 3401 2466 3468 proderit
2491 3417 2504 3453 :
2529 3410 2582 3455 et
2612 3402 2835 3458 omnino
2864 3419 2924 3458 ea
2979 3414 3208 3471 tantum,
3245 3424 3336 3477 per
3375 3426 3494 3479 qua!
3527 3429 3626 3480 pax

369 3502 622 3572 ρηνεύειν
672 3501 936 3569 μέλλομεν
993 3501 1155 3569 μόνον
1204 3499 1377 3561 ἄλλως
1443 3500 1550 3554 ἀπὸ
1609 3499 1940 3568 φιλονεικίας

2046 3491 2172 3554 erit,
2210 3492 2516 3547 adhibendo
2544 3495 2638 3564 (ita
2661 3497 2807 3550 enim
2837 3513 3181 3568 nequaquam
3207 3515 3300 3568 per
3324 3508 3627 3560 contentio-

362 3592 742 3662 ἁρμοττούσης
789 3591 1099 3662 ἀνθρώποις
1155 3608 1256 3645 που
1309 3593 1416 3644 τῶν
1472 3591 1940 3661 ἀμφισϐητήσεων

2045 3597 2166 3646 nes,
2201 3598 2264 3637 ex
2301 3584 2388 3638 his
2418 3587 2826 3654 controversiis,
2859 3598 2917 3642 ut
2946 3592 3142 3646 assolet
3178 3593 3320 3648 inter
3353 3593 3622 3661 homines,

363 3686 466 3736 οὐκ
516 3685 582 3736 ἂν
621 3682 992 3746 ἐξοκείλαντες
1049 3680 1274 3742 τούτων,
1330 3683 1403 3744 ὡς
1449 3681 1787 3751 πορρωτάτω
1841 3680 1940 3750 τὴν

2046 3673 2111 3727 ad
2143 3673 2277 3727 alias
2307 3673 2680 3744 devolvemur)
2711 3678 2898 3745 Opinio
2928 3679 2995 3733 de
3025 3696 3200 3751 pugna
3234 3684 3474 3738 locorum
3503 3704 3624 3754 pro-

363 3776 462 3842 τῆς
509 3774 815 3840 ἀντιλογίας
871 3773 1028 3837 δόξαν
1082 3775 1343 3840 ἀπάγειν,
1375 3774 1467 3824 καὶ
1511 3774 1685 3826 ταῦτα
1722 3772 1938 3840 πρῶτον

2044 3765 2291 3833 pellenda
2324 3775 2407 3819 est
2439 3781 2598 3834 quam
2625 3767 2958 3837 longissime,
2993 3773 3331 3844 primumque
3357 3793 3452 3844 pro
3474 3790 3625 3831 certo

361 3867 606 3918 τίθεσθαι
638 3869 951 3933 συμφωνεῖν
975 3879 987 3892 ·
1025 3868 1118 3918 καὶ
1151 3866 1306 3917 τοῦτο
1333 3867 1594 3935 πράττειν
1646 3867 1783 3935 μετὰ
1848 3883 1937 3918 σο-

2044 3858 2528 3926 ponendutn,dicta
2552 3860 2692 3914 inter
2713 3877 2770 3916 se
2791 3865 3144 3918 concordare:
3163 3876 3214 3919 et
3233 3872 3499 3938 agendum
3523 3873 3622 3928 hnc

367 3959 494 4025 φίας
536 3958 626 4008 καὶ
680 3955 770 4008 τοῦ
820 3957 1101 4026 γινομένου
1163 3958 1381 4019 παντὸς,
1417 3958 1489 4026 μὴ
1538 3956 1631 4008 καὶ
1688 3956 1938 4024 λάθωμεν

2043 3963 2166 4001 cum
2195 3949 2417 4002 scientia
2445 3959 2496 4003 et
2523 3963 2782 4006 accurata
2805 3953 3110 4024 diligentia,
3147 3975 3211 4011 ne
3237 3961 3356 4015 loco
3391 3978 3617 4020 concor-

363 4051 484 4102 ἀντὶ
515 4049 605 4100 τοῦ
666 4049 958 4100 συνάπτειν
1007 4048 1256 4114 ἀλλήλοις
1318 4049 1384 4098 τὰ
1419 4047 1518 4112 τῆς
1563 4046 1785 4116 Γραφῆς
1847 4048 1938 4098 καὶ

2042 4041 2142 4094 (Ιίιε
2167 4041 2431 4095 dictorum
2459 4043 2751 4113 Set-ipturze
2778 4057 2942 4114 atque
2970 4051 3276 4116 doctorum,
3310 4053 3623 4112 inconside-

361 4142 471 4192 τῶν
494 4141 851 4202 διδασκάλων,
882 4140 1183 4199 διιστάντες
1222 4141 1360 4192 αὑτὰ
1418 4155 1477 4190 τε
1525 4139 1621 4208 τῆς
1681 4140 1937 4207 ἀληθείας

2043 4145 2158 4187 rate
2195 4142 2305 4186 tum
2333 4134 2423 4187 illa
2445 4135 2816 4192 distrahamus
2850 4163 2878 4192 a
2906 4141 3131 4196 veritate
3159 4143 3480 4214 univcrsitn,
3506 4161 3621 4206 tum

363 4235 538 4300 κοινῇ,
572 4235 662 4283 καὶ
691 4233 832 4299 ἡμᾶς
857 4232 1086 4292 ἐκείνοις
1125 4231 1581 4296 συναφιστάντες.
1907 4232 1910 4236 ’

1469 4247 1581 4290 τες,
1907 4232 1910 4236 '
2042 4237 2142 4275 nos
2175 4223 2320 4289 ipsos
2347 4225 2510 4278 etiatn
2546 4227 2746 4294 pariter
2773 4228 3115 4286 divellamus.

435 4323 624 4387 Ταῦτ’,
647 4317 691 4375 ὦ
717 4324 957 4391 Ιιατέρες
995 4324 1304 4390 σεϐάσμιοι,
1345 4324 1479 4392 πρὸς
1510 4323 1609 4390 τὴν
1664 4323 1936 4391 ζητουμέο

2115 4311 2260 4374 H;ec,
2296 4317 2580 4368 venerandi
2612 4317 2818 4383 Patres,
2859 4321 3031 4376 instar
3059 4329 3302 4380 omnium
3347 4331 3477 4383 satis
3507 4333 3621 4385 fore

359 4435 456 4483 νην
485 4421 708 4485 εἰρήνην
731 4418 854 4468 ἀντὶ
899 4417 1116 4467 πάντων
1169 4417 1296 4483 ὑμῖν
1340 4416 1599 4482 ἀρκέσειν
1649 4416 1889 4484 ἡγοῦμαι
1919 4434 1933 4449 ο

2042 4405 2191 4457 vobis
2232 4415 2361 4471 puto
2418 4407 2483 4458 ad
2511 4421 2696 4474 pacem
2736 4414 3095 4478 propositam:
3130 4433 3256 4469 nam
3287 4424 3387 4472 etsi
3423 4435 3618 4488 praeter

359 4510 406 4559 εί
434 4507 488 4560 δὲ
509 4511 599 4558 καὶ
640 4508 772 4561 ἄλλα
807 4508 976 4558 πολλὰ
1017 4505 1152 4574 πρὸς
1181 4506 1394 4567 τούτοις
1428 4508 1543 4558 ἐστὶ
1574 4507 1682 4558 τῶν
1735 4508 1931 4576 χρησί-
1968 4532 2006 4586 ῃ

1970 4532 2010 4586 D
2043 4495 2178 4556 ha-e,
2215 4493 2380 4546 multa
2402 4510 2618 4563 quoque
2649 4498 2893 4566 aiiaqua:
2925 4503 2978 4554 in
3022 4517 3134 4556 rem
3167 4505 3388 4570 faciant,
3437 4515 3617 4565 venire

362 4599 901 4668 μωψένθυμηθῆναι,
941 4599 1076 4649 ἀλλὰ
1128 4597 1298 4650 ταῦτα
1345 4598 1595 4666 καθάπερ
1638 4615 1721 4660 τις
1785 4599 1929 4667 ἀρχὴ

1969 4583 1991 4586 ⁷
2042 4591 2271 4648 possunt
2295 4583 2348 4634 in
2377 4593 2639 4646 mentem,
2664 4595 2720 4638 at
2751 4598 2894 4642 certe
2919 4590 3022 4644 ista
3053 4596 3301 4648 videnlur
3325 4614 3444 4653 (35:0
3470 4604 3615 4656 velut

357 4690 451 4741 καὶ
483 4691 778 4757 κεφάλαιον
819 4689 1051 4751 ἐκείνοις
1087 4684 1227 4740 εἶναι
1275 4687 1443 4741 δοκεῖ.
1495 4687 1804 4740 Κάντεῦθεν
1833 4690 1930 4755 μὲν

2035 4672 2185 4739 origo
2209 4674 2452 4741 qua'dam
2472 4685 2524 4728 et
2549 4689 2709 4744 caput
2729 4678 2964 4734 illorum.
2989 4684 3052 4736 Et
3079 4685 3205 4739 hinc
3222 4689 3436 4754 quidem
3461 4693 3615 4748 vobis

356 4779 698 4849 ἀρξαμένους
731 4781 875 4848 ὑμᾶς
906 4780 1053 4840 εἰκός
1086 4782 1200 4832 ἐστι
1232 4783 1324 4832 καὶ
1347 4780 1636 4846 δεομένους
1682 4779 1930 4849 ἀλλήλων
2034 4763 2441 4818 cxordientibus
2489 4780 2583 4833 par
2614 4776 2696 4821 est
2729 4777 2781 4821 et
2832 4769 3042 4836 alia,:si
3080 4791 3210 4830 usus
3251 4779 3434 4843 fuerit,
3462 4785 3614 4837 addi-

359 4864 426 4936 [Ῑ.
451 4865 652 4936 ἄλλων]
686 4867 858 4920 ταῦτα
888 4869 1242 4937 προσθήσειν,
1262 4868 1355 4920 καὶ
1381 4869 1438 4921 τὸ
1467 4868 1799 4936 ζητούμενον
1829 4886 1928 4920 κα-

2037 4859 2148 4905 tum
2188 4853 2272 4917 iri,
2306 4862 2359 4908 et
2389 4857 2644 4920 agitatam
2681 4861 3033 4928 quazstionem
3065 4865 3132 4918 ad
3171 4867 3328 4922 liuent
3362 4875 3611 4939 perduci:

354 4957 722 5026 τεργὰζεσθαι
747 4973 759 4986 °
787 4959 990 5010 τούτων
1012 4958 1055 5010 δ’
1078 4959 1204 5011 ἄνευ
1234 4959 1385 5011 οὐδὲν
1412 4960 1477 5011 ἂν
1500 4959 1607 5011 τῶν
1627 4960 1929 5027 ἀμεινόνων

2035 4945 2151 4998 sine
2190 4945 2306 4999 istis
2340 4956 2515 5000 autem
2548 4952 2769 5004 evenire
2805 4954 2940 5006 nihil
2969 4956 3102 5010 bene
3131 4963 3348 5026 poterit.
3403 4963 3613 5019 idcirco

356 5047 622 5115 συμϐαίη.
650 5048 740 5098 Διὸ
764 5049 827 5116 δὴ
855 5049 1213 5116 περὶτούτων
1241 5049 1400 5117 μόνον
1424 5049 1566 5118 ὑμᾶς
1587 5052 1927 5118 ὑπομνήσας,

2033 5038 2081 5088 si
2113 5045 2318 5088 tantum
2350 5037 2462 5090 haec
2481 5048 2714 5093 vestram
2745 5043 3136 5110 injmemoriam
3173 5052 3453 5121 redeget‘o,
3483 5067 3615 5112 utet

354 5132 494 5184 ὥστε
529 5136 621 5186 καὶ
650 5135 747 5196 τὰς
773 5135 1096 5204 ὑποσχέσεις
1131 5139 1343 5189 ὲκτίσαι
1377 5141 1472 5191 καὶ
1514 5140 1614 5210 τὴν
1666 5141 1802 5214 ὑπὲρ
1838 5142 1930 5194 τοῦ

2034 5141 2301 5185 promissa
2321 5137 2552 5195 solvam,
2577 5142 2630 5186 et
2652 5133 2842 5202 ingens
2867 5137 3082 5194 honesti
3109 5142 3437 5200 desiderium
3460 5161 3611 5215 pate-

355 5225 524 5277 καλοῦ
549 5225 860 5295 προθυμίαν
901 5227 1259 5292 ἐδείξασθαι,
1315 5231 1409 5281 καὶ
1451 5230 1568 5283 λίαν
1616 5233 1929 5300 ἀρκούντως

2036 5220 2249 5297 faciant,
2315 5224 2449 5274 satis
2500 5241 2773 5296 superque
2830 5233 2959 5286 mihi
3017 5235 3126 5304 jam
3163 5240 3365 5295 dixisse
3405 5246 3611 5298 videor.

356 5314 500 5384 ἔχειν
525 5316 768 5385 ἡγοῦμαι
791 5334 803 5346 ·
841 5318 999 5370 τοῦτο
1035 5321 1201 5388 μόνον
1235 5321 1388 5388 ὑμῶν
1437 5325 1572 5389 πρὸς
1624 5325 1736 5383 τοῖς
1779 5325 1928 5391 εἰρη-

2033 5312 2184 5363 Addo
2236 5321 2416 5364 tamen
2469 5330 2632 5368 unum
2695 5319 2818 5385 hoc,
2865 5326 3222 5398 ohsecroque,
3283 5342 3342 5385 ut
3379 5335 3424 5384 si
3473 5335 3615 5388 Deus

359 5410 536 5475 μένοις
569 5410 840 5477 δεόμενος,
867 5413 915 5462 εί
953 5410 1084 5474 Θεὸς
1124 5412 1282 5475 ἵλεως
1310 5413 1608 5482 ἐπιϐλέψας
1641 5417 1794 5484 ἡμῖν,
1828 5417 1927 5483 τὴν

2035 5416 2133 5455 nos
2207 5406 2503 5470 restiextn'il
2573 5412 2872 5479 propitius,
2943 5423 3380 5490 concesseritque
3431 5440 3611 5476 verum

354 5505 525 5572 ἀληθῆ
582 5505 680 5570 τῆς
734 5505 956 5573 Γραφῆς
1027 5508 1121 5559 καὶ
1171 5508 1278 5558 τῶν
1312 5508 1647 5562 διδασκάλων
1696 5509 1928 5561 συνιδείν

2035 5491 2329 5560 Scriptura:
2353 5489 2747 5568 doctorumque
2782 5509 3160 5563 consensionis
3187 5513 3458 5576 notitiam,
3492 5529 3615 5580 qua:

355 5593 544 5644 ἕνωσιν
574 5596 712 5663 δοίη,
746 5595 779 5665 ἢ
817 5597 1086 5666 καὶήμῶν
1119 5598 1282 5659 εὐθὺς
1315 5602 1406 5650 καί
1463 5600 1642 5670 πάσης
1672 5601 1768 5668 τῆς
1797 5601 1927 5652 Ἐκ-

2034 5596 2222 5637 nostra
2273 5588 2531 5641 continuo
2596 5597 2870 5663 totiusque
2926 5601 3184 5655 Ecclesia:
3231 5604 3360 5656 unio
3429 5604 3611 5674 fuerit,

357 5684 590 5749 κλςσίας
619 5687 809 5748 Ξνωσις
843 5687 1020 5751 ἔσται,
1055 5689 1140 5740 ἵνα
1167 5691 1259 5741 καὶ
1289 5690 1364 5758 τῷ
1405 5691 1667 5759 Συμϐόλῳ
1720 5693 1926 5762 ταύτην

2033 5676 2210 5730 velitis
2263 5693 2403 5743 eam,
2462 5696 2800 5752 quaecunque
2851 5687 2938 5742 illa
2976 5689 3158 5754 fuerit,
3213 5694 3264 5746 in
3302 5694 3423 5750 lidci
3467 5714 3613 5768 synt-

359 5775 453 5842 τῆς
487 5777 716 5838 πίστεως
741 5778 898 5829 ὁποία
931 5781 1049 5831 ποτ’
1074 5780 1138 5832 ἂν
1167 5782 1253 5848 εἴη
1287 5785 1526 5852 φανερὰν
1555 5786 1723 5838 ποιεῖν
1764 5786 1922 5852 ἀξιώ-

2034 5768 2158 5823 bolo
2187 5771 2361 5841 palam
2395 5775 2719 5847 exprimere,
2755 5788 2809 5834 ut
2840 5783 3064 5849 possitis
3090 5794 3139 5840 et
3177 5788 3356 5846 verbis
3380 5794 3609 5848 exterio-

651 5874 920 5934 l‘ATltUL.
955 5880 1064 5936 tia.
1117 5876 1268 5935 CLX

3184 5903 3247 5964 17
