4170 6294
386 427 500 489 525

1828 420 2231 486 PBECATIO.

3556 432 3658 498 526

1030 760 1833 921 GEORGII
1979 761 3008 921 SCHOLARII

1834 1024 2216 1088 PRECATIO

664 1179 851 1266 'AD
915 1175 1498 1270 DOMINUM
1581 1175 2159 1270 NOSTRUM
2242 1181 2630 1273 JESUM
2708 1184 3333 1275 CHRISTUM

1389 1331 1731 1407 Matutine,
1766 1331 2140 1407 Meridiena,
2175 1342 2235 1396 et
2272 1335 2673 1412 Vespertina.

634 1480 856 1544 (Edilore
892 1484 936 1530 et
978 1476 1233 1537 interprete
1272 1476 1400 1527 Atdo
1436 1476 1698 1540 _Manutio.
1748 1479 1911 1529 Roma:
1957 1479 2095 1536 1501,
2156 1483 2356 1542 4°,cum
2407 1483 2668 1535 Prudentii
2728 1492 2770 1537 et
2811 1483 3025 1536 aliorum
3080 1485 3419 1552 carmim'bus.)

459 1730 705 1784 Δέσποτα
731 1724 902 1795 Κύριε
937 1720 1112 1791 Ἰησοῦ
1137 1720 1363 1792 Χριστέ,
1391 1720 1492 1772 Θεὲ
1520 1718 1764 1788 ἁληθινὲ,
1804 1721 1960 1789 βασι-
2000 1729 2044 1784 Α

383 1822 482 1875 λεῦ
545 1819 779 1887 ὖψιστε,
851 1813 1144 1880 ὑπεράγιε,
1199 1811 1541 1879 ὕπεράγαθε,
1600 1808 1966 1883 εὔσπλαγχνε,

387 1915 533 1982 Λόγε
563 1911 702 1966 ἁῖδιε
726 1906 821 1960 τοῦ
850 1905 1088 1975 ἀνάρχου
1120 1901 1256 1955 Θεοῦ
1287 1902 1379 1954 καὶ
1404 1902 1639 1973 Πατρός,
1670 1902 1972 1972 δημιουργὲ

386 2005 572 2074 πάσης
603 2003 698 2071 τῆς
727 2000 982 2060 κτίσεως,
1018 1996 1117 2063 τῆς
1147 1995 1201 2048 δὲ
1236 1994 1587 2065 ἀνθρωπίνης
1620 1995 1714 2047 καὶ
1744 1996 1974 2048 ἀνακαι-

389 2097 547 2148 νιστά
571 2095 637 2147 δι’
667 2094 844 2161 ἄκραν
873 2086 1310 2159 φιλανθρωπίαν,
1346 2086 1488 2155 ὑπὲρ
1515 2081 1581 2157 ἦς
1614 2089 1746 2156 ἡμῖν
1770 2087 1974 2156 σαρκὸς

387 2189 485 2241 καὶ
516 2187 747 2255 αἵματος
783 2179 1176 2247 ὲκοινώνησας,
1226 2178 1323 2231 καὶ
1361 2176 1460 2247 τὴν
1490 2178 1802 2247 ἀπόρρητον
1834 2177 1977 2230 ἐκεί-

396 2297 500 2349 νην
549 2276 644 2329 καὶ
699 2273 957 2344 ὑπερφυᾶ
999 2269 1265 2341 μετῆλθες
1313 2268 1626 2337 οἰκονομίαν
1668 2269 1974 2338 ἀχράντως,

391 2372 445 2425 εἰ
478 2370 576 2434 τὰς
610 2368 773 2436 ἁγίας
820 2366 916 2419 καὶ
947 2362 1380 2434 ὑπερουρανίους
1411 2361 1669 2431 δυνάμεις
1719 2362 1975 2417 οὐδέποτε

350 2462 606 2525 κέὶαόεν,
656 2458 779 2512 οὒτε
831 2456 1062 2527 λήψεται
1097 2455 1283 2523 κόρος,
1342 2453 1478 2507 ἀλλά
1524 2453 1976 2517 ἀκαταπαύστοις

390 2555 603 2623 φωναῖς
660 2552 877 2620 νοεραῖς
937 2546 1236 2617 ἀνυμνοῦσι
1292 2546 1353 2598 τὸ
1410 2546 1717 2615 μεγαλεῖον,
1754 2548 1847 2599 καὶ
1878 2546 1977 2617 τὴν

390 2644 757 2715 λαμπρότητα
778 2643 875 2709 τῆς
901 2639 1165 2708 Θεότητός
1198 2651 1314 2704 σου,
1340 2637 1481 2691 διατί
1512 2639 1671 2707 ἡμεῖς
1702 2638 1750 2690 οἱ
1781 2654 1977 2691 ταπει-

390 2740 477 2793 νοὶ
502 2737 597 2790 καὶ
626 2736 806 2806 γήϊνοι
834 2733 1012 2787 δοῦλοί
1044 2749 1163 2796 σου,
1197 2732 1245 2784 οί
1290 2731 1488 2799 ὠνητοὶ
1528 2730 1626 2783 τοῦ
1661 2730 1845 2799 τιμίου
1882 2748 1976 2783 σου

392 2829 671 2895 αἵματος,
719 2823 1174 2896 κορεσθησόμεθα
1229 2822 1324 2875 τοῦ
1379 2823 1570 2890 ὑμνεῖν
1626 2821 1835 2892 διανοίᾳ
1885 2823 1978 2875 καὶ

393 2920 630 2989 στόματι
657 2934 672 2983 ;
699 2919 808 2970 Καὶ
836 2917 885 2968 εί
915 2917 948 2983 ἡ
980 2913 1360 2984 φιλανθρωπία
1389 2929 1483 2966 σου
1512 2914 1606 2967 καὶ
1630 2915 1661 2983 ἡ
1696 2914 1855 2983 χάρις
1883 2931 1976 2967 σου

390 3011 707 3080 ἀκορέστως
740 3009 958 3077 ἐνεργεῖ
989 3009 1047 3059 ὲν
1078 3008 1234 3076 ἡμῖν,
1268 3007 1377 3058 ἀπὸ
1423 3006 1639 3075 πρωῖας
1669 3007 1760 3058 ἐπὶ
1808 3006 1977 3059 ἐσπέ-

1985 1634 2053 1645 -‹

2157 1724 2295 1783 Here
2327 1726 2551 1781 Domine
2574 1726 2701 1782 Jesu
2725 1725 2942 1781 Christe
2962 1768 2976 1794 ,
3004 1729 3148 1783 Deus
3179 1742 3326 1791 vere,
3361 1744 3453 1785 rex
3482 1733 3665 1786 excel-

2079 1833 2158 1883 se,
2210 1819 2366 1873 valde
2412 1828 2618 1885 sancte,
2675 1818 2828 1873 valde
2859 1820 3021 1885 bone,
3052 1819 3385 1885 misericors,
3424 1822 3664 1877 Verbum

2077 1918 2342 1964 aeternum
2369 1910 2655 1980 inoriginis
2682 1910 2770 1963 Dei
2800 1920 2853 1966 et
2876 1909 3076 1973 Patris,
3095 1910 3288 1965 artifex
3316 1912 3493 1967 omnis
3517 1928 3665 1968 crea-

2080 2008 2233 2066 turte,
2320 2000 2573 2054 humanae
2640 1999 2801 2054 etiam
2886 2007 3175 2053 renovator
3240 2000 3309 2054 ob
3388 2014 3662 2053 summam

2080 2090 2512 2157 humanitatem,
2548 2106 2643 2160 per
2675 2106 2839 2161 quam
2895 2092 3183 2146 nobiscum
3217 2092 3400 2146 carnis
3430 2101 3482 2146 et
3542 2108 3665 2147 san-

2079 2183 2261 2252 guinis
2321 2183 2682 2252 participasti,
2733 2192 2787 2237 et
2841 2181 3177 2236 indieibilem
3244 2182 3389 2236 illam
3450 2189 3502 2237 et
3565 2173 3664 2235 su-

2080 2274 2488 2343 peruaturalem
2559 2274 2711 2329 inisti
2772 2275 3235 2342 dispensationem
3291 2274 3662 2328 immaculatc.

2081 2364 2139 2419 Si
2178 2374 2395 2421 sanctas
2452 2374 2506 2420 et
2556 2366 2973 2435 supercoelcstes
3027 2372 3327 2434 potestates
3388 2378 3665 2432 nunquam

2079 2458 2221 2526 cepit
2245 2473 2344 2514 nec
2373 2458 2547 2528 capiet
2575 2458 2817 2522 satietas,
2876 2457 2966 2512 sed
2998 2455 3410 2511 incessabilibus
3438 2455 3666 2509 vocibus

2078 2546 2503 2618 intelligibilibus
2529 2550 2751 2604 laudant
2775 2549 3230 2618 magniﬁcentiam
3247 2558 3301 2604 et
3322 2550 3665 2618 splendorem

2078 2641 2380 2697 divinitatis
2434 2650 2557 2709 tuae,
2597 2658 2693 2695 cur
2750 2656 2850 2695 nos
2884 2642 3119 2695 humiles
3157 2650 3213 2696 et
3241 2633 3528 2696 terrestres
3551 2656 3665 2695 ser-

2079 2734 2130 2789 vi
2166 2734 2266 2797 tui,
2289 2735 2417 2789 eniti
2448 2734 2686 2802 pretioso
2713 2741 2805 2786 tuo
2833 2732 3118 2799 sanguine,
3147 2713 3522 2787 saturabimur
3552 2735 3668 2787 lau-

2081 2824 2264 2880 dando
2302 2834 2353 2880 te
2404 2835 2587 2880 mente
2615 2833 2670 2879 et
2705 2823 2844 2878 ore?
2873 2823 2939 2876 Et
2995 2823 3042 2878 si
3103 2823 3417 2878 humanitas
3459 2834 3548 2879 tua
3608 2833 3667 2877 et

2080 2918 2250 2986 gratia
2306 2925 2398 2971 tua
2462 2917 2845 2972 insatiabiliter
2921 2917 3032 2984 agit
3085 2916 3140 2969 in
3193 2917 3353 2971 nobis
3408 2932 3438 2971 a
3507 2931 3665 2971 mane

2082 3009 2152 3063 ad
2181 3024 2482 3079 vesperam,
2511 3019 2562 3064 et
2592 3024 2623 3062 a
2675 3024 2902 3078 vespera
2930 3010 2995 3063 ad
3049 3008 3281 3062 alterum
3335 3024 3515 3070 mane,
3567 3025 3663 3062 cur

395 3079 530 3173 ραν,
588 3103 680 3155 καὶ
729 3102 835 3154 ἀπὸ
891 3100 1129 3170 ἑσπέρας
1181 3099 1264 3167 ἐφ’
1300 3099 1492 3167 ἑτέραν
1549 3099 1786 3168 πρωῖαν,
1838 3098 1977 3151 διατι

2084 3115 2188 3155 nos
2220 3116 2326 3156 non
2354 3101 2406 3155 in
2430 3101 2621 3167 spatiis
2652 3100 3030 3155 determinalis
3059 3100 3265 3169 gratias
3302 3101 3519 3171 agimus
3564 3101 3661 3155 tibi

391 3196 554 3263 ἡμεῖς
587 3193 688 3246 οὐκ
723 3194 781 3244 ἐν
804 3192 1180 3261 διαστήμασιν
1215 3190 1544 3260 ὡρισμένοις
1582 3189 1981 3260 εὐχαριστήσο-

398 3286 498 3354 μέν
530 3302 614 3336 σοι
667 3285 746 3354 τῷ
776 3284 1042 3354 εὺεργέτῃ
1090 3286 1287 3354 ήμῶν;
1322 3282 1483 3335 Ἀλλά
1515 3282 1789 3350 σύγγνωθι
1820 3285 1977 3353 ἡμῖν,

392 3378 598 3445 Χριστὲ
623 3376 963 3446 εὐδιάκριτε,
995 3378 1079 3430 ὅτι
1111 3377 1145 3445 ἡ
1183 3374 1478 3428 ἀκολουθέα
1510 3375 1606 3439 τῆς
1640 3376 1978 3445 προσκαίρου

390 3470 597 3538 ταύτης
623 3468 769 3538 ζωῆς
801 3472 896 3524 καὶ
918 3470 973 3522 αἱ
999 3469 1237 3536 ἀνάγκαι
1260 3468 1363 3536 τῆς
1391 3467 1607 3534 φύσεως
1640 3468 1734 3520 καὶ
1760 3469 1792 3539 ἡ
1828 3468 1981 3533 τάξις

392 3560 555 3627 αὐτὴ,
610 3561 686 3621 είς
725 3563 791 3629 ῆν
822 3561 969 3629 ἡμᾶς
1017 3560 1287 3630 ταχθῆναι
1314 3559 1607 3627 ἠθέλησας,
1659 3560 1976 3629 μερίζουσιν

393 3655 489 3705 καὶ
523 3653 623 3705 οὐκ
675 3652 841 3706 ἐῶσιν
872 3653 1168 3706 ἀναπολεῖν
1206 3668 1265 3704 σε
1299 3650 1665 3715 ἀδιαλείπτως
1697 3651 1839 3703 κατὰ
1888 3652 1978 3703 τὶν

390 3745 540 3807 νοῦν,
573 3746 665 3799 καὶ
690 3746 776 3798 διὰ
805 3745 904 3813 τῆς
934 3744 1184 3813 γλώττης
1214 3744 1495 3812 ἀσιγήτως
1519 3744 1730 3811 ὑμνεῖν.
1759 3744 1867 3797 Καὶ
1891 3741 1978 3794 διὰ

389 3834 552 3889 τοῦτο
587 3836 663 3898 ὡς
694 3837 954 3905 ἀπαρχήν
1004 3852 1127 3888 τινα
1172 3836 1282 3887 τῶν
1314 3834 1635 3905 ἡμερησίων
1686 3834 1977 3902 νοημάτων

390 3930 487 3983 καὶ
524 3929 783 3998 ῥημάτων
811 3928 969 3997 ἡμῶν
1015 3927 1116 3997 τὴν
1149 3928 1396 3996 πρωῖνὴν
1448 3929 1543 3980 καὶ
1589 3926 1976 3996 μεσημϐρινὴν

394 4019 490 4070 καὶ
522 4018 819 4088 ὲσπερινὴν
852 4018 1205 4087 προσάγομέν
1231 4035 1315 4070 σοι
1341 4017 1622 4086 λατρείαν.

466 4111 765 4180 Προσκυνῶ
796 4126 854 4161 σε
880 4108 1086 4172 τοίνυν,
1107 4108 1197 4161 τὸν
1221 4109 1356 4177 ἐμὸν
1383 4108 1718 4179 δημιουργὸν
1747 4109 1837 4161 καὶ
1865 4110 1978 4162 Πα-

391 4202 527 4267 τέρα
566 4202 664 4253 σὺν
704 4199 782 4269 τῷ
829 4200 1052 4270 ἀνάρχῳ
1086 4215 1178 4251 σου
1231 4199 1427 4269 Πατρὶ,
1483 4199 1578 4254 καὶ
1612 4200 1689 4269 τῷ
1722 4197 1977 4269 ζωοποιῷ

390 4294 490 4345 καὶ
530 4292 783 4361 παναγίῳ
837 4308 930 4344 σου
989 4291 1292 4359 Πνεύματι.
1329 4290 1511 4344 Κλίνω
1558 4290 1689 4357 γόνυ
1746 4290 1977 4359 καρδίας

392 4383 488 4437 καὶ
523 4383 781 4452 σώματος
824 4383 965 4453 μετὰ
1015 4384 1214 4453 φρίκης
1246 4385 1342 4435 καὶ
1379 4382 1587 4451 τρόμου
1631 4383 1713 4435 σοὶ
1742 4381 1818 4449 τῷ
1845 4400 1978 4434 παν-

392 4476 674 4543 τοδυνάμῳ
702 4479 793 4526 καὶ
830 4475 1047 4545 φοϐερῷ
1084 4477 1176 4527 καὶ
1213 4474 1547 4544 ὑπεραγάθῳ
1572 4474 1817 4544 Δεσπότῃ
1842 4489 1965 4542 μου·

392 4566 709 4635 εὐχαριστῶ
736 4566 875 4633 ὑπὲρ
908 4566 1164 4626 πάντων,
1216 4558 1292 4618 ὧν
1341 4564 1609 4634 ἐποίησας
1666 4562 1757 4615 καὶ
1796 4565 1971 4621 ποιεῖς

393 4661 471 4720 είς
509 4659 750 4728 ὲμέηΤῇ
787 4659 931 4729 χειρί
978 4658 1071 4710 σού
1107 4674 1173 4728 με
1216 4648 1478 4722 ἔπλασας,
1508 4655 1584 4724 τῷ
1616 4654 1975 4724 ὲμφυσήματί

393 4768 488 4804 σου
524 4750 803 4816 ἐζὼωσας,
838 4753 903 4821 τῇ
934 4749 1163 4820 προνοίᾳ
1216 4766 1308 4802 σου
1360 4746 1680 4818 ἐξέθρεψας,
1732 4749 1798 4815 τῇ
1834 4744 1975 4815 χειρί

394 4860 492 4897 σου
541 4846 641 4912 τὴν
670 4844 844 4914 ἀληθῆ
899 4843 1085 4895 πίστιν
1119 4842 1449 4910 ὲγνώρισας,
1484 4842 1598 4899 τοῖς
1653 4837 1975 4907 μυστηρίοις

399 4937 493 5005 τῆς
544 4937 695 5005 ἱερᾶς
746 4953 838 4988 σου
908 4933 1235 5004 Ἐκκλησίας
1296 4930 1773 5001 ὲπαιδαγὼγησας.
1825 4929 1978 4981 Ἐκό-

395 5030 613 5098 σμησάς
650 5046 716 5096 με
751 5028 849 5080 καὶ⁵
885 5027 998 5088 τοῖς
1032 5026 1391 5096 προσκαίροις
1421 5022 1629 5081 τούτοις
1668 5014 1853 5083 καλοῖς
1878 5020 1977 5089 τῆς

395 5119 745 5190 ἀνθρωπίνης
771 5118 1071 5188 εὐημερίας
1093 5132 1106 5147 '
1136 5114 1398 5168 κινδύνων
1433 5112 1773 5184 ἀπήλλαξας,
1804 5113 1976 5164 νόσων

395 5212 684 5280 ἐξήγειρας
705 5227 719 5242 ·
779 5211 915 5281 πρὸς
940 5209 1003 5261 τὸ
1034 5206 1313 5278 συμφέρον
1348 5206 1595 5275 ἀοράτως
1644 5204 1935 5274 ὡδήγησας
1958 5218 1971 5232 ο

395 5304 665 5374 κυϐερνᾷς
727 5302 825 5356 καὶ
865 5300 1265 5370 περιθάλπεις,
1318 5297 1393 5360 ὡς
1452 5298 1668 5349 νοσσίον
1729 5312 1845 5357 σου,
1901 5295 1975 5357 ὡς

396 5398 607 5466 ποίημα
637 5398 734 5464 τῆς
759 5394 983 5464 ἀγάπης
1026 5408 1142 5444 σου.

476 5488 637 5541 Ἀλλά
687 5487 739 5538 τί
797 5486 889 5540 καὶ
921 5482 1106 5553 τολμῶ
1156 5479 1461 5549 διηγεῖσθαι
1508 5480 1605 5541 τὰς
1652 5477 1974 5547 εὐεργεσίας

337 5584 343 5589 ”
396 5595 531 5645 σου;
576 5578 812 5646 πέλαγός
874 5577 1012 5628 εἰσιν
1068 5572 1497 5641 ἀνεξάντλητον,
1561 5568 1720 5637 βυθὸς
1774 5567 1975 5619 ἀκατά-

398 5680 623 5739 ληπτος,
658 5667 793 5736 ὕψος
821 5668 1069 5737 ἀόρατον.
1104 5666 1179 5717 Οὐ
1224 5663 1413 5733 φθάνω
1452 5662 1854 5729 εὖχαριστῆσαι
1887 5661 1974 5712 διὰ

2084 3193 2420 3249 benefactori
2450 3195 2677 3249 nostro?
2706 3194 2816 3248 Sed
2843 3208 3004 3262 parce
3038 3194 3219 3259 nobis,
3245 3193 3483 3254 Christe.
3521 3196 3663 3248 bone

2079 3285 2269 3355 judex,
2309 3286 2568 3354 quoniam
2604 3276 2825 3353 Sequcla
2853 3284 3173 3353 temporalis
3226 3282 3387 3351 hujus
3415 3284 3557 3350 vim,
3606 3295 3660 3339 et

2082 3379 2443 3434 necessitates
2478 3387 2705 3443 naturae,
2731 3388 2784 3433 et
2808 3382 2942 3432 ordo
2979 3378 3087 3443 hic,
3114 3377 3166 3431 in
3193 3393 3351 3447 quem
3384 3392 3483 3431 nos
3529 3392 3663 3432 con-

2083 3470 2308 3526 Stitutos
2338 3485 2461 3525 esse
2498 3470 2738 3534 voluisti,
2780 3469 3050 3535 dividunt,
3079 3478 3129 3524 et
3163 3486 3266 3522 non
3307 3468 3494 3522 sinunt
3540 3468 3659 3522 auio

2082 3564 2421 3618 madvertere
2471 3573 2523 3617 te
2562 3561 2955 3628 indesinenter,
2993 3570 3044 3615 et
3076 3561 3256 3631 lingua
3289 3561 3510 3615 intacite
3546 3562 3661 3615 lau~

2082 3654 2234 3708 dare.
2272 3653 2335 3707 Et
2368 3661 2592 3722 propter
2628 3655 2731 3706 hoc
2761 3661 3022 3721 tanquam
3058 3651 3326 3718 primitias
3394 3656 3656 3719 quasdam

2082 3746 2405 3800 diurnarum
2446 3745 2830 3814 cogitationum
2877 3752 2933 3799 et
2985 3744 3275 3799 verborum
3325 3754 3656 3806 nostrorum,

2083 3840 2413 3891 matutinum
2450 3848 2505 3891 et
2558 3838 2921 3893 meridianum
2960 3847 3014 3892 et
3066 3837 3433 3905 vespertinum
3492 3834 3663 3890 addu-

2082 3931 2257 3985 cimus
2297 3930 2393 3985 tibi
2427 3929 2655 3986 cultum.

2156 4110 2339 4165 Adoro
2390 4111 2558 4181 igitur
2591 4119 2662 4176 te,
2727 4125 2906 4164 meum
2955 4110 3294 4165 conditorem
3347 4119 3401 4165 et
3453 4118 3659 4179 patrem

2080 4217 2189 4257 una
2242 4218 2364 4257 cum
2398 4202 2667 4272 inorigine
2701 4213 2795 4257 tuo
2825 4202 2987 4257 Patre
3028 4210 3083 4257 et
3116 4202 3345 4262 vita-ficu
3398 4211 3452 4255 et
3494 4218 3657 4256 sanc-

2081 4296 2295 4352 tissimo
2375 4309 2466 4349 tuo
2530 4292 2757 4363 Spiritu.
2828 4294 3037 4349 lnclino
3114 4310 3253 4366 genu
3330 4294 3512 4349 COI'dIS
3601 4300 3656 4347 et

2001 4411 2047 4474 ρ
2084 4389 2329 4457 corporis
2368 4403 2498 4441 cum
2535 4388 2788 4459 horrore.
2820 4395 2872 4440 ct
2904 4396 3139 4440 tremore
3171 4387 3262 4439 tibi
3299 4379 3661 4455 omnipotenti

2087 4490 2139 4533 et
2181 4481 2461 4533 tremendo
2495 4486 2547 4534 et
2578 4478 2926 4532 sanctissimo
2976 4478 3209 4530 Domino
3245 4493 3400 4542 meo;
3456 4478 3660 4545 gratias

2081 4588 2183 4641 ago
2242 4587 2339 4640 pro
2403 4571 2677 4634 omnibus,
2733 4584 2855 4639 qua}
2929 4569 3102 4623 fecisti
3158 4578 3209 4621 et.
3262 4567 3395 4621 facis
3451 4570 3501 4619 in
3552 4581 3660 4626 nte.

2082 4662 2240 4716 Manu
2298 4673 2392 4716 tua
2454 4676 2542 4716 me
2577 4662 2848 4726 formasti,
2909 4672 2961 4716 et
3015 4660 3261 4714 anhelitu
3327 4671 3421 4711 tuo
3490 4662 3661 4711 viviti-

2090 4756 2265 4819 casti,
2339 4754 2681 4822 providentia
2773 4764 2863 4806 tua
2940 4752 3231 4817 educasti,
3300 4766 3462 4804 manu
3566 4760 3658 4804 tua

2081 4862 2262 4900 veram
2307 4847 2464 4899 tidem
2495 4854 2677 4899 notam
2738 4843 2952 4910 fecisti,
3010 4844 3284 4914 mysteriis
3331 4858 3501 4897 sacrae
3552 4852 3661 4896 tua:

2081 4935 2337 4990 Ecclesiae
2399 4934 2669 4998 erudiisti,
2747 4934 2954 4989 ornasti
3024 4949 3111 4988 me
3165 4944 3219 4987 et
3268 4933 3659 5001 temporalibus

2082 5029 2168 5083 his
2207 5027 2364 5082 bonis
2388 5030 2639 5081 humanae
2694 5026 2994 5091 felicitatis,
3022 5042 3050 5080 a
3075 5026 3336 5094 periculis
3387 5026 3659 5093 libet-esti,

2081 5135 2110 5173 a
2145 5120 2349 5174 morbis
2380 5119 2631 5183 elevasti,
2669 5119 2734 5173 ad
2782 5118 2915 5173 utile
2951 5118 3301 5172 invisibiliter
3328 5119 3600 5173 adduxisti
3640 5136 3656 5173 :

2078 5212 2351 5283 gubernas
2416 5220 2470 5265 et
2511 5211 2684 5276 foves,
2715 5220 2775 5264 ut
2798 5211 3007 5281 pullum
3052 5218 3225 5278 tuum,
3255 5222 3513 5283 tanquam
3547 5212 3659 5268 fae-

2080 5315 2257 5360 turam
2291 5306 2499 5360 amoris
2525 5304 2624 5359 tui.
2783 5337 2789 5345 -
3374 5282 3379 5283 γ
3706 5282 3718 5307 ’“

2154 5482 2259 5536 Sed
2290 5482 2421 5549 quid
2452 5482 2613 5535 etiam
2642 5480 2822 5535 audeo
2851 5496 3077 5535 narrare
3105 5480 3366 5535 beneﬁcia
3402 5477 3532 5531 tua?
3565 5490 3659 5545 pe-

2078 5573 2232 5643 lagus
2261 5584 2391 5627 sunt
2421 5558 2831 5637 inexhaustum,
2861 5572 3203 5640 profunditas
3246 5570 3660 5637 indeprehensi-

2080 5666 2226 5729 bilis,
2245 5665 2471 5719 altitudo
2502 5663 2817 5718 invisibilis.
2837 5664 2954 5717 Non
2982 5662 3061 5717 sic
3089 5663 3197 5715 cito
3224 5661 3426 5728 gratias
3458 5676 3559 5727 ago
3587 5663 3659 5715 ob

402 5764 461 5813 τὰ
505 5758 960 5829 προγεγενημένα
1013 5757 1106 5810 καὶ
1158 5743 1568 5823 καταλαμϐάνει
1616 5770 1682 5820 με
1739 5753 1975 5821 ὁρμαθὸς

2082 5757 2373 5822 antet‘acta,
2401 5755 2532 5824 quin
2569 5753 2940 5823 deprehendat
2965 5768 3049 5807 mc
3075 5752 3249 5807 series
3268 5752 3657 5806 beneﬁciorum

399 5851 730 5923 εὐεργεσιῶν
770 5848 1123 5917 καινοτέρων.
1176 5849 1286 5902 Καὶ
1321 5846 1455 5900 αὐτὸ
1505 5845 1563 5900 δὲ
1611 5844 1670 5897 τὸ
1722 5843 1977 5899 δύνασθαί

2084 5864 2372 5919 novorum,
2405 5858 2460 5903 et
2491 5848 2593 5903 hoc
2623 5846 2822 5915 ipsum,
2858 5858 3016 5915 posse
3038 5844 3242 5916 gratias
3268 5858 3451 5916 agerc,
3482 5859 3659 5915 quan-
