4170 6294
566 416 668 478 5:17

1613 406 1990 468 GENNADH
2030 405 2138 466 Cl‘.
2190 403 2701 464 l‘ATllIARCIIE

3717 376 3825 466 σεε

568 534 682 578 tum
710 524 909 577 donum
930 523 1043 575 est!
1073 518 1117 575 Ο
1138 533 1312 572 meam
1352 519 1714 573 humilitatem
1748 519 1760 571 !
1787 515 1832 571 Ο
1861 525 2008 569 tuam
2047 516 2144 568 bo-

2257 531 2315 583 με
2349 515 2716 584 ευχαριστείν,
2755 513 2982 583 πηλίκον
3026 514 3199 583 δῶρόν
3239 517 3420 574 ἐστινζ
3463 517 3525 569 Ὢ
3561 517 3652 585 τῆς
3681 518 3820 586 ἐμῆς

565 613 827 668 nitatem!
863 614 1118 679 quoniam
1147 610 1294 679 quod
1324 612 1499 666 solum
1539 612 1710 664 habeo
1749 624 1847 679 pro
1883 608 2139 661 omnibus

564 706 759 762 ach'rre
813 704 909 759 tibi
952 704 1248 771 gratiarum
1288 705 1558 758 actionem
1584 712 1638 756 et
1668 702 1982 768 landem,et
2041 701 2142 753 hoc

565 810 718 854 tuum
754 807 835 853 est
869 812 1089 868 munus.
1120 794 1164 850 Ο
1196 796 1453 850 invictum
1512 808 1752 851 amorem
1785 805 1977 855 tuum.
2006 806 2144 862 quo-

492 958 499 965 ,
565 894 711 945 niam
742 904 932 944 omnes
968 887 1349 943 mibiefl‘udisti
1367 886 1581 941 divitias
1600 886 1865 940 bonorum
1887 883 2138 938 tuorum!

489 984 507 1007 "
566 981 736 1035 solam
763 979 886 1032 novi
912 978 1203 1047 legitimam
1229 978 1521 1045 gratiarum
1554 976 1841 1039 actionem,
1868 974 2139 1041 impletio~

494 1048 508 1064 θ
570 1086 690 1125 nem
729 1050 1065 1123 voluiitalum
1117 1077 1355 1120 tuarum.
1394 1066 1497 1119 Sed
1530 1066 1574 1120 si
1607 1067 1678 1120 sit
1709 1066 1934 1135 spiritus
1960 1080 2142 1135 prom-

568 1172 714 1232 ptus,
741 1175 869 1214 caro
899 1160 1112 1213 inﬁrma
1151 1166 1252 1213 est.
1274 1158 1350 1211 Tu
1379 1160 1503 1221 hoc,
1530 1158 1775 1219 Domine,
1806 1158 2013 1222 dixisti,
2045 1157 2139 1211 sed

566 1252 941 1321 promptitudo
975 1251 1204 1318 spiritus
1247 1249 1710 1317 extemporalibns
1769 1250 2142 1319 exstinguitur

566 1346 1008 1416 cogitationibus.
1036 1344 1140 1399 Sed
1168 1358 1248 1408 tu,
1284 1344 1538 1409 Domine,
1569 1353 1767 1414 potens
1796 1357 1855 1397 es
1890 1341 2062 1403 solus,
2088 1348 2143 1393 et

565 1439 901 1492 voluntatem
938 1438 1237 1491 accendere
1272 1426 1342 1491 ὀι
1386 1451 1611 1490 carnem
1672 1432 1987 1489 fortiﬁcare.
2049 1429 2142 1482 Sic

565 1529 771 1597 gratias
793 1543 949 1597 agam
984 1528 1243 1596 legitime,
1304 1528 1349 1581 si
1414 1524 1576 1581 simul
1631 1523 1967 1593 adiungatur
2023 1532 2139 1573 mea

567 1620 821 1673 voluntas
844 1635 968 1674 cum
1003 1619 1279 1673 voluntate
1314 1626 1427 1682 tua,
1458 1627 1512 1671 et
1534 1617 1579 1671 si
1613 1624 1789 1670 totum
1827 1628 2005 1668 meum
2048 1626 2142 1665 cor

572 1708 1036 1778 conglutinabitm
1083 1707 1256 1761 amori
1294 1716 1409 1772 tuo,
1442 1715 1496 1761 et
1523 1706 1605 1762 sic
1636 1705 1862 1775 dignare
1886 1716 1973 1756 me
2019 1716 2141 1770 gra—

571 1801 676 1854 tias
708 1813 869 1868 agere
896 1798 1012 1862 tibi,
1045 1796 1258 1852 Christe
1290 1812 1404 1860 rex,
1436 1795 1535 1850 Fili
1556 1794 1760 1850 amoris
1789 1793 1975 1854 Dei.et
1998 1788 2141 1845 Deus

571 1894 725 1948 valde
753 1894 912 1947 bone.
938 1891 1043 1946 Sed
1069 1889 1199 1959 quid
1243 1889 1436 1959 loquar
1463 1888 1530 1943 ad
1589 1897 1641 1941 te
1692 1900 1792 1956 pro
1880 1883 2144 1937 hodierna

571 1985 698 2041 die?
734 1984 873 2053 Quid
908 1992 1091 2039 autem
1129 1996 1232 2052 pro
1258 1976 1696 2043 crastinaiouid
1733 1976 1935 2031 bonum
1966 1974 2142 2027 volam

573 2080 705 2137 mibi
739 2076 885 2149 quod
918 2092 1027 2131 non
1048 2083 1104 2131 tu
1141 2075 1223 2129 vis
1258 2072 1339 2127 vel
1369 2081 1496 2127 ante
1536 2070 1659 2125 me?
1714 2067 1782 2123 Et
1836 2068 1959 2137 quis
2011 2066 2143 2121 vidit

578 2170 762 2227 meum
796 2172 998 2225 bonum
1031 2169 1204 2237 magis
1235 2181 1396 2236 quam
1432 2164 1527 2221 tu?
1555 2164 1636 2218 Tu
1679 2163 1830 2220 solus
1855 2160 2146 2230 cognoscis

564 2278 620 2321 et
649 2266 730 2319 vis
764 2279 887 2318 vere
922 2276 1103 2316 meum
1137 2260 1365 2322 bonum,
1400 2258 1542 2327 quod
1574 2257 1739 2313 etiam
1769 2255 1919 2311 solus
1964 2254 2144 2322 ipsum

583 2357 765 2411 facere
797 2364 973 2424 petes.
1036 2352 1103 2407 Et
1143 2360 1357 2407 tacente
1384 2350 1551 2418 igitur
1600 2363 1688 2404 me
1743 2347 1910 2402 facies
1966 2359 2143 2401 meum

570 2450 814 2503 bonum:
855 2444 902 2498 si
937 2458 1068 2497 vero
1096 2450 1153 2497 et
1191 2456 1352 2511 prece
1384 2455 1525 2510 opus
1563 2448 1667 2507 est,
1701 2439 1767 2493 ad
1799 2449 1947 2493 tuam
1990 2436 2147 2492 1)οηί-

568 2546 736 2591 tatem
769 2545 1026 2605 precatur
1061 2546 1158 2599 pro
1194 2543 1280 2584 me
1312 2528 1630 2600 mysterium
1651 2525 2146 2587 administrationis

571 2640 698 2693 tuae,
726 2639 777 2683 et
812 2642 937 2697 qua:
968 2622 1214 2693 suscepit
1247 2631 1299 2676 te
1341 2621 1510 2676 clavis
1552 2621 1718 2675 lixnm
1754 2634 1915 2681 crux,
1946 2629 2001 2674 et
2026 2631 2148 2688 qua:

568 2717 1060 2789 supernaturaliter
1087 2714 1310 2770 servivit
1343 2714 1603 2783 mysterio
1651 2712 1990 2768 sanctissima
2029 2726 2149 2779 per—

569 2810 921 2865 immaculata
990 2806 1147 2874 virgo
1185 2814 1240 2860 et
1300 2812 1477 2858 mater
1508 2813 1623 2869 tua,
1656 2814 1709 2858 ct
1740 2804 1985 2858 caelestis
2036 2803 2148 2856 dis-

571 2902 792 2971 ciplina:
821 2910 880 2953 et
916 2898 1041 2956 vitae
1075 2907 1178 2952 tuae
1203 2895 1554 2952 aemulatores
1576 2895 1799 2964 legitimi
1818 2893 1943 2951 facti
1975 2907 2149 2963 usque

567 2995 638 3053 ad
671 2999 928 3048 mortem.

2248 606 2630 672 ταπεινότητος
2653 619 2668 634 ο
2699 602 2745 656 ὣ
2772 599 2872 673 τῆς
2904 605 3003 674 σῆς
3036 605 3398 676 άγαθότητος,
3448 607 3531 660 ὅτι
3581 605 3609 660 δ
3655 609 3821 677 μόνον

2261 696 2391 764 ἔχω,
2428 697 2547 748 ἀντὶ
2598 696 2819 749 πάντων
2862 697 3195 766 προσφέρειν
3230 714 3311 751 σοι
3342 698 3694 768 εὐχαριστίαν
3726 702 3828 753 καὶ

2250 787 2441 855 ὕμνον,
2488 788 2584 841 καὶ
2613 786 2772 841 τοῦτο
2805 789 2897 840 σόν
2941 788 3055 841 ἐστι
3086 787 3280 857 δῶρον.
3318 788 3383 841 Ὢ
3413 790 3514 856 τῆς
3549 791 3827 860 ὑπερϐαλ-

2247 877 2446 947 λούσης
2493 877 2712 946 ἀγάπης
2762 894 2880 942 σου,
2940 878 3024 931 δτι
3076 880 3251 932 πάντα
3311 898 3398 944 μοι
3461 882 3682 951 ἐξέχεας
3726 888 3823 936 τὶν

2250 968 2485 1025 πλοῦτον
2516 969 2626 1022 τῶν
2662 969 2885 1035 ἀγαθῶν
2919 986 3035 1025 σου.
3072 970 3216 1024 Μίαν
3247 968 3365 1026 οῖδα
3393 975 3620 1044 γνησίαν
3651 977 3833 1044 εὺχσ-,

2251 1059 2465 1130 ριστίαν
2495 1061 2592 1129 τὴν
2637 1060 2991 1130 ἐκπλήρωσιν
3019 1063 3127 1114 τῶν
3156 1062 3481 1132 θελημάτων
3533 1081 3661 1118 σουο
3700 1069 3825 1119 ἀλλ’

2248 1151 2346 1204 ἐὰν
2387 1147 2641 1224 μὲνῇτδ
2692 1152 2908 1222 πνεῦμα
2957 1153 3260 1222 πρόθυμον,
3323 1155 3351 1225 ή
3401 1153 3538 1225 σὰρξ
3588 1157 3825 1224 ἀσθενής

2248 1244 2389 1298 ἐστι.
2423 1245 2496 1297 Σὺ
2523 1239 2704 1309 τοῦτο,
2734 1245 2931 1315 Κύριε,
2967 1243 3129 1309 εἴπας
3154 1264 3167 1277 ·
3215 1249 3248 1317 ή
3299 1248 3356 1301 δὲ
3400 1248 3679 1319 προθυμία
3721 1251 3821 1304 τοῦ

2249 1335 2561 1402 πνεύματος
2589 1337 2653 1388 ἔκ
2679 1336 2793 1388 τῶν
2815 1337 3167 1406 προσκαίρων
3199 1337 3484 1393 σϐέννυται
3516 1340 3821 1411 λογισμῶν.

2265 1426 2425 1480 Ἀλλὰ
2461 1428 2548 1493 σὺ,
2575 1426 2771 1497 Κύριε,
2791 1426 3012 1488 δυνατὸς
3041 1422 3092 1480 εί
3128 1428 3286 1496 μόνος
3311 1430 3402 1481 καὶ
3431 1428 3529 1499 τὴν
3563 1433 3827 1513 προαίρε-

2252 1534 2337 1571 σιν
2366 1518 2612 1586 ἀνάψαι,
2677 1518 2770 1570 καὶ
2822 1519 2921 1589 τὴν
2973 1520 3151 1589 σάρκα
3202 1519 3598 1590 ὲνδυναμῶσαι.
3637 1521 3826 1587 Οῦτως

2248 1609 2630 1679 εὐχαριστήσω
2654 1609 2913 1679 γνησίοις,
2947 1610 3043 1663 ἐὰν
3081 1613 3328 1680 συναφθῇ
3365 1630 3468 1682 μου
3497 1615 3529 1685 ή
3560 1613 3821 1685 βούλησις

2247 1701 2326 1769 τῷ
2357 1699 2625 1769 θελήματι
2661 1718 2778 1764 σου,
2819 1701 2915 1755 καὶ
2940 1702 3038 1755 ἐὰν
3066 1704 3161 1773 ὂλη
3207 1716 3308 1775 μου
3353 1705 3386 1773 ή
3433 1704 3626 1773 καρδία
3657 1722 3828 1776 προσ-

2247 1790 2483 1861 κολληθῇ
2513 1794 2579 1862 τῇ
2616 1792 2805 1863 ἀγάπῃ
2846 1810 2964 1847 σου.
3004 1794 3110 1847 Καὶ
3146 1793 3320 1857 οὓτως
3350 1794 3584 1861 άξίωσόν
3632 1813 3699 1866 με
3735 1798 3826 1851 εὑ-

2248 1883 2529 1952 χαριστείν
2564 1899 2669 1943 σοι,
2704 1884 2905 1953 Χριστὲ
2933 1883 3181 1954 βασιλεῦ,
3214 1885 3309 1938 Υἱὲ
3338 1886 3439 1955 τῆς
3481 1887 3701 1957 ἀγάπης
3727 1890 3824 1942 τοῦ

2248 1975 2411 2040 Θεοῦ,
2442 1974 2540 2029 καὶ
2570 1976 2672 2029 Θεὲ
2720 1976 3060 2047 ὑπεράγαοι.
3113 1977 3273 2033 Ἀλλὰ
3327 1980 3381 2032 τί
3430 1980 3651 2051 λαλήσω
3687 1986 3828 2053 πρ)ς

2252 2069 2312 2123 σὲ
2348 2070 2487 2139 ὑπὲρ
2514 2072 2615 2138 τῆς
2652 2070 2928 2139 σήμερον;
2957 2070 3010 2122 τί
3053 2071 3108 2125 δὲ
3159 2072 3301 2141 ὑπὲρ
3333 2074 3430 2140 τῆς
3478 2074 3703 2145 αῦριονς
3759 2078 3825 2131 Τί

2248 2158 2458 2226 ἀγαθὸν
2491 2157 2827 2229 βουλήσομαι
2880 2161 3101 2230 ἐμαυτῷ
3136 2162 3273 2234 ὅπερ
3305 2166 3365 2218 οὐ
3401 2166 3465 2219 σὺ
3503 2165 3682 2235 βούλει
3727 2169 3827 2223 καὶ

2252 2250 2361 2318 πρὸ
2396 2251 2571 2319 tuoin;
2601 2250 2695 2305 καὶ
2718 2251 2800 2311 τίς
2828 2246 2936 2305 οἵδε
2966 2254 3026 2305 τὸ
3058 2255 3192 2324 ἐμὸν
3223 2256 3426 2324 ἀγαθὸν
3448 2256 3508 2320 ὃς
3538 2263 3629 2311 καὶ
3662 2262 3827 2328 μόνος

2255 2341 2388 2397 αὐτὸ
2418 2344 2596 2395 ποιετν
2641 2341 2908 2409 δύνασαι;
2953 2344 3059 2398 Καὶ
3096 2346 3409 2411 σιωπῶντος
3461 2349 3640 2405 τοίνυν
3687 2349 3830 2420 ἐμοῦ

2253 2435 2508 2504 ποιήσεις
2538 2434 2601 2488 τὸ
2650 2434 2780 2505 ἐμὸν
2822 2436 3050 2504 ἀγαθόν.
3083 2439 3145 2493 Εἰ
3174 2440 3232 2493 δὲ
3281 2442 3377 2494 καὶ
3424 2442 3835 2512 παρακλήσ;ως

2252 2529 2414 2598 χρεία
2466 2526 2603 2598 πρὸς
2653 2528 2750 2597 τήν
2800 2530 2900 2598 σὴν
2933 2530 3288 2601 ἀγαθότητα,
3337 2534 3635 2603 πρεσϐεύει
3687 2536 3830 2604 ὑπὲρ

2251 2618 2388 2688 ἐμοῦ
2422 2619 2484 2671 τὸ
2515 2620 2811 2690 μυστήριον
2842 2620 2941 2686 τῆς
2988 2621 3297 2690 οἰκονομίας
3343 2639 3457 2684 σου,
3504 2626 3599 2675 καὶ
3622 2624 3833 2690 ὁἝεξά-

2256 2710 2419 2779 μενός
2448 2727 2509 2763 σε
2549 2711 2975 2779 προσηλωθέντα
3027 2712 3281 2783 σταυρὸς,
3322 2716 3418 2769 καὶ
3448 2717 3481 2785 ή
3526 2716 3829 2785 ὑπερφυῶς

2254 2802 2652 2869 ὑπουργήσασα
2701 2801 2780 2871 τῷ
2836 2804 3123 2873 μυστηρίῳ
3152 2805 3400 2873 παναγία
3447 2808 3827 2877 ὐπεράμωμος

2226 2892 2534 2963 ,Παρθένος
2569 2893 2664 2948 καὶ
2701 2895 2882 2963 μήτηρ
2918 2911 3035 2960 σου,
3070 2898 3162 2949 καὶ
3193 2898 3241 2949 oi
3275 2898 3375 2967 τῆς
3403 2900 3657 2967 οὐρανίου
3687 2900 3837 2954 διδα-

2254 2989 2481 3052 σκαλίας
2514 2990 2609 3042 καὶ
2642 2989 2918 3053 πολιτείας
2949 3005 3043 3045 σου
3076 2992 3318 3061 ζηλωταὶ
3352 2995 3562 3066 γνήσιοι
3596 3012 3829 3069 γεγενη-

2254 3080 2407 3148 μένοι
2439 3081 2600 3150 μέχρι
2631 3081 2888 3138 θανάτου.

644 3172 750 3226 Tot
784 3169 947 3239 igitur
984 3165 1338 3234 precantibus
1368 3179 1465 3234 pro
1496 3178 1582 3219 me
1617 3162 1830 3234 aperies
1871 3170 1924 3215 et
1964 3161 2143 3224 bodie.

2331 3170 2619 3225 Τοσούτων
2660 3171 2839 3226 τοίνυν
2870 3173 3282 3242 πρεσϐευόντων
3312 3176 3454 3246 ὑπερ
3487 3177 3645 3247 ἐμοῦ,
3683 3181 3834 3235 άνοί-

574 3274 633 3319 ut
668 3262 835 3324 soles,
861 3276 1082 3317 manum
1116 3268 1288 3323 tuam,
1315 3268 1370 3313 et
1404 3254 1654 3326 irnplebis
1678 3270 1763 3310 me
1790 3255 1945 3309 bonze
1971 3252 2157 3309 volun-

572 3356 792 3421 tatis,et
816 3361 1058 3422 proteget
1083 3366 1166 3404 me
1188 3351 1372 3405 dextra
1402 3357 1509 3405 tua.
1538 3347 1593 3402 Si
1629 3359 1806 3403 autem
1856 3346 2159 3417 impediunt

573 3446 778 3500 {cutem
804 3441 1161 3495 humanitatis
1194 3450 1299 3493 tua}
1346 3446 1566 3507 peccata
1611 3453 1752 3500 mea,
1789 3445 1970 3489 tamen
2039 3434 2158 3487 dele

574 3536 710 3599 haec,
745 3531 985 3602 despirc,
1026 3536 1211 3599 parce,’
1240 3529 1526 3583 mittantur
1549 3528 1599 3580 in
1626 3526 1915 3605 oblivionis
1937 3524 2160 3593 profun-

574 3629 820 3681 ditatem.
863 3624 1015 3692 Opus
1045 3621 1329 3677 assiduum
1373 3620 1491 3681 tibi,
1520 3619 1739 3673 Christe
1795 3632 1916 3680 rex,
1961 3616 2157 3669 remis-

573 3721 656 3774 sio
691 3726 1065 3788 peccatorum,
1092 3714 1351 3783 quoniam
1386 3713 1698 3767 inteflcctus
1732 3719 1916 3764 noster
1979 3707 2153 3761 homi-

578 3824 703 3861 num
745 3806 967 3861 acutius
1018 3804 1226 3858 lumine
1287 3812 1370 3857 est
1419 3804 1755 3865 discurrens,
1813 3811 1868 3854 et
1932 3797 2154 3852 vet-bum

579 3900 853 3953 ludicrum
890 3907 943 3951 et
975 3910 1137 3962 Opera
1178 3895 1385 3946 silvosa
1420 3904 1473 3945 ct
1494 3908 1559 3945 ex
1597 3894 1830 3947 obscura
1878 3891 1981 3945 bac
2033 3890 2156 3958 pin-

546 3991 850 4061 ,guedine:
890 3997 944 4040 et
972 3994 1258 4054 propterea
1310 3998 1417 4036 non
1482 3982 1807 4048 gloriabitur
1874 3995 2058 4033 coram
2105 3988 2158 4033 te

578 4082 762 4137 omnis
791 4094 942 4132 caro.
973 4076 1051 4130 Tu
1088 4086 1273 4129 autem
1312 4074 1483 4143 solus,
1505 4073 1753 4137 Domine,
1781 4088 1949 4141 purus
1975 4082 2027 4125 et
2060 4071 2157 4124 im-

586 4172 886 4243 peccabilis
914 4170 1205 4230 cxsistens.
1231 4178 1284 4221 et
1321 4167 1471 4220 solus
1493 4163 1764 4220 dimittere
1788 4173 2008 4235 peccata
2061 4178 2158 4217 no-

577 4275 692 4319 stra
726 4273 901 4332 potes.
933 4260 1184 4319 Custoli.
1217 4258 1447 4313 lesumi
1480 4257 1819 4324 dulcissime,
1846 4258 2007 4312 vitam
2034 4257 2154 4311 lon-

581 4371 703 4425 gam
731 4353 955 4408 feliciter
986 4364 1038 4406 et
1063 4350 1367 4404 indolenter
1415 4348 1626 4418 piorum
1685 4347 2155 4410 Christianorum,

583 4460 879 4502 servorum
921 4459 1049 4497 vero
1082 4453 1187 4496 tua:
1223 4441 1478 4496 bonitatis
1510 4440 1877 4512 legitimorum
1906 4463 1920 4497 :
1951 4455 2005 4498 et
2037 4454 2158 4512 post

2265 3262 2375 3326 ξεις
2404 3263 2500 3315 καὶ
2536 3263 2775 3331 σήμερον
2815 3264 3062 3334 συνήθως
3107 3265 3207 3334 τὴν
3244 3267 3404 3335 χεῖρά
3434 3284 3549 3333 σου,
3596 3271 3690 3322 καὶ
3734 3272 3835 3341 ἑμ-

2264 3353 2492 3421 πλήσεις
2547 3370 2614 3421 με
2660 3352 2926 3417 εὐδοκίας,
2963 3356 3058 3408 καὶ
3089 3357 3443 3426 άντιλήψετσί
3474 3377 3576 3428 μου
3623 3361 3837 3431 ήδεξιά

2266 3459 2384 3497 σου.
2435 3444 2494 3495 El
2540 3442 2597 3495 δὲ
2641 3442 2920 3510 ἐμποδίζει
2968 3446 3036 3514 τῇ
3084 3448 3234 3514 πηγῇ
3286 3446 3385 3515 τῆς
3419 3447 3837 3517 φιλανθρωπίας

2267 3552 2361 3588 σου
2412 3533 2481 3586 τὰ
2529 3534 2909 3603 ἁμαρτήματά
2964 3553 3090 3605 μου.
3147 3537 3282 3591 ἀλλὰ
3323 3538 3639 3608 ἀπόιλειψον⁸
3673 3543 3837 3607 αὐτὰ,

2266 3625 2479 3694 πάριδε,
2514 3624 2819 3693 σύγγνωθι·
2853 3626 3262 3696 πεμφθήτωταν
3309 3631 3390 3692 είς
3439 3629 3609 3700 λή¹ης
3652 3631 3834 3699 βυθόν.

2268 3717 2468 3785 Ἔργον
2498 3716 2842 3771 ἀδιάλειπτόν
2876 3736 2983 3781 σοι,
3017 3720 3220 3789 Χριστὲ
3272 3721 3519 3791 βασιλεῦ,
3561 3725 3595 3793 ή
3640 3724 3837 3793 άφεσις

2263 3808 2371 3860 τῶν
2398 3808 2909 3878 πλημμελημάτων,
2951 3812 3034 3864 ὅτι
3081 3814 3113 3881 ή
3158 3813 3366 3867 διάνοια
3414 3815 3570 3882 ἡμῶν
3598 3818 3708 3870 τῶν
3739 3819 3840 3871 άν-

2264 3900 2498 3971 θρώπων
2543 3901 2796 3970 ὀξύτερον
2850 3905 3027 3971 φωτός
3077 3907 3194 3958 ὲστι
3244 3906 3631 3978 διατρέχουσα,
3671 3911 3766 3963 καὶ
3810 3911 3839 3964 ὁ

2262 3992 2418 4059 λόγος
2453 3992 2761 4062 ὀλισθηρὸς,
2804 3995 2898 4047 καὶ
2945 3996 3013 4047 τὰ
3043 3996 3182 4065 ἔργα
3215 3997 3414 4066 ὑλώδη,
3451 4001 3545 4052 καὶ
3575 4001 3675 4069 τῆς
3714 4018 3839 4055 σκο-

2263 4085 2441 4153 τεινῆς
2476 4083 2682 4151 ταύτης
2722 4085 3054 4154 παχύτητος.
3100 4088 3203 4139 Καὶ
3227 4087 3315 4139 διὰ
3345 4089 3501 4142 τοῦτο
3526 4092 3589 4144 οὐ
3623 4094 3839 4161 καυχήέ

2266 4189 2415 4225 σεται
2446 4173 2669 4224 ὲνῶπίον
2702 4190 2793 4223 σου
2844 4175 2988 4227 πᾶσα
3018 4174 3174 4244 σάρξ.
3212 4176 3283 4228 Σὺ
3315 4177 3369 4228 δὲ
3410 4178 3588 4246 μόνος,
3633 4181 3834 4248 Κύριε,

2264 4262 2504 4332 καθαρὸς
2556 4263 2652 4315 καὶ
2704 4265 3086 4332 ἀναμάρτητος
3137 4265 3232 4330 ῶν,
3269 4268 3359 4319 καὶ
3413 4269 3569 4337 μόνος
3617 4271 3841 4337 ἀφιέναι

2263 4356 2360 4418 τὰς
2397 4355 2674 4421 ἁμαρτίας
2728 4354 2885 4423 ήμῶν
2937 4355 3185 4409 δύνασαι.
3210 4357 3470 4425 omaso»,
3521 4360 3702 4428 Ἰησοῦ
3739 4352 3843 4429 μου

2263 4444 2596 4509 γλυκύτατε,
2622 4444 2722 4510 τὴν
2748 4445 2893 4513 ζωὴν
2913 4448 3274 4515 ἐπιμήκιστον
3300 4448 3541 4517 εὐτυχῶς
3567 4450 3660 4504 καὶ
3687 4451 3845 4505 άδια-

580 4546 904 4609 pru’sentem
933 4535 1097 4589 vitam
1130 4549 1291 4604 quam
1318 4531 1770 4588 determinaveris
1804 4537 2074 4591 mensuris
2109 4549 2149 4592 et

2268 4535 2454 4596 λύπως
2485 4536 2594 4587 τῶν
2622 4535 2861 4588 εὐσεϐῶν
2891 4537 3257 4605 Χριστιανῶν,
3287 4539 3489 4593 δούλων
3528 4540 3583 4593 δὲ
3613 4542 3713 4609 τῆς
3745 4543 3846 4609 σῆς

582 4629 834 4683 terminis
864 4629 1066 4699 quibus
1100 4626 1298 4680 novisti
1332 4625 1469 4694 ipse,
1504 4625 1559 4680 in
1583 4636 1843 4680 aeternam
1879 4628 2025 4681 illam
2060 4630 2158 4683 ad-

579 4720 686 4775 duc
721 4719 998 4789 vitamque
1029 4728 1083 4772 et
1112 4730 1337 4784 regnum
1370 4716 1873 4789 emancipatosnon
1903 4734 1933 4772 a
1969 4729 2156 4775 nostra

579 4796 862 4882 dignitate,
896 4811 991 4865 sed
1023 4824 1054 4862 a
1089 4819 1179 4862 tua
1238 4808 1497 4862 bonitate.
1552 4807 1693 4875 Fiat,
1758 4809 1993 4863 Domine
2057 4826 2153 4866 rex

581 4905 843 4965 clemens,
868 4899 1128 4969 quoniam
1173 4909 1226 4952 te
1260 4899 1417 4954 decet
1451 4899 1630 4953 omnis
1661 4900 1855 4969 gloria,
1901 4901 2078 4955 honor
2105 4911 2158 4956 et

584 4993 857 5052 adoratio,
890 5000 943 5044 et
969 4989 1351 5059 inoriginalem
1399 5002 1550 5045 tuum
1601 4990 1817 5045 Putrem
1859 5006 1983 5045 cum
2045 5008 2157 5061 quo

585 5085 640 5137 in
669 5085 875 5137 unitate
918 5086 1092 5138 sancti
1127 5083 1367 5152 Spiritus
1416 5084 1665 5152 vivisque
1725 5094 1775 5138 ct
1837 5100 2031 5154 regnas
2061 5103 2157 5155 per

585 5176 765 5230 omnia
799 5175 997 5233 smcula
1025 5176 1374 5232 seculorum.
1415 5176 1613 5233 Amen.

2267 4625 2601 4694 ἀγαθότητος
2637 4627 2898 4695 γνησίων.
2928 4628 3037 4680 Καὶ
3070 4646 3136 4696 με
3150 4631 3209 4685 τὰ
3237 4630 3336 4698 τήν
3388 4631 3667 4702 παροῦσαν
3697 4633 3793 4696 ζω-
3819 4651 3847 4685 ν

2265 4716 2334 4787 ήν
2366 4717 2431 4770 ἂν
2459 4716 2671 4786 ὁρίσαις
2701 4718 2922 4789 μέτροις
2956 4722 3051 4773 καὶ
3079 4722 3227 4789 ὅροις
3253 4720 3335 4785 οἷς
3364 4719 3512 4789 οἶδας
3544 4725 3730 4791 αὐτὸς,
3763 4727 3845 4788 εἰς

2267 4806 2365 4874 τὴν
2397 4806 2569 4859 ἀΐδιον
2615 4808 2831 4876 ἐκείνην
2859 4810 3120 4878 εἰσάγαγε
3151 4812 3296 4883 ζωήν
3325 4830 3384 4867 τε
3416 4815 3510 4867 καὶ
3541 4816 3844 4884 βασιλείαν,

2268 4900 2829 4968 χειραγωγουμένους
2863 4901 2961 4970 οὐχ
3004 4902 3107 4955 ὑπὸ
3155 4904 3255 4971 τῆς
3300 4906 3458 4974 ἡμῶν
3502 4908 3679 4970 ἀξίας,
3732 4906 3850 4958 άλ..’

2265 4988 2372 5041 ὑπὸ
2402 4989 2496 5058 τῆς
2535 4990 2630 5056 σῆς
2662 4990 3017 5060 ἁγαθότητος.
3055 4994 3186 5059 Ναὶ,
3217 4995 3389 5064 Κύριε
3424 4995 3644 5065 βασιλεῦ
3674 4996 3853 5062 ἅνεξί-

2279 5095 2439 5142 κακε,
2468 5078 2550 5130 ὅτι
2585 5096 2667 5132 σοι
2696 5082 2898 5148 πρέπει
2931 5085 3081 5136 πᾶσα
3107 5084 3256 5152 δόξα,
3292 5088 3447 5156 τιμὴ,
3473 5089 3567 5140 καὶ
3609 5089 3852 5157 προσκύ-

2270 5185 2445 5237 νησις,
2494 5170 2588 5222 καὶ
2635 5170 2714 5239 τῷ
2756 5172 2975 5242 ἀνάρχῳ
3010 5191 3104 5227 σου
3153 5177 3362 5247 Πατρί·
3422 5177 3546 5246 μεθ’
3575 5173 3637 5232 οῦ
3682 5179 3740 5230 ὲν
3783 5179 3849 5247 τῇ

2269 5260 2492 5330 ὲνὸτητι
2521 5261 2615 5313 τοῦ
2647 5262 2807 5330 ἁγίου
2843 5264 3158 5334 Πνεῦματος
3191 5269 3289 5337 ζῇς
3320 5287 3380 5321 τε
3421 5268 3516 5323 καὶ
3546 5269 3856 5339 βασιλεύεις

2273 5354 2353 5413 εἰς
2383 5352 2507 5413 τοὺς
2540 5353 2743 5415 αἰῶνας
2760 5353 2882 5407 κτῶν
2916 5357 3150 5413 αἰώνων.
3199 5359 3393 5431 ’Λμήν.
