4170 6294
478 379 588 434 5⁸29
1308 383 1404 445 ΕΤ
1446 386 1691 450 MABCI
1729 390 2044 454 EPHESII
2088 396 2575 459 TEFTIMONIA
2610 400 2898 463 MUTUA.
3636 407 3738 470 F30

1397 704 1757 768 EUSEBII
1807 704 2341 772 RENAUDOTI]
2398 709 2825 775 MONITUM.

578 1025 859 1095 Superiori
893 1027 1270 1086 Dissertationi
1305 1029 1607 1099 fragmenta
1642 1029 1759 1085 hac
1808 1030 2064 1100 adjicere,
2103 1047 2222 1100 quae
2257 1031 2415 1087 nobis
2438 1031 2606 1086 codex
2638 1031 2858 1099 Regius,
2888 1046 2946 1086 n.
2977 1020 3143 1098 2963,
3170 1023 3621 1094 subministravit,
3656 1028 3733 1080 vi-

477 1133 603 1173 sum
635 1128 713 1175 est
749 1136 929 1191 operte
957 1123 1212 1191 pretium,
1242 1136 1366 1176 cum
1400 1118 1680 1176 historiam
1717 1120 1981 1176 Gennadii
2015 1137 2340 1191 magnopere
2372 1124 2664 1184 illustrem.
2695 1131 2747 1178 et
2771 1124 3123 1194 quaestionem
3151 1125 3217 1179 de
3246 1140 3355 1181 uno
3379 1124 3459 1177 vel
3485 1120 3729 1192 pluribus

479 1211 805 1279 Gennadiis,
832 1213 934 1267 nisi
972 1212 1319 1267 vehementer
1354 1211 1614 1275 fallimur,
1654 1212 1961 1272 absolvant.
1992 1221 2107 1266 tum
2138 1213 2283 1280 quod
2319 1228 2381 1266 ea
2407 1212 2537 1266 alibi
2569 1220 2786 1269 exstare
2819 1229 2926 1268 non
2970 1215 3369 1270 existimemus.
3402 1211 3576 1266 Verba
3609 1215 3737 1264 sunt

480 1307 649 1362 Marci
687 1305 905 1374 Ephesii
937 1307 1005 1361 de
1028 1306 1334 1372 Scholario,
1369 1314 1423 1360 et
1454 1306 1518 1359 ad
1547 1321 1670 1360 eum
1697 1305 2062 1374 praesentibus
2091 1304 2295 1361 Grmcis
2322 1306 2506 1361 multis
2549 1307 2810 1376 dignitate
2833 1309 3167 1380 conspicuis,
3190 1318 3242 1363 et
3264 1324 3291 1361 a
3312 1306 3612 1360 Latinismo
3644 1320 3730 1358 re-

479 1400 804 1455 motissimis
831 1400 996 1461 dicta,
1019 1399 1219 1464 quibus
1240 1398 1343 1466 ipsi
1378 1414 1565 1452 curam
1603 1397 1856 1453 Ecclesiae
1879 1399 2229 1454 defendendae
2256 1400 2571 1465 committit,
2595 1401 2740 1456 illius
2780 1401 2989 1456 scilicet
3017 1418 3159 1471 qua»,
3181 1400 3395 1457 Unione
3424 1399 3734 1456 Florentino

481 1494 710 1560 insuper
744 1492 953 1555 habita,
988 1505 1016 1544 a
1053 1489 1371 1544 Latinorum
1401 1489 1788 1543 communione
1830 1498 1979 1543 esset
2008 1488 2371 1545 alienissima.
2402 1489 2512 1543 Illis
2546 1489 2896 1561 subiungitur
2928 1489 3196 1546 Sebolarii
3228 1491 3569 1560 Responsio,
3613 1488 3736 1558 qui-

479 1586 586 1640 bus
609 1583 899 1653 pollicetur
933 1596 993 1636 se
1016 1579 1183 1634 Marci
1207 1578 1433 1648 Ephesii
1467 1578 1590 1632 loco
1626 1579 1692 1633 ad
1723 1580 1909 1633 ultima
1937 1593 2108 1649 usque
2133 1580 2326 1634 mortis
2355 1579 2598 1649 pericula
2631 1595 2730 1648 pro
2763 1581 2902 1635 avita
2935 1581 3037 1635 ﬁde
3084 1592 3474 1651 pugnaturum.
3507 1581 3628 1634 llmc
3656 1579 3735 1633 ai—

484 1676 589 1730 teri
614 1689 776 1742 quam
806 1672 1091 1728 Gennadio
1118 1671 1409 1727 convenire
1438 1686 1546 1726 non
1587 1680 1834 1740 possunt,
1866 1656 1917 1725 'ei
1954 1672 2164 1726 scilicet
2205 1673 2296 1742 qui
2321 1680 2481 1740 capta
2513 1671 2988 1745 Constantinopoli
3038 1674 3348 1742 patriarcha
3393 1676 3736 1728 renuntiatus

476 1778 606 1834 est;
639 1784 819 1838 neque
850 1767 997 1823 enim
1029 1766 1227 1822 cadere
1281 1765 1335 1819 in
1387 1767 1555 1820 alium
1583 1765 1831 1834 quemvis
1864 1772 2094 1835 possunt
2124 1765 2318 1818 laudes
2360 1764 2574 1818 eximiae
2603 1765 2867 1821 doctrina:
2891 1775 2945 1820 et
2976 1767 3321 1835 eloquentia),
3356 1776 3469 1820 tum
3501 1767 3737 1835 dignitas

477 1864 766 1932 ἄρχοντος,
797 1875 989 1929 nempe
1015 1859 1114 1926 viri
1151 1858 1416 1928 primarii,
1450 1858 1630 1927 qualis
1655 1856 1978 1913 Schoiarius
2012 1857 2132 1920 fuit,
2168 1857 2334 1926 judex
2369 1872 2563 1925 nempe
2588 1856 2641 1911 in
2685 1858 2806 1911 aula
2841 1857 3129 1927 imperiali.
3160 1858 3316 1925 Quod
3348 1858 3512 1911 etiam
3549 1856 3601 1909 in
3639 1870 3736 1909 ne-

477 1951 629 2023 gotio
661 1950 785 2004 ﬁdei
810 1949 1035 2003 humani
1073 1948 1279 2014 aliquid
1331 1964 1551 2016 passus,
1587 1965 1696 2004 non
1731 1947 2019 2003 manifeste
2047 1946 2362 2003 Graecorum
2400 1947 2702 2002 sententias
2742 1957 3161 2018 propugnasset,
3204 1964 3327 2004 eum
3389 1948 3525 2003 satis
3582 1946 3730 1999 desi-

477 2051 669 2114 gnant,
703 2057 879 2112 eoque
903 2042 1136 2112 pertinet
1165 2041 1392 2110 epistola
1424 2057 1586 2112 quam
1627 2041 1910 2096 Emerieus
1957 2040 2203 2110 Bigotius
2225 2040 2422 2094 Allatio
2441 2040 2887 2107 communicavit,
2913 2050 2967 2096 et
2991 2057 3152 2110 quam
3178 2040 3381 2111 Regius
3408 2042 3543 2096 alter
3566 2038 3736 2093 codex

476 2145 865 2204 repraesentat;
903 2134 956 2188 in
979 2148 1084 2202 qua
1111 2132 1325 2189 Marcus
1344 2133 1620 2202 Ephesius
1651 2132 1998 2188 Scholarium
2025 2133 2375 2187 vehementer
2409 2132 2687 2202 redarguit
2719 2131 2821 2201 (l),
2848 2132 2989 2199 quod
3023 2134 3201 2187 media
3232 2142 3285 2187 et
3309 2142 3736 2201 temperamenta

478 2228 683 2298 quibus
716 2229 845 2283 unio
874 2227 1219 2298 ﬁeriposset,
1276 2241 1385 2281 non
1439 2234 1848 2297 aspernaretur,
1905 2225 1996 2281 sed
2047 2241 2108 2281 ea
2134 2226 2413 2295 probaret.
2462 2223 2597 2279 Nam
2658 2224 3002 2280 Scholariutn
3052 2224 3384 2279 Florentiam
3422 2227 3636 2282 venisse
3670 2242 3736 2281 co

480 2317 691 2383 animo,
723 2332 833 2370 non
877 2317 996 2387 ejus
1023 2318 1185 2372 modo
1218 2319 1284 2371 ad
1333 2316 1686 2373 Ambrosium
1717 2315 2193 2372 Camaldulensem
2226 2315 2492 2386 Epistola,
2525 2326 2579 2371 et
2618 2316 2753 2370 Acta
2792 2313 2985 2370 Greeca
3008 2355 3023 2379 ,
3055 2317 3148 2372 sed
3182 2315 3484 2387 Syropulus
3517 2316 3734 2385 ipsete-

478 2419 681 2475 statur,
709 2425 836 2464 cum
872 2411 918 2465 is
944 2410 1235 2465 formulam
1272 2410 1474 2467 referat
1495 2411 1562 2465 ab
1588 2411 1682 2466 illo
1711 2409 2058 2475 deiincatam,
2096 2411 2395 2465 secundum
2428 2424 2590 2479 quam
2621 2411 2999 2466 controversia
3023 2412 3090 2465 de
3122 2411 3478 2481 proccssione
3503 2411 3737 2479 Spiritus

476 2507 653 2562 sancti
689 2515 1136 2575 componeretur.
1174 2507 1252 2561 Ex
1288 2507 1475 2561 verbis
1496 2506 1785 2572 Gennadii,
1823 2505 2024 2574 quibus
2055 2503 2237 2559 Marco
2266 2504 2601 2574 respondens
2643 2519 2864 2574 operam
2924 2520 3142 2561 omnem
3172 2519 3326 2560 suam
3360 2506 3631 2575 pollicitus
3655 2517 3740 2559 est

473 2599 546 2654 ad
578 2599 832 2655 Ecclesiae
860 2600 1064 2654 Graecae
1098 2598 1503 2663 defensionem,
1534 2600 1670 2654 satis
1719 2607 1962 2668 apparet,
1999 2598 2274 2651 neminem
2324 2595 2536 2653 Latinis
2581 2596 2765 2653 minus
2805 2599 3077 2653 addictum
3128 2600 3298 2655 inisse
3347 2615 3413 2653 eo
3441 2599 3533 2669 qui
3572 2598 3733 2652 [idem

482 2690 661 2745 amico
696 2694 877 2746 datam
906 2690 1320 2745 accuratissime
1353 2692 1627 2760 prmstitit.
1654 2690 1811 2743 ’Cum
1838 2698 2019 2742 autem
2043 2702 2208 2754 opera
2242 2687 2509 2743 Gennadii
2545 2689 2660 2744 sive
2688 2688 2954 2743 Sebolarii
2992 2691 3160 2744 multa
3203 2692 3259 2746 in
3304 2690 3495 2745 eodem
3543 2690 3736 2746 codice

477 2782 754 2851 descripta
786 2782 915 2843 sint,
944 2796 1070 2851 quae
1102 2782 1249 2838 illius
1286 2797 1408 2838 esse
1449 2781 1774 2838 certissimis
1798 2797 1862 2835 ex
1906 2781 2134 2836 historia
2173 2781 2504 2855 testimoniis
2532 2780 2967 2847 demonstratur,
3004 2794 3058 2837 et
3079 2799 3200 2852 quae
3236 2784 3428 2839 referri
3475 2800 3580 2838 non
3613 2797 3740 2848 pos-

452 2887 611 2935 sunt
635 2880 700 2934 ad
725 2878 892 2933 alium
923 2878 993 2932 ab
1015 2892 1082 2932 eo
1103 2878 1197 2946 qui
1233 2892 1358 2931 cum
1384 2876 1596 2933 Joanne
1630 2877 1933 2945 Palaeologo
1962 2877 2017 2930 in
2054 2875 2267 2931 Italiam
2301 2875 2640 2945 navigaverit
2674 2894 2689 2932 :
2722 2891 2787 2931 ex
2814 2877 2923 2932 illis
2949 2879 3214 2933 nonnulla
3240 2887 3457 2933 exstent
3486 2881 3540 2932 in
3571 2878 3738 2930 Brun-

477 2970 677 3024 dusino
706 2979 895 3023 nostro
933 2969 1145 3031 codice,
1167 2969 1259 3039 qui
1294 2969 1585 3023 llomiliam
1624 2969 1692 3024 de
1723 2967 2065 3023 Euebaristia
2114 2976 2487 3037 repraesentat,
2510 2967 2578 3021 de
2607 2965 2751 3023 illius
2791 2966 3047 3039 αὐθεντεᾳ
3080 2969 3147 3024 lis
3182 2967 3385 3023 moneri
3413 3007 3428 3031 ,
3472 2968 3576 3021 nisi
3641 2982 3739 3036 per

477 3072 750 3125 summam
781 3059 1133 3122 calumniam,
1163 3059 1306 3113 nulla
1331 3067 1529 3128 potest.
1556 3058 1653 3114 llis
1674 3057 2023 3128 adiungimus
2042 3066 2289 3112 extrema
2317 3057 2482 3113 Marci
2515 3056 2743 3128 Ephesii
2775 3058 2965 3125 verba,
2994 3058 3153 3129 plena
3190 3058 3300 3113 odii
3340 3066 3395 3113 et
3418 3059 3612 3113 veneni
3644 3058 3741 3113 ad-

479 3166 674 3207 versus
701 3150 927 3206 Latinos
963 3162 1015 3207 et
1037 3151 1305 3207 Unionem
1332 3160 1649 3207 renovatam
1685 3165 1851 3221 opera
1887 3148 2079 3204 Isidori
2107 3150 2413 3206 cardinalis
2455 3151 2617 3222 legati
2651 3152 2958 3221 apostolici,
2991 3151 3079 3207 cui
3104 3151 3403 3223 Gregorius
3428 3149 3737 3222 patriarcha

480 3252 871 3309 consenserat,
899 3245 1101 3314 cuique
1135 3245 1451 3321 Gennadius
1477 3259 1587 3313 pra:
1609 3245 1825 3298 caeteris
1846 3244 2158 3307 obstiterat,
2193 3253 2252 3297 ut
2278 3243 2456 3297 Ducas
2492 3256 2749 3299 accurate
2771 3245 3015 3315 scripsit.

555 3333 770 3406 Scripta
798 3346 923 3393 sunt
948 3348 1132 3393 autem
1156 3339 1211 3393 in
1239 3354 1306 3395 eo
1324 3354 1483 3409 quem
1518 3338 1764 3392 diximus
1790 3337 1958 3409 Regio
1983 3337 2192 3405 codice,
2223 3351 2335 3391 non
2364 3339 2552 3393 eadem
2584 3354 2749 3393 manu
2778 3356 2886 3409 qua
2918 3341 3091 3397 codex
3123 3344 3262 3411 ipse,
3297 3340 3395 3396 sed
3424 3340 3554 3407 alia,
3580 3341 3738 3394 docta

477 3429 724 3497 quidem,
765 3444 950 3485 verum
985 3430 1305 3497 ineleganti,
1339 3430 1516 3499 qualis
1539 3445 1682 3498 saepe
1708 3430 1948 3483 virorum
1985 3428 2267 3485 doctorum
2310 3444 2432 3485 esse
2465 3430 2622 3485 solet.

554 3519 815 3588 Sequitur
860 3521 1183 3591 Excerptum
1214 3537 1280 3576 ex
1322 3522 1563 3591 Epistola
1597 3521 1862 3577 Genuadii
1903 3522 1970 3577 ad
2005 3521 2298 3576 Maximum
2353 3522 2692 3592 Sophianum
2736 3531 2790 3577 et
2838 3531 3054 3578 ascetas
3100 3525 3300 3579 montis
3334 3523 3488 3588 Sina,
3542 3523 3596 3577 in
3628 3538 3735 3591 qua

483 3616 697 3671 Latinis
728 3615 1005 3685 religionis
1032 3632 1200 3672 causa
1248 3617 1588 3673 venientibus
1622 3624 1769 3671 vetat
1822 3616 2396 3683 dari-Eucharistiam,
2428 3616 2521 3671 sed
2555 3615 2849 3685 ἀντίδωρον
2889 3631 2981 3673 seu
3017 3632 3209 3686 panem
3235 3617 3576 3674 benedictum
3616 3617 3736 3672 dari

478 3709 794 3780 permittit:
834 3711 978 3767 unde
1001 3720 1149 3781 patet
1182 3725 1343 3781 quam
1372 3725 1565 3780 parum
1612 3710 1716 3780 ipsi
1745 3725 1868 3765 cum
1897 3710 2143 3767 Romana
2182 3709 2426 3767 Ecclesia
2460 3709 2795 3766 conveniret.

553 3888 634 3962 (l)
670 3889 802 3946 Vide
823 3888 962 3944 infra
996 3893 1050 3945 in
1080 3890 1260 3944 Marco
1296 3888 1555 3960 Ephesio.
1586 3886 1743 3943 Eoz'r.

1124 4272 1593 4408 ΠΡΟΣ
1697 4208 2047 4407 TON
2123 4270 3099 4441 ΣΧρΛΑΡΙΟΝ

1740 4525 1971 4612 ΤΟΥ
2009 4525 2476 4612 ΕΦΕΣΟΥ.

982 4872 1383 4996 νΕΙὶΒᾹ
1481 4874 1843 4965 MABCI
1942 4875 2427 4966 EPHESII
2559 4878 2629 4965 M

1591 4874 1843 4965 ABCI
1942 4875 2427 4966 EPHESII
2559 4877 3238 4976 MORIENTIS

1535 5084 1634 5146 AD
1686 5082 2105 5147 GEORGIUM
2159 5087 2711 5149 SCHOLARIUM.‘

1665 5243 1762 5302 (Ea:
1797 5240 1916 5292 Cod.
1945 5242 2052 5293 us.
2080 5241 2207 5294 Bibl.
2234 5231 2348 5309 neg'.
2375 5243 2536 5305 2963.)

3708 5371 3737 5383 ..ι

561 5508 726 5576 Λέγω
778 5508 873 5560 καὶ
925 5508 1295 5577 ἀποφαίνομαι
1351 5511 1480 5577 περὶ
1532 5508 1627 5561 τοῦ
1680 5509 1936 5580 ἄρχοντος
1970 5510 2064 5565 τοῦ

2250 5510 2324 5567 De
2349 5508 2591 5581 principe
2616 5507 2905 5567 Sebolario
2939 5512 3054 5568 haec
3078 5529 3190 5569 mea
3234 5524 3315 5568 est
3336 5514 3625 5569 sententia.
3656 5512 3742 5582 lp-

486 5597 819 5667 Σχολαρξου,
850 5599 931 5651 ὅτι
959 5593 1077 5651 (οῖδα
1111 5598 1272 5651 αὑτὸν
1304 5597 1363 5662 ἐξ
1397 5596 1477 5650 ἔτι
1516 5597 1652 5653 πάνυ
1683 5602 1807 5660 νέας
1834 5601 1936 5669 τῆς
1968 5600 2065 5652 αὖ·

2171 5619 2289 5658 snm
2332 5601 2624 5655 admodum
2664 5604 2917 5671 juvenem
2956 5605 3100 5672 novi,
3152 5605 3459 5674 aﬂ‘cctuque
3508 5607 3657 5660 illum
3689 5614 3742 5661 et

480 5691 585 5743 τοῦ
650 5689 892 5759 ἡλικίας,
947 5692 1042 5743 καὶ
1095 5690 1341 5743 διάθεσιν
1395 5694 1491 5745 καὶ
1543 5691 1766 5761 ἀγάπην
1821 5692 1931 5761 ἔχω
1983 5693 2064 5757 εἰς

2170 5695 2439 5751 cbaritate
2495 5708 2708 5749 summa
2778 5710 3100 5764 prosequor,
3155 5706 3210 5749 et
3260 5704 3516 5765 tanquam
3572 5699 3739 5753 tilium

484 5782 675 5848 αὑτὸν,
705 5784 797 5835 καὶ
828 5783 901 5846 ὡς
950 5785 1078 5854 ἐμὸν
1120 5784 1233 5838 υἱὺν
1280 5786 1371 5840 καὶ
1407 5784 1559 5851 φίλον
1602 5785 1811 5855 στέργω
1848 5788 2008 5841 αὶτῦν
2035 5804 2047 5818 ·

2168 5802 2349 5844 meum
2405 5795 2458 5842 et
2495 5787 2729 5844 amicum
2782 5788 2988 5857 diligo,
3023 5787 3288 5847 clearitate
3317 5799 3520 5855 quanta
3570 5800 3743 5857 potest

3633 6039 3663 6064 '
