4170 6294
444 393 556 458 533

1261 403 1357 465 ΕΤ
1400 406 1640 468 MARCI
1692 410 2007 472 EPHESll
2050 413 2528 475 TESTIMONiA
2569 415 2864 480 MUTUA;

3598 419 3698 482 564

431 509 566 570 τοὺς
606 506 800 572 λόγους
849 527 951 578 μου
1006 512 1225 577 τούτούς
1265 515 1406 586 ὑπὲρ
1451 519 1519 572 τὰ
1545 517 1784 587 ἑκατὸν,
1827 521 1901 583 ὡς
1929 523 2012 585 εἰς

2126 530 2343 594 mendo,
2381 544 2607 598 sperans
2629 532 3045 586 sermonesilios
3086 547 3237 588 meos
3266 533 3382 602 plus
3401 550 3545 601 tuam
3571 552 3699 590 cen-

431 597 652 668 άγαθὴν
678 599 784 668 γῆν
826 601 1352 673 καταὸαλλομένους.
1401 607 1534 677 Περὶ
1561 603 1622 663 οὖ
1654 611 1748 662 καὶ
1786 611 2021 681 ἀποκρι-

436 688 590 758 θὴτω
624 709 738 761 μοι,
770 693 856 746 ἵνα
885 693 1037 747 λάϐω
1082 695 1295 751 τὲλειαν
1346 699 1722 770 πληροφορίαν
1751 704 1850 771 τῆς
1883 721 2019 774 παρ-

437 777 605 849 ούσης
643 780 786 852 ζωῆς
813 783 1169 853 ἐξερχόμενος
1191 826 1207 853 ,
1254 789 1350 843 καὶ
1385 791 1460 860 μὴ
1488 791 1667 860 ἀηδῶς
1695 793 2014 864 ἀποὸιώσω,

440 869 518 932 ὡς
561 873 896 942 ἀπεγνωκὼς
929 873 1028 945 τὴν
1059 878 1161 947 τῆς
1200 878 1525 950 Ἐκκλησίας
1557 882 1865 953 διόρθωσιν.

487 1181 1325 1215 *Ἃ
1331 1186 2178 1204 *ρει-Μρ-η

1331 1186 2179 1204 *ρει-Μρ-ᾑ

2135 619 2341 688 tuplum
2378 620 2616 674 fructum
2657 623 2965 677 reddituros
2991 633 3248 692 tanquam
3283 626 3335 678 in
3371 626 3562 680 bonam
3591 636 3698 681 ter-

2127 723 2240 762 ram
2272 710 2567 778 coniectos.
2599 711 2672 766 De
2692 728 2801 780 quo
2827 714 3099 781 ipse'mihi
3147 717 3474 784 respondeat
3510 717 3691 778 velim,

2121 809 2181 852 ut
2199 814 2519 869 egressurus
2543 816 2607 855 ex
2635 802 2883 870 praesenti
2912 802 3043 866 vita,
3065 803 3280 871 plenam
3311 803 3690 858 certitudinem

2119 887 2372 951 habeam.
2401 904 2501 943 nec
2532 889 2822 958 injucunde
2850 907 2915 945 ex
2961 890 3069 945 vita
3123 892 3310 946 abeam
3341 903 3592 963 tanquam
3627 895 3692 948 de

2124 977 2379 1033 Ecclesia:
2419 978 2811 1035 reformatione
2838 980 2995 1049 plane
3025 981 3342 1051 desperans.

1227 1373 1824 1466 ΑΠΟΚΡΙΣΙΣ
1911 1383 2144 1469 ΤΟΥ
2234 1380 2902 1473 ΣΧΟΛΑΡΙΟΥ.

1341 1699 2007 1842 ΒΕέΡοΝδιο
2089 1750 2810 1863 SCHOLARII.‘

519 2082 680 2149 Ἐγὼ,
711 2084 947 2138 δέσποτά
976 2102 1078 2152 μου
1127 2085 1272 2155 ἅγιε,
1305 2091 1518 2160 πρῶτον
1558 2096 1656 2164 μὲν
1695 2096 2003 2167 εὐχαριστῶ

2185 2104 2314 2174 Ego,
2348 2105 2568 2163 domine
2603 2109 2674 2163 mi
2712 2115 2918 2176 sancte,
2954 2113 3188 2180 primunt
3211 2115 3430 2184 quidem
3477 2131 3685 2189 magna:

338 2164 350 2168 ’
428 2174 498 2241 τῇ
557 2175 780 2244 μεγάλῃ
817 2176 1094 2248 ἁγιωσύνῃ
1154 2195 1249 2231 σου
1309 2183 1403 2235 ἐπὶ
1459 2186 1570 2248 τοῖς
1622 2164 1866 2249 ἐπαίνοις
1922 2181 2003 2252 οἷς

429 2262 654 2330 ἐχρήσω
715 2265 794 2327 είς
842 2265 965 2334 ἐμὲ,
1022 2266 1106 2320 ὅτι
1155 2267 1436 2338 βουληθεὶς
1492 2275 1618 2343 ἐμοὶ
1671 2278 2004 2345 χαρίσασθαι

425 2354 966 2424 προσεμαρτύρησάς
1008 2375 1120 2425 μοι,
1147 2359 1245 2412 ὅσα
1271 2362 1369 2415 οὐκ
1403 2363 1513 2432 ἔχω
1559 2365 1668 2419 οὐδ’
1701 2368 2002 2438 ἐπίσταμαι

426 2446 712 2512 προσεῖναί
747 2463 860 2514 μοι.
907 2448 1065 2502 Ἀλλά
1093 2449 1254 2504 τοῦτό
1286 2456 1399 2507 ἐστι
1435 2455 1533 2524 τῆς
1565 2458 1742 2528 ἄκρας
1770 2460 2002 2514 καλοκα-

424 2537 628 2601 γαθίας
651 2539 742 2590 καὶ
773 2540 974 2607 ἀρετῆς
1011 2541 1104 2592 καὶ
1129 2543 1320 2610 σοφίας
1351 2545 1450 2614 τῆς
1482 2549 1726 2617 μεγάλης
1766 2551 2002 2618 ἁγιωσύ-

421 2641 525 2695 νης
555 2643 669 2691 σου,
696 2628 764 2698 ἣν
791 2631 884 2682 καὶ
910 2629 1072 2693 αὐτὸς
1099 2633 1255 2696 εἰδὼς
1284 2635 1344 2701 ἐξ
1369 2637 1543 2706 ἀρχῆς
1563 2641 1657 2692 καὶ
1679 2641 2001 2711 θαυμάζων,

416 2717 485 2770 ού
515 2717 752 2772 διέλιπον
803 2722 860 2783 ὲς
896 2721 1054 2792 δεῦρο
1081 2723 1183 2776 ὅσα
1219 2729 1387 2797 πατρὶ
1430 2729 1523 2782 καὶ
1565 2729 1870 2799 διδασκάλῳ
1907 2737 2000 2788 καὶ

417 2810 762 2880 παιδαγωγῷ
822 2811 1118 2880 ὀφείλεται,
1164 2816 1400 2870 ἐκτελῶν
1459 2821 1539 2882 είς
1599 2823 1698 2892 τὴν
1753 2825 1998 2894 μεγάλην

415 2900 734 2967 ἁγιωσύνην
797 2918 911 2967 σου,
966 2904 1062 2957 καὶ
1113 2906 1191 2968 ὡς
1248 2909 1432 2961 κανόνι
1479 2911 1761 2981 χρώμενος
1807 2916 1870 2985 τῇ
1929 2919 1994 2988 σῇ

415 2991 638 3064 γνώμῃ,
668 2996 765 3060 τῆς
793 3012 851 3047 τε
881 2996 940 3048 ὲν
983 2995 1251 3064 δόγμασιν
1280 2999 1590 3069 ἀκριϐείας,
1619 3005 1713 3058 καὶ
1748 3007 1846 3076 τῆς
1886 3008 1996 3060 τῶν

413 3085 592 3151 λόγων
619 3085 934 3155 ὀρθότητος,
981 3083 1064 3147 οἷς
1113 3089 1181 3142 ἂν
1231 3094 1646 3163 ἐνασμενίσειας
1693 3099 1788 3150 καὶ
1833 3100 1995 3165 αὐτὸς

419 3177 826 3248 συντιθέμενος.
859 3179 966 3234 Καὶ
991 3181 1090 3234 ὅσα
1122 3182 1199 3252 μὴ
1228 3185 1371 3237 κατά
1404 3186 1633 3258 γνώμην
1678 3190 1733 3243 δὲ
1761 3190 1862 3259 σὴν
1905 3193 1997 3246 ἀν·-

414 3267 739 3332 ενδοιάστως
769 3272 974 3326 τούτων
997 3273 1419 3343 ἐκτρεπόμενος,
1444 3275 1546 3347 τὴν
1566 3279 1660 3331 τοῦ
1683 3281 1871 3345 παιδὸς
1901 3287 1995 3337 καὶ⁴

419 3360 668 3428 μαθητοῦ
700 3361 852 3426 τάξιν
877 3366 1066 3433 τηρεῖν
1103 3366 1239 3434 πρὸς
1273 3368 1374 3438 τὴν
1407 3371 1652 3442 μεγάλην
1682 3373 1992 3444 ἁγιωσύνην

413 3467 512 3503 σου
546 3453 645 3503 οὐκ
679 3453 966 3522 ἀπηξίωσα
994 3457 1236 3522 πώποτε,
1268 3458 1506 3530 μάρτυρι
1545 3461 1826 3532 χρώμενος
1854 3467 1990 3538 πρὸς
2019 3448 2062 3506 C

410 3542 591 3596 ταῦτα
637 3547 702 3615 τῇ
743 3547 957 3616 μεγάλῃ
1003 3549 1287 3624 ἁγιωσύνῃ
1317 3569 1436 3607 σου.
1475 3550 1636 3618 Οἶδας
1668 3555 1744 3620 ὡς
1775 3558 1862 3611 ἀεὶ
1902 3562 1994 3615 τὸν

409 3638 620 3707 τρόπον
657 3639 848 3692 τοῦτόν
887 3657 968 3693 σοι
1011 3645 1430 3716 προσηρχόμην,
1463 3649 1557 3700 καὶ
1589 3648 1864 3720 βαθύτερα
1894 3651 1992 3722 τῆς

408 3727 560 3795 ἐμῆς
604 3729 845 3792 διανοίας
875 3730 1296 3802 ἀνακαλύπτων,
1345 3737 1602 3800 τοιαύτας
1653 3740 1860 3808 ἐγγύας
1910 3759 1991 3796 σοι

411 3817 829 3888 παρετιθέμηνο
863 3821 958 3874 καὶ
1010 3823 1104 3876 τού
1156 3823 1240 3878 ὄτι
1297 3824 1354 3879 ἔν
1396 3843 1505 3881 τισι
1545 3829 1656 3882 τῶν
1682 3831 1892 3901 καιρῶν
1929 3833 1989 3886 οὐ

413 3908 670 3977 φανερῶς
698 3909 1012 3980 άπεδυόμην
1047 3913 1183 3979 πρὸς
1208 3914 1332 3977 τοὺς
1365 3913 1584 3982 ἀγῶνας
1608 3917 1702 3982 οὓς
1733 3920 1765 3988 ἡ
1793 3920 1859 3989 σὴ
1894 3937 1991 3989 με·

419 3999 574 4068 διίστη
641 4000 923 4071 ἁγιωσύνη
973 4003 1289 4073 ἠγωνίζετο,
1351 4005 1486 4060 ἀλλά
1543 4013 1720 4080 σιωπῇ
1767 4013 1988 4077 τούτους

409 4091 768 4161 παρέρχομαι
810 4093 936 4157 τοὺς
969 4095 1184 4164 λόγους,
1217 4096 1373 4150 τοῦτο
1417 4099 1594 4164 οὐδεὶς
1626 4101 1836 4170 βέλτιον
1880 4100 1987 4158 οἶδε

411 4189 516 4252 τῆς
548 4188 790 4259 μεγάλης
819 4191 1130 4261 ἁγιωσύνης
1158 4209 1274 4256 σου,
1307 4193 1430 4246 ἐπεὶ
1458 4194 1552 4246 καὶ
1581 4195 1842 4260 πολλάκις
1863 4200 1989 4263 τοὺς

410 4279 709 4348 λογισμούς
746 4282 846 4349 μού
881 4299 962 4335 σοι
988 4283 1289 4354 θαρρήσας,
1327 4287 1420 4339 καὶ
1455 4287 1582 4350 τοὺς
1632 4289 1763 4358 περὶ
1793 4291 1986 4344 τούτου

411 4388 500 4424 σοι
540 4372 857 4443 ἀνεκάλυψα
903 4373 1178 4440 καθαρῶς,
1223 4377 1316 4428 καὶ
1363 4380 1846 4449 παραιτησάμενος
1889 4383 1987 4448 τῆς

410 4467 753 4534 συγγνώμης
781 4466 881 4518 ούκ
913 4465 1208 4536 ἀπέτυχον.
1247 4466 1408 4522 Ἀλλὰ
1440 4469 1536 4522 νῦν
1560 4470 1697 4523 Θεοῦ
1727 4473 1986 4542 συνάρσει

406 4558 619 4612 τούτων
655 4559 873 4613 πάντων
898 4562 1388 4630 καταπεφρόνηκα,
1427 4561 1524 4614 καὶ
1552 4564 1788 4632 ἐμαυτὸν
1815 4565 1986 4619 καθα-

409 4651 656 4722 ρώτατον
687 4653 779 4704 καὶ
813 4651 1201 4721 φανερώτατον
1245 4653 1341 4722 τῆς
1388 4653 1645 4722 ἀληθείας
1682 4671 1985 4724 συναγωνι-

2109 2197 2383 2252 sanctitati
2449 2208 2553 2255 tuae
2602 2203 2808 2271 gratias
2839 2219 2942 2273 ago
2973 2207 3037 2259 de
3071 2207 3322 2266 laudibus
3373 2212 3570 2280 quibus
3597 2229 3686 2268 me

2106 2289 2422 2353 cumulasti,
2447 2291 2720 2362 simulque
2751 2294 2883 2348 mihi
2911 2295 3217 2355 abblandiri
3268 2303 3476 2370 volens,
3510 2321 3572 2360 ea
3615 2306 3683 2361 de

2107 2393 2191 2431 tne
2215 2387 2440 2434 testatus
2474 2397 2534 2436 es
2578 2399 2698 2451 quae
2749 2399 2857 2439 non
2920 2386 3114 2452 habeo,
3148 2404 3246 2446 nec
3312 2392 3487 2448 inesse
3546 2396 3678 2449 mihi

2106 2471 2414 2526 cet-toscio.
2460 2471 2659 2527 Verum
2711 2474 2816 2530 hoc
2849 2493 2877 2531 a
2929 2492 3146 2534 summa
3212 2484 3517 2540 sanctitatis
3579 2497 3683 2541 tum

2105 2561 2364 2626 bonitate,
2406 2565 2674 2634 sapientia
2726 2577 2780 2623 et
2814 2569 3016 2625 virtute
3043 2574 3343 2640 profectum
3371 2586 3479 2644 est,
3513 2594 3678 2649 quam

2102 2652 2230 2707 olim
2269 2655 2440 2723 probe
2470 2657 2745 2726 cognitam
2779 2661 3107 2728 admiratus,
3142 2665 3248 2719 huc
3307 2683 3480 2736 usque
3540 2685 3682 2723 nun-

2101 2759 2264 2812 quam
2301 2746 2531 2828 cessavi,
2566 2750 2844 2806 sanctitati
2881 2762 2986 2806 ture
3041 2754 3314 2820 deferens,
3344 2775 3681 2829 quaecunque

2101 2837 2262 2904 patri,
2301 2838 2562 2907 magistro
2592 2848 2646 2894 et
2669 2844 2989 2912 praeceptori
3023 2846 3188 2900 tribui
3215 2847 3436 2916 debent,
3459 2864 3684 2908 senten-

2103 2930 2173 2983 tia
2212 2937 2304 2985 tua
2339 2938 2602 3002 tanquam
2633 2935 2820 3002 regula
2858 2946 3037 3002 utens,
3067 2949 3121 2994 et
3161 2941 3306 2995 circa
3362 2943 3675 3012 dogmatum

2100 3032 2408 3078 accuratam
2474 3027 2897 3096 expositionem,
2931 3041 3243 3102 rectamque
3275 3036 3559 3107 tbeologiae
3593 3056 3678 3094 ra-

2099 3114 2322 3179 tionem,
2360 3115 2426 3169 iis
2449 3131 2570 3185 quae
2605 3119 2700 3172 tibi
2726 3121 3100 3188 probabantur
3127 3125 3281 3192 plane
3304 3133 3671 3188 consentiens.

2094 3201 2441 3274 Quaecunque
2464 3208 2628 3260 etiam
2651 3224 2756 3263 non
2787 3220 3034 3268 erantex
3065 3217 3231 3271 animi
3263 3221 3335 3273 tui
3373 3225 3672 3286 sententia.

2095 3292 2184 3345 illa
2219 3293 2426 3363 absque
2469 3296 2813 3354 dubitatione
2857 3317 3163 3371 aversatus,
3194 3323 3473 3378 nunquam
3519 3313 3677 3366 aliter

2095 3398 2256 3452 quam
2288 3391 2348 3438 ut
2375 3383 2516 3440 ﬁlius
2543 3386 2950 3458 discipulosque
2973 3406 3100 3461 erga
3131 3397 3476 3450 sanctitatem
3523 3407 3672 3452 tuam

2097 3486 2183 3525 me
2213 3473 2378 3541 gessi.
2412 3489 2534 3541 qum
2560 3475 2780 3543 quidem
2818 3487 2910 3531 tno
2943 3478 3117 3547 ipsius
3172 3483 3487 3539 testimonio
3537 3487 3673 3540 satis

2094 3564 2240 3633 apud
2278 3573 2328 3620 te
2355 3575 2612 3623 constare
2643 3577 2792 3636 puto.
2827 3567 2979 3623 Nosti
3013 3571 3156 3624 enim
3191 3586 3275 3626 me
3311 3572 3381 3627 ita
3414 3573 3669 3628 allectum

2094 3657 2160 3711 ad
2193 3665 2244 3711 te
2277 3659 2594 3722 accessisse,
2628 3668 2681 3713 et
2711 3659 2901 3713 intima
2931 3661 3100 3715 animi
3139 3663 3242 3716 mei
3285 3677 3495 3719 secreta
3531 3681 3662 3733 ape-

2093 3747 2347 3812 rientem,
2399 3749 2560 3804 talem
2603 3749 2698 3804 tibi
2759 3751 3109 3819 sponsionem
3157 3753 3369 3810 fecisse.
3421 3756 3573 3822 Quod
3623 3759 3668 3810 si

2095 3837 2386 3908 aliquando
2417 3839 2482 3892 ad
2513 3855 2574 3894 ea
2609 3845 2934 3908 certamina,
2969 3859 3090 3913 quae
3121 3849 3384 3902 sanctitas
3433 3848 3669 3903 maxima

2094 3933 2186 3980 tua
2246 3925 2507 3994 suscepit,
2546 3928 2723 3995 palam
2787 3944 2898 3982 non
2970 3933 3199 3994 accessi,
3244 3937 3483 3990 rationes
3535 3951 3670 4003 quas

2091 4018 2310 4086 quidem
2361 4018 2576 4073 silentio
2638 4031 2920 4089 praetereo,
2955 4039 3114 4079 nemo
3148 4035 3198 4080 te
3258 4027 3452 4082 melius
3498 4028 3665 4091 novit,

2090 4109 2526 4179 quandoquidem
2560 4127 2680 4180 qua:
2731 4122 2858 4168 tunc
2886 4114 2939 4168 in
2966 4116 3151 4171 animo
3191 4117 3467 4178 haberem.
3500 4121 3669 4174 confi-

2089 4202 2282 4256 denter
2331 4203 2674 4258 tnanifestavi
2737 4205 2857 4271 tibi,
2885 4215 2938 4260 et
2990 4210 3340 4264 excus:ttione
3391 4212 3551 4271 facta.
3583 4229 3671 4267 ve-

2091 4293 2234 4346 niam
2257 4308 2300 4360 ,a
2334 4301 2382 4348 te
2411 4305 2735 4350 consecutus
2786 4312 2929 4353 sum.
2966 4299 3160 4353 Verum
3197 4301 3284 4354 Dei
3321 4303 3524 4355 auxilio
3557 4305 3669 4359 ltmc

2089 4385 2271 4439 omnia
2303 4385 2414 4450 jam
2448 4389 2770 4453 contempsi,
2800 4404 2992 4456 tneque
3029 4393 3373 4444 manifestum
3409 4396 3667 4462 et’pnbli-

2089 4489 2211 4528 cum
2251 4476 2494 4529 veritatis
2538 4475 2880 4531 defensorem
2921 4483 3218 4542 constitui,
3249 4494 3463 4549 patrum
3522 4502 3668 4539 meo-

2090 4583 2207 4619 rnm
2260 4567 2510 4633 dogmata
2570 4566 2997 4635 orthodoxaaquc
3055 4571 3173 4624 fidei
3223 4573 3504 4625 veritatem
3538 4579 3665 4630 abs-

2089 4674 2196 4726 que
2249 4657 2355 4708 ulla
2386 4656 2821 4710 dissimulatione
2851 4661 3152 4712 secundum
3194 4665 3500 4717 sanctitatis
3559 4673 3665 4720 tut:

409 4743 546 4815 στὴν
572 4743 756 4807 ἔταξα,
787 4743 930 4797 ὥστε
957 4742 1025 4796 τά
1059 4744 1168 4796 τῶν
1197 4745 1419 4814 πατρῶν
1453 4762 1554 4815 μου
1583 4746 1854 4816 δόγματα,
1890 4749 1983 4800 καὶ
2017 4777 2035 4830 ι

2095 4748 2427 4818 propositum
2485 4750 2929 4805 annuntiaturns.
2982 4751 3164 4821 Neque
3217 4756 3330 4808 tunc
3370 4756 3492 4808 dico
3547 4766 3667 4811 tan-

405 4837 505 4904 τὴν
530 4834 632 4903 τῆς
656 4835 968 4903 ὀρθοδοξίας
997 4836 1284 4905 ἀκρίϐειαν
1313 4837 1689 4898 ἀνυποστόλως
1730 4839 1981 4906 διαγγέλ-

404 4926 521 4979 λειν
545 4927 684 4979 κατὰ
711 4926 804 4979 τὸν
837 4926 1039 4980 σκοπὸν
1069 4927 1168 4995 τῆς
1204 4928 1303 4994 σῆς
1340 4931 1601 4998 μεγίστης
1646 4931 1980 5001 ἁγιωσύνης.

405 5018 568 5086 Λέγω
593 5017 650 5071 δὲ
675 5017 846 5072 ταῦτα
866 5019 964 5087 οὐχ
995 5017 1069 5079 ὡς
1097 5020 1236 5089 ὀρῶν
1265 5020 1364 5088 τὴν
1394 5020 1638 5090 μεγάλην
1664 5021 1981 5092 ἁγιωσύνην

405 5125 505 5161 σου
564 5107 814 5161 ἐντεῦθεν
874 5107 1212 5162 ἀπελθόνταο
1255 5110 1352 5162 οὐκ
1401 5109 1482 5162 ἔτι
1519 5110 1624 5179 γὰρ
1655 5113 1752 5173 τὰς
1797 5113 1981 5164 τελευ-

400 5197 565 5260 ταίας
619 5197 839 5260 ἐλπίδας
900 5198 1284 5268 ἀπεϐάλομεν·
1335 5201 1646 5273 θαρροῦμεν
1689 5203 1746 5255 δὲ
1780 5203 1872 5255 ἐπὶ
1901 5204 1980 5273 τῷ

400 5291 527 5360 θεῷ
577 5292 1035 5361 περιγενήσεσθαί
1087 5311 1143 5345 σε
1199 5295 1300 5363 τῆς
1331 5295 1512 5360 νόσου,
1550 5297 1642 5348 καὶ
1693 5297 1790 5350 σὺν
1846 5297 1978 5365 ἡμῖν

399 5381 644 5447 ἔσεσθαι,
683 5385 776 5436 καὶ
807 5382 924 5453 ἅμα
955 5385 1021 5437 τὰ
1057 5385 1280 5439 τοιαῦτα
1309 5387 1807 5456 ὲπεξεργάσασθαι.
1833 5388 1895 5439 Ei
1925 5387 1982 5439 δέ

400 5491 464 5541 γε
489 5475 752 5544 κρίμασιν
775 5471 854 5540 οἷς
879 5472 984 5529 οἵδε
1003 5477 1133 5541 Θεδς
1157 5478 1406 5532 ἐντεῦθεν
1423 5479 1819 5550 ἀποδημήσεις,
1846 5480 1981 5549 πρὸς

397 5566 458 5617 ὃν
486 5567 792 5636 ἡτοίμασας
823 5568 973 5636 αὐτῷ
1001 5570 1161 5622 τόπον
1190 5574 1288 5639 τῆς
1323 5572 1682 5634 ἀναπαύσεως
1706 5575 1981 5641 πληροφο-

401 5657 538 5725 ρῶν,
567 5659 715 5725 λέγω
741 5675 822 5712 σοι
855 5660 1088 5715 ἐνώπιον
1117 5662 1212 5715 τοῦ
1238 5663 1373 5716 Θεοῦ
1405 5666 1498 5717 καὶ
1533 5665 1641 5717 τῶν
1671 5664 1841 5732 ἁγίων
1873 5666 1976 5731 ἀγ-

398 5748 576 5814 γέλων
599 5750 707 5799 τῶν
724 5750 970 5819 ἀοράτως
1009 5753 1434 5822 παρισταμένων
1459 5755 1550 5807 νῦν
1573 5757 1726 5822 ἡμῖν,
1753 5755 1845 5806 καὶ
1868 5753 1973 5806 τῶν

401 5839 846 5910 καθευρεθέντων
892 5844 1123 5900 ἐνταῦθα
1154 5845 1360 5900 πολλῶν
1410 5847 1499 5901 καὶ
1552 5847 1844 5915 ἀξιολόγων
1878 5849 1972 5902 ἀν·

2086 4854 2249 4912 quam
2283 4846 2333 4890 te
2362 4853 2424 4891 ex
2468 4838 2569 4893 hoc
2603 4841 2806 4895 mundo
2827 4842 3117 4896 abeuntem
3148 4843 3359 4906 videns,
3393 4860 3490 4896 nec
3514 4847 3661 4898 enim

2085 4951 2235 5004 spem
2273 4937 2518 4990 ultimam
2573 4934 2871 5004 abjecimns
2902 4952 2921 4999 ,'
2950 4934 3058 4988 imo
3121 4935 3441 5008 confidimus
3495 4947 3547 4990 te
3596 4952 3662 4992 ex

2085 5029 2189 5082 ltoc
2217 5029 2406 5080 morbo
2435 5025 2925 5088 convalescentem,
2961 5025 3202 5079 futurum
3249 5028 3427 5081 adhuc
3481 5029 3662 5084 nobis-

2083 5134 2229 5181 cum,
2263 5127 2316 5172 et
2341 5118 2502 5174 simul
2535 5118 2650 5170 bace
2672 5119 2850 5170 omnia
2873 5127 3275 5174 exsecuturum.
3307 5120 3461 5185 Quod
3494 5123 3539 5176 si
3572 5139 3663 5175 ne-

2086 5207 2248 5262 cnltis
2278 5207 2498 5275 judiciis
2525 5221 2645 5275 qua:
2673 5206 2812 5259 Deus
2842 5207 3010 5271 novit,
3043 5208 3170 5262 hinc
3211 5207 3276 5261 ad
3328 5208 3528 5277 quietis
3585 5212 3661 5261 lo-

2087 5312 2209 5350 cum
2244 5311 2405 5365 quem
2446 5295 2645 5363 paraSti
2704 5296 2820 5362 tibi,
2853 5297 3164 5367 [emigrare
3225 5300 3527 5366 contingat,
3563 5301 3656 5351 tilui

2085 5387 2388 5444 certissime
2423 5387 2629 5440 allirtno
2661 5399 2847 5440 coram
2907 5388 3014 5442 Deo
3063 5399 3117 5442 et
3171 5389 3371 5443 sanctis
3431 5389 3656 5455 angelis,

2085 5480 2175 5548 qui
2206 5493 2350 5532 nunc
2383 5478 2539 5532 nobis
2564 5478 2910 5531 invisibiliter
2929 5480 3214 5539 assistunt,
3248 5489 3304 5532 et
3329 5478 3511 5529 multis
3546 5477 3657 5527 cla-

2084 5571 2423 5638 rissimisque
2454 5570 2600 5634 viris,
2631 5570 2723 5637 qni
2764 5570 2849 5622 hic
2876 5576 3077 5630 astant,
3119 5585 3203 5621 ure
3240 5579 3330 5620 tuo
3356 5566 3476 5618 loro
3516 5565 3657 5618 iutu-

2085 5678 2228 5722 rum,
2258 5672 2309 5716 et
2338 5671 2593 5730 tanquam
2640 5677 2734 5712 ore
2771 5670 2883 5725 tuo,
2919 5675 3258 5726 quwennqne
3292 5658 3656 5723 amplecteba-

2081 5755 2158 5808 ris
2187 5764 2238 5808 et
2260 5753 2512 5816 docvbas,
2545 5752 2916 5818 amplcxurum
2964 5760 3017 5803 et
3073 5749 3446 5810 defensurum,
3478 5750 3654 5800 omni-

2082 5850 2288 5919 [Iusque
2353 5847 2796 5902 annuutialurunt
2862 5863 2873 5898 :
2933 5844 3066 5899 nihil
3151 5843 3371 5898 omnino
3463 5856 3651 5894 eorum
