4170 6294
304 364 404 424 541

1303 361 1667 423 EPISTULA
1726 361 1824 423 DE
1874 361 2607 424 PBIEDESTINATIUNE

3455 365 3556 428 542

303 476 480 544 μηδὲν
511 475 910 545 ἀποκρίνεσθαι
947 478 1075 547 περὶ
1105 470 1181 531 ὧν
1215 477 1542 544 ὲπυνθάνου,
1575 478 1801 549 συνήθει
1832 478 1888 532 δὲ

2022 484 2220 552 [uident
2256 484 2388 537 nihil
2420 483 2486 537 ad
2517 498 2579 537 ea
2610 483 2964 554 respondere,
2991 484 3058 540 de
3106 483 3305 554 quibus
3337 499 3566 554 percun-

312 570 495 636 τραφῇ
526 566 585 618 τὸ
612 567 710 636 τῆς
733 569 949 632 εὐνοίας
970 570 1126 638 χρέος
1157 568 1420 639 πληροῦν.
1463 570 1522 622 Ὁ
1549 569 1659 639 γὰρ
1684 570 1882 638 ἡμέτε-

304 672 400 724 ρος
437 656 630 724 καιρὸς
659 655 753 708 καὶ
791 657 902 710 τῶν
929 659 1214 728 ἡμετέρων
1255 656 1428 728 ᾤχετο
1455 657 1652 726 λόγων,
1684 657 1886 728 μᾶλλον

307 745 368 798 δὲ
428 747 627 809 παντὸς
660 747 889 815 ἀγαθοῦ,
923 750 1016 802 καὶ
1059 750 1139 802 δεῖ
1167 750 1265 819 τὴν
1323 750 1566 819 ἐσχάτην
1608 750 1886 820 ἀμορφίαν

312 838 410 890 τοῦ
443 838 631 904 γένους
660 839 718 891 ὲν
744 838 946 892 ἅπαντι
973 842 1262 910 πράγματι
1307 841 1655 912 καθημένους
1686 842 1746 894 ἐν
1779 859 1888 909 γω-

315 928 407 997 νίᾳ
461 944 562 979 που
619 926 839 998 θρηνεῖν
890 932 1090 998 σιωπῇ,
1142 930 1239 983 καὶ
1285 929 1385 1001 τὴν
1439 931 1743 998 ἀπαγωγὴν
1787 929 1888 1000 τῆς

315 1017 566 1088 τοιαύτης
595 1016 926 1082 ἐξαιτεῖσθαι
949 1020 1116 1089 ζωῆς,
1141 1021 1342 1074 ὁπόταν
1367 1021 1596 1092 ὲπινεύῃ
1623 1022 1684 1074 τὸ
1710 1022 1886 1077 Θεῖον.

330 1109 471 1163 Ἀλλ’
501 1112 533 1180 ἡ
559 1110 694 1180 πρὸς
721 1112 811 1165 τὸν
840 1111 1014 1180 μέγαν
1039 1112 1319 1166 Βασίλειον
1341 1111 1504 1176 αἰδὼς
1535 1113 1890 1184 κατηνάγκα-

313 1215 430 1253 σεν.
480 1199 704 1268 Ἐκείνῳ
753 1200 936 1254 τοίνυν
965 1202 1109 1272 ἔχοις
1145 1203 1213 1258 ἂν
1256 1203 1355 1273 τὴν
1387 1204 1565 1274 χάριν,
1597 1207 1696 1275 οὐχ
1739 1205 1890 1275 ὑμῖν,

310 1293 546 1360 ταυτησὶ
580 1292 677 1360 τῆς
706 1293 1026 1360 ἀπολογίας.

1988 583 2169 631 ctatus
2216 574 2421 640 fueras,
2458 574 2552 630 sed
2590 585 2848 631 consueta
2883 575 3244 646 familiarique
3268 578 3566 643 scriptione

1987 669 2394 724 benevolentiae
2451 667 2692 724 debitum
2752 667 3141 738 persolvendo,
3197 668 3296 724 tibi
3340 668 3565 724 satisfa-

1990 777 2134 820 cere.
2171 761 2380 817 Etenim
2411 769 2776 830 opportunum
2826 768 3038 828 tempus
3084 765 3140 812 et
3186 761 3389 814 nostris
3437 775 3568 812 con-

1991 873 2205 913 cessum
2245 855 2588 912 sermonibus
2629 854 2907 925 praateriit,
2960 855 3070 908 imo
3115 854 3292 922 potius
3327 854 3568 918 cujusvis

1993 951 2120 1006 boni
2161 947 2379 1005 occasio
2417 965 2432 1003 :
2463 947 2592 1016 quin
2620 953 2924 1001 extremam
2960 947 3136 1017 gentis
3170 943 3566 1018 deformitatem

1995 1043 2052 1097 in
2095 1042 2243 1096 omni
2276 1041 2492 1111 negotio
2515 1039 2864 1094 considentes
2895 1039 2948 1091 in
2976 1036 3174 1107 angulo
3197 1036 3381 1106 lugere
3413 1034 3573 1088 tacite

1994 1133 2193 1190 alicubi
2224 1139 2467 1202 praestat,
2512 1138 2566 1185 et
2625 1130 3001 1185 avocationem
3043 1129 3111 1183 ab
3154 1126 3423 1195 ejusmodi
3461 1126 3572 1178 vita

1994 1237 2310 1294 exposcere,
2355 1221 2576 1291 quando
2602 1219 2814 1275 Numen
2847 1220 3062 1275 annuit.
3092 1220 3196 1274 Sed
3231 1219 3531 1273 reverentia
3559 1254 3574 1278 ,

1994 1329 2098 1382 qua
2152 1313 2412 1367 Basiliam
2467 1313 2718 1382 Magnum
2767 1325 3093 1381 prosequor,
3129 1310 3195 1365 ad
3235 1308 3578 1378 responden-

1995 1404 2124 1459 dum
2162 1405 2362 1474 coegit.
2391 1392 2660 1469 Quocirca
2695 1402 2924 1474 gratiam
2962 1403 3038 1456 illi
3068 1403 3264 1458 habere
3291 1411 3443 1471 potes
3470 1399 3576 1454 bu-

1992 1495 2083 1566 jus
2115 1494 2408 1564 Apologiae,
2443 1507 2550 1548 non
2580 1504 2759 1548 autent
2796 1492 2978 1547 nobis.

2072 1584 2366 1639 Enimvero
2412 1600 2648 1654 magnus
2701 1585 2955 1642 Ecclesiae
3001 1585 3193 1639 doctor
3226 1583 3303 1637 ait
3331 1583 3577 1639 alicubi:

2007 1698 2026 1731 ι
2067 1677 2268 1732 Mortes
2318 1687 2498 1732 autem
2549 1677 2924 1742 inducuntur,
2980 1676 3231 1731 terminis
3266 1675 3389 1729 vitm
3424 1675 3587 1729 abso.

553 1765 1722 1863 ξτίξίῗξεῗξξῖςΔουξιτξξβιᾶξξξῖτῖἳ,ξτξηξξξ
1747 1765 1787 1863 τί
1810 1765 1893 1863 ᾖξ’
1927 1804 1968 1863 Β
1999 1768 2149 1831 Iutis,
2181 1781 2318 1836 quos
2347 1767 2490 1822 circa
2518 1781 2964 1837 unumquemque
2995 1767 3112 1821 ﬁxit
3138 1767 3342 1838 justum
3380 1766 3470 1819 Dei
3500 1765 3587 1833 ju-

311 1837 456 1890 καία
486 1838 579 1889 τοῦ
606 1837 741 1889 Θςοῦ
779 1839 982 1908 κρίσις,
1015 1837 1299 1908 πόῤῥωθεν
1328 1839 1388 1891 τὸ
1417 1840 1542 1908 περὶ
1571 1840 1720 1908 ἡμᾶς
1756 1855 1892 1907 συμ-

2022 1860 2219 1926 licium,
2246 1860 2455 1914 eminus
2482 1861 2628 1930 quod
2681 1861 2836 1916 nobis
2863 1860 3120 1915 conducit
3147 1858 3581 1931 prospicientis.»

314 1930 490 1998 φέρον
511 1927 1007 1996 προϐλεπομένου.»
1051 1929 1121 1981 Σὺ
1139 1929 1218 1993 δὲ,
1241 1931 1503 1983 ὁσιώτατε
1524 1929 1618 1982 καὶ
1646 1929 1892 1997 φίλτατε,

2022 1947 2077 2002 l‘u
2109 1964 2260 2015 vero,
2289 1950 2634 2004 sanctissime
2667 1958 2722 2004 et
2751 1949 3106 2014 amicissime,
3151 1950 3342 2003 audire
3387 1950 3588 2002 multos

313 2018 545 2073 ἀκούειν
593 2017 776 2086 λέγεις
831 2017 1065 2084 πολλῶν,
1111 2019 1325 2082 πολλοῖς
1369 2020 1760 2089 ἐπιχειρήμασι
1821 2018 1898 2088 μὴ

2022 2041 2161 2108 licis,
2205 2041 2296 2110 qui
2337 2042 2586 2111 pluribus
2611 2043 2715 2096 hoc
2754 2043 3093 2111 argumentis
3125 2042 3459 2112 improbant,
3498 2054 3582 2093 re-

399 1561 462 1614 'O
514 1561 615 1631 μὲν
664 1560 776 1632 γὰρ
815 1564 990 1632 μέγας
1045 1565 1145 1632 τῆς
1186 1564 1515 1634 Ἐκκλησίας
1572 1564 1892 1628 διδάσκαλος

313 1654 458 1724 φησί
489 1671 616 1722 που,
667 1673 687 1706 ι
731 1654 960 1708 Θάνατοι
991 1655 1049 1708 δὲ
1085 1655 1410 1724 ἀπάγονται,
1462 1657 1572 1711 τῶν
1606 1657 1748 1727 ὅρων
1795 1656 1896 1725 τῆς

311 1745 468 1814 ζωῆς
507 1745 929 1815 πληρωθέντων,
959 1745 1054 1810 οὒς
1083 1748 1214 1817 περὶ
1243 1747 1476 1801 ἕκαστον
1523 1747 1722 1816 ἔπηξεν
1747 1749 1780 1818 ἡ
1810 1746 1893 1801 δι-

315 2113 591 2167 θελόντων
646 2109 827 2176 τοῦτο,
857 2109 991 2180 μηδὲ
1037 2109 1366 2180 δεχομένων.
1398 2112 1560 2165 Ὅθεν
1608 2112 1700 2165 καί
1745 2128 1897 2173 τινας

315 2208 509 2261 αὐτῶν
538 2206 630 2259 τὸν
677 2207 851 2277 μέγαν
897 2207 1323 2277 ὲξαιτιωμένους
1374 2208 1468 2260 ἐπὶ
1511 2195 1710 2276 τούτω
1737 2203 1898 2258 Βασί-

316 2301 491 2366 λειον,
545 2300 749 2368 λέγειν,
789 2299 866 2363 ὡς
906 2301 971 2353 ἐκ
1016 2299 1110 2352 τοῦ
1151 2301 1496 2368 παρήκοντος
1548 2296 1700 2352 εἶπεν
1730 2297 1898 2361 οὕτω,

323 2392 426 2444 καὶ⁵
454 2391 520 2443 δι’
550 2390 818 2458 ὠφέλειαν
848 2391 956 2443 τῶν
983 2390 1102 2443 τότε
1137 2390 1346 2443 ἐκείνου
1380 2389 1706 2444 ἀκουόντων.
1745 2383 1901 2442 Εἶναι

326 2483 435 2551 μὲν
463 2480 688 2543 πολλοὺς
721 2480 850 2542 τοὺς
873 2479 1045 2533 ταῦτα
1075 2479 1330 2548 λέγοντας
1376 2481 1528 2534 οὐδὲν
1564 2481 1902 2550 θαυμαστόν.

323 2574 416 2626 Τά
467 2573 571 2642 γὰρ
607 2572 725 2625 θεῖα
777 2572 872 2624 καὶ
923 2570 1102 2640 ὑψηλά
1142 2575 1238 2626 καὶ
1293 2571 1611 2642 φιλοσοφίας
1661 2572 1906 2642 γέμοντα

323 2667 460 2728 τοὺς
493 2663 722 2725 πολλοὺς
769 2661 1150 2733 διαπέφευγεν.
1213 2661 1350 2716 υθεν
1408 2663 1529 2715 οὐδὲ
1584 2662 1691 2733 χρὴ
1734 2664 1906 2716 ποιεῖ-

328 2759 460 2812 σθαι
489 2759 621 2828 πρὸς
651 2759 890 2821 ἐκείνους
915 2759 1074 2826 λόγον
1097 2757 1308 2812 οὐδένα.
1335 2759 1401 2811 Σὲ
1425 2759 1478 2810 δὲ
1503 2757 1718 2821 εὐνοίας
1741 2757 1908 2809 ἕνεκα

326 2854 414 2922 τῷ
453 2853 673 2922 μεγάλῳ
727 2851 1066 2922 συνιστὼμεν
1113 2853 1309 2919 Πατρὶ,
1361 2853 1458 2904 καὶ
1501 2851 1576 2919 τῷ
1625 2851 1722 2921 τὴν
1758 2849 1910 2920 ἱερὰν

331 2945 552 2999 ἐκείνου
597 2945 778 3014 ψυχὴν
813 2944 1112 3011 φωτίσαντι
1149 2943 1450 3013 Πνεύματι.
1487 2944 1669 2996 Ἔστω
1714 2940 1792 3006 δὲ,
1835 2940 1912 3002 ὡς

330 3038 490 3094 αὐτοί
517 3054 700 3104 φασιν,
740 3039 802 3089 ὲκ
835 3035 930 3088 τοῦ
967 3038 1308 3104 παρήκοντος
1335 3022 1606 3102 θεολογεῖν
1647 3050 1768 3086 τινα
1801 3032 1912 3083 τῶν

2001 2133 2180 2188 futant
2209 2148 2272 2187 ac
2304 2132 2589 2201 repudiant
2623 2149 2637 2186 :
2668 2133 2799 2202 quin
2840 2134 3002 2187 etiam
3034 2148 3224 2187 eorum
3292 2131 3588 2186 nonnullos

2002 2224 2084 2280 ais
2114 2224 2185 2280 de
2228 2223 2430 2279 Basilio
2459 2238 2656 2294 magno
2685 2223 2754 2278 ob
2786 2223 2838 2276 id
2887 2225 3324 2293 expostulantes,
3359 2238 3591 2290 queren-

2006 2327 2210 2387 tesque‘
2238 2316 2421 2372 dicere
2448 2317 2626 2383 illum,
2664 2315 2819 2386 quasi
2851 2316 2995 2371 aliud
3032 2317 3261 2387 agendo,
3294 2326 3346 2370 et
3373 2325 3592 2385 propter

2003 2410 2433 2465 emolumentum
2462 2424 2651 2463 eorum
2683 2410 2777 2478 qui
2813 2410 3144 2478 tunc-ipsum
3170 2408 3485 2471 audiebant,
3517 2406 3593 2460 ita

2005 2503 2108 2558 hoc
2130 2500 2462 2557 enuntiasse.
2495 2499 2649 2566 Quod
2680 2500 2832 2554 multi
2863 2501 2973 2556 sint
2998 2500 3088 2570 qui
3134 2500 3251 2555 haec
3288 2498 3595 2570 proferunt,

2006 2593 2144 2648 nihil
2171 2592 2366 2645 mirum
2402 2598 2483 2646 est
2515 2608 2531 2645 :
2564 2605 2691 2644 nam
2731 2589 2913 2643 divina
2942 2597 2996 2644 et
3029 2590 3283 2645 sublimia
3314 2599 3369 2644 et
3419 2589 3600 2658 philo-

2011 2683 2254 2751 sophicis
2327 2680 2634 2736 rationibus
2703 2681 2974 2734 cumulata
3043 2681 3284 2749 plebeios
3353 2678 3596 2750 fugiunt.

2018 2775 2200 2840 Quare
2229 2785 2296 2828 ne
2337 2771 2502 2826 verba
2546 2771 2766 2839 quidem
2803 2772 2911 2824 ulla
2943 2786 3066 2824 cum
3112 2771 3180 2825 iis
3213 2770 3598 2825 commutanda

2014 2871 2162 2920 sunt.
2188 2862 2264 2918 Te
2303 2877 2435 2917 vero
2485 2863 2875 2917 benevolentiae
2909 2876 3074 2917 causa
3110 2876 3310 2930 magno
3342 2861 3604 2915 concilia-

2017 2969 2139 3009 mus
2171 2953 2337 3019 Patri,
2364 2961 2419 3009 et
2452 2954 2547 3022 qui
2577 2968 2792 3008 sacram
2820 2952 2967 3007 illius
2995 2953 3234 3005 animam
3279 2951 3598 3015 illustravit,

2020 3047 2273 3117 Spiritui.
2310 3045 2440 3101 Esto
2472 3061 2623 3109 sane,
2659 3057 2717 3101 ut
2745 3045 2833 3102 isti
2872 3047 3079 3109 dicunt,
3117 3046 3356 3115 aliquem
3392 3060 3422 3099 e
3458 3043 3604 3099 veris

330 3132 557 3201 ἀληθῶν
593 3129 883 3197 θεολόγων,
909 3127 1046 3181 ἀλλὰ
1069 3125 1240 3196 ψευδῆ
1272 3125 1541 3193 θεολογεῖν
1569 3124 1668 3194 οὐχ
1693 3119 1804 3176 οἷόν
1833 3139 1915 3185 τε,

2022 3147 2070 3194 et
2102 3147 2251 3191 tanto
2284 3137 2502 3191 nomine
2533 3137 2714 3205 dignis
2740 3137 3011 3204 theologis
3054 3136 3120 3190 de
3181 3136 3288 3189 Deo
3339 3143 3392 3189 et
3443 3135 3605 3189 rebus

333 3224 468 3279 οὔτε
499 3221 801 3293 προῦργου,
821 3219 934 3273 οῠτ’
958 3220 1021 3271 ὲκ
1039 3217 1136 3271 τοῦ
1169 3219 1512 3287 παρήκοντος
1535 3213 1915 3281 θεολογοῦντα.

339 3317 581 3386 Ἔμελλε
631 3315 688 3368 δὲ
728 3317 792 3368 ἐκ
840 3312 932 3367 τοῦ
984 3312 1327 3381 παρήκοντος
1378 3308 1649 3374 θεολογείν
1695 3322 1829 3358 ποτε
1891 3304 1920 3355 ὁ

336 3407 526 3476 πάσης
565 3406 837 3476 προσοχῆς
895 3404 990 3457 καὶ
1033 3399 1320 3472 ἀκριϐείας
1371 3397 1571 3459 κανὼν,
1623 3393 1919 3448 καὶταῦτα

338 3501 480 3568 περὶ
527 3499 788 3567 μεγίστου
834 3496 1126 3564 δόγματος,
1171 3493 1267 3545 καὶ
1321 3491 1401 3553 είς
1449 3489 1509 3540 τὸ
1539 3486 1793 3556 δεύτερον
1823 3485 1921 3554 τῆς

341 3593 588 3652 πίστεως
645 3590 942 3656 ἀνήκοντος
989 3585 1214 3655 ἄρθρον,
1251 3584 1346 3636 καὶ
1398 3581 1466 3635 δι’
1501 3579 1768 3648 ὠφέλειαν
1813 3577 1922 3630 τῶν

342 3678 656 3737 ἀκουόντων
692 3676 883 3746 ἔμελλε
917 3674 1089 3744 ψευδῆ
1143 3672 1459 3742 προτιθέναι
1493 3671 1779 3739 δόγματα;
1829 3667 1924 3720 καὶ

343 3773 588 3841 ὠφέλεια
636 3771 746 3824 τῶν
772 3768 1079 3822 ἀκουόντων
1117 3765 1184 3820 ἂν
1219 3760 1310 3834 ἦν,
1342 3763 1429 3817 ἴνα
1466 3765 1594 3832 περὶ
1616 3761 1676 3814 τὸ
1708 3759 1841 3830 ἦθός
1870 3775 1924 3811 τι

348 3865 594 3937 βελτίους
622 3863 914 3930 γινόμενοι,
947 3858 1307 3928 ψευδοδοξῶσι
1357 3857 1487 3926 περὶ
1517 3853 1652 3908 Θεοῦ
1685 3853 1924 3907 καὶτῶν

345 3959 555 4019 θείωνς
601 3955 695 4008 καὶ
747 3952 970 4020 ὠφελῶν
1019 3949 1211 4010 ἄλλους
1255 3951 1312 4001 ὲν
1365 3948 1604 4016 μικροῖς,
1659 3945 1926 3998 ἔϐλαπτεν

349 4049 546 4102 ἑαυτὸν
577 4051 632 4100 ὲν
655 4047 768 4107 τοῖς
800 4043 1076 4113 μεγίστοις
1105 4040 1246 4094 ἑκὼν
1287 4040 1418 4110 περὶ
1457 4039 1567 4091 τῶν
1600 4039 1762 4091 θείων
1791 4037 1928 4107 ψευ-

349 4141 600 4209 δόμενος,
639 4138 732 4190 καὶ
760 4135 931 4188 ταῦτα
964 4133 1099 4201 μηδὲ
1132 4133 1269 4202 πρὸς
1295 4130 1468 4200 δῆμον
1500 4132 1592 4183 τὸν
1626 4129 1783 4197 λόγον
1810 4146 1928 4181 ποι-

351 4235 608 4302 ούμενος,
643 4231 757 4284 ἀλλ’
790 4230 895 4298 ἰδίᾳ
923 4227 1038 4280 τισὶ
1070 4225 1523 4294 πεπαιδευμένοις
1557 4241 1614 4276 τε
1656 4224 1754 4276 καὶ
1785 4238 1929 4292 παρ-

354 4323 676 4381 ακολουθεῖν
709 4320 1050 4389 δυναμένοις,
1084 4319 1180 4371 καὶ
1234 4317 1340 4387 μὴν
1397 4316 1562 4369 παντὶ
1612 4313 1930 4382 συλλογιζο-

356 4419 530 4486 μένῳ,
565 4415 612 4467 εί
648 4415 742 4468 καὶ
771 4413 974 4474 σκοπός
1005 4414 1123 4464 ἐστι
1153 4409 1215 4463 τὸ
1261 4409 1656 4478 συμπέρασμα,
1686 4406 1802 4459 ἀλλ’
1831 4407 1931 4458 οὐκ

352 4511 425 4561 ὲκ
450 4505 546 4558 τοῦ
574 4503 920 4573 παρήκοντος
948 4503 1003 4553 at
1034 4500 1328 4570 προτάσεις
1366 4496 1755 4566 λαμϐάνονται.
1788 4495 1932 4562 Πρὸς

352 4599 415 4652 δὲ
444 4597 536 4650 τὸν
585 4596 766 4662 λόγον,
811 4594 907 4646 καὶ
957 4593 1056 4661 τὴν
1101 4591 1222 4642 κατ’
1253 4587 1415 4640 αὑτὸν
1463 4585 1720 4656 ἀλήθειαν
1749 4584 1935 4646 ἁπλῶς

354 4688 627 4759 δηλονότι,
655 4687 817 4742 αὗται
848 4685 944 4740 καὶ
975 4683 1176 4754 μᾶλλόν
1203 4682 1308 4733 εἰσι
1364 4678 1668 4750 προῦργου,
1700 4676 1775 4738 ὡς
1804 4677 1934 4730 ἀνευ

357 4782 543 4838 αὐτῶν
580 4779 842 4834 ἀδύνατον
890 4773 1307 4844 συμπεραίνειν.
1356 4770 1412 4825 ’0
1447 4771 1504 4824 δὲ
1547 4772 1644 4839 τῆς
1683 4768 1938 4843 ἀληθείας

358 4873 685 4934 διδάσκαλος
709 4874 771 4923 ὲκ
795 4868 891 4922 τοῦ
918 4869 1263 4936 παρήκοντος
1297 4864 1586 4932 ποιήσεται
1617 4861 1711 4913 καὶ
1735 4878 1807 4911 πα
1819 4860 1941 4929 ρέρ-

359 4983 479 5034 γως
511 4964 612 5033 τὴν
647 4965 710 5014 ὲκ
735 4959 844 5013 τῶν
885 4958 1046 5011 θείων
1090 4955 1288 5023 λογίων
1319 4951 1596 5038 ἀπόξειξιν
1623 4968 1637 5016 ;
1684 4953 1732 5005 εί
1759 4951 1815 5004 δὲ
1848 4951 1942 5003 καὶ

361 5059 431 5110 ἐκ
478 5054 554 5123 μὴ
611 5051 847 5121 ἀληθῶν,
902 5047 963 5100 τὸ
1006 5049 1191 5100 πείσαι
1242 5047 1412 5114 μόνον
1457 5045 1701 5106 σκοπῶν,
1735 5042 1815 5094 ἔτι
1844 5042 1942 5110 τῆς

363 5145 625 5214 ἀληθείας
668 5143 823 5194 ἔσται
874 5133 1214 5203 διδάσκαλος,
1245 5137 1277 5206 ἢ
1305 5137 1585 5204 σοφισταῖς
1618 5133 1940 5203 ἐναρίθμιος

367 5236 616 5308 μᾶλλονς
656 5233 722 5287 Et
777 5234 955 5284 τοίνυν
987 5231 1051 5281 ὲκ
1104 5229 1200 5297 τῆς
1233 5227 1486 5296 οὐρανίου
1542 5225 1947 5294 προδιατάξεως

368 5325 502 5397 περὶ
534 5325 633 5395 τῆς
684 5322 1030 5390 ἀνθρωπίνης
1060 5319 1200 5388 ζωῆς
1249 5335 1308 5369 τε
1344 5320 1435 5368 καὶ
1486 5315 1760 5382 τελευτῆς,
1795 5313 1936 5364 κατά

370 5438 430 5471 τε
467 5419 660 5488 χρόνον
692 5419 786 5469 καὶ
828 5413 1028 5484 τρόπον
1069 5414 1094 5464 ὁ
1129 5414 1302 5480 μέγας
1350 5409 1509 5480 ἤθελε
1558 5408 1790 5471 πείθειν,
1831 5407 1949 5478 μεθ’

371 5512 652 5579 ὑπομονῆς
686 5509 1013 5578 εὐχαρίστου
1059 5508 1246 5574 φέρειν
1282 5503 1380 5574 τὴν
1421 5502 1700 5570 τελευτὴν,
1749 5501 1950 5569 μᾶλλον

373 5607 427 5659 δὲ
478 5603 832 5669 ἀναγκάζειν,
876 5600 948 5661 ὡς
1001 5599 1174 5659 ἄλλως
1223 5600 1514 5666 μέλλοντας
1569 5594 1948 5661 (infimum?)

378 5701 465 5749 t'uv
499 5696 641 5747 θεῖον
663 5691 999 5760 ἀγνοοῦντας
1049 5690 1408 5760 προορισμὸν,
1513 5688 1716 5747 εἰδότας
1757 5688 1849 5739 καὶ
1891 5686 1949 5738 οὐ

378 5789 764 5854 φροντίζον-τας
801 5786 860 5836 ἐκ
920 5783 1214 5852 φιλοζωῖρις
1268 5783 1469 5834 ἑαυτῶν
1511 5799 1563 5832 τε
1603 5780 1694 5833 καὶ
1737 5783 1838 5834 τὼν
1872 5779 1951 5831 οἱ·

2022 3228 2244 3294 diviuis,
2281 3243 2402 3282 cum
2434 3229 2651 3282 licentia
2675 3229 2870 3291 supina
2901 3230 3189 3282 disserere.
3217 3226 3415 3282 Verum
3450 3227 3607 3280 nefas

2021 3328 2106 3374 est
2145 3318 2213 3373 de
2269 3317 2380 3373 Deo
2421 3319 2583 3372 verba
2633 3317 2965 3383 facientem,
3020 3316 3154 3373 falsa
3202 3320 3255 3371 in
3302 3317 3607 3386 theologica

2023 3421 2276 3461 sermone
2305 3407 2616 3470 eimntiare,
2647 3406 2761 3461 sive
2798 3407 2847 3459 id
2881 3422 2911 3460 e
2939 3421 2996 3460 re
3021 3416 3073 3459 et
3095 3422 3158 3460 ex
3192 3405 3455 3473 professo,
3487 3407 3607 3459 sive

2023 3497 2254 3553 remisse
2290 3497 2506 3567 sibique
2556 3497 2890 3566 indulgendo
2919 3505 3062 3566 agat.
3092 3496 3174 3550 Au
3208 3511 3338 3551 vero
3364 3496 3607 3549 futurqu

2023 3601 2160 3653 erat,
2195 3599 2253 3644 ut
2279 3591 2369 3659 qui
2413 3590 2596 3644 omnis
2640 3588 2959 3644 attentionis
2990 3595 3045 3642 et
3079 3595 3282 3641 exactae
3315 3587 3612 3656 diligentiae

2025 3681 2212 3750 regula
2249 3689 2366 3749 est,
2401 3682 2467 3735 de
2501 3681 2611 3735 Deo
2645 3695 2884 3748 unquam
2937 3680 3260 3735 dissertaret
3309 3692 3506 3748 praeter
3557 3681 3609 3735 id

2025 3776 2169 3845 quod
2211 3790 2308 3845 par
2337 3782 2419 3829 est
2452 3791 2466 3830 :
2499 3774 2664 3843 idque
2716 3772 2784 3827 de
2821 3773 3000 3842 magni
3040 3773 3298 3827 momenti
3350 3774 3610 3836 decreto,

2027 3877 2081 3924 et
2115 3869 2260 3936 quod
2292 3868 2358 3919 ad
2387 3866 2686 3921 secundum
2723 3865 2846 3918 ﬁdei
2884 3865 3175 3918 articulum
3222 3863 3460 3918 refertur
3503 3879 3517 3916 :
3552 3879 3615 3919 ac

2030 3969 2249 4030 propter
2301 3958 2643 4012 audientium
2691 3957 3038 4011 commodum
3083 3956 3219 4011 scita
3255 3955 3386 4009 falsa
3421 3969 3616 4024 propo-

2029 4051 2220 4108 neret?
2244 4066 2311 4105 an
2344 4051 2507 4105 etiant
2537 4049 2967 4103 emolumentum
3000 4046 3139 4101 foret
3161 4046 3613 4110 auscultantium,

2029 4153 2088 4198 ut
2129 4158 2254 4198 cum
2275 4141 2484 4196 ratione
2518 4155 2726 4194 morum
2754 4140 3070 4210 ingeniique
3105 4138 3356 4194 meliores
3385 4139 3616 4203 fierent,

2033 4237 2168 4291 falsa
2199 4236 2267 4290 de
2296 4236 2404 4288 Deo
2445 4249 2509 4288 ae
2571 4233 2732 4288 rebus
2773 4231 2973 4288 divinis
3006 4232 3398 4301 opinarentur?
3428 4241 3481 4285 et
3519 4233 3619 4285 do-

2033 4335 2177 4389 ctor,
2214 4326 2348 4380 alios
2376 4324 2430 4378 in
2462 4322 2676 4392 exiguis
2699 4321 2964 4387 iuvando,
3003 4323 3245 4391 seipsum
3279 4321 3335 4373 in
3367 4322 3621 4374 maximis

2036 4417 2181 4471 ultro
2215 4414 2456 4475 lmderel,
2487 4412 2554 4465 de
2580 4409 2786 4465 divinis
2834 4410 3194 4464 mentiendo?
3223 4424 3345 4462 cum
3394 4423 3621 4476 praeser-

2038 4507 2138 4560 tim
2190 4505 2256 4557 ad
2311 4501 2572 4572 populum
2603 4502 2771 4555 verba
2831 4515 2941 4554 non
2989 4497 3209 4562 faceret,
3238 4498 3330 4550 sed
3367 4497 3622 4565 privatim
3712 4530 3714 4532 τ

2040 4595 2181 4665 apud
2204 4575 2448 4648 eruditos
2469 4591 2752 4660 quosdam,
2772 4598 2825 4644 et
2846 4604 2938 4644 eos
2961 4589 3052 4656 qui
3076 4586 3332 4655 subsequi
3365 4596 3622 4655 possent:

2041 4702 2103 4742 ac
2138 4681 2385 4753 profecto
2417 4681 2565 4734 otimi
2598 4689 3043 4751 argumentorum
3082 4677 3386 4732 rationibus
3417 4677 3626 4738 utenti,

2043 4775 2296 4843 quamvis
2329 4785 2528 4840 scopus
2560 4771 2630 4824 sit
2655 4769 2959 4834 conclusio,
2991 4782 3099 4822 non
3133 4767 3340 4820 idcirco
3376 4766 3630 4834 proposi-

2043 4865 2220 4919 tiones
2260 4861 2635 4933 perfunctorie
2665 4868 2723 4914 et
2753 4858 3038 4929 neglectim
3067 4864 3356 4912 sumuntur
3391 4876 3406 4912 :
3444 4857 3536 4911 sed
3563 4856 3631 4909 ad

2044 4956 2313 5010 rationem
2369 4961 2423 5008 et
2457 4953 2736 5006 veritatem
2769 4965 2889 5020 qua:
2934 4947 3232 5003 secundum
3282 4948 3452 5015 ipsam
3507 4954 3635 5018 est;

2047 5047 2274 5100 onmiuo
2304 5043 2646 5113 sumptiones
2674 5043 2754 5096 ha:
2784 5040 2996 5096 scilicet
3031 5039 3202 5108 magis
3240 5053 3270 5093 e
3311 5055 3367 5092 re
3413 5049 3545 5094 sunt
3581 5044 3636 5093 et

2049 5136 2365 5201 conferunt,
2391 5137 2610 5203 quando
2645 5135 2763 5188 sine
2789 5133 2918 5201 ipsis
2949 5129 3286 5199 impossibile
3305 5140 3390 5184 est
3412 5130 3636 5184 conclu-

2049 5229 2202 5283 dere.
2235 5227 2302 5280 At
2333 5226 2577 5281 veritatis
2609 5226 2836 5279 antistes
2864 5222 3138 5279 faceretne
3169 5222 3409 5291 segniter
3441 5235 3502 5274 ac
3544 5235 3636 5274 su-

2052 5334 2389 5390 pervacanee
2414 5334 2444 5372 e
2469 5317 2671 5372 divinis
2695 5317 2933 5371 oraculis
2959 5315 3262 5369 institutam
3298 5314 3637 5367 demonstra-

2056 5411 2296 5467 tionem?
2333 5411 2480 5480 quod
2540 5409 2586 5462 si
2641 5409 2806 5461 etiam
2860 5424 2922 5461 ex
2977 5421 3082 5461 non
3135 5407 3302 5469 veris,
3358 5405 3407 5456 id
3457 5402 3630 5454 solum

2059 5515 2337 5573 spectans,
2367 5511 2424 5555 ut
2453 5502 2800 5571 persuadeat,
2835 5501 3038 5553 siceine
3067 5498 3243 5550 adhuc
3273 5495 3517 5548 veritatis
3542 5493 3637 5542 du-

2057 5606 2175 5650 ctor
2196 5595 2320 5661 erit,
2352 5609 2417 5648 an
2454 5594 2631 5664 potius
2669 5595 2720 5646 in
2743 5592 3108 5660 sophistarum
3135 5590 3314 5641 album
3344 5582 3640 5638 referetur?

2061 5688 2328 5753 Quocirca
2356 5687 2401 5740 si
2425 5702 2453 5738 a
2489 5684 2701 5738 cwlesti
2730 5679 3231 5750 prtecuustitutiune
3256 5677 3324 5729 de
3355 5673 3636 5728 hominum

2065 5781 2170 5836 vita
2195 5789 2246 5835 ct
2281 5778 2454 5841 obitu,
2489 5777 2644 5843 juxta
2668 5783 2881 5842 tempus
2911 5781 2963 5828 et
2995 5770 3240 5837 modum,
3277 5784 3510 5838 magnus
3549 5772 3630 5823 vir
