4170 6294
652 385 759 452 543

1695 379 2083 443 GENNADII
2125 377 2243 445 ΟΡ.
2274 376 2792 441 ΡΑΤΗΙΑΗϐΗι-ιζ

3817 372 3929 436 544

655 496 890 554 suadere
925 494 1119 562 voluit,
1157 508 1282 550 cum
1313 492 1573 565 patientia
1618 504 1887 564 gratoque
1931 494 2117 550 animo
2158 493 2233 550 fe-

2340 488 2508 545 κείων
2549 488 2779 557 ἀλόγου⁶
2827 487 2929 542 ούκ
2979 481 3049 558 ἦν
3098 486 3248 554 αὐτῷ
3295 486 3530 557 μάλιστα
3581 485 3866 557 προῦργου
3899 487 3931 539 ὁ

653 590 881 643 rendam
918 602 1041 644 esse
1083 594 1337 650 mortem,
1382 588 1495 642 imo
1518 586 1682 642 etiam
1717 600 1913 657 cogere
1948 600 2237 658 aggressus

654 687 741 732 cst
779 692 873 731 eos
911 678 1008 747 qui
1050 678 1207 733 aliter
1241 678 1406 748 impie
1436 677 1613 733 acturi
1644 685 1849 741 essent,
1881 689 1976 730 aut
2001 676 2130 747 quia
2153 676 2239 730 di-

653 766 836 821 vinam
867 767 1180 839 ignorarent
1202 768 1742 837 praedestinationem
1783 782 1795 816 :
1840 765 1926 821 vel
1956 781 2080 821 cum
2114 780 2235 819 eam

653 868 1083 929 cognoscerent,
1110 860 1231 930 ejus
1263 869 1444 916 tamen
1476 875 1666 916 curant
1697 858 1964 914 haberent
1998 856 2234 923 nullam,

659 962 770 1019 pm
814 949 1108 1004 temeraria
1158 949 1243 1005 sui
1290 948 1810 1019 suorutttquewitte
1867 946 2163 1017 cupiditate
2220 964 2234 1000 :

658 1053 841 1094 nonne
878 1054 1058 1096 sermo
1094 1040 1163 1095 de
1217 1039 1402 1094 divina
1453 1038 1908 1111 praerdiuatione
1951 1048 2239 1106 susceptus

658 1129 896 1186 maxime
942 1127 1309 1185 conducibilis
1347 1128 1447 1197 ipsi
1499 1136 1657 1191 erat,
1699 1126 1793 1197 qui
1828 1143 1954 1182 cum
2006 1127 2239 1182 veritate

656 1220 888 1274 suadere
915 1219 1171 1276 volebat?
1198 1234 1265 1274 an
1305 1234 1414 1274 non
1446 1220 1609 1274 etiam
1645 1219 2007 1284 discentibus,
2031 1219 2075 1272 si
2113 1217 2236 1295 qui-

654 1310 780 1364 dem
809 1311 1188 1381 ohtemperare
1222 1312 1570 1376 statuissent,
1611 1310 1962 1365 utilissimum
2003 1311 2194 1363 fuisset
2218 1348 2233 1375 ,

654 1414 776 1454 cum
803 1400 873 1456 ob
907 1400 959 1456 id
997 1402 1234 1456 maxime
1258 1401 1722 1469 persuaderentur
1740 1401 1762 1454 ?
1782 1398 2050 1466 Quocirca
2079 1400 2239 1470 plane

657 1492 899 1563 ineptum
937 1504 1022 1549 est
1065 1495 1141 1548 ita
1177 1498 1526 1565 expostulare
1559 1493 1629 1548 de
1673 1509 1738 1548 eo
1773 1492 1864 1561 qui
1899 1491 2048 1547 otnui
2079 1493 2236 1560 culpa

655 1593 834 1638 vacat.
869 1583 1069 1640 Verum
1101 1585 1425 1655 prudentius
1471 1592 1956 1655 conquererentur,
2002 1581 2047 1637 si
2092 1581 2237 1636 dice-

657 1688 781 1732 rent
825 1693 839 1733 :
875 1675 992 1733 Non
1022 1683 1081 1732 ut
1114 1677 1332 1743 doctus,
1363 1678 1581 1747 sapiens
1619 1692 1683 1731 ac
1736 1676 1976 1741 divinus,
2030 1675 2127 1730 sed
2178 1682 2237 1729 ut

2342 581 2470 650 περὶ
2502 579 2600 650 τῆς
2655 580 2807 645 θείας
2860 578 3264 649 πρώιατάξεως
3310 578 3489 645 λόγος.
3519 576 3597 645 τῷ
3649 579 3789 646 μετά
3820 578 3927 646 τῆς

2338 675 2603 742 ἀληθείας
2633 675 2846 727 πείθειν
2870 672 3130 737 ἐθέλοντι,
3163 673 3196 744 ἢ
3246 671 3369 741 οὐχὶ
3394 672 3492 725 καὶ
3520 674 3635 735 τοῖς
3669 673 3927 725 διδασκοο

2342 770 2526 839 μένοις
2560 768 2717 836 εἰπερ
2772 766 3071 837 ⁴Ῑιξειούλοντο
3100 763 3407 829 πείθεσθαι,
3453 764 3927 833 προύργιαίτατον

2339 859 2406 912 ἂν
2436 854 2528 928 ἦν,
2552 859 2626 920 ὡς
2652 858 2741 911 διὰ
2765 856 2925 909 τοῦτο
2951 856 3186 926 μάλιστα
3213 853 3583 923 πειθομένοις,
3603 853 3745 907 ὥστε
3777 856 3923 907 πάνυ

2337 951 2558 1019 χυδαῖον
2602 949 2779 1012 οὕτως
2824 946 3170 1013 ὲξαιτιᾶσθαι
3203 946 3297 998 τὸν
3344 944 3610 1010 καθάπαξ
3653 946 3923 1000 ἀναίτιον.

2352 1042 2513 1096 Ἀλλὰ
2563 1041 2979 1110 φρονιμώτερον
3009 1037 3075 1092 ἂν
3106 1037 3401 1111 ὲξῃτιῶντο
3447 1036 3723 1104 λέγοντες,
3759 1037 3836 1097 ὡς
3874 1040 3925 1090 εἰ

2339 1135 2503 1201 σοφὸς
2538 1129 2607 1203 ἦν
2640 1135 2734 1185 καὶ⁵
2763 1130 2927 1195 θεῖος,
2962 1128 3078 1183 ἀλλ’
3109 1129 3186 1191 ὡς
3230 1127 3518 1197 ἄνθρωπος
3550 1128 3827 1197 ἠγνόησεν
3864 1130 3927 1180 ἐν

2337 1227 2515 1296 τούτῳ
2541 1227 2618 1296 τῷ
2654 1227 2832 1296 μέρει,
2867 1226 2960 1278 καὶ
2995 1223 3095 1277 οὐκ
3127 1222 3367 1293 ἠδυνήθη
3410 1221 3590 1283 καλῶς
3630 1221 3731 1289 τῆς
3782 1221 3926 1289 άλη-

2339 1319 2464 1379 θοῦς
2497 1321 2592 1371 καὶ
2647 1318 2823 1386 σοφῆς
2852 1316 3143 1381 ἐφικέσθαι
3172 1314 3397 1384 γνώμης
3446 1315 3541 1366 καὶ
3566 1313 3924 1383 διακρίσεως.

2349 1410 2490 1463 Ἀλλ’
2510 1411 2627 1463 οὐδὲ
2654 1409 2814 1463 τοῦτο
2844 1408 3005 1476 λόγον
3035 1407 3157 1476 ἔχον
3179 1406 3349 1459 ἐστίν.
3388 1403 3577 1474 Ἰιμεῖς
3604 1404 3713 1473 γὰρ
3738 1406 3924 1458 καίτοι

2337 1502 2429 1557 τὸν
2482 1502 2660 1569 μέγαν
2715 1500 2920 1561 εἰδότες
2950 1499 3012 1552 οὑ
3065 1496 3227 1567 σοφίᾳ
3283 1497 3446 1564 μόνον
3492 1496 3924 1566 παρεληλακότα

2339 1594 2567 1658 πάντας,
2602 1592 2741 1646 ἀλλά
2792 1592 2889 1645 καὶ
2923 1592 3034 1654 τοῖς
3066 1594 3129 1643 hc
3171 1590 3308 1643 Θεοῦ
3340 1590 3648 1658 φωτισμοῐς
3688 1588 3925 1659 διαπρέ-

2336 1684 2532 1754 ψαντα,
2570 1685 2721 1753 ὅμως
2751 1684 2851 1737 οὐκ
2887 1682 3039 1752 αύτῷ
3078 1682 3342 1751 τιθέμεθα
3389 1682 3590 1751 μᾶλλον
3620 1681 3652 1751 ἢ
3688 1679 3923 1734 ’Δθαια-

657 1765 823 1822 homo
854 1767 956 1822 hac
994 1770 1046 1822 in
1075 1779 1230 1837 parte
1260 1768 1528 1824 duntaxat
1566 1766 1858 1837 ignoravit,
1906 1778 2009 1819 nec
2059 1763 2233 1835 potuit

2340 1774 2463 1845 σίῳ,
2522 1776 2617 1828 καὶ
2666 1775 2953 1845 Γρηγορίῳ
2984 1774 3061 1845 τῷ
3109 1774 3382 1843 Θεολύγῳ,
3414 1774 3511 1827 καὶ
3560 1772 3638 1841 τῷ
3696 1773 3923 1841 Νύσσης

656 1859 883 1924 pulchre
921 1874 1109 1914 veram
1140 1859 1466 1928 doctamque
1496 1859 1825 1915 sententiam
1853 1855 2229 1914 discernendi-

2337 1867 2507 1936 αὐτῷ,
2540 1869 2634 1920 καὶ
2677 1866 3056 1935 Δύγουστίνῳ,
3093 1860 3172 1929 οἷς
3204 1868 3372 1918 πᾶσιν
3416 1865 3444 1917 δ
3478 1865 3652 1933 μέγας
3681 1862 3925 1918 ἐνταῦθα

658 1966 766 2020 que
796 1951 906 2006 vim
959 1950 1212 2022 adipisci.
1244 1952 1411 2021 Atqui
1464 1966 1532 2006 ne
1581 1950 1724 2006 istud
1768 1950 1986 2020 quidem
2023 1945 2229 2003 .rationi

652 2055 1085 2099 consentaneum
1116 2053 1221 2099 est.
1258 2042 1469 2099 Etenim
1503 2045 1718 2099 tametsi
1744 2043 2082 2112 exploratum
2113 2055 2231 2110 per-

651 2143 1008 2206 spectumque
1043 2135 1343 2193 habeamus
1389 2151 1645 2206 magnum
1688 2135 1951 2191 Basilium
1986 2152 2094 2191 non
2131 2135 2232 2190 do-

651 2226 829 2281 ctrina
881 2236 1092 2282 tantum
1144 2228 1266 2284 aliis
1320 2229 1617 2285 anteivisse
1665 2228 1955 2294 omnibus,
2029 2244 2221 2284 verum

650 2318 815 2372 etiam
867 2317 1367 2375 illuminationibus
1424 2334 1452 2375 a
1508 2319 1619 2375 Deo
1677 2320 1914 2391 acceptis
1960 2320 2228 2390 insignem

656 2408 975 2465 exstitisse:
1034 2425 1142 2465 non
1186 2411 1309 2479 plus
1343 2419 1522 2475 tamen
1578 2410 1658 2465 illi
1702 2411 2015 2471 tribuimus.
2066 2426 2227 2480 quam

649 2500 971 2567 Athanasio,
1012 2500 1275 2569 Gregorio
1321 2501 1625 2571 Theologo,
1667 2510 1722 2556 et
1769 2500 2020 2569 Nysseno
2067 2513 2233 2570 atque

650 2590 978 2661 Augustino,
1015 2592 1217 2662 quibus
1245 2592 1504 2648 omnibus
1542 2590 1776 2662 magnus
1817 2592 1906 2648 hic
1950 2593 2190 2647 concinit
2213 2632 2229 2657 ,

649 2692 704 2738 et
737 2682 793 2737 hi
828 2697 1019 2738 omnes
1047 2683 1121 2737 illi
1151 2684 1520 2738 consentiunt.
1557 2683 1661 2750 Qui
1688 2690 1868 2737 autem
1907 2682 2023 2736 lieri
2059 2690 2237 2751 potest

652 2783 716 2827 ut
742 2773 881 2828 tanti
912 2774 1169 2829 doctores
1222 2774 1277 2827 in
1324 2773 1426 2828 hac
1474 2772 1780 2828 assertione
1827 2772 1991 2828 simul
2043 2786 2231 2827 errore

652 2861 871 2916 abducti
906 2860 1152 2916 fuerint?
1187 2862 1342 2927 Quod
1389 2869 1571 2915 autem
1612 2860 1803 2915 multis
1851 2860 1903 2914 in
1953 2858 2087 2914 locis
2119 2859 2233 2914 ltznc

652 2949 842 3006 eadem
867 2958 1096 3018 asserat,
1121 2961 1176 3005 et
1199 2966 1324 3005 eum
1354 2966 1487 3006 cura
1512 2960 1566 3013 et
1587 2949 2013 3020 exaggeratione
2042 2948 2232 3013 multa,

651 3053 714 3100 ut
746 3043 792 3100 si
826 3044 925 3100 hac
952 3044 1017 3098 de
1050 3060 1109 3098 re
1135 3044 1432 3100 orationem
1471 3044 1537 3098 ad
1573 3044 1862 3099 utilitatem
1897 3043 2228 3113 susciperet,

653 3151 719 3192 ac
752 3136 993 3192 futurum
1033 3146 1182 3193 esset
1210 3145 1269 3191 ut
1296 3151 1392 3191 eos
1416 3136 1665 3192 veritatis
1690 3136 1958 3191 sententia
1993 3134 2236 3206 juvaret.

653 3225 747 3295 qui
794 3226 1051 3299 subsequi
1094 3242 1159 3282 ac
1209 3229 1488 3298 percipere
1521 3236 1744 3296 possent
1786 3243 1801 3280 :
1841 3227 2063 3282 attende
2106 3227 2238 3297 quid

654 3316 763 3372 alio
788 3316 907 3374 loco
928 3317 1108 3385 dicat;
1154 3327 1209 3374 et
1252 3321 1354 3374 ltac
1402 3319 1649 3375 studiosa
1679 3318 1971 3374 sedulitate
2004 3333 2232 3388 compe-

652 3409 785 3475 ries,
819 3409 1239 3480 haudquaquam
1263 3409 1544 3467 fortuitum
1571 3412 1862 3480 quemdam
1901 3425 2234 3467 concursum

653 3517 845 3558 eorum
891 3518 1013 3573 quae
1061 3503 1378 3559 hominibus
1427 3502 1563 3557 fiunt
1612 3502 2012 3558 enuntiandum
2054 3517 2225 3556 esse:

659 3607 917 3665 tauquam
973 3596 1019 3651 si
1068 3596 1251 3651 nullus
1294 3596 1609 3651 moderator
1671 3604 1727 3649 et
1780 3610 2036 3665 princeps
2083 3595 2229 3648 hunc

656 3686 923 3742 mundum
948 3696 1179 3758 regeret,
1201 3701 1396 3757 pravas
1429 3686 1526 3741 tibi
1556 3685 1843 3755 opiniones
1870 3686 2235 3755 suggerendo;

657 3779 917 3833 duntaxat
943 3792 973 3832 a
999 3778 1262 3833 limitibus
1293 3777 1509 3847 pietatis
1542 3776 1795 3831 excidere
1824 3791 2075 3832 caveas.c
2100 3774 2236 3830 Nam

656 3869 749 3940 qui
789 3884 891 3924 nos
924 3868 1082 3923 ﬁnxit
1107 3879 1159 3923 et
1191 3868 1457 3923 animavit
1489 3866 1652 3931 Deus,
1689 3868 1973 3939 proprium
2010 3882 2236 3924 conces-

656 3967 729 4020 sit
758 3964 959 4035 cuique
983 3964 1178 4019 animse
1201 3962 1461 4034 degendae
1492 3963 1621 4018 vitae
1645 3971 1873 4025 statum,
1897 3950 2064 4033 atq-ue
2094 3962 2237 4023 alios

658 4057 782 4110 aliis
815 4056 1017 4110 limites
1053 4056 1232 4109 exitus
1266 4055 1402 4109 lixit.
1445 4053 1657 4109 Etenim
1688 4055 1832 4109 hunc
1866 4055 2083 4123 quidem
2121 4055 2237 4124 plu-

657 4163 745 4203 res
783 4147 837 4202 in
874 4148 1018 4203 mole
1047 4148 1295 4216 corporis
1330 4157 1384 4202 et
1405 4148 1527 4203 luce
1562 4162 1741 4201 moras
1776 4145 1954 4201 facere
1982 4145 2236 4204 Numinis

656 4239 993 4309 dispensatio
1031 4240 1225 4295 statuit
1261 4255 1277 4293 :
1307 4239 1461 4293 illum
1505 4253 1635 4293 vero
1660 4238 1824 4293 citius
1852 4238 2083 4298 vinculis
2114 4255 2237 4294 cor-

663 4331 846 4401 poreis
899 4331 1036 4387 solvi
1063 4330 1368 4396 constituit,
1406 4331 1563 4398 juxta
1597 4329 1983 4385 inenarrabilis
2021 4312 2235 4401 sapien-

654 4425 744 4481 tite
769 4440 835 4481 ac
870 4424 1095 4495 iustitiae
1125 4440 1236 4480 suae
1272 4423 1529 4480 rationes.
1568 4423 2034 4489 Quemadmodum
2066 4425 2232 4488 ex‘_iis

2343 1961 2561 2031 συνᾴδει
2590 1960 2895 2022 Βασίλειος,
2922 1960 3018 2012 καὶ
3048 1952 3195 2012 οὗτοι
3231 1958 3432 2019 πάντες
3454 1955 3624 2026 αύτῷ.
3659 1954 3770 2009 Καὶ
3802 1955 3923 2020 πῶς

2339 2048 2452 2106 οἷόν
2502 2069 2558 2105 τε
2610 2052 2968 2120 τηλικούτους
3001 2049 3357 2112 διδασκάλους
3401 2047 3541 2117 ὁμοῦ
3572 2048 3703 2118 περὶ
3760 2049 3925 2102 τοῦτο

2338 2141 2682 2211 πλανηθῆναι
2705 2141 2766 2193 τὸ
2789 2141 2957 2210 μέρος
2982 2157 2995 2205 ;
3021 2142 3102 2192 δτι
3125 2140 3180 2192 δὲ
3202 2138 3471 2208 πολλαχοῦ
3496 2138 3565 2191 τὰ
3588 2137 3726 2191 αύτά
3749 2138 3925 2192 ταῦτα

2342 2246 2500 2298 φησι,
2524 2232 2620 2283 καὶ
2652 2230 2790 2298 μετά
2812 2230 3014 2297 πολλῆς
3037 2231 3136 2298 τῆς
3161 2227 3582 2297 ὲπεξεργασίας,
3613 2228 3687 2290 ὡς
3715 2227 3925 2298 προῦρ-

2341 2337 2439 2388 γου
2467 2324 2560 2374 τὶν
2587 2322 2717 2391 περὶ
2751 2321 2959 2373 τούτων
2987 2320 3144 2385 λόγον
3180 2320 3527 2389 ποιούμενος,
3561 2322 3655 2373 καὶ
3685 2319 3925 2387 ὠφελεῖν

2344 2411 2554 2480 μέλλων
2585 2414 2650 2481 τῇ
2689 2410 2816 2480 δόξῃ
2860 2409 2961 2478 τῆς
3007 2410 3269 2479 ἀληθείας
3299 2412 3427 2474 τοὺς
3480 2410 3926 2478 παρακολουθεῖν

2339 2504 2675 2574 δυναμένους
2700 2520 2716 2536 ο
2743 2505 2907 2559 ἄκουε
2931 2504 2985 2556 τί
3015 2520 3182 2573 φησιν
3204 2503 3463 2573 ἀλλαχοῦ,
3498 2505 3590 2556 καὶ
3613 2503 3927 2566 σπουδάσας

2341 2597 2621 2667 εὑρήσεις,
2653 2596 2728 2666 μὴ
2768 2596 3079 2665 αὐτόματόν
3108 2611 3235 2659 τινα
3267 2595 3432 2665 εἴπῃς
3483 2594 3776 2663 συντυχίαν
3811 2594 3925 2646 τῶν

2343 2689 2643 2757 γινομένων
2689 2686 3023 2756 ἀνθρώποις,
3067 2687 3146 2751 ὡς
3200 2688 3428 2757 μηδενὸς
3469 2687 3778 2757 προστάτου
3832 2686 3927 2739 τδν

2342 2779 2547 2846 κόσμον
2575 2776 3016 2845 οἱκονομούντος,
3055 2777 3269 2846 πονηρὰ
3312 2777 3559 2846 δόγματα
3594 2778 3923 2845 ὑποτιθέμε-

2344 2885 2434 2931 νος
2469 2869 2705 2937 σεαυτῷ,
2746 2868 2881 2939 μηδὲ
2910 2869 3148 2940 ὲκπέσῃς
3177 2868 3285 2922 τῶν
3309 2870 3452 2937 ὅρων
3481 2869 3579 2937 τῆς
3610 2869 3922 2932 εὐσεϐείας.

2350 2979 2370 3014 ι
2395 2962 2454 3015 ’0
2484 2962 2593 3032 γὰρ
2629 2961 2839 3024 πλάσας
2866 2963 3015 3032 ἡμᾶς
3048 2966 3144 3015 καὶ
3160 2960 3421 3031 ψυχώσας
3443 2961 3597 3026 Θεδς,
3628 2962 3768 3015 ίδίαν
3796 2962 3929 3016 55m-

2344 3069 2441 3106 κεν
2467 3054 2674 3122 ἑκάστῃ
2706 3052 2852 3121 ψυχῇ
2881 3052 2980 3121 τὴν
3011 3050 3105 3104 τοῦ
3141 3051 3257 3120 βίου
3286 3050 3587 3123 διαγωγὴν,
3616 3052 3711 3105 καὶ
3740 3052 3933 3114 ἄλλοις

2266 3181 2309 3240 ε
2341 3090 2743 3210 ιλὶουζδράιζῖ
2781 3090 2952 3211 fingi
2991 3141 3089 3210 τῆς
3130 3090 3337 3204 iam...
3388 3090 3651 3209 ἲῖᾷἱιὲξ
3679 3090 3932 3210 τῖάᾌῖπῖ

2343 3232 2529 3285 πλεῖον
2561 3234 2878 3302 περιμεῖναι
2913 3235 2980 3304 τῇ
3020 3232 3295 3304 παρουσία
3342 3232 3444 3301 τῆς
3483 3232 3688 3301 σαρκὸς
3721 3231 3929 3303 ᾠκονό-

2346 3340 2524 3393 μησε·
2559 3324 2653 3377 τὸν
2681 3324 2737 3377 δὲ
2788 3324 2985 3377 θᾶττον
3038 3323 3377 3392 ἀπολυθῆναι
3424 3323 3533 3377 τῶν
3576 3324 3794 3394 δεσμῶν
3822 3325 3928 3379 τοῦ

2344 3415 2598 3485 σώματος
2624 3417 2928 3484 διετάξατο,
2976 3418 3117 3472 κατά
3143 3418 3271 3482 τοὺς
3300 3419 3400 3488 τῆς
3440 3420 3687 3491 ἀρρήτου
3729 3422 3929 3489 σοφίας

2343 3507 2539 3559 ἑαυτοῦ
2570 3508 2666 3560 καὶ
2695 3507 3043 3578 δικαιοσύνης
3085 3510 3299 3578 λόγους.
3340 3510 3554 3581 Ὠσπερ
3598 3506 3691 3565 οὖν
3720 3512 3770 3565 οἱ
3805 3516 3927 3577 ταῖς

2342 3599 2590 3667 εἱρκταῖς
2617 3598 3008 3669 ἐμπίπτοντες,
3044 3602 3097 3654 οἱ
3132 3601 3231 3669 μὲν
3257 3602 3351 3654 ἐπὶ
3378 3603 3601 3656 πλείονα
3634 3604 3831 3673 χρόνον
3858 3609 3925 3674 τῇ

2341 3691 2589 3741 κακώσει
2637 3688 2747 3740 τῶν
2791 3688 3185 3759 δεσμωτηρίων
3232 3690 3719 3757 ὲναποκλείονται,
3766 3693 3819 3745 οἱ
3868 3693 3926 3746 δὲ

2338 3779 2645 3850 ταχυτέραν
2692 3779 3012 3849 εὑρίσκουσι
3044 3781 3145 3852 τὴν
3176 3784 3273 3851 τῆς
3313 3783 3695 3846 κακοπαθείας
3742 3784 3926 3837 ἀπαλο

2339 3871 2514 3941 λαγήν
2540 3888 2553 3903 ο
2591 3871 2732 3925 οὕτω
2757 3872 2850 3924 καὶ
2883 3872 2939 3924 αἱ
2988 3873 3179 3942 ψυχαὶ,
3216 3874 3273 3926 αί
3308 3875 3409 3943 μὲν
3439 3876 3534 3927 ἐπὶ
3576 3876 3714 3931 πολὺ
3746 3893 3925 3948 προσ-

2340 3966 2667 4033 κατέχονται
2704 3967 2770 4035 τῇ
2804 3964 2917 4035 ζωῇ
2946 3964 3142 4036 ταύτῃ,
3173 3967 3230 4017 αἱ
3269 3965 3326 4018 δὲ
3369 3966 3456 4018 ἐπ’
3501 3965 3745 4031 ἔλαττον,
3780 3970 3925 4022 κατὰ

2336 4055 2437 4125 τὴν
2481 4055 2640 4119 ἀξίαν
2671 4056 2766 4123 τῆς
2814 4056 3105 4124 ἀναλογίας
3157 4058 3413 4120 ἑκάστου,
3468 4059 3649 4127 σοφῶς
3681 4061 3777 4113 καὶ
3829 4061 3924 4131 βα-

2338 4148 2495 4213 θέως,
2527 4146 2603 4210 ὡς
2631 4147 2732 4200 οὐκ
2782 4146 2850 4200 ἂν
2885 4147 3132 4215 ἐφίκοιτο
3166 4148 3290 4213 νοῦς
3331 4147 3660 4219 ἀνθρώπων,
3693 4152 3762 4206 τὰ
3794 4155 3924 4224 περὶ

2336 4238 2570 4291 ἕκαστον
2605 4239 2767 4308 ἡμῶν
2809 4238 2903 4293 τοῦ
2941 4241 3229 4303 κτίσαντος
3280 4241 3755 4311 προδλεπομένου.
3809 4246 3924 4298 Οὐκ

2334 4330 2554 4393 ἀκούεις
2586 4328 2834 4399 λέγοντος
2866 4332 2955 4385 τού
2981 4332 3177 4384 Δαδίδ·
3215 4351 3235 4384 ι
3273 4332 3539 4403 Ἐξάγαγε
3569 4336 3633 4387 ἐκ
3667 4334 3924 4403 φυλακῆς

2333 4423 2433 4492 τὴν
2464 4422 2647 4493 ψυχήν
2682 4440 2785 4493 μου
2819 4441 2833 4491 ;
2872 4442 2892 4476 ι
2920 4425 3023 4477 οὐκ
3072 4425 3314 4495 ἤκουσας
3341 4427 3471 4496 περὶ
3503 4426 3598 4479 τοῦ
3632 4428 3809 4493 ἁγίου,
3841 4430 3924 4483 ὃτι

651 4518 744 4587 qui
779 4519 830 4573 in
856 4532 1129 4575 carcerem
1168 4519 1482 4585 truduntur,
1509 4517 1601 4572 alti
1629 4518 1977 4573 diuturniore
2013 4528 2224 4587 tempo-

2337 4514 2573 4588 ἀπελύθη
2602 4515 2769 4569 αὑτοῦ
2805 4518 2839 4586 ὴ
2872 4516 3057 4587 ψυχῆς
3096 4518 3147 4570 τί
3172 4518 3229 4571 δε
3278 4517 3524 4588 Συμεὼν.
3558 4521 3653 4575 ὅτε
3681 4522 3922 4588 ὲνηγκα-

651 4613 728 4668 ris
754 4612 935 4681 spatio
956 4612 1220 4668 custodia:
1242 4625 1527 4666 carcerum
1554 4610 1801 4665 molestia
1825 4621 2110 4677 vexantur,
2140 4610 2232 4665 alii

650 4701 1044 4771 promptiorem
1078 4700 1363 4763 inveniunt
1390 4714 1651 4755 aerumna:
1690 4698 2068 4773 liberationem
2109 4718 2121 4754 :
2155 4699 2235 4754 sic

649 4796 810 4847 etiam
852 4809 916 4849 ex
947 4793 1238 4847 animabus
1265 4792 1385 4846 aliae
1431 4791 1624 4862 perdiu
1678 4796 1803 4847 vita:
1852 4792 2018 4861 hujus
2065 4806 2230 4846 usura

651 4886 897 4940 fruentes
930 4883 1260 4959 detinentur,
1289 4884 1409 4937 alia:
1452 4884 1687 4939 breviori
1738 4886 1999 4953 temporis
2060 4885 2233 4938 inter-

650 4980 816 5041 vallo,
852 4992 952 5046 pro
982 4976 1161 5030 meriti
1215 4975 1486 5045 cujusque
1520 4965 1731 5031 ratione
1762 4985 1817 5030 et
1856 4975 2231 5045 proportione,

650 5083 777 5121 cum
818 5079 928 5122 tam
972 5066 1080 5121 alte
1125 5076 1180 5120 et
1220 5067 1491 5135 sapienter
1523 5068 1686 5136 (adeo
1721 5077 1779 5121 ut
1808 5081 1963 5121 mens
1993 5066 2231 5120 humana

656 5174 723 5212 eo
751 5159 1035 5229 pervenire
1067 5160 1323 5229 nequeat)
1351 5162 1444 5230 qui
1475 5161 1680 5215 creavit
1716 5174 1815 5215 nos
1853 5161 2145 5228 prospiciat
2169 5175 2230 5215 ea

654 5266 777 5318 qua:
807 5251 872 5305 ad
908 5251 1151 5322 singulos
1179 5254 1438 5308 mortales
1470 5254 1767 5323 pertinent.
1790 5248 1906 5305 Non
1943 5252 2100 5308 audis
2130 5252 2235 5305 Da-

653 5343 832 5397 videm
863 5353 1166 5410 canentem,
1195 5343 1377 5398 «Educ
1397 5344 1464 5397 de
1487 5357 1705 5396 carcere
1730 5341 1965 5396 animam
1994 5343 2226 5398 meam?)

654 5433 772 5489 Non
814 5437 1155 5499 auscultasti,
1206 5437 1275 5492 de
1307 5442 1497 5488 sancto
1530 5433 1761 5498 dictum,
1802 5433 2034 5489 solutam
2067 5433 2234 5489 fuisse

657 5529 824 5595 ipsius
855 5529 1131 5583 animam?
1161 5527 1301 5593 Quid
1335 5540 1464 5580 vero
1490 5525 1746 5595 Symoou,
1781 5527 2002 5594 quando
2029 5528 2235 5595 ample-

658 5629 815 5676 xatus
836 5632 919 5674 est
950 5621 1234 5675 Dominum
1262 5616 1532 5671 nostrum?
1550 5617 1761 5684 qualem
1793 5617 1977 5671 emisit
2010 5619 2235 5673 vocent?

651 5726 836 5764 nonne
867 5713 1023 5772 hanc,
1054 5730 1071 5760 ι
1088 5711 1238 5763 Nunc
1256 5708 1484 5762 dimittis
1506 5724 1723 5764 servum
1749 5717 1925 5773 luunt,
1950 5708 2227 5763 Domine?»

656 5800 792 5856 Nam
825 5803 891 5858 ad
930 5802 1090 5856 vitam
1125 5818 1243 5872 qua:
1294 5803 1347 5857 itt
1393 5801 1608 5871 superis
1645 5802 1780 5858 locis
1822 5802 2079 5883 agitanda
2111 5812 2228 5870 est,

2334 4609 2520 4663 λίσατο
2549 4609 2643 4662 τὸν
2668 4609 2873 4680 Κύριον
2900 4609 3082 4680 ἡμῶν,
3116 4610 3277 4667 ποίαν
3308 4613 3493 4680 φωνὴν
3518 4613 3735 4683 ἀφῆκεν
3759 4629 3775 4679 ;
3802 4614 3921 4684 οὐχ,

2333 4702 2414 4753 ὅτι
2445 4720 2463 4751 ι
2490 4700 2606 4753 Νῦν
2630 4702 2884 4764 ἀπολύεις
2908 4702 3001 4753 τὸν
3020 4699 3209 4754 δοῦλόν
3231 4718 3347 4767 σου,
3366 4703 3613 4756 Δέσποτα
3636 4721 3650 4768 ;
3677 4703 3792 4773 »τῷ
3814 4706 3923 4773 γὰρ

2334 4796 2677 4864 ἔπειγομένῳ
2704 4793 2838 4863 πρὸς
2863 4793 2962 4863 τὴν
2982 4792 3100 4847 ἀνω
3117 4793 3399 4861 διαγωγὴν
3426 4793 3708 4864 βαρυτέρα
3736 4796 3921 4863 πάσης

2333 4883 2630 4945 κολάσεως,
2662 4886 2759 4935 καὶ
2790 4882 3176 4951 δεσμωτηρίου
3207 4881 3434 4949 παντὸς,
3466 4885 3498 4953 ἡ
3529 4886 3667 4953 μετὰ
3692 4885 3787 4937 τοῦ
3819 4884 3917 4938 σώ-

2337 4975 2505 5045 ματός
2535 4976 2648 5027 ἐστι
2671 4974 2945 5044 διατριϐή.
2973 4992 2993 5026 ι
3021 4970 3207 5027 Ταῦτα
3235 4976 3334 5041 μὲν
3356 4976 3415 5026 ὲν
3441 4975 3523 5027 ἑνὶ
3554 4975 3699 5045 λόγῳ
3727 4977 3917 5045 φησίν.

2345 5067 2445 5119 Ἐκ
2490 5065 2584 5119 τοῦ
2630 5069 2974 5135 παρήκοντος
3020 5065 3113 5118 οὖν
3141 5064 3460 5135 δογματίζει
3502 5067 3602 5137 τὴν
3640 5068 3920 5137 πατρικὴν

2332 5148 2470 5226 ὁμου
2499 5159 2594 5212 καὶ
2620 5156 2950 5226 δεσποτικὴν
2983 5158 3111 5229 περὶ
3144 5156 3247 5227 τῆς
3276 5157 3630 5228 ἀνθρωπίνης
3653 5159 3799 5228 ζωῆς
3823 5160 3920 5212 καὶ

2338 5253 2726 5321 μεταστάσεως
2765 5251 3027 5319 πρόνοιαν
3053 5266 3067 5281 ·
3105 5252 3199 5304 καὶ
3237 5250 3374 5312 ὅλως
3406 5251 3499 5305 τὸν
3531 5250 3672 5303 θεῖον
3720 5253 3778 5303 έν
3806 5252 3918 5314 τοῖς

2333 5341 2646 5410 ἀνθρώποις
2682 5339 3017 5409 προορισμδν
3048 5341 3143 5393 καὶ
3178 5339 3546 5408 ύποδείγμασι
3579 5340 3674 5392 καὶ
3707 5357 3914 5411 γραφι-

2280 5454 2297 5464 .
2335 5436 2460 5495 xui;
2510 5431 2821 5496 ἀποδείξεσι
2872 5432 3012 5501 μετᾶ
3066 5431 3267 5499 πολλῆς
3314 5432 3581 5485 δεικνύων
3634 5432 3913 5498 σπουδῆςὶ

2338 5527 2529 5580 Καίτοι
2561 5542 2647 5593 γε,
2672 5528 2719 5577 εἰ
2745 5528 2880 5594 πρὸς
2928 5525 3315 5591 ἀντιλέγοντας
3343 5527 3584 5577 ἐποιεῖτο
3611 5525 3703 5576 τὸν
3730 5524 3913 5592 λόγον,

2337 5614 2477 5678 εἶδες
2513 5615 2578 5668 ἂν
2612 5616 2795 5667 πᾶσαν
2823 5612 2921 5684 τὴν
2945 5612 3095 5682 ἱερὰν
3118 5613 3344 5684 Γραφὴν
3366 5615 3530 5668 αὑτὸν
3558 5615 3909 5686 ἐπιφέροντα.

2348 5707 2511 5763 Ἀλλὰ
2558 5709 2652 5759 καὶ
2688 5704 2967 5773 πανταχοῦ
3012 5705 3123 5758 τῶν
3169 5704 3336 5757 αὐτοῦ
3386 5705 3583 5773 λόγω-,ις
3624 5707 3912 5774 προδιατε-

2334 5799 2604 5869 τλγμὲνον
2641 5800 2694 5850 ἐν
2720 5797 2969 5859 ἑκάστοις
2999 5795 3097 5864 τῆς
3122 5796 3263 5865 ζωῆς
3288 5795 3347 5849 τὸ
3373 5796 3524 5862 τέλος
3560 5797 3749 5851 καλεῖ·
3787 5798 3908 5850 κάν-
