4170 6294
586 371 685 430 557

1637 359 2019 422 GENNADII
2059 359 2168 421 (ΣΡ.
2208 357 2727 421 PATRIARCHIE

3749 357 3860 421 548

586 487 733 541 illico
803 481 1130 545 reducendo,
1191 479 1456 534 hortando
1507 477 1871 546 solandique,
1931 477 2170 547 itemque

2301 479 2470 541 ποιῶν,
2510 478 2598 530 ὅτε
2615 480 2792 548 χάριν
2824 476 3154 545 ἐπιπέμπων
3191 473 3384 545 ἐνίησι,
3431 474 3500 528 τά
3548 473 3606 528 δὲ
3630 475 3720 529 διὰ
3753 492 3861 529 των

589 576 853 646 urgendo,
885 590 1008 629 cum
1047 574 1098 626 id
1134 571 1378 640 expedit,
1413 570 1610 638 partim
1647 570 1878 624 latenter
1906 568 2170 624 obscure-

587 685 715 738 que,
752 669 948 738 partitn
999 675 1183 735 aperte
1231 664 1297 717 iis
1327 664 1418 733 qui
1456 665 1520 717 ad
1559 664 1674 720 haec
1725 661 1967 716 animum
2015 661 2173 714 adhi-

588 761 717 815 bent
750 777 764 813 :
828 774 889 813 ac
923 759 1118 827 partim
1161 757 1473 812 immediate
1503 765 1557 810 et
1591 756 1804 824 absque
1843 751 2177 807 adminiculo

591 868 687 921 per
735 852 977 920 seipsutn
1025 850 1286 914 cﬂiciens,
1337 850 1552 917 quoties
1598 848 1828 918 gratiam
1861 843 2178 899 immittens

591 944 862 1004 infundit,
937 943 1130 1010 partim
1187 956 1282 1010 per
1327 940 1549 1010 angelos
1600 938 1892 1001 custodes,
1942 949 2178 1007 quorum

590 1037 789 1104 singuli
827 1036 1140 1089 hominibus
1173 1033 1404 1103 singulis
1440 1032 1702 1101 assignati
1735 1046 1798 1086 ac
1828 1026 2133 1099 praescripti
2162 1066 2178 1091 ,

592 1127 826 1181 incitant
863 1126 929 1180 ad
960 1127 1185 1189 bonum,
1209 1135 1262 1178 et
1284 1141 1312 1178 a
1340 1125 1648 1178 daemonum
1678 1122 1892 1177 insidiis
1918 1121 2179 1181 liberant,

590 1233 728 1285 quas
759 1217 973 1272 occulte
1013 1223 1234 1270 struunt
1273 1217 1328 1271 in
1358 1217 1460 1270 hoc
1501 1215 1697 1270 itinere
1728 1229 1836 1283 quo
1867 1213 1947 1285 (ut
1983 1211 2060 1266 ait
2086 1211 2185 1264 Da-

592 1302 709 1380 vid)
763 1309 1185 1380 proﬁciscimur,
1222 1324 1330 1363 non
1383 1307 1578 1361 animae
1621 1310 1637 1327 ¹
1671 1317 1928 1368 tantum,
1995 1317 2182 1358 verum

591 1407 753 1459 ctiam
819 1406 941 1459 vita:
994 1413 1197 1459 nostra:
1247 1411 1510 1472 quantum
1565 1401 1772 1455 conniti
1823 1407 2097 1470 possunt:
2129 1406 2186 1453 et

594 1496 987 1566 cogitationum
1019 1496 1382 1548 humanarum
1434 1491 1864 1546 imbecillitatem
1918 1488 2186 1544 corrobo-

593 1597 742 1653 rant,
768 1597 826 1641 ut
860 1588 942 1642 sic
972 1586 1023 1639 in
1065 1600 1264 1654 genere
1295 1585 1510 1652 loquar.
1545 1583 1732 1652 Neque
1785 1581 1928 1634 enim
1961 1580 2042 1634 ius
2077 1585 2183 1645 est,

595 1695 696 1732 nec
724 1687 936 1747 oportet
969 1692 1031 1730 ea
1065 1677 1322 1730 audacter
1351 1673 1597 1743 aggredi,
1637 1687 1759 1742 quae
1812 1686 1910 1726 nec
1961 1669 2190 1723 investi-

595 1772 732 1840 gari,
771 1785 1127 1823 nec-numero
1150 1766 1540 1837 comprehendi
1575 1773 1840 1835 possunt:
1868 1763 1996 1818 dum
2019 1761 2186 1814 vitam

595 1876 814 1916 onmem
853 1860 925 1914 ita
957 1859 1310 1914 moderantur
1341 1858 1393 1911 in
1431 1857 1498 1912 iis
1528 1859 1593 1911 ad
1642 1856 1693 1909 id
1741 1854 1885 1924 quod
1918 1853 2185 1922 optimum

595 1962 699 2016 cst,
732 1961 790 2006 ιιι
819 1951 961 2005 nulla
993 1951 1045 2003 in
1098 1966 1155 2002 re
1189 1950 1372 2003 divina
1399 1948 1620 2002 bonitas
1650 1948 1866 2002 recedat
1893 1961 1922 1999 a
1951 1955 2181 2014 paterna

598 2041 940 2112 providentia
1000 2039 1052 2093 in
1106 2039 1328 2103 liberos,
1373 2038 1685 2106 quicunque
1734 2035 1881 2090 illam
1931 2036 2190 2089 adamant

597 2138 802 2200 vitam;
855 2148 1044 2202 parum
1094 2130 1432 2193 admodum,
1484 2139 1540 2184 et
1586 2144 1650 2184 ex
1696 2128 1814 2198 lege
1847 2137 2081 2192 tantum,
2125 2127 2191 2182 de

599 2223 848 2295 praesenti
880 2222 1116 2278 solliciti.
1150 2221 1318 2276 Porro
1361 2222 1481 2275 vita:
1525 2220 1686 2274 tinent
1732 2221 1865 2290 ipsis
1897 2219 2141 2273 immittit
2175 2255 2190 2281 ,

598 2327 693 2371 aut
723 2318 850 2370 sinit
883 2315 1196 2385 praeparari,
1226 2314 1528 2368 secundum
1562 2322 1775 2382 tempus
1820 2321 1874 2367 et
1923 2312 2144 2366 modum
2177 2351 2191 2374 ,

598 2409 689 2477 qui
724 2408 846 2462 aliis
877 2407 1049 2476 ipsius
1097 2405 1455 2476 providentim
1487 2405 1777 2474 generibus
1809 2412 2097 2466 consonet,
2130 2411 2185 2455 et

599 2501 811 2554 caeteris
842 2514 1030 2553 eorum
1063 2499 1157 2568 qui
1183 2498 1638 2560 determinantur,
1675 2494 1959 2562 obsequiis
1985 2502 2040 2547 et
2064 2503 2187 2546 stu-

599 2593 724 2659 diis,
778 2593 974 2648 decore
1029 2591 1528 2660 convenienterque
1577 2589 1736 2644 saluti
1769 2587 2027 2657 propria.
2063 2585 2194 2640 Pro-

601 2700 784 2754 pterea
817 2685 954 2738 Deus
986 2694 1037 2737 et
1063 2683 1348 2752 providere
1375 2681 1635 2736 omnibus
1663 2695 1784 2749 qua:
1811 2680 1879 2733 ab
1909 2679 2028 2747 ipso
2051 2676 2193 2732 iacta

601 2787 751 2838 sunt,
798 2774 1000 2828 dicitur
1044 2783 1150 2828 :et
1195 2773 1392 2826 divinae
1450 2772 1806 2841 providentiae
1861 2771 2062 2824 bonum
2124 2768 2192 2822 ad

602 2867 783 2920 omnia
813 2865 1066 2934 pertinet,
1093 2879 1217 2933 qua:
1255 2862 1748 2932 quomodocunque
1769 2861 2074 2918 exsistendi
2103 2873 2195 2914 ca-

603 2959 756 3027 pacia
792 2966 923 3010 sunt
964 2972 980 3008 :
1026 2958 1116 3010 sed
1167 2954 1558 3024 pra-destinare
1606 2953 1930 3009 rationalem
1977 2959 2190 3006 tantum

606 3061 883 3112 naturam,
918 3049 1194 3103 hominem
1228 3047 1510 3112 nimirum,
1540 3046 1912 3100 existimatur.
1963 3044 2114 3098 Adeo
2139 3050 2198 3097 ut

2277 571 2658 640 φυλαττόντων
2683 569 2958 638 ἀγγέλων,
2988 563 3062 624 ὧν
3097 571 3328 633 ἕκαστος
3375 571 3595 637 ἑκάστῳ
3627 571 3733 623 τῶν
3769 573 3860 622 άν-

2279 663 2516 733 θρώπων
2570 663 2996 733 ἀφωρισμένος,
3048 664 3190 716 κινεῖ
3250 665 3348 730 μὲν
3407 664 3546 730 πρὺς
3599 662 3865 730 τάγαθὸν,

2279 755 2612 810 ἀπαλλάττει
2657 755 2716 808 δὲ
2762 755 2858 823 τῆς
2889 754 2997 806 τῶν
3029 753 3304 822 δαιμόνων
3343 753 3588 821 ἐνέδρας,
3631 753 3696 823 ἢν
3733 752 3867 804 ὐπο-

2281 848 2623 917 κρύπτουσιν
2648 847 2705 899 ἐν
2730 847 2793 916 τῇ
2827 845 2931 914 ὁδῷ
2956 844 3146 914 ταύτῃ,
3178 845 3322 898 κατὰ
3351 846 3444 900 τὸν
3479 845 3664 908 Δαβὶδ,
3769 863 3870 898 πο-

2285 939 2576 1009 ρευόμεθα,
2629 939 2690 992 ού
2732 940 2850 996 ταῖς
2899 939 3164 1006 ψυχικαῖς
3189 938 3373 1012 μόνον,
3433 939 3569 990 ἀλλὰ
3619 940 3714 990 καὶ
3749 942 3870 1001 ταῖς

2283 1030 2450 1096 ζωαῖς
2481 1029 2642 1100 ἡμῶν
2674 1030 2798 1083 ὅσον
2829 1030 3124 1083 δύνανται·
3164 1035 3260 1082 καὶ
3289 1033 3388 1097 τὴν
3436 1029 3728 1104 ἀσθένειαν
3760 1031 3872 1082 τῶν

2287 1123 2645 1194 ἀνθρωπίνων
2694 1121 2972 1191 λογισμῶν
3004 1122 3263 1190 ἐνισχύει,
3305 1123 3494 1186 ἁπλῶς
3543 1123 3744 1187 εἰπεῖν,
3803 1123 3868 1174 οὐ

2286 1217 2396 1287 γὰρ
2434 1211 2545 1270 οἶόν
2593 1215 2652 1268 τέ
2692 1215 2862 1279 ἐστιν,
2894 1215 3018 1266 οὔτε
3048 1214 3131 1266 δεῖ
3157 1215 3265 1266 τῶν
3311 1213 3741 1282 ἀνεξιχνιὰστων
3770 1213 3867 1266 καὶ

2289 1310 2682 1380 ἀναριθμήτων
2712 1308 3058 1379 κατατολμᾷν
3084 1323 3100 1340 ο
3126 1309 3226 1378 τὴν
3253 1308 3352 1377 μὲν
3387 1307 3534 1378 ζωὴν
3559 1309 3749 1362 πᾶσαν
3780 1307 3873 1360 οῦ-

2288 1420 2397 1466 τως
2433 1400 2738 1471 οἰκονομῶν
2769 1401 2952 1462 αὐτοῖς
2987 1400 3122 1467 πρὸς
3156 1400 3216 1452 τὸ
3247 1399 3549 1468 βέλτιστον,
3583 1397 3659 1460 ώς
3701 1397 3874 1467 μηδὲν

2289 1495 2386 1566 τὴν
2421 1495 2575 1548 θείαν
2607 1495 2918 1564 άγαθότητα
2949 1493 3048 1563 τῆς
3096 1492 3372 1564 πατρικῆς
3419 1491 3680 1561 προνοίας
3716 1493 3874 1543 ἐκλε-

2292 1588 2539 1639 λοιπέναι
2599 1587 2714 1649 τοῖς
2767 1585 3001 1648 τέκνοις,
3063 1584 3252 1638 ὁπόσοι
3302 1586 3403 1652 τῆς
3447 1585 3596 1654 ζωῆς
3655 1583 3878 1649 ἐκείνης

2293 1679 2481 1749 ἐρῶσι,
2517 1681 2614 1748 τῆς
2644 1677 2926 1748 παρούσης
2960 1677 3116 1745 ὀλίγα
3146 1679 3243 1730 καὶ
3272 1677 3414 1730 κατὰ
3463 1677 3626 1742 νόμον
3657 1674 3880 1744 φροντί-

2294 1771 2500 1836 ζοντες.
2530 1771 2604 1823 Τὸ
2629 1771 2685 1824 δὲ
2713 1771 2812 1838 τῆς
2849 1769 2995 1840 ζωῆς
3035 1770 3188 1832 τέλος
3226 1771 3408 1832 αὐτοῖς
3455 1767 3814 1833 ιπιπέμπων,
3841 1764 3876 1834 ἦ

2293 1862 2818 1933 παρασκευάζεσθαι
2874 1862 3176 1932 συγχωρῶν
3218 1861 3359 1914 κατά
3411 1877 3470 1913 τε
3526 1861 3729 1928 χρόνον
3785 1856 3879 1910 καὶ

2291 1957 2516 2026 τρόπον,
2553 1950 2665 2008 οἷον
2695 1955 2761 2009 ἂν
2788 1956 3000 2023 γένοιτο
3027 1955 3148 2015 ταῖς
3175 1952 3366 2014 ἄλλαις
3391 1950 3558 2004 αὑτοῦ
3591 1948 3878 2020 προνοίαις

2295 2045 2542 2116 συνᾷδον,
2579 2045 2714 2114 πρὸς
2736 2045 2795 2096 τὸ
2821 2042 3080 2106 καθάπαξ
3106 2041 3391 2112 ὁρισθῆναι
3423 2039 3608 2103 καλῶς
3635 2040 3734 2092 καὶ
3760 2041 3879 2098 ταῖς

2293 2139 2402 2189 τῶν
2458 2138 2793 2207 ὁριζομένων
2851 2135 3368 2204 παρακολουθήσεσι
3423 2133 3518 2186 καὶ
3581 2131 3878 2195 σπουδαῖς,

2295 2227 2435 2296 ὑπὲρ
2463 2230 2562 2297 τῆς
2615 2227 2822 2289 οἰκείας
2856 2225 3132 2296 σωτηρίας
3183 2225 3533 2295 πρεπόντως.
3567 2224 3668 2274 Διὰ
3701 2221 3880 2274 ταῦτα

2294 2321 2388 2372 καὶ
2421 2320 2668 2388 προνοεῖν
2690 2386 2696 2393 ι
2718 2318 2819 2384 μὲν
2861 2319 3118 2372 ἁπάντων
3153 2319 3180 2370 ὁ
3213 2317 3345 2379 Θεὸς
3377 2317 3598 2384 λέγεται
3641 2314 3758 2366 τῶν
3790 2309 3882 2365 ὑπ’

2294 2413 2477 2467 αὐτῶν
2503 2417 2830 2481 γεγονότων,
2864 2413 2956 2464 καὶ
2987 2411 3045 2464 τὸ
3075 2410 3174 2478 τῆς
3201 2411 3350 2470 Gel-xc
3381 2411 3638 2478 προνοίας
3670 2405 3882 2474 ἀγαθὸν

2296 2505 2375 2568 είς
2407 2505 2585 2557 πάντα
2617 2505 2794 2574 διήκει
2829 2505 2899 2556 τὰ
2927 2503 3180 2557 ὁπωσοῦν
3205 2502 3299 2556 τοῦ
3349 2497 3488 2555 εἶναι
3537 2501 3844 2571 μετέχοντα
3865 2511 3880 2526 ⁸

2296 2597 2610 2668 προορίζειν
2643 2597 2701 2650 δὲ
2732 2597 2832 2666 τὴν
2873 2596 3100 2665 λογικὴν
3132 2595 3296 2662 φύσιν
3342 2597 3506 2664 μόνον
3537 2595 3629 2648 τὸν
3669 2593 3885 2662 ἄνθρω-

2299 2707 2420 2744 πον.
2461 2689 2548 2752 Ὠς
2579 2685 2720 2743 εἶναι
2769 2690 2969 2742 ταυτὸν
3008 2690 3107 2758 μὲν
3149 2687 3236 2740 ἐπ’
3269 2686 3561 2758 ἀνθρώπου
3621 2696 3884 2754 προνοιαν

2299 2780 2436 2834 Θεοῦ
2471 2781 2567 2832 καὶ
2611 2780 2975 2849 προορισμδν,
3016 2781 3262 2849 ἑκατέρῳ
3291 2779 3401 2848 γάρ
3435 2779 3461 2830 ὁ
3503 2777 3662 2845 λόγος
3692 2774 3889 2846 δηλοῦ-

2298 2888 2388 2924 ται
2433 2870 2532 2940 τῆς
2559 2871 2637 2932 είς
2671 2871 2734 2923 τὸ
2778 2872 2979 2925 οἰκεῖον
3012 2871 3218 2936 τάξεως
3245 2871 3395 2931 τέλος
3421 2884 3436 2900 ο
3471 2867 3655 2928 ἁπλῶς
3701 2867 3788 2925 δὲ,
3822 2866 3884 2918 οὐ

2299 2963 2518 3027 ταυτὸν,
2561 2963 2698 3016 ἀλλὰ
2739 2964 2905 3033 μέρος
2955 2963 3054 3032 τῆς
3099 2964 3357 3032 προνοίας
3383 2961 3743 3034 ἐξῃρημένον.
3803 2959 3884 3011 Τὰ

2304 3054 2402 3122 μὲν
2437 3053 2546 3123 γάρ
2576 3053 2712 3107 ἄλλα
2747 3055 3033 3108 τάττονται
3059 3056 3192 3122 πρὸς
3225 3053 3376 3116 τέλος
3407 3055 3472 3122 τῇ
3502 3051 3684 3105 αὐτῶν
3719 3050 3887 3120 φύσει

607 3143 754 3196 idem
791 3141 859 3196 sit
909 3140 960 3193 in
1017 3140 1240 3193 homine
1279 3139 1579 3203 duntaxat,
1639 3136 1980 3208 providentia
2018 3134 2109 3189 Dei
2141 3142 2196 3188 et

2302 3143 2611 3212 σύστοιχον,
2658 3142 2756 3197 καὶ
2792 3143 3018 3210 ἄγονται
3073 3142 3235 3211 μόνον
3275 3142 3350 3206 ὡς
3400 3142 3707 3211 ἐτάχθησαν
3752 3144 3891 3209 ἄγε-

606 3231 1012 3303 praadestinatio
1045 3247 1058 3284 :
1099 3240 1334 3300 utroque
1365 3231 1508 3285 enim
1539 3231 1851 3285 declaratur
1877 3230 2015 3285 ratio
2043 3227 2196 3284 ordi-

608 3328 693 3380 nis
735 3331 801 3379 ad
853 3324 1128 3394 proprium
1181 3322 1344 3377 linem
1388 3321 1714 3386 accedendi;
1753 3323 1978 3377 omnino
2013 3331 2197 3376 autem

607 3427 660 3471 et
692 3415 942 3470 absolute
978 3429 1084 3468 non
1116 3412 1255 3467 idem
1283 3421 1385 3479 est,
1421 3412 1514 3467 sed
1549 3426 1675 3482 pars
1711 3411 2065 3482 providentia
2110 3427 2201 3468 ex-

608 3511 811 3577 empla.
844 3504 1050 3560 Caetera
1103 3505 1303 3574 quippe
1347 3505 1532 3558 omnia
1577 3505 1642 3558 ad
1681 3504 1841 3558 linem
1875 3505 2202 3560 ordinantur

610 3609 819 3651 natum
866 3611 980 3652 sua:
1034 3605 1450 3667 congruentem,
1501 3611 1567 3651 ac
1619 3595 1891 3651 ducuntur
1927 3597 2107 3651 solum
2142 3613 2202 3663 υι

609 3695 873 3740 statutqu
904 3685 1037 3756 ipsis
1069 3694 1151 3740 est
1179 3686 1331 3750 duci,
1361 3701 1468 3740 non
1506 3685 1717 3740 ducunt
1743 3700 1843 3749 se;
1879 3686 2041 3741 homo
2073 3701 2203 3741 vero

609 3788 734 3826 eum
770 3773 837 3827 ad
874 3774 1037 3828 finem
1083 3773 1438 3828 excellentem
1472 3773 1870 3829 determinetur
1903 3789 1932 3828 a
1971 3775 2106 3840 Deo,
2147 3784 2202 3830 et

611 3879 636 3917 e
663 3863 826 3918 domo
877 3864 1108 3920 ducatur
1157 3866 1321 3920 simul
1367 3875 1421 3919 et
1467 3865 1752 3935 adjuvetur
1779 3868 1848 3922 ab
1879 3868 2072 3937 angelo
2105 3881 2205 3922 cu-

611 3958 782 4011 stode.
810 3956 995 4026 Itaque
1021 3958 1162 4012 sicut
1191 3959 1305 4025 ipse
1336 3959 1486 4013 solus
1516 3959 1667 4014 novit
1698 3959 2193 4028 praedestinandos,

611 4051 683 4102 ita
720 4057 1005 4117 postquam
1045 4065 1072 4100 a
1117 4050 1424 4119 semetipsis
1469 4065 1691 4119 quoque
1719 4052 2007 4106 intulerint
2037 4068 2202 4109 omne

613 4140 754 4209 quod
783 4141 850 4192 ah
882 4141 1082 4194 eximia
1107 4139 1398 4209 divinaque
1423 4141 1476 4194 in
1510 4143 1656 4211 ipsos
1687 4141 2050 4197 beneﬁcentia
2079 4159 2198 4197 ma-

614 4232 846 4291 naverit,
889 4245 1126 4299 cumque
1161 4231 1298 4284 sciat
1355 4240 1413 4285 ut
1444 4233 1841 4289 determiuandi
1873 4237 2000 4302 sint,
2031 4236 2200 4292 etiam

616 4331 741 4375 ante
782 4337 942 4390 quam
995 4323 1379 4392 destinentur;
1446 4340 1546 4379 nec
1597 4327 1748 4394 prius
1794 4335 2004 4382 tantum
2041 4344 2205 4398 qualn

617 4415 1030 4484 praedestinati,
1089 4423 1144 4470 et
1199 4419 1362 4470 linem
1426 4419 1666 4472 assecuti
1715 4418 1956 4484 fuerunt,
2017 4436 2206 4475 verum

616 4507 776 4559 etiam
809 4505 1125 4574 priusquam
1160 4506 1262 4576 ipsi
1297 4512 1407 4562 nati
1442 4517 1570 4577 sunt
1597 4509 1972 4580 exiStuntque,
1998 4511 2210 4581 prmde-

628 4599 832 4653 stinare
890 4600 1110 4654 dicitur.
1162 4601 1239 4654 Ac
1297 4600 1666 4670 prtedestinati
1728 4618 1922 4658 rursus
1989 4605 2044 4658 lii
2110 4619 2206 4658 vo-

619 4702 838 4746 cantur.
902 4694 966 4747 Et
1003 4692 1416 4762 praedestinavit
1446 4693 1663 4762 quidem
1710 4707 1806 4750 eos
1847 4694 1938 4763 qui
1985 4709 2210 4750 servan-

617 4791 704 4835 tur
769 4783 1066 4837 servandos
1121 4797 1286 4846 esse,
1353 4783 1816 4851 quemadmodum
1875 4786 2038 4840 etiam
2092 4801 2212 4840 ser-

620 4880 708 4924 vat
745 4889 758 4925 :
795 4887 956 4942 porro
981 4873 1165 4926 salvos
1203 4871 1356 4935 facit,
1396 4883 1454 4928 ut
1489 4883 1544 4928 et
1592 4878 1896 4931 servandos
1929 4877 2212 4946 praedesti-

621 4974 785 5016 natnt.
818 4962 1072 5027 Proinde,
1138 4972 1197 5016 ut
1227 4963 1318 5030 qui
1354 4978 1412 5018 se
1459 4967 1807 5030 exorbitant,
1858 4966 2154 5022 deﬂecumt
2184 4984 2214 5021 a

624 5057 704 5104 \‘ia
732 5053 794 5105 ad
821 5052 1112 5106 terminum
1131 5054 1384 5122 ducente,
1411 5065 1504 5109 aut
1525 5057 1858 5126 obliquanda
1875 5067 2066 5126 sponte
2088 5058 2216 5113 hinc

625 5143 768 5209 inde,
811 5159 872 5196 ac
909 5145 996 5198 Dei
1040 5159 1164 5215 erga
1200 5145 1346 5214 ipsos
1377 5147 1617 5201 studium
1659 5150 1874 5202 irritum
1913 5148 2212 5216 reddendo,

628 5237 795 5304 quod,
826 5245 882 5288 ut
911 5235 1169 5291 destinari
1197 5249 1416 5308 possent
1462 5254 1524 5294 ac
1559 5238 1980 5307 prmdestinandi
2011 5249 2215 5307 essent,

627 5329 802 5380 modis
833 5328 1091 5383 omnibus
1124 5332 1441 5386 ostendunt.
1520 5331 1711 5401 Itaque
1761 5347 1790 5383 a
1826 5332 1992 5386 limite
2025 5333 2220 5389 merito

627 5420 964 5485 excidentes,
993 5423 1358 5493 reprobanlur
1381 5422 1568 5490 utique
1591 5431 1810 5491 propter
1836 5423 2069 5494 seipsds,
2096 5442 2221 5480 cum

628 5515 846 5567 occasio
879 5515 1012 5584 ipsis
1042 5531 1100 5570 se
1130 5515 1393 5569 obtulerit
1421 5515 1756 5582 experientia
1788 5517 1911 5572 linis
1941 5518 2221 5587 repulsam

629 5605 1020 5672 cognoscendi.
1043 5603 1164 5658 Jam
1197 5619 1324 5656 vero
1347 5620 1376 5657 a
1399 5601 1508 5658 Deo
1533 5605 1831 5674 reprobati,
1855 5608 2017 5662 etiam
2044 5610 2222 5678 prius-

633 5712 796 5765 quam
833 5697 1052 5762 luerint,
1076 5697 1385 5762 exsistunt;
1411 5713 1517 5753 non
1553 5698 1699 5768 quod
1730 5701 1782 5754 in
1824 5703 2220 5771 sempiternum

2306 3233 2452 3301 σθαι,
2487 3234 2590 3286 οὐκ
2619 3233 2848 3302 ἄγουσιν
2881 3232 3052 3286 ἑαυτά
3075 3248 3089 3262 ·
3125 3232 3412 3300 ἄνθρωπος
3446 3231 3504 3286 δὲ
3557 3232 3692 3300 πρὸς
3727 3233 3888 3293 τέλος

2305 3324 2603 3396 ὑπερφυὲς,
2634 3322 2948 3393 ὁριζόμενος
2977 3323 3076 3393 μὲν
3109 3324 3212 3376 ὑπὸ
3238 3323 3373 3376 Θεοῦ
3408 3323 3544 3392 πρὸς
3573 3323 3759 3385 αὑτὸν,
3799 3323 3892 3374 καὶ

2305 3415 2517 3470 οἴκοθεν
2561 3415 2619 3468 δὲ
2652 3414 2918 3485 ἀγόμενος
2951 3414 3088 3484 ἅμα,
3123 3416 3217 3470 καὶ
3267 3416 3486 3486 ἀγγέλῳ
3521 3415 3724 3487 φύλακι
3761 3416 3893 3488 βοη-

2306 3509 2604 3577 θούμενος·
2633 3509 2710 3571 ὡς
2751 3509 2845 3563 οῦν
2899 3509 3061 3572 αὐτὸς
3109 3511 3268 3580 μόνος
3304 3510 3462 3574 εἰδὼς
3507 3513 3635 3574 τοὺς
3663 3511 3892 3581 ὁρισθη-

2307 3601 2594 3671 σομένους,
2621 3601 2815 3666 οὕτως,
2846 3601 3067 3656 ἐπειδὰν
3113 3605 3208 3656 καὶ
3242 3604 3301 3656 τὸ
3345 3602 3476 3672 παρ’
3499 3603 3711 3656 ἑαυτῶν
3747 3605 3893 3656 είσε-

2307 3697 2578 3766 νέγκωσιν
2607 3696 2775 3762 ἅπαν,
2813 3698 2878 3766 τῇ
2913 3696 3035 3768 θεία
3081 3696 3208 3767 περὶ
3244 3697 3443 3760 αὐτοὺς
3492 3697 3586 3750 καὶ
3619 3696 3894 3766 ὑπερφυεῖ

2305 3790 2482 3857 δωρεᾷ
2509 3805 2523 3822 ο
2578 3790 2673 3842 καὶ
2707 3788 2886 3853 εἰδὼς,
2919 3791 2996 3854 ώς
3036 3788 3444 3859 ὁρισθήσονται,
3477 3790 3572 3844 καὶ
3618 3790 3749 3858 πρὶν
3776 3791 3893 3858 ὁρι-

2311 3879 2523 3946 σθῆναι.
2576 3879 2712 3932 Οὐδὲ
2749 3881 2879 3948 πρὶν
2910 3881 3194 3950 ὁρισθῆναι
3226 3882 3408 3948 μόνον,
3439 3881 3532 3932 καὶ
3580 3878 3672 3932 τοῦ
3703 3877 3891 3939 τέλους

2309 3974 2492 4039 τυχεῖν
2514 3985 2530 4004 ο
2563 3972 2698 4024 ἀλλὰ
2743 3973 2838 4024 καὶ
2873 3972 3005 4041 πρὶν
3032 3973 3231 4034 αὐτοὺς
3264 3969 3550 4039 γεγονέναι
3598 3971 3693 4024 καὶ
3722 3965 3887 4033 εἶναι,

2310 4061 2624 4130 προορίζειν
2669 4062 2907 4129 λέγεται.
2940 4064 3504 4134 Καὶηπροωρισμένοι
3538 4064 3699 4117 πάλιν
3744 4059 3892 4119 οὗτοι

2311 4151 2624 4206 καλοῦνται.
2666 4154 2776 4207 Καὶ
2831 4153 3106 4222 προώρισε
3146 4156 3245 4224 μὲν
3275 4155 3517 4224 σωθῆναι
3560 4156 3686 4217 τοὺς
3715 4153 3893 4217 σωζο-

2314 4242 2529 4311 μένους,
2561 4240 2754 4313 ὥσπερ
2782 4242 2878 4296 καὶ
2919 4243 3115 4308 σώζει·
3166 4243 3330 4308 σώζει
3364 4245 3442 4309 δὲ,
3480 4245 3556 4308 ώς
3589 4245 3684 4298 καὶ
3715 4243 3890 4312 σωθῆ-

2311 4350 2401 4385 ναι
2425 4332 2734 4402 προώρισεν
2761 4348 2776 4363 ο
2816 4331 3004 4401 ὥσπερ
3033 4333 3100 4388 αῦ
3131 4335 3179 4388 οἱ
3213 4335 3467 4402 καθάπαξ
3497 4337 3893 4406 ἀφηνιάζοντες

2309 4427 2409 4495 τῆς
2443 4423 2579 4494 πρὸς
2611 4421 2704 4476 τὸν
2751 4425 2876 4493 ὅρον
2901 4424 3045 4490 ὁδοῦ,
3082 4425 3114 4494 ἢ
3166 4426 3567 4495 πλαγιάζοντες
3612 4426 3764 4481 ένθεν
3796 4429 3896 4482 κά-

2238 4523 2285 4581 ι)
2313 4515 2494 4569 κεῖθεν
2520 4514 2761 4582 ἑκόντες,
2792 4515 2888 4568 καὶ
2916 4515 3018 4586 τὴν
3052 4515 3146 4569 τοῦ
3179 4517 3316 4570 Θεοῦ
3358 4519 3488 4590 περὶ
3521 4519 3720 4583 αὐτοὺς
3754 4522 3895 4574 ἀκυ-

2314 4605 2537 4677 ροῦντες
2589 4606 2850 4677 σπουδὴν,
2880 4607 2948 4678 ἣν
2978 4608 3054 4671 ώς
3091 4610 3159 4663 ἂν
3213 4611 3481 4681 ὁρίζοιντό
3515 4628 3574 4664 τε
3627 4614 3724 4666 καὶ
3777 4615 3895 4682 ὁρι-

2315 4697 2512 4763 σθεῖεν,
2540 4699 2675 4751 πᾶσι
2725 4699 2953 4768 τρόποις
3009 4700 3402 4759 ἐνδείκνυνται.
3452 4704 3564 4758 Καὶ
3594 4703 3736 4758 οὕτω
3798 4703 3896 4755 uti

2314 4789 2440 4858 ὅρου
2481 4790 2709 4853 δικαίως
2739 4791 3124 4860 ἐκπίπτοντες,
3161 4795 3662 4866 άποδοκιμάζονται
3697 4798 3795 4867 μὲν
3827 4797 3894 4850 δι’

2317 4881 2565 4946 ἑαυτοὺς,
2599 4883 2822 4937 ἐπειδάν
2867 4886 2895 4937 ὁ
2926 4887 3122 4957 καιρὸς
3149 4888 3331 4951 αὐτοῖς
3363 4890 3557 4960 ἑπιστῇ
3606 4889 3700 4943 τοῦ
3736 4891 3896 4961 πείρα

2318 4973 2521 5040 γνῶναι
2551 4974 2650 5046 τὴν
2682 4978 2776 5029 τοῦ
2826 4979 3016 5041 τέλους
3052 4980 3364 5047 ἀπότευξιν.
3401 4983 3494 5050 Τῷ
3525 4982 3582 5036 δὲ
3609 4983 3727 5053 Θεῷ
3758 5001 3898 5054 προ-

2319 5066 2884 5137 αποδεδοκιμασμένοι
2920 5071 3012 5123 καὶ
3047 5073 3176 5140 πρὶν
3207 5074 3464 5140 γενέσθαι
3515 5077 3898 5144 τυγχάνουσιν,

2320 5156 2419 5224 οὐχ
2470 5155 2546 5218 ώς
2594 5157 2828 5222 αίωνίως
2878 5161 3310 5230 ἀποδοκιμάζειν
3357 5164 3619 5229 ἐθέλοντι,
3680 5165 3796 5219 ἀλλ’
3825 5167 3898 5230 ὡς

2321 5247 2554 5310 αἱωνίως
2612 5249 3300 5322 ἀποδοκιμασθησομένους
3351 5256 3539 5321 εἰδότι,
3589 5257 3684 5310 καὶ
3721 5259 3898 5311 πᾶσαν

2322 5337 2420 5405 τὴν
2449 5338 2574 5408 περὶ
2605 5339 2804 5404 αὐτοὺς
2828 5343 3226 5412 ἀκυρώσαντας
3257 5345 3350 5398 τοῦ
3383 5346 3519 5399 Θεοῦ
3565 5348 3658 5400 καὶ
3693 5350 3898 5418 Πατρὶς

2327 5432 2604 5500 πρόνοιαν,
2640 5435 2735 5486 καὶ
2773 5434 2875 5505 τὴν
2904 5435 3041 5504 πρὸς
3075 5437 3135 5489 τὸ
3166 5440 3350 5507 τυχεῖν
3379 5438 3478 5492 τοῦ
3513 5441 3704 5503 τέλους
3740 5458 3896 5494 σπου-

2327 5522 2470 5591 δήν.
2498 5523 2660 5578 ’Δλλὰ
2688 5525 2863 5578 ταῦτα
2892 5527 2993 5594 μὲν
3024 5527 3162 5590 ἰδίας
3197 5532 3291 5582 καὶ
3325 5532 3571 5600 μεγάλης
3613 5531 3782 5584 δεῖται
3809 5532 3898 5600 τῆς

2327 5614 2734 5681 πραγματείας.
2774 5617 2933 5669 ’ἰτέον
2965 5616 3022 5670 δὲ
3068 5617 3170 5670 νῦν
3201 5619 3292 5670 ἐπὶ
3321 5620 3380 5672 τὸ
3415 5623 3796 5691 προκείμενον.
3826 5619 3898 5676 Οὐ

2327 5704 2436 5772 γὰρ
2472 5705 2598 5772 περὶ
2628 5707 2722 5759 τοῦ
2770 5707 2918 5760 θείου
2948 5710 3292 5780 προορισμοῦ
3338 5711 3640 5778 διαλαϐεῖν,
3680 5713 3815 5775 ἀλλὰ
3846 5712 3900 5766 τὸ

633 5788 928 5848 reprobare
979 5787 1126 5850 velit,
1161 5789 1254 5845 sed
1297 5791 1439 5854 quod
1491 5791 1830 5856 pracscicntia
1886 5793 2132 5862 praesciat
2169 5793 2196 5849 ii

2331 5793 2562 5879 κινῆσαν
2585 5795 2682 5880 τδν
2719 5798 2895 5872 μέγαν
2931 5799 3198 5864 φωστῆρα
3237 5800 3405 5866 δεῖξαι
3435 5801 3764 5867 βουλόμεθα.
