4170 6294
370 387 493 446 549

1350 372 1711 433 EPISTULA
1752 371 1849 431 DE
1903 338 2651 437 Pll.El)ESTlNATl()NE.

3540 372 3646 435 550

362 509 540 548 omne
590 504 762 547 aevum
815 487 1204 559 reprobandos,
1256 500 1581 555 omnemque
1628 498 1751 553 erga
1802 483 1949 551 ipsos
2004 482 2096 537 Dei
2128 483 2306 541 Patris
2331 495 2383 540 et
2424 486 2733 545 Servatoris
2794 488 3187 556 providentiam
3248 488 3455 543 irritatn
3512 488 3644 543 ειπε-

368 601 565 643 cturus
595 603 657 641 ac
693 588 936 641 studium
981 585 1047 639 ad
1098 586 1255 638 linem
1290 582 1712 653 assequendnm.
1754 578 1949 634 Verum
2011 579 2126 635 ha:c
2174 583 2432 649 peculiari
2512 599 2822 654 magnoque
2870 585 3111 654 indigent
3174 591 3411 637 tractatu
3447 598 3458 633 :
3500 597 3646 637 nunc

372 684 445 736 ad
482 681 845 751 propositum.
862 678 1229 733 afCt‘dt‘litlllm
1270 685 1372 731 est.
1407 675 1617 729 Etenim
1650 690 1757 727 non
1788 673 1855 727 de
1880 672 2059 727 divina
2092 676 2570 744 praedestinatione
2598 678 3027 747 disputationem
3062 677 3372 743 instituere,
3397 678 3490 732 Sed
3515 678 3647 747 quid

375 764 637 838 magnum
679 772 862 823 lumen
900 766 1141 821 incitarit
1172 764 1459 832 ostendere
1500 764 1772 817 volumus.

469 863 592 914 Ἐπὶ
620 860 831 921 τούτοις
859 858 961 926 ήδη
993 856 1195 919 καλῶς,
1224 854 1533 906 σκοπείσθω
1569 853 1677 923 γὰρ
1724 853 1840 922 ἅμα
1865 849 1959 905 καὶ⁵

2130 849 2247 907 Jam
2290 868 2453 923 super
2483 854 2567 910 his
2621 854 2848 923 pulchre
2888 868 2947 909 se
2991 869 3074 908 res
3109 852 3287 907 habet.
3324 850 3497 905 Simul
3548 853 3650 906 uti-

382 952 713 1015 τούναντίον,
748 951 829 1012 εἰς
873 948 1046 1016 μείζω
1086 948 1183 1013 τῆς
1234 945 1490 1015 ἀληθείας
1531 945 1846 1013 βεϐαίωσιν,
1886 942 1963 1006 ὡς

381 1048 497 1114 ἄρα
526 1044 623 1108 τῆς
670 1040 1017 1111 ἀνθρωπείης
1046 1040 1189 1106 ζωῆς
1228 1054 1287 1089 τε
1318 1038 1412 1088 καὶ
1457 1036 1736 1106 τελευτῆς,
1770 1052 1962 1105 προαι-

382 1139 537 1208 ρέσει
562 1153 623 1187 τε
660 1134 841 1186 αὐτῶν
865 1131 961 1185 καὶ
994 1130 1154 1200 φύσει
1186 1131 1282 1183 καὶ
1311 1129 1449 1199 τύχῃ
1474 1128 1961 1197 καταλειπομένων

376 1226 450 1279 ἂν
486 1224 757 1289 καθάπαξ,
804 1223 837 1292 ἦ
878 1224 970 1274 καὶ
1005 1222 1144 1291 μόνῃ
1198 1223 1263 1289 τῇ
1301 1223 1455 1291 κοινῇ
1508 1220 1603 1274 καὶ
1637 1219 1962 1289 προσκαίρῳ

382 1318 520 1387 περὶ
545 1317 612 1369 τὰ
642 1316 822 1381 ζῶντα
858 1316 1037 1368 πάντα
1079 1315 1329 1385 προνοίᾳ,
1365 1313 1644 1383 οἰχήσεται
1678 1312 1776 1381 μὲν
1805 1314 1837 1381 ἡ
1869 1310 1964 1363 τοῦ

376 1410 501 1469 τοῖς
533 1407 844 1475 ἀνθρώποις
874 1406 1131 1474 κειμένου
1157 1406 1342 1466 τέλους
1372 1403 1665 1469 ὲπίτευξις.
1693 1400 1767 1455 Oi:
1798 1401 1965 1455 καθά-

379 1501 501 1563 παξ
529 1500 680 1560 ὄντος
712 1498 1049 1570 ὑπερφυοῦς,
1089 1498 1264 1560 οὐδεὶς
1294 1496 1437 1565 αύτῷ
1476 1495 1845 1565 προσαχθῆναι
1877 1494 1964 1546 δύ-

378 1610 572 1657 ναται,
602 1593 676 1661 μὴ
702 1591 795 1642 τοῦ
822 1591 1049 1659 θεμένου
1080 1606 1137 1640 τε
1166 1591 1261 1641 καὶ
1290 1589 1571 1653 ὁρίσαντος
1596 1587 1771 1655 τούτῳ
1800 1601 1967 1654 προσ-

381 1686 636 1750 άγοντος,
677 1683 757 1753 τῷ
800 1684 947 1735 λύειν
974 1682 1073 1744 τὰς
1117 1682 1317 1743 πολλὰς
1350 1680 1586 1732 ἐνταῦθα
1621 1679 1963 1748 δυσχερείας,

381 1778 488 1829 καὶ
520 1773 807 1835 τοσαύταις
839 1776 957 1834 ταῖς
990 1772 1308 1843 εἰρημέναις
1342 1770 1605 1839 μεθόδοις.
1649 1770 1758 1822 Καὶ
1788 1771 1966 1838 μάτην

385 1868 495 1937 μὲν
526 1868 783 1933 Μωῡσῆς,
824 1869 917 1918 καὶ
944 1868 970 1917 ὁ
1009 1864 1076 1918 δι’
1107 1863 1272 1916 αὐτοῦ
1324 1861 1732 1929 παιδαγωγικδς
1778 1862 1963 1930 νόμος,

381 1956 529 2026 πρὸς
566 1955 735 2023 μείζω
763 1954 1098 2023 τεταγμένος
1135 1953 1295 2021 νόμον
1330 1953 1424 2006 καὶ
1456 1950 1787 2019 τελεώτερον
1813 1966 1826 1979 ⁸
1868 1950 1967 2018 μά-

381 2064 495 2115 την
551 2047 607 2100 δὲ
638 2047 785 2099 πᾶσα
818 2047 849 2115 ή
885 2045 1012 2115 περὶ
1064 2043 1161 2112 τῆς
1195 2044 1304 2096 τῶν
1350 2041 1657 2111 ἀνθρώπων
1690 2043 1966 2110 σωτηρίας

382 2137 623 2207 σπουδὴ,
660 2136 960 2207 συλλήϐδην
1008 2138 1204 2193 εἰπεῖν.
1237 2137 1312 2190 Οὐ
1358 2135 1466 2205 γὰρ
1494 2134 1577 2187 δεῖ
1616 2135 1737 2188 καθ’
1762 2135 1967 2189 ἕκαστα

384 2232 597 2299 λέγειν.
643 2232 700 2285 '0
744 2232 801 2283 δὲ
831 2231 972 2295 θεῖος
1025 2230 1362 2301 προορισμδς
1408 2230 1509 2281 οὐκ
1555 2227 1709 2281 ἔσται
1756 2228 1964 2291 λοιπὸν,

382 2322 468 2385 ὡς
499 2322 622 2375 οὔτε
655 2322 838 2383 αὐτοῖς
869 2321 1238 2391 προσάγοντος
1270 2319 1409 2371 κατὰ
1454 2317 1645 2387 καιρὸν
1673 2315 1870 2378 αὐτοὺς
1896 2314 1970 2383 τῷ

381 2414 509 2482 ὅρῳ
541 2412 632 2464 καὶ
661 2412 739 2483 τῷ
772 2411 958 2481 σκοπῴ
986 2428 1000 2439 ·
1031 2409 1146 2464 οὗθ’
1177 2408 1354 2476 ἑαυτῷ
1385 2408 1689 2477 πόρρωθεν,
1722 2408 1816 2459 καὶ
1841 2406 1970 2474 πρὶν

385 2504 649 2572 γενέσθαι
681 2504 877 2567 αὐτοὺς
923 2501 1385 2573 προσαγηοχότος.
1431 2500 1491 2551 Ἥ
1529 2499 1583 2551 δὲ
1605 2497 1725 2551 θεία
1771 2514 1967 2550 συναν-

384 2594 743 2663 αιρεθησεται
821 2594 1050 2664 πρόνοια
1124 2592 1183 2643 ού
1239 2589 1348 2643 τῶν
1400 2588 1756 2658 ἀνθρωπίνων
1811 2587 1971 2655 μόνον

389 2683 762 2753 πραγμάτων,
791 2683 926 2736 ἀλλά
956 2685 1049 2735 καὶ
1082 2682 1300 2736 πάντων
1326 2680 1531 2748 σχεδόν.
1565 2678 1677 2747 Τὴν
1708 2677 1818 2745 γὰρ
1848 2692 1971 2728 ποι·-

392 2772 709 2841 κιλωτάτην
740 2775 834 2826 καὶ
863 2771 1185 2840 σοφωτάτην
1215 2770 1323 2823 τῶν
1373 2768 1729 2838 ἀνθρωπίνων
1762 2767 1972 2837 διοίκη-

388 2883 485 2918 σιν
514 2866 663 2928 τέλος
686 2867 719 2935 ἡ
744 2864 988 2935 ἡμετέρα
1017 2863 1199 2925 πίστις
1242 2864 1335 2916 καὶ
1362 2862 1572 2932 καρπὸν
1606 2861 1843 2913 ποιεῖται
1872 2860 1971 2929 τῆς

388 2954 778 3025 ἁπλουστέρας
804 2953 901 3007 τοῦ
934 2954 1134 3016 παντὸς
1156 2953 1500 3023 διοικήσεως.
1542 2951 1697 3004 Ἐπεὶ
1725 2952 1822 3005 καὶ
1844 2951 1975 3004 ὑπο-

388 3045 687 3117 τεταχέναι
720 3047 749 3099 ὁ
789 3046 921 3109 Θεὸς
972 3046 1190 3113 λέγεται
1235 3044 1312 3113 τῷ
1352 3042 1628 3114 ἀνθρώπῳ
1662 3042 1842 3096 πάντα
1870 3042 1974 3095 ὑπὸ

391 3141 530 3200 τοὺς
571 3138 734 3201 πόδας
767 3119 951 3203 αὐτοῦ,
1004 3137 1080 3199 ὡς
1108 3136 1200 3191 ἐπὶ
1245 3137 1356 3198 τοῖς
1409 3134 1591 3204 ἔργοις
1620 3134 1734 3204 ,τῶν
1772 3134 1973 3203 χειρῶν

394 3228 565 3282 αὐτοῦ
587 3230 941 3293 καταστάντι,
970 3230 1059 3282 καὶ
1089 3227 1260 3298 βραχύ
1291 3246 1340 3280 τι
1361 3226 1495 3297 παρ’
1520 3227 1784 3294 ἀγγέλους
1813 3226 1974 3295 ἠλατ-

390 3320 656 3389 τωμένῳ.
687 3320 781 3371 Διὸ
809 3318 1025 3387 καὶτῆς
1058 3318 1166 3371 τῶν
1199 3317 1503 3388 ἀνθρώπων
1535 3317 1804 3385 γενέσεως
1834 3332 1978 3369 παυ-

399 3412 665 3481 σομένης,
698 3413 791 3464 καὶ
817 3413 850 3482 ἡ
877 3409 984 3465 τῶν
1029 3411 1299 3479 οὐρανίων
1362 3410 1836 3462 συναναπαύσεται
1891 3409 1976 3461 κί-

403 3517 586 3573 νησις,
635 3503 702 3555 τὰ
761 3503 880 3555 θεῖά
924 3518 1057 3572 φασι
1116 3501 1303 3568 Γόγια,
1335 3500 1409 3563 ὡς
1464 3500 1648 3570 ἐκείνῃ
1697 3499 1976 3570 προύργου

399 3592 720 3662 τεταγμένη
774 3591 1036 3645 δουλεύιν.
1098 3592 1265 3644 Ἀλλὰ
1303 3593 1372 3643 τὰ
1427 3590 1528 3661 μὲν
1590 3591 1727 3645 ἄλλα
1774 3592 1972 3659 ἐῶμεν.

344 3742 359 3751 ,
401 3688 545 3758 Περὶ
575 3687 631 3740 δὲ
656 3688 764 3741 τῶν
809 3687 1113 3757 ἀνθρώπων
1151 3688 1230 3749 τίς
1267 3687 1431 3750 ,ἔσται
1460 3686 1649 3739 λοιπὸν
1680 3689 1725 3757 pl)
1755 3685 1849 3739 τοῦ
1883 3686 1977 3738 οὑ-

403 3779 598 3850 ρανίου
634 3780 847 3847 Πατρὸς
880 3779 1107 3848 πρόνοια
1138 3796 1153 3846 ;
1183 3780 1230 3831 εί
1260 3778 1413 3842 τέλος
1442 3780 1540 3847 μὲν
1580 3778 1761 3831 αὐτῶν
1797 3778 1858 3830 τὸ
1887 3795 1979 3830 τυ-

398 3874 523 3943 χεῖν
550 3871 644 3940 τῆς
683 3872 957 3942 μακαρίας
988 3871 1153 3941 ζωῆς.
1181 3872 1298 3934 ὁδὸς
1331 3871 1385 3923 δὲ
1419 3873 1450 3940 ἡ
1482 3872 1716 3926 ἐνταῦθα
1744 3871 1877 3940 ζωὴ,
1911 3872 1980 3941 ἢν

397 3963 589 4027 καλῶς
634 3964 910 4024 ὁδεύοντες
959 3961 1309 4032 ἐφικνοῦνται
1342 3962 1436 4017 τοῦ
1482 3963 1693 4025 τέλους.
1740 3962 1877 4017 Οὔτε
1923 3963 1979 4015 δὲ

398 4055 588 4117 καλῶς
604 4055 833 4119 ὁδεύειν,
855 4053 976 4107 οὔτε
998 4055 1092 4106 τοῦ
1111 4054 1299 4116 τέλους
1312 4055 1602 4123 τυγχάνειν
1623 4053 1835 4123 ἔχουσιν
1851 4054 1982 4107 ἄνευ

398 4145 567 4199 Θεοῦ.
611 4144 668 4198 Ὀ
693 4145 748 4196 δὲ
769 4145 868 4213 τῆς
901 4144 1209 4211 ὁδοιπορίας
1231 4143 1430 4207 αὐτῶν,
1463 4143 1732 4207 τουτέστι,
1766 4143 1867 4213 τῆς
1893 4145 1984 4196 ὲν-

399 4237 580 4292 ταῦθα
596 4236 740 4305 ζωῆς
756 4236 828 4305 μὴ
847 4236 1142 4303 φροντίζει,
1163 4235 1469 4305 ἀρχομένης
1484 4251 1542 4286 τε
1558 4237 1651 4286 καὶ
1668 4234 1985 4303 προϐαινού⁴

405 4346 510 4398 σης
536 4330 629 4382 καὶ
667 4327 1070 4397 τελειουμένης,
1108 4328 1255 4390 ὅπως
1295 4327 1362 4381 ἂν
1407 4327 1475 4381 δι’
1506 4327 1681 4396 αὐτῆς
1713 4328 1984 4380 εὐοδοῖντο

404 4420 547 4489 πρὸς
571 4418 629 4471 τὸ
648 4418 796 4482 τέλος
814 4418 994 4481 καλῶς
1013 4419 1441 4487 ὑπερπηδῶντες
1461 4419 1641 4471 πᾶσαν
1663 4420 1986 4491 δυσχέρειαν

404 4513 468 4577 ἐξ
495 4511 736 4580 ἀπείρων
763 4510 1109 4563 συναντῶσαν
1134 4510 1242 4562 τῶν
1262 4510 1502 4579 τρόπων,
1537 4511 1672 4580 μηδὲ
1705 4514 1988 4582 πατρικῶς

404 4604 719 4671 οἰκονομοίη
748 4603 815 4657 τά
859 4603 1046 4666 τέκνα,
1081 4601 1192 4654 ἀλλ’
1220 4602 1330 4671 ἐῴη
1379 4603 1539 4670 μόνον
1580 4602 1720 4655 αὐτὰ
1770 4603 1987 4671 φύσεώς

402 4709 466 4745 τε
500 4692 753 4763 ἀσθενείᾳ
801 4693 895 4744 καὶ
945 4690 1321 4760 προαιρέσεως
1370 4690 1629 4760 ἀστασίᾳ,
1684 4693 1779 4744 καὶ
1814 4692 1987 4762 τύχης

407 4784 603 4854 ἀλογίᾳ
648 4782 931 4854 φέρεσθαι,
962 4782 1030 4834 δι’
1065 4775 1139 4835 ὧν
1187 4782 1450 4834 ἀδύνατόν
1503 4785 1651 4835 ἐστιν
1681 4781 1775 4835 τοῦ
1816 4783 1987 4853 ὑπερ-

2063 957 2168 1013 que
2219 954 2501 1011 spectetur
2528 945 2692 999 etiam
2725 945 3091 1009 contrarium,
3135 952 3194 997 ut
3238 943 3455 997 veritas
3477 944 3649 1013 magis

2065 1036 2373 1090 stabiliatur
2412 1053 2425 1090 :
2463 1046 2719 1106 tanquam
2755 1036 2799 1091 si
2837 1038 3073 1090 humana
3110 1038 3216 1089 vita
3249 1045 3412 1105 atque
3462 1036 3647 1090 obitus

2065 1127 2296 1181 consilio
2327 1135 2380 1181 et
2417 1139 2626 1182 naturae
2654 1136 2709 1182 et
2744 1127 2976 1182 fortuna:
3008 1125 3176 1182 semel
3202 1125 3650 1193 derelinqueret:-

2067 1228 2172 1284 tur,
2211 1218 2291 1271 vel
2353 1219 2455 1273 soli
2504 1220 2780 1272 communi
2826 1226 2879 1272 et
2927 1226 3246 1286 opportunae
3292 1216 3652 1285 providentiae

2065 1324 2188 1378 qua:
2221 1309 2479 1363 omnibus
2512 1309 2822 1363 viventibus
2876 1308 3153 1371 consulit;
3189 1308 3261 1361 ita
3302 1315 3649 1362 evanesceret

2066 1401 2325 1469 propositi
2380 1400 2501 1455 finis
2552 1399 2864 1453 hominibus
2892 1400 3184 1454 assccutio.
3212 1398 3314 1463 Qui
3347 1414 3470 1453 cum
3502 1412 3655 1467 pror-

2067 1505 2163 1545 sus
2187 1499 2437 1543 naturain
2469 1490 2910 1556 superet,nnllus
2934 1489 2999 1541 ad
3026 1489 3201 1555 ipsum
3230 1497 3406 1553 potest
3432 1486 3651 1553 adduci,

2060 1583 2174 1637 nisi
2218 1585 2264 1636 is
2292 1584 2382 1649 qui
2412 1582 2601 1635 statuit
2634 1590 2687 1635 et
2718 1580 2928 1646 definit,
2965 1582 3031 1633 ad
3070 1594 3193 1633 eum
3226 1572 3482 1642 adducat,
3516 1579 3656 1631 mul-

2070 1683 2150 1729 tas
2192 1674 2281 1728 hic
2313 1674 2572 1729 solvendo
2622 1672 2992 1737 difficultates,
3025 1680 3078 1725 et
3129 1679 3208 1724 tot
3242 1682 3460 1738 tamque
3495 1669 3658 1723 variis

2069 1769 2171 1822 viis
2207 1778 2260 1822 et
2304 1767 2609 1821 rationibus
2640 1782 2761 1835 quae
2809 1766 2968 1818 dicta:
2998 1772 3144 1818 sunt.
3179 1764 3247 1815 At
3293 1761 3491 1814 frustra
3524 1775 3659 1815 sane

2068 1859 2246 1913 Moses
2273 1868 2325 1912 ct
2353 1875 2446 1927 per
2469 1875 2594 1913 eum
2648 1857 2865 1912 condita
2907 1857 2990 1910 lex
3045 1854 3365 1909 instituendi
3401 1855 3507 1906 vim
3563 1854 3657 1907 ha-

2071 1951 2230 2015 bens,
2256 1957 2272 1972 ‘
2307 1951 2371 2002 ad
2411 1952 2715 2020 graviorem
2753 1958 2806 2002 et
2832 1947 3209 2015 perfectiorcm
3246 1946 3417 2011 legem
3449 1943 3659 1998 cohsti-

2073 2050 2188 2094 tuta
2222 2058 2234 2093 :
2271 2042 2546 2097 incassum
2593 2042 2755 2094 etiam
2806 2041 2986 2094 omnis
3028 2041 3091 2092 de
3147 2039 3322 2093 salute
3373 2037 3657 2091 hominum

2073 2148 2202 2188 cura
2235 2142 2287 2189 ct
2320 2132 2650 2199 so'llcitudo,
2678 2142 2737 2186 ut
2766 2131 2927 2186 simul
2955 2130 3136 2185 omnia
3168 2129 3399 2205 dicendo
3422 2128 3660 2195 comple-

2074 2239 2190 2281 CIar
2224 2246 2238 2281 :
2278 2241 2374 2281 nec
2400 2226 2543 2279 enim
2576 2226 2851 2295 sigillatim
2885 2239 3112 2293 qumque
3134 2222 3478 2276 enuntianda
3508 2229 3659 2275 sunt.

2076 2316 2273 2385 Utique
2313 2318 2511 2371 divinae
2554 2315 3020 2384 prmdcstinationi
3056 2315 3209 2368 locus
3245 2328 3353 2367 non
3382 2309 3664 2380 relinque-

2073 2423 2180 2475 tur,
2202 2426 2323 2464 cum
2354 2425 2453 2464 nec
2478 2410 2707 2464 exsistat
2743 2409 2833 2476 qui
2873 2408 3120 2463 homines
3147 2406 3432 2461 commode
3463 2422 3663 2475 oppor—

2073 2510 2308 2569 tuneque
2337 2501 2623 2555 admoveat
2650 2500 2886 2553 termino
2910 2506 2963 2552 et
2994 2508 3170 2561 metae,
3198 2512 3370 2567 neque
3406 2512 3534 2552 vero
3566 2496 3660 2565 qui

2074 2594 2180 2651 sibi
2233 2594 2447 2647 eminus
2483 2593 2801 2662 priusquam
2851 2590 2962 2644 nati
2996 2590 3105 2645 sint
3150 2591 3459 2663 adduxerit.
3496 2590 3666 2645 Porro

2074 2684 2257 2739 divina
2285 2684 2447 2738 simul
2478 2683 2697 2738 tolletur
2724 2682 3092 2751 providentia,
3138 2696 3245 2734 non
3297 2682 3663 2736 humanarum

2077 2778 2238 2831 modo
2280 2792 2487 2840 rerum,
2516 2776 2609 2830 sed
2639 2784 2688 2829 et
2723 2775 2969 2829 omnium
3005 2774 3420 2843 propemodum.
3452 2775 3666 2829 Etenim

2074 2866 2504 2922 diversissimam
2536 2880 2599 2920 ac
2653 2865 3139 2935 prudentissimam
3179 2864 3542 2918 humanarum
3582 2881 3667 2920 re-

2077 2973 2197 3012 rum
2225 2957 2778 3018 administrationem,
2829 2955 2960 3010 ﬁdes
3000 2964 3183 3010 nostra
3215 2958 3372 3009 linem
3409 2957 3668 3011 fructum-

2075 3066 2181 3120 que
2220 3050 2348 3103 facit
2397 3048 2750 3118 simplicioris
2801 3048 3181 3104 universorum
3234 3049 3671 3117 gubernationis.

2077 3143 2527 3212 Quandoquidem
2566 3141 2708 3195 Deus
2734 3141 2918 3195 omnia
2951 3142 3155 3195 homini
3185 3142 3497 3197 subdidisse
3537 3144 3671 3199 dici-

2080 3243 2187 3298 tur,
2215 3242 2268 3288 et
2296 3233 2453 3302 quasi
2482 3232 2716 3300 pedibus
2752 3232 3148 3297 substravisse,
3180 3242 3239 3287 ut
3266 3234 3312 3287 ei
3346 3235 3436 3304 qni
3477 3250 3673 3303 propo-

2079 3323 2220 3378 situs
2249 3333 2333 3378 est
2370 3324 2637 3393 operibus
2675 3337 2939 3376 manumn
2978 3337 3224 3385 suarum,
3258 3341 3274 3372 ι
3306 3333 3359 3376 et
3392 3325 3673 3392 paululum

2080 3414 2242 3467 distat
2295 3414 2367 3468 ab
2411 3414 2638 3483 angelis,
2683 3433 2702 3465 ι
2739 3422 2788 3468 et
2846 3413 3120 3469 mentibus
3156 3413 3472 3468 caelestibus
3506 3429 3675 3483 prope

2005 3523 2048 3582 (ς
2082 3516 2422 3574 οκωᾳιιθιυιν.
2457 3505 2664 3559 Idcirco
2693 3520 2813 3560 cum
2848 3504 3089 3559 hominis
3120 3504 3407 3573 progenies
3438 3504 3673 3572 desinet,

2083 3614 2192 3652 una
2243 3598 2406 3652 etiam
2458 3598 2769 3652 caelestium
2820 3596 3035 3651 orbium
3088 3597 3254 3650 motio
3300 3596 3587 3664 consistet,
3618 3608 3676 3654 ut

2079 3689 2260 3743 divina
2289 3690 2444 3744 aiunt
2489 3691 2733 3753 oracula,
2788 3697 3048 3758 tanquam
3085 3688 3155 3743 ad
3206 3688 3354 3745 hunc
3401 3690 3561 3745 finem
3619 3700 3677 3747 ut

2080 3782 2281 3836 serviat
2332 3783 2408 3837 illi
2467 3785 2783 3837 constituta.
2830 3782 3025 3837 Verum
3068 3782 3183 3838 harc
3237 3792 3291 3836 et
3348 3783 3452 3837 alia
3506 3785 3677 3840 missa

2084 3873 2374 3928 faciamus.
2444 3873 2549 3927 Pro
2608 3873 2922 3929 hominibus
2995 3882 3177 3929 autem
3257 3890 3510 3944 quamam
3571 3876 3678 3929 erit

2085 3964 2343 4037 deinceps
2386 3963 2563 4020 Patris
2622 3963 2842 4019 aetherei
2884 3964 3263 4034 providentia?
3308 3965 3574 4035 siquidem
3610 3964 3676 4018 ﬁ-

2090 4055 2177 4109 nis
2222 4055 2615 4124 prmtttiumque
2648 4057 2894 4125 ipsorum
2931 4066 3017 4111 est
3059 4056 3228 4110 vitam
3268 4056 3483 4111 beatam
3522 4073 3677 4114 asse-

2086 4147 2201 4218 qui.
2245 4146 2363 4203 Vita
2411 4164 2539 4203 vero
2591 4164 2712 4218 quae
2741 4149 2829 4203 hic
2858 4148 3096 4218 degitur,
3129 4148 3215 4203 via
3249 4158 3353 4211 est,
3387 4163 3552 4218 quam
3587 4152 3677 4218 qui

2088 4238 2315 4306 pulchre
2375 4239 2709 4303 conficiunt,
2765 4237 2831 4292 ad
2900 4246 3100 4291 metam
3173 4238 3515 4307 perveniunt.
3573 4238 3679 4294 Sed

2089 4345 2265 4399 neque
2297 4332 2389 4384 ulli
2443 4331 2667 4399 pulchre
2708 4332 2810 4383 iter
2859 4330 2988 4383 illud
3022 4330 3261 4397 ingredi,
3300 4346 3474 4399 neque
3518 4332 3679 4387 tinent

2093 4423 2343 4477 obtinere
2380 4438 2620 4491 unquam
2667 4421 2873 4490 absque
2928 4421 3035 4476 Deo
3069 4431 3316 4489 possunt.
3364 4421 3461 4477 Hic
3493 4433 3678 4478 autem

2091 4515 2193 4569 viae
2265 4514 2335 4567 ab
2397 4515 2506 4569 illis
2567 4525 2798 4581 emptae.
2859 4512 3203 4580 procedentis
3272 4521 3324 4566 et
3384 4515 3656 4582 perfeclaa,

2106 4607 2207 4658 hoc
2273 4612 2353 4657 est
2418 4605 2543 4657 vitae
2586 4618 2747 4671 quam
2801 4603 2891 4657 hic
2946 4604 3189 4672 exigunt,
3250 4617 3433 4656 curam
3508 4608 3681 4659 ratiu-

2094 4709 2329 4762 nemque
2399 4694 2625 4748 haberet
2681 4692 2926 4758 nullam,
2988 4703 3041 4747 ut
3101 4711 3195 4765 per
3239 4709 3359 4748 eam
3419 4709 3680 4764 prospere

2096 4787 2415 4841 accederent
2440 4785 2505 4839 ad
2536 4785 2787 4839 ultimum
2820 4786 3042 4848 bonum,
3069 4801 3284 4841 omnem
3306 4784 3678 4841 difficultatem

407 4873 579 4941 φυοῦς
611 4872 819 4924 ἐκείνου
850 4870 1034 4933 τέλους
1055 4874 1261 4940 τυχεῖν,
1297 4872 1392 4922 καὶ
1412 4870 1665 4922 τοσοῦτον
1699 4872 1975 4938 προνοοῖτι

2092 4895 2155 4934 ex
2184 4879 2483 4949 innumeris
2512 4877 2688 4934 modis
2719 4888 3095 4933 occurrentem
3130 4877 3286 4934 facile
3340 4879 3680 4949 pulchreque

409 4963 519 5017 τῶν
553 4964 782 5025 τέκνων,
833 4962 958 5015 ὅσον
990 4962 1085 5015 καὶ
1136 4962 1244 5013 τῶν
1291 4962 1451 5029 βοῶν,
1488 4962 1589 5014 οὐκ
1638 4960 1987 5015 εἰδικώτατον

411 5074 534 5108 τινα
573 5056 793 5120 τρόπον.
843 5054 984 5105 Ἀλλ’
1014 5056 1041 5105 ὁ
1084 5052 1356 5122 μακάριος
1406 5051 1615 5114 Παῦλος
1656 5054 1714 5105 ἐν
1746 5056 1813 5123 τῇ
1851 5053 1989 5122 πρὸς

415 5149 734 5218 Κορινθίους
767 5148 827 5201 ού
865 5146 1052 5217 μέλειν
1082 5145 1158 5215 τῷ
1192 5146 1310 5214 Θεῷ
1340 5162 1471 5213 φησι
1517 5148 1645 5214 περὶ
1671 5148 1780 5199 τῶν
1811 5145 1948 5215 βοῶν
1974 5160 1985 5172 ο

410 5245 508 5311 οὐχ
544 5226 633 5302 νὼς
683 5239 808 5309 μηδ’
863 5239 998 5299 ὅλως
1055 5238 1219 5308 μέλον
1250 5238 1398 5307 αύτῷ
1450 5237 1587 5305 βοῶν
1636 5253 1693 5289 τε
1746 5238 1838 5289 καὶ
1881 5238 1991 5290 τῶν

408 5335 635 5405 ὁμοίων,
686 5332 801 5386 ἀλλ’
832 5332 907 5393 ὡς
938 5330 1039 5399 τῆς
1085 5330 1214 5400 περὶ
1255 5332 1464 5383 τούτων
1512 5332 1771 5401 προνοίας
1821 5332 1989 5400 μηδε-

417 5430 547 5501 μίαν
568 5427 766 5497 ᾼσχεδὺν
804 5427 942 5495 πρὸς
972 5426 1071 5495 τὴν
1099 5423 1230 5492 περὶ
1255 5422 1363 5475 τῶν
1396 5420 1701 5490 ἀνθρώπων
1728 5422 1989 5490 πρόνοιαν

410 5520 641 5592 ἐχούσης
672 5517 998 5589 παράθεσιν.
1039 5515 1127 5577 Ὠς
1158 5514 1363 5583 ταύτην
1400 5514 1562 5583 μόνον
1602 5513 1864 5567 δύνασθαι
1893 5513 1988 5566 καὶ

413 5615 613 5686 χρῆναι
640 5611 923 5666 καλεῖσθαι
954 5600 1212 5679 πρόνοιάν
1241 5606 1456 5676 ἀληθῶς
1484 5608 1576 5661 καὶ
1603 5607 1862 5677 φροντίδα
1893 5604 1988 5658 τοῦ

414 5709 558 5759 θείου
607 5706 807 5766 παντὸς
846 5704 1034 5756 ἕνεκεν
1067 5701 1274 5754 δικαίου
1314 5702 1407 5754 καὶ
1454 5701 1636 5769 λόγου.
1681 5701 1899 5753 Τούτων
1931 5701 1990 5752 δὲ

412 5799 850 5870 ἀναιρουμένων,
883 5796 956 5859 ὡς
1007 5794 1243 5865 εἴρηται,
1281 5794 1400 5864 εἰκῆ
1438 5795 1535 5864 μὲν
1579 5792 1698 5846 ’1ὼὸ
1751 5794 1989 5847 ἐπαινεῖ-

2094 4978 2419 5038 superantes
2448 4986 2462 5023 :
2496 4984 2671 5038 neque
2703 4968 2901 5024 liberos
2934 4970 3131 5026 affectu
3166 4981 3392 5037 paterno
3428 4972 3681 5027 modera—

2099 5072 2268 5127 retur,
2304 5063 2400 5116 sed
2429 5077 2526 5140 eos
2555 5070 2762 5115 tantum
2796 5072 2850 5116 et
2878 5063 3235 5117 imbecillitati
3269 5074 3477 5118 natura:
3505 5074 3556 5119 et
3588 5081 3682 5122 vo-

2096 5152 2322 5209 luntatls
2352 5154 2727 5209 inconstantiae
2764 5162 3125 5223 permitteret,
3160 5170 3222 5209 ac
3250 5156 3483 5211 fortunae
3509 5166 3683 5213 teme-

2098 5248 2242 5300 ritati
2286 5247 2369 5316 agi
2429 5245 2554 5301 ferri
2589 5247 2796 5302 sineret
2835 5263 2848 5301 :
2885 5248 3085 5317 quibus
3127 5258 3275 5303 certe
3307 5249 3484 5305 modis
3530 5250 3683 5305 nefas

2096 5349 2180 5395 est
2212 5341 2372 5394 linem
2413 5338 2564 5393 illum
2593 5338 2685 5407 qui
2731 5349 2981 5393 naturam
3028 5339 3243 5395 excedit
3272 5342 3559 5411 consequi,
3592 5356 3682 5395 co-

2097 5430 2330 5496 demque
2372 5439 2530 5496 pacto
2562 5429 2895 5498 prospiceret
2942 5429 3154 5495 liberis,
3190 5445 3301 5499 quo
3335 5430 3506 5484 bobus
3546 5444 3681 5482 con-

2097 5519 2244 5581 sulit,
2284 5534 2390 5573 non
2415 5520 2674 5588 peculiari
2710 5524 2949 5577 maxime
2973 5523 3146 5576 cura?
3172 5521 3519 5576 Verumenim
3551 5534 3681 5573 vero

2099 5612 2287 5666 beatus
2324 5611 2546 5677 Paulus,
2577 5615 2627 5667 in
2657 5612 2894 5682 Epistula
2925 5616 2989 5667 ad
3015 5613 3349 5679 Corinthios,
3374 5612 3483 5667 Deo
3513 5609 3682 5665 haud-

2088 5719 2377 5774 quaquam
2404 5720 2549 5760 curae
2577 5705 2742 5759 boves
2765 5720 2885 5758 esse
2910 5704 3172 5757 alIirmat:
3195 5719 3302 5756 non
3331 5702 3477 5772 quod
3516 5700 3681 5756 boum

2100 5813 2163 5854 ac
2195 5798 2454 5854 similium
2490 5812 2673 5854 curam
2703 5811 2928 5867 prorsus
2968 5794 3248 5867 abiecerit,
3282 5798 3373 5855 sed
3397 5795 3524 5869 quia
3556 5810 3680 5866 pro-
