4170 6294
546 343 646 411 551

1597 339 1978 400 GENNADII
2008 339 2119 400 CP.
2161 336 2673 401 ΡΛΤΠΙΑΗΟΗίΕ

3696 335 3804 397 5ἴὲ

545 455 803 520 videntis,
842 467 948 523 qua
981 451 1308 523 prospicitur
1355 452 1484 517 illis,
1512 452 1715 507 nullam
1749 453 1865 509 fere
1893 469 2110 523 compa-
2142 466 2157 513 Α

2262 456 2519 523 ιιλέγων,
2555 471 2572 505 ι
2596 454 2657 506 '0
2684 455 2887 525 Κύριος
2908 453 3125 516 ἔδωκεν,
3153 454 3182 506 ὁ
3203 452 3403 520 Κύριος
3424 452 3699 521 ἀφείλετο,
3723 455 3800 516 ὡς

546 547 816 601 rationein
865 542 1063 596 habeat
1147 556 1271 596 cum
1330 541 1668 612 providentia
1718 559 1823 611 qua
1887 544 2125 598 consulit

2262 549 2306 619 ᾦ
2341 551 2420 601 Κυ
2434 547 2532 616 ρίῳ
2585 546 2782 611 ἔδοξεν,
2813 545 2955 598 οὓτω
2985 545 3079 598 καὶ
3127 545 3368 613 ἐγένετο*
3408 563 3425 596 t
3454 545 3579 612 εἱκῆ
3624 545 3682 599 δὲ
3708 545 3802 598 καὶ

547 633 862 691 hominibus
890 646 904 683 :
936 642 996 686 ut
1029 632 1167 686 hanc
1203 641 1410 686 tantum
1445 630 1527 688 fas
1560 648 1624 687 ac
1657 648 1880 690 necesse
1901 634 1973 689 sit
2002 649 2127 689 vere

548 724 944 796 providentiam
980 729 1035 777 ct
1067 737 1255 776 curam
1284 722 1521 777 divinam
1558 725 1770 793 optimo
1801 725 1922 792 jure
1948 724 2130 792 appel-

550 817 672 870 lari.
710 813 805 869 llis
833 822 1013 869 autem
1048 811 1298 879 sublatis,
1324 821 1383 865 ut
1410 813 1609 867 dictum
1655 822 1756 875 est,
1790 822 1994 868 temere
2027 812 2130 868 Job

553 908 885 967 laudaretur,
908 905 1035 959 dum
1062 905 1159 965 ait.
1190 922 1210 956 ι
1244 904 1504 959 Dominus
1530 904 1699 972 dedit,
1722 905 1983 961 Dominus
2010 906 2133 961 abs-

558 1000 682 1056 tulit
723 1017 737 1054 :
765 1008 824 1053 ut
859 998 1087 1054 Domino
1118 1000 1291 1052 visum
1323 1006 1426 1061 est,
1460 999 1534 1053 ita
1563 1000 1759 1054 factum
1792 1009 1894 1057 est.
1939 1019 1957 1052 ι
1989 998 2130 1054 Fru-

555 1105 669 1149 stra
713 1092 877 1147 etiam
929 1089 1095 1145 David
1152 1091 1404 1146 laudibus
1435 1092 1786 1147 extolleretur
1810 1092 2051 1163 quotidie
2081 1093 2134 1146 in

557 1184 823 1248 ecclesiis,
845 1183 936 1253 qui
965 1182 1020 1237 in
1054 1184 1308 1239 omnibus
1329 1185 1496 1238 ferme
1523 1184 1743 1252 psalmis
1768 1184 1882 1239 suis
1899 1184 2136 1239 divinam

559 1278 797 1334 celebrat
847 1286 901 1335 ct
939 1276 1197 1344 praedicat
1265 1277 1816 1347 praedestinationem,
1847 1292 1969 1331 cum
2028 1292 2139 1331 non

562 1370 856 1439 unicuique
890 1378 1100 1424 tantum
1134 1370 1342 1425 homini
1373 1371 1525 1437 dicit,
1558 1388 1576 1421 ι
1605 1370 1827 1437 Angelis
1851 1371 1965 1426 suis
1991 1384 2144 1424 man-

560 1462 708 1517 darit
739 1462 806 1516 de
835 1470 911 1527 te,
931 1480 951 1513 ι
986 1469 1042 1516 et
1069 1477 1188 1528 quae
1216 1460 1474 1531 deinceps
1500 1477 1514 1514 :
1553 1476 1738 1516 verum
1769 1462 1934 1516 etiam
1964 1460 2144 1515 natio-

2230 640 2399 693 Δαϐὶδ
2425 642 2567 693 πάνυ
2598 640 2825 707 τιμᾶται
2857 636 2983 689 καθ’
3011 636 3226 707 ἡμέραν
3260 637 3317 687 ἐν
3348 636 3688 705 ἐκκλησίαις,
3715 637 3801 690 διὰ

2238 728 2455 781 πάντων
2478 725 2646 779 αὐτοῦ
2672 726 2777 778 τῶν
2799 725 3027 794 ψαλμῶν
3052 726 3234 795 σχεδὸν
3260 725 3352 777 τὸν
3375 724 3517 778 θετον
3545 726 3645 779 ἀνυ
3655 727 3803 795 μνῶν

2230 821 2324 872 καὶ
2378 819 2662 888 κηρύττων
2719 819 3077 887 προπρμσιδν,
3131 818 3232 872 οὐκ
3294 821 3382 885 ἐφ’
3436 820 3653 888 έκάστῳ
3709 820 3803 887 μό-

2232 928 2321 964 νον
2338 910 2610 982 ἀνθρώπῳ
2628 911 2830 976 λέγωνο
2876 910 3032 971 (Τοῖς
3050 910 3300 976 ἀγγέλοις
3326 909 3488 962 αὐτοῦ
3513 911 3807 963 ἐντελεῖται

2234 1004 2365 1072 περὶ
2397 1004 2490 1056 σοῦ
2531 1022 2550 1056 ι
2586 1005 2680 1056 καὶ
2715 1004 2781 1054 τὰ
2814 1002 2961 1071 ἑξῆς,
2998 1002 3132 1055 ἀλλὰ
3159 1001 3252 1054 καὶ
3282 1000 3493 1054 ἔθνεσιν
3521 1003 3687 1069 ὅλοις,
3716 1007 3809 1056 καὶ

2245 1094 2571 1158 συνοικίαις,
2611 1094 2706 1146 καὶ
2757 1093 2998 1156 πόλεσιν,
3048 1091 3247 1163 Ἥσατᾳ
3278 1092 3583 1163 συμφώνως
3615 1095 3709 1147 καὶ
3733 1093 3810 1162 τῷ

2248 1184 2308 1240 Ἀ
2318 1184 2450 1253 μώς·
2468 1184 2544 1251 τῷ
2565 1184 2661 1253 μὲν
2678 1184 2912 1251 λέγοντι.
2926 1204 2944 1236 ι
2964 1185 3025 1237 Ὀ
3048 1185 3215 1237 ποιῶν
3233 1186 3478 1256 εἰρήνην,
3496 1187 3590 1239 καὶ
3612 1186 3811 1251 κτίζων

2240 1276 2447 1328 κακά-ι
2484 1274 2560 1341 τῷ
2589 1275 2664 1339 δὲ,
2715 1275 2860 1326 «Οἰκ
2885 1275 3000 1327 ἔστι
3029 1275 3198 1327 κακία
3230 1277 3286 1327 ὲν
3316 1277 3485 1335 πόλει,
3513 1277 3580 1345 ἣν
3613 1277 3811 1346 Κύριος

2242 1366 2340 1419 οὐκ
2357 1367 2601 1436 ἐποίησε.
2619 1384 2638 1418 ι
2680 1366 2789 1420 Καὶ
2822 1365 2974 1428 αὖθις
2991 1365 3138 1436 αὺτῷ
3154 1366 3230 1435 τῷ
3256 1365 3472 1436 Ἡσαΐᾳ,
3508 1368 3720 1421 «Πάντα
3747 1371 3817 1421 τὰ

2244 1457 2489 1527 ἡμέτερα
2519 1457 2655 1526 ἔργα
2676 1458 2939 1527 εἰργάσω,
2966 1459 3161 1527 Κύριε,
3183 1459 3240 1512 ἑν
3274 1460 3461 1528 ἡμῖν.»
3499 1459 3635 1529 Είκῆ
3669 1461 3727 1513 δὲ
3759 1461 3816 1513 αἱ

564 1555 727 1608 nibus
760 1554 886 1607 totis
916 1550 1248 1621 familiisque
1295 1562 1348 1608 et
1402 1553 1651 1609 urbibus.
1683 1552 1815 1617 Quae
1847 1553 2147 1607 concinunt

2262 1548 2355 1602 τῶν
2385 1549 2693 1618 ἁγγελικῶν
2722 1548 3018 1616 ταγμάτων
3063 1551 3402 1614 δπιστασίαι,
3434 1550 3505 1604 δι’
3539 1544 3615 1605 ὧν
3644 1551 3818 1605 ταῦτα

566 1644 723 1699 Isaia:
747 1653 801 1697 et
823 1644 990 1697 Amos
1018 1643 1288 1699 vaticiniis
1318 1655 1333 1696 :
1372 1643 1426 1697 in
1453 1643 1653 1714 quibus
1682 1644 1770 1698 ille
1806 1643 2028 1712 quidem
2064 1642 2145 1697 di-

567 1736 663 1803 cit,
688 1734 818 1801 ιριιί
846 1749 1033 1803 pacem
1054 1734 1252 1789 facitet
1274 1744 1421 1790 creat
1445 1735 1619 1801 mala;
1644 1753 1663 1786 ›
1696 1736 1784 1790 hic
1805 1750 1954 1801 vero,
1987 1752 2007 1787 ι
2028 1733 2144 1789 Non

2248 1639 2711 1709 ὑπηρετουμένων
2738 1641 2858 1702 ταῖς
2892 1638 3071 1702 θείαις
3114 1640 3314 1709 ψήφοις
3338 1641 3583 1697 ἀνύεται.
3613 1643 3719 1695 Τοῦ
3761 1643 3820 1697 δὲ

2249 1731 2455 1800 Κυρίου
2503 1730 2664 1801 ήμῶν
2702 1730 2879 1799 Ἰησοῦ
2905 1730 3174 1799 λέγοντος,
3206 1733 3287 1786 δτι
3318 1751 3336 1785 ι
3360 1733 3513 1787 Ἀνευ
3544 1733 3640 1787 τοῦ
3672 1734 3822 1789 θείου

568 1836 652 1880 est
689 1802 891 1881 malum
923 1824 976 1880 in
1007 1826 1251 1893 civitate,
1290 1827 1435 1895 quod
1474 1826 1618 1882 Deus
1651 1843 1757 1885 non
1794 1827 2036 1883 fecerit.»
2072 1828 2148 1881 Ac

2262 1821 2558 1895 θελήματος
2585 1820 2708 1873 οὐδὲ
2751 1802 2873 1889 θρλξ
2908 1821 2971 1873 ὲκ
2996 1822 3092 1888 τῆς
3124 1820 3278 1890 ἡμῶν
3324 1822 3623 1875 ἀπόλλυται
3652 1840 3827 1891 κεφα-

570 1932 761 1973 rursus
797 1918 939 1986 apud
995 1916 1191 1972 Isaiam
1230 1919 1510 1984 scribitur,
1546 1937 1564 1971 ι
1596 1917 1788 1975 Omnia
1841 1935 2004 1990 opera
2045 1935 2148 1974 no-

570 2020 682 2065 stra
716 2015 972 2077 operatus
1000 2024 1081 2075 es,
1115 2009 1357 2075 Domine,
1393 2010 1566 2064 nobis.
1608 2030 1627 2063 ι
1663 2011 1903 2066 lnaniter
1935 2024 2152 2081 quoque

571 2101 941 2171 angelicorum
991 2101 1246 2155 ordinum
1280 2103 1617 2170 praefecturae
1660 2111 1882 2165 essent,
1914 2116 2149 2171 quorum

572 2193 870 2249 ministerio
923 2193 1125 2248 divinis
1172 2195 1286 2249 haec
1340 2194 1616 2265 suffragiis
1680 2204 2032 2266 peraguntur.
2088 2194 2154 2249 Et

568 2279 697 2339 Jesu
733 2282 959 2338 Domino
980 2294 1176 2357 nostro
1205 2286 1422 2340 dicente
1445 2327 1462 2353 ,
1498 2304 1517 2337 ι
1556 2287 1686 2342 Sine
1728 2287 1821 2341 Dei
1878 2288 2156 2342 voluntate

572 2388 639 2429 ne
667 2373 895 2442 capillus
923 2373 1142 2442 quidem
1191 2389 1221 2430 e
1252 2377 1430 2446 capite
1458 2385 1640 2433 vestro
1669 2379 1831 2445 perit,
1877 2397 1898 2430 ο
1953 2387 2007 2432 et
2038 2393 2158 2446 quae

570 2471 911 2529 sequuntur;
960 2477 1020 2517 ac
1070 2463 1137 2517 de
1179 2476 1238 2518 se
1291 2464 1409 2534 ipso
1455 2465 1648 2520 itermn
1702 2467 1972 2536 loquente,
2007 2488 2025 2522 ι
2075 2469 2153 2523 lta

572 2554 833 2622 scriptum
863 2562 946 2609 est
971 2594 987 2620 ,
1013 2564 1067 2610 et
1092 2556 1172 2612 sic
1207 2556 1448 2625 oportuit
1476 2557 1751 2614 Christum
1794 2563 1901 2627 pati
1925 2600 1940 2625 ,
1980 2571 2083 2615 etc.
2132 2577 2151 2611 ι

572 2633 813 2713 Itemque
840 2646 962 2710 hoc,
995 2664 1014 2699 ι
1052 2645 1158 2703 Sed
1182 2663 1286 2702 uou
1313 2657 1371 2703 ut
1399 2663 1499 2718 ego
1533 2650 1689 2713 velo;
1721 2666 1906 2704 verum
1944 2661 2001 2704 ut
2027 2662 2103 2705 tu.
2135 2670 2152 2703 ι

576 2738 641 2792 Ει
674 2738 840 2805 istud,
864 2757 882 2791 ι
915 2740 1044 2794 Sine
1069 2756 1153 2795 me
1181 2755 1286 2794 non
1320 2742 1546 2810 potestis
1580 2742 1761 2796 facere
1783 2744 2099 2811 quidquam.
2133 2763 2151 2796 ι

573 2840 629 2887 et
658 2832 828 2886 multa
872 2831 1141 2898 ejusmodi
1179 2847 1298 2901 qua:
1338 2834 1576 2888 divinam
1629 2835 1845 2889 tirmant
1884 2836 2159 2903 praedesti-

577 2919 849 2975 nationem
882 2920 949 2974 de
978 2921 1245 2989 cujusque
1275 2922 1380 2976 vita
1435 2931 1490 2977 et
1521 2937 1658 2977 nece
1681 2939 1697 2976 :
1720 2925 2157 2994 quandoquidem

578 3010 743 3063 etiam
780 3010 917 3080 ipse,
944 3018 1003 3065 ut
1026 3012 1095 3065 de
1132 3011 1374 3074 homine,
1411 3013 1480 3068 de
1509 3029 1569 3069 se
1599 3015 1714 3069 haec
1746 3014 2067 3083 disserebat,
2106 3028 2161 3072 ct

578 3101 736 3171 quasi
777 3101 1075 3156 secundum
1130 3102 1533 3160 humanitatem
1575 3117 1848 3176 pateretur
1885 3110 1998 3163 haec
2038 3125 2157 3163 om-

2253 1911 2407 1981 λῆς,›
2437 1910 2532 1965 καὶ
2555 1911 2626 1965 τὰ
2653 1911 2781 1981 ἑξῆς
2800 1926 2814 1942 ·
2847 1912 3083 1991 καὶπερὶ
3114 1911 3311 1966 ἑαυτοῦ
3344 1914 3592 1981 λέγοντος
3622 1911 3709 1981 αὖ,
3741 1917 3825 1969 ὅτι

2259 2023 2281 2059 ι
2306 1991 2462 2061 οὕτω
2483 2005 2818 2073 γέγραπται,
2862 2005 2954 2058 καὶ⁸
2988 2002 3159 2066 οὕτως
3192 2005 3298 2059 ἔδει
3323 2007 3515 2060 παθεῖν
3553 2008 3645 2061 τὸν
3690 2011 3829 2079 Χρι-

2258 2098 2403 2165 στὸν,
2422 2115 2441 2149 ι
2470 2097 2564 2151 καὶ
2580 2098 2646 2149 τὰ
2677 2096 2804 2167 ἑξῆς
2835 2112 2849 2127 ⁸
2883 2097 2977 2150 καὶ
3000 2096 3082 2159 τὸ,
3105 2096 3281 2165 «Πλὴν
3306 2098 3402 2167 οὐχ
3428 2098 3505 2162 ὡς
3535 2099 3644 2167 ἐγὼ
3665 2099 3825 2165 Θέλω,

2260 2187 2378 2241 ἀλλ’
2402 2188 2477 2250 ὡς
2501 2186 2565 2239 σύ
2594 2202 2641 2238 ο»
2670 2188 2763 2240 καὶ
2789 2188 2870 2252 τὸ,
2901 2188 3113 2258 «Χωρὶς
3145 2186 3280 2256 ἐμοῦ
3303 2189 3362 2240 οὐ
3395 2188 3625 2243 δύνασθε
3652 2193 3828 2244 ποιεῖν

2258 2280 2433 2343 οὐδὲν,
2466 2298 2485 2331 ι
2525 2278 2619 2332 καὶ
2649 2277 2821 2331 πολλὰ
2852 2277 3100 2342 τοιαῦτα,
3146 2280 3238 2331 τὸν
3282 2279 3425 2332 θεῖον
3457 2280 3828 2350 ὲπικυροῦντα

2258 2370 2592 2442 προορισμὺν
2603 2372 2734 2439 περὶ
2750 2372 2847 2440 τῆς
2865 2370 3095 2424 ἑκάστου
3114 2368 3257 2440 ζωῆς
3274 2371 3366 2423 καὶ
3380 2370 3656 2439 τελευτῆς.
3676 2371 3830 2425 Ἐπεὶ

2259 2463 2352 2515 καὶ
2381 2463 2566 2524 αὖτ’ὸς,
2615 2461 2691 2524 ὡς
2731 2462 2860 2533 περὶ
2898 2460 3190 2531 ἀνθρώπου
3243 2462 3432 2515 ἑαυτοῦ
3464 2464 3625 2515 ταυτὶ
3655 2463 3828 2515 διελέ-

2259 2570 2410 2621 γετο,
2450 2554 2543 2605 καὶ
2575 2552 2650 2615 ὡς
2682 2553 2827 2604 κατὰ
2856 2552 2917 2605 τὸ
2952 2551 3292 2620 ἀνθρώπινον
3329 2554 3628 2623 πάσχοντος
3653 2554 3828 2606 ταῦτα

2260 2647 2438 2698 πάντα
2492 2645 2801 2706 σπουδαίως
2856 2643 2951 2696 καὶ
2999 2643 3320 2712 θεοπρεπῶς
3365 2643 3670 2716 ὡρισμένα,
3727 2643 3828 2696 ποῦ

2259 2736 2533 2803 τάξομενς
2574 2734 2711 2787 Ἀλλ’
2762 2733 2853 2785 ἐπὶ
2881 2736 3001 2798 τοὺς
3035 2733 3365 2796 ἀποστόλους
3410 2735 3720 2805 ὲρχώμεθα.
3765 2733 3822 2787 '0

2265 2830 2466 2895 Πέτρος
2493 2824 2882 2894 συμϐουλεύων
2907 2828 3041 2880 πᾶσι
3065 2829 3175 2890 τοῖς
3198 2826 3467 2896 ἀδελφοῖς,
3497 2828 3645 2890 ὅπως
3670 2845 3833 2881 σπου-

2262 2920 2464 2982 δάζωσι
2512 2919 2579 2971 δι’
2612 2919 2835 2987 ἀγαθῶν
2879 2918 3054 2989 ἔργων
3104 2918 3327 2988 βεϐαίαν
3373 2919 3472 2990 τὴν
3502 2921 3693 2989 κλῆσιν
3738 2920 3833 2973 καὶ

2262 3011 2493 3081 ἐκλογὴν
2527 3011 2818 3073 ποιεῖσθαι,
2865 3010 2931 3081 ἣν
2980 3009 3326 3080 ὲξελέγησανο
3373 3012 3498 3081 περὶ
3539 3012 3596 3065 δὲ
3639 3009 3831 3065 ἑαυτοῦ

2262 3103 2435 3170 λέγων
2468 3102 2687 3162 εἰδέναι,
2719 3100 2792 3163 ὡς
2827 3101 2933 3171 ἄρα
2966 3104 3161 3171 ταχινή
3208 3104 3356 3157 ὲστιν
3386 3104 3417 3174 ή
3451 3104 3707 3165 ἀπόθεσις
3737 3102 3830 3157 τοῦ

580 3193 692 3257 nis,
727 3193 875 3247 serio
896 3203 945 3246 et
971 3202 1334 3263 congruenter
1363 3195 1475 3251 Deo
1509 3197 1753 3262 deﬁnita,
1807 3199 2028 3255 ubinam
2054 3210 2157 3255 sta-

2268 3190 2625 3259 σκηνώματος
2671 3190 2854 3253 αὐτοῦ,
2892 3192 2985 3243 καὶ
3019 3190 3047 3242 ό
3101 3190 3303 3260 Κύριος
3356 3193 3560 3262 Ἰησοῦς
3602 3193 3835 3265 Χριστὸς

585 3284 837 3343 luemus?
870 3283 972 3339 Sed
1004 3285 1070 3338 ad
1097 3276 1378 3355 a‘postolos
1434 3288 1784 3343 accedamus.
1827 3289 2017 3344 Petrus
2048 3305 2167 3344 om-

585 3380 740 3433 nibus
775 3377 1035 3432 l’ratribus
1073 3378 1362 3434 consilium
1392 3380 1485 3435 dat
1534 3389 1593 3434 ut
1634 3382 1878 3450 impense
1911 3382 2166 3437 studeant

586 3484 680 3538 per
710 3484 874 3538 opera
915 3470 1052 3524 bona
1108 3468 1316 3525 ﬁrmant
1356 3473 1697 3528 vocationem
1744 3482 1799 3527 et
1844 3473 2165 3529 electionem

587 3557 833 3623 reddere,
864 3574 971 3629 qua
998 3559 1155 3615 electi
1189 3559 1427 3616 fuerant.
1455 3560 1531 3618 De
1553 3577 1613 3618 se
1642 3578 1788 3630 vero,
1836 3564 2006 3620 «scire
2036 3564 2167 3621 dicit

587 3649 834 3717 proxime
910 3652 1116 3710 instare
1156 3651 1549 3720 depositionem
1607 3653 1940 3709 tabernaculi
1989 3654 2094 3721 sui,
2142 3673 2162 3706 ι

585 3740 747 3811 idque
816 3741 1102 3797 Dominum
1182 3741 1366 3798 Jcsum
1427 3745 1703 3799 Christum
1763 3745 1867 3800 sibi
1914 3747 2168 3801 declara-

584 3833 761 3900 visse;
801 3833 1002 3888 Paulus
1033 3844 1210 3887 autem
1234 3849 1293 3889 se
1320 3835 1754 3902 prmdestinatum
1785 3836 2071 3891 nominans
2100 3837 2168 3891 ad

590 3924 943 3992 Evangeliqu
988 3924 1103 3988 Dei,
1140 3925 1283 3992 quod
1312 3926 1698 3993 pru‘nuntiavit
1742 3941 1837 3994 per
1876 3929 2167 3996 prophetas

588 4015 641 4067 in
680 4014 909 4083 eloquiis
953 4014 1146 4077 sacris,
1178 4022 1230 4069 et
1275 4030 1398 4084 quae
1443 4016 1735 4084 deinceps;
1782 4017 2032 4086 idemque
2078 4033 2171 4085 per

585 4103 789 4158 ltlosem
836 4104 1117 4158 stabiliens
1164 4105 1266 4159 hoc
1315 4104 1636 4173 profert:,t
1675 4104 1971 4161 Miserebor
2003 4122 2164 4176 quem

588 4200 875 4258 misereor,
894 4203 946 4246 ct
974 4194 1452 4249 commiseratione
1498 4178 1798 4266 prosequar
1826 4212 1986 4267 quem
2014 4213 2171 4253 com-

589 4288 886 4351 misereor;
913 4304 932 4335 ι
967 4287 1040 4339 ita
1066 4286 1388 4353 perorando,
1414 4285 1614 4366 «igitur
1646 4303 1757 4343 non
1794 4289 2040 4353 volentis,
2071 4304 2172 4344 nec

589 4381 880 4441 currentis,
910 4375 1005 4431 sed
1036 4376 1344 4431 miserantis
1370 4374 1461 4431 Dei
1484 4393 1536 4442 ς»
1576 4387 1651 4441 et,
1682 4396 1700 4428 ι
1727 4378 1876 4444 Quos
1900 4381 2171 4449 praescirit

591 4477 647 4520 et
686 4466 1111 4534 prwdestiuavit,
1140 4468 1239 4522 bos
1271 4476 1324 4520 et
1346 4467 1607 4522 vocavit.»
1642 4468 1885 4540 Itemque
1911 4470 2029 4526 illos
2052 4473 2176 4541 qui-

588 4556 710 4611 dem
765 4573 784 4607 ι
827 4572 954 4611 vasa
988 4558 1082 4611 ira:
1144 4565 1268 4626 apta
1326 4557 1379 4611 in
1444 4557 1720 4612 interitum
1760 4577 1778 4611 ι
1827 4560 2032 4623 dicens,
2074 4564 2171 4615 bos

589 4663 720 4699 vero
740 4667 758 4699 ι
788 4662 913 4701 vasa
940 4647 1325 4702 misericordiae
1352 4656 1646 4717 prteparata
1670 4658 1723 4702 et
1749 4658 1939 4704 vocata
1963 4649 2029 4704 ad
2055 4652 2171 4719 glo-

596 4740 786 4792 riam.»
818 4739 896 4793 Ac
924 4754 1134 4805 rursus,
1168 4737 1369 4793 «Nemo
1394 4740 1618 4809 (inquit)
1651 4741 1755 4794 sibi
1795 4740 1898 4809 ipsi
1929 4740 2083 4803 vivit,
2120 4750 2174 4795 et

588 4843 750 4880 nemo
781 4826 881 4880 sibi
922 4828 1172 4881 moritur.
1222 4845 1240 4876 ι
1278 4825 1425 4880 Idem
1455 4842 1648 4881 rursus
1674 4829 1740 4883 ad
1772 4827 2036 4897 Ephesios
2068 4828 2166 4893 ait,

597 4934 616 4967 ι
660 4918 828 4987 Elegit
859 4932 955 4971 nos
991 4920 1044 4971 in
1093 4933 1151 4974 se
1192 4916 1380 4988 (Deus)
1418 4928 1543 4972 ante
1581 4921 1768 4974 mundi
1813 4920 2171 4975 consritutio-

591 5024 735 5074 nem,
770 5007 860 5074 qtti
887 5007 1411 5075 prmdestinavitnos
1439 5011 1495 5065 in
1525 5010 1873 5080 adoptionem
1907 5013 2165 5075 ﬁliorum,

590 5109 697 5152 etc.
738 5116 755 5147 ι
784 5098 1100 5167 Eodemque
1122 5099 1283 5155 modo
1313 5101 1379 5159 de
1409 5105 1715 5173 reprobatis
1738 5103 1806 5156 ab
1830 5109 2032 5157 aeterna
2059 5100 2167 5154 vita

593 5190 726 5242 dicit
755 5190 806 5241 in
844 5205 905 5242 ea
945 5205 1108 5257 quam
1142 5191 1210 5245 ad
1241 5191 1522 5250 Romanos
1569 5193 1791 5262 scripsit
1826 5209 1844 5248 :
1881 5209 1900 5242 ι
1940 5190 2094 5257 Quod
2123 5191 2170 5246 si

593 5281 735 5335 Deus
787 5280 976 5334 volens
1036 5283 1324 5336 ostendere
1378 5281 1513 5336 iram
1555 5302 1573 5335 ι
1629 5284 1755 5351 (hoc
1803 5288 1908 5345 est,
1946 5279 2170 5349 justitiae

594 5373 853 5425 niulctam
910 5370 1174 5443 dicamve)
1214 5392 1232 5423 ι
1269 5382 1322 5426 et
1377 5383 1561 5425 notam
1622 5370 1804 5425 facere
1868 5371 2168 5439 potentiam

590 5478 768 5526 suam,
794 5462 1054 5517 sustinuit
1088 5482 1106 5514 ι
1149 5465 1274 5533 (Ιιοο
1303 5471 1385 5517 est
1424 5461 1827 5531 condemnavit}
1862 5479 1881 5513 ι
1919 5463 1972 5516 in
2002 5462 2171 5516 multa

592 5554 842 5623 patientia
870 5570 996 5609 vasa
1035 5555 1129 5608 ira:
1158 5564 1343 5623 aptata
1375 5555 1426 5606 in
1453 5554 1730 5606 interitum
1763 5572 1777 5605 :
1814 5562 1871 5607 ut
1909 5554 2169 5608 ostende-

591 5653 673 5697 ret
703 5645 919 5698 divitias
950 5643 1135 5713 gloriae
1178 5658 1287 5697 sua!
1319 5643 1373 5697 in
1417 5656 1548 5697 vasa
1590 5641 2003 5710 misericordiae,
2036 5659 2162 5714 qua:

2268 3280 2414 3351 αὺτῷ
2456 3280 2612 3334 τοῦτο
2664 3281 2965 3350 ἐδήλωσενο
3026 3284 3053 3335 ό
3102 3282 3159 3335 δὲ
3205 3283 3412 3353 Παῦλος
3455 3285 3837 3354 ἀφωρισμένον

2269 3374 2462 3426 ἑαυτὸν
2504 3373 2702 3440 καλῶν,
2753 3375 2833 3436 είς
2865 3375 3181 3441 εὐαγγέλιον
3229 3375 3365 3429 Θεοῦ
3394 3376 3425 3429 ὃ
3474 3379 3839 3445 προεπηγγεί-

2270 3464 2399 3515 λατο
2434 3464 2521 3516 διὰ
2557 3464 2668 3515 τῶν
2717 3466 3008 3537 προφητῶν
3043 3468 3101 3520 ὲν
3135 3468 3379 3536 Γραφαῖς
3414 3469 3621 3536 ἁγίαις,
3653 3473 3745 3522 καὶ
3772 3470 3841 3524 τὰ

2271 3554 2418 3622 έξῆςν
2450 3554 2529 3607 ἔτι
2557 3556 2617 3607 τὸ
2645 3554 2735 3607 διὰ
2758 3555 2851 3608 τοῦ
2884 3557 3126 3621 Μωσέως
3154 3560 3404 3629 essu-TN,
3445 3581 3463 3612 ι
3506 3561 3748 3630 Ἐλεήσω
3784 3564 3842 3614 ὃν

2224 3716 2239 3727 _
2271 3650 2339 3704 ἂν
2367 3649 2520 3711 ἐλεῶ,
2554 3651 2647 3703 καὶ
2691 3652 3017 3718 οἰκτειρήσω
3045 3652 3102 3704 δν
3138 3653 3203 3707 ἂν
3238 3654 3548 3725 οἰκτείρω»
3585 3659 3677 3709 καὶ
3709 3674 3845 3726 συμ-
3886 3656 3905 3671 ⁸

2276 3740 2577 3811 περαίνων,
2624 3742 2799 3808 ι”Αρα
2819 3739 2911 3794 οὖν
2940 3747 2999 3794 οὐ
3032 3743 3122 3795 τοῦ
3146 3743 3408 3808 θέλοντος,
3446 3746 3564 3799 οὐδὲ
3594 3749 3686 3800 τνιῦ
3716 3748 3844 3817 τρέ-

2270 3846 2474 3898 χοντος,
2502 3830 2635 3883 ἀλλὰ
2663 3831 2755 3883 τοῦ
2790 3830 3076 3895 ἐλεοῦντος
3106 3834 3239 3887 Θεοῦ
3263 3852 3310 3885 ἰ
3352 3836 3444 3888 καὶ
3471 3836 3629 3891 πάλιν
3650 3855 3665 3868 '
3707 3838 3846 3900 «0'3;

2274 3924 2547 3991 προέγνω,
2575 3925 2671 3974 καὶ
2714 3924 3008 3993 προώρισε,
3043 3926 3267 3989 τούτους
3301 3928 3393 3980 καὶ
3422 3928 3650 3981 ἐκάλεσε
3674 3947 3718 3982 ἰ
3750 3932 3845 3984 καὶ

2273 4011 2449 4077 αὖθις,
2468 4014 2592 4074 τοὺς
2620 4014 2718 4081 μὲν
2736 4032 2755 4064 ι
2785 4014 2952 4084 σκεύη
2978 4015 3147 4086 ὀργῆς
3175 4021 3578 4088 κατηρτισμένα
3599 4022 3675 4084 είς
3699 4022 3856 4087 ἀπώο,

2272 4102 2447 4166 λειαν,
2486 4120 2505 4153 ι
2542 4104 2716 4171 λέγων
2737 4145 2750 4169 ,
2778 4106 2903 4166 τοὺς
2933 4105 2987 4157 δὲ
3019 4124 3036 4156 ι
3077 4108 3244 4173 σκεύη
3283 4107 3485 4171 ἐλέους,
3514 4122 3846 4180 προητοιμα-

2275 4194 2445 4259 σμένα
2477 4195 2571 4246 καὶ
2604 4194 2911 4262 κεκλημένοι
2957 4195 3035 4256 είς
3068 4195 3258 4258 δόξαν⁹
3296 4217 3313 4248 ι
3355 4200 3444 4250 καὶ
3465 4193 3619 4262 αὖθις
3649 4189 3841 4267 λέγων,

2284 4284 2499 4346 ιΟύδεὶς
2527 4285 2704 4355 ἑαυτῷ
2722 4286 2812 4354 ζῇ,
2834 4287 2927 4339 καὶ
2957 4287 3127 4348 οὐδεὶς
3150 4288 3325 4356 ἑαυτῴ
3345 4289 3551 4358 ἀποθνή
3573 4306 3731 4342 ςκειοι
3756 4294 3848 4346 καὶ

2276 4374 2412 4443 πρὸς
2429 4373 2708 4441 Ἐφεσίους
2733 4374 2888 4436 αὖθις
2907 4375 3102 4442 λέγων·
3126 4393 3144 4427 ι
3186 4376 3473 4441 eameam
3492 4380 3638 4448 ἡμᾶς
3652 4382 3706 4433 ἐν
3726 4381 3848 4432 ἐαυ-

2276 4464 2352 4535 τῷ
2382 4468 2410 4517 ό
2441 4466 2572 4528 Θεὸς
2603 4466 2705 4534 πρὸ
2750 4467 3056 4535 καταϐολῆς
3100 4470 3329 4537 κόσμου,
3362 4470 3654 4541 προορίτας
3704 4473 3847 4538 ἡμᾶς

2278 4559 2358 4619 είς
2390 4557 2685 4621 υἱοθεσίαν,
2725 4575 2744 4607 ι
2771 4558 2865 4609 καὶ
2892 4557 2963 4610 τὰ
3007 4558 3132 4625 ἑξῆς
3159 4574 3172 4588 ·
3212 4560 3413 4628 ὁμοίως
3443 4563 3532 4611 καὶ
3560 4561 3711 4637 ⁸περὶ
3742 4560 3846 4610 τῶν

2279 4644 2870 4714 ἀποδεδοκιμασμένων
2901 4645 3008 4697 ἀπὸ
3035 4645 3136 4713 τῆς
3169 4646 3386 4698 αίωνίου
3413 4646 3557 4713 ζωῆς
3587 4646 3762 4713 λέγων
3789 4649 3847 4699 ἐν

2279 4736 2346 4804 τῇ
2377 4734 2508 4803 πρὸς
2545 4735 2859 4803 Ῥωμαίους
2883 4750 2899 4767 ο
2936 4735 3027 4787 «El
3054 4734 3110 4787 δὲ
3149 4734 3315 4788 θέλων
3337 4737 3366 4789 ὁ
3393 4734 3523 4796 Θεὸς
3551 4735 3721 4799 δεῖξαι
3752 4737 3850 4804 τὴν

2279 4826 2471 4897 ὀργὴν,
2501 4826 2748 4878 τουτέστι
2788 4827 2888 4896 τὴν
2925 4829 3021 4897 τῆς
3058 4827 3405 4898 δικαιοσύνης
3453 4829 3727 4894 ἁπότισιν,
3759 4829 3850 4882 καὶ

2280 4917 2555 4986 γνωρίσας
2605 4918 2702 4988 τὴν
2754 4918 2987 4986 δύναμιν
3036 4919 3224 4985 αὐτοῦ,
3268 4921 3546 4989 ὑπέμεινε,
3585 4920 3845 4984 τουτέστι,

2281 5007 2683 5076 συνεχώρησεν,
2717 5009 2772 5060 ὲν
2821 5009 2990 5079 πολλῇ
3045 5009 3417 5081 μακροθυμίᾳ,
3473 5011 3638 5081 σκεύη
3684 5013 3849 5081 ὀργῆς

2278 5098 2695 5167 κατηρτισμένα
2727 5101 2809 5161 εὶς
2850 5100 3147 5165 ἀπώλειαν,
3185 5100 3271 5153 ἵνα
3315 5103 3463 5172 δείξῃ
3500 5103 3588 5154 τὸν
3630 5102 3853 5153 πλοῦτον

2276 5192 2374 5258 τῆς
2405 5190 2566 5257 δόξης
2598 5190 2763 5244 αὐτοῦ
2796 5193 2888 5244 ἐπὶ
2925 5193 3092 5261 σκεύη
3128 5193 3334 5258 ἐλέους,
3366 5196 3402 5247 ἃ
3452 5194 3852 5263 προητοίμασεν

2279 5283 2357 5342 είς
2383 5282 2563 5345 δόξαν·
2583 5299 2602 5330 ι
2633 5284 2727 5334 καὶ
2752 5282 3030 5352 πανταχοῦ
3057 5283 3164 5336 τῶν
3195 5284 3410 5337 οἰκείων
3439 5284 3736 5336 ἐπιστοὶῶν
3765 5283 3851 5335 τὸν

2278 5373 2424 5425 θεῖον
2464 5370 2609 5424 οὓτω
2643 5377 2981 5442 προορισμὺν
3018 5374 3275 5443 βεϐαιῶν,
3304 5376 3403 5443 τὴν
3435 5377 3564 5444 περὶ
3606 5376 3728 5433 τοὺς
3765 5376 3854 5425 dv-

2279 5463 2533 5533 θρώπους
2572 5463 2778 5532 δηλαδὴ
2821 5466 3028 5534 εἰδικὴν
3083 5468 3361 5534 πρόνοιαν,
3401 5469 3494 5517 καὶ
3552 5465 3652 5517 ὅσα
3685 5464 3853 5533 ταύτῃ

2277 5555 2406 5624 περὶ
2448 5553 2558 5605 τῶν
2589 5554 2949 5622 ἀνθρωπίνων
2994 5557 3334 5627 πραγμάτων
3379 5557 3503 5608 συνέ
3519 5571 3665 5606 were:
3690 5570 3701 5581 ·
3737 5556 3853 5622 εἰκῆ

2279 5643 2454 5696 ταῦτα
2494 5644 2665 5711 λέγει,
2697 5644 2895 5711 μᾶλλον
2924 5645 2980 5696 δὲ
3014 5645 3263 5712 λέγουσιν
3290 5661 3305 5710 ;
3342 5645 3505 5712 ἀπείη
3539 5660 3599 5709 γε
3630 5644 3806 5695 τοῦτο.

590 5739 911 5807 praeparavit
946 5738 996 5791 in
1030 5736 1278 5806 gloriam.
1318 5757 1337 5794 ι
1411 5735 1472 5795 Et
1504 5734 1702 5807 ubique
1762 5751 1991 5795 suarum
2046 5736 2440 5808 Epistolarum,
2500 5736 2736 5791 divinam
2783 5742 2852 5793 ita
2902 5739 3434 5806 praedestinationem
3497 5736 3849 5791 conﬁrmans,
