4170 6294
341 365 453 431 553

1303 374 1672 435 EPISTOLA
1718 374 1812 433 DE
1859 374 1918 433 Pl

2020 373 2623 434 .DESTlNATIONE.
3487 372 3590 437 554

333 483 632 552 specialem
689 485 946 540 nimirum
985 487 1127 542 circa
1179 488 1426 545 homines
1475 490 1890 558 providentiam.
1925 498 1979 542 et
2019 503 2357 556 quaecunque
2393 489 2518 544 huic
2561 491 2613 542 in
2649 489 2925 545 hominum
2967 491 3191 561 negotiis
3218 497 3584 546 cousculanea

332 587 466 635 sunt
511 596 524 630 :
557 593 624 632 an
663 579 939 633 incassum
993 582 1105 636 haec
1142 582 1290 644 dicit,
1331 583 1414 636 vel
1452 583 1628 650 porius
1655 581 1883 636 dicunt?
1911 579 2050 633 absit
2081 581 2182 635 hoc
2219 584 2395 651 plane.

419 671 589 741 Ὀρᾷς
622 671 719 737 τῆς
752 672 999 736 ἐναντίας
1025 673 1180 743 δέξης
1212 672 1464 740 τεθείσης
1496 673 1550 738 ἐξ
1587 673 1911 736 ὑποθέσεως,

2090 669 2280 737 Viden,
2327 680 2384 725 ut
2435 673 2687 741 opinione
2718 673 2989 726 contraria
3024 677 3318 730 constituta
3357 691 3422 728 ex
3461 691 3592 730 con-

332 762 439 814 ὂσα
471 763 579 812 τῶν
616 759 836 829 ἀληθῶν
866 762 1168 832 ἀναιρεῖται
1194 780 1206 828 ;
1243 762 1516 830 μᾶλλονδὲ
1548 762 1699 815 οὐδὲν
1732 761 1914 830 σχεδον

336 853 712 906 ὕπ’λείπεται.
765 853 845 906 Τὰ
901 853 1010 923 γὰρ
1051 855 1114 906 ἐκ
1166 855 1262 922 τῆς
1298 856 1447 925 ἱερᾶς
1494 854 1718 926 Γραφῆς
1766 870 1914 924 παρ·

335 950 555 1015 ηγμένα
607 946 701 1000 νῦν
755 947 883 1000 ἄλλο
954 949 1052 1017 μὲν
1115 949 1276 1002 ἄλλου
1342 949 1642 1019 μυστηρίου
1709 947 1914 1015 πλῆρες

335 1040 459 1092 ὲστί
481 1057 492 1071 ·
527 1040 701 1093 πάντα
727 1039 783 1092 δὲ
821 1041 959 1094 αὐτὰ
997 1041 1092 1092 σὺν
1123 1042 1372 1105 ἐκείνοις,
1409 1043 1538 1110 μιᾶς
1569 1044 1662 1110 τῆς
1691 1056 1912 1110 προκει-

335 1133 507 1200 μένης
540 1134 671 1201 ἡμῖν
699 1131 830 1203 ὕλης
862 1134 1166 1203 εὐρυτάτης
1210 1133 1394 1203 οὔσης,
1426 1133 1572 1188 ἔνδον
1606 1133 1772 1187 ἐστίν.
1803 1125 1911 1195 Ἦς

329 1223 706 1293 σαλευομένης
745 1223 831 1289 ἂν,
864 1223 1017 1276 οὐδὲν
1065 1224 1289 1276 ἐκείνων
1325 1225 1476 1294 μένει
1519 1224 1723 1278 λοιπόν.
1761 1225 1820 1276 Ei
1851 1223 1908 1276 δὲ

329 1317 542 1373 πάσαις
579 1316 845 1382 ἀνάγκαις
873 1318 900 1368 ὁ
932 1317 1072 1378 θεῖος
1117 1317 1311 1385 κρατεῖ
1353 1315 1707 1385 προορισμδς,
1745 1313 1909 1383 μέρος

327 1401 408 1454 ὢν
443 1397 538 1472 τῆς
570 1403 718 1465 θείας
766 1404 1048 1473 Προνοίας,
1076 1405 1136 1456 τὸ
1185 1406 1438 1472 μέγιστον
1473 1403 1562 1457 καὶ
1603 1405 1776 1473 δόγμα
1807 1406 1908 1472 τῆς

328 1497 579 1558 πίστεως
618 1497 1030 1567 ἀναντίρρητον,
1061 1499 1151 1549 καὶ
1192 1497 1447 1567 ’καθάπερ
1483 1496 1777 1565 σύνδεσμος
1811 1497 1909 1565 τῆς

330 1589 575 1651 πίστεως
636 1588 784 1654 ὅλης.
842 1590 950 1642 Καὶ
994 1590 1044 1641 oi
1105 1589 1200 1658 μὲν
1255 1590 1364 1641 τῶν
1412 1589 1714 1657 ἀνθρώπων
1773 1588 1908 1656 πρὸς

325 1680 436 1750 τὴν
461 1679 678 1732 αἰώνιόν
704 1681 811 1731 είσι
859 1679 1259 1748 προωρισμένοι
1290 1679 1456 1749 ζωὴν,
1483 1675 1562 1741 οἷς
1585 1680 1677 1733 καὶ
1710 1679 1759 1732 οἱ
1798 1679 1911 1731 ἐλε-

327 1771 558 1836 ούμενοι
610 1771 1153 1841 συναριθμείσθωσαν
1201 1770 1336 1827 νῦνο
1395 1773 1442 1824 oi
1493 1772 1549 1824 δὲ
1598 1772 1693 1825 ἀπ’
1740 1771 1909 1838 αὐτῆς

328 1863 899 1932 ἀποδεδοκιμασμένοι
955 1864 1190 1932 εὐλόγως
1234 1863 1326 1916 καὶ
1358 1863 1424 1916 τὰ
1455 1864 1596 1916 κατὰ
1630 1863 1731 1931 τὴν
1765 1861 1910 1931 ζωὴν

329 1957 570 2009 ἑκάστου
620 1955 716 2010 καὶ
765 1955 1022 2026 τελευτὴν
1058 1958 1123 2024 τῇ
1176 1955 1448 2020 ὲπιτεύξει
1499 1955 1594 2008 τοῦ
1637 1954 1906 2022 τέλους,ἣ

328 2043 648 2107 ἀποτεύξει,
695 2044 912 2107 οίκείως
946 2043 1368 2097 συνδιατίθενται
1391 2059 1406 2074 ο
1446 2044 1521 2105 ὡς
1552 2044 1756 2096 ἐπίπαν
1791 2044 1910 2112 μὲν,

331 2137 558 2203 καὶτῆς
585 2138 813 2189 ἑκάστου
847 2136 1113 2205 πονηρίας
1144 2137 1175 2204 ἢ
1223 2136 1448 2206 ἀρετῆς,
1497 2137 1589 2188 καὶ
1628 2135 1914 2196 εὐϐουλίας

329 2231 372 2301 ἢ
401 2229 670 2294 ἁΰουλίας,
701 2230 766 2296 τῇ
801 2228 1028 2300 τοιαύτῃ
1060 2228 1428 2296 συνεργούσης
1454 2227 1648 2297 ἑφεξῆς
1674 2226 1914 2290 διατάξει

328 2323 434 2375 τοῦ
467 2322 634 2387 θείου,
659 2319 772 2373 ἔστι
815 2320 867 2378 δὲ
896 2320 984 2372 ὅτε
1035 2321 1127 2372 καὶ
1158 2320 1308 2386 παρᾶ
1332 2322 1428 2389 τὴν
1451 2319 1724 2388 ἑκατέρων
1752 2321 1807 2373 ὲν
1837 2319 1914 2390 τῷ

331 2409 654 2479 παραυτίκα
687 2407 917 2478 μελέτην
949 2425 1006 2461 τε
1039 2409 1132 2460 καὶ
1159 2408 1418 2478 σπουδὴν,
1452 2408 1512 2460 τὸ
1539 2411 1751 2478 πρέπον
1783 2412 1907 2471 ταῖς

330 2500 522 2554 αὐτῶν
553 2501 699 2566 ἕξεσι
734 2499 830 2552 καὶ
864 2497 1062 2564 ἀξίαις,
1093 2499 1186 2550 καὶ
1217 2497 1351 2561 ζῶσι
1377 2500 1468 2552 καὶ
1493 2501 1815 2553 τελευτῶσιν
1840 2504 1916 2554 οἱ·

330 2593 718 2660 κονομοῦντος,
754 2593 828 2653 ὡς
877 2590 945 2644 ἂν
1000 2591 1271 2652 ποικίλαις
1320 2607 1377 2644 τε
1425 2591 1517 2645 καὶ
1551 2592 1914 2662 πολυτρόποις

337 2682 609 2746 μεθόδοις,
657 2682 748 2734 καὶ
783 2680 968 2743 ἄλλαις
996 2681 1112 2748 ,ἐπ’
1160 2680 1336 2734 ἄλλων
1369 2682 1738 2752 κρινομέναις,
1773 2683 1910 2736 κατὰ

329 2778 440 2843 τὴν
471 2773 772 2843 εὐρυτάτην
799 2775 892 2826 καὶ
917 2773 1192 2843 πάνσοφον
1215 2775 1378 2827 αὐτοῦ
1403 2775 1689 2844 διοίκησιν,
1719 2777 1746 2827 ὁ
1772 2773 1914 2837 θεῖος

330 2867 475 2935 περὶ
521 2866 720 2929 αὐτοὺς
752 2866 1083 2936 προορισμὸς
1127 2866 1423 2933 ἐξανύοιτο,
1464 2868 1496 2936 ἡ
1540 2866 1636 2919 τοῦ
1668 2869 1792 2936 ὅρου
1821 2867 1913 2936 δη-

332 2957 517 3009 λονότι
553 2960 648 3010 καὶ
691 2957 878 3020 τέλους
919 2957 1190 3020 ὲπίτευξις
1236 2957 1267 3026 ἢ
1318 2957 1624 3022 ἀπότευξις.
1661 2957 1913 3026 Εἰλήφθω

334 3049 454 3114 γὰρ
498 3045 592 3098 νῦν
622 3046 816 3108 κοινῶς
869 3046 1222 3116 προορισμος,
1253 3046 1326 3109 ὡς
1379 3049 1717 3117 προορισμοῦ
1761 3049 1913 3116 γένος

334 3139 438 3192 καὶ
469 3138 922 3207 άποδοκιμασίας.
949 3138 1058 3208 Τῆς
1087 3138 1145 3191 δὲ
1185 3138 1290 3191 τῶν
1316 3138 1618 3210 ἀνθρώπων
1651 3139 1816 3208 ζωῆς,
1845 3139 1913 3209 ἥν

333 3231 409 3282 ἂν
439 3229 648 3282 οἴκοθεν
682 3230 1102 3300 προαιροίντο,ἢ
1141 3229 1638 3298 συμπροσαγούσης
1666 3229 1744 3297 τῷ
1769 3229 1912 3282 τέλει

339 3323 486 3388 μετὰ
519 3322 615 3390 τῆς
648 3319 856 3375 ἄνωθεν
907 3320 1248 3390 συνεργείας,
1281 3320 1312 3390 ἢ
1343 3319 1656 3390 ἀφιστώσης
1694 3320 1784 3372 τοῦ
1824 3321 1909 3372 τέ-

335 3414 472 3474 λους
531 3413 668 3480 μετὰ
721 3415 820 3483 τῆς
872 3412 1079 3466 ἐκεῖθεν
1146 3411 1582 3480 ὲγκαταλείψεως
1613 3428 1627 3441 ·
1678 3410 1916 3476 εὐλόγως

339 3503 442 3556 καὶ
472 3505 504 3571 ὴ
541 3502 830 3570 μετάθεσις
872 3503 971 3571 μὲν
1003 3501 1108 3555 ἀπὸ
1131 3504 1227 3572 τῆς
1261 3501 1520 3570 τοιαύτης
1553 3501 1721 3571 ζωῆς,
1751 3504 1820 3569 τῇ
1854 3518 1915 3554 τε

339 3596 487 3665 πρὸς
516 3597 574 3648 τὸ
601 3595 752 3656 τέλος
782 3593 906 3663 ὀδῷ,
936 3592 1082 3646 τοῦτ’
1126 3593 1241 3645 ἔστι
1273 3594 1337 3663 τῇ
1370 3593 1623 3663 παρούσῃ
1654 3593 1789 3662 ζωῇ,
1824 3592 1918 3646 καὶ

339 3691 413 3757 τῇ
456 3686 573 3754 μετ’
612 3685 780 3756 αὐτὴν
814 3685 990 3756 οἰκείᾳ.
1035 3683 1130 3736 τοῦ
1176 3683 1362 3747 τέλους
1399 3683 1668 3750 ἐπιτεύξει
1709 3685 1742 3752 ἢ
1780 3685 1918 3736 ἁπο-

338 3779 545 3842 τεύξει,
597 3778 919 3847 σύμμορφός
956 3779 1070 3828 ἐστι
1097 3775 1193 3829 καὶ
1219 3775 1536 3846 συνᾴδουσα,
1571 3775 1760 3844 ὥσπερ
1795 3775 1922 3843 μεθ-

339 3873 498 3940 όριον
522 3866 656 3924 οὖσα
683 3870 793 3922 τῶν
825 3867 979 3930 ζωῶν
1021 3868 1369 3938 ἀμφοτέρων,
1398 3868 1493 3920 καὶ
1518 3867 1620 3937 τῆς
1645 3867 1786 3933 ὁδοῦ,
1823 3869 1917 3920 καὶ

339 3962 445 4016 τοῦ
475 3963 661 4026 τέλους
693 3961 878 4031 ὥσπερ
927 3961 1192 4029 συνάφεια
1215 3976 1231 3993 ο
1271 3960 1385 4013 ἔστι
1436 3960 1534 4030 μὲν
1568 3959 1658 4012 ὅτε
1694 3960 1786 4012 καὶ
1815 3975 1920 4028 φα-

341 4056 514 4124 νερᾶς
546 4053 710 4121 οὔσης
739 4055 873 4107 πᾶσι
904 4051 1003 4122 τῆς
1028 4052 1306 4122 τελευτῆς,
1337 4053 1483 4116 ὅπως
1513 4051 1626 4122 ἔχει
1658 4050 1794 4121 πρὸς
1821 4051 1920 4121 τὴν

340 4148 512 4211 εὐθὺς
564 4146 945 4216 διαδεξομένην
985 4145 1129 4216 ζωὴν
1178 4145 1390 4210 ἀθλίαν,
1441 4144 1473 4215 ἦ
1513 4144 1808 4214 μακαρίαν,
1845 4144 1921 4206 ὡς

341 4239 446 4289 ἐπὶ
475 4236 580 4290 τῶν
627 4235 972 4303 δικαιοσύνης
1022 4236 1204 4301 ἕνεκα,
1235 4235 1268 4302 ἢ
1315 4234 1621 4299 εὐσεϐείας,
1657 4235 1921 4303 αἱρουμέ-

341 4346 455 4383 νων
483 4329 738 4397 θνήσκειν
768 4325 1067 4396 προδήλως,
1096 4327 1193 4379 ούκ
1219 4325 1346 4378 ἄνευ
1376 4325 1509 4378 Θεοῦ
1539 4325 1632 4378 καὶ
1658 4327 1754 4394 τῆς
1785 4326 1922 4379 ἄνω-

340 4421 441 4473 Θεν
494 4417 800 4481 ἐπιπνοίας,
833 4417 861 4470 ὃ
910 4417 1182 4486 προσήκει
1225 4420 1336 4479 τοῖς
1374 4417 1630 4486 μάρτυσι,
1663 4417 1756 4469 καὶ
1789 4419 1922 4470 πᾶσι

338 4513 461 4568 τοῖς
497 4512 612 4580 μετ’
649 4513 854 4581 ἀρετῆς
901 4512 994 4564 καὶ
1025 4509 1093 4562 δι’
1132 4507 1298 4578 αὐτὴν
1345 4509 1657 4570 τελευτῶσι,
1707 4508 1812 4562 κᾶν
1848 4509 1922 4578 μὴ

342 4603 598 4673 φανερῶς
635 4602 711 4672 τῷ
761 4603 1045 4673 μαρτυρίῳ
1095 4602 1504 4671 προσάγωνται,
1550 4600 1665 4653 ἀλλ’
1698 4602 1924 4653 ἐπιϐου-

1940 2003 1988 2062 Β

2019 762 2251 826 ditione,
2281 774 2413 831 qno‘l
2444 781 2568 818 vera
2600 766 2812 819 decreta
2842 767 2908 820 de
2944 767 3120 820 medio
3149 768 3427 822 tollantur?
3456 771 3586 839 quin

2017 851 2123 906 imo
2157 854 2288 907 nihil
2339 857 2730 923 propemodum
2782 857 2974 926 reliqui
3023 869 3125 912 est.
3167 859 3373 912 Etenim
3407 875 3472 913 cx
3506 861 3592 916 his

2015 951 2136 1006 quae
2166 956 2226 993 ex
2263 956 2417 996 sacra
2472 943 2752 1012 Scriptura
2791 945 2948 998 modo
2981 956 3111 1000 sunt
3147 948 3403 1013 abducta,
3442 950 3586 1003 aliud

2013 1030 2230 1098 quidem
2265 1034 2371 1087 alio
2419 1038 2677 1104 mysterio
2710 1035 2924 1104 plenum
2973 1046 3074 1091 est.
3128 1036 3229 1092 Sed
3266 1041 3382 1093 haec
3406 1043 3588 1096 omnia

2013 1137 2136 1176 cum
2174 1124 2280 1179 illis
2309 1125 2448 1180 intra
2477 1142 2638 1180 unam
2671 1143 2700 1182 e
2731 1129 3002 1197 proposita
3034 1131 3188 1184 nobis
3217 1133 3440 1185 materia
3471 1148 3592 1202 qua:

2014 1212 2278 1270 latissime
2306 1228 2472 1284 patet,
2508 1221 2857 1274 continentur
2899 1236 2914 1273 :
2949 1237 3051 1290 qua
3097 1232 3341 1287 nutante,
3376 1225 3590 1277 illorum

2013 1304 2148 1358 nihil
2184 1307 2237 1359 in
2273 1319 2544 1374 posterum
2577 1323 2840 1365 remanet.
2872 1313 3023 1377 Quod
3055 1315 3097 1367 si
3131 1330 3283 1369 sacra
3316 1317 3595 1384 praedesti-

2012 1398 2160 1450 natio
2186 1398 2438 1453 omnibus
2461 1401 2737 1468 praepollet
2771 1405 3206 1469 necessitatibus,
3237 1423 3360 1462 cum
3396 1412 3592 1466 divinae

2013 1485 2367 1543 Providentia:
2399 1506 2524 1558 pars
2547 1493 2618 1545 sit
2656 1495 2914 1559 maxima,
2946 1506 3000 1550 et
3026 1498 3146 1552 fidei
3182 1501 3457 1555 decretum
3499 1505 3586 1558 cui

2013 1581 2291 1634 adversari
2320 1597 2425 1635 non
2453 1583 2602 1646 licet,
2631 1600 2696 1641 ac
2719 1587 2880 1641 veluti
2915 1588 3037 1644 fi.lei
3065 1592 3232 1645 totius
3255 1595 3588 1649 convinctio:

2010 1677 2062 1723 et
2100 1670 2345 1727 homines
2377 1674 2571 1742 partim
2607 1677 2672 1730 ad
2721 1686 2979 1732 aeternam
3017 1683 3179 1734 vitam
3215 1694 3339 1736 sunt
3385 1685 3594 1752 prinde-

2012 1761 2221 1824 stinati',
2271 1779 2503 1832 quorum
2553 1783 2778 1826 numero
2817 1772 2976 1824 etiam
3028 1787 3174 1827 nunc
3223 1775 3590 1844 ascribanlur,

2012 1853 2209 1920 quibus
2245 1855 2616 1912 misericordia
2652 1861 2711 1912 fit
2765 1877 2779 1913 :
2813 1862 3008 1928 partim
3061 1864 3128 1916 ab
3170 1863 3286 1930 ipsa
3321 1868 3592 1932 reprobati

2015 1950 2142 1995 sunt
2183 1959 2197 1996 :
2226 1942 2348 2011 jure
2372 1947 2567 2001 merito
2589 1948 2752 2002 etiam
2790 1965 2909 2018 qua:
2939 1951 3003 2005 ad
3035 1952 3198 2006 vitam
3244 1955 3508 2023 cujusque
3538 1968 3593 2008 et

2015 2033 2222 2086 obitum
2275 2045 2526 2104 spectant
2557 2077 2572 2100 ,
2647 2039 2772 2094 linis
2825 2043 3216 2098 consecutione
3252 2047 3336 2098 vel
3381 2047 3591 2114 repulsa

2022 2124 2366 2191 peculiariter
2393 2143 2500 2182 una
2525 2129 2894 2197 disponuntur
2931 2148 2946 2186 :
2979 2135 3136 2203 quasi
3165 2137 3390 2191 omnino
3427 2140 3588 2194 unius

2016 2215 2281 2287 cujusque
2311 2220 2668 2288 improbitate
2701 2233 2756 2277 et
2785 2227 3005 2291 virtute,
3033 2235 3086 2281 ct
3129 2227 3274 2283 bono
3314 2231 3395 2282 vel
3443 2233 3587 2287 malo

2017 2307 2242 2362 consilio
2276 2311 2404 2366 huic
2427 2313 2520 2366 Dei
2549 2315 2928 2371 constitutioni
2955 2319 3210 2389 deinceps
3239 2334 3590 2391 cooperante.

2017 2398 2292 2454 Interdum
2347 2403 2512 2456 ctiam
2554 2405 2709 2473 juxta
2759 2417 3119 2480 utrorumque
3164 2427 3349 2466 curam
3390 2424 3444 2468 et
3476 2425 3593 2470 stu-

2017 2491 2190 2552 dium.
2226 2504 2445 2560 repente
2487 2496 2732 2564 vestigio,
2768 2501 2910 2567 quod
2941 2501 3183 2569 ipsorum
3228 2504 3501 2559 habilibus
3539 2520 3596 2562 et

2018 2581 2228 2635 meritis
2280 2584 2538 2638 decorum
2584 2594 2693 2650 est,
2726 2596 2781 2641 et
2815 2589 3204 2653 viventibus.et
3235 2598 3593 2653 morientibus

2015 2686 2216 2728 numen
2258 2675 2398 2744 regit
2431 2690 2494 2730 ac
2525 2680 2879 2734 moderatur:
2915 2684 3057 2737 sicut
3082 2687 3247 2742 variis
3276 2703 3339 2742 ac
3361 2690 3594 2746 diversis

2017 2761 2307 2816 admodum
2337 2764 2515 2820 modis
2549 2774 2602 2820 et
2634 2769 2941 2826 rationibus
2969 2789 3090 2842 quae
3115 2775 3233 2830 aliae
3267 2776 3322 2830 iu
3353 2779 3472 2835 aliis
3499 2782 3591 2848 ju-

2016 2852 2289 2921 dicantur,
2332 2857 2630 2911 secundum
2687 2858 3007 2916 latissimam
3045 2873 3097 2917 ct
3131 2867 3588 2936 sapientissimam

2015 2945 2188 3016 ipsius
2233 2947 2762 3005 administrationem
2787 2990 2802 3015 ,
2840 2951 3027 3008 divina
3058 2957 3202 3012 circa
3233 2974 3326 3014 eos
3382 2966 3591 3031 prside-

2016 3039 2236 3092 stinatio
2265 3039 2524 3108 perlicere
2549 3037 2754 3109 posSet,
2793 3043 3052 3099 nimirum
3079 3047 3264 3102 limitis
3285 3065 3347 3104 ac
3373 3055 3592 3110 termini

2016 3131 2330 3184 consecutio
2378 3131 2459 3184 vel
2499 3133 2732 3201 repulsa.
2763 3134 3023 3190 Sumatur
3047 3139 3190 3192 enim
3249 3157 3394 3196 nunc
3443 3160 3599 3200 com-

2017 3220 2252 3274 muniter
2280 3221 2683 3288 praedestinatio
2703 3241 2719 3290 ;
2738 3226 2886 3280 velut
2907 3242 3078 3294 genus
3103 3232 3595 3297 priedcstinationis

2016 3315 2070 3362 et
2131 3311 2524 3377 repro‘bationis
2574 3331 2588 3365 :
2637 3316 2854 3382 quando
2903 3316 3182 3374 hominum
3240 3324 3370 3389 vita,
3430 3342 3593 3392 quam

2018 3402 2161 3468 apud
2182 3416 2242 3455 se
2267 3403 2499 3473 quisque
2529 3404 2673 3458 domi
2709 3406 2965 3476 elegerit,
2997 3417 3092 3462 aut
3121 3410 3282 3465 simul
3324 3415 3390 3467 ad
3430 3415 3590 3471 .‘iuem

2021 3492 2239 3548 adducit
2271 3510 2392 3548 cum
2439 3496 2751 3567 adjumento
2787 3502 3186 3568 cooperationis
3218 3505 3286 3557 ah
3317 3506 3425 3560 alto
3452 3523 3466 3574 ;
3496 3517 3592 3564 aut

2021 3597 2050 3637 a
2083 3583 2187 3637 fine
2219 3585 2437 3638 abducit
2469 3599 2592 3640 cum
2632 3587 3006 3653 derelictione,
3047 3607 3166 3660 qui?
3212 3593 3448 3650 indidem
3491 3601 3590 3667 fit;

2021 3686 2385 3730 consentanea
2417 3681 2576 3732 etiam
2605 3679 2902 3735 demutatio
2937 3683 3006 3737 ab
3031 3683 3296 3749 ejusmodi
3329 3689 3438 3743 vita
3466 3706 3597 3745 con-

2022 3781 2223 3834 gruens
2249 3768 2347 3821 viae
2373 3783 2490 3835 qum
2518 3769 2584 3823 ad
2617 3770 2778 3825 finem
2809 3772 3088 3842 perducit;
3117 3776 3217 3830 hoc
3239 3788 3323 3832 est
3343 3785 3597 3848 praesenti

2022 3859 2164 3922 vitae,
2199 3869 2252 3914 et
2282 3861 2540 3928 peculiari
2571 3871 2691 3931 post
2724 3878 2844 3919 eam
2891 3867 3014 3920 finis
3058 3869 3330 3936 adeptioni
3385 3881 3479 3928 aut
3512 3891 3596 3929 re-

2023 3951 2190 4020 pulsae
2223 3951 2518 4008 conformis
2547 3963 2627 4009 est
2661 3963 2824 4024 atque
2856 3972 3185 4026 consonans;
3215 3963 3439 4030 perinde
3463 3980 3530 4022 ae
3549 3968 3595 4022 si

2025 4046 2078 4098 in
2113 4048 2350 4102 confinio
2393 4062 2537 4104 esset
2585 4050 2874 4122 utriusque
2904 4055 3049 4119 vitae,
3100 4065 3154 4110 et
3193 4067 3451 4129 tanquam
3494 4066 3596 4121 viae

2025 4148 2186 4208 atque
2217 4139 2340 4195 finis
2369 4142 2582 4211 copula.
2629 4142 2936 4212 Aliquando
2984 4148 3126 4202 enim
3160 4138 3297 4205 'cum
3349 4154 3599 4210 interitus

2025 4229 2283 4283 omnibus
2299 4229 2370 4283 sit
2391 4231 2740 4300 conspicuus,
2766 4242 2823 4286 ut
2851 4237 3010 4291 habet
3033 4254 3090 4292 se
3109 4239 3176 4293 ad
3205 4243 3369 4296 vitam
3399 4261 3601 4300 mrum-

2024 4334 2210 4374 nosam
2261 4329 2356 4374 aut
2405 4324 2613 4376 beatam
2671 4340 2791 4393 qua:
2849 4326 3031 4380 statim
3093 4341 3384 4400 exceptura
3441 4347 3524 4389 est
3578 4354 3593 4393 :

2025 4412 2479 4481 quemadmodum
2522 4414 2573 4467 in
2603 4416 2668 4469 iis
2702 4418 2795 4484 qui
2816 4418 3044 4485 justitize
3074 4436 3242 4476 causa
3274 4434 3366 4478 aut
3388 4428 3598 4494 pietatis

2025 4507 2199 4576 palam
2245 4507 2380 4560 mori
2413 4507 2649 4572 voluere,
2683 4523 2789 4562 non
2836 4510 3044 4578 absque
3093 4510 3223 4578 Deo,
3257 4525 3310 4568 et
3356 4516 3594 4585 inspira-

2029 4597 2177 4650 tione
2205 4611 2324 4664 quae
2367 4597 2651 4651 desursum
2694 4599 2875 4664 venit;
2909 4603 3053 4668 quod
3100 4605 3428 4672 martyribus
3458 4623 3595 4662 con-

341 4694 630 4763 λευόμενσι
663 4695 849 4765 βιαίως
891 4694 1194 4762 ὲξάγωνται
1225 4693 1322 4760 τῆς
1355 4693 1500 4762 ζωῆς
1528 4695 1622 4746 καὶ
1651 4709 1918 4762 συκοφαν-

2027 4689 2195 4753 venit,
2243 4695 2406 4755 atque
2455 4689 2712 4743 omnibus
2763 4691 2854 4757 qui
2899 4705 3020 4744 cum
3063 4692 3258 4747 virtute
3287 4704 3342 4749 et
3372 4708 3594 4767 pr0pter

342 4787 623 4854 τούμενοι,
674 4789 706 4858 ἦ
768 4787 859 4840 ἐπὶ
912 4786 1021 4839 τῶν
1077 4785 1357 4854 φυγόντων
1405 4787 1499 4838 τὸν
1549 4787 1774 4852 κόσμον,
1826 4787 1922 4838 καὶ

346 4877 574 4946 σταυρῷ
623 4877 939 4946 πρέπουσαν
987 4875 1269 4943 ζησάντων
1301 4873 1466 4943 ζωὴν,
1515 4874 1606 4928 καὶ
1636 4871 1826 4942 ὁμοίαν
1851 4875 1917 4943 τῇ

344 4964 465 5034 ζωῇ
519 4963 776 5030 τελευτὴν
827 4962 1244 5031 ἁπαράκλητον,
1296 4960 1452 5016 ὲνίων
1501 4961 1556 5013 δὲ
1589 4961 1681 5014 καὶ
1735 4961 1918 5015 ἄδικον

345 5059 754 5126 ὑφισταμένων,
796 5053 829 5125 ἢ
863 5055 1170 5107 τούναντίον
1200 5055 1291 5107 ἐπὶ
1331 5054 1440 5105 τῶν
1469 5053 1554 5106 ἐπ’
1589 5053 1794 5116 ἀδίκοις
1826 5053 1920 5106 καὶ

343 5150 609 5218 πονηροῖς
639 5149 975 5218 τολμήμασι,
1015 5149 1110 5200 καὶ
1137 5149 1202 5216 τῇ
1234 5147 1329 5216 ὅλῃ
1369 5145 1716 5216 συμμόρφοις
1745 5145 1920 5198 αὐτῶν

342 5245 466 5311 ζωῇ
495 5242 592 5310 τὴν
622 5242 936 5311 πρέπουσαν
961 5239 1338 5307 ὑφισταμένων
1365 5238 1551 5307 βιαίως
1581 5237 1779 5301 ἔξοδον.

2030 4780 2203 4848 ipsam
2250 4779 2588 4846 moriuntur;
2626 4780 2838 4833 tametsi
2873 4779 3156 4837 manifeste
3192 4785 3449 4852 martyrio
3485 4803 3591 4844 non

2026 4873 2455 4935 admoveantur;
2495 4869 2588 4924 sed
2625 4869 2840 4925 insidiis
2887 4882 2941 4926 et
2989 4873 3278 4929 calumniis
3331 4878 3596 4945 appetiti,

2028 4963 2138 5016 vita
2174 4962 2474 5031 spolientur
2506 4978 2519 5014 :
2549 4973 2645 5017 aut
2693 4962 2761 5017 iis
2804 4963 2895 5032 qui
2947 4964 3131 5034 fugere
3182 4967 3467 5035 mundum,
3515 4971 3602 5025 vel

2029 5047 2177 5108 cruci
2209 5063 2594 5122 congruentem
2615 5053 2887 5123 agitarent
2912 5057 3096 5123 vitam,
3125 5072 3186 5111 ac
3216 5059 3444 5114 similem
3479 5061 3602 5116 vitae

2031 5146 2235 5198 obitum
2269 5145 2664 5198 consolationis
2707 5155 2982 5215 expertem
3017 5165 3030 5201 :
3066 5163 3188 5203 cum
3223 5151 3467 5206 nonnulli
3501 5153 3604 5207 ini-

2031 5251 2194 5307 quam
2227 5237 2348 5289 vitae
2377 5235 2634 5304 degendze
2664 5238 2960 5307 mortisque
3002 5241 3295 5297 subeundae
3335 5244 3602 5298 rationem

341 5336 613 5394 insistunt
652 5349 668 5386 :
703 5343 794 5386 aut
827 5340 1034 5396 contra,
1071 5330 1140 5385 iis
1171 5330 1583 5410 convenientem
1615 5330 1706 5399 qui
1748 5331 1818 5386 ob
1846 5329 2048 5400 injuSta
2083 5340 2135 5386 et
2183 5329 2450 5384 scelerata
2496 5328 2741 5384 facinora
2813 5332 2908 5386 toti
2982 5334 3226 5402 ipsorum
3292 5335 3414 5390 vitae
3465 5350 3602 5391 con-

340 5444 627 5496 sentanea,
671 5438 1064 5499 congruentem
1125 5428 1402 5484 interitum
1459 5428 1720 5482 violenter
1770 5428 2060 5484 sufferunt.

421 5530 498 5581 Οὐ
529 5528 687 5596 μόνον
715 5525 772 5579 δὲ
801 5527 865 5593 τῇ
899 5525 1078 5592 κρίσει
1110 5523 1216 5576 τῶν
1241 5521 1544 5590 ἀνθρώπων
1572 5523 1748 5591 σαφής
1777 5523 1924 5573 ἐστιν

345 5624 386 5691 ἡ
417 5618 641 5687 τοιαύτη
670 5618 894 5686 τελευτὴ
922 5616 1024 5668 ποῦ
1043 5615 1218 5684 φέρει,
1247 5614 1383 5667 ἀλλὰ
1410 5615 1523 5676 τοῖς
1557 5613 1694 5682 ὑπὲρ
1723 5613 1926 5683 ἀρετῆς

347 5731 412 5766 τε
450 5711 544 5764 καὶ
575 5709 860 5771 εὐσεϐείας
905 5708 1162 5773 θνήσκειν
1195 5707 1651 5777 προαιρουμένοις
1699 5705 1928 5775 λαμπρὰ

353 5804 454 5858 καὶ
487 5802 704 5870 ποικίλη
740 5803 773 5868 ὴ
815 5801 1064 5868 οὐράνιος
1111 5800 1460 5866 ἐπιφαίνεται
1511 5796 1805 5868 μαρτυρία,
1839 5803 1929 5850 καὶ

637 5881 640 5884 ί
711 5899 981 5954 l‘asnoL.
1029 5896 1140 5954 Gn.
1197 5893 1376 5954 (ZLX.

2106 5520 2305 5576 Verum
2340 5537 2446 5576 non
2480 5521 2690 5588 judicio
2727 5531 2932 5576 tantum
2973 5523 3255 5576 hominum
3305 5519 3602 5575 dilucidum

2033 5624 2132 5675 est,
2160 5630 2268 5684 quo
2297 5615 2483 5669 tendat
2518 5629 2664 5670 mors
2694 5614 2958 5684 ejusmodi
3006 5628 3020 5665 :
3064 5617 3156 5667 sed
3189 5627 3284 5680 pro
3315 5613 3510 5665 virtute
3547 5617 3604 5664 et

2039 5707 2233 5774 pietate
2265 5707 2399 5758 mori
2439 5706 2806 5774 cupientibus,
2833 5707 3039 5760 clarum
3066 5712 3117 5758 et
3141 5704 3348 5758 varium
3379 5711 3605 5772 apparet

2037 5791 2272 5851 cwlcste.
2322 5795 2719 5864 testimonium,
2782 5807 2836 5852 et
2897 5794 3249 5850 familiarium
3297 5798 3485 5852 oculos
3539 5807 3608 5852 ac

3127 5887 3203 5948 18
