4170 6294
649 343 759 405 ξοδ

1748 339 2133 399 GENNADH
2172 338 2278 400 cp.
2326 335 2851 397 mmmam;

3822 337 3923 401 556

640 470 853 518 mentes
882 456 1144 526 percellit.
1176 455 1456 511 Interdum
1490 454 1653 508 etiam
1688 454 1890 508 multos
1918 451 2055 521 fugit
2084 464 2233 504 mor-

2343 448 2435 511 τάς
2470 447 2579 501 τῶν
2610 447 2881 500 συνόντων
2910 445 3062 515 ὄψεις
3095 447 3190 501 καὶ
3216 447 3397 517 ψυχὰς
3445 447 3922 518 καταπλήττουσα.

638 555 709 609 tis
749 552 1037 617 terminus,
1080 559 1275 617 prmter
1316 564 1411 603 eos
1447 553 1542 616 qui
1576 546 1899 601 sustinent:
1941 544 2234 614 aliquando

636 662 706 701 ne
738 645 874 716 ipsis
904 644 1124 712 quidem
1160 642 1248 696 bic
1280 640 1624 711 conspicitur
1656 639 1833 696 donec
1858 648 1989 694 sunt
2031 638 2083 693 in
2115 652 2237 693 cor-

636 751 794 807 pore,
825 735 907 790 vel
945 734 1076 789 dum
1113 733 1277 787 etiam
1316 733 1505 802 expiat
1538 731 1796 786 interitus
1825 730 2013 785 divina
2044 728 2235 798 benig-

639 830 834 891 nitate,
893 826 939 880 si
991 826 1269 880 violentus
1323 825 1426 889 sit;
1478 822 1679 893 quibus
1726 822 2007 876 decretum
2072 819 2237 874 fuerit

578 940 583 947 -
639 915 887 973 stillicere
921 930 1096 984 usque
1129 916 1265 970 adeo
1309 915 1518 985 espiari
1541 954 1557 979 ,
1590 923 1649 968 ut
1677 910 2109 967 misericordiam
2140 908 2238 964 ob-

643 1007 878 1061 tinentes
906 1006 1068 1060 linem
1101 1004 1324 1059 beatum
1358 1004 1747 1057 nanciscantur
1783 1020 1796 1056 :
1833 1000 1919 1055 vel
1945 1001 2074 1054 dum
2101 999 2237 1055 alios

634 1095 810 1162 juvat,
842 1095 886 1150 si
917 1093 1202 1150 exordium
1238 1093 1309 1149 sit
1358 1091 1694 1148 infelicitatis
1738 1107 1860 1162 quae
1913 1091 2021 1146 illic
2045 1100 2151 1155 est,
2182 1098 2240 1145 et

643 1188 1033 1257 improbitatis,
1075 1200 1199 1255 qua:
1246 1186 1333 1240 hic
1387 1195 1693 1249 exercetur,
1757 1193 1921 1253 atque
1973 1182 2236 1237 indicium

639 1278 1133 1333 animadversionis
1162 1286 1385 1347 propter
1418 1277 1620 1346 ipsam,
1672 1276 1722 1330 vi
1774 1275 2110 1341 inducatur;
2144 1281 2240 1328 aut

638 1375 1010 1429 additamenta
1037 1372 1270 1426 miseria:
1297 1387 1417 1441 quae
1446 1370 1520 1424 ibi
1549 1379 1654 1437 est,
1688 1367 1833 1423 facto
1862 1369 1915 1422 in
1949 1367 2235 1438 improbis,

640 1467 685 1521 si
717 1467 927 1534 absque
965 1466 1210 1519 cruciatu
1241 1478 1388 1517 mors
1428 1461 1592 1517 luerit
1623 1480 1638 1516 :
1683 1471 1777 1516 aut
1807 1462 1875 1517 ad
1911 1476 2238 1531 compensa-

638 1561 849 1615 tionem
882 1559 1119 1626 aliquam
1147 1557 1372 1627 jnstitia:
1398 1557 1489 1611 ltie
1529 1565 1686 1620 actm,
1719 1555 1878 1625 quasi
1909 1554 2013 1610 alia
2049 1555 2238 1625 pravi-

640 1661 728 1707 tas
762 1653 1003 1722 ipsorum
1046 1649 1155 1705 illic
1234 1649 1377 1717 quod
1415 1664 1513 1720 par
1557 1658 1613 1704 et
1664 1648 1943 1719 proprium
1973 1656 2058 1703 est
2087 1661 2240 1703 acce-

642 1744 783 1813 perit
802 1759 820 1811 ;
837 1742 1051 1813 jusdtia
1079 1742 1165 1796 hic
1190 1740 1431 1797 exhibita
1459 1740 1768 1796 viventibus
1791 1748 1845 1796 et
1870 1739 2233 1795 morientibus

2347 534 2503 587 Ἔστι
2546 534 2594 590 δ’
2622 535 2710 587 ὅτε
2754 534 2850 587 καὶ
2883 533 3138 589 λανθάνει
3174 535 3275 604 μὲν
3315 537 3441 599 τοὺς
3486 537 3718 600 πολλοὺς
3747 540 3807 592 τδ
3834 539 3927 594 πέ-

2344 643 2444 696 ρας
2490 629 2589 697 τῆς
2622 627 2905 695 τελευτῆς,
2958 626 3097 698 πλὴν
3142 627 3323 682 αὐτῶν
3363 628 3470 682 τῶν
3518 629 3923 701 ὑφισταμένων,

2340 721 2512 773 ἐνίοτε
2547 719 2685 790 μηδὲ
2720 720 2904 784 αὑτοῖς
2943 720 3180 785 ἐνταῦθα
3220 721 3625 791 συιορώμενον,
3657 722 3762 787 ἕως
3791 724 3925 777 εἰσὶν

2340 815 2399 866 ὲν
2426 813 2503 883 τῷ
2533 812 2770 883 σώματι,
2807 810 2902 873 καὶ
2947 814 2980 885 ἢ
3017 814 3390 887 καθαιρούσης
3437 817 3535 886 τῆς
3565 816 3827 888 τελευτῆς
3866 818 3926 870 ἐκ

2341 907 2494 972 θείας
2521 906 2937 978 φιλανθρωπίας
2975 908 3042 962 ἀν
3074 907 3250 978 βίαιος
3292 904 3351 981 ᾗ,
3383 903 3466 972 οἷς
3496 911 3690 980 ἀρκεῖν
3723 910 3791 964 ἂν
3814 928 3929 976 κρι-

2341 997 2458 1069 θείη
2491 996 2743 1053 τοσοῦτον
2792 998 3138 1068 καθήρασθαι
3169 1001 3307 1069 πρὸς
3349 1000 3412 1053 τὸ
3445 1003 3633 1071 τυχεῖν
3668 1001 3925 1072 ἑλεουμέ-

2341 1107 2464 1153 νους
2499 1089 2689 1154 τέλους
2734 1089 3074 1158 εὐδαίμονος,
3119 1090 3152 1162 ἢ
3184 1091 3311 1155 τοὺς
3361 1091 3557 1155 ἄλλους
3587 1092 3923 1164 ὠφελούσης,

2342 1184 2410 1238 ἂν
2456 1182 2748 1256 προοίμιον
2785 1184 2883 1252 τῆς
2925 1186 3041 1237 ἐκεῖ
3082 1185 3537 1254 κακοδαιμονίας,
3587 1187 3811 1256 καὶτῆς
3845 1189 3927 1241 ὲν-

2341 1277 2517 1331 ταῦθα
2545 1276 2834 1346 πονηρίας,
2866 1277 2964 1330 καὶ
2995 1277 3064 1331 δι’
3089 1278 3261 1348 αὑτὴν
3295 1278 3648 1349 ἀποστροφῆς
3683 1278 3926 1345 ἔνδειξις,

2343 1367 2539 1439 βιαίως
2590 1368 2889 1435 ἑπάγηται,
2937 1366 3091 1439 καὶῆ
3126 1369 3447 1441 προσθήκης
3491 1371 3558 1439 τῇ
3602 1369 3720 1422 ἐκεῖ
3768 1385 3927 1422 κακο⁴

2342 1460 2599 1533 δαιμονίᾳ
2626 1459 2794 1531 οὔσης
2832 1461 2891 1512 ἐν
2920 1462 3032 1522 τοῖς
3068 1464 3350 1530 πονηροῖς,
3383 1460 3447 1514 ἂν
3481 1460 3748 1522 ἀνώδυνος
3835 1476 3850 1492 ’
3890 1459 3921 1529 ἢ

2345 1553 2481 1623 πρὸς
2516 1551 2754 1622 ἁμοιῦήν
2795 1569 2914 1605 τινα
2972 1551 3320 1623 δικαιοσύνης
3367 1551 3606 1607 ἐνταῦθά
3655 1568 3824 1616 τινος,
3854 1551 3925 1613 ὡς

2342 1644 2409 1698 ἂν
2440 1645 2540 1713 τῆς
2572 1643 2741 1713 ἄλλης
2795 1644 3064 1713 πονηρίας
3104 1645 3284 1698 αὐτῶν
3318 1645 3450 1698 ἐκεῖ.
3487 1644 3546 1697 τὺ
3581 1644 3699 1697 δέον
3735 1642 3829 1696 καὶ
3854 1642 3927 1695 ol-

2344 1740 2489 1791 κεῖον
2540 1737 3021 1809 προσληψομένης,
3069 1739 3103 1807 ἠ
3165 1738 3403 1791 ἐνταῦθα
3459 1737 3782 1806 δικαιοσύνη
3833 1736 3924 1790 καὶ

645 1801 753 1890 non
802 1801 1042 1905 prorsus
1099 1833 1347 1887 mercede
1411 1831 1660 1888 fraudata
1709 1833 1919 1888 fuerit:
1953 1833 2228 1888 interdum

2343 1830 2477 1893 ζῶσι
2500 1801 2597 1885 καί
2628 1801 3050 1903 existumem-ph
3084 1801 3342 1898 καθάπαξ
3363 1832 3593 1903 ἄμισθος
3724 1801 3924 1886 ’ἐνίοτε

643 1928 808 1983 etiam
847 1926 1232 1982 nonnullorum
1264 1925 1519 1994 precibus
1564 1924 1766 1980 numen
1793 1926 2076 1994 elargitur.
2116 1924 2233 1981 Non

642 2021 787 2075 enim
812 2018 1071 2073 omnibus
1103 2032 1280 2087 neque
1306 2018 1553 2073 omnium
1587 2020 1728 2073 votis
1763 2017 2123 2089 gratiﬁcatur;
2171 2032 2236 2071 ac

641 2113 912 2169 diversam
941 2110 996 2164 iii
1029 2112 1162 2176 ipsis
1190 2110 1311 2164 vitae
1333 2120 1541 2165 sortem
1578 2108 1845 2165 decernit.
1875 2109 2088 2163 Etenim
2112 2109 2235 2176 qui-

643 2206 765 2261 (iam
797 2202 921 2258 vitae
959 2204 1166 2257 exitum
1196 2201 1384 2256 dolore
1415 2211 1695 2256 carentem
1747 2209 1802 2256 et
1831 2209 2081 2271 pacatum
2129 2199 2235 2254 sibi

643 2306 1012 2369 apprecantur
1040 2313 1053 2350 :
1078 2294 1167 2349 alii
1192 2309 1515 2364 generosum
1542 2295 1727 2364 potius
1749 2303 1803 2349 et
1827 2296 1920 2364 qui
1952 2291 2236 2347 materiam

642 2393 780 2462 ipsis
802 2390 1058 2447 exhibeat
1089 2390 1372 2459 sapientiae
1406 2390 1612 2454 studii,
1641 2398 1695 2443 et
1737 2389 1893 2443 bona:
1927 2388 2069 2458 spei.
2099 2385 2234 2441 Nam

644 2486 728 2541 sic
763 2502 793 2540 e
825 2484 936 2539 vita
968 2483 1226 2553 migrare,
1264 2480 1350 2536 vel
1389 2495 1719 2535 coronarum
1766 2488 2121 2549 augmentum
2174 2479 2239 2533 iis

649 2577 744 2650 qui
781 2578 1031 2643 honeste,
1068 2574 1237 2644 probe
1272 2575 1466 2644 pieque
1493 2572 1788 2629 admodum
1832 2572 2105 2638 vixerunt,
2139 2580 2233 2626 aut

640 2671 1009 2742 expiationem
1042 2667 1335 2738 perlectam
1366 2666 1883 2734 absolutionemque
1906 2665 2084 2721 omnis
2112 2679 2235 2720 rea-

654 2774 743 2819 tus
778 2762 846 2816 iis
877 2761 971 2831 qui
1008 2760 1145 2830 lapsi
1171 2769 1320 2824 sunt,
1352 2772 1673 2826 comparare
1700 2766 1908 2811 certum
1938 2765 2046 2810 est.
2089 2756 2236 2811 Sub-

645 2857 925 2913 ntinistrat
956 2864 1142 2909 autem
1177 2853 1361 2908 divino
1386 2852 1531 2907 circa
1572 2852 1821 2920 quemvis
1854 2850 2082 2919 judicio,
2120 2861 2234 2905 tum

647 2946 904 3000 diversus
931 2943 1057 2997 vitae
1091 2950 1288 3007 status,
1335 2942 1472 2996 ordo
1503 2949 1556 2994 et
1601 2942 1975 3011 propositum,
2011 2943 2064 2996 in
2103 2958 2238 2998 uno-

644 3051 886 3107 quoque,
919 3044 1034 3088 tum
1064 3033 1351 3089 electionis
1374 3032 1776 3101 voluntatisque
1806 3048 1997 3088 rursus
2028 3034 2081 3088 in
2116 3035 2236 3103 plu-

649 3133 834 3196 ribus,
860 3140 914 3186 et
931 3129 1142 3186 ordinis
1162 3128 1571 3193 communione,
1594 3128 1660 3181 ad
1679 3127 1951 3181 diversum
1976 3129 2030 3181 in
2049 3127 2239 3196 singu-
2267 3151 2310 3210 α

646 3223 736 3287 lis,
762 3230 816 3275 et
846 3223 1095 3278 eumdem
1140 3224 1192 3275 in
1229 3220 1476 3289 pluribus
1508 3220 1628 3274 vitae
1657 3234 1941 3275 excessum
1976 3219 2240 3274 delinien-

646 3317 803 3372 dum.
838 3314 1167 3384 Ecquasnam
1204 3326 1370 3383 porro
1421 3326 1576 3367 meus
1625 3312 1758 3366 satis
1797 3312 1994 3366 virium
2026 3320 2082 3366 et
2108 3327 2241 3367 acu-

646 3410 810 3464 minis
863 3409 1131 3471 haberet,
1183 3405 1251 3460 ad
1302 3404 1572 3459 infinitam
1626 3402 1717 3458 Dei
1771 3404 2237 3472 dispensationem

646 3501 1082 3570 investigandam
1117 3499 1169 3553 iu
1212 3497 1479 3567 ejusmodi
1521 3496 1685 3551 rebus
1715 3512 1746 3551 e
1780 3497 1954 3551 sacris
1982 3498 2239 3567 feluquiis

645 3610 711 3650 ac
736 3593 936 3649 divinis
964 3592 1102 3648 actis
1152 3590 1509 3659 colligendam
1530 3590 1555 3643 ?
1573 3588 2040 3655 Quemadmodum
2075 3586 2240 3659 igitur

649 3685 1068 3756 sapientissima
1105 3693 1160 3739 et
1189 3682 1371 3737 divina
1406 3681 1816 3736 administratio
1863 3682 2009 3735 circa
2048 3681 2240 3735 mortis

646 3777 870 3832 modum
902 3786 1006 3840 est,
1030 3776 1181 3845 juxta
1208 3773 1569 3829 Providentia:
1591 3773 1766 3841 ipsius
1792 3773 2237 3828 constitutionem

650 3871 705 3922 in
739 3880 1071 3938 unoquoque
1101 3867 1382 3920 hominum
1422 3880 1436 3915 :
1481 3864 1565 3919 sic
1603 3864 1768 3918 etiam
1811 3864 1957 3919 circa
1991 3872 2242 3919 com‘mu-

646 3955 876 4010 tationis
908 3965 1120 4023 tempus
1147 3951 1420 4007 diversam
1446 3962 1500 4007 et
1528 3953 1736 4006 variam
1769 3953 2237 4022 dispensationem

647 4046 887 4099 divinam
921 4045 1103 4099 videre
1135 4051 1238 4099 est.
1280 4041 1413 4098 Nam
1446 4043 1513 4099 iis
1546 4044 1638 4113 qui
1672 4044 1724 4098 in
1749 4044 2037 4114 juventute
2071 4046 2238 4101 vitam

652 4153 778 4193 cum
811 4147 988 4192 morte
1016 4145 1375 4201 commutant,
1412 4135 1521 4190 vita
1548 4136 1805 4205 eripitur,
1835 4151 1902 4191 eo
1935 4137 2077 4205 quod
2105 4145 2243 4191 tem-

651 4230 803 4301 poris
843 4229 1162 4284 accessione
1193 4228 1367 4283 virtus
1401 4235 1454 4281 et
1491 4227 1849 4298 intelligentia
1884 4230 2125 4298 ipsorum
2155 4232 2240 4286 in:

655 4332 997 4379 cietnentum
1024 4329 1314 4391 acceptura
1344 4335 1452 4376 non
1489 4330 1673 4388 esset;
1718 4322 1813 4377 sed
1848 4323 1902 4377 in
1937 4322 2089 4392 pejus
2121 4340 2240 4377 mu-

648 4423 852 4470 tatura.
907 4414 1044 4469 Aliis
1088 4415 1197 4468 vita
1251 4424 1598 4483 prorogatur,
1653 4417 1746 4480 qui
1797 4430 2061 4470 concessa
2113 4416 2239 4470 vitae

2338 1923 2395 1976 δὲ
2432 1924 2527 1976 καὶ
2558 1924 2747 1995 εὐχαῖς
2798 1942 2959 1988 τινων
2990 1927 3352 1997 χαριζόμενον
3397 1925 3458 1979 τὸ
3510 1926 3674 1989 θεῖον,
3730 1927 3794 1980 οὑ
3822 1927 3923 1995 γὰρ

2340 2015 2543 2077 πάσαις
2572 2015 2696 2067 οὑδὲ
2726 2014 2947 2068 πάντων
2975 2017 3287 2086 χαρίζεται,
3316 2017 3417 2088 τὴν
3454 2017 3714 2088 διάφορον
3748 2021 3807 2071 ὲν
3832 2018 3923 2071 αὑ-

2339 2108 2451 2168 τοῖς
2481 2106 2575 2159 τοῦ
2612 2105 2730 2177 βίου
2757 2107 3058 2178 ψηφίζεται
3083 2108 3258 2179 λῆξιν.
3288 2112 3352 2163 Ol
3386 2113 3487 2181 μὲν
3519 2113 3629 2181 γὰρ
3654 2112 3924 2167 ἀνώδυνον

2340 2198 2437 2251 καὶ
2489 2198 2764 2269 εἰρηνικὸν
2812 2201 2996 2264 αὑτοῖς
3044 2201 3298 2272 εὔχονται
3346 2203 3409 2257 τὸ
3468 2203 3563 2256 τοῦ
3621 2204 3742 2273 βίου
3778 2204 3925 2267 τέλος

2342 2290 2609 2362 ὑπάρξειν
2635 2306 2651 2322 ⁶
2682 2294 2732 2347 oi
2774 2293 2830 2346 δὲ
2868 2294 3115 2362 γενναῖον
3170 2294 3395 2363 μᾶλλον,
3433 2296 3528 2349 καὶ
3560 2295 3711 2367 ’ὓλην
3742 2297 3924 2359 αὑτοῖς

2344 2386 2584 2455 παρέχον
2612 2385 2928 2454 φιλοσοφίας
2962 2386 3057 2440 καὶ
3090 2385 3303 2442 εὑελπι.
3337 2388 3411 2441 Τὸ
3441 2388 3551 2459 γὰρ
3584 2387 3729 2443 οὕτω
3761 2407 3925 2460 μετα-

2343 2477 2536 2545 στῆναι
2582 2476 2676 2530 τοὺ
2723 2477 2841 2547 βίου
2876 2478 2909 2549 ἢ
2950 2479 3234 2547 στεφάνων
3269 2479 3591 2551 προσθήκην
3620 2482 3732 2544 τοῖς
3766 2484 3925 2551 ἀκρι-

2344 2566 2453 2629 ϐὡς
2487 2566 2835 2637 βεϐιωκόσιν,
2871 2568 2903 2639 ἢ
2936 2569 3208 2639 κάθαρσιν
3241 2572 3458 2625 τελείαν
3491 2575 3585 2626 καὶ
3627 2572 3789 2625 λύσιν
3817 2574 3928 2625 ἑνο-

2341 2659 2444 2728 χῆς
2475 2660 2697 2731 ἁπάσης
2729 2664 2841 2724 τοῖς
2881 2663 3233 2733 ἐπταικόσιν,
3254 2662 3461 2717 οἴδασιν
3499 2666 3582 2717 ὅν.
3623 2663 3927 2736 ’Υπουργεῖ

2342 2750 2400 2803 δὲ
2427 2754 2491 2820 τῇ
2532 2751 2654 2822 θείᾳ.
2705 2754 2835 2822 περὶ
2869 2753 3102 2808 ἕκαστον
3154 2756 3335 2825 κρῗσει
3377 2759 3411 2828 ἥ
3442 2774 3500 2810 τε
3540 2757 3800 2829 διάφορος
3839 2757 3926 2812 τοῦ

2345 2842 2463 2913 βίου
2498 2844 2652 2908 τάξις
2682 2856 2741 2898 τε
2770 2847 2863 2898 καὶ
2914 2847 3230 2917 προαίρεσις
3262 2851 3320 2903 ὲν
3364 2851 3602 2919 ἑκάστῳ,
3638 2855 3733 2904 καί
3767 2853 3802 2921 ἡ
3834 2852 3928 2920 τῆς

2343 2937 2717 3007 προαιρέσεως
2741 2933 2809 2991 αὖ
2842 2940 2898 2992 ὲν
2923 2941 3133 2994 πλείοσι
3159 2944 3250 2994 καὶ
3279 2945 3378 3012 τῆς
3409 2943 3617 3006 τάξεως
3648 2948 3927 3010 κοι-,ωνία,

2342 3029 2478 3097 πρὸς
2510 3029 2571 3081 τὸ
2607 3029 2864 3099 διάφορον
2897 3036 2957 3086 ὲν
2998 3034 3273 3099 ἑκάστοις,
3307 3035 3339 3105 ἢ
3373 3035 3433 3089 τὸ
3458 3037 3592 3089 αὑτὸ
3620 3040 3679 3090 ὲν
3710 3039 3927 3101 πολλοῖς

2342 3122 2404 3174 τὸ
2431 3121 2531 3191 τῆς
2561 3119 2706 3193 ζωῆς
2739 3121 3020 3191 ὁρίζεσθαι
3053 3126 3228 3187 τέλος.
3281 3127 3391 3180 Καὶ
3420 3131 3574 3190 ποῖος
3605 3128 3672 3182 ἂν
3704 3130 3930 3198 ἐξαρκέ-

2349 3231 2462 3267 σειε
2492 3215 2615 3279 νοῦς
2664 3217 2763 3287 τὴν
2796 3216 3023 3285 ἄπειρον
3053 3220 3359 3287 ἀνιχνεύειν
3408 3220 3505 3272 τοῦ
3537 3218 3683 3273 θείου
3722 3226 3929 3274 οἰκονο-

2349 3307 2477 3376 μίαν
2506 3310 2565 3362 ὲν
2590 3310 2701 3371 τοῖς
2727 3308 2991 3370 τοιούτοις
3023 3310 3088 3362 ὲκ
3113 3309 3221 3362 τῶν
3243 3309 3403 3363 θείων
3421 3311 3674 3380 Γραφῶν,
3704 3316 3815 3367 καὶ
3828 3315 3931 3368 τῶν

2345 3396 2504 3451 θείων
2545 3398 2726 3469 ἔργων
2779 3399 3216 3470 συλλεγομένηνς
3275 3401 3489 3472 Ὠσπερ
3537 3403 3629 3458 οὖν
3675 3408 3810 3477 περὶ
3840 3407 3931 3459 τὸν

2342 3492 2546 3561 τρόπον
2574 3492 2674 3555 τῆς
2724 3491 2979 3559 τελευτῆς
3014 3493 3385 3569 ποικιλωτάτη
3435 3498 3531 3548 καὶ
3575 3496 3855 3565 πάνσοφος
3899 3500 3929 3567 ή

2346 3584 2463 3636 θεία
2492 3584 2797 3653 οἰκονομία,
2828 3585 2971 3639 κατὰ
2999 3583 3096 3654 τὴν
3126 3585 3212 3655 ἐφ’
3244 3587 3462 3658 ἑκάστῳ
3484 3588 3594 3641 τῶν
3622 3589 3931 3660 ἀνθρώπων

2342 3676 2442 3745 τῆς
2490 3679 2658 3731 αὑτοῦ
2690 3678 2955 3748 Προνοίας
3016 3680 3261 3744 διάταξιν
3289 3699 3301 3710 ’
3341 3681 3485 3735 οὑτω
3533 3684 3626 3736 καὶ
3668 3686 3801 3754 περὶ
3843 3685 3932 3736 τὸν

2344 3767 2538 3836 χρόνον
2559 3767 2660 3836 τῆς
2696 3770 3087 3837 μεταστάσεως
3134 3771 3391 3841 διάφορον
3421 3774 3515 3826 καὶ
3547 3775 3801 3846 ποικίλην
3835 3777 3932 3846 τὴν

2345 3859 2498 3913 θείαν
2526 3860 2843 3930 οἰκονομίαν
2885 3861 3036 3917 ἔστιν
3069 3865 3223 3935 όρᾷν.
3255 3866 3319 3919 Οἱ
3360 3867 3459 3934 μὲν
3493 3867 3600 3936 γὰρ
3632 3872 3690 3921 έν
3714 3871 3930 3940 νεότητι

2349 3952 2708 4022 μεθίστανται
2738 3956 2836 4024 τῆς
2864 3956 3010 4025 ζωῆς
3039 3958 3242 4024 ταύτης
3273 3958 3668 4030 ἁρπαζόμενοι,
3703 3962 3777 4024 ὡς
3828 3963 3929 4027 τῆς

2343 4044 2453 4096 τῶν
2504 4045 2713 4112 χρόνων
2764 4045 3086 4117 προσθήκης
3128 4047 3189 4100 οὑ
3221 4047 3320 4117 τὴν
3367 4051 3569 4119 ἀρετὴν
3617 4051 3802 4105 αὑτῶν
3836 4052 3931 4105 καὶ

2344 4135 2443 4204 τὴν
2474 4135 2691 4189 σύνεσιν
2720 4136 2905 4201 αὔξειν
2935 4138 3259 4208 μελλούσης,
3285 4142 3420 4196 ἀλλὰ
3449 4142 3811 4213 μεταϐάλλειν
3839 4146 3930 4201 ἐπὶ

2344 4230 2403 4281 τὸ
2460 4231 2679 4298 χεῖρον’
2733 4231 2781 4281 οἱ
2816 4230 2873 4283 δὲ
2931 4232 3338 4301 συγχωροῦνται
3384 4236 3483 4304 ζῇν
3516 4240 3581 4307 τῇ
3634 4239 3731 4305 τῆς
3783 4237 3930 4306 ζωῆς

2347 4321 2655 4392 προσθήκῃ,
2721 4322 3087 4391 προκόψοντες
3133 4324 3225 4378 ἐπὶ
3276 4326 3537 4394 τάγαθὸν,
3586 4328 3680 4380 καὶ
3732 4329 3928 4392 ἄλλους

2344 4409 2720 4478 ώςρελήσοντες
2752 4412 2831 4482 τῷ
2869 4413 2990 4465 καθ’
3024 4414 3251 4477 ἑαυτοὺς
3283 4416 3669 4487 ὑποδείγματι,
3711 4420 3742 4489 ἤ
3776 4420 3931 4473 τοῦν-

647 4523 835 4574 usura,
878 4521 1106 4578 magnos
1150 4508 1204 4560 in
1249 4505 1394 4561 bouo
1447 4506 1727 4575 profectus
1786 4507 2007 4574 facturi,
2064 4517 2233 4577 atque

2343 4504 2542 4568 αντίον,
2576 4500 2717 4555 ὥστε
2757 4503 2855 4574 τῆς
2885 4504 2995 4557 τῶν
3022 4507 3278 4577 πατέρων
3329 4509 3605 4579 ἁμαρτίας
3636 4511 3931 4579 μέλλοντας

646 4600 771 4655 aliis
801 4597 1074 4669 prolaturi
1105 4606 1235 4654 sunt
1278 4598 1530 4666 exemplo
1579 4613 1684 4652 suo
1721 4615 1735 4653 :
1767 4598 1848 4653 vel
1883 4614 1947 4652 ex
1977 4597 2230 4661 adverso,

634 4694 773 4760 'quia
800 4689 1040 4744 futurum
1068 4698 1212 4744 esset
1244 4698 1304 4742 ut
1335 4697 1618 4757 parentum
1652 4689 1858 4757 peccati
1885 4689 2079 4743 ﬁerent
2112 4705 2236 4755 par-

646 4783 859 4851 ticipes,
896 4796 958 4835 ac
985 4780 1194 4849 ﬂagitii,
1224 4794 1411 4833 eorum
1445 4794 1636 4848 poenas
1669 4780 1763 4834 hic
1794 4780 2027 4835 luerent.
2063 4780 2238 4835 Imbe-

646 4875 873 4929 cillitate
907 4886 1035 4927 vero
1072 4880 1125 4923 et
1155 4870 1404 4938 corporis
1441 4871 1644 4925 morbis
1673 4872 1851 4926 vexati
1898 4870 2234 4945 alliiguntur,

647 4973 702 5017 et
730 4970 960 5016 mortem
988 4961 1213 5026 obeunt,
1248 4961 1495 5029 plerique
1533 4962 1736 5030 quibus
1768 4976 1917 5015 mors
1942 4970 2067 5014 ante
2090 4963 2233 5015 diem

649 5052 990 5117 conceditur,
1025 5062 1082 5106 ιιι
1115 5061 1294 5107 errata
1324 5053 1529 5107 leviora
1567 5053 1791 5107 interitu
1818 5052 2233 5107 condonentur:

649 5157 705 5200 at
734 5145 922 5200 vivunt
947 5145 1165 5215 quidam
1204 5146 1392 5215 utique
1424 5144 1633 5200 diutius
1688 5154 1745 5199 ut
1789 5145 2122 5213 plurimum,
2167 5144 2235 5200 ad

632 5253 810 5292 rusum
845 5247 898 5292 et
923 5240 1124 5292 bonum
1159 5233 1585 5308 publietttnialii
1630 5245 1821 5292 contra
1842 5237 1905 5291 ad
1938 5237 2233 5306 perniciem

650 5328 881 5398 reipubl.
918 5346 1041 5385 cum
1077 5331 1223 5398 digni
1280 5330 1389 5382 sint
1439 5328 1659 5396 utrique
1715 5342 1730 5379 :
1781 5326 1836 5380 hi
1870 5328 2089 5396 quidem
2141 5328 2235 5398 qui

647 5422 1087 5482 subministreut.
1119 5421 1192 5474 illi
1224 5429 1405 5473 autem
1436 5418 1525 5486 qui
1559 5417 1742 5471 divina
1766 5418 2108 5488 benignitate
2141 5436 2237 5489 po-

646 5520 874 5576 tiantur,
916 5521 1010 5565 aut
1037 5524 1225 5564 aversa
1250 5524 1281 5562 a
1324 5509 1431 5562 Deo
1457 5517 1661 5563 mente.
1692 5507 1982 5563 Excedunt
2013 5526 2176 5578 porro
2205 5526 2236 5566 e

644 5605 752 5657 vita
780 5603 846 5657 ad
883 5603 1171 5657 utilitatem
1218 5609 1364 5655 certe
1414 5614 1570 5653 suam
1607 5599 1867 5664 celerius,
1917 5600 2011 5655 sed
2040 5616 2233 5658 eorum

647 5692 848 5749 damno
887 5693 1086 5761 quibus
1121 5693 1338 5746 illorum
1369 5692 1475 5745 vita
1504 5691 1876 5746 emolumento
1906 5703 2042 5757 erat,
2088 5705 2236 5763 post-

638 5799 811 5855 quam
859 5785 1065 5854 indigni
1106 5784 1219 5853 ipsa
1267 5783 1491 5839 iudicati
1554 5782 1776 5840 fuerint.
1828 5785 1904 5840 Ex
1945 5786 2011 5841 iis
2043 5796 2225 5844 autem

2349 4594 2594 4663 γίνεσθαι
2646 4597 2963 4659 κοινωνοὺς,
2999 4598 3095 4650 καὶ
3125 4599 3225 4668 τὴν
3270 4601 3369 4669 τῆς
3397 4602 3677 4672 ἁμαρτίας
3707 4603 3930 4657 ἐκείνων

2345 4687 2502 4757 δίκην
2530 4690 2752 4758 ὑπέχειν
2781 4688 3036 4744 ἐνταῦθα.
3071 4693 3133 4744 Oi
3158 4692 3214 4745 δὲ
3245 4693 3599 4759 ἀσθενοῦντες
3625 4697 3721 4749 καὶ
3748 4698 3929 4768 ἀρρω-

2349 4778 2601 4840 στοῦντες
2651 4778 3027 4833 κακοπαθοῦσι
3073 4782 3169 4835 καὶ
3204 4783 3534 4852 θνήσκουσιν
3564 4787 3765 4854 ἱκανοὶ,
3790 4782 3871 4850 οἷς
3897 4787 3929 4856 ἡ

2346 4869 2571 4940 τελευτὴ
2604 4871 2699 4924 καὶ
2732 4874 2839 4942 πρὸ
2870 4872 3019 4942 ὥρας
3047 4879 3412 4946 συγχωρεῖται
3443 4895 3457 4911 ο
3488 4877 3630 4932 ὥστε
3659 4880 3728 4933 τὰ
3753 4880 3929 4950 ἁμαρ-

2345 4964 2566 5030 τήματα
2594 4964 2704 5017 τῶν
2753 4967 3099 5037 κουφοτέρων
3131 4968 3262 5023 ὄντα
3292 4972 3358 5041 τῇ
3397 4970 3621 5043 τελευτῇ
3675 4972 3929 5027 διαλύσαα

2349 5052 2498 5108 σθαι.
2550 5055 2659 5108 Καὶ
2708 5055 2841 5119 ζῶσι
2883 5058 2984 5127 μέν
3038 5076 3181 5122 τινες
3213 5061 3305 5113 ἐπὶ
3354 5062 3520 5115 πλέον
3564 5062 3926 5131 κοινωφελῶς,

2345 5144 2496 5199 ἄλλοι
2526 5145 2583 5197 δὲ
2612 5147 2924 5200 τούναντίον
2977 5151 3366 5216 κοινοϐλαὸῶς,
3397 5153 3561 5219 ἀξίων
3577 5156 3760 5231 ,ὄντων
3804 5157 3931 5210 ἑκα-

2346 5238 2521 5307 τέρων
2549 5238 2656 5291 τῶν
2707 5240 2809 5308 μὲν
2866 5242 3183 5309 ὑπουργεῖν.
3230 5244 3343 5299 τῶν
3402 5247 3459 5299 δὲ
3508 5247 3802 5303 ἀπολαύειν
3831 5249 3930 5314 τῆς

2346 5330 2497 5393 θείας
2549 5332 2924 5406 εὑμενείας,ἢ
2978 5336 3079 5405 τῆς
3130 5338 3283 5401 θείας
3332 5340 3713 5411 ἀποστροφῆς.
3764 5341 3931 5397 Μεθί-

2348 5439 2570 5476 στανται
2597 5423 2655 5476 δέ
2682 5442 2829 5490 τινες
2875 5428 3033 5491 αὖθις
3062 5429 3146 5482 ἐπ’
3183 5429 3555 5502 ὠφελείᾳιμὲν
3589 5434 3800 5487 ἑαυτῶν
3831 5435 3930 5487 τά·

2347 5530 2484 5582 χιον,
2522 5515 2699 5585 ζημίᾳ
2745 5516 2802 5569 δὲ
2854 5518 2964 5571 τῶν
2997 5521 3060 5572 ἐκ
3113 5522 3212 5591 τῆς
3261 5520 3486 5576 ἐκείνων
3534 5524 3931 5594 ὠφελουμένων

2347 5602 2515 5672 ζωῆς,
2544 5606 2764 5660 ἐπειδὰν
2794 5611 2967 5681 αὑτῆς
2997 5612 3267 5681 κριθῶσιν
3300 5616 3533 5681 ἀνάξιοι.
3570 5617 3691 5668 Τῶν
3719 5616 3764 5667 δ’
3798 5616 3927 5668 ἑαυρ

2344 5699 2459 5760 τοῖς
2495 5698 2679 5766 μόνοις
2698 5701 2792 5753 καὶ
2812 5702 2932 5772 Θεῷ
2963 5703 3183 5767 ζώντων
3228 5707 3411 5770 ἄλλοις
3440 5709 3510 5762 δι’
3541 5710 3704 5772 ἄλλας
3731 5707 3876 5761 αἰτία
3896 5726 3929 5771 ⁸,

2345 5788 2660 5862 ὠφελίμους
2698 5794 2964 5865 αὑῖοῖ;,ή
3022 5796 3131 5868 ζωὴ
3180 5800 3520 5870 μακρὺνεται
3557 5802 3589 5873 ἢ
3638 5792 3933 5870 συντέμνε-
