4170 6294
323 365 438 431 557

1306 361 1401 419 EP
1415 362 1425 417 i
1441 359 1681 419 STULA
1725 358 1824 417 DE
1866 357 2038 433 PR1]?
2052 357 2325 417 DESTIN
2340 357 2566 417 ΛΤΙΟΝ
2580 358 2651 422 Ε.

3504 356 3607 419 538

313 492 437 539 ται,
472 474 569 529 καὶ
618 471 985 545 προδηλοῦταί
1021 490 1082 540 γε
1124 471 1341 534 πολλοῖς
1372 472 1571 539 αυτῶν,
1601 473 1696 526 καὶ
1740 470 1921 534 ἄλλοις

2036 470 2119 541 qui
2168 472 2407 541 sibiipsis
2438 481 2649 527 tantum
2700 482 2754 527 et
2788 472 2900 529 Deo
2933 473 3145 541 vivunt,
3177 471 3454 529 nonnullis
3484 488 3616 544 pro-
3686 499 3693 503 ν

317 571 458 637 περὶ
509 568 689 620 αὐτῶν
725 565 1111 636 προδηλοῦττι.
1144 566 1255 619 Καὶ
1295 564 1436 618 οὕτω
1485 567 1562 635 τῷ
1600 566 1788 634 τρόπῳ
1816 564 1914 632 τῆς

315 660 587 727 τελευτῆς
623 661 647 711 ὁ
676 658 873 726 χρόνος
904 658 1075 726 αὐτῆς
1100 659 1157 709 ὲν
1189 657 1266 726 τῷ
1297 657 1560 725 πανσόφῳ
1583 658 1710 725 περὶ
1735 655 1914 709 αὐτῶν

322 753 548 821 συνᾴδει
600 752 894 821 θελήματι,
957 753 1034 813 ὡς
1085 752 1255 805 ἐνίοτε
1303 751 1400 819 μὲν
1454 752 1549 802 καὶ
1599 750 1709 811 τοῖς
1740 747 1923 811 καλῶς

325 843 826 911 ὲπισκεπτομένοις
858 844 1089 913 ὁρᾶσθαι
1115 843 1399 905 δύνασθαι,
1435 842 1531 893 καὶ
1559 840 1760 910 μᾶλλον
1789 842 1924 893 άποσ

326 936 695 997 καλύπτοντος
751 935 846 986 τοῦ
880 934 1035 1000 Θεοῦ,
1084 936 1143 988 τὸ
1175 936 1229 988 δὲ
1274 934 1522 986 πλεῖστον
1574 933 1649 1003 τῷ
1680 931 1798 1003 Θεῷ
1827 932 1927 1002 μὲν

327 1029 623 1095 ἐγνῶσθαι,
658 1027 871 1089 πάντας
903 1028 960 1079 δὲ
999 1028 1281 1081 λανθάνειν
1313 1026 1657 1097 ἀνθρώπους.

2028 574 2146 634 pter
2194 565 2331 620 alias
2372 581 2568 621 causas
2616 567 2747 635 ipsis
2796 568 2958 623 utiles
2992 568 3103 623 vita
3157 567 3500 637 producitur,
3534 566 3617 622 vel

2029 657 2323 725 corripitur
2364 674 2377 710 :
2421 672 2484 713 ac
2515 660 2837 727 praesagitur
2878 676 3011 715 sane
3044 661 3314 729 plerisque
3344 660 3613 730 ipsorum,

2031 758 2196 817 atque
2221 750 2341 803 aliis
2369 749 2434 805 de
2470 751 2601 819 ipsis
2633 752 3106 822 prazsiguiﬁcatur.
3139 750 3327 821 Itaque
3359 753 3616 806 interitus

2034 842 2241 911 generi,
2277 851 2490 912 tempus
2527 844 2701 912 ipsius
2739 844 2790 897 in
2826 844 3232 913 sapicntissima
3279 844 3346 898 de
3382 852 3617 913 utroque

2037 936 2312 988 voluntate
2342 935 2583 990 concinit
2614 952 2628 1001 ;
2662 936 2799 991 adeo
2833 946 2891 990 ut
2938 936 3233 1004 aliquando
3275 936 3455 989 etiam
3498 935 3621 1004 pul-

2035 1028 2165 1081 chre
2219 1028 2656 1096 inspectantibus
2692 1028 2860 1084 videri
2892 1029 3083 1097 possit,
3112 1027 3206 1082 sed
3246 1029 3419 1081 multo
3448 1026 3622 1097 magis

325 1122 601 1177 revelante
648 1122 813 1176 Deo:
854 1132 914 1175 ιιι
960 1121 1256 1191 plurimum
1306 1130 1488 1175 autem
1548 1120 1655 1175 Deo
1704 1120 1926 1189 quidem
1978 1128 2271 1191 utrumque
2328 1136 2693 1193 perSpectum_
2762 1133 2880 1187 est,
2931 1138 3126 1179 omnes
3174 1138 3305 1178 vero
3362 1123 3615 1178 homines

320 1216 478 1270 latet.

405 1308 627 1361 Τούτων
664 1307 921 1361 ἁπάντων
951 1309 1007 1359 αἱ
1042 1308 1186 1376 ἱεραὶ
1221 1307 1456 1377 ἱστορίαι
1502 1307 1728 1377 πλήρεις
1761 1308 1917 1360 εἰσίν.

318 1402 395 1454 Ai
450 1401 559 1454 τῶν
610 1401 867 1470 Πατέρων
911 1400 1208 1470 διακρίσεις
1257 1398 1364 1451 τῶν
1424 1399 1607 1467 ἱερῶν,
1644 1401 1701 1451 οὐ
1742 1398 1922 1467 μάτην

322 1494 853 1563 συγγεγραμμέναι,
894 1493 955 1545 οῦ
1013 1494 1192 1561 μάτην
1239 1480 1774 1559 άνᾶγινωσκόμεναι,
1806 1490 1922 1551 τοῖς

321 1589 470 1659 μετὰ
497 1589 593 1655 τῆς
617 1586 874 1653 ἀληθείας
901 1583 1035 1654 ὁμοῦ
1080 1585 1173 1636 καὶ
1202 1584 1302 1652 τῆς
1334 1582 1545 1635 ἑαυτῶν
1569 1581 1917 1651 φροντίζουσι

327 1681 635 1748 σωτηρίας.
685 1676 825 1729 Ἀλλ’
872 1676 899 1728 ὃ
936 1675 1125 1744 μεῖζόν
1176 1676 1317 1740 ἐστι,
1362 1674 1565 1728 τούτων
1600 1674 1914 1744 ἁπάντωνή

329 1773 461 1826 Θεία
488 1774 648 1841 γέμει
672 1765 886 1840 Γραφὴ,
918 1769 1129 1833 λέξεσιν
1150 1770 1362 1833 αὑταῖς,
1390 1767 1426 1820 ἃ
1449 1766 1545 1819 νῦν
1575 1782 1913 1835 γεγραπται,

326 1958 545 2011 τούτων
589 1955 647 2022 ἐξ
679 1956 847 2022 αὐτῆς
883 1956 1216 2024 παρήκαμεν
1253 1952 1581 2023 μαρτυρίας.
1617 1952 1740 2006 Οὐδ’
1785 1951 1922 2020 αὑτὴ

326 2051 544 2111 πάντας
577 2050 781 2117 ἱστορεῖ
825 2048 950 2108 τοὺς
984 2045 1242 2116 τρόπους,
1296 2045 1581 2116 ἀμήχανον
1607 2044 1714 2114 γάρ
1739 2061 1754 2076 ·
1787 2044 1926 2097 ἀλλὰ

328 2141 557 2210 βραχεῖς
611 2157 762 2201 τινας
793 2138 1041 2203 τούτους,
1075 2140 1150 2198 ὡς
1201 2137 1267 2189 ἂν
1327 2136 1386 2200 ἐξ
1431 2136 1613 2189 αὐτῶν
1670 2136 1927 2204 καὶπερὶ

324 2234 445 2285 τῶν
483 2231 886 2300 ἀγνοουμένων,
920 2229 996 2291 ὡς
1049 2230 1450 2298 σιωπωμὲνων,
1485 2228 1711 2298 βεϐαίαν
1762 2230 1923 2297 ἡμεῖς

328 2326 441 2394 τὴν
472 2325 599 2393 περὶ
626 2324 722 2392 τῆς
759 2322 1020 2391 Προνοίας
1054 2321 1270 2389 ἔχωμεν
1301 2321 1505 2386 πίστιν,
1538 2322 1604 2390 ἢν
1634 2321 1695 2372 οὐ
1726 2337 1928 2387 γεννω-

332 2414 518 2482 μένων
556 2413 720 2482 μόνον
764 2414 923 2482 ἡμῶν
953 2416 1048 2464 καὶ
1078 2411 1320 2474 ζώντων,
1353 2410 1491 2463 ἀλλὰ
1538 2411 1629 2462 καὶ
1663 2410 1924 2477 μεθιστα-

337 2507 525 2575 μένων
564 2504 812 2557 ὲντεῦθεν
852 2505 1110 2567 ποιεῖται,
1159 2503 1233 2565 ὡς
1262 2504 1328 2572 τῇ
1370 2501 1489 2571 θείᾳ
1546 2503 1757 2570 πρέπον
1783 2502 1930 2553 ἐστὶν

338 2596 477 2665 ἀξίᾳ
523 2595 618 2648 καὶ
652 2595 950 2662 ἀγαθότητι
992 2594 1088 2646 καὶ
1142 2592 1325 2661 σοφίᾳ.
1382 2588 1602 2645 Μᾶλλον
1634 2590 1689 2643 δὲ
1735 2591 1932 2647 σεαυτόν

332 2691 463 2740 ἐστι
517 2686 577 2739 τὸ
629 2686 850 2748 ζώντων
898 2685 1058 2755 ἡμῶν
1103 2684 1376 2754 προνοεῖν,
1421 2682 1517 2735 καὶ
1566 2682 1624 2733 τὸ
1651 2681 1800 2744 τέλος
1834 2681 1932 2749 τῆς

335 2780 492 2846 ζωῆς
523 2781 708 2831 ὁποῖον
740 2778 893 2830 ἔσται
940 2778 1035 2829 καὶ
1082 2778 1166 2837 ὅτε
1226 2775 1301 2844 μὴ
1337 2774 1592 2839 καθάπαξ
1635 2775 1930 2844 ὑπερορᾷν.

342 2873 413 2924 Ὃ
451 2872 547 2939 τῆς
598 2869 832 2923 ἐνταῦθα
873 2868 1017 2936 ζωῆς
1051 2868 1196 2937 ὄρος,
1225 2866 1321 2919 καὶ
1370 2864 1564 2936 πέρας,
1603 2866 1698 2917 καὶ
1752 2865 1934 2933 κρίσις

328 2964 463 3018 ἐστὶ
494 2964 586 3016 καὶ
618 2962 875 3031 σφραγὶς,
908 2959 1001 3011 καὶ
1042 2952 1101 3011 οὗ
1134 2956 1418 3027 προῦργου
1452 2959 1661 3018 πάντες
1698 2958 1748 3008 οἱ
1793 2955 1932 3019 ζῶν-

334 3073 435 3119 τες
498 3054 901 3124 φροντίζουσιν,
958 3051 1015 3103 οἵ
1059 3066 1118 3101 τε
1166 3050 1529 3117 ἁπευχόμενοι
1560 3048 1650 3099 τὸν
1703 3047 1936 3099 θάνατον

335 3146 577 3213 ἐγγύθεν
611 3145 788 3214 ήκειν,
822 3142 958 3194 οἵτε
996 3140 1306 3208 εὐχόμενοι,
1346 3136 1621 3205 διαφόρως
1652 3135 1926 3201 ἑκάτεροι.

2099 1302 2195 1357 His
2229 1303 2487 1359 omnibus
2518 1304 2689 1373 plente
2720 1311 2849 1359 sunt
2880 1291 3122 1358 historiae
3154 1319 3325 1359 sacrae
3350 1344 3366 1369 ,
3398 1312 3451 1357 et
3481 1319 3614 1360 san-

2025 1405 2237 1451 ctorum
2286 1394 2509 1449 Patrum
2558 1396 2980 1463 dijudicationes
3022 1412 3129 1450 non
3175 1395 3377 1451 frustra
3426 1397 3620 1451 litteris

2024 1492 2376 1560 consignatae,
2430 1504 2529 1545 nec
2576 1494 2812 1546 inaniter
2862 1495 3053 1558 lect-aa,
3094 1494 3159 1547 iis
3214 1494 3435 1561 quidem
3472 1502 3621 1549 certe

2029 1584 2255 1652 quibus,
2291 1596 2418 1636 cum
2459 1584 2728 1647 veritatis,
2767 1593 2882 1637 tum
2917 1585 3111 1639 salutis
3159 1600 3271 1639 suae
3304 1601 3433 1640 cura
3478 1602 3619 1654 prae-

2030 1677 2193 1746 cipua
2218 1685 2324 1731 est.
2366 1675 2471 1730 Sed
2500 1675 2647 1745 quod
2680 1676 2856 1743 majus
2899 1685 3004 1743 est,
3032 1678 3117 1731 his
3146 1675 3403 1730 omnibus
3435 1677 3617 1729 divina

2029 1769 2245 1839 eloquia
2289 1769 2487 1824 referta
2528 1778 2679 1833 sunt,
2729 1784 2849 1838 qua;
2886 1770 3069 1824 verbis
3094 1770 3317 1825 disertis
3351 1784 3413 1824 ea
3443 1770 3619 1823 stabi-

330 1864 653 1929 βεϐαιοῦσα,
703 1865 752 1915 εί
800 1864 894 1915 καὶ
931 1862 1226 1930 συντομίας
1261 1860 1422 1931 χάριν
1456 1860 1556 1922 τὰς
1588 1859 1673 1927 ἐφ’
1703 1858 1919 1924 ἑκάστῳ

2036 1863 2194 1925 liunt,
2232 1878 2353 1930 quae
2391 1876 2537 1915 nunc
2576 1863 2777 1931 scripta
2832 1871 2962 1917 sunt
3007 1878 3021 1913 :

3070 1850 3290 1916 tametsi
3340 1863 3620 1917 brevitatis

2028 1955 2203 2026 gratia
2238 1954 2549 2008 testimonia
2581 1968 2743 2020 super
2774 1968 3107 2023 unoquoque
3150 1954 3351 2008 horum
3389 1962 3613 2022 praster-

2029 2049 2280 2103 misimus
2304 2065 2317 2100 :
2340 2062 2515 2116 neque
2548 2048 2665 2115 ipsa
2695 2046 2977 2116 Scriptura
3008 2062 3201 2102 omnes
3225 2054 3621 2101 commemorat

2028 2135 2221 2189 modos
2260 2136 2336 2204 (id
2390 2136 2534 2188 enim
2584 2151 2647 2188 ex
2682 2140 2746 2189 eo
2781 2150 2978 2205 genere
3016 2146 3100 2190 est
3154 2136 3297 2204 quod
3348 2136 3461 2189 ﬁeri
3510 2151 3618 2191 nou

2029 2228 2253 2295 potrst),
2288 2241 2472 2279 verum
2502 2242 2704 2296 paucos
2733 2235 2941 2281 tantum
2969 2227 3256 2296 quosdam,
3287 2234 3346 2281 ut
3371 2242 3436 2279 ex
3466 2226 3616 2294 ejus-

2033 2317 2174 2371 modi
2201 2318 2364 2371 etiam
2402 2319 2465 2370 de
2495 2319 2693 2385 ignotis
2725 2317 2887 2371 veluti
2918 2317 3135 2372 silentio
3168 2317 3485 2387 praeteritis,
3517 2330 3615 2370 nos

2032 2408 2245 2462 ﬁrmam
2290 2411 2354 2461 de
2394 2408 2737 2463 Providentia
2770 2408 2927 2462 fidem
2968 2408 3285 2471 habeamus,
3310 2424 3471 2478 quam
3506 2423 3615 2463 non

2033 2503 2189 2557 nobis
2222 2504 2398 2557 solum
2430 2505 2521 2572 qui
2556 2504 2834 2558 nascimur
2861 2514 2916 2558 et
2947 2505 3200 2566 vivimus,
3228 2516 3416 2556 verum
3452 2503 3616 2556 etiam

2034 2596 2119 2650 his
2147 2597 2238 2665 qui
2275 2598 2547 2651 excedunt
2576 2598 2721 2663 hinc,
2751 2598 2992 2664 adhibet,
3032 2606 3090 2651 ut
3125 2596 3323 2651 divinae
3351 2596 3617 2651 decorum

2035 2699 2120 2742 est
2167 2689 2471 2757 dignationi
2520 2699 2572 2741 et
2615 2689 2839 2742 bonitati
2896 2703 2960 2742 ac
2996 2688 3276 2757 sapientiae
3308 2708 3321 2742 :
3354 2688 3463 2743 imo
3491 2702 3618 2742 vero

2042 2780 2184 2833 idem
2222 2790 2307 2833 est
2338 2778 2648 2833 viventibus
2682 2780 2839 2834 nobis
2870 2780 3178 2848 providere,
3212 2788 3266 2833 et
3299 2779 3423 2833 vitae
3455 2782 3616 2833 tinem

2038 2872 2219 2941 qualis
2256 2871 2324 2924 sit
2356 2869 2577 2925 futurus
2621 2880 2675 2925 et
2714 2874 2932 2941 quando
2982 2883 3270 2938 venturus,
3309 2886 3416 2927 non
3449 2872 3618 2926 semel

2039 2966 2369 3034 prospicere.
2405 2965 2470 3017 At
2506 2966 2769 3019 terminus
2804 2966 2927 3018 vitae
2955 2980 3076 3033 quae,
3104 2966 3191 3018 hic
3228 2966 3406 3036 agitur
3437 2965 3618 3025 limes.

2036 3055 2322 3124 judicium,
2375 3057 2725 3126 sigillumque
2777 3068 2861 3111 est
2898 3075 2911 3111 :
2944 3068 2997 3111 et
3048 3056 3100 3111 id
3150 3072 3332 3127 operae
3383 3060 3615 3127 pretium

2042 3148 2200 3216 cujus
2232 3163 2424 3202 omnes
2462 3150 2551 3216 qui
2584 3149 2775 3203 vivunt
2820 3164 3005 3202 curam
3040 3149 3239 3203 habent
3272 3169 3284 3205 :
3319 3160 3428 3204 tam
3460 3152 3495 3205 ii
3525 3154 3620 3221 qui

342 3240 510 3291 Ἐστι
528 3236 570 3288 δ’
597 3237 682 3288 ὅτε
712 3234 806 3287 καὶ
827 3235 939 3294 τοῖς
962 3231 1144 3293 αὐτοῖς
1162 3229 1421 3297 ἀγόμενοι
1445 3227 1746 3294 λογισμοῖς,
1776 3223 1932 3275 ἀκού-

2040 3238 2379 3292 detestantur
2402 3246 2629 3292 mortem
2662 3254 2823 3308 prope
2845 3240 3289 3309 accedere,quam
3312 3242 3403 3309 qui
3427 3253 3619 3310 optant

342 3346 472 3383 ουσι
506 3328 614 3397 γὰρ
637 3327 714 3391 τὸ,
756 3326 847 3379 Ἐν
875 3318 915 3391 ᾧ
949 3322 1095 3393 εὕρω
1128 3337 1207 3383 σε,
1240 3321 1357 3371 ἐκεῖ
1383 3318 1476 3373 καὶ
1499 3316 1669 3386 κρινῶ
1695 3332 1774 3367 σε.
1802 3315 1935 3367 Τίνα

335 3424 400 3477 δὲ
430 3424 588 3490 λόγον
642 3421 764 3487 ἔχον
826 3417 947 3470 ἐστὶ
992 3418 1093 3483 τῆς
1131 3414 1230 3483 μὲν
1278 3416 1386 3466 τῶν
1441 3408 1746 3480 ἀνθρώπων
1792 3407 1938 3478 ζωῆς

342 3517 494 3569 οὕτω
538 3513 820 3582 πατρικῶς
850 3511 939 3563 τδν
967 3508 1098 3561 Θεὸν
1142 3506 1394 3576 προνοεῖν
1422 3542 1436 3567 ,
1469 3503 1566 3571 τῆς
1602 3501 1657 3553 δὲ
1681 3500 1937 3567 τελευτῆς

350 3609 538 3662 αὐτῶν
574 3604 778 3676 μηδένα
806 3601 1078 3656 ποιεῖσθαι
1109 3599 1267 3666 λόγον
1294 3614 1309 3663 ;
1359 3596 1392 3665 ἡ
1426 3598 1524 3665 μὲν
1556 3584 1664 3663 γὰρ
1701 3591 1937 3645 ἐνταῦθα

347 3701 470 3770 ζωὴ
510 3700 787 3768 ὁδοιπορία
816 3697 899 3758 τίς
942 3697 1056 3747 ὲστι
1090 3693 1223 3764 πρὸς
1254 3692 1314 3743 τὸ
1343 3689 1708 3759 προκείμενον
1733 3685 1887 3746 τέλος
1918 3699 1932 3713 ·

341 3799 376 3849 ὁ
413 3795 471 3846 δὲ
501 3793 730 3853 θάνατος
780 3791 879 3859 τὴν
930 3787 1164 3841 ἐνταῦθα
1216 3783 1383 3836 παύει
1429 3781 1594 3849 ζωήν.
1640 3778 1751 3832 Καὶ
1782 3778 1931 3829 πᾶσα

348 3888 457 3958 μὲν
489 3886 719 3937 ἑκάστου
754 3879 981 3948 σπουδὴ,
1016 3880 1168 3930 πᾶσα
1199 3876 1255 3927 δὲ
1293 3872 1476 3926 θεόθεν
1503 3870 1737 3941 χορηγία
1769 3884 1930 3920 συνα-

344 3978 685 4030 ποπαύεται.
710 3973 888 4026 Πολλά
909 3971 964 4023 δὲ
993 3969 1061 4021 τὰ
1094 3967 1353 4020 ποιοῦντα
1390 3965 1482 4018 τὸν
1514 3963 1764 4016 θάνατον’
1795 3960 1934 4013 ὥστε

344 4072 452 4124 καὶ
480 4069 547 4121 τὰ
580 4068 675 4136 τὴν
722 4066 867 4134 ζωὴν
896 4063 1141 4116 παύοντα
1187 4060 1411 4126 ταύτην,
1450 4056 1549 4123 τὴν
1599 4054 1765 4123 μόνην
1805 4051 1936 4121 ὓλην

350 4165 469 4215 τῶν
505 4160 630 4228 περὶ
660 4159 808 4227 ἡμᾶς
838 4153 1102 4225 προνοιῶν
1132 4150 1225 4203 τοῦ
1260 4148 1420 4210 Θεοῦ,
1468 4147 1535 4199 δι’
1564 4140 1636 4199 ὧν
1668 4145 1801 4214 πρὸς
1838 4144 1937 4195 αὐ-

352 4255 450 4307 τὸν
483 4248 800 4320 ὁριζόμεθα.
852 4245 1025 4305 Αὐτὸς
1051 4244 1160 4312 γάρ
1185 4245 1301 4294 ἐστι
1348 4240 1409 4293 τὸ
1437 4240 1590 4300 τέλος
1636 4238 1814 4307 ἡμῶν,
1849 4235 1937 4287 ού-
1969 4259 1973 4262 ~

354 4346 400 4399 δ’
424 4346 502 4405 είς
531 4344 659 4395 ἄλλο
689 4339 841 4401 τέλος
870 4338 1014 4407 ἡμᾶς
1048 4334 1219 4404 ὁρίζει
1251 4332 1381 4403 παρ’
1413 4333 1623 4386 ἑαυτόν.
1664 4329 1872 4382 Οὐκοῦν
1901 4327 1933 4396 ι)

346 4434 592 4501 τοσαύτη
650 4431 777 4500 περὶ
828 4431 975 4499 ἡμᾶς
1028 4428 1122 4480 τοῦ
1177 4424 1315 4477 Θεοῦ
1369 4424 1595 4493 πρόνοια
1654 4421 1936 4490 πάρεργον

2040 3332 2263 3400 propius
2297 3330 2531 3396 adesse;
2567 3330 2881 3385 diﬁ‘erenter
2923 3333 3141 3400 utrique
3174 3349 3186 3384 :
3222 3349 3617 3403 nonnunquam

2038 3424 2201 3476 etiam
2236 3422 2426 3477 iisdem
2484 3422 2792 3477 rationibus
2840 3424 3047 3477 inducti
3076 3440 3091 3477 ι
3126 3425 3441 3479 auscultant
3472 3428 3615 3480 enim

2042 3512 2143 3565 hoc
2178 3529 2189 3563 :
2228 3530 2245 3562 ι
2281 3512 2335 3565 In
2368 3526 2475 3581 quo
2518 3523 2567 3566 te
2604 3520 2749 3567 statu
2785 3513 3070 3577 invenero,
3122 3516 3283 3567 etiam
3328 3524 3379 3569 te
3402 3516 3616 3584 judica-

2038 3605 2130 3657 ho.
2166 3622 2183 3654 ι
2223 3603 2392 3668 Quam
2426 3612 2608 3658 autem
2646 3605 2871 3659 haberet
2904 3605 3207 3671 rationem,
3240 3609 3365 3661 vita:
3396 3609 3615 3677 quidem

2040 3694 2322 3748 hominum
2360 3693 2433 3746 ita
2467 3705 2691 3762 paterne
2738 3695 3192 3765 indulgenterque
3220 3696 3390 3749 Deum
3420 3713 3620 3751 consu-
3686 3750 3691 3755 .

2040 3783 2171 3844 lere.
2209 3793 2438 3837 mortem
2479 3800 2609 3840 vero
2643 3787 2885 3854 ipsorum
2918 3785 3063 3839 nulla
3113 3788 3459 3856 providentia
3492 3806 3619 3858 pro-

2040 3873 2230 3941 sequi?
2262 3872 2392 3927 Nam
2425 3891 2542 3943 quae
2571 3877 2659 3931 hic
2689 3877 2926 3946 agitatur
2958 3878 3087 3944 vita,
3114 3880 3198 3932 via
3223 3883 3468 3950 qumdam
3494 3898 3618 3951 pro-

2040 3979 2369 4033 gressusque
2394 3973 2478 4019 est
2530 3967 2595 4019 ad
2639 3966 2797 4021 linem
2836 3969 3212 4037 propositum;
3244 3985 3392 4026 mors
3433 3982 3615 4027 autem
3692 3976 3699 3985 “

2039 4059 2204 4110 vitam
2237 4057 2377 4110 hanc
2406 4066 2560 4112 metae
2588 4061 2840 4114 admovet
2872 4076 2885 4113 :
2916 4076 2979 4113 ac
3007 4076 3167 4115 omne
3191 4078 3324 4117 sane
3346 4066 3619 4133 cujusque

2039 4148 2280 4200 studium
2335 4150 2623 4217 omnisque
2672 4150 2886 4219 largitio
2938 4150 3036 4205 Dei
3081 4168 3305 4218 munere
3358 4170 3619 4210 concessa

2041 4254 2146 4292 una
2168 4248 2368 4293 cessat.
2394 4240 2560 4293 Multa
2597 4257 2761 4310 porro
2783 4251 2909 4296 sunt
2940 4258 3061 4313 quae
3088 4254 3318 4299 mortem
3348 4248 3614 4302 all‘erunt:

2039 4328 2113 4383 ita
2143 4338 2198 4383 ut
2227 4346 2347 4397 qua:
2382 4332 2544 4381 vitam
2580 4333 2723 4384 hanc
2767 4336 3102 4401 opprimunt.
3133 4337 3247 4390 sola
3290 4339 3360 4392 sit
3391 4342 3617 4395 materia

2039 4422 2352 4489 multiplicis
2387 4422 2476 4475 Dei
2516 4422 2870 4489 providentia:
2906 4424 3051 4479 circa
3080 4442 3199 4486 nos.
3236 4444 3332 4496 per
3358 4446 3520 4497 quam
3550 4434 3616 4485 ad

349 4529 509 4582 ἔσται
545 4526 652 4577 τῶν
687 4522 948 4575 ποικίλων
974 4520 1068 4573 καὶ
1109 4517 1465 4585 πολυτρόπων
1498 4512 1685 4566 αἰτιῶν
1716 4512 1808 4566 τοῦ
1841 4512 1932 4562 θα-

2042 4512 2214 4580 ipsum
2254 4513 2613 4565 dcstinaniur.
2655 4513 2948 4566 Enimvero
2984 4516 3098 4581 ipse
3132 4516 3253 4569 linis
3288 4530 3474 4572 noster
3506 4532 3613 4585 est,

352 4621 542 4679 νάτου,
594 4618 688 4670 καὶ
734 4614 904 4684 τύχης
963 4612 1057 4664 καὶ
1113 4611 1445 4679 αὐτομάτου,
1482 4606 1576 4658 καὶ
1626 4604 1733 4656 τῶν
1794 4603 1933 4655 κατὰ

354 4709 705 4779 συμϐεϐηκὸς
760 4705 1071 4773 λεγομένων
1111 4702 1204 4753 καὶ
1260 4700 1476 4751 πάντων
1528 4696 1637 4748 τῶν
1684 4693 1934 4747 ὁπωσοῦν
1986 4762 2003 4771 ⁸

350 4804 547 4864 ὄντων,
586 4798 727 4852 κατὰ
762 4796 1019 4863 πρόνοιαν
1051 4792 1241 4855 ὄντων,
1274 4790 1306 4859 ἢ
1343 4788 1563 4857 μᾶλλον,
1591 4789 1619 4839 ό
1662 4784 1738 4855 μὴ
1775 4800 1938 4852 προν-

350 4895 520 4955 τίζων
548 4890 707 4942 ὁπότε
752 4885 850 4939 καὶ
885 4884 1032 4945 ὅπως
1065 4884 1092 4935 ὁ
1123 4881 1350 4941 θάνατος
1389 4880 1488 4947 τὴν
1534 4875 1681 4944 ζωὴν
1713 4872 1933 4936 παύσει,

354 4986 455 5038 καὶ
485 4982 582 5050 τ’ῆν
611 4979 819 5048 ταύτης
850 4974 1235 5046 καρποφορίαν
1284 4971 1397 5031 τοῖς
1428 4967 1561 5033 ζῶσι
1609 4965 1934 5029 σπουδαίως,

352 5076 467 5131 οὐδ’
495 5075 642 5136 ὅπως
690 5072 966 5141 ζήσονται,
1002 5068 1096 5118 καὶ
1132 5064 1182 5117 τί
1217 5063 1420 5125 ζῶντες
1471 5058 1750 5121 άνύσουσι,
1798 5057 1935 5109 πάνυ

354 5168 410 5221 τί
448 5165 706 5236 φροντιεῖ.
743 5163 804 5215 Et
833 5160 889 5213 δὲ
920 5157 1079 5211 τοῦτο
1107 5153 1300 5223 ψεῦδός
1324 5168 1381 5204 τε
1407 5152 1502 5203 καὶ
1529 5149 1813 5214 ἀδύνατον,
1844 5148 1939 5200 καλ⁹

355 5258 429 5312 δι’
464 5256 628 5310 αὑτοῦ
660 5254 827 5324 μόνου
864 5248 1279 5303 κατευοδοῦνται
1315 5242 1453 5313 πρὸς
1496 5242 1555 5293 τὸ
1581 5240 1734 5302 τέλος
1763 5237 1941 5306 ὁριζό-

360 5366 539 5421 μενοι,
568 5348 764 5400 ὁπόσον
793 5344 860 5399 ἂν
889 5343 983 5395 καὶ
1018 5337 1230 5393 οἴκοθεν
1272 5333 1575 5388 σπεύδωσιν
1603 5331 1657 5384 οἵ
1683 5347 1746 5399 γε
1776 5346 1941 5382 σπουο

356 5444 497 5496 δαῖοι
528 5456 542 5470 ·
575 5438 814 5506 εὐλόγως
875 5437 970 5489 καὶ
1021 5434 1100 5502 τῷ
1136 5430 1234 5497 τῆς
1280 5426 1429 5495 ζωῆς
1484 5425 1666 5495 μέτρῳ
1713 5424 1847 5491 πρὸς
1878 5423 1940 5475 τὸ

362 5534 645 5601 συμφέρον
674 5531 938 5599 κέχρηται
968 5524 1075 5578 τῶν
1112 5518 1468 5591 ὁριζομένων,
1503 5519 1599 5569 καὶ
1631 5518 1819 5583 μετρεῖ
1841 5514 1939 5582 τὴν

361 5621 507 5691 ζωὴν
540 5622 567 5673 ό
601 5621 763 5688 μόνος
798 5619 1019 5689 μετρεῖν
1078 5615 1417 5683 δυνάμενος;
1467 5613 1562 5666 καὶ
1591 5612 1658 5664 τά
1684 5609 1939 5663 ποιοῦντα

364 5717 462 5781 τὴν
506 5712 785 5780 τελευτὴν,
838 5708 1003 5762 αὐτοῦ
1056 5706 1392 5770 κελεύοντος,
1440 5705 1472 5774 ἢ
1528 5702 1938 5772 συγχωροῦντος

368 5809 453 5859 καὶ
488 5804 562 5876 μὴ
598 5803 916 5867 κωλύοντος,
945 5801 1150 5870 ταύτην
1190 5800 1451 5852 ποιοῦσιν.
1488 5817 1503 5850 ι
1540 5798 1804 5850 "An-cera:
1832 5796 1937 5865 γὰρ

2041 4615 2214 4667 neque
2250 4600 2314 4651 ad
2359 4600 2523 4651 alium
2562 4614 2661 4652 nos
2710 4601 2868 4652 tinem
2903 4601 3170 4667 destinat,
3223 4614 3419 4671 praeter
3452 4622 3615 4673 quain

2041 4689 2299 4755 seipsum.
2343 4687 2597 4757 Nunquid
2636 4703 2766 4755 ergo
2797 4699 2947 4742 tanta
2983 4690 3074 4742 Dei
3110 4691 3161 4744 in
3191 4706 3291 4745 nos
3326 4696 3613 4760 providen-

2043 4784 2134 4843 tia,
2159 4781 2313 4848 quasi
2334 4780 2680 4833 corollarium
2701 4780 2808 4834 erit
2830 4783 3097 4836 variarum
3125 4784 3619 4856 multipliciumque

2045 4872 2302 4926 interitus
2335 4887 2645 4935 causarum,
2680 4882 2731 4926 et
2764 4873 2996 4927 fortuna:
3024 4885 3078 4928 et
3125 4890 3289 4931 casus
3330 4888 3385 4933 et
3429 4894 3614 4933 eorum

2041 4980 2161 5034 quae
2186 4979 2283 5033 per
2309 4964 2561 5018 accidens
2589 4965 2861 5030 dicuntur,
2891 4979 2942 5021 et
2965 4969 3209 5022 omnium
3242 4985 3362 5036 qum
3389 4986 3617 5040 quomo-
3672 4948 3679 4973 9

2040 5058 2325 5125 docunque
2366 5057 2636 5111 exsistunt
2662 5058 2814 5126 juxta
2846 5056 3288 5114 Providentiam?
3321 5076 3389 5115 an
3435 5064 3617 5131 potius

2044 5148 2233 5220 (Deus)
2270 5163 2377 5200 non
2410 5157 2588 5211 curat,
2621 5149 2839 5216 quando
2886 5158 2940 5203 et
2986 5166 3093 5218 quo
3126 5159 3283 5219 pacto
3326 5168 3478 5207 more
3522 5169 3615 5209 ex-

2030 5241 2203 5329 ‘pellet
2232 5241 2419 5304 vitam,
2454 5240 2681 5309 ejusque
2707 5238 2970 5307 fructum,
2999 5244 3066 5297 iis
3096 5245 3185 5313 qui
3223 5247 3447 5302 honeste
3469 5258 3521 5301 et
3548 5263 3618 5303 ex
3687 5249 3691 5253 ’

2041 5339 2241 5386 virtute
2286 5333 2477 5385 vivunt
2521 5351 2534 5386 :
2578 5349 2678 5388 nec
2727 5336 3003 5403 quomodo
3040 5336 3253 5411 cquique
3289 5342 3511 5403 vivent,
3561 5352 3616 5394 et

2041 5424 2171 5493 quid
2204 5424 2430 5479 vivendo
2456 5426 2759 5493 perlicieut,
2780 5429 3005 5485 cumino
3031 5422 3303 5486 sollieitus
3325 5432 3453 5485 erit?
3473 5434 3616 5499 quod

2042 5516 2086 5571 si
2121 5516 2221 5569 hoc
2251 5517 2596 5571 mendacium
2621 5528 2725 5581 est,
2751 5529 2803 5573 et
2836 5520 2949 5573 ﬁeri
2978 5526 3166 5589 nequit
3190 5538 3204 5573 :
3228 5537 3291 5574 ac
3320 5536 3414 5589 per
3448 5522 3613 5575 Deum

2043 5614 2218 5664 solum
2252 5625 2511 5679 prospere
2538 5609 2818 5672 ducuntur
2868 5610 2934 5663 ad
2988 5611 3147 5664 linem
3203 5615 3291 5679 qui
3342 5613 3618 5678 praedesti-

2047 5714 2267 5765 naiunr,
2324 5711 2809 5771 quantumcunque
2862 5716 2959 5755 sua
3011 5699 3193 5754 indole
3240 5702 3619 5767 industriaque

2046 5793 2628 5863 festinarint,virtutés
2661 5792 2849 5862 utique
2884 5801 3133 5847 amantes
3173 5810 3187 5848 :
3224 5794 3383 5849 etiam
3422 5796 3617 5851 rationi
