4170 6294
582 425 692 495 563

1665 419 2039 482 GENNADII
2082 422 2168 480 Cl’
2220 417 2731 479 PATRIARCHE

3751 420 3857 483 564

582 556 692 595 non
715 536 1174 604 quaerebatemori
1195 535 1444 601 omnino,
1460 536 1563 590 hoc
1588 545 1693 601 est,
1719 535 1997 592 discedere
2014 552 2044 589 e
2067 535 2175 590 vita

2294 535 2555 602 γίνεσθαι,
2610 534 2744 587 ἀλλά
2777 532 2907 603 θείῃ
2944 531 3239 603 ἐξαχθῆναι
3271 532 3557 601 θελήματι,
3605 534 3699 585 καὶ
3734 536 3866 602 πρὶν

585 630 717 691 (hoc
753 628 898 683 enim
930 628 1092 682 etiam
1122 643 1229 681 non
1259 629 1521 696 quaerenti
1551 638 1871 682 eventurum
1920 637 2038 681 erat
2070 626 2168 680 ali-

585 720 849 792 quando),
885 735 1068 773 verum
1119 720 1334 790 petebat
1401 719 1584 775 divina
1646 719 1802 774 educi
1868 721 2171 784 voluntate,

552 816 748 889 etiam
783 813 1101 885 priusquam
1149 814 1213 867 ad
1262 822 1600 868 senectutem
1641 813 1968 883 perveniret.
2014 812 2169 867 ldeo-

588 923 697 979 que
756 907 864 963 alio
914 907 1036 962 loco
1082 906 1249 971 dicit,
1294 924 1314 957 ι
1364 904 1442 960 Ne
1473 921 1697 961 revoces
1732 921 1816 960 me
1851 907 1902 959 in
1942 906 2171 962 dimidio

589 1000 802 1055 diermn
844 1013 1112 1053 meorum.
1154 999 1345 1067 nAtqui
1380 1013 1483 1053 non
1531 998 1804 1066 quaerebat
1833 998 1980 1067 quod
2018 998 2166 1052 inso-

589 1089 709 1145 lens
733 1097 851 1143 erat
886 1089 1087 1143 divinae
1119 1088 1491 1155 providentiae,
1524 1088 1650 1143 talis
1688 1102 1812 1141 cum
1846 1095 2015 1153 esset,
2049 1095 2103 1142 et
2138 1103 2168 1142 a

588 1178 796 1248 Spiritu
851 1189 1040 1233 sancto
1091 1179 1339 1242 eductus,
1373 1193 1619 1247 quaenam
1654 1189 1840 1245 petere
1863 1187 2168 1247 oporteret.

590 1272 954 1339 Quamobrem
1008 1270 1191 1326 educit
1226 1271 1367 1324 Deus
1415 1270 1652 1323 hominis
1695 1271 1937 1325 animum
1969 1285 2036 1325 ex
2071 1271 2176 1325 hac

532 1427 538 1435 ι
587 1365 724 1426 vita,
760 1380 882 1415 cum
913 1366 985 1417 ita
1016 1362 1385 1425 coiistituetit,
1414 1362 1496 1415 vel
1530 1364 1581 1414 in
1610 1361 1838 1416 dimidio
1864 1377 2050 1423 cursu,
2079 1369 2175 1416 aut

589 1472 817 1525 prorsus
853 1457 906 1511 in
950 1466 1103 1525 parte
1151 1456 1381 1524 quadam
1440 1469 1709 1508 mensurae
1758 1452 2173 1518 connuunioris,

591 1550 847 1604 omnibus
879 1550 970 1617 qui
997 1551 1048 1602 in
1080 1547 1188 1600 vita
1228 1546 1544 1615 persistnut,
1575 1554 1630 1599 et
1656 1543 1798 1599 addit
1840 1553 1893 1598 et
1925 1544 2174 1598 conscin-

593 1640 695 1703 dit,
730 1642 873 1695 sicut
904 1640 1110 1693 dictum
1139 1646 1223 1692 est
1250 1639 1421 1705 prius,
1457 1637 1585 1691 dum
1618 1647 1709 1690 aut
1742 1637 1823 1691 sic
1873 1636 1992 1706 ipse
2026 1635 2169 1705 judi-

2273 630 2351 688 είς
2377 627 2555 696 γῆρας
2583 626 2778 680 ὲλθείν.
2803 627 2910 679 Καὶ
2944 624 3031 677 διὰ
3053 623 3216 677 τοῦτό
3235 642 3400 695 φησιν
3427 624 3657 693 ἀλλαχοῦ
3679 642 3692 655 ·
3724 644 3745 676 ι
3773 627 3867 695 Μὴ

2271 718 2556 789 ἀναγάγῃς
2587 736 2652 785 με
2689 719 2748 770 ὲν
2774 717 2963 786 ἡμίσει
2991 715 3213 785 ἡμερῶν
3235 733 3359 784 μου.
3387 734 3406 766 ι
3435 716 3551 768 υύκ
3582 714 3774 784 ἐζήτει
3807 716 3867 769 δὲ

2271 810 2333 863 τὸ
2366 810 2532 877 ἄηθες
2562 812 2629 878 τῇ
2664 810 2785 878 θεία
2824 808 3052 878 προνοίᾳ
3080 808 3326 871 τοιοῦτος
3354 807 3449 871 ὧν,
3485 809 3580 859 καὶ
3609 806 3770 873 εἰδὼς
3804 808 3871 861 ὲκ

2272 903 2366 957 τοῦ
2397 902 2712 972 Πνεύματος
2739 903 2774 958 ἃ
2794 904 2873 957 δεῖ
2899 900 3194 955 αἰτεῖσθαι.
3225 900 3440 954 Οὐκοῦν
3469 901 3651 968 ἐξάγει
3671 903 3701 954 ὁ
3729 902 3871 965 Θεὸς

2271 998 2371 1067 τὴν
2401 996 2496 1049 τοῦ
2544 995 2837 1066 ἀνθρώπου
2868 992 3048 1063 ψυχὴν
3088 994 3187 1059 τῆς
3231 991 3469 1045 ἐνταῦθα
3509 991 3677 1060 ζωῆς,
3714 996 3872 1045 ἔπει-

2273 1088 2371 1142 δὰν
2402 1087 2638 1157 βουληθῇ
2676 1087 2733 1139 ὲν
2768 1088 2843 1154 τῷ
2891 1085 3104 1155 ἡμίσει,
3156 1084 3188 1153 ἢ
3220 1083 3357 1145 ὅλως
3410 1083 3567 1150 μέρει
3602 1083 3737 1143 τινὶ.
3769 1081 3868 1135 τοῦ

2277 1182 2415 1233 πᾶσι
2443 1180 2764 1247 καινοτέρου
2816 1177 3017 1247 μέτρου
3062 1178 3175 1237 τοῖς
3204 1177 3260 1227 ὲν
3289 1177 3354 1245 τῇ
3403 1174 3515 1244 ζωῇ
3548 1174 3866 1243 διαρκι-ὖσι,

2275 1271 2372 1324 καὶ
2432 1270 2763 1341 προστίθησι
2819 1268 3269 1336 καὶ-συντέμνει,
3337 1268 3588 1335 καθάπερ
3644 1266 3869 1336 εἴρηται

2282 1363 2571 1434 πρότερον,
2601 1363 2634 1432 ἦ
2674 1362 2821 1414 οὕτω
2852 1362 3057 1432 κρίνων
3085 1361 3266 1422 αὖτίς,
3301 1359 3333 1429 ἦ
3366 1362 3462 1411 καὶ
3502 1361 3616 1422 τοῖς
3637 1361 3870 1428 εὐχομέ-

2282 1472 2392 1529 νοις
2452 1456 2841 1524 χαριζόμενος,
2905 1455 3100 1523 ἐκείνῳ
3171 1452 3318 1522 μόνῳ
3383 1455 3867 1520 προεγνωσμένον,

2283 1545 2535 1617 καθάπερ
2568 1547 2696 1615 ὅρου
2725 1547 2820 1600 καὶ
2849 1546 3106 1615 πέρατος,
3139 1544 3167 1597 δ
3198 1545 3309 1606 τοῖς
3340 1542 3520 1625 ἔργοις
3554 1539 3872 1598 τελευταῖον

2281 1637 2540 1693 ὲκὸαίνει.

593 1747 703 1803 cat,
737 1747 830 1792 aut
864 1736 1213 1807 precantibus
1243 1735 1598 1804 gratiticatur,
1639 1735 1713 1789 illi
1770 1736 1868 1791 soli
1907 1737 2323 1806 prmcognitum,
2358 1750 2619 1807 tanquam
2681 1737 2736 1792 in
2797 1735 3031 1793 termino
3086 1744 3139 1793 et
3183 1734 3354 1791 limite
3415 1742 3593 1801 esset,
3635 1732 3871 1805 quodin

593 1832 851 1904 operibus
885 1832 1133 1885 ultimum
1171 1831 1446 1886 nsurenit.

670 1922 1121 1993 Quandoquidem
1154 1938 1285 1976 vero
1339 1922 1609 1985 nonnulli,
1653 1930 1710 1977 ut
1760 1922 1866 1992 ais,
1926 1922 2185 1978 Basilium
2218 1926 2262 1982 Β

592 2012 848 2082 Magnum
884 2020 1230 2075 accusantes,
1259 2026 1323 2065 ac
1354 2023 1635 2081 propterea
1670 2028 1779 2067 non
1812 2012 2182 2078 admittentes,

594 2118 790 2158 rursus
820 2102 1209 2171 expostulant;
1243 2113 1296 2157 tn
1330 2118 1495 2168 nunc,
1534 2105 1618 2156 vir
1656 2103 2027 2167 sanctissime,
2062 2119 2186 2173 per-

593 2195 790 2265 cepisti
827 2195 1084 2264 praeclare
1112 2203 1224 2248 tum
1259 2194 1696 2259 accusationem,
1730 2205 1841 2248 tum
1875 2195 2187 2264 expostula-

599 2289 825 2353 tiunem,
869 2294 1131 2357 quantum
1186 2285 1492 2359 prudentia:
1543 2300 1608 2341 ac
1656 2285 1904 2341 veritatis
1967 2286 2186 2360 habeat.

594 2379 1055 2437 AnimadVertisti
1083 2394 1251 2448 porro
1284 2395 1409 2434 eum
1445 2394 1550 2432 non
1584 2378 1958 2447 perfunctorie
1982 2392 2189 2432 sermo-

592 2489 720 2528 nem
751 2472 901 2527 bunc
929 2471 1291 2540 theologicum
1322 2470 1649 2533 instituisse,
1675 2470 1769 2524 sed
1802 2471 1855 2524 in
1889 2485 2001 2524 rem
2039 2478 2093 2525 et
2118 2485 2186 2524 ex

591 2565 839 2635 professo
868 2583 885 2619 :
921 2564 1033 2619 haec
1060 2574 1114 2618 et
1142 2564 1320 2632 capita
1354 2572 1407 2616 et
1441 2574 1616 2618 metas
1649 2563 1863 2632 pietatis
1897 2563 2187 2616 nominan-

597 2660 668 2714 do
711 2673 786 2713 :a
831 2658 1031 2727 quibus
1065 2671 1162 2725 par
1202 2672 1310 2710 non
1358 2671 1481 2710 esse
1514 2669 1843 2724 quemquam
1892 2653 2181 2708 deﬂectere

596 2751 855 2806 audivisti
887 2765 915 2803 a
953 2751 1128 2809 nobis,
1165 2751 1367 2818 quippe
1402 2763 1528 2801 cum
1565 2748 1620 2801 in
1657 2747 1722 2800 iis
1755 2760 1946 2799 omnes
1994 2747 2187 2800 docto-

596 2858 690 2898 res
733 2845 874 2896 inter
912 2856 971 2896 se
1000 2838 1380 2905 consentiant;
1439 2838 1548 2891 imo
1580 2837 1743 2889 etiam
1799 2836 1982 2889 divina
2021 2851 2185 2906 opera

596 2933 889 3005 legumque
908 2943 1110 2987 statuta
1142 2933 1435 2986 concinant
1470 2946 1484 2985 :
1521 2939 1575 2983 tu
1606 2931 1745 2999 a'qui
1783 2931 2023 2999 bonique
2059 2945 2189 2984 con—

598 3027 771 3085 sules.
812 3042 933 3096 quae
967 3038 1033 3079 ex
1077 3024 1261 3079 multis
1291 3039 1463 3093 pauca
1509 3024 1602 3078 tibi
1634 3038 1779 3076 nunc
1803 3023 2183 3092 exposuimus,

600 3130 865 3189 quantum
902 3117 1140 3173 enodare
1170 3118 1324 3172 licuit
1356 3118 1597 3172 doctoris
1625 3116 1808 3171 eximii
1842 3131 1963 3171 cum
1988 3116 2185 3171 divinis

599 3210 909 3265 cauonibus
936 3209 1070 3278 ipsis
1104 3208 1517 3263 cohaerentiam.
1547 3205 1776 3271 Quando
1809 3213 1991 3258 autem
2025 3220 2185 3273 argn-

602 3314 789 3359 menta
824 3304 878 3357 in
914 3300 1258 3356 contrarium
1289 3299 1508 3353 miseris
1540 3298 1718 3362 nobis,
1756 3313 1877 3367 quae
1907 3307 1956 3351 te
1990 3310 2020 3349 a
2050 3297 2187 3349 mul-

601 3398 675 3453 tis
725 3396 945 3450 audisse
992 3393 1181 3448 dicis:
1220 3390 1505 3446 mittemus
1537 3389 1703 3443 etiam
1752 3390 1818 3443 ad
1864 3397 1916 3443 te
1968 3388 2185 3441 illorum

601 3488 927 3544 solutiones.
963 3483 1230 3550 Quoniam
1267 3496 1395 3537 vero
1434 3482 1547 3536 haec
1581 3480 1765 3533 Basilii
1799 3478 1973 3548 Magni
2009 3493 2188 3531 asser-

602 3582 678 3636 tio
707 3580 775 3634 ad
800 3579 1038 3633 divinam
1074 3574 1605 3646 pra-destinationem
1646 3573 1839 3635 tendit,
1880 3571 2045 3626 habes
2071 3584 2190 3623 am-

604 3673 761 3743 plum
802 3679 855 3724 et
900 3668 1239 3723 luculentum
1278 3681 1588 3721 sermonem
1623 3676 1869 3720 nostrum
1906 3664 1973 3718 de
2012 3662 2218 3732 provi-,

605 3766 797 3821 dentia
828 3763 919 3817 Dei
962 3774 1015 3815 et
1041 3759 1518 3829 prmdestinatione
1555 3758 1632 3828 (Ι)
1654 3799 1668 3821 ,
1705 3758 1769 3811 ad
1804 3773 1916 3811 rem
1949 3767 2005 3811 et
2035 3771 2193 3808 usum

606 3871 742 3913 tune
774 3866 828 3910 et
872 3854 1064 3909 sedulo
1095 3851 1390 3906 admodum
1429 3866 1456 3902 a
1501 3849 1662 3902 nobis
1701 3851 2095 3917 conscriptum.
2130 3848 2195 3914 (0

604 3962 903 4006 commune
968 3944 1382 3999 infortunium!
1446 3956 1478 3994 ο
1542 3940 1956 3995 mmstissimam
2030 3943 2194 3994 vitam

612 4039 859 4105 meam!)
893 4036 1002 4091 illic
1031 4036 1194 4090 etiam
1226 4048 1445 4088 omnem
1483 4031 1652 4087 ferme
1684 4032 1917 4086 solutam
1952 4032 2197 4086 invenies

606 4132 989 4201 quaestionem,
1039 4142 1146 4180 non
1196 4139 1292 4178 eos
1340 4125 1543 4187 solum,
1583 4125 1635 4177 in
1695 4124 1896 4193 quibus
1953 4125 2196 4178 nonnulli

608 4226 901 4279 ﬂuctuant.
935 4218 1150 4273 Etenim
1179 4217 1486 4271 dubitantes
1512 4230 1580 4267 an
1613 4216 1692 4269 l‘as
1732 4224 1901 4276 esset,
1937 4216 2048 4284 jam
2088 4217 2193 4270 hu-

606 4329 831 4371 manam
856 4310 1093 4383 eligendi
1117 4309 1396 4379 cptionem
1425 4306 1696 4361 eliicacem
1732 4322 1853 4361 esse
1914 4316 2201 4361 autumant

609 4408 666 4460 in
697 4406 764 4460 iis
793 4418 915 4474 quae
946 4401 1049 4457 sub
1076 4386 1401 4455 electionem
1431 4398 1654 4458 cadunt,
1678 4408 1768 4452 aut
1798 4399 2071 4462 coronari,
2102 4408 2196 4451 aut

607 4496 793 4567 puniri
868 4493 1223 4564 praepollente
1283 4490 1469 4545 divina
1541 4489 2042 4559 prazdestinatione.
2114 4491 2199 4543 An

2375 1922 2528 1976 Ἐπεὶ
2561 1922 2618 1976 δέ
2663 1940 2828 1986 τινες,
2875 1921 2951 1985 ὡς
2999 1922 3127 1993 φῂς,
3188 1920 3350 1976 αὑτὸν
3401 1922 3493 1975 τὸν
3561 1924 3737 1992 μέγαν
3773 1922 3876 1977 Βαο

2291 2011 2491 2067 σίλειον
2550 2012 2902 2083 αἰτιώμενοι,
2963 2015 3059 2066 καὶ
3107 2012 3195 2065 διὰ
3237 2011 3398 2065 τοῦτο
3450 2013 3523 2082 μὴ
3575 2014 3879 2083 προσιέμε-

2288 2124 2392 2173 νοι,
2440 2106 2597 2170 αὖθις
2628 2106 3010 2170 ἐξαιτιῶνταιο
3055 2106 3120 2158 σὺ
3157 2104 3272 2169 νῦν,
3303 2103 3591 2169 ὁσιώτατε,
3631 2106 3874 2175 συνῆκας

2296 2200 2396 2271 μὲν
2425 2199 2525 2269 τὴν
2567 2199 2810 2251 αίτίασιν
2841 2199 2936 2251 καὶ
2979 2198 3080 2265 τὴν
3109 2197 3411 2262 ὲξαιτίασιν
3440 2197 3645 2263 καλῶς,
3678 2199 3879 2251 ὁπόσον

2290 2289 2407 2360 ἔχει
2438 2289 2756 2359 φρονήσεώς
2796 2306 2857 2341 τε
2903 2289 2999 2341 καὶ
3043 2287 3302 2357 ἀληθείας
3329 2303 3344 2317 ’
3388 2287 3592 2357 ἔμαθες
3622 2288 3682 2341 δὲ
3714 2289 3879 2340 αὑτὸν

2290 2383 2391 2435 οὐκ
2436 2382 2501 2435 ὲκ
2554 2380 2648 2434 τοῦ
2685 2381 3031 2449 παρήκοντος
3089 2378 3445 2446 θεολογοῦντα
3499 2378 3696 2445 ταῦτα,
3744 2378 3881 2431 ἀλλά

2293 2472 2598 2543 προῦργου,
2652 2473 2749 2525 καί
2794 2471 2957 2540 ὅρους
2999 2470 3287 2533 εὐσεϐείας
3334 2469 3527 2536 ταῦτα,
3573 2469 3672 2522 καὶ
3708 2473 3880 2540 κεφά-

2291 2564 2416 2617 λαια
2455 2564 2816 2633 ὀνομάζοντα,
2855 2557 2933 2616 ὧν
2964 2564 3041 2633 μὴ
3086 2563 3288 2632 χρῆναι
3319 2564 3523 2632 μηδένα
3556 2563 3881 2634 παρεξιέναι

2289 2657 2533 2727 ἤκουσας
2566 2656 2696 2726 παρ’
2733 2654 2912 2728 ἡμῶν,
2941 2656 3038 2708 καὶ
3069 2656 3204 2708 πᾶσι
3231 2656 3340 2717 τοῖς
3373 2654 3728 2717 διδασκάλοις
3770 2656 3884 2718 τοῖς

2289 2748 2497 2814 ὁμοίοις
2543 2746 2965 2814 συμφωνοῦντα,
3010 2746 3213 2815 μᾶλλον
3240 2745 3296 2798 δὲ
3340 2747 3449 2807 τοῖς
3491 2745 3658 2807 θείοις
3690 2745 3884 2816 ἔργοις

2290 2840 2384 2892 καὶ
2427 2838 2611 2909 νόμοις
2646 2838 2962 2908 συνᾴδοντα,
3007 2836 3119 2908 [ῖσ.
3154 2836 3330 2890 ταῦτα
3374 2838 3533 2906 δέχου
3575 2839 3606 2910 ᾗ
3645 2837 3781 2890 ἄλλο
3805 2834 3881 2907 τι]

2292 2931 2439 2999 ἆπερ
2476 2932 2540 2982 ὲκ
2570 2930 2781 2983 πολλῶν
2817 2930 2974 2996 ὀλίγα
3013 2946 3095 2983 σοι
3145 2928 3240 2982 νῦν
3271 2928 3591 2999 ὲξεθέμεθα,
3640 2930 3775 2983 ὅσον
3803 2928 3888 2982 αί·

2292 3022 2548 3087 νίξασθαι
2580 3022 2679 3084 τὴν
2706 3022 2802 3076 τοῦ
2842 3021 3165 3076 διδασκάλου
3198 3022 3329 3091 πρὸς
3359 3025 3484 3085 τοὺς
3511 3022 3691 3084 θείους
3726 3021 3888 3074 κανό-

2290 3133 2387 3178 νας
2432 3117 2783 3187 ἐφαρμογήν.
2831 3115 3066 3168 ὐπόταν
3098 3115 3154 3169 δὲ
3183 3116 3276 3169 καὶ
3308 3116 3405 3179 τὰς
3454 3117 3536 3178 είς
3570 3116 3887 3169 τούναντίον

2293 3211 2669 3282 ἱπιχειρήσεις
2698 3210 2919 3282 πέμψῃς
2948 3213 3103 3279 ἡμῖν,
3131 3209 3195 3271 ἃς
3224 3210 3524 3279 ἀκηκοέναι
3547 3210 3733 3275 λέγεις
3759 3208 3887 3261 πολ-

2293 3302 2402 3355 λῶν
2427 3319 2443 3335 ο
2475 3303 2768 3373 πέμψομέν
2804 3321 2885 3357 σοι
2942 3304 3212 3358 κάκείνων
3240 3304 3340 3367 τὰς
3385 3303 3593 3365 λύσεις.
3635 3303 3797 3356 Ἐπεὶ
3828 3301 3884 3354 δὲ

2290 3397 2324 3464 ἡ
2353 3395 2449 3450 τοῦ
2484 3396 2744 3464 Μεγάλου
2793 3396 3081 3450 Βασιλείου
3125 3398 3404 3466 ἀπόφασις
3432 3396 3573 3466 αὕτη
3620 3396 3760 3465 πρδς
3793 3388 3886 3448 τὸν

2299 3488 2446 3543 θεῖον
2477 3488 2672 3557 ἀνήκει
2706 3488 3061 3557 προορισμὸν,
3086 3488 3232 3558 ἔχεις
3259 3489 3351 3540 τὸν
3378 3486 3548 3541 πολὺν
3575 3488 3707 3553 περὶ
3733 3486 3883 3548 θείας

2294 3580 2555 3650 προνοίας
2577 3579 2673 3631 καὶ
2695 3579 3034 3649 προορισμοῦ
3061 3580 3220 3647 λόγον
3241 3580 3421 3649 ἡμῶν,
3456 3578 3737 3649 προῦργου
3763 3579 3884 3631 τότε

2296 3673 2391 3725 καλ⁵
2421 3672 2561 3725 πάνυ
2596 3670 2904 3733 σπουδαίως
2948 3671 3443 3740 συγγεγραμμένον
3478 3673 3634 3740 ἡμῖν.
3672 3671 3739 3722 Ὦ
3783 3673 3883 3737 τῆς

2297 3765 2482 3831 κοινῆς
2529 3763 2818 3833 δυστυχίας
2851 3763 2864 3815 !
2911 3765 2974 3815 Ὦ
3004 3762 3105 3832 τῆς
3137 3763 3279 3832 ὲμῆς
3328 3763 3668 3832 λυγροτάτης
3699 3760 3878 3830 ζωῆςί

2311 3854 2461 3907 Ἐκεῖ
2488 3854 2582 3907 καὶ
2617 3856 2800 3908 πᾶσαν
2826 3852 3012 3923 σχεδὸν
3046 3853 3317 3921 λυομένην
3348 3852 3579 3923 ἀπορίαν
3606 3852 3883 3923 εὑρήσεις,

2298 3945 2361 3999 οὐ
2398 3946 2558 4015 μόνον
2588 3945 2780 4009 αὑτὰς,
2811 3944 2902 4012 ὑφ’
2928 3938 3003 4015 ὧν
3028 3960 3175 4006 τινες
3202 3943 3544 3999 σαλεύονται.
3594 3942 3887 4013 Ἀποροῦν-

2300 4054 2389 4100 τες
2421 4039 2550 4104 γὰρ,
2589 4038 2638 4090 εί
2687 4036 2915 4089 δυνατόν
2973 4037 3113 4101 ἐστι,
3166 4035 3353 4088 λοιπὸν
3383 4034 3484 4105 τὴν
3530 4033 3884 4104 ἀνθρωπίνην

2303 4131 2625 4199 προαίρεσιν
2653 4129 2898 4198 ἐνεργεῖν
2929 4129 2988 4180 ἐν
3017 4130 3129 4190 τοῖς
3170 4128 3536 4197 προαιρετοϊς,
3576 4127 3728 4196 καὶῆ
3760 4141 3883 4178 στε-

2302 4222 2603 4290 φανοῦσθαι
2634 4222 2665 4291 ἦ
2705 4220 3052 4284 κολάζεσθαι,
3084 4217 3181 4272 τοῦ
3210 4218 3360 4273 θείου
3389 4216 3722 4286 κρατοῦντος
3756 4232 3885 4286 προ-

2302 4314 2559 4384 ορισμοῦ,
2595 4315 2690 4368 καὶ
2735 4315 2785 4366 εἰ
2817 4313 3046 4366 δυνατόν
3082 4314 3199 4364 ἔστι
3245 4310 3607 4381 χρησιμεύειν
3640 4311 3772 4389 ημῖν
3807 4309 3883 4361 ἔτι

2303 4406 2404 4469 τὰς
2431 4409 2511 4468 είς
2539 4407 2598 4458 τὺ
2643 4407 2791 4458 θεῖον
2826 4405 3012 4475 εὐχὰς,
3052 4406 3147 4457 καὶ
3181 4406 3310 4473 περὶ
3341 4405 3452 4456 τῶν
3497 4404 3562 4456 ὲκ
3591 4404 3764 4472 τύχης
3793 4402 3883 4454 καὶ

2306 4499 2619 4569 αὐτομάτου
2671 4500 2981 4567 λεγομένων
3032 4498 3301 4565 γίνεσθαι,
3353 4498 3449 4549 καί
3495 4513 3616 4549 τινα
3662 4496 3884 4548 τοιαῦτα

606 4587 776 4643 etiam
830 4586 947 4642 tleri
989 4584 1164 4656 possit
1196 4592 1254 4638 ut
1282 4597 1470 4652 preces
1524 4583 1591 4636 ad
1640 4580 1807 4638 Deum
1855 4582 1988 4650 fusa:
2040 4583 2189 4637 utiles

2308 4590 2666 4661 ἀποροῦντες,
2701 4592 2797 4643 καὶ
2834 4589 2909 4659 μὴ
2939 4589 3227 4659 δυνάμενοι
3258 4587 3429 4655 λύειν,
3456 4588 3550 4641 τὸν
3579 4588 3724 4641 θεῖον
3756 4589 3885 4640 ἀπο-

611 4682 792 4737 adhuc
817 4679 932 4735 sint
967 4697 981 4732 :
1011 4685 1068 4733 et
1097 4676 1165 4732 de
1201 4675 1269 4730 iis
1293 4691 1417 4745 quae
1449 4690 1580 4729 casu
1613 4690 1677 4728 ac
1708 4674 1936 4729 fortuito
1969 4677 2083 4729 ﬁeri
2113 4677 2202 4729 di-

608 4782 830 4828 cuntur.
866 4765 1006 4823 llmc'
1025 4775 1078 4821 et
1106 4766 1375 4832 ejusmodi
1408 4765 1571 4818 dubia
1611 4766 1896 4830 habentes,
1929 4780 2053 4834 quae
2084 4767 2192 4820 sol-

606 4879 736 4919 vere
776 4862 1008 4917 minime
1046 4868 1290 4930 possent,
1320 4858 1558 4911 divinam
1586 4859 1882 4913 destruunt
1910 4858 2201 4925 praedesti-

609 4953 915 5013 nationem,
935 4956 997 5003 ut
1021 4947 1384 5017 quaestionum
1408 4947 1928 5017 dubitationumque
1950 4962 2197 5003 causam.

610 5044 729 5098 Illic
752 5043 868 5097 hac
887 5040 1073 5094 omnia
1087 5038 1296 5093 videbis
1319 5040 1584 5095 medicata
1608 5040 1854 5095 veritatis
1880 5041 2197 5109 pharmace:

615 5133 931 5201 ibidemque
976 5130 1141 5185 etiam
1195 5130 1589 5187 Damascenum
1640 5131 1907 5187 Joannem
1959 5134 2202 5189 invenies

612 5222 983 5294 pulcherrime
1007 5223 1437 5278 consentientem
1482 5222 1737 5287 antistiti,
1789 5234 1956 5291 atque
1990 5233 2051 5278 ut
2087 5225 2205 5294 ipse

614 5316 858 5372 Joannes
890 5316 1155 5371 voluisset
1202 5332 1218 5369 :
1265 5316 1522 5385 idemque
1554 5316 1786 5383 gratiam
1823 5319 1985 5371 habet
2010 5319 2079 5374 iis
2110 5320 2207 5388 qui

617 5412 684 5467 ad
712 5424 1044 5467 consensum
1099 5406 1387 5463 inducunt.
1421 5407 1623 5462 Ibidem
1665 5409 1902 5465 divinam
1939 5411 2208 5470 Providen

692 5666 769 5737 (’l)
802 5665 961 5720 llunc
994 5671 1287 5737 tractatum
1323 5673 1383 5737 et;
1435 5663 1572 5737 alios
1598 5672 1708 5737 tres
1739 5680 1879 5735 quos
1907 5665 1976 5721 de
2010 5665 2199 5720 eodem

621 5733 943 5803 argumento
981 5733 1317 5804 Gennadius
1337 5735 1681 5804 elucubravit
1707 5778 1719 5797 ,
1758 5733 1876 5789 huc
1919 5754 2090 5804 usque
2121 5738 2202 5789 in-

623 5802 825 5867 editos,
852 5819 917 5857 ex
944 5804 1067 5856 cod.
1093 5804 1268 5857 Graec.
1303 5802 1501 5867 Paris.,
1529 5803 1795 5858 Geuuadii
1830 5802 2204 5872 autograpbis,

626 5871 1022 5932 describendas
1037 5873 1351 5952 curavimus
1376 5890 1498 5930 cum
1521 5874 1642 5930 aliis
1666 5875 1906 5945 ejusdem
1928 5871 2210 5945 ttpttseuhs

2305 4684 2664 4747 σκευάζονται
2721 4682 3080 4753 προορισμδν,
3128 4681 3202 4744 ὡς
3251 4681 3358 4734 τῶν
3406 4682 3655 4752 ἀποριῶν
3705 4680 3885 4736 αὐτοῖς

2305 4777 2500 4828 αι’τιον.
2560 4775 2712 4827 Ἐκεῖ
2755 4774 2930 4826 ταῦτα
2990 4774 3168 4828 πάντα
3222 4774 3340 4841 ὄψει
3400 4773 3760 4841 ίατρευόμενα
3810 4769 3886 4837 τῷ

2306 4866 2587 4936 φαρμάκῳ
2630 4866 2730 4934 τῆς
2759 4864 3035 4934 ἀληθείας.
3082 4865 3233 4917 Ἐκεῖ
3265 4864 3361 4917 καὶ
3400 4866 3495 4917 τὸν
3530 4863 3884 4934 Δαμασκηνὸν

2319 4957 2574 5026 Ἰωάννην
2611 4955 3085 5026 συμδιόαζὸμενον
3135 4956 3393 5025 εὑρήσεις
3427 4955 3506 5025 τῷ
3554 4952 3885 5025 καθηγεμόνι

2312 5052 2454 5103 πάνυ
2491 5050 2694 5115 καλῶς,
2726 5050 2822 5102 καὶ
2849 5050 2922 5112 ὡς
2951 5048 3017 5102 ἂν
3050 5049 3211 5111 αὐτὸς
3241 5048 3269 5100 δ
3299 5047 3443 5110 θεῖος
3485 5047 3741 5114 Ἰωάννης
3771 5045 3884 5116 βου·

2309 5139 2526 5209 ληθείη,
2561 5142 2654 5193 καὶ
2703 5141 2865 5211 χάριν
2914 5141 3027 5209 ἔχει
3071 5141 3184 5201 τοῖς
3237 5139 3687 5208 συμθιόάζουσιν.
3747 5134 3899 5189 ἘκεῖΔ

2308 5233 2410 5302 τὴν
2434 5232 2587 5285 θείαν
2620 5234 2885 5302 Πρόνοιαν
2913 5234 2973 5284 ού
3006 5231 3282 5304 χωλεύων,
3307 5234 3401 5285 καὶ
3429 5232 3562 5302 πρὶν
3588 5229 3888 5299 ὁμολογεῖν,

2310 5324 2571 5394 ἀναιρῶν,
2601 5325 2676 5385 ὡς
2715 5325 2763 5376 οἱ
2817 5324 3004 5378 πολλοὶ
3035 5325 3103 5378 δι’
3138 5325 3361 5393 ἄγνοιαν
3413 5324 3715 5392 πάσχουσιν
3738 5334 3754 5350 ⁸
3780 5315 3889 5371 ἀλλ’

2313 5413 2389 5477 ὡς
2421 5413 2585 5478 αὑτὸς
2619 5413 2873 5483 βούλεται
2923 5417 3124 5478 καύτζς
3154 5414 3482 5477 ἐπιθειάσεις,
3521 5413 3615 5465 καὶ
3652 5410 3727 5473 ὡς
3764 5409 3891 5461 ἀπο-

2318 5664 2618 5730 anccdotis;
2646 5671 2721 5728 at,
2754 5662 3299 5732 utjam‘monuimus,
3331 5677 3518 5717 moras
3550 5656 3891 5732 trahentibus

2319 5725 2751 5801 descriptoribus
2782 5725 3007 5794 nostris,
3045 5735 3229 5788 omnia
3260 5725 3328 5788 ad
3353 5733 3563 5789 calcem
3610 5725 3892 5788 voluminis

2317 5805 2609 5860 amandare
2641 5808 2905 5876 agimur.
2941 5804 3094 5874 Lntjr.
