4170 6294
364 381 474 444 565

1320 389 1685 456 EPISTOLA
1724 395 1822 456 DE
1851 395 2302 462 ΡΒίΕΒΕΞΤΙΝ
2317 403 2624 465 ΑΤΙΟΝΕ.

3515 404 3621 461 566

367 493 711 564 καλυφθῆναι
739 497 852 556 τοῖς
874 497 1082 564 τέκνοις
1118 501 1404 572 ἠθέλησεν,
1433 501 1514 569 οἷς
1537 509 1818 579 εὐδόκησε,
1846 510 1944 580 τὴν

2050 507 2202 575 tiam,
2235 527 2342 568 non
2379 514 2717 580 claudicans,
2749 522 2800 567 et
2833 513 3154 584 priusquam
3185 513 3471 567 confessus
3507 519 3580 565 sit
3605 552 3620 576 ,

365 586 750 655 ἁρμόττουσαν
797 590 981 654 αὐτοῖς
1029 593 1092 646 ὲκ
1143 595 1462 664 φιλοσοφίας
1511 599 1675 652 δοῦσα
1727 601 1943 669 πρῶτον

369 681 752 750 παρασκευήν.
796 680 886 746 Ὠς
920 679 1017 737 οὗν
1078 685 1290 739 ἐκείνου
1335 705 1418 740 σοι
1471 689 1563 742 τοῦ
1595 689 1754 758 λόγου
1808 695 1944 763 προς

371 771 552 824 πάντα
581 772 942 842 ἀρκέσαντος,
987 777 1138 830 οὐδὲν
1173 777 1266 830 νῦν
1296 783 1419 849 περὶ
1460 781 1653 835 τούτου
1682 801 1945 854 πραγμα-

371 863 661 932 τευόμεθα.
695 866 788 918 Σοὶ
828 868 906 935 δὲ,
954 871 1198 937 φίλτατε,
1233 872 1361 942 περὶ
1395 874 1494 942 μὲν
1524 875 1633 928 τῶν
1671 877 1812 947 ὅρων
1843 880 1943 946 τῆς

375 953 720 1026 ἀνθρωπίνης
756 956 900 1026 ζωῆς
950 961 1190 1029 ἀρκείτω
1231 965 1366 1034 πρὸς
1395 967 1522 1026 τοὺς
1569 968 1842 1033 ἐναντίους
1885 971 1944 1022 τὸ

373 1045 468 1097 τοῦ
503 1047 786 1100 Βασιλείου
829 1050 992 1118 μόνον
1019 1051 1254 1122 ἀξίωμα,
1281 1057 1329 1108 εί
1365 1056 1438 1127 μὴ
1462 1057 1688 1112 δύνασαι
1720 1061 1942 1113 ἀντεπι-

370 1136 578 1202 χειρεῖν
624 1137 807 1199 αὐτοῖς
840 1137 934 1191 καὶ
980 1139 1130 1194 λύειν
1173 1146 1273 1206 τὰς
1313 1145 1547 1216 ἀπορίας
1583 1163 1596 1177 ο
1645 1149 1795 1200 τουτὶ
1834 1150 1943 1218 γὰρ

370 1228 547 1278 ποιεῖν
593 1229 650 1280 ἐν
701 1233 811 1293 τοῖς
853 1231 1116 1295 τοιούτοις
1159 1237 1438 1306 φρονίμων
1487 1240 1672 1292 ὲστίνο
1723 1239 1838 1310 ἅμα
1886 1240 1943 1292 δὲ

367 1318 465 1369 καὶ
514 1319 620 1372 ὑπὸ
668 1321 776 1374 τῶν
831 1326 1227 1394 καθηγεμόνων
1264 1330 1366 1396 τῆς
1424 1331 1752 1398 Ἐκκλησίας
1801 1333 1944 1385 οὕτω

370 1414 548 1464 ποιεῖν
588 1418 1040 1486 κεκανονισμένον
1075 1421 1189 1472 ἐστὶ
1221 1424 1312 1475 καὶ
1339 1426 1774 1494 προωρισμένον.
1806 1426 1943 1498 Περὶ

367 1501 425 1554 δὲ
457 1501 552 1553 τοῦ
592 1505 739 1557 θείου
771 1510 1105 1578 προορισμοῢ
1138 1512 1380 1582 ἀρκείτω
1408 1531 1491 1567 σοι
1520 1516 1579 1567 τὸ
1608 1515 1701 1568 τοῦ
1733 1516 1943 1569 Παύλου

368 1592 610 1662 ἀξίωμα,
668 1597 754 1650 ἴνα
802 1598 876 1669 μὴ
916 1600 1059 1668 λέγω
1110 1604 1208 1672 τῆς
1252 1605 1402 1674 ἱερᾶς
1436 1607 1652 1678 ἀπάσης
1701 1609 1942 1680 Γραφῆς.

382 1686 478 1738 Ἐκ
515 1691 838 1757 περιουσίας
864 1693 919 1746 δέ
946 1711 1005 1747 σε
1031 1697 1095 1765 τῇ
1132 1696 1256 1768 δόξῃ
1277 1699 1378 1768 τῆς
1409 1700 1663 1769 ἀληθείας
1689 1695 1966 1769 ἐνιδρύων⁵

367 1776 544 1882 ταύτῃ
580 1781 784 1882 καλῶς,
814 1785 906 1836 τὸν
934 1787 1108 1855 μέγαν
1135 1790 1434 1862 προτίθημι
1456 1791 1725 1862 Μάξιμον,
1755 1793 1942 1864 ὥσπερ

369 1872 793 1942 ἑπισφράγισμα
831 1879 896 1946 τῇ
928 1878 1037 1929 τῶν
1077 1880 1249 1946 ἁγίων
1284 1883 1376 1934 καὶ
1427 1885 1606 1951 σοφῶν
1640 1887 1734 1938 καὶ
1767 1886 1943 1939 θεολό-

371 1974 487 2025 γων
515 1963 792 2031 σφραγῖδι,
824 1964 882 2017 ὃν
908 1969 1105 2020 ταυτόν
1136 1970 1248 2021 ἐστι
1285 1971 1371 2023 διὰ
1416 1972 1575 2026 τοῦτο
1612 1976 1706 2028 καὶ
1735 1975 1944 2039 πάντας

373 2049 692 2114 προσθεῖναι
742 2055 866 2118 τοὺς
902 2056 1007 2124 πρὸ
1051 2059 1235 2116 αὑτοῦ.
1283 2063 1522 2126 Ἐκεῖνος
1572 2066 1680 2135 γὰρ
1728 2067 1945 2129 πλείους

384 2140 781 2208 Ἐκατοντάδας
805 2149 1116 2216 κεφαλαίων
1170 2153 1404 2218 ἐξέθετο,
1442 2155 1476 2209 ἃ
1508 2159 1820 2212 Γνωστικὰ
1853 2160 1945 2212 καὶ

374 2237 705 2304 Θεολογικὰ
726 2240 1043 2310 ἐπιγράφει,
1078 2243 1242 2309 ἄλλου,
1279 2247 1570 2314 κεφαλαίου
1601 2251 1945 2303 παντάπασιν

372 2325 546 2396 ἀλλην
573 2329 829 2382 ὑπόθεσιν
855 2333 1234 2401 διοριζομένου
1259 2353 1272 2367 ·
1306 2339 1400 2390 καὶ
1429 2338 1616 2409 ὥσπερ
1644 2342 1945 2410 ἀποφάσεις

376 2417 475 2471 καὶ
501 2420 658 2488 ὅρους
686 2422 853 2475 ταῦτα
881 2425 1153 2488 συνέθετο,
1188 2426 1261 2490 ὡς
1289 2429 1654 2500 Ἱπποκράτης
1687 2433 1783 2496 μέν
1818 2450 1946 2486 ποτε

373 2511 501 2572 τοὺς
521 2513 845 2581 λεγομένους
869 2517 1276 2587 Ἀφορισμοὺς,
1293 2522 1416 2583 τοὺς
1437 2522 1490 2574 δὲ
1517 2523 1793 2590 Καρποὺς
1816 2526 1947 2576 Πτο-

372 2600 616 2669 λεμαῖος.
649 2605 722 2657 Τὸ
750 2606 925 2661 τοίνυν
963 2615 1012 2661 κ’
1045 2611 1342 2678 κεφάλαιον
1376 2613 1540 2666 αὐτοῦ
1568 2614 1667 2683 τῆς
1710 2614 1750 2668 δ’
1788 2616 1947 2667 Ἐκα-

375 2695 630 2758 τοντάδος
659 2698 860 2751 οὑτωσὶ
884 2701 1213 2771 διορίζεται·
1239 2699 1310 2776 ’ᾮ
1332 2708 1519 2775 τρόπῳ
1539 2707 1784 2776 βούλεται
1804 2711 1830 2762 ὁ
1848 2711 1947 2778 τὴν

377 2786 612 2842 ἑκάστου
667 2792 772 2861 πρὸ
820 2794 928 2847 τῶν
972 2795 1185 2850 αἰώνων
1237 2798 1482 2867 διορίσας
1535 2801 1680 2872 ζωὴν
1729 2805 1755 2855 ὁ
1792 2804 1944 2868 Θεὸς,

374 2878 603 2934 ἕκαστον
643 2885 780 2952 πρὸς
814 2888 876 2938 τὸ
905 2889 1102 2941 οἰκεῖον
1133 2892 1228 2960 τῆς
1260 2891 1406 2962 ζωῆς
1445 2894 1568 2962 ἄγει
1622 2896 1794 2961 τέλος,
1835 2899 1945 2952 εἴτε

371 2969 605 3038 δίκαιον,
639 2975 746 3027 εἴτε
784 2975 988 3034 ἄδικον,
1024 2982 1132 3033 Καὶ
1165 2983 1321 3035 τοῦτο
1367 2984 1486 3037 ὅλον
1520 2987 1614 3037 καὶ
1653 2989 1814 3057 μόνον
1850 2989 1944 3041 αὐ-

371 3061 468 3112 τοῦ
495 3062 556 3114 τὸ
583 3069 630 3115 κ’
657 3066 774 3119 ἐστὶ
803 3069 1120 3136 κεφάλαιον.
1160 3071 1249 3135 Ὠς
1279 3073 1374 3127 οὖν
1408 3077 1943 3147 προωμολογημὲνου

2047 600 2270 663 tollens,
2309 610 2366 654 ut
2405 603 2588 655 multis
2624 619 2731 672 prae
2774 605 3077 672 ignorantia
3117 605 3395 667 usuvenit,
3433 618 3621 655 verum

2045 699 2105 744 ιιι
2136 691 2248 759 ipse
2280 693 2416 755 vult,
2453 705 2507 747 ut
2550 694 2800 760 ipsemet,
2838 694 3079 763 inquam,
3113 693 3322 748 amatus
3376 693 3620 755 numine,

2045 785 2233 852 utique
2267 785 2437 838 voluit
2471 786 2700 839 revelari
2730 785 2936 850 liberis,
2972 788 3025 839 in
3078 787 3278 854 quibus
3327 785 3428 838 sibi
3475 799 3620 838 0οη)-

2043 875 2268 944 placuit,
2302 891 2424 929 cum
2459 875 2593 946 ipsis
2622 886 3013 946 congruentem
3043 891 3106 930 ex
3143 876 3485 944 philosophia
3514 875 3620 944 pri-

2047 980 2192 1018 mum
2261 967 2473 1021 dederit
2533 976 2879 1036 apparatum.
2936 966 3300 1031 Quamobrem
3361 975 3617 1032 tanquam

2045 1065 2311 1112 tractatus
2340 1059 2430 1114 ille
2459 1058 2552 1113 tibi
2600 1061 2665 1113 ad
2709 1059 2891 1114 omnia
2924 1057 3214 1120 sulfecerit,
3247 1056 3381 1112 nihil
3408 1055 3517 1122 jam
3548 1069 3616 1109 ea
3642 1119 3646 1124 ,

2046 1153 2112 1207 de
2146 1167 2203 1206 re
2235 1159 2692 1207 commentamnr.
2739 1151 2860 1204 Tibi
2911 1158 3118 1215 autem,
3155 1148 3501 1207 charissime,
3554 1146 3620 1200 de

2043 1243 2168 1296 vitae
2207 1243 2459 1296 humana:
2494 1242 2781 1306 limitibus,
2823 1242 2955 1298 satis
3007 1241 3076 1295 sit
3133 1248 3324 1293 contra
3370 1238 3620 1291 adversa-

2047 1333 2158 1387 rios
2189 1332 2374 1386 Basilii
2424 1334 2539 1386 sola
2577 1332 2914 1388 auctoritas:
2943 1331 3046 1385 nisi
3087 1332 3261 1400 possis
3287 1326 3621 1397 argumentis

2044 1422 2164 1476 aliis
2203 1427 2440 1488 vincere,
2472 1429 2524 1476 et
2555 1422 2888 1490 quaestiones
2932 1419 3143 1473 solvere
3176 1435 3190 1471 :
3233 1431 3355 1470 nam
3397 1416 3447 1469 id
3483 1429 3622 1482 preco

2046 1521 2192 1565 stare
2221 1510 2323 1564 hac
2353 1510 2407 1563 in
2460 1524 2516 1563 re
2556 1509 2904 1578 prudentium
2939 1516 3022 1562 est
3055 1525 3069 1561 :
3105 1506 3170 1561 ad
3207 1507 3322 1560 hcec
3350 1507 3515 1560 etiam
3548 1504 3617 1556 ab

2048 1601 2454 1656 institutoribus
2485 1599 2743 1654 Ecclesia:
2786 1600 2869 1654 sic
2904 1599 3080 1654 facere
3125 1597 3309 1668 regula
3352 1596 3621 1649 constitu-

2051 1706 2162 1748 tum
2196 1709 2258 1748 ac
2289 1694 2665 1763 praescriptum
2700 1701 2806 1747 est.
2851 1691 3020 1744 Porro
3051 1692 3116 1745 de
3144 1687 3622 1758 prazdestinatione

2048 1789 2275 1842 solliciet
2303 1787 2400 1840 tibi
2425 1786 2484 1838 Β.
2513 1784 2664 1838 Pauli
2695 1784 3017 1849 auctoritas,
3045 1799 3112 1838 ne
3141 1782 3315 1837 dicam
3350 1779 3516 1834 totius
3537 1793 3621 1831 sa-

2047 1895 2153 1934 crae
2183 1877 2468 1932 doctrinm.
2519 1876 2624 1931 Sed
2672 1876 2875 1930 addens
2921 1871 3166 1932 cumulo,
3207 1879 3367 1939 teque
3413 1867 3466 1920 in
3519 1867 3631 1920 hac

2047 1971 2326 2042 agnitione
2384 1968 2630 2023 veritatis
2674 1967 2937 2037 prmclare
2995 1963 3320 2026 stabiliens,
3379 1973 3622 2029 propono

2047 2077 2299 2130 magnum
2358 2059 2676 2124 Maximum,
2728 2066 2984 2127 tanquam
3039 2053 3390 2110 corollarium
3448 2051 3622 2120 sigillo

2046 2161 2358 2206 sanctorum
2403 2160 2456 2204 et
2495 2150 2830 2204 eruditorum
2864 2147 3238 2216 theologorum
3267 2185 3282 2207 ,
3339 2158 3499 2212 quem
3537 2140 3623 2195 hic

2047 2245 2186 2298 idem
2217 2258 2386 2312 prope
2430 2249 2513 2296 est
2553 2252 2713 2308 atque
2756 2253 2948 2293 omnes
2993 2237 3307 2305 adjungere,
3342 2234 3434 2301 qui
3493 2246 3622 2286 eum

2047 2342 2459 2406 przecessernnt.
2495 2333 2709 2387 Etenim
2737 2332 2920 2400 plures
2949 2331 3038 2385 ille
3065 2328 3354 2383 Centurias
3383 2326 3623 2393 capitum

2048 2425 2296 2494 exposuit
2321 2465 2335 2489 ,
2363 2437 2481 2492 quae
2513 2423 2768 2478 Gnostica
2791 2429 2844 2477 ct
2870 2419 3195 2489 Theologica
3228 2415 3497 2477 inscribit,
3517 2413 3623 2465 alio

2048 2518 2230 2587 capite
2254 2517 2395 2570 aliud
2424 2516 2647 2571 omnino
2673 2501 3056 2583 argumentum
3081 2510 3376 2564 delinicnte
3403 2525 3417 2572 ;
3451 2507 3623 2574 siqui-

2049 2610 2168 2662 dem
2206 2608 2374 2663 veluti
2408 2606 2815 2661 enuntiationes
2860 2620 2922 2659 ac
2953 2603 3215 2658 terminos
3257 2601 3372 2654 haec
3399 2611 3622 2667 compo-

2049 2701 2179 2762 suit,
2207 2710 2265 2752 ut
2296 2700 2423 2754 olim
2470 2698 2828 2768 Hippocrates
2873 2696 3116 2750 celebres
3153 2692 3532 2762 Aphorismos,
3565 2695 3624 2742 et

2049 2791 2374 2844 Ptolemaeus
2407 2790 2632 2858 Carpos.
2669 2787 2834 2858 Igitur
2869 2785 3195 2841 vicesimum
3233 2791 3394 2850 caput
3425 2780 3623 2833 Centu-

2048 2884 2138 2936 riae
2161 2900 2208 2936 IV
2235 2881 2449 2935 Maximi
2475 2882 2553 2935 sic
2578 2879 2900 2935 determinat
2933 2897 2947 2934 :
2982 2878 3101 2944 Quo
3144 2884 3304 2946 pacto
3324 2873 3438 2927 vult
3462 2871 3623 2933 Deus,

2048 2975 2138 3045 qui
2175 2983 2298 3028 ante
2320 2989 2483 3028 omne
2508 2988 2681 3027 aevum
2711 2971 2978 3041 cujusque
2997 2970 3163 3024 vitam
3191 2966 3400 3030 delinit,
3430 2976 3624 3017 unum-

2046 3083 2318 3136 quemque
2351 3067 2416 3120 ad
2465 3065 2744 3136 proprium
2789 3061 2927 3118 vitae
2980 3062 3138 3116 linem
3187 3060 3338 3114 ducit
3377 3057 3492 3112 sive
3537 3052 3625 3122 ju-

373 3156 512 3208 πᾶσι
538 3156 629 3209 τοῦ
663 3162 753 3211 καὶ
801 3162 901 3230 τὴν
929 3162 1076 3233 ζωὴν
1122 3166 1351 3220 ἑκάστου
1381 3167 1744 3238 διωρισμένην
1781 3165 1941 3236 εἶναι,

2047 3167 2213 3223 stum,
2253 3158 2365 3211 sive
2392 3157 2678 3225 injustam.
2709 3155 2774 3207 Et
2805 3153 2908 3208 hoc
2939 3153 3114 3207 solum
3141 3164 3235 3220 per
3259 3157 3430 3203 totum
3463 3147 3625 3212 caput

372 3245 516 3298 κατά
543 3247 636 3300 τὸν
685 3250 896 3318 χρόνον,
933 3253 1028 3306 καὶ
1075 3255 1136 3306 τὸ
1167 3245 1341 3326 πέρας
1395 3258 1588 3327 αὐτῆς,
1637 3261 1945 3324 ἀκολούθως

373 3338 468 3390 καὶ
507 3339 597 3391 τὸν
649 3340 746 3408 τῆς
783 3342 1042 3412 τελευτῆς
1091 3348 1314 3414 τρόπον,
1366 3348 1445 3417 τῷ
1491 3348 1621 3418 θείῳ
1679 3350 1944 3420 θελήματι

374 3429 747 3497 παραδίδωσι·
777 3433 851 3494 ὼς
890 3433 956 3486 ἂν
1006 3436 1100 3488 καὶ
1134 3439 1161 3488 ὀ
1191 3438 1394 3506 τρόπος
1425 3439 1524 3507 τῆς
1570 3440 1826 3507 τελευτῆς
1869 3439 1946 3509 τῷ

376 3520 564 3590 μέτρῳ
598 3521 696 3592 τῆς
738 3524 883 3592 ζωῆς
921 3529 1446 3597 συμπροωρισμὲνος
1575 3531 1680 3600 πρὸ
1710 3532 1944 3595 αίώνων,

373 3611 469 3663 καὶ
497 3611 725 3677 ἕκαστος
750 3615 858 3668 τῶν
887 3617 1194 3687 ἀνθρώπων
1215 3619 1349 3688 πρὸς
1379 3621 1438 3674 τὸ
1463 3621 1560 3690 τῆς
1583 3621 1729 3692 ζωῆς
1759 3622 1946 3691 ἄγοιτο

374 3704 554 3770 τέλος,
593 3706 775 3769 καθὼς
826 3707 894 3760 ἂν
926 3709 1004 3779 τῷ
1051 3709 1171 3780 Θεῷ
1215 3712 1418 3778 δόξειεν
1461 3713 1662 3765 οἰκεῖον
1709 3712 1845 3767 εἶναι
1880 3717 1944 3786 τῇ

371 3796 610 3851 ἐνταῦθα
641 3799 833 3852 τούτου
861 3801 994 3869 ζωῇ,
1028 3805 1123 3855 κοιλ⁸
1149 3806 1213 3873 τῇ
1255 3803 1373 3873 μετ’
1399 3804 1568 3875 αὐτὴν
1597 3805 1946 3879 διαδεξομένῃ

376 3892 733 3953 καταστάσει,
779 3894 963 3946 καὶτὸ
1010 3895 1234 3959 δικαίως
1278 3897 1666 3967 ἀποθνήσκειν,
1695 3899 1803 3950 εἴτε
1836 3900 1950 3952 ἀδί-

378 3998 514 4044 κως,
546 3985 639 4035 καὶ
691 3983 798 4037 εἴτε
845 3987 968 4048 τοὺς
1001 3987 1223 4050 δικαίως
1266 3988 1534 4058 βιοῦντας,
1578 3991 1688 4042 εἴτε
1725 3990 1945 4056 ἀδίκως,

377 4071 457 4141 τῷ
501 4073 720 4145 ποικίλῃ
759 4093 814 4126 τε
845 4076 935 4128 καὶ
968 4079 1228 4147 πανσὸφῳ
1269 4078 1363 4131 τοῦ
1411 4078 1544 4132 Θεοῦ
1594 4081 1722 4149 περὶ
1756 4080 1949 4133 ἐκατέ-

379 4181 510 4234 ρους
542 4155 720 4234 κρίσει
759 4166 890 4238 μόνῃ
936 4169 1226 4239 προσήκει.
1269 4169 1453 4224 Ταῦτα
1485 4171 1541 4224 δὲ
1581 4173 1754 4244 Δἡμεῖς
1787 4172 1946 4244 εὐρύ·

376 4232 536 4321 τερον
569 4232 1007 4324 διειλόμεοοίοὺκ
1035 4232 1278 4331 οἴκοθεν,
1298 4261 1435 4313 ἀλλὰ
1462 4232 1784 4332 ταϊςδίεραίς
1816 4232 1948 4314 ἀκο-

375 4345 695 4410 λουθοῦντες
739 4349 1002 4418 Γρατραῖς.
1078 4351 1138 4405 '0
1181 4353 1236 4406 δὲ
1297 4354 1638 4425 φερωνύμως
1694 4353 1949 4422 μέγιστος

377 4434 535 4500 οὗτος
570 4439 670 4508 τῆς
706 4441 1035 4512 Ἐκκλητίας
1087 4444 1406 4510 διδάσκαλος
1459 4447 1520 4500 τὸ
1570 4448 1949 4516 συμπέρασμα

379 4530 707 4600 προστίθησι
763 4533 920 4600 μόνον
945 4549 960 4563 ·
992 4535 1181 4606 ὥσπερ
1223 4538 1527 4605 νομοθετῶν
1558 4539 1719 4608 ἔχεις,
1753 4534 1798 4593 ὦ
1829 4540 1949 4607 φίλ-

380 4640 532 4697 urg,
584 4626 680 4679 καὶ
710 4625 900 4680 τοῦτον
933 4628 1090 4699 ἡμῶν
1130 4631 1194 4682 ἐκ
1237 4632 1335 4698 τῆς
1379 4633 1609 4701 ἡσυχίας
1651 4632 1742 4684 τὸν
1767 4629 1945 4697 λόγον.

379 4713 597 4769 Μᾶλλον
628 4715 685 4769 δὲ
714 4719 740 4769 ὁ
783 4720 953 4787 μέγας
979 4719 1090 4790 ἔχει
1121 4720 1422 4788 Βασίλειος,
1456 4722 1551 4776 καὶ
1579 4725 1606 4776 ὁ
1639 4721 1737 4794 τὴν
1769 4721 1949 4791 ψυχὴν

378 4805 593 4878 ἐκείνην
629 4807 891 4878 φωτίσας,
923 4803 967 4878 ᾧ
1005 4813 1040 4883 ἡ
1070 4811 1195 4880 δόξα
1223 4814 1303 4878 είς
1333 4815 1458 4878 τοὺς
1487 4813 1706 4877 αἰῶνας.
1750 4813 1944 4884 Ἀμήν.

2047 3271 2117 3310 xx
2149 3261 2427 3306 tractatur.
2455 3251 2660 3319 Itaque,
2684 3250 2862 3319 posito
2897 3245 3038 3314 quod
3076 3244 3129 3296 in
3157 3239 3406 3295 confesso
3434 3246 3519 3293 est
3574 3247 3622 3293 et

2051 3350 2116 3404 ab
2140 3347 2393 3403 omnibus
2421 3357 2545 3400 ante
2574 3357 2924 3402 concessum,
2957 3339 3123 3392 vitam
3154 3336 3416 3389 nimirum
3439 3333 3624 3402 cujus-

2049 3456 2153 3509 que
2193 3438 2608 3494 determinatam
2640 3432 3129 3502 praescriptamque
3159 3441 3279 3480 esse
3311 3423 3619 3478 secundum

2049 3539 2263 3599 tempus
2294 3536 2349 3582 et
2412 3527 2570 3581 linem
2603 3525 2722 3594 ejus
2751 3539 2766 3587 ;
2803 3526 3197 3586 consequenter
3229 3515 3393 3569 etiam
3434 3513 3625 3565 interi-

2050 3631 2137 3676 tus
2171 3620 2386 3674 modum
2427 3618 2626 3672 divinae.
2658 3610 2922 3668 voluntati
2964 3608 3164 3672 tradit;
3215 3615 3271 3658 ut
3316 3603 3512 3657 modus
3543 3602 3623 3656 iu-

2051 3713 2244 3767 teritus
2292 3709 2455 3766 simul
2499 3723 2620 3763 cum
2661 3705 2782 3758 vitre
2831 3699 3051 3754 modulo
3087 3695 3502 3767 praedestinatus
3553 3694 3624 3746 sit

2049 3815 2176 3859 ante
2222 3801 2441 3864 saecula,
2474 3808 2529 3853 et
2563 3796 2794 3868 quisque
2837 3791 3113 3847 hominum
3154 3787 3218 3842 ad
3264 3787 3387 3840 vitm
3415 3784 3623 3840 exitum

2049 3897 2172 3951 duci
2201 3894 2405 3962 possit;
2427 3887 2886 3961 quemadmodum
2914 3885 3022 3937 Deo
3045 3880 3321 3936 videretur
3344 3877 3621 3946 proprium

2048 4004 2169 4044 esse
2198 3987 2314 4055 ejus
2345 3984 2470 4040 vita:
2514 3997 2632 4053 qua!
2680 3980 2768 4034 hic
2818 3977 3048 4046 degitur,
3085 3981 3138 4028 et
3173 3969 3340 4027 statui
3378 3968 3470 4040 qui
3505 3976 3634 4036 post

2051 4078 2197 4132 illam
2234 4073 2530 4131 succedet:
2562 4079 2615 4125 et
2643 4070 2792 4140 juste
2841 4066 2978 4120 mori
3039 4065 3154 4121 sive
3204 4062 3456 4131 injuste:
3494 4056 3623 4109 item

2049 4185 2144 4224 seu
2167 4168 2313 4236 juste
2339 4167 2606 4228 viventes,
2638 4177 2732 4217 seu
2760 4159 2966 4229 inique,
3019 4153 3303 4222 multiplici
3333 4161 3386 4206 et
3410 4146 3626 4218 sapien-

2051 4259 2262 4312 tissimo
2299 4256 2388 4309 Dei
2421 4254 2624 4324 judicio
2656 4250 2756 4306 soli
2795 4247 3069 4319 congruit.
3120 4243 3244 4298 "me
3296 4249 3478 4296 autem
3528 4251 3626 4291 nos

2047 4347 2216 4402 latius
2241 4345 2638 4405 enarravimus,
2668 4355 2774 4394 non
2807 4354 2870 4394 ex
2898 4337 3140 4407 ingenio,
3167 4337 3258 4389 sed
3289 4330 3626 4386 convenien-

2053 4449 2134 4494 ter
2183 4438 2402 4492 Litteris
2437 4435 2626 4489 sacris.
2683 4431 2878 4486 Verum
2914 4429 3186 4483 maximus
3221 4426 3312 4478 hic
3362 4421 3625 4475 Ecclesia:

2051 4507 2241 4585 doctor
2275 4537 2424 4581 tanto
2455 4526 2670 4580 nomine
2717 4523 2936 4589 dignus,
2973 4515 3376 4572 conclusionem
3412 4520 3620 4564 tantdm

2049 4621 2312 4690 adjungit,
2357 4617 2514 4686 quasi
2570 4615 2743 4684 legem
2805 4610 3078 4665 sanciens.
3117 4603 3225 4670 Tu,
3266 4601 3618 4663 charissime,

2047 4715 2206 4770 etiam
2240 4713 2386 4786 hunc
2409 4725 2438 4763 a
2475 4707 2629 4762 nobis
2655 4721 2718 4759 ex
2747 4704 2858 4759 otio
2890 4712 3198 4757 sermonem
3236 4695 3407 4749 habes
3438 4710 3452 4750 :
3491 4692 3622 4759 quin

2046 4807 2228 4876 potius
2257 4784 2498 4872 magnus
2526 4798 2685 4851 habet
2716 4793 2970 4857 Basilius,
2994 4797 3046 4845 et.
3077 4789 3167 4858 qui
3204 4792 3439 4840 mentem
3476 4784 3620 4836 illam

2047 4895 2362 4960 illustravit,
2393 4892 2481 4949 cui
2512 4888 2682 4962 gloria
2719 4887 2773 4942 in
2809 4897 2969 4941 omne
2999 4894 3196 4938 terum.
3271 4879 3465 4931 Amen.
