4170 6294
450 394 566 461 569

1519 391 1617 452 DE
1651 392 1802 455 Ι)Εο
1857 392 1938 452 ΙΝ
1973 389 2404 451 TRINITATE
2439 393 2611 454 ΗΝΘ.
2691 418 2696 422 ”

3594 397 3700 460 570

454 515 748 574 στεύοντας
781 511 1009 578 πλάνην,
1042 508 1135 572 οὓς
1165 509 1231 563 ἂν
1272 509 1542 564 αἴσθοιντο
1582 512 1716 580 πρὸς
1742 510 1834 564 τὸν
1863 511 2026 564 αὑτὸν

2142 516 2190 561 tu
2239 509 2378 564 idem
2434 510 2563 565 ferri
2604 511 2996 582 praecipitium,
3029 514 3171 584 apud
3216 527 3412 570 omnes
3441 513 3700 584 pietatem

448 608 635 668 αὐτοῖς
686 603 932 674 κρημνὸν
977 602 1266 672 φέρεσθαι,
1319 601 1457 672 πρὸς
1494 603 1738 664 ἅπαντας
1775 602 2018 655 εὐσεϐεῖν

448 694 922 766 προσποιοῦνται,
975 694 1070 745 καὶ
1124 693 1339 763 γλώττῃ
1393 694 1492 762 μὲν
1537 694 1858 763 ὁμολογοῦσι
1906 696 2018 757 τοῖς

448 789 632 849 ἄλλοις
676 788 814 838 πᾶσι
838 784 972 836 Θεὸν
1004 779 1143 837 εῖναι
1167 823 1181 846 ,
1235 787 1298 854 τῇ
1343 785 1400 837 δὲ
1450 785 1648 855 καρδίᾳ⁹
1688 785 1782 838 τὸν
1811 783 1885 837 ἰὸν
1919 785 2018 853 τῆς

447 878 766 949 ἀφρυσύνης
799 876 1192 947 ὲγκρύπτουσι,
1222 877 1303 929 διὸ
1333 877 1426 931 καὶ
1454 877 1704 945 μένουσιν
1735 879 2028 948 ἀνιάτρευο

446 986 564 1023 τοι·
607 970 716 1022 οὐδ’
750 970 807 1020 έν
843 971 906 1036 τῇ
947 967 1156 1036 διανοίᾳ.
1203 967 1294 1018 τὸν
1337 967 1586 1020 τοιοῦτον
1634 969 1734 1038 τῆς
1762 969 2018 1032 ἀσεῦείας

447 1060 763 1131 ἀθροίζουσι
798 1058 1077 1126 λογισμὸν,
1129 1058 1316 1128 πόρρω
1351 1060 1458 1127 γὰρ
1492 1059 1729 1122 διανοίας
1777 1057 1954 1122 οὓτως
1991 1061 2020 1112 ό

448 1156 630 1217 τόκος,
665 1150 778 1205 ἀλλ’
811 1152 870 1203 ἐν
916 1153 980 1220 τῇ
1013 1150 1204 1220 καρδίᾳ
1241 1152 1340 1218 τὴν
1385 1150 1577 1204 ἀθεῖαν
1607 1149 1880 1214 ὠδίνουσι,
1926 1153 2019 1222 τῆς

453 1245 593 1315 πρὸς
625 1245 723 1313 τὴν
759 1242 1014 1312 αἴσθησιν
1048 1243 1141 1294 καὶ
1171 1241 1269 1310 τὴν
1303 1241 1434 1310 ὓλην
1467 1243 1813 1312 ἀλογωτάτης
1848 1243 2022 1313 ῥοπῆς

450 1335 622 1399 αὐτὴν
654 1332 1071 1403 ένσπειρούσης.
1115 1333 1178 1385 Εἰ
1205 1331 1312 1401 γὰρ
1337 1331 1550 1404 διανοίᾳ
1580 1335 1672 1385 καὶ
1700 1333 1841 1400 λόγῳ
1872 1334 2023 1402 χρῆ-

453 1425 580 1477 σθαι
602 1423 887 1493 ἠδύναντο,
920 1421 1238 1492 δυνηθέντες
1266 1421 1330 1476 ἂν
1376 1423 1559 1486 εὐθὺς,
1595 1423 1712 1491 εἴγε
1766 1425 1861 1478 καὶ
1894 1425 2022 1493 βου-

449 1517 701 1584 λομένοις
729 1509 798 1585 ἦν
826 1514 1015 1585 ἁπάσῃ
1043 1513 1246 1584 σπουδῇ
1277 1513 1340 1566 τὸ
1368 1513 1504 1566 Θεὸν
1530 1508 1692 1579 εἶναι,
1721 1517 1812 1568 καὶ
1845 1515 2024 1582 φωτὸς

449 1603 521 1678 ἦν
547 1607 612 1660 ἂν
638 1607 820 1669 αὐτοῖς
848 1605 1264 1673 ἐναργέστερον,
1311 1605 1407 1657 καὶ
1451 1605 1550 1658 ὅσα
1600 1604 1697 1674 τῆς
1735 1605 2021 1669 εὐσεϐείας

450 1697 708 1751 ἐντεῦθεν
740 1697 951 1766 ἀνίσχει
980 1696 1264 1764 δόγματα’
1317 1694 1477 1750 mra
1527 1696 1626 1765 μὲν
1655 1697 1752 1758 τὰς
1790 1696 1898 1752 τῶν
1931 1713 2022 1750 σο-

451 1792 575 1857 φῶν
626 1787 867 1850 διανοίας
915 1787 1332 1856 καταλάμπουσι
1380 1785 1475 1839 τοῦ
1521 1786 1657 1840 Θεοῦ
1701 1787 1862 1856 ἔργα,
1910 1791 2025 1851 τοῖς

452 1881 672 1942 πολλοῖς
723 1877 992 1947 ἀνέφικτα
1043 1877 1402 1948 καθορᾶσθαι,
1453 1877 1734 1947 παρείσθω
1777 1878 1892 1945 νῦν,
1935 1881 2026 1947 ἐγ-

450 1974 686 2042 κείμενα
717 1971 774 2024 δὲ
802 1973 914 2033 τοῖς
939 1969 1117 2023 αὐτῶν
1145 1969 1391 2038 βιϐλίοις,
1424 1967 1604 2033 ἔξεστι
1641 1969 1718 2040 τῷ
1741 1971 2026 2041 δυναμένῳ

451 2077 512 2112 τε
544 2060 640 2112 καὶ
670 2058 979 2128 βουλομένῳ
1008 2057 1214 2127 ζητεῖν,
1245 2056 1304 2121 ἐξ
1331 2051 1407 2112 ὧν
1437 2059 1518 2112 ὅτι
1548 2076 1606 2112 τε
1633 2059 1844 2130 ἀνάγκη
1878 2063 2028 2115 πᾶσα

449 2151 548 2205 τὸν
583 2151 714 2203 Θεὸν
747 2144 912 2213 εἶναι,
960 2151 1058 2202 καὶ
1107 2149 1182 2212 ὡς
1233 2148 1500 2202 ἀδύνατον
1536 2150 1606 2203 ἂν
1649 2150 1723 2221 μὴ
1755 2147 1893 2205 εἶναι
1933 2153 2027 2205 καὶ

455 2244 603 2314 πέρα
626 2242 827 2303 παντὸς
849 2242 1116 2295 ἀδυνάτου
1147 2280 1165 2306 ,
1199 2241 1495 2295 δείκνυται.
1537 2241 1812 2312 Παρίεμεν
1843 2242 1898 2294 δὲ
1935 2245 2030 2301 καὶ

454 2335 559 2406 τὴν
590 2334 776 2406 κοινὴν
808 2334 1068 2389 ἁπάντων
1101 2333 1408 2404 ἀνθρώπων
1439 2333 1618 2402 δόξαν,
1650 2333 1794 2404 μέγα
1820 2353 1870 2390 τι
1894 2339 2031 2408 πρὸς

454 2430 558 2495 τὴν
591 2428 854 2497 ἀλήθειαν
882 2427 1214 2498 δυναμένην,
1257 2429 1416 2497 εἴπερ
1451 2428 1607 2486 οὐδέν
1646 2431 1795 2482 ἐστιν
1836 2429 2032 2498 ἀληθέ-

457 2537 653 2587 στερον
680 2520 789 2572 τῶν
839 2520 1000 2588 φύσει
1045 2521 1213 2572 πᾶσιν
1244 2519 1603 2588 ἐγνωσμένων
1633 2519 1814 2590 ἀρχῶν
1835 2536 1850 2551 ο
1889 2519 2031 2588 πλὴν

457 2612 572 2680 γὰρ
604 2611 900 2680 ἐλαχίστων
955 2610 1099 2662 πάνυ
1147 2611 1258 2662 τῶν
1311 2610 1432 2662 λίαν
1479 2611 1919 2678 ἀφρονεστάτων,
1955 2613 2032 2673 ὡς

461 2702 707 2771 εἴρηται,
743 2701 875 2754 Θεὸν
908 2701 1108 2763 πάντες
1133 2700 1372 2753 έτίθεντό
1391 2717 1451 2753 τε
1474 2703 1570 2754 καὶ
1601 2701 1859 2765 τίθενται,
1891 2700 2031 2754 ὥστε

458 2795 559 2846 καὶ
591 2794 652 2845 τὸ
681 2792 735 2844 τί
765 2786 834 2862 ἦν
867 2787 1004 2845 εῖναι
1043 2793 1138 2845 καὶ
1163 2791 1278 2854 πῶς
1311 2787 1451 2844 εἶναι
1481 2791 1666 2844 τοῦτον
1704 2791 2033 2860 ἐπιζητῆσαι

461 2885 794 2952 θελήσαντες
821 2883 910 2936 διὰ
947 2883 1050 2950 τὴν
1080 2885 1139 2934 ὲν
1173 2883 1380 2946 τούτοις
1407 2884 1750 2952 δυσχέρειαν,
1783 2882 1858 2944 ὡς
1885 2883 2028 2947 εἰκός

459 2975 584 3028 ἐστι
607 2976 736 3044 περὶ
763 2974 898 3027 Θεοῦ
930 2976 1344 3042 σκοπουμένοις,
1377 2976 1456 3038 είς
1485 2976 1774 3043 διαφόρους
1799 2991 1929 3028 κατε
1939 2993 2037 3043 με-

463 3065 734 3137 ρίσθησαν
765 3065 1041 3136 ἄνθρωποι
1089 3065 1248 3128 δόξας
1295 3066 1388 3120 καὶ
1436 3066 1537 3133 τῆς
1570 3065 1845 3134 προτέρας
1883 3066 2031 3134 ὅμως

2133 598 2393 654 simulant
2430 609 2485 656 et
2510 601 2692 672 lingua
2723 603 2946 672 quiritant
2978 619 3083 658 una
3112 619 3240 659 cum
3279 605 3497 659 caeteris
3522 604 3701 659 omni-

2131 688 2237 746 bus
2260 691 2427 745 Dcum
2454 708 2577 748 esse
2609 693 2962 760 conﬁtentur,
3018 696 3074 750 in
3114 696 3280 750 corde
3312 709 3445 752 vero
3471 695 3702 751 insaniat
3771 761 3784 773 '

2132 797 2400 837 venenum
2437 785 2748 840 abstrusum
2787 787 3059 854 retinent;
3106 795 3269 857 atque
3304 789 3429 842 ideo
3479 797 3703 844 manent

2143 875 2498 932 insanabiles.
2544 877 2614 931 At
2646 893 2818 945 neque
2845 887 3026 934 mente
3057 888 3213 934 tenus
3241 880 3372 934 illud
3405 879 3701 948 impietatis

2133 967 2426 1037 cogitatum
2482 969 2584 1024 sibi
2643 971 2954 1035 conferunt,
3013 972 3211 1042 quippe
3267 973 3358 1040 qui
3406 972 3616 1028 alienus
3668 987 3698 1026 a

2144 1068 2327 1113 mente
2363 1059 2529 1117 foetus
2561 1060 2704 1129 iste;
2745 1062 2837 1117 sed
2888 1065 2940 1117 in
2985 1065 3148 1118 corde
3176 1065 3506 1119 atheismum
3535 1079 3705 1132 gene-

2134 1158 2281 1208 rant.
2320 1161 2645 1222 conceptum
2695 1154 2906 1208 scilicet
2948 1171 3009 1208 ex
3065 1155 3444 1210 amentissime
3489 1155 3581 1209 illo
3630 1154 3699 1209 ad

2135 1241 2422 1297 sensibiles
2451 1252 2800 1314 terrenasque
2844 1260 2932 1300 res
2971 1247 3198 1316 impetu.
3235 1245 3372 1299 Nam
3436 1246 3482 1300 si
3517 1253 3703 1300 mente

2135 1331 2346 1400 possint
2388 1347 2450 1388 ac
2493 1336 2706 1390 ratione
2763 1337 2868 1402 uti,
2919 1339 3063 1408 quod
3096 1346 3245 1393 certe
3279 1337 3438 1392 facile
3478 1343 3704 1406 possent

2133 1420 2262 1474 dum
2304 1421 2451 1476 omni
2503 1424 2683 1478 studio
2712 1424 2883 1480 Deum
2911 1441 3030 1482 esse
3061 1427 3251 1490 velint,
3285 1427 3401 1496 ipsa
3429 1427 3554 1481 luce
3579 1425 3696 1479 cla-

2132 1512 2250 1568 rius
2299 1521 2352 1567 et
2399 1513 2584 1569 divina
2619 1517 2820 1570 veritas
2862 1526 2918 1570 et
2949 1527 3303 1586 quotcunque
3343 1519 3408 1571 ad
3442 1519 3701 1586 pietatem

2144 1605 2274 1660 inde
2317 1605 2586 1675 prodeunt
2613 1607 2863 1676 dogmata
2900 1609 3010 1664 illis
3055 1609 3401 1680 eﬁ‘ulgerent.
3435 1610 3607 1662 Porro
3635 1622 3700 1661 ea

2135 1696 2354 1766 quidem
2405 1697 2498 1752 Dei
2529 1712 2694 1767 opera
2734 1713 2856 1766 quae
2888 1700 3196 1755 doetiorum
3256 1707 3471 1754 mentes
3500 1698 3704 1752 illumi-

2134 1799 2291 1853 nant,
2315 1789 2462 1858 vulgi
2495 1805 2623 1844 vero
2661 1791 2838 1846 oculis
2870 1801 2997 1846 sunt
3032 1792 3342 1858 inaccessa,
3367 1791 3514 1860 quod
3557 1803 3704 1843 nunc

2131 1889 2236 1943 est,
2290 1889 2710 1948 praetereamus;
2779 1883 2982 1937 atenim
3037 1897 3160 1951 quae
3213 1884 3266 1936 in
3321 1895 3507 1938 eorum
3550 1880 3702 1934 libris

2133 1979 2506 2023 memorantur
2528 1971 2704 2025 cuivis
2726 1972 2919 2027 idoneo
2943 1987 3006 2027 ac
3029 1973 3229 2028 volenti
3253 1973 3380 2027 licet
3403 1971 3702 2039 inquirere,

2137 2061 2279 2115 unde
2317 2061 2727 2119 demonstratur
2772 2071 2828 2117 et
2859 2078 3085 2120 necesse
3117 2065 3342 2118 omnino
3367 2077 3490 2118 esse
3532 2062 3703 2116 Deum

2137 2153 2403 2210 exsistere
2420 2165 2473 2210 et
2491 2173 2654 2226 supra
2687 2173 2845 2226 quam
2872 2156 2980 2212 dici
3009 2164 3188 2226 potest
3213 2155 3548 2226 impossibile
3579 2161 3706 2209 eum

2140 2259 2250 2298 non
2281 2259 2426 2300 esse.
2481 2244 2586 2300 Sed
2622 2257 2676 2300 et
2726 2248 2872 2301 illam
2955 2250 3310 2313 praetermitto
3357 2260 3703 2301 communem

2135 2334 2386 2390 omnibus
2464 2336 2776 2392 hominibus
2827 2338 3350 2407 sententiam,qu:e
3416 2352 3526 2390 non
3587 2352 3705 2391 mo-

2139 2425 2318 2480 dicum
2356 2443 2451 2496 pro
2481 2431 2710 2482 veritate
2743 2429 2907 2495 ralet;
2933 2429 3202 2498 siquidem
3241 2429 3524 2499 principiis
3546 2435 3708 2482 natu—

2139 2519 2326 2571 raliter
2357 2519 2497 2586 apud
2535 2533 2726 2574 omines
2760 2521 3002 2588 acceptis
3054 2520 3190 2572 nihil
3229 2519 3528 2589 quidquam
3582 2533 3706 2572 eer-

2138 2608 2266 2662 tius.
2314 2606 2474 2674 Nam,
2522 2616 2582 2662 ut
2615 2607 2877 2674 diximus,
2916 2619 3108 2678 przeter
3143 2624 3304 2676 quam
3349 2611 3712 2680 paucissimos

2136 2700 2427 2755 admodum
2460 2699 2796 2756 insanientes
2817 2745 2832 2767 ,
2872 2701 3038 2755 Deum
3070 2718 3261 2759 omnes
3291 2710 3626 2772 agnoverunt
3654 2710 3712 2756 et

2135 2806 2431 2862 agnoscunt
2449 2809 2464 2858 ;
2485 2791 2558 2846 ita
2583 2807 2773 2860 nempe
2795 2801 2850 2846 ut
2873 2807 2991 2846 cum
3011 2795 3129 2861 ejus
3141 2796 3430 2850 essentiam
3445 2806 3496 2847 et
3521 2792 3710 2846 modos

2136 2883 2418 2952 explorare
2441 2885 2786 2950 tentaverint,
2803 2899 2984 2939 rerum
3003 2885 3313 2940 didicultate
3331 2884 3522 2954 pressi,
3541 2894 3597 2939 ut
3613 2899 3712 2952 par

2133 2981 2219 3028 est
2243 2973 2310 3026 de
2335 2971 2459 3026 Deo
2475 2973 2911 3041 speculantibus,
2946 2974 3000 3028 in
3024 2991 3198 3030 varias
3231 2976 3366 3028 varii
3405 2974 3712 3029 divisisunt

2140 3065 2448 3131 opiniones;
2482 3079 2580 3119 nec
2606 3074 2784 3120 tamen
2809 3081 2836 3118 a
2861 3067 3028 3134 priori
3049 3067 3519 3136 communiorique
3543 3079 3708 3120 sensu

463 3157 564 3210 καὶ
619 3157 932 3226 κοινοτέρας
982 3157 1082 3210 οὐκ
1130 3159 1457 3225 ἀφίστανται
1510 3157 1736 3220 θέσεως.
1783 3156 2032 3226 Θαύματι

2142 3154 2420 3224 hucusque
2455 3156 2734 3211 deliciunt.
2768 3157 2933 3226 Atqui
2967 3157 3312 3211 admirationi
3340 3157 3623 3225 indulgent
3653 3163 3709 3208 et

466 3249 572 3317 μὲν
617 3244 711 3302 οὖν
765 3249 1120 3317 ἀσμενίζουσι
1178 3248 1272 3301 καὶ
1338 3249 1664 3318 κατέχουσιο
1715 3248 1777 3300 τὸ
1809 3249 1919 3316 γὰρ
1962 3248 2036 3316 μὴ

463 3341 727 3395 δύνασθαι
777 3341 855 3411 τῷ
902 3341 1134 3409 ὲμφύτῳ
1184 3341 1329 3409 λόγῳ
1378 3341 1666 3393 κατανοεῖν
1700 3340 1871 3392 ταῦτα
1909 3340 2036 3409 περὶ

465 3430 626 3497 Θεοῦ,
683 3432 818 3502 μηδὲ
876 3434 990 3495 τοῖς
1033 3432 1194 3499 φύσει
1250 3431 1671 3500 γινωσκομένοις
1721 3431 1816 3484 καὶ
1867 3429 2038 3484 ταῦτα

468 3524 734 3594 σύστοιχα
761 3521 922 3590 εἶναι,
955 3524 1049 3578 τοῦ
1089 3525 1223 3578 Θεὸν
1253 3521 1394 3579 εῖναι
1427 3524 1703 3578 ποιοῦνται
1741 3525 1883 3594 μέγα
1910 3540 2040 3576 τεκ-

471 3621 709 3687 μήριον,
766 3618 922 3689 εῐπερ
969 3621 1034 3687 τῇ
1085 3618 1182 3670 τοῦ
1227 3617 1360 3670 Θεὸν
1409 3613 1548 3670 εἶναι
1599 3617 1780 3685 ἐννοίᾳ
1829 3616 1892 3669 τὸ
1939 3615 2040 3685 τὴν

467 3711 662 3764 οὐσίαν
699 3711 866 3764 αὐτοῦ
915 3711 990 3780 νῷ
1033 3727 1094 3764 τε
1124 3710 1362 3780 ἄληπτον
1392 3707 1531 3762 εἶναι
1571 3709 1666 3762 καὶ
1696 3707 1908 3776 γλώττῃ
1943 3708 2043 3777 ἄῤ-

471 3806 659 3875 ῥητον,
689 3805 869 3873 σοφῶς
907 3803 1046 3857 πάνυ
1078 3804 1172 3856 καὶ
1198 3802 1412 3864 οἰκείως
1447 3801 1766 3855 ἀκολουθεῐο
1797 3800 1917 3852 οὐδὲ
1941 3801 2042 3862 τὰς

472 3895 658 3949 θεόθεν
689 3895 1063 3964 ἀποκαλύψεις
1109 3896 1209 3963 τῆς
1257 3900 1385 3963 περὶ
1415 3894 1579 3945 αὐτὸν
1611 3892 1867 3959 ἀληθείας
1900 3892 2045 3944 τίθε-

473 4002 579 4056 μεν
614 3985 733 4053 νῦν,
768 4003 904 4056 προς
935 4003 998 4054 γε
1029 3986 1128 4055 τὴν
1170 3987 1361 4055 χρείαν
1393 3985 1486 4037 τοῦ
1528 3985 1637 4038 τῶν
1670 3983 2043 4054 άφρονευομέ-

470 4094 579 4131 νων
607 4079 854 4148 ἐλέγχου,
879 4079 998 4130 λίαν
1023 4078 1238 4140 οἰκείως
1269 4076 1552 4146 προϊόντος
1579 4073 1671 4128 τοῦ
1698 4075 1879 4143 λόγου,
1906 4075 2043 4143 πρὸς

475 4169 670 4239 ἑτέραν
720 4169 908 4238 χρείαν
958 4168 1424 4238 παραληψόμενοι.
1469 4165 1610 4219 Ἀλλ’
1650 4167 1775 4219 ἐπεὶ
1816 4165 1948 4220 Θεὸν
1981 4166 2040 4217 ού

476 4260 790 4328 νομίζοντες
825 4257 962 4312 εἶναι
995 4262 1094 4329 τήν
1144 4277 1205 4312 τε
1239 4259 1347 4312 τῶν
1397 4259 1567 4311 ὄντων
1617 4256 1901 4326 ἀναιροῦσι
1953 4257 2046 4326 δη-

480 4352 771 4420 μιουργίαν
810 4354 902 4406 καὶ
949 4352 1049 4421 τὴν
1097 4353 1175 4414 είς
1207 4351 1383 4410 πάντα
1432 4349 1604 4403 ταῦτα
1653 4349 2041 4418 διατρέχουσαν

471 4443 570 4495 τοῦ
611 4443 960 4513 Δημιουργοῦ
989 4446 1265 4513 πρόνοιαν,
1300 4443 1604 4505 ἀκολούθως
1635 4445 1700 4510 τῇ
1734 4442 2044 4510 ὲνταθείσῃ,

478 4535 667 4595 αὺτοῖς
699 4535 754 4586 ὲν
781 4534 856 4602 τῷ
887 4536 1052 4587 παντὶ
1079 4534 1214 4602 τῷδε
1245 4533 1398 4598 τάξει
1425 4533 1516 4585 καὶ
1539 4532 1861 4601 αὐτομάτως
1894 4531 1962 4584 τά
1989 4547 2050 4583 τε

475 4633 608 4686 ὅντα
648 4623 786 4680 εἶναι
838 4629 908 4680 τά
957 4643 1014 4677 τε
1067 4625 1331 4692 γινόμενα
1377 4623 1628 4692 γίνεσθαι
1676 4623 1900 4684 οἴονται,
1954 4623 2050 4674 καὶ

481 4721 628 4782 ἄπας
660 4717 817 4780 ἄλλος
858 4716 1030 4782 ἐσμὸς
1069 4715 1160 4766 τοῦ
1192 4713 1420 4782 ψεύδους
1465 4712 1716 4766 ἐντεῦθεν
1744 4710 2048 4775 ἀκολουθεῖ,

477 4814 642 4882 ἀρκεῖ
689 4809 827 4878 πρὸς
873 4809 971 4876 τὴν
1026 4807 1309 4877 παροῦσαν
1361 4805 1552 4874 χρείαν
1605 4805 1874 4857 πυθέσθαι
1905 4803 2046 4866 τινὸς

477 4904 660 4959 αὐτῶν
686 4903 832 4957 ἁπλᾶ
854 4918 975 4952 τινα
998 4902 1091 4954 καὶ
1121 4899 1258 4951 πάνυ
1291 4897 1497 4968 βραχέα
1529 4898 1659 4966 περὶ
1689 4897 1856 4950 αὑτοῦ
1890 4895 2048 4963 μόνου

481 4995 574 5048 καὶ
636 4994 796 5062 μόνον
848 4992 1009 5044 αὑτὸν
1059 4991 1282 5058 ἔλεγχον
1332 4990 1428 5057 τῆς
1484 4989 1688 5052 οἰκείας
1737 4986 2050 5056 ἀφροσύνης

483 5088 894 5158 προστήσασθαι
944 5083 1254 5150 ὲξ¹όλίγων
1283 5101 1340 5135 τε
1382 5084 1472 5135 καὶ
1506 5081 1905 5153 φανερωτάτων
1943 5079 2050 5131 τῶν

481 5179 614 5248 περὶ
642 5177 808 5230 αὑτὸν
844 5175 1210 5245 φαινομένων.

558 5353 847 5422 ’Ἄνθρωπε
869 5391 883 5415 ,
916 5352 978 5405 σὺ
1009 5353 1116 5404 τῶν
1144 5353 1318 5406 ἄλλων
1345 5354 1403 5406 ὲι
1447 5353 1516 5420 γῇ
1553 5350 1891 5420 πραγμάτων
1923 5366 2053 5416 προ-

493 5448 637 5516 έχεις
672 5448 736 5514 τῇ
779 5444 940 5512 φύσει
972 5444 1255 5513 προδήλοις
1289 5446 1382 5497 καὶ
1413 5445 1510 5511 τῆς
1548 5443 1651 5511 γῆς
1697 5443 1896 5509 αὖτῆςο
1951 5441 2054 5508 γῆς

493 5537 592 5606 μὲν
623 5537 948 5606 ὑπέρκεισαι
983 5537 1078 5588 καὶ
1127 5535 1273 5588 λίθου
1303 5537 1414 5597 τοῖς
1459 5537 1518 5587 έν
1568 5534 1652 5586 σοὶ
1697 5535 1830 5586 πᾶσι
1870 5533 2054 5596 καλοῖς

487 5625 588 5692 τῆς
627 5624 864 5692 φύσεως,
901 5623 1248 5694 σωματότητι
1285 5623 1421 5694 μόνῃ
1469 5623 1678 5687 τούτοις
1725 5624 2009 5691 ὲνούμενος
2035 5637 2050 5653 ο

487 5715 582 5766 καὶ
623 5715 688 5767 σὺ
724 5714 832 5783 γὰρ
869 5712 1030 5781 σῶμα
1063 5713 1400 5782 περίκειται,
1444 5712 1574 5764 εἰδὲ
1606 5710 1808 5780 βούλει,
1852 5709 1945 5762 καὶ
1976 5707 2054 5776 τῷ

492 5801 630 5859 εἶναι
659 5805 686 5857 ὃ
720 5805 899 5858 κοινόν
939 5806 1052 5859 ἐστι
1081 5806 1193 5868 τοῖς
1225 5805 1342 5857 ’φῦσι
1375 5807 1538 5857 πᾶσιν
1573 5802 1775 5866 ἁπλῶς.
1813 5799 1965 5869 ιινυτῴ
1997 5801 2050 5853 δὲ

2139 3245 2406 3299 inhaerent
2449 3263 2464 3300 :
2529 3263 2651 3301 cum
2702 3249 2847 3302 enim
2896 3250 3010 3304 haec
3063 3250 3131 3303 de
3177 3247 3286 3303 Deo
3339 3247 3561 3315 praefata
3610 3261 3708 3300 nec

2139 3339 2308 3393 indita
2341 3339 2552 3393 ratione
2579 3341 2790 3408 possint
2821 3341 3046 3411 intelligi
3070 3356 3246 3410 neque
3281 3341 3446 3395 rebus
3474 3346 3705 3418 natura-

2143 3429 2262 3483 liter
2297 3431 2440 3485 notis
2473 3431 2946 3502 sintcongenerre,
3001 3432 3128 3486 hinc
3175 3432 3344 3486 Deum
3389 3445 3514 3484 esse
3547 3445 3712 3499 argu-

2142 3529 2384 3574 mentum
2419 3523 2669 3575 nou‘lcve
2700 3523 2799 3576 sibi
2840 3529 3158 3592 comparant
3191 3536 3205 3574 :
3237 3521 3502 3591 siquidem
3535 3521 3710 3589 posito

2142 3613 2295 3680 prius
2349 3613 2496 3666 illum
2533 3614 2816 3673 exsistere.
2870 3625 2980 3668 tum
3015 3615 3135 3682 ejus
3186 3613 3480 3668 essentiam
3534 3627 3711 3681 neque

2145 3701 2420 3756 intellectu
2451 3703 2842 3768 comprehendi
2877 3718 2976 3756 nec
3005 3717 3255 3757 sermone
3288 3701 3554 3756 declarari
3591 3717 3717 3770 pos-

2145 3807 2225 3856 se,
2263 3808 2519 3861 perquam
2557 3794 2807 3863 apposite
2836 3809 2898 3848 ac
2949 3794 3181 3865 genuine
3225 3809 3566 3863 consequens
3607 3801 3712 3847 est.

2144 3883 2330 3954 Neque
2371 3886 2584 3940 divinas
2618 3887 2683 3939 de
2715 3885 2956 3954 ejusdem
3011 3885 3104 3940 Dei
3138 3892 3366 3944 veritate
3415 3884 3707 3953 revelatio-

2145 3993 2242 4032 nes
2270 3979 2323 4032 in
2356 3980 2766 4048 praesentiarum
2807 3979 3073 4033 adducam
3100 3995 3116 4043 ;
3146 3993 3268 4032 cum
3297 3979 3360 4031 ad
3393 3993 3488 4032 eos
3521 3978 3717 4032 coniu-

2147 4054 2361 4136 tandos,
2392 4071 2483 4140 qui
2511 4071 2583 4124 ita
2620 4070 2962 4125 dcmentiunt
3011 4069 3294 4138 aptissime
3351 4069 3494 4123 ratio
3525 4085 3618 4138 per
3659 4083 3718 4122 se

2146 4163 2416 4232 proﬁciat,
2444 4174 2695 4218 cmtcrum
2731 4164 2852 4218 illas
2896 4162 3062 4216 alium
3103 4161 3170 4216 ad
3229 4161 3386 4215 ﬁnem
3427 4162 3713 4215 allaturos.

2151 4252 2261 4309 Sed
2300 4256 2560 4324 quoniam
2591 4254 2760 4309 semel
2793 4253 3005 4322 abiecto
3043 4253 3152 4306 Deo
3175 4253 3380 4307 enlium
3415 4262 3716 4306 creatorem

2149 4346 2310 4400 simul
2365 4347 2622 4400 auferunt
2662 4355 2715 4399 et
2754 4346 3032 4400 Creatoris
3073 4362 3168 4414 per
3221 4347 3334 4400 btec
3377 4347 3559 4400 omnia
3593 4361 3718 4414 per-

2154 4442 2424 4488 meantcm
2464 4434 2886 4498 Providentiam,
2931 4447 3360 4488 consentaneum
3399 4447 3504 4499 est,
3541 4452 3602 4490 ex
3640 4437 3720 4504 ip-

2155 4539 2338 4579 sorum
2367 4525 2430 4578 de
2466 4525 2550 4578 his
2584 4524 2854 4577 universis
2892 4525 3119 4576 inducto
3150 4534 3464 4592 systcmate,
3500 4534 3555 4576 ut
3586 4539 3716 4577 casu

2153 4630 2273 4670 esse
2320 4630 2442 4682 qua:
2493 4624 2625 4669 sunt
2675 4623 2726 4667 et
2773 4615 2888 4668 fieri
2941 4631 3060 4682 quae
3117 4615 3251 4666 ﬁunt
3334 4615 3715 4678 arbitrentur,

2153 4719 2218 4757 ac
2251 4702 2490 4757 indidem
2523 4704 2876 4773 omnigenum
2915 4704 3059 4757 aliud
3099 4704 3303 4757 erroris
3333 4718 3524 4772 agmen
3561 4719 3720 4757 cxso-

2154 4795 2358 4861 quitur.
2393 4795 2603 4848 Idcirco
2635 4803 2719 4850 sat
2756 4795 2949 4859 crit;ad
2983 4803 3306 4863 prmscntem
3337 4810 3561 4863 scopum
3600 4796 3720 4850 cui-

2153 4887 2296 4953 piam
2329 4899 2520 4938 eorum
2582 4886 2940 4940 brevissimus
2970 4884 3240 4954 quasdam
3281 4894 3334 4938 ct
3375 4893 3589 4952 apertas
3619 4878 3720 4938 ’ἰη-

2155 4979 2556 5048 terrogationes
2584 4979 2724 5032 circa
2762 4978 2939 5046 ipsum
2968 4979 3140 5032 solum
3169 4991 3473 5046 proponere
3521 4992 3718 5029 unum-

2155 5086 2260 5139 que
2321 5072 2491 5137 ipsum
2571 5070 2676 5124 sibi
2732 5071 2784 5122 in
2842 5071 3092 5124 amentia
3163 5087 3277 5124 sua:
3342 5079 3720 5139 argumentum

2155 5159 2425 5229 proferre,
2457 5159 2668 5212 scilicet
2695 5174 2757 5210 ex
2799 5159 3149 5224 paucissimis
3185 5159 3725 5230 erideutissimisque

2157 5267 2276 5322 quae
2309 5250 2374 5304 ad
2404 5253 2585 5319 ipsum
2624 5249 2857 5302 attinent
2889 5251 3281 5319 phaenomenis.

2228 5341 2295 5396 Mi
2339 5343 2522 5404 homo,
2569 5351 2622 5395 tu
2671 5342 2957 5397 manifeste
3007 5344 3218 5398 czcteris
3268 5347 3501 5400 terrenis
3561 5343 3725 5400 rebus

2156 5437 2368 5506 ipsique
2445 5443 2600 5490 terra:
2657 5447 2847 5491 natura
2907 5448 3190 5506 praestas:
3263 5449 3462 5492 terta'u
3535 5450 3728 5502 nempe

2155 5535 2210 5581 et
2238 5526 2464 5595 iapilcm
2503 5527 2731 5579 internis
2762 5525 3016 5580 omnibus
3053 5536 3257 5578 natura:
3303 5525 3525 5578 dotibus
3561 5537 3724 5589 supe-

2159 5631 2270 5679 ras,
2310 5631 2538 5684 corpore
2564 5625 2772 5670 tantum
2805 5631 2929 5669 eum
2962 5617 3067 5670 illis
3097 5617 3368 5669 adunatus
3401 5615 3547 5681 (nam
3581 5622 3634 5667 ct
3666 5625 3729 5669 tu

2160 5723 2390 5778 corpore
2416 5708 2898 5776 circumvestiris);
2930 5717 3024 5760 aut
3053 5708 3237 5769 ctiam,
3276 5708 3318 5759 si
3353 5707 3550 5774 placet,
3578 5707 3728 5775 ipso-

2160 5811 2267 5856 met
2298 5816 2417 5856 esse
2448 5799 2591 5869 quod
2631 5799 2896 5854 universis
2935 5799 3155 5854 omnino
3202 5797 3417 5854 cutibus
3445 5800 3728 5856 convenitr
