4170 6294
529 397 633 463 571

1588 403 1966 465 GENNADII
2009 403 2120 464 CP.
2160 401 2666 464 PATRIARCHE

3672 402 3774 465 572

525 509 658 566 Cum
688 511 867 582 planta
887 521 1064 569 autem
1086 515 1260 585 magis
1287 529 1349 570 ac
1375 513 1670 586 perfectius
1693 515 1856 570 vitam
1878 513 2097 584 partici-

2211 513 2305 566 καὶ
2337 513 2420 565 ἔτι
2463 512 2706 576 πλείονος
2754 514 3031 576 κοινωνεῖς
3059 512 3152 565 καὶ
3191 511 3436 578 μείζονος
3481 511 3574 564 τοῦ
3605 511 3778 580 tuo-5.

526 615 645 668 pas,
680 615 782 669 qua
813 610 868 657 et
900 604 1083 672 planta
1117 606 1276 660 etiam
1304 620 1333 660 a
1367 616 1506 662 terra
1537 615 1594 663 et
1620 607 1799 677 lapide
1825 621 1887 661 ac
1909 606 2103 676 quovis

531 689 832 746 inanimato
865 693 1052 749 distat.
1072 693 1194 749 Jam
1217 711 1346 750 vero
1375 712 1499 752 cum
1536 698 1822 769 zoophytis
1850 698 2102 752 ambula-

526 777 725 832 torium
754 789 956 835 motum
995 797 1342 841 communem
1377 787 1543 842 habes
1572 803 1682 858 quo
1724 796 1778 842 et
1814 788 1905 840 illa
1949 787 2101 853 plan-

533 878 616 922 tas
657 883 1010 940 exsuperant.
1060 873 1170 929 lloc
1213 878 1410 932 iterum
1457 879 1550 932 tibi
1595 893 1724 932 cum
1769 878 2100 934 animalil-us

527 963 940 1033 congruitquod
981 975 1175 1034 praeter
1207 969 1384 1022 omnia
1437 967 1653 1038 praefata
1709 983 1870 1022 sensu
1907 967 2097 1036 polles,

528 1051 676 1105 unde
711 1063 762 1107 et
797 1055 1052 1108 animalia
1083 1060 1296 1114 caneris
1326 1060 1538 1113 cunctis
1573 1058 1941 1124 praeemiuent.
1997 1059 2100 1114 Uni

528 1143 746 1197 tandem
801 1145 893 1199 tibi
956 1147 1120 1201 indita
1177 1149 1315 1202 ratio
1364 1159 1446 1203 est
1494 1165 1598 1218 qua
1650 1166 1860 1206 summe
1907 1162 2098 1207 captura

529 1231 797 1296 praecellis
854 1235 1126 1289 universa.
1159 1235 1437 1293 Undenam
1467 1241 1633 1308 igitur
1669 1242 1938 1294 concinna
1987 1243 2100 1295 haec

529 1319 672 1374 inter
709 1334 760 1376 te
822 1325 1054 1392 primum
1087 1339 1142 1384 et
1185 1330 1420 1400 reliqua,
1465 1331 1660 1386 horum
1695 1333 1819 1386 dein
1855 1333 1995 1386 inter
2041 1347 2102 1387 se

527 1408 759 1465 imiccm
794 1417 1099 1482 distinctio,
1145 1434 1268 1487 qure
1315 1436 1412 1490 per
1445 1437 1659 1476 omnem
1709 1424 1975 1492 cujusque
2011 1439 2102 1492 ge-

529 1503 675 1556 neris
703 1514 1007 1562 atomorum
1042 1508 1359 1565 inﬁnitatem
1404 1514 1684 1581 pervadit?
1730 1513 1988 1584 Nunquid
2033 1515 2102 1570 ab

529 1594 697 1662 ipsis?
757 1599 826 1650 At
873 1601 918 1653 si
971 1601 1106 1669 lapis
1147 1603 1366 1670 quidem
1420 1607 1686 1672 potuisset
1725 1622 1847 1662 esse
1895 1609 2099 1677 planta,

531 1682 952 1743 humilioremne
1007 1693 1236 1760 gradum
1271 1697 1522 1750 teneret?
1569 1696 1720 1750 Haud
1753 1707 1899 1753 certe
1927 1701 2100 1768 magis

531 1789 695 1845 quam
749 1787 803 1830 tu
854 1779 1016 1849 regiae
1051 1783 1209 1837 malis
1258 1800 1381 1840 esse
1425 1785 1634 1855 janitor
1660 1804 1843 1855 quam,
1877 1791 2099 1858 optione

531 1865 628 1918 tibi
658 1866 803 1930 data,
825 1868 890 1922 ad
918 1872 1096 1926 cubile
1127 1874 1332 1941 regium
1361 1852 1637 1932 assistere.
1673 1852 1812 1932 Num
1830 1852 1891 1934 et
1913 1852 2097 1950 planta
2134 1852 2170 1904 Β

532 1967 725 2024 sponte
752 1957 947 2015 fuisset
997 1963 1217 2018 animali
1255 1966 1482 2021 inferior
1503 1968 1525 2021 ?
1546 1969 1646 2023 Aut
1683 1985 1856 2039 equus
1885 1958 2096 2038 nonne,

531 2050 578 2101 si
632 2064 795 2117 penes
839 2052 1016 2120 ipsum
1063 2055 1260 2122 fuerit,
1328 2059 1616 2114 humanam
1696 2063 1800 2117 sibi
1850 2075 2101 2118 naturam

530 2141 890 2198 vindicasset?
923 2145 991 2198 At
1023 2149 1361 2218 neutiquam,
1395 2152 1589 2222 inquit,
1623 2171 1649 2207 a
1676 2157 1983 2226 semetipsis
2014 2159 2100 2214 illa

531 2229 831 2298 distinctio,
877 2236 970 2288 sed
1018 2235 1243 2293 fortuito
1293 2251 1346 2294 et
1397 2257 1527 2297 casu
1569 2244 1706 2298 facta
1758 2256 1861 2300 est.
1902 2245 2100 2301 Verum

529 2323 673 2375 enim
713 2324 757 2377 si
789 2325 922 2390 quid
956 2327 1223 2394 ejusmodi
1255 2345 1379 2384 raro
1407 2332 1459 2386 in
1492 2334 1558 2388 iis
1585 2336 1725 2388 adsit
1747 2351 1868 2405 qua
1894 2345 2102 2390 statuto

529 2422 584 2466 et
612 2413 835 2469 definito
861 2417 992 2470 liunt
1025 2422 1242 2486 ordine,
1279 2422 1357 2484 id,
1387 2431 1446 2476 ut
1475 2437 1670 2479 natura
1704 2427 1817 2479 vult
1858 2437 1911 2480 et
1940 2427 2100 2492 ratio,

529 2504 618 2560 his
647 2515 919 2574 quatenus
969 2524 1095 2568 sunt
1141 2531 1206 2568 ex
1241 2516 1508 2572 diametro
1547 2529 1648 2573 εει.
1698 2519 1853 2574 Unde
1903 2520 1948 2573 si
1987 2520 2100 2576 iure

529 2612 637 2651 non
667 2601 1012 2668 exsisterent,
1060 2621 1238 2676 neque
1283 2608 1412 2663 illud
1463 2625 1698 2678 unquam
1745 2612 1919 2672 lieret,
1959 2612 2100 2666 sicut

530 2693 756 2747 morbus
804 2709 910 2747 non
954 2700 1266 2764 supervenit
1316 2700 1421 2754 nisi
1471 2703 1798 2770 prrecedenti
1851 2703 2098 2757 sanitati.

529 2781 637 2836 Sed
671 2792 792 2838 esto
829 2801 977 2840 nunc
1011 2803 1174 2842 causa
1208 2791 1320 2843 haec
1348 2793 1418 2845 sit
1443 2807 1543 2844 cur
1581 2793 1653 2845 ita
1684 2807 1769 2847 res
1800 2792 1940 2847 forte
1969 2809 2099 2848 con-

528 2872 844 2941 tiugat,non
877 2878 1001 2930 ideo
1024 2879 1234 2933 caeteris
1259 2883 1516 2936 omnibus
1538 2883 1792 2936 similiter
1821 2899 1879 2938 se
1913 2885 2096 2939 habet.

527 2965 699 3020 Porro
729 2969 876 3022 nulla
911 2979 1163 3024 movente
1194 2985 1382 3038 causa,
1414 2973 1547 3026 nihil
1583 2989 1818 3044 unquam
1855 2976 2096 3029 futurum

525 3067 691 3122 esset,
729 3067 782 3109 at
822 3068 968 3113 certe
999 3069 1372 3129 portentosum
1407 3064 1612 3133 aliquid
1644 3066 1807 3120 semel
1841 3068 2094 3123 accidens

2207 623 2327 676 χου,
2362 600 2405 674 ᾧ
2448 610 2543 662 καὶ
2579 606 2640 660 τδ
2688 607 2852 674 φυτὸν
2901 607 3002 674 γῆς
3035 622 3092 658 τε
3140 606 3236 658 καὶ
3264 604 3409 657 λίθου
3443 604 3537 656 καὶ
3577 606 3777 667 παντδις

2205 699 2415 768 ἀψύχου
2474 699 2777 752 διίσταται·
2841 699 2976 765 πρὸς
3036 697 3092 751 δέ
3154 715 3217 765 γε
3277 696 3346 751 τὰ
3411 695 3667 764 ζωόφυτα
3719 699 3776 748 τδ

2207 790 2474 841 κινεῖσθαι
2505 790 2887 857 μεταϐατικῶς
2930 789 3108 843 κοινὸν
3143 789 3308 859 ἔχεις,
3341 784 3385 856 ᾧ
3413 791 3642 843 κάκεῖνα
3669 789 3777 842 τῶν

2205 877 2492 946 φυομένων
2513 878 2926 933 πλεονεκτοῦσι.
2948 879 3074 939 Τοῖς
3097 880 3153 932 δὲ
3176 878 3334 941 ζώοις
3361 879 3439 931 ἔτι
3469 877 3778 947 περαιτέρω

2208 968 2593 1036 συμπέπλεξαι
2621 1007 2636 1030 ,
2692 969 2772 1037 τῷ
2805 970 2941 1038 πρὸς
2991 970 3105 1030 τοῖς
3155 969 3467 1037 εἰρημένοις
3503 970 3636 1022 πᾶσι
3684 968 3776 1021 καὶ

2205 1057 2584 1122 αἰσθάνεσθαι,
2695 1060 2878 1112 καὶτὰ
2903 1058 3019 1120 ζῶα
3049 1059 3158 1110 τῶν
3188 1058 3362 1114 ἄλλων
3394 1059 3611 1113 πάντων
3642 1075 3774 1128 προ-

2203 1148 2420 1218 έχουσιν
2441 1163 2456 1179 ο
2495 1151 2580 1203 σοι
2608 1151 2662 1203 δὲ
2695 1151 2840 1220 μόνῳ
2885 1149 2944 1203 τδ
2977 1150 3292 1218 λογίζεσθαι
3327 1151 3488 1220 μόνον
3521 1151 3690 1215 ἐστιν,
3731 1145 3774 1218 ᾧ

2203 1242 2311 1294 τῶν
2350 1240 2528 1294 ἄλλων
2554 1245 2773 1295 πάντων
2804 1242 3005 1312 ἐξόχως
3040 1243 3390 1312 ὑπέρκεισαι.
3426 1242 3598 1296 Πόθεν
3624 1239 3769 1312 οὖνὴ

2205 1332 2462 1397 εὔτακτος
2508 1335 2648 1404 αὕτη
2696 1333 2968 1404 διάκρισίς
3001 1336 3116 1387 ἐστί
3157 1353 3239 1388 σοι
3270 1334 3408 1403 πρός
3439 1350 3502 1403 γε
3547 1333 3615 1386 τὰ
3643 1332 3772 1386 ἄλλα

2204 1422 2482 1486 κάκείνοις
2533 1425 2668 1495 πρὸς
2721 1424 2893 1477 ἑαυτὰ
2927 1427 3108 1478 πᾶσαν
3140 1425 3498 1493 διατρέχουσα
3540 1423 3648 1475 τῶν
3684 1421 3770 1489 ὑφ’

2204 1517 2424 1587 ἑκάστῳ
2474 1518 2619 1584 γένει
2661 1516 2760 1586 τὴν
2788 1517 3073 1586 ιάπειρίαν
3122 1517 3372 1584 ἀτόμων;
3414 1515 3642 1584 πότερον
3680 1514 3768 1584 ἀφ’

2203 1608 2417 1675 αὐτῶν;
2472 1610 2567 1662 καὶ
2618 1609 2778 1678 εἴπερ
2823 1610 2850 1662 ό
2905 1609 3050 1669 λίθος
3109 1608 3340 1678 ἠδύνατο
3394 1607 3560 1676 φυτὸν
3607 1601 3766 1669 εἶναι,

2204 1701 2374 1754 εἵλετο
2402 1699 2469 1754 ἂν
2499 1701 2590 1752 τὸν
2614 1701 2784 1770 χείρω
2815 1698 3055 1769 βαομόνς
3087 1699 3160 1751 Οὐ
3188 1697 3412 1767 μᾶλλον,
3444 1699 3474 1766 ἢ
3505 1698 3569 1750 σὺ
3599 1696 3768 1766 θυρω-

2206 1793 2298 1862 ρὸς
2330 1793 2395 1846 ἂν
2430 1793 2574 1845 εἵλου
2605 1791 2714 1845 τῶν
2744 1791 3032 1860 βασιλείων
3060 1787 3199 1844 εῖναι
3233 1790 3352 1843 ἀντὶ
3387 1790 3480 1843 τοῦ
3507 1789 3584 1859 τῷ
3620 1789 3767 1858 βασι-

2201 1884 2337 1952 λικῷ
2368 1884 2590 1936 κοιτῶνι
2639 1883 3037 1953 παρίστασθαι,
3088 1883 3180 1935 ἐπὶ
3226 1885 3309 1936 σοὶ
3361 1882 3624 1952 κειμένης
3673 1880 3770 1946 τῆς

2203 1974 2456 2042 ἐκλογῆς.
2512 1975 2622 2026 Καὶ
2669 1974 2833 2042 φυτὸν
2881 1971 2951 2044 ἦν
2985 1975 3050 2028 ἂν
3084 1974 3209 2027 em
3247 1975 3428 2043 χεῖρον
3465 1971 3555 2024 τοῦ
3591 1970 3768 2035 ζώους

2204 2068 2298 2121 καὶ
2338 2068 2504 2129 ἵππος
2528 2066 2826 2134 δυνάμενος
2867 2065 2933 2119 ἂν
2965 2064 3256 2135 ἀνθρώπου
3292 2064 3455 2131 φύσιν
3501 2064 3646 2133 ἔχειν
3673 2062 3770 2115 οὐκ

2202 2158 2268 2212 ἂν
2290 2157 2588 2228 ὲϐουλήοη;
2642 2157 2760 2226 Ἀφ’
2789 2157 2968 2210 αὐτῶν
2998 2156 3096 2225 μὲν
3125 2156 3216 2210 οὖν
3247 2155 3481 2226 οὐδαμῆ,
3515 2153 3632 2207 ἀλλ’
3674 2155 3769 2206 αὺ-

2201 2251 2452 2318 τομάτως
2484 2249 2578 2302 καὶ
2629 2249 2864 2318 τυχαίως
2899 2248 2996 2302 ὡδὶ
3029 2247 3400 2318 διακέκριται.
3447 2245 3589 2298 Ἀλλ’
3629 2248 3679 2298 εῖ
3721 2262 3770 2297 τι

2202 2341 2410 2393 τοιοῐτο
2443 2343 2498 2393 ὲν
2528 2341 2640 2404 τοῖς
2678 2339 2988 2408 γινομένοις
3021 2340 3266 2401 σπανίως
3292 2339 3410 2391 ἐστὶ
3438 2340 3549 2400 τοῖς
3579 2353 3770 2402 τεταγ-

2206 2428 2390 2498 μένοις
2417 2444 2475 2480 τε
2508 2429 2601 2480 καὶ
2628 2427 2978 2497 ὡρισμένοις,
3006 2429 3102 2479 καὶ
3134 2427 3276 2480 κατὰ
3312 2425 3472 2493 φύσιν
3499 2425 3591 2478 καὶ
3615 2424 3770 2490 λόγον

2201 2513 2354 2570 οὖσιν
2413 2517 2790 2586 ἁντιδιῄρηται
2816 2555 2831 2580 ,
2887 2516 3012 2569 ὅθεν
3058 2517 3106 2567 εἰ
3144 2515 3219 2586 μὴ
3250 2515 3401 2568 ταῦτ’
3437 2511 3526 2585 ἦν,
3562 2515 3668 2566 οὐδ’
3705 2513 3773 2565 ἂν

2203 2607 2378 2660 ἐκεῖνό
2405 2623 2533 2659 ποτε
2570 2607 2813 2676 γίνεσθαι
2848 2605 3038 2675 ὥσπερ
3062 2607 3214 2668 νόσος
3248 2604 3655 2675 ὲπισυμσαίνει,
3685 2603 3770 2655 διὰ

2201 2699 2262 2751 τὸ
2291 2698 2471 2768 πολλῷ
2503 2699 2768 2769 πρότερον
2816 2699 3008 2764 ὑγείαν
3041 2693 3183 2752 εἶναι
3207 2712 3224 2729 ο
3275 2698 3450 2750 καίτοι
3494 2698 3588 2749 καὶ
3616 2695 3770 2749 τοῦτο

2204 2790 2446 2858 προσεχῆ
2499 2789 2597 2857 μὲν
2648 2790 2830 2841 αἰτίαν
2876 2789 2972 2842 τοῦ
3003 2789 3099 2842 ὡδί
3147 2805 3262 2850 πως
3307 2789 3624 2842 ἀποϐαίνειν
3670 2787 3767 2839 οὐκ

2203 2879 2316 2948 ἔχει
2349 2881 2462 2942 τοῖς
2490 2878 2670 2941 ἄλλοις
2715 2879 2882 2932 πᾶσιν
2916 2879 3154 2949 ὁμοίως·
3192 2877 3370 2942 αίτίας
3415 2877 3460 2931 δ’
3495 2878 3624 2932 ἄνευ
3674 2878 3770 2944 τῆς

2203 2969 2467 3034 ποιούσης
2499 2969 2596 3022 οὐκ
2627 2968 2691 3022 ἄν
2721 2986 2850 3023 ποτε
2896 2970 3128 3038 γένοιτο,
3161 2971 3256 3023 καὶ
3285 2969 3588 3040 τερατῶδες
3633 2969 3689 3021 δέ
3717 2985 3768 3019 τι

2201 3061 2488 3130 γινόμενον
2519 3059 2667 3125 ἅπαξ
2697 3061 2754 3113 ὲν
2783 3062 3057 3130 περιόδοις
3094 3063 3302 3132 χρόνων
3336 3061 3562 3124 πολλαῖς
3599 3061 3768 3129 φθορὰ

526 3164 623 3217 per
653 3150 852 3205 multas
881 3161 1188 3222 temporum
1221 3155 1477 3223 periodos
1504 3161 1783 3228 corruptio
1816 3167 1898 3215 est
1942 3169 2096 3214 natu-

2199 3152 2300 3222 τῆς
2327 3153 2562 3222 φυσικῆς
2583 3154 2699 3206 ἐστι
2727 3153 2933 3215 τάξεως
2957 3153 3046 3206 διά
3075 3171 3129 3205 τι
3161 3153 3329 3216 πάθος
3352 3153 3448 3222 τῆς
3473 3152 3606 3222 ὕλης
3629 3151 3770 3206 οὕτω

526 3239 657 3294 ralis
723 3240 931 3295 ordinis
986 3257 1049 3295 ex
1096 3245 1328 3311 quodam
1381 3256 1586 3300 uaturae
1635 3247 1827 3302 morbo
1882 3259 2093 3303 exorta.

523 3331 788 3388 Praeterea
821 3351 997 3392 nonne
1018 3347 1074 3392 tu
1104 3349 1298 3394 cuncta
1320 3341 1552 3404 moliris,
1583 3342 1783 3411 quippe
1809 3345 1900 3413 qui
1936 3345 2102 3401 ratio-

523 3440 591 3479 ne
617 3426 807 3494 polles,
826 3437 884 3480 ut
903 3444 1146 3497 quaenam
1166 3431 1273 3484 siut
1291 3433 1497 3502 agenda
1515 3433 1710 3502 eligas?
1736 3434 1803 3488 Ut
1822 3435 1950 3503 quid
1970 3450 2100 3505 ergo

523 3518 759 3572 volatum
795 3521 1002 3590 jamdiu
1032 3538 1137 3575 non
1161 3525 1438 3592 usurpasti
1465 3539 1587 3579 cum
1617 3527 1814 3594 saepius
1864 3526 2099 3582 fortasse

523 3611 727 3666 dixeris
751 3629 764 3663 :
800 3612 1016 3668 Utinam
1046 3615 1206 3669 modo
1230 3617 1419 3671 volare
1447 3617 1671 3685 queam?
1701 3617 1860 3672 Exeo
1881 3618 2100 3672 eviden-

521 3713 606 3758 ter
621 3703 786 3772 quod,
814 3708 879 3760 ad
899 3707 1190 3761 volandum
1217 3723 1340 3764 cum
1365 3717 1526 3765 natus
1551 3726 1655 3764 non
1682 3712 1760 3766 sis
1784 3754 1798 3777 ,
1845 3711 1958 3765 fieri
1989 3727 2096 3766 non

519 3803 699 3864 potest
723 3806 777 3850 ut
810 3799 971 3852 homo
995 3799 1159 3854 simul
1181 3801 1938 3869 exsistasetvolatilc.Quidni
1969 3819 2097 3860 vero

519 3887 800 3955 perimum
828 3905 976 3945 mare
999 3893 1345 3958 perambulas
1367 3908 1382 3958 ;
1403 3892 1580 3960 utjam
1608 3903 1679 3946 tot
1713 3904 2000 3962 tantosque
2019 3895 2092 3947 Ia-

522 3979 683 4032 bores
723 3993 787 4031 ac
820 3979 1101 4034 discursus
1124 3980 1297 4049 fugias
1319 3983 1520 4050 quibus
1546 3984 1830 4037 desursum
1865 3985 2093 4050 piscanti

521 4082 660 4136 opus
695 4068 819 4122 est?
870 4070 1006 4135 Quia
1043 4072 1298 4125 videlicet
1337 4087 1366 4126 a
1421 4083 1617 4126 natura
1676 4092 1782 4129 non
1841 4077 2008 4130 habes
2037 4085 2094 4130 ut

523 4161 578 4211 in
627 4161 784 4226 aquis
816 4160 1010 4228 degere
1045 4163 1249 4227 valeas,
1298 4164 1442 4219 sicut
1475 4179 1572 4218 nec
1621 4165 1673 4218 in
1709 4175 1854 4220 terra
1895 4167 2089 4237 piscis,

523 4249 680 4304 Unde
728 4253 975 4320 quamvis
1027 4264 1214 4323 tuopte
1279 4265 1602 4312 czeterorum
1653 4259 1866 4314 vivendi
1915 4277 2091 4324 genus

522 4341 763 4408 aﬁ‘ectes,
807 4345 858 4398 id
906 4354 1102 4400 natura
1151 4347 1246 4400 tibi
1277 4349 1421 4402 circa
1450 4349 1713 4419 pleraque
1764 4352 2089 4417 praefinitum

522 4445 624 4502 est,
672 4446 724 4492 et
756 4447 912 4490 natus
961 4453 1066 4494 nou
1116 4439 1192 4494 sis
1222 4449 1433 4509 oportet
1464 4442 1528 4495 ad
1560 4443 1741 4496 omnia
1800 4458 1898 4512 pro
1939 4445 2090 4498 libilo

2207 3246 2600 3315 συμϐαίνουσα,
2645 3246 2769 3297 Ἐπὶ
2819 3245 3030 3308 τούτοις
3079 3246 3139 3298 οὐ
3175 3245 3239 3298 σύ
3280 3263 3342 3314 γε
3373 3246 3548 3299 πάντα
3598 3245 3769 3306 ποιεῖς

2203 3337 2638 3407 προαιρούμενος
2669 3338 2784 3391 ἅττ’
2807 3338 2872 3392 ἂν
2894 3339 3129 3408 ποιοίης,
3156 3336 3233 3407 τῷ
3259 3354 3323 3405 γε
3353 3337 3570 3405 λογικὸς
3598 3333 3764 3400 sint;

2201 3427 2290 3482 διὰ
2318 3430 2370 3481 τί
2399 3429 2472 3500 μὴ
2501 3432 2596 3482 καὶ
2629 3429 2888 3483 ῖπτασθαί
2922 3445 3053 3484 ποτε
3085 3433 3324 3501 προαιρῇ
3358 3431 3537 3484 καίτοι
3567 3429 3769 3482 πολλά-

2203 3536 2290 3582 κις
2325 3520 2455 3582 ῖσως
2502 3521 2691 3584 εἰπὼν,
2723 3522 2848 3575 Εῐθε
2879 3520 2974 3574 νῦν
3009 3522 3292 3592 ἠδυνάμην
3325 3522 3562 3590 πτῆναι;
3611 3520 3644 3590 ἢ
3677 3521 3768 3580 δῆ-

2199 3610 2311 3673 λον,
2349 3610 2431 3663 ὅτι
2465 3613 2540 3681 μὴ
2588 3613 2838 3682 πέφυκας
2887 3615 3169 3681 ἵπτασθαι,
3204 3614 3309 3668 οὐδ’
3353 3609 3467 3669 οἷόν
3512 3616 3573 3668 τέ
3621 3615 3767 3666 ἐστιν

2199 3703 2487 3774 ἄνθρωπόν
2536 3722 2594 3758 σε
2642 3705 2758 3774 ἅμα
2802 3707 2893 3760 καὶ
2935 3707 3141 3774 πτηνὸν
3171 3703 3332 3760 εῖναι.
3393 3708 3491 3761 Διὰ.
3522 3707 3572 3760 τί
3603 3707 3660 3760 δὲ
3694 3705 3768 3776 μὴ

2199 3797 2290 3848 καὶ
2319 3799 2410 3850 τὸν
2441 3797 2538 3866 τῆς
2568 3798 2836 3868 Θαλάττης
2867 3799 3172 3871 διατρέχει;
3212 3799 3391 3870 βυθὸν,
3427 3800 3515 3852 ἴνα
3550 3801 3625 3870 μὴ
3651 3816 3769 3853 τοσ-

2186 3891 2380 3952 -ούτοις
2440 3889 2621 3952 πόνοις
2673 3893 2766 3943 καὶ
2813 3891 3056 3958 μεθόδοις
3109 3892 3282 3960 τρέφῃ
3313 3891 3610 3956 τοιαύταις,
3645 3893 3768 3954 τοὺς

2202 3980 2356 4050 ίχθῦς
2386 3982 2592 4036 ἄνωθεν
2626 3982 2886 4048 ἀλιεύων;
2919 3983 2951 4052 ἦ
2992 3982 3172 4053 δῆλον,
3207 3984 3288 4036 ὅτι
3321 3983 3396 4053 μὴ
3437 3987 3686 4052 πέφυκας
3710 3985 3767 4036 ὲν

2199 4073 2357 4128 ὕδασι
2389 4073 2652 4127 δύνασθαι
2683 4073 2806 4144 ζῇν,
2835 4073 3024 4144 ὥσπερ
3057 4073 3164 4126 οὐδ’
3198 4074 3350 4143 ἰχθὺς
3373 4074 3532 4128 τοῦτο
3565 4075 3766 4128 δύναιτ’

2197 4166 2263 4220 ἂν
2299 4167 2358 4218 ὲν
2391 4169 2456 4234 τῇ
2492 4167 2596 4234 γῇ·
2631 4166 2757 4218 ὅθεν
2801 4167 2850 4217 εἰ
2889 4169 2985 4220 καὶ
3021 4166 3100 4235 τῷ
3149 4167 3470 4236 προαιρέσει
3518 4165 3619 4236 ζῇν
3661 4165 3766 4218 τῶν

2205 4255 2384 4309 ἄλλων
2416 4255 2782 4319 πλεονεκτεῖς,
2827 4254 2962 4307 ἀλλὰ
2997 4255 3158 4324 φύσει
3189 4255 3281 4307 καὶ
3317 4253 3476 4308 τοῦτό
3516 4272 3598 4308 σοι
3633 4257 3765 4324 πρὸς

2195 4347 2426 4401 πλεῖστά
2475 4363 2538 4414 γε
2587 4346 2853 4416 ὥρισται,
2904 4349 2999 4399 καὶ
3043 4346 3123 4398 δεῖ
3157 4363 3216 4398 σε
3261 4345 3334 4415 μὴ
3371 4346 3552 4398 πάντα
3584 4363 3760 4414 πεφυ-
3807 4333 3818 4344 ’

2192 4439 2349 4492 κέναι
2384 4438 2647 4509 πράττειν
2697 4436 3109 4508 προῃρημένον,
3150 4436 3287 4505 πρὸς
3333 4435 3401 4490 τὰ
3430 4436 3659 4490 πλεῖστα
3705 4436 3762 4489 δὲ

527 4531 852 4598 peragenda,
893 4530 1003 4583 imo
1038 4531 1214 4600 quoad
1251 4533 1510 4601 pleraque
1541 4534 1619 4587 sis
1641 4536 1865 4588 omnino
1891 4535 2085 4602 impos.

2199 4530 2633 4598 ἀποπεφυκέναι.

595 4619 884 4689 lllteigitur
913 4622 1054 4676 inter
1077 4625 1500 4693 unumquodque
1531 4640 1709 4679 rerum
1741 4642 1914 4696 genus
1940 4625 2094 4680 dili'e-

523 4711 864 4780 renlire,qua:
897 4712 962 4766 ad
992 4713 1136 4782 ipsos
1165 4731 1339 4783 usque
1367 4717 1584 4782 generis
1615 4726 1828 4772 atomos
1860 4718 1931 4771 ita
1963 4733 2089 4786 per-

519 4804 744 4856 veniunt
771 4813 830 4855 ut
861 4819 960 4857 nec
993 4804 1116 4872 plus
1167 4820 1344 4873 neque
1398 4806 1583 4861 minus
1625 4807 1827 4862 habere
1876 4808 2088 4877 possint

518 4893 645 4948 boui
695 4909 856 4962 quam
915 4896 1111 4963 cuique
1164 4903 1358 4951 natura
1428 4900 1758 4968 praestituit,
1821 4901 1910 4969 qui
1975 4901 2087 4970 jam

519 5000 648 5038 casu
685 4996 869 5040 essent
897 4995 990 5040 aut
1022 4987 1268 5060 fortuito,
1301 4992 1344 5044 si
1376 4993 1592 5060 quidem
1627 4993 1767 5061 quod
1806 4992 2088 5045 fortuitum

520 5085 614 5129 aut
663 5077 878 5131 casuale
918 5085 1002 5133 est
1042 5094 1164 5135 cum
1194 5083 1461 5139 ordinatis
1508 5084 1859 5152 deﬁnitisque
1923 5085 2089 5139 rebus

518 5180 582 5219 ex
611 5166 838 5221 adverso
866 5168 1092 5225 dissidet
1123 5179 1178 5226 et
1198 5188 1262 5227 ea
1294 5189 1416 5243 qua:
1450 5175 1500 5228 in
1521 5174 1857 5228 contrarium
1881 5173 2090 5229 discre-

520 5269 649 5328 pant
681 5275 952 5330 nunquam
981 5264 1193 5319 coalere
1212 5275 1440 5334 possunt
1465 5265 1598 5318 illia
1622 5275 1798 5317 autem
1823 5281 1942 5332 qua:
1961 5277 2090 5322 sunt

519 5366 614 5418 per
631 5352 877 5409 ordinem
898 5353 1186 5423 disposita,
1219 5357 1336 5411 sive
1365 5356 1418 5411 id
1445 5365 1638 5410 natura
1661 5357 1751 5410 liat
1772 5358 1887 5414 sive
1903 5359 2081 5413 homi-

515 5443 600 5498 nis
616 5444 862 5510 arbitrio,
880 5446 1154 5516 quomodo
1169 5446 1248 5502 sic
1263 5447 1572 5512 evaderent,
1586 5448 1904 5517 disponente
1923 5451 2092 5505 nemio

516 5533 736 5588 nc‘lAut
769 5550 868 5588 nec
894 5548 925 5586 a
957 5534 1261 5600 semetipsis
1282 5536 1534 5612 ordinata
1562 5531 1830 5592 undeu’am
1870 5541 2085 5594 tandem

513 5624 900 5678 ordinarentur
928 5626 950 5678 ’ί
983 5624 1038 5678 Si
1072 5639 1199 5679 vero
1219 5626 1350 5680 mihi
1373 5626 1590 5682 dederis
1613 5644 1678 5683 ex
1711 5630 2088 5697 superioribus

516 5712 736 5778 quidem
775 5720 826 5765 et
852 5713 1326 5768 communioribus
1351 5716 1530 5769 causis
1583 5718 1685 5772 hoc
1736 5719 1972 5786 quodam
2022 5737 2088 5775 cx

519 5797 711 5852 ordine
745 5799 883 5862 fieri,
915 5799 1148 5862 prirnum
1203 5817 1231 5856 ο
1275 5811 1325 5861 lc
1378 5803 1594 5867 iamiam
1655 5805 1822 5860 cllluit
1869 5811 2087 5864 casualc

2266 4616 2439 4674 Αὗται
2470 4621 2654 4674 τοίνυν
2682 4622 2736 4672 αἱ
2767 4622 3023 4692 διαφοραὶ
3045 4622 3186 4674 κατὰ
3215 4621 3368 4689 γένος
3407 4621 3506 4690 μὲν
3531 4620 3766 4675 ἕκαστον

2193 4709 2371 4776 οὖσαι,
2406 4713 2498 4765 ἐπὶ
2525 4714 2579 4766 δὲ
2608 4715 2675 4766 τὰ
2711 4713 2802 4766 τοῦ
2841 4713 3028 4780 γένους
3054 4711 3234 4780 ἄτομα
3265 4711 3660 4782 διατρέχουσαι,
3693 4711 3766 4770 ὡς

2196 4805 2334 4873 μήτε
2368 4804 2628 4858 δύνασθαι
2665 4805 2829 4857 πλέον
2861 4804 3004 4872 ἔχειν
3051 4805 3177 4872 μήτ’
3205 4803 3426 4856 ἔλαττον
3474 4801 3568 4855 τοῦ
3607 4802 3764 4872 φύσει

2193 4897 2445 4960 ἑκάστοις
2489 4898 2799 4967 ὡρισμένου
2831 4894 3020 4954 καλοῦ,
3054 4893 3171 4957 πῶς
3204 4893 3271 4946 ἂν
3314 4892 3554 4962 τυχαίως
3587 4889 3699 4946 εἷεν
3730 4892 3761 4960 ἦ

2193 4989 2542 5059 αὐτομάτως,
2591 4989 2750 5057 εἴπερ
2785 4987 2845 5039 τὸ
2880 4986 3102 5056 τυχαῖόν
3135 5002 3193 5038 τε
3227 4986 3321 5038 καὶ
3351 4984 3660 5055 αὐτόματον
3689 4983 3764 5052 τῷ

2191 5079 2514 5147 τεταγμένῳ
2579 5095 2638 5130 τε
2694 5077 2789 5128 καὶ
2834 5077 3131 5146 ὡρισμένῳ
3197 5075 3614 5145 ἁντιδιῄρηται,
3671 5075 3763 5126 καὶ

2192 5168 2566 5237 ἁντιφατικῶς
2592 5168 3114 5236 διακεκριμένα·οὑκ
3145 5167 3210 5220 ἂν
3229 5166 3446 5220 δύναιτο
3467 5164 3758 5227 συνελθεῖν,

2191 5261 2501 5328 τεταγμένα
2531 5260 2588 5312 δὲ
2617 5259 2746 5312 ὄντα
2781 5260 2849 5312 τὰ
2889 5259 3051 5327 φύσει
3086 5275 3143 5311 τε
3181 5258 3324 5311 οὕτω
3355 5258 3616 5325 γινόμενα
3671 5257 3762 5309 καὶ

2192 5352 2510 5421 προαιρέσει
2552 5350 2890 5424 ἀνθρωπίνῃ,
2924 5351 3041 5414 πῶς
3085 5349 3150 5404 ἂν
3181 5351 3309 5404 ἄνευ
3350 5345 3459 5401 εἷεν
3501 5347 3596 5400 τοῦ
3629 5347 3759 5402 τάτ-

2190 5461 2397 5508 τοντος,
2449 5443 2544 5496 καὶ
2577 5443 2667 5512 ὑφ’
2717 5444 2898 5497 αὐτῶν
2942 5443 3004 5494 οὐ
3035 5442 3348 5511 ταττόμενα
3396 5439 3666 5493 τάττοιντ’
3696 5439 3762 5494 ἂν

2191 5535 2456 5602 ἑτέρωθεν
2487 5535 2694 5603 dignor);
2737 5535 2796 5586 El
2821 5535 3002 5586 τοίνυν
3033 5533 3219 5601 δοίης,
3266 5531 3461 5595 αἰτίοις
3501 5531 3764 5601 ὑψηλοτέ-

2193 5644 2306 5698 ροις
2339 5642 2397 5677 τε
2431 5627 2523 5677 καὶ
2574 5625 2902 5693 κοινοτέροις
2930 5623 3083 5677 ταῦθ’
3132 5622 3274 5676 οὕτω
3326 5621 3572 5690 γίνεσθαι
3627 5622 3764 5690 μετά

2189 5735 2333 5780 τινος
2385 5717 2613 5781 τάξεως,
2663 5715 2880 5784 πρῶτον
2929 5715 3028 5784 μὲν
3075 5713 3283 5783 οἴχεταί
3335 5729 3417 5766 σοι
3472 5713 3660 5764 λοιπον
3702 5713 3761 5764 τὸ

2191 5809 2414 5868 τυγαῖὁν
2445 5824 2504 5860 τε
2541 5807 2633 5860 καὶ
2667 5805 2971 5861 αὐτόυ.ατον
2995 5822 3009 5838 ⁸
3047 5801 3163 5858 εἶτα
3189 5804 3284 5856 καὶ
3323 5804 3450 5857 περὶ
3475 5800 3760 5871 ἐκείνωνή
