4170 6294
384 426 494 494 573

1481 437 1582 497 DE
1626 437 1774 528 Ι)Εο
1821 435 1898 496 ΙΝ
1936 435 2371 499 TRINITATE
2408 441 2589 502 UNO.

3560 443 3664 506 574

379 549 523 619 αύτή
554 548 620 605 ἂν
648 548 878 622 ζήτησις
909 553 1017 624 εἴη,
1052 555 1165 618 τοῖς
1206 555 1467 609 ὑποκάτω
1501 556 1716 620 τούτοις
1762 556 1955 625 ὁμοίως

2071 554 2215 609 istud
2252 565 2306 612 et
2339 557 2654 623 fortuitum,
2687 559 2882 616 deinde
2924 570 2979 616 et
3033 560 3126 615 illa
3174 560 3314 630 ipsa,
3368 558 3556 615 eadem
3614 560 3660 614 si

379 644 544 714 φύσει
587 663 644 698 τε
690 646 784 699 καὶ
813 646 966 712 τάξει
999 649 1134 718 πρὸς
1169 649 1376 719 ἄλληλα
1415 649 1808 718 διαφερόντων.
1843 649 1965 703 Οὐδ’

377 739 566 790 ἐκεῖνα
611 737 723 806 γὰρ
755 737 888 808 παρ’
931 739 1142 793 ἑαυτῶν
1189 740 1288 810 τὴν
1317 740 1412 794 τοῦ
1461 743 1638 793 ποιεῖν
1687 738 1831 792 οὕτω
1873 740 1967 793 καὶ

379 830 597 882 τάττειν
633 829 690 880 ἐν
737 830 850 892 τοῖς
894 828 1309 900 ὑποδεεστέροις
1345 831 1529 899 έχουσι
1563 830 1815 901 δύναμιν,
1841 829 1966 884 οὔτε

375 920 479 988 τὴν
510 921 650 988 πρὸς
694 920 902 990 ἄλληλα
933 921 1212 992 ὑπεροχήν
1261 941 1320 978 τε
1367 927 1462 978 καὶ
1499 926 1692 996 ὕφεσιν
1715 941 1730 957 ο
1765 924 1966 994 σελήνη

376 1015 508 1085 γὰρ,
539 1018 700 1088 εἰπερ
735 1019 864 1084 ὲξῆν
913 1021 1073 1090 αὐτῇ,
1111 1020 1274 1073 εῢ.ετ’
1303 1020 1370 1074 ἄν
1402 1023 1605 1090 μᾶλλον
1649 1021 1799 1092 ἥλιος
1826 1015 1966 1072 εἷναι

376 1110 473 1161 καὶ
527 1109 672 1179 άπερ
710 1111 862 1180 ἥλιος
917 1112 975 1163 ἐν
1033 1114 1144 1174 τοῖς
1199 1112 1461 1171 ὑποκάτω
1516 1115 1730 1177 τούτοις
1779 1117 1964 1178 ποιεῖ,

375 1200 548 1254 ταῦτα
574 1205 746 1254 ποιεῖν
776 1203 975 1270 μᾶλλον
997 1205 1156 1274 αὐτὴ,
1189 1205 1360 1258 πλείω
1384 1224 1440 1259 τε
1472 1209 1564 1259 καὶ
1597 1206 1790 1277 βελτίω
1814 1208 1963 1274 ὄντα,

374 1287 452 1345 ὧν
489 1293 624 1360 αὑτὴ
653 1297 825 1346 ποιεῖν
852 1293 1111 1348 δύναται·
1149 1297 1243 1348 καὶ
1269 1296 1420 1366 ἥλιος
1447 1299 1584 1369 πρός
1622 1315 1684 1366 γε
1719 1299 1787 1352 τά
1823 1299 1965 1370 ὑπὲρ

373 1384 540 1437 αὑτὸν
577 1384 808 1453 σώματα
840 1385 1082 1450 τοιοῦτος
1126 1386 1192 1440 ἂν
1223 1383 1311 1456 ἦν,
1345 1391 1440 1441 καί¹
1491 1391 1635 1459 μάχη
1671 1409 1755 1453 τις
1787 1392 1852 1443 ἂν
1897 1388 1966 1461 ἦν

373 1477 498 1529 ἀντὶ
527 1476 756 1542 τάξεως.
796 1477 1009 1530 Οὐκοῦν
1054 1479 1146 1532 καὶ
1191 1481 1303 1542 τοῖς
1338 1481 1696 1552 ὑψηλοτέροις
1730 1479 1965 1546 ἐκείνοις

374 1568 770 1636 ἠναγκασμένη
802 1569 886 1630 τίς
921 1569 1070 1622 ἐστιν
1103 1571 1134 1638 ἡ
1181 1571 1404 1637 τοιαύτη
1446 1571 1634 1637 τάξις·
1669 1573 1792 1626 ὅθεν
1824 1573 1961 1642 αὐτῇ

375 1662 472 1713 καὶ
500 1660 560 1710 τὸ
590 1659 970 1728 ἀμετάϐλητον
1019 1661 1285 1731 διηνεκῶς
1319 1664 1532 1728 ἔνεστι,
1579 1667 1675 1718 καὶ
1728 1666 1964 1732 φυσικῆς

372 1751 542 1818 οὔσης
565 1753 668 1822 τῆς
693 1758 950 1823 τοιαύτης
978 1755 1036 1807 ὲν
1070 1756 1254 1818 αὐτοῖς
1285 1755 1494 1820 τάξεως
1540 1759 1634 1810 καὶ
1671 1759 1771 1827 τὴν
1799 1758 1964 1824 φύσιν

373 1844 436 1897 ἐν
458 1843 641 1906 αὑτοῖς
668 1846 899 1914 ἐχούσης
930 1847 1128 1917 ἀρχὴν,
1153 1847 1252 1916 τὴν
1282 1849 1454 1918 αὐτὴν
1489 1849 1556 1902 ἂν
1580 1848 1759 1917 ἔχοιεν
1781 1849 1964 1902 αἰτίαν
1991 1888 2038 1946 Β

370 1935 570 2004 δήπου,
595 1937 689 1989 τοῦ
719 1955 776 1990 τε
809 1939 905 1990 ὡδὶ
935 1939 1238 2006 πεφυκέναι
1267 1938 1362 1992 τοῦ
1394 1958 1452 1992 τε
1477 1940 1675 1992 οὑτωσὶ
1702 1939 1960 2008 τετάχθαι

372 2030 468 2081 καὶ
521 2030 700 2082 τοιάδε
748 2031 882 2099 δρᾷν
938 2031 995 2081 ἐν
1047 2031 1160 2092 τοῖς
1213 2030 1474 2084 ὑποκάτω
1521 2033 1752 2092 τούτοις.
1797 2031 1961 2084 Ἀλλά

371 2123 467 2174 καὶ
487 2119 644 2183 αὖθις
675 2120 1022 2188 πυνθάνομαί
1051 2139 1144 2174 σου
1167 2138 1182 2152 ο
1221 2123 1504 2189 οἰκοδόμος
1528 2115 1575 2173 εἳ
1604 2121 1666 2174 σύ
1689 2139 1750 2187 γε
1773 2123 1956 2192 τυχὸν,

369 2214 468 2266 καὶ
497 2212 615 2274 πῶς
644 2213 740 2282 οὐχ
775 2213 891 2280 ἅμα
921 2214 1018 2264 καὶ
1050 2215 1334 2281 ναυπηγὸς
1366 2209 1448 2280 ei;
1485 2215 1533 2266 εί
1565 2213 1619 2266 δὲ
1654 2214 1746 2265 καὶ
1776 2214 1954 2275 τοῦτο,

370 2304 463 2358 διά
505 2305 558 2356 τί
593 2304 668 2374 μὴ
706 2305 800 2356 καὶ
833 2304 1024 2373 τρίτην
1058 2304 1156 2373 τὴν
1189 2305 1594 2373 σκυτοτομικὴν
1629 2305 1810 2374 ἔχειςς
1865 2305 1958 2358 καὶ

371 2395 450 2458 ὥς
479 2394 546 2449 ἂν
572 2394 810 2448 συνελὼν
838 2396 1028 2464 φαίην,
1058 2396 1224 2454 διὰτί
1249 2397 1325 2465 μὴ
1350 2397 1604 2465 καθάπερ
1635 2397 1788 2465 μιᾶς,
1813 2395 1958 2449 οὕτω

369 2489 467 2541 καὶ
496 2490 676 2556 πάσης
699 2489 896 2560 τέχνης
935 2489 1288 2558 προέστηκας
1313 2505 1328 2555 ;
1359 2489 1390 2558 ἢ
1429 2489 1610 2558 δῆλον,
1641 2492 1725 2543 ὅτι
1765 2489 1843 2558 τῷ
1881 2489 1955 2559 μὴ

368 2578 633 2631 δύνασθαι
670 2578 852 2640 πάσας
893 2576 1030 2644 ὁμοῦ
1071 2579 1337 2646 μετιέναι.
1377 2579 1468 2628 Δεῖ
1505 2578 1616 2645 γάρ
1659 2577 1796 2646 πρὸς
1827 2575 1956 2628 ἐκά-

369 2688 503 2739 στην
535 2672 730 2740 τέχνην
769 2669 942 2724 πολλὰ
979 2669 1078 2736 μὲν
1116 2668 1331 2736 μαθεῖν,
1365 2669 1536 2720 πλείω
1563 2669 1618 2721 δὲ
1651 2667 1952 2738 ἐνηργηκέ-

367 2781 455 2817 ναι
488 2764 585 2818 καὶ
614 2761 758 2814 οὕτω
786 2763 886 2831 τὴν
913 2762 1026 2825 ἕξιν
1053 2761 1221 2830 πείρᾳ
1244 2760 1430 2813 λαϐεῖν
1449 2777 1463 2792 ·
1489 2759 1662 2814 ταῦτα
1686 2762 1741 2813 δὲ
1773 2760 1954 2813 πλείο-

364 2872 454 2917 νος
489 2853 553 2908 ἂν
576 2854 750 2907 δέοιτο
793 2855 1015 2924 χρόνου,
1048 2853 1158 2904 οὐδ’
1189 2853 1254 2904 ἂν
1287 2854 1315 2904 ὀ
1358 2852 1590 2905 ἑκάστου
1638 2852 1753 2921 βίος
1787 2853 1952 2922 ἀρκε-

367 2964 480 3000 σειε
533 2947 673 3014 πρὸς
727 2945 790 2997 τὸ
837 2944 1057 3007 πλείους
1105 2942 1250 2996 οὕτω
1285 2945 1594 3012 κτήσασθαι
1629 2945 1812 3012 μόνον,
1859 2943 1954 2996 καὶ

366 3037 496 3108 πρίν
546 3052 666 3087 τινα
703 3035 895 3102 μαθεῖν
927 3033 1145 3095 ἁπάσας
1194 3034 1374 3096 καλῶς
1409 3033 1501 3087 τοῦ
1539 3035 1767 3088 Θανάτου
1818 3034 1954 3102 φθά-

367 3145 566 3192 σαντος
595 3130 697 3181 οὑκ
730 3126 798 3181 ἂν
845 3127 1074 3196 οὐδεμιᾷ
1124 3127 1415 3197 χρήσαιτο.
1463 3126 1572 3178 Τοῦ
1603 3127 1659 3178 δὲ
1691 3125 1951 3179 δύνασθαι

2070 649 2384 717 disquisitio
2441 655 2613 717 fieret,
2664 663 2973 724 naturaque
3031 665 3087 709 et
3128 653 3339 719 ordine,
3383 655 3528 708 sicut
3573 665 3662 706 res

2070 741 2361 798 inferiores
2391 744 2709 800 abinvicem
2739 747 2930 802 dissita
2965 749 3293 816 comperias.
3331 744 3517 814 Neque
3554 744 3662 798 illis

2071 834 2215 890 enim
2243 850 2272 888 a
2305 835 2504 904 Seipsis
2538 836 2771 892 facultas
2808 837 2952 892 inest
2989 838 3062 892 ita
3115 838 3408 908 peragendi
3463 838 3652 902 dispo-

2068 925 2303 979 nendive
2334 927 2479 980 circa
2512 941 2600 981 res
2635 925 2866 980 inferius
2917 927 3150 996 positas,
3181 942 3281 982 nec
3308 927 3469 980 etiam
3519 929 3661 981 inter

2070 1029 2129 1068 se
2171 1016 2533 1084 prwstandive
2556 1024 2651 1069 attt
2670 1015 3006 1086 subiaccndi.
3026 1016 3238 1070 Etenim
3264 1016 3414 1079 luna,
3433 1016 3477 1069 si
3492 1031 3584 1084 per
3601 1031 3660 1070 se

2067 1106 2250 1170 liceat,
2283 1107 2364 1161 sol
2400 1123 2520 1162 esse
2555 1107 2735 1177 potius
2766 1107 2992 1162 haberet
3048 1115 3101 1161 et
3159 1109 3348 1161 eadem
3403 1120 3526 1176 quae
3578 1107 3660 1160 sol

2069 1199 2212 1268 apud
2239 1199 2497 1254 inferiora
2529 1200 2761 1270 ipsamet
2812 1215 2992 1268 agere,
3027 1208 3086 1254 ut
3115 1207 3243 1265 pote
3261 1199 3416 1267 plura
3445 1207 3660 1268 etprae-

2068 1290 2334 1344 stantiora
2371 1307 2534 1359 quam
2569 1306 2688 1358 qua:
2719 1291 2834 1360 ipsa
2865 1299 3063 1360 potest.
3093 1291 3167 1344 lta
3219 1300 3269 1343 et
3314 1289 3396 1344 sol
3462 1290 3656 1344 eodem

2068 1383 2230 1436 modo
2287 1397 2346 1436 se
2371 1384 2621 1474 .haberet
2675 1399 2802 1452 erga
2867 1383 3186 1437 sublimiora
3241 1381 3340 1437 sibi
3402 1397 3655 1450 corpora,

2069 1474 2304 1544 indeque
2338 1473 2512 1542 pugna
2537 1475 2782 1544 quadam
2807 1489 2907 1543 pro
2936 1476 3126 1528 nrdiue
3155 1473 3419 1543 prodiret.
3445 1473 3655 1540 Quatu-

2066 1568 2252 1622 obrem
2327 1568 2434 1622 illis
2499 1570 2662 1622 etiam
2723 1567 3134 1621 sublimioribus
3209 1567 3374 1621 rebus
3451 1575 3655 1621 statuta

2067 1659 2313 1728 quaedam
2343 1661 2456 1714 hare
2485 1669 2569 1714 est
2594 1659 2889 1721 ordinatio,
2919 1659 3060 1712 unde
3089 1667 3139 1711 et
3172 1657 3287 1726 ipsa
3321 1658 3538 1726 quidem
3598 1657 3653 1711 in

2069 1761 2392 1820 perpetuum
2432 1760 2599 1806 staret
2657 1750 2949 1812 indefecta,
3003 1758 3057 1804 et
3105 1750 3157 1804 in
3217 1749 3323 1805 illis
3381 1748 3652 1818 ejusmodi

2067 1844 2414 1899 ordinatione
2449 1845 2614 1899 insita
2650 1861 2771 1914 qua!
2802 1845 2973 1913 ipsam
3010 1843 3169 1898 habet
3193 1852 3470 1897 auctorem
3494 1851 3654 1895 natu-

2067 1951 2207 2002 ram,
2239 1937 2422 1992 eadem
2462 1938 2718 1990 omnibus
2751 1952 2915 1991 causa
2946 1945 3093 1989 esset
3124 1950 3220 1988 cur
3255 1935 3325 1988 ita
3360 1935 3472 1990 sint
3523 1943 3650 1989 nata

2065 2030 2394 2099 definitaque
2426 2032 2490 2082 ad
2518 2029 2718 2082 similia
2765 2029 2868 2082 sibi
2929 2028 3194 2095 subjectis
3255 2026 3648 2096 impertienda.

2061 2122 2274 2175 Atenim
2304 2135 2332 2173 a
2369 2129 2420 2174 te
2452 2135 2666 2174 rursum
2692 2135 2910 2186 quaero:
2944 2120 3022 2172 'l'u
3054 2121 3190 2172 forte
3218 2121 3352 2172 artis
3388 2135 3445 2173 es
3469 2135 3651 2174 came-

2063 2216 2263 2278 rititiaa,
2305 2213 2491 2283 quidni
2522 2228 2646 2266 vero
2671 2213 2833 2266 simul
2866 2219 2917 2265 et
2953 2213 3228 2282 nanpegim
3254 2213 3276 2264 ?
3306 2211 3476 2266 Porro
3498 2213 3541 2265 si
3565 2228 3650 2267 res

2063 2310 2137 2364 ita
2175 2323 2233 2363 se
2270 2309 2485 2374 habeat,
2514 2323 2613 2362 cur
2646 2322 2752 2361 non
2783 2315 2836 2361 et
2898 2307 3065 2360 filium
3122 2315 3275 2360 tenes
3328 2305 3648 2360 sutorium?

2061 2401 2302 2472 Denique
2330 2409 2388 2454 ttt
2418 2401 2729 2456 summatim
2765 2400 2976 2468 loquar,
3007 2414 3174 2467 quare
3209 2411 3263 2452 ut
3288 2409 3456 2451 artem
3480 2414 3644 2452 unam

2061 2493 2139 2548 sic
2161 2507 2349 2547 omnes
2379 2493 2606 2560 adeptus
2635 2507 2742 2544 non
2777 2490 2876 2544 es?
2905 2489 2978 2543 Ex
3040 2505 3105 2544 eo
3157 2489 3450 2543 manifeste
3498 2489 3642 2558 quod

2061 2584 2400 2652 impossibile
2413 2584 2483 2637 sit
2507 2591 2737 2636 cunctas
2760 2582 2920 2636 simul
2947 2582 3186 2650 assequi.
3211 2565 3344 2634 Nam
3364 2583 3428 2633 ad
3451 2596 3646 2649 quam-

2061 2676 2190 2730 libet
2219 2683 2389 2728 artem
2427 2674 2591 2728 multa
2647 2673 2868 2743 quidem
2929 2673 3264 2737 ediscenda;
3305 2672 3456 2740 plura
3514 2683 3645 2728 sunt

2059 2769 2366 2822 exercenda
2395 2776 2454 2822 ut
2477 2767 2746 2835 quispiam
2782 2781 2882 2819 usu
2916 2766 3124 2834 peritus
3151 2765 3364 2830 evadat.
3397 2764 3480 2817 Ad
3529 2764 3644 2818 haec

2059 2861 2240 2914 autem
2273 2859 2446 2912 multo
2471 2865 2716 2927 tempore
2743 2872 2881 2926 opus
2904 2867 3052 2910 esset
3109 2870 3210 2909 nec
3261 2856 3493 2925 singulis
3534 2856 3642 2910 vita

2057 2951 2327 3007 sufﬁceret
2357 2950 2423 3004 ad
2454 2950 2635 3018 plures
2664 2957 2870 3002 tantum
2903 2948 3288 3017 acquirendas,
3350 2957 3404 3003 et
3455 2949 3643 3017 prius-

2058 3058 2223 3113 quam
2279 3040 2416 3098 scite
2438 3057 2634 3096 omnes
2664 3041 2864 3110 aliquis
2893 3041 3214 3109 attingeret,
3271 3050 3446 3094 morte
3498 3056 3642 3110 prte-

2059 3139 2360 3200 occnpatus
2393 3145 2651 3185 neunam
2698 3129 2917 3199 quidem
2969 3137 3269 3183 exerceret.
3321 3127 3428 3183 Sed
3480 3139 3637 3184 esto:

363 3220 601 3292 χρῆσθαι
632 3219 796 3290 χάριν
819 3219 1026 3280 ταύτας
1057 3219 1290 3272 κτᾶσθαι
1317 3216 1714 3279 σπουδάζουσιν
1735 3218 1946 3288 ἄνθρωα-

2057 3223 2307 3276 homines
2338 3223 2459 3276 illas
2488 3229 2547 3276 ut
2577 3235 2834 3276 exercere
2863 3221 3078 3274 valeant
3103 3220 3388 3288 acquirere
3417 3229 3642 3274 conten-

365 3330 494 3366 ποι·
529 3312 667 3364 ἀλλὰ
719 3312 816 3363 καὶ
867 3310 930 3362 τὸ
960 3309 1220 3362 δύνασθαι
1255 3308 1451 3378 τέχνην
1489 3309 1619 3376 μίαν
1648 3309 1680 3377 ἥ
1713 3308 1804 3361 δύο
1842 3325 1948 3376 μαι

365 3406 480 3459 θεῖν
514 3405 678 3458 πόθεν
730 3403 910 3471 ἕχειςς
962 3404 1115 3470 παρὰ
1167 3399 1400 3466 σαυτοῦ;
1437 3401 1531 3452 καὶ
1570 3401 1676 3468 μὴν
1707 3400 1868 3468 ἤρκει
1899 3397 1950 3466 γ’

366 3497 432 3550 ἂν
452 3497 514 3549 τδ
542 3497 769 3566 θελῆσαι
797 3495 935 3564 πρὸς
963 3493 1022 3545 τὸ
1054 3493 1270 3562 μαθεῖν,
1293 3493 1389 3546 καὶ
1416 3491 1586 3555 οὕτως
1611 3492 1674 3545 ἂν
1703 3494 1757 3543 ἐν
1784 3491 1948 3560 ὀλίγῳ

363 3587 544 3658 χρόνῳ
572 3588 752 3648 πάσας
791 3585 856 3638 ἂν
889 3579 1034 3653 εἶχες
1072 3583 1308 3636 εἰδέναι⁶
1338 3584 1476 3636 ἀλλὰ
1514 3585 1612 3652 τῆς
1645 3582 1950 3652 εἰρημένης

365 3681 776 3751 προχωρήσεως
807 3679 901 3749 δέῃ
951 3680 1046 3730 καὶ
1076 3677 1272 3746 χρόνου
1305 3678 1444 3746 πρὸς
1493 3677 1736 3744 ἑκάστην
1775 3675 1954 3728 πλείο-

365 3790 478 3836 νος.
511 3770 721 3826 Οὐκοῦν
759 3769 988 3824 ἄλλοθέν
1025 3785 1112 3820 σοι
1156 3767 1217 3819 τὸ
1261 3766 1524 3820 δύνασθαι
1561 3766 1756 3834 μαθεῖν
1805 3769 1952 3818 ἐστιν

366 3863 549 3916 ὁτιοῦν
595 3865 660 3931 τῇ
720 3860 883 3929 φύσει
937 3859 1237 3928 σπινθῆρος
1283 3859 1439 3926 δίκην
1475 3859 1826 3925 ἐγκείμενον·
1860 3859 1953 3910 καὶ

366 3958 557 4024 ὥσπερ
585 3955 686 4009 οὑκ
709 3953 901 4022 ἐγένου
931 3950 1009 4020 τῷ
1037 3951 1266 4021 θελῆσαι
1295 3949 1567 4016 γίνεσθαι,
1593 3948 1656 4001 ού
1679 3949 1788 4018 γὰρ
1809 3943 1954 4017 ἦσθα

367 4048 500 4118 πρὶν
549 4045 824 4114 γίνεσθαι,
878 4043 1055 4106 οὕτως
1107 4043 1228 4096 οὐδὲ
1284 4042 1378 4094 τὸν
1431 4041 1729 4110 σπινθῆρα’
1763 4039 1952 4092 τοῦτον

369 4144 528 4210 ἔσχες
555 4139 634 4209 τῷ
675 4136 1027 4210 βουληθῆναι,
1081 4137 1176 4190 καὶ
1221 4135 1281 4186 τὸ
1317 4135 1610 4204 μὴυπάσας
1657 4133 1771 4185 ἀλλ’
1804 4133 1952 4195 ἐνίας

366 4232 644 4294 δύνασθαι,
677 4233 774 4286 καὶ
819 4229 882 4285 τὺ
913 4230 989 4297 μὴ
1024 4231 1160 4296 πρὸς
1194 4229 1374 4289 πάσας
1403 4227 1608 4296 ὁμοίως
1643 4225 1949 4280 ἀδυνατεῖν.

321 4316 331 4324 ’
362 4323 507 4378 Οὔτε
542 4323 648 4393 μὴν
681 4323 1005 4389 αὐτομάτως
1057 4320 1246 4385 ἔσχεςο
1277 4312 1424 4386 εἶχες
1468 4318 1578 4386 γὰρ
1614 4314 1681 4370 ἂν
1719 4316 1881 4384 μόνος
1916 4316 1948 4384 ἢ

376 4415 489 4480 μετ’
518 4414 716 4482 ὀλίγων
747 4413 932 4474 αὐτὸς,
968 4410 1078 4462 τῶν
1109 4409 1284 4462 ἄλλων
1310 4409 1447 4478 πρὸς
1481 4407 1542 4460 τὸ
1581 4409 1774 4476 μαθεῖν
1803 4410 1944 4462 ἁπο-

375 4505 710 4575 πεφυκότων,
756 4505 947 4574 ὥσπερ
997 4503 1131 4571 πρὸς
1176 4502 1245 4554 τὰ
1297 4500 1459 4568 φύσει
1501 4500 1763 4569 γινόμενα
1795 4498 1950 4550 οὐδέν

2052 3315 2186 3369 dant
2213 3315 2391 3382 ;atqui
2419 3315 2537 3382 ipsa
2558 3315 2668 3366 haec
2699 3320 2872 3366 artem
2905 3327 3066 3365 unam
3099 3322 3192 3365 aut
3244 3311 3354 3366 dub
3404 3313 3640 3367 calleudi

2052 3406 2283 3462 facultas
2314 3405 2584 3458 uudenam
2619 3403 2712 3457 tibi
2745 3403 2768 3455 ἱ)
2794 3402 2931 3455 Num
2955 3417 2983 3455 a
3021 3392 3313 3470 temetipso
3336 3403 3359 3455 ?
3381 3401 3517 3455 Tum
3542 3405 3638 3472 igi-

2050 3506 2139 3551 tur
2166 3496 2300 3551 velle
2337 3496 2470 3550 satis
2496 3494 2687 3549 fuisset
2717 3494 2996 3549 ediscendi
3033 3494 3227 3564 grazia,
3259 3493 3468 3563 sicque
3521 3510 3641 3548 om-

2052 3604 2152 3642 nes
2183 3588 2334 3641 brevi
2369 3586 2642 3656 potuisses
2663 3584 2902 3639 edoceri.
2929 3584 3034 3638 Sed
3071 3584 3293 3652 praafato
3334 3599 3468 3638 sane
3515 3601 3639 3654 pro-

2052 3696 2244 3750 gressu
2275 3688 2328 3733 et
2354 3679 2525 3732 multo
2555 3686 2798 3745 tempore
2823 3676 2917 3729 tibi
2951 3677 3016 3729 ad
3048 3676 3294 3745 singulas
3345 3691 3484 3744 Opus
3533 3690 3636 3732 est.

2055 3773 2194 3840 Ergo
2227 3771 2443 3825 aliunde
2476 3771 2642 3824 habes
2669 3779 2725 3821 ut
2750 3768 2964 3822 discere.
2992 3769 3640 3838 valeasquidquidiustar

2053 3864 2304 3919 scintilla:
2338 3861 2502 3915 estin
2533 3869 2727 3914 natura
2773 3861 3102 3926 depositum.
3159 3859 3226 3911 At
3283 3863 3638 3930 quemadmo-

2053 3959 2180 4013 dqu
2219 3972 2324 4009 non
2351 3972 2415 4010 ex
2445 3971 2510 4008 eo
2537 3953 2711 4006 factus
2735 3967 2794 4006 es
2843 3952 2984 4020 quod
3047 3952 3161 4006 fieri
3219 3951 3456 4022 volueris
3515 3955 3639 4023 (nec

2052 4049 2196 4104 enim
2229 4049 2378 4116 prior
2422 4045 2568 4099 fuisti
2607 4060 2767 4114 quam
2795 4043 2995 4112 ﬁeres),
3033 4045 3105 4098 ita
3133 4059 3309 4114 neque
3343 4046 3636 4102 scintillam

2055 4143 2217 4198 istam
2249 4142 2484 4196 haberes
2512 4155 2575 4195 eo
2610 4140 2728 4209 ipso
2763 4138 2908 4208 quod
2943 4140 3128 4193 animo
3160 4145 3508 4210 proposueris
3525 4145 3640 4228 sire

2026 4249 2164 4308 _nou
2199 4233 2378 4287 dicam
2408 4247 2602 4286 omnes
2631 4231 2726 4286 sed
2758 4231 2966 4300 aliquot
3008 4233 3324 4300 pereallere,
3355 4233 3469 4289 sive
3529 4251 3638 4290 non

2052 4341 2173 4380 esse
2205 4326 2448 4379 omnium
2483 4323 2642 4378 simul
2671 4332 2971 4391 expertem.
3002 4324 3268 4377 Caeterum
3293 4340 3470 4394 neque
3494 4327 3638 4380 istud

2053 4431 2184 4470 casu
2233 4425 2426 4469 nactus
2475 4429 2647 4476 esses,
2696 4415 2924 4468 haberes
2973 4415 3118 4467 enim
3183 4431 3323 4469 unus
3373 4417 3493 4485 ipse
3544 4426 3640 4472 aut

2057 4515 2234 4559 tecum
2269 4504 2448 4571 pauci,
2479 4503 2688 4572 peritiae
2721 4503 2934 4556 caeteris
2991 4505 3302 4557 exsortibus
3335 4523 3349 4568 ;
3377 4507 3642 4574 quemad-

372 4614 478 4650 εστι
531 4597 722 4666 σχεδὸν
773 4596 844 4652 τά
887 4613 953 4665 γε
985 4595 1310 4664 αὐτομάτως
1359 4593 1629 4660 λεγόμενα
1675 4589 1942 4656 γίνεσθαι.

2057 4597 2270 4649 modum
2307 4610 2425 4661 (ιιιιὲ
2455 4593 2678 4647 fortuita
2704 4594 2986 4654 dicuntur,
3013 4607 3110 4660 pro
3155 4595 3480 4647 naturaliter
3502 4611 3637 4647 con-

366 4689 475 4741 (\Gv
505 4689 562 4741 δέ
609 4688 808 4752 πάντες
842 4688 1123 4757 ἄνθρωποι
1157 4687 1258 4756 τὴν
1304 4685 1400 4739 τοῦ
1439 4682 1736 4753 μανθάνειν
1763 4681 1946 4748 ἔχουσι

362 4780 626 4849 δύναμιν,
687 4779 956 4849 ἀορίστως
1015 4779 1115 4848 μὲν
1159 4777 1259 4847 τὴν
1316 4776 1493 4847 ἀρχὴν
1541 4774 1678 4842 πρὸς
1728 4773 1946 4835 ἁπάσας

363 4867 595 4937 ἔχουσαν
621 4867 816 4938 τέχνας
872 4870 1005 4936 πρὶν
1055 4865 1327 4935 ἄρξασθαι
1367 4863 1682 4932 μανθάνειν,
1724 4862 1862 4930 μετὰ
1889 4862 1946 4914 δὲ

361 4957 523 5011 τοῦτο
559 4959 696 5026 πρὸς
746 4958 875 5026 μίαν
919 4957 1116 5026 τέχνην
1159 4956 1506 5025 ὁριζομένην,
1530 4954 1618 5024 ’ἣν
1646 4955 1710 5007 ἄν
1739 4971 1820 5016 τις
1853 4953 1945 5004 καὶ

366 5050 661 5117 μανθάνειν
710 5048 961 5116 ἄρξαιτο,
993 5049 1040 5099 εἰ
1073 5047 1119 5098 δ’
1155 5047 1518 5114 εὐφυέστερος
1557 5063 1638 5106 τις
1673 5045 1778 5113 εἴη,
1812 5043 1947 5112 πρὸς

361 5137 457 5188 δύο
505 5137 602 5188 καὶ
652 5139 825 5207 τρεῖς,
879 5125 995 5187 ἀλλ’
1029 5133 1177 5186 οὗτοι
1232 5151 1296 5202 γε
1348 5134 1481 5202 πρὸς
1523 5135 1622 5196 τὰς
1663 5131 1943 5195 πλείστας,

364 5225 526 5294 σχολῇ
562 5243 626 5293 γε
660 5226 797 5292 πρὸς
825 5226 1007 5287 πάσας
1035 5225 1170 5295 ὁμοῦ
1196 5241 1209 5254 ·
1238 5225 1333 5276 καὶ
1355 5225 1453 5294 τὴν
1475 5223 1733 5292 τοιαύτην
1763 5223 1818 5274 δέ
1846 5221 1945 5289 τῆς

363 5314 579 5380 φύσεως
612 5314 1036 5383 ἐπιτηδειότητα
1069 5315 1208 5384 πρὸς
1254 5318 1313 5365 τὸ
1346 5313 1563 5375 πλείους
1603 5315 1794 5382 μαθεῖν
1825 5313 1944 5364 έτέ-

366 5408 538 5472 ρωθεν
571 5406 737 5474 ἔχεις,
767 5404 889 5457 ὅθεν
912 5405 976 5474 δὴ
1007 5407 1103 5457 καὶ
1130 5403 1192 5456 τὸ
1224 5404 1418 5472 μαθεῖν
1447 5403 1636 5466 ἁπλῶς
1665 5403 1942 5456 δύνασθαι⁹

363 5496 507 5548 ὥστε
543 5498 654 5568 καὶ.
677 5498 880 5564 σημεῖα
931 5495 1031 5564 τῆς
1079 5495 1341 5564 τοιαύτης
1386 5495 1710 5563 δεινότητος,
1759 5494 1944 5563 ὥσπερ

365 5586 431 5642 αὖ
461 5588 775 5641 τούναντίον
803 5587 898 5640 τοῦ
955 5589 1031 5659 μὴ
1084 5587 1388 5656 πεφυκέναι
1432 5587 1570 5657 πρὸς
1609 5587 1848 5648 πλείους,
1889 5590 1946 5639 ἐν

364 5682 432 5751 τῇ
462 5679 560 5732 τοῦ
595 5679 849 5748 σώματος
883 5681 1120 5752 ὁρῶνται
1167 5682 1481 5750 κατασκευῇ
1533 5679 1630 5743 τὴν
1671 5677 1820 5730 ἔνδον
1853 5679 1948 5748 δη-

365 5772 562 5824 λοῦντα
591 5773 870 5841 διάθεσιν,
928 5772 965 5829 ἃ
1013 5767 1122 5836 τοῖς
1161 5773 1289 5842 περὶ
1327 5771 1497 5826 ταῦτα
1544 5771 1736 5834 δεινοῖς
1768 5770 1948 5834 καλῶς

368 5862 670 5934 ἐξητάσθη.

2049 4686 2384 4754 tingentibus
2419 4684 2551 4737 nihil
2579 4675 2689 4738 fere
2716 4693 2863 4738 sunt.
2896 4683 3012 4738 Jam
3048 4699 3177 4738 vero
3201 4687 3453 4741 omnibus
3494 4687 3636 4741 inest

2050 4778 2365 4832 hominibus
2394 4777 2672 4831 ediscendi
2694 4775 2947 4837 facultas.
2975 4777 3255 4830 indelinita
3280 4778 3496 4846 quidem
3534 4780 3637 4834 iui-

2051 4873 2125 4924 tio
2163 4870 2307 4924 circa
2336 4878 2478 4922 artes
2504 4883 2714 4933 omnes,
2744 4869 3062 4937 priusquam
3093 4867 3303 4923 discere
3332 4869 3629 4938 incipiant;

2047 4970 2234 5031 postea
2264 4977 2392 5014 vero
2419 4961 2510 5013 uni
2543 4967 2752 5012 tantmn
2785 4958 3000 5013 addicta
3032 4975 3193 5026 quam
3227 4960 3408 5029 quivis
3433 4977 3625 5016 susce-

2048 5053 2186 5122 perit
2205 5053 2624 5121 assequendam.
2640 5052 2794 5117 Quod
2829 5052 2874 5105 sl
2901 5053 3022 5118 quis
3037 5052 3263 5119 aptioris
3296 5052 3460 5107 fuerit
3482 5055 3632 5122 iuge-

2048 5144 2147 5207 nii,
2181 5144 2246 5197 ad
2281 5143 2390 5197 duo
2425 5143 2506 5197 vel
2540 5150 2654 5196 tres
2689 5158 2788 5196 nec
2827 5144 2891 5196 ad
2926 5143 3107 5210 plures
3146 5145 3432 5215 pertinget,
3459 5147 3631 5200 multo

2049 5237 2232 5288 minus
2255 5236 2318 5288 ad
2354 5236 2657 5288 universas.
2689 5234 2889 5289 Verum
2921 5235 3034 5288 hac
3067 5237 3233 5290 etiam
3266 5239 3532 5292 naturalis
3561 5241 3628 5292 ad

2048 5326 2234 5394 plures
2262 5337 2410 5379 artes
2440 5325 2687 5393 aptitudo
2710 5325 2929 5379 aliunde
2963 5326 3058 5379 tibi
3092 5326 3171 5390 fit,
3203 5330 3345 5384 unde
3365 5331 3624 5382 nimirum

2047 5418 2161 5485 ipsa
2192 5415 2435 5470 discendi
2468 5416 2722 5471 facultas.
2748 5417 2896 5470 Adeo
2921 5418 3151 5485 utsigna
3170 5420 3332 5472 etiam
3355 5420 3626 5486 ejusmodi

2048 5507 2349 5562 habilitatis
2391 5508 2532 5563 sicut
2580 5518 2634 5562 et
2693 5507 2922 5570 inertiae,
2977 5506 3030 5560 in
3071 5510 3320 5575 corporis
3359 5509 3626 5562 constitu-

2049 5601 2522 5671 tione'appareant
2557 5616 2620 5654 ex
2655 5599 2856 5668 quibus
2885 5598 3177 5650 inuotescit
3212 5598 3378 5651 animi
3410 5608 3627 5668 captus,

2050 5701 2208 5760 prout
2230 5700 2483 5748 accurate
2515 5691 2580 5748 de
2610 5691 2693 5744 his
2724 5687 2904 5759 perite,
2951 5697 3286 5755 compertum
3329 5688 3554 5746 habent.
