4170 6294
543 389 652 457 δτι.

1633 387 1787 448 GEN
1798 387 1892 446 NA
1905 387 2014 448 Dii
2060 387 2171 449 (ΞΡ.
2213 389 2493 450 PATltiA
2505 387 2727 449 RC1”!

3686 387 3792 452 5ῗίῖ

509 530 516 562 ε
608 506 723 571 Qua
751 513 880 557 vero
906 500 973 556 de
1003 514 1175 555 causa
1200 515 1305 554 non
1356 499 1557 553 emdem
1606 498 1862 554 omnibus
1908 498 2115 553 artibus

2298 499 2463 553 ’Ύλαι
2500 500 2556 551 δὲ
2594 501 2708 560 πῶς
2760 500 2857 568 οὐχ
2909 503 2964 555 αἱ
3014 498 3175 553 αὑταὶ
3223 499 3426 560 πάσαις
3477 500 3796 552 ὑπόκεινται

536 589 774 652 materiai;
800 591 1104 660 suhjacent,
1134 590 1226 644 sed
1256 590 1346 647 alii
1378 590 1481 645 alia
1509 590 1770 660 queritur
1795 590 1817 643 ?
1841 588 1948 643 Nec
1966 588 2115 641 enim

536 688 783 758 proiecto
830 686 1021 741 eadem
1074 700 1139 739 ex
1163 687 1387 739 materia
1418 685 1515 740 tibi
1575 686 2006 740 calceameutnm
2063 690 2117 736 et

535 776 755 830 domum
788 790 971 838 erues,
995 784 1047 829 et
1074 775 1118 829 si
1151 790 1257 829 non
1285 774 1446 827 modo
1474 772 1854 829 caementitiam
1913 772 2006 827 sed
2062 777 2116 824 et

536 865 803 922 sutorium
831 863 1043 918 colercs
1068 872 1236 917 artem
1264 852 1289 930 ξ
1342 878 1517 931 neque
1546 862 1691 917 ultro
1739 862 2019 917 laborares
2068 862 2112 916 si

537 971 603 1011 ex
653 955 843 1011 eadem
895 968 1081 1017 nosses
1132 963 1427 1022 utrumque
1478 953 1771 1009 conficere.
1830 952 2112 1007 Undenam

538 1041 704 1109 igitur
728 1039 868 1110 apud
896 1040 1136 1095 artifices
1168 1041 1254 1094 illa
1302 1042 1451 1095 circa
1504 1042 1759 1096 materias
1809 1039 2116 1095 discretio?

539 1129 659 1185 Non
687 1132 832 1185 enim
863 1145 963 1187 sua
1015 1141 1208 1200 sponte
1262 1133 1311 1185 id
1371 1134 1556 1202 operis
1609 1132 1915 1199 exhibent;
1949 1116 2115 1204 tuque

538 1224 654 1292 ipse
686 1223 811 1277 lit-et
841 1223 1097 1279 omnibus
1121 1224 1371 1279 similiter
1395 1225 1459 1277 ad
1495 1234 1827 1279 structuram
1857 1236 2000 1280 tuam
2033 1226 2110 1281 uti

535 1315 744 1377 liceret,
777 1324 833 1368 at
866 1329 973 1368 non
1004 1314 1125 1369 ideo
1151 1329 1362 1383 posses.
1418 1313 1610 1382 Viden,
1645 1316 1793 1385 quod
1843 1316 2111 1385 ejusmodi

537 1406 831 1469 ordinatio,
862 1407 1080 1462 tametsi
1134 1406 1188 1460 in
1216 1406 1427 1462 artibus
1452 1414 1507 1461 et
1538 1408 1767 1476 opihciis
1791 1419 1896 1479 per
1926 1423 1984 1463 se
2030 1408 2112 1461 vi-

536 1498 732 1552 deatur
760 1498 864 1551 arti
894 1499 1158 1566 subjecta,
1215 1501 1332 1569 ipsa
1393 1514 1577 1554 revera
1636 1500 1815 1568 pra'sit
1860 1500 2113 1554 omnibus

539 1604 663 1657 quae
691 1591 1016 1646 naturaliter
1045 1599 1319 1655 constant,
1348 1590 1443 1645 tibi
1474 1606 1603 1645 vero
1652 1599 1893 1659 potestas
1942 1592 2111 1648 indita

542 1680 617 1734 sit
655 1681 966 1736 inveniendi
996 1698 1244 1751 qua'nam
1280 1683 1506 1737 cuilibet
1534 1683 1634 1737 arti
1685 1699 1732 1736 tn
1776 1685 1947 1737 atetia
1982 1699 2111 1737 cnn-

539 1780 742 1841 grttat;
773 1771 890 1841 ipsa
942 1772 1175 1842 denique
1212 1773 1450 1841 ratiolest
1484 1774 1645 1828 etiam
1671 1774 1771 1829 sibi
1798 1772 2109 1830 famulantis

536 1862 806 1917 exercitii.
833 1863 1098 1919 Przeterea
1119 1879 1287 1932 quare
1303 1880 1426 1920 cum
1446 1865 1682 1922 mdiiicas
1704 1881 1734 1921 a
1752 1866 2108 1923 fundamento

534 1953 757 2022 incipis,
790 1968 979 2009 muros
1005 1955 1199 2010 deinde
1226 1963 1594 2024 coagmentas,
1622 1962 1864 2028 posthaec
1903 1960 2113 2015 tabula-

536 2054 720 2100 menta
748 2049 1115 2117 supersteruis
1133 2063 1196 2103 ac
1220 2049 1454 2117 parietes
1485 2065 1703 2104 rursum
1755 2051 1939 2121 erigis,
1995 2064 2108 2107 tum

536 2136 793 2206 deinceps
825 2146 1028 2193 tectum
1066 2139 1327 2210 imponis,
1381 2155 1444 2197 ac
1494 2143 1706 2198 tandem
1763 2144 2110 2199 distributam

537 2239 771 2281 exornas
790 2228 1102 2282 interiorem
1124 2230 1346 2286 domum
1375 2247 1391 2298 ;
1421 2233 1618 2286 atenim
1643 2218 1916 2304 nunquam
1944 2247 2113 2291 retro-

541 2333 733 2373 versus
766 2319 869 2373 iSta
900 2320 1371 2391 peragis‘lAnnon
1412 2324 1638 2379 evidens
1696 2325 1838 2393 quod
1895 2327 2110 2381 etiamsi

541 2408 699 2465 aliter
721 2409 875 2475 velis,
898 2426 1003 2466 non
1020 2412 1140 2467 ideo
1161 2422 1416 2482 praastare
1440 2415 1652 2483 queas?
1676 2413 1769 2471 Vel
1803 2417 1964 2471 etiam
1990 2433 2115 2489 pro-

540 2498 683 2554 fecto
712 2500 936 2570 pedibus
973 2511 1094 2557 utut
1123 2504 1285 2573 capiti
1320 2504 1525 2560 innixis
1550 2507 1847 2574 incederes,
1879 2509 1923 2566 si
1950 2509 2112 2564 modo

540 2592 744 2656 valeas,
778 2593 920 2662 quod
943 2603 997 2649 et
1019 2595 1229 2651 lusores
1281 2595 1501 2666 quidam
1533 2597 1842 2668 prodigiose
1869 2609 2111 2669 patrant;

542 2680 597 2735 bi
626 2698 754 2738 vero
788 2699 855 2736 ne
882 2700 988 2740 una
1014 2687 1231 2754 quidem
1270 2688 1385 2742 vice
1408 2688 1572 2757 capiti
1605 2704 1702 2757 pro
1726 2690 1952 2758 pedibus
1977 2692 2114 2746 insi-

542 2781 719 2836 stunt,
752 2773 1090 2843 impossibile
1114 2776 1260 2831 enim
1292 2787 1410 2843 est;
1441 2779 1691 2833 manibus
1711 2790 1891 2835 antem
1923 2791 2115 2837 evecto

544 2865 724 2933 capite
748 2866 896 2918 humi
926 2866 1141 2932 ludunt,
1175 2869 1289 2921 vice
1317 2869 1513 2936 pedum
1560 2872 1816 2927 manibus
1872 2882 2113 2931 utentes.

545 2953 746 3025 thuid
781 2956 1004 3025 insuper
1029 2959 1081 3011 in
1112 2959 1246 3012 mari
1275 2975 1380 3013 nou
1410 2960 1669 3027 :cdit'lcas,
1695 2974 1789 3017 aut
1815 2977 1980 3019 nauta
2006 2981 2112 3021 non

543 3047 679 3100 Solet
717 3054 861 3101 terra
890 3051 1169 3118 navigare,
1221 3051 1326 3105 nisi
1369 3053 1510 3121 quod
1569 3068 1744 3121 neque
1802 3069 1899 3123 per
1950 3072 2111 3128 agros

2218 588 2472 659 τέχναιςς
2532 590 2665 660 πρὸς
2700 590 2746 642 δ’
2779 590 2947 662 ἄλλην
3003 592 3199 660 τέχνην
3231 590 3365 658 ἄλλη
3422 590 3699 659 ζητεῖταιε
3735 595 3795 643 οὑ

2218 682 2325 751 γάρ
2357 684 2423 753 τῇ
2479 682 2617 752 αὑτῇ
2665 698 2726 748 γε
2782 680 2884 755 ὕλῃ
2940 683 3193 751 ὑπόδημα
3246 681 3312 734 ἂν
3368 683 3658 751 τεχνάσαιο
3704 685 3796 734 καὶ

2216 771 2416 834 οἰκίαν,
2452 772 2631 842 Γείπερ
2676 775 2770 827 καὶ⁵
2822 775 3184 843 σκυτοτομεῖν
3234 773 3458 843 εἰδείης,
3513 773 3581 824 οὔ
3634 774 3794 839 μόνον

2216 863 2551 932 οἰκοδομεῖνο
2584 866 2684 917 οὐκ
2718 864 2783 918 ἂν
2811 865 2857 917 δ’
2907 860 3052 933 εἶχες
3087 864 3388 938 πράγματα
3432 862 3595 939 ἑκὰζν,
3635 862 3796 929 εἴπερ

2217 952 2471 1020 ἡδύνασο,
2508 956 2572 1023 τῇ
2606 954 2742 1026 αὑτῇ
2777 949 2924 1006 οἳκόν
2951 972 3012 1006 τε
3046 954 3141 1006 καὶ
3181 953 3435 1022 ὑπόδημα
3467 954 3643 1004 ποιεῖν
3670 951 3795 1020 ὕλη.

2218 1042 2389 1096 Πόθεν
2428 1043 2533 1114 δίὶ
2575 1046 2716 1098 κατὰ
2770 1046 2868 1119 τὴν
2900 1045 3034 1115 ὓλην
3068 1045 3209 1115 αὕτη
3261 1044 3493 1112 διαφορὰ
3547 1044 3684 1113 πρός
3729 1061 3794 1109 γε

2217 1136 2316 1198 τάς
2350 1136 2544 1206 τέχνας
2577 1142 2685 1200 τοῖς
2720 1139 3029 1206 μετιοῦσινξ
3058 1138 3118 1189 οὑ
3150 1136 3258 1205 γάρ
3298 1134 3611 1205 βουλόμενοι
3639 1134 3799 1187 τοῦτο

2216 1228 2563 1299 πάσχουσιν,
2626 1231 2718 1284 καὶ
2780 1230 2844 1283 σὺ
2901 1229 3185 1300 βουληθεὶς
3243 1228 3544 1307 κεχρῆσθαι
3595 1228 3799 1286 πάσαις

2214 1321 2417 1390 ὁμοίως
2453 1322 2589 1391 πρὸς
2637 1322 2738 1391 τὴν
2791 1322 2891 1390 σὴν
2939 1320 3291 1391 οἰκοδομικὴν
3334 1320 3435 1372 οὐκ
3484 1319 3551 1371 ἂν
3588 1318 3794 1379 δύναιο,

2215 1412 2466 1480 καθάπερ
2520 1412 2696 1480 ἔφθην
2747 1413 2941 1467 εἰπών.
3009 1413 3175 1483 Ὁρᾷς
3209 1411 3311 1481 τὴν
3353 1409 3616 1477 τοιαύτην
3645 1408 3798 1472 τάξιν

2214 1505 2315 1558 κάν
2345 1506 2466 1567 ταῖς
2505 1504 2722 1573 τέχναις
2752 1522 2810 1556 τε
2839 1506 2930 1556 καὶ
2969 1506 3082 1567 τοῖς
3116 1519 3346 1573 τεχνητο
3360 1504 3412 1565 ῖς
3453 1501 3793 1571 φαινομένην

2212 1595 2290 1664 τῷ
2318 1594 2418 1665 τὴν
2453 1596 2553 1664 μὲν
2599 1595 2760 1664 φύσιν
2809 1596 3131 1649 ὑποκεῖσθαι
3174 1596 3242 1666 τῇ
3292 1594 3496 1663 τέχνῃ,
3538 1591 3797 1661 τετάχθαι

2213 1686 2270 1739 δὲ
2297 1686 2583 1759 προδήλως
2615 1687 2785 1755 αὑτὴν
2815 1689 2872 1739 ὲν
2900 1689 3015 1749 τοῖς
3051 1686 3214 1754 φύσει
3248 1684 3580 1739 συνεστῶσιν
3600 1683 3795 1748 ἅπασι,

2216 1777 2299 1828 σοὶ
2320 1776 2374 1829 δὲ
2391 1777 2620 1845 δόναμιν
2636 1776 2969 1829 ἐντεθεῖσθαι
2984 1776 3101 1842 τοῦ,
3122 1775 3250 1829 ποία
3274 1776 3340 1830 ἂν
3360 1774 3461 1844 ὕλη
3484 1774 3612 1844 ποία
3628 1774 3797 1843 τέχνῃ

2212 1865 2529 1935 ἀρμόσειεν,
2553 1866 2843 1935 εὑρετικὴν
2864 1882 2879 1897 ο
2909 1867 3119 1936 ταύτην
3154 1865 3203 1919 δ’
3236 1861 3376 1918 εἶναι
3408 1869 3500 1916 τὸν
3518 1863 3676 1931 λόγον
3699 1863 3797 1917 καὶ

2211 1958 2410 2029 πείρας
2439 1958 2824 2029 ὑπουργούσης
2855 1958 3024 2027 αὐτῷ.
3059 1956 3223 2012 Ἀλλά
3257 1957 3362 2026 μὴν
3389 1956 3484 2008 καὶ
3511 1954 3601 2008 διὰ
3638 1956 3689 2007 τί
3728 1956 3796 2006 ὲκ

2214 2047 2469 2119 θεμελίου
2488 2045 2790 2118 οἰκοδομῶν
2808 2049 2975 2119 ἄρχῃ,
2997 2044 3117 2102 εἶτα
3135 2047 3354 2117 τοίχους
3380 2044 3669 2115 συνείρεις,
3689 2039 3792 2098 εἶτ’

2212 2140 2473 2208 ἑφαπλοῖς
2506 2143 2944 2211 καταστρώματα
2970 2142 3063 2193 καὶ
3095 2139 3307 2209 τοίχους
3356 2133 3422 2191 αὖ
3462 2137 3794 2204 ὲπεγείρεις,

2212 2228 2330 2284 εἶτα
2356 2231 2667 2284 τελευταῖον
2721 2230 2984 2293 ἐπιτιθεῖς
3014 2230 3240 2300 ὀροφὴν,
3290 2226 3410 2282 εἶτα
3444 2227 3681 2296 μερίζων
3709 2226 3795 2279 Ιν-

2212 2321 2302 2373 δον
2326 2324 2720 2390 κατακοσμεῖς,
2753 2323 2871 2375 ἀλλ’
2893 2323 3149 2375 οὐδέποτε
3173 2322 3265 2375 καὶ
3299 2320 3797 2388 ἀντεστραμμένως

2214 2413 2390 2466 ταῦτα
2432 2417 2646 2479 ποιεῖς;
2699 2415 2944 2485 ῆδῆλον,
3000 2416 3075 2479 ὡς
3123 2416 3223 2468 οὐκ
3260 2414 3329 2468 ἂν
3384 2415 3559 2477 ἄλλως
3612 2413 3798 2467 δύναιο

2217 2508 2391 2557 ποιεῖν
2422 2505 2543 2558 οὑδὲ
2580 2505 2862 2575 βουληθείς
2889 2524 2905 2574 ;
2941 2503 3019 2559 Ἦ
3048 2507 3154 2577 γάρ
3190 2506 3257 2561 ἂν
3303 2508 3400 2561 καὶ
3440 2504 3797 2574 περιεπάτεις

2214 2597 2345 2648 ποτὲ
2372 2599 2438 2666 τῇ
2482 2598 2693 2668 κεφαλῇ
2736 2598 2863 2660 τοὺς
2914 2598 3078 2661 πόδας
3127 2597 3441 2665 ὲπερείδων,
3484 2596 3646 2665 εἴπερ
3669 2594 3796 2662 ἡδύ-

2214 2704 2365 2752 νασο,
2406 2688 2541 2759 ὅπερ
2573 2688 2704 2741 ἔνιοι
2737 2688 3022 2751 παίζοντες
3054 2686 3583 2756 παραδοξοποιοῦσιν
3605 2703 3621 2718 ο
3662 2685 3794 2738 κάθε-

2213 2796 2372 2849 ηνται
2404 2779 2456 2831 δὲ
2486 2778 2596 2833 οὐδ’
2643 2771 2790 2833 οὗτοι
2818 2782 2883 2850 τῇ
2913 2779 3123 2849 κεφαλῇ
3153 2778 3408 2844 καθάπαξ
3442 2779 3561 2831 ἀντὶ
3591 2778 3792 2839 ποδῶν.

2216 2870 2497 2940 ἀμήχανον
2533 2871 2662 2941 γάρ,
2693 2873 2815 2933 ταῖς
2849 2871 2904 2923 δὲ
2933 2873 3091 2942 χερσὶ
3113 2871 3211 2940 τὴν
3246 2869 3490 2940 κεφαλὴν
3526 2871 3792 2939 μετεωρί-

2216 2965 2404 3027 ζοντες
2450 2963 2543 3016 ἐπὶ
2599 2963 2703 3035 γῆς
2736 2965 2988 3029 παίζουσι
3036 2966 3157 3027 ταῖς
3206 2965 3398 3033 χερσὶν
3448 2962 3571 3017 ἀντὶ
3615 2961 3794 3015 ποδῶν

2215 3051 2514 3122 χρώμενοι.
2551 3053 2651 3107 Διὰ
2680 3055 2731 3105 τί
2762 3054 2821 3107 δὲ
2864 3055 2958 3107 καὶ
2992 3054 3066 3124 μὴ
3102 3053 3405 3123 οίκοδομεῖς
3441 3054 3500 3105 ὲν
3524 3050 3792 3119 θαλάσσῃ,

545 3134 841 3218 navigatio,
902 3153 1002 3193 nec
1053 3137 1108 3193 in
1158 3141 1292 3193 mari
1347 3144 1908 3213 unquamﬁediﬁcatio
1957 3147 2109 3218 fungi

2220 3145 2329 3198 οὐδ’
2354 3148 2382 3198 ό
2418 3145 2744 3208 πλευστικδς
2769 3144 2864 3197 ἐπὶ
2893 3146 2997 3215 γῆς
3036 3144 3194 3198 εῐωθε
3225 3144 3401 3206 πλεῖν,
3438 3145 3472 3214 ἢ
3497 3143 3579 3196 ὅτι
3630 3141 3792 3196 πλευ-

547 3214 713 3296 queat
740 3242 842 3287 suo
886 3229 1161 3285 munere!
1224 3227 1346 3284 Uno
1393 3235 1575 3299 verbo,
1617 3250 1682 3290 ex
1735 3246 1850 3293 arte
1890 3214 2109 3309 quidem

544 3318 818 3376 aediﬁcare
875 3321 1134 3388 didicisti,
1197 3332 1392 3377 natura
1436 3336 1615 3382 autem
1659 3330 2113 3401 naturalibusque

544 3415 709 3469 rebus
749 3412 940 3468 uteris.
977 3414 1082 3468 Ant
1120 3415 1166 3470 si
1218 3431 1372 3470 esses
1428 3418 1693 3484 medicus,
1754 3420 1955 3477 herbas
2004 3423 2114 3477 uti—

543 3519 649 3574 que
674 3520 737 3560 ae
767 3503 973 3575 lapides
998 3506 1050 3560 in
1082 3505 1221 3561 hanc
1247 3517 1416 3562 artem
1438 3509 1746 3566 adhiberes.
1795 3512 1960 3583 Atqui
2010 3516 2113 3569 alia

542 3595 761 3664 quidem
791 3597 858 3651 ad
893 3597 1037 3652 aliud
1071 3598 1241 3653 herba
1272 3610 1399 3655 nata
1428 3609 1535 3666 est,
1564 3618 1739 3673 neque
1771 3605 1838 3658 ad
1894 3606 2110 3663 morbos

543 3693 755 3740 tantum
776 3692 1069 3754 sanandos,
1093 3688 1187 3745 sed
1215 3698 1267 3744 et
1290 3689 1598 3746 inducenda
1618 3702 1729 3748 tum
1753 3694 1959 3750 scilicet
1983 3695 2115 3765 ipsis

546 3781 848 3847 utentibus,
881 3791 994 3837 tum
1020 3782 1087 3836 iis
1118 3782 1212 3853 qui
1246 3793 1388 3839 recte
1423 3786 1501 3839 uti
1524 3785 1779 3840 nesciunt
1805 3802 1823 3853 ;
1848 3788 1951 3841 alia
1984 3800 2116 3842 vero

543 3868 705 3921 etiam
740 3868 897 3933 plane
949 3870 1245 3938 perimunt,
1306 3873 1502 3927 nedum
1553 3874 1840 3930 sanitatem
1899 3885 2119 3931 servent

546 3968 639 4011 aut
678 3968 954 4014 revocent.
990 3959 1065 4045 ip
1092 3970 1144 4015 et
1171 3962 1377 4029 lapides
1409 3974 1725 4031 operantur,
1774 3980 1875 4019 nec
1922 3980 2114 4020 eorum

548 4060 743 4104 natura
773 4052 880 4104 ulla
918 4067 1153 4120 unquam
1189 4064 1371 4121 posset
1405 4054 1671 4109 industria
1718 4056 1939 4109 mutari.
2002 4056 2119 4111 Hoc

542 4149 756 4195 tantum
789 4141 1145 4210 prohibentur
1172 4158 1260 4209 ne,
1280 4145 1556 4214 proprium
1579 4152 1919 4214 assequendo
1937 4146 2116 4215 tinem,

547 4232 682 4286 alias
707 4232 807 4287 sibi
850 4235 1153 4290 contrarias
1201 4235 1348 4289 vires
1400 4244 1492 4289 aut
1529 4234 1862 4292 efﬁcaciores
1912 4253 2118 4309 praepes

548 4327 699 4381 diant
727 4334 1003 4380 necnonet
1028 4327 1267 4397 reliquas
1284 4327 1417 4382 artis
1437 4328 1749 4385 methodos.

2220 3236 2379 3304 στικὴ
2411 3235 2509 3305 μὲν
2540 3235 2633 3287 ἐπὶ
2663 3234 2789 3302 γῆς,
2820 3233 3140 3303 οἰκοδομικὴ
3180 3231 3237 3285 δὲ
3267 3232 3361 3284 ἐπὶ
3392 3231 3666 3299 θαλάττης
3693 3230 3794 3283 οὐκ

2218 3326 2556 3380 ἂνδόναιντό
2591 3343 2723 3380 ποτε
2774 3325 2842 3377 τά
2878 3324 3058 3379 αὐτῶν
3109 3323 3412 3393 πράττειν;
3463 3322 3558 3375 καὶ
3610 3320 3794 3381 ἁπλῶς

2218 3422 2415 3485 είπεῖν,
2447 3419 2613 3491 τέχνῃ
2665 3419 2764 3488 μὲν
2806 3418 2979 3488 δήπου
3014 3418 3072 3469 τὸ
3104 3416 3408 3485 οίκοδομεῐν
3456 3413 3602 3482 ἔχειν
3649 3412 3796 3481 εἰλη-

2220 3528 2349 3582 φας,
2382 3511 2651 3581 κέχρησαι
2682 3510 2737 3564 δὲ
2773 3510 2935 3579 φύσει
2961 3526 3018 3562 τε
3048 3509 3143 3563 καὶ
3169 3510 3285 3570 τοῖς
3331 3507 3431 3576 τῆς
3463 3506 3678 3576 φύσεως
3706 3504 3798 3573 ιρ-

2221 3619 2359 3672 γοις.
2394 3604 2502 3655 Καὶ
2531 3604 2713 3675 ἰατρὸς
2735 3604 2895 3672 εἴπερ
2921 3599 3087 3673 ἦσθα,
3118 3600 3372 3671 βοτάναις
3399 3601 3466 3654 ἂν
3494 3601 3589 3653 καὶ
3628 3596 3797 3657 λίθοις

2221 3695 2359 3764 πρὸς
2388 3696 2489 3764 τὴν
2518 3695 2716 3764 τέχνην
2748 3694 2955 3765 ταύτην
2992 3695 3293 3764 ἐκέχρησο·
3343 3690 3542 3761 βοτάνη
3569 3690 3625 3742 δὲ
3655 3688 3789 3756 άλλη

2222 3785 2355 3854 δρᾷν
2381 3782 2509 3837 ἄλλο
2538 3802 2592 3837 τι
2622 3786 2892 3853 πέφυκεν,
2922 3784 3043 3838 οὐδὲ
3078 3782 3401 3853 νοσημάτων
3432 3780 3798 3834 ἀπαλλάττειν

2227 3875 2409 3945 μόνον,
2441 3874 2577 3928 ἀλλὰ
2610 3877 2702 3928 καὶ
2731 3879 2922 3939 νόσους
2970 3876 3145 3927 ποιεῖν
3190 3879 3303 3936 τοῖς
3334 3873 3470 3935 ὅλως
3497 3871 3800 3942 χρωμένοις

2223 3966 2256 4036 ἢ
2288 3969 2401 4030 τοῖς
2429 3967 2529 4020 οὐκ
2579 3967 2746 4020 εἰδόσι
2778 3966 3015 4038 χρῆσθαι
3062 3966 3264 4030 καλῶς,
3296 3965 3391 4021 καὶ
3429 3965 3704 4018 κτείνουσι
3741 3961 3799 4014 δὲ

2224 4056 2382 4110 ἄλλαι
2418 4057 2638 4119 τελείως
2688 4057 2807 4110 ἀντὶ
2836 4057 2932 4110 τοῦ
2970 4057 3191 4127 τρέφειν
3220 4056 3253 4125 ἢ
3296 4054 3397 4123 τὴν
3447 4052 3637 4121 ὑγείαν
3666 4052 3801 4103 irra-

2228 4148 2494 4213 νασώζειν
2521 4166 2534 4180 ·
2568 4150 2662 4202 καὶ
2694 4149 2832 4203 λίθοι
2861 4148 2919 4201 δὲ
2943 4147 3207 4209 ὡσαύτως
3234 4145 3410 4199 ταῦτα
3439 4142 3674 4204 ποιοῦσι,
3701 4139 3819 4192 καὶ.⁵

2220 4243 2321 4310 τὴν
2353 4242 2533 4294 αὐτῶν
2591 4240 2754 4310 φύσιν
2793 4240 2970 4301 οὐδεὶς
3030 4240 3096 4293 ἂν
3142 4237 3367 4306 οὐδεμιᾷ
3405 4234 3796 4304 μεταποιήσειε

2220 4335 2419 4406 τέχνῃ·
2462 4332 2747 4405 ἐἴργονται
2790 4334 2950 4403 μόνον
2995 4335 3064 4387 τά
3109 4331 3301 4399 αὐτῶν,
3330 4330 3575 4395 ὲξανύειν
3617 4326 3796 4391 ἄλλοις

548 4417 805 4472 τάναντία
838 4435 897 4470 τε
923 4416 1192 4487 πεφυκόσι
1219 4416 1346 4471 ’καὶ
1413 4415 1870 4489 δραστικωτὲροις
1898 4421 2373 4494 άντιπραττόμενα
2402 4424 2496 4477 καὶ
2526 4423 2773 4494 μεθόδοις
2800 4425 2994 4493 τέχνης
3026 4423 3260 4493 ἑτέραις.

622 4513 808 4582 Itaque
834 4527 898 4565 ex
932 4511 1342 4568 sublimioribus
1373 4510 1468 4567 Dei
1517 4512 1773 4581 operibus
1825 4523 1987 4583 atque
2041 4531 2122 4570 re-
2151 4518 2203 4577 D

549 4619 668 4657 rum
704 4612 757 4657 et
782 4602 974 4656 virium
1000 4601 1082 4657 his
1110 4602 1397 4657 insitarum
1459 4610 1565 4656 tam
1595 4603 1864 4657 concinna
1918 4604 2118 4659 distin-

548 4697 745 4757 c.ione,
777 4711 839 4750 ex
865 4694 1311 4749 manifestissima
1352 4702 1406 4748 et
1442 4695 1707 4763 stupenda
1739 4696 1926 4749 mutuli
1960 4696 2119 4765 hujus

553 4787 792 4842 universi
825 4787 1296 4840 administratione
1343 4786 1429 4839 cui
1477 4795 1662 4840 tantus
1693 4788 1850 4856 tordo
1897 4797 2112 4857 pra‘est,

551 4898 615 4937 ex
644 4881 825 4935 multis
853 4881 972 4934 aliis
1007 4878 1243 4947 denique
1280 4877 1331 4931 id
1359 4879 1575 4947 generis
1628 4880 1770 4933 unde
1819 4895 2008 4934 omnes
2049 4879 2116 4933 ad

553 4973 642 5025 Dei
675 4973 922 5024 notitiam
955 4970 1271 5023 necessario
1302 4969 1564 5038 compulsi
1628 4978 1778 5033 sunt,
1823 4984 2015 5037 posses
2063 4983 2116 5023 et

550 5075 605 5116 tu
634 5063 956 5128 comperire,
987 5062 1029 5115 si
1057 5060 1241 5127 libeat,
1263 5061 1533 5117 nihilessc
1564 5060 1645 5114 vel
1671 5060 1785 5114 fieri
1812 5060 1955 5128 quod
1978 5076 2117 5129 prte-

547 5162 631 5206 ter
666 5152 911 5206 ordinem
941 5150 1032 5205 ﬁat
1059 5162 1151 5205 aut
1180 5152 1270 5218 sit,
1302 5151 1663 5219 universaque
1688 5151 1831 5205 entia
1881 5152 2115 5219 quatiam

549 5244 701 5313 quasi
738 5238 1065 5313 permirabili
1097 5254 1287 5298 catena
1323 5243 1571 5297 connecti
1597 5242 1758 5295 simul
1790 5257 1851 5297 ac
1881 5245 2113 5312 secerni,

548 5334 708 5405 cujus
739 5348 846 5388 non
878 5331 1110 5389 fuissent
1141 5333 1243 5403 ipsi
1276 5332 1495 5387 sibimet
1525 5339 1800 5385 auctores.
1827 5330 2011 5401 Neque
2038 5340 2118 5386 tot.

549 5438 770 5497 tamque
796 5427 1091 5483 dissimiles
1119 5435 1326 5479 naturae
1351 5422 1403 5475 in
1434 5423 1593 5476 unius
1624 5423 1809 5477 mundi
1850 5425 2120 5479 constitu-

548 5522 748 5575 tionem
780 5521 920 5573 inter
951 5533 1009 5574 se
1031 5524 1219 5572 essent
1254 5515 1323 5569 ab
1359 5514 1515 5568 initio
1561 5524 1848 5581 consertae,
1888 5517 2120 5615 gemine

542 5612 654 5681 jam
690 5622 803 5666 tum
826 5619 1147 5665 conserente
1188 5606 1403 5676 illisque
1448 5604 1529 5658 sic
1582 5613 1839 5672 perpetuo
1874 5604 2119 5661 c'oalcndi

546 5701 659 5753 vim
687 5699 1063 5768 suppeditante
1083 5710 1245 5763 quam
1277 5696 1393 5763 ipse
1418 5705 1601 5763 posset
1648 5695 1713 5748 ad
1760 5704 1950 5749 nutum
2005 5696 2116 5750 sol-

548 5806 696 5848 vere.
728 5790 896 5846 Porro
928 5788 1216 5844 ordinatim
1252 5789 1355 5847 ista
1405 5801 1691 5843 conserere
1743 5788 1881 5843 idem
1933 5797 2014 5842 est
2056 5804 2119 5844 ac

2312 4517 2409 4571 Ἐκ
2438 4516 2548 4571 τῶν
2582 4516 2932 4587 ὑψηλοτέρων
2973 4517 3153 4587 τοίνυν
3184 4515 3280 4569 τοῦ
3309 4514 3442 4569 Θεοῦ
3494 4516 3674 4583 ἔργων
3703 4517 3797 4569 καὶ

2224 4607 2323 4675 τῆς
2370 4584 2637 4660 εὐτάκτου
2671 4584 2937 4677 διαφορᾶς
2988 4584 3188 4660 τῶνιιν
3222 4606 3407 4668 αὐτοῖς
3452 4605 3670 4675 φύσεων
3702 4606 3797 4659 καὶ

2224 4696 2527 4767 δυνάμεων,
2581 4698 2676 4750 καὶ
2723 4698 2825 4764 τῆς
2881 4699 3276 4767 φανερωτάτης
3333 4696 3427 4751 καὶ
3482 4695 3795 4765 ξενιζούσης

2222 4785 2376 4840 τοῦδε
2404 4786 2499 4841 τοῦ
2545 4787 2741 4849 παντὸς
2785 4786 3103 4855 διοικήσεως
3150 4786 3295 4840 οὕτω
3341 4786 3460 4839 λίαν
3498 4784 3665 4856 οὔσης
3699 4786 3794 4843 εὑ-

2222 4876 2422 4930 τάκτου
2445 4879 2540 4930 καὶ
2557 4877 2765 4929 πολλῶν
2788 4877 2964 4930 ἄλλων
2984 4877 3265 4943 τοιούτων,
3297 4876 3365 4929 δι’
3388 4872 3465 4931 ὧν
3486 4876 3789 4943 ἀναγκαίως

2223 4968 2361 5037 πρὸς
2390 4967 2484 5039 τὴν
2516 4969 2647 5039 περὶ
2695 4968 2786 5020 τοῦ
2821 4968 2964 5021 θείου
3015 4969 3217 5029 πάντες
3256 4969 3503 5037 ἤχθησαν
3558 4966 3790 5031 ἔννοιαν,

2218 5052 2365 5125 εἶχες
2393 5058 2479 5124 ἂν,
2520 5061 2677 5127 εῖπερ
2705 5058 2927 5112 ἐϐούλου
2968 5059 3308 5129 καταμαθεῖν
3355 5058 3450 5112 καὶ
3501 5059 3686 5121 αὐτὸς,
3720 5057 3796 5117 ὡς

2218 5150 2373 5202 οὐδὲν
2405 5150 2553 5203 ἔστιν
2581 5152 2639 5203 ιν
2666 5151 2776 5212 τοῖς
2804 5146 2924 5202 οὖσι
2954 5151 3051 5202 καὶ
3080 5151 3406 5217 γινομένοις,
3424 5148 3554 5202 ἄνευ
3585 5145 3793 5210 τάξεως

2218 5238 2277 5291 ὃν
2314 5241 2409 5292 καὶ
2458 5242 2758 5310 γινόμενον,
2796 5240 2892 5293 καὶ
2942 5242 3022 5294 ὅτι
3050 5241 3301 5310 καθάπερ
3349 5238 3795 5309 ὑπερθαυμσάτῳ

2219 5335 2328 5384 τινὶ
2364 5332 2522 5401 σειρᾷ
2569 5332 2636 5384 τὰ
2669 5331 2796 5385 ὄντα
2830 5331 3007 5384 πάντα
3056 5331 3359 5384 συνδέδεταί
3389 5346 3450 5382 τε
3481 5330 3574 5382 καὶ
3610 5329 3795 5380 διακέ-

2218 5440 2425 5491 κριται,
2459 5423 2581 5492 ἥτις
2606 5423 2706 5475 οὐκ
2750 5423 2817 5477 ἂν
2849 5423 2945 5478 ἀπ’
2975 5424 3158 5477 αὐτῶν
3204 5427 3262 5476 ὲν
3294 5422 3478 5484 αὐτοῖς
3523 5420 3610 5489 εἴη
3634 5435 3649 5450 '
3684 5417 3797 5471 036'

2219 5514 2285 5569 ἂν
2342 5514 2757 5584 συνεπλάκησαν
2808 5514 2905 5585 τὴν
2952 5515 3132 5585 ἀρχὴν
3160 5513 3422 5567 τοσαῦται
3465 5512 3542 5583 τῷ
3602 5509 3794 5578 πλήθει

2221 5608 2413 5679 φύσεις
2439 5609 2531 5660 καὶ
2557 5606 2698 5661 οὕτω
2731 5608 2981 5677 διάφοροι
3014 5609 3151 5677 πρὸς
3183 5608 3300 5668 ἐνὸς
3347 5606 3554 5675 κόσμου
3591 5602 3794 5655 utim-

2223 5716 2307 5751 σιν
2340 5699 2467 5752 ἄνευ
2499 5697 2593 5749 τοῦ
2623 5698 3026 5766 συμπλέξαντός
3045 5715 3103 5750 τε
3131 5700 3230 5769 τὴν
3256 5698 3430 5766 ἀρχὴν
3458 5695 3548 5747 καὶ
3577 5693 3674 5760 τὴν
3694 5690 3793 5744 τοῦ

2220 5792 2306 5845 διὰ
2340 5790 2538 5853 παντὸς
2587 5790 2729 5842 οὑτω
2762 5792 3180 5861 συμπεπλέχθαι
3213 5791 3443 5860 δύναμιν
3483 5788 3665 5849 αὐτοῖς
3695 5784 3794 5841 ιυ-
