4170 6294
444 359 550 422 5'77

1537 361 1636 419 DE
1677 359 1824 419 Ι)Εο
1863 357 1944 417 ΙΝ
1986 357 2404 452 ξΠζΙΜΤΑΤΕ
2439 358 2617 422 UNO.

3580 364 3682 426 578

437 480 698 548 θεμένου,
733 477 800 548 ἢν
830 476 988 540 αὐτὸς
1027 478 1185 548 μόνος
1219 478 1282 533 ἃν
1319 477 1546 566 ἠδύνατο
1573 479 1667 532 καὶ
1698 478 1865 542 λύειν,
1901 476 2004 541 εῖγι

2127 478 2328 540 lacere,
2357 477 2496 530 idem
2533 477 2911 531 etdissolvore
2971 487 3131 547 atque
3173 479 3374 534 delere.
3432 481 3512 534 Tu
3570 499 3700 538 vero

439 571 713 626 ἐϐούλετο.
749 567 821 621 Τὸ
853 570 909 622 δὲ
942 572 1276 641 συμπλέκειν
1307 570 1476 623 ταῦτα
1509 571 1787 630 εὐτάκτως
1819 570 2012 620 ταυτόν

435 663 561 715 ἐστι
596 661 671 730 τῷ
707 663 901 723 ποιεῖν,
945 663 1040 714 καὶ
1087 663 1160 732 τῷ
1193 662 1438 732 φθείρειν
1468 661 1527 714 τδ
1567 659 1804 712 διαλύειν
1829 674 1842 689 ·
1881 660 1927 710 εἰ
1957 659 2012 710 δὲ

440 753 779 820 συμπλέκεις
838 753 931 805 καὶ
985 753 1046 805 σὺ
1106 753 1398 823 διαφόρους
1448 743 1635 820 (ῥύσεις
1690 751 2008 816 οἰκοδομῶν,

438 842 558 896 ἀλλ’
583 843 678 912 οὐχ
710 843 784 905 ὡς
811 841 876 896 ἂν
918 843 1256 914 βουληθείης,
1288 844 1362 906 ὡς
1397 843 1462 897 ἂν
1495 842 1548 894 δὲ
1595 841 2010 910 συμπλέκοιντο,

440 932 536 983 καὶ
580 933 612 1001 ή
658 933 754 1000 τῆς
787 935 885 1002 σῆς
915 935 1107 1003 τέχνης
1139 933 1430 1005 ὲφαρμογὴ
1479 936 1544 1002 τῇ
1584 932 1869 1001 συμπλοκῇ
1907 930 2016 982 τῶν

439 1022 656 1088 φύσεων
683 1024 876 1078 ἕπεται
897 1041 911 1056 ’
936 1027 1058 1079 ὅθεν
1088 1027 1425 1095 συμπλέκεις
1460 1027 1618 1094 μόνον
1639 1024 1731 1077 καὶ
1752 1023 1811 1076 ού
1842 1023 2015 1084 ποιεῖς

439 1113 633 1176 αὐτάς.
690 1115 748 1168 Ὀ
779 1117 834 1168 δὲ
863 1118 960 1174 τὰς
1004 1120 1238 1186 φυσικὰς
1269 1117 1598 1187 συμπλέκων
1649 1116 1917 1182 ἰδιότητας
1956 1115 2013 1165 ἐν

437 1208 555 1268 τοῖς
587 1207 704 1260 οὖσι
739 1211 833 1262 καὶ
867 1211 1093 1278 ποιητὴς
1133 1209 1311 1262 αὐτῶν
1353 1211 1467 1261 ἐστι
1499 1209 1668 1277 δήπου
1693 1223 1707 1237 ·
1739 1207 1882 1257 ποιεῖ
1907 1204 2014 1272 γὰρ

441 1300 538 1348 καὶ
569 1299 858 1369 ύφὶστησιν
898 1300 1091 1365 οῦτως,
1123 1300 1200 1363 ὡς
1248 1302 1314 1354 ἂν
1341 1301 1434 1354 καὶ
1480 1298 1894 1368 συμπλέκεσθαι
1924 1296 2017 1348 δυ-

2123 585 2246 622 cum
2285 570 2539 631 aediﬁcas,
2575 571 2682 624 etsi
2715 572 2892 624 varias
2927 573 3087 625 etiam
3129 573 3428 644 compingis
3453 587 3696 642 naturas,

2125 661 2171 713 id
2208 675 2313 713 non
2339 674 2438 728 pro
2464 669 2603 713 nutu
2638 662 2878 729 quidem,
2910 665 3002 716 sed
3037 675 3095 717 ut
3127 666 3266 719 forte
3314 667 3603 736 Contigerit
3644 678 3701 722 et

2119 754 2253 804 artis
2290 759 2392 803 tua:
2418 751 2701 818 dispositio
2743 757 2957 807 naturis
3009 754 3283 811 subditur.
3332 755 3485 810 Unde
3535 773 3699 828 coag-

2119 852 2336 896 Inetztas
2369 842 2550 906 modo,
2587 859 2693 895 non
2725 858 2851 896 vero
2874 859 3049 898 creas.
3097 845 3196 909 Qui
3250 858 3425 900 autem
3479 857 3696 904 entlluts

2115 935 2397 986 naturales
2428 943 2574 1001 aptat
2610 937 2984 1001 proprietates,
3011 936 3098 989 ille
3119 939 3304 1004 procul
3345 939 3512 993 dubio
3537 947 3620 992 cst
3643 949 3697 993 et

2120 1038 2311 1078 eorum
2360 1023 2554 1079 factor.
2612 1024 2693 1078 Ita
2771 1041 3004 1095 namque
3084 1030 3256 1096 ipsam
3332 1029 3694 1084 sulmantiam

2119 1113 2280 1168 ellicit
2311 1124 2367 1166 ut
2394 1116 2605 1183 possint
2637 1115 2702 1169 ad
2731 1115 2960 1182 hujusce
3009 1118 3170 1172 totius
3199 1119 3382 1171 mundi
3422 1122 3698 1188 composi-

2123 1206 2324 1258 tionem
2359 1206 2626 1274 adaptari,
2649 1216 2808 1275 prout
2839 1209 2909 1260 illi
2935 1209 3231 1276 profuerit;
3261 1226 3421 1277 quem
3455 1212 3518 1263 ad
3538 1212 3698 1265 linem

2125 1307 2316 1346 onmes
2346 1295 2584 1347 universi
2615 1305 2796 1363 partes
2820 1297 3464 1353 ceilfecitetconciliavit.

439 1390 653 1460 νηθεῖεν
685 1392 818 1461 πρὸς
859 1393 976 1456 ἐνὸς
1010 1391 1102 1445 τοῦ
1136 1391 1332 1454 παντὸς
1377 1391 1532 1445 τοῦδε
1566 1390 1842 1454 σύστασιν,
1879 1389 1999 1458 ἥτις
2025 1380 2093 1456 ἦν
2130 1384 2279 1454 αὐτῷ
2318 1384 2594 1456 προῦργου
2625 1402 2638 1418 ·
2680 1389 2775 1440 καὶ
2827 1390 3017 1442 τούτου
3067 1391 3228 1460 χάριν
3298 1391 3368 1443 τὰ
3402 1391 3494 1444 τοῦ
3559 1409 3698 1445 παν·-

437 1481 532 1544 τδς
561 1483 737 1536 ἐποίει
767 1501 825 1536 τε
855 1485 950 1537 καὶ
993 1485 1288 1538 συνέπλεκε
1320 1484 1480 1554 μέρη.

513 1576 576 1629 Εἰ
607 1577 652 1628 δ’
684 1577 747 1629 ὲκ
776 1575 1004 1647 μηδενὸς
1033 1576 1140 1630 τῶν
1179 1577 1459 1638 τοιούτων,
1501 1576 1606 1629 ἀπὸ
1648 1575 1846 1628 σαυτοῦ
1879 1571 2008 1642 γοῦν

442 1665 608 1734 μόνου
636 1668 730 1718 καὶ
761 1669 858 1735 τῆς
893 1667 990 1736 σῆς
1025 1668 1239 1735 φύσεως
1285 1666 1511 1721 καὶτῶν
1559 1666 1666 1720 σῶν
1691 1667 1868 1734 ἔργων
1902 1665 2008 1718 ἔδει

441 1774 504 1810 σε
534 1760 626 1811 τὸν
659 1760 959 1828 ἐπιγνῶναι
992 1755 1350 1830 δημιουργὸν,
1387 1760 1445 1822 ὃς
1479 1777 1558 1812 σοι
1589 1761 1726 1827 μετὰ
1749 1759 1842 1812 τοῦ
1870 1754 2010 1811 εἶναι

2189 1562 2286 1617 Sin
2315 1576 2441 1616 vero
2466 1561 2733 1615 nihildum
2773 1563 3039 1619 movearis
3064 1564 3367 1631 hujusmodi
3403 1568 3694 1637 exemplis.

2117 1672 2182 1711 ex
2210 1656 2498 1723 temetipso
2519 1663 2663 1708 certe
2687 1655 2901 1723 quidem
2928 1666 3126 1726 tuaque
3149 1667 3338 1710 natura
3360 1668 3412 1713 et
3439 1661 3697 1728 operibus

2127 1749 2222 1802 tibi
2249 1755 2460 1802 creator
2497 1754 2612 1800 erat
2643 1747 3046 1814 agnoscendus,
3078 1763 3107 1800 a
3140 1765 3248 1815 quo
3292 1759 3400 1804 tum
3429 1766 3550 1804 esse
3586 1761 3727 1815 tum_

438 1852 534 1903 καὶ
562 1853 662 1921 τὴν
695 1853 830 1924 πρὸς
863 1853 1034 1907 τᾶλλα
1079 1853 1280 1906 δέδωκε
1311 1854 1464 1918 τάξιν
1487 1870 1500 1883 '
1548 1854 1643 1908 καὶ
1682 1851 1887 1921 ταύτην
1923 1868 2004 1903 σοι

2109 1841 2175 1895 ad
2202 1841 2412 1908 reliqua
2430 1840 2672 1894 ordinari
2699 1849 2890 1896 nactus
2925 1855 3007 1893 es.
3033 1841 3182 1894 Hanc
3202 1841 3364 1910 igitur
3382 1856 3502 1911 ego,
3520 1843 3698 1910 negle-

434 1941 538 2007 τὴν
567 1945 684 1996 ὁδον
736 1944 830 1997 νῦν
862 1946 1022 2014 ἡμεῖς
1057 1947 1118 1998 ἐκ
1171 1945 1490 2016 περιουσίας
1540 1947 1658 1999 ἀντὶ
1693 1944 1904 1998 πολλῶν
1949 1961 2009 1997 τε

439 2034 620 2087 ἄλλων
651 2038 742 2090 καὶ
791 2039 1113 2106 σοφωτέρων
1160 2038 1293 2091 ὁδῶν
1326 2038 1734 2108 προὺθήκαμεν,
1778 2037 1878 2090 οὐκ
1922 2035 2009 2089 ἐπ’

439 2125 652 2195 ἐλέγχῳ
685 2128 844 2197 μόνον
875 2129 973 2197 τῆς
1006 2132 1103 2197 σῆς
1123 2120 1470 2198 ἀφροσύνης,
1503 2130 1638 2182 ἀλλὰ
1669 2131 1764 2183 καὶ
1816 2145 2011 2198 συνερ-

439 2220 540 2287 γοῦ
559 2236 690 2284 ιτες,
735 2221 919 2274 εἴποτε
953 2223 1274 2292 βουληθείης
1301 2222 1550 2277 ἐντεῦθεν
1579 2223 1708 2292 γοῦν
1738 2223 2010 2291 ἠργμένος

433 2311 530 2364 τοῦ
565 2330 620 2364 σε
654 2314 744 2365 καὶ
775 2314 953 2366 πάντα
985 2317 1312 2385 ποιήσαντος
1345 2315 1722 2368 συναισθέσθαι
1748 2315 1907 2369 Θεοῦ.
1937 2315 2007 2367 Σὺ

433 2400 494 2452 δὲ
523 2401 622 2470 τῆς
653 2403 750 2469 μὲν
782 2403 956 2466 οἰκίας
989 2403 1322 2473 δημιουργὸν
1353 2405 1549 2457 σαυτδιν
1584 2400 1722 2458 εἶναι
1753 2405 1880 2473 φῂς,
1915 2404 2009 2457 καὶ

435 2489 581 2541 πάνυ
613 2491 807 2557 καλῶς,
855 2492 952 2545 καὶ
999 2495 1098 2557 τῆς
1131 2496 1186 2545 ἐν
1221 2494 1300 2546 σοὶ
1353 2494 1446 2546 τοῦ
1480 2494 1837 2564 δημιουργεῖν
1866 2491 2010 2545 οὕτω

435 2579 638 2647 τέχνης
671 2581 843 2634 αἴτιον
890 2584 982 2636 τὸν
1019 2584 1307 2650 διδάξαντά
1342 2601 1400 2636 σε
1429 2588 1632 2655 ταύτην
1681 2587 1965 2656 ὁμολογεῖς
1991 2605 2007 2621 ο

437 2670 585 2740 ειπερ
615 2675 726 2726 οὐδ’
757 2675 919 2738 εὐθὺς
969 2678 1304 2746 γεννηθέντι,
1344 2679 1480 2747 μετὰ
1509 2678 1567 2732 δὲ
1615 2678 1712 2748 τὴν
1746 2680 2009 2748 δευτέραν

432 2761 653 2828 ἡλικίαν
678 2765 881 2834 παρῆν,
928 2766 1131 2829 πάσαις
1167 2771 1542 2837 παρασκευαῖς
1577 2771 1638 2823 ἐκ
1665 2771 1764 2839 τῆς
1793 2772 2009 2840 φύσεως

434 2853 798 2924 ἐξηρτυμένῳ
845 2858 1022 2921 καλῶς
1052 2859 1186 2926 πρὸς
1217 2861 1278 2912 τὸ
1325 2861 1584 2914 δύνασθαι
1623 2864 1917 2931 μανθάνειν
1946 2883 2007 2919 τε

435 2945 533 2996 καὶ
562 2946 916 3014 ἐργάζεσθαι.
949 2950 1055 3002 Καὶ
1080 2949 1203 3001 οὕτε
1231 2951 1407 3018 λέγεις
1441 2952 1538 3016 τὴν
1566 2954 1745 3006 οἰκίαν
1773 2955 2010 3024 αὐτόμα-

431 3050 530 3086 τον
559 3036 880 3106 ὑποστῆναι,
905 3035 938 3108 ἦ
971 3040 1078 3108 γὰρ
1106 3040 1173 3094 ἂν
1201 3042 1366 3111 αὐτῆς
1395 3043 1494 3094 οὐκ
1523 3043 1754 3114 ἀπῄτεις
1792 3048 2004 3113 μισθὸν,

431 3127 552 3180 οὔτ’
599 3130 922 3199 αὐτομάτως
955 3149 1036 3185 σοι
1067 3132 1166 3201 τὴν
1216 3133 1413 3202 τέχνην
1444 3134 1622 3187 ἐλθεῖν
1651 3152 1665 3167 ο
1702 3138 1760 3188 ού
1808 3137 1912 3210 γὰρ
1940 3138 2006 3191 ἂν
2033 3167 2078 3225 C

434 3219 547 3272 ἔδει
581 3238 639 3272 σε
697 3222 1079 3292 προσεδρεύειν
1122 3225 1391 3290 φοιτῶντα
1422 3227 1538 3278 οὐδὲ
1581 3227 1804 3296 μισθοὺς
1841 3229 2004 3282 ὑπισ-

432 3311 681 3379 χνεῖσθαι
727 3329 787 3364 τε
840 3314 935 3364 καὶ
992 3315 1254 3384 παρέχειν
1295 3317 1370 3384 τῷ
1413 3317 1687 3370 δεικνύναι
1732 3335 1813 3372 σοι
1843 3319 2007 3373 δυνα-

439 3402 586 3470 μένῳ
614 3419 627 3432 ·
657 3402 750 3455 τοῦ
779 3405 823 3456 δ’
853 3406 915 3456 ἐκ
954 3404 1128 3473 ψυχῆς
1168 3421 1226 3457 σε
1261 3407 1584 3460 συνεστάναι
1619 3409 1711 3460 καὶ
1752 3409 2007 3475 σώματος

432 3494 533 3545 καὶ
560 3493 658 3563 τὴν
687 3496 784 3563 μὲν
805 3494 982 3563 ψυχὴν
1013 3497 1300 3558 τοσαύταις
1335 3499 1572 3550 συνεῖναι
1600 3501 1695 3552 καὶ
1723 3501 2004 3564 τοιαύταις

431 3584 724 3670 δυνάμεσι,
759 3587 818 3639 τὸ
865 3587 920 3640 δὲ
953 3588 1112 3656 σῶμα
1145 3588 1418 3650 τοσούτοις
1457 3591 1823 3645 συντεθεῖσθαι
1865 3609 2003 3645 στοι-

431 3671 622 3744 χείοις,
657 3675 691 3729 ἃ
725 3678 836 3740 τοῖς
863 3679 954 3730 τοῦ
992 3679 1199 3737 κόσμου
1249 3680 1530 3748 στοιχείοις
1574 3681 1843 3752 ᾠκείωταί
1889 3701 2005 3747 πως

431 3765 588 3818 τοῦδε
636 3767 728 3819 τοῦ
782 3769 918 3835 πρὸς
950 3769 1102 3836 ἡμῖν,
1157 3765 1273 3822 εἶτα
1307 3769 1581 3832 τοσούτοις
1635 3773 1766 3824 αὐτὸ
1811 3775 2000 3840 μέρεσι

430 3860 529 3909 καὶ
589 3860 798 3928 μορίοις
855 3859 1234 3928 διακεκρίσθαι
1287 3875 1346 3911 τε
1391 3860 1527 3927 ὁμοῦ
1573 3862 1666 3913 καὶ
1729 3864 1995 3932 ἡνῶσθαι,

431 3949 760 4018 ὁμοιομερές
789 3965 849 4000 τε
885 3949 974 4001 καὶ
1009 3950 1423 4020 ἀνομοιομερὲς,
1457 3952 1549 4004 καὶ
1581 3953 1878 4023 ὲνδοτέροις
1905 3957 1998 4010 καὶ

431 4043 710 4109 φανεροῖς,
761 4042 852 4095 καὶ
897 4042 1050 4108 τάξιν
1104 4044 1282 4096 αίτίου
1333 4061 1390 4096 τε
1445 4045 1537 4096 καὶ
1581 4047 1826 4099 αἰτιατοῦ
1862 4049 1998 4118 προς

433 4133 640 4202 ἄλληλα
669 4134 876 4203 ἔχουσι,
923 4136 1015 4188 καὶ
1043 4133 1136 4188 τοῦ
1169 4135 1266 4203 τὴν
1305 4135 1482 4204 ψυχὴν
1514 4137 1854 4191 τελειοῦσθαι
1899 4140 2000 4207 μὲν

431 4225 513 4285 είς
537 4227 738 4295 ἀρετὴν
769 4225 1030 4278 δύνασθαι
1061 4227 1153 4278 καὶ
1185 4228 1374 4296 σοφίαν
1403 4231 1692 4300 χρωμένην
1713 4230 1890 4300 ὀρθῶς
1922 4231 2000 4302 τῷ

429 4315 670 4382 σώματι,
704 4313 924 4382 φαύλως
953 4314 1010 4365 δὲ
1041 4319 1392 4386 κεχρημένην
1415 4319 1741 4387 ἀμφοτέρων
1767 4321 2000 4390 διαμαρ-

429 4405 610 4456 τάνειν
639 4408 734 4457 καὶ
777 4406 920 4475 πρὸς
960 4407 1060 4477 τὴν
1103 4408 1353 4460 ἐναντίαν
1400 4408 1557 4476 ἥκειν
1607 4409 1872 4477 διάθεσιν,
1905 4415 1998 4468 καὶ

2111 1933 2214 1988 clis
2252 1931 2376 1986 aliis
2423 1931 2672 2000 pluribus
2719 1932 2892 1999 iisque
2917 1933 3401 2000 optimis,alteram
3436 1949 3500 1986 ex
3526 1935 3696 1987 abun-

2111 2026 2261 2081 danti
2284 2025 2424 2080 viam
2449 2040 2719 2094 propono,
2743 2041 2848 2080 non
2880 2034 2936 2078 ut
2957 2036 3100 2080 tuam
3133 2026 3290 2080 modo
3311 2027 3580 2080 confutem
3611 2027 3690 2080 in-

2112 2117 2344 2179 saniam,
2371 2117 2464 2171 sed
2489 2117 2651 2170 etiam
2686 2117 2955 2184 adjuvem,
2989 2117 3030 2170 si
3058 2132 3160 2186 qua
3190 2117 3401 2171 tandem
3438 2119 3561 2172 hinc
3588 2133 3696 2173 cm-

2103 2213 2254 2278 ‘pissc
2290 2210 2421 2265 velis
2463 2209 2538 2260 tui
2587 2207 2936 2275 omniumque
2999 2208 3333 2262 conditorem
3367 2208 3692 2278 intelligere

2113 2299 2304 2355 Deum.
2326 2299 2405 2354 Tu
2429 2313 2558 2368 ergo
2589 2299 2781 2353 domus
2815 2299 3198 2354 teliﬁcatorem
3233 2299 3462 2367 teipsum
3495 2299 3600 2365 ais,
3638 2309 3693 2353 et

2114 2391 2270 2460 plane
2288 2391 2511 2456 merito;
2530 2401 2690 2460 atque
2716 2391 2875 2460 hujus
2899 2392 3034 2446 artis
3056 2405 3178 2445 eum
3207 2391 3301 2445 tibi
3325 2405 3545 2445 causam
3569 2407 3691 2446 esse

2113 2481 2301 2537 fateris
2326 2499 2354 2537 a
2380 2497 2489 2552 quo
2518 2483 2757 2538 didicisti
2781 2500 2797 2548 ;
2823 2484 3024 2553 quippe
3040 2484 3129 2552 qui
3156 2498 3250 2536 nec
3272 2484 3474 2537 dudum
3503 2493 3686 2549 natus,

2115 2574 2336 2629 nonnisi
2371 2575 2580 2628 (innata
2612 2576 2720 2645 jam
2751 2582 2927 2635 aztate.
2960 2575 3023 2628 ad
3067 2575 3166 2629 hoc
3192 2561 3288 2644 par
3324 2575 3587 2639 evaseris,
3615 2576 3690 2629 in-

2123 2674 2368 2720 structus
2409 2667 2618 2720 scilicet
2645 2667 2898 2723 omnibus
2925 2674 3133 2721 natura:
3155 2667 3372 2722 dotibus
3392 2676 3448 2720 ut
3479 2668 3687 2723 discere

2112 2773 2302 2827 posses
2336 2767 2390 2812 et
2413 2759 2683 2814 exerceri.
2727 2758 2979 2814 Attamen
3022 2774 3194 2828 neque
3227 2759 3447 2813 domum
3481 2761 3685 2814 asserit

2112 2867 2242 2907 casu
2276 2855 2562 2920 exsistere,
2596 2869 2718 2907 nam
2750 2854 3052 2908 mercedem
3091 2853 3337 2921 profecto
3373 2870 3440 2908 cx.
3467 2869 3530 2907 ca
3577 2870 3686 2908 nou

2110 2953 2427 3012 expeteres;
2454 2958 2630 3014 neque
2669 2943 2891 2997 fortuito
2921 2943 3016 2998 tibi
3053 2943 3294 2996 innatam
3320 2957 3515 3006 artem.
3573 2954 3685 2998 tum

2111 3033 2256 3087 enim
2289 3049 2395 3088 non
2427 3034 2711 3104 oportebat
2763 3035 3079 3105 magistrum
3121 3036 3257 3089 adeo
3312 3036 3682 3105 frequentare,

2114 3140 2475 3194 nummosque
2500 3125 2768 3196 spondere
2791 3137 2845 3181 et
2897 3129 3130 3181 solvere.
3164 3125 3319 3181 Nunc
3336 3139 3512 3182 autem
3540 3131 3683 3196 quod

2111 3213 2288 3266 anima
2325 3223 2543 3269 constes
2573 3223 2628 3267 et
2649 3225 3075 3284 corpore,atque
3105 3226 3180 3269 tot
3207 3217 3482 3286 tantisque
3503 3221 3685 3272 anima

2109 3308 2180 3361 sit
2217 3309 2482 3360 instructa
2537 3310 2764 3371 viribus,
2796 3323 2992 3378 corpus
3038 3319 3219 3366 autem
3267 3318 3344 3363 tot
3402 3311 3684 3366 elementis

2109 3398 2636 3468 constitutum,qua:
2667 3415 2790 3452 cum
2843 3400 3069 3469 hujusce
3132 3400 3275 3453 circa
3333 3415 3432 3454 nos
3493 3403 3680 3456 mundi

2107 3488 2388 3556 principiis
2420 3490 2531 3544 fere
2572 3493 2902 3557 coalescunt,
2931 3493 3074 3562 quod
3133 3504 3241 3546 tam
3286 3493 3472 3548 multis
3533 3495 3678 3549 istud

2101 3579 2353 3645 partibus
2401 3589 2452 3633 et
2493 3580 2775 3657 particulis
2803 3587 2873 3635 sit
2916 3583 3234 3637 distinctum
3267 3586 3426 3638 simul
3459 3594 3514 3640 et
3549 3587 3683 3642 adu-

2105 3680 2315 3733 natum,
2349 3670 2622 3728 similibus
2681 3689 2742 3727 ac
2788 3673 3171 3740 dissimilibus,
3228 3677 3565 3747 internisque
3622 3691 3680 3735 et

2105 3762 2493 3828 apparentibus
2543 3765 2925 3832 compositum,
2961 3781 3082 3835 quae
3137 3766 3280 3822 inter
3330 3783 3391 3822 se
3446 3770 3677 3826 invicem

2103 3851 2315 3906 ratione
2349 3867 2525 3908 causae
2555 3863 2608 3908 et
2631 3854 2856 3910 ell‘ectus
2901 3858 3245 3923 ordinantur,
3274 3861 3419 3928 quod
3455 3861 3680 3931 insuper

2103 3941 2285 4016 anima
2312 3943 2511 3999 virtute
2542 3948 2711 4014 possit
2742 3953 2796 4001 et
2816 3947 3078 4017 sapientia
3106 3950 3313 4019 perlici,
3343 3954 3504 4006 modo
3531 3964 3677 4010 recte

2104 4047 2332 4102 corpore
2362 4046 2564 4105 utatur,
2595 4038 2678 4093 sin
2716 4039 2897 4094 minus
2929 4042 2996 4094 ab
3042 4051 3276 4112 utroque
3322 4044 3533 4100 decidet
3564 4046 3675 4117 jam

2103 4122 2156 4176 in
2184 4128 2516 4182 contrarium
2559 4129 2894 4197 decessum;
2931 4143 2983 4185 et
3024 4147 3090 4187 ne
3123 4135 3296 4203 plura,
3324 4136 3468 4204 quod
3518 4137 3570 4191 in
3629 4149 3682 4193 te

2101 4213 2173 4269 sit
2198 4231 2454 4289 perquam
2489 4221 2671 4275 varius
2691 4223 2779 4276 ille
2800 4239 2862 4277 ac
2891 4227 3347 4294 stupendissimus
3378 4229 3674 4285 thesaurus

2101 4323 2277 4376 neque
2326 4309 2462 4364 inte
2494 4326 2626 4378 uno,
2665 4313 2757 4366 sed
2808 4321 2862 4367 et
2915 4314 3058 4382 apud
3130 4318 3446 4371 innumeros
3480 4322 3680 4388 pariter

2099 4398 2342 4468 ejusdem
2375 4409 2584 4454 naturae
2611 4401 2704 4454 tibi
2738 4405 3175 4473 comparticipes,
3206 4418 3333 4460 tune
3367 4409 3447 4461 vis
3486 4419 3675 4464 aucto-

428 4494 614 4556 ἁπλῶς
646 4497 818 4548 εἰπεῖν
855 4496 949 4550 τοῦ
984 4499 1042 4550 ὲν
1074 4498 1156 4550 σοὶ
1207 4497 1601 4551 ποικιλωτάτου
1637 4504 1730 4552 καὶ
1761 4503 1998 4571 παραδο-

2108 4504 2216 4544 rem
2241 4505 2362 4544 esse
2388 4492 2616 4556 nullum,
2657 4501 2822 4560 atque
2858 4509 2994 4561 opus
3022 4504 3228 4548 tantum
3265 4499 3370 4551 tuis
3395 4497 3553 4554 factis
3582 4501 3669 4555 de—

431 4584 652 4648 ξοτάτου
693 4587 1000 4655 χρήματος,
1045 4587 1155 4639 οὐδ’
1195 4589 1255 4639 ὲν
1288 4588 1368 4639 σοὶ
1408 4588 1595 4656 μόνον,
1629 4590 1765 4642 ἀλλὰ
1798 4593 1891 4644 καὶ
1939 4594 1999 4646 ἐν

429 4676 826 4746 ἀναριθμήτοις
871 4677 1072 4746 ὁμοίως
1123 4679 1234 4740 τοῖς
1282 4679 1378 4748 τῆς
1406 4679 1579 4747 αὐτῆς
1635 4685 1998 4750 μετεσχηκόσι

411 4786 513 4820 -σοι
544 4769 778 4838 φύσεως,
815 4771 874 4822 ού
924 4771 1098 4832 θέλεις
1144 4766 1283 4823 εἶναι
1314 4772 1646 4840 δημιουργὸν
1697 4774 1791 4824 καὶ
1831 4774 1998 4846 χείρω

429 4860 569 4915 εἶναι
598 4862 852 4914 τοσοῦτον
896 4862 1069 4925 θέλεις
1098 4862 1207 4914 τῶν
1241 4863 1348 4914 σῶν
1380 4864 1739 4933 ποιημάτωνί
1777 4865 1886 4916 Καὶ
1932 4869 1994 4918 σὺ

432 4952 532 5020 μὲν
556 4951 621 5004 ἂν
647 4953 927 5020 οῖκοδόμος
961 4949 1026 5023 ἧς
1065 4955 1158 5006 καὶ
1191 4953 1458 5020 δεσπότης
1505 4952 1638 5023 ὁμοῦ
1670 4955 1769 5023 τῆς
1795 4955 1994 5022 οῖκία·,

425 5047 524 5114 οὐχ
553 5046 698 5106 ὅπως
742 5047 903 5114 μόνον
933 5047 1140 5111 γένοιτο
1183 5045 1282 5114 τὴν
1310 5045 1507 5113 ἀρχὴν,
1557 5043 1692 5097 ἀλλὰ
1722 5046 1814 5098 καὶ
1846 5046 1995 5109 ὅπως

425 5136 494 5190 ἂν
535 5137 845 5188 συνίσταιτο
897 5139 1166 5206 προνοεῖς,
1209 5137 1320 5188 τῶν
1351 5137 1486 5205 πρὸς
1517 5135 1673 5188 τοῦτο
1715 5137 1993 5205 φερόντων

425 5229 643 5280 πάντων
678 5227 1098 5296 ἐπιμελόμενοςο
1132 5227 1226 5280 σοῦ
1254 5227 1308 5279 δὲ
1339 5229 1432 5278 καὶ
1461 5229 1558 5296 τῆς
1592 5227 1690 5296 σῆς
1727 5224 1870 5296 ζωῆς
1898 5227 1992 5279 οὐ·

423 5321 548 5372 δένιι
586 5319 763 5388 βούλει
791 5319 1115 5390 φροντιστὴν
1148 5317 1284 5370 εἶναι
1316 5321 1408 5370 καὶ
1436 5320 1708 5388 κηδεμόνα
1736 5334 1749 5346 ·
1783 5323 1875 5371 καὶ
1899 5323 1994 5372 ἁν-

421 5411 645 5480 θρώπου
684 5412 782 5481 μὲν
843 5411 936 5482 δέῃ
973 5413 1106 5479 πρὸς
1143 5410 1316 5463 ταῦτά
1369 5427 1520 5475 ποτε,
1563 5409 1620 5473 ὃς
1672 5409 1793 5462 οὐδὲ
1843 5411 1991 5480 αὑτῷ

427 5502 644 5554 Ξύναται
675 5501 890 5572 βοηθεῖν
916 5517 927 5530 ο
960 5501 1052 5554 τοῦ
1089 5502 1144 5553 δὲ
1187 5502 1350 5572 μόνου
1399 5500 1616 5570 βοηθεῖν
1651 5501 1868 5571 ἔχοντος
1899 5504 1992 5554 καὶ

422 5593 742 5663 βοηθοῦντος
771 5595 871 5644 οὐκ
915 5593 1128 5656 ἐπαϊεις
1151 5595 1243 5646 καὶ
1278 5593 1562 5662 βοηθοῦντι
1612 5595 1903 5663 προσέχειν
1929 5595 1988 5646 οὐ

419 5687 600 5755 βούλει
633 5685 765 5753 μηδὲ
793 5685 953 5754 χάριν
992 5687 1273 5753 ὁμολογεῖν
1301 5686 1312 5737 !
1353 5687 1460 5737 Καὶ
1488 5687 1666 5738 οῖκῖσιν
1699 5686 1794 5754 μὲν
1831 5688 1992 5739 ἐπαι-

420 5778 530 5838 νεῖς
559 5775 633 5838 ὠς
660 5771 718 5826 εὖ
753 5776 1124 5846 εἰργασμένην
1155 5776 1420 5840 συντόνως
1453 5778 1689 5831 ἐπαινῶν
1719 5778 1810 5831 τον
1838 5778 1988 5848 δεδη-

2109 4578 2324 4634 terius!
2361 4579 2423 4631 Et
2475 4590 2528 4634 tu
2581 4581 2798 4648 quidem
2871 4581 2916 4634 si
2964 4581 3160 4636 domus
3215 4594 3455 4638 Structor
3509 4589 3676 4643 sintut

2105 4669 2340 4724 exsistas
2370 4679 2424 4724 et
2455 4670 2733 4735 dominus,
2779 4687 2884 4724 non
2913 4671 3087 4728 solum
3115 4675 3389 4743 quomodo
3413 4679 3487 4730 sit
3516 4694 3678 4734 exse-

2104 4762 2318 4832 quenda
2349 4763 2598 4832 provides
2633 4765 2698 4817 ab
2732 4764 2910 4828 initio,
2935 4765 3029 4818 sed
3066 4767 3228 4818 etiam
3265 4770 3540 4834 quomodo
3565 4772 3677 4826 dis-

2106 4855 2373 4922 ponenda,
2404 4863 2457 4909 et
2484 4855 2749 4924 quidquid
2768 4855 2918 4924 operi
2945 4856 3188 4909 conferat
3221 4860 3464 4912 nonnihil
3489 4875 3675 4916 curas.

2105 4943 2179 4999 De
2206 4955 2256 4999 te
2281 4961 2407 5000 vero
2429 4960 2491 4999 ac
2515 4945 2620 5000 vita
2651 4959 2740 4998 tua
2767 4946 3039 5000 neminem
3075 4962 3194 5001 esse
3223 4949 3379 5004 ducis
3409 4951 3498 5019 qui
3520 4959 3669 5007 curet

2103 5049 2197 5091 aut
2233 5038 2474 5108 cogitet!
2540 5038 2648 5091 imo
2690 5039 2790 5092 hoc
2818 5038 3112 5108 aliquando
3146 5039 3416 5094 hominem
3456 5043 3672 5111 regabis

2103 5129 2194 5201 qui
2213 5143 2278 5184 ne
2291 5129 2631 5200 sesequidem
2651 5131 2782 5186 valet
2804 5130 3076 5199 adjuvare,
3091 5142 3250 5202 atque
3263 5133 3436 5188 solum
3459 5150 3576 5190 veri.-
3593 5136 3678 5207 ju-

2095 5235 2317 5279 vvantem
2339 5223 2667 5293 juvaudique
2685 5239 2932 5292 capacem
2951 5240 3057 5278 non
3094 5227 3300 5291 laudas,
3319 5244 3491 5298 neque
3507 5232 3669 5284 etiam

2096 5318 2304 5387 juranti
2338 5317 2416 5371 vis
2443 5317 2721 5371 attendere
2748 5326 2834 5369 aut
2865 5317 3063 5384 gratias
3084 5317 3282 5374 referre
3307 5322 3318 5373 !
3349 5321 3423 5375 Ac
3452 5323 3668 5376 domum

2097 5411 2316 5479 quidem
2348 5411 2555 5464 'laudas
2621 5417 2680 5464 ut
2730 5409 2931 5465 alTabre
2982 5411 3178 5466 factam
3231 5423 3668 5480 structoremque

2100 5499 2434 5552 incessanter
2482 5499 2744 5568 pnedicas
2776 5517 2791 5566 ;
2825 5516 2945 5568 quae
2969 5511 3148 5556 autem
3179 5503 3231 5554 in
3265 5513 3314 5554 te
3340 5511 3422 5554 est
3446 5511 3669 5569 stupen-

2098 5586 2398 5644 dam‘tauc
2446 5600 2499 5643 et
2541 5591 2794 5644 eximiam
2858 5593 3280 5647 architecturam
3333 5591 3666 5646 dehonestas

2097 5682 2254 5751 Cujus
2291 5693 2396 5734 tam
2429 5693 2678 5750 proterve
2725 5691 3046 5736 structorcm
3098 5683 3373 5749 abnegas!
3435 5697 3668 5749 eumque

2100 5786 2430 5833 asserentem
2467 5773 2764 5843 quamlibet
2789 5788 2932 5848 casu
2951 5784 3203 5830 constare
3243 5776 3464 5830 domum
3521 5786 3665 5829 illum
