4170 6294
569 306 675 369 579

1666 305 2043 365 GENNADH
2092 304 2200 365 ΟΡ.
2238 303 2757 365 ΡΑΤΒΙΑΒΟΗῈ

3731 304 3842 368 5εο

554 423 810 488 irrideas,
854 438 1042 477 eor-nm
1105 432 1282 477 tanten
1333 424 1724 478 elementorum
1776 431 1925 475 tanto
1974 422 2147 489 magis

2257 425 2664 495 μιουργηκόταο
2693 422 2788 490 τὴν
2820 421 2862 473 δ’
2889 423 2948 472 ἐν
2981 424 3059 475 σοὶ
3093 421 3409 487 ξενίζουσαν
3444 420 3537 475 γαπ.
3577 427 3852 492 cognori-

551 510 644 566 illa
700 514 1058 582 pretiosorum
1113 529 1221 583 quo
1272 515 1452 583 operis
1520 514 1595 566 lui
1670 513 2132 582 pulchritudinem

553 605 766 659 ratione
795 607 1031 659 materiae
1059 616 1342 675 superam,
1367 619 1602 675 quorum
1656 604 1858 658 eximia
1916 602 2140 657 concin-

552 695 699 750 nitas
727 707 778 750 et
808 712 903 765 per
929 712 1050 766 quae
1072 696 1316 765 subjecta
1353 697 1589 750 materia
1632 703 1956 765 praestanter
1977 692 2142 747 eﬂ‘or-

558 799 762 853 matur,
795 789 988 842 horum
1023 789 1283 842 iuiiciaris
1314 803 1643 858 quemquam
1675 802 1796 842 esse
1825 801 2045 840 causam
2089 793 2145 839 et

555 882 848 942 laetorem,
879 890 952 943 et,
977 881 1122 949 quod
1151 895 1374 934 suamne
1410 891 1488 933 est
1537 879 1808 941 amentiae,
1841 892 2017 946 neque
2065 875 2144 930 tui

557 967 736 1041 neque
772 982 986 1025 tuorum
1018 974 1069 1026 in
1118 981 1168 1025 te
1199 973 1458 1026 bonorum
1537 972 1820 1040 opiticem!
1851 970 1988 1037 Quid
2047 969 2146 1038 igi-

555 1072 645 1114 tur
689 1062 885 1115 mirum
922 1063 966 1116 si
995 1072 1049 1117 et
1091 1063 1297 1133 reliqua
1357 1075 1559 1119 cuncta
1601 1063 1839 1134 ignores,
1872 1061 2146 1130 quomodo

563 1166 617 1206 et
649 1154 920 1206 undenam
954 1155 1085 1220 sint,
1119 1156 1211 1225 qui
1255 1158 1307 1208 in
1338 1158 1625 1224 temetipso
1661 1155 1807 1224 prior
1841 1162 2018 1207 tantas
2051 1153 2137 1205 in-

560 1245 745 1300 stituis
779 1247 1079 1300 tenebras?
1109 1247 1236 1312 Sed,
1273 1256 1331 1300 ut
1355 1248 1464 1316 jam
1486 1248 1855 1316 promisimus,
1888 1245 2145 1312 quoniam

554 1351 720 1406 prave
771 1349 824 1392 et
881 1340 1110 1408 turpiter
1174 1341 1354 1394 vivere
1415 1339 1783 1409 proposueris,
1823 1339 1876 1390 in
1931 1337 2138 1389 hancce

555 1428 818 1483 devenisli
863 1431 1164 1494 vesaniam,
1225 1442 1387 1500 atque
1441 1431 1639 1485 iterum
1698 1430 1778 1483 sic
1828 1425 2152 1482 insaniendo

557 1521 715 1576 malis
747 1523 884 1576 mala
927 1539 1154 1578 securus
1196 1525 1466 1594 congeris,
1499 1524 1909 1592 humanamque
1972 1522 2150 1574 vitam

559 1614 730 1667 semel
781 1626 1061 1671 aversatus
1093 1629 1233 1672 retro
1269 1617 1501 1686 peragis.

2247 532 2348 581 την
2378 514 2688 582 οίκοδομίαν
2719 513 3011 582 ἀτιμάζεις
3057 513 3198 566 οὕτω
3228 514 3414 576 δεινῶς
3445 515 3535 566 τὸν
3566 516 3850 585 δημιουρ-

2246 605 2341 671 γὸν
2372 604 2539 672 αὐτῆς
2570 602 2990 672 ἐξαρπιούμενοςι
3021 604 3126 654 Καὶ
3149 602 3397 668 λέγοντος
3433 603 3534 672 μέν
3557 621 3712 663 τινος
3739 605 3844 674 τὴν

2245 695 2424 748 οίκίαν
2456 695 2782 760 αὐτομάτως
2809 693 3070 762 συστῆναι
3101 697 3406 763 καταγελᾷς
3428 709 3440 721 ·
3469 697 3579 747 τῶν
3605 697 3665 748 δὲ
3700 695 3841 750 πολὶ

2250 785 2454 856 ταύτης
2484 785 2831 854 τιμιωτέρων
2860 784 3019 847 ὑλῶν,
3054 785 3106 837 αἲ
3139 785 3274 853 πρὸς
3317 785 3415 852 μὲν
3449 785 3510 838 τὸ
3544 789 3704 856 παρά
3743 804 3842 853 της

2255 877 2358 946 σῆς
2383 878 2579 947 τέχνης
2615 872 2753 939 εἶδος
2781 876 2872 929 τὸν
2903 877 3002 944 τῆς
3034 875 3164 944 ῦλης
3190 877 3374 945 έχουσι
3408 878 3588 946 λόγον,
3618 879 3749 948 εἴδη
3789 880 3841 932 δέ

2254 970 2394 1022 εἰσιν
2424 969 2584 1020 αὐταὶ
2619 968 2950 1037 διαφέροντα
2985 970 3078 1021 καὶ
3104 969 3376 1040 διαφόρως
3409 972 3504 1040 τὴν
3533 971 3840 1038 ὐποκειμέ·

2255 1077 2356 1130 νην
2385 1059 2518 1129 ὓλην
2568 1061 2899 1130 μορφοῦντα,
2946 1064 3152 1115 τούτων
3184 1063 3242 1114 οὐ
3273 1064 3448 1126 θέλεις
3491 1064 3666 1117 αἴτιον
3701 1061 3838 1117 εἶναι

2258 1153 2352 1206 καὶ
2395 1153 2750 1221 δημιουργὸν,
2790 1154 2883 1205 καὶ
2939 1153 2967 1205 ὃ
3021 1152 3206 1222 μεῖζον
3242 1155 3321 1216 είς
3377 1157 3658 1223 ἀπόνοιαν,
3720 1156 3838 1210 οὐδί

2258 1246 2350 1299 σοῦ
2383 1249 2476 1300 καὶ
2504 1249 2611 1298 τῶν
2642 1249 2698 1299 ὲν
2739 1247 2820 1299 σοὶ
2855 1241 3036 1300 κὶλῶν
3068 1249 3273 1302 αίτιονῐ
3310 1248 3373 1302 Τί
3404 1252 3584 1302 τοίνυν
3617 1249 3835 1316 θαυμαο

2259 1338 2403 1401 στὸν,
2436 1338 2485 1390 εί
2537 1339 2606 1389 τὰ
2663 1338 2798 1392 ἄλλα
2846 1339 3022 1391 πάντα
3070 1339 3216 1402 ὅπως
3251 1356 3310 1392 τε
3369 1342 3461 1393 καὶ
3501 1341 3623 1393 ὅθεν
3685 1343 3855 1393 ἰστὶν

2261 1431 2500 1496 ἀγνοεῖς,
2534 1429 2591 1482 έν
2624 1428 2806 1498 σαυτῷ
2835 1431 3037 1499 πρώτῳ
3075 1430 3168 1482 τὸν
3191 1429 3432 1484 τοιοῦτον
3466 1433 3850 1502 ὑφιστάμενος

2261 1524 2476 1583 σκότον,
2527 1519 2640 1572 ἀλλ’
2673 1521 2809 1589 ὅπερ
2848 1521 3018 1589 ἔφθην
3060 1521 3228 1576 είπὼν
3269 1525 3331 1576 ὲκ
3357 1525 3622 1594 πονηρίας
3652 1543 3714 1578 τε
3749 1527 3849 1579 καὶ

2259 1609 2352 1660 τοῦ
2386 1603 2988 1683 φαύλωςπροῃρῆσθαι
3017 1611 3165 1682 βιοῦν
3197 1616 3288 1666 ἐπὶ
3316 1615 3521 1684 ταύτην
3552 1617 3713 1686 ἥκεις
3744 1619 3848 1686 τὴν

558 1703 902 1775 ἀφροσύνην,
965 1709 1057 1760 καὶ
1113 1709 1284 1773 οὕτως
1345 1709 1777 1780 ἀφρονευόμενος
1830 1703 1898 1761 αὖ
1966 1701 2137 1764 ἀδεῶς
2209 1700 2367 1769 κακῷ
2444 1701 2752 1771 προστιθεὶς
2829 1704 3000 1757 κακὸν
3040 1705 3134 1757 καὶ
3181 1705 3270 1758 τὸν
3321 1705 3668 1777 ἀνθρωπικὸν
3726 1708 3846 1777 βίον

561 1800 822 1866 καθάπαξ
850 1803 1158 1874 ἠρνημένος
1187 1808 1528 1875 περινοστεῖς
1556 1806 1570 1860 1

635 1897 746 1950 lloc
801 1899 979 1966 itaque
1021 1910 1208 1952 contra
1259 1916 1354 1953 eos
1411 1900 1501 1969 qui
1528 1914 1626 1970 pro
1693 1898 1862 1954 multa
1912 1894 2141 1952 stultitia

2317 1885 2460 1956 Πρὸς
2510 1885 2606 1954 μὲν
2638 1885 2701 1954 δὴ
2751 1886 2875 1947 τούς
2905 1885 2993 1939 διά
3047 1886 3250 1956 πολλὴν
3298 1889 3613 1962 ἀφροσύνην
3665 1895 3730 1948 ὲν
3768 1881 3844 1952 τῇ

559 1990 766 2044 nullum
800 2005 920 2044 esse
950 1991 1114 2044 Deum
1153 1992 1207 2045 itt
1236 1993 1398 2046 corde
1443 1993 1723 2055 delirant,
1758 1989 2050 2060 perpaucis
2098 1994 2152 2040 et

559 2082 809 2149 expedite
845 2061 1117 2147 ‘diximus;
1163 2093 1216 2136 et
1294 2084 1471 2138 minus
1525 2083 1665 2137 forte
1713 2083 1994 2138 insaniunt
2046 2079 2139 2148 qui

560 2171 742 2240 plures
786 2172 939 2223 aiunt
975 2187 1096 2226 esse
1141 2174 1271 2228 deos
1324 2189 1486 2242 quam
1543 2173 1637 2243 qui
1694 2173 1929 2226 divinam
1993 2173 2151 2241 plane

565 2271 816 2316 naturam
853 2267 1140 2332 denegant.
1183 2267 1432 2318 Attamen
1483 2280 1546 2320 eo
1583 2266 1728 2334 quod
1764 2266 1909 2319 illam
1964 2264 2150 2317 multi-

562 2355 757 2423 plicem
801 2354 1036 2418 faciunt;
1060 2356 1293 2426 graviter
1327 2367 1381 2411 et
1435 2358 1538 2426 ipsi
1592 2358 1810 2411 unicum
1868 2357 1922 2410 in
1974 2356 2145 2409 Deum

561 2446 906 2515 delinquunt.
956 2449 1105 2500 Adeo
1173 2465 1410 2518 namque
1456 2449 1578 2503 illos
1644 2447 1779 2513 fugit
1834 2443 2151 2516 hujusmodi

561 2538 1036 2608 pbaznomeuorntn
1069 2543 1414 2596 concinnitas
1458 2551 1513 2594 et
1557 2539 1860 2609 diligentia,
1901 2546 1960 2591 ut
2008 2537 2152 2590 divi-

561 2643 684 2682 nam
722 2642 971 2684 naturam
1003 2634 1054 2685 in
1088 2634 1310 2686 totidem
1377 2645 1551 2700 partes
1611 2633 1851 2687 dividere
1895 2645 2154 2701 praesum-

564 2722 796 2789 psi-rint,
821 2737 942 2774 ettm
964 2723 1159 2776 exhinc
1192 2728 1393 2792 potius,
1412 2725 1618 2778 ratione
1643 2727 1797 2787 duce,
1821 2723 1884 2775 ad
1908 2723 2152 2775 omnium

567 2814 930 2867 accedendum
986 2814 1176 2868 fuisset
1229 2817 1580 2884 principium.
1619 2816 1800 2869 Latuit
1853 2815 1999 2868 enim
2057 2827 2152 2868 eos

565 2903 710 2972 quod
743 2904 846 2957 illis
877 2905 930 2957 in
974 2905 1135 2958 rebus
1175 2907 1438 2974 quidquid
1498 2905 1718 2959 causale
1772 2906 2020 2967 videtur,
2074 2906 2154 2957 itt-

571 2998 930 3051 strumeutiet
956 2998 1251 3064 juvaminis
1281 2999 1400 3052 loco
1431 3006 1536 3064 est,
1569 3013 1631 3051 ac
1662 2999 1832 3053 servis
1855 3008 1909 3053 et
1937 3008 2153 3051 creatu-

566 3087 643 3141 ris
675 3102 999 3156 congruum.
1037 3105 1143 3143 non
1189 3101 1368 3144 autem
1423 3089 1531 3144 diis
1571 3088 1851 3156 dominis;
1893 3089 2149 3159 quodque

564 3185 716 3232 tanta
756 3179 807 3231 in
841 3180 974 3233 adeo
1011 3181 1193 3233 multis
1224 3189 1277 3234 et
1304 3180 1469 3233 variis
1497 3182 1710 3234 naturis
1736 3181 2016 3234 accuratio
2043 3196 2148 3235 non

564 3283 630 3321 ex
675 3269 809 3340 ipsis
877 3270 1044 3335 inest,
1075 3271 1123 3324 id
1154 3271 1296 3324 enim
1333 3271 1447 3326 lieri
1480 3272 1663 3340 nequit
1694 3289 1711 3338 ;
1751 3271 1843 3326 sed
1868 3272 2148 3341 aquodam

565 3361 869 3415 sublimiori
899 3369 953 3415 et
981 3362 1156 3430 primo
1186 3363 1402 3415 illarum
1423 3362 1708 3416 condttore
1730 3378 1792 3416 ac
1814 3371 2153 3432 prmpotente

563 3451 792 3506 Domino
829 3453 975 3507 istud
1011 3454 1136 3507 boni
1196 3463 1277 3508 est
1303 3453 1409 3507 illis
1453 3455 1700 3508 insitum.
1740 3453 1950 3519 Quibus
1987 3455 2020 3506 ii
2060 3453 2150 3522 qui

564 3561 674 3615 pra:
702 3548 918 3601 caeteris
948 3546 1168 3600 luerunt
1198 3549 1401 3602 curiosi
1454 3548 1828 3615 incorporales
1889 3548 2150 3602 substan-

565 3636 670 3692 tias
718 3649 1044 3704 astrnentes,
1082 3640 1335 3708 illasque,
1371 3640 1559 3694 addito
1621 3640 1714 3693 Dei
1790 3641 2028 3704 nomine,
2083 3639 2152 3694 ab

568 3727 801 3780 invicem
839 3738 1154 3796 separautes
1187 3744 1292 3782 non
1344 3730 1609 3798 dignitate
1657 3730 1831 3783 solum
1859 3743 1910 3784 et
1941 3733 2149 3797 ordine,

561 3816 656 3869 sed
683 3825 736 3870 et
771 3833 965 3886 genere
1001 3834 1062 3871 ac
1095 3820 1461 3888 propensione
1505 3833 1618 3873 tttm
1652 3821 1716 3873 ad
1751 3823 1890 3874 bona
1943 3830 2054 3873 tum
2085 3821 2152 3874 ad

573 3910 782 3975 turpia,
827 3911 957 3962 nihil
987 3919 1038 3962 et
1068 3912 1170 3978 ipsi
1204 3913 1395 3964 melius
1434 3915 1686 3967 invenere
1745 3928 1906 3982 quam
1969 3914 2151 3968 exteri

564 4001 656 4066 qui
696 4015 722 4050 a
756 4014 882 4052 vero
915 4009 1258 4055 erraverunt.
1314 4002 1445 4054 Nam
1478 4004 1550 4057 dii
1590 4005 1632 4056 si
1677 4014 1878 4066 essent,
1914 4020 2019 4056 non
2082 4008 2152 4059 ita

565 4088 1044 4155 diStribuereutur,
1089 4108 1263 4160 neque
1298 4095 1370 4146 ita
1407 4093 1684 4148 distributi
1718 4096 1792 4148 dii
1847 4106 2054 4150 essent.
2091 4096 2148 4150 Si

564 4195 698 4233 vero
762 4181 1198 4250 homonymesic
1253 4186 1618 4254 appellantur,
1671 4203 1806 4241 vana
1865 4188 1976 4258 jatn
2037 4192 2150 4244 haec

565 4271 858 4339 appellatio
887 4283 940 4325 et
978 4273 1173 4326 exinde
1201 4275 1367 4328 multa
1404 4275 1761 4344 impossibilia
1809 4288 1864 4332 et
1913 4279 2148 4334 absurda

569 4363 852 4416 turmatim
918 4365 1298 4433 insequuntur.
1365 4369 1575 4422 Etenim
1622 4371 1737 4424 sive
1796 4371 2041 4427 homines
2095 4374 2148 4428 in

571 4459 702 4511 deos
731 4469 1003 4512 mutarent
1030 4461 1164 4514 alios
1198 4461 1415 4529 quidem
1445 4462 1514 4516 ob
1549 4464 1796 4517 \irtutem
1824 4474 1917 4518 aut
1949 4467 2146 4520 artium

570 4551 733 4606 utiles
772 4553 1046 4617 inventus,
1084 4552 1218 4607 alios
1257 4565 1436 4608 autem
1469 4556 1538 4610 ob
1567 4558 1838 4610 contraria
1872 4566 1925 4611 et
1970 4558 2151 4626 pejora

567 4643 780 4706 merita,
815 4643 928 4696 sive
964 4643 1016 4696 in
1054 4643 1184 4697 deos
1215 4653 1560 4700 mutarentur
1585 4646 1676 4699 alii
1710 4647 2027 4715 plerumque
2056 4648 2152 4702 ad-

567 4735 674 4789 huc
704 4737 812 4788 vita
881 4743 1183 4804 compotes,
1221 4736 1312 4789 alii
1346 4752 1470 4790 vero
1527 4737 1746 4791 sibimet
1801 4739 2045 4806 vivisque
2099 4745 2152 4790 et

566 4827 798 4881 mortuis
878 4828 1187 4882 istiusmodi
1248 4828 1518 4883 vesaniam
1581 4830 1955 4897 conciliantes,
2011 4832 2148 4885 ultra

565 4930 757 4972 omnes
790 4919 1081 4986 impietatis
1110 4918 1311 4971 limites
1342 4926 1558 4971 ventum
1594 4929 1728 4987 erat,
1776 4923 1947 4974 donec
1998 4931 2148 4975 tanto

566 5009 740 5060 errori
767 5024 876 5075 quo
904 5017 1076 5062 totum
1111 5023 1247 5076 pene
1297 5023 1468 5077 genus
1527 5009 1818 5064 humanum
1878 5014 1930 5065 in
1973 5027 2145 5065 rerum

563 5097 932 5163 detinebatttr,
966 5099 1123 5152 linem
1163 5098 1305 5153 Deus
1333 5102 1580 5170 posuerit
1607 5103 1698 5171 qui
1734 5102 1882 5156 solus
1911 5110 2144 5170 poterat.

566 5188 685 5241 Jam
722 5203 865 5242 nunc
905 5201 1086 5242 autem
1141 5189 1290 5246 orbis
1330 5192 1621 5248 universus
1652 5195 1704 5246 in
1767 5209 1932 5246 ttnttm
1973 5193 2140 5246 Deum

566 5279 765 5344 credit,
797 5280 938 5334 haud
970 5283 1142 5352 magis
1182 5283 1247 5337 de
1299 5285 1580 5338 athcorum
1610 5285 1922 5354 stupiditate
1945 5285 2150 5340 sollici-

564 5377 656 5422 tus
683 5370 748 5423 de
787 5384 892 5438 qua
929 5386 1206 5442 nunquam
1241 5384 1367 5428 ante
1397 5383 1712 5439 curaverat;
1751 5390 1813 5429 ac
1868 5377 1933 5428 de
1992 5375 2146 5444 poly-

571 5460 894 5515 tlteiStarum
925 5463 1198 5532 impietate
1233 5465 1335 5520 sub
1358 5465 1573 5532 pietatis
1613 5468 1813 5532 specie.
1851 5465 2058 5520 Etenim
2098 5467 2144 5520 si

566 5568 740 5616 nuper
769 5556 990 5624 quidam
1021 5573 1160 5610 ttnus
1188 5558 1399 5611 exstitit
1423 5558 1513 5624 qui
1554 5558 1805 5625 gentiletn
1865 5557 2142 5627 polythei-

568 5657 744 5695 sutum
775 5646 1002 5698 voluerit
1034 5647 1362 5707 instaurare,
1385 5643 1436 5696 id
1458 5643 1557 5696 iste
1584 5659 1679 5710 pro
1703 5646 1897 5698 mentis
1929 5646 2146 5697 hebetu-

567 5733 690 5788 dine
723 5736 992 5790 delirat-it.
1034 5735 1108 5790 illi
1165 5751 1293 5791 vero
1358 5733 1660 5792 hebetiores
1724 5736 1910 5798 futuri,
1970 5734 2011 5788 si
2055 5737 2148 5799 qui

2258 1977 2453 2046 καρδίᾳ
2480 1975 2781 2045 ληροῦντας
2827 1977 2900 2046 μὴ
2939 1973 3079 2030 εἶναι
3135 1981 3267 2033 Θεὸν
3313 1981 3372 2034 ἓν
3413 1999 3465 2034 τι
3501 1985 3658 2038 τοῦτο
3696 2003 3842 2057 προ-

2255 2073 2450 2142 χείρως
2475 2073 2684 2142 εἴρηται
2707 2088 2720 2102 ’
2757 2071 2848 2124 καὶ
2873 2067 3036 2145 ἦττον
3071 2074 3169 2143 μὲν
3196 2070 3335 2128 εἶναι
3366 2076 3599 2147 ἄφρονες
3629 2081 3681 2132 oi
3715 2081 3848 2132 πολ·

2255 2163 2380 2226 λοὺς
2411 2157 2551 2215 εῖναι
2578 2162 2734 2225 θεοὺς
2760 2161 3008 2230 λέγοντες
3030 2165 3138 2216 τῶν
3167 2167 3344 2235 πάντη
3366 2169 3463 2238 τὴν
3492 2170 3641 2228 θείαν
3670 2171 3844 2238 φύσιν

2257 2260 2670 2329 ὲξαρνουμένων
2697 2277 2710 2292 ·
2743 2260 2819 2330 τῷ
2854 2261 3035 2329 μέντοι
3069 2261 3271 2330 ταύτην
3302 2263 3596 2330 πληθύνειν
3629 2267 3712 2328 είς
3747 2268 3842 2318 τὸν

2254 2353 2349 2405 ἕνα
2383 2354 2477 2405 καὶ
2508 2352 2662 2403 αὐτοὶ
2693 2351 2881 2414 δεινῶς
2908 2353 3299 2423 ’παρανομοῦσι
3343 2355 3497 2410 Θεόν.
3536 2355 3698 2409 Οῦτω
3732 2359 3845 2426 γὰρ

2256 2444 2455 2506 αὐτοὺς
2483 2439 2622 2495 εἶδεν
2670 2443 2701 2511 ἡ
2732 2443 2790 2494 ὲν
2830 2445 2946 2506 τοῖς
2982 2445 3327 2514 φαινομένοις
3363 2447 3575 2507 τούτοις
3609 2449 3843 2514 εὐταξία
3901 2509 3916 2524 ,

2258 2537 2352 2588 καὶ
2383 2535 2443 2586 τὸ
2487 2535 2550 2586 ἐν
2586 2535 2770 2596 αὐτοῖς
2801 2535 3114 2603 δραστικὸν,
3146 2535 3286 2590 ὥστε
3327 2538 3427 2608 τὴν
3473 2537 3626 2592 θείαν
3673 2541 3843 2608 φύσιν

2256 2624 2350 2676 καὶ
2387 2624 2552 2695 μέχρι
2581 2623 2788 2677 τούτων
2822 2624 3213 2694 καταμερίζειν
3253 2626 3550 2696 ἠθέλησαν,
3583 2630 3707 2683 ἀντὶ
3743 2629 3840 2683 τοῦ

2257 2714 2460 2782 μᾶλλον
2511 2713 2761 2766 ἐντεῦθεν
2817 2714 2952 2782 πρὸς
2984 2715 3084 2782 τὴν
3145 2715 3272 2784 μίαν
3317 2720 3411 2770 καὶ
3473 2719 3644 2788 μόνην
3700 2721 3842 2773 ἀνα-

2254 2806 2470 2875 τρέχειν
2499 2803 2574 2874 τῷ
2603 2806 2850 2875 λογισμῷ
2889 2806 3106 2859 πάντων
3141 2808 3339 2880 ἀρχὴν,
3370 2811 3473 2864 οὐκ
3511 2813 3735 2880 εἰδότες,
3763 2814 3842 2876 ὠς

2255 2896 2316 2948 τὸ
2354 2897 2410 2947 ὲν
2441 2897 2649 2958 τούτοις
2700 2895 3028 2967 φαινόμενον
3071 2900 3318 2962 αἰτιῶδες
3375 2903 3670 2972 όργανικόν
3718 2907 3841 2957 ἐστι

2256 2988 2348 3038 καὶ
2380 2985 2720 3055 ὐπουργικδν
2748 2988 2842 3040 καὶ
2875 2988 3079 3050 δούλοις
3116 2990 3324 3058 πρέπον
3369 2993 3462 3045 καὶ
3508 2994 3836 3064 κτίσμασιν,

2255 3079 2316 3131 οὐ
2347 3078 2490 3140 Θεοῖς
2515 3079 2571 3132 δὲ
2611 3079 2920 3142 δεσπόταις,
2951 3081 3061 3132 οὐδ’
3091 3082 3175 3135 ὅτι
3219 3082 3319 3152 τῆς
3347 3086 3405 3136 ὲν
3429 3085 3572 3137 οὕτω
3616 3086 3840 3148 πολλοῖς

2258 3188 2316 3222 τε
2346 3173 2440 3223 καὶ
2471 3171 2820 3241 διαφέρουσιν
2866 3173 3118 3237 εὐταξίας
3148 3173 3248 3227 οὐκ
3288 3175 3431 3229 αὐτά
3482 3178 3623 3230 εἰσιν
3658 3177 3835 3242 αἴτια,

2256 3264 2541 3333 ἀμήχανον
2574 3264 2702 3332 γὰρ,
2741 3265 2854 3317 ἀλλ’
2887 3264 2952 3318 ἐκ
2999 3281 3146 3327 τινος
3189 3266 3520 3338 ὑψηλοτέρου
3552 3270 3646 3322 καὶ
3679 3270 3838 3338 πρώ-

2252 3372 2346 3407 του
2379 3356 2512 3426 πρὸς
2541 3356 2711 3409 ταῦτα
2741 3356 2964 3426 ποιητοῦ
2996 3357 3090 3409 καὶ
3125 3358 3384 3411 δεσπότου
3415 3358 3648 3428 δύναμιν
3680 3361 3838 3431 έχον-

2253 3465 2342 3510 τος
2373 3448 2517 3500 τοῦτ’
2549 3447 2757 3501 ἔνεστιν
2791 3449 2974 3510 αὐτοῖς
2999 3450 3252 3516 τάγαθόν.
3285 3451 3485 3513 Οὐσίας
3520 3451 3575 3504 δὲ
3604 3453 3835 3522 ἀσωμά-

2253 3555 2381 3601 τους
2441 3538 2766 3604 ὲφιστῶντες
2797 3539 2978 3602 αὐτοῖς
3012 3538 3088 3602 ὡς
3135 3540 3348 3593 ἔνδοθεν
3386 3542 3638 3606 κινούσας
3679 3544 3733 3596 οῖ
3769 3559 3835 3611 γε

2253 3629 2359 3682 τῶν
2394 3628 2568 3682 ἄλλων
2615 3631 3023 3700 περιεργότεροι
3081 3633 3176 3685 καὶ
3225 3632 3382 3695 θεοὺς
3428 3631 3566 3687 εἶναι
3627 3635 3834 3698 ταύτας

2253 3721 2508 3789 λέγοντες
2541 3723 2634 3774 καὶ
2675 3721 3009 3791 διαιροῦντες
3040 3725 3140 3776 οὐκ
3171 3724 3298 3794 ἀξίᾳ
3334 3726 3494 3793 μόνον
3537 3728 3632 3781 καὶ
3660 3729 3833 3793 τάξει,

2254 3814 2387 3866 ἀλλὰ
2447 3815 2540 3865 καὶ
2573 3813 2718 3880 γένει
2763 3815 2863 3880 ,καὶ
2916 3816 3300 3884 προαιρέσεσιν
3357 3819 3588 3884 ἀγαθαῖς
3622 3836 3678 3871 τε
3738 3822 3834 3872 καὶ

2256 3903 2512 3970 φαύλαις,
2546 3902 2697 3955 οὐδὲν
2723 3898 2889 3975 ἧττον
2921 3903 3029 3956 τῶν
3058 3903 3232 3958 ἄλλων
3264 3909 3355 3956 καὶ
3386 3907 3542 3958 αὐτοὶ
3574 3908 3668 3975 τῆς
3697 3909 3833 3976 ἀλη-

2254 3993 2403 4053 θείας
2461 3995 2890 4064 διημαρτήκασι.
2926 3995 3049 4047 Θεοί
3095 4012 3155 4046 τε
3201 3997 3309 4065 γὰρ
3340 3996 3488 4060 ὄντες
3518 3996 3616 4050 οὐκ
3643 3997 3706 4050 ἂν
3735 3997 3833 4050 ὡδὶ

2253 4087 2626 4154 διακρίνοιντο,
2661 4085 2771 4138 θεοί
2794 4085 2841 4138 τ’
2863 4087 2961 4139 οὐκ
2998 4087 3062 4141 ἂν
3113 4081 3224 4141 εἶεν
3259 4088 3354 4140 ὡδὶ
3383 4089 3793 4160 διακεκριμένοι
3815 4106 3829 4121 ’

2254 4178 2300 4227 εἰ
2332 4175 2376 4228 δ’
2426 4175 2730 4244 ὁμωνύμως
2781 4175 2952 4239 οὕτως
3008 4178 3256 4241 ἐκάλουν,
3294 4179 3456 4232 τοῦτο
3511 4179 3663 4233 οὐδέν
3711 4183 3828 4233 ἐστι

2252 4263 2453 4331 λέγειν,
2491 4267 2584 4317 καὶ
2635 4265 2847 4318 πολλῶν
2874 4267 3151 4319 ἀδυνάτων
3180 4284 3237 4319 τε
3272 4269 3366 4321 καὶ
3398 4269 3612 4320 ἀτόπων
3659 4270 3827 4336 ἐσμὸς

2250 4357 2307 4426 τῗ
2370 4356 2509 4409 λέσει
2539 4356 2711 4427 ταύτῃ
2749 4357 3063 4413 συνέπεται.
3094 4356 3216 4411 Ὅτι
3265 4358 3321 4411 δὲ
3369 4357 3463 4410 καὶ
3507 4356 3828 4426 ἀνθρώπους

2255 4447 2588 4512 ὲοιοποίουν,
2639 4450 2768 4512 τοὺς
2827 4449 2926 4518 μὲν
2985 4448 3072 4501 ἐπ’
3105 4451 3274 4520 ἀρετῇ
3326 4451 3421 4502 καὶ
3480 4450 3829 4519 σεμνοτέροις

2256 4541 2532 4610 εὑρήμασι
2559 4543 2668 4593 τῶν
2703 4541 2836 4610 πρὸς
2877 4540 2974 4602 τὰς
3018 4541 3360 4606 ἀνθρωπίνας
3396 4541 3586 4611 χρείας
3621 4542 3829 4594 τεινόν-

2255 4650 2388 4697 των,
2426 4635 2551 4695 τοὺς
2586 4633 2630 4685 δ’
2661 4634 2757 4686 ἐπὶ
2789 4635 2900 4692 τοῖς
2930 4634 3196 4694 ἐιαντίοις
3245 4634 3342 4686 καὶ
3377 4634 3609 4702 χείροσι,
3637 4635 3729 4685 καὶ
3755 4633 3829 4693 ὼς

2253 4725 2630 4778 ὲθεοποιοῦντο
2667 4726 2766 4792 μὲν
2811 4724 2862 4776 oi
2899 4724 3112 4785 πλείους
3149 4723 3374 4777 ἐκείνων
3421 4724 3622 4788 ζῶντες
3655 4725 3825 4788 αὐτοὶ,

2257 4817 2408 4869 ἄλλοι
2449 4816 2506 4868 δὲ
2545 4818 2638 4868 καὶ
2685 4816 2821 4879 ζῶσι
2853 4815 2948 4869 καὶ
2981 4817 3373 4887 τελευτήσασιν
3421 4820 3601 4881 αὐτοῖς
3653 4820 3827 4887 ἐχαρία

2257 4904 2413 4968 ζοντο
2443 4905 2502 4957 τὸ
2533 4907 2630 4972 τὴν
2657 4906 2914 4974 τοιαύτην
2939 4908 3255 4978 ἀφροσύνην
3284 4907 3510 4977 κυροῦν,
3550 4909 3708 4961 τοῦτο
3735 4908 3827 4958 καὶ

2257 4998 2441 5050 πᾶσαν
2471 4997 2834 5068 παρεληλύθει
2873 5000 2995 5052 τότε
3039 5001 3382 5066 δυσσέϐειαν,
3417 5001 3516 5070 τῆς
3571 5000 3825 5066 τοιαύτης

2255 5091 2466 5158 πλάνης
2501 5091 2562 5142 τὸ
2590 5091 2696 5143 τῶν
2727 5090 3031 5162 ἀνθρώπων
3069 5093 3446 5161 κατασχούσης
3476 5093 3630 5160 γένος
3684 5091 3826 5144 ἅπαν

2258 5181 2447 5252 σχεδὸν
2480 5183 2536 5244 ἐς
2569 5182 2820 5236 πλεῖστον
2851 5183 2943 5236 τὸν
2971 5184 3184 5252 χρόνον,
3217 5187 3244 5237 ὁ
3268 5185 3399 5247 Θεὸς
3433 5185 3708 5252 ἀπήλλαξε
3740 5183 3825 5251 μὸ-

2254 5290 2343 5335 νος
2387 5273 2546 5326 τοῦτο
2589 5274 2909 5344 δυνάμενος.
2944 5277 3053 5328 Καὶ
3105 5275 3200 5328 νῦν
3246 5276 3390 5338 ἅπας
3432 5277 3460 5328 ό
3515 5278 3722 5343 κόσμος
3755 5279 3824 5334 εἰς

2253 5369 2350 5421 ἕνα
2382 5369 2631 5421 πιστεύει
2681 5370 2814 5422 Θεὸν
2863 5370 3004 5424 οὓτω
3041 5373 3139 5441 τῆς
3175 5373 3283 5425 τῶν
3324 5373 3499 5425 ἀθέων
3532 5371 3823 5442 φροντίζωε.

2251 5461 2632 5528 ἀναισθησίας,
2677 5457 2742 5532 ἧς
2769 5463 2888 5515 οὐδὲ
2935 5465 3024 5514 τὸν
3075 5464 3308 5530 πρόσθεν
3344 5465 3533 5532 χρόνον
3590 5465 3822 5529 ἐφιόντι-

2252 5553 2365 5617 ξεν,
2397 5553 2519 5605 οὔτε
2559 5555 2656 5622 τῆς
2709 5554 2815 5606 τῶν
2858 5555 3133 5607 πολυθέων
3173 5555 3524 5616 ἀνευλαὸείας
3573 5557 3630 5606 ἐν
3677 5554 3821 5606 εὐλα·

2259 5646 2412 5706 θείας
2451 5646 2824 5714 προσχήματι.
2873 5648 2932 5699 Εἰ
2967 5648 3074 5712 γάρ
3107 5647 3208 5698 πού
3247 5665 3328 5709 τις
3362 5650 3552 5714 γέγονε
3594 5649 3701 5715 πρὸ
3745 5665 3820 5716 μισ

2259 5736 2390 5798 κτοῦ
2425 5738 2522 5799 τὴν
2567 5739 2885 5799 Ἑλληνικὴν
2939 5736 3418 5801 πολυθεῖαν-αῦθις
3453 5739 3656 5794 ἐθέλων
3703 5741 3804 5794 ἀνα
