4170 6294
469 291 565 355 58]
1575 305 1672 362 DE
1734 305 1878 363 Ι)Εο
1924 305 2001 364 ΙΝ

2150 308 2461 368 lNlTATE
2515 308 2695 369 UNO.

3624 319 3726 380 .582

460 409 640 475 νεοῦν,
669 411 737 463 δι’
767 411 1092 481 ἀμϐλύτητα
1125 416 1221 485 μὲν
1257 418 1497 481 διανοίας
1543 420 1701 473 τοῦτο
1734 424 1829 474 καὶ
1875 422 2033 485 αὐτὸς

2143 424 2275 487 siut,
2314 426 2404 492 qui
2442 428 2507 481 ad
2543 442 2709 483 unum
2743 426 2893 481 illum
2917 429 3258 496 accedentes,
3301 445 3397 500 pro
3422 432 3727 488 certissima

461 503 800 556 ἐπεπόνθει·
850 505 1186 577 ἀμδλύτεροι
1236 508 1303 560 δι’
1358 509 1426 562 ἂν
1466 506 1597 571 εἷεν,
1661 513 1714 564 εῖ
1751 528 1790 563 π
1822 512 1850 563 ύ
1901 529 2043 574 τινες

464 594 661 663 ἐκείνῳ
715 596 1165 667 προστεθειμένοι
1197 599 1298 668 τὴν
1345 598 1624 667 ἐξόριστον
1678 602 1889 672 πλάνην
1924 604 2045 656 ἀντὶ

459 689 565 754 τῆς
615 686 990 755 ἀληθεστάτης
1034 692 1128 742 καὶ
1173 690 1356 758 κοινῆς
1400 691 1508 744 τῶν
1557 692 1862 761 ἀνθρώπων
1886 691 2044 760 δίξης

465 780 726 849 αἱροῖντο.
760 780 867 831 Καὶ
888 783 1049 849 ἡμεῖς
1079 783 1219 835 κατὰ
1244 787 1341 852 τῆς
1369 784 1625 845 ἀδουλίας
1655 787 1863 839 ἐκείνου
1898 787 2043 840 πλεῖ-

467 888 569 923 στα
620 872 1108 942 συνεγραψάμεθα,
1158 876 1258 927 οὐκ
1307 876 1528 929 ἐκείνων
1557 877 1613 930 δὲ
1647 871 1720 931 ὧν
1766 879 2042 949 ὴδολέσχει

465 958 609 1009 κατὰ
659 959 756 1025 τῆς
809 961 959 1028 ίερᾶς
1011 962 1271 1033 ἀληθείας
1307 966 1708 1033 φροντίζοντες,
1768 968 1905 1021 ἀλλὰ
1944 970 2042 1037 τῆς

462 1052 574 1105 τῶν
610 1054 884 1105 πλείστων
921 1054 975 1105 ἐν
1006 1052 1081 1121 τῷ
1132 1056 1278 1122 γένει
1331 1057 1423 1109 νῦν
1456 1058 1697 1126 ἀμαθίας
1737 1060 1814 1128 τῷ
1872 1060 2039 1115 πάλαι

465 1146 561 1197 καὶ
606 1145 712 1214 πρὸ
751 1145 948 1215 μικροῦ
986 1148 1304 1216 σοφωτάτῳ,
1338 1148 1405 1201 δι’
1438 1150 1505 1218 ῆν
1528 1153 1620 1203 καὶ
1644 1152 2041 1205 κινδυνεύσειεν

465 1236 531 1289 ἄν
577 1255 660 1298 τις
691 1238 797 1290 τῶν
830 1240 1215 1310 ἁπλουστέρων
1249 1243 1314 1311 τῇ
1350 1241 1537 1308 ψευδεῖ
1570 1244 1696 1310 περὶ
1722 1243 1820 1311 τῆς
1851 1244 2037 1311 σοφίας

465 1330 679 1381 ἐκείνου
710 1331 865 1400 φήμῃ
900 1328 1243 1398 πειθόμενος.
1280 1331 1635 1399 Μαθημάτων
1671 1334 1768 1401 μὲν
1799 1335 1911 1403 γὰρ
1941 1335 2038 1402 τῆς

470 1419 797 1489 ὕπτιότητος
859 1421 1025 1490 μόνης
1073 1423 1355 1491 μετέσχεν,
1403 1423 1530 1476 ἄλλο
1590 1424 1634 1476 δ’
1682 1424 1833 1476 οὐδὲν
1891 1423 2038 1488 ἄξιον

467 1510 618 1579 αὐτῷ
654 1528 710 1563 τε
746 1511 1001 1566 ἀπώνατο
1033 1515 1125 1565 καὶ
1161 1515 1259 1580 τῆς
1298 1515 1707 1583 ἐπικοσμούσης
1750 1515 1922 1567 ταῦτα
1952 1533 2041 1567 σο-

467 1601 618 1668 φίας.
656 1601 1001 1669 Εὑφραδείας
1030 1602 1085 1654 δέ
1120 1603 1433 1671 ἐπεμελήθη
1467 1604 1566 1673 μὲν
1600 1605 1777 1666 καλῶς
1814 1606 1909 1675 τῆς
1941 1607 2036 1675 ἁρ-

467 1691 649 1759 χαίας,
698 1691 813 1741 ἀλλ’
862 1693 919 1743 ἐν
950 1693 1296 1760 ἀσεϐεστάτῳ
1340 1694 1435 1746 καὶ
1478 1694 1870 1766 ἀφρονεστὰτῳ
1904 1713 2035 1764 συγ-

464 1780 782 1851 γράμματι,
823 1781 888 1850 ἣν
915 1783 947 1851 ἡ
990 1783 1232 1835 Λατίνων
1263 1786 1530 1853 παροιμία
1561 1786 1650 1839 διὰ
1678 1786 1835 1840 τοῦτο
1862 1805 2035 1856 προσ-

465 1872 709 1940 ηκόντως
742 1872 877 1941 τιμᾷ
924 1873 980 1923 ἐν
1014 1875 1123 1934 τοῖς
1171 1872 1479 1943 εἰλικρινῶς
1512 1877 1605 1927 καὶ
1643 1877 1810 1946 μόνης
1862 1879 2032 1949 αὐτῆς

467 1960 909 2028 ἐπιμεληθεῖσω·
963 1962 1020 2013 έν
1065 1968 1274 2026 τούτοις
1331 1965 1428 2033 μὲν
1484 1960 1577 2018 οὖν
1624 1967 1724 2020 κᾶν
1782 1966 1896 2038 εἶχέ
1950 1988 2034 2033 τις

463 2054 626 2106 αὐτὸν
657 2054 916 2106 ἐπαινεῖν.
962 2052 1117 2106 Οὕτω
1158 2054 1204 2106 δ’
1241 2054 1445 2117 ἁπλοῦς
1485 2057 1624 2109 πάνυ
1662 2060 1756 2112 ναὶ
1802 2060 1908 2112 τῶν
1939 2077 2037 2130 χυ-

463 2146 630 2198 δαίων
681 2146 834 2198 οὐδὲν
882 2146 1067 2215 σχεδὸν
1104 2146 1376 2215 διαφέρων
1406 2145 1474 2217 ἦν
1518 2151 1644 2217 περὶ
1672 2150 1730 2203 τὸ
1755 2151 2033 2217 1,δύνασθαι

468 2238 675 2307 κρίνειν
710 2236 966 2305 ἀληθείας
1012 2236 1135 2305 πέρι
1188 2236 1283 2288 καὶ
1312 2236 1559 2305 ψεύδους,
1604 2237 1742 2290 ὥστε
1779 2240 1873 2291 καὶ
1905 2242 2035 2301 παῖς

470 2331 634 2383 αὖτὶν
666 2329 952 2398 ἐξήλεγχεν
979 2327 1043 2380 ἂν
1075 2328 1165 2380 κα)⁸
1196 2328 1341 2380 παιδί
1366 2328 1665 2395 ἀντιλέγειν
1699 2329 1799 2381 οὐκ
1830 2327 1897 2380 ἂν
1926 2324 2034 2392 οἷός

470 2440 530 2474 τε
574 2419 1034 2488 ἦννπειραστικῶς
1069 2418 1388 2489 ψευδομένῳ
1414 2436 1426 2450 °
1460 2420 1538 2472 διὸ
1573 2420 1666 2473 καὶ
1699 2420 1797 2490 τὴν
1826 2422 2033 2490 πλάνην

466 2512 679 2577 ἐπέστη
718 2511 942 2577 ταύτην,
975 2511 1068 2563 καὶ
1108 2512 1268 2581 ἡμεῖς
1298 2512 1394 2580 τῆς
1422 2512 1651 2583 ἀρίστης
1691 2514 1897 2567 ἐκείνου
1936 2513 2035 2568 Νο-

473 2601 729 2669 μοθεσίας
765 2601 862 2670 (ι),
916 2599 1058 2652 οὕτω
1094 2601 1204 2671 γὰρ
1263 2601 1540 2669 ἐπέγραψε
1587 2604 1644 2654 τὸ
1686 2602 1910 2671 βιϐλίον,
1957 2604 2035 2654 ol-

463 2695 639 2755 κείαις
673 2692 829 2762 χερσί⁵
864 2692 1264 2760 γεγραμμένον,
1297 2691 1561 2759 δημοσίαν
1600 2696 1698 2761 τήν
1728 2710 1787 2746 τε
1828 2696 2035 2748 ἀντιλο-

462 2786 588 2853 γίαν
620 2785 1018 2854 ἐποιησάμεθα,
1050 2786 1139 2837 καὶ
1173 2786 1268 2851 τὴν
1299 2784 1487 2854 ποινὴν
1518 2786 1646 2853 πυρὶ
1679 2787 2031 2855 παραδίντες.

474 2878 779 2947 Ἦνάγκαζε
815 2877 869 2929 δὲ
903 2878 1050 2945 ἡμᾶς
1101 2878 1127 2927 ό
1173 2876 1267 2927 τοῦ
1315 2876 1380 2927 δι’
1417 2878 1558 2945 ἡμᾶς
1601 2878 1700 2945 τὴν
1753 2878 2034 2947 ἡμετέραν

461 2974 626 3039 φύσιν
653 2970 1076 3039 προσειληφότος
1109 2969 1238 3023 Υίοῦ
1269 2971 1360 3022 τοῦ
1394 2971 1523 3022 Θεοῦ
1565 2974 1655 3023 καὶ
1679 2973 1775 3041 τῆς
1806 2974 2034 3042 ἀρίστης

459 3062 667 3115 ἐκείνου
717 3060 1034 3130 νομοθεσίας
1083 3061 1248 3121 πόθος
1280 3064 1374 3112 ml.
1414 3062 1600 3128 φόϐος,
1646 3056 1725 3124 οἷς
1761 3063 2035 3116 ίκανοποι-

458 3157 653 3218 οῦντας
678 3155 776 3207 οὐκ
807 3154 870 3206 ἂν
904 3153 1179 3223 προσῆκεν
1214 3153 1388 3215 ἄλλως
1417 3155 1613 3206 ποιεῖν.

532 3249 653 3299 Τῶν
679 3247 780 3316 μὲν
811 3246 904 3299 οὖν
934 3246 1204 3299 πολυθέων
1242 3245 1544 3314 ἐξελέγχειν
1578 3249 1674 3315 τὴν
1710 3247 1916 3318 πλάνην
1946 3248 2032 3300 διὰ

458 3340 631 3394 ταῦτα
672 3340 766 3393 νῦν
791 3341 851 3393 οὐ
885 3340 1094 3408 καιρὸς,
1114 3339 1423 3409 ἀρκούντως
1454 3356 1510 3391 τε
1541 3340 1908 3410 ἐληλεγμένης
1940 3340 2032 3393 ὑπ’

458 3428 624 3484 αὐτοῦ
652 3429 785 3482 Θεοῦ
835 3434 927 3484 καὶ
953 3431 1060 3480 τῶν
1104 3430 1171 3481 τὰ
1224 3428 1345 3481 θεῖα
1399 3430 1757 3497 φρονούντων,
1800 3430 1895 3481 καὶ
1938 3432 2033 3482 νῦν

459 3523 564 3576 ὑπὸ
611 3522 783 3592 γωνίᾳ
840 3524 1003 3589 μόνον
1054 3524 1146 3572 καὶ
1211 3521 1396 3575 σκότει
1435 3521 1837 3573 πολυθεούντων
1901 3525 2032 3585 ἴσως

456 3614 676 3681 ὀλίγων,
729 3614 809 3666 ὅτι
866 3613 940 3682 μὴ
974 3613 1248 3679 τολμῶσιν
1300 3612 1678 3665 ἀναιδεύεσθαι
1732 3612 1873 3665 κατὰ
1930 3614 2030 3681 τῆς

460 3704 736 3775 πανταχοῦ
774 3704 1079 3773 κρατούσης
1123 3704 1376 3772 ἀληθείας
1400 3719 1416 3735 ο
1450 3706 1476 3755 ὁ
1524 3707 1630 3765 πᾶς
1663 3707 1769 3772 γὰρ
1800 3705 1913 3766 νῦν,
1955 3703 2030 3766 ὡς

457 3798 696 3868 εἴρηται,
730 3798 933 3865 κόσμος
963 3799 1051 3849 καὶ
1097 3792 1234 3849 εἶναι
1266 3796 1397 3848 Θεδν
1433 3798 1524 3847 καὶ
1548 3795 1736 3847 τοῦτον
1767 3797 1861 3848 ἕνα
1895 3794 2028 3849 εἶναι

458 3889 667 3955 φρονεῖ.
714 3886 868 3939 Ἐπεὶ
896 3886 951 3938 δέ
971 3886 1061 3938 τὸν
1096 3886 1189 3938 ἕνα
1223 3886 1355 3938 Θεὸν
1390 3886 1660 3954 διαφόρως
1684 3885 1923 3947 τιθέντες
1949 3888 2030 3949 είς

458 3977 680 4039 πλείους
728 3977 965 4046 αἱρέσεις
1014 3976 1495 4045 καταμερίζονται,
1541 3978 1677 4046 ἡμῖν
1732 3977 1828 4044 μὲν
1868 3978 2028 4045 ἀρκεῖ

456 4071 545 4121 καὶ
587 4072 694 4131 τοῖς
740 4069 939 4135 ἄλλοις,
974 4069 1163 4121 ὁπόσοι
1198 4070 1310 4130 τοῖς
1367 4069 1532 4128 θείοις
1586 4067 1680 4121 τοῦ
1724 4070 1897 4138 Ἰησοῦ
1935 4069 2027 4120 καὶ

455 4158 711 4227 Σωτῆρος
745 4158 903 4226 ἡμῶν
934 4158 1117 4225 νόμοις
1148 4157 1413 4225 ἀγόμεθα,
1441 4160 1602 4210 αὑτὸν
1632 4161 1835 4213 ἐκεῖνον
1866 4161 2027 4230 προϊ-

457 4250 686 4301 στασθαι
714 4253 808 4301 καὶ
837 4250 964 4311 τοὺς
994 4248 1157 4301 αὐτοῦ
1208 4250 1460 4317 μαθητὰς
1506 4252 1600 4303 καὶ
1633 4252 1757 4314 τοὺς
1801 4254 2024 4303 ἐκείνων

454 4335 521 4390 αὖ
580 4338 876 4408 διαδόχους,
933 4339 1025 4390 καὶ
1057 4338 1149 4389 τὸν
1198 4337 1293 4389 ἕνα
1323 4338 1474 4401 Θεὸν,
1513 4340 1586 4401 ὼς
1638 4341 1843 4392 ἐκεῖθεν
1890 4341 2024 4392 δεδι-

2154 522 2207 569 et
2268 521 2538 573 communi
2603 520 2886 574 hominum
2952 520 3079 585 fide,
3144 532 3415 576 extorrem
3475 522 3723 576 fraudem

2152 610 2633 677 amplecterentur.
2684 609 2849 679 Atqui
2903 626 3003 681 ego
3036 613 3277 679 quidem,
3301 612 3400 668 etsi
3450 624 3641 668 contra
3670 611 3728 666 il-

2152 698 2257 754 lius
2292 701 2663 770 insipientiam
2731 704 2883 772 plura
2927 707 3251 773 conscripsi,
3287 707 3420 761 nihil
3485 717 3724 763 attamen

2151 793 2336 845 curavi
2390 793 2456 846 de
2512 793 2595 846 his
2635 809 2757 861 quae
2818 804 3058 848 sanctam
3116 796 3384 851 adversus
3440 799 3722 853 veritatem

2150 883 2437 953 garriebat,
2478 883 2570 936 sed
2620 892 2823 938 tantum
2856 886 2922 940 de
2954 886 3053 940 hac
3084 886 3440 952 plurimorum
3496 891 3723 958 hujusce

2154 974 2331 1043 gentis
2366 976 2638 1043 quondam
2672 983 2725 1030 et
2756 991 2863 1030 non
2912 976 2985 1029 ita
3046 979 3250 1046 pridem
3310 980 3722 1047 sapientissime

2150 1066 2387 1129 inscitia,
2420 1082 2540 1135 qua!
2575 1082 2736 1120 causa
2773 1078 2917 1119 esset
2955 1084 3052 1121 cur
3103 1070 3353 1123 incautus
3405 1070 3621 1140 aliquis,
3653 1087 3721 1125 ex

2156 1158 2418 1212 ementita
2470 1160 2617 1213 illius
2692 1160 2969 1227 sapientiae
3025 1160 3217 1224 fama,
3279 1161 3331 1214 in
3386 1161 3721 1216 seductionis

2148 1250 2393 1318 periculo
2422 1259 2753 1305 versaretur.
2792 1251 2920 1304 Nam
2978 1267 3041 1304 ex
3090 1251 3490 1307 mathematicis
3546 1253 3719 1307 solam

2149 1340 2496 1408 supinitatem
2534 1342 2737 1406 calluit,
2768 1343 2900 1396 nihil
2932 1359 3115 1397 verum
3148 1344 3291 1397 aliud
3324 1345 3397 1398 illi
3438 1346 3537 1398 fuit
3594 1360 3722 1414 ope-

2148 1446 2219 1483 rae
2241 1432 2495 1500 pretium,
2536 1432 2669 1484 nihil
2701 1448 2764 1485 ex
2810 1434 2923 1501 ipsa
2946 1435 3210 1502 sapientia
3239 1450 3358 1503 qua:
3381 1434 3719 1489 mathesibus

2146 1533 2227 1575 est
2268 1532 2587 1575 ornamento
2626 1523 2873 1591 profecit.
2899 1524 3167 1577 (Scelerum
3204 1526 3368 1578 veteri
3424 1527 3587 1580 etiam
3641 1526 3720 1579 fa-

2147 1614 2357 1668 cundiae
2388 1615 2581 1668 scdulo
2608 1615 2837 1679 studuit,
2870 1617 2963 1670 sed
3004 1632 3064 1670 ex
3130 1618 3361 1683 quodam
3423 1619 3716 1673 admodum

2148 1706 2314 1774 impio
2344 1722 2409 1761 ac
2438 1707 2765 1762 stultissimo
2814 1708 3017 1775 scripto
3051 1725 3063 1772 ;
3095 1724 3255 1777 quam
3316 1711 3436 1763 ideo
3469 1710 3716 1765 Latinum

2144 1800 2485 1868 proverbium
2528 1802 2770 1868 apposite
2793 1801 2931 1869 apud
2974 1816 3069 1856 eos
3117 1802 3353 1856 celebrat
3415 1804 3505 1872 qui
3569 1804 3715 1857 illam

2142 1887 2432 1956 diligenter
2451 1898 2503 1944 et
2520 1891 2676 1943 unice
2707 1890 3013 1945 coluerunt.
3036 1890 3311 1947 lnterillos
3329 1894 3551 1962 proinde
3574 1895 3717 1948 hunc

2142 1982 2365 2036 laudare
2382 1982 2519 2036 forte
2538 1982 2714 2037 liceat.
2736 1982 2947 2036 Atenim
2969 1982 3108 2050 quod
3128 1992 3213 2037 est
3248 1983 3315 2036 de
3364 1999 3491 2038 vero
3515 1999 3542 2035 a
3580 1984 3715 2039 l‘also

2142 2073 2502 2129 discernendo
2533 2076 2608 2129 ita
2642 2075 2741 2128 fuit
2768 2089 2995 2143 prorsus
3040 2088 3231 2142 expers
3259 2081 3314 2128 et
3344 2089 3372 2128 a
3406 2074 3715 2144 gregalibus

2151 2166 2227 2220 nil
2268 2168 2377 2223 fere
2406 2168 2638 2231 distans,
2675 2174 2731 2220 ut
2765 2168 2845 2221 vel
2874 2182 3009 2237 puer
3034 2167 3183 2221 illum
3217 2166 3576 2233 conlutasset,
3611 2183 3712 2223 nec

2141 2257 2255 2329 ipse
2290 2274 2457 2329 puero
2523 2260 2578 2314 in
2632 2260 3059 2329 experimentum
3106 2259 3387 2313 tnenticnti
3448 2259 3714 2326 potuisset

2142 2353 2536 2407 contradicere.
2595 2350 2937 2420 Quapropter
2962 2360 3014 2405 et
3044 2351 3189 2405 hunc
3226 2366 3465 2405 errorem
3497 2352 3633 2421 apud
3655 2366 3713 2407 se

2143 2443 2343 2513 recepit
2378 2463 2390 2508 ;
2413 2442 2575 2513 cujus
2597 2458 2696 2511 ego
2723 2444 2787 2496 de
2814 2444 3006 2511 Optima
3026 2444 3360 2513 legistatione
3381 2442 3577 2497 librum
3611 2442 3712 2512 (sic

2142 2536 2283 2591 enim
2324 2543 2443 2590 erat
2475 2535 2772 2602 inscriptus
2828 2542 2880 2589 et
2934 2535 3149 2604 propria
3205 2551 3369 2589 manu
3428 2536 3709 2603 exaratos)

2141 2626 2355 2695 publica
2387 2626 2749 2693 disputatione
2792 2626 3090 2691 contutavi,
3125 2639 3280 2693 poena
3334 2625 3554 2691 quidem
3595 2625 3711 2692 ipsa

2141 2714 2254 2783 igni
2290 2712 2878 2781 tradita.Compulerat
2920 2722 3099 2768 autem
3157 2730 3241 2767 me
3294 2713 3413 2767 Filii
3472 2713 3565 2767 Dei
3617 2713 3710 2781 qui

2141 2817 2362 2877 propter
2418 2821 2513 2860 nos
2545 2814 2794 2860 naturam
2836 2817 3076 2861 nostram
3124 2807 3439 2875 assumpsit,
3488 2807 3713 2875 ejusque

2141 2900 2360 2967 optima:
2388 2897 2746 2966 legislationis
2789 2912 2940 2951 amor
2979 2906 3029 2951 et
3058 2898 3259 2962 timor;
3290 2898 3489 2967 quibus
3536 2907 3593 2951 ut
3627 2911 3713 2952 sa-

2144 2991 2467 3055 tislacerem,
2504 3007 2588 3045 tne
2619 3008 2725 3045 non
2750 2991 3033 3061 oportebat
3062 3006 3171 3045 rem
3219 2990 3376 3045 aliter
3400 2989 3639 3060 aggredi.

2208 3255 2285 3308 Ex
2332 3254 2489 3307 dictis
2518 3252 2685 3321 igitur
2725 3253 3167 3322 polytheistarum
3217 3270 3457 3309 errorem
3512 3272 3606 3326 per
3657 3258 3708 3313 id

2139 3346 2399 3414 temporis
2429 3346 2679 3399 evincere
2715 3360 2821 3397 non
2862 3353 2966 3409 est,
2999 3354 3182 3412 utpote
3217 3345 3326 3413 jam
3363 3347 3427 3398 ab
3458 3347 3577 3413 ipso
3605 3349 3709 3403 Deo

2137 3434 2407 3489 devictum
2440 3442 2493 3486 et
2521 3448 2548 3485 a
2573 3433 2987 3501 quibuscunque
3010 3432 3074 3486 de
3104 3433 3300 3487 divinis
3322 3436 3705 3504 prudentibus;

2138 3528 2434 3596 prsesertim
2466 3541 2585 3577 eum
2612 3524 2693 3575 vix
2724 3524 2859 3576 forte
2887 3525 3101 3593 pauculi
3138 3526 3190 3578 in
3220 3527 3415 3593 angulo
3440 3536 3491 3578 et
3525 3526 3706 3581 furtim

2137 3616 2319 3683 plures
2381 3616 2511 3667 deos
2573 3614 2909 3667 somnicntur
2944 3630 2960 3678 ;
2998 3629 3093 3667 nec
3152 3616 3293 3667 enim
3349 3617 3614 3671 auderent
3654 3619 3709 3671 in

2134 3708 2414 3760 veritatem
2475 3706 2544 3758 ita
2596 3705 2830 3772 undique
2902 3707 3278 3775 prmvalcidem
3347 3709 3707 3771 insolescere,

2147 3798 2404 3850 universo
2467 3812 2611 3849 nunc
2669 3796 2819 3858 orbe,
2852 3805 2911 3848 ut
2962 3797 3165 3849 dictum
3230 3807 3330 3862 est,
3371 3798 3531 3851 [lcum
3590 3814 3708 3853 esse

2137 3902 2371 3955 eumque
2407 3888 2623 3941 unicum
2657 3886 2942 3941 sentiente.
2990 3889 3251 3953 QuOniam
3302 3905 3429 3942 vero
3496 3891 3559 3942 de
3593 3889 3702 3944 Deo

2132 3979 2277 4031 varia
2312 3978 2443 4031 varii
2476 3990 2732 4047 ponentes
2763 3979 2815 4030 in
2846 3979 3040 4033 nmltas
3069 3978 3383 4032 dividuntur
3445 3981 3703 4047 luvrcses,

2130 4081 2211 4125 sat
2267 4069 2421 4123 nobis
2472 4070 2634 4123 fuerit
2692 4078 2745 4122 et
2794 4069 3000 4123 ccetcris
3061 4079 3411 4142 qnetcunque
3467 4074 3706 4143 regimur

2127 4161 2326 4216 divinis
2362 4161 2662 4215 Salvatoris
2695 4164 2867 4214 nostri
2897 4161 3025 4216 Jesu
3089 4164 3294 4233 legibus
3350 4167 3493 4219 hunc
3530 4166 3703 4232 ipsum

2128 4252 2356 4320 ejusque
2418 4251 2713 4319 discipulos
2770 4266 2833 4304 ac
2880 4267 3079 4322 .eorum
3130 4268 3492 4315 successores.

3577 4269 3702 4308 ΠΕΟ·

2130 4358 2234 4395 non
2289 4351 2343 4395 et
2389 4357 2553 4394 unum
2611 4342 2774 4393 Deum
2837 4358 3155 4411 proponere,
3251 4345 3702 4411 quemadmodum

456 4428 705 4496 δαγμεθα
743 4430 960 4496 φρονεῖν
992 4445 1051 4480 τε
1085 4428 1179 4479 καὶ
1215 4430 1327 4490 τοῖς
1354 4431 1571 4489 οἰκείοις
1610 4425 1901 4497 κηρύττειν
1927 4433 2025 4497 τῆς

2142 4433 2329 4485 exhinc
2386 4431 2515 4498 quid
2565 4430 2631 4482 de
2662 4431 2765 4483 title
2823 4432 3135 4490 tenendum.
3170 4434 3297 4499 quid
3343 4434 3703 4487 fainiliaribus

455 4521 725 4582 πίστεωςο
760 4520 894 4572 ἀλλὰ
942 4520 1048 4571 τῶν
1096 4520 1504 4588 διαφερομένων
1555 4522 1718 4572 ἕνεκα
1750 4523 1845 4573 καὶ
1898 4523 2029 4590 περὶ

454 4611 644 4663 τούτου
677 4628 729 4663 τι
769 4610 1117 4679 προσθετέον.
1155 4608 1279 4663 Ὅτι
1304 4612 1481 4663 τοίνυν
1514 4614 1540 4663 ό
1570 4606 1648 4672 εἷς
1680 4611 1802 4663 κατ’
1841 4586 2029 4662 οὑὲίαν

453 4703 583 4763 Θεὸς
621 4701 735 4770 ἅμα
766 4704 856 4753 καὶ
889 4701 1045 4770 τριάς
1075 4702 1221 4752 ἐστιν
1261 4702 1543 4769 ίδιοτήτων
1575 4701 1719 4770 ἔργῳ
1749 4702 2030 4767 διακεκρι-

459 4791 659 4858 μένων,
696 4789 891 4841 ταυτὸν
939 4789 984 4841 δ’
1024 4791 1198 4841 είπεῖν
1246 4790 1619 4855 ὑποστάσεων,
1672 4791 1887 4851 πλείους
1931 4791 2029 4858 μὲν

454 4884 755 4947 ἀποδείξεις
791 4883 964 4947 ἔξεστι
995 4883 1246 4949 κομίζειν
1287 4883 1349 4935 ἐκ
1381 4900 1437 4936 τε
1475 4885 1571 4951 τῆς
1604 4884 1840 4941 παλαιᾶς
1874 4881 1934 4933 ἐκ
1968 4898 2026 4933 τε

453 4978 551 5044 τῆς
588 4976 714 5037 νέας
764 4975 984 5042 Γραφῆς
1011 4990 1025 5003 ο
1070 4975 1203 5026 ἀλλὰ
1234 4976 1344 5035 τοῖς
1387 4976 1487 5032 τὰς
1521 4975 1687 5036 αὐτας
1740 4975 1875 5043 ἡμῖν
1927 4973 2026 5024 οὐκ

453 5067 633 5134 ἔχουσι
672 5065 932 5134 περὶτῶν
972 5064 1135 5117 θείων
1181 5065 1352 5133 ἀρχὰς
1382 5064 1444 5117 ἐκ
1479 5081 1640 5117 τινων
1688 5065 1874 5133 ἀρχῶν
1908 5083 2026 5118 κοι-

453 5158 687 5225 νοτέρων
740 5155 820 5207 δεῖ
868 5157 993 5218 τοὺς
1042 5156 1233 5221 λόγους
1285 5152 1577 5207 π“οιεῖσοαι.
1637 5156 1792 5209 Ἐπεὶ
1843 5156 2025 5207 τοίνυν

465 5250 709 5302 Ἰουδαῖοί
758 5265 815 5300 τε
846 5250 941 5301 καὶ
995 5249 1091 5300 σὺν
1124 5249 1309 5310 αὐτοῖς
1341 5247 1516 5317 ἕτεροι
1559 5248 1656 5317 τὴν
1696 5250 1751 5301 ἐν
1777 5248 1852 5316 τῷ
1909 5248 2025 5316 Θεῷ

452 5340 657 5408 Τριάδα
697 5338 946 5407 φανερῶς
986 5336 1049 5407 δὴ
1104 5337 1429 5406 ἀρνούμενοι
1482 5338 1581 5401 τὴν
1639 5336 1731 5388 τοῦ
1782 5338 2027 5399 Μωσέως

452 5426 801 5481 διδασκαλίαν
834 5428 883 5478 εί
916 5427 1010 5479 καὶ
1036 5425 1110 5495 μὴ
1140 5426 1257 5477 λίαν
1286 5424 1485 5493 ὁμοίως
1513 5424 1825 5493 προσίενται
1859 5422 2027 5491 (Ἰου-

2139 4520 2730 4591 przedicandumcdoui
2757 4535 2970 4572 sumus.
2998 4520 3100 4572 Sed
3128 4521 3505 4574 dissidentium
3531 4526 3701 4592 gratia

2136 4611 2335 4678 aliquid
2399 4611 2463 4662 de
2508 4610 2589 4661 his
2640 4608 2837 4661 addere
2884 4622 3106 4661 necesse
3138 4617 3240 4663 est.
3282 4609 3447 4662 Deum
3484 4612 3698 4665 scilicet

2138 4717 2305 4755 unum
2336 4715 2460 4754 esse
2492 4699 2789 4753 secundum
2837 4701 3196 4753 subsmntiam
3234 4710 3286 4754 ct
3317 4703 3514 4754 trinum
3545 4705 3699 4769 juxta

2138 4790 2498 4858 proprietates
2524 4788 2841 4856 operatione
2866 4787 3176 4849 distinctas,
3211 4789 3259 4839 id
3298 4797 3378 4841 est
3412 4804 3697 4855 personas,

2140 4881 2391 4951 plurimae
2421 4890 2648 4950 possunt
2678 4881 3176 4934 demonstrationes
3229 4880 3423 4934 adduci
3489 4891 3598 4935 tum
3633 4897 3698 4934 ex

2136 4974 2410 5027 veteribus
2440 4982 2551 5025 tum
2578 4987 2643 5025 ex
2686 4972 3086 5025 recentioribus
3127 4970 3443 5040 Scriptnris.
3472 4974 3541 5028 At
3576 4988 3701 5041 pro-

2137 5074 2255 5130 pter
2283 5076 2376 5116 eos
2403 5062 2495 5129 qui
2528 5060 2715 5115 eadem
2752 5076 2814 5113 ac
2858 5075 2957 5114 nos
2988 5059 3054 5114 de
3111 5062 3313 5115 divinis
3348 5064 3512 5117 rebus
3548 5065 3700 5132 prin-

2134 5154 2280 5221 cipia
2307 5168 2410 5205 non
2446 5160 2653 5217 tenent,
2693 5166 2721 5203 a
2754 5151 3077 5220 quibusdam
3112 5154 3584 5210 communioribus
3618 5165 3702 5209 est

2135 5243 2531 5311 incipiendum.
2568 5241 2707 5295 Cum
2734 5242 2896 5311 igitur
2917 5240 3084 5296 Judmi
3114 5253 3165 5297 et
3190 5244 3277 5296 alii
3299 5260 3418 5298 cum
3452 5247 3557 5300 illis
3585 5245 3702 5298 Tri-

2136 5336 2360 5388 nitatem
2395 5335 2447 5386 in
2482 5332 2590 5386 Deo
2620 5333 2794 5402 palam
2844 5346 3107 5403 negantes
3143 5334 3396 5389 Llosaica:
3419 5338 3699 5399 doctrinm,

2135 5424 2240 5479 etsi
2260 5439 2365 5477 non
2390 5425 2680 5479 admodum
2705 5426 2931 5495 pariter,
2968 5429 3270 5481 asscntiant
3297 5428 3515 5497 (quippe
3537 5442 3699 5494 quant

526 5635 600 5701 Η)
632 5633 809 5703 Hujus
845 5634 967 5688 libri
991 5633 1291 5703 fragmenta
1316 5645 1452 5705 qure
1488 5635 1787 5705 supersunt
1835 5624 2004 5705 edidit
2137 5622 2225 5705 Cl.
2250 5622 2586 5705 Alexander,
2618 5623 2795 5681 Paris.
2839 5626 2993 5682 l858.
3036 5625 3175 5684 Vide
3215 5627 3386 5697 ipsius
3422 5624 3699 5685 Praefatio-

456 5695 606 5759 nem.
638 5695 839 5761 Confer
878 5707 1040 5760 etiam
1076 5695 1241 5772 Epist.
1286 5695 1653 5756 Gennadi‘tvad
1688 5696 1995 5766 Josephum
2038 5695 2342 5749 Exarchum
2378 5696 2539 5749 intra.
