4170 6294
595 319 704 388 583

1692 320 2070 382 GENNADII
2101 322 2211 385 ce.
2254 304 2771 386 PATRIARCHJE

3748 330 3851 395 584

582 437 750 510 ιιιόωί
779 440 966 506 utpote
993 432 1253 490 divinitus
1303 430 1558 486 traditam
1628 430 1877 487 absolute
1937 433 2130 504 complt

2232 440 2416 500 ιδαῖοι
2452 441 2561 513 γὰρ
2607 440 2864 506 καθάπαξ
2905 441 3074 508 αὐτῆς
3123 440 3470 512 περιέχονται
3501 439 3578 502 ὡς
3610 441 3675 494 ἐκ
3711 442 3846 498 Θεοῦ

586 538 833 594 ctuntur,
855 527 1117 580 liccteam
1147 524 1213 578 de
1238 523 1421 577 divina
1446 521 1853 592 dispensatione
1873 532 1967 577 aut
1995 525 2166 578 simu-

587 620 698 677 late
730 617 881 674 surdi
912 626 1006 670 aut
1041 630 1297 686 perverse
1330 614 1674 684 interpretati
1709 614 2157 684 praetennittant,

587 714 748 769 nobis
767 714 831 767 ad
867 727 1107 781 prmsens
1141 710 1339 765 suilicit
1366 720 1426 765 ut
1452 726 1517 765 ex
1547 709 1715 765 Hosis
1736 712 1980 765 doctrina
2003 712 2162 780 quasi

586 820 651 860 cx
673 804 1030 859 fundamento
1056 802 1313 856 omnibus
1342 802 1795 856 communissimo
1842 801 1943 856 Dei
1973 802 2160 856 Trini-

586 904 755 950 tatem
812 895 921 950 illis
955 895 1404 948 demonstremus
1458 893 1552 963 qui
1589 901 1778 947 coutra
1840 908 1939 947 nos
1976 893 2040 946 de
2067 893 2158 947 illa

586 986 892 1056 disputant.
932 986 1105 1038 Porro
1163 998 1271 1037 non
1329 984 1560 1053 publicis
1609 990 1817 1036 tantum
1883 982 2159 1050 discepta-

582 1079 849 1141 tionibus,
880 1076 1061 1131 sedet
1120 1076 1273 1131 libris
1322 1076 1549 1144 integris
1604 1075 1743 1129 lianc
1778 1075 1898 1129 ﬁdei
1956 1085 2158 1129 nostum

582 1170 945 1225 clarissimam
993 1168 1282 1222 veritatem
1346 1166 1654 1234 explanavi.
1711 1164 1886 1221 Unum
1949 1167 2153 1236 itaque,

585 1262 730 1332 quod
759 1275 904 1315 nunc
940 1270 1041 1323 est,
1081 1261 1247 1330 idque
1274 1276 1339 1315 ex
1371 1261 1484 1329 ipso
1517 1261 1681 1316 Musis
1733 1276 1827 1316 ore
1861 1262 1967 1318 illis
1995 1264 2154 1317 addi-

578 1364 691 1409 tum
748 1354 890 1408 volo.
934 1351 1180 1423 Superne
1238 1354 1445 1407 scilicet
1476 1352 1715 1421 amatus,
1772 1354 1951 1409 Moses
1981 1355 2151 1410 Deum

575 1444 804 1512 inducit,
841 1458 964 1497 cum
995 1446 1312 1498 universum
1347 1445 1493 1499 hunc
1529 1444 1791 1498 mundum
1837 1447 1910 1499 ita
1963 1446 2152 1516 dispo-

577 1537 685 1591 site
722 1545 935 1591 crearet
964 1552 1026 1591 ac
1057 1537 1432 1601 distribuerat,
1464 1536 1529 1590 ad
1578 1537 1932 1607 semetipsum
1964 1540 2151 1593 dicen-

573 1638 713 1683 tem:
753 1626 1043 1682 Faciamus
1073 1630 1331 1682 hominem
1360 1633 1427 1682 ad
1477 1629 1768 1698 imaginem
1805 1639 1854 1684 et
1897 1631 2150 1685 similitu-

569 1719 748 1774 dinem
780 1728 1037 1772 nostram.
1070 1717 1130 1772 Si
1177 1733 1329 1788 ergo,
1368 1719 1619 1787 ipsismet
1670 1719 1994 1786 fatentibus,
2048 1736 2143 1777 ve-

568 1824 666 1864 rax
708 1819 791 1865 est.
824 1811 1027 1874 Moses,
1059 1811 1104 1865 si
1144 1810 1308 1876 Deus,
1332 1810 1575 1866 omnium
1611 1828 1903 1879 consensu,
1935 1814 2000 1868 ad
2031 1816 2140 1870 δεῖ·
2175 1787 2218 1844 Β

564 1917 724 1973 pSnm
758 1904 829 1957 ita
865 1903 1082 1957 locutus
1101 1914 1181 1957 est
1205 1911 1258 1956 ct
1284 1903 1467 1957 divina
1496 1913 1626 1958 sunt
1654 1905 1768 1959 haec
1800 1906 1986 1972 verba,
2022 1916 2135 1964 tum

564 1994 863 2049 manifesto
888 1996 1045 2049 nobis
1074 1995 1249 2049 exillo
1279 2009 1533 2051 sermone
1557 2005 1701 2067 patet
1717 2006 1768 2051 et
1800 2013 1971 2052 unum
2002 2014 2125 2054 esse

564 2083 769 2154 Deum;
805 2087 879 2141 ait
899 2087 1066 2152 enim,
1093 2084 1240 2140 Dixit
1265 2087 1446 2153 Deus;
1474 2095 1525 2141 et
1544 2088 1909 2156 pluralitatem
1939 2106 2132 2160 quam-

560 2180 683 2235 dam
715 2194 777 2234 ac
800 2194 1085 2234 numerum
1115 2179 1167 2232 in
1192 2180 1307 2234 Deo
1332 2180 1604 2251 dignosci,
1634 2197 1781 2249 nam,
1822 2181 2131 2250 Faciamus,

564 2269 744 2338 inquit
794 2268 1018 2326 sibimet
1068 2269 1251 2336 Deus,
1288 2273 1445 2341 quasi
1500 2273 1810 2342 multiplex,
1849 2283 1972 2328 utut
2040 2275 2134 2342 sit,

562 2364 615 2419 in
643 2367 943 2436 semetipso
980 2366 1255 2422 exsistens
1281 2382 1298 2428 ς
1329 2375 1383 2421 et
1407 2367 1562 2436 juxta
1596 2368 1888 2438 imaginem
1916 2356 2012 2425 Dei
2037 2371 2135 2425 ho—

558 2457 759 2510 minem
785 2457 984 2513 faetum
1012 2472 1134 2513 esse
1164 2467 1217 2512 et
1241 2469 1514 2525 constare,
1550 2460 1821 2530 siquidem
1848 2459 1964 2514 :Ad
1994 2463 2133 2516 ima-

555 2550 727 2621 ginem
754 2558 1011 2615 nostram,
1044 2551 1139 2605 ait.
1177 2549 1242 2604 Et
1274 2565 1461 2607 revera
1486 2566 1710 2621 prorsus
1736 2557 1982 2626 apposite
2006 2557 2128 2612 dic-

556 2652 671 2696 tum
710 2642 878 2709 istud,
907 2658 1015 2697 non
1048 2658 1114 2697 eo
1141 2643 1318 2699 solum
1351 2645 1498 2714 quod
1543 2646 1715 2702 libero
1754 2649 1985 2704 arbitrio
2014 2660 2131 2705 erat

555 2733 908 2789 honorandus
942 2735 1124 2800 homo,
1159 2736 1298 2790 unde
1332 2744 1385 2791 et
1415 2752 1598 2791 rerum
1651 2741 1893 2795 omnium
1921 2741 2124 2798 condi-

555 2836 734 2880 tarum
774 2828 990 2880 futurus
1028 2836 1145 2880 erat
1177 2828 1433 2883 dominus
1459 2840 1511 2883 et
1545 2833 1808 2886 continuo
1844 2834 2127 2901 proximus

2267 530 2578 601 δεδομένης,
2608 536 2656 587 εἰ
2680 534 2773 587 καὶ
2796 535 2863 587 τὰ
2888 532 3137 603 περὶτῆς
3156 534 3305 595 θείας
3328 534 3644 602 οἰκονομίας
3667 535 3848 589 ἐθελο-

2265 623 2577 690 κωφοῦντες
2612 624 2780 695 αὐτὴν
2807 624 3248 693 παρατρέχουσιν
3275 624 3306 693 ἢ
3339 625 3685 693 διαστρόφως
3711 643 3848 695 παρ-

2265 732 2288 765 ε
2300 715 2708 785 ρμηνεύοντες),
2741 718 2901 785 ἀρκεῖ
2936 718 3030 769 καὶ
3057 717 3190 786 ήμῖν
3217 716 3313 769 νῦν
3342 716 3432 770 διὰ
3454 716 3626 769 ταῦτα
3656 718 3719 769 ὲκ
3750 719 3847 789 τῆς

2263 808 2507 869 Μωσέως
2539 808 2883 871 διδασκαλίας
2908 808 2983 871 ὡς
3007 808 3331 875 κοινοτάτης
3352 810 3520 861 πᾶσιν
3549 809 3726 879 ἀρχῆς
3748 812 3845 879 τὴν

2260 901 2321 952 ἐν
2344 901 2418 970 τῷ
2448 902 2568 970 Θεῴ
2586 902 2776 968 δεῖξαι,
2796 902 3005 971 Τριάδα
3029 903 3139 963 τοῖς
3164 904 3291 972 περὶ
3310 902 3512 971 ταύτης
3536 906 3672 972 πρὸς
3695 904 3843 971 ἡμᾶς

2261 991 2788 1062 διαμφισϐητοῦσιν
2824 998 2915 1045 καὶ
2954 992 3183 1061 βιϐλίοις
3235 992 3333 1060 μὲν
3386 994 3547 1056 ὅλοις,
3581 996 3642 1046 οὐ
3683 995 3842 1062 μόνον

2258 1086 2525 1152 διαλέξεσι
2549 1087 2839 1157 δημοσίαις
2871 1088 3007 1155 πρὸς
3045 1086 3340 1155 ἑκατέρους
3368 1085 3468 1155 τήν
3514 1088 3840 1155 λαμπροτά-

2257 1195 2358 1248 την
2383 1180 2644 1248 ἀλήθειαν
2673 1182 2771 1249 τῆς
2804 1182 2937 1252 παρ’
2970 1184 3103 1252 ήμῖν
3157 1183 3530 1254 ἱστορήκαμεν
3576 1182 3837 1243 πίστεως.

2256 1271 2372 1324 Νῦν
2399 1273 2444 1327 δ’
2472 1273 2530 1326 ἓν
2560 1291 2612 1327 τι
2644 1276 2740 1328 καὶ
2768 1278 2836 1328 ἐκ
2872 1280 2999 1345 μιᾶς
3024 1278 3118 1330 τοῦ
3154 1278 3401 1339 Μωσέως
3432 1278 3620 1346 φωνῆς
3653 1278 3838 1336 αὐτοῖς

2256 1368 2667 1438 προθησόμεθα.
2722 1371 2781 1423 'U
2813 1372 2993 1424 τοίνυν
3028 1371 3208 1435 ἔνθεος
3241 1373 3446 1442 Μωσῆς
3495 1375 3708 1441 εἰσάγει
3747 1374 3837 1425 τὸν

2253 1460 2385 1514 Θεὸν
2447 1462 2504 1514 ἐν
2553 1462 2630 1532 τῷ
2679 1464 2738 1515 τὸ
2788 1464 3011 1531 σύμπαν
3062 1473 3181 1519 τοδε
3243 1467 3723 1538 διανενεμημένως
3774 1484 3833 1521 τε

2251 1552 2638 1627 δημιοουργεῖν
2684 1557 2778 1609 καὶ
2831 1559 3106 1623 εὐτάκτως
3154 1561 3289 1630 πρὸς
3338 1561 3529 1613 ἑαυτὸν
3581 1561 3830 1626 λέγοντα,

2249 1645 2604 1715 Ποιήσωμεν
2636 1647 2953 1716 ἄνθρωπον
2991 1651 3120 1704 κατ’
3163 1655 3370 1705 εἰκόνα
3403 1651 3704 1720 ἡμετέραν
3735 1651 3833 1709 καί

2248 1741 2381 1794 καθ’
2419 1741 2729 1810 ὁμοίωσιν.
2767 1744 2828 1796 Εί
2865 1744 3045 1797 τοίνυν
3096 1745 3304 1815 ἀληθής
3346 1751 3464 1801 ἐστι
3497 1748 3707 1818 Μωσῆς
3739 1750 3832 1804 καὶ

2246 1833 2370 1887 κατ’
2399 1837 2601 1901 αὐτοὺς
2653 1841 2744 1893 καὶ
2786 1842 2918 1904 Θεὸς
2948 1841 3121 1906 οὕτως
3169 1839 3320 1895 εἶπεν
3371 1836 3828 1914 όμολογιὲμένως

2243 1926 2380 1996 πρὸς
2408 1928 2596 1982 ἑαυτὸν
2627 1932 2722 1985 καὶ
2756 1931 2898 1997 θεῖος
2927 1934 3103 1987 ταῦτα
3131 1933 3287 2002 λόγος
3318 1936 3492 1997 ἐστὶν,
3535 1936 3733 2006 ἔχςμεν
3768 1940 3829 2007 δὴ

2240 2019 2305 2073 ὲκ
2336 2021 2617 2092 τοῦλόγου
2671 2016 2862 2078 τούτου
2912 2026 3217 2094 προδξλως,
3258 2028 3341 2080 ὅτι
3391 2045 3447 2080 τε
3487 2024 3568 2092 εἷς
3608 2030 3759 2082 ἐστιν
3800 2031 3827 2082 ὁ

2241 2110 2373 2174 Θεὸς
2408 2110 2578 2180 (Eine
2602 2115 2729 2186 γὰρ,
2766 2117 2955 2187 φησῖν,
2986 2121 3019 2172 d
3046 2118 3236 2184 Θεὸς),
3276 2121 3368 2172 καὶ
3400 2120 3485 2173 ὅτι
3524 2121 3733 2184 πλῆθός
3775 2140 3824 2175 τι

2240 2204 2336 2257 καὶ
2364 2205 2602 2275 ἀριθμός
2633 2225 2715 2271 τις
2746 2210 2804 2263 ἐν
2837 2211 2916 2278 τῷ
2944 2210 3025 2263 ἐνὶ
3055 2213 3259 2263 νοεῖται
3282 2211 3403 2281 Θεῷ
3444 2212 3825 2284 (Ποιήσωμεν

2238 2295 2372 2366 γὰρ,
2404 2296 2509 2367 ἔφη
2542 2300 2679 2366 πρὸς
2718 2302 2908 2354 ἑαυτὸν
2938 2304 2964 2354 ὁ
2992 2301 3123 2365 Θεὸς
3153 2303 3228 2365 ὡς
3258 2304 3321 2374 δή
3362 2305 3549 2376 τρόπῳ
3589 2310 3695 2359 τινὶ
3730 2308 3823 2359 καὶ

2242 2386 2483 2457 πλήθους
2523 2390 2579 2440 ἐν
2622 2390 2811 2461 ἐαυτῷ
2847 2390 3193 2463 μετέχοντα),
3224 2395 3316 2447 καὶ
3356 2395 3437 2448 ὅτι
3470 2396 3593 2449 κατ’
3633 2397 3821 2452 εἰκόνα

2237 2476 2372 2530 Θεοῦ
2406 2478 2625 2549 γέγονεν
2657 2480 2944 2552 ἄνθρωπος
2969 2486 3058 2536 καὶ
3095 2484 3210 2538 ἔστι
3241 2474 3407 2556 (κάτ’
3446 2486 3655 2540 εἰκόνα
3684 2488 3815 2557 γὰρ,

2236 2572 2421 2638 φησιν,
2454 2572 2793 2642 ἡμετέραν),
2838 2577 2932 2629 καὶ
2977 2577 3215 2645 εὐλόγως
3260 2577 3403 2634 πάνυ
3451 2580 3578 2633 κατ’
3624 2581 3814 2632 εἰκόνα

2235 2662 2389 2716 θείαν
2422 2662 2617 2730 ἔμελλε
2657 2666 2926 2733 γίνεσθαι,
2961 2668 3021 2720 οὐ
3075 2668 3236 2739 μόνον
3268 2668 3343 2733 ὡς
3373 2669 3816 2740 αὐτ;ξουσιότητι

2232 2756 2694 2826 τιμηοησόμενος,
2731 2759 2802 2811 δι’
2841 2761 2908 2830 ἢν
2962 2761 3059 2814 καὶ
3098 2762 3213 2815 τῶν
3266 2763 3541 2833 γεννητῶν
3596 2765 3815 2821 πάντων

2234 2846 2419 2917 ἄρχω)
2446 2848 2597 2904 ἔσται
2632 2852 2728 2903 καὶ
2774 2852 2930 2916 τέλος
2980 2854 3120 2917 μετὰ
3155 2855 3314 2921 Θεὸν,
3359 2856 3497 2910 ἀλλὰ
3521 2857 3585 2929 δὴ
3617 2860 3713 2912 καὶ
3740 2861 3816 2922 ὡς

553 2931 581 2970 a
601 2914 846 2979 Deo.scd
880 2916 1044 2970 etiam
1070 2917 1215 2986 quod
1239 2916 1479 2972 divinam
1510 2921 1769 2975 ttnitatem
1810 2937 1876 2976 ac
1907 2925 2130 2994 plurali-

2364 2940 2513 3003 θείας
2540 2943 2789 3013 ἑνότητος
2817 2914 2921 2998 καὶ⁷
2937 2914 3033 3000 τοῦ
3061 2949 3118 3000 ἐν
3147 2914 3539 3021 αὐτῇνμέλλων
3572 2914 3813 3022 διριθμοθ

565 3017 730 3064 tatem
759 3017 910 3063 esset
936 3009 1381 3078 participaturus.
1410 3009 1523 3064 lmo
1547 3011 1673 3067 hinc
1687 3015 1921 3083 quodam
1957 3019 2125 3073 modo

2236 3003 2507 3100 μετέχειν.

554 3100 830 3168 particeps
900 3098 1150 3165 edoctus,
1212 3114 1333 3154 cum
1390 3110 1445 3155 et
1479 3116 1623 3157 unus
1664 3102 1735 3158 sit
1766 3114 1817 3157 et
1848 3104 2125 3174 pluribus,

551 3191 731 3261 (ttioad
762 3194 1025 3259 animam,
1052 3192 1403 3248 facultatibus
1422 3193 1653 3249 coaleat.
1681 3195 1838 3252 llunc
1869 3198 2119 3255 divinum

551 3300 837 3338 numerum
874 3284 963 3338 ille
987 3285 1143 3339 nobis
1184 3287 1446 3339 rcseravit
1489 3301 1651 3354 quem
1680 3298 1972 3345 venturum
2002 3291 2115 3346 Mo-

548 3386 636 3423 ses
667 3371 1092 3439 pt-opltetaverat
1156 3371 1340 3430 Jesus.
1382 3372 1750 3439 Quamobrem
1801 3388 1853 3433 et
1898 3380 1964 3434 ad
2022 3396 2124 3437 no-

549 3471 719 3514 strum
752 3472 1002 3516 caeteram
1039 3462 1422 3532 perfectionem
1461 3465 1754 3523 adveniens
1813 3469 2122 3537 iterumque

548 3560 814 3606 venturus
842 3553 1010 3607 multo
1041 3561 1165 3607 ante
1192 3556 1577 3623 pronuntiatus
1608 3558 1781 3613 edixit
1837 3561 2121 3630 baptizan-

546 3642 646 3697 dus
696 3659 791 3698 eos
818 3645 908 3714 qui
943 3645 1274 3700 crediderint
1305 3648 1357 3701 in
1388 3651 1612 3704 nomine
1646 3649 1841 3717 Patris,
1879 3663 1932 3709 et
1963 3651 2115 3719 Filii,

546 3744 601 3789 et
629 3736 864 3805 Spiritus
897 3739 1093 3806 sancti,
1115 3738 1336 3809 quibus,
1370 3742 1470 3796 etsi
1505 3751 1615 3796 tres
1638 3743 1748 3798 sint
1770 3785 1784 3809 ,
1830 3760 1997 3798 unum
2026 3759 2121 3799 no-

547 3843 670 3882 men
702 3837 871 3884 estet
923 3830 979 3883 in
1023 3831 1304 3886 communi
1367 3836 1629 3902 competit
1690 3850 1851 3889 unam
1916 3836 2118 3893 habere

544 3919 803 3975 deitatem
843 3929 897 3976 et
930 3936 1098 3975 unum
1130 3921 1299 3975 Deum
1333 3923 1438 3976 tria
1469 3924 1570 3977 hoc
1588 3938 1730 3979 esse.
1767 3925 1908 3990 Quin
1943 3928 2109 3983 etiam

538 4014 863 4079 priusquam
896 4013 1139 4066 venisset
1174 4011 1356 4076 Jcsus,
1381 4011 1548 4066 David
1576 4015 1716 4069 hanc
1747 4015 1801 4068 in
1837 4017 1947 4071 Deo
1991 4017 2119 4074 Tri-

543 4102 766 4153 nitatem
855 4101 1121 4169 pellucide
1166 4101 1543 4157 declaraverat
1593 4121 1608 4160 :
1678 4105 1842 4161 Verbo
1879 4108 2114 4178 Domini,

544 4192 820 4259 inquiens,
852 4191 967 4246 caeli
994 4193 1196 4260 firmati
1231 4203 1356 4247 sunt
1390 4206 1437 4249 ει
1468 4194 1669 4261 Spiritu
1723 4201 1828 4253 oris
1859 4200 1974 4268 eius
2008 4219 2118 4256 om-

548 4284 633 4338 nis
664 4284 828 4337 virtus
876 4299 1080 4338 eorum.
1135 4286 1301 4355 Atqui
1349 4294 1450 4343 nec
1497 4288 1691 4343 Davidi
1736 4294 2115 4352 contradicere

545 4360 783 4431 audeant
816 4376 1115 4431 adversarii
1153 4378 1348 4432 nostri.
1379 4378 1455 4433 ita
1489 4391 1543 4435 et
1580 4397 1648 4436 ex
1691 4384 1919 4453 reliquis
1978 4402 2107 4456 pro-

542 4469 720 4541 phetis
753 4470 919 4535 idem,
942 4466 1010 4522 de
1047 4483 1155 4539 quo
1193 4485 1361 4535 nunc,
1393 4471 1586 4542 dogma
1631 4474 1926 4546 colligitur,
1960 4480 2110 4549 quod

539 4580 662 4620 cum
696 4564 935 4633 ipsorum
960 4562 1026 4617 de
1051 4561 1232 4618 divina
1282 4562 1689 4635 dispensatione
1718 4573 1993 4639 praedictis
2022 4588 2114 4644 ap-

536 4657 713 4728 prime
766 4667 1059 4712 consonat.

606 4748 881 4816 Attamen,
924 4765 1236 4819 quanquam
1267 4752 1426 4807 modo
1457 4754 1694 4821 prtettiisi
1737 4755 2007 4812 hominem
2046 4762 2112 4815 ad

537 4839 828 4909 imaginem
860 4839 952 4895 Dei
988 4840 1289 4911 factum,§id
1319 4857 1423 4896 non
1457 4859 1522 4896 ex
1575 4845 1719 4899 Mose
1749 4848 1929 4915 potius
1961 4860 2014 4903 et
2045 4865 2114 4905 ex

537 4946 601 4985 eo
631 4933 775 4999 quod
841 4932 1155 5000 loquentem
1213 4935 1376 4986 Deum
1437 4934 1667 5000 inducit,
1700 4952 1863 5007 quant
1901 4954 1965 4993 ex
1997 4942 2112 5010 ipsa

537 5021 683 5075 circa
726 5023 1019 5076 hominem
1065 5024 1305 5079 evidenti
1368 5027 1597 5083 veritate
1630 5044 1692 5084 ac
1746 5032 1862 5086 sola
1898 5033 2110 5089 ratione

539 5120 686 5166 stare
710 5126 868 5179 posse
897 5114 1233 5168 monstrabo.
1265 5114 1517 5172 Profecto
1530 5119 1749 5188 quidem
1775 5137 1912 5193 opus
1934 5127 2104 5197 quod-

539 5199 668 5254 libet
700 5199 999 5254 intellectui
1032 5204 1277 5272 operanti
1312 5206 1491 5278 aliqua
1517 5210 1693 5267 simile
1718 5221 1799 5268 est
1826 5230 1842 5281 ;
1872 5215 1930 5270 fit
1957 5218 2101 5272 enim

536 5287 686 5359 juxta
752 5288 988 5359 speciem
1049 5292 1101 5344 in
1136 5293 1409 5349 intellectu
1461 5296 1686 5356 factoris
1749 5304 2018 5374 incusam,
2051 5313 2105 5361 et

535 5380 915 5436 immaterialis
936 5397 1057 5452 qua:
1098 5384 1227 5438 ltuic
1258 5384 1400 5442 inest
1438 5391 1620 5459 operis
1652 5393 1830 5464 imago
1864 5412 2108 5452 commu-

536 5468 755 5524 nicatur
816 5471 1054 5525 materiae
1106 5472 1270 5527 modo
1301 5475 1398 5544 ipsi
1450 5481 1709 5549 proprio;
1743 5484 1887 5539 unde
1926 5488 2107 5542 tenuis

537 5559 839 5614 similitudo
862 5571 965 5616 est.
988 5561 1124 5616 Nam
1148 5563 1294 5619 sicut
1314 5582 1379 5620 ex
1411 5571 1656 5640 vestigiis
1685 5574 1957 5629 hominem
1981 5592 2105 5632 esse

536 5652 790 5706 novimus
830 5652 924 5722 qui
961 5654 1209 5720 incessit,
1232 5657 1303 5711 ita
1343 5658 1562 5713 domum
1600 5663 1781 5716 intuiti
1817 5663 1959 5720 illam
1994 5668 2104 5722 sei-

538 5754 660 5797 mus
702 5756 838 5811 opus
872 5758 992 5801 esse
1020 5747 1374 5815 cacmentarii,
1427 5764 1644 5820 unaque
1672 5757 1961 5812 Structoris
2009 5758 2104 5813 ba-

2559 3032 2723 3086 Ὅθεν
2765 3035 2830 3106 δή
2880 3037 2973 3090 καὶ
3016 3039 3277 3108 μετέσχεν
3327 3041 3593 3113 ἀμηγέπη
3643 3039 3723 3107 εἷς
3753 3062 3813 3099 τε

2231 3122 2308 3176 ὢν
2369 3125 2465 3177 καὶ
2523 3126 2588 3179 ἐκ
2636 3127 2901 3183 πλειόνων
2952 3133 3053 3202 τήν
3116 3131 3299 3203 ψυχήν
3360 3140 3812 3206 συνηρμοσμένος

2228 3214 2509 3285 δυνάμεων
2535 3232 2548 3245 ·
2580 3216 2769 3271 τοῦτον
2806 3219 2898 3273 τὸν
2935 3220 3076 3275 θεῖον
3123 3223 3355 3293 ἀριθμὸν
3387 3225 3416 3277 ὀ
3459 3227 3523 3278 ὲκ
3563 3228 3810 3291 Μωσέως

2225 3305 2376 3376 ἥξειν
2407 3309 2804 3379 προφητευθεὶς
2845 3309 3046 3380 Ἰησοῦς
3075 3312 3235 3382 ήμῶν
3274 3315 3543 3384 ἀνέπτυξε
3566 3333 3580 3349 ’
3613 3319 3805 3373 τούτου

2222 3400 2385 3470 χάριν
2416 3403 2511 3455 καὶ
2560 3402 2659 3471 τῆς
2703 3402 2870 3472 ἄλλης
2918 3403 3078 3473 ήμῶν
3111 3404 3450 3474 βελτιώσεως
3498 3411 3806 3480 ἀφιγμένος

2225 3508 2283 3543 τε
2334 3492 2450 3546 ἀλλ’
2511 3493 2664 3561 ἥξειν
2739 3494 3024 3565 πόρρωθεν
3094 3502 3651 3571 προκατηγγελμένος
3709 3507 3803 3559 καὶ

2225 3579 2581 3650 βαπτίζεσθαι
2617 3584 2727 3637 δεῖν
2750 3584 2854 3654 ἔφη
2888 3582 3242 3652 πιέτεύοντας
3276 3594 3357 3654 εἰς
3410 3592 3470 3646 τὸ
3499 3594 3671 3663 ὄνομα
3704 3596 3802 3651 τοῦ

2225 3670 2464 3740 Πατρὺς;
2492 3675 2585 3726 καὶ
2613 3674 2709 3727 τοῦ
2736 3674 2892 3742 Υἰοῦ,
2918 3679 3010 3730 καὶ
3036 3681 3129 3733 τοῦ
3154 3684 3312 3750 ἁγίου
3349 3684 3684 3754 Πνεύματος,
3719 3685 3802 3752 οἷς

2221 3764 2403 3832 τρισὶν
2448 3758 2601 3819 οὖσιν
2648 3764 2708 3819 ἓν
2736 3767 2909 3838 ὄνομα
2956 3772 3051 3823 καὶ
3083 3775 3260 3827 κοινόν
3288 3776 3435 3830 ἐστιν
3466 3780 3498 3848 ή
3552 3783 3652 3848 μία
3685 3784 3801 3835 θεό-

2219 3870 2318 3925 της
2354 3856 2447 3908 καὶ
2475 3857 2536 3909 τὸ
2565 3857 2697 3911 Θεὸν
2722 3859 2818 3912 ἕνα
2846 3862 2915 3913 τὰ
2946 3863 3069 3932 τρία
3116 3865 3272 3918 ταῦτ’
3305 3864 3467 3922 εἶναι.
3510 3871 3670 3924 Ἀλλὰ
3704 3873 3796 3926 καὶ

2221 3946 2348 4013 πρὶν
2396 3946 2553 4015 ἥκειν
2607 3950 2702 4001 τὸν
2742 3949 2948 4019 Ἰησοῦν
2994 3954 3022 4005 ό
3066 3955 3233 4008 Δαϐὶδ
3280 3959 3382 4026 τὴν
3435 3961 3494 4011 ἐν
3544 3962 3623 4028 τῷ
3674 3962 3791 4031 Θεῴ

2218 4036 2424 4107 Τριάδα
2476 4040 2681 4109 ταύτην
2728 4043 2917 4111 ἐδήλου
2969 4044 3168 4113 καλῶς,
3227 4046 3314 4113 Τῷ
3360 4050 3520 4116 λόγῳ
3570 4052 3792 4118 Κυρίου

2218 4135 2272 4185 oi
2314 4132 2560 4198 οὐρανοὶ
2600 4134 3074 4205 ἐστερεώθησαν,
3123 4138 3319 4209 λέγων,
3354 4143 3454 4196 καί
3494 4143 3573 4209 τῷ
3605 4147 3792 4199 Πινεύ-
3854 4137 3858 4140 ⁴

2214 4239 2356 4293 ματι
2378 4224 2484 4278 τοῦ
2508 4226 2805 4295 στόματος
2825 4230 3013 4284 αὑτοῦ
3037 4230 3206 4286 πᾶσα
3232 4231 3269 4297 ἠ
3294 4233 3549 4303 δύναμις
3569 4239 3791 4302 αὐτῶν,

2147 4338 2192 4394 D
2221 4315 2527 4384 ἀντιλέγειν
2564 4318 2618 4371 δὲ
2651 4320 2774 4372 οὐδὲ
2813 4320 2890 4389 τῷ
2935 4323 3104 4376 Δαϐὶδ
3134 4324 3363 4403 ἔχουσιν.
3385 4328 3434 4380 οἰ
3471 4330 3609 4399 πρὸς
3644 4332 3788 4401 ἡμᾶς

2220 4405 2579 4477 διιστάμενοι.
2602 4410 2713 4463 Καὶ
2740 4412 2803 4465 ἐκ
2834 4411 2940 4464 τῶν
2967 4413 3143 4469 ἄλλων
3167 4418 3227 4470 δὲ
3258 4422 3556 4491 προφητῶν
3584 4423 3642 4475 τὸ
3665 4424 3789 4494 περὶ

2221 4497 2320 4567 τῆς
2366 4498 2425 4550 ἐν
2461 4499 2538 4569 τῷ
2580 4500 2699 4571 Θεῷ
2746 4502 2976 4572 Τριάδος
3030 4506 3209 4570 καλῶς
3252 4510 3564 4579 ἀθροίζεται
3615 4516 3789 4585 δόγμα

2221 4591 2340 4652 ταῖς
2374 4592 2500 4661 περὶ
2530 4595 2628 4663 τῆς
2664 4593 2816 4655 θείας
2860 4597 3171 4668 οἰκονομίας
3201 4604 3577 4674 προρρήσεσιν
3609 4610 3784 4663 αὑτων

2218 4681 2434 4745 οἰκείως
2462 4684 2914 4756 ἐνῳμοζόμενον.

2305 4777 2463 4830 Ἀλλὰ
2511 4778 2606 4830 νῦν
2651 4781 2711 4833 τὸ
2748 4780 3093 4851 ἀνθρώπειον
3125 4789 3563 4857 προστησάμενοι
3598 4795 3784 4863 χρῆμα

2216 4868 2336 4920 κατ’
2370 4868 2554 4922 εἰκόνα
2600 4870 2751 4924 θείαν
2802 4878 3217 4945 γεγεννημένον,
3277 4881 3384 4933 οὐδ’
3419 4885 3484 4936 ὲκ
3536 4885 3632 4939 τοῦ
3665 4888 3785 4940 Μω-

2216 4961 2350 5023 σέως
2383 4963 2604 5031 μᾶλλον,
2642 4964 2736 5018 καὶ
2773 4964 2833 5018 ὃν
2882 4967 3071 5035 ἐσάγει
3102 4969 3329 5038 λέγοντα
3373 4974 3532 5029 τοῦτο
3563 4978 3717 5046 Θεὸν,
3751 4982 3782 5052 ᾒ

2212 5054 2278 5106 ὲκ
2308 5054 2405 5123 τῆς
2454 5059 2785 5127 φαινομένης
2818 5060 2945 5129 περὶ
2976 5062 3065 5115 τὸν
3113 5061 3400 5133 ἄνθρωπον
3429 5068 3690 5139 ἀληθείας
3720 5073 3779 5124 τὸ

2211 5144 2386 5214 δόγμα
2415 5146 2573 5201 τοῦτο
2605 5151 2699 5203 καί⁵
2730 5151 2872 5222 λόγῳ
2917 5154 3216 5225 δυνάμενον
3247 5162 3473 5227 κρατεῖν
3510 5163 3777 5234 δείξομεν.

2214 5236 2395 5289 "Amv
2430 5240 2531 5308 μὲν
2552 5239 2617 5310 δὴ
2649 5245 2857 5313 ποίημα
2889 5245 3073 5316 ὅμοιόν
3106 5249 3222 5312 πώς
3258 5252 3373 5305 ἐστι
3411 5253 3487 5324 τῷ
3524 5258 3666 5324 μετὰ
3693 5255 3781 5309 τοῦ

2216 5326 2493 5380 ποιοῦντι·
2525 5334 2757 5384 ποιεῖται
2786 5334 2893 5404 γὰρ
2920 5341 3060 5389 κατὰ
3093 5339 3155 5391 τὸ
3187 5342 3497 5397 ὲντυπωθὲν
3528 5348 3659 5417 περὶ
3691 5348 3785 5400 ai»-

2213 5419 2307 5470 τοῦ
2354 5417 2492 5484 εἶδος
2543 5422 2619 5491 τῷ
2671 5424 2745 5494 νῷ
2797 5426 2889 5480 τοῦ
2937 5429 3257 5496 ποιοῦντοςο
3311 5438 3403 5488 καὶ
3452 5437 3483 5506 ή
3531 5438 3696 5503 ἄῦλος
3727 5440 3784 5493 ὲν

2214 5510 2362 5579 αὑτῴ
2392 5511 2485 5565 τοῦ
2522 5516 2826 5585 ποιήματος
2868 5519 3125 5591 ὁμοιότης
3159 5525 3217 5576 ἑν
3257 5529 3324 5597 τῇ
3375 5527 3476 5600 ὕλῃ
3509 5534 3783 5587 κοινωνεῖ-

2212 5618 2307 5654 ταιι
2346 5604 2563 5668 οἰκείως
2596 5608 2761 5680 αὐτῇ,
2802 5611 2882 5664 διὸ
2913 5614 3011 5666 καὶ
3056 5616 3293 5687 ἀσθενής
3323 5620 3472 5673 ἐστιν
3506 5622 3783 5693 ὁμοιότης.
3856 5641 3858 5643 '

2213 5690 2303 5757 Ὠς
2344 5699 2450 5766 γὰρ
2480 5697 2558 5769 τῷ
2597 5698 2736 5769 ἴχνει
2787 5703 3129 5776 γινώσκομεν
3174 5709 3466 5781 ἄνθρωπον
3503 5690 3597 5768 τὸν
3634 5690 3788 5784 περι-

2206 5788 2524 5859 πατήσαντα
2578 5790 2739 5861 εἶναι,
2774 5794 2920 5853 οὕτω
2955 5803 3048 5853 καὶ
3083 5804 3261 5858 οἰκίαν
3299 5805 3502 5870 ἰδόντες
3551 5806 3779 5879 νοοῦμέν
