4170 6294
358 324 470 388 585

1433 334 1529 393 DE
1574 333 1719 396 Ι.)Εο
1760 334 1842 394 ΙΝ
1880 334 2311 396 ΤΒΙΝΙΤΑΤΕ
2355 334 2537 395 UNO.

3509 334 3613 392 Sili

350 447 416 486 τε
448 430 610 501 ἔργον
643 431 924 501 οἰκοδόμου
955 434 1126 506 αὐτὴν
1158 431 1294 491 εἶναι
1332 442 1425 492 καὶ
1456 444 1555 513 τὴν
1589 444 1684 496 τοῦ
1713 444 1915 513 ᾠκοδο-

2028 445 2193 498 bitum
2212 452 2271 499 et
2285 453 2456 499 artem
2485 443 2852 511 intelligimus.
2877 445 2953 498 Es
2980 460 3204 514 operum
3236 445 3439 514 quippe
3462 444 3612 498 dilic-

355 524 593 593 μηκότος
632 524 747 590 ἕξιν
783 525 879 577 καὶ
906 524 1137 596 δύναμιν
1166 531 1496 601 συννοοῢμεν
1523 551 1537 563 ·
1581 537 1647 606 τῇ
1679 538 1785 607 γὰρ
1825 539 1934 593 τῶν

351 617 680 687 ποιημάτων
706 618 941 688 διαφορᾷ
983 618 1084 689 τὴν
1116 620 1375 692 διάφορον
1407 625 1516 678 τῶν
1543 632 1930 699 πεποιηκότων

348 707 467 770 ἕξιν
515 707 972 776 καταμετροῦμεν
1016 707 1094 778 τῷ
1145 710 1413 781 λογισμῷ,
1457 717 1552 767 καὶ
1594 718 1626 786 ἡ
1678 719 1937 791 ὁμοιότης

351 796 494 865 αὕτη
526 797 706 866 ἴχνους
749 798 1006 868 ὁμοιότης
1040 799 1155 852 ἔστι
1186 818 1245 853 τε
1290 803 1385 855 καὶ
1431 804 1697 863 καλεῖται.
1730 809 1793 861 Εἰ
1824 812 1937 863 τοί-

351 906 447 939 νυν
480 889 571 940 ἐπὶ
599 888 708 941 τῶν
740 891 880 944 κατὰ
912 891 1079 960 μέρος
1112 895 1411 947 ποιούντων
1438 896 1586 950 τοῦτ’
1621 901 1769 952 ἐστὶν
1801 903 1935 969 ἀλη-

351 976 466 1040 Θὲς,
522 979 699 1048 πολλῷ
753 980 956 1048 μᾶλλον
1004 984 1097 1035 ἐπὶ
1177 986 1271 1037 τοῦ
1336 989 1563 1043 καθόλου
1630 992 1930 1058 ποιοῦντος.

366 1070 528 1123 Ἀ).λά
572 1070 748 1126 ταῦτα
784 1072 885 1141 μὲν
933 1074 1190 1147 σύστοιχα
1241 1095 1357 1143 πως
1416 1082 1531 1143 τοῖς
1583 1090 1934 1157 ποιουμένοις

352 1163 495 1215 εἰσὶν
522 1162 599 1225 ὡς
629 1166 822 1217 κτιστὰ
872 1165 1052 1220 πάντα
1083 1167 1163 1237 τῷ
1200 1169 1348 1233 γένει
1377 1185 1391 1200 °
1418 1174 1451 1241 η
1477 1174 1534 1227 δὲ
1568 1176 1760 1247 πρώτη
1799 1181 1934 1234 πάν-

350 1270 463 1305 των
497 1254 645 1337 αἰτία
673 1255 782 1306 τῶν
816 1258 1337 1330 ποιημάτωνηαύτῆς
1359 1265 1657 1332 ἀπειράκις
1687 1269 1934 1341 ἀπείρως

350 1344 695 1415 ὑπέρκειται.
729 1346 820 1399 Διὸ
854 1349 947 1400 καλ¹
980 1350 1324 1422 ἀμυδροτάτη
1369 1357 1519 1409 ἐστὶν
1568 1360 1601 1427 ἡ
1652 1361 1712 1413 ἐν
1750 1363 1933 1425 αὐτοῖς

346 1438 629 1506 ὁμοιότης,
661 1439 763 1508 τῆς
805 1440 1254 1515 ὑπερϐαλλούσης
1285 1448 1341 1499 ὲν
1382 1449 1457 1518 τῷ
1493 1452 1733 1505 ποιοῦντι
1770 1455 1930 1508 δυνά-

353 1547 505 1598 μεως
535 1530 634 1599 τὴν
660 1535 760 1599 τῆς
786 1531 1106 1603 ὁμοιότητος
1142 1537 1432 1591 ἀσθένειαν
1464 1544 1520 1594 ὲν
1555 1546 1665 1606 τοῖς
1712 1548 1931 1615 γινομέ-

347 1636 466 1683 νοις
501 1619 641 1673 οὕτω
674 1621 934 1691 ποιούσης
963 1640 975 1652 ·
1023 1626 1157 1678 ἀ).λά
1194 1630 1287 1679 καὶ
1330 1630 1562 1701 ἀσθενής
1609 1638 1757 1689 ἐστιν
1788 1637 1929 1692 οὕτω

347 1713 448 1765 καὶ
483 1710 721 1779 ἀμυδρὰ,
745 1712 949 1781 ἀληθὴς
992 1716 1173 1783 μέντοι
1209 1734 1296 1784 γε,
1332 1721 1411 1783 ὡς
1453 1723 1714 1779 ἀδύνατον
1742 1727 1802 1782 ὃν
1831 1730 1929 1783 ἄλ-

347 1800 461 1863 λως
492 1800 655 1870 ἔχειν.
694 1802 849 1854 Ἐστι
887 1804 985 1872 μὲν
1020 1801 1111 1858 οὖν
1146 1808 1324 1861 πάντα
1357 1812 1423 1864 τὰ
1455 1813 1549 1866 τοῦ
1594 1815 1729 1869 Θεοῦ
1769 1823 1925 1891 ποιή-

349 1909 504 1960 ματα
549 1893 710 1960 ὃμοιά
764 1911 881 1957 πως
923 1896 1072 1965 αὐτῷ
1112 1901 1251 1952 κατά
1290 1900 1477 1955 τοῦτον
1509 1905 1601 1958 τὸν
1642 1908 1820 1975 λόγον,
1847 1912 1923 1975 ὡς

346 1981 449 2050 τὴν
485 1981 576 2034 τοῦ
623 1985 984 2053 πεποιηκότος
1036 1991 1093 2040 ὲν
1131 1991 1315 2059 σφίσιν
1346 1994 1531 2057 αὐτοῖς
1585 1999 1921 2067 ἐμφαίνοντα

351 2073 548 2140 σοφίαν
596 2073 689 2126 καὶ
722 2074 969 2145 δύναμιν.
998 2079 1165 2131 Οὐδὲν
1216 2082 1324 2152 γάρ
1370 2086 1506 2149 ἐστι,
1535 2088 1640 2141 κᾶν
1686 2092 1747 2143 τὸ
1795 2108 1922 2160 σμι-

349 2163 614 2231 κρότατον
643 2161 699 2237 ᾖ,
730 2165 759 2218 ὁ
792 2166 868 2237 μὴ
904 2167 1237 2239 θαυμάσειεν
1267 2173 1332 2227 ἄν
1367 2191 1451 2236 τις
1494 2178 1762 2245 ἐκτόπως,
1799 2185 1921 2237 ἀντὶ

346 2255 460 2309 τῶν
489 2258 551 2309 ἐκ
590 2258 685 2311 τοῦ
737 2262 1004 2328 μεγέθους
1049 2262 1450 2336 ἐλαττωμάτων
1501 2269 1694 2337 σοφίας
1736 2273 1921 2338 αὐτοῖς

352 2348 715 2435 καὶ-μεθόδων
754 2351 922 2415 ξένων
966 2354 1462 2428 ὲγκατῳκισμένων
1499 2362 1707 2420 θεόθεν.
1741 2368 1917 2435 Πρόσ-

344 2432 464 2494 εστί
522 2440 579 2493 δὲ
632 2444 816 2506 αὐτοῖς
850 2446 946 2500 καὶ
991 2448 1053 2500 τὸ
1097 2449 1387 2519 δραστικόν
1417 2472 1475 2507 τε
1516 2459 1612 2510 καὶ
1640 2432 1920 2531 ὠφέλιμον

346 2533 579 2600 πλείοσι,
607 2536 701 2589 καὶ
754 2537 929 2591 ταῦτα
971 2539 1150 2595 πάντα
1197 2545 1334 2614 πρὸς
1381 2548 1481 2616 τὴν
1532 2550 1786 2619 πρόνοιαν
1817 2554 1919 2621 τῆς

344 2625 694 2698 ἀνθρωπίνης
728 2631 1004 2700 προῦργου
1034 2639 1401 2706 καταστρέφει
1438 2640 1602 2706 ζωῆς.
1658 2642 1798 2698 Ἀλλ’
1824 2647 1919 2698 οὑ-

344 2714 434 2768 an
487 2717 692 2772 τούτων
738 2722 900 2775 εἰκὼν
932 2723 1026 2777 τοῦ
1073 2725 1209 2780 Θεοῦ
1265 2729 1521 2798 λέγεται·
1553 2736 1782 2804 οὐρανὸς
1815 2739 1915 2805 μὲν

346 2808 455 2878 γὰρ
484 2812 573 2861 καὶ
602 2812 670 2893 ,τὰ
693 2814 918 2882 οὐράνια
946 2817 1176 2887 σώματα
1217 2820 1319 2874 οὐκ
1359 2823 1486 2876 ἄνευ
1514 2825 1643 2895 ὕλης
1675 2828 1792 2881 ἐστὶ
1821 2831 1916 2881 καὶ

347 2900 577 2970 σώματα
640 2903 800 2971 μόνον
854 2906 992 2960 εἰσὶν
1042 2910 1169 2964 ἄνευ
1228 2912 1454 2982 ψυχῶνο
1518 2916 1805 2986 ἄνθρωπος
1858 2920 1917 2973 δὲ

346 2991 506 3059 μόνος
534 2993 695 3057 ᾶῡλος
734 2996 829 3049 καὶ
861 2996 1148 3066 ἀσώματος
1183 3001 1258 3070 τῷ
1286 3002 1386 3071 τῆς
1426 3004 1622 3073 ψυχῆς,
1656 2990 1731 3067 the
1761 3009 1917 3079 εἴρη-

2041 539 2213 590 rentia
2236 536 2418 592 varios
2437 537 2593 591 simul
2616 536 2873 607 Opilicum
2898 537 3112 591 habitus
3140 552 3235 606 per
3257 537 3603 591 ratiocinium

2039 629 2374 692 dimetimur,
2400 639 2454 683 et
2478 629 2780 684 similitudo
2813 630 2918 683 hoc
2954 630 3179 698 vestigio
3207 645 3302 698 par
3326 639 3409 684 cst
3447 640 3500 683 et
3523 630 3607 683 di-

2038 717 2199 771 citur.
2237 716 2389 783 Quod
2430 726 2579 772 certe
2631 719 2676 772 si
2705 718 2774 773 de
2816 719 2899 773 his
2932 733 3119 772 verum
3161 728 3245 773 est
3280 720 3371 787 qui
3403 722 3599 789 partim

2039 820 2354 873 operantur,
2392 809 2561 860 multo
2596 808 2765 876 magis
2793 808 2859 861 de
2883 822 2947 861 eo
2970 806 3063 875 qui
3103 822 3167 860 ex
3204 808 3431 876 integro.
3491 806 3596 859 Sed

2038 911 2339 965 congencra
2378 895 2487 950 fere
2519 903 2644 948 sunt
2679 897 2794 948 hac
2823 911 2943 949 cum
2994 895 3315 959 factoribus,
3346 896 3483 947 sicut
3516 910 3608 961 ge-

2047 991 2164 1041 neri
2193 1002 2292 1042 suo
2329 995 2507 1041 creata
2539 986 2757 1049 omnia;
2798 986 2970 1055 prima
3003 998 3130 1037 vero
3156 984 3403 1037 omnitnn
3433 998 3597 1037 caus-i

2039 1080 2156 1132 suis
2201 1077 2461 1147 operibus
2493 1077 2704 1130 infinite
2741 1085 2795 1130 et
2834 1090 2996 1143 supra
3023 1074 3243 1128 modum
3272 1075 3607 1143 praecminet.

2054 1168 2290 1237 ideoque
2329 1170 2680 1238 perobscura
2717 1168 2771 1221 in
2809 1167 2914 1221 illis
2981 1177 3062 1221 est
3117 1166 3437 1226 similitudo,
3469 1180 3607 1235 pra:-

2039 1261 2382 1315 stantissima
2410 1274 2602 1327 nempe
2632 1258 2873 1312 auctoris
2905 1258 3145 1324 potentia
3180 1260 3317 1309 hanc
3341 1256 3599 1308 similitu-

2039 1350 2183 1405 dinis
2214 1355 2529 1404 tenuitatem
2555 1351 2637 1405 sic
2663 1350 2949 1405 efficiente.
3000 1349 3210 1401 Etenim
3237 1346 3336 1400 etsi
3358 1347 3494 1401 adeo
3523 1354 3607 1400 te-

2042 1443 2165 1496 nuis
2187 1450 2269 1494 est
2294 1450 2346 1494 ct
2378 1441 2757 1500 obscura,'sed
2795 1454 2917 1492 vera
2952 1448 3152 1501 tamen,
3179 1447 3450 1507 quatenus
3509 1437 3608 1491 ali-

2038 1521 2118 1589 ter
2140 1534 2254 1587 lieri
2285 1529 2619 1601 nequeat.~ln
2644 1531 2856 1584 cunctis
2884 1531 3044 1599 igitur
3072 1528 3164 1582 Dei
3190 1530 3440 1597 operibus
3462 1543 3611 1595 qlia:-

2036 1625 2158 1679 dam
2190 1639 2310 1678 cum
2348 1624 2467 1692 ipso
2495 1629 2578 1677 cst
2603 1620 2917 1688 hujusmodi
2950 1620 3273 1679 similitudo,
3319 1621 3370 1671 in
3409 1621 3605 1688 seipsis

2035 1714 2251 1784 quidem
2284 1713 2506 1767 factoris
2534 1714 2616 1765 sui
2642 1712 2966 1779 sapientiam
3000 1710 3401 1763 declarantibus
3422 1720 3473 1761 et
3504 1725 3599 1777 po-

1964 1784 2007 1839 Β
2042 1814 2314 1862 testatem.
2371 1803 2521 1858 Nihil
2581 1816 2817 1871 namque
2864 1802 2949 1857 vel
3004 1799 3291 1856 minimum
3342 1808 3427 1855 est
3458 1801 3602 1870 quod

2038 1908 2320 1969 stuporem
2351 1898 2528 1952 cuivis
2564 1895 2710 1949 haud
2758 1894 3013 1959 incutiat,
3042 1908 3151 1946 non
3181 1903 3356 1946 autem
3389 1892 3605 1945 illorum

2034 2006 2134 2059 pro
2184 1989 2560 2058 magnitudine
2622 2002 2803 2041 rerum
2858 1985 3118 2040 deficiens
3179 1985 3446 2052 sapientia
3505 1990 3603 2036 aut

2036 2081 2225 2135 alienae
2257 2080 2674 2149 disquisitioncs
2712 2077 2895 2130 divino
2922 2084 3056 2129 nutu
3097 2072 3239 2142 apud
3276 2074 3397 2125 illos
3431 2074 3603 2124 intro-

2036 2175 2233 2227 ductae.
2270 2170 2415 2226 Inest
2453 2173 2620 2225 etiam
2649 2170 2752 2223 illis
2773 2167 2989 2222 cutibus
3021 2164 3258 2220 efﬁcacia
3294 2173 3349 2219 et
3390 2164 3601 2219 utilitas

2036 2265 2225 2328 multa,
2256 2273 2309 2316 et
2341 2263 2524 2316 omnia
2562 2264 2675 2315 haec
2718 2261 2771 2313 in
2825 2258 3139 2327 prmsidium
3206 2258 3461 2310 humana:
3529 2257 3605 2310 vit

2033 2354 2316 2409 commode
2368 2360 2785 2408 convertuntur.
2856 2334 3112 2404 Attamen
3186 2348 3325 2403 nihil
3405 2347 3601 2401 horum

2029 2445 2207 2514 imago
2228 2444 2321 2499 Dei
2346 2444 2577 2499 dicitur:
2626 2442 2825 2497 cmlum
2854 2442 3056 2511 quippe
3101 2451 3153 2495 et
3218 2456 3446 2509 corpora
3491 2456 3601 2496 cne-

2030 2536 2184 2594 lestia
2216 2552 2324 2592 non
2377 2538 2645 2593 exsistunt
2677 2537 2881 2607 absque
2909 2535 3155 2599 materia,
3186 2542 3240 2589 et
3266 2535 3402 2589 nihil
3452 2534 3602 2588 aliud

2032 2640 2345 2701 suntquam
2372 2629 2670 2685 inanimata
2698 2642 2944 2698 corpora.
2998 2624 3160 2681 Solus
3211 2627 3373 2679 homo
3399 2668 3414 2689 ,
3450 2626 3601 2693 quod

2030 2723 2267 2777 animam
2297 2731 2520 2791 spectat,
2553 2730 2613 2775 ut
2647 2726 3052 2792 proposuimus,
3089 2719 3465 2774 immaterialis
3515 2730 3601 2775 est

2030 2825 2083 2871 et
2111 2818 2487 2885 incorporeus,
2516 2815 2779 2881 solusque
2802 2812 3147 2880 intelligens;
3183 2811 3450 2880 siquidem
3503 2813 3596 2867 illa

2032 2910 2217 2965 omnia
2248 2922 2413 2961 unam
2468 2904 2976 2960 communissimam
3015 2901 3450 2967 similitudinem,
3485 2919 3596 2956 esse

2031 3004 2259 3068 scilicet,
2290 3016 2413 3056 cum
2444 3014 2545 3055 sua
2593 3015 2753 3054 causa
2788 3013 2898 3068 prm
2919 3012 2975 3052 se
2999 2996 3205 3052 ferunt.
3226 2996 3359 3050 Nam
3388 3005 3442 3049 et
3470 2996 3588 3065 ipsa

342 3099 457 3146 ται,
495 3084 672 3154 μέρει,
699 3087 793 3139 καὶ
831 3088 991 3154 μόνος
1022 3091 1205 3160 νοερὸς
1236 3093 1363 3162 ἄρα,
1397 3097 1446 3147 εἰ
1478 3098 1705 3150 κάκεῖνα
1741 3100 1918 3153 πάντα

2028 3106 2154 3154 sunt
2182 3106 2234 3152 et
2265 3096 2408 3152 Deus
2437 3103 2539 3158 est,
2574 3092 2787 3149 tametsi
2814 3092 3057 3145 divinum
3112 3106 3223 3145 esse
3256 3104 3449 3145 eorum
3475 3105 3603 3149 om-g

346 3177 480 3242 μίαν
531 3177 830 3245 ὁμοιότητα
879 3180 1199 3249 κοινοτάτην
1249 3182 1348 3254 τὴν
1406 3187 1543 3239 κατά
1577 3202 1640 3250 γε
1681 3188 1741 3238 τὸ
1782 3184 1921 3242 εἶναι

344 3268 481 3336 πρὸς
532 3267 627 3338 τὴν
658 3270 794 3322 ἰδίαν
842 3271 1021 3324 αἰτίαν
1050 3273 1307 3342 έχουσινο
1361 3276 1504 3328 αὐτά
1548 3294 1610 3330 τε
1665 3279 1771 3347 γάρ
1817 3281 1925 3333 εἰσι

344 3359 435 3409 καὶ
473 3358 607 3422 Θεός
638 3361 809 3424 ἐστιν,
838 3363 886 3413 εἰ
936 3364 1030 3416 καί
1059 3365 1118 3415 τὸ
1150 3365 1292 3417 θεῖον
1321 3364 1462 3420 εἶναι
1508 3368 1602 3421 τοῦ
1640 3371 1698 3421 ὲν
1738 3372 1927 3433 αὐτοῖς

345 3454 512 3505 πᾶσιν
555 3450 693 3507 εἶναι
727 3454 1019 3524 ἀπειράκις
1067 3458 1311 3529 ἀπείρως
1360 3462 1705 3531 ὑπέρκειται.
1758 3465 1921 3518 Ἔνια

342 3545 399 3598 δὲ
431 3544 540 3598 τῶν
569 3546 824 3600 ὑποκάτω
863 3548 958 3600 καὶ
1002 3550 1173 3618 μείζω
1201 3551 1299 3621 τὴν
1329 3555 1468 3607 κατά
1502 3556 1559 3607 τὸ
1606 3554 1706 3626 ζῇν
1738 3556 1925 3627 ὁμοιό-

345 3653 481 3706 τητα
538 3637 690 3706 ἔχει’
741 3636 856 3691 ἀλλ’
907 3641 938 3709 ή
993 3641 1131 3693 κατὰ
1181 3642 1244 3694 τὸ
1288 3647 1428 3696 νοεῖν
1472 3647 1729 3715 ὁμοιότης
1780 3648 1922 3718 ὑπὲρ

346 3731 526 3791 πάσας
548 3730 753 3793 ταύτας
781 3731 926 3795 ἰδίως
955 3732 1125 3795 ἔστιν,
1159 3733 1233 3797 ὡς
1263 3736 1374 3788 οὐδ’
1410 3737 1526 3790 ἐστι
1556 3740 1920 3807 παραϐαλεῖν,

348 3821 493 3885 ἰδίως
519 3821 795 3892 ἀνθρώπῳ
834 3827 979 3894 μόνῳ
1021 3829 1374 3895 προσήκουσα
1404 3828 1459 3880 ἕν
1485 3845 1548 3896 γε
1579 3832 1690 3891 τοῖς
1731 3848 1921 3899 φαινο-

345 3916 527 3983 μένοις
572 3915 803 3978 τούτοις.
854 3918 1107 3985 Ἀγγελοι
1164 3919 1242 3983 δὲ,
1299 3922 1381 3971 νοῖ
1442 3922 1539 3990 μὲν
1595 3923 1746 3985 ὄντες
1792 3924 1924 3976 εἰλι-

341 4007 569 4077 κρινεῖς,
596 4006 757 4070 εὐθὺς
791 4010 886 4062 ἀπ’
929 4008 1106 4080 ἀρχῆς
1154 4011 1253 4079 τῆς
1301 4013 1559 4082 τοιαύτης
1608 4015 1923 4083 ὁμοιότητος

340 4098 501 4169 ἡμῶν
529 4100 843 4169 μετέχουσιν
873 4099 1097 4168 ἄμεινον
1125 4116 1138 4131 ·
1175 4100 1357 4164 ἄλλοις
1382 4103 1439 4155 δὲ
1469 4103 1648 4171 λόγοις
1680 4106 1770 4158 καὶ¹
1811 4106 1921 4157 τῶν

340 4190 588 4257 ἀγγέλων
623 4188 760 4259 αὕτη
795 4188 996 4242 πλείων
1021 4192 1136 4252 τοῖς
1164 4191 1562 4245 ἐσπουδακόσιν
1605 4193 1661 4257 ἐξ
1701 4193 1919 4265 ἀνθρώ-

340 4296 458 4332 πων
487 4280 769 4349 ἁρμόττει.
821 4279 996 4342 Μόνος
1051 4279 1233 4333 τοίνυν
1289 4280 1354 4333 ὲκ
1407 4280 1515 4333 τῶν
1570 4284 1918 4351 φαινομένων

342 4371 561 4423 πάντων
602 4372 630 4422 ὁ
674 4369 960 4438 ἄνθρωπος
1009 4368 1171 4424 εἰκὼν
1205 4371 1298 4423 τοῦ
1344 4370 1478 4424 Θεοῦ
1526 4378 1620 4424 καὶ
1664 4372 1781 4425 ἔστι
1828 4380 1921 4426 καὶ

2032 3191 2179 3243 nium
2213 3189 2423 3243 infinite
2452 3197 2689 3252 superet.
2731 3182 3002 3237 Nonnulla
3031 3197 3161 3236 vero
3198 3197 3265 3236 ex
3313 3182 3591 3237 inferiori-

2030 3284 2129 3337 bus
2159 3282 2350 3351 majori
2383 3279 2587 3349 pollent
2608 3262 2991 3339 similitudine,
3014 3290 3079 3330 eo
3107 3291 3299 3344 nempe
3323 3274 3472 3345 quod
3506 3275 3591 3329 vi-

2029 3381 2180 3427 vunt.
2222 3372 2328 3427 Sed
2357 3387 2420 3426 ea
2450 3386 2572 3441 quae
2602 3370 2666 3423 ad
2699 3370 3031 3424 intellectum
3062 3369 3256 3421 attinet
3287 3382 3479 3423 omnes
3512 3368 3594 3420 fa-

2027 3466 2131 3519 cile
2157 3464 2362 3529 vincit;
2394 3464 2528 3518 adeo
2560 3472 2620 3517 ut
2655 3464 2798 3515 nulla
2833 3463 2904 3516 sit
2928 3476 3052 3515 cum
3075 3462 3190 3528 ipsa
3213 3461 3590 3530 componenda

2027 3558 2268 3628 paritas;
2292 3572 2357 3610 ex
2392 3556 2460 3609 iis
2490 3556 2632 3609 enim
2664 3554 2977 3609 visibilibus
3006 3552 3221 3606 cunctis
3253 3553 3345 3605 uni
3373 3552 3595 3621 proprie

2028 3650 2232 3702 homini
2261 3648 2541 3701 convenit:
2589 3645 2761 3714 angeli
2790 3644 3008 3713 quidem
3041 3649 3231 3710 utpote
3264 3643 3354 3710 qui
3388 3642 3598 3712 simpli-

2026 3754 2118 3794 ces
2150 3738 2473 3801 intellectus,
2503 3739 2616 3803 jam
2647 3735 2772 3787 inde
2803 3748 2831 3786 a
2858 3732 3126 3801 principio
3149 3732 3395 3784 eamdem
3418 3740 3473 3784 et
3504 3747 3601 3800 po-

2025 3828 2217 3881 tiorem
2252 3842 2315 3881 ac
2339 3839 2437 3878 nos
2460 3822 2867 3880 similitudinem
2902 3820 3257 3891 participant;
3284 3836 3392 3889 quo
3414 3831 3595 3875 tamen

2026 3919 2148 3972 aliis
2180 3919 2244 3971 de
2268 3915 2475 3978 causis,
2513 3915 2753 3969 strenuis
2815 3912 3123 3981 quibusque
3182 3926 3248 3966 ex
3277 3913 3592 3969 hominibus

2026 4022 2125 4078 pro
2160 4008 2363 4077 angelis
2396 4005 2667 4074 congruit.
2710 4004 2867 4060 Unus
2898 4004 3085 4072 itaque
3122 4005 3265 4057 inter
3300 4004 3414 4059 haec
3452 4004 3590 4059 Vi8i9

2027 4099 2153 4154 bilia
2218 4107 2419 4153 cuncta
2481 4099 2660 4165 imago
2727 4098 2818 4150 Dei
2850 4104 2935 4150 est
2983 4105 3037 4149 et
3068 4096 3272 4150 dicitur
3310 4099 3511 4163 homo;
3544 4105 3600 4150 et

2026 4193 2246 4261 quidem
2310 4206 2418 4244 non
2453 4189 2753 4243 immerito.
2808 4185 2942 4241 Nam
2990 4203 3054 4243 ex
3083 4191 3262 4242 anima
3294 4192 3595 4257 praesertim

2026 4285 2190 4338 homo
2228 4291 2618 4349 nuncupatur;
2676 4282 2876 4349 quippe
2930 4282 3018 4334 cui
3071 4282 3188 4334 vice
3243 4282 3596 4337 instrumenti

2024 4386 2239 4446 aptatur
2259 4390 2478 4443 corpus.
2513 4372 2762 4427 Hominis
2792 4383 2974 4426 autem
2994 4377 3173 4427 anima
3202 4390 3297 4444 per
3326 4390 3385 4429 se
3418 4378 3599 4432 incor-

338 4459 556 4527 λέγεται
582 4473 598 4489 ’
633 4459 729 4512 x'u‘t
771 4459 892 4511 λίαν
923 4459 1183 4527 εὐλόγως.
1213 4461 1449 4527 Λέγεται
1486 4464 1587 4528 μὲν
1632 4464 1741 4534 γὰρ
1775 4465 1917 4517 κατὰ

2028 4483 2188 4537 porca
2248 4476 2351 4531 est,
2395 4466 2799 4527 immaterialis,
2846 4475 2901 4518 et
2952 4465 3281 4533 intelligens.
3333 4469 3428 4521 Illa
3463 4486 3592 4523 vero

339 4554 435 4623 τὴν
479 4551 661 4621 ψυχὴν
689 4551 922 4619 μάλιστα
968 4552 1276 4620 ἄνθρωπος,
1314 4552 1390 4615 ὡς
1431 4553 1476 4607 δ’
1507 4554 1739 4620 ὄργανον
1773 4557 1908 4624 αὐτῇ

338 4647 397 4697 τὸ
447 4645 609 4713 σῶμα
658 4643 960 4713 συνῆπταιο
991 4642 1280 4712 ἀνθρώπου
1312 4644 1367 4696 δὲ
1398 4644 1541 4714 ψυχὴ
1578 4645 1700 4697 καθ’
1737 4646 1911 4715 αὐτὴν

339 4734 628 4805 ἀσώματός
659 4736 773 4785 ὲστι
816 4733 909 4784 καὶ
949 4732 1112 4792 ἇῦλος
1145 4735 1239 4785 καὶ
1278 4734 1459 4802 νοερὰ.
1497 4734 1665 4785 Ταυτὶ
1697 4733 1754 4785 δὲ
1790 4734 1908 4786 θεῖα

342 4827 792 4894 πλεονεκτήματα
831 4824 925 4876 καὶ
972 4822 1065 4875 τοῦ
1115 4822 1251 4877 Θεοῦ
1304 4825 1663 4892 τελειότητες,
1718 4826 1768 4878 εἰ
1814 4825 1908 4877 καὶ

337 4919 550 4985 ἀπείρῳ
578 4919 643 4985 τῇ
676 4916 915 4985 ὑπεροχῇ
945 4914 1332 4984 διενηνόχασιν,
1358 4916 1432 4978 ὡς
1473 4916 1640 4969 ἔνεισι
1671 4916 1750 4984 τῷ
1789 4915 1909 4984 Θεῷ

335 5018 365 5086 ἦ
404 5016 478 5078 ὡς
529 5017 586 5067 ὲν
620 5013 894 5083 ἀνθρώπῳ
926 5012 1103 5065 εἰσίν.·
1149 5012 1513 5081 ἀσωματότης
1548 5013 1647 5083 μὲν
1691 5008 1784 5066 οὖν
1815 5016 1911 5069 καὶ

334 5108 496 5160 ἁῦλὶα
538 5107 814 5174 ἀπόφασις
865 5104 997 5173 ὕλης
1044 5103 1171 5157 ὁντα
1206 5104 1300 5156 καὶ
1343 5104 1593 5172 σώματος
1632 5104 1822 5167 ἅπλῶς
1848 5107 1906 5158 ἐν

334 5201 606 5271 ἀνθρώπῳ
657 5198 1005 5269 θεωροῦνται,
1051 5197 1307 5267 νοερότης
1346 5197 1403 5249 δὲ
1450 5198 1610 5264 φύσιν
1660 5200 1719 5251 ἐν
1767 5199 1903 5269 αὐτῇ

334 5297 537 5346 τιθεῖσα
589 5294 682 5345 καὶ
715 5294 932 5358 φύσεως
966 5291 1199 5359 δύναμιν
1240 5290 1301 5341 οὐ
1338 5289 1687 5344 παντάπασιν
1716 5290 1904 5353 ἁπλῶς

332 5385 638 5454 θεωρεῖται,
690 5384 807 5451 μετ’
860 5381 1166 5448 ἀναγκαίας
1210 5381 1268 5434 δέ
1342 5398 1487 5443 τινος
1553 5381 1899 5451 διακρίσεως.

331 5476 471 5537 Νοῦς
511 5474 692 5527 τοίνυν
741 5475 769 5525 ὁ
812 5472 1096 5543 ἄνθρωπος
1123 5470 1199 5525 ὢν
1231 5472 1375 5526 κατὰ
1403 5473 1502 5540 τὴν
1544 5473 1718 5541 ψυχὴν
1745 5473 1900 5542 ὲνέρ-

330 5583 481 5631 γειαν
517 5566 630 5635 ἔχει
676 5564 772 5634 τὴν
802 5564 1008 5633 νόησιν,
1039 5563 1130 5615 νοῦ
1179 5562 1288 5631 γὰρ
1346 5565 1596 5631 ἐνέργεια
1651 5564 1713 5615 τὸ
1758 5568 1901 5616 νοεῖν

331 5658 398 5717 ὡς
430 5658 632 5726 θερμοῦ
688 5657 751 5707 τὸ
798 5654 1133 5723 θερμαίνειν.
1169 5653 1235 5705 Ἥ
1280 5653 1336 5705 δὲ
1378 5652 1602 5725 τοιαύτη
1650 5653 1899 5723 ἐνέργεια

338 5750 460 5817 πρός
508 5765 561 5801 τι
596 5748 824 5816 φέρεται
873 5746 1018 5808 τέλος
1049 5761 1064 5776 ο
1100 5745 1255 5797 τοῦτο
1284 5745 1327 5796 δ’
1377 5745 1441 5799 ἂν
1487 5745 1574 5815 εἴη
1621 5744 1681 5797 τὸ
1710 5746 1898 5815 νοητὸν

653 5845 921 5904 Pnnon.
971 5845 1085 5904 Gn.
1123 5841 1309 5904 CLX.

2028 4558 2123 4613 Dei
2158 4558 2468 4627 praestantia
2508 4566 2564 4610 et
2639 4556 3022 4624 perfectiones,
3063 4552 3445 4625 "quantumvis
3493 4561 3598 4613 im-

2027 4667 2215 4706 mensa
2252 4652 2451 4704 distent
2483 4648 3027 4718 praecellentia,haud
3059 4650 3217 4702 aliter
3251 4651 3301 4702 in
3337 4651 3447 4704 Deo
3472 4662 3597 4708 sunt

2026 4742 2182 4797 aliter
2222 4742 2274 4796 in
2308 4742 2549 4796 homine.
2589 4740 2693 4795 Sed
2723 4743 3119 4808 incorporettas
3168 4751 3222 4795 et
3255 4744 3594 4797 immateria-

2028 4835 2173 4895 litas,
2208 4848 2331 4887 cum
2374 4835 2612 4889 materia:
2645 4843 2697 4888 et
2723 4834 2969 4903 corporis
2996 4834 3107 4888 sint
3152 4837 3389 4904 negatio,
3430 4835 3592 4893 facile

2022 4924 2078 4978 in
2114 4925 2331 4979 homine
2360 4933 2581 4994 patent;
2611 4926 3029 4994 intelligibilitas
3066 4941 3197 4981 vero
3233 4942 3354 4996 quae
3419 4941 3584 4982 natu-

2025 5031 2138 5069 ram
2159 5025 2210 5070 et
2234 5024 2442 5071 natura:
2470 5016 2577 5070 vim
2606 5018 2660 5071 in
2686 5017 2867 5071 anima
2889 5018 3179 5073 constituit
3202 5034 3311 5073 non
3335 5019 3590 5076 omnibus

2022 5110 2097 5164 ita
2126 5109 2276 5163 ultro
2306 5109 2641 5174 declaratur,
2674 5109 2771 5163 sed
2804 5108 3141 5172 discretione
3175 5113 3410 5181 quadam
3442 5129 3584 5185 opus

2020 5209 2127 5256 est.
2161 5202 2348 5270 Itaque
2382 5199 2545 5254 homo
2578 5214 2701 5254 cum
2725 5200 3007 5257 intellectu
3035 5213 3247 5260 constet
3277 5208 3579 5262 secundum

2021 5294 2285 5356 animam,
2345 5301 2600 5362 tanquam
2659 5303 2841 5347 actum
2900 5294 3065 5350 habet
3128 5298 3587 5371 intelligentiam;

2017 5387 2331 5442 intellectus
2373 5386 2516 5439 enim
2561 5394 2717 5440 actus
2745 5395 2830 5440 est
2862 5386 3182 5457 intelligere,
3217 5393 3363 5445 sicut
3391 5394 3587 5449 caloris

2019 5476 2337 5530 calefacere.
2366 5477 2435 5529 At
2480 5475 2747 5544 ejusmodi
2783 5484 2939 5531 actus
2969 5479 3034 5532 ad
3084 5483 3371 5547 quemdam
3423 5483 3580 5538 linem

2019 5567 2187 5621 tendit
2214 5582 2230 5633 ;
2262 5568 2469 5621 scilicet
2502 5568 2853 5638 intelligibile
2879 5580 2936 5623 ut
2972 5571 3091 5623 linis
3113 5572 3429 5641 intelligenti
3451 5592 3581 5644 pro-

2013 5660 2271 5728 positum.
2292 5658 2647 5733 lntelligentia
2678 5676 2862 5715 verum
2886 5662 3112 5716 interest
3153 5666 3305 5731 quasi
3336 5671 3581 5735 quaedam

2014 5753 2322 5807 communis
2363 5767 2498 5807 ansa
2557 5759 2855 5820 utrumque
2903 5751 3282 5822 conjungens;
3319 5772 3439 5826 qua!
3463 5765 3585 5832 qui-

3167 5852 3235 5914 19
