4170 6294
599 323 702 387 587

1649 320 2021 384 ΟΕΝΝΑΒΙῙ
2076 321 2184 380 CP.
2247 319 2444 381 PATR
2458 321 2760 381 [ARCHAI

3747 318 3853 385 588

597 423 716 487 t'etu
745 449 807 488 ex
836 433 1108 487 intellectu
1142 431 1413 500 procedit,
1438 430 1857 500 adintelligibile
1878 431 2156 499 pertinens

2268 431 2642 500 ἀντικείμενον
2695 430 2772 501 τῷ
2825 429 3032 484 νοοῦντι
3087 429 3162 492 ὡς
3208 429 3384 484 τέλο·.
3438 430 3503 484 Ἦ
3559 430 3614 484 δὲ
3670 431 3852 500 νόησις

593 536 647 579 et
691 527 740 578 in
773 524 863 577 illo
895 523 1202 576 terminata.
1231 523 1306 576 Ita
1345 529 1406 576 ut
1441 522 1810 588 intelligentiae
1857 523 1970 575 sint
1999 523 2155 589 quasi

595 615 814 669 termini
853 614 1163 667 intellectus
1201 623 1252 665 et
1280 612 1637 681 intelligihile.
1691 611 1924 668 Necesse
1976 624 2154 667 autem

591 715 674 761 est
727 715 784 760 ut
835 704 1174 773 intelligibile
1211 705 1284 757 sit
1333 704 1544 772 species
1599 713 1656 758 et
1697 703 2002 757 similitudo
2076 703 2158 756 iu-

594 797 890 866 telltgentis
922 794 1236 848 intellectus
1260 805 1314 848 et
1343 794 1655 849 intellectus
1694 797 1763 850 sit
1797 795 2156 861 intelligibile,

595 891 741 942 sicut
763 886 1135 956 intelligentia:
1158 886 1492 955 principium
1519 893 1600 938 est
1625 885 1933 940 intellectus
1956 886 2161 939 intelli-

594 995 740 1049 gens.
767 979 869 1032 Aio
889 979 1072 1048 igitur,
1103 975 1542 1045 quandoquidem
1574 975 1886 1030 intellectus
1919 977 2157 1044 seipsum

595 1070 872 1139 intelligit,
909 1079 1024 1122 erat
1059 1069 1175 1135 ejus
1200 1081 1338 1136 opus
1373 1067 1695 1135 priusquam
1731 1066 1903 1119 ﬁeret.
1937 1065 2159 1134 Species

594 1163 738 1215 enim
772 1161 825 1214 in
868 1159 1138 1212 abstracto
1172 1164 1385 1223 sumpta
1417 1163 1500 1210 est
1565 1155 1833 1225 praecipue
1861 1156 2160 1210 similitudo

595 1249 805 1304 externi
838 1248 920 1302 sui
950 1247 1131 1315 operis
1159 1255 1434 1316 quatenus
1459 1261 1552 1312 per
1583 1245 1757 1314 ipsam
1783 1261 1918 1312 opus
1950 1246 2162 1299 innote-

595 1343 718 1395 seit.
749 1339 840 1396 Est
872 1341 1033 1394 etiam
1067 1338 1371 1392 intellectus
1401 1337 1703 1390 similitudo
1757 1345 1942 1406 utpote
1992 1337 2158 1392 intel-

595 1433 814 1500 ligibilis
841 1442 893 1486 et
914 1431 1208 1485 intellectui
1250 1429 1444 1484 similis
1473 1427 1658 1482 effecta
1689 1447 1702 1494 ;
1752 1438 1807 1482 et
1829 1430 2046 1497 quidem
2105 1432 2158 1482 in

501 1579 510 1586 ,
596 1526 871 1579 intellectu
895 1523 976 1576 sic
1022 1530 1106 1574 est
1157 1519 1508 1587 iutelligibilis
1561 1519 1773 1588 species
1811 1528 1868 1572 ut
1918 1521 2157 1588 quando-

595 1631 814 1685 cunque
835 1614 1067 1668 voluerit
1098 1612 1401 1665 intellectus
1435 1615 1548 1664 haIe
1572 1611 1625 1664 in
1649 1613 1828 1676 seipso
1853 1623 2082 1675 maneat,
2117 1614 2159 1665 si

599 1722 708 1763 non
740 1707 810 1760 sit
860 1706 1199 1767 immanens;
1227 1702 1309 1755 sin
1343 1710 1540 1767 autem,
1578 1702 1724 1754 illam
1764 1703 1827 1753 ad
1877 1715 2024 1756 extra
2069 1717 2164 1769 pro

2274 523 2474 593 μεταξύ
2533 527 2702 590 ἐστιν,
2747 524 2934 593 ὥσπερ
2992 521 3146 592 κοινὴ
3211 522 3396 592 σχέσις
3457 523 3628 591 ἄμφω
3683 527 3848 578 suvi-

2271 631 2502 681 πτουσα,
2540 616 2605 668 ἐκ
2654 613 2747 668 τοῦ
2799 613 2892 667 νοῦ
2947 613 3044 684 μὲν
3098 613 3386 684 προϊοῦσα,
3418 614 3514 667 τοῦ
3562 615 3758 682 νοητοῦ
3792 616 3847 668 δὲ

2269 701 2402 758 οὖσα
2467 707 2564 758 καὶ
2623 707 2704 768 εἰς
2758 703 2917 758 τοῦτο
2970 704 3306 774 ὁριζομένηο
3357 703 3490 757 ὥστ’
3553 701 3693 757 εἶναι
3749 707 3845 773 τῆς

2277 794 2515 861 νοήσεως
2548 793 2737 862 ἇσπερ
2767 793 2947 861 ὄρους,
2971 793 3062 845 τόν
3095 808 3152 843 τε
3194 789 3317 843 νοῦν
3352 791 3445 843 καὶ
3473 790 3535 842 τὸ
3559 790 3770 859 νοητόνο
3793 791 3850 843 τδ

2269 882 2325 934 δὲ
2353 883 2541 951 νοητὸν
2571 879 2708 945 εἶδος
2739 877 2880 934 εἶναι
2913 881 2996 934 δεῖ
3026 880 3121 934 καὶ
3143 881 3440 949 ὁμοιότητα
3470 878 3564 930 τοῦ
3599 879 3846 939 νοοῦντος

2272 975 2362 1027 νοῦ
2398 978 2491 1029 καὶ
2543 974 2669 1028 νοῦν
2703 973 2913 1043 νοητὸν,
2957 973 3146 1042 ὥσπερ
3193 975 3227 1042 ή
3276 974 3375 1040 τῆς
3425 972 3665 1038 νοήσεως
3706 973 3846 1040 ἀρχὴ

2271 1067 2394 1129 νοῦς
2445 1067 2564 1117 ἐστι
2613 1063 2770 1118 νοῶν.
2823 1065 2971 1133 Φημὶ
3013 1065 3092 1129 δὲ,
3123 1063 3340 1116 ἐπειδὰν
3387 1063 3418 1115 δ
3471 1062 3597 1125 νοῦς
3649 1062 3840 1115 ἑαυτὸν

2271 1151 2447 1227 νοῇ,ᾖ
2501 1157 2560 1208 τὸ
2611 1153 2776 1208 αὐτοῦ
2829 1155 2988 1223 ἔργον
3037 1157 3169 1224 πρὶν
3203 1153 3579 1222 γενέτθαι.Τὺ
3633 1155 3743 1222 γὰρ
3775 1153 3832 1216 ἐξ

2271 1247 2617 1315 ἀφαιρέσεως
2659 1243 2796 1308 cibo;
2835 1245 3070 1315 μάλιστα
3129 1246 3230 1316 μὲν
3282 1244 3540 1314 ὁμοιότης
3586 1245 3704 1297 ἐστὶ
3753 1244 3843 1297 τοῦ

2273 1335 2378 1400 ἔξω
2419 1337 2764 1407 πράγματος,
2796 1337 2872 1398 ὡς
2918 1337 2986 1390 ἂν
3035 1336 3104 1389 δι’
3151 1336 3319 1390 αὐτοῦ
3353 1336 3412 1389 τὸ
3439 1339 3678 1406 πρᾶγμα
3730 1338 3846 1406 νοῆ-

2269 1445 2402 1482 ται·
2435 1429 2550 1482 ἐστι
2595 1429 2652 1484 δὲ
2686 1432 2780 1483 καὶ
2831 1429 2926 1482 τοῦ
2959 1428 3050 1482 νοῦ
3099 1429 3375 1499 ὁμοιότης,
3405 1429 3481 1491 ὡς
3533 1429 3722 1498 νοητὸν
3757 1431 3843 1481 καὶ

2272 1519 2352 1587 τῷ
2395 1518 2472 1588 νῷ
2499 1520 2792 1588 γενόμενον
2825 1520 3010 1589 ὅμοιον
3041 1536 3054 1549 ·
3093 1520 3190 1572 καὶ
3223 1519 3340 1573 ἔστι
3368 1519 3466 1588 μὲν
3496 1520 3554 1571 ἐν
3587 1518 3663 1587 τῷ
3687 1519 3760 1587 νῷ
3785 1523 3842 1570 τ³›

2273 1611 2462 1677 νοητὸν
2493 1607 2652 1675 εἶδος,
2677 1613 2810 1665 ὅταν
2837 1611 2968 1664 αὐτὸ
3002 1611 3184 1680 μένειν
3210 1613 3238 1664 ό
3262 1610 3386 1672 νοῦς
3427 1613 3484 1664 ὲν
3511 1609 3688 1679 ἑαυτῷ
3721 1610 3841 1680 βούο

2272 1700 2432 1769 ληται
2482 1702 2557 1770 μὴ
2592 1701 2830 1754 τοιοῦτον
2871 1699 2952 1763 ὃν,
2985 1700 3205 1754 ἐπειδάν
3250 1687 3313 1752 δὲ
3338 1699 3578 1770 βουληθῇ
3613 1703 3705 1754 καὶ
3738 1701 3838 1767 ἔξω

598 1807 734 1852 nutu
765 1795 1028 1866 producat
1055 1793 1167 1848 sive
1198 1793 1408 1862 prolato
1448 1793 1610 1845 verbo
1663 1793 2014 1858 declarataan,
2048 1793 2163 1846 sive

2268 1794 2596 1862 προάγηται,
2622 1793 2656 1862 ἢ
2703 1792 3025 1863 προφορικῷ
3073 1792 3482 1862 φανερούμενον
3511 1793 3657 1862 λόγῳ
3684 1793 3716 1862 ἢ
3748 1795 3840 1847 καὶ

598 1892 653 1943 lu
693 1888 919 1942 materia
951 1885 1192 1940 exterius
1212 1885 1535 1950 depositam.
1569 1883 1684 1936 Dixi
1709 1885 2160 1954 :quandocunquc

596 1981 841 2045 voluerit,
876 1993 939 2032 eo
961 1977 1102 2046 quod
1133 1977 1407 2030 humanus
1461 1976 1766 2029 intellectus
1805 1976 2004 2044 duplici
2037 1985 2158 2029 actu

592 2075 882 2123 constatet
916 2065 1050 2120 vivit
1086 2081 1098 2117 :
1143 2063 1499 2130 intelligentia
1532 2063 1739 2117 scilicet
1769 2071 1820 2116 et
1852 2065 2157 2130 voluntate;

597 2159 865 2229 siquidem
891 2157 1196 2223 intelligens
1249 2164 1332 2208 est
1357 2154 1632 2216 voluntas,
1665 2154 1808 2207 sicut
1851 2164 1904 2208 et
1951 2155 2160 2209 intelle-

595 2261 740 2318 ctus,
767 2265 887 2322 quae
911 2265 1012 2320 pro
1050 2248 1266 2303 diverso
1295 2253 1543 2315 respectu
1575 2246 1640 2299 ad
1677 2245 1888 2300 diversa
1915 2249 1970 2300 in
2007 2247 2163 2300 intel-

594 2343 738 2396 lectu
772 2341 1116 2396 ordinantur.
1151 2337 1284 2392 Nam
1360 2338 1704 2408 potissimum
1773 2339 1968 2392 rationi
2009 2339 2162 2407 praeit

595 2430 974 2500 lntelligentia,
1069 2429 1322 2482 voluntas
1429 2433 1610 2479 autem
1700 2424 1994 2492 sequitur;
2067 2429 2160 2479 sed

592 2532 648 2577 et
727 2534 1114 2590 nonnunquam
1172 2515 1582 2587 intelligentiam
1650 2515 1911 2583 pracedit
1967 2516 2158 2568 volun-

592 2622 694 2666 tas.
721 2611 829 2666 Nec
853 2611 998 2666 enim
1030 2623 1093 2664 ea
1128 2622 1344 2676 semper
1377 2609 1491 2662 vult
1518 2620 1639 2674 qua
1687 2606 1839 2660 novit
1891 2608 2162 2659 humanus

592 2703 920 2768 intellectus,
981 2708 1038 2754 at
1096 2698 1495 2768 quodammodo
1545 2710 1666 2764 quae
1715 2698 1831 2749 vult
1885 2698 2157 2767 intelligit.

593 2793 749 2858 Quod
800 2792 1045 2862 pluribus
1099 2790 1314 2860 quidem
1374 2797 1523 2842 esset
1585 2787 2003 2855 exponendum;
2063 2788 2159 2841 sed

590 2883 804 2952 potiora
843 2895 990 2935 nunc
1009 2879 1251 2951 aggressi
1277 2878 1344 2933 ad
1374 2878 1716 2948 propositum
1785 2879 2160 2935 deveniamus.

592 2974 876 3040 Numanus
926 2971 1089 3040 igitur
1134 2969 1443 3023 intellectus
1528 2982 1652 3038 qua:
1715 2983 1880 3038 super
1925 2984 1984 3024 se
2035 2977 2163 3024 sunt

2269 1888 2348 1947 είς
2393 1884 2489 1954 τὴν
2520 1885 2653 1955 ὓλην
2696 1885 2800 1952 ἔξω
2848 1885 3155 1955 τιθέμενον,
3183 1886 3250 1939 ἂν
3279 1885 3521 1939 τοιοῦτον
3659 1886 3840 1956 Φαμὲν

2267 1979 2324 2030 δὲ
2373 1979 2478 2038 ἓως
2535 1976 2602 2030 ἂν
2652 1977 2935 2049 βούληται,
2967 1978 3054 2032 διὰ
3109 1979 3172 2030 τδ
3200 1978 3290 2031 τὸν
3321 1979 3665 2048 ἀνθρώπινον
3719 1979 3839 2034 νοῦν

2269 2070 2419 2124 δυσὶν
2449 2069 2749 2139 ἐνεργείαις
2796 2066 2936 2122 εἷναί
2965 2087 3023 2123 τε
3073 2076 3167 2124 καὶ
3202 2073 3323 2140 ζῇν,
3355 2073 3422 2140 τῇ
3471 2088 3530 2123 τε
3569 2071 3665 2124 τοῦ
3701 2074 3839 2125 νοεῖν

2271 2163 2365 2213 καὶ
2417 2163 2482 2230 τῇ
2530 2161 2622 2212 τοῦ
2679 2161 2892 2214 θέλειν·
2929 2162 3074 2215 ἔνδον
3129 2163 3278 2232 αὐτῷ
3341 2165 3439 2217 καὶ
3490 2165 3685 2231 νοερᾶς
3744 2167 3838 2232 τῆς

2271 2253 2540 2317 θελήσεως
2573 2251 2739 2319 οὔσης
2771 2251 2962 2320 ὥσπερ
2993 2253 3166 2322 δήπου
3214 2253 3308 2306 καὶ
3339 2253 3439 2320 τῆς
3487 2255 3746 2325 νοήσεως,
3778 2255 3834 2306 αϊ

2272 2343 2414 2394 κατὰ
2463 2343 2721 2411 διάφορον
2779 2344 3077 2413 ἀπόδλεψιν
3109 2344 3366 2415 διάρορον
3421 2344 3576 2411 τάξιν
3626 2345 3836 2414 ἔχουσιν

2271 2434 2328 2485 ἐν
2361 2432 2438 2503 τῷ
2487 2433 2581 2501 νῷ.
2617 2434 2865 2488 Μάλιστα
2915 2435 3015 2503 μὲν
3062 2437 3172 2504 γὰρ
3227 2437 3467 2506 προτέρα
3526 2436 3603 2505 τῷ
3637 2436 3836 2506 λόγῳή

2269 2524 2475 2594 νόησις,
2511 2528 2542 2595 η
2573 2525 2630 2578 δὲ
2673 2525 2889 2596 θέλητις
2918 2527 3134 2580 έπεται.
3171 2529 3324 2580 Ἐστι
3361 2527 3406 2580 δ’
3458 2529 3550 2581 ὅτε
3596 2529 3835 2598 προτέρα

2267 2616 2368 2683 τῆς
2399 2617 2639 2686 νοήσεως
2670 2619 2702 2687 ή
2750 2617 2970 2682 θέλησις
2996 2633 3013 2650 ο
3048 2619 3110 2670 οὗ
3142 2619 3252 2687 γὰρ
3298 2619 3443 2672 θέλει
3483 2621 3642 2688 μόνον
3680 2619 3714 2673 ἃ
3743 2620 3835 2688 δή·

2273 2723 2401 2760 ποτε
2446 2712 2560 2760 νοεῖ
2585 2711 2613 2761 δ
2651 2709 2991 2778 ἀνθρώπινος
3026 2711 3172 2776 νοῦς,
3207 2712 3338 2765 ἀλλὰ
3380 2717 3474 2767 καὶ
3517 2717 3628 2768 νοεῖ
3657 2733 3772 2777 πως
3803 2714 3836 2768 ἃ

2272 2797 2415 2850 θέλει
2437 2814 2452 2829 ο
2486 2800 2757 2853 καὶτοῦτο
2786 2801 2888 2871 μὲν
2927 2803 3196 2855 πλειόνων
3223 2801 3393 2856 δεῖται
3425 2804 3623 2873 λόγων,
3650 2807 3750 2874 τὴν
3784 2806 3834 2859 δὲ

2271 2889 2368 2943 νῦν
2398 2889 2822 2957 ὑπερϐαίνοντος
2871 2893 3062 2964 χρείαν
3108 2894 3205 2946 ἐπὶ
3245 2892 3306 2947 τὸ
3336 2897 3694 2966 προκείμενον
3742 2899 3838 2968 βα-

2270 2981 2551 3051 διούμιθα.
2605 2984 2663 3038 Ὀ
2713 2986 2894 3038 τοίνυν
2944 2987 3290 3058 ἀνθρώπινος
3337 2987 3461 3053 νοῦς
3503 2992 3618 3042 νοεῖ
3647 2990 3748 3058 μὲν
3776 2991 3839 3042 τὰ

590 3065 865 3134 intelligit,
927 3062 1161 3117 obscure
1189 3060 1399 3116 scilicet
1457 3059 1630 3114 donec
1681 3069 1764 3114 est
1808 3061 1862 3114 in
1912 3073 2160 3131 corpore,

2272 3075 2412 3144 ὑπὲρ
2467 3075 2650 3139 αὐτὸν,
2693 3077 2800 3140 ἕως
2842 3077 2909 3132 ἂν
2951 3081 3011 3132 έν
3059 3080 3137 3148 τῷ
3197 3079 3410 3150 σώματι
3447 3078 3502 3155 ᾖ.
3549 3082 3832 3151 ἀμυδρῶς,

593 3170 780 3210 revera
814 3165 994 3209 tamen
1028 3161 1083 3210 et
1119 3154 1280 3223 quasi
1321 3153 1376 3207 in
1406 3154 1640 3220 quadam
1663 3167 1853 3209 eorum
1902 3155 2163 3210 realitatis

2269 3166 2483 3231 ἀληθῶς
2523 3168 2706 3236 μέντοι
2743 3171 2837 3222 καὶ
2872 3169 2947 3231 ὡς
2991 3169 3048 3223 ἔν
3097 3185 3206 3224 τινι
3255 3171 3352 3240 τῆς
3391 3153 3514 3225 κατ’
3543 3173 3683 3226 αὐτὰ
3710 3173 3837 3244 άλη-

593 3247 850 3316 imagine,
915 3246 957 3298 si
1013 3245 1246 3314 propriis
1305 3259 1368 3298 ac
1421 3245 1674 3314 genuinis
1723 3245 1948 3315 hujusce
2003 3247 2164 3300 intui-

593 3349 681 3395 tus
712 3337 994 3409 principiis
1041 3337 1479 3407 obsequeretur;
1535 3337 1676 3407 quod
1729 3337 1904 3392 solum
1955 3339 2164 3405 piorum

591 3443 674 3486 est
707 3433 852 3486 circa
878 3430 1060 3485 divina
1113 3429 1423 3490 hominum.
1456 3430 1548 3497 qui
1614 3443 1738 3482 vera
1802 3430 2067 3498 sapientia
2113 3438 2168 3484 et

595 3523 884 3591 prudentia
916 3522 1310 3589 gubernantur.
1345 3518 1452 3574 Sed
1486 3521 1794 3574 humaniori
1836 3537 1980 3575 nunc
2010 3521 2166 3574 adhi-

595 3614 709 3669 bito
730 3627 1002 3680 sermone,
1036 3614 1286 3667 notiones
1310 3613 1452 3682 apud
1483 3622 1703 3668 sanctos
1720 3628 1785 3666 ex
1811 3612 1993 3666 divina
2020 3627 2162 3667 reve-

595 3704 799 3759 latione
826 3711 1173 3772 comparatos
1219 3703 1752 3772 pratermitto.Quze
1813 3715 1990 3760 autem
2064 3704 2168 3773 ipsi

593 3802 717 3848 sunt
746 3807 1053 3863 congenera
1083 3801 1330 3861 prompte
1356 3792 1505 3846 novit
1537 3793 1650 3847 sive
1717 3793 2002 3861 disciplina
2052 3795 2168 3847 sive

592 3888 902 3940 inventione
962 3885 1224 3954 praestita,
1291 3898 1518 3938 accensa
1580 3900 1772 3951 nempe
1835 3887 2166 3954 cognitionis

593 3979 762 4032 indita
790 3977 892 4031 sibi
926 3974 1184 4029 scintilla.
1242 3974 1414 4027 Porro
1444 3973 1738 4041 perfectius
1765 3973 1881 4030 haec
1917 3975 2166 4045 intelligit

592 4077 779 4135 utpote
813 4081 926 4120 suae
957 4063 1202 4118 facultati
1231 4063 1507 4128 consocia,
1539 4071 1592 4118 et
1614 4075 1820 4129 quanto
1842 4069 2164 4134 promptius,

592 4166 746 4211 tanto
776 4167 828 4211 et
857 4155 1171 4224 perfectius.
1207 4155 1278 4209 At
1310 4155 1604 4223 perfectius
1662 4155 1857 4209 iterum
1913 4158 2163 4226 proprios

592 4260 749 4304 actus
781 4247 1049 4316 intelligit,
1086 4260 1191 4301 non
1217 4255 1275 4300 ut
1326 4257 1543 4315 peracta
1597 4253 1806 4301 tantum
1840 4248 2162 4318 intelligens,

594 4341 688 4396 sed
727 4352 780 4394 et
826 4338 1144 4408 priusquam
1201 4342 1468 4394 exsistant
1509 4339 1690 4407 qualia
1712 4355 1768 4394 re
1797 4340 1980 4395 futura
2005 4341 2114 4396 sint
2143 4360 2158 4409 ;

2269 3258 2418 3322 θείας
2446 3260 2635 3323 εἰκόνι,
2662 3261 2710 3313 εί
2745 3263 2868 3323 ταῖς
2914 3263 3146 3324 οὲκείαις
3192 3263 3288 3316 καὶ
3323 3263 3614 3332 ἀληθεύειν
3643 3267 3834 3334 ἀρχαῖς

2266 3351 2364 3418 τῆς
2403 3351 2657 3420 τοιαύτης
2702 3353 2947 3421 σκέψεως
2997 3353 3204 3417 ἕποιτο,
3249 3353 3277 3407 ὃ
3323 3355 3430 3408 τῶν
3464 3355 3841 3411 εὐσεϐούντων

2269 3444 2399 3511 περὶ
2439 3443 2507 3494 τὰ
2557 3443 2673 3495 θεία
2730 3443 2908 3511 μόνων
2961 3445 3131 3508 ἐστὶν,
3175 3445 3335 3516 σοφίᾳ
3393 3464 3450 3499 τε
3508 3447 3701 3517 ἀληθεῖ
3747 3454 3838 3503 καὶ

2269 3535 2530 3602 φρονήσει
2576 3535 3012 3604 κυδερνωμένων
3069 3537 3446 3606 Φυσικὼτερον
3496 3541 3554 3594 δὲ
3595 3541 3836 3610 διαλεγό-

2273 3641 2423 3691 μενοι
2456 3625 2549 3677 νῦν
2577 3627 2639 3677 οὐ
2671 3626 2904 3696 λέγομεν
2951 3628 3080 3697 περὶ⁵
3111 3627 3219 3680 τῶν
3260 3631 3401 3683 κατά
3441 3629 3592 3685 θείαν
3630 3635 3836 3686 ἀποκά-

2267 3715 2424 3783 λυψιν
2456 3716 2511 3768 ὲν
2539 3718 2651 3780 τοῖς
2684 3717 2862 3785 ἁγίοις
2897 3718 3141 3786 νοήσεων
3163 3734 3176 3749 ·
3211 3722 3323 3773 νοεῖ
3362 3721 3420 3774 δὲ
3450 3722 3544 3774 καὶ
3581 3724 3652 3775 τὰ
3685 3723 3835 3793 αύτῷ

2270 3807 2529 3877 σύστοιχα
2569 3809 2772 3878 σπουδῇ
2816 3809 2911 3862 καὶ
2964 3810 3198 3880 μαθήσει
3238 3812 3333 3865 κα)⁴
3377 3813 3614 3883 εὑρέσει,
3645 3815 3738 3869 τὸν
3777 3817 3832 3867 ὲν

2204 3942 2210 3947 .
2267 3896 2416 3964 αὐτῷ
2458 3899 2558 3965 τῆς
2604 3897 2857 3965 γνώσεως
2901 3899 3149 3964 ἐξάπτων
3196 3901 3491 3973 σπινθῆρα,
3524 3903 3621 3956 καὶ
3663 3904 3832 3958 ταῦτα

2266 3988 2321 4040 δὲ
2357 3987 2702 4060 τελειοτέρως
2731 3991 2845 4042 νοεῖ
2866 3990 2939 4050 ὡς
2971 3993 3038 4062 τῇ
3074 3991 3238 4045 αὐτοῦ
3270 3995 3531 4065 σύστοιχα
3575 3997 3832 4066 δυνάμει·

2267 4084 2374 4148 ὅσῳ
2416 4083 2470 4134 δὲ
2526 4084 2964 4154 σπουδαιότερον,
3013 4086 3257 4158 τοσούτῳ
3315 4089 3409 4141 καὶ
3468 4091 3830 4162 τελεώτερον·
3894 4127 3897 4129 »

2267 4173 2590 4242 τελεώτερον
2632 4175 2678 4226 δ’
2720 4175 2799 4227 ἔτι
2834 4179 2946 4229 νοεῖ
2972 4177 3040 4230 τά
3081 4179 3256 4232 οίκετα
3285 4179 3442 4248 ἔργα,
3478 4181 3553 4243 ὠς
3582 4183 3641 4234 ού
3679 4184 3834 4253 μόνον

2267 4267 2640 4333 γεγεννημένα
2665 4265 2824 4332 νοῶν,
2853 4267 2989 4321 ἀλλά
3023 4269 3118 4320 καὶ
3152 4270 3288 4338 πρὶν
3326 4270 3633 4340 ὑποστῆσαι
3664 4273 3835 4326 ταῦτα

2270 4354 2534 4424 νενοηκὼς
2567 4358 2641 4419 ὡς
2671 4360 2764 4411 καὶ
2793 4359 2939 4428 ἔργῳ
2965 4351 3403 4429 ὑποστησόμενα,
3425 4361 3522 4413 καὶ
3552 4362 3641 4414 διὰ
3682 4364 3834 4415 τοῦτο

593 4433 821 4500 ideoque
879 4430 1108 4486 ulterius
1168 4445 1233 4486 ea
1289 4431 1513 4496 sistens,
1554 4432 1682 4500 quia
1750 4431 1902 4501 prius
1949 4434 2162 4487 noverit

2273 4447 2472 4514 μᾶλλον
2498 4446 2722 4518 ὕστερον
2753 4449 3086 4518 ὑποστήσας,
3115 4449 3252 4502 διότι
3297 4452 3521 4519 νενόηκε
3575 4454 3836 4524 πρότερον

581 4521 824 4592 qualiter
853 4520 924 4575 ita
955 4522 1242 4576 exstitera.
1279 4519 1476 4576 Verum
1522 4524 1574 4575 in
1622 4523 1860 4577 humano
1891 4523 2165 4578 intellectu

593 4615 948 4684 intelligibilis
978 4615 1208 4684 species,
1236 4629 1356 4682 quae
1381 4624 1466 4670 est
1495 4617 1860 4686 intelligentia
1884 4631 1996 4671 sua:
2019 4618 2164 4685 prin-

594 4707 818 4777 cipium,
849 4723 956 4762 non
991 4722 1096 4777 qua
1121 4708 1334 4776 species
1373 4717 1474 4774 est,
1509 4709 1601 4763 sed
1625 4719 1892 4778 quatenus
1923 4724 2017 4777 per
2046 4724 2168 4778 spc-

593 4799 732 4851 cicm
761 4797 1031 4868 intelligit,
1060 4799 1174 4853 sive
1207 4799 1352 4852 intus
1385 4799 1728 4853 solummodo
1761 4801 1920 4854 sistat
1969 4799 2166 4853 intelli-

546 4890 770 4956 ‘gcntia
831 4903 938 4956 qua
998 4887 1325 4956 speculalive
1373 4899 1584 4942 tantum
1640 4889 1697 4943 fit
1753 4891 2007 4958 sapiens,
2055 4889 2168 4942 sive

585 4981 755 5052 ~etiam
783 4981 847 5035 ad
891 4990 1043 5034 extra
1088 4981 1312 5048 prodeat
1337 4982 1482 5037 unde
1533 4985 1804 5052 praclicus
1869 4983 1960 5036 fiat
1992 4994 2045 5037 et
2071 4983 2161 5049 sit,

595 5070 928 5138 lmjusmodi,
963 5072 1206 5140 inquam,
1238 5073 1592 5139 intelligibilis
1656 5075 1865 5144 species
1928 5075 2166 5131 hominis

593 5171 679 5215 est
705 5160 1052 5231 intelligibilis
1084 5164 1222 5218 ratio
1249 5179 1345 5234 per
1367 5182 1530 5235 quam
1550 5182 1762 5228 secum,
1790 5174 1846 5219 ut
1877 5166 1947 5220 ita
1967 5167 2165 5234 dicam,

596 5255 918 5324 colloquitur
941 5255 1211 5311 humanus
1249 5259 1575 5322 intellectus,
1605 5265 1657 5312 et
1680 5272 1802 5326 quae
1855 5259 2168 5314 intellectus

595 5345 814 5412 quidem
853 5356 940 5401 est
962 5349 1267 5418 progenies,
1293 5363 1389 5416 per
1423 5356 1604 5402 actum
1637 5350 2006 5420 intelligentiae
2037 5366 2168 5420 pro-

594 5439 793 5504 prium,
825 5438 1052 5510 ejusque
1077 5440 1308 5495 dixerim
1368 5439 1629 5506 perfectio
1682 5442 2057 5511 sapientiaque
2115 5451 2169 5496 et

593 5531 811 5585 veritas.
853 5529 970 5585 Jam
996 5547 1124 5586 vero
1182 5530 1492 5597 Intelligens
1539 5532 1790 5587 voluntas
1843 5533 2088 5587 ell‘ormat
2117 5537 2168 5588 in

597 5619 809 5673 ltutniue
836 5621 1111 5688 spiritum,
1144 5620 1210 5673 de
1248 5632 1357 5688 quo
1386 5617 1588 5672 dicitur
1636 5623 1776 5688 quod
1822 5639 1968 5676 nemo
2018 5627 2154 5678 novit

593 5723 650 5759 ea
687 5724 802 5762 αιηω
831 5720 949 5762 sunt
981 5712 1202 5766 hominis
1234 5711 1338 5764 nisi
1359 5711 1570 5764 suiritus
1591 5710 1816 5767 hominis
1847 5714 1934 5782 qui
1967 5716 2016 5765 in
2039 5717 2152 5781 ipso

2270 4540 2341 4599 ὡς
2367 4537 2462 4590 ὡδί
2508 4555 2624 4601 πως
2663 4540 3104 4609 ύποστησόμενα.
3139 4540 3213 4592 Τὸ
3257 4539 3360 4609 μὲν
3391 4537 3483 4594 οῦν
3533 4545 3592 4595 ὲν
3634 4545 3712 4613 τῷ
3745 4547 3832 4597 άν-

2271 4629 2524 4699 θρωπίνῳ
2566 4631 2640 4697 νῷ
2687 4631 2876 4700 νοητὸν
2921 4627 3080 4694 εἶδος,
3109 4630 3136 4684 ὃ
3167 4631 3261 4700 τῆς
3318 4632 3376 4682 ὲν
3425 4632 3574 4702 αύτῷ
3605 4636 3838 4704 νοήσεώς

2269 4725 2415 4774 ἐστιν
2449 4723 2611 4792 ἀρχὴ,
2641 4724 2737 4793 οὐχ
2862 4723 2922 4776 τὸ
2952 4718 3110 4788 εἶδος,
3146 4724 3264 4777 ἀλλ’
3396 4724 3475 4794 τῷ
3523 4725 3654 4779 εἴδει
3705 4729 3838 4790 νοεῖ,

2269 4813 2368 4863 εἴτ’
2410 4813 2556 4864 ἔνδον
2614 4812 2776 4881 μόνον
2806 4814 2904 4883 τῆς
2940 4815 3182 4882 νοήσεως
3231 4815 3417 4884 οῦσης,
3534 4814 3698 4884 σοφὸς
3749 4808 3840 4868 Scal.

2269 4902 2601 4970 Oswpqrtx‘);
2635 4904 2842 4970 γίνεται
2875 4903 3054 4972 μόνον,
3089 4905 3200 4958 εἴτε
3244 4906 3342 4959 καὶ
3391 4905 3497 4972 ἔξω
3525 4906 3837 4976 προϊούσης,

2268 4993 2390 5044 καθ’
2417 4993 2484 5062 ἣν
2531 5000 2624 5045 καὶ
2649 4997 2952 5062 πρακτικός
2982 4999 3098 5048 ἐστι
3123 4999 3217 5050 καὶ
3251 5000 3482 5064 γίνεται,
3507 4999 3568 5052 τὸ
3599 4999 3839 5052 τοιοῦτον

2268 5083 2414 5136 ἆπαν
2451 5085 2641 5154 νοητὸν
2692 5083 2833 5149 εἶδος
2884 5089 2912 5140 ό
2963 5089 3155 5159 νοήτδς
3208 5090 3302 5143 τοῦ
3361 5091 3650 5161 ἀνθρώπου
3687 5093 3841 5160 λόγος

2268 5177 2407 5241 ἐστὶ,
2454 5177 2520 5230 δι’
2567 5171 2628 5230 οῦ
2682 5180 2814 5250 πρὸς
2863 5181 3053 5234 ἑαυτὸν
3093 5183 3166 5244 ὼς
3203 5186 3381 5236 εἰπεῖν
3427 5185 3455 5235 ὁ
3503 5183 3842 5254 ἀνθρώπινος

2268 5269 2575 5335 διαλέγεται
2620 5270 2762 5336 νοῦς,
2797 5272 3041 5342 γέννημα
3093 5275 3190 5343 μὲν
3238 5274 3312 5326 ὢν
3353 5273 3448 5327 τοῦ
3484 5274 3572 5327 νοῦ
3614 5277 3701 5328 διὰ
3743 5275 3842 5342 τῆς

2272 5363 2414 5413 κατὰ
2441 5362 2540 5430 τὴν
2575 5363 2761 5431 νόησιν
2805 5365 3106 5432 ἐνεργείας,
3140 5367 3421 5436 τελειότης
3450 5368 3506 5421 δὲ
3555 5368 3723 5420 αὑτοῦ
3753 5371 3844 5422 καὶ

2271 5455 2429 5519 σοφία
2462 5449 2574 5506 οἷον
2599 5455 2774 5507 εἰπεῖν
2808 5455 2898 5507 καὶ
2929 5455 3177 5525 ἀλήθεια.
3219 5457 3284 5510 Ἦ
3328 5457 3385 5510 δὲ
3424 5458 3585 5526 νοερά
3614 5459 3833 5528 θέλησις

2270 5544 2330 5595 τὸ
2355 5545 2410 5595 ὲν
2436 5543 2712 5614 ἀνθρώπῳ
2739 5530 2954 5615 πνεῦμα
2995 5550 3214 5617 μορεροῖ,
3249 5549 3375 5618 περὶ
3407 5541 3467 5600 οῦ
3499 5549 3737 5615 λέγεται,
3771 5547 3844 5608 ὡς

2271 5636 2447 5696 οὐδεὶς
2480 5633 2585 5686 οἶδε
2620 5639 2685 5688 τὰ
2718 5635 2810 5688 τοῦ
2838 5637 3151 5705 ἀνθρώπου,
3197 5641 3245 5692 εί
3296 5641 3370 5709 μὴ
3401 5640 3460 5692 τὸ
3493 5639 3710 5707 πνεῦμα
3750 5637 3843 5689 τοῦ

2274 5723 2566 5786 ἀνθρώπου
2599 5724 2654 5776 τὸ
2675 5726 2963 5777 κστοικοῦν
2992 5728 3048 5778 ἐν
3087 5729 3240 5798 αὐτῷ
3269 5744 3282 5756 ·
3324 5731 3414 5781 καὶ
3444 5729 3592 5782 ἔστιν
3620 5730 3651 5798 ἡ
3685 5727 3844 5795 νοερᾶ
