  <div class='ocr_page' id='page_1' title='image "/cluster/home/n/w/nwhite01/storage/ocr_20150623/160/mdp.39015078384693/302.png"; bbox 0 0 4170 6294; ppageno 0'>
   <div class='ocr_carea' id='block_1_1' title="bbox 381 328 492 392">
    <p class='ocr_par' dir='ltr' id='par_1_1' title="bbox 381 328 492 392">
     <span class='ocr_line' id='line_1_1' title="bbox 381 328 492 392; baseline -0.027 0"><span class='ocrx_word' id='word_1_1' title='bbox 381 328 492 392; x_wconf 82' lang='grc'><strong>589</strong></span> 
     </span>
    </p>
   </div>
   <div class='ocr_carea' id='block_1_2' title="bbox 1438 330 2530 393">
    <p class='ocr_par' dir='ltr' id='par_1_2' title="bbox 1438 330 2530 393">
     <span class='ocr_line' id='line_1_2' title="bbox 1438 330 2530 393; baseline 0.002 -2"><span class='ocrx_word' id='word_1_2' title='bbox 1438 330 1537 391; x_wconf 87' lang='lat' dir='ltr'><strong>DE</strong></span> <span class='ocrx_word' id='word_1_3' title='bbox 1582 332 1729 392; x_wconf 89' lang='lat' dir='ltr'><strong>DEO</strong></span> <span class='ocrx_word' id='word_1_4' title='bbox 1773 330 1854 389; x_wconf 84' lang='lat' dir='ltr'><strong>IN</strong></span> <span class='ocrx_word' id='word_1_5' title='bbox 1895 330 2315 392; x_wconf 80' lang='lat' dir='ltr'><strong>TRlNITATE</strong></span> <span class='ocrx_word' id='word_1_6' title='bbox 2353 332 2530 393; x_wconf 88' lang='lat' dir='ltr'><strong>UNO.</strong></span> 
     </span>
    </p>
   </div>
   <div class='ocr_carea' id='block_1_3' title="bbox 3526 342 3636 405">
    <p class='ocr_par' dir='ltr' id='par_1_3' title="bbox 3526 342 3636 405">
     <span class='ocr_line' id='line_1_3' title="bbox 3526 342 3636 405; baseline 0.036 -3"><span class='ocrx_word' id='word_1_7' title='bbox 3526 342 3636 405; x_wconf 74' lang='lat'><strong>59)</strong></span> 
     </span>
    </p>
   </div>
   <div class='ocr_carea' id='block_1_4' title="bbox 372 435 1955 517">
    <p class='ocr_par' dir='ltr' id='par_1_4' title="bbox 372 435 1947 516">
     <span class='ocr_line' id='line_1_4' title="bbox 372 435 1947 516; baseline -0.001 -22"><span class='ocrx_word' id='word_1_8' title='bbox 372 438 599 507; x_wconf 81' lang='grc' dir='ltr'>θέλησις</span> <span class='ocrx_word' id='word_1_9' title='bbox 642 435 778 506; x_wconf 86' lang='grc' dir='ltr'>αῦτη</span> <span class='ocrx_word' id='word_1_10' title='bbox 813 436 1152 516; x_wconf 69' lang='grc' dir='ltr'><strong>διατείνουσα</strong></span> <span class='ocrx_word' id='word_1_11' title='bbox 1200 437 1301 506; x_wconf 80' lang='grc' dir='ltr'><strong>μὲν</strong></span> <span class='ocrx_word' id='word_1_12' title='bbox 1347 447 1445 494; x_wconf 70' lang='grc' dir='ltr'><strong>καὶ</strong></span> <span class='ocrx_word' id='word_1_13' title='bbox 1497 443 1633 510; x_wconf 74' lang='grc' dir='ltr'>πρὸς</span> <span class='ocrx_word' id='word_1_14' title='bbox 1660 441 1824 494; x_wconf 72' lang='grc' dir='ltr'>αὐτὸν</span> <span class='ocrx_word' id='word_1_15' title='bbox 1856 438 1947 493; x_wconf 83' lang='grc' dir='ltr'><strong>τὸν</strong></span> 
     </span>
    </p>
   </div>
   <div class='ocr_carea' id='block_1_5' title="bbox 2059 435 3638 517">
    <p class='ocr_par' dir='ltr' id='par_1_5' title="bbox 2059 438 3638 517">
     <span class='ocr_line' id='line_1_5' title="bbox 2059 438 3638 517; baseline 0.009 -28"><span class='ocrx_word' id='word_1_16' title='bbox 2059 438 2302 503; x_wconf 76' lang='lat' dir='ltr'><strong>habitat;</strong></span> <span class='ocrx_word' id='word_1_17' title='bbox 2363 441 2480 509; x_wconf 87' lang='lat' dir='ltr'><strong>ipsa</strong></span> <span class='ocrx_word' id='word_1_18' title='bbox 2532 452 2711 496; x_wconf 90' lang='lat' dir='ltr'><strong>autem</strong></span> <span class='ocrx_word' id='word_1_19' title='bbox 2765 446 3019 500; x_wconf 78' lang='lat' dir='ltr'><strong>voluntas</strong></span> <span class='ocrx_word' id='word_1_20' title='bbox 3091 449 3399 517; x_wconf 59' lang='lat' dir='ltr'><strong>iutull&#39;gcas</strong></span> <span class='ocrx_word' id='word_1_21' title='bbox 3459 455 3638 505; x_wconf 65' lang='lat' dir='ltr'><strong>teuiir.</strong></span> 
     </span>
    </p>
   </div>
   <div class='ocr_carea' id='block_1_6' title="bbox 373 511 1945 601">
    <p class='ocr_par' dir='ltr' id='par_1_6' title="bbox 373 511 1945 601">
     <span class='ocr_line' id='line_1_6' title="bbox 373 511 1945 601; baseline 0.001 -20"><span class='ocrx_word' id='word_1_22' title='bbox 373 531 525 583; x_wconf 88' lang='grc' dir='ltr'>νοῦν.</span> <span class='ocrx_word' id='word_1_23' title='bbox 559 529 712 582; x_wconf 83' lang='grc' dir='ltr'>Θέλει</span> <span class='ocrx_word' id='word_1_24' title='bbox 756 530 863 600; x_wconf 81' lang='grc' dir='ltr'>γὰρ</span> <span class='ocrx_word' id='word_1_25' title='bbox 894 511 1086 584; x_wconf 79' lang='grc' dir='ltr'>ἑαυτὸν</span> <span class='ocrx_word' id='word_1_26' title='bbox 1115 531 1143 583; x_wconf 98' lang='lat'><strong>6</strong></span> <span class='ocrx_word' id='word_1_27' title='bbox 1175 530 1318 596; x_wconf 92' lang='grc' dir='ltr'>νοῦς,</span> <span class='ocrx_word' id='word_1_28' title='bbox 1354 531 1543 601; x_wconf 84' lang='grc' dir='ltr'>ὥσπερ</span> <span class='ocrx_word' id='word_1_29' title='bbox 1591 533 1656 601; x_wconf 82' lang='grc' dir='ltr'>δὴ</span> <span class='ocrx_word' id='word_1_30' title='bbox 1687 534 1782 585; x_wconf 76' lang='grc' dir='ltr'>καὶ</span> <span class='ocrx_word' id='word_1_31' title='bbox 1812 535 1945 597; x_wconf 81' lang='grc' dir='ltr'>νοεῖ,</span> 
     </span>
    </p>
   </div>
   <div class='ocr_carea' id='block_1_7' title="bbox 370 620 1944 693">
    <p class='ocr_par' dir='ltr' id='par_1_7' title="bbox 370 620 1944 693">
     <span class='ocr_line' id='line_1_7' title="bbox 370 620 1944 693; baseline 0.001 -20"><span class='ocrx_word' id='word_1_32' title='bbox 370 622 470 674; x_wconf 71' lang='grc' dir='ltr'><strong>καὶ</strong></span> <span class='ocrx_word' id='word_1_33' title='bbox 506 620 568 672; x_wconf 78' lang='grc' dir='ltr'><strong>τὸ</strong></span> <span class='ocrx_word' id='word_1_34' title='bbox 599 620 800 673; x_wconf 74' lang='grc' dir='ltr'>οἰκεῖον</span> <span class='ocrx_word' id='word_1_35' title='bbox 826 620 1028 688; x_wconf 77' lang='grc' dir='ltr'>ἀγαθὸν</span> <span class='ocrx_word' id='word_1_36' title='bbox 1057 620 1224 687; x_wconf 87' lang='grc' dir='ltr'>θέλει,</span> <span class='ocrx_word' id='word_1_37' title='bbox 1252 622 1377 674; x_wconf 76' lang='grc' dir='ltr'>ἐπεὶ</span> <span class='ocrx_word' id='word_1_38' title='bbox 1400 623 1536 692; x_wconf 78' lang='grc' dir='ltr'>πρὸς</span> <span class='ocrx_word' id='word_1_39' title='bbox 1564 622 1624 675; x_wconf 80' lang='grc' dir='ltr'><strong>τὸ</strong></span> <span class='ocrx_word' id='word_1_40' title='bbox 1658 622 1881 693; x_wconf 82' lang='grc' dir='ltr'>θελητὸν</span> <span class='ocrx_word' id='word_1_41' title='bbox 1911 624 1944 693; x_wconf 79' lang='grc' dir='ltr'><strong>ἡ</strong></span> 
     </span>
    </p>
   </div>
   <div class='ocr_carea' id='block_1_8' title="bbox 374 710 1948 780">
    <p class='ocr_par' dir='ltr' id='par_1_8' title="bbox 374 710 1948 780">
     <span class='ocr_line' id='line_1_8' title="bbox 374 710 1948 780; baseline 0.001 -16"><span class='ocrx_word' id='word_1_42' title='bbox 374 711 623 778; x_wconf 82' lang='grc' dir='ltr'>θέλησις,</span> <span class='ocrx_word' id='word_1_43' title='bbox 656 710 731 771; x_wconf 85' lang='grc' dir='ltr'>ὡς</span> <span class='ocrx_word' id='word_1_44' title='bbox 784 711 816 780; x_wconf 79' lang='grc' dir='ltr'>ἡ</span> <span class='ocrx_word' id='word_1_45' title='bbox 860 711 1043 780; x_wconf 78' lang='grc' dir='ltr'>νόησις</span> <span class='ocrx_word' id='word_1_46' title='bbox 1078 712 1214 779; x_wconf 81' lang='grc' dir='ltr'>πρὸς</span> <span class='ocrx_word' id='word_1_47' title='bbox 1259 712 1320 764; x_wconf 83' lang='grc' dir='ltr'><strong>τὸ</strong></span> <span class='ocrx_word' id='word_1_48' title='bbox 1343 714 1533 780; x_wconf 79' lang='grc' dir='ltr'>νοητὸν</span> <span class='ocrx_word' id='word_1_49' title='bbox 1564 713 1821 780; x_wconf 86' lang='grc' dir='ltr'>φέρεται·</span> <span class='ocrx_word' id='word_1_50' title='bbox 1854 714 1948 765; x_wconf 60' lang='grc' dir='ltr'><strong>καὶ</strong></span> 
     </span>
    </p>
   </div>
   <div class='ocr_carea' id='block_1_9' title="bbox 374 798 1946 870">
    <p class='ocr_par' dir='ltr' id='par_1_9' title="bbox 374 798 1946 870">
     <span class='ocr_line' id='line_1_9' title="bbox 374 798 1946 870; baseline 0.003 -20"><span class='ocrx_word' id='word_1_51' title='bbox 374 798 455 859; x_wconf 87' lang='grc' dir='ltr'>ὡς</span> <span class='ocrx_word' id='word_1_52' title='bbox 481 800 599 849; x_wconf 76' lang='grc' dir='ltr'>ἐκεῖ</span> <span class='ocrx_word' id='word_1_53' title='bbox 621 798 809 867; x_wconf 85' lang='grc' dir='ltr'>νοητόν</span> <span class='ocrx_word' id='word_1_54' title='bbox 838 799 955 851; x_wconf 80' lang='grc' dir='ltr'>ἐστι</span> <span class='ocrx_word' id='word_1_55' title='bbox 988 800 1239 868; x_wconf 82' lang='grc' dir='ltr'>τάληθὲς,</span> <span class='ocrx_word' id='word_1_56' title='bbox 1277 800 1420 870; x_wconf 79' lang='grc' dir='ltr'>οῦτω</span> <span class='ocrx_word' id='word_1_57' title='bbox 1461 801 1685 870; x_wconf 78' lang='grc' dir='ltr'>θελητὸν</span> <span class='ocrx_word' id='word_1_58' title='bbox 1712 802 1946 855; x_wconf 82' lang='grc' dir='ltr'>ἐνταῦθα</span> 
     </span>
    </p>
   </div>
   <div class='ocr_carea' id='block_1_10' title="bbox 375 883 1951 958">
    <p class='ocr_par' dir='ltr' id='par_1_10' title="bbox 375 883 1951 958">
     <span class='ocr_line' id='line_1_10' title="bbox 375 883 1951 958; baseline 0.004 -20"><span class='ocrx_word' id='word_1_59' title='bbox 375 886 440 939; x_wconf 83' lang='grc' dir='ltr'><strong>τὸ</strong></span> <span class='ocrx_word' id='word_1_60' title='bbox 470 886 695 953; x_wconf 86' lang='grc' dir='ltr'>ἀγαθόν.</span> <span class='ocrx_word' id='word_1_61' title='bbox 735 887 827 949; x_wconf 85' lang='grc' dir='ltr'>Ὠς</span> <span class='ocrx_word' id='word_1_62' title='bbox 875 883 968 940; x_wconf 79' lang='grc' dir='ltr'><strong>οὖν</strong></span> <span class='ocrx_word' id='word_1_63' title='bbox 994 890 1053 941; x_wconf 86' lang='grc' dir='ltr'><strong>τὸ</strong></span> <span class='ocrx_word' id='word_1_64' title='bbox 1091 891 1291 944; x_wconf 85' lang='grc' dir='ltr'>οίκεϊον</span> <span class='ocrx_word' id='word_1_65' title='bbox 1318 891 1522 958; x_wconf 85' lang='grc' dir='ltr'>ἀγαθὸν</span> <span class='ocrx_word' id='word_1_66' title='bbox 1569 894 1737 945; x_wconf 82' lang='grc' dir='ltr'>θέλων</span> <span class='ocrx_word' id='word_1_67' title='bbox 1765 895 1792 945; x_wconf 88' lang='lat'><strong>6</strong></span> <span class='ocrx_word' id='word_1_68' title='bbox 1828 893 1951 955; x_wconf 82' lang='grc' dir='ltr'>νοῦς</span> 
     </span>
    </p>
   </div>
   <div class='ocr_carea' id='block_1_11' title="bbox 377 973 1949 1047">
    <p class='ocr_par' dir='ltr' id='par_1_11' title="bbox 377 973 1949 1047">
     <span class='ocr_line' id='line_1_11' title="bbox 377 973 1949 1047; baseline 0.007 -23"><span class='ocrx_word' id='word_1_69' title='bbox 377 973 489 1024; x_wconf 87' lang='grc' dir='ltr'>νοεῖ</span> <span class='ocrx_word' id='word_1_70' title='bbox 520 974 612 1024; x_wconf 69' lang='grc' dir='ltr'><strong>καὶ</strong></span> <span class='ocrx_word' id='word_1_71' title='bbox 643 973 832 1035; x_wconf 80' lang='grc' dir='ltr'><strong>θέλων,</strong></span> <span class='ocrx_word' id='word_1_72' title='bbox 867 979 942 1037; x_wconf 83' lang='grc' dir='ltr'>ὡς</span> <span class='ocrx_word' id='word_1_73' title='bbox 970 978 1204 1047; x_wconf 72' lang='grc' dir='ltr'>εἴρηται,</span> <span class='ocrx_word' id='word_1_74' title='bbox 1244 980 1523 1033; x_wconf 75' lang='grc' dir='ltr'><strong>τελείωσιν</strong></span> <span class='ocrx_word' id='word_1_75' title='bbox 1565 982 1723 1045; x_wconf 77' lang='grc' dir='ltr'>εἰδὼς</span> <span class='ocrx_word' id='word_1_76' title='bbox 1753 982 1949 1035; x_wconf 69' lang='grc' dir='ltr'>ἑαυτοῦ</span> 
     </span>
    </p>
   </div>
   <div class='ocr_carea' id='block_1_12' title="bbox 377 1059 1949 1143">
    <p class='ocr_par' dir='ltr' id='par_1_12' title="bbox 377 1059 1949 1143">
     <span class='ocr_line' id='line_1_12' title="bbox 377 1059 1949 1143; baseline 0.009 -31"><span class='ocrx_word' id='word_1_77' title='bbox 377 1065 477 1131; x_wconf 75' lang='grc' dir='ltr'>τὴν</span> <span class='ocrx_word' id='word_1_78' title='bbox 514 1062 698 1131; x_wconf 83' lang='grc' dir='ltr'>νόησιν</span> <span class='ocrx_word' id='word_1_79' title='bbox 727 1059 928 1117; x_wconf 80' lang='grc' dir='ltr'>οὖσαν·</span> <span class='ocrx_word' id='word_1_80' title='bbox 977 1067 1233 1121; x_wconf 79' lang='grc' dir='ltr'>διατείνει</span> <span class='ocrx_word' id='word_1_81' title='bbox 1290 1070 1388 1139; x_wconf 81' lang='grc' dir='ltr'>μὲν</span> <span class='ocrx_word' id='word_1_82' title='bbox 1444 1068 1536 1125; x_wconf 78' lang='grc' dir='ltr'>οὖν</span> <span class='ocrx_word' id='word_1_83' title='bbox 1585 1074 1810 1143; x_wconf 84' lang='grc' dir='ltr'>ήνοερὰ</span> <span class='ocrx_word' id='word_1_84' title='bbox 1855 1071 1949 1126; x_wconf 86' lang='grc' dir='ltr'><strong>τοῦ</strong></span> 
     </span>
    </p>
   </div>
   <div class='ocr_carea' id='block_1_13' title="bbox 380 1150 1948 1225">
    <p class='ocr_par' dir='ltr' id='par_1_13' title="bbox 380 1150 1948 1225">
     <span class='ocr_line' id='line_1_13' title="bbox 380 1150 1948 1225; baseline 0.007 -24"><span class='ocrx_word' id='word_1_85' title='bbox 380 1150 667 1219; x_wconf 83' lang='grc' dir='ltr'>ἀνθρώπου</span> <span class='ocrx_word' id='word_1_86' title='bbox 698 1150 915 1222; x_wconf 88' lang='grc' dir='ltr'>θέλησις</span> <span class='ocrx_word' id='word_1_87' title='bbox 944 1155 1037 1207; x_wconf 77' lang='grc' dir='ltr'><strong>καὶ</strong></span> <span class='ocrx_word' id='word_1_88' title='bbox 1076 1157 1213 1225; x_wconf 84' lang='grc' dir='ltr'>πρὸς</span> <span class='ocrx_word' id='word_1_89' title='bbox 1236 1159 1399 1212; x_wconf 79' lang='grc' dir='ltr'>αὐτὸν</span> <span class='ocrx_word' id='word_1_90' title='bbox 1429 1160 1521 1213; x_wconf 84' lang='grc' dir='ltr'><strong>τὸν</strong></span> <span class='ocrx_word' id='word_1_91' title='bbox 1553 1160 1777 1214; x_wconf 77' lang='grc' dir='ltr'>νοοῦντα.</span> <span class='ocrx_word' id='word_1_92' title='bbox 1799 1160 1948 1225; x_wconf 91' lang='grc' dir='ltr'>νοῦν,</span> 
     </span>
    </p>
   </div>
   <div class='ocr_carea' id='block_1_14' title="bbox 379 1241 1949 1322">
    <p class='ocr_par' dir='ltr' id='par_1_14' title="bbox 379 1241 1949 1322">
     <span class='ocr_line' id='line_1_14' title="bbox 379 1241 1949 1322; baseline 0.007 -28"><span class='ocrx_word' id='word_1_93' title='bbox 379 1241 521 1294; x_wconf 74' lang='grc' dir='ltr'><strong>ἀλλὰ</strong></span> <span class='ocrx_word' id='word_1_94' title='bbox 556 1242 791 1310; x_wconf 79' lang='grc' dir='ltr'>μάλιστα</span> <span class='ocrx_word' id='word_1_95' title='bbox 836 1247 975 1314; x_wconf 83' lang='grc' dir='ltr'>πρὸς</span> <span class='ocrx_word' id='word_1_96' title='bbox 1021 1246 1089 1299; x_wconf 80' lang='grc' dir='ltr'><strong>τά</strong></span> <span class='ocrx_word' id='word_1_97' title='bbox 1120 1247 1254 1317; x_wconf 79' lang='grc' dir='ltr'>ἔργα</span> <span class='ocrx_word' id='word_1_98' title='bbox 1303 1250 1466 1303; x_wconf 81' lang='grc' dir='ltr'>αὑτοῦ</span> <span class='ocrx_word' id='word_1_99' title='bbox 1523 1250 1619 1303; x_wconf 67' lang='grc' dir='ltr'><strong>καλ¹</strong></span> <span class='ocrx_word' id='word_1_100' title='bbox 1670 1254 1949 1322; x_wconf 84' lang='grc' dir='ltr'>ποιήματα</span> 
     </span>
    </p>
   </div>
   <div class='ocr_carea' id='block_1_15' title="bbox 377 1329 1952 1412">
    <p class='ocr_par' dir='ltr' id='par_1_15' title="bbox 377 1329 1952 1412">
     <span class='ocr_line' id='line_1_15' title="bbox 377 1329 1952 1412; baseline 0.01 -28"><span class='ocrx_word' id='word_1_101' title='bbox 377 1329 658 1397; x_wconf 75' lang='grc' dir='ltr'>διατείνει,</span> <span class='ocrx_word' id='word_1_102' title='bbox 686 1336 786 1387; x_wconf 84' lang='grc' dir='ltr'><strong>κάν</strong></span> <span class='ocrx_word' id='word_1_103' title='bbox 815 1334 1022 1401; x_wconf 76' lang='grc' dir='ltr'>τούτοις</span> <span class='ocrx_word' id='word_1_104' title='bbox 1053 1338 1292 1407; x_wconf 86' lang='grc' dir='ltr'>μάλιστα</span> <span class='ocrx_word' id='word_1_105' title='bbox 1340 1342 1574 1412; x_wconf 78' lang='grc' dir='ltr'>ἐνεργεῖ,</span> <span class='ocrx_word' id='word_1_106' title='bbox 1607 1344 1709 1397; x_wconf 87' lang='grc' dir='ltr'><strong>κάν</strong></span> <span class='ocrx_word' id='word_1_107' title='bbox 1741 1345 1952 1408; x_wconf 79' lang='grc' dir='ltr'>τούτοις</span> 
     </span>
    </p>
   </div>
   <div class='ocr_carea' id='block_1_16' title="bbox 290 1424 1014 1493">
    <p class='ocr_par' dir='ltr' id='par_1_16' title="bbox 290 1424 1014 1493">
     <span class='ocr_line' id='line_1_16' title="bbox 290 1424 1014 1493; baseline 0.008 -19"><span class='ocrx_word' id='word_1_108' title='bbox 290 1484 301 1487; x_wconf 23' lang='grc' dir='ltr'><strong>ν</strong></span> <span class='ocrx_word' id='word_1_109' title='bbox 385 1424 627 1490; x_wconf 85' lang='grc' dir='ltr'>μάλιστα</span> <span class='ocrx_word' id='word_1_110' title='bbox 655 1426 1014 1493; x_wconf 79' lang='grc' dir='ltr'>διαφαίνεται.</span> 
     </span>
    </p>
   </div>
   <div class='ocr_carea' id='block_1_17' title="bbox 458 1515 1957 1597">
    <p class='ocr_par' dir='ltr' id='par_1_17' title="bbox 458 1515 1957 1597">
     <span class='ocr_line' id='line_1_17' title="bbox 458 1515 1957 1597; baseline 0.005 -29"><span class='ocrx_word' id='word_1_111' title='bbox 458 1515 533 1568; x_wconf 85' lang='grc' dir='ltr'>Τὸ</span> <span class='ocrx_word' id='word_1_112' title='bbox 556 1516 654 1584; x_wconf 77' lang='grc' dir='ltr'><strong>μὲν</strong></span> <span class='ocrx_word' id='word_1_113' title='bbox 686 1516 779 1569; x_wconf 84' lang='grc' dir='ltr'><strong>οῦν</strong></span> <span class='ocrx_word' id='word_1_114' title='bbox 807 1519 1145 1589; x_wconf 82' lang='grc' dir='ltr'>ἀνθρώπειον</span> <span class='ocrx_word' id='word_1_115' title='bbox 1168 1525 1357 1591; x_wconf 87' lang='grc' dir='ltr'>χρῆμα</span> <span class='ocrx_word' id='word_1_116' title='bbox 1384 1523 1625 1578; x_wconf 82' lang='grc' dir='ltr'>τοιοῦτον</span> <span class='ocrx_word' id='word_1_117' title='bbox 1654 1526 1957 1597; x_wconf 76' lang='grc' dir='ltr'>συλλήδδην</span> 
     </span>
    </p>
   </div>
   <div class='ocr_carea' id='block_1_18' title="bbox 384 1608 1960 1684">
    <p class='ocr_par' dir='ltr' id='par_1_18' title="bbox 384 1608 1960 1684">
     <span class='ocr_line' id='line_1_18' title="bbox 384 1608 1960 1684; baseline 0.009 -25"><span class='ocrx_word' id='word_1_118' title='bbox 384 1608 602 1660; x_wconf 81' lang='grc' dir='ltr'>εἰπεῖν·</span> <span class='ocrx_word' id='word_1_119' title='bbox 664 1610 857 1662; x_wconf 82' lang='grc' dir='ltr'>πολλοῦ</span> <span class='ocrx_word' id='word_1_120' title='bbox 915 1611 1024 1683; x_wconf 81' lang='grc' dir='ltr'>γὰρ</span> <span class='ocrx_word' id='word_1_121' title='bbox 1084 1613 1251 1667; x_wconf 88' lang='grc' dir='ltr'>ταῦτα</span> <span class='ocrx_word' id='word_1_122' title='bbox 1316 1618 1478 1684; x_wconf 81' lang='grc' dir='ltr'>γέμει</span> <span class='ocrx_word' id='word_1_123' title='bbox 1548 1618 1641 1671; x_wconf 87' lang='grc' dir='ltr'><strong>τοῦ</strong></span> <span class='ocrx_word' id='word_1_124' title='bbox 1718 1620 1960 1682; x_wconf 80' lang='grc' dir='ltr'>πλάτους</span> 
     </span>
    </p>
   </div>
   <div class='ocr_carea' id='block_1_19' title="bbox 386 1697 1957 1778">
    <p class='ocr_par' dir='ltr' id='par_1_19' title="bbox 386 1697 1957 1778">
     <span class='ocr_line' id='line_1_19' title="bbox 386 1697 1957 1778; baseline 0.011 -30"><span class='ocrx_word' id='word_1_125' title='bbox 386 1697 668 1767; x_wconf 76' lang='grc' dir='ltr'>προῦργου</span> <span class='ocrx_word' id='word_1_126' title='bbox 716 1701 1083 1770; x_wconf 81' lang='grc' dir='ltr'>σκοπούμενα,</span> <span class='ocrx_word' id='word_1_127' title='bbox 1133 1707 1225 1758; x_wconf 76' lang='grc' dir='ltr'>καὶ</span> <span class='ocrx_word' id='word_1_128' title='bbox 1262 1707 1500 1769; x_wconf 85' lang='grc' dir='ltr'>τοιοῦτος</span> <span class='ocrx_word' id='word_1_129' title='bbox 1546 1710 1575 1760; x_wconf 94' lang='lat'><strong>6</strong></span> <span class='ocrx_word' id='word_1_130' title='bbox 1611 1710 1957 1778; x_wconf 81' lang='grc' dir='ltr'>ἀνθρώπινος</span> 
     </span>
    </p>
   </div>
   <div class='ocr_carea' id='block_1_20' title="bbox 2054 529 3641 607">
    <p class='ocr_par' dir='ltr' id='par_1_20' title="bbox 2054 529 3641 607">
     <span class='ocr_line' id='line_1_20' title="bbox 2054 529 3641 607; baseline 0.006 -24"><span class='ocrx_word' id='word_1_131' title='bbox 2054 530 2217 583; x_wconf 88' lang='lat' dir='ltr'><strong>etiam</strong></span> <span class='ocrx_word' id='word_1_132' title='bbox 2278 529 2343 582; x_wconf 88' lang='lat' dir='ltr'><strong>ad</strong></span> <span class='ocrx_word' id='word_1_133' title='bbox 2390 534 2640 585; x_wconf 87' lang='lat' dir='ltr'><strong>eumdem</strong></span> <span class='ocrx_word' id='word_1_134' title='bbox 2695 534 3052 588; x_wconf 86' lang='lat' dir='ltr'><strong>intellectum.</strong></span> <span class='ocrx_word' id='word_1_135' title='bbox 3088 534 3452 607; x_wconf 89' lang='lat' dir='ltr'><strong>Semetipsum</strong></span> <span class='ocrx_word' id='word_1_136' title='bbox 3496 541 3641 594; x_wconf 82' lang='lat' dir='ltr'><strong>enim</strong></span> 
     </span>
    </p>
   </div>
   <div class='ocr_carea' id='block_1_21' title="bbox 2054 619 3642 697">
    <p class='ocr_par' dir='ltr' id='par_1_21' title="bbox 2054 619 3642 697">
     <span class='ocr_line' id='line_1_21' title="bbox 2054 619 3642 697; baseline 0.005 -24"><span class='ocrx_word' id='word_1_137' title='bbox 2054 619 2170 673; x_wconf 91' lang='lat' dir='ltr'><strong>vult</strong></span> <span class='ocrx_word' id='word_1_138' title='bbox 2202 620 2509 676; x_wconf 81' lang='lat' dir='ltr'><strong>intellectus</strong></span> <span class='ocrx_word' id='word_1_139' title='bbox 2542 622 2687 677; x_wconf 93' lang='lat' dir='ltr'><strong>sicut</strong></span> <span class='ocrx_word' id='word_1_140' title='bbox 2735 633 2790 677; x_wconf 90' lang='lat' dir='ltr'><strong>et</strong></span> <span class='ocrx_word' id='word_1_141' title='bbox 2835 627 2985 680; x_wconf 86' lang='lat' dir='ltr'><strong>novit</strong></span> <span class='ocrx_word' id='word_1_142' title='bbox 3044 634 3099 681; x_wconf 86' lang='lat' dir='ltr'><strong>et</strong></span> <span class='ocrx_word' id='word_1_143' title='bbox 3154 629 3459 697; x_wconf 76' lang='lat' dir='ltr'><strong>preprium,</strong></span> <span class='ocrx_word' id='word_1_144' title='bbox 3527 632 3642 683; x_wconf 84' lang='lat' dir='ltr'><strong>vult</strong></span> 
     </span>
    </p>
   </div>
   <div class='ocr_carea' id='block_1_22' title="bbox 2056 709 3644 779">
    <p class='ocr_par' dir='ltr' id='par_1_22' title="bbox 2056 709 3644 779">
     <span class='ocr_line' id='line_1_22' title="bbox 2056 709 3644 779; baseline 0.006 -16"><span class='ocrx_word' id='word_1_145' title='bbox 2056 709 2293 776; x_wconf 83' lang='lat' dir='ltr'><strong>bonum;</strong></span> <span class='ocrx_word' id='word_1_146' title='bbox 2322 710 2593 779; x_wconf 83' lang='lat' dir='ltr'><strong>siquidem</strong></span> <span class='ocrx_word' id='word_1_147' title='bbox 2631 713 2881 767; x_wconf 75' lang='lat' dir='ltr'><strong>voluntas</strong></span> <span class='ocrx_word' id='word_1_148' title='bbox 2933 716 3001 768; x_wconf 84' lang='lat' dir='ltr'><strong>ad</strong></span> <span class='ocrx_word' id='word_1_149' title='bbox 3050 718 3416 771; x_wconf 81' lang='lat' dir='ltr'><strong>voluntarium</strong></span> <span class='ocrx_word' id='word_1_150' title='bbox 3473 719 3644 775; x_wconf 82' lang='lat' dir='ltr'><strong>fertur</strong></span> 
     </span>
    </p>
   </div>
   <div class='ocr_carea' id='block_1_23' title="bbox 2056 799 3647 872">
    <p class='ocr_par' dir='ltr' id='par_1_23' title="bbox 2056 799 3647 872">
     <span class='ocr_line' id='line_1_23' title="bbox 2056 799 3647 872; baseline 0.004 -18"><span class='ocrx_word' id='word_1_151' title='bbox 2056 800 2199 854; x_wconf 87' lang='lat' dir='ltr'><strong>sicut</strong></span> <span class='ocrx_word' id='word_1_152' title='bbox 2225 799 2542 855; x_wconf 84' lang='lat' dir='ltr'><strong>intellectus</strong></span> <span class='ocrx_word' id='word_1_153' title='bbox 2571 806 2635 855; x_wconf 87' lang='lat' dir='ltr'><strong>ad</strong></span> <span class='ocrx_word' id='word_1_154' title='bbox 2661 802 3024 872; x_wconf 83' lang='lat' dir='ltr'><strong>intelligihile.</strong></span> <span class='ocrx_word' id='word_1_155' title='bbox 3059 805 3219 872; x_wconf 86' lang='lat' dir='ltr'><strong>Atqui</strong></span> <span class='ocrx_word' id='word_1_156' title='bbox 3248 814 3305 859; x_wconf 89' lang='lat' dir='ltr'><strong>ut</strong></span> <span class='ocrx_word' id='word_1_157' title='bbox 3352 808 3463 860; x_wconf 90' lang='lat' dir='ltr'><strong>illic</strong></span> <span class='ocrx_word' id='word_1_158' title='bbox 3490 810 3647 862; x_wconf 81' lang='lat' dir='ltr'><strong>intel-</strong></span> 
     </span>
    </p>
   </div>
   <div class='ocr_carea' id='block_1_24' title="bbox 2059 891 3639 960">
    <p class='ocr_par' dir='ltr' id='par_1_24' title="bbox 2059 891 3639 960">
     <span class='ocr_line' id='line_1_24' title="bbox 2059 891 3639 960; baseline 0.003 -17"><span class='ocrx_word' id='word_1_159' title='bbox 2059 891 2268 960; x_wconf 76' lang='lat' dir='ltr'><strong>ligibile</strong></span> <span class='ocrx_word' id='word_1_160' title='bbox 2300 900 2385 944; x_wconf 77' lang='lat' dir='ltr'><strong>est</strong></span> <span class='ocrx_word' id='word_1_161' title='bbox 2426 907 2637 955; x_wconf 83' lang='lat' dir='ltr'><strong>verum,</strong></span> <span class='ocrx_word' id='word_1_162' title='bbox 2671 893 2739 946; x_wconf 90' lang='lat' dir='ltr'><strong>ita</strong></span> <span class='ocrx_word' id='word_1_163' title='bbox 2781 904 2835 947; x_wconf 91' lang='lat' dir='ltr'><strong>et</strong></span> <span class='ocrx_word' id='word_1_164' title='bbox 2870 895 2956 947; x_wconf 81' lang='lat' dir='ltr'><strong>hic</strong></span> <span class='ocrx_word' id='word_1_165' title='bbox 3021 895 3383 948; x_wconf 83' lang='lat' dir='ltr'><strong>voluntarium</strong></span> <span class='ocrx_word' id='word_1_166' title='bbox 3439 900 3639 950; x_wconf 78' lang='lat' dir='ltr'><strong>bonum</strong></span> 
     </span>
    </p>
   </div>
   <div class='ocr_carea' id='block_1_25' title="bbox 2060 979 3648 1050">
    <p class='ocr_par' dir='ltr' id='par_1_25' title="bbox 2060 979 3648 1050">
     <span class='ocr_line' id='line_1_25' title="bbox 2060 979 3648 1050; baseline 0.003 -18"><span class='ocrx_word' id='word_1_167' title='bbox 2060 989 2167 1032; x_wconf 88' lang='lat' dir='ltr'><strong>est.</strong></span> <span class='ocrx_word' id='word_1_168' title='bbox 2200 979 2483 1048; x_wconf 82' lang='lat' dir='ltr'><strong>Tanquam</strong></span> <span class='ocrx_word' id='word_1_169' title='bbox 2517 981 2683 1048; x_wconf 80' lang='lat' dir='ltr'><strong>igitur</strong></span> <span class='ocrx_word' id='word_1_170' title='bbox 2722 984 2999 1050; x_wconf 87' lang='lat' dir='ltr'><strong>proprium</strong></span> <span class='ocrx_word' id='word_1_171' title='bbox 3033 983 3235 1036; x_wconf 81' lang='lat' dir='ltr'><strong>bonum</strong></span> <span class='ocrx_word' id='word_1_172' title='bbox 3270 985 3456 1039; x_wconf 81' lang='lat' dir='ltr'><strong>volens</strong></span> <span class='ocrx_word' id='word_1_173' title='bbox 3492 988 3648 1039; x_wconf 86' lang='lat' dir='ltr'><strong>intel—</strong></span> 
     </span>
    </p>
   </div>
   <div class='ocr_carea' id='block_1_26' title="bbox 2055 1069 3650 1147">
    <p class='ocr_par' dir='ltr' id='par_1_26' title="bbox 2055 1069 3650 1147">
     <span class='ocr_line' id='line_1_26' title="bbox 2055 1069 3650 1147; baseline 0.004 -24"><span class='ocrx_word' id='word_1_174' title='bbox 2055 1069 2229 1123; x_wconf 84' lang='lat' dir='ltr'><strong>lectus</strong></span> <span class='ocrx_word' id='word_1_175' title='bbox 2248 1071 2444 1140; x_wconf 84' lang='lat' dir='ltr'><strong>(sese?)</strong></span> <span class='ocrx_word' id='word_1_176' title='bbox 2468 1072 2615 1126; x_wconf 86' lang='lat' dir='ltr'><strong>novit</strong></span> <span class='ocrx_word' id='word_1_177' title='bbox 2630 1084 2683 1127; x_wconf 92' lang='lat' dir='ltr'><strong>et</strong></span> <span class='ocrx_word' id='word_1_178' title='bbox 2704 1074 2835 1136; x_wconf 86' lang='lat' dir='ltr'><strong>vult,</strong></span> <span class='ocrx_word' id='word_1_179' title='bbox 2854 1075 2995 1127; x_wconf 88' lang='lat' dir='ltr'><strong>sicut</strong></span> <span class='ocrx_word' id='word_1_180' title='bbox 3014 1075 3218 1128; x_wconf 80' lang='lat' dir='ltr'><strong>dictum</strong></span> <span class='ocrx_word' id='word_1_181' title='bbox 3240 1087 3340 1137; x_wconf 86' lang='lat' dir='ltr'><strong>est,</strong></span> <span class='ocrx_word' id='word_1_182' title='bbox 3362 1078 3508 1131; x_wconf 86' lang='lat' dir='ltr'><strong>scius</strong></span> <span class='ocrx_word' id='word_1_183' title='bbox 3528 1092 3650 1147; x_wconf 82' lang='lat' dir='ltr'><strong>pcr-</strong></span> 
     </span>
    </p>
   </div>
   <div class='ocr_carea' id='block_1_27' title="bbox 2059 1158 3647 1232">
    <p class='ocr_par' dir='ltr' id='par_1_27' title="bbox 2059 1158 3647 1232">
     <span class='ocr_line' id='line_1_27' title="bbox 2059 1158 3647 1232; baseline 0.005 -21"><span class='ocrx_word' id='word_1_184' title='bbox 2059 1158 2515 1218; x_wconf 81' lang='lat' dir='ltr'><strong>fectionemlsuam</strong></span> <span class='ocrx_word' id='word_1_185' title='bbox 2530 1164 3097 1232; x_wconf 83' lang='lat' dir='ltr'><strong>esseintelligentiam.</strong></span> <span class='ocrx_word' id='word_1_186' title='bbox 3117 1166 3284 1219; x_wconf 81' lang='lat' dir='ltr'><strong>Porro</strong></span> <span class='ocrx_word' id='word_1_187' title='bbox 3300 1166 3647 1220; x_wconf 84' lang='lat' dir='ltr'><strong>teuditetiam</strong></span> 
     </span>
    </p>
   </div>
   <div class='ocr_carea' id='block_1_28' title="bbox 2060 1250 3647 1327">
    <p class='ocr_par' dir='ltr' id='par_1_28' title="bbox 2060 1250 3647 1327">
     <span class='ocr_line' id='line_1_28' title="bbox 2060 1250 3647 1327; baseline 0.006 -24"><span class='ocrx_word' id='word_1_188' title='bbox 2060 1250 2363 1322; x_wconf 77' lang='lat' dir='ltr'><strong>intelligens</strong></span> <span class='ocrx_word' id='word_1_189' title='bbox 2395 1255 2628 1309; x_wconf 85' lang='lat' dir='ltr'><strong>hominis</strong></span> <span class='ocrx_word' id='word_1_190' title='bbox 2660 1258 2913 1311; x_wconf 74' lang='lat' dir='ltr'><strong>voluntas</strong></span> <span class='ocrx_word' id='word_1_191' title='bbox 2962 1256 3026 1310; x_wconf 87' lang='lat' dir='ltr'><strong>ad</strong></span> <span class='ocrx_word' id='word_1_192' title='bbox 3084 1258 3260 1325; x_wconf 81' lang='lat' dir='ltr'><strong>ipsum</strong></span> <span class='ocrx_word' id='word_1_193' title='bbox 3311 1273 3647 1327; x_wconf 83' lang='lat' dir='ltr'><strong>cognoscen-</strong></span> 
     </span>
    </p>
   </div>
   <div class='ocr_carea' id='block_1_29' title="bbox 2062 1346 3643 1427">
    <p class='ocr_par' dir='ltr' id='par_1_29' title="bbox 2062 1346 3643 1427">
     <span class='ocr_line' id='line_1_29' title="bbox 2062 1346 3643 1427; baseline 0.005 -32"><span class='ocrx_word' id='word_1_194' title='bbox 2062 1351 2165 1395; x_wconf 91' lang='lat' dir='ltr'><strong>tem</strong></span> <span class='ocrx_word' id='word_1_195' title='bbox 2190 1346 2548 1409; x_wconf 86' lang='lat' dir='ltr'><strong>intellectum,</strong></span> <span class='ocrx_word' id='word_1_196' title='bbox 2571 1347 2663 1400; x_wconf 90' lang='lat' dir='ltr'><strong>sed</strong></span> <span class='ocrx_word' id='word_1_197' title='bbox 2686 1347 2983 1415; x_wconf 69' lang='lat' dir='ltr'><strong>priesertim</strong></span> <span class='ocrx_word' id='word_1_198' title='bbox 3010 1348 3074 1399; x_wconf 83' lang='lat' dir='ltr'><strong>ad</strong></span> <span class='ocrx_word' id='word_1_199' title='bbox 3102 1358 3253 1401; x_wconf 86' lang='lat' dir='ltr'><strong>actus</strong></span> <span class='ocrx_word' id='word_1_200' title='bbox 3268 1360 3321 1401; x_wconf 87' lang='lat' dir='ltr'><strong>et</strong></span> <span class='ocrx_word' id='word_1_201' title='bbox 3341 1365 3498 1418; x_wconf 82' lang='lat' dir='ltr'><strong>opera</strong></span> <span class='ocrx_word' id='word_1_202' title='bbox 3523 1365 3643 1427; x_wconf 59' lang='lat' dir='ltr'><strong>sua,</strong></span> 
     </span>
    </p>
   </div>
   <div class='ocr_carea' id='block_1_30' title="bbox 2060 1432 3639 1505">
    <p class='ocr_par' dir='ltr' id='par_1_30' title="bbox 2060 1432 3639 1505">
     <span class='ocr_line' id='line_1_30' title="bbox 2060 1432 3639 1505; baseline 0.004 -25"><span class='ocrx_word' id='word_1_203' title='bbox 2060 1432 2291 1496; x_wconf 83' lang='lat' dir='ltr'><strong>atquein</strong></span> <span class='ocrx_word' id='word_1_204' title='bbox 2311 1432 2412 1486; x_wconf 87' lang='lat' dir='ltr'><strong>illis</strong></span> <span class='ocrx_word' id='word_1_205' title='bbox 2439 1433 2774 1499; x_wconf 85' lang='lat' dir='ltr'><strong>potissimum</strong></span> <span class='ocrx_word' id='word_1_206' title='bbox 2802 1435 2909 1502; x_wconf 82' lang='lat' dir='ltr'><strong>agit</strong></span> <span class='ocrx_word' id='word_1_207' title='bbox 2932 1444 2983 1487; x_wconf 89' lang='lat' dir='ltr'><strong>et</strong></span> <span class='ocrx_word' id='word_1_208' title='bbox 3005 1436 3353 1503; x_wconf 83' lang='lat' dir='ltr'><strong>potissimum</strong></span> <span class='ocrx_word' id='word_1_209' title='bbox 3392 1449 3639 1505; x_wconf 79' lang='lat' dir='ltr'><strong>apparet.</strong></span> 
     </span>
    </p>
   </div>
   <div class='ocr_carea' id='block_1_31' title="bbox 2135 1521 3642 1590">
    <p class='ocr_par' dir='ltr' id='par_1_31' title="bbox 2135 1521 3642 1590">
     <span class='ocr_line' id='line_1_31' title="bbox 2135 1521 3642 1590; baseline 0.005 -19"><span class='ocrx_word' id='word_1_210' title='bbox 2135 1521 2340 1574; x_wconf 88' lang='lat' dir='ltr'><strong>idcirco</strong></span> <span class='ocrx_word' id='word_1_211' title='bbox 2370 1523 2633 1590; x_wconf 82' lang='lat' dir='ltr'><strong>quidquid</strong></span> <span class='ocrx_word' id='word_1_212' title='bbox 2665 1527 2732 1577; x_wconf 87' lang='lat' dir='ltr'><strong>de</strong></span> <span class='ocrx_word' id='word_1_213' title='bbox 2792 1524 3013 1579; x_wconf 83' lang='lat' dir='ltr'><strong>homine</strong></span> <span class='ocrx_word' id='word_1_214' title='bbox 3063 1537 3145 1579; x_wconf 88' lang='lat' dir='ltr'><strong>est</strong></span> <span class='ocrx_word' id='word_1_215' title='bbox 3201 1528 3279 1579; x_wconf 90' lang='lat' dir='ltr'><strong>sic</strong></span> <span class='ocrx_word' id='word_1_216' title='bbox 3328 1532 3642 1581; x_wconf 84' lang='lat' dir='ltr'><strong>summatim</strong></span> 
     </span>
    </p>
   </div>
   <div class='ocr_carea' id='block_1_32' title="bbox 2061 1613 3645 1691">
    <p class='ocr_par' dir='ltr' id='par_1_32' title="bbox 2061 1613 3645 1691">
     <span class='ocr_line' id='line_1_32' title="bbox 2061 1613 3645 1691; baseline 0.006 -25"><span class='ocrx_word' id='word_1_217' title='bbox 2061 1613 2368 1682; x_wconf 79' lang='lat' dir='ltr'><strong>colligitur;</strong></span> <span class='ocrx_word' id='word_1_218' title='bbox 2400 1615 2502 1669; x_wconf 88' lang='lat' dir='ltr'><strong>ista</strong></span> <span class='ocrx_word' id='word_1_219' title='bbox 2534 1618 2677 1670; x_wconf 89' lang='lat' dir='ltr'><strong>enim</strong></span> <span class='ocrx_word' id='word_1_220' title='bbox 2726 1617 2863 1671; x_wconf 86' lang='lat' dir='ltr'><strong>scite</strong></span> <span class='ocrx_word' id='word_1_221' title='bbox 2909 1620 3252 1673; x_wconf 73' lang='lat' dir='ltr'><strong>con~ideraza</strong></span> <span class='ocrx_word' id='word_1_222' title='bbox 3310 1622 3477 1674; x_wconf 88' lang='lat' dir='ltr'><strong>multa</strong></span> <span class='ocrx_word' id='word_1_223' title='bbox 3531 1623 3645 1691; x_wconf 88' lang='lat' dir='ltr'><strong>pol-</strong></span> 
     </span>
    </p>
   </div>
   <div class='ocr_carea' id='block_1_33' title="bbox 2066 1703 3646 1774">
    <p class='ocr_par' dir='ltr' id='par_1_33' title="bbox 2066 1703 3646 1774">
     <span class='ocr_line' id='line_1_33' title="bbox 2066 1703 3646 1774; baseline 0.008 -20"><span class='ocrx_word' id='word_1_224' title='bbox 2066 1703 2178 1757; x_wconf 87' lang='lat' dir='ltr'><strong>lent</strong></span> <span class='ocrx_word' id='word_1_225' title='bbox 2218 1706 2611 1774; x_wconf 85' lang='lat' dir='ltr'><strong>amplitudine;</strong></span> <span class='ocrx_word' id='word_1_226' title='bbox 2668 1719 2720 1761; x_wconf 89' lang='lat' dir='ltr'><strong>et</strong></span> <span class='ocrx_word' id='word_1_227' title='bbox 2777 1709 3026 1763; x_wconf 79' lang='lat' dir='ltr'><strong>humanae</strong></span> <span class='ocrx_word' id='word_1_228' title='bbox 3086 1712 3284 1765; x_wconf 82' lang='lat' dir='ltr'><strong>mentis</strong></span> <span class='ocrx_word' id='word_1_229' title='bbox 3344 1714 3481 1765; x_wconf 85' lang='lat' dir='ltr'><strong>ratio</strong></span> <span class='ocrx_word' id='word_1_230' title='bbox 3535 1714 3646 1767; x_wconf 63' lang='lat' dir='ltr'><strong>ha‘c</strong></span> 
     </span>
    </p>
   </div>
   <div class='ocr_carea' id='block_1_34' title="bbox 383 1789 1955 1877">
    <p class='ocr_par' dir='ltr' id='par_1_34' title="bbox 383 1791 1955 1877">
     <span class='ocr_line' id='line_1_34' title="bbox 383 1791 1955 1877; baseline 0.008 -35"><span class='ocrx_word' id='word_1_231' title='bbox 383 1791 528 1852; x_wconf 87' lang='grc' dir='ltr'>νοῦς,</span> <span class='ocrx_word' id='word_1_232' title='bbox 567 1791 642 1860; x_wconf 81' lang='grc' dir='ltr'><strong>νῷ</strong></span> <span class='ocrx_word' id='word_1_233' title='bbox 671 1794 767 1845; x_wconf 71' lang='grc' dir='ltr'><strong>καὶ</strong></span> <span class='ocrx_word' id='word_1_234' title='bbox 794 1794 968 1863; x_wconf 85' lang='grc' dir='ltr'>νοητῷ</span> <span class='ocrx_word' id='word_1_235' title='bbox 995 1794 1140 1866; x_wconf 84' lang='grc' dir='ltr'>λόγῳ</span> <span class='ocrx_word' id='word_1_236' title='bbox 1168 1799 1260 1851; x_wconf 78' lang='grc' dir='ltr'><strong>καὶ</strong></span> <span class='ocrx_word' id='word_1_237' title='bbox 1294 1802 1455 1870; x_wconf 80' lang='grc' dir='ltr'>νοερᾷ</span> <span class='ocrx_word' id='word_1_238' title='bbox 1485 1801 1697 1872; x_wconf 82' lang='grc' dir='ltr'>θελήσει</span> <span class='ocrx_word' id='word_1_239' title='bbox 1729 1806 1761 1877; x_wconf 80' lang='grc' dir='ltr'>ἢ</span> <span class='ocrx_word' id='word_1_240' title='bbox 1789 1804 1955 1875; x_wconf 76' lang='grc' dir='ltr'>νοητῷ</span> 
     </span>
    </p>
   </div>
   <div class='ocr_carea' id='block_1_35' title="bbox 2059 1789 3643 1877">
    <p class='ocr_par' dir='ltr' id='par_1_35' title="bbox 2066 1799 3643 1873">
     <span class='ocr_line' id='line_1_35' title="bbox 2066 1799 3643 1873; baseline 0.006 -24"><span class='ocrx_word' id='word_1_241' title='bbox 2066 1806 2152 1850; x_wconf 90' lang='grc' dir='ltr'><strong>εει</strong></span> <span class='ocrx_word' id='word_1_242' title='bbox 2193 1814 2207 1848; x_wconf 91' lang='lat'><strong>:</strong></span> <span class='ocrx_word' id='word_1_243' title='bbox 2246 1799 2546 1863; x_wconf 82' lang='lat' dir='ltr'><strong>intellectu,</strong></span> <span class='ocrx_word' id='word_1_244' title='bbox 2593 1801 2913 1870; x_wconf 65' lang='lat' dir='ltr'><strong>intelligihili</strong></span> <span class='ocrx_word' id='word_1_245' title='bbox 2949 1804 3158 1857; x_wconf 82' lang='lat' dir='ltr'><strong>ratione</strong></span> <span class='ocrx_word' id='word_1_246' title='bbox 3215 1815 3269 1857; x_wconf 91' lang='lat' dir='ltr'><strong>et</strong></span> <span class='ocrx_word' id='word_1_247' title='bbox 3325 1805 3643 1873; x_wconf 69' lang='lat' dir='ltr'><strong>intciligenti</strong></span> 
     </span>
    </p>
   </div>
   <div class='ocr_carea' id='block_1_36' title="bbox 386 1884 1963 1966">
    <p class='ocr_par' dir='ltr' id='par_1_36' title="bbox 386 1884 1963 1966">
     <span class='ocr_line' id='line_1_36' title="bbox 386 1884 1963 1966; baseline 0.011 -30"><span class='ocrx_word' id='word_1_248' title='bbox 386 1884 590 1952; x_wconf 84' lang='grc' dir='ltr'>μᾶλλον</span> <span class='ocrx_word' id='word_1_249' title='bbox 617 1884 781 1953; x_wconf 72' lang='grc' dir='ltr'>ἔρωτι</span> <span class='ocrx_word' id='word_1_250' title='bbox 816 1887 914 1957; x_wconf 80' lang='grc' dir='ltr'>τὴν</span> <span class='ocrx_word' id='word_1_251' title='bbox 950 1888 1087 1943; x_wconf 85' lang='grc' dir='ltr'>ἰδίαν</span> <span class='ocrx_word' id='word_1_252' title='bbox 1116 1891 1433 1962; x_wconf 80' lang='grc' dir='ltr'>τελειότητα</span> <span class='ocrx_word' id='word_1_253' title='bbox 1459 1896 1598 1966; x_wconf 80' lang='grc' dir='ltr'>ἔχων</span> <span class='ocrx_word' id='word_1_254' title='bbox 1627 1898 1724 1952; x_wconf 78' lang='grc' dir='ltr'>καὶ</span> <span class='ocrx_word' id='word_1_255' title='bbox 1749 1900 1963 1963; x_wconf 82' lang='grc' dir='ltr'>τούτοις</span> 
     </span>
    </p>
   </div>
   <div class='ocr_carea' id='block_1_37' title="bbox 379 1973 1964 2056">
    <p class='ocr_par' dir='ltr' id='par_1_37' title="bbox 379 1973 1964 2056">
     <span class='ocr_line' id='line_1_37' title="bbox 379 1973 1964 2056; baseline 0.013 -32"><span class='ocrx_word' id='word_1_256' title='bbox 379 1973 851 2043; x_wconf 74' lang='grc' dir='ltr'>διαμορφούμενος</span> <span class='ocrx_word' id='word_1_257' title='bbox 882 1980 1084 2047; x_wconf 88' lang='grc' dir='ltr'>νοητῶς</span> <span class='ocrx_word' id='word_1_258' title='bbox 1110 1984 1225 2045; x_wconf 85' lang='grc' dir='ltr'>τοῖς</span> <span class='ocrx_word' id='word_1_259' title='bbox 1262 1987 1443 2053; x_wconf 73' lang='grc' dir='ltr'>τρισὶν</span> <span class='ocrx_word' id='word_1_260' title='bbox 1481 1988 1791 2056; x_wconf 81' lang='grc' dir='ltr'>ίδιώμασιν.</span> <span class='ocrx_word' id='word_1_261' title='bbox 1822 1992 1964 2044; x_wconf 91' lang='grc' dir='ltr'>Ταυ-</span> 
     </span>
    </p>
   </div>
   <div class='ocr_carea' id='block_1_38' title="bbox 383 2061 1963 2148">
    <p class='ocr_par' dir='ltr' id='par_1_38' title="bbox 383 2061 1963 2148">
     <span class='ocr_line' id='line_1_38' title="bbox 383 2061 1963 2148; baseline 0.013 -35"><span class='ocrx_word' id='word_1_262' title='bbox 383 2061 477 2113; x_wconf 81' lang='grc' dir='ltr'><strong>τδν</strong></span> <span class='ocrx_word' id='word_1_263' title='bbox 505 2062 560 2114; x_wconf 74' lang='grc' dir='ltr'><strong>δέ</strong></span> <span class='ocrx_word' id='word_1_264' title='bbox 602 2064 716 2115; x_wconf 79' lang='grc' dir='ltr'>ἐστι</span> <span class='ocrx_word' id='word_1_265' title='bbox 747 2063 871 2117; x_wconf 89' lang='grc' dir='ltr'>νοῦν</span> <span class='ocrx_word' id='word_1_266' title='bbox 918 2067 1260 2138; x_wconf 84' lang='grc' dir='ltr'>ἀνθρώπινον</span> <span class='ocrx_word' id='word_1_267' title='bbox 1292 2074 1471 2127; x_wconf 75' lang='grc' dir='ltr'>εἰπεῖν</span> <span class='ocrx_word' id='word_1_268' title='bbox 1522 2077 1619 2129; x_wconf 75' lang='grc' dir='ltr'>καὶ</span> <span class='ocrx_word' id='word_1_269' title='bbox 1659 2078 1838 2148; x_wconf 78' lang='grc' dir='ltr'>ψυχὴν</span> <span class='ocrx_word' id='word_1_270' title='bbox 1866 2080 1963 2132; x_wconf 84' lang='grc' dir='ltr'>άν-</span> 
     </span>
    </p>
   </div>
   <div class='ocr_carea' id='block_1_39' title="bbox 382 2150 1962 2232">
    <p class='ocr_par' dir='ltr' id='par_1_39' title="bbox 382 2150 1962 2232">
     <span class='ocr_line' id='line_1_39' title="bbox 382 2150 1962 2232; baseline 0.013 -29"><span class='ocrx_word' id='word_1_271' title='bbox 382 2150 687 2221; x_wconf 81' lang='grc' dir='ltr'>θρωπίνην,</span> <span class='ocrx_word' id='word_1_272' title='bbox 730 2154 1132 2226; x_wconf 78' lang='grc' dir='ltr'>ἐξηπλωμένως</span> <span class='ocrx_word' id='word_1_273' title='bbox 1189 2161 1288 2231; x_wconf 79' lang='grc' dir='ltr'>μὲν</span> <span class='ocrx_word' id='word_1_274' title='bbox 1343 2162 1436 2215; x_wconf 85' lang='grc' dir='ltr'><strong>τοῦ</strong></span> <span class='ocrx_word' id='word_1_275' title='bbox 1493 2164 1607 2232; x_wconf 88' lang='grc' dir='ltr'>νοῦ,</span> <span class='ocrx_word' id='word_1_276' title='bbox 1666 2172 1962 2223; x_wconf 82' lang='grc' dir='ltr'>συνεσταλ-</span> 
     </span>
    </p>
   </div>
   <div class='ocr_carea' id='block_1_40' title="bbox 384 2242 1964 2319">
    <p class='ocr_par' dir='ltr' id='par_1_40' title="bbox 384 2242 1964 2319">
     <span class='ocr_line' id='line_1_40' title="bbox 384 2242 1964 2319; baseline 0.015 -27"><span class='ocrx_word' id='word_1_277' title='bbox 384 2242 562 2312; x_wconf 78' lang='grc' dir='ltr'>μένως</span> <span class='ocrx_word' id='word_1_278' title='bbox 594 2243 650 2295; x_wconf 79' lang='grc' dir='ltr'>δὲ</span> <span class='ocrx_word' id='word_1_279' title='bbox 683 2244 783 2309; x_wconf 80' lang='grc' dir='ltr'>τῆς</span> <span class='ocrx_word' id='word_1_280' title='bbox 827 2245 1006 2317; x_wconf 73' lang='grc' dir='ltr'>ψυχῆς</span> <span class='ocrx_word' id='word_1_281' title='bbox 1054 2251 1400 2319; x_wconf 76' lang='grc' dir='ltr'>νοουμένωνο</span> <span class='ocrx_word' id='word_1_282' title='bbox 1452 2258 1652 2309; x_wconf 84' lang='grc' dir='ltr'>ταυτόν</span> <span class='ocrx_word' id='word_1_283' title='bbox 1701 2259 1764 2312; x_wconf 79' lang='grc' dir='ltr'><strong>τέ</strong></span> <span class='ocrx_word' id='word_1_284' title='bbox 1815 2263 1964 2315; x_wconf 78' lang='grc' dir='ltr'>ἔστιν</span> 
     </span>
    </p>
   </div>
   <div class='ocr_carea' id='block_1_41' title="bbox 380 2334 1963 2419">
    <p class='ocr_par' dir='ltr' id='par_1_41' title="bbox 380 2334 1963 2419">
     <span class='ocr_line' id='line_1_41' title="bbox 380 2334 1963 2419; baseline 0.015 -35"><span class='ocrx_word' id='word_1_285' title='bbox 380 2334 732 2403; x_wconf 82' lang='grc' dir='ltr'>ἀνθρωπίνην</span> <span class='ocrx_word' id='word_1_286' title='bbox 758 2337 937 2406; x_wconf 76' lang='grc' dir='ltr'>ψυχὴν</span> <span class='ocrx_word' id='word_1_287' title='bbox 982 2340 1078 2391; x_wconf 75' lang='grc' dir='ltr'><strong>καὶ</strong></span> <span class='ocrx_word' id='word_1_288' title='bbox 1116 2341 1409 2412; x_wconf 80' lang='grc' dir='ltr'>ἄνθρωπον</span> <span class='ocrx_word' id='word_1_289' title='bbox 1437 2347 1603 2414; x_wconf 80' lang='grc' dir='ltr'>φάναι</span> <span class='ocrx_word' id='word_1_290' title='bbox 1632 2352 1857 2419; x_wconf 86' lang='grc' dir='ltr'>κυρίως,</span> <span class='ocrx_word' id='word_1_291' title='bbox 1887 2355 1963 2415; x_wconf 85' lang='grc' dir='ltr'>ὡς</span> 
     </span>
    </p>
   </div>
   <div class='ocr_carea' id='block_1_42' title="bbox 382 2423 1961 2510">
    <p class='ocr_par' dir='ltr' id='par_1_42' title="bbox 382 2423 1961 2510">
     <span class='ocr_line' id='line_1_42' title="bbox 382 2423 1961 2510; baseline 0.015 -37"><span class='ocrx_word' id='word_1_292' title='bbox 382 2423 598 2492; x_wconf 74' lang='grc' dir='ltr'>εἴρηται</span> <span class='ocrx_word' id='word_1_293' title='bbox 625 2426 911 2495; x_wconf 87' lang='grc' dir='ltr'>πρότερον.</span> <span class='ocrx_word' id='word_1_294' title='bbox 950 2428 1110 2484; x_wconf 78' lang='grc' dir='ltr'>Ἀλλά</span> <span class='ocrx_word' id='word_1_295' title='bbox 1143 2431 1249 2502; x_wconf 85' lang='grc' dir='ltr'>μὴν</span> <span class='ocrx_word' id='word_1_296' title='bbox 1292 2434 1358 2487; x_wconf 82' lang='grc' dir='ltr'>ὲκ</span> <span class='ocrx_word' id='word_1_297' title='bbox 1389 2436 1488 2503; x_wconf 85' lang='grc' dir='ltr'>τῆς</span> <span class='ocrx_word' id='word_1_298' title='bbox 1520 2437 1744 2510; x_wconf 81' lang='grc' dir='ltr'>πρώτης</span> <span class='ocrx_word' id='word_1_299' title='bbox 1779 2443 1961 2505; x_wconf 76' lang='grc' dir='ltr'>αἰτίας</span> 
     </span>
    </p>
   </div>
   <div class='ocr_carea' id='block_1_43' title="bbox 377 2512 1960 2603">
    <p class='ocr_par' dir='ltr' id='par_1_43' title="bbox 377 2512 1960 2603">
     <span class='ocr_line' id='line_1_43' title="bbox 377 2512 1960 2603; baseline 0.014 -37"><span class='ocrx_word' id='word_1_300' title='bbox 377 2512 670 2583; x_wconf 75' lang='grc' dir='ltr'>ἄνθρωπος</span> <span class='ocrx_word' id='word_1_301' title='bbox 719 2515 938 2571; x_wconf 77' lang='grc' dir='ltr'>ἅπαντα</span> <span class='ocrx_word' id='word_1_302' title='bbox 982 2519 1157 2573; x_wconf 88' lang='grc' dir='ltr'>ταῦτα</span> <span class='ocrx_word' id='word_1_303' title='bbox 1188 2523 1286 2576; x_wconf 77' lang='grc' dir='ltr'><strong>καὶ</strong></span> <span class='ocrx_word' id='word_1_304' title='bbox 1314 2527 1407 2579; x_wconf 87' lang='grc' dir='ltr'><strong>τοῦ</strong></span> <span class='ocrx_word' id='word_1_305' title='bbox 1445 2532 1814 2599; x_wconf 78' lang='grc' dir='ltr'>πεποιηκότος</span> <span class='ocrx_word' id='word_1_306' title='bbox 1844 2535 1960 2603; x_wconf 80' lang='grc' dir='ltr'>ἔχει</span> 
     </span>
    </p>
   </div>
   <div class='ocr_carea' id='block_1_44' title="bbox 377 2601 1960 2695">
    <p class='ocr_par' dir='ltr' id='par_1_44' title="bbox 377 2601 1960 2695">
     <span class='ocr_line' id='line_1_44' title="bbox 377 2601 1960 2695; baseline 0.016 -41"><span class='ocrx_word' id='word_1_307' title='bbox 377 2601 541 2668; x_wconf 89' lang='grc' dir='ltr'>Θεοῦ,</span> <span class='ocrx_word' id='word_1_308' title='bbox 573 2602 709 2657; x_wconf 84' lang='grc' dir='ltr'>ὥστε</span> <span class='ocrx_word' id='word_1_309' title='bbox 756 2608 899 2660; x_wconf 75' lang='grc' dir='ltr'>κατὰ</span> <span class='ocrx_word' id='word_1_310' title='bbox 928 2611 995 2662; x_wconf 84' lang='grc' dir='ltr'>τὰ</span> <span class='ocrx_word' id='word_1_311' title='bbox 1025 2609 1083 2675; x_wconf 80' lang='grc' dir='ltr'>ὲξ</span> <span class='ocrx_word' id='word_1_312' title='bbox 1111 2614 1285 2683; x_wconf 86' lang='grc' dir='ltr'>ἀρχῆς</span> <span class='ocrx_word' id='word_1_313' title='bbox 1334 2616 1726 2690; x_wconf 74' lang='grc' dir='ltr'>ὑποτεθειμένῖι</span> <span class='ocrx_word' id='word_1_314' title='bbox 1778 2601 1960 2695; x_wconf 71' lang='grc' dir='ltr'>πολλῷ</span> 
     </span>
    </p>
   </div>
   <div class='ocr_carea' id='block_1_45' title="bbox 382 2695 1961 2785">
    <p class='ocr_par' dir='ltr' id='par_1_45' title="bbox 382 2695 1961 2785">
     <span class='ocr_line' id='line_1_45' title="bbox 382 2695 1961 2785; baseline 0.017 -40"><span class='ocrx_word' id='word_1_315' title='bbox 382 2695 584 2762; x_wconf 80' lang='grc' dir='ltr'>μᾶλλον</span> <span class='ocrx_word' id='word_1_316' title='bbox 614 2699 640 2748; x_wconf 89' lang='lat'><strong>6</strong></span> <span class='ocrx_word' id='word_1_317' title='bbox 668 2698 798 2762; x_wconf 86' lang='grc' dir='ltr'>Θεὸς</span> <span class='ocrx_word' id='word_1_318' title='bbox 846 2700 1022 2755; x_wconf 88' lang='grc' dir='ltr'>ταῦτα</span> <span class='ocrx_word' id='word_1_319' title='bbox 1068 2705 1252 2768; x_wconf 84' lang='grc' dir='ltr'>ἁῖδίως</span> <span class='ocrx_word' id='word_1_320' title='bbox 1301 2708 1412 2777; x_wconf 76' lang='grc' dir='ltr'>ἔχει</span> <span class='ocrx_word' id='word_1_321' title='bbox 1449 2715 1538 2765; x_wconf 77' lang='grc' dir='ltr'>καὶ</span> <span class='ocrx_word' id='word_1_322' title='bbox 1587 2716 1850 2785; x_wconf 83' lang='grc' dir='ltr'>συμφυῶς</span> <span class='ocrx_word' id='word_1_323' title='bbox 1882 2720 1961 2782; x_wconf 83' lang='grc' dir='ltr'><strong>είς</strong></span> 
     </span>
    </p>
   </div>
   <div class='ocr_carea' id='block_1_46' title="bbox 378 2783 1961 2875">
    <p class='ocr_par' dir='ltr' id='par_1_46' title="bbox 378 2783 1961 2875">
     <span class='ocr_line' id='line_1_46' title="bbox 378 2783 1961 2875; baseline 0.02 -43"><span class='ocrx_word' id='word_1_324' title='bbox 378 2783 713 2854; x_wconf 47' lang='lat' dir='ltr'><strong>omnem</strong></span> <span class='ocrx_word' id='word_1_325' title='bbox 765 2788 1059 2860; x_wconf 79' lang='grc' dir='ltr'>ἀπειράκις</span> <span class='ocrx_word' id='word_1_326' title='bbox 1108 2796 1332 2864; x_wconf 82' lang='grc' dir='ltr'>τρόπον,</span> <span class='ocrx_word' id='word_1_327' title='bbox 1368 2799 1445 2864; x_wconf 85' lang='grc' dir='ltr'>ὡς</span> <span class='ocrx_word' id='word_1_328' title='bbox 1497 2783 1723 2875; x_wconf 81' lang='grc' dir='ltr'>εἴρηταί</span> <span class='ocrx_word' id='word_1_329' title='bbox 1771 2824 1831 2860; x_wconf 89' lang='grc' dir='ltr'><strong>τε</strong></span> <span class='ocrx_word' id='word_1_330' title='bbox 1865 2812 1961 2864; x_wconf 77' lang='grc' dir='ltr'><strong>καὶ</strong></span> 
     </span>
    </p>
   </div>
   <div class='ocr_carea' id='block_1_47' title="bbox 379 2874 1958 2954">
    <p class='ocr_par' dir='ltr' id='par_1_47' title="bbox 379 2874 1958 2954">
     <span class='ocr_line' id='line_1_47' title="bbox 379 2874 1958 2954; baseline 0.017 -29"><span class='ocrx_word' id='word_1_331' title='bbox 379 2874 580 2927; x_wconf 80' lang='grc' dir='ltr'>αὐτίκα</span> <span class='ocrx_word' id='word_1_332' title='bbox 614 2878 813 2945; x_wconf 79' lang='grc' dir='ltr'>μᾶλλον</span> <span class='ocrx_word' id='word_1_333' title='bbox 854 2881 1224 2954; x_wconf 82' lang='grc' dir='ltr'>δειχθήσεται.</span> <span class='ocrx_word' id='word_1_334' title='bbox 1272 2890 1583 2945; x_wconf 74' lang='grc' dir='ltr'>Κάντεῦθέν</span> <span class='ocrx_word' id='word_1_335' title='bbox 1610 2874 1649 2946; x_wconf 14' lang='grc' dir='ltr'>ίὲ</span> <span class='ocrx_word' id='word_1_336' title='bbox 1664 2913 1748 2950; x_wconf 91' lang='grc' dir='ltr'><strong>στι</strong></span> <span class='ocrx_word' id='word_1_337' title='bbox 1777 2898 1838 2950; x_wconf 80' lang='grc' dir='ltr'><strong>τὸ</strong></span> <span class='ocrx_word' id='word_1_338' title='bbox 1868 2903 1958 2952; x_wconf 81' lang='grc' dir='ltr'><strong>τὸν</strong></span> 
     </span>
    </p>
   </div>
   <div class='ocr_carea' id='block_1_48' title="bbox 378 2963 1958 3055">
    <p class='ocr_par' dir='ltr' id='par_1_48' title="bbox 378 2963 1958 3055">
     <span class='ocr_line' id='line_1_48' title="bbox 378 2963 1958 3055; baseline 0.015 -38"><span class='ocrx_word' id='word_1_339' title='bbox 378 2963 668 3033; x_wconf 77' lang='grc' dir='ltr'>ἄνθρωπον</span> <span class='ocrx_word' id='word_1_340' title='bbox 706 2971 825 3021; x_wconf 84' lang='grc' dir='ltr'>κατ’</span> <span class='ocrx_word' id='word_1_341' title='bbox 871 2973 1054 3026; x_wconf 79' lang='grc' dir='ltr'>εἰκόνα</span> <span class='ocrx_word' id='word_1_342' title='bbox 1106 2976 1248 3029; x_wconf 83' lang='grc' dir='ltr'>Θεοῦ</span> <span class='ocrx_word' id='word_1_343' title='bbox 1285 2981 1378 3031; x_wconf 75' lang='grc' dir='ltr'><strong>καὶ</strong></span> <span class='ocrx_word' id='word_1_344' title='bbox 1416 2981 1679 3049; x_wconf 79' lang='grc' dir='ltr'>ὁμοίωσιν</span> <span class='ocrx_word' id='word_1_345' title='bbox 1706 2986 1958 3055; x_wconf 85' lang='grc' dir='ltr'>λέγεσθαι</span> 
     </span>
    </p>
   </div>
   <div class='ocr_carea' id='block_1_49' title="bbox 376 3058 2027 3168">
    <p class='ocr_par' dir='ltr' id='par_1_49' title="bbox 376 3058 2027 3168">
     <span class='ocr_line' id='line_1_49' title="bbox 376 3058 2027 3168; baseline 0.019 -62"><span class='ocrx_word' id='word_1_346' title='bbox 376 3058 760 3127; x_wconf 84' lang='grc' dir='ltr'>γεγεννῆσθαι,</span> <span class='ocrx_word' id='word_1_347' title='bbox 792 3064 872 3116; x_wconf 79' lang='grc' dir='ltr'><strong>ὅτι</strong></span> <span class='ocrx_word' id='word_1_348' title='bbox 918 3067 985 3134; x_wconf 84' lang='grc' dir='ltr'>τῇ</span> <span class='ocrx_word' id='word_1_349' title='bbox 1033 3068 1091 3119; x_wconf 76' lang='grc' dir='ltr'>ὲν</span> <span class='ocrx_word' id='word_1_350' title='bbox 1121 3069 1271 3139; x_wconf 83' lang='grc' dir='ltr'>αὐτῷ</span> <span class='ocrx_word' id='word_1_351' title='bbox 1308 3072 1499 3141; x_wconf 86' lang='grc' dir='ltr'>Τριάδι</span> <span class='ocrx_word' id='word_1_352' title='bbox 1537 3078 1725 3131; x_wconf 90' lang='grc' dir='ltr'>τοῦτον</span> <span class='ocrx_word' id='word_1_353' title='bbox 1762 3081 1790 3133; x_wconf 94' lang='lat'><strong>6</strong></span> <span class='ocrx_word' id='word_1_354' title='bbox 1823 3082 1956 3146; x_wconf 84' lang='grc' dir='ltr'>Θεὸς</span> <span class='ocrx_word' id='word_1_355' title='bbox 1987 3110 2027 3168; x_wconf 67' lang='grc' dir='ltr'>α</span> 
     </span>
    </p>
   </div>
   <div class='ocr_carea' id='block_1_50' title="bbox 378 3151 1956 3237">
    <p class='ocr_par' dir='ltr' id='par_1_50' title="bbox 378 3151 1956 3237">
     <span class='ocr_line' id='line_1_50' title="bbox 378 3151 1956 3237; baseline 0.017 -37"><span class='ocrx_word' id='word_1_356' title='bbox 378 3151 709 3219; x_wconf 76' lang='grc' dir='ltr'>ἀφωμοίωσε</span> <span class='ocrx_word' id='word_1_357' title='bbox 735 3169 750 3185; x_wconf 75' lang='grc' dir='ltr'><strong>ο</strong></span> <span class='ocrx_word' id='word_1_358' title='bbox 785 3155 877 3207; x_wconf 71' lang='grc' dir='ltr'>καὶ</span> <span class='ocrx_word' id='word_1_359' title='bbox 921 3157 1011 3210; x_wconf 81' lang='grc' dir='ltr'><strong>διὰ</strong></span> <span class='ocrx_word' id='word_1_360' title='bbox 1059 3158 1217 3213; x_wconf 88' lang='grc' dir='ltr'>τοῦτο</span> <span class='ocrx_word' id='word_1_361' title='bbox 1254 3163 1430 3226; x_wconf 83' lang='grc' dir='ltr'>καλῶς</span> <span class='ocrx_word' id='word_1_362' title='bbox 1466 3166 1575 3221; x_wconf 86' lang='grc' dir='ltr'><strong>ἀπὸ</strong></span> <span class='ocrx_word' id='word_1_363' title='bbox 1618 3170 1718 3237; x_wconf 87' lang='grc' dir='ltr'>τῆς</span> <span class='ocrx_word' id='word_1_364' title='bbox 1748 3175 1956 3237; x_wconf 75' lang='grc' dir='ltr'>εἰκόνος</span> 
     </span>
    </p>
   </div>
   <div class='ocr_carea' id='block_1_51' title="bbox 376 3241 1952 3335">
    <p class='ocr_par' dir='ltr' id='par_1_51' title="bbox 376 3241 1952 3335">
     <span class='ocr_line' id='line_1_51' title="bbox 376 3241 1952 3335; baseline 0.017 -42"><span class='ocrx_word' id='word_1_365' title='bbox 376 3241 472 3295; x_wconf 71' lang='grc' dir='ltr'>ἐπὶ</span> <span class='ocrx_word' id='word_1_366' title='bbox 505 3243 567 3296; x_wconf 80' lang='grc' dir='ltr'><strong>τὸ</strong></span> <span class='ocrx_word' id='word_1_367' title='bbox 597 3246 949 3317; x_wconf 84' lang='grc' dir='ltr'>παράδειγμα</span> <span class='ocrx_word' id='word_1_368' title='bbox 980 3242 1049 3304; x_wconf 81' lang='grc' dir='ltr'><strong>τά</strong></span> <span class='ocrx_word' id='word_1_369' title='bbox 1081 3253 1348 3322; x_wconf 77' lang='grc' dir='ltr'>εἰρημένα</span> <span class='ocrx_word' id='word_1_370' title='bbox 1380 3260 1509 3329; x_wconf 71' lang='grc' dir='ltr'>περὶ</span> <span class='ocrx_word' id='word_1_371' title='bbox 1549 3261 1722 3331; x_wconf 86' lang='grc' dir='ltr'>αὐτῆς</span> <span class='ocrx_word' id='word_1_372' title='bbox 1747 3264 1829 3318; x_wconf 79' lang='grc' dir='ltr'><strong>δεῖ</strong></span> <span class='ocrx_word' id='word_1_373' title='bbox 1859 3284 1952 3335; x_wconf 76' lang='grc' dir='ltr'><strong>με-</strong></span> 
     </span>
    </p>
   </div>
   <div class='ocr_carea' id='block_1_52' title="bbox 373 3334 1959 3427">
    <p class='ocr_par' dir='ltr' id='par_1_52' title="bbox 373 3334 1959 3427">
     <span class='ocr_line' id='line_1_52' title="bbox 373 3334 1959 3427; baseline 0.018 -45"><span class='ocrx_word' id='word_1_374' title='bbox 373 3334 659 3402; x_wconf 83' lang='grc' dir='ltr'>ταφέρειν,</span> <span class='ocrx_word' id='word_1_375' title='bbox 700 3338 1094 3412; x_wconf 77' lang='grc' dir='ltr'>ἐναργέστερον</span> <span class='ocrx_word' id='word_1_376' title='bbox 1152 3345 1269 3397; x_wconf 78' lang='grc' dir='ltr'>ἐκεί</span> <span class='ocrx_word' id='word_1_377' title='bbox 1320 3348 1416 3400; x_wconf 79' lang='grc' dir='ltr'>καὶ</span> <span class='ocrx_word' id='word_1_378' title='bbox 1465 3352 1795 3422; x_wconf 86' lang='grc' dir='ltr'>οἰκειότερον</span> <span class='ocrx_word' id='word_1_379' title='bbox 1842 3334 1959 3427; x_wconf 64' lang='grc' dir='ltr'>ἅμα</span> 
     </span>
    </p>
   </div>
   <div class='ocr_carea' id='block_1_53' title="bbox 373 3423 1958 3518">
    <p class='ocr_par' dir='ltr' id='par_1_53' title="bbox 373 3423 1958 3518">
     <span class='ocr_line' id='line_1_53' title="bbox 373 3423 1958 3518; baseline 0.017 -42"><span class='ocrx_word' id='word_1_380' title='bbox 373 3423 797 3495; x_wconf 80' lang='grc' dir='ltr'>θεολογούμενα,</span> <span class='ocrx_word' id='word_1_381' title='bbox 825 3431 902 3494; x_wconf 86' lang='grc' dir='ltr'>ὡς</span> <span class='ocrx_word' id='word_1_382' title='bbox 956 3437 1070 3494; x_wconf 86' lang='grc' dir='ltr'>τοῖς</span> <span class='ocrx_word' id='word_1_383' title='bbox 1102 3434 1444 3502; x_wconf 80' lang='grc' dir='ltr'>διδασκάλοις</span> <span class='ocrx_word' id='word_1_384' title='bbox 1487 3442 1588 3510; x_wconf 81' lang='grc' dir='ltr'>τῆς</span> <span class='ocrx_word' id='word_1_385' title='bbox 1632 3423 1958 3518; x_wconf 80' lang='grc' dir='ltr'>Ἐκκλησίας</span> 
     </span>
    </p>
   </div>
   <div class='ocr_carea' id='block_1_54' title="bbox 373 3519 1958 3605">
    <p class='ocr_par' dir='ltr' id='par_1_54' title="bbox 373 3519 1958 3605">
     <span class='ocr_line' id='line_1_54' title="bbox 373 3519 1958 3605; baseline 0.019 -39"><span class='ocrx_word' id='word_1_386' title='bbox 373 3519 705 3586; x_wconf 76' lang='grc' dir='ltr'>κηρύττεται</span> <span class='ocrx_word' id='word_1_387' title='bbox 769 3522 891 3575; x_wconf 82' lang='grc' dir='ltr'>καθ’</span> <span class='ocrx_word' id='word_1_388' title='bbox 951 3527 1192 3596; x_wconf 72' lang='grc' dir='ltr'>ἡμέραν.</span> <span class='ocrx_word' id='word_1_389' title='bbox 1259 3528 1419 3583; x_wconf 82' lang='grc' dir='ltr'>Ἔστι</span> <span class='ocrx_word' id='word_1_390' title='bbox 1474 3535 1582 3605; x_wconf 83' lang='grc' dir='ltr'>γὰρ</span> <span class='ocrx_word' id='word_1_391' title='bbox 1634 3538 1664 3589; x_wconf 97' lang='lat'><strong>6</strong></span> <span class='ocrx_word' id='word_1_392' title='bbox 1713 3534 1794 3604; x_wconf 76' lang='grc' dir='ltr'>εἷς</span> <span class='ocrx_word' id='word_1_393' title='bbox 1862 3547 1958 3597; x_wconf 69' lang='grc' dir='ltr'><strong>καὶ</strong></span> 
     </span>
    </p>
   </div>
   <div class='ocr_carea' id='block_1_55' title="bbox 373 3609 1951 3694">
    <p class='ocr_par' dir='ltr' id='par_1_55' title="bbox 373 3609 1951 3694">
     <span class='ocr_line' id='line_1_55' title="bbox 373 3609 1951 3694; baseline 0.018 -34"><span class='ocrx_word' id='word_1_394' title='bbox 373 3609 750 3676; x_wconf 77' lang='grc' dir='ltr'>ἀπλούστατος</span> <span class='ocrx_word' id='word_1_395' title='bbox 777 3617 919 3669; x_wconf 84' lang='grc' dir='ltr'>κατὰ</span> <span class='ocrx_word' id='word_1_396' title='bbox 945 3619 1109 3687; x_wconf 81' lang='grc' dir='ltr'>φύσιν</span> <span class='ocrx_word' id='word_1_397' title='bbox 1148 3622 1279 3685; x_wconf 84' lang='grc' dir='ltr'>Θεὸς</span> <span class='ocrx_word' id='word_1_398' title='bbox 1310 3626 1405 3678; x_wconf 72' lang='grc' dir='ltr'><strong>καὶ</strong></span> <span class='ocrx_word' id='word_1_399' title='bbox 1435 3628 1531 3680; x_wconf 92' lang='grc' dir='ltr'><strong>τοῦ</strong></span> <span class='ocrx_word' id='word_1_400' title='bbox 1566 3633 1767 3694; x_wconf 75' lang='grc' dir='ltr'>παντὸς</span> <span class='ocrx_word' id='word_1_401' title='bbox 1800 3634 1951 3687; x_wconf 74' lang='grc' dir='ltr'>τοῦδε</span> 
     </span>
    </p>
   </div>
   <div class='ocr_carea' id='block_1_56' title="bbox 375 3703 1957 3794">
    <p class='ocr_par' dir='ltr' id='par_1_56' title="bbox 375 3703 1957 3794">
     <span class='ocr_line' id='line_1_56' title="bbox 375 3703 1957 3794; baseline 0.018 -43"><span class='ocrx_word' id='word_1_402' title='bbox 375 3703 539 3769; x_wconf 74' lang='grc' dir='ltr'>μόνος</span> <span class='ocrx_word' id='word_1_403' title='bbox 566 3704 893 3775; x_wconf 86' lang='grc' dir='ltr'>δημιουργὸς</span> <span class='ocrx_word' id='word_1_404' title='bbox 934 3711 1077 3764; x_wconf 80' lang='grc' dir='ltr'><strong>κατά</strong></span> <span class='ocrx_word' id='word_1_405' title='bbox 1106 3712 1202 3782; x_wconf 77' lang='grc' dir='ltr'>τὴν</span> <span class='ocrx_word' id='word_1_406' title='bbox 1238 3716 1346 3767; x_wconf 84' lang='grc' dir='ltr'><strong>τῶν</strong></span> <span class='ocrx_word' id='word_1_407' title='bbox 1381 3716 1542 3771; x_wconf 84' lang='grc' dir='ltr'>θείων</span> <span class='ocrx_word' id='word_1_408' title='bbox 1589 3721 1785 3788; x_wconf 83' lang='grc' dir='ltr'>λογίων</span> <span class='ocrx_word' id='word_1_409' title='bbox 1818 3724 1957 3794; x_wconf 80' lang='grc' dir='ltr'><strong>ὑφή-</strong></span> 
     </span>
    </p>
   </div>
   <div class='ocr_carea' id='block_1_57' title="bbox 372 3796 1957 3884">
    <p class='ocr_par' dir='ltr' id='par_1_57' title="bbox 372 3796 1957 3884">
     <span class='ocr_line' id='line_1_57' title="bbox 372 3796 1957 3884; baseline 0.017 -42"><span class='ocrx_word' id='word_1_410' title='bbox 372 3808 538 3861; x_wconf 86' lang='grc' dir='ltr'>γησιν</span> <span class='ocrx_word' id='word_1_411' title='bbox 588 3796 745 3864; x_wconf 73' lang='grc' dir='ltr'>τριὰς</span> <span class='ocrx_word' id='word_1_412' title='bbox 797 3798 1077 3871; x_wconf 80' lang='grc' dir='ltr'>ίδιοτήτων</span> <span class='ocrx_word' id='word_1_413' title='bbox 1131 3805 1228 3858; x_wconf 81' lang='grc' dir='ltr'>καὶ</span> <span class='ocrx_word' id='word_1_414' title='bbox 1286 3807 1660 3874; x_wconf 77' lang='grc' dir='ltr'>ὕποστάσεων,</span> <span class='ocrx_word' id='word_1_415' title='bbox 1693 3817 1856 3884; x_wconf 76' lang='grc' dir='ltr'>νοερὰ</span> <span class='ocrx_word' id='word_1_416' title='bbox 1898 3818 1957 3869; x_wconf 81' lang='grc' dir='ltr'><strong>δὲ</strong></span> 
     </span>
    </p>
   </div>
   <div class='ocr_carea' id='block_1_58' title="bbox 372 3885 1954 3968">
    <p class='ocr_par' dir='ltr' id='par_1_58' title="bbox 372 3885 1954 3968">
     <span class='ocr_line' id='line_1_58' title="bbox 372 3885 1954 3968; baseline 0.014 -31"><span class='ocrx_word' id='word_1_417' title='bbox 372 3885 533 3953; x_wconf 77' lang='grc' dir='ltr'>τριὰς</span> <span class='ocrx_word' id='word_1_418' title='bbox 558 3887 637 3956; x_wconf 82' lang='grc' dir='ltr'>τῷ</span> <span class='ocrx_word' id='word_1_419' title='bbox 676 3888 876 3959; x_wconf 78' lang='grc' dir='ltr'>πρώτῳ</span> <span class='ocrx_word' id='word_1_420' title='bbox 930 3893 1005 3960; x_wconf 86' lang='grc' dir='ltr'>νῷ</span> <span class='ocrx_word' id='word_1_421' title='bbox 1041 3896 1138 3949; x_wconf 75' lang='grc' dir='ltr'>καὶ</span> <span class='ocrx_word' id='word_1_422' title='bbox 1167 3898 1364 3961; x_wconf 84' lang='grc' dir='ltr'>παντὸς</span> <span class='ocrx_word' id='word_1_423' title='bbox 1412 3901 1569 3968; x_wconf 80' lang='grc' dir='ltr'>αίτὶῳ</span> <span class='ocrx_word' id='word_1_424' title='bbox 1605 3906 1828 3957; x_wconf 79' lang='grc' dir='ltr'>κτιστοῦ</span> <span class='ocrx_word' id='word_1_425' title='bbox 1862 3907 1954 3961; x_wconf 88' lang='grc' dir='ltr'><strong>νοῦ</strong></span> 
     </span>
    </p>
   </div>
   <div class='ocr_carea' id='block_1_59' title="bbox 374 3975 1956 4063">
    <p class='ocr_par' dir='ltr' id='par_1_59' title="bbox 374 3975 1956 4063">
     <span class='ocr_line' id='line_1_59' title="bbox 374 3975 1956 4063; baseline 0.016 -39"><span class='ocrx_word' id='word_1_426' title='bbox 374 3975 685 4043; x_wconf 79' lang='grc' dir='ltr'>πρέπουσα,</span> <span class='ocrx_word' id='word_1_427' title='bbox 714 3980 741 4031; x_wconf 88' lang='lat'><strong>6</strong></span> <span class='ocrx_word' id='word_1_428' title='bbox 774 3980 916 4044; x_wconf 80' lang='grc' dir='ltr'>θεῖος</span> <span class='ocrx_word' id='word_1_429' title='bbox 951 3985 1075 4047; x_wconf 88' lang='grc' dir='ltr'>νοῦς</span> <span class='ocrx_word' id='word_1_430' title='bbox 1118 3987 1382 4056; x_wconf 76' lang='grc' dir='ltr'>δηλονότι,</span> <span class='ocrx_word' id='word_1_431' title='bbox 1416 3994 1511 4044; x_wconf 77' lang='grc' dir='ltr'><strong>καὶ</strong></span> <span class='ocrx_word' id='word_1_432' title='bbox 1563 3996 1592 4046; x_wconf 88' lang='lat'><strong>6</strong></span> <span class='ocrx_word' id='word_1_433' title='bbox 1632 3998 1819 4063; x_wconf 78' lang='grc' dir='ltr'>νοητὸς</span> <span class='ocrx_word' id='word_1_434' title='bbox 1856 4000 1956 4050; x_wconf 81' lang='grc' dir='ltr'><strong>αὺ-</strong></span> 
     </span>
    </p>
   </div>
   <div class='ocr_carea' id='block_1_60' title="bbox 374 4063 1957 4159">
    <p class='ocr_par' dir='ltr' id='par_1_60' title="bbox 374 4063 1957 4159">
     <span class='ocr_line' id='line_1_60' title="bbox 374 4063 1957 4159; baseline 0.018 -44"><span class='ocrx_word' id='word_1_435' title='bbox 374 4063 470 4117; x_wconf 78' lang='grc' dir='ltr'><strong>τοῦ</strong></span> <span class='ocrx_word' id='word_1_436' title='bbox 504 4068 657 4135; x_wconf 87' lang='grc' dir='ltr'>λόγος</span> <span class='ocrx_word' id='word_1_437' title='bbox 697 4073 907 4141; x_wconf 69' lang='grc' dir='ltr'>κιρπὸς</span> <span class='ocrx_word' id='word_1_438' title='bbox 956 4077 1197 4144; x_wconf 80' lang='grc' dir='ltr'>ἔμφυτος</span> <span class='ocrx_word' id='word_1_439' title='bbox 1226 4082 1322 4149; x_wconf 81' lang='grc' dir='ltr'>τῆς</span> <span class='ocrx_word' id='word_1_440' title='bbox 1370 4083 1464 4136; x_wconf 81' lang='grc' dir='ltr'><strong>τοῦ</strong></span> <span class='ocrx_word' id='word_1_441' title='bbox 1500 4086 1798 4155; x_wconf 84' lang='grc' dir='ltr'>ἀγεννήτου</span> <span class='ocrx_word' id='word_1_442' title='bbox 1836 4092 1957 4159; x_wconf 77' lang='grc' dir='ltr'>νοήο</span> 
     </span>
    </p>
   </div>
   <div class='ocr_carea' id='block_1_61' title="bbox 377 4157 1955 4245">
    <p class='ocr_par' dir='ltr' id='par_1_61' title="bbox 377 4157 1955 4245">
     <span class='ocr_line' id='line_1_61' title="bbox 377 4157 1955 4245; baseline 0.017 -41"><span class='ocrx_word' id='word_1_443' title='bbox 377 4169 517 4215; x_wconf 86' lang='grc' dir='ltr'>σεως</span> <span class='ocrx_word' id='word_1_444' title='bbox 547 4157 658 4222; x_wconf 91' lang='grc' dir='ltr'>νοῦ,</span> <span class='ocrx_word' id='word_1_445' title='bbox 694 4166 786 4212; x_wconf 77' lang='grc' dir='ltr'><strong>καὶ</strong></span> <span class='ocrx_word' id='word_1_446' title='bbox 815 4164 842 4213; x_wconf 90' lang='lat'><strong>6</strong></span> <span class='ocrx_word' id='word_1_447' title='bbox 876 4166 1065 4232; x_wconf 79' lang='grc' dir='ltr'>νοητὸς</span> <span class='ocrx_word' id='word_1_448' title='bbox 1095 4166 1236 4237; x_wconf 76' lang='grc' dir='ltr'>ἔρως</span> <span class='ocrx_word' id='word_1_449' title='bbox 1268 4176 1478 4239; x_wconf 82' lang='grc' dir='ltr'>καρπὸς</span> <span class='ocrx_word' id='word_1_450' title='bbox 1509 4176 1609 4241; x_wconf 73' lang='grc' dir='ltr'>τῆς</span> <span class='ocrx_word' id='word_1_451' title='bbox 1638 4180 1828 4245; x_wconf 77' lang='grc' dir='ltr'>νοερᾶς</span> <span class='ocrx_word' id='word_1_452' title='bbox 1860 4181 1955 4231; x_wconf 78' lang='grc' dir='ltr'><strong>τοῦ</strong></span> 
     </span>
    </p>
   </div>
   <div class='ocr_carea' id='block_1_62' title="bbox 374 4250 1954 4338">
    <p class='ocr_par' dir='ltr' id='par_1_62' title="bbox 374 4250 1954 4338">
     <span class='ocr_line' id='line_1_62' title="bbox 374 4250 1954 4338; baseline 0.016 -45"><span class='ocrx_word' id='word_1_453' title='bbox 374 4250 593 4312; x_wconf 81' lang='grc' dir='ltr'>πρωτου</span> <span class='ocrx_word' id='word_1_454' title='bbox 637 4250 728 4300; x_wconf 88' lang='grc' dir='ltr'><strong>νοῦ</strong></span> <span class='ocrx_word' id='word_1_455' title='bbox 780 4252 872 4303; x_wconf 80' lang='grc' dir='ltr'>καὶ</span> <span class='ocrx_word' id='word_1_456' title='bbox 914 4254 1199 4328; x_wconf 79' lang='grc' dir='ltr'>ὲνδοτέρας</span> <span class='ocrx_word' id='word_1_457' title='bbox 1228 4258 1520 4330; x_wconf 80' lang='grc' dir='ltr'>θελήσεως.</span> <span class='ocrx_word' id='word_1_458' title='bbox 1561 4267 1707 4330; x_wconf 78' lang='grc' dir='ltr'>Νοῦς</span> <span class='ocrx_word' id='word_1_459' title='bbox 1738 4270 1846 4338; x_wconf 84' lang='grc' dir='ltr'>γὰρ</span> <span class='ocrx_word' id='word_1_460' title='bbox 1878 4270 1954 4321; x_wconf 84' lang='grc' dir='ltr'><strong>ὢν</strong></span> 
     </span>
    </p>
   </div>
   <div class='ocr_carea' id='block_1_63' title="bbox 372 4335 1955 4428">
    <p class='ocr_par' dir='ltr' id='par_1_63' title="bbox 372 4335 1955 4428">
     <span class='ocr_line' id='line_1_63' title="bbox 372 4335 1955 4428; baseline 0.019 -43"><span class='ocrx_word' id='word_1_461' title='bbox 372 4336 403 4385; x_wconf 90' lang='lat'><strong>6</strong></span> <span class='ocrx_word' id='word_1_462' title='bbox 434 4335 567 4400; x_wconf 87' lang='grc' dir='ltr'>Θεὸς</span> <span class='ocrx_word' id='word_1_463' title='bbox 598 4341 904 4405; x_wconf 75' lang='grc' dir='ltr'>σοφιῖιτατός</span> <span class='ocrx_word' id='word_1_464' title='bbox 933 4362 990 4397; x_wconf 87' lang='grc' dir='ltr'><strong>τε</strong></span> <span class='ocrx_word' id='word_1_465' title='bbox 1021 4347 1114 4398; x_wconf 76' lang='grc' dir='ltr'><strong>καὶ</strong></span> <span class='ocrx_word' id='word_1_466' title='bbox 1154 4349 1507 4415; x_wconf 78' lang='grc' dir='ltr'>ἁγαθώτατος</span> <span class='ocrx_word' id='word_1_467' title='bbox 1534 4357 1642 4409; x_wconf 81' lang='grc' dir='ltr'>οὐδ’</span> <span class='ocrx_word' id='word_1_468' title='bbox 1672 4359 1737 4411; x_wconf 80' lang='grc' dir='ltr'>ἐκ</span> <span class='ocrx_word' id='word_1_469' title='bbox 1769 4335 1867 4428; x_wconf 61' lang='grc' dir='ltr'><strong>της</strong></span> <span class='ocrx_word' id='word_1_470' title='bbox 1899 4361 1955 4413; x_wconf 78' lang='grc' dir='ltr'>ἐν</span> 
     </span>
    </p>
   </div>
   <div class='ocr_carea' id='block_1_64' title="bbox 2066 1889 3641 1965">
    <p class='ocr_par' dir='ltr' id='par_1_64' title="bbox 2066 1889 3641 1965">
     <span class='ocr_line' id='line_1_64' title="bbox 2066 1889 3641 1965; baseline 0.007 -26"><span class='ocrx_word' id='word_1_471' title='bbox 2066 1889 2345 1943; x_wconf 85' lang='lat' dir='ltr'><strong>voluntate</strong></span> <span class='ocrx_word' id='word_1_472' title='bbox 2380 1905 2476 1944; x_wconf 86' lang='lat' dir='ltr'><strong>seu</strong></span> <span class='ocrx_word' id='word_1_473' title='bbox 2513 1893 2692 1960; x_wconf 84' lang='lat' dir='ltr'><strong>potius</strong></span> <span class='ocrx_word' id='word_1_474' title='bbox 2736 1894 3062 1964; x_wconf 79' lang='lat' dir='ltr'><strong>intelligibili</strong></span> <span class='ocrx_word' id='word_1_475' title='bbox 3126 1912 3313 1951; x_wconf 85' lang='lat' dir='ltr'><strong>amore</strong></span> <span class='ocrx_word' id='word_1_476' title='bbox 3369 1899 3641 1965; x_wconf 79' lang='lat' dir='ltr'><strong>prOpriam</strong></span> 
     </span>
    </p>
   </div>
   <div class='ocr_carea' id='block_1_65' title="bbox 2072 1981 3645 2057">
    <p class='ocr_par' dir='ltr' id='par_1_65' title="bbox 2072 1981 3645 2057">
     <span class='ocr_line' id='line_1_65' title="bbox 2072 1981 3645 2057; baseline 0.006 -23"><span class='ocrx_word' id='word_1_477' title='bbox 2072 1981 2460 2049; x_wconf 75' lang='lat' dir='ltr'><strong>perfectionem</strong></span> <span class='ocrx_word' id='word_1_478' title='bbox 2493 1985 2805 2052; x_wconf 64' lang='lat' dir='ltr'><strong>assequitur</strong></span> <span class='ocrx_word' id='word_1_479' title='bbox 2833 1996 2887 2039; x_wconf 91' lang='lat' dir='ltr'><strong>et</strong></span> <span class='ocrx_word' id='word_1_480' title='bbox 2926 1988 3105 2041; x_wconf 88' lang='lat' dir='ltr'><strong>tribus</strong></span> <span class='ocrx_word' id='word_1_481' title='bbox 3150 1990 3256 2043; x_wconf 91' lang='lat' dir='ltr'><strong>illis</strong></span> <span class='ocrx_word' id='word_1_482' title='bbox 3290 1992 3645 2057; x_wconf 82' lang='lat' dir='ltr'><strong>proprietati-</strong></span> 
     </span>
    </p>
   </div>
   <div class='ocr_carea' id='block_1_66' title="bbox 2070 2072 3643 2141">
    <p class='ocr_par' dir='ltr' id='par_1_66' title="bbox 2070 2072 3643 2141">
     <span class='ocr_line' id='line_1_66' title="bbox 2070 2072 3643 2141; baseline 0.006 -18"><span class='ocrx_word' id='word_1_483' title='bbox 2070 2073 2169 2123; x_wconf 88' lang='lat' dir='ltr'><strong>bus</strong></span> <span class='ocrx_word' id='word_1_484' title='bbox 2200 2072 2609 2141; x_wconf 83' lang='lat' dir='ltr'><strong>iutelligibiliter</strong></span> <span class='ocrx_word' id='word_1_485' title='bbox 2670 2074 3011 2130; x_wconf 78' lang='lat' dir='ltr'><strong>ell&#39;ormatur.</strong></span> <span class='ocrx_word' id='word_1_486' title='bbox 3059 2077 3177 2133; x_wconf 85' lang='lat' dir='ltr'><strong>Jam</strong></span> <span class='ocrx_word' id='word_1_487' title='bbox 3221 2094 3350 2132; x_wconf 88' lang='lat' dir='ltr'><strong>vero</strong></span> <span class='ocrx_word' id='word_1_488' title='bbox 3383 2080 3526 2133; x_wconf 87' lang='lat' dir='ltr'><strong>idem</strong></span> <span class='ocrx_word' id='word_1_489' title='bbox 3556 2091 3643 2136; x_wconf 84' lang='lat' dir='ltr'><strong>est</strong></span> 
     </span>
    </p>
   </div>
   <div class='ocr_carea' id='block_1_67' title="bbox 2067 2160 3645 2237">
    <p class='ocr_par' dir='ltr' id='par_1_67' title="bbox 2067 2160 3645 2237">
     <span class='ocr_line' id='line_1_67' title="bbox 2067 2160 3645 2237; baseline 0.008 -25"><span class='ocrx_word' id='word_1_490' title='bbox 2067 2160 2249 2214; x_wconf 83' lang='lat' dir='ltr'><strong>dicere</strong></span> <span class='ocrx_word' id='word_1_491' title='bbox 2281 2162 2578 2216; x_wconf 82' lang='lat' dir='ltr'><strong>humanum</strong></span> <span class='ocrx_word' id='word_1_492' title='bbox 2620 2164 2953 2219; x_wconf 78' lang='lat' dir='ltr'><strong>intellectura</strong></span> <span class='ocrx_word' id='word_1_493' title='bbox 2990 2179 3151 2237; x_wconf 86' lang='lat' dir='ltr'><strong>atque</strong></span> <span class='ocrx_word' id='word_1_494' title='bbox 3182 2170 3474 2224; x_wconf 80' lang='lat' dir='ltr'><strong>humanam</strong></span> <span class='ocrx_word' id='word_1_495' title='bbox 3526 2174 3645 2226; x_wconf 90' lang='lat' dir='ltr'><strong>ani-</strong></span> 
     </span>
    </p>
   </div>
   <div class='ocr_carea' id='block_1_68' title="bbox 2067 2254 3640 2330">
    <p class='ocr_par' dir='ltr' id='par_1_68' title="bbox 2067 2254 3640 2330">
     <span class='ocr_line' id='line_1_68' title="bbox 2067 2254 3640 2330; baseline 0.008 -26"><span class='ocrx_word' id='word_1_496' title='bbox 2067 2267 2231 2321; x_wconf 76' lang='lat' dir='ltr'><strong>mam,</strong></span> <span class='ocrx_word' id='word_1_497' title='bbox 2262 2254 2518 2322; x_wconf 81' lang='lat' dir='ltr'><strong>explicite</strong></span> <span class='ocrx_word' id='word_1_498' title='bbox 2547 2257 2766 2324; x_wconf 87' lang='lat' dir='ltr'><strong>quidem</strong></span> <span class='ocrx_word' id='word_1_499' title='bbox 2786 2257 3060 2312; x_wconf 86' lang='lat' dir='ltr'><strong>intellectu</strong></span> <span class='ocrx_word' id='word_1_500' title='bbox 3083 2263 3318 2330; x_wconf 85' lang='lat' dir='ltr'><strong>cognito,</strong></span> <span class='ocrx_word' id='word_1_501' title='bbox 3370 2263 3640 2318; x_wconf 86' lang='lat' dir='ltr'><strong>collectim</strong></span> 
     </span>
    </p>
   </div>
   <div class='ocr_carea' id='block_1_69' title="bbox 2068 2346 3643 2427">
    <p class='ocr_par' dir='ltr' id='par_1_69' title="bbox 2068 2346 3643 2427">
     <span class='ocr_line' id='line_1_69' title="bbox 2068 2346 3643 2427; baseline 0.009 -29"><span class='ocrx_word' id='word_1_502' title='bbox 2068 2354 2248 2398; x_wconf 87' lang='lat' dir='ltr'><strong>autem</strong></span> <span class='ocrx_word' id='word_1_503' title='bbox 2272 2346 2471 2399; x_wconf 84' lang='lat' dir='ltr'><strong>anima.</strong></span> <span class='ocrx_word' id='word_1_504' title='bbox 2506 2346 2651 2401; x_wconf 83' lang='lat' dir='ltr'><strong>idem</strong></span> <span class='ocrx_word' id='word_1_505' title='bbox 2686 2363 2882 2406; x_wconf 82' lang='lat' dir='ltr'><strong>rursus</strong></span> <span class='ocrx_word' id='word_1_506' title='bbox 2929 2353 3107 2406; x_wconf 88' lang='lat' dir='ltr'><strong>anima</strong></span> <span class='ocrx_word' id='word_1_507' title='bbox 3145 2354 3380 2409; x_wconf 85' lang='lat' dir='ltr'><strong>humana</strong></span> <span class='ocrx_word' id='word_1_508' title='bbox 3426 2360 3643 2427; x_wconf 85' lang='lat' dir='ltr'><strong>proprie</strong></span> 
     </span>
    </p>
   </div>
   <div class='ocr_carea' id='block_1_70' title="bbox 2068 2436 3643 2513">
    <p class='ocr_par' dir='ltr' id='par_1_70' title="bbox 2068 2436 3643 2513">
     <span class='ocr_line' id='line_1_70' title="bbox 2068 2436 3643 2513; baseline 0.008 -25"><span class='ocrx_word' id='word_1_509' title='bbox 2068 2436 2455 2513; x_wconf 66' lang='lat' dir='ltr'><strong>dicituratque</strong></span> <span class='ocrx_word' id='word_1_510' title='bbox 2501 2438 2683 2505; x_wconf 89' lang='lat' dir='ltr'><strong>homo,</strong></span> <span class='ocrx_word' id='word_1_511' title='bbox 2736 2449 2796 2493; x_wconf 89' lang='lat' dir='ltr'><strong>ut</strong></span> <span class='ocrx_word' id='word_1_512' title='bbox 2858 2442 2971 2511; x_wconf 85' lang='lat' dir='ltr'><strong>jam</strong></span> <span class='ocrx_word' id='word_1_513' title='bbox 3030 2447 3304 2513; x_wconf 82' lang='lat' dir='ltr'><strong>superius.</strong></span> <span class='ocrx_word' id='word_1_514' title='bbox 3341 2447 3556 2503; x_wconf 81' lang='lat' dir='ltr'><strong>Atenim</strong></span> <span class='ocrx_word' id='word_1_515' title='bbox 3613 2464 3643 2501; x_wconf 84' lang='lat' dir='ltr'><strong>a</strong></span> 
     </span>
    </p>
   </div>
   <div class='ocr_carea' id='block_1_71' title="bbox 2070 2528 3644 2608">
    <p class='ocr_par' dir='ltr' id='par_1_71' title="bbox 2070 2528 3644 2608">
     <span class='ocr_line' id='line_1_71' title="bbox 2070 2528 3644 2608; baseline 0.011 -30"><span class='ocrx_word' id='word_1_516' title='bbox 2070 2528 2243 2593; x_wconf 86' lang='lat' dir='ltr'><strong>prima</strong></span> <span class='ocrx_word' id='word_1_517' title='bbox 2273 2543 2441 2585; x_wconf 72' lang='lat' dir='ltr'><strong>causa</strong></span> <span class='ocrx_word' id='word_1_518' title='bbox 2473 2540 2527 2585; x_wconf 90' lang='lat' dir='ltr'><strong>et</strong></span> <span class='ocrx_word' id='word_1_519' title='bbox 2574 2532 2856 2588; x_wconf 85' lang='lat' dir='ltr'><strong>conditore</strong></span> <span class='ocrx_word' id='word_1_520' title='bbox 2897 2534 3006 2591; x_wconf 85' lang='lat' dir='ltr'><strong>Deo</strong></span> <span class='ocrx_word' id='word_1_521' title='bbox 3046 2537 3158 2590; x_wconf 60' lang='lat' dir='ltr'><strong>haec</strong></span> <span class='ocrx_word' id='word_1_522' title='bbox 3188 2542 3368 2594; x_wconf 84' lang='lat' dir='ltr'><strong>omnia</strong></span> <span class='ocrx_word' id='word_1_523' title='bbox 3406 2542 3644 2608; x_wconf 72' lang='lat' dir='ltr'><strong>po~sidet</strong></span> 
     </span>
    </p>
   </div>
   <div class='ocr_carea' id='block_1_72' title="bbox 2068 2618 3639 2699">
    <p class='ocr_par' dir='ltr' id='par_1_72' title="bbox 2068 2618 3639 2699">
     <span class='ocr_line' id='line_1_72' title="bbox 2068 2618 3639 2699; baseline 0.01 -28"><span class='ocrx_word' id='word_1_524' title='bbox 2068 2618 2264 2683; x_wconf 87' lang='lat' dir='ltr'><strong>homo;</strong></span> <span class='ocrx_word' id='word_1_525' title='bbox 2320 2621 2458 2674; x_wconf 86' lang='lat' dir='ltr'><strong>adeo</strong></span> <span class='ocrx_word' id='word_1_526' title='bbox 2516 2629 2595 2687; x_wconf 90' lang='lat' dir='ltr'><strong>ut,</strong></span> <span class='ocrx_word' id='word_1_527' title='bbox 2651 2623 2804 2691; x_wconf 78' lang='lat' dir='ltr'><strong>juxta</strong></span> <span class='ocrx_word' id='word_1_528' title='bbox 2838 2640 2958 2694; x_wconf 72' lang='lat' dir='ltr'><strong>qua:</strong></span> <span class='ocrx_word' id='word_1_529' title='bbox 3015 2628 3173 2681; x_wconf 87' lang='lat' dir='ltr'><strong>initio</strong></span> <span class='ocrx_word' id='word_1_530' title='bbox 3226 2645 3639 2699; x_wconf 84' lang='lat' dir='ltr'><strong>proposueram,</strong></span> 
     </span>
    </p>
   </div>
   <div class='ocr_carea' id='block_1_73' title="bbox 2066 2709 3641 2793">
    <p class='ocr_par' dir='ltr' id='par_1_73' title="bbox 2066 2709 3641 2793">
     <span class='ocr_line' id='line_1_73' title="bbox 2066 2709 3641 2793; baseline 0.012 -32"><span class='ocrx_word' id='word_1_531' title='bbox 2066 2709 2235 2762; x_wconf 81' lang='lat' dir='ltr'><strong>multo</strong></span> <span class='ocrx_word' id='word_1_532' title='bbox 2258 2713 2429 2781; x_wconf 82' lang='lat' dir='ltr'><strong>magis</strong></span> <span class='ocrx_word' id='word_1_533' title='bbox 2462 2714 2513 2766; x_wconf 92' lang='lat' dir='ltr'><strong>in</strong></span> <span class='ocrx_word' id='word_1_534' title='bbox 2542 2714 2646 2768; x_wconf 88' lang='lat' dir='ltr'><strong>Deo</strong></span> <span class='ocrx_word' id='word_1_535' title='bbox 2678 2716 2788 2768; x_wconf 86' lang='lat' dir='ltr'><strong>sint</strong></span> <span class='ocrx_word' id='word_1_536' title='bbox 2849 2717 3199 2773; x_wconf 84' lang='lat' dir='ltr'><strong>invisibiliter</strong></span> <span class='ocrx_word' id='word_1_537' title='bbox 3231 2732 3285 2775; x_wconf 92' lang='lat' dir='ltr'><strong>et</strong></span> <span class='ocrx_word' id='word_1_538' title='bbox 3313 2738 3641 2793; x_wconf 86' lang='lat' dir='ltr'><strong>congenere,</strong></span> 
     </span>
    </p>
   </div>
   <div class='ocr_carea' id='block_1_74' title="bbox 2066 2800 3644 2883">
    <p class='ocr_par' dir='ltr' id='par_1_74' title="bbox 2066 2800 3644 2883">
     <span class='ocr_line' id='line_1_74' title="bbox 2066 2800 3644 2883; baseline 0.013 -32"><span class='ocrx_word' id='word_1_539' title='bbox 2066 2800 2226 2867; x_wconf 86' lang='lat' dir='ltr'><strong>idque</strong></span> <span class='ocrx_word' id='word_1_540' title='bbox 2281 2802 2491 2857; x_wconf 86' lang='lat' dir='ltr'><strong>inlinite</strong></span> <span class='ocrx_word' id='word_1_541' title='bbox 2556 2806 2863 2862; x_wconf 85' lang='lat' dir='ltr'><strong>sublimiori</strong></span> <span class='ocrx_word' id='word_1_542' title='bbox 2906 2812 3088 2866; x_wconf 89' lang='lat' dir='ltr'><strong>modo.</strong></span> <span class='ocrx_word' id='word_1_543' title='bbox 3152 2812 3308 2879; x_wconf 89' lang='lat' dir='ltr'><strong>Quod</strong></span> <span class='ocrx_word' id='word_1_544' title='bbox 3356 2817 3644 2883; x_wconf 84' lang='lat' dir='ltr'><strong>hucusque</strong></span> 
     </span>
    </p>
   </div>
   <div class='ocr_carea' id='block_1_75' title="bbox 2065 2886 3639 2964">
    <p class='ocr_par' dir='ltr' id='par_1_75' title="bbox 2065 2886 3639 2964">
     <span class='ocr_line' id='line_1_75' title="bbox 2065 2886 3639 2964; baseline 0.015 -25"><span class='ocrx_word' id='word_1_545' title='bbox 2065 2886 2270 2941; x_wconf 91' lang='lat' dir='ltr'><strong>dictum</strong></span> <span class='ocrx_word' id='word_1_546' title='bbox 2304 2898 2409 2957; x_wconf 88' lang='lat' dir='ltr'><strong>est,</strong></span> <span class='ocrx_word' id='word_1_547' title='bbox 2435 2891 2608 2953; x_wconf 80' lang='lat' dir='ltr'><strong>fusius</strong></span> <span class='ocrx_word' id='word_1_548' title='bbox 2641 2906 2903 2964; x_wconf 71' lang='lat' dir='ltr'><strong>praeterea</strong></span> <span class='ocrx_word' id='word_1_549' title='bbox 2962 2901 3463 2961; x_wconf 88' lang='lat' dir='ltr'><strong>demonstrandum.</strong></span> <span class='ocrx_word' id='word_1_550' title='bbox 3502 2908 3639 2963; x_wconf 89' lang='lat' dir='ltr'><strong>lliuc</strong></span> 
     </span>
    </p>
   </div>
   <div class='ocr_carea' id='block_1_76' title="bbox 2066 2978 3644 3063">
    <p class='ocr_par' dir='ltr' id='par_1_76' title="bbox 2066 2978 3644 3063">
     <span class='ocr_line' id='line_1_76' title="bbox 2066 2978 3644 3063; baseline 0.015 -29"><span class='ocrx_word' id='word_1_551' title='bbox 2066 2978 2249 3047; x_wconf 83' lang='lat' dir='ltr'><strong>itaque</strong></span> <span class='ocrx_word' id='word_1_552' title='bbox 2270 2983 2513 3037; x_wconf 82' lang='lat' dir='ltr'><strong>exeritur</strong></span> <span class='ocrx_word' id='word_1_553' title='bbox 2538 2985 2811 3042; x_wconf 90' lang='lat' dir='ltr'><strong>hominem</strong></span> <span class='ocrx_word' id='word_1_554' title='bbox 2846 2991 2912 3043; x_wconf 84' lang='lat' dir='ltr'><strong>ad</strong></span> <span class='ocrx_word' id='word_1_555' title='bbox 2944 2991 3235 3063; x_wconf 77' lang='lat' dir='ltr'><strong>imaginem</strong></span> <span class='ocrx_word' id='word_1_556' title='bbox 3290 3007 3343 3051; x_wconf 91' lang='lat' dir='ltr'><strong>et</strong></span> <span class='ocrx_word' id='word_1_557' title='bbox 3389 3000 3644 3056; x_wconf 87' lang='lat' dir='ltr'><strong>similitu-</strong></span> 
     </span>
    </p>
   </div>
   <div class='ocr_carea' id='block_1_77' title="bbox 2064 3070 3641 3149">
    <p class='ocr_par' dir='ltr' id='par_1_77' title="bbox 2064 3070 3641 3149">
     <span class='ocr_line' id='line_1_77' title="bbox 2064 3070 3641 3149; baseline 0.015 -26"><span class='ocrx_word' id='word_1_558' title='bbox 2064 3070 2245 3125; x_wconf 85' lang='lat' dir='ltr'><strong>dinem</strong></span> <span class='ocrx_word' id='word_1_559' title='bbox 2279 3072 2367 3127; x_wconf 87' lang='lat' dir='ltr'><strong>Dei</strong></span> <span class='ocrx_word' id='word_1_560' title='bbox 2395 3090 2516 3131; x_wconf 86' lang='lat' dir='ltr'><strong>esse</strong></span> <span class='ocrx_word' id='word_1_561' title='bbox 2537 3077 2765 3145; x_wconf 70' lang='lat' dir='ltr'><strong>factum,</strong></span> <span class='ocrx_word' id='word_1_562' title='bbox 2802 3084 2944 3149; x_wconf 84' lang='lat' dir='ltr'><strong>quod</strong></span> <span class='ocrx_word' id='word_1_563' title='bbox 2983 3084 3131 3139; x_wconf 74' lang='lat' dir='ltr'><strong>illiilli</strong></span> <span class='ocrx_word' id='word_1_564' title='bbox 3196 3086 3337 3143; x_wconf 63' lang='lat' dir='ltr'><strong>licus</strong></span> <span class='ocrx_word' id='word_1_565' title='bbox 3390 3088 3641 3147; x_wconf 86' lang='lat' dir='ltr'><strong>Trinitati</strong></span> 
     </span>
    </p>
   </div>
   <div class='ocr_carea' id='block_1_78' title="bbox 2061 3162 3645 3248">
    <p class='ocr_par' dir='ltr' id='par_1_78' title="bbox 2061 3162 3645 3248">
     <span class='ocr_line' id='line_1_78' title="bbox 2061 3162 3645 3248; baseline 0.016 -35"><span class='ocrx_word' id='word_1_566' title='bbox 2061 3177 2179 3229; x_wconf 71' lang='lat' dir='ltr'><strong>quae</strong></span> <span class='ocrx_word' id='word_1_567' title='bbox 2207 3162 2262 3215; x_wconf 88' lang='lat' dir='ltr'><strong>in</strong></span> <span class='ocrx_word' id='word_1_568' title='bbox 2288 3164 2407 3232; x_wconf 88' lang='lat' dir='ltr'><strong>ipso</strong></span> <span class='ocrx_word' id='word_1_569' title='bbox 2433 3176 2516 3220; x_wconf 90' lang='lat' dir='ltr'><strong>est</strong></span> <span class='ocrx_word' id='word_1_570' title='bbox 2535 3168 2770 3224; x_wconf 84' lang='lat' dir='ltr'><strong>similem</strong></span> <span class='ocrx_word' id='word_1_571' title='bbox 2802 3172 3129 3231; x_wconf 85' lang='lat' dir='ltr'><strong>ell‘ormavit.</strong></span> <span class='ocrx_word' id='word_1_572' title='bbox 3156 3180 3392 3248; x_wconf 78' lang='lat' dir='ltr'><strong>Ideoque</strong></span> <span class='ocrx_word' id='word_1_573' title='bbox 3422 3199 3482 3236; x_wconf 78' lang='lat' dir='ltr'><strong>ex</strong></span> <span class='ocrx_word' id='word_1_574' title='bbox 3509 3185 3645 3239; x_wconf 82' lang='lat' dir='ltr'><strong>ima—</strong></span> 
     </span>
    </p>
   </div>
   <div class='ocr_carea' id='block_1_79' title="bbox 2061 3252 3641 3342">
    <p class='ocr_par' dir='ltr' id='par_1_79' title="bbox 2061 3252 3641 3342">
     <span class='ocr_line' id='line_1_79' title="bbox 2061 3252 3641 3342; baseline 0.019 -39"><span class='ocrx_word' id='word_1_575' title='bbox 2061 3252 2183 3318; x_wconf 83' lang='lat' dir='ltr'><strong>gine</strong></span> <span class='ocrx_word' id='word_1_576' title='bbox 2214 3269 2557 3325; x_wconf 76' lang='lat' dir='ltr'><strong>qumcunque</strong></span> <span class='ocrx_word' id='word_1_577' title='bbox 2590 3258 2657 3313; x_wconf 91' lang='lat' dir='ltr'><strong>de</strong></span> <span class='ocrx_word' id='word_1_578' title='bbox 2688 3277 2748 3316; x_wconf 82' lang='lat' dir='ltr'><strong>ea</strong></span> <span class='ocrx_word' id='word_1_579' title='bbox 2781 3263 3040 3320; x_wconf 85' lang='lat' dir='ltr'><strong>dicuntur</strong></span> <span class='ocrx_word' id='word_1_580' title='bbox 3076 3271 3140 3322; x_wconf 81' lang='lat' dir='ltr'><strong>ad</strong></span> <span class='ocrx_word' id='word_1_581' title='bbox 3211 3276 3488 3342; x_wconf 83' lang='lat' dir='ltr'><strong>exemplar</strong></span> <span class='ocrx_word' id='word_1_582' title='bbox 3513 3288 3641 3332; x_wconf 91' lang='lat' dir='ltr'><strong>sunt</strong></span> 
     </span>
    </p>
   </div>
   <div class='ocr_carea' id='block_1_80' title="bbox 2062 3341 3643 3437">
    <p class='ocr_par' dir='ltr' id='par_1_80' title="bbox 2062 3341 3643 3437">
     <span class='ocr_line' id='line_1_80' title="bbox 2062 3341 3643 3437; baseline 0.021 -45"><span class='ocrx_word' id='word_1_583' title='bbox 2062 3341 2363 3410; x_wconf 80' lang='lat' dir='ltr'><strong>referenda,</strong></span> <span class='ocrx_word' id='word_1_584' title='bbox 2392 3348 2698 3403; x_wconf 86' lang='lat' dir='ltr'><strong>evidentius</strong></span> <span class='ocrx_word' id='word_1_585' title='bbox 2730 3366 2793 3407; x_wconf 88' lang='lat' dir='ltr'><strong>ac</strong></span> <span class='ocrx_word' id='word_1_586' title='bbox 2819 3359 3077 3426; x_wconf 84' lang='lat' dir='ltr'><strong>proprius</strong></span> <span class='ocrx_word' id='word_1_587' title='bbox 3114 3361 3179 3414; x_wconf 90' lang='lat' dir='ltr'><strong>de</strong></span> <span class='ocrx_word' id='word_1_588' title='bbox 3208 3362 3314 3416; x_wconf 79' lang='lat' dir='ltr'><strong>Deo</strong></span> <span class='ocrx_word' id='word_1_589' title='bbox 3343 3367 3643 3437; x_wconf 71' lang='lat' dir='ltr'><strong>theologica</strong></span> 
     </span>
    </p>
   </div>
   <div class='ocr_carea' id='block_1_81' title="bbox 2064 3437 3637 3520">
    <p class='ocr_par' dir='ltr' id='par_1_81' title="bbox 2064 3437 3637 3520">
     <span class='ocr_line' id='line_1_81' title="bbox 2064 3437 3637 3520; baseline 0.022 -41"><span class='ocrx_word' id='word_1_590' title='bbox 2064 3438 2199 3492; x_wconf 84' lang='lat' dir='ltr'><strong>rata,</strong></span> <span class='ocrx_word' id='word_1_591' title='bbox 2234 3441 2290 3483; x_wconf 92' lang='lat' dir='ltr'><strong>ut</strong></span> <span class='ocrx_word' id='word_1_592' title='bbox 2325 3437 2567 3502; x_wconf 84' lang='lat' dir='ltr'><strong>quotidie</strong></span> <span class='ocrx_word' id='word_1_593' title='bbox 2619 3438 2817 3494; x_wconf 90' lang='lat' dir='ltr'><strong>docent</strong></span> <span class='ocrx_word' id='word_1_594' title='bbox 2868 3443 3125 3501; x_wconf 77' lang='lat' dir='ltr'><strong>Ecclesiae</strong></span> <span class='ocrx_word' id='word_1_595' title='bbox 3176 3453 3440 3520; x_wconf 76' lang='lat' dir='ltr'><strong>magistri.</strong></span> <span class='ocrx_word' id='word_1_596' title='bbox 3502 3456 3637 3513; x_wconf 82' lang='lat' dir='ltr'><strong>Nam</strong></span> 
     </span>
    </p>
   </div>
   <div class='ocr_carea' id='block_1_82' title="bbox 2060 3522 3641 3619">
    <p class='ocr_par' dir='ltr' id='par_1_82' title="bbox 2060 3522 3641 3619">
     <span class='ocr_line' id='line_1_82' title="bbox 2060 3522 3641 3619; baseline 0.023 -50"><span class='ocrx_word' id='word_1_597' title='bbox 2060 3535 2201 3575; x_wconf 89' lang='lat' dir='ltr'><strong>unus</strong></span> <span class='ocrx_word' id='word_1_598' title='bbox 2228 3522 2319 3577; x_wconf 85' lang='lat' dir='ltr'><strong>ille</strong></span> <span class='ocrx_word' id='word_1_599' title='bbox 2347 3536 2397 3579; x_wconf 79' lang='lat' dir='ltr'><strong>et</strong></span> <span class='ocrx_word' id='word_1_600' title='bbox 2436 3527 2879 3595; x_wconf 74' lang='lat' dir='ltr'><strong>simplicissimus</strong></span> <span class='ocrx_word' id='word_1_601' title='bbox 2907 3549 3099 3593; x_wconf 86' lang='lat' dir='ltr'><strong>natura</strong></span> <span class='ocrx_word' id='word_1_602' title='bbox 3138 3543 3296 3608; x_wconf 77' lang='lat' dir='ltr'><strong>Dens,</strong></span> <span class='ocrx_word' id='word_1_603' title='bbox 3366 3548 3641 3619; x_wconf 88' lang='lat' dir='ltr'><strong>totiusque</strong></span> 
     </span>
    </p>
   </div>
   <div class='ocr_carea' id='block_1_83' title="bbox 2060 3610 3637 3703">
    <p class='ocr_par' dir='ltr' id='par_1_83' title="bbox 2060 3610 3637 3703">
     <span class='ocr_line' id='line_1_83' title="bbox 2060 3610 3637 3703; baseline 0.023 -40"><span class='ocrx_word' id='word_1_604' title='bbox 2060 3610 2221 3680; x_wconf 82' lang='lat' dir='ltr'><strong>hujus</strong></span> <span class='ocrx_word' id='word_1_605' title='bbox 2250 3618 2434 3670; x_wconf 89' lang='lat' dir='ltr'><strong>mundi</strong></span> <span class='ocrx_word' id='word_1_606' title='bbox 2480 3621 2631 3673; x_wconf 85' lang='lat' dir='ltr'><strong>solus</strong></span> <span class='ocrx_word' id='word_1_607' title='bbox 2690 3626 2979 3688; x_wconf 89' lang='lat' dir='ltr'><strong>conditor,</strong></span> <span class='ocrx_word' id='word_1_608' title='bbox 3031 3630 3233 3686; x_wconf 67' lang='lat' dir='ltr'><strong>divinis</strong></span> <span class='ocrx_word' id='word_1_609' title='bbox 3289 3645 3637 3703; x_wconf 87' lang='lat' dir='ltr'><strong>monentibus</strong></span> 
     </span>
    </p>
   </div>
   <div class='ocr_carea' id='block_1_84' title="bbox 2058 3704 3637 3802">
    <p class='ocr_par' dir='ltr' id='par_1_84' title="bbox 2058 3704 3637 3802">
     <span class='ocr_line' id='line_1_84' title="bbox 2058 3704 3637 3802; baseline 0.023 -48"><span class='ocrx_word' id='word_1_610' title='bbox 2058 3704 2315 3766; x_wconf 74' lang='lat' dir='ltr'><strong>ornetilis,</strong></span> <span class='ocrx_word' id='word_1_611' title='bbox 2346 3705 2584 3765; x_wconf 85' lang='lat' dir='ltr'><strong>Trinitas</strong></span> <span class='ocrx_word' id='word_1_612' title='bbox 2615 3722 2696 3766; x_wconf 89' lang='lat' dir='ltr'><strong>est</strong></span> <span class='ocrx_word' id='word_1_613' title='bbox 2721 3719 3118 3784; x_wconf 82' lang='lat' dir='ltr'><strong>proprietatum</strong></span> <span class='ocrx_word' id='word_1_614' title='bbox 3150 3738 3202 3777; x_wconf 89' lang='lat' dir='ltr'><strong>et</strong></span> <span class='ocrx_word' id='word_1_615' title='bbox 3252 3743 3637 3802; x_wconf 86' lang='lat' dir='ltr'><strong>personarum,</strong></span> 
     </span>
    </p>
   </div>
   <div class='ocr_carea' id='block_1_85' title="bbox 2059 3794 3642 3883">
    <p class='ocr_par' dir='ltr' id='par_1_85' title="bbox 2059 3794 3642 3883">
     <span class='ocr_line' id='line_1_85' title="bbox 2059 3794 3642 3883; baseline 0.023 -37"><span class='ocrx_word' id='word_1_616' title='bbox 2059 3794 2301 3852; x_wconf 85' lang='lat' dir='ltr'><strong>Trinitas</strong></span> <span class='ocrx_word' id='word_1_617' title='bbox 2342 3800 2563 3867; x_wconf 86' lang='lat' dir='ltr'><strong>quidem</strong></span> <span class='ocrx_word' id='word_1_618' title='bbox 2621 3804 2933 3876; x_wconf 78' lang='lat' dir='ltr'><strong>intelligens</strong></span> <span class='ocrx_word' id='word_1_619' title='bbox 2991 3816 3170 3881; x_wconf 85' lang='lat' dir='ltr'><strong>qualis</strong></span> <span class='ocrx_word' id='word_1_620' title='bbox 3224 3794 3380 3875; x_wconf 86' lang='lat' dir='ltr'><strong>decet</strong></span> <span class='ocrx_word' id='word_1_621' title='bbox 3432 3794 3642 3883; x_wconf 59' lang='lat' dir='ltr'><strong>intelle;</strong></span> 
     </span>
    </p>
   </div>
   <div class='ocr_carea' id='block_1_86' title="bbox 2058 3890 3641 3973">
    <p class='ocr_par' dir='ltr' id='par_1_86' title="bbox 2058 3890 3641 3973">
     <span class='ocr_line' id='line_1_86' title="bbox 2058 3890 3641 3973; baseline 0.023 -34"><span class='ocrx_word' id='word_1_622' title='bbox 2058 3896 2206 3941; x_wconf 89' lang='lat' dir='ltr'><strong>ctum</strong></span> <span class='ocrx_word' id='word_1_623' title='bbox 2239 3890 2471 3957; x_wconf 89' lang='lat' dir='ltr'><strong>primum</strong></span> <span class='ocrx_word' id='word_1_624' title='bbox 2502 3895 2749 3965; x_wconf 82' lang='lat' dir='ltr'><strong>cujusvis</strong></span> <span class='ocrx_word' id='word_1_625' title='bbox 2829 3904 3000 3957; x_wconf 86' lang='lat' dir='ltr'><strong>creati</strong></span> <span class='ocrx_word' id='word_1_626' title='bbox 3081 3908 3386 3970; x_wconf 65' lang='lat' dir='ltr'><strong>intellectus</strong></span> <span class='ocrx_word' id='word_1_627' title='bbox 3447 3929 3641 3973; x_wconf 84' lang='lat' dir='ltr'><strong>aucto-</strong></span> 
     </span>
    </p>
   </div>
   <div class='ocr_carea' id='block_1_87' title="bbox 2060 3981 3640 4079">
    <p class='ocr_par' dir='ltr' id='par_1_87' title="bbox 2060 3981 3640 4079">
     <span class='ocr_line' id='line_1_87' title="bbox 2060 3981 3640 4079; baseline 0.024 -50"><span class='ocrx_word' id='word_1_628' title='bbox 2060 3994 2194 4039; x_wconf 89' lang='lat' dir='ltr'><strong>rem,</strong></span> <span class='ocrx_word' id='word_1_629' title='bbox 2227 3981 2443 4035; x_wconf 90' lang='lat' dir='ltr'><strong>divinus</strong></span> <span class='ocrx_word' id='word_1_630' title='bbox 2475 3986 2723 4041; x_wconf 83' lang='lat' dir='ltr'><strong>videlicet</strong></span> <span class='ocrx_word' id='word_1_631' title='bbox 2758 3990 3091 4061; x_wconf 87' lang='lat' dir='ltr'><strong>intellectus,</strong></span> <span class='ocrx_word' id='word_1_632' title='bbox 3124 3997 3469 4074; x_wconf 81' lang='lat' dir='ltr'><strong>Vcrhumqne</strong></span> <span class='ocrx_word' id='word_1_633' title='bbox 3521 4013 3640 4079; x_wconf 81' lang='lat' dir='ltr'><strong>ejus</strong></span> 
     </span>
    </p>
   </div>
   <div class='ocr_carea' id='block_1_88' title="bbox 2052 4070 3631 4159">
    <p class='ocr_par' dir='ltr' id='par_1_88' title="bbox 2052 4070 3631 4159">
     <span class='ocr_line' id='line_1_88' title="bbox 2052 4070 3631 4159; baseline 0.023 -37"><span class='ocrx_word' id='word_1_634' title='bbox 2052 4070 2395 4142; x_wconf 83' lang='lat' dir='ltr'><strong>intelligibilc</strong></span> <span class='ocrx_word' id='word_1_635' title='bbox 2469 4076 2681 4134; x_wconf 84' lang='lat' dir='ltr'><strong>fructus</strong></span> <span class='ocrx_word' id='word_1_636' title='bbox 2740 4083 2935 4139; x_wconf 89' lang='lat' dir='ltr'><strong>insitus</strong></span> <span class='ocrx_word' id='word_1_637' title='bbox 3001 4070 3395 4159; x_wconf 42' lang='lat' dir='ltr'><strong>iutelligcutim</strong></span> <span class='ocrx_word' id='word_1_638' title='bbox 3458 4070 3631 4158; x_wconf 70' lang='lat' dir='ltr'><strong>innati</strong></span> 
     </span>
    </p>
   </div>
   <div class='ocr_carea' id='block_1_89' title="bbox 2060 4163 3635 4266">
    <p class='ocr_par' dir='ltr' id='par_1_89' title="bbox 2060 4163 3635 4266">
     <span class='ocr_line' id='line_1_89' title="bbox 2060 4163 3635 4266; baseline 0.026 -54"><span class='ocrx_word' id='word_1_639' title='bbox 2060 4163 2365 4220; x_wconf 86' lang='lat' dir='ltr'><strong>intellectus</strong></span> <span class='ocrx_word' id='word_1_640' title='bbox 2389 4170 2821 4241; x_wconf 83' lang='lat' dir='ltr'><strong>etiutclligibilis</strong></span> <span class='ocrx_word' id='word_1_641' title='bbox 2859 4193 3011 4233; x_wconf 88' lang='lat' dir='ltr'><strong>amor</strong></span> <span class='ocrx_word' id='word_1_642' title='bbox 3058 4182 3266 4248; x_wconf 64' lang='lat' dir='ltr'><strong>{suetus</strong></span> <span class='ocrx_word' id='word_1_643' title='bbox 3325 4193 3635 4266; x_wconf 84' lang='lat' dir='ltr'><strong>intelligen-</strong></span> 
     </span>
    </p>
   </div>
   <div class='ocr_carea' id='block_1_90' title="bbox 2060 4253 3631 4343">
    <p class='ocr_par' dir='ltr' id='par_1_90' title="bbox 2060 4253 3631 4343">
     <span class='ocr_line' id='line_1_90' title="bbox 2060 4253 3631 4343; baseline 0.026 -40"><span class='ocrx_word' id='word_1_644' title='bbox 2060 4253 2128 4306; x_wconf 88' lang='lat' dir='ltr'><strong>lis</strong></span> <span class='ocrx_word' id='word_1_645' title='bbox 2153 4262 2206 4306; x_wconf 80' lang='lat' dir='ltr'><strong>cl.</strong></span> <span class='ocrx_word' id='word_1_646' title='bbox 2239 4258 2464 4311; x_wconf 63' lang='lat' dir='ltr'><strong>internae</strong></span> <span class='ocrx_word' id='word_1_647' title='bbox 2498 4264 2790 4321; x_wconf 85' lang='lat' dir='ltr'><strong>voluntatis</strong></span> <span class='ocrx_word' id='word_1_648' title='bbox 2829 4272 2988 4336; x_wconf 89' lang='lat' dir='ltr'><strong>primi</strong></span> <span class='ocrx_word' id='word_1_649' title='bbox 3037 4275 3371 4339; x_wconf 78' lang='lat' dir='ltr'><strong>intellectus.</strong></span> <span class='ocrx_word' id='word_1_650' title='bbox 3421 4253 3631 4343; x_wconf 66' lang='lat' dir='ltr'><strong>Etenim</strong></span> 
     </span>
    </p>
   </div>
   <div class='ocr_carea' id='block_1_91' title="bbox 2061 4344 3630 4447">
    <p class='ocr_par' dir='ltr' id='par_1_91' title="bbox 2061 4344 3630 4447">
     <span class='ocr_line' id='line_1_91' title="bbox 2061 4344 3630 4447; baseline 0.027 -51"><span class='ocrx_word' id='word_1_651' title='bbox 2061 4344 2202 4399; x_wconf 87' lang='lat' dir='ltr'><strong>Deus</strong></span> <span class='ocrx_word' id='word_1_652' title='bbox 2240 4362 2361 4401; x_wconf 91' lang='lat' dir='ltr'><strong>cum</strong></span> <span class='ocrx_word' id='word_1_653' title='bbox 2392 4351 2461 4403; x_wconf 89' lang='lat' dir='ltr'><strong>sit</strong></span> <span class='ocrx_word' id='word_1_654' title='bbox 2499 4353 2807 4413; x_wconf 85' lang='lat' dir='ltr'><strong>intellectus</strong></span> <span class='ocrx_word' id='word_1_655' title='bbox 2838 4366 3276 4431; x_wconf 58' lang='lat' dir='ltr'><strong>sapientissimus</strong></span> <span class='ocrx_word' id='word_1_656' title='bbox 3298 4388 3349 4427; x_wconf 86' lang='lat' dir='ltr'><strong>et</strong></span> <span class='ocrx_word' id='word_1_657' title='bbox 3371 4381 3630 4447; x_wconf 91' lang='lat' dir='ltr'><strong>optimus,</strong></span> 
     </span>
    </p>
   </div>
   <div class='ocr_carea' id='block_1_92' title="bbox 372 4428 1955 4537">
    <p class='ocr_par' dir='ltr' id='par_1_92' title="bbox 372 4428 1949 4515">
     <span class='ocr_line' id='line_1_92' title="bbox 372 4428 1949 4515; baseline 0.016 -37"><span class='ocrx_word' id='word_1_658' title='bbox 372 4428 508 4497; x_wconf 82' lang='grc' dir='ltr'><strong>ἡμῖν</strong></span> <span class='ocrx_word' id='word_1_659' title='bbox 551 4433 865 4501; x_wconf 74' lang='grc' dir='ltr'>ὁμοιότητος</span> <span class='ocrx_word' id='word_1_660' title='bbox 925 4437 1090 4490; x_wconf 82' lang='grc' dir='ltr'>αὐτοῦ</span> <span class='ocrx_word' id='word_1_661' title='bbox 1152 4442 1335 4509; x_wconf 80' lang='grc' dir='ltr'>μόνον,</span> <span class='ocrx_word' id='word_1_662' title='bbox 1400 4445 1539 4498; x_wconf 82' lang='grc' dir='ltr'>ἀλλὰ</span> <span class='ocrx_word' id='word_1_663' title='bbox 1599 4450 1693 4501; x_wconf 82' lang='grc' dir='ltr'>καὶ</span> <span class='ocrx_word' id='word_1_664' title='bbox 1746 4453 1949 4515; x_wconf 78' lang='grc' dir='ltr'>πάσαις</span> 
     </span>
    </p>
   </div>
   <div class='ocr_carea' id='block_1_93' title="bbox 2059 4428 3633 4537">
    <p class='ocr_par' dir='ltr' id='par_1_93' title="bbox 2062 4428 3633 4537">
     <span class='ocr_line' id='line_1_93' title="bbox 2902 4428 3630 4447; baseline 0.022 -16"><span class='ocrx_word' id='word_1_665' title='bbox 2902 4428 2916 4431; x_wconf 85' lang='grc'><strong>-</strong></span> <span class='ocrx_word' id='word_1_666' title='bbox 3407 4428 3630 4447; x_wconf 45' lang='lat' dir='ltr'><strong>rum&quot;.</strong></span> 
     </span>
     <span class='ocr_line' id='line_1_94' title="bbox 2062 4443 3633 4537; baseline 0.025 -48"><span class='ocrx_word' id='word_1_667' title='bbox 2062 4448 2279 4493; x_wconf 85' lang='lat' dir='ltr'><strong>utcerta</strong></span> <span class='ocrx_word' id='word_1_668' title='bbox 2306 4443 2440 4497; x_wconf 82' lang='lat' dir='ltr'><strong>ﬁdes</strong></span> <span class='ocrx_word' id='word_1_669' title='bbox 2471 4457 2555 4499; x_wconf 89' lang='lat' dir='ltr'><strong>est</strong></span> <span class='ocrx_word' id='word_1_670' title='bbox 2589 4464 2692 4501; x_wconf 90' lang='lat' dir='ltr'><strong>non</strong></span> <span class='ocrx_word' id='word_1_671' title='bbox 2718 4466 2783 4503; x_wconf 81' lang='lat' dir='ltr'><strong>ex</strong></span> <span class='ocrx_word' id='word_1_672' title='bbox 2816 4456 2929 4506; x_wconf 81' lang='lat' dir='ltr'><strong>sola</strong></span> <span class='ocrx_word' id='word_1_673' title='bbox 2981 4460 3099 4525; x_wconf 89' lang='lat' dir='ltr'><strong>ejus</strong></span> <span class='ocrx_word' id='word_1_674' title='bbox 3157 4464 3313 4519; x_wconf 82' lang='lat' dir='ltr'><strong>nobis</strong></span> <span class='ocrx_word' id='word_1_675' title='bbox 3367 4469 3633 4537; x_wconf 85' lang='lat' dir='ltr'><strong>impressa</strong></span> 
     </span>
    </p>
   </div>
   <div class='ocr_carea' id='block_1_94' title="bbox 370 4521 1950 4609">
    <p class='ocr_par' dir='ltr' id='par_1_94' title="bbox 370 4521 1950 4609">
     <span class='ocr_line' id='line_1_95' title="bbox 370 4521 1950 4609; baseline 0.017 -39"><span class='ocrx_word' id='word_1_676' title='bbox 370 4521 641 4587; x_wconf 83' lang='grc' dir='ltr'>ἀνάγκαις</span> <span class='ocrx_word' id='word_1_677' title='bbox 695 4523 838 4577; x_wconf 75' lang='grc' dir='ltr'>οὕτω</span> <span class='ocrx_word' id='word_1_678' title='bbox 889 4534 1347 4603; x_wconf 82' lang='grc' dir='ltr'>πεπιστευμένος,</span> <span class='ocrx_word' id='word_1_679' title='bbox 1411 4541 1525 4590; x_wconf 82' lang='grc' dir='ltr'>νοεῖ</span> <span class='ocrx_word' id='word_1_680' title='bbox 1589 4541 1689 4609; x_wconf 81' lang='grc' dir='ltr'><strong>μὲν</strong></span> <span class='ocrx_word' id='word_1_681' title='bbox 1756 4544 1950 4597; x_wconf 78' lang='grc' dir='ltr'>ἑαυτὸν</span> 
     </span>
    </p>
   </div>
   <div class='ocr_carea' id='block_1_95' title="bbox 372 4607 1953 4702">
    <p class='ocr_par' dir='ltr' id='par_1_95' title="bbox 372 4607 1953 4702">
     <span class='ocr_line' id='line_1_96' title="bbox 372 4607 1953 4702; baseline 0.018 -44"><span class='ocrx_word' id='word_1_682' title='bbox 372 4607 559 4670; x_wconf 85' lang='grc' dir='ltr'>ἀῖδίως</span> <span class='ocrx_word' id='word_1_683' title='bbox 595 4612 773 4679; x_wconf 78' lang='grc' dir='ltr'>(αὐτὸς</span> <span class='ocrx_word' id='word_1_684' title='bbox 823 4616 929 4685; x_wconf 87' lang='grc' dir='ltr'><strong>γάρ</strong></span> <span class='ocrx_word' id='word_1_685' title='bbox 971 4618 1088 4670; x_wconf 82' lang='grc' dir='ltr'>ἐστι</span> <span class='ocrx_word' id='word_1_686' title='bbox 1140 4622 1371 4693; x_wconf 80' lang='grc' dir='ltr'>τάληθὲς</span> <span class='ocrx_word' id='word_1_687' title='bbox 1404 4626 1432 4678; x_wconf 84' lang='grc' dir='ltr'><strong>ὃ</strong></span> <span class='ocrx_word' id='word_1_688' title='bbox 1483 4607 1671 4681; x_wconf 13' lang='grc' dir='ltr'>νοῦήτε</span> <span class='ocrx_word' id='word_1_689' title='bbox 1708 4633 1801 4683; x_wconf 74' lang='grc' dir='ltr'><strong>καὶ</strong></span> <span class='ocrx_word' id='word_1_690' title='bbox 1832 4638 1953 4702; x_wconf 74' lang='grc' dir='ltr'>νοή-</span> 
     </span>
    </p>
   </div>
   <div class='ocr_carea' id='block_1_96' title="bbox 374 4702 1950 4794">
    <p class='ocr_par' dir='ltr' id='par_1_96' title="bbox 374 4702 1950 4794">
     <span class='ocr_line' id='line_1_97' title="bbox 374 4702 1950 4794; baseline 0.017 -44"><span class='ocrx_word' id='word_1_691' title='bbox 374 4714 515 4762; x_wconf 90' lang='grc' dir='ltr'>σεως</span> <span class='ocrx_word' id='word_1_692' title='bbox 560 4702 755 4773; x_wconf 85' lang='grc' dir='ltr'>τέλος),</span> <span class='ocrx_word' id='word_1_693' title='bbox 789 4706 888 4777; x_wconf 70' lang='grc' dir='ltr'><strong>ἐρᾷ</strong></span> <span class='ocrx_word' id='word_1_694' title='bbox 936 4710 992 4761; x_wconf 82' lang='grc' dir='ltr'>δὲ</span> <span class='ocrx_word' id='word_1_695' title='bbox 1043 4712 1138 4765; x_wconf 77' lang='grc' dir='ltr'><strong>καὶ</strong></span> <span class='ocrx_word' id='word_1_696' title='bbox 1179 4714 1590 4783; x_wconf 74' lang='grc' dir='ltr'>ἑαυτοῦιάῖδίως</span> <span class='ocrx_word' id='word_1_697' title='bbox 1625 4721 1809 4790; x_wconf 85' lang='grc' dir='ltr'>(αὐτὸς</span> <span class='ocrx_word' id='word_1_698' title='bbox 1843 4728 1950 4794; x_wconf 84' lang='grc' dir='ltr'><strong>γάρ</strong></span> 
     </span>
    </p>
   </div>
   <div class='ocr_carea' id='block_1_97' title="bbox 374 4794 1952 4883">
    <p class='ocr_par' dir='ltr' id='par_1_97' title="bbox 374 4794 1952 4883">
     <span class='ocr_line' id='line_1_98' title="bbox 374 4794 1952 4883; baseline 0.015 -39"><span class='ocrx_word' id='word_1_699' title='bbox 374 4794 490 4846; x_wconf 80' lang='grc' dir='ltr'>ἐστι</span> <span class='ocrx_word' id='word_1_700' title='bbox 522 4798 779 4862; x_wconf 78' lang='grc' dir='ltr'>τάγαθὸν,</span> <span class='ocrx_word' id='word_1_701' title='bbox 806 4799 834 4851; x_wconf 82' lang='grc' dir='ltr'><strong>ὃ</strong></span> <span class='ocrx_word' id='word_1_702' title='bbox 871 4800 1099 4871; x_wconf 86' lang='grc' dir='ltr'>θελητόν</span> <span class='ocrx_word' id='word_1_703' title='bbox 1132 4806 1248 4858; x_wconf 79' lang='grc' dir='ltr'>ἐστι</span> <span class='ocrx_word' id='word_1_704' title='bbox 1289 4809 1364 4876; x_wconf 80' lang='grc' dir='ltr'>τῷ</span> <span class='ocrx_word' id='word_1_705' title='bbox 1389 4808 1463 4879; x_wconf 81' lang='grc' dir='ltr'><strong>νῷ</strong></span> <span class='ocrx_word' id='word_1_706' title='bbox 1498 4812 1592 4864; x_wconf 74' lang='grc' dir='ltr'>καὶ</span> <span class='ocrx_word' id='word_1_707' title='bbox 1632 4813 1729 4881; x_wconf 82' lang='grc' dir='ltr'>τῆς</span> <span class='ocrx_word' id='word_1_708' title='bbox 1762 4818 1952 4883; x_wconf 81' lang='grc' dir='ltr'>νοερᾶς</span> 
     </span>
    </p>
   </div>
   <div class='ocr_carea' id='block_1_98' title="bbox 373 4884 1947 4967">
    <p class='ocr_par' dir='ltr' id='par_1_98' title="bbox 373 4884 1947 4967">
     <span class='ocr_line' id='line_1_99' title="bbox 373 4884 1947 4967; baseline 0.017 -33"><span class='ocrx_word' id='word_1_709' title='bbox 373 4884 646 4953; x_wconf 82' lang='grc' dir='ltr'>θελήσεως</span> <span class='ocrx_word' id='word_1_710' title='bbox 693 4891 887 4954; x_wconf 83' lang='grc' dir='ltr'>τέλος).</span> <span class='ocrx_word' id='word_1_711' title='bbox 922 4894 1032 4947; x_wconf 74' lang='grc' dir='ltr'><strong>Καὶ</strong></span> <span class='ocrx_word' id='word_1_712' title='bbox 1063 4897 1197 4948; x_wconf 84' lang='grc' dir='ltr'>νοῶν</span> <span class='ocrx_word' id='word_1_713' title='bbox 1236 4899 1335 4967; x_wconf 87' lang='grc' dir='ltr'><strong>μὲν</strong></span> <span class='ocrx_word' id='word_1_714' title='bbox 1386 4902 1576 4954; x_wconf 81' lang='grc' dir='ltr'>ἑαυτὸν</span> <span class='ocrx_word' id='word_1_715' title='bbox 1619 4906 1791 4958; x_wconf 79' lang='grc' dir='ltr'>ἁϊόιον</span> <span class='ocrx_word' id='word_1_716' title='bbox 1818 4907 1947 4959; x_wconf 83' lang='grc' dir='ltr'>συλ-</span> 
     </span>
    </p>
   </div>
   <div class='ocr_carea' id='block_1_99' title="bbox 371 4970 1949 5057">
    <p class='ocr_par' dir='ltr' id='par_1_99' title="bbox 371 4970 1949 5057">
     <span class='ocr_line' id='line_1_100' title="bbox 371 4970 1949 5057; baseline 0.016 -33"><span class='ocrx_word' id='word_1_717' title='bbox 371 4970 637 5042; x_wconf 76' lang='grc' dir='ltr'>λαμϐάνει</span> <span class='ocrx_word' id='word_1_718' title='bbox 681 4980 835 5045; x_wconf 80' lang='grc' dir='ltr'>λόγον</span> <span class='ocrx_word' id='word_1_719' title='bbox 890 4984 948 5035; x_wconf 81' lang='grc' dir='ltr'>ἐν</span> <span class='ocrx_word' id='word_1_720' title='bbox 1007 4985 1207 5057; x_wconf 79' lang='grc' dir='ltr'>ἑαυτῷ,</span> <span class='ocrx_word' id='word_1_721' title='bbox 1242 4989 1413 5043; x_wconf 81' lang='grc' dir='ltr'>θέλων</span> <span class='ocrx_word' id='word_1_722' title='bbox 1449 4992 1505 5045; x_wconf 85' lang='grc' dir='ltr'>δὲ</span> <span class='ocrx_word' id='word_1_723' title='bbox 1540 4994 1729 5047; x_wconf 74' lang='grc' dir='ltr'>ἑαυτὸν</span> <span class='ocrx_word' id='word_1_724' title='bbox 1776 4997 1949 5050; x_wconf 78' lang='grc' dir='ltr'>ἀΐδιον</span> 
     </span>
    </p>
   </div>
   <div class='ocr_carea' id='block_1_100' title="bbox 372 5064 1949 5153">
    <p class='ocr_par' dir='ltr' id='par_1_100' title="bbox 372 5064 1949 5153">
     <span class='ocr_line' id='line_1_101' title="bbox 372 5064 1949 5153; baseline 0.017 -40"><span class='ocrx_word' id='word_1_725' title='bbox 372 5064 593 5136; x_wconf 82' lang='grc' dir='ltr'>ἀγάπην</span> <span class='ocrx_word' id='word_1_726' title='bbox 653 5071 885 5138; x_wconf 78' lang='grc' dir='ltr'>προάγει</span> <span class='ocrx_word' id='word_1_727' title='bbox 912 5089 927 5105; x_wconf 78' lang='grc' dir='ltr'><strong><em>ο</em></strong></span> <span class='ocrx_word' id='word_1_728' title='bbox 963 5074 1079 5144; x_wconf 71' lang='grc' dir='ltr'>ἅμα</span> <span class='ocrx_word' id='word_1_729' title='bbox 1129 5094 1189 5130; x_wconf 89' lang='grc' dir='ltr'><strong>τε</strong></span> <span class='ocrx_word' id='word_1_730' title='bbox 1245 5079 1338 5133; x_wconf 84' lang='grc' dir='ltr'><strong>οὖν</strong></span> <span class='ocrx_word' id='word_1_731' title='bbox 1368 5083 1599 5152; x_wconf 86' lang='grc' dir='ltr'>προάγει</span> <span class='ocrx_word' id='word_1_732' title='bbox 1628 5085 1786 5153; x_wconf 85' lang='grc' dir='ltr'>λόγον</span> <span class='ocrx_word' id='word_1_733' title='bbox 1813 5086 1949 5140; x_wconf 85' lang='grc' dir='ltr'>νοῶν</span> 
     </span>
    </p>
   </div>
   <div class='ocr_carea' id='block_1_101' title="bbox 372 5157 1949 5246">
    <p class='ocr_par' dir='ltr' id='par_1_101' title="bbox 372 5157 1949 5246">
     <span class='ocr_line' id='line_1_102' title="bbox 372 5157 1949 5246; baseline 0.018 -42"><span class='ocrx_word' id='word_1_734' title='bbox 372 5157 465 5205; x_wconf 73' lang='grc' dir='ltr'><strong>καὶ</strong></span> <span class='ocrx_word' id='word_1_735' title='bbox 508 5157 695 5210; x_wconf 76' lang='grc' dir='ltr'>ἑαυτὸν</span> <span class='ocrx_word' id='word_1_736' title='bbox 729 5163 941 5233; x_wconf 86' lang='grc' dir='ltr'>νοεῖτῷ</span> <span class='ocrx_word' id='word_1_737' title='bbox 978 5165 1142 5236; x_wconf 85' lang='grc' dir='ltr'>λόγῳ,</span> <span class='ocrx_word' id='word_1_738' title='bbox 1182 5169 1277 5220; x_wconf 74' lang='grc' dir='ltr'>καὶ</span> <span class='ocrx_word' id='word_1_739' title='bbox 1316 5168 1484 5224; x_wconf 83' lang='grc' dir='ltr'>θέλων</span> <span class='ocrx_word' id='word_1_740' title='bbox 1520 5175 1745 5246; x_wconf 87' lang='grc' dir='ltr'>ἀγάπην</span> <span class='ocrx_word' id='word_1_741' title='bbox 1774 5179 1949 5245; x_wconf 84' lang='grc' dir='ltr'>προά-</span> 
     </span>
    </p>
   </div>
   <div class='ocr_carea' id='block_1_102' title="bbox 372 5251 1946 5338">
    <p class='ocr_par' dir='ltr' id='par_1_102' title="bbox 372 5251 1946 5338">
     <span class='ocr_line' id='line_1_103' title="bbox 372 5251 1946 5338; baseline 0.015 -40"><span class='ocrx_word' id='word_1_742' title='bbox 372 5263 457 5313; x_wconf 89' lang='grc' dir='ltr'><strong>γει</strong></span> <span class='ocrx_word' id='word_1_743' title='bbox 504 5251 595 5301; x_wconf 78' lang='grc' dir='ltr'><strong>καὶ</strong></span> <span class='ocrx_word' id='word_1_744' title='bbox 643 5254 834 5322; x_wconf 74' lang='grc' dir='ltr'>ἀγαπᾷ</span> <span class='ocrx_word' id='word_1_745' title='bbox 880 5256 1051 5328; x_wconf 76' lang='grc' dir='ltr'>ταύτῃ</span> <span class='ocrx_word' id='word_1_746' title='bbox 1095 5261 1188 5311; x_wconf 78' lang='grc' dir='ltr'><strong>καὶ</strong></span> <span class='ocrx_word' id='word_1_747' title='bbox 1230 5260 1397 5327; x_wconf 81' lang='grc' dir='ltr'>θέλει,</span> <span class='ocrx_word' id='word_1_748' title='bbox 1433 5265 1528 5316; x_wconf 80' lang='grc' dir='ltr'><strong>καὶ</strong></span> <span class='ocrx_word' id='word_1_749' title='bbox 1575 5268 1623 5317; x_wconf 80' lang='grc' dir='ltr'>οἱ</span> <span class='ocrx_word' id='word_1_750' title='bbox 1675 5273 1946 5338; x_wconf 84' lang='grc' dir='ltr'>συμφυεῖς</span> 
     </span>
    </p>
   </div>
   <div class='ocr_carea' id='block_1_103' title="bbox 368 5339 1947 5429">
    <p class='ocr_par' dir='ltr' id='par_1_103' title="bbox 368 5339 1947 5429">
     <span class='ocr_line' id='line_1_104' title="bbox 368 5339 1947 5429; baseline 0.015 -38"><span class='ocrx_word' id='word_1_751' title='bbox 368 5339 514 5393; x_wconf 76' lang='grc' dir='ltr'>οὗτοι</span> <span class='ocrx_word' id='word_1_752' title='bbox 546 5343 766 5412; x_wconf 70' lang='grc' dir='ltr'>βλαστοὶ</span> <span class='ocrx_word' id='word_1_753' title='bbox 800 5348 893 5399; x_wconf 67' lang='grc' dir='ltr'>καὶ</span> <span class='ocrx_word' id='word_1_754' title='bbox 922 5349 1069 5401; x_wconf 79' lang='grc' dir='ltr'>τόκοι</span> <span class='ocrx_word' id='word_1_755' title='bbox 1094 5353 1191 5419; x_wconf 82' lang='grc' dir='ltr'><strong>τῆς</strong></span> <span class='ocrx_word' id='word_1_756' title='bbox 1224 5357 1414 5419; x_wconf 76' lang='grc' dir='ltr'>νοερᾶς</span> <span class='ocrx_word' id='word_1_757' title='bbox 1450 5359 1507 5408; x_wconf 82' lang='grc' dir='ltr'><strong>ἐν</strong></span> <span class='ocrx_word' id='word_1_758' title='bbox 1539 5358 1613 5427; x_wconf 81' lang='grc' dir='ltr'><strong>τῷ</strong></span> <span class='ocrx_word' id='word_1_759' title='bbox 1642 5360 1762 5429; x_wconf 83' lang='grc' dir='ltr'>Θεῷ</span> <span class='ocrx_word' id='word_1_760' title='bbox 1797 5378 1947 5429; x_wconf 86' lang='grc' dir='ltr'>γονι-</span> 
     </span>
    </p>
   </div>
   <div class='ocr_carea' id='block_1_104' title="bbox 374 5436 1946 5522">
    <p class='ocr_par' dir='ltr' id='par_1_104' title="bbox 374 5436 1946 5522">
     <span class='ocr_line' id='line_1_105' title="bbox 374 5436 1946 5522; baseline 0.015 -38"><span class='ocrx_word' id='word_1_761' title='bbox 374 5436 602 5501; x_wconf 81' lang='grc' dir='ltr'>μότητος</span> <span class='ocrx_word' id='word_1_762' title='bbox 668 5439 768 5489; x_wconf 73' lang='grc' dir='ltr'><strong>οὐκ</strong></span> <span class='ocrx_word' id='word_1_763' title='bbox 817 5440 983 5493; x_wconf 84' lang='grc' dir='ltr'>αὐτοῦ</span> <span class='ocrx_word' id='word_1_764' title='bbox 1037 5444 1198 5511; x_wconf 75' lang='grc' dir='ltr'>μόνον</span> <span class='ocrx_word' id='word_1_765' title='bbox 1242 5448 1317 5510; x_wconf 81' lang='grc' dir='ltr'>ὡς</span> <span class='ocrx_word' id='word_1_766' title='bbox 1362 5449 1417 5500; x_wconf 87' lang='grc' dir='ltr'>ἀ)</span> <span class='ocrx_word' id='word_1_767' title='bbox 1435 5450 1579 5519; x_wconf 85' lang='grc' dir='ltr'>ηοῶς</span> <span class='ocrx_word' id='word_1_768' title='bbox 1609 5454 1946 5522; x_wconf 86' lang='grc' dir='ltr'>προάγοντος</span> 
     </span>
    </p>
   </div>
   <div class='ocr_carea' id='block_1_105' title="bbox 368 5526 1945 5615">
    <p class='ocr_par' dir='ltr' id='par_1_105' title="bbox 368 5526 1945 5615">
     <span class='ocr_line' id='line_1_106' title="bbox 368 5526 1945 5615; baseline 0.014 -39"><span class='ocrx_word' id='word_1_769' title='bbox 368 5526 582 5594; x_wconf 51' lang='grc' dir='ltr'>ἀληθῶς</span> <span class='ocrx_word' id='word_1_770' title='bbox 616 5531 1065 5596; x_wconf 66' lang='grc' dir='ltr'>προϊόντα,ἁ&gt;.λὲι</span> <span class='ocrx_word' id='word_1_771' title='bbox 1114 5539 1206 5588; x_wconf 65' lang='grc' dir='ltr'><strong>καὶ⁴</strong></span> <span class='ocrx_word' id='word_1_772' title='bbox 1256 5540 1504 5608; x_wconf 70' lang='grc' dir='ltr'>ἀλλήλων</span> <span class='ocrx_word' id='word_1_773' title='bbox 1566 5542 1644 5611; x_wconf 83' lang='grc' dir='ltr'><strong>τῷ</strong></span> <span class='ocrx_word' id='word_1_774' title='bbox 1701 5545 1945 5615; x_wconf 74' lang='grc' dir='ltr'>διαφόρῳ</span> 
     </span>
    </p>
   </div>
   <div class='ocr_carea' id='block_1_106' title="bbox 367 5614 1944 5700">
    <p class='ocr_par' dir='ltr' id='par_1_106' title="bbox 367 5614 1944 5700">
     <span class='ocr_line' id='line_1_107' title="bbox 367 5614 1944 5700; baseline 0.015 -37"><span class='ocrx_word' id='word_1_775' title='bbox 367 5614 463 5681; x_wconf 73' lang='grc' dir='ltr'>τῆς</span> <span class='ocrx_word' id='word_1_776' title='bbox 516 5617 741 5684; x_wconf 58' lang='grc' dir='ltr'>προόδιυ</span> <span class='ocrx_word' id='word_1_777' title='bbox 777 5619 1141 5688; x_wconf 68' lang='grc' dir='ltr'>διακρίνονται</span> <span class='ocrx_word' id='word_1_778' title='bbox 1176 5628 1384 5699; x_wconf 76' lang='grc' dir='ltr'>τρόπῳ,</span> <span class='ocrx_word' id='word_1_779' title='bbox 1421 5632 1583 5700; x_wconf 73' lang='grc' dir='ltr'>φύσει</span> <span class='ocrx_word' id='word_1_780' title='bbox 1618 5633 1675 5685; x_wconf 80' lang='grc' dir='ltr'>δὲ</span> <span class='ocrx_word' id='word_1_781' title='bbox 1704 5634 1766 5686; x_wconf 80' lang='grc' dir='ltr'><strong>έν</strong></span> <span class='ocrx_word' id='word_1_782' title='bbox 1804 5638 1944 5687; x_wconf 79' lang='grc' dir='ltr'>εἰσιν</span> 
     </span>
    </p>
   </div>
   <div class='ocr_carea' id='block_1_107' title="bbox 366 5706 1941 5793">
    <p class='ocr_par' dir='ltr' id='par_1_107' title="bbox 366 5706 1941 5793">
     <span class='ocr_line' id='line_1_108' title="bbox 366 5706 1941 5793; baseline 0.015 -36"><span class='ocrx_word' id='word_1_783' title='bbox 366 5706 615 5771; x_wconf 73' lang='grc' dir='ltr'>ἀλλήλοις</span> <span class='ocrx_word' id='word_1_784' title='bbox 644 5726 701 5763; x_wconf 76' lang='grc' dir='ltr'><strong>τε</strong></span> <span class='ocrx_word' id='word_1_785' title='bbox 733 5713 824 5765; x_wconf 75' lang='grc' dir='ltr'>καὶ</span> <span class='ocrx_word' id='word_1_786' title='bbox 865 5712 937 5782; x_wconf 86' lang='grc' dir='ltr'>τῷ</span> <span class='ocrx_word' id='word_1_787' title='bbox 973 5719 1260 5786; x_wconf 80' lang='grc' dir='ltr'>προάγοντι</span> <span class='ocrx_word' id='word_1_788' title='bbox 1297 5721 1393 5790; x_wconf 84' lang='grc' dir='ltr'>νῷ.</span> <span class='ocrx_word' id='word_1_789' title='bbox 1424 5724 1531 5776; x_wconf 74' lang='grc' dir='ltr'>Καὶ</span> <span class='ocrx_word' id='word_1_790' title='bbox 1580 5726 1608 5776; x_wconf 91' lang='lat'><strong>6</strong></span> <span class='ocrx_word' id='word_1_791' title='bbox 1662 5725 1759 5793; x_wconf 81' lang='grc' dir='ltr'><strong>μὲν</strong></span> <span class='ocrx_word' id='word_1_792' title='bbox 1796 5726 1941 5790; x_wconf 87' lang='grc' dir='ltr'>θεῖος</span> 
     </span>
    </p>
   </div>
   <div class='ocr_carea' id='block_1_108' title="bbox 2058 4530 3635 4621">
    <p class='ocr_par' dir='ltr' id='par_1_108' title="bbox 2058 4530 3635 4621">
     <span class='ocr_line' id='line_1_109' title="bbox 2058 4530 3635 4621; baseline 0.022 -39"><span class='ocrx_word' id='word_1_793' title='bbox 2058 4530 2433 4597; x_wconf 88' lang='lat' dir='ltr'><strong>similitudine,</strong></span> <span class='ocrx_word' id='word_1_794' title='bbox 2457 4538 2548 4589; x_wconf 88' lang='lat' dir='ltr'><strong>sed</strong></span> <span class='ocrx_word' id='word_1_795' title='bbox 2606 4545 2660 4591; x_wconf 86' lang='lat' dir='ltr'><strong>et</strong></span> <span class='ocrx_word' id='word_1_796' title='bbox 2691 4542 3018 4601; x_wconf 84' lang='lat' dir='ltr'><strong>omnimodis</strong></span> <span class='ocrx_word' id='word_1_797' title='bbox 3064 4557 3400 4621; x_wconf 73' lang='lat' dir='ltr'><strong>argumentis</strong></span> <span class='ocrx_word' id='word_1_798' title='bbox 3433 4530 3635 4615; x_wconf 68' lang='lat' dir='ltr'><strong>azterne</strong></span> 
     </span>
    </p>
   </div>
   <div class='ocr_carea' id='block_1_109' title="bbox 2056 4624 3632 4705">
    <p class='ocr_par' dir='ltr' id='par_1_109' title="bbox 2056 4624 3632 4705">
     <span class='ocr_line' id='line_1_110' title="bbox 2056 4624 3632 4705; baseline 0.02 -30"><span class='ocrx_word' id='word_1_799' title='bbox 2056 4624 2567 4697; x_wconf 83' lang='lat' dir='ltr'><strong>seipsumintelligit</strong></span> <span class='ocrx_word' id='word_1_800' title='bbox 2606 4632 2743 4699; x_wconf 87' lang='lat' dir='ltr'><strong>(ipse</strong></span> <span class='ocrx_word' id='word_1_801' title='bbox 2768 4638 2911 4689; x_wconf 85' lang='lat' dir='ltr'><strong>enim</strong></span> <span class='ocrx_word' id='word_1_802' title='bbox 2946 4650 3027 4692; x_wconf 72' lang='lat' dir='ltr'><strong>est</strong></span> <span class='ocrx_word' id='word_1_803' title='bbox 3085 4657 3270 4697; x_wconf 89' lang='lat' dir='ltr'><strong>verum</strong></span> <span class='ocrx_word' id='word_1_804' title='bbox 3326 4650 3632 4705; x_wconf 78' lang='lat' dir='ltr'><strong>intellectus</strong></span> 
     </span>
    </p>
   </div>
   <div class='ocr_carea' id='block_1_110' title="bbox 2055 4716 3634 4796">
    <p class='ocr_par' dir='ltr' id='par_1_110' title="bbox 2055 4716 3634 4796">
     <span class='ocr_line' id='line_1_111' title="bbox 2055 4716 3634 4796; baseline 0.018 -27"><span class='ocrx_word' id='word_1_805' title='bbox 2055 4725 2106 4769; x_wconf 90' lang='lat' dir='ltr'><strong>et</strong></span> <span class='ocrx_word' id='word_1_806' title='bbox 2136 4716 2505 4786; x_wconf 74' lang='lat' dir='ltr'><strong>intelligentia:</strong></span> <span class='ocrx_word' id='word_1_807' title='bbox 2535 4721 2680 4793; x_wconf 84' lang='lat' dir='ltr'><strong>linis)</strong></span> <span class='ocrx_word' id='word_1_808' title='bbox 2706 4741 2722 4791; x_wconf 81' lang='lat'>;</span> <span class='ocrx_word' id='word_1_809' title='bbox 2748 4726 2988 4794; x_wconf 88' lang='lat' dir='ltr'><strong>seipsum</strong></span> <span class='ocrx_word' id='word_1_810' title='bbox 3008 4733 3168 4785; x_wconf 85' lang='lat' dir='ltr'><strong>etiam</strong></span> <span class='ocrx_word' id='word_1_811' title='bbox 3202 4748 3459 4793; x_wconf 64' lang='lat' dir='ltr'><strong>arternum</strong></span> <span class='ocrx_word' id='word_1_812' title='bbox 3485 4753 3634 4796; x_wconf 86' lang='lat' dir='ltr'><strong>amat</strong></span> 
     </span>
    </p>
   </div>
   <div class='ocr_carea' id='block_1_111' title="bbox 2055 4806 3631 4895">
    <p class='ocr_par' dir='ltr' id='par_1_111' title="bbox 2055 4806 3631 4895">
     <span class='ocr_line' id='line_1_112' title="bbox 2055 4806 3631 4895; baseline 0.019 -37"><span class='ocrx_word' id='word_1_813' title='bbox 2055 4806 2200 4878; x_wconf 88' lang='lat' dir='ltr'><strong>(nam</strong></span> <span class='ocrx_word' id='word_1_814' title='bbox 2243 4817 2297 4863; x_wconf 92' lang='lat' dir='ltr'><strong>et</strong></span> <span class='ocrx_word' id='word_1_815' title='bbox 2361 4812 2476 4879; x_wconf 91' lang='lat' dir='ltr'><strong>ipse</strong></span> <span class='ocrx_word' id='word_1_816' title='bbox 2520 4813 2722 4869; x_wconf 87' lang='lat' dir='ltr'><strong>bonum</strong></span> <span class='ocrx_word' id='word_1_817' title='bbox 2770 4828 2853 4872; x_wconf 89' lang='lat' dir='ltr'><strong>est</strong></span> <span class='ocrx_word' id='word_1_818' title='bbox 2897 4821 3205 4880; x_wconf 78' lang='lat' dir='ltr'><strong>intellectus</strong></span> <span class='ocrx_word' id='word_1_819' title='bbox 3254 4831 3550 4895; x_wconf 84' lang='lat' dir='ltr'><strong>appetibile</strong></span> <span class='ocrx_word' id='word_1_820' title='bbox 3577 4845 3631 4887; x_wconf 86' lang='lat' dir='ltr'><strong>et</strong></span> 
     </span>
    </p>
   </div>
   <div class='ocr_carea' id='block_1_112' title="bbox 2054 4898 3629 4985">
    <p class='ocr_par' dir='ltr' id='par_1_112' title="bbox 2054 4898 3629 4985">
     <span class='ocr_line' id='line_1_113' title="bbox 2054 4898 3629 4985; baseline 0.017 -34"><span class='ocrx_word' id='word_1_821' title='bbox 2054 4898 2407 4969; x_wconf 82' lang='lat' dir='ltr'><strong>intelligentis</strong></span> <span class='ocrx_word' id='word_1_822' title='bbox 2456 4904 2752 4962; x_wconf 82' lang='lat' dir='ltr'><strong>voluntatis</strong></span> <span class='ocrx_word' id='word_1_823' title='bbox 2830 4914 3193 4985; x_wconf 82' lang='lat' dir='ltr'><strong>terminus);</strong></span> <span class='ocrx_word' id='word_1_824' title='bbox 3253 4932 3372 4972; x_wconf 88' lang='lat' dir='ltr'><strong>sese</strong></span> <span class='ocrx_word' id='word_1_825' title='bbox 3448 4931 3629 4978; x_wconf 87' lang='lat' dir='ltr'><strong>autem</strong></span> 
     </span>
    </p>
   </div>
   <div class='ocr_carea' id='block_1_113' title="bbox 2054 4992 3633 5075">
    <p class='ocr_par' dir='ltr' id='par_1_113' title="bbox 2054 4992 3633 5075">
     <span class='ocr_line' id='line_1_114' title="bbox 2054 4992 3633 5075; baseline 0.015 -28"><span class='ocrx_word' id='word_1_826' title='bbox 2054 4992 2407 5065; x_wconf 85' lang='lat' dir='ltr'><strong>intelligendo</strong></span> <span class='ocrx_word' id='word_1_827' title='bbox 2443 5006 2706 5054; x_wconf 69' lang='lat' dir='ltr'><strong>azternum</strong></span> <span class='ocrx_word' id='word_1_828' title='bbox 2772 5002 2824 5055; x_wconf 93' lang='lat' dir='ltr'><strong>in</strong></span> <span class='ocrx_word' id='word_1_829' title='bbox 2859 5009 3150 5075; x_wconf 89' lang='lat' dir='ltr'><strong>semetipso</strong></span> <span class='ocrx_word' id='word_1_830' title='bbox 3181 5010 3411 5067; x_wconf 80' lang='lat' dir='ltr'><strong>Verbum</strong></span> <span class='ocrx_word' id='word_1_831' title='bbox 3444 5018 3633 5070; x_wconf 89' lang='lat' dir='ltr'><strong>conci-</strong></span> 
     </span>
    </p>
   </div>
   <div class='ocr_carea' id='block_1_114' title="bbox 2054 5088 3631 5177">
    <p class='ocr_par' dir='ltr' id='par_1_114' title="bbox 2054 5088 3631 5177">
     <span class='ocr_line' id='line_1_115' title="bbox 2054 5088 3631 5177; baseline 0.015 -37"><span class='ocrx_word' id='word_1_832' title='bbox 2054 5088 2153 5155; x_wconf 85' lang='lat' dir='ltr'><strong>pit,</strong></span> <span class='ocrx_word' id='word_1_833' title='bbox 2187 5098 2241 5143; x_wconf 84' lang='lat' dir='ltr'><strong>et</strong></span> <span class='ocrx_word' id='word_1_834' title='bbox 2267 5091 2505 5157; x_wconf 90' lang='lat' dir='ltr'><strong>seipsum</strong></span> <span class='ocrx_word' id='word_1_835' title='bbox 2539 5093 2769 5148; x_wconf 89' lang='lat' dir='ltr'><strong>volendo</strong></span> <span class='ocrx_word' id='word_1_836' title='bbox 2796 5106 3049 5151; x_wconf 65' lang='lat' dir='ltr'><strong>aeternam</strong></span> <span class='ocrx_word' id='word_1_837' title='bbox 3104 5101 3449 5159; x_wconf 87' lang='lat' dir='ltr'><strong>dilectionem</strong></span> <span class='ocrx_word' id='word_1_838' title='bbox 3502 5124 3631 5177; x_wconf 90' lang='lat' dir='ltr'><strong>pro-</strong></span> 
     </span>
    </p>
   </div>
   <div class='ocr_carea' id='block_1_115' title="bbox 2052 5184 3627 5269">
    <p class='ocr_par' dir='ltr' id='par_1_115' title="bbox 2052 5184 3627 5269">
     <span class='ocr_line' id='line_1_116' title="bbox 2052 5184 3627 5269; baseline 0.015 -33"><span class='ocrx_word' id='word_1_839' title='bbox 2052 5184 2244 5248; x_wconf 86' lang='lat' dir='ltr'><strong>ducit;</strong></span> <span class='ocrx_word' id='word_1_840' title='bbox 2277 5200 2491 5251; x_wconf 88' lang='lat' dir='ltr'><strong>unaque</strong></span> <span class='ocrx_word' id='word_1_841' title='bbox 2515 5186 2681 5255; x_wconf 84' lang='lat' dir='ltr'><strong>igitur</strong></span> <span class='ocrx_word' id='word_1_842' title='bbox 2717 5187 2956 5244; x_wconf 81' lang='lat' dir='ltr'><strong>Verbum</strong></span> <span class='ocrx_word' id='word_1_843' title='bbox 2994 5195 3243 5262; x_wconf 90' lang='lat' dir='ltr'><strong>producit</strong></span> <span class='ocrx_word' id='word_1_844' title='bbox 3278 5198 3627 5269; x_wconf 84' lang='lat' dir='ltr'><strong>intelligendo</strong></span> 
     </span>
    </p>
   </div>
   <div class='ocr_carea' id='block_1_116' title="bbox 2051 5273 3630 5359">
    <p class='ocr_par' dir='ltr' id='par_1_116' title="bbox 2051 5273 3630 5359">
     <span class='ocr_line' id='line_1_117' title="bbox 2051 5273 3630 5359; baseline 0.011 -35"><span class='ocrx_word' id='word_1_845' title='bbox 2051 5279 2106 5324; x_wconf 90' lang='lat' dir='ltr'><strong>et</strong></span> <span class='ocrx_word' id='word_1_846' title='bbox 2154 5273 2394 5340; x_wconf 89' lang='lat' dir='ltr'><strong>seipsum</strong></span> <span class='ocrx_word' id='word_1_847' title='bbox 2429 5290 2525 5352; x_wconf 75' lang='lat' dir='ltr'><strong>per</strong></span> <span class='ocrx_word' id='word_1_848' title='bbox 2560 5274 2796 5331; x_wconf 82' lang='lat' dir='ltr'><strong>Verbum</strong></span> <span class='ocrx_word' id='word_1_849' title='bbox 2827 5281 3100 5351; x_wconf 77' lang='lat' dir='ltr'><strong>intelligit,</strong></span> <span class='ocrx_word' id='word_1_850' title='bbox 3134 5296 3189 5338; x_wconf 88' lang='lat' dir='ltr'><strong>et</strong></span> <span class='ocrx_word' id='word_1_851' title='bbox 3242 5290 3470 5344; x_wconf 79' lang='lat' dir='ltr'><strong>voleudo</strong></span> <span class='ocrx_word' id='word_1_852' title='bbox 3501 5306 3630 5359; x_wconf 82' lang='lat' dir='ltr'><strong>pro-</strong></span> 
     </span>
    </p>
   </div>
   <div class='ocr_carea' id='block_1_117' title="bbox 2051 5359 3627 5443">
    <p class='ocr_par' dir='ltr' id='par_1_117' title="bbox 2051 5359 3627 5443">
     <span class='ocr_line' id='line_1_118' title="bbox 2051 5359 3627 5443; baseline 0.01 -28"><span class='ocrx_word' id='word_1_853' title='bbox 2051 5359 2467 5417; x_wconf 75' lang='lat' dir='ltr'><strong>ducitamorezn</strong></span> <span class='ocrx_word' id='word_1_854' title='bbox 2498 5376 2550 5417; x_wconf 91' lang='lat' dir='ltr'><strong>ct</strong></span> <span class='ocrx_word' id='word_1_855' title='bbox 2578 5382 2673 5432; x_wconf 86' lang='lat' dir='ltr'><strong>per</strong></span> <span class='ocrx_word' id='word_1_856' title='bbox 2732 5369 2884 5421; x_wconf 89' lang='lat' dir='ltr'><strong>illum</strong></span> <span class='ocrx_word' id='word_1_857' title='bbox 2940 5386 3092 5426; x_wconf 86' lang='lat' dir='ltr'><strong>amat</strong></span> <span class='ocrx_word' id='word_1_858' title='bbox 3139 5385 3192 5427; x_wconf 83' lang='lat' dir='ltr'><strong>et</strong></span> <span class='ocrx_word' id='word_1_859' title='bbox 3262 5379 3410 5443; x_wconf 84' lang='lat' dir='ltr'><strong>vult;</strong></span> <span class='ocrx_word' id='word_1_860' title='bbox 3467 5387 3627 5443; x_wconf 75' lang='lat' dir='ltr'><strong>atque</strong></span> 
     </span>
    </p>
   </div>
   <div class='ocr_carea' id='block_1_118' title="bbox 2008 5456 3631 5537">
    <p class='ocr_par' dir='ltr' id='par_1_118' title="bbox 2008 5456 3631 5537">
     <span class='ocr_line' id='line_1_119' title="bbox 2008 5456 3631 5537; baseline 0.011 -31"><span class='ocrx_word' id='word_1_861' title='bbox 2008 5506 2016 5515; x_wconf 84' lang='grc'><strong>,</strong></span> <span class='ocrx_word' id='word_1_862' title='bbox 2051 5468 2354 5521; x_wconf 82' lang='lat' dir='ltr'><strong>congcnera</strong></span> <span class='ocrx_word' id='word_1_863' title='bbox 2387 5456 2499 5510; x_wconf 64' lang='lat' dir='ltr'><strong>hanc</strong></span> <span class='ocrx_word' id='word_1_864' title='bbox 2531 5460 2775 5527; x_wconf 81' lang='lat' dir='ltr'><strong>germina</strong></span> <span class='ocrx_word' id='word_1_865' title='bbox 2813 5473 2864 5516; x_wconf 84' lang='lat' dir='ltr'><strong>et</strong></span> <span class='ocrx_word' id='word_1_866' title='bbox 2897 5468 3218 5535; x_wconf 70' lang='lat' dir='ltr'><strong>prepagines</strong></span> <span class='ocrx_word' id='word_1_867' title='bbox 3280 5469 3631 5537; x_wconf 83' lang='lat' dir='ltr'><strong>intelligentis</strong></span> 
     </span>
    </p>
   </div>
   <div class='ocr_carea' id='block_1_119' title="bbox 2052 5545 3627 5626">
    <p class='ocr_par' dir='ltr' id='par_1_119' title="bbox 2052 5545 3627 5626">
     <span class='ocr_line' id='line_1_120' title="bbox 2052 5545 3627 5626; baseline 0.011 -29"><span class='ocrx_word' id='word_1_868' title='bbox 2052 5545 2233 5599; x_wconf 80' lang='lat' dir='ltr'><strong>iubeo</strong></span> <span class='ocrx_word' id='word_1_869' title='bbox 2256 5548 2613 5616; x_wconf 85' lang='lat' dir='ltr'><strong>genitalitatis</strong></span> <span class='ocrx_word' id='word_1_870' title='bbox 2638 5568 2747 5604; x_wconf 89' lang='lat' dir='ltr'><strong>non</strong></span> <span class='ocrx_word' id='word_1_871' title='bbox 2775 5554 2949 5606; x_wconf 87' lang='lat' dir='ltr'><strong>solum</strong></span> <span class='ocrx_word' id='word_1_872' title='bbox 2979 5557 3046 5608; x_wconf 85' lang='lat' dir='ltr'><strong>ab</strong></span> <span class='ocrx_word' id='word_1_873' title='bbox 3073 5559 3187 5622; x_wconf 87' lang='lat' dir='ltr'><strong>ipso</strong></span> <span class='ocrx_word' id='word_1_874' title='bbox 3203 5566 3260 5609; x_wconf 91' lang='lat' dir='ltr'><strong>ut</strong></span> <span class='ocrx_word' id='word_1_875' title='bbox 3283 5573 3405 5609; x_wconf 79' lang='lat' dir='ltr'><strong>vere</strong></span> <span class='ocrx_word' id='word_1_876' title='bbox 3425 5559 3627 5626; x_wconf 84' lang='lat' dir='ltr'><strong>produ-</strong></span> 
     </span>
    </p>
   </div>
   <div class='ocr_carea' id='block_1_120' title="bbox 2052 5641 3624 5716">
    <p class='ocr_par' dir='ltr' id='par_1_120' title="bbox 2052 5641 3624 5716">
     <span class='ocr_line' id='line_1_121' title="bbox 2052 5641 3624 5716; baseline 0.008 -25"><span class='ocrx_word' id='word_1_877' title='bbox 2052 5649 2207 5691; x_wconf 88' lang='lat' dir='ltr'><strong>cente</strong></span> <span class='ocrx_word' id='word_1_878' title='bbox 2234 5653 2420 5693; x_wconf 81' lang='lat' dir='ltr'><strong>revera</strong></span> <span class='ocrx_word' id='word_1_879' title='bbox 2439 5641 2840 5710; x_wconf 87' lang='lat' dir='ltr'><strong>producuntur,</strong></span> <span class='ocrx_word' id='word_1_880' title='bbox 2872 5648 2964 5696; x_wconf 88' lang='lat' dir='ltr'><strong>sed</strong></span> <span class='ocrx_word' id='word_1_881' title='bbox 2996 5646 3158 5697; x_wconf 82' lang='lat' dir='ltr'><strong>ctiam</strong></span> <span class='ocrx_word' id='word_1_882' title='bbox 3198 5661 3291 5712; x_wconf 91' lang='lat' dir='ltr'><strong>pro</strong></span> <span class='ocrx_word' id='word_1_883' title='bbox 3322 5649 3468 5699; x_wconf 87' lang='lat' dir='ltr'><strong>vario</strong></span> <span class='ocrx_word' id='word_1_884' title='bbox 3496 5663 3624 5716; x_wconf 87' lang='lat' dir='ltr'><strong>pro-</strong></span> 
     </span>
    </p>
   </div>
   <div class='ocr_carea' id='block_1_121' title="bbox 2054 5725 3624 5805">
    <p class='ocr_par' dir='ltr' id='par_1_121' title="bbox 2054 5725 3624 5805">
     <span class='ocr_line' id='line_1_122' title="bbox 2054 5725 3624 5805; baseline 0.01 -26"><span class='ocrx_word' id='word_1_885' title='bbox 2054 5725 2320 5781; x_wconf 88' lang='lat' dir='ltr'><strong>cessionis</strong></span> <span class='ocrx_word' id='word_1_886' title='bbox 2345 5728 2506 5782; x_wconf 73' lang='lat' dir='ltr'><strong>modo</strong></span> <span class='ocrx_word' id='word_1_887' title='bbox 2534 5728 2602 5782; x_wconf 87' lang='lat' dir='ltr'><strong>ab</strong></span> <span class='ocrx_word' id='word_1_888' title='bbox 2665 5729 2895 5783; x_wconf 89' lang='lat' dir='ltr'><strong>invicem</strong></span> <span class='ocrx_word' id='word_1_889' title='bbox 2961 5732 3400 5805; x_wconf 70' lang='lat' dir='ltr'><strong>distinguuntur,</strong></span> <span class='ocrx_word' id='word_1_890' title='bbox 3432 5750 3624 5794; x_wconf 79' lang='lat' dir='ltr'><strong>natura</strong></span> 
     </span>
    </p>
   </div>
  </div>
