  <div class='ocr_page' id='page_1' title='image "/cluster/home/n/w/nwhite01/storage/ocr_20150623/160/mdp.39015078384693/303.png"; bbox 0 0 4170 6294; ppageno 0'>
   <div class='ocr_carea' id='block_1_1' title="bbox 588 315 695 381">
    <p class='ocr_par' dir='ltr' id='par_1_1' title="bbox 588 315 695 381">
     <span class='ocr_line' id='line_1_1' title="bbox 588 315 695 381; baseline 0.019 -2"><span class='ocrx_word' id='word_1_1' title='bbox 588 315 695 381; x_wconf 69' lang='lat'><strong>591</strong></span> 
     </span>
    </p>
   </div>
   <div class='ocr_carea' id='block_1_2' title="bbox 1659 309 2768 424">
    <p class='ocr_par' dir='ltr' id='par_1_2' title="bbox 1659 309 2768 424">
     <span class='ocr_line' id='line_1_2' title="bbox 1659 309 2768 424; baseline 0.013 -37"><span class='ocrx_word' id='word_1_2' title='bbox 1659 327 2042 391; x_wconf 82' lang='lat' dir='ltr'><strong>GENNADII</strong></span> <span class='ocrx_word' id='word_1_3' title='bbox 2081 328 2191 396; x_wconf 77' lang='lat' dir='ltr'><strong>cp.</strong></span> <span class='ocrx_word' id='word_1_4' title='bbox 2235 309 2768 424; x_wconf 55' lang='lat' dir='ltr'><strong>PATRIARCHE</strong></span> 
     </span>
    </p>
   </div>
   <div class='ocr_carea' id='block_1_3' title="bbox 3745 352 3853 416">
    <p class='ocr_par' dir='ltr' id='par_1_3' title="bbox 3745 352 3853 416">
     <span class='ocr_line' id='line_1_3' title="bbox 3745 352 3853 416; baseline 0.028 -3"><span class='ocrx_word' id='word_1_5' title='bbox 3745 352 3853 416; x_wconf 69' lang='lat'><strong>592</strong></span> 
     </span>
    </p>
   </div>
   <div class='ocr_carea' id='block_1_4' title="bbox 596 435 2152 534">
    <p class='ocr_par' dir='ltr' id='par_1_4' title="bbox 596 435 2149 498">
     <span class='ocr_line' id='line_1_4' title="bbox 596 435 2149 498; baseline 0.01 -17"><span class='ocrx_word' id='word_1_6' title='bbox 596 446 726 486; x_wconf 83' lang='lat' dir='ltr'><strong>vero</strong></span> <span class='ocrx_word' id='word_1_7' title='bbox 765 448 932 485; x_wconf 89' lang='lat' dir='ltr'><strong>unum</strong></span> <span class='ocrx_word' id='word_1_8' title='bbox 973 442 1102 487; x_wconf 90' lang='lat' dir='ltr'><strong>sunt</strong></span> <span class='ocrx_word' id='word_1_9' title='bbox 1129 442 1185 487; x_wconf 90' lang='lat' dir='ltr'><strong>et</strong></span> <span class='ocrx_word' id='word_1_10' title='bbox 1223 435 1439 491; x_wconf 82' lang='lat' dir='ltr'><strong>sibimet</strong></span> <span class='ocrx_word' id='word_1_11' title='bbox 1495 437 1726 494; x_wconf 86' lang='lat' dir='ltr'><strong>invicem</strong></span> <span class='ocrx_word' id='word_1_12' title='bbox 1764 449 1819 493; x_wconf 92' lang='lat' dir='ltr'><strong>et</strong></span> <span class='ocrx_word' id='word_1_13' title='bbox 1872 442 2149 498; x_wconf 87' lang='lat' dir='ltr'><strong>intellectu</strong></span> 
     </span>
    </p>
   </div>
   <div class='ocr_carea' id='block_1_5' title="bbox 2253 435 3849 534">
    <p class='ocr_par' dir='ltr' id='par_1_5' title="bbox 2278 449 3849 534">
     <span class='ocr_line' id='line_1_5' title="bbox 2278 449 3849 534; baseline 0.015 -35"><span class='ocrx_word' id='word_1_14' title='bbox 2278 449 2433 534; x_wconf 86' lang='grc' dir='ltr'>λόγος</span> <span class='ocrx_word' id='word_1_15' title='bbox 2484 454 2575 507; x_wconf 87' lang='grc' dir='ltr'><strong>νοῦ</strong></span> <span class='ocrx_word' id='word_1_16' title='bbox 2627 457 2719 509; x_wconf 77' lang='grc' dir='ltr'>καὶ</span> <span class='ocrx_word' id='word_1_17' title='bbox 2752 458 2939 530; x_wconf 89' lang='grc' dir='ltr'>νοητοῦ</span> <span class='ocrx_word' id='word_1_18' title='bbox 2990 462 3188 526; x_wconf 82' lang='grc' dir='ltr'>παντός</span> <span class='ocrx_word' id='word_1_19' title='bbox 3236 464 3384 517; x_wconf 81' lang='grc' dir='ltr'>ἐστιν</span> <span class='ocrx_word' id='word_1_20' title='bbox 3415 465 3587 529; x_wconf 82' lang='grc' dir='ltr'>αίτιος</span> <span class='ocrx_word' id='word_1_21' title='bbox 3630 469 3691 520; x_wconf 75' lang='grc' dir='ltr'>ἐν</span> <span class='ocrx_word' id='word_1_22' title='bbox 3736 472 3849 534; x_wconf 86' lang='grc' dir='ltr'>τοῖς</span> 
     </span>
    </p>
   </div>
   <div class='ocr_carea' id='block_1_6' title="bbox 596 522 2165 604">
    <p class='ocr_par' dir='ltr' id='par_1_6' title="bbox 596 522 2165 604">
     <span class='ocr_line' id='line_1_6' title="bbox 596 522 2165 604; baseline 0.01 -32"><span class='ocrx_word' id='word_1_23' title='bbox 596 522 940 587; x_wconf 85' lang='lat' dir='ltr'><strong>producenti.</strong></span> <span class='ocrx_word' id='word_1_24' title='bbox 997 523 1248 577; x_wconf 86' lang='lat' dir='ltr'><strong>Divinum</strong></span> <span class='ocrx_word' id='word_1_25' title='bbox 1311 535 1494 579; x_wconf 89' lang='lat' dir='ltr'><strong>autem</strong></span> <span class='ocrx_word' id='word_1_26' title='bbox 1548 529 1777 582; x_wconf 87' lang='lat' dir='ltr'><strong>verbum</strong></span> <span class='ocrx_word' id='word_1_27' title='bbox 1834 531 1954 599; x_wconf 89' lang='lat' dir='ltr'><strong>(seu</strong></span> <span class='ocrx_word' id='word_1_28' title='bbox 2003 533 2165 604; x_wconf 88' lang='lat' dir='ltr'><strong>ratio)</strong></span> 
     </span>
    </p>
   </div>
   <div class='ocr_carea' id='block_1_7' title="bbox 592 609 2167 687">
    <p class='ocr_par' dir='ltr' id='par_1_7' title="bbox 592 609 2167 687">
     <span class='ocr_line' id='line_1_7' title="bbox 592 609 2167 687; baseline 0.01 -24"><span class='ocrx_word' id='word_1_29' title='bbox 592 609 833 680; x_wconf 77' lang='lat' dir='ltr'><strong>cujusvis</strong></span> <span class='ocrx_word' id='word_1_30' title='bbox 883 612 1187 668; x_wconf 83' lang='lat' dir='ltr'><strong>intellectus</strong></span> <span class='ocrx_word' id='word_1_31' title='bbox 1248 622 1301 667; x_wconf 90' lang='lat' dir='ltr'><strong>et</strong></span> <span class='ocrx_word' id='word_1_32' title='bbox 1364 615 1718 687; x_wconf 84' lang='lat' dir='ltr'><strong>intelligibilis</strong></span> <span class='ocrx_word' id='word_1_33' title='bbox 1771 633 1940 675; x_wconf 90' lang='lat' dir='ltr'><strong>causa</strong></span> <span class='ocrx_word' id='word_1_34' title='bbox 1979 634 2057 677; x_wconf 90' lang='lat' dir='ltr'><strong>est</strong></span> <span class='ocrx_word' id='word_1_35' title='bbox 2114 625 2167 677; x_wconf 93' lang='lat' dir='ltr'><strong>in</strong></span> 
     </span>
    </p>
   </div>
   <div class='ocr_carea' id='block_1_8' title="bbox 591 700 2166 770">
    <p class='ocr_par' dir='ltr' id='par_1_8' title="bbox 591 700 2166 770">
     <span class='ocr_line' id='line_1_8' title="bbox 591 700 2166 770; baseline 0.008 -17"><span class='ocrx_word' id='word_1_36' title='bbox 591 700 828 764; x_wconf 78' lang='lat' dir='ltr'><strong>cutibus,</strong></span> <span class='ocrx_word' id='word_1_37' title='bbox 858 703 1147 770; x_wconf 89' lang='lat' dir='ltr'><strong>omnisque</strong></span> <span class='ocrx_word' id='word_1_38' title='bbox 1170 704 1491 758; x_wconf 73' lang='lat' dir='ltr'><strong>substantia:</strong></span> <span class='ocrx_word' id='word_1_39' title='bbox 1524 706 1686 761; x_wconf 85' lang='lat' dir='ltr'><strong>simul</strong></span> <span class='ocrx_word' id='word_1_40' title='bbox 1716 719 1771 763; x_wconf 92' lang='lat' dir='ltr'><strong>et</strong></span> <span class='ocrx_word' id='word_1_41' title='bbox 1796 718 2025 764; x_wconf 48' lang='lat' dir='ltr'><strong>naturas.</strong></span> <span class='ocrx_word' id='word_1_42' title='bbox 2050 710 2166 766; x_wconf 85' lang='lat' dir='ltr'><strong>Non</strong></span> 
     </span>
    </p>
   </div>
   <div class='ocr_carea' id='block_1_9' title="bbox 590 791 2166 871">
    <p class='ocr_par' dir='ltr' id='par_1_9' title="bbox 590 791 2166 871">
     <span class='ocr_line' id='line_1_9' title="bbox 590 791 2166 871; baseline 0.005 -27"><span class='ocrx_word' id='word_1_43' title='bbox 590 791 734 845; x_wconf 90' lang='lat' dir='ltr'><strong>enim</strong></span> <span class='ocrx_word' id='word_1_44' title='bbox 759 792 1109 860; x_wconf 88' lang='lat' dir='ltr'><strong>producentis</strong></span> <span class='ocrx_word' id='word_1_45' title='bbox 1143 802 1352 848; x_wconf 90' lang='lat' dir='ltr'><strong>tantum</strong></span> <span class='ocrx_word' id='word_1_46' title='bbox 1379 795 1711 861; x_wconf 88' lang='lat' dir='ltr'><strong>intellectus,</strong></span> <span class='ocrx_word' id='word_1_47' title='bbox 1743 800 1839 853; x_wconf 87' lang='lat' dir='ltr'><strong>sed</strong></span> <span class='ocrx_word' id='word_1_48' title='bbox 1863 807 1918 854; x_wconf 90' lang='lat' dir='ltr'><strong>et</strong></span> <span class='ocrx_word' id='word_1_49' title='bbox 1942 815 2166 871; x_wconf 87' lang='lat' dir='ltr'><strong>operum</strong></span> 
     </span>
    </p>
   </div>
   <div class='ocr_carea' id='block_1_10' title="bbox 589 886 2168 954">
    <p class='ocr_par' dir='ltr' id='par_1_10' title="bbox 589 886 2168 954">
     <span class='ocr_line' id='line_1_10' title="bbox 589 886 2168 954; baseline 0.008 -20"><span class='ocrx_word' id='word_1_50' title='bbox 589 897 713 950; x_wconf 72' lang='lat' dir='ltr'><strong>qtue</strong></span> <span class='ocrx_word' id='word_1_51' title='bbox 748 897 844 950; x_wconf 84' lang='lat' dir='ltr'><strong>per</strong></span> <span class='ocrx_word' id='word_1_52' title='bbox 894 886 1073 952; x_wconf 89' lang='lat' dir='ltr'><strong>ipsum</strong></span> <span class='ocrx_word' id='word_1_53' title='bbox 1137 895 1541 954; x_wconf 86' lang='lat' dir='ltr'><strong>cognoscuntur</strong></span> <span class='ocrx_word' id='word_1_54' title='bbox 1591 888 1658 942; x_wconf 90' lang='lat' dir='ltr'><strong>ad</strong></span> <span class='ocrx_word' id='word_1_55' title='bbox 1711 898 1862 943; x_wconf 80' lang='lat' dir='ltr'><strong>extra</strong></span> <span class='ocrx_word' id='word_1_56' title='bbox 1904 892 2168 947; x_wconf 72' lang='lat' dir='ltr'><strong>naturalis</strong></span> 
     </span>
    </p>
   </div>
   <div class='ocr_carea' id='block_1_11' title="bbox 591 973 2168 1036">
    <p class='ocr_par' dir='ltr' id='par_1_11' title="bbox 591 973 2168 1036">
     <span class='ocr_line' id='line_1_11' title="bbox 591 973 2168 1036; baseline 0.006 -11"><span class='ocrx_word' id='word_1_57' title='bbox 591 979 675 1025; x_wconf 87' lang='lat' dir='ltr'><strong>est</strong></span> <span class='ocrx_word' id='word_1_58' title='bbox 733 973 1061 1031; x_wconf 85' lang='lat' dir='ltr'><strong>similitudo.</strong></span> <span class='ocrx_word' id='word_1_59' title='bbox 1122 974 1277 1031; x_wconf 85' lang='lat' dir='ltr'><strong>Unde</strong></span> <span class='ocrx_word' id='word_1_60' title='bbox 1334 976 1520 1030; x_wconf 89' lang='lat' dir='ltr'><strong>innata</strong></span> <span class='ocrx_word' id='word_1_61' title='bbox 1576 978 1879 1034; x_wconf 84' lang='lat' dir='ltr'><strong>similitudo</strong></span> <span class='ocrx_word' id='word_1_62' title='bbox 1941 992 2168 1036; x_wconf 78' lang='lat' dir='ltr'><strong>vocatur</strong></span> 
     </span>
    </p>
   </div>
   <div class='ocr_carea' id='block_1_12' title="bbox 590 1064 2167 1138">
    <p class='ocr_par' dir='ltr' id='par_1_12' title="bbox 590 1064 2167 1138">
     <span class='ocr_line' id='line_1_12' title="bbox 590 1064 2167 1138; baseline 0.005 -20"><span class='ocrx_word' id='word_1_63' title='bbox 590 1064 949 1134; x_wconf 87' lang='lat' dir='ltr'><strong>generatricis</strong></span> <span class='ocrx_word' id='word_1_64' title='bbox 980 1064 1287 1121; x_wconf 89' lang='lat' dir='ltr'><strong>intellectus</strong></span> <span class='ocrx_word' id='word_1_65' title='bbox 1313 1075 1366 1120; x_wconf 91' lang='lat' dir='ltr'><strong>et</strong></span> <span class='ocrx_word' id='word_1_66' title='bbox 1393 1081 1608 1136; x_wconf 87' lang='lat' dir='ltr'><strong>semper</strong></span> <span class='ocrx_word' id='word_1_67' title='bbox 1658 1070 1993 1138; x_wconf 80' lang='lat' dir='ltr'><strong>generantia,</strong></span> <span class='ocrx_word' id='word_1_68' title='bbox 2045 1071 2167 1126; x_wconf 87' lang='lat' dir='ltr'><strong>ideo</strong></span> 
     </span>
    </p>
   </div>
   <div class='ocr_carea' id='block_1_13' title="bbox 587 1155 2167 1225">
    <p class='ocr_par' dir='ltr' id='par_1_13' title="bbox 587 1155 2167 1225">
     <span class='ocr_line' id='line_1_13' title="bbox 587 1155 2167 1225; baseline 0.005 -17"><span class='ocrx_word' id='word_1_69' title='bbox 587 1168 723 1208; x_wconf 84' lang='lat' dir='ltr'><strong>vero</strong></span> <span class='ocrx_word' id='word_1_70' title='bbox 772 1164 1173 1212; x_wconf 86' lang='lat' dir='ltr'><strong>creaturarum.</strong></span> <span class='ocrx_word' id='word_1_71' title='bbox 1225 1155 1361 1210; x_wconf 85' lang='lat' dir='ltr'><strong>Hinc</strong></span> <span class='ocrx_word' id='word_1_72' title='bbox 1418 1157 1561 1225; x_wconf 86' lang='lat' dir='ltr'><strong>apud</strong></span> <span class='ocrx_word' id='word_1_73' title='bbox 1614 1156 1783 1212; x_wconf 91' lang='lat' dir='ltr'><strong>Deum</strong></span> <span class='ocrx_word' id='word_1_74' title='bbox 1828 1168 1883 1214; x_wconf 88' lang='lat' dir='ltr'><strong>et</strong></span> <span class='ocrx_word' id='word_1_75' title='bbox 1934 1175 2001 1215; x_wconf 84' lang='lat' dir='ltr'><strong>ex</strong></span> <span class='ocrx_word' id='word_1_76' title='bbox 2056 1160 2167 1216; x_wconf 88' lang='lat' dir='ltr'><strong>Deo</strong></span> 
     </span>
    </p>
   </div>
   <div class='ocr_carea' id='block_1_14' title="bbox 580 1245 2162 1317">
    <p class='ocr_par' dir='ltr' id='par_1_14' title="bbox 580 1245 2162 1317">
     <span class='ocr_line' id='line_1_14' title="bbox 580 1245 2162 1317; baseline 0.008 -20"><span class='ocrx_word' id='word_1_77' title='bbox 580 1245 725 1300; x_wconf 79' lang='lat' dir='ltr'><strong>illud</strong></span> <span class='ocrx_word' id='word_1_78' title='bbox 760 1245 961 1301; x_wconf 87' lang='lat' dir='ltr'><strong>dicitur</strong></span> <span class='ocrx_word' id='word_1_79' title='bbox 984 1263 1123 1314; x_wconf 85' lang='lat' dir='ltr'><strong>esse,</strong></span> <span class='ocrx_word' id='word_1_80' title='bbox 1169 1262 1265 1317; x_wconf 90' lang='lat' dir='ltr'><strong>per</strong></span> <span class='ocrx_word' id='word_1_81' title='bbox 1303 1248 1479 1317; x_wconf 89' lang='lat' dir='ltr'><strong>ipsum</strong></span> <span class='ocrx_word' id='word_1_82' title='bbox 1529 1258 1711 1304; x_wconf 88' lang='lat' dir='ltr'><strong>autem</strong></span> <span class='ocrx_word' id='word_1_83' title='bbox 1763 1249 1903 1306; x_wconf 81' lang='lat' dir='ltr'><strong>facta</strong></span> <span class='ocrx_word' id='word_1_84' title='bbox 1957 1253 2162 1309; x_wconf 87' lang='lat' dir='ltr'><strong>omnia.</strong></span> 
     </span>
    </p>
   </div>
   <div class='ocr_carea' id='block_1_15' title="bbox 579 1335 2159 1409">
    <p class='ocr_par' dir='ltr' id='par_1_15' title="bbox 579 1335 2159 1409">
     <span class='ocr_line' id='line_1_15' title="bbox 579 1335 2159 1409; baseline 0.004 -20"><span class='ocrx_word' id='word_1_85' title='bbox 579 1335 666 1390; x_wconf 73' lang='lat' dir='ltr'><strong>ita</strong></span> <span class='ocrx_word' id='word_1_86' title='bbox 702 1347 758 1390; x_wconf 89' lang='lat' dir='ltr'><strong>et</strong></span> <span class='ocrx_word' id='word_1_87' title='bbox 778 1337 958 1393; x_wconf 80' lang='lat' dir='ltr'><strong>omnis</strong></span> <span class='ocrx_word' id='word_1_88' title='bbox 989 1339 1117 1392; x_wconf 90' lang='lat' dir='ltr'><strong>boni</strong></span> <span class='ocrx_word' id='word_1_89' title='bbox 1145 1352 1312 1393; x_wconf 83' lang='lat' dir='ltr'><strong>causa</strong></span> <span class='ocrx_word' id='word_1_90' title='bbox 1341 1339 1561 1394; x_wconf 85' lang='lat' dir='ltr'><strong>entibus</strong></span> <span class='ocrx_word' id='word_1_91' title='bbox 1609 1340 1829 1396; x_wconf 82' lang='lat' dir='ltr'><strong>divinus</strong></span> <span class='ocrx_word' id='word_1_92' title='bbox 1878 1351 1959 1396; x_wconf 91' lang='lat' dir='ltr'><strong>est</strong></span> <span class='ocrx_word' id='word_1_93' title='bbox 1988 1356 2159 1409; x_wconf 88' lang='lat' dir='ltr'><strong>amor,</strong></span> 
     </span>
    </p>
   </div>
   <div class='ocr_carea' id='block_1_16' title="bbox 588 1428 2165 1500">
    <p class='ocr_par' dir='ltr' id='par_1_16' title="bbox 588 1428 2165 1500">
     <span class='ocr_line' id='line_1_16' title="bbox 588 1428 2165 1500; baseline 0.007 -21"><span class='ocrx_word' id='word_1_94' title='bbox 588 1428 640 1480; x_wconf 94' lang='lat' dir='ltr'><strong>id</strong></span> <span class='ocrx_word' id='word_1_95' title='bbox 668 1436 774 1494; x_wconf 88' lang='lat' dir='ltr'><strong>est,</strong></span> <span class='ocrx_word' id='word_1_96' title='bbox 797 1428 1038 1497; x_wconf 86' lang='lat' dir='ltr'><strong>Spiritus</strong></span> <span class='ocrx_word' id='word_1_97' title='bbox 1094 1437 1353 1497; x_wconf 89' lang='lat' dir='ltr'><strong>sanctus;</strong></span> <span class='ocrx_word' id='word_1_98' title='bbox 1394 1431 1576 1485; x_wconf 90' lang='lat' dir='ltr'><strong>omnia</strong></span> <span class='ocrx_word' id='word_1_99' title='bbox 1636 1446 1875 1500; x_wconf 86' lang='lat' dir='ltr'><strong>namque</strong></span> <span class='ocrx_word' id='word_1_100' title='bbox 1924 1434 2165 1490; x_wconf 87' lang='lat' dir='ltr'><strong>continet</strong></span> 
     </span>
    </p>
   </div>
   <div class='ocr_carea' id='block_1_17' title="bbox 572 1505 2164 1579">
    <p class='ocr_par' dir='ltr' id='par_1_17' title="bbox 572 1505 2164 1579">
     <span class='ocr_line' id='line_1_17' title="bbox 572 1505 2164 1579; baseline 0.006 -10"><span class='ocrx_word' id='word_1_101' title='bbox 572 1523 642 1570; x_wconf 80' lang='grc' dir='ltr'>-οι</span> <span class='ocrx_word' id='word_1_102' title='bbox 671 1516 736 1571; x_wconf 86' lang='lat' dir='ltr'><strong>ad</strong></span> <span class='ocrx_word' id='word_1_103' title='bbox 760 1517 963 1571; x_wconf 85' lang='lat' dir='ltr'><strong>bonum</strong></span> <span class='ocrx_word' id='word_1_104' title='bbox 1001 1508 1292 1573; x_wconf 75' lang='lat' dir='ltr'><strong>convertit.</strong></span> <span class='ocrx_word' id='word_1_105' title='bbox 1327 1505 1638 1574; x_wconf 58' lang='lat' dir='ltr'><strong>«Praeterea</strong></span> <span class='ocrx_word' id='word_1_106' title='bbox 1694 1536 1816 1574; x_wconf 89' lang='lat' dir='ltr'><strong>cum</strong></span> <span class='ocrx_word' id='word_1_107' title='bbox 1872 1522 1978 1579; x_wconf 90' lang='lat' dir='ltr'><strong>illis</strong></span> <span class='ocrx_word' id='word_1_108' title='bbox 2022 1540 2164 1579; x_wconf 89' lang='lat' dir='ltr'><strong>unus</strong></span> 
     </span>
    </p>
   </div>
   <div class='ocr_carea' id='block_1_18' title="bbox 572 1610 2163 1683">
    <p class='ocr_par' dir='ltr' id='par_1_18' title="bbox 572 1610 2163 1683">
     <span class='ocr_line' id='line_1_18' title="bbox 572 1610 2163 1683; baseline 0.004 -21"><span class='ocrx_word' id='word_1_109' title='bbox 572 1618 673 1662; x_wconf 81' lang='lat' dir='ltr'><strong>est</strong></span> <span class='ocrx_word' id='word_1_110' title='bbox 704 1610 843 1663; x_wconf 77' lang='lat' dir='ltr'><strong>Deus</strong></span> <span class='ocrx_word' id='word_1_111' title='bbox 867 1618 920 1662; x_wconf 89' lang='lat' dir='ltr'><strong>et</strong></span> <span class='ocrx_word' id='word_1_112' title='bbox 944 1618 1267 1663; x_wconf 86' lang='lat' dir='ltr'><strong>cunctorum</strong></span> <span class='ocrx_word' id='word_1_113' title='bbox 1294 1610 1500 1665; x_wconf 89' lang='lat' dir='ltr'><strong>entium</strong></span> <span class='ocrx_word' id='word_1_114' title='bbox 1520 1621 1732 1666; x_wconf 88' lang='lat' dir='ltr'><strong>creator</strong></span> <span class='ocrx_word' id='word_1_115' title='bbox 1756 1630 1770 1678; x_wconf 92' lang='lat'><strong>;</strong></span> <span class='ocrx_word' id='word_1_116' title='bbox 1798 1613 2163 1683; x_wconf 76' lang='lat' dir='ltr'><strong>universaque</strong></span> 
     </span>
    </p>
   </div>
   <div class='ocr_carea' id='block_1_19' title="bbox 587 1698 2160 1771">
    <p class='ocr_par' dir='ltr' id='par_1_19' title="bbox 587 1698 2160 1771">
     <span class='ocr_line' id='line_1_19' title="bbox 587 1698 2160 1771; baseline 0.005 -20"><span class='ocrx_word' id='word_1_117' title='bbox 587 1714 615 1751; x_wconf 89' lang='lat' dir='ltr'><strong>a</strong></span> <span class='ocrx_word' id='word_1_118' title='bbox 643 1698 925 1768; x_wconf 82' lang='lat' dir='ltr'><strong>primariis</strong></span> <span class='ocrx_word' id='word_1_119' title='bbox 951 1699 1268 1753; x_wconf 89' lang='lat' dir='ltr'><strong>ultimorum</strong></span> <span class='ocrx_word' id='word_1_120' title='bbox 1297 1708 1455 1755; x_wconf 89' lang='lat' dir='ltr'><strong>tenus</strong></span> <span class='ocrx_word' id='word_1_121' title='bbox 1480 1715 1643 1771; x_wconf 86' lang='lat' dir='ltr'><strong>opera</strong></span> <span class='ocrx_word' id='word_1_122' title='bbox 1696 1711 1826 1757; x_wconf 84' lang='lat' dir='ltr'><strong>sunt</strong></span> <span class='ocrx_word' id='word_1_123' title='bbox 1867 1712 1922 1759; x_wconf 92' lang='lat' dir='ltr'><strong>et</strong></span> <span class='ocrx_word' id='word_1_124' title='bbox 1954 1707 2160 1758; x_wconf 85' lang='lat' dir='ltr'><strong>manci-</strong></span> 
     </span>
    </p>
   </div>
   <div class='ocr_carea' id='block_1_20' title="bbox 570 1785 1981 1860">
    <p class='ocr_par' dir='ltr' id='par_1_20' title="bbox 570 1785 1981 1860">
     <span class='ocr_line' id='line_1_20' title="bbox 570 1785 1981 1860; baseline 0.005 -21"><span class='ocrx_word' id='word_1_125' title='bbox 570 1785 674 1855; x_wconf 59' lang='lat' dir='ltr'><strong>«pia</strong></span> <span class='ocrx_word' id='word_1_126' title='bbox 704 1787 869 1842; x_wconf 90' lang='lat' dir='ltr'><strong>unius</strong></span> <span class='ocrx_word' id='word_1_127' title='bbox 893 1786 985 1842; x_wconf 90' lang='lat' dir='ltr'><strong>Dei</strong></span> <span class='ocrx_word' id='word_1_128' title='bbox 1010 1802 1075 1841; x_wconf 90' lang='lat' dir='ltr'><strong>ac</strong></span> <span class='ocrx_word' id='word_1_129' title='bbox 1106 1787 1161 1842; x_wconf 90' lang='lat' dir='ltr'><strong>in</strong></span> <span class='ocrx_word' id='word_1_130' title='bbox 1194 1789 1312 1857; x_wconf 91' lang='lat' dir='ltr'><strong>ipso</strong></span> <span class='ocrx_word' id='word_1_131' title='bbox 1341 1791 1643 1860; x_wconf 69' lang='lat' dir='ltr'><strong>congenitaa</strong></span> <span class='ocrx_word' id='word_1_132' title='bbox 1672 1789 1981 1848; x_wconf 86' lang='lat' dir='ltr'><strong>Trinitatis.</strong></span> 
     </span>
    </p>
   </div>
   <div class='ocr_carea' id='block_1_21' title="bbox 660 1878 2162 1950">
    <p class='ocr_par' dir='ltr' id='par_1_21' title="bbox 660 1878 2162 1950">
     <span class='ocr_line' id='line_1_21' title="bbox 660 1878 2162 1950; baseline 0.005 -17"><span class='ocrx_word' id='word_1_133' title='bbox 660 1878 741 1933; x_wconf 78' lang='lat' dir='ltr'><strong>Re</strong></span> <span class='ocrx_word' id='word_1_134' title='bbox 769 1880 937 1948; x_wconf 79' lang='lat' dir='ltr'><strong>igitur</strong></span> <span class='ocrx_word' id='word_1_135' title='bbox 960 1879 1079 1950; x_wconf 84' lang='lat' dir='ltr'><strong>ipsa</strong></span> <span class='ocrx_word' id='word_1_136' title='bbox 1107 1881 1264 1935; x_wconf 88' lang='lat' dir='ltr'><strong>beata</strong></span> <span class='ocrx_word' id='word_1_137' title='bbox 1294 1889 1349 1936; x_wconf 90' lang='lat' dir='ltr'><strong>et</strong></span> <span class='ocrx_word' id='word_1_138' title='bbox 1376 1881 1559 1937; x_wconf 89' lang='lat' dir='ltr'><strong>divina</strong></span> <span class='ocrx_word' id='word_1_139' title='bbox 1605 1880 1850 1940; x_wconf 77' lang='lat' dir='ltr'><strong>Trinitas</strong></span> <span class='ocrx_word' id='word_1_140' title='bbox 1910 1886 2162 1941; x_wconf 75' lang='lat' dir='ltr'><strong>humana:</strong></span> 
     </span>
    </p>
   </div>
   <div class='ocr_carea' id='block_1_22' title="bbox 585 1970 2165 2038">
    <p class='ocr_par' dir='ltr' id='par_1_22' title="bbox 585 1970 2165 2038">
     <span class='ocr_line' id='line_1_22' title="bbox 585 1970 2165 2038; baseline 0.006 -14"><span class='ocrx_word' id='word_1_141' title='bbox 585 1970 851 2026; x_wconf 83' lang='lat' dir='ltr'><strong>trinitatis</strong></span> <span class='ocrx_word' id='word_1_142' title='bbox 923 1986 1089 2026; x_wconf 89' lang='lat' dir='ltr'><strong>causa</strong></span> <span class='ocrx_word' id='word_1_143' title='bbox 1173 1980 1304 2038; x_wconf 88' lang='lat' dir='ltr'><strong>est;</strong></span> <span class='ocrx_word' id='word_1_144' title='bbox 1364 1981 1569 2029; x_wconf 83' lang='lat' dir='ltr'><strong>nostra-</strong></span> <span class='ocrx_word' id='word_1_145' title='bbox 1649 1984 1831 2031; x_wconf 90' lang='lat' dir='ltr'><strong>autem</strong></span> <span class='ocrx_word' id='word_1_146' title='bbox 1915 1978 2165 2033; x_wconf 72' lang='lat' dir='ltr'><strong>humanae</strong></span> 
     </span>
    </p>
   </div>
   <div class='ocr_carea' id='block_1_23' title="bbox 580 2061 2154 2137">
    <p class='ocr_par' dir='ltr' id='par_1_23' title="bbox 580 2061 2154 2137">
     <span class='ocr_line' id='line_1_23' title="bbox 580 2061 2154 2137; baseline 0.004 -22"><span class='ocrx_word' id='word_1_147' title='bbox 580 2061 1249 2131; x_wconf 82' lang='lat' dir='ltr'><strong>cognitioniquasicausa</strong></span> <span class='ocrx_word' id='word_1_148' title='bbox 1277 2071 1363 2119; x_wconf 90' lang='lat' dir='ltr'><strong>est</strong></span> <span class='ocrx_word' id='word_1_149' title='bbox 1418 2066 1638 2120; x_wconf 87' lang='lat' dir='ltr'><strong>trinitas</strong></span> <span class='ocrx_word' id='word_1_150' title='bbox 1704 2068 1863 2121; x_wconf 85' lang='lat' dir='ltr'><strong>nobis</strong></span> <span class='ocrx_word' id='word_1_151' title='bbox 1934 2069 2154 2137; x_wconf 85' lang='lat' dir='ltr'><strong>propria</strong></span> 
     </span>
    </p>
   </div>
   <div class='ocr_carea' id='block_1_24' title="bbox 492 2154 2163 2227">
    <p class='ocr_par' dir='ltr' id='par_1_24' title="bbox 492 2154 2163 2227">
     <span class='ocr_line' id='line_1_24' title="bbox 492 2154 2163 2227; baseline 0.005 -21"><span class='ocrx_word' id='word_1_152' title='bbox 492 2190 501 2198; x_wconf 84' lang='grc'><strong>-</strong></span> <span class='ocrx_word' id='word_1_153' title='bbox 576 2167 688 2207; x_wconf 83' lang='lat' dir='ltr'><strong>cur</strong></span> <span class='ocrx_word' id='word_1_154' title='bbox 720 2162 776 2209; x_wconf 87' lang='lat' dir='ltr'><strong>et</strong></span> <span class='ocrx_word' id='word_1_155' title='bbox 809 2154 954 2209; x_wconf 84' lang='lat' dir='ltr'><strong>illam</strong></span> <span class='ocrx_word' id='word_1_156' title='bbox 996 2155 1179 2225; x_wconf 87' lang='lat' dir='ltr'><strong>aliqua</strong></span> <span class='ocrx_word' id='word_1_157' title='bbox 1218 2171 1647 2226; x_wconf 77' lang='lat' dir='ltr'><strong>cognoscamus;</strong></span> <span class='ocrx_word' id='word_1_158' title='bbox 1680 2167 1740 2212; x_wconf 89' lang='lat' dir='ltr'><strong>ut</strong></span> <span class='ocrx_word' id='word_1_159' title='bbox 1784 2158 1897 2227; x_wconf 87' lang='lat' dir='ltr'><strong>jam</strong></span> <span class='ocrx_word' id='word_1_160' title='bbox 1965 2161 2163 2214; x_wconf 72' lang='lat' dir='ltr'><strong>exinde</strong></span> 
     </span>
    </p>
   </div>
   <div class='ocr_carea' id='block_1_25' title="bbox 579 2244 2160 2319">
    <p class='ocr_par' dir='ltr' id='par_1_25' title="bbox 579 2244 2160 2319">
     <span class='ocr_line' id='line_1_25' title="bbox 579 2244 2160 2319; baseline 0.003 -20"><span class='ocrx_word' id='word_1_161' title='bbox 579 2244 766 2299; x_wconf 86' lang='lat' dir='ltr'><strong>divina</strong></span> <span class='ocrx_word' id='word_1_162' title='bbox 797 2261 917 2315; x_wconf 61' lang='lat' dir='ltr'><strong>qua;</strong></span> <span class='ocrx_word' id='word_1_163' title='bbox 951 2247 1109 2303; x_wconf 83' lang='lat' dir='ltr'><strong>nobis</strong></span> <span class='ocrx_word' id='word_1_164' title='bbox 1165 2248 1307 2303; x_wconf 86' lang='lat' dir='ltr'><strong>inest</strong></span> <span class='ocrx_word' id='word_1_165' title='bbox 1336 2246 1572 2319; x_wconf 75' lang='lat' dir='ltr'><strong>imagine</strong></span> <span class='ocrx_word' id='word_1_166' title='bbox 1610 2247 1719 2303; x_wconf 81' lang='lat' dir='ltr'><strong>frui</strong></span> <span class='ocrx_word' id='word_1_167' title='bbox 1769 2250 2046 2318; x_wconf 86' lang='lat' dir='ltr'><strong>possimus</strong></span> <span class='ocrx_word' id='word_1_168' title='bbox 2107 2260 2160 2305; x_wconf 87' lang='lat' dir='ltr'><strong>et</strong></span> 
     </span>
    </p>
   </div>
   <div class='ocr_carea' id='block_1_26' title="bbox 573 2336 2158 2410">
    <p class='ocr_par' dir='ltr' id='par_1_26' title="bbox 573 2336 2158 2410">
     <span class='ocr_line' id='line_1_26' title="bbox 573 2336 2158 2410; baseline 0.004 -22"><span class='ocrx_word' id='word_1_169' title='bbox 573 2349 678 2400; x_wconf 78' lang='lat' dir='ltr'><strong>per</strong></span> <span class='ocrx_word' id='word_1_170' title='bbox 709 2336 854 2389; x_wconf 77' lang='lat' dir='ltr'><strong>illam</strong></span> <span class='ocrx_word' id='word_1_171' title='bbox 887 2340 1130 2393; x_wconf 89' lang='lat' dir='ltr'><strong>omnium</strong></span> <span class='ocrx_word' id='word_1_172' title='bbox 1161 2354 1384 2394; x_wconf 86' lang='lat' dir='ltr'><strong>causam</strong></span> <span class='ocrx_word' id='word_1_173' title='bbox 1418 2354 1738 2410; x_wconf 76' lang='lat' dir='ltr'><strong>agnoscere,</strong></span> <span class='ocrx_word' id='word_1_174' title='bbox 1794 2356 1975 2397; x_wconf 83' lang='lat' dir='ltr'><strong>veram</strong></span> <span class='ocrx_word' id='word_1_175' title='bbox 2010 2359 2158 2397; x_wconf 83' lang='lat' dir='ltr'><strong>neni-</strong></span> 
     </span>
    </p>
   </div>
   <div class='ocr_carea' id='block_1_27' title="bbox 571 2429 2162 2504">
    <p class='ocr_par' dir='ltr' id='par_1_27' title="bbox 571 2429 2162 2504">
     <span class='ocr_line' id='line_1_27' title="bbox 571 2429 2162 2504; baseline 0.004 -22"><span class='ocrx_word' id='word_1_176' title='bbox 571 2442 650 2496; x_wconf 31' lang='lat' dir='ltr'><strong>‘pe</strong></span> <span class='ocrx_word' id='word_1_177' title='bbox 688 2438 744 2482; x_wconf 80' lang='lat' dir='ltr'><strong>et</strong></span> <span class='ocrx_word' id='word_1_178' title='bbox 795 2429 1152 2500; x_wconf 79' lang='lat' dir='ltr'><strong>principalem</strong></span> <span class='ocrx_word' id='word_1_179' title='bbox 1193 2430 1537 2489; x_wconf 87' lang='lat' dir='ltr'><strong>Trinitatem.</strong></span> <span class='ocrx_word' id='word_1_180' title='bbox 1572 2430 1699 2487; x_wconf 65' lang='lat' dir='ltr'><strong>Haac</strong></span> <span class='ocrx_word' id='word_1_181' title='bbox 1752 2433 1825 2486; x_wconf 89' lang='lat' dir='ltr'><strong>ita</strong></span> <span class='ocrx_word' id='word_1_182' title='bbox 1886 2433 2162 2504; x_wconf 86' lang='lat' dir='ltr'><strong>loquimur</strong></span> 
     </span>
    </p>
   </div>
   <div class='ocr_carea' id='block_1_28' title="bbox 576 2521 2157 2596">
    <p class='ocr_par' dir='ltr' id='par_1_28' title="bbox 576 2521 2157 2596">
     <span class='ocr_line' id='line_1_28' title="bbox 576 2521 2157 2596; baseline 0.005 -25"><span class='ocrx_word' id='word_1_183' title='bbox 576 2528 802 2590; x_wconf 81' lang='lat' dir='ltr'><strong>prOpter</strong></span> <span class='ocrx_word' id='word_1_184' title='bbox 835 2536 929 2577; x_wconf 88' lang='lat' dir='ltr'><strong>eos</strong></span> <span class='ocrx_word' id='word_1_185' title='bbox 962 2522 1055 2591; x_wconf 88' lang='lat' dir='ltr'><strong>qui</strong></span> <span class='ocrx_word' id='word_1_186' title='bbox 1083 2521 1402 2591; x_wconf 78' lang='lat' dir='ltr'><strong>imperfecte</strong></span> <span class='ocrx_word' id='word_1_187' title='bbox 1438 2523 1622 2580; x_wconf 88' lang='lat' dir='ltr'><strong>adhuc</strong></span> <span class='ocrx_word' id='word_1_188' title='bbox 1651 2525 1897 2581; x_wconf 87' lang='lat' dir='ltr'><strong>sentiunt</strong></span> <span class='ocrx_word' id='word_1_189' title='bbox 1934 2534 1989 2579; x_wconf 90' lang='lat' dir='ltr'><strong>et</strong></span> <span class='ocrx_word' id='word_1_190' title='bbox 2019 2542 2157 2596; x_wconf 76' lang='lat' dir='ltr'><strong>qna-</strong></span> 
     </span>
    </p>
   </div>
   <div class='ocr_carea' id='block_1_29' title="bbox 579 2612 2157 2688">
    <p class='ocr_par' dir='ltr' id='par_1_29' title="bbox 579 2612 2157 2688">
     <span class='ocr_line' id='line_1_29' title="bbox 579 2612 2157 2688; baseline 0.006 -23"><span class='ocrx_word' id='word_1_191' title='bbox 579 2613 623 2665; x_wconf 87' lang='lat' dir='ltr'><strong>si</strong></span> <span class='ocrx_word' id='word_1_192' title='bbox 665 2612 758 2680; x_wconf 87' lang='lat' dir='ltr'><strong>qui</strong></span> <span class='ocrx_word' id='word_1_193' title='bbox 789 2614 1011 2667; x_wconf 78' lang='lat' dir='ltr'><strong>vixdum</strong></span> <span class='ocrx_word' id='word_1_194' title='bbox 1046 2614 1359 2667; x_wconf 84' lang='lat' dir='ltr'><strong>initiantur.</strong></span> <span class='ocrx_word' id='word_1_195' title='bbox 1403 2613 1510 2670; x_wconf 87' lang='lat' dir='ltr'><strong>Illis</strong></span> <span class='ocrx_word' id='word_1_196' title='bbox 1548 2631 1682 2671; x_wconf 86' lang='lat' dir='ltr'><strong>vero</strong></span> <span class='ocrx_word' id='word_1_197' title='bbox 1730 2617 1823 2686; x_wconf 90' lang='lat' dir='ltr'><strong>qui</strong></span> <span class='ocrx_word' id='word_1_198' title='bbox 1860 2619 2157 2688; x_wconf 79' lang='lat' dir='ltr'><strong>perfectius</strong></span> 
     </span>
    </p>
   </div>
   <div class='ocr_carea' id='block_1_30' title="bbox 570 2704 2153 2775">
    <p class='ocr_par' dir='ltr' id='par_1_30' title="bbox 570 2704 2153 2775">
     <span class='ocr_line' id='line_1_30' title="bbox 570 2704 2153 2775; baseline 0.002 -19"><span class='ocrx_word' id='word_1_199' title='bbox 570 2704 801 2757; x_wconf 82' lang='lat' dir='ltr'><strong>novisse</strong></span> <span class='ocrx_word' id='word_1_200' title='bbox 816 2705 1162 2757; x_wconf 88' lang='lat' dir='ltr'><strong>contendunt</strong></span> <span class='ocrx_word' id='word_1_201' title='bbox 1189 2714 1284 2758; x_wconf 87' lang='lat' dir='ltr'><strong>aut</strong></span> <span class='ocrx_word' id='word_1_202' title='bbox 1308 2706 1491 2760; x_wconf 87' lang='lat' dir='ltr'><strong>divina</strong></span> <span class='ocrx_word' id='word_1_203' title='bbox 1513 2717 1877 2775; x_wconf 81' lang='lat' dir='ltr'><strong>perceperunt</strong></span> <span class='ocrx_word' id='word_1_204' title='bbox 1904 2722 2153 2775; x_wconf 86' lang='lat' dir='ltr'><strong>munera,</strong></span> 
     </span>
    </p>
   </div>
   <div class='ocr_carea' id='block_1_31' title="bbox 565 2794 2159 2868">
    <p class='ocr_par' dir='ltr' id='par_1_31' title="bbox 565 2794 2159 2868">
     <span class='ocr_line' id='line_1_31' title="bbox 565 2794 2159 2868; baseline 0.003 -20"><span class='ocrx_word' id='word_1_205' title='bbox 565 2795 722 2862; x_wconf 77' lang='lat' dir='ltr'><strong>quod</strong></span> <span class='ocrx_word' id='word_1_206' title='bbox 757 2794 984 2847; x_wconf 87' lang='lat' dir='ltr'><strong>omnino</strong></span> <span class='ocrx_word' id='word_1_207' title='bbox 1016 2802 1264 2863; x_wconf 66' lang='lat' dir='ltr'><strong>praestat,</strong></span> <span class='ocrx_word' id='word_1_208' title='bbox 1289 2798 1603 2851; x_wconf 83' lang='lat' dir='ltr'><strong>accuratius</strong></span> <span class='ocrx_word' id='word_1_209' title='bbox 1639 2797 1768 2851; x_wconf 89' lang='lat' dir='ltr'><strong>inde</strong></span> <span class='ocrx_word' id='word_1_210' title='bbox 1806 2813 1929 2868; x_wconf 71' lang='lat' dir='ltr'><strong>qum</strong></span> <span class='ocrx_word' id='word_1_211' title='bbox 1973 2798 2027 2852; x_wconf 91' lang='lat' dir='ltr'><strong>in</strong></span> <span class='ocrx_word' id='word_1_212' title='bbox 2060 2812 2159 2852; x_wconf 89' lang='lat' dir='ltr'><strong>no—</strong></span> 
     </span>
    </p>
   </div>
   <div class='ocr_carea' id='block_1_32' title="bbox 579 2883 2158 2945">
    <p class='ocr_par' dir='ltr' id='par_1_32' title="bbox 579 2883 2158 2945">
     <span class='ocr_line' id='line_1_32' title="bbox 579 2883 2158 2945; baseline 0.004 -7"><span class='ocrx_word' id='word_1_213' title='bbox 579 2885 663 2938; x_wconf 77' lang='lat' dir='ltr'><strong>bis</strong></span> <span class='ocrx_word' id='word_1_214' title='bbox 689 2892 773 2938; x_wconf 87' lang='lat' dir='ltr'><strong>est</strong></span> <span class='ocrx_word' id='word_1_215' title='bbox 798 2883 1012 2938; x_wconf 71' lang='lat' dir='ltr'><strong>trinitis</strong></span> <span class='ocrx_word' id='word_1_216' title='bbox 1039 2885 1386 2942; x_wconf 88' lang='lat' dir='ltr'><strong>innostescit.</strong></span> <span class='ocrx_word' id='word_1_217' title='bbox 1418 2887 1569 2942; x_wconf 86' lang='lat' dir='ltr'><strong>Unde</strong></span> <span class='ocrx_word' id='word_1_218' title='bbox 1601 2889 1675 2942; x_wconf 86' lang='lat' dir='ltr'><strong>ni!</strong></span> <span class='ocrx_word' id='word_1_219' title='bbox 1707 2890 1908 2944; x_wconf 89' lang='lat' dir='ltr'><strong>mirum</strong></span> <span class='ocrx_word' id='word_1_220' title='bbox 1942 2891 1989 2944; x_wconf 87' lang='lat' dir='ltr'><strong>si</strong></span> <span class='ocrx_word' id='word_1_221' title='bbox 2019 2891 2158 2945; x_wconf 92' lang='lat' dir='ltr'><strong>mul-</strong></span> 
     </span>
    </p>
   </div>
   <div class='ocr_carea' id='block_1_33' title="bbox 577 2972 2155 3047">
    <p class='ocr_par' dir='ltr' id='par_1_33' title="bbox 577 2972 2155 3047">
     <span class='ocr_line' id='line_1_33' title="bbox 577 2972 2155 3047; baseline 0.006 -22"><span class='ocrx_word' id='word_1_222' title='bbox 577 2983 663 3026; x_wconf 84' lang='lat' dir='ltr'><strong>tos</strong></span> <span class='ocrx_word' id='word_1_223' title='bbox 687 2972 852 3027; x_wconf 89' lang='lat' dir='ltr'><strong>lateat</strong></span> <span class='ocrx_word' id='word_1_224' title='bbox 881 2973 1066 3027; x_wconf 88' lang='lat' dir='ltr'><strong>divina</strong></span> <span class='ocrx_word' id='word_1_225' title='bbox 1099 2972 1490 3038; x_wconf 80' lang='lat' dir='ltr'><strong>Trinitas,cum</strong></span> <span class='ocrx_word' id='word_1_226' title='bbox 1525 2991 1698 3046; x_wconf 81' lang='lat' dir='ltr'><strong>neque</strong></span> <span class='ocrx_word' id='word_1_227' title='bbox 1724 2980 1999 3047; x_wconf 87' lang='lat' dir='ltr'><strong>propriam</strong></span> <span class='ocrx_word' id='word_1_228' title='bbox 2054 2996 2155 3034; x_wconf 82' lang='lat' dir='ltr'><strong>na-</strong></span> 
     </span>
    </p>
   </div>
   <div class='ocr_carea' id='block_1_34' title="bbox 583 3066 2152 3126">
    <p class='ocr_par' dir='ltr' id='par_1_34' title="bbox 583 3066 2152 3126">
     <span class='ocr_line' id='line_1_34' title="bbox 583 3066 2152 3126; baseline 0.006 -9"><span class='ocrx_word' id='word_1_229' title='bbox 583 3073 766 3117; x_wconf 86' lang='lat' dir='ltr'><strong>turam</strong></span> <span class='ocrx_word' id='word_1_230' title='bbox 791 3079 983 3119; x_wconf 90' lang='lat' dir='ltr'><strong>omnes</strong></span> <span class='ocrx_word' id='word_1_231' title='bbox 1003 3066 1186 3120; x_wconf 89' lang='lat' dir='ltr'><strong>norint</strong></span> <span class='ocrx_word' id='word_1_232' title='bbox 1231 3075 1325 3120; x_wconf 84' lang='lat' dir='ltr'><strong>aut</strong></span> <span class='ocrx_word' id='word_1_233' title='bbox 1370 3081 1534 3122; x_wconf 89' lang='lat' dir='ltr'><strong>nosse</strong></span> <span class='ocrx_word' id='word_1_234' title='bbox 1577 3068 1813 3124; x_wconf 80' lang='lat' dir='ltr'><strong>valeant.</strong></span> <span class='ocrx_word' id='word_1_235' title='bbox 1849 3071 1957 3126; x_wconf 85' lang='lat' dir='ltr'><strong>Nec</strong></span> <span class='ocrx_word' id='word_1_236' title='bbox 1989 3071 2152 3126; x_wconf 85' lang='lat' dir='ltr'><strong>etiam</strong></span> 
     </span>
    </p>
   </div>
   <div class='ocr_carea' id='block_1_35' title="bbox 2269 533 3847 629">
    <p class='ocr_par' dir='ltr' id='par_1_35' title="bbox 2269 533 3847 629">
     <span class='ocr_line' id='line_1_35' title="bbox 2269 533 3847 629; baseline 0.015 -40"><span class='ocrx_word' id='word_1_237' title='bbox 2269 533 2391 629; x_wconf 69' lang='grc' dir='ltr'>οὖσι</span> <span class='ocrx_word' id='word_1_238' title='bbox 2419 542 2513 595; x_wconf 81' lang='grc' dir='ltr'>καὶ</span> <span class='ocrx_word' id='word_1_239' title='bbox 2549 544 2729 616; x_wconf 81' lang='grc' dir='ltr'><strong>πάσης</strong></span> <span class='ocrx_word' id='word_1_240' title='bbox 2759 547 2948 629; x_wconf 75' lang='grc' dir='ltr'>ἀπλῷς</span> <span class='ocrx_word' id='word_1_241' title='bbox 2994 549 3183 614; x_wconf 80' lang='grc' dir='ltr'><strong>οὐσίας</strong></span> <span class='ocrx_word' id='word_1_242' title='bbox 3229 556 3323 606; x_wconf 77' lang='grc' dir='ltr'>καὶ</span> <span class='ocrx_word' id='word_1_243' title='bbox 3356 554 3574 623; x_wconf 80' lang='grc' dir='ltr'>φύσεως</span> <span class='ocrx_word' id='word_1_244' title='bbox 3597 571 3613 587; x_wconf 77' lang='grc' dir='ltr'><strong><em>ο</em></strong></span> <span class='ocrx_word' id='word_1_245' title='bbox 3641 558 3704 610; x_wconf 85' lang='grc' dir='ltr'>οὐ</span> <span class='ocrx_word' id='word_1_246' title='bbox 3740 558 3847 629; x_wconf 88' lang='grc' dir='ltr'><strong>γάρ</strong></span> 
     </span>
    </p>
   </div>
   <div class='ocr_carea' id='block_1_36' title="bbox 2271 624 3848 706">
    <p class='ocr_par' dir='ltr' id='par_1_36' title="bbox 2271 624 3848 706">
     <span class='ocr_line' id='line_1_36' title="bbox 2271 624 3848 706; baseline 0.016 -29"><span class='ocrx_word' id='word_1_247' title='bbox 2271 624 2364 679; x_wconf 82' lang='grc' dir='ltr'><strong>τοῦ</strong></span> <span class='ocrx_word' id='word_1_248' title='bbox 2417 631 2748 699; x_wconf 72' lang='grc' dir='ltr'>προάγοντος</span> <span class='ocrx_word' id='word_1_249' title='bbox 2789 625 2883 689; x_wconf 74' lang='grc' dir='ltr'><strong>νοῦ</strong></span> <span class='ocrx_word' id='word_1_250' title='bbox 2933 639 3112 706; x_wconf 89' lang='grc' dir='ltr'>μόνον,</span> <span class='ocrx_word' id='word_1_251' title='bbox 3147 640 3283 694; x_wconf 85' lang='grc' dir='ltr'><strong>ἀλλά</strong></span> <span class='ocrx_word' id='word_1_252' title='bbox 3310 643 3403 696; x_wconf 79' lang='grc' dir='ltr'>καὶ</span> <span class='ocrx_word' id='word_1_253' title='bbox 3442 645 3551 698; x_wconf 84' lang='grc' dir='ltr'><strong>τῶν</strong></span> <span class='ocrx_word' id='word_1_254' title='bbox 3580 647 3650 700; x_wconf 87' lang='grc' dir='ltr'><strong>δι’</strong></span> <span class='ocrx_word' id='word_1_255' title='bbox 3683 649 3848 703; x_wconf 83' lang='grc' dir='ltr'>αὐτοῦ</span> 
     </span>
    </p>
   </div>
   <div class='ocr_carea' id='block_1_37' title="bbox 2271 719 3845 806">
    <p class='ocr_par' dir='ltr' id='par_1_37' title="bbox 2271 719 3845 806">
     <span class='ocr_line' id='line_1_37' title="bbox 2271 719 3845 806; baseline 0.015 -39"><span class='ocrx_word' id='word_1_256' title='bbox 2271 719 2579 786; x_wconf 74' lang='grc' dir='ltr'>νοουμένων</span> <span class='ocrx_word' id='word_1_257' title='bbox 2613 721 2791 793; x_wconf 73' lang='grc' dir='ltr'>ἔργων</span> <span class='ocrx_word' id='word_1_258' title='bbox 2828 726 2935 794; x_wconf 80' lang='grc' dir='ltr'><strong>ἔξω</strong></span> <span class='ocrx_word' id='word_1_259' title='bbox 2960 729 3124 783; x_wconf 83' lang='grc' dir='ltr'>αὐτοῦ</span> <span class='ocrx_word' id='word_1_260' title='bbox 3152 734 3399 801; x_wconf 79' lang='grc' dir='ltr'>πέφυκεν</span> <span class='ocrx_word' id='word_1_261' title='bbox 3418 736 3699 806; x_wconf 78' lang='grc' dir='ltr'>όμοιότηςο</span> <span class='ocrx_word' id='word_1_262' title='bbox 3724 738 3845 793; x_wconf 76' lang='grc' dir='ltr'>ὅθεν</span> 
     </span>
    </p>
   </div>
   <div class='ocr_carea' id='block_1_38' title="bbox 2273 806 3848 896">
    <p class='ocr_par' dir='ltr' id='par_1_38' title="bbox 2273 806 3848 896">
     <span class='ocr_line' id='line_1_38' title="bbox 2273 806 3848 896; baseline 0.015 -38"><span class='ocrx_word' id='word_1_263' title='bbox 2273 806 2439 861; x_wconf 85' lang='grc' dir='ltr'>εἰκὼν</span> <span class='ocrx_word' id='word_1_264' title='bbox 2480 812 2579 879; x_wconf 81' lang='grc' dir='ltr'>μὲν</span> <span class='ocrx_word' id='word_1_265' title='bbox 2617 812 2855 882; x_wconf 78' lang='grc' dir='ltr'>ἔμφυτος</span> <span class='ocrx_word' id='word_1_266' title='bbox 2905 818 3123 886; x_wconf 84' lang='grc' dir='ltr'>λέγεται</span> <span class='ocrx_word' id='word_1_267' title='bbox 3182 823 3277 876; x_wconf 90' lang='grc' dir='ltr'><strong>τοῦ</strong></span> <span class='ocrx_word' id='word_1_268' title='bbox 3338 827 3704 896; x_wconf 80' lang='grc' dir='ltr'><strong>γεννήσαντος</strong></span> <span class='ocrx_word' id='word_1_269' title='bbox 3755 827 3848 882; x_wconf 92' lang='grc' dir='ltr'><strong>νοῦ</strong></span> 
     </span>
    </p>
   </div>
   <div class='ocr_carea' id='block_1_39' title="bbox 2270 898 3848 986">
    <p class='ocr_par' dir='ltr' id='par_1_39' title="bbox 2270 898 3848 986">
     <span class='ocr_line' id='line_1_39' title="bbox 2270 898 3848 986; baseline 0.015 -38"><span class='ocrx_word' id='word_1_270' title='bbox 2270 898 2363 949; x_wconf 77' lang='grc' dir='ltr'><strong>καὶ</strong></span> <span class='ocrx_word' id='word_1_271' title='bbox 2387 899 2476 951; x_wconf 75' lang='grc' dir='ltr'>ἀεὶ</span> <span class='ocrx_word' id='word_1_272' title='bbox 2509 903 2827 970; x_wconf 75' lang='grc' dir='ltr'>γεννῶντος,</span> <span class='ocrx_word' id='word_1_273' title='bbox 2854 906 2966 961; x_wconf 79' lang='grc' dir='ltr'>ἰδέα</span> <span class='ocrx_word' id='word_1_274' title='bbox 2997 909 3052 962; x_wconf 72' lang='grc' dir='ltr'>δὲ</span> <span class='ocrx_word' id='word_1_275' title='bbox 3083 911 3191 964; x_wconf 84' lang='grc' dir='ltr'><strong>τῶν</strong></span> <span class='ocrx_word' id='word_1_276' title='bbox 3220 913 3558 980; x_wconf 82' lang='grc' dir='ltr'><strong>κτισμάτων,</strong></span> <span class='ocrx_word' id='word_1_277' title='bbox 3589 918 3683 970; x_wconf 72' lang='grc' dir='ltr'><strong>καὶ</strong></span> <span class='ocrx_word' id='word_1_278' title='bbox 3710 917 3848 986; x_wconf 69' lang='grc' dir='ltr'>πρὸς</span> 
     </span>
    </p>
   </div>
   <div class='ocr_carea' id='block_1_40' title="bbox 2269 988 3848 1070">
    <p class='ocr_par' dir='ltr' id='par_1_40' title="bbox 2269 988 3848 1070">
     <span class='ocr_line' id='line_1_40' title="bbox 2269 988 3848 1070; baseline 0.015 -31"><span class='ocrx_word' id='word_1_279' title='bbox 2269 988 2363 1041; x_wconf 77' lang='grc' dir='ltr'><strong>τὸν</strong></span> <span class='ocrx_word' id='word_1_280' title='bbox 2399 991 2531 1044; x_wconf 84' lang='grc' dir='ltr'>Θεὸν</span> <span class='ocrx_word' id='word_1_281' title='bbox 2574 995 2673 1062; x_wconf 81' lang='grc' dir='ltr'>μὲν</span> <span class='ocrx_word' id='word_1_282' title='bbox 2707 998 2870 1061; x_wconf 75' lang='grc' dir='ltr'>αὐτὸς</span> <span class='ocrx_word' id='word_1_283' title='bbox 2925 997 3064 1055; x_wconf 74' lang='grc' dir='ltr'>εἶναι</span> <span class='ocrx_word' id='word_1_284' title='bbox 3104 1003 3199 1056; x_wconf 77' lang='grc' dir='ltr'>καὶ</span> <span class='ocrx_word' id='word_1_285' title='bbox 3245 1005 3341 1057; x_wconf 85' lang='grc' dir='ltr'><strong>τοῦ</strong></span> <span class='ocrx_word' id='word_1_286' title='bbox 3375 1005 3534 1070; x_wconf 90' lang='grc' dir='ltr'>Θεοῦ,</span> <span class='ocrx_word' id='word_1_287' title='bbox 3569 1008 3747 1062; x_wconf 78' lang='grc' dir='ltr'>πάντα</span> <span class='ocrx_word' id='word_1_288' title='bbox 3791 1010 3848 1063; x_wconf 82' lang='grc' dir='ltr'>δὲ</span> 
     </span>
    </p>
   </div>
   <div class='ocr_carea' id='block_1_41' title="bbox 2267 1079 3847 1166">
    <p class='ocr_par' dir='ltr' id='par_1_41' title="bbox 2267 1079 3847 1166">
     <span class='ocr_line' id='line_1_41' title="bbox 2267 1079 3847 1166; baseline 0.013 -34"><span class='ocrx_word' id='word_1_289' title='bbox 2267 1079 2334 1133; x_wconf 85' lang='grc' dir='ltr'><strong>δι’</strong></span> <span class='ocrx_word' id='word_1_290' title='bbox 2380 1082 2544 1136; x_wconf 83' lang='grc' dir='ltr'>αὐτοῦ</span> <span class='ocrx_word' id='word_1_291' title='bbox 2577 1089 2891 1155; x_wconf 77' lang='grc' dir='ltr'>γεγονέναι”</span> <span class='ocrx_word' id='word_1_292' title='bbox 2927 1091 3098 1146; x_wconf 74' lang='grc' dir='ltr'>αἴτιον</span> <span class='ocrx_word' id='word_1_293' title='bbox 3142 1095 3200 1148; x_wconf 67' lang='grc' dir='ltr'>δὲ</span> <span class='ocrx_word' id='word_1_294' title='bbox 3250 1097 3451 1161; x_wconf 80' lang='grc' dir='ltr'>παντὸς</span> <span class='ocrx_word' id='word_1_295' title='bbox 3487 1099 3699 1166; x_wconf 82' lang='grc' dir='ltr'>ἀγαθοῦ</span> <span class='ocrx_word' id='word_1_296' title='bbox 3734 1105 3847 1164; x_wconf 77' lang='grc' dir='ltr'>τοῖς</span> 
     </span>
    </p>
   </div>
   <div class='ocr_carea' id='block_1_42' title="bbox 2268 1168 3847 1258">
    <p class='ocr_par' dir='ltr' id='par_1_42' title="bbox 2268 1168 3847 1258">
     <span class='ocr_line' id='line_1_42' title="bbox 2268 1168 3847 1258; baseline 0.015 -34"><span class='ocrx_word' id='word_1_297' title='bbox 2268 1168 2424 1226; x_wconf 80' lang='grc' dir='ltr'>οῦσίν</span> <span class='ocrx_word' id='word_1_298' title='bbox 2477 1177 2628 1230; x_wconf 77' lang='grc' dir='ltr'>ἐστιν</span> <span class='ocrx_word' id='word_1_299' title='bbox 2666 1181 2698 1249; x_wconf 85' lang='grc' dir='ltr'><strong>ή</strong></span> <span class='ocrx_word' id='word_1_300' title='bbox 2740 1179 2858 1237; x_wconf 86' lang='grc' dir='ltr'>θεία</span> <span class='ocrx_word' id='word_1_301' title='bbox 2902 1183 3117 1255; x_wconf 81' lang='grc' dir='ltr'><strong>ἀγάπη,</strong></span> <span class='ocrx_word' id='word_1_302' title='bbox 3141 1186 3202 1239; x_wconf 81' lang='grc' dir='ltr'>τὸ</span> <span class='ocrx_word' id='word_1_303' title='bbox 3234 1188 3461 1258; x_wconf 79' lang='grc' dir='ltr'><strong>Πνεῦμα</strong></span> <span class='ocrx_word' id='word_1_304' title='bbox 3506 1190 3756 1258; x_wconf 88' lang='grc' dir='ltr'>δηλονότι</span> <span class='ocrx_word' id='word_1_305' title='bbox 3786 1194 3847 1247; x_wconf 79' lang='grc' dir='ltr'>τὸ</span> 
     </span>
    </p>
   </div>
   <div class='ocr_carea' id='block_1_43' title="bbox 2267 1264 3846 1353">
    <p class='ocr_par' dir='ltr' id='par_1_43' title="bbox 2267 1264 3846 1353">
     <span class='ocr_line' id='line_1_43' title="bbox 2267 1264 3846 1353; baseline 0.013 -35"><span class='ocrx_word' id='word_1_306' title='bbox 2267 1264 2440 1332; x_wconf 74' lang='grc' dir='ltr'>ἅγιον,</span> <span class='ocrx_word' id='word_1_307' title='bbox 2473 1270 2684 1341; x_wconf 81' lang='grc' dir='ltr'>συνέχει</span> <span class='ocrx_word' id='word_1_308' title='bbox 2718 1276 2827 1343; x_wconf 76' lang='grc' dir='ltr'>γὰρ</span> <span class='ocrx_word' id='word_1_309' title='bbox 2868 1274 3045 1329; x_wconf 86' lang='grc' dir='ltr'>πάντα</span> <span class='ocrx_word' id='word_1_310' title='bbox 3076 1280 3171 1330; x_wconf 70' lang='grc' dir='ltr'>καὶ</span> <span class='ocrx_word' id='word_1_311' title='bbox 3217 1280 3534 1349; x_wconf 75' lang='grc' dir='ltr'><strong>ἐπιστρέφει</strong></span> <span class='ocrx_word' id='word_1_312' title='bbox 3567 1283 3706 1353; x_wconf 81' lang='grc' dir='ltr'>πρὸς</span> <span class='ocrx_word' id='word_1_313' title='bbox 3747 1287 3846 1339; x_wconf 80' lang='grc' dir='ltr'>τά-</span> 
     </span>
    </p>
   </div>
   <div class='ocr_carea' id='block_1_44' title="bbox 2266 1358 3842 1438">
    <p class='ocr_par' dir='ltr' id='par_1_44' title="bbox 2266 1358 3842 1438">
     <span class='ocr_line' id='line_1_44' title="bbox 2266 1358 3842 1438; baseline 0.014 -29"><span class='ocrx_word' id='word_1_314' title='bbox 2266 1358 2452 1424; x_wconf 85' lang='grc' dir='ltr'>γαθόν.</span> <span class='ocrx_word' id='word_1_315' title='bbox 2488 1362 2597 1415; x_wconf 83' lang='grc' dir='ltr'><strong>Καὶ</strong></span> <span class='ocrx_word' id='word_1_316' title='bbox 2641 1363 2730 1418; x_wconf 82' lang='grc' dir='ltr'>διὰ</span> <span class='ocrx_word' id='word_1_317' title='bbox 2757 1364 2915 1419; x_wconf 90' lang='grc' dir='ltr'>τοῦτο</span> <span class='ocrx_word' id='word_1_318' title='bbox 2960 1369 3080 1436; x_wconf 85' lang='grc' dir='ltr'>μετ’</span> <span class='ocrx_word' id='word_1_319' title='bbox 3108 1370 3289 1423; x_wconf 79' lang='grc' dir='ltr'>αὐτῶν</span> <span class='ocrx_word' id='word_1_320' title='bbox 3321 1366 3400 1434; x_wconf 75' lang='grc' dir='ltr'><strong>εἷς</strong></span> <span class='ocrx_word' id='word_1_321' title='bbox 3434 1375 3551 1426; x_wconf 76' lang='grc' dir='ltr'>ἐστι</span> <span class='ocrx_word' id='word_1_322' title='bbox 3580 1374 3724 1438; x_wconf 76' lang='grc' dir='ltr'>Θεὸς</span> <span class='ocrx_word' id='word_1_323' title='bbox 3746 1379 3842 1432; x_wconf 75' lang='grc' dir='ltr'>καὶ</span> 
     </span>
    </p>
   </div>
   <div class='ocr_carea' id='block_1_45' title="bbox 2265 1451 3837 1531">
    <p class='ocr_par' dir='ltr' id='par_1_45' title="bbox 2265 1451 3837 1531">
     <span class='ocr_line' id='line_1_45' title="bbox 2265 1451 3837 1531; baseline 0.011 -28"><span class='ocrx_word' id='word_1_324' title='bbox 2265 1451 2595 1523; x_wconf 84' lang='grc' dir='ltr'>δημιουργὸς</span> <span class='ocrx_word' id='word_1_325' title='bbox 2625 1457 2653 1509; x_wconf 91' lang='lat'><strong>6</strong></span> <span class='ocrx_word' id='word_1_326' title='bbox 2683 1459 2866 1527; x_wconf 80' lang='grc' dir='ltr'>πατὴρ</span> <span class='ocrx_word' id='word_1_327' title='bbox 2899 1459 3157 1514; x_wconf 89' lang='grc' dir='ltr'>ἀπάντων</span> <span class='ocrx_word' id='word_1_328' title='bbox 3184 1462 3294 1515; x_wconf 84' lang='grc' dir='ltr'><strong>τῶν</strong></span> <span class='ocrx_word' id='word_1_329' title='bbox 3314 1462 3505 1531; x_wconf 78' lang='grc' dir='ltr'>ὄντων,</span> <span class='ocrx_word' id='word_1_330' title='bbox 3537 1468 3631 1520; x_wconf 80' lang='grc' dir='ltr'>καὶ</span> <span class='ocrx_word' id='word_1_331' title='bbox 3663 1468 3837 1523; x_wconf 83' lang='grc' dir='ltr'>πάντα</span> 
     </span>
    </p>
   </div>
   <div class='ocr_carea' id='block_1_46' title="bbox 2267 1539 3833 1624">
    <p class='ocr_par' dir='ltr' id='par_1_46' title="bbox 2267 1539 3833 1624">
     <span class='ocr_line' id='line_1_46' title="bbox 2267 1539 3833 1624; baseline 0.013 -34"><span class='ocrx_word' id='word_1_332' title='bbox 2267 1539 2331 1591; x_wconf 70' lang='grc' dir='ltr'><strong>εκ</strong></span> <span class='ocrx_word' id='word_1_333' title='bbox 2368 1541 2476 1592; x_wconf 80' lang='grc' dir='ltr'><strong>τῶν</strong></span> <span class='ocrx_word' id='word_1_334' title='bbox 2517 1542 2750 1610; x_wconf 88' lang='grc' dir='ltr'>πρώτων</span> <span class='ocrx_word' id='word_1_335' title='bbox 2773 1546 2902 1616; x_wconf 86' lang='grc' dir='ltr'>ἀχρι</span> <span class='ocrx_word' id='word_1_336' title='bbox 2932 1549 3027 1600; x_wconf 81' lang='grc' dir='ltr'>καὶ</span> <span class='ocrx_word' id='word_1_337' title='bbox 3058 1549 3168 1604; x_wconf 87' lang='grc' dir='ltr'><strong>τῶν</strong></span> <span class='ocrx_word' id='word_1_338' title='bbox 3198 1551 3443 1622; x_wconf 77' lang='grc' dir='ltr'><strong>ἐσχάτων</strong></span> <span class='ocrx_word' id='word_1_339' title='bbox 3474 1553 3614 1624; x_wconf 76' lang='grc' dir='ltr'>ἔργα</span> <span class='ocrx_word' id='word_1_340' title='bbox 3647 1573 3707 1609; x_wconf 85' lang='grc' dir='ltr'><strong>τε</strong></span> <span class='ocrx_word' id='word_1_341' title='bbox 3743 1561 3833 1611; x_wconf 77' lang='grc' dir='ltr'>καὶ</span> 
     </span>
    </p>
   </div>
   <div class='ocr_carea' id='block_1_47' title="bbox 2264 1628 3836 1716">
    <p class='ocr_par' dir='ltr' id='par_1_47' title="bbox 2264 1628 3836 1716">
     <span class='ocr_line' id='line_1_47' title="bbox 2264 1628 3836 1716; baseline 0.013 -34"><span class='ocrx_word' id='word_1_342' title='bbox 2264 1628 2427 1684; x_wconf 86' lang='grc' dir='ltr'>δοῦλα</span> <span class='ocrx_word' id='word_1_343' title='bbox 2457 1631 2554 1685; x_wconf 89' lang='grc' dir='ltr'><strong>τοῦ</strong></span> <span class='ocrx_word' id='word_1_344' title='bbox 2579 1634 2697 1699; x_wconf 78' lang='grc' dir='ltr'>ἑνός</span> <span class='ocrx_word' id='word_1_345' title='bbox 2720 1639 2829 1692; x_wconf 87' lang='grc' dir='ltr'>εἰσι</span> <span class='ocrx_word' id='word_1_346' title='bbox 2855 1636 2993 1693; x_wconf 87' lang='grc' dir='ltr'>Θεοῦ</span> <span class='ocrx_word' id='word_1_347' title='bbox 3025 1639 3123 1694; x_wconf 75' lang='grc' dir='ltr'>καὶ</span> <span class='ocrx_word' id='word_1_348' title='bbox 3155 1641 3253 1712; x_wconf 86' lang='grc' dir='ltr'>τῆς</span> <span class='ocrx_word' id='word_1_349' title='bbox 3287 1644 3344 1699; x_wconf 78' lang='grc' dir='ltr'>ὲν</span> <span class='ocrx_word' id='word_1_350' title='bbox 3374 1643 3523 1715; x_wconf 82' lang='grc' dir='ltr'>αὐτῷ</span> <span class='ocrx_word' id='word_1_351' title='bbox 3553 1647 3836 1716; x_wconf 79' lang='grc' dir='ltr'>συμφύτου</span> 
     </span>
    </p>
   </div>
   <div class='ocr_carea' id='block_1_48' title="bbox 2265 1722 2513 1793">
    <p class='ocr_par' dir='ltr' id='par_1_48' title="bbox 2265 1722 2513 1793">
     <span class='ocr_line' id='line_1_48' title="bbox 2265 1722 2513 1793; baseline 0.016 -14"><span class='ocrx_word' id='word_1_352' title='bbox 2265 1722 2513 1793; x_wconf 81' lang='grc' dir='ltr'>Τριάδος.</span> 
     </span>
    </p>
   </div>
   <div class='ocr_carea' id='block_1_49' title="bbox 2341 1889 3836 1976">
    <p class='ocr_par' dir='ltr' id='par_1_49' title="bbox 2341 1889 3836 1976">
     <span class='ocr_line' id='line_1_49' title="bbox 2341 1889 3836 1976; baseline 0.011 -34"><span class='ocrx_word' id='word_1_353' title='bbox 2341 1889 2431 1959; x_wconf 86' lang='grc' dir='ltr'><strong>Τᾦ</strong></span> <span class='ocrx_word' id='word_1_354' title='bbox 2462 1891 2562 1959; x_wconf 82' lang='grc' dir='ltr'>μὲν</span> <span class='ocrx_word' id='word_1_355' title='bbox 2582 1891 2690 1947; x_wconf 77' lang='grc' dir='ltr'>ὀὖν</span> <span class='ocrx_word' id='word_1_356' title='bbox 2719 1895 3002 1965; x_wconf 82' lang='grc' dir='ltr'><strong>πράγματι</strong></span> <span class='ocrx_word' id='word_1_357' title='bbox 3032 1897 3181 1951; x_wconf 83' lang='grc' dir='ltr'>αἰτία</span> <span class='ocrx_word' id='word_1_358' title='bbox 3219 1898 3368 1953; x_wconf 67' lang='grc' dir='ltr'>ἐστὶν</span> <span class='ocrx_word' id='word_1_359' title='bbox 3395 1900 3428 1972; x_wconf 67' lang='grc' dir='ltr'><strong>η</strong></span> <span class='ocrx_word' id='word_1_360' title='bbox 3462 1904 3706 1976; x_wconf 86' lang='grc' dir='ltr'>μακαρία</span> <span class='ocrx_word' id='word_1_361' title='bbox 3742 1905 3836 1960; x_wconf 80' lang='grc' dir='ltr'>καὶ</span> 
     </span>
    </p>
   </div>
   <div class='ocr_carea' id='block_1_50' title="bbox 2268 1976 3836 2068">
    <p class='ocr_par' dir='ltr' id='par_1_50' title="bbox 2268 1976 3836 2068">
     <span class='ocr_line' id='line_1_50' title="bbox 2268 1976 3836 2068; baseline 0.012 -38"><span class='ocrx_word' id='word_1_362' title='bbox 2268 1976 2385 2032; x_wconf 85' lang='grc' dir='ltr'>θεία</span> <span class='ocrx_word' id='word_1_363' title='bbox 2419 1980 2586 2050; x_wconf 85' lang='grc' dir='ltr'>Τριάς</span> <span class='ocrx_word' id='word_1_364' title='bbox 2606 1981 2708 2051; x_wconf 87' lang='grc' dir='ltr'><strong>τῆς</strong></span> <span class='ocrx_word' id='word_1_365' title='bbox 2736 1984 2794 2035; x_wconf 79' lang='grc' dir='ltr'>ὲν</span> <span class='ocrx_word' id='word_1_366' title='bbox 2823 1984 3096 2057; x_wconf 82' lang='grc' dir='ltr'><strong>ἀνθρώπῳ</strong></span> <span class='ocrx_word' id='word_1_367' title='bbox 3118 1988 3334 2057; x_wconf 83' lang='grc' dir='ltr'>τριάδος</span> <span class='ocrx_word' id='word_1_368' title='bbox 3363 2005 3378 2020; x_wconf 78' lang='grc'><strong><em>⁸</em></strong></span> <span class='ocrx_word' id='word_1_369' title='bbox 3407 1992 3473 2060; x_wconf 78' lang='grc' dir='ltr'>τῇ</span> <span class='ocrx_word' id='word_1_370' title='bbox 3521 1992 3568 2044; x_wconf 81' lang='grc' dir='ltr'>δ’</span> <span class='ocrx_word' id='word_1_371' title='bbox 3595 1994 3836 2068; x_wconf 77' lang='grc' dir='ltr'><strong>ἡμετέρᾳ</strong></span> 
     </span>
    </p>
   </div>
   <div class='ocr_carea' id='block_1_51' title="bbox 2265 2067 3834 2151">
    <p class='ocr_par' dir='ltr' id='par_1_51' title="bbox 2265 2067 3834 2151">
     <span class='ocr_line' id='line_1_51' title="bbox 2265 2067 3834 2151; baseline 0.011 -31"><span class='ocrx_word' id='word_1_372' title='bbox 2265 2067 2374 2121; x_wconf 87' lang='grc' dir='ltr'><strong>τῶν</strong></span> <span class='ocrx_word' id='word_1_373' title='bbox 2401 2070 2702 2138; x_wconf 86' lang='grc' dir='ltr'>ἀνθρώπων</span> <span class='ocrx_word' id='word_1_374' title='bbox 2731 2072 2928 2141; x_wconf 78' lang='grc' dir='ltr'>γνώσει</span> <span class='ocrx_word' id='word_1_375' title='bbox 2950 2077 2982 2144; x_wconf 82' lang='grc' dir='ltr'>ἠ</span> <span class='ocrx_word' id='word_1_376' title='bbox 3008 2076 3136 2146; x_wconf 82' lang='grc' dir='ltr'>παρ’</span> <span class='ocrx_word' id='word_1_377' title='bbox 3160 2078 3288 2147; x_wconf 78' lang='grc' dir='ltr'>ἡμῖν</span> <span class='ocrx_word' id='word_1_378' title='bbox 3316 2081 3471 2150; x_wconf 81' lang='grc' dir='ltr'>τριὰς</span> <span class='ocrx_word' id='word_1_379' title='bbox 3515 2083 3688 2137; x_wconf 82' lang='grc' dir='ltr'>αἰτιόν</span> 
     </span>
    </p>
   </div>
   <div class='ocr_carea' id='block_1_52' title="bbox 2263 2159 3835 2237">
    <p class='ocr_par' dir='ltr' id='par_1_52' title="bbox 2263 2159 3835 2237">
     <span class='ocr_line' id='line_1_52' title="bbox 2263 2159 3835 2237; baseline 0.012 -26"><span class='ocrx_word' id='word_1_380' title='bbox 2263 2159 2357 2213; x_wconf 90' lang='grc' dir='ltr'><strong>τοῦ</strong></span> <span class='ocrx_word' id='word_1_381' title='bbox 2409 2161 2668 2228; x_wconf 84' lang='grc' dir='ltr'>κάκείνην</span> <span class='ocrx_word' id='word_1_382' title='bbox 2712 2165 2787 2227; x_wconf 86' lang='grc' dir='ltr'>ὼς</span> <span class='ocrx_word' id='word_1_383' title='bbox 2846 2159 2958 2218; x_wconf 76' lang='grc' dir='ltr'>οἷόν</span> <span class='ocrx_word' id='word_1_384' title='bbox 3014 2183 3073 2219; x_wconf 88' lang='grc' dir='ltr'><strong>τε</strong></span> <span class='ocrx_word' id='word_1_385' title='bbox 3126 2167 3510 2237; x_wconf 84' lang='grc' dir='ltr'>γινώσκεσθαι,</span> <span class='ocrx_word' id='word_1_386' title='bbox 3557 2174 3634 2237; x_wconf 86' lang='grc' dir='ltr'>ὠς</span> <span class='ocrx_word' id='word_1_387' title='bbox 3679 2176 3835 2232; x_wconf 85' lang='grc' dir='ltr'>τοῦτο</span> 
     </span>
    </p>
   </div>
   <div class='ocr_carea' id='block_1_53' title="bbox 2266 2249 3831 2337">
    <p class='ocr_par' dir='ltr' id='par_1_53' title="bbox 2266 2249 3831 2337">
     <span class='ocr_line' id='line_1_53' title="bbox 2266 2249 3831 2337; baseline 0.012 -34"><span class='ocrx_word' id='word_1_388' title='bbox 2266 2251 2479 2321; x_wconf 87' lang='grc' dir='ltr'>πρῶτον</span> <span class='ocrx_word' id='word_1_389' title='bbox 2508 2253 2804 2309; x_wconf 79' lang='grc' dir='ltr'>ἀπολαύειν</span> <span class='ocrx_word' id='word_1_390' title='bbox 2839 2254 2985 2325; x_wconf 75' lang='grc' dir='ltr'>ἔχειν</span> <span class='ocrx_word' id='word_1_391' title='bbox 3029 2259 3170 2328; x_wconf 71' lang='grc' dir='ltr'>ἡμᾶς</span> <span class='ocrx_word' id='word_1_392' title='bbox 3207 2261 3305 2326; x_wconf 82' lang='grc' dir='ltr'>τῆς</span> <span class='ocrx_word' id='word_1_393' title='bbox 3351 2249 3559 2316; x_wconf 72' lang='grc' dir='ltr'>ἐκεῖθεν</span> <span class='ocrx_word' id='word_1_394' title='bbox 3594 2267 3652 2318; x_wconf 79' lang='grc' dir='ltr'>ὲν</span> <span class='ocrx_word' id='word_1_395' title='bbox 3703 2271 3831 2337; x_wconf 74' lang='grc' dir='ltr'>ἡμῖν</span> 
     </span>
    </p>
   </div>
   <div class='ocr_carea' id='block_1_54' title="bbox 2262 2343 3835 2428">
    <p class='ocr_par' dir='ltr' id='par_1_54' title="bbox 2262 2343 3835 2428">
     <span class='ocr_line' id='line_1_54' title="bbox 2262 2343 3835 2428; baseline 0.012 -35"><span class='ocrx_word' id='word_1_396' title='bbox 2262 2343 2489 2404; x_wconf 81' lang='grc' dir='ltr'>εἰκόνος,</span> <span class='ocrx_word' id='word_1_397' title='bbox 2511 2344 2572 2396; x_wconf 82' lang='grc' dir='ltr'>τὸ</span> <span class='ocrx_word' id='word_1_398' title='bbox 2599 2343 2863 2400; x_wconf 81' lang='grc' dir='ltr'>δύνασθαι</span> <span class='ocrx_word' id='word_1_399' title='bbox 2883 2347 2953 2400; x_wconf 84' lang='grc' dir='ltr'><strong>δι’</strong></span> <span class='ocrx_word' id='word_1_400' title='bbox 2988 2348 3160 2419; x_wconf 87' lang='grc' dir='ltr'>αὐτῆς</span> <span class='ocrx_word' id='word_1_401' title='bbox 3190 2350 3290 2419; x_wconf 79' lang='grc' dir='ltr'>τὴν</span> <span class='ocrx_word' id='word_1_402' title='bbox 3312 2353 3486 2424; x_wconf 86' lang='grc' dir='ltr'>ἀληθῆ</span> <span class='ocrx_word' id='word_1_403' title='bbox 3540 2357 3634 2410; x_wconf 79' lang='grc' dir='ltr'>καὶ</span> <span class='ocrx_word' id='word_1_404' title='bbox 3687 2358 3835 2428; x_wconf 83' lang='grc' dir='ltr'>πρώ-</span> 
     </span>
    </p>
   </div>
   <div class='ocr_carea' id='block_1_55' title="bbox 2260 2434 3830 2510">
    <p class='ocr_par' dir='ltr' id='par_1_55' title="bbox 2260 2434 3830 2510">
     <span class='ocr_line' id='line_1_55' title="bbox 2260 2434 3830 2510; baseline 0.013 -26"><span class='ocrx_word' id='word_1_405' title='bbox 2260 2447 2363 2500; x_wconf 81' lang='grc' dir='ltr'><strong>την</strong></span> <span class='ocrx_word' id='word_1_406' title='bbox 2391 2434 2597 2501; x_wconf 75' lang='grc' dir='ltr'>καὶτοῦ</span> <span class='ocrx_word' id='word_1_407' title='bbox 2629 2436 3029 2497; x_wconf 76' lang='grc' dir='ltr'>παντὸςαίτίαν</span> <span class='ocrx_word' id='word_1_408' title='bbox 3054 2440 3249 2494; x_wconf 79' lang='grc' dir='ltr'>εἰδέναι</span> <span class='ocrx_word' id='word_1_409' title='bbox 3282 2442 3507 2510; x_wconf 79' lang='grc' dir='ltr'>Τριάδα.</span> <span class='ocrx_word' id='word_1_410' title='bbox 3563 2448 3727 2502; x_wconf 80' lang='grc' dir='ltr'>Τουτὶ</span> <span class='ocrx_word' id='word_1_411' title='bbox 3775 2453 3830 2504; x_wconf 77' lang='grc' dir='ltr'>δέ</span> 
     </span>
    </p>
   </div>
   <div class='ocr_carea' id='block_1_56' title="bbox 2262 2524 3831 2608">
    <p class='ocr_par' dir='ltr' id='par_1_56' title="bbox 2262 2524 3831 2608">
     <span class='ocr_line' id='line_1_56' title="bbox 2262 2524 3831 2608; baseline 0.013 -35"><span class='ocrx_word' id='word_1_412' title='bbox 2262 2538 2441 2590; x_wconf 86' lang='grc' dir='ltr'>φαμεν</span> <span class='ocrx_word' id='word_1_413' title='bbox 2496 2524 2624 2592; x_wconf 77' lang='grc' dir='ltr'>περὶ</span> <span class='ocrx_word' id='word_1_414' title='bbox 2664 2526 2773 2579; x_wconf 86' lang='grc' dir='ltr'><strong>τῶν</strong></span> <span class='ocrx_word' id='word_1_415' title='bbox 2827 2527 3033 2591; x_wconf 84' lang='grc' dir='ltr'>ἀτελῶς</span> <span class='ocrx_word' id='word_1_416' title='bbox 3091 2528 3170 2583; x_wconf 74' lang='grc' dir='ltr'>ἔτι</span> <span class='ocrx_word' id='word_1_417' title='bbox 3219 2532 3485 2587; x_wconf 82' lang='grc' dir='ltr'>νοούντων</span> <span class='ocrx_word' id='word_1_418' title='bbox 3518 2537 3701 2608; x_wconf 79' lang='grc' dir='ltr'>κάντῇ</span> <span class='ocrx_word' id='word_1_419' title='bbox 3725 2541 3831 2594; x_wconf 86' lang='grc' dir='ltr'><strong>τῶν</strong></span> 
     </span>
    </p>
   </div>
   <div class='ocr_carea' id='block_1_57' title="bbox 2260 2614 3828 2698">
    <p class='ocr_par' dir='ltr' id='par_1_57' title="bbox 2260 2614 3828 2698">
     <span class='ocr_line' id='line_1_57' title="bbox 2260 2614 3828 2698; baseline 0.015 -34"><span class='ocrx_word' id='word_1_420' title='bbox 2260 2614 2632 2683; x_wconf 75' lang='grc' dir='ltr'>εἰσαγομένων</span> <span class='ocrx_word' id='word_1_421' title='bbox 2654 2616 2841 2681; x_wconf 82' lang='grc' dir='ltr'>τάξει·</span> <span class='ocrx_word' id='word_1_422' title='bbox 2866 2621 2975 2681; x_wconf 78' lang='grc' dir='ltr'>τοῖς</span> <span class='ocrx_word' id='word_1_423' title='bbox 3004 2620 3062 2673; x_wconf 76' lang='grc' dir='ltr'>δὲ</span> <span class='ocrx_word' id='word_1_424' title='bbox 3089 2622 3413 2698; x_wconf 80' lang='grc' dir='ltr'>τελεώτερον</span> <span class='ocrx_word' id='word_1_425' title='bbox 3437 2630 3828 2687; x_wconf 78' lang='grc' dir='ltr'>ἐσπουδακόσιν</span> 
     </span>
    </p>
   </div>
   <div class='ocr_carea' id='block_1_58' title="bbox 2261 2702 3830 2794">
    <p class='ocr_par' dir='ltr' id='par_1_58' title="bbox 2261 2702 3830 2794">
     <span class='ocr_line' id='line_1_58' title="bbox 2261 2702 3830 2794; baseline 0.017 -41"><span class='ocrx_word' id='word_1_426' title='bbox 2261 2702 2456 2756; x_wconf 83' lang='grc' dir='ltr'>εἰδέναι</span> <span class='ocrx_word' id='word_1_427' title='bbox 2484 2703 2517 2774; x_wconf 75' lang='grc' dir='ltr'><strong>ἢ</strong></span> <span class='ocrx_word' id='word_1_428' title='bbox 2552 2705 2698 2776; x_wconf 83' lang='grc' dir='ltr'>δῶρα</span> <span class='ocrx_word' id='word_1_429' title='bbox 2727 2710 2793 2761; x_wconf 74' lang='grc' dir='ltr'>ὲκ</span> <span class='ocrx_word' id='word_1_430' title='bbox 2818 2709 2954 2763; x_wconf 84' lang='grc' dir='ltr'>Θεοῦ</span> <span class='ocrx_word' id='word_1_431' title='bbox 2984 2710 3281 2781; x_wconf 77' lang='grc' dir='ltr'>εἰληφόσιν,</span> <span class='ocrx_word' id='word_1_432' title='bbox 3326 2715 3356 2768; x_wconf 83' lang='lat'><strong>6</strong></span> <span class='ocrx_word' id='word_1_433' title='bbox 3385 2718 3477 2771; x_wconf 79' lang='grc' dir='ltr'>καὶ</span> <span class='ocrx_word' id='word_1_434' title='bbox 3533 2721 3673 2776; x_wconf 87' lang='grc' dir='ltr'>πάνυ</span> <span class='ocrx_word' id='word_1_435' title='bbox 3715 2726 3830 2794; x_wconf 76' lang='grc' dir='ltr'>με’ίο</span> 
     </span>
    </p>
   </div>
   <div class='ocr_carea' id='block_1_59' title="bbox 2260 2794 3828 2880">
    <p class='ocr_par' dir='ltr' id='par_1_59' title="bbox 2260 2794 3828 2880">
     <span class='ocr_line' id='line_1_59' title="bbox 2260 2794 3828 2880; baseline 0.018 -36"><span class='ocrx_word' id='word_1_436' title='bbox 2260 2794 2351 2857; x_wconf 81' lang='grc' dir='ltr'>ζόν</span> <span class='ocrx_word' id='word_1_437' title='bbox 2388 2796 2553 2863; x_wconf 71' lang='grc' dir='ltr'>ἐστιν,</span> <span class='ocrx_word' id='word_1_438' title='bbox 2587 2798 2796 2852; x_wconf 75' lang='grc' dir='ltr'>ἐκεῖθεν</span> <span class='ocrx_word' id='word_1_439' title='bbox 2818 2802 2851 2869; x_wconf 74' lang='grc' dir='ltr'>ἡ</span> <span class='ocrx_word' id='word_1_440' title='bbox 2891 2803 2949 2854; x_wconf 84' lang='grc' dir='ltr'>ὲν</span> <span class='ocrx_word' id='word_1_441' title='bbox 2976 2804 3107 2872; x_wconf 75' lang='grc' dir='ltr'>ἡμῖν</span> <span class='ocrx_word' id='word_1_442' title='bbox 3135 2805 3525 2880; x_wconf 75' lang='grc' dir='ltr'>ἀκριϐέστερον</span> <span class='ocrx_word' id='word_1_443' title='bbox 3551 2820 3828 2872; x_wconf 77' lang='grc' dir='ltr'>κατανοεῖ-</span> 
     </span>
    </p>
   </div>
   <div class='ocr_carea' id='block_1_60' title="bbox 2256 2891 3826 2982">
    <p class='ocr_par' dir='ltr' id='par_1_60' title="bbox 2256 2891 3826 2982">
     <span class='ocr_line' id='line_1_60' title="bbox 2256 2891 3826 2982; baseline 0.015 -42"><span class='ocrx_word' id='word_1_444' title='bbox 2256 2904 2347 2941; x_wconf 86' lang='grc' dir='ltr'><strong>ται</strong></span> <span class='ocrx_word' id='word_1_445' title='bbox 2373 2891 2572 2959; x_wconf 68' lang='grc' dir='ltr'>τριάς*</span> <span class='ocrx_word' id='word_1_446' title='bbox 2602 2892 2741 2982; x_wconf 65' lang='grc' dir='ltr'>ὅθεν</span> <span class='ocrx_word' id='word_1_447' title='bbox 2780 2894 2932 2950; x_wconf 78' lang='grc' dir='ltr'>οὐδὲν</span> <span class='ocrx_word' id='word_1_448' title='bbox 2981 2896 3318 2967; x_wconf 80' lang='grc' dir='ltr'>θαυμαστὸν,</span> <span class='ocrx_word' id='word_1_449' title='bbox 3383 2903 3434 2956; x_wconf 90' lang='grc' dir='ltr'><strong>εἰ</strong></span> <span class='ocrx_word' id='word_1_450' title='bbox 3495 2906 3678 2960; x_wconf 79' lang='grc' dir='ltr'>πολλοὶ</span> <span class='ocrx_word' id='word_1_451' title='bbox 3730 2909 3826 2982; x_wconf 71' lang='grc' dir='ltr'><strong>τὴν</strong></span> 
     </span>
    </p>
   </div>
   <div class='ocr_carea' id='block_1_61' title="bbox 2258 2976 3824 3061">
    <p class='ocr_par' dir='ltr' id='par_1_61' title="bbox 2258 2976 3824 3061">
     <span class='ocr_line' id='line_1_61' title="bbox 2258 2976 3824 3061; baseline 0.015 -31"><span class='ocrx_word' id='word_1_452' title='bbox 2258 2976 2409 3032; x_wconf 80' lang='grc' dir='ltr'>θείαν</span> <span class='ocrx_word' id='word_1_453' title='bbox 2440 2980 2693 3046; x_wconf 79' lang='grc' dir='ltr'>ἀγνοοῦσι</span> <span class='ocrx_word' id='word_1_454' title='bbox 2720 2980 2948 3052; x_wconf 86' lang='grc' dir='ltr'>Τριάδα,</span> <span class='ocrx_word' id='word_1_455' title='bbox 2980 2986 3094 3054; x_wconf 87' lang='grc' dir='ltr'>είγε</span> <span class='ocrx_word' id='word_1_456' title='bbox 3143 2989 3279 3059; x_wconf 69' lang='grc' dir='ltr'>μηδὲ</span> <span class='ocrx_word' id='word_1_457' title='bbox 3348 2995 3546 3057; x_wconf 88' lang='grc' dir='ltr'>πάντες</span> <span class='ocrx_word' id='word_1_458' title='bbox 3596 2997 3695 3061; x_wconf 87' lang='grc' dir='ltr'>τὴν</span> <span class='ocrx_word' id='word_1_459' title='bbox 3748 2976 3824 3053; x_wconf 84' lang='grc' dir='ltr'>οἰ-</span> 
     </span>
    </p>
   </div>
   <div class='ocr_carea' id='block_1_62' title="bbox 2240 3070 3820 3149">
    <p class='ocr_par' dir='ltr' id='par_1_62' title="bbox 2240 3070 3820 3149">
     <span class='ocr_line' id='line_1_62' title="bbox 2240 3070 3820 3149; baseline 0.015 -29"><span class='ocrx_word' id='word_1_460' title='bbox 2240 3070 2413 3122; x_wconf 76' lang='grc' dir='ltr'>’κείαν</span> <span class='ocrx_word' id='word_1_461' title='bbox 2446 3071 2674 3143; x_wconf 76' lang='grc' dir='ltr'>οίδασιῆ</span> <span class='ocrx_word' id='word_1_462' title='bbox 2707 3075 2905 3130; x_wconf 85' lang='grc' dir='ltr'>εἰδέναι</span> <span class='ocrx_word' id='word_1_463' title='bbox 2949 3077 3130 3147; x_wconf 78' lang='grc' dir='ltr'>ἔχουσι</span> <span class='ocrx_word' id='word_1_464' title='bbox 3170 3080 3350 3149; x_wconf 84' lang='grc' dir='ltr'>φύσιν.</span> <span class='ocrx_word' id='word_1_465' title='bbox 3392 3085 3467 3138; x_wconf 82' lang='grc' dir='ltr'><strong>οὐ</strong></span> <span class='ocrx_word' id='word_1_466' title='bbox 3495 3085 3578 3138; x_wconf 85' lang='grc' dir='ltr'><strong>δεῖ</strong></span> <span class='ocrx_word' id='word_1_467' title='bbox 3604 3088 3661 3141; x_wconf 83' lang='grc' dir='ltr'>δὲ</span> <span class='ocrx_word' id='word_1_468' title='bbox 3691 3088 3820 3143; x_wconf 83' lang='grc' dir='ltr'>θαυ-</span> 
     </span>
    </p>
   </div>
   <div class='ocr_carea' id='block_1_63' title="bbox 578 3140 2152 3250">
    <p class='ocr_par' dir='ltr' id='par_1_63' title="bbox 578 3155 2152 3232">
     <span class='ocr_line' id='line_1_63' title="bbox 578 3155 2152 3232; baseline 0.008 -25"><span class='ocrx_word' id='word_1_469' title='bbox 578 3155 897 3209; x_wconf 87' lang='lat' dir='ltr'><strong>mirandum</strong></span> <span class='ocrx_word' id='word_1_470' title='bbox 957 3156 1026 3210; x_wconf 90' lang='lat' dir='ltr'><strong>de</strong></span> <span class='ocrx_word' id='word_1_471' title='bbox 1050 3156 1279 3226; x_wconf 83' lang='lat' dir='ltr'><strong>reliquis</strong></span> <span class='ocrx_word' id='word_1_472' title='bbox 1298 3157 1622 3216; x_wconf 71' lang='lat' dir='ltr'><strong>differentiis</strong></span> <span class='ocrx_word' id='word_1_473' title='bbox 1640 3162 2072 3232; x_wconf 82' lang='lat' dir='ltr'><strong>exemplarinter</strong></span> <span class='ocrx_word' id='word_1_474' title='bbox 2103 3175 2152 3220; x_wconf 91' lang='lat' dir='ltr'><strong>et</strong></span> 
     </span>
    </p>
   </div>
   <div class='ocr_carea' id='block_1_64' title="bbox 2253 3140 3823 3250">
    <p class='ocr_par' dir='ltr' id='par_1_64' title="bbox 2265 3140 3823 3250">
     <span class='ocr_line' id='line_1_64' title="bbox 2265 3140 3823 3250; baseline 0.015 -40"><span class='ocrx_word' id='word_1_475' title='bbox 2265 3158 2456 3229; x_wconf 82' lang='grc' dir='ltr'>μάζειν</span> <span class='ocrx_word' id='word_1_476' title='bbox 2484 3163 2612 3233; x_wconf 75' lang='grc' dir='ltr'>περὶ</span> <span class='ocrx_word' id='word_1_477' title='bbox 2634 3140 2743 3217; x_wconf 72' lang='grc' dir='ltr'><strong>τών</strong></span> <span class='ocrx_word' id='word_1_478' title='bbox 2780 3165 2954 3221; x_wconf 83' lang='grc' dir='ltr'>ἀλλων</span> <span class='ocrx_word' id='word_1_479' title='bbox 2979 3140 3258 3239; x_wconf 70' lang='grc' dir='ltr'>διαφόρων</span> <span class='ocrx_word' id='word_1_480' title='bbox 3276 3171 3377 3242; x_wconf 87' lang='grc' dir='ltr'><strong>τῆς</strong></span> <span class='ocrx_word' id='word_1_481' title='bbox 3418 3175 3477 3226; x_wconf 81' lang='grc' dir='ltr'>ἐν</span> <span class='ocrx_word' id='word_1_482' title='bbox 3508 3174 3586 3245; x_wconf 83' lang='grc' dir='ltr'>τῷ</span> <span class='ocrx_word' id='word_1_483' title='bbox 3616 3140 3623 3141; x_wconf 14' lang='lat'><em>7</em></span> <span class='ocrx_word' id='word_1_484' title='bbox 3646 3140 3823 3250; x_wconf 74' lang='grc' dir='ltr'>παρα-</span> 
     </span>
    </p>
   </div>
   <div class='ocr_carea' id='block_1_65' title="bbox 575 3248 2157 3324">
    <p class='ocr_par' dir='ltr' id='par_1_65' title="bbox 575 3248 2157 3324">
     <span class='ocr_line' id='line_1_65' title="bbox 575 3248 2157 3324; baseline 0.006 -23"><span class='ocrx_word' id='word_1_485' title='bbox 575 3248 875 3316; x_wconf 86' lang='lat' dir='ltr'><strong>imaginem</strong></span> <span class='ocrx_word' id='word_1_486' title='bbox 905 3248 1189 3304; x_wconf 89' lang='lat' dir='ltr'><strong>trinitatis.</strong></span> <span class='ocrx_word' id='word_1_487' title='bbox 1207 3248 1363 3324; x_wconf 84' lang='lat' dir='ltr'><strong>Nam,</strong></span> <span class='ocrx_word' id='word_1_488' title='bbox 1384 3260 1446 3305; x_wconf 90' lang='lat' dir='ltr'><strong>ut</strong></span> <span class='ocrx_word' id='word_1_489' title='bbox 1470 3253 1583 3322; x_wconf 87' lang='lat' dir='ltr'><strong>jam</strong></span> <span class='ocrx_word' id='word_1_490' title='bbox 1617 3254 2035 3324; x_wconf 77' lang='lat' dir='ltr'><strong>diximus,quod</strong></span> <span class='ocrx_word' id='word_1_491' title='bbox 2057 3256 2157 3311; x_wconf 85' lang='lat' dir='ltr'><strong>hu-</strong></span> 
     </span>
    </p>
   </div>
   <div class='ocr_carea' id='block_1_66' title="bbox 566 3340 2157 3413">
    <p class='ocr_par' dir='ltr' id='par_1_66' title="bbox 566 3340 2157 3413">
     <span class='ocr_line' id='line_1_66' title="bbox 566 3340 2157 3413; baseline 0.004 -20"><span class='ocrx_word' id='word_1_492' title='bbox 566 3354 663 3394; x_wconf 67' lang='grc' dir='ltr'>ιιιιο</span> <span class='ocrx_word' id='word_1_493' title='bbox 689 3344 760 3395; x_wconf 88' lang='lat' dir='ltr'><strong>sit</strong></span> <span class='ocrx_word' id='word_1_494' title='bbox 788 3340 900 3394; x_wconf 84' lang='lat' dir='ltr'><strong>Deo</strong></span> <span class='ocrx_word' id='word_1_495' title='bbox 926 3341 1145 3407; x_wconf 86' lang='lat' dir='ltr'><strong>similis,</strong></span> <span class='ocrx_word' id='word_1_496' title='bbox 1166 3344 1218 3397; x_wconf 92' lang='lat' dir='ltr'><strong>id</strong></span> <span class='ocrx_word' id='word_1_497' title='bbox 1246 3343 1386 3397; x_wconf 88' lang='lat' dir='ltr'><strong>ratio</strong></span> <span class='ocrx_word' id='word_1_498' title='bbox 1410 3345 1647 3413; x_wconf 86' lang='lat' dir='ltr'><strong>postulat</strong></span> <span class='ocrx_word' id='word_1_499' title='bbox 1676 3353 1732 3399; x_wconf 86' lang='lat' dir='ltr'><strong>et</strong></span> <span class='ocrx_word' id='word_1_500' title='bbox 1751 3343 1927 3402; x_wconf 78' lang='lat' dir='ltr'><strong>Moses</strong></span> <span class='ocrx_word' id='word_1_501' title='bbox 1952 3361 2052 3401; x_wconf 89' lang='lat' dir='ltr'><strong>con</strong></span> <span class='ocrx_word' id='word_1_502' title='bbox 2065 3349 2157 3400; x_wconf 89' lang='lat' dir='ltr'><strong>tir-</strong></span> 
     </span>
    </p>
   </div>
   <div class='ocr_carea' id='block_1_67' title="bbox 570 3433 2156 3505">
    <p class='ocr_par' dir='ltr' id='par_1_67' title="bbox 570 3433 2156 3505">
     <span class='ocr_line' id='line_1_67' title="bbox 570 3433 2156 3505; baseline 0.006 -21"><span class='ocrx_word' id='word_1_503' title='bbox 570 3442 688 3486; x_wconf 85' lang='lat' dir='ltr'><strong>mat</strong></span> <span class='ocrx_word' id='word_1_504' title='bbox 709 3445 764 3487; x_wconf 90' lang='lat' dir='ltr'><strong>et</strong></span> <span class='ocrx_word' id='word_1_505' title='bbox 788 3433 1057 3503; x_wconf 89' lang='lat' dir='ltr'><strong>quotlibet</strong></span> <span class='ocrx_word' id='word_1_506' title='bbox 1086 3436 1191 3489; x_wconf 90' lang='lat' dir='ltr'><strong>alia</strong></span> <span class='ocrx_word' id='word_1_507' title='bbox 1225 3437 1277 3490; x_wconf 92' lang='lat' dir='ltr'><strong>in</strong></span> <span class='ocrx_word' id='word_1_508' title='bbox 1307 3436 1448 3491; x_wconf 87' lang='lat' dir='ltr'><strong>idem</strong></span> <span class='ocrx_word' id='word_1_509' title='bbox 1476 3448 1842 3505; x_wconf 80' lang='lat' dir='ltr'><strong>conveniunt;</strong></span> <span class='ocrx_word' id='word_1_510' title='bbox 1873 3453 1937 3494; x_wconf 91' lang='lat' dir='ltr'><strong>ac</strong></span> <span class='ocrx_word' id='word_1_511' title='bbox 1963 3440 2156 3494; x_wconf 86' lang='lat' dir='ltr'><strong>similis</strong></span> 
     </span>
    </p>
   </div>
   <div class='ocr_carea' id='block_1_68' title="bbox 564 3525 2154 3601">
    <p class='ocr_par' dir='ltr' id='par_1_68' title="bbox 564 3525 2154 3601">
     <span class='ocr_line' id='line_1_68' title="bbox 564 3525 2154 3601; baseline 0.006 -24"><span class='ocrx_word' id='word_1_512' title='bbox 564 3525 785 3594; x_wconf 81' lang='lat' dir='ltr'><strong>quidem</strong></span> <span class='ocrx_word' id='word_1_513' title='bbox 819 3526 1048 3579; x_wconf 82' lang='lat' dir='ltr'><strong>trinitati</strong></span> <span class='ocrx_word' id='word_1_514' title='bbox 1069 3527 1407 3582; x_wconf 80' lang='lat' dir='ltr'><strong>internarum</strong></span> <span class='ocrx_word' id='word_1_515' title='bbox 1431 3539 1678 3594; x_wconf 86' lang='lat' dir='ltr'><strong>actuum,</strong></span> <span class='ocrx_word' id='word_1_516' title='bbox 1711 3545 1807 3599; x_wconf 90' lang='lat' dir='ltr'><strong>per</strong></span> <span class='ocrx_word' id='word_1_517' title='bbox 1834 3547 1971 3601; x_wconf 86' lang='lat' dir='ltr'><strong>quos</strong></span> <span class='ocrx_word' id='word_1_518' title='bbox 1990 3531 2154 3586; x_wconf 83' lang='lat' dir='ltr'><strong>homo</strong></span> 
     </span>
    </p>
   </div>
   <div class='ocr_carea' id='block_1_69' title="bbox 565 3616 2152 3691">
    <p class='ocr_par' dir='ltr' id='par_1_69' title="bbox 565 3616 2152 3691">
     <span class='ocr_line' id='line_1_69' title="bbox 565 3616 2152 3691; baseline 0.004 -20"><span class='ocrx_word' id='word_1_519' title='bbox 565 3625 733 3671; x_wconf 85' lang='lat' dir='ltr'><strong>estet</strong></span> <span class='ocrx_word' id='word_1_520' title='bbox 799 3616 931 3671; x_wconf 82' lang='lat' dir='ltr'><strong>vivit</strong></span> <span class='ocrx_word' id='word_1_521' title='bbox 984 3620 1285 3671; x_wconf 84' lang='lat' dir='ltr'><strong>secundum</strong></span> <span class='ocrx_word' id='word_1_522' title='bbox 1346 3618 1607 3685; x_wconf 85' lang='lat' dir='ltr'><strong>animam,</strong></span> <span class='ocrx_word' id='word_1_523' title='bbox 1664 3631 2002 3691; x_wconf 82' lang='lat' dir='ltr'><strong>caeterasque</strong></span> <span class='ocrx_word' id='word_1_524' title='bbox 2061 3624 2152 3677; x_wconf 90' lang='lat' dir='ltr'><strong>Dei</strong></span> 
     </span>
    </p>
   </div>
   <div class='ocr_carea' id='block_1_70' title="bbox 569 3708 2153 3775">
    <p class='ocr_par' dir='ltr' id='par_1_70' title="bbox 569 3708 2153 3775">
     <span class='ocr_line' id='line_1_70' title="bbox 569 3708 2153 3775; baseline 0.004 -14"><span class='ocrx_word' id='word_1_525' title='bbox 569 3713 849 3761; x_wconf 82' lang='lat' dir='ltr'><strong>creaturas</strong></span> <span class='ocrx_word' id='word_1_526' title='bbox 883 3715 1125 3775; x_wconf 86' lang='lat' dir='ltr'><strong>superat.</strong></span> <span class='ocrx_word' id='word_1_527' title='bbox 1169 3708 1341 3762; x_wconf 88' lang='lat' dir='ltr'><strong>Porro</strong></span> <span class='ocrx_word' id='word_1_528' title='bbox 1366 3709 1423 3762; x_wconf 92' lang='lat' dir='ltr'><strong>in</strong></span> <span class='ocrx_word' id='word_1_529' title='bbox 1449 3709 1563 3764; x_wconf 85' lang='lat' dir='ltr'><strong>Deo</strong></span> <span class='ocrx_word' id='word_1_530' title='bbox 1582 3709 1824 3767; x_wconf 88' lang='lat' dir='ltr'><strong>Trinitas</strong></span> <span class='ocrx_word' id='word_1_531' title='bbox 1841 3727 1964 3768; x_wconf 88' lang='lat' dir='ltr'><strong>esse</strong></span> <span class='ocrx_word' id='word_1_532' title='bbox 1991 3713 2153 3769; x_wconf 84' lang='lat' dir='ltr'><strong>debet</strong></span> 
     </span>
    </p>
   </div>
   <div class='ocr_carea' id='block_1_71' title="bbox 566 3800 2151 3873">
    <p class='ocr_par' dir='ltr' id='par_1_71' title="bbox 566 3800 2151 3873">
     <span class='ocr_line' id='line_1_71' title="bbox 566 3800 2151 3873; baseline 0.004 -20"><span class='ocrx_word' id='word_1_533' title='bbox 566 3800 1023 3866; x_wconf 75' lang='lat' dir='ltr'><strong>supernatat-alis,</strong></span> <span class='ocrx_word' id='word_1_534' title='bbox 1060 3804 1315 3855; x_wconf 78' lang='lat' dir='ltr'><strong>creatori</strong></span> <span class='ocrx_word' id='word_1_535' title='bbox 1340 3815 1586 3856; x_wconf 83' lang='lat' dir='ltr'><strong>consona</strong></span> <span class='ocrx_word' id='word_1_536' title='bbox 1640 3818 1706 3857; x_wconf 86' lang='lat' dir='ltr'><strong>ac</strong></span> <span class='ocrx_word' id='word_1_537' title='bbox 1761 3818 1987 3873; x_wconf 83' lang='lat' dir='ltr'><strong>prorsus</strong></span> <span class='ocrx_word' id='word_1_538' title='bbox 2042 3803 2151 3860; x_wconf 88' lang='lat' dir='ltr'><strong>Deo</strong></span> 
     </span>
    </p>
   </div>
   <div class='ocr_carea' id='block_1_72' title="bbox 564 3890 2148 3963">
    <p class='ocr_par' dir='ltr' id='par_1_72' title="bbox 564 3890 2148 3963">
     <span class='ocr_line' id='line_1_72' title="bbox 564 3890 2148 3963; baseline 0.003 -18"><span class='ocrx_word' id='word_1_539' title='bbox 564 3892 764 3961; x_wconf 87' lang='lat' dir='ltr'><strong>digna;</strong></span> <span class='ocrx_word' id='word_1_540' title='bbox 796 3891 853 3945; x_wconf 93' lang='lat' dir='ltr'><strong>in</strong></span> <span class='ocrx_word' id='word_1_541' title='bbox 890 3890 1112 3946; x_wconf 88' lang='lat' dir='ltr'><strong>homine</strong></span> <span class='ocrx_word' id='word_1_542' title='bbox 1136 3906 1285 3957; x_wconf 90' lang='lat' dir='ltr'><strong>vero,</strong></span> <span class='ocrx_word' id='word_1_543' title='bbox 1327 3904 1814 3960; x_wconf 75' lang='lat' dir='ltr'><strong>proutcreaturam</strong></span> <span class='ocrx_word' id='word_1_544' title='bbox 1850 3897 2148 3963; x_wconf 86' lang='lat' dir='ltr'><strong>decet,in-</strong></span> 
     </span>
    </p>
   </div>
   <div class='ocr_carea' id='block_1_73' title="bbox 565 3981 2187 4044">
    <p class='ocr_par' dir='ltr' id='par_1_73' title="bbox 565 3981 2187 4044">
     <span class='ocr_line' id='line_1_73' title="bbox 565 3981 2187 4044; baseline 0.004 -8"><span class='ocrx_word' id='word_1_545' title='bbox 565 3982 754 4037; x_wconf 71' lang='lat' dir='ltr'><strong>terior.</strong></span> <span class='ocrx_word' id='word_1_546' title='bbox 782 3981 969 4037; x_wconf 80' lang='lat' dir='ltr'><strong>Primo</strong></span> <span class='ocrx_word' id='word_1_547' title='bbox 1028 3985 1234 4037; x_wconf 86' lang='lat' dir='ltr'><strong>etenim</strong></span> <span class='ocrx_word' id='word_1_548' title='bbox 1270 3985 1491 4040; x_wconf 83' lang='lat' dir='ltr'><strong>divinus</strong></span> <span class='ocrx_word' id='word_1_549' title='bbox 1537 3987 1853 4044; x_wconf 85' lang='lat' dir='ltr'><strong>intellectus</strong></span> <span class='ocrx_word' id='word_1_550' title='bbox 1885 3999 1968 4043; x_wconf 90' lang='lat' dir='ltr'><strong>est</strong></span> <span class='ocrx_word' id='word_1_551' title='bbox 2001 4004 2148 4043; x_wconf 82' lang='lat' dir='ltr'><strong>sem-</strong></span> <span class='ocrx_word' id='word_1_552' title='bbox 2180 3994 2187 3998; x_wconf 83' lang='grc'><em>’</em></span> 
     </span>
    </p>
   </div>
   <div class='ocr_carea' id='block_1_74' title="bbox 567 4075 2146 4151">
    <p class='ocr_par' dir='ltr' id='par_1_74' title="bbox 567 4075 2146 4151">
     <span class='ocr_line' id='line_1_74' title="bbox 567 4075 2146 4151; baseline 0.004 -25"><span class='ocrx_word' id='word_1_553' title='bbox 567 4089 662 4143; x_wconf 88' lang='lat' dir='ltr'><strong>per</strong></span> <span class='ocrx_word' id='word_1_554' title='bbox 693 4075 743 4128; x_wconf 93' lang='lat' dir='ltr'><strong>in</strong></span> <span class='ocrx_word' id='word_1_555' title='bbox 771 4085 921 4137; x_wconf 91' lang='lat' dir='ltr'><strong>actu,</strong></span> <span class='ocrx_word' id='word_1_556' title='bbox 953 4082 1226 4143; x_wconf 91' lang='lat' dir='ltr'><strong>quatenus</strong></span> <span class='ocrx_word' id='word_1_557' title='bbox 1256 4085 1461 4130; x_wconf 67' lang='lat' dir='ltr'><strong>aeterno</strong></span> <span class='ocrx_word' id='word_1_558' title='bbox 1497 4087 1552 4131; x_wconf 90' lang='lat' dir='ltr'><strong>et</strong></span> <span class='ocrx_word' id='word_1_559' title='bbox 1599 4079 1811 4134; x_wconf 85' lang='lat' dir='ltr'><strong>intlnito</strong></span> <span class='ocrx_word' id='word_1_560' title='bbox 1860 4080 2146 4151; x_wconf 80' lang='lat' dir='ltr'><strong>congruit;</strong></span> 
     </span>
    </p>
   </div>
   <div class='ocr_carea' id='block_1_75' title="bbox 570 4166 2149 4245">
    <p class='ocr_par' dir='ltr' id='par_1_75' title="bbox 570 4166 2149 4245">
     <span class='ocr_line' id='line_1_75' title="bbox 570 4166 2149 4245; baseline 0.009 -28"><span class='ocrx_word' id='word_1_561' title='bbox 570 4166 844 4218; x_wconf 83' lang='lat' dir='ltr'><strong>humanus</strong></span> <span class='ocrx_word' id='word_1_562' title='bbox 883 4180 915 4219; x_wconf 91' lang='lat' dir='ltr'><strong>e</strong></span> <span class='ocrx_word' id='word_1_563' title='bbox 951 4171 1142 4219; x_wconf 88' lang='lat' dir='ltr'><strong>contra</strong></span> <span class='ocrx_word' id='word_1_564' title='bbox 1171 4181 1200 4219; x_wconf 91' lang='lat' dir='ltr'><strong>a</strong></span> <span class='ocrx_word' id='word_1_565' title='bbox 1236 4166 1343 4222; x_wconf 88' lang='lat' dir='ltr'><strong>Deo</strong></span> <span class='ocrx_word' id='word_1_566' title='bbox 1371 4175 1588 4224; x_wconf 88' lang='lat' dir='ltr'><strong>creatus</strong></span> <span class='ocrx_word' id='word_1_567' title='bbox 1628 4171 1940 4227; x_wconf 85' lang='lat' dir='ltr'><strong>virtnaliter</strong></span> <span class='ocrx_word' id='word_1_568' title='bbox 1968 4166 2149 4245; x_wconf 85' lang='lat' dir='ltr'><strong>quoad</strong></span> 
     </span>
    </p>
   </div>
   <div class='ocr_carea' id='block_1_76' title="bbox 571 4254 2148 4336">
    <p class='ocr_par' dir='ltr' id='par_1_76' title="bbox 571 4254 2148 4336">
     <span class='ocr_line' id='line_1_76' title="bbox 571 4254 2148 4336; baseline 0.01 -29"><span class='ocrx_word' id='word_1_569' title='bbox 571 4254 791 4308; x_wconf 89' lang='lat' dir='ltr'><strong>initium</strong></span> <span class='ocrx_word' id='word_1_570' title='bbox 834 4268 993 4324; x_wconf 60' lang='lat' dir='ltr'><strong>atque</strong></span> <span class='ocrx_word' id='word_1_571' title='bbox 1019 4263 1105 4310; x_wconf 89' lang='lat' dir='ltr'><strong>est</strong></span> <span class='ocrx_word' id='word_1_572' title='bbox 1137 4256 1190 4309; x_wconf 93' lang='lat' dir='ltr'><strong>in</strong></span> <span class='ocrx_word' id='word_1_573' title='bbox 1218 4257 1473 4313; x_wconf 85' lang='lat' dir='ltr'><strong>omnibus</strong></span> <span class='ocrx_word' id='word_1_574' title='bbox 1510 4259 1575 4314; x_wconf 89' lang='lat' dir='ltr'><strong>ad</strong></span> <span class='ocrx_word' id='word_1_575' title='bbox 1605 4276 1665 4316; x_wconf 88' lang='lat' dir='ltr'><strong>ea</strong></span> <span class='ocrx_word' id='word_1_576' title='bbox 1701 4264 1985 4321; x_wconf 87' lang='lat' dir='ltr'><strong>ordinatus</strong></span> <span class='ocrx_word' id='word_1_577' title='bbox 2029 4282 2148 4336; x_wconf 75' lang='lat' dir='ltr'><strong>qua:</strong></span> 
     </span>
    </p>
   </div>
   <div class='ocr_carea' id='block_1_77' title="bbox 565 4347 2145 4427">
    <p class='ocr_par' dir='ltr' id='par_1_77' title="bbox 565 4347 2145 4427">
     <span class='ocr_line' id='line_1_77' title="bbox 565 4347 2145 4427; baseline 0.008 -28"><span class='ocrx_word' id='word_1_578' title='bbox 565 4353 799 4415; x_wconf 90' lang='lat' dir='ltr'><strong>possunt</strong></span> <span class='ocrx_word' id='word_1_579' title='bbox 825 4347 1053 4418; x_wconf 82' lang='lat' dir='ltr'><strong>intelligi</strong></span> <span class='ocrx_word' id='word_1_580' title='bbox 1083 4357 1137 4402; x_wconf 91' lang='lat' dir='ltr'><strong>et</strong></span> <span class='ocrx_word' id='word_1_581' title='bbox 1163 4349 1229 4402; x_wconf 88' lang='lat' dir='ltr'><strong>ad</strong></span> <span class='ocrx_word' id='word_1_582' title='bbox 1262 4349 1654 4421; x_wconf 90' lang='lat' dir='ltr'><strong>intclligentem</strong></span> <span class='ocrx_word' id='word_1_583' title='bbox 1711 4368 1808 4422; x_wconf 87' lang='lat' dir='ltr'><strong>per</strong></span> <span class='ocrx_word' id='word_1_584' title='bbox 1856 4369 1921 4409; x_wconf 86' lang='lat' dir='ltr'><strong>ea</strong></span> <span class='ocrx_word' id='word_1_585' title='bbox 1982 4360 2145 4427; x_wconf 82' lang='lat' dir='ltr'><strong>perti-</strong></span> 
     </span>
    </p>
   </div>
   <div class='ocr_carea' id='block_1_78' title="bbox 2258 3251 3824 3336">
    <p class='ocr_par' dir='ltr' id='par_1_78' title="bbox 2258 3251 3824 3336">
     <span class='ocr_line' id='line_1_78' title="bbox 2258 3251 3824 3336; baseline 0.014 -33"><span class='ocrx_word' id='word_1_586' title='bbox 2258 3251 2511 3321; x_wconf 84' lang='grc' dir='ltr'>δείγματι</span> <span class='ocrx_word' id='word_1_587' title='bbox 2537 3255 2632 3308; x_wconf 85' lang='grc' dir='ltr'>καὶ</span> <span class='ocrx_word' id='word_1_588' title='bbox 2666 3258 2732 3327; x_wconf 82' lang='grc' dir='ltr'>τῇ</span> <span class='ocrx_word' id='word_1_589' title='bbox 2769 3258 2938 3312; x_wconf 88' lang='grc' dir='ltr'>εἰκόνι</span> <span class='ocrx_word' id='word_1_590' title='bbox 2995 3260 3230 3331; x_wconf 86' lang='grc' dir='ltr'>τριάδος.</span> <span class='ocrx_word' id='word_1_591' title='bbox 3281 3262 3511 3333; x_wconf 69' lang='grc' dir='ltr'>Εἴρηται</span> <span class='ocrx_word' id='word_1_592' title='bbox 3559 3269 3687 3336; x_wconf 81' lang='grc' dir='ltr'>γὰρ,</span> <span class='ocrx_word' id='word_1_593' title='bbox 3750 3271 3824 3335; x_wconf 89' lang='grc' dir='ltr'><strong>ώς</strong></span> 
     </span>
    </p>
   </div>
   <div class='ocr_carea' id='block_1_79' title="bbox 2256 3341 3823 3429">
    <p class='ocr_par' dir='ltr' id='par_1_79' title="bbox 2256 3341 3823 3429">
     <span class='ocr_line' id='line_1_79' title="bbox 2256 3341 3823 3429; baseline 0.013 -35"><span class='ocrx_word' id='word_1_594' title='bbox 2256 3341 2572 3411; x_wconf 85' lang='grc' dir='ltr'>ώμοιῶσθαι</span> <span class='ocrx_word' id='word_1_595' title='bbox 2633 3345 2732 3417; x_wconf 75' lang='grc' dir='ltr'>μὲν</span> <span class='ocrx_word' id='word_1_596' title='bbox 2785 3348 2860 3420; x_wconf 82' lang='grc' dir='ltr'><strong>τῷ</strong></span> <span class='ocrx_word' id='word_1_597' title='bbox 2917 3349 3036 3420; x_wconf 88' lang='grc' dir='ltr'><strong>Θεῷ</strong></span> <span class='ocrx_word' id='word_1_598' title='bbox 3083 3351 3175 3403; x_wconf 80' lang='grc' dir='ltr'>τὸν</span> <span class='ocrx_word' id='word_1_599' title='bbox 3214 3351 3498 3422; x_wconf 78' lang='grc' dir='ltr'>ἄνθρωπον</span> <span class='ocrx_word' id='word_1_600' title='bbox 3523 3358 3552 3410; x_wconf 84' lang='lat'><strong>6</strong></span> <span class='ocrx_word' id='word_1_601' title='bbox 3584 3375 3645 3411; x_wconf 89' lang='grc' dir='ltr'><strong>τε</strong></span> <span class='ocrx_word' id='word_1_602' title='bbox 3670 3360 3823 3429; x_wconf 88' lang='grc' dir='ltr'>λόγος</span> 
     </span>
    </p>
   </div>
   <div class='ocr_carea' id='block_1_80' title="bbox 2256 3436 3823 3511">
    <p class='ocr_par' dir='ltr' id='par_1_80' title="bbox 2256 3436 3823 3511">
     <span class='ocr_line' id='line_1_80' title="bbox 2256 3436 3823 3511; baseline 0.012 -22"><span class='ocrx_word' id='word_1_603' title='bbox 2256 3436 2480 3491; x_wconf 84' lang='grc' dir='ltr'>ἀπαιτεί</span> <span class='ocrx_word' id='word_1_604' title='bbox 2508 3438 2602 3492; x_wconf 69' lang='grc' dir='ltr'>καὶ</span> <span class='ocrx_word' id='word_1_605' title='bbox 2632 3440 2665 3510; x_wconf 84' lang='grc' dir='ltr'><strong>ή</strong></span> <span class='ocrx_word' id='word_1_606' title='bbox 2695 3442 2789 3494; x_wconf 87' lang='grc' dir='ltr'><strong>τοῦ</strong></span> <span class='ocrx_word' id='word_1_607' title='bbox 2824 3442 3068 3505; x_wconf 81' lang='grc' dir='ltr'>Μωσέως</span> <span class='ocrx_word' id='word_1_608' title='bbox 3108 3443 3350 3511; x_wconf 79' lang='grc' dir='ltr'>ἀξίωσις,</span> <span class='ocrx_word' id='word_1_609' title='bbox 3395 3448 3488 3501; x_wconf 79' lang='grc' dir='ltr'>καὶ</span> <span class='ocrx_word' id='word_1_610' title='bbox 3541 3449 3642 3504; x_wconf 77' lang='grc' dir='ltr'>ὅσα</span> <span class='ocrx_word' id='word_1_611' title='bbox 3691 3454 3823 3507; x_wconf 85' lang='grc' dir='ltr'>ἀλλα</span> 
     </span>
    </p>
   </div>
   <div class='ocr_carea' id='block_1_81' title="bbox 2253 3527 3825 3610">
    <p class='ocr_par' dir='ltr' id='par_1_81' title="bbox 2253 3527 3825 3610">
     <span class='ocr_line' id='line_1_81' title="bbox 2253 3527 3825 3610; baseline 0.012 -31"><span class='ocrx_word' id='word_1_612' title='bbox 2253 3527 2424 3600; x_wconf 76' lang='grc' dir='ltr'>ταύτῃ</span> <span class='ocrx_word' id='word_1_613' title='bbox 2460 3531 2760 3602; x_wconf 78' lang='grc' dir='ltr'>συντρέχει,</span> <span class='ocrx_word' id='word_1_614' title='bbox 2786 3535 2879 3585; x_wconf 80' lang='grc' dir='ltr'>καὶ</span> <span class='ocrx_word' id='word_1_615' title='bbox 2902 3533 3219 3604; x_wconf 86' lang='grc' dir='ltr'>ώμοιῶσθαι</span> <span class='ocrx_word' id='word_1_616' title='bbox 3269 3540 3335 3609; x_wconf 78' lang='grc' dir='ltr'><strong>τῇ</strong></span> <span class='ocrx_word' id='word_1_617' title='bbox 3370 3540 3546 3610; x_wconf 82' lang='grc' dir='ltr'>τριάδι</span> <span class='ocrx_word' id='word_1_618' title='bbox 3576 3543 3683 3597; x_wconf 86' lang='grc' dir='ltr'><strong>τῶν</strong></span> <span class='ocrx_word' id='word_1_619' title='bbox 3743 3547 3825 3597; x_wconf 84' lang='grc' dir='ltr'><strong>ὲν-</strong></span> 
     </span>
    </p>
   </div>
   <div class='ocr_carea' id='block_1_82' title="bbox 2252 3618 3863 3709">
    <p class='ocr_par' dir='ltr' id='par_1_82' title="bbox 2252 3618 3863 3709">
     <span class='ocr_line' id='line_1_82' title="bbox 2252 3618 3863 3709; baseline 0.014 -39"><span class='ocrx_word' id='word_1_620' title='bbox 2252 3618 2484 3689; x_wconf 85' lang='grc' dir='ltr'>δοτέρων</span> <span class='ocrx_word' id='word_1_621' title='bbox 2508 3622 2818 3691; x_wconf 70' lang='grc' dir='ltr'>ἐνεργειῶν,</span> <span class='ocrx_word' id='word_1_622' title='bbox 2883 3619 2970 3689; x_wconf 73' lang='grc' dir='ltr'>αἷς</span> <span class='ocrx_word' id='word_1_623' title='bbox 3013 3625 3297 3696; x_wconf 77' lang='grc' dir='ltr'>ἄνθρωπός</span> <span class='ocrx_word' id='word_1_624' title='bbox 3343 3631 3461 3683; x_wconf 74' lang='grc' dir='ltr'>ἐστί</span> <span class='ocrx_word' id='word_1_625' title='bbox 3513 3649 3571 3685; x_wconf 87' lang='grc' dir='ltr'><strong>τε</strong></span> <span class='ocrx_word' id='word_1_626' title='bbox 3630 3636 3723 3689; x_wconf 76' lang='grc' dir='ltr'>καὶ</span> <span class='ocrx_word' id='word_1_627' title='bbox 3753 3637 3817 3709; x_wconf 78' lang='grc' dir='ltr'><strong>ζῇ</strong></span> <span class='ocrx_word' id='word_1_628' title='bbox 3859 3636 3863 3640; x_wconf 67' lang='grc'><em>’</em></span> 
     </span>
    </p>
   </div>
   <div class='ocr_carea' id='block_1_83' title="bbox 2254 3712 3821 3798">
    <p class='ocr_par' dir='ltr' id='par_1_83' title="bbox 2254 3712 3821 3798">
     <span class='ocr_line' id='line_1_83' title="bbox 2254 3712 3821 3798; baseline 0.012 -33"><span class='ocrx_word' id='word_1_629' title='bbox 2254 3712 2396 3765; x_wconf 82' lang='grc' dir='ltr'>κατὰ</span> <span class='ocrx_word' id='word_1_630' title='bbox 2423 3713 2523 3783; x_wconf 81' lang='grc' dir='ltr'>τὴν</span> <span class='ocrx_word' id='word_1_631' title='bbox 2545 3713 2722 3785; x_wconf 80' lang='grc' dir='ltr'>ψυχὴν</span> <span class='ocrx_word' id='word_1_632' title='bbox 2749 3716 2841 3769; x_wconf 73' lang='grc' dir='ltr'>καὶ</span> <span class='ocrx_word' id='word_1_633' title='bbox 2870 3717 2978 3770; x_wconf 87' lang='grc' dir='ltr'><strong>τῶν</strong></span> <span class='ocrx_word' id='word_1_634' title='bbox 3004 3718 3178 3773; x_wconf 81' lang='grc' dir='ltr'>ἀλλων</span> <span class='ocrx_word' id='word_1_635' title='bbox 3207 3720 3300 3774; x_wconf 90' lang='grc' dir='ltr'><strong>τοῦ</strong></span> <span class='ocrx_word' id='word_1_636' title='bbox 3331 3722 3466 3777; x_wconf 85' lang='grc' dir='ltr'>Θεοῦ</span> <span class='ocrx_word' id='word_1_637' title='bbox 3505 3730 3821 3798; x_wconf 87' lang='grc' dir='ltr'>κτισμάτων</span> 
     </span>
    </p>
   </div>
   <div class='ocr_carea' id='block_1_84' title="bbox 2253 3802 3821 3887">
    <p class='ocr_par' dir='ltr' id='par_1_84' title="bbox 2253 3802 3821 3887">
     <span class='ocr_line' id='line_1_84' title="bbox 2253 3802 3821 3887; baseline 0.013 -34"><span class='ocrx_word' id='word_1_638' title='bbox 2253 3802 2496 3871; x_wconf 78' lang='grc' dir='ltr'>προέχει.</span> <span class='ocrx_word' id='word_1_639' title='bbox 2528 3804 2620 3855; x_wconf 87' lang='grc' dir='ltr'><strong>Δεί</strong></span> <span class='ocrx_word' id='word_1_640' title='bbox 2648 3804 2703 3857; x_wconf 68' lang='grc' dir='ltr'>δὲ</span> <span class='ocrx_word' id='word_1_641' title='bbox 2733 3807 2791 3857; x_wconf 86' lang='grc' dir='ltr'>ὲν</span> <span class='ocrx_word' id='word_1_642' title='bbox 2820 3805 2919 3875; x_wconf 72' lang='grc' dir='ltr'>μὶν</span> <span class='ocrx_word' id='word_1_643' title='bbox 2949 3807 3028 3877; x_wconf 85' lang='grc' dir='ltr'><strong>τῷ</strong></span> <span class='ocrx_word' id='word_1_644' title='bbox 3056 3807 3174 3879; x_wconf 90' lang='grc' dir='ltr'>Θεῷ</span> <span class='ocrx_word' id='word_1_645' title='bbox 3200 3809 3297 3880; x_wconf 78' lang='grc' dir='ltr'>τὴν</span> <span class='ocrx_word' id='word_1_646' title='bbox 3327 3810 3534 3882; x_wconf 87' lang='grc' dir='ltr'>Τριάδα</span> <span class='ocrx_word' id='word_1_647' title='bbox 3567 3815 3821 3887; x_wconf 76' lang='grc' dir='ltr'>ὑπερφυᾶ</span> 
     </span>
    </p>
   </div>
   <div class='ocr_carea' id='block_1_85' title="bbox 2250 3894 3814 3978">
    <p class='ocr_par' dir='ltr' id='par_1_85' title="bbox 2250 3894 3814 3978">
     <span class='ocr_line' id='line_1_85' title="bbox 2250 3894 3814 3978; baseline 0.012 -36"><span class='ocrx_word' id='word_1_648' title='bbox 2250 3908 2310 3945; x_wconf 81' lang='grc' dir='ltr'><strong>τε</strong></span> <span class='ocrx_word' id='word_1_649' title='bbox 2340 3894 2433 3947; x_wconf 75' lang='grc' dir='ltr'>καὶ</span> <span class='ocrx_word' id='word_1_650' title='bbox 2462 3895 2658 3965; x_wconf 78' lang='grc' dir='ltr'>ποιητῇ</span> <span class='ocrx_word' id='word_1_651' title='bbox 2694 3896 3012 3965; x_wconf 77' lang='grc' dir='ltr'>πρέπουσαν</span> <span class='ocrx_word' id='word_1_652' title='bbox 3036 3894 3176 3952; x_wconf 75' lang='grc' dir='ltr'>εἶναι</span> <span class='ocrx_word' id='word_1_653' title='bbox 3211 3901 3304 3953; x_wconf 79' lang='grc' dir='ltr'>καὶ</span> <span class='ocrx_word' id='word_1_654' title='bbox 3327 3901 3465 3966; x_wconf 82' lang='grc' dir='ltr'>όλως</span> <span class='ocrx_word' id='word_1_655' title='bbox 3511 3904 3814 3978; x_wconf 82' lang='grc' dir='ltr'>θεοπρεπῆ,</span> 
     </span>
    </p>
   </div>
   <div class='ocr_carea' id='block_1_86' title="bbox 2250 3983 3817 4073">
    <p class='ocr_par' dir='ltr' id='par_1_86' title="bbox 2250 3983 3817 4073">
     <span class='ocr_line' id='line_1_86' title="bbox 2250 3983 3817 4073; baseline 0.012 -38"><span class='ocrx_word' id='word_1_656' title='bbox 2250 3984 2307 4036; x_wconf 78' lang='grc' dir='ltr'>ὲν</span> <span class='ocrx_word' id='word_1_657' title='bbox 2333 3983 2605 4055; x_wconf 84' lang='grc' dir='ltr'>ἀνθρώπῳ</span> <span class='ocrx_word' id='word_1_658' title='bbox 2628 3985 2684 4038; x_wconf 75' lang='grc' dir='ltr'>δὲ</span> <span class='ocrx_word' id='word_1_659' title='bbox 2713 3988 2854 4055; x_wconf 87' lang='grc' dir='ltr'><strong>μετά</strong></span> <span class='ocrx_word' id='word_1_660' title='bbox 2889 3989 2986 4058; x_wconf 78' lang='grc' dir='ltr'>τῆς</span> <span class='ocrx_word' id='word_1_661' title='bbox 3013 3989 3097 4061; x_wconf 84' lang='grc' dir='ltr'>τῷ</span> <span class='ocrx_word' id='word_1_662' title='bbox 3128 3993 3384 4063; x_wconf 79' lang='grc' dir='ltr'>κτίσματι</span> <span class='ocrx_word' id='word_1_663' title='bbox 3435 4001 3817 4073; x_wconf 76' lang='grc' dir='ltr'>προσηκούσης</span> 
     </span>
    </p>
   </div>
   <div class='ocr_carea' id='block_1_87' title="bbox 2251 4073 3980 4167">
    <p class='ocr_par' dir='ltr' id='par_1_87' title="bbox 2251 4073 3980 4167">
     <span class='ocr_line' id='line_1_87' title="bbox 2251 4073 3980 4167; baseline 0.014 -42"><span class='ocrx_word' id='word_1_664' title='bbox 2251 4073 2513 4142; x_wconf 78' lang='grc' dir='ltr'>ὑφέσεως.</span> <span class='ocrx_word' id='word_1_665' title='bbox 2576 4076 2785 4132; x_wconf 79' lang='grc' dir='ltr'>Αὐτίκα</span> <span class='ocrx_word' id='word_1_666' title='bbox 2818 4080 2927 4149; x_wconf 76' lang='grc' dir='ltr'>γὰρ</span> <span class='ocrx_word' id='word_1_667' title='bbox 2978 4083 3008 4134; x_wconf 98' lang='lat'><strong>6</strong></span> <span class='ocrx_word' id='word_1_668' title='bbox 3070 4082 3169 4151; x_wconf 81' lang='grc' dir='ltr'>μὲν</span> <span class='ocrx_word' id='word_1_669' title='bbox 3228 4086 3370 4150; x_wconf 84' lang='grc' dir='ltr'>θεῖος</span> <span class='ocrx_word' id='word_1_670' title='bbox 3420 4088 3545 4153; x_wconf 89' lang='grc' dir='ltr'>νοῦς</span> <span class='ocrx_word' id='word_1_671' title='bbox 3570 4092 3817 4167; x_wconf 68' lang='grc' dir='ltr'>ἐνεργείᾳ</span> <span class='ocrx_word' id='word_1_672' title='bbox 3880 4153 3884 4157; x_wconf 9' lang='grc'><strong>1</strong></span> <span class='ocrx_word' id='word_1_673' title='bbox 3976 4095 3980 4099; x_wconf 80' lang='grc'><em>’</em></span> 
     </span>
    </p>
   </div>
   <div class='ocr_carea' id='block_1_88' title="bbox 2248 4165 3851 4255">
    <p class='ocr_par' dir='ltr' id='par_1_88' title="bbox 2248 4165 3851 4255">
     <span class='ocr_line' id='line_1_88' title="bbox 2248 4165 3851 4255; baseline 0.016 -40"><span class='ocrx_word' id='word_1_674' title='bbox 2248 4165 2399 4217; x_wconf 75' lang='grc' dir='ltr'>ἐστὶν</span> <span class='ocrx_word' id='word_1_675' title='bbox 2457 4167 2563 4232; x_wconf 74' lang='grc' dir='ltr'>ἀεὶ,</span> <span class='ocrx_word' id='word_1_676' title='bbox 2602 4166 2676 4232; x_wconf 90' lang='grc' dir='ltr'><strong>ώς</strong></span> <span class='ocrx_word' id='word_1_677' title='bbox 2707 4170 2861 4243; x_wconf 80' lang='grc' dir='ltr'>ἀϊδίῳ</span> <span class='ocrx_word' id='word_1_678' title='bbox 2878 4174 2973 4228; x_wconf 80' lang='grc' dir='ltr'>καὶ</span> <span class='ocrx_word' id='word_1_679' title='bbox 3002 4174 3216 4249; x_wconf 82' lang='grc' dir='ltr'>ἀπείρῳ</span> <span class='ocrx_word' id='word_1_680' title='bbox 3245 4182 3531 4253; x_wconf 78' lang='grc' dir='ltr'>προσήκει,</span> <span class='ocrx_word' id='word_1_681' title='bbox 3575 4187 3603 4238; x_wconf 92' lang='lat'><strong>6</strong></span> <span class='ocrx_word' id='word_1_682' title='bbox 3650 4186 3706 4239; x_wconf 82' lang='grc' dir='ltr'>δέ</span> <span class='ocrx_word' id='word_1_683' title='bbox 3752 4165 3851 4255; x_wconf 61' lang='grc' dir='ltr'>γεξ</span> 
     </span>
    </p>
   </div>
   <div class='ocr_carea' id='block_1_89' title="bbox 2246 4257 3814 4344">
    <p class='ocr_par' dir='ltr' id='par_1_89' title="bbox 2246 4257 3814 4344">
     <span class='ocr_line' id='line_1_89' title="bbox 2246 4257 3814 4344; baseline 0.013 -31"><span class='ocrx_word' id='word_1_684' title='bbox 2246 4257 2585 4328; x_wconf 82' lang='grc' dir='ltr'>ἀνθρώπινος</span> <span class='ocrx_word' id='word_1_685' title='bbox 2613 4262 3036 4337; x_wconf 60' lang='grc' dir='ltr'>δημιουργηθεῖς</span> <span class='ocrx_word' id='word_1_686' title='bbox 3056 4271 3120 4322; x_wconf 77' lang='grc' dir='ltr'>ἐκ</span> <span class='ocrx_word' id='word_1_687' title='bbox 3149 4271 3284 4326; x_wconf 89' lang='grc' dir='ltr'>Θεοῦ</span> <span class='ocrx_word' id='word_1_688' title='bbox 3310 4272 3537 4342; x_wconf 85' lang='grc' dir='ltr'>δυνάμει</span> <span class='ocrx_word' id='word_1_689' title='bbox 3568 4279 3670 4344; x_wconf 78' lang='grc' dir='ltr'>μὲν</span> <span class='ocrx_word' id='word_1_690' title='bbox 3698 4278 3814 4333; x_wconf 72' lang='grc' dir='ltr'>ἔστι</span> 
     </span>
    </p>
   </div>
   <div class='ocr_carea' id='block_1_90' title="bbox 2245 4350 3810 4435">
    <p class='ocr_par' dir='ltr' id='par_1_90' title="bbox 2245 4350 3810 4435">
     <span class='ocr_line' id='line_1_90' title="bbox 2245 4350 3810 4435; baseline 0.013 -33"><span class='ocrx_word' id='word_1_691' title='bbox 2245 4351 2344 4418; x_wconf 83' lang='grc' dir='ltr'>τὴν</span> <span class='ocrx_word' id='word_1_692' title='bbox 2372 4350 2545 4422; x_wconf 84' lang='grc' dir='ltr'>ἀρχὴν</span> <span class='ocrx_word' id='word_1_693' title='bbox 2567 4355 2625 4406; x_wconf 82' lang='grc' dir='ltr'>ὲν</span> <span class='ocrx_word' id='word_1_694' title='bbox 2651 4356 2819 4409; x_wconf 82' lang='grc' dir='ltr'>πᾶσιν</span> <span class='ocrx_word' id='word_1_695' title='bbox 2848 4356 3157 4428; x_wconf 84' lang='grc' dir='ltr'>ἀνθρώποις</span> <span class='ocrx_word' id='word_1_696' title='bbox 3190 4364 3391 4433; x_wconf 75' lang='grc' dir='ltr'>ὁμοίως</span> <span class='ocrx_word' id='word_1_697' title='bbox 3426 4365 3563 4435; x_wconf 81' lang='grc' dir='ltr'>πρὸς</span> <span class='ocrx_word' id='word_1_698' title='bbox 3605 4369 3673 4422; x_wconf 82' lang='grc' dir='ltr'>τὰ</span> <span class='ocrx_word' id='word_1_699' title='bbox 3722 4387 3810 4423; x_wconf 87' lang='grc' dir='ltr'>νο-</span> 
     </span>
    </p>
   </div>
   <div class='ocr_carea' id='block_1_91' title="bbox 561 4438 2152 4539">
    <p class='ocr_par' dir='ltr' id='par_1_91' title="bbox 561 4438 2135 4515">
     <span class='ocr_line' id='line_1_91' title="bbox 561 4438 2135 4515; baseline 0.004 -22"><span class='ocrx_word' id='word_1_700' title='bbox 561 4438 854 4507; x_wconf 82' lang='lat' dir='ltr'><strong>ciendum;</strong></span> <span class='ocrx_word' id='word_1_701' title='bbox 883 4454 949 4494; x_wconf 89' lang='lat' dir='ltr'><strong>ac</strong></span> <span class='ocrx_word' id='word_1_702' title='bbox 995 4450 1185 4510; x_wconf 84' lang='lat' dir='ltr'><strong>postea</strong></span> <span class='ocrx_word' id='word_1_703' title='bbox 1217 4440 1271 4494; x_wconf 91' lang='lat' dir='ltr'><strong>in</strong></span> <span class='ocrx_word' id='word_1_704' title='bbox 1301 4452 1426 4495; x_wconf 87' lang='lat' dir='ltr'><strong>actu</strong></span> <span class='ocrx_word' id='word_1_705' title='bbox 1465 4443 1526 4496; x_wconf 81' lang='lat' dir='ltr'><strong>lit</strong></span> <span class='ocrx_word' id='word_1_706' title='bbox 1572 4458 1638 4498; x_wconf 82' lang='lat' dir='ltr'><strong>ex</strong></span> <span class='ocrx_word' id='word_1_707' title='bbox 1687 4459 1877 4499; x_wconf 86' lang='lat' dir='ltr'><strong>eorum</strong></span> <span class='ocrx_word' id='word_1_708' title='bbox 1920 4449 2135 4515; x_wconf 76' lang='lat' dir='ltr'><strong>notitia,</strong></span> 
     </span>
    </p>
   </div>
   <div class='ocr_carea' id='block_1_92' title="bbox 2253 4438 3844 4539">
    <p class='ocr_par' dir='ltr' id='par_1_92' title="bbox 2253 4442 3844 4539">
     <span class='ocr_line' id='line_1_92' title="bbox 2253 4442 3844 4539; baseline 0.016 -47"><span class='ocrx_word' id='word_1_709' title='bbox 2253 4442 2420 4495; x_wconf 85' lang='grc' dir='ltr'>εἰσθαι</span> <span class='ocrx_word' id='word_1_710' title='bbox 2446 4443 2719 4514; x_wconf 86' lang='grc' dir='ltr'>δυνάμενα</span> <span class='ocrx_word' id='word_1_711' title='bbox 2744 4449 2836 4500; x_wconf 77' lang='grc' dir='ltr'><strong>καὶ</strong></span> <span class='ocrx_word' id='word_1_712' title='bbox 2866 4449 3002 4517; x_wconf 79' lang='grc' dir='ltr'>πρὸς</span> <span class='ocrx_word' id='word_1_713' title='bbox 3024 4450 3085 4504; x_wconf 83' lang='grc' dir='ltr'>τὸ</span> <span class='ocrx_word' id='word_1_714' title='bbox 3104 4450 3175 4505; x_wconf 84' lang='grc' dir='ltr'><strong>δι’</strong></span> <span class='ocrx_word' id='word_1_715' title='bbox 3203 4453 3429 4509; x_wconf 69' lang='grc' dir='ltr'>ἐκείνων</span> <span class='ocrx_word' id='word_1_716' title='bbox 3471 4458 3811 4517; x_wconf 82' lang='grc' dir='ltr'>τελειοῦσθαι</span> <span class='ocrx_word' id='word_1_717' title='bbox 3836 4530 3844 4539; x_wconf 39' lang='grc'><em>.</em></span> 
     </span>
    </p>
   </div>
   <div class='ocr_carea' id='block_1_93' title="bbox 562 4531 2152 4620">
    <p class='ocr_par' dir='ltr' id='par_1_93' title="bbox 562 4531 2138 4607">
     <span class='ocr_line' id='line_1_93' title="bbox 562 4531 2138 4607; baseline 0.006 -23"><span class='ocrx_word' id='word_1_718' title='bbox 562 4531 804 4586; x_wconf 81' lang='lat' dir='ltr'><strong>collectis</strong></span> <span class='ocrx_word' id='word_1_719' title='bbox 869 4532 922 4585; x_wconf 85' lang='lat' dir='ltr'><strong>in</strong></span> <span class='ocrx_word' id='word_1_720' title='bbox 957 4532 1082 4602; x_wconf 82' lang='lat' dir='ltr'><strong>ipso</strong></span> <span class='ocrx_word' id='word_1_721' title='bbox 1137 4533 1425 4601; x_wconf 87' lang='lat' dir='ltr'><strong>speciebus</strong></span> <span class='ocrx_word' id='word_1_722' title='bbox 1474 4533 1580 4588; x_wconf 83' lang='lat' dir='ltr'><strong>alia</strong></span> <span class='ocrx_word' id='word_1_723' title='bbox 1619 4545 1745 4605; x_wconf 89' lang='lat' dir='ltr'><strong>post</strong></span> <span class='ocrx_word' id='word_1_724' title='bbox 1801 4536 1985 4603; x_wconf 84' lang='lat' dir='ltr'><strong>aliam,</strong></span> <span class='ocrx_word' id='word_1_725' title='bbox 2044 4554 2138 4607; x_wconf 77' lang='lat' dir='ltr'><strong>per</strong></span> 
     </span>
    </p>
   </div>
   <div class='ocr_carea' id='block_1_94' title="bbox 2253 4531 3812 4620">
    <p class='ocr_par' dir='ltr' id='par_1_94' title="bbox 2253 4533 3812 4620">
     <span class='ocr_line' id='line_1_94' title="bbox 2253 4533 3812 4620; baseline 0.015 -36"><span class='ocrx_word' id='word_1_726' title='bbox 2253 4533 2487 4599; x_wconf 84' lang='grc' dir='ltr'>νοοῦντα,</span> <span class='ocrx_word' id='word_1_727' title='bbox 2518 4535 2768 4609; x_wconf 74' lang='grc' dir='ltr'>ἐνεργείᾳ</span> <span class='ocrx_word' id='word_1_728' title='bbox 2794 4538 2854 4591; x_wconf 78' lang='grc' dir='ltr'>δ’</span> <span class='ocrx_word' id='word_1_729' title='bbox 2885 4538 3115 4611; x_wconf 80' lang='grc' dir='ltr'>ὕστερον</span> <span class='ocrx_word' id='word_1_730' title='bbox 3141 4542 3351 4610; x_wconf 87' lang='grc' dir='ltr'>γίνεται</span> <span class='ocrx_word' id='word_1_731' title='bbox 3379 4550 3444 4619; x_wconf 82' lang='grc' dir='ltr'>τῇ</span> <span class='ocrx_word' id='word_1_732' title='bbox 3474 4550 3604 4620; x_wconf 78' lang='grc' dir='ltr'>περὶ</span> <span class='ocrx_word' id='word_1_733' title='bbox 3632 4553 3812 4609; x_wconf 81' lang='grc' dir='ltr'>αὐτῶν</span> 
     </span>
    </p>
   </div>
   <div class='ocr_carea' id='block_1_95' title="bbox 561 4624 2140 4685">
    <p class='ocr_par' dir='ltr' id='par_1_95' title="bbox 561 4624 2140 4685">
     <span class='ocr_line' id='line_1_95' title="bbox 561 4624 2140 4685; baseline 0.003 -5"><span class='ocrx_word' id='word_1_734' title='bbox 561 4625 707 4680; x_wconf 88' lang='lat' dir='ltr'><strong>viam</strong></span> <span class='ocrx_word' id='word_1_735' title='bbox 742 4624 954 4678; x_wconf 85' lang='lat' dir='ltr'><strong>scilicet</strong></span> <span class='ocrx_word' id='word_1_736' title='bbox 1019 4624 1427 4679; x_wconf 80' lang='lat' dir='ltr'><strong>abstractionis.</strong></span> <span class='ocrx_word' id='word_1_737' title='bbox 1478 4625 1679 4682; x_wconf 87' lang='lat' dir='ltr'><strong>lterum</strong></span> <span class='ocrx_word' id='word_1_738' title='bbox 1739 4629 1974 4683; x_wconf 86' lang='lat' dir='ltr'><strong>humana</strong></span> <span class='ocrx_word' id='word_1_739' title='bbox 2002 4633 2140 4685; x_wconf 70' lang='lat' dir='ltr'><strong>ratio</strong></span> 
     </span>
    </p>
   </div>
   <div class='ocr_carea' id='block_1_96' title="bbox 555 4715 2140 4792">
    <p class='ocr_par' dir='ltr' id='par_1_96' title="bbox 555 4715 2140 4792">
     <span class='ocr_line' id='line_1_96' title="bbox 555 4715 2140 4792; baseline 0.005 -21"><span class='ocrx_word' id='word_1_740' title='bbox 555 4715 701 4785; x_wconf 84' lang='lat' dir='ltr'><strong>apud</strong></span> <span class='ocrx_word' id='word_1_741' title='bbox 730 4718 976 4786; x_wconf 78' lang='lat' dir='ltr'><strong>singulos</strong></span> <span class='ocrx_word' id='word_1_742' title='bbox 1014 4718 1204 4773; x_wconf 89' lang='lat' dir='ltr'><strong>multis</strong></span> <span class='ocrx_word' id='word_1_743' title='bbox 1237 4718 1526 4788; x_wconf 80' lang='lat' dir='ltr'><strong>speciebus</strong></span> <span class='ocrx_word' id='word_1_744' title='bbox 1596 4721 1873 4775; x_wconf 69' lang='lat' dir='ltr'><strong>clibi-inata</strong></span> <span class='ocrx_word' id='word_1_745' title='bbox 1900 4723 2140 4792; x_wconf 83' lang='lat' dir='ltr'><strong>comple-</strong></span> 
     </span>
    </p>
   </div>
   <div class='ocr_carea' id='block_1_97' title="bbox 560 4811 2140 4883">
    <p class='ocr_par' dir='ltr' id='par_1_97' title="bbox 560 4811 2140 4883">
     <span class='ocr_line' id='line_1_97' title="bbox 560 4811 2140 4883; baseline 0.003 -20"><span class='ocrx_word' id='word_1_746' title='bbox 560 4817 672 4873; x_wconf 89' lang='lat' dir='ltr'><strong>tur,</strong></span> <span class='ocrx_word' id='word_1_747' title='bbox 696 4826 837 4879; x_wconf 65' lang='lat' dir='ltr'><strong>qute,</strong></span> <span class='ocrx_word' id='word_1_748' title='bbox 864 4819 920 4864; x_wconf 87' lang='lat' dir='ltr'><strong>ut</strong></span> <span class='ocrx_word' id='word_1_749' title='bbox 948 4811 1152 4865; x_wconf 88' lang='lat' dir='ltr'><strong>dictum</strong></span> <span class='ocrx_word' id='word_1_750' title='bbox 1179 4819 1281 4875; x_wconf 86' lang='lat' dir='ltr'><strong>est,</strong></span> <span class='ocrx_word' id='word_1_751' title='bbox 1302 4812 1443 4879; x_wconf 85' lang='lat' dir='ltr'><strong>apud</strong></span> <span class='ocrx_word' id='word_1_752' title='bbox 1469 4827 1912 4883; x_wconf 84' lang='lat' dir='ltr'><strong>unumquemque</strong></span> <span class='ocrx_word' id='word_1_753' title='bbox 1940 4822 2140 4869; x_wconf 90' lang='lat' dir='ltr'><strong>coeunt</strong></span> 
     </span>
    </p>
   </div>
   <div class='ocr_carea' id='block_1_98' title="bbox 559 4899 2139 4970">
    <p class='ocr_par' dir='ltr' id='par_1_98' title="bbox 559 4899 2139 4970">
     <span class='ocr_line' id='line_1_98' title="bbox 559 4899 2139 4970; baseline 0.003 -16"><span class='ocrx_word' id='word_1_754' title='bbox 559 4914 661 4970; x_wconf 91' lang='lat' dir='ltr'><strong>pro</strong></span> <span class='ocrx_word' id='word_1_755' title='bbox 691 4900 1020 4954; x_wconf 84' lang='lat' dir='ltr'><strong>liabitudinis</strong></span> <span class='ocrx_word' id='word_1_756' title='bbox 1045 4899 1226 4955; x_wconf 84' lang='lat' dir='ltr'><strong>modo.</strong></span> <span class='ocrx_word' id='word_1_757' title='bbox 1255 4899 1445 4957; x_wconf 81' lang='lat' dir='ltr'><strong>Divina</strong></span> <span class='ocrx_word' id='word_1_758' title='bbox 1473 4912 1654 4957; x_wconf 88' lang='lat' dir='ltr'><strong>autem</strong></span> <span class='ocrx_word' id='word_1_759' title='bbox 1688 4904 1830 4958; x_wconf 88' lang='lat' dir='ltr'><strong>ratio</strong></span> <span class='ocrx_word' id='word_1_760' title='bbox 1850 4918 1955 4957; x_wconf 89' lang='lat' dir='ltr'><strong>una</strong></span> <span class='ocrx_word' id='word_1_761' title='bbox 1982 4911 2139 4959; x_wconf 85' lang='lat' dir='ltr'><strong>estet</strong></span> 
     </span>
    </p>
   </div>
   <div class='ocr_carea' id='block_1_99' title="bbox 554 4992 2136 5063">
    <p class='ocr_par' dir='ltr' id='par_1_99' title="bbox 554 4992 2136 5063">
     <span class='ocr_line' id='line_1_99' title="bbox 554 4992 2136 5063; baseline 0.001 -17"><span class='ocrx_word' id='word_1_762' title='bbox 554 4992 961 5060; x_wconf 84' lang='lat' dir='ltr'><strong>simplicissima</strong></span> <span class='ocrx_word' id='word_1_763' title='bbox 992 4992 1203 5060; x_wconf 87' lang='lat' dir='ltr'><strong>species</strong></span> <span class='ocrx_word' id='word_1_764' title='bbox 1244 4992 1668 5062; x_wconf 60' lang='lat' dir='ltr'><strong>simplicissima</strong></span> <span class='ocrx_word' id='word_1_765' title='bbox 1699 4995 1752 5048; x_wconf 94' lang='lat' dir='ltr'><strong>in</strong></span> <span class='ocrx_word' id='word_1_766' title='bbox 1777 4997 1955 5063; x_wconf 89' lang='lat' dir='ltr'><strong>primo</strong></span> <span class='ocrx_word' id='word_1_767' title='bbox 1980 4994 2136 5049; x_wconf 87' lang='lat' dir='ltr'><strong>intel-</strong></span> 
     </span>
    </p>
   </div>
   <div class='ocr_carea' id='block_1_100' title="bbox 553 5082 2138 5152">
    <p class='ocr_par' dir='ltr' id='par_1_100' title="bbox 553 5082 2138 5152">
     <span class='ocr_line' id='line_1_100' title="bbox 553 5082 2138 5152; baseline 0.003 -16"><span class='ocrx_word' id='word_1_768' title='bbox 553 5083 744 5151; x_wconf 82' lang='lat' dir='ltr'><strong>ligiblli</strong></span> <span class='ocrx_word' id='word_1_769' title='bbox 772 5082 1164 5151; x_wconf 68' lang='lat' dir='ltr'><strong>intelligentiae.</strong></span> <span class='ocrx_word' id='word_1_770' title='bbox 1199 5082 1332 5138; x_wconf 83' lang='lat' dir='ltr'><strong>Nam</strong></span> <span class='ocrx_word' id='word_1_771' title='bbox 1363 5086 1581 5142; x_wconf 88' lang='lat' dir='ltr'><strong>divinus</strong></span> <span class='ocrx_word' id='word_1_772' title='bbox 1619 5087 1953 5152; x_wconf 86' lang='lat' dir='ltr'><strong>intellectus,</strong></span> <span class='ocrx_word' id='word_1_773' title='bbox 1978 5086 2138 5141; x_wconf 88' lang='lat' dir='ltr'><strong>Pater</strong></span> 
     </span>
    </p>
   </div>
   <div class='ocr_carea' id='block_1_101' title="bbox 551 5175 2131 5250">
    <p class='ocr_par' dir='ltr' id='par_1_101' title="bbox 551 5175 2131 5250">
     <span class='ocr_line' id='line_1_101' title="bbox 551 5175 2131 5250; baseline 0.004 -21"><span class='ocrx_word' id='word_1_774' title='bbox 551 5175 778 5240; x_wconf 84' lang='lat' dir='ltr'><strong>scilicet,</strong></span> <span class='ocrx_word' id='word_1_775' title='bbox 838 5190 945 5229; x_wconf 88' lang='lat' dir='ltr'><strong>una</strong></span> <span class='ocrx_word' id='word_1_776' title='bbox 987 5176 1291 5248; x_wconf 87' lang='lat' dir='ltr'><strong>eademque</strong></span> <span class='ocrx_word' id='word_1_777' title='bbox 1331 5178 1690 5250; x_wconf 77' lang='lat' dir='ltr'><strong>intelligentia</strong></span> <span class='ocrx_word' id='word_1_778' title='bbox 1721 5181 1904 5233; x_wconf 83' lang='lat' dir='ltr'><strong>omnia</strong></span> <span class='ocrx_word' id='word_1_779' title='bbox 1929 5189 2131 5237; x_wconf 67' lang='lat' dir='ltr'><strong>aeterne</strong></span> 
     </span>
    </p>
   </div>
   <div class='ocr_carea' id='block_1_102' title="bbox 551 5266 2125 5339">
    <p class='ocr_par' dir='ltr' id='par_1_102' title="bbox 551 5266 2125 5339">
     <span class='ocr_line' id='line_1_102' title="bbox 551 5266 2125 5339; baseline 0.004 -20"><span class='ocrx_word' id='word_1_780' title='bbox 551 5266 721 5330; x_wconf 85' lang='lat' dir='ltr'><strong>novit,</strong></span> <span class='ocrx_word' id='word_1_781' title='bbox 763 5275 817 5320; x_wconf 90' lang='lat' dir='ltr'><strong>ct</strong></span> <span class='ocrx_word' id='word_1_782' title='bbox 850 5266 1095 5336; x_wconf 89' lang='lat' dir='ltr'><strong>seipsum</strong></span> <span class='ocrx_word' id='word_1_783' title='bbox 1125 5268 1481 5339; x_wconf 88' lang='lat' dir='ltr'><strong>intelligendo</strong></span> <span class='ocrx_word' id='word_1_784' title='bbox 1524 5269 1917 5339; x_wconf 87' lang='lat' dir='ltr'><strong>intelligibilem</strong></span> <span class='ocrx_word' id='word_1_785' title='bbox 1968 5285 2125 5326; x_wconf 87' lang='lat' dir='ltr'><strong>suam</strong></span> 
     </span>
    </p>
   </div>
   <div class='ocr_carea' id='block_1_103' title="bbox 548 5356 2122 5427">
    <p class='ocr_par' dir='ltr' id='par_1_103' title="bbox 548 5356 2122 5427">
     <span class='ocr_line' id='line_1_103' title="bbox 548 5356 2122 5427; baseline 0.003 -16"><span class='ocrx_word' id='word_1_786' title='bbox 548 5371 785 5426; x_wconf 74' lang='grc' dir='ltr'>ενοριυιιι</span> <span class='ocrx_word' id='word_1_787' title='bbox 816 5356 1034 5410; x_wconf 85' lang='lat' dir='ltr'><strong>sibimet</strong></span> <span class='ocrx_word' id='word_1_788' title='bbox 1058 5358 1270 5426; x_wconf 82' lang='lat' dir='ltr'><strong>objicit,</strong></span> <span class='ocrx_word' id='word_1_789' title='bbox 1331 5373 1528 5427; x_wconf 89' lang='lat' dir='ltr'><strong>nempe</strong></span> <span class='ocrx_word' id='word_1_790' title='bbox 1564 5357 1831 5415; x_wconf 85' lang='lat' dir='ltr'><strong>Verbum.</strong></span> <span class='ocrx_word' id='word_1_791' title='bbox 1883 5358 2122 5416; x_wconf 81' lang='lat' dir='ltr'><strong>Verbum</strong></span> 
     </span>
    </p>
   </div>
   <div class='ocr_carea' id='block_1_104' title="bbox 546 5450 2155 5521">
    <p class='ocr_par' dir='ltr' id='par_1_104' title="bbox 546 5450 2155 5521">
     <span class='ocr_line' id='line_1_104' title="bbox 546 5450 2155 5521; baseline 0.001 -16"><span class='ocrx_word' id='word_1_792' title='bbox 546 5464 723 5505; x_wconf 86' lang='lat' dir='ltr'><strong>autem</strong></span> <span class='ocrx_word' id='word_1_793' title='bbox 755 5455 905 5505; x_wconf 85' lang='lat' dir='ltr'><strong>novit</strong></span> <span class='ocrx_word' id='word_1_794' title='bbox 927 5467 991 5507; x_wconf 91' lang='lat' dir='ltr'><strong>ac</strong></span> <span class='ocrx_word' id='word_1_795' title='bbox 1053 5452 1294 5521; x_wconf 86' lang='lat' dir='ltr'><strong>seipsqu</strong></span> <span class='ocrx_word' id='word_1_796' title='bbox 1319 5450 1504 5504; x_wconf 88' lang='lat' dir='ltr'><strong>simul.</strong></span> <span class='ocrx_word' id='word_1_797' title='bbox 1564 5452 1633 5505; x_wconf 86' lang='lat' dir='ltr'><strong>At</strong></span> <span class='ocrx_word' id='word_1_798' title='bbox 1688 5462 1885 5507; x_wconf 83' lang='lat' dir='ltr'><strong>caetera</strong></span> <span class='ocrx_word' id='word_1_799' title='bbox 1959 5454 2155 5508; x_wconf 89' lang='lat' dir='ltr'><strong>etiam-</strong></span> 
     </span>
    </p>
   </div>
   <div class='ocr_carea' id='block_1_105' title="bbox 546 5542 2128 5615">
    <p class='ocr_par' dir='ltr' id='par_1_105' title="bbox 546 5542 2128 5615">
     <span class='ocr_line' id='line_1_105' title="bbox 546 5542 2128 5615; baseline 0.001 -19"><span class='ocrx_word' id='word_1_800' title='bbox 546 5552 698 5596; x_wconf 77' lang='lat' dir='ltr'><strong>extra</strong></span> <span class='ocrx_word' id='word_1_801' title='bbox 743 5558 802 5598; x_wconf 88' lang='lat' dir='ltr'><strong>se</strong></span> <span class='ocrx_word' id='word_1_802' title='bbox 838 5545 1011 5607; x_wconf 87' lang='lat' dir='ltr'><strong>novit,</strong></span> <span class='ocrx_word' id='word_1_803' title='bbox 1069 5553 1333 5597; x_wconf 66' lang='lat' dir='ltr'><strong>aeternum</strong></span> <span class='ocrx_word' id='word_1_804' title='bbox 1394 5542 1614 5611; x_wconf 87' lang='lat' dir='ltr'><strong>quidem</strong></span> <span class='ocrx_word' id='word_1_805' title='bbox 1703 5545 2010 5615; x_wconf 86' lang='lat' dir='ltr'><strong>intelligens</strong></span> <span class='ocrx_word' id='word_1_806' title='bbox 2067 5553 2128 5598; x_wconf 90' lang='lat' dir='ltr'><strong>ut</strong></span> 
     </span>
    </p>
   </div>
   <div class='ocr_carea' id='block_1_106' title="bbox 547 5638 2125 5705">
    <p class='ocr_par' dir='ltr' id='par_1_106' title="bbox 547 5638 2125 5705">
     <span class='ocr_line' id='line_1_106' title="bbox 547 5638 2125 5705; baseline 0.001 -15"><span class='ocrx_word' id='word_1_807' title='bbox 547 5639 728 5690; x_wconf 76' lang='lat' dir='ltr'><strong>futura</strong></span> <span class='ocrx_word' id='word_1_808' title='bbox 804 5640 853 5690; x_wconf 86' lang='lat' dir='ltr'><strong>vi</strong></span> <span class='ocrx_word' id='word_1_809' title='bbox 923 5639 1175 5705; x_wconf 82' lang='lat' dir='ltr'><strong>potentiae</strong></span> <span class='ocrx_word' id='word_1_810' title='bbox 1254 5651 1409 5698; x_wconf 63' lang='lat' dir='ltr'><strong>suat,</strong></span> <span class='ocrx_word' id='word_1_811' title='bbox 1483 5639 1537 5689; x_wconf 92' lang='lat' dir='ltr'><strong>in</strong></span> <span class='ocrx_word' id='word_1_812' title='bbox 1612 5638 1851 5693; x_wconf 82' lang='lat' dir='ltr'><strong>futurum</strong></span> <span class='ocrx_word' id='word_1_813' title='bbox 1938 5650 1997 5693; x_wconf 87' lang='lat' dir='ltr'><strong>ut</strong></span> <span class='ocrx_word' id='word_1_814' title='bbox 2059 5639 2125 5692; x_wconf 85' lang='lat' dir='ltr'><strong>ad</strong></span> 
     </span>
    </p>
   </div>
   <div class='ocr_carea' id='block_1_107' title="bbox 546 5727 2125 5797">
    <p class='ocr_par' dir='ltr' id='par_1_107' title="bbox 546 5727 2125 5797">
     <span class='ocr_line' id='line_1_107' title="bbox 546 5727 2125 5797; baseline 0.004 -17"><span class='ocrx_word' id='word_1_815' title='bbox 546 5742 786 5790; x_wconf 63' lang='lat' dir='ltr'><strong>praesens</strong></span> <span class='ocrx_word' id='word_1_816' title='bbox 821 5727 1177 5795; x_wconf 82' lang='lat' dir='ltr'><strong>intelligentia</strong></span> <span class='ocrx_word' id='word_1_817' title='bbox 1209 5742 1270 5783; x_wconf 80' lang='lat' dir='ltr'><strong>se</strong></span> <span class='ocrx_word' id='word_1_818' title='bbox 1307 5734 1590 5794; x_wconf 82' lang='lat' dir='ltr'><strong>movente;</strong></span> <span class='ocrx_word' id='word_1_819' title='bbox 1631 5745 1840 5785; x_wconf 83' lang='lat' dir='ltr'><strong>necnon</strong></span> <span class='ocrx_word' id='word_1_820' title='bbox 1890 5740 1947 5786; x_wconf 88' lang='lat' dir='ltr'><strong>et</strong></span> <span class='ocrx_word' id='word_1_821' title='bbox 1999 5746 2125 5797; x_wconf 83' lang='lat' dir='ltr'><strong>pro-</strong></span> 
     </span>
    </p>
   </div>
   <div class='ocr_carea' id='block_1_108' title="bbox 2241 4624 3808 4706">
    <p class='ocr_par' dir='ltr' id='par_1_108' title="bbox 2241 4624 3808 4706">
     <span class='ocr_line' id='line_1_108' title="bbox 2241 4624 3808 4706; baseline 0.015 -30"><span class='ocrx_word' id='word_1_822' title='bbox 2241 4624 2545 4698; x_wconf 77' lang='grc' dir='ltr'>ὲπιστήμῃ,</span> <span class='ocrx_word' id='word_1_823' title='bbox 2580 4627 2982 4700; x_wconf 81' lang='grc' dir='ltr'>ἀθροιζομένων</span> <span class='ocrx_word' id='word_1_824' title='bbox 3018 4633 3075 4686; x_wconf 79' lang='grc' dir='ltr'>ἑν</span> <span class='ocrx_word' id='word_1_825' title='bbox 3107 4636 3255 4706; x_wconf 82' lang='grc' dir='ltr'>αὐτῷ</span> <span class='ocrx_word' id='word_1_826' title='bbox 3284 4638 3390 4692; x_wconf 84' lang='grc' dir='ltr'>τῶν</span> <span class='ocrx_word' id='word_1_827' title='bbox 3435 4641 3592 4696; x_wconf 82' lang='grc' dir='ltr'>εἰδῶν</span> <span class='ocrx_word' id='word_1_828' title='bbox 3649 4644 3808 4700; x_wconf 79' lang='grc' dir='ltr'>ἀλλον</span> 
     </span>
    </p>
   </div>
   <div class='ocr_carea' id='block_1_109' title="bbox 2243 4718 3811 4802">
    <p class='ocr_par' dir='ltr' id='par_1_109' title="bbox 2243 4718 3811 4802">
     <span class='ocr_line' id='line_1_109' title="bbox 2243 4718 3811 4802; baseline 0.013 -32"><span class='ocrx_word' id='word_1_829' title='bbox 2243 4718 2359 4785; x_wconf 82' lang='grc' dir='ltr'>μετ’</span> <span class='ocrx_word' id='word_1_830' title='bbox 2390 4718 2518 4773; x_wconf 87' lang='grc' dir='ltr'>ἀλλο</span> <span class='ocrx_word' id='word_1_831' title='bbox 2546 4722 2613 4790; x_wconf 78' lang='grc' dir='ltr'>τῇ</span> <span class='ocrx_word' id='word_1_832' title='bbox 2644 4721 2748 4792; x_wconf 83' lang='grc' dir='ltr'>όδῷ</span> <span class='ocrx_word' id='word_1_833' title='bbox 2776 4737 2838 4790; x_wconf 84' lang='grc' dir='ltr'><strong>γε</strong></span> <span class='ocrx_word' id='word_1_834' title='bbox 2867 4724 2968 4792; x_wconf 83' lang='grc' dir='ltr'>τῆς</span> <span class='ocrx_word' id='word_1_835' title='bbox 2996 4727 3357 4796; x_wconf 74' lang='grc' dir='ltr'>ἀφαιρέσεως.</span> <span class='ocrx_word' id='word_1_836' title='bbox 3410 4733 3520 4787; x_wconf 81' lang='grc' dir='ltr'>Καὶ</span> <span class='ocrx_word' id='word_1_837' title='bbox 3547 4734 3702 4802; x_wconf 75' lang='grc' dir='ltr'>λόγος</span> <span class='ocrx_word' id='word_1_838' title='bbox 3744 4732 3811 4792; x_wconf 82' lang='grc' dir='ltr'>αὖ</span> 
     </span>
    </p>
   </div>
   <div class='ocr_carea' id='block_1_110' title="bbox 2237 4811 3814 4897">
    <p class='ocr_par' dir='ltr' id='par_1_110' title="bbox 2237 4811 3814 4897">
     <span class='ocr_line' id='line_1_110' title="bbox 2237 4811 3814 4897; baseline 0.013 -35"><span class='ocrx_word' id='word_1_839' title='bbox 2237 4812 2266 4863; x_wconf 91' lang='lat'><strong>6</strong></span> <span class='ocrx_word' id='word_1_840' title='bbox 2294 4811 2394 4880; x_wconf 84' lang='grc' dir='ltr'>μὲν</span> <span class='ocrx_word' id='word_1_841' title='bbox 2422 4812 2759 4883; x_wconf 80' lang='grc' dir='ltr'>ἀνθρώπινος</span> <span class='ocrx_word' id='word_1_842' title='bbox 2785 4816 2843 4868; x_wconf 73' lang='grc' dir='ltr'>ἑν</span> <span class='ocrx_word' id='word_1_843' title='bbox 2882 4816 3099 4888; x_wconf 82' lang='grc' dir='ltr'>ἑκάστῳ</span> <span class='ocrx_word' id='word_1_844' title='bbox 3126 4820 3341 4884; x_wconf 75' lang='grc' dir='ltr'>πολλοῖς</span> <span class='ocrx_word' id='word_1_845' title='bbox 3374 4824 3537 4877; x_wconf 73' lang='grc' dir='ltr'>εἴδεσι</span> <span class='ocrx_word' id='word_1_846' title='bbox 3572 4828 3814 4897; x_wconf 75' lang='grc' dir='ltr'>μορφοῦ-</span> 
     </span>
    </p>
   </div>
   <div class='ocr_carea' id='block_1_111' title="bbox 2239 4904 3811 4987">
    <p class='ocr_par' dir='ltr' id='par_1_111' title="bbox 2239 4904 3811 4987">
     <span class='ocr_line' id='line_1_111' title="bbox 2239 4904 3811 4987; baseline 0.012 -33"><span class='ocrx_word' id='word_1_847' title='bbox 2239 4918 2399 4971; x_wconf 83' lang='grc' dir='ltr'>μενος</span> <span class='ocrx_word' id='word_1_848' title='bbox 2435 4904 2846 4975; x_wconf 87' lang='grc' dir='ltr'>συμπληροῦται</span> <span class='ocrx_word' id='word_1_849' title='bbox 2865 4908 3274 4977; x_wconf 74' lang='grc' dir='ltr'>συναγομένοις,</span> <span class='ocrx_word' id='word_1_850' title='bbox 3306 4911 3382 4976; x_wconf 82' lang='grc' dir='ltr'><strong>ὡς</strong></span> <span class='ocrx_word' id='word_1_851' title='bbox 3409 4914 3646 4987; x_wconf 74' lang='grc' dir='ltr'>εἴρηται,</span> <span class='ocrx_word' id='word_1_852' title='bbox 3673 4920 3811 4974; x_wconf 71' lang='grc' dir='ltr'>κατὰ</span> 
     </span>
    </p>
   </div>
   <div class='ocr_carea' id='block_1_112' title="bbox 2242 4994 3814 5081">
    <p class='ocr_par' dir='ltr' id='par_1_112' title="bbox 2242 4994 3814 5081">
     <span class='ocr_line' id='line_1_112' title="bbox 2242 4994 3814 5081; baseline 0.012 -36"><span class='ocrx_word' id='word_1_853' title='bbox 2242 4994 2437 5064; x_wconf 79' lang='grc' dir='ltr'>μικρὸν</span> <span class='ocrx_word' id='word_1_854' title='bbox 2459 4996 2515 5048; x_wconf 83' lang='grc' dir='ltr'>ἐν</span> <span class='ocrx_word' id='word_1_855' title='bbox 2545 4995 2696 5067; x_wconf 84' lang='grc' dir='ltr'>αὐτῷ</span> <span class='ocrx_word' id='word_1_856' title='bbox 2737 4998 2830 5051; x_wconf 74' lang='grc' dir='ltr'>καὶ</span> <span class='ocrx_word' id='word_1_857' title='bbox 2858 4999 3077 5052; x_wconf 88' lang='grc' dir='ltr'>συνοῦσι</span> <span class='ocrx_word' id='word_1_858' title='bbox 3100 5001 3287 5056; x_wconf 66' lang='grc' dir='ltr'>λοιπδν</span> <span class='ocrx_word' id='word_1_859' title='bbox 3334 5006 3412 5073; x_wconf 83' lang='grc' dir='ltr'>τῷ</span> <span class='ocrx_word' id='word_1_860' title='bbox 3461 5008 3651 5079; x_wconf 84' lang='grc' dir='ltr'>τρόπῳ</span> <span class='ocrx_word' id='word_1_861' title='bbox 3713 5010 3814 5081; x_wconf 82' lang='grc' dir='ltr'>τῆς</span> 
     </span>
    </p>
   </div>
   <div class='ocr_carea' id='block_1_113' title="bbox 2236 5084 3813 5157">
    <p class='ocr_par' dir='ltr' id='par_1_113' title="bbox 2236 5084 3813 5157">
     <span class='ocr_line' id='line_1_113' title="bbox 2236 5084 3813 5157; baseline 0.011 -21"><span class='ocrx_word' id='word_1_862' title='bbox 2236 5084 2405 5147; x_wconf 72' lang='grc' dir='ltr'>ἕξεως</span> <span class='ocrx_word' id='word_1_863' title='bbox 2428 5101 2447 5116; x_wconf 72' lang='grc' dir='ltr'><strong>τ</strong></span> <span class='ocrx_word' id='word_1_864' title='bbox 2484 5088 2512 5138; x_wconf 85' lang='lat'><strong>6</strong></span> <span class='ocrx_word' id='word_1_865' title='bbox 2531 5085 2588 5138; x_wconf 80' lang='grc' dir='ltr'>δὲ</span> <span class='ocrx_word' id='word_1_866' title='bbox 2614 5087 2755 5151; x_wconf 83' lang='grc' dir='ltr'>θεῖος</span> <span class='ocrx_word' id='word_1_867' title='bbox 2782 5088 2939 5157; x_wconf 90' lang='grc' dir='ltr'>λόγος</span> <span class='ocrx_word' id='word_1_868' title='bbox 2970 5090 3028 5143; x_wconf 74' lang='grc' dir='ltr'>ἓν</span> <span class='ocrx_word' id='word_1_869' title='bbox 3062 5092 3177 5146; x_wconf 74' lang='grc' dir='ltr'>ἐστι</span> <span class='ocrx_word' id='word_1_870' title='bbox 3211 5094 3305 5148; x_wconf 73' lang='grc' dir='ltr'><strong>καὶ</strong></span> <span class='ocrx_word' id='word_1_871' title='bbox 3334 5094 3704 5152; x_wconf 78' lang='grc' dir='ltr'>ἁπλούστατον</span> <span class='ocrx_word' id='word_1_872' title='bbox 3733 5096 3813 5153; x_wconf 84' lang='grc' dir='ltr'><strong>εἴ·</strong></span> 
     </span>
    </p>
   </div>
   <div class='ocr_carea' id='block_1_114' title="bbox 2235 5173 3805 5260">
    <p class='ocr_par' dir='ltr' id='par_1_114' title="bbox 2235 5173 3805 5260">
     <span class='ocr_line' id='line_1_114' title="bbox 2235 5173 3805 5260; baseline 0.011 -35"><span class='ocrx_word' id='word_1_873' title='bbox 2235 5173 2323 5237; x_wconf 89' lang='grc' dir='ltr'><strong>δος</strong></span> <span class='ocrx_word' id='word_1_874' title='bbox 2351 5176 2452 5245; x_wconf 79' lang='grc' dir='ltr'>τῆς</span> <span class='ocrx_word' id='word_1_875' title='bbox 2489 5177 2871 5250; x_wconf 85' lang='grc' dir='ltr'>ἀπλουστάτης</span> <span class='ocrx_word' id='word_1_876' title='bbox 2902 5182 2959 5233; x_wconf 81' lang='grc' dir='ltr'>ὲν</span> <span class='ocrx_word' id='word_1_877' title='bbox 2991 5183 3068 5252; x_wconf 84' lang='grc' dir='ltr'>τῷ</span> <span class='ocrx_word' id='word_1_878' title='bbox 3100 5182 3304 5255; x_wconf 84' lang='grc' dir='ltr'>πρώτῳ</span> <span class='ocrx_word' id='word_1_879' title='bbox 3334 5186 3506 5257; x_wconf 86' lang='grc' dir='ltr'>νοητῷ</span> <span class='ocrx_word' id='word_1_880' title='bbox 3532 5190 3772 5260; x_wconf 83' lang='grc' dir='ltr'>νοήσεως</span> <span class='ocrx_word' id='word_1_881' title='bbox 3792 5205 3805 5219; x_wconf 91' lang='grc'><strong>·</strong></span> 
     </span>
    </p>
   </div>
   <div class='ocr_carea' id='block_1_115' title="bbox 2232 5268 3809 5352">
    <p class='ocr_par' dir='ltr' id='par_1_115' title="bbox 2232 5268 3809 5352">
     <span class='ocr_line' id='line_1_115' title="bbox 2232 5268 3809 5352; baseline 0.008 -32"><span class='ocrx_word' id='word_1_882' title='bbox 2232 5268 2263 5320; x_wconf 90' lang='lat'><strong>6</strong></span> <span class='ocrx_word' id='word_1_883' title='bbox 2287 5268 2394 5338; x_wconf 87' lang='grc' dir='ltr'>γὰρ</span> <span class='ocrx_word' id='word_1_884' title='bbox 2424 5269 2564 5334; x_wconf 80' lang='grc' dir='ltr'>θεῖος</span> <span class='ocrx_word' id='word_1_885' title='bbox 2590 5269 2737 5335; x_wconf 90' lang='grc' dir='ltr'>νοῦς,</span> <span class='ocrx_word' id='word_1_886' title='bbox 2768 5272 2797 5323; x_wconf 80' lang='grc' dir='ltr'><strong>ό</strong></span> <span class='ocrx_word' id='word_1_887' title='bbox 2824 5273 3016 5344; x_wconf 86' lang='grc' dir='ltr'>Πατὴρ</span> <span class='ocrx_word' id='word_1_888' title='bbox 3040 5273 3304 5344; x_wconf 83' lang='grc' dir='ltr'>δηλονότι,</span> <span class='ocrx_word' id='word_1_889' title='bbox 3325 5279 3426 5348; x_wconf 84' lang='grc' dir='ltr'><strong>μιᾷ</strong></span> <span class='ocrx_word' id='word_1_890' title='bbox 3453 5280 3543 5331; x_wconf 66' lang='grc' dir='ltr'>καὶ</span> <span class='ocrx_word' id='word_1_891' title='bbox 3566 5281 3633 5349; x_wconf 80' lang='grc' dir='ltr'>τῇ</span> <span class='ocrx_word' id='word_1_892' title='bbox 3668 5281 3809 5352; x_wconf 80' lang='grc' dir='ltr'>αὐτῇ</span> 
     </span>
    </p>
   </div>
   <div class='ocr_carea' id='block_1_116' title="bbox 2236 5357 3812 5436">
    <p class='ocr_par' dir='ltr' id='par_1_116' title="bbox 2236 5357 3812 5436">
     <span class='ocr_line' id='line_1_116' title="bbox 2236 5357 3812 5436; baseline 0.008 -27"><span class='ocrx_word' id='word_1_893' title='bbox 2236 5357 2418 5427; x_wconf 85' lang='grc' dir='ltr'>νοήσει</span> <span class='ocrx_word' id='word_1_894' title='bbox 2447 5359 2628 5413; x_wconf 85' lang='grc' dir='ltr'>πάντα</span> <span class='ocrx_word' id='word_1_895' title='bbox 2651 5358 2838 5423; x_wconf 83' lang='grc' dir='ltr'>ἀῖδίως</span> <span class='ocrx_word' id='word_1_896' title='bbox 2870 5364 2998 5429; x_wconf 83' lang='grc' dir='ltr'>νοεῖ,</span> <span class='ocrx_word' id='word_1_897' title='bbox 3027 5365 3122 5415; x_wconf 82' lang='grc' dir='ltr'>καὶ</span> <span class='ocrx_word' id='word_1_898' title='bbox 3171 5364 3363 5418; x_wconf 78' lang='grc' dir='ltr'>ἑαυτὸν</span> <span class='ocrx_word' id='word_1_899' title='bbox 3410 5366 3510 5436; x_wconf 85' lang='grc' dir='ltr'>μὲν</span> <span class='ocrx_word' id='word_1_900' title='bbox 3567 5369 3701 5423; x_wconf 86' lang='grc' dir='ltr'>νοῶν</span> <span class='ocrx_word' id='word_1_901' title='bbox 3751 5368 3812 5423; x_wconf 80' lang='grc' dir='ltr'>τὸ</span> 
     </span>
    </p>
   </div>
   <div class='ocr_carea' id='block_1_117' title="bbox 2201 5448 3807 5527">
    <p class='ocr_par' dir='ltr' id='par_1_117' title="bbox 2201 5448 3807 5527">
     <span class='ocr_line' id='line_1_117' title="bbox 2201 5448 3807 5527; baseline 0.009 -25"><span class='ocrx_word' id='word_1_902' title='bbox 2201 5500 2205 5504; x_wconf 73' lang='grc'><strong>,</strong></span> <span class='ocrx_word' id='word_1_903' title='bbox 2233 5449 2422 5517; x_wconf 82' lang='grc' dir='ltr'>νοητὸν</span> <span class='ocrx_word' id='word_1_904' title='bbox 2453 5448 2742 5520; x_wconf 83' lang='grc' dir='ltr'>ὑφίστησιν</span> <span class='ocrx_word' id='word_1_905' title='bbox 2765 5449 2905 5515; x_wconf 81' lang='grc' dir='ltr'>είδος</span> <span class='ocrx_word' id='word_1_906' title='bbox 2943 5452 3138 5507; x_wconf 83' lang='grc' dir='ltr'>ἑαυτοῦ</span> <span class='ocrx_word' id='word_1_907' title='bbox 3162 5454 3220 5508; x_wconf 82' lang='grc' dir='ltr'>δὲ</span> <span class='ocrx_word' id='word_1_908' title='bbox 3260 5455 3398 5527; x_wconf 76' lang='grc' dir='ltr'>πρὸς</span> <span class='ocrx_word' id='word_1_909' title='bbox 3430 5457 3643 5526; x_wconf 75' lang='grc' dir='ltr'>ἑαυτὸν,</span> <span class='ocrx_word' id='word_1_910' title='bbox 3686 5475 3807 5515; x_wconf 71' lang='lat' dir='ltr'><strong>rou-</strong></span> 
     </span>
    </p>
   </div>
   <div class='ocr_carea' id='block_1_118' title="bbox 2232 5542 3805 5622">
    <p class='ocr_par' dir='ltr' id='par_1_118' title="bbox 2232 5542 3805 5622">
     <span class='ocr_line' id='line_1_118' title="bbox 2232 5542 3805 5622; baseline 0.009 -30"><span class='ocrx_word' id='word_1_911' title='bbox 2232 5542 2380 5594; x_wconf 77' lang='grc' dir='ltr'>τέστι</span> <span class='ocrx_word' id='word_1_912' title='bbox 2406 5542 2498 5596; x_wconf 83' lang='grc' dir='ltr'>τὸν</span> <span class='ocrx_word' id='word_1_913' title='bbox 2530 5544 2724 5610; x_wconf 82' lang='grc' dir='ltr'>Λόγον,</span> <span class='ocrx_word' id='word_1_914' title='bbox 2750 5547 2863 5598; x_wconf 86' lang='grc' dir='ltr'>νοεῖ</span> <span class='ocrx_word' id='word_1_915' title='bbox 2894 5546 2949 5599; x_wconf 80' lang='grc' dir='ltr'>δὲ</span> <span class='ocrx_word' id='word_1_916' title='bbox 2984 5547 3074 5601; x_wconf 85' lang='grc' dir='ltr'>τὸν</span> <span class='ocrx_word' id='word_1_917' title='bbox 3101 5549 3273 5613; x_wconf 83' lang='grc' dir='ltr'>Λόγον</span> <span class='ocrx_word' id='word_1_918' title='bbox 3310 5551 3400 5602; x_wconf 81' lang='grc' dir='ltr'>καὶ</span> <span class='ocrx_word' id='word_1_919' title='bbox 3444 5550 3637 5604; x_wconf 82' lang='grc' dir='ltr'>ἑαυτὸν</span> <span class='ocrx_word' id='word_1_920' title='bbox 3693 5551 3805 5622; x_wconf 76' lang='grc' dir='ltr'>ἅμα</span> 
     </span>
    </p>
   </div>
   <div class='ocr_carea' id='block_1_119' title="bbox 2232 5635 3805 5713">
    <p class='ocr_par' dir='ltr' id='par_1_119' title="bbox 2232 5635 3805 5713">
     <span class='ocr_line' id='line_1_119' title="bbox 2232 5635 3805 5713; baseline 0.006 -26"><span class='ocrx_word' id='word_1_921' title='bbox 2232 5637 2359 5691; x_wconf 83' lang='grc' dir='ltr'>νοεῖ.</span> <span class='ocrx_word' id='word_1_922' title='bbox 2393 5635 2524 5687; x_wconf 89' lang='grc' dir='ltr'>Νοεῖ</span> <span class='ocrx_word' id='word_1_923' title='bbox 2549 5636 2605 5690; x_wconf 75' lang='grc' dir='ltr'>δὲ</span> <span class='ocrx_word' id='word_1_924' title='bbox 2641 5636 2734 5689; x_wconf 80' lang='grc' dir='ltr'>καὶ</span> <span class='ocrx_word' id='word_1_925' title='bbox 2766 5637 2836 5690; x_wconf 86' lang='grc' dir='ltr'>τὰ</span> <span class='ocrx_word' id='word_1_926' title='bbox 2864 5639 2999 5692; x_wconf 80' lang='grc' dir='ltr'>ἄλλα</span> <span class='ocrx_word' id='word_1_927' title='bbox 3059 5641 3187 5709; x_wconf 82' lang='grc' dir='ltr'>παρ’</span> <span class='ocrx_word' id='word_1_928' title='bbox 3230 5642 3422 5695; x_wconf 75' lang='grc' dir='ltr'>ἑαυτὸν</span> <span class='ocrx_word' id='word_1_929' title='bbox 3469 5644 3652 5705; x_wconf 82' lang='grc' dir='ltr'>ἀϊδίως</span> <span class='ocrx_word' id='word_1_930' title='bbox 3710 5650 3805 5713; x_wconf 81' lang='grc' dir='ltr'>μὲν</span> 
     </span>
    </p>
   </div>
   <div class='ocr_carea' id='block_1_120' title="bbox 2233 5726 3797 5801">
    <p class='ocr_par' dir='ltr' id='par_1_120' title="bbox 2233 5726 3797 5801">
     <span class='ocr_line' id='line_1_120' title="bbox 2233 5726 3797 5801; baseline 0.003 -18"><span class='ocrx_word' id='word_1_931' title='bbox 2233 5728 2368 5783; x_wconf 76' lang='grc' dir='ltr'>νοῶν</span> <span class='ocrx_word' id='word_1_932' title='bbox 2400 5727 2476 5791; x_wconf 83' lang='grc' dir='ltr'>ὡς</span> <span class='ocrx_word' id='word_1_933' title='bbox 2506 5726 2738 5796; x_wconf 74' lang='grc' dir='ltr'>ἐσόμενα</span> <span class='ocrx_word' id='word_1_934' title='bbox 2771 5731 3060 5800; x_wconf 67' lang='grc' dir='ltr'>περιουσίᾳ</span> <span class='ocrx_word' id='word_1_935' title='bbox 3083 5731 3385 5801; x_wconf 73' lang='grc' dir='ltr'>δυνάμεως,</span> <span class='ocrx_word' id='word_1_936' title='bbox 3425 5736 3517 5787; x_wconf 70' lang='grc' dir='ltr'><strong>ἐπὶ</strong></span> <span class='ocrx_word' id='word_1_937' title='bbox 3577 5735 3638 5787; x_wconf 84' lang='grc' dir='ltr'>τὸ</span> <span class='ocrx_word' id='word_1_938' title='bbox 3687 5736 3797 5787; x_wconf 77' lang='grc' dir='ltr'>ἐσό-</span> 
     </span>
    </p>
   </div>
  </div>
