4170 6294
328 388 435 454 593

1393 394 1492 451 DE
1537 394 1683 454 DEO
1724 392 1802 453 IN
1843 391 2263 454 TRINITATE
2300 391 2480 454 UNO.

3467 391 3531 450 59
3544 388 3581 447 ἓν

331 525 495 579 μενον
519 523 620 575 της
641 506 873 574 νοήσεως
926 508 1001 571 ὡς
1050 508 1113 578 δὴ
1151 510 1324 581 παρὸν
1364 511 1670 581 φερομένης
1705 527 1718 541 ⁸
1772 510 1907 563 νοῶν

2022 512 2196 577 .iucta,
2233 512 2456 580 quando
2485 508 2735 572 voluerit,
2773 506 3057 575 intelligit;
3095 519 3215 559 cmn
3242 501 3437 556 divinae
3485 518 3576 553 vo-

322 600 379 653 δὲ
413 603 497 653 ὅτε
534 601 763 670 ἠθέλησε
819 604 910 657 καὶ
970 606 1360 675 γεγεννημένα,
1416 606 1551 675 ἔργα
1602 607 1701 675 τῆς
1749 606 1895 669 θείας

324 689 453 742 ὅντα
506 688 798 758 θελήσεως,
862 692 998 744 καθό
1031 694 1145 745 ἐστι
1195 693 1289 747 καὶ
1323 694 1495 747 ἄλλων
1550 694 1893 764 εὐποιητική.

340 780 449 831 Ἀεὶ
488 779 585 847 μὲν
633 781 743 851 γὰρ
785 781 1034 835 ἐϐούλετο
1083 784 1174 835 τὸν
1222 785 1427 854 κόσμον
1496 785 1735 850 ἔσεσθαι,
1801 787 1899 839 οὐκ

331 869 578 921 ἐϐούλετο
597 870 653 923 δὲ
685 871 780 924 καὶ
809 872 896 926 ἀεὶ
918 872 1078 926 αὑτὸν
1099 872 1335 935 ἔσεσθαι,
1372 875 1435 927 οὐ
1469 877 1578 944 γὰρ
1606 872 1717 930 οἷόν
1756 879 1803 930 τ’
1836 877 1901 930 ἂν

331 955 397 1028 ἦν
423 961 582 1012 αὑτὸν
617 962 702 1014 ἀεὶ
734 958 872 1015 εῖναι
896 963 1005 1015 οὔτ’
1039 964 1280 1027 ἔσεσθαι,
1308 960 1382 1019 ὧν
1408 968 1485 1035 τῷ
1514 967 1611 1036 μὲν
1637 968 1695 1021 τὸ
1737 968 1904 1037 μηδέ-

334 1049 451 1099 ποτ’
472 1048 537 1101 ἂν
560 1049 837 1115 γενέσθαι,
866 1052 942 1121 τῷ
972 1052 1027 1103 δέ
1079 1053 1139 1106 τὸ
1196 1051 1337 1105 εἶναι
1402 1058 1578 1115 καίτοι
1638 1056 1905 1123 μηδέποτε

334 1140 729 1209 γεγεννημένον
761 1141 1044 1194 ἀκολουθεί
1072 1157 1086 1173 ⁶
1121 1144 1153 1212 ἠ
1183 1145 1361 1196 τοίνυν
1382 1144 1554 1207 ἀῗδιος
1590 1145 1733 1217 αὕτη
1780 1147 1872 1217 νόη
1892 1176 1906 1187 -

336 1247 418 1293 σις
477 1233 575 1300 μία
627 1232 883 1296 καθάπαξ
937 1235 1087 1285 ἐστὶν
1114 1236 1171 1286 ἐν
1202 1235 1277 1304 τῷ
1301 1234 1498 1304 πρώτῳ
1548 1236 1622 1304 νῷ
1664 1235 1907 1305 σημείοις

340 1322 524 1389 μόνοις
554 1322 936 1393 διακρινομένη
970 1324 1228 1392 νοήσεως.
1294 1324 1420 1378 Ἐπὶ
1452 1324 1660 1387 τοὺτοις
1691 1327 1749 1377 ἐν
1812 1326 1909 1395 μὲν

334 1412 415 1481 τῷ
470 1413 794 1481 ἀνθρωπίνῳ
850 1413 924 1482 νῷ
956 1414 1083 1466 ἄλλο
1110 1415 1225 1467 ἐστὶ
1260 1417 1317 1467 τὸ
1343 1418 1482 1469 νοεῖν
1540 1418 1601 1468 τδ
1652 1418 1907 1485 πρᾶγμα,

337 1503 434 1554 καὶ
464 1504 587 1556 ἄλλο
614 1504 673 1555 τὸ
720 1507 860 1556 νοεῖν
889 1506 948 1557 τὸ
979 1506 1266 1573 νοούμενον
1328 1506 1526 1575 νόημα,
1568 1507 1695 1557 ὅταν
1744 1508 1824 1568 εἰς
1852 1505 1911 1557 τὸ

337 1594 541 1646 οἰκεῖον
569 1593 726 1662 ἐργον
757 1598 783 1645 ὁ
810 1593 933 1657 νοῦς
977 1596 1300 1666 ἐπιστρέφῃ,
1337 1596 1459 1648 ὅθεν
1506 1596 1692 1665 ἐτεραι
1724 1597 1821 1665 μὲν
1856 1598 1913 1649 αι

339 1682 450 1734 τῶν
480 1683 838 1752 πραγμάτων,
874 1683 1060 1752 ἐτεραι
1083 1684 1127 1736 δ’
1160 1686 1216 1736 αἱ
1248 1685 1357 1737 τῶν
1390 1686 1477 1737 ἐπ’
1502 1686 1683 1749 αὐτοῖς
1715 1689 1915 1758 νοημά-

338 1788 453 1824 των
483 1773 619 1825 είσὶν
648 1774 841 1839 ἐπιστῆ
854 1790 952 1843 μαι
979 1788 992 1802 ’
1027 1774 1083 1825 ἐν
1106 1773 1161 1825 δέ
1180 1774 1256 1841 τῷ
1288 1774 1406 1845 Θεῷ
1440 1775 1608 1828 ταῦτα
1653 1777 1711 1828 οὐ
1742 1777 1915 1845 διενή-

342 1880 488 1934 νοχε,
519 1865 661 1918 καὶὸ
694 1865 790 1934 μὲν
816 1842 871 1917 ἐν
900 1863 1170 1934 ἀνθρώπῳ
1197 1865 1352 1935 λόγος
1379 1842 1480 1921 *καὶ
1524 1868 1557 1936 ἡ
1594 1867 1810 1934 θέλησις
1851 1842 1912 1920 οὐ
1944 1842 1989 1900 Β

343 1958 746 2026 πραγματικῶς
780 1958 916 2026 πρὸς
944 1958 1035 2011 τδν
1061 1957 1282 2011 νοοῦντα
1311 1959 1404 2011 καὶ
1434 1958 1655 2013 θέλοντα
1706 1959 1914 2027 διακρί-

344 2064 528 2100 νονται
562 2047 685 2100 νοῦν
720 2064 733 2079 ⁸
766 2050 794 2101 ὁ
841 2048 897 2101 δὲ
928 2048 1068 2109 θεῖος
1119 2050 1291 2117 Λόγος
1342 2051 1435 2102 κα)⁵
1479 2051 1539 2103 τὸ
1584 2050 1806 2120 Πνεῦμα
1855 2050 1917 2103 τὺ

343 2140 505 2205 ἅγιον
530 2141 925 2209 πραγματικῶς
970 2142 1063 2194 τοῦ
1105 2141 1316 2209 Πατρδς
1375 2142 1740 2211 διακρίνονται
1776 2158 1790 2172 ·
1839 2142 1919 2195 δεῖ

348 2231 462 2302 γὰρ
495 2235 607 2285 ἐκεῖ
633 2235 725 2286 καὶ
751 2231 848 2303 τὴν
873 2231 971 2301 τῆς
1004 2233 1218 2300 φύσεως
1246 2232 1440 2285 ἕνωσιν
1484 2233 1660 2302 ἄκραν
1691 2229 1851 2297 εἶναι,

351 2324 619 2393 προσήκει
644 2324 783 2392 Θεῷ,
816 2324 910 2377 καὶ
949 2323 1046 2393 τὴν
1081 2324 1350 2392 διάκρισιν
1401 2319 1467 2376 αὖ
1511 2324 1684 2393 ἀληθῆ
1710 2342 1769 2376 τε
1826 2326 1920 2377 καὶ

346 2413 690 2483 ἔμπρακτον,
724 2416 786 2484 τῇ
820 2414 1000 2483 μέντοι
1029 2414 1171 2467 κατὰ
1200 2413 1296 2483 τὴν
1340 2414 1500 2482 φύσιν
1530 2415 1722 2467 ἐνώσει
1756 2415 1920 2484 μηδό⁴

348 2502 460 2563 λως
488 2504 947 2573 προσισταμένην.
1007 2504 1072 2556 Ἦ
1124 2503 1229 2573 γὰρ
1272 2504 1505 2572 ἀτομικὴ
1569 2505 1663 2557 καὶ
1705 2520 1921 2574 προσω-

350 2593 491 2662 πικὴ
522 2593 790 2663 διάκρισις
820 2596 875 2646 ἐν
916 2596 1012 2663 μέν
1054 2598 1165 2657 τοῖς
1191 2596 1456 2664 ὁμοφυέσι
1511 2594 1772 2664 κτίσμασι
1822 2596 1920 2664 τὴν

351 2682 489 2752 ὕλην
510 2684 687 2737 αἰτίαν
717 2685 912 2753 ἔχουσα
939 2684 1174 2752 εὐλόγως
1203 2686 1258 2737 δὲ
1288 2686 1384 2753 τὴν
1407 2687 1567 2754 φύσιν
1595 2687 1650 2737 ἐν
1689 2687 1800 2748 τοῖς
1834 2686 1925 2738 οὓ-

350 2789 433 2824 τω
458 2772 805 2842 διῃρημένοις
835 2774 1084 2840 ἀριθμοῖς
1107 2774 1339 2843 διαιρείο
1389 2775 1446 2827 ἐν
1486 2774 1542 2826 δέ
1593 2773 1671 2844 τῷ
1721 2775 1925 2827 ἁπλου-

355 2864 539 2933 στάτῳ
580 2864 672 2918 καὶ
709 2865 1025 2932 νοερωτάτῳ
1046 2864 1165 2933 Θεῷ
1188 2865 1286 2936 τὴν
1309 2866 1511 2935 νοητὴν
1537 2866 1812 2935 ἀναφορὰν
1842 2867 1927 2919 αἰ-

353 2952 479 3005 τίαν
504 2952 697 3021 ἔχουσα
729 2957 898 3022 μόνην
919 2954 979 3006 οὐ
1008 2954 1202 3023 διαιρεῖ
1230 2955 1328 3024 τὴν
1359 2958 1498 3009 κατὰ
1548 2956 1710 3024 φύσιν
1744 2957 1928 3024 ἐνότη-

356 3059 453 3095 τα.
489 3043 597 3108 καὶ
630 3043 825 3105 πολλὰς
872 3043 1035 3105 ἄλλας
1068 3047 1213 3106 εἰκὸς
1243 3041 1382 3100 εἶναι
1418 3047 1677 3116 διαφορὰς
1719 3047 1819 3115 τῆς
1867 3064 1927 3097 τε

356 3132 615 3185 ἁκτίστου
650 3133 876 3202 Τριάδος
910 3135 966 3185 ἐν
998 3133 1077 3204 τῷ
1108 3134 1227 3205 Θεῷ
1257 3139 1350 3189 καὶ
1392 3139 1489 3204 τῆς
1551 3138 1610 3189 ἐν
1659 3136 1929 3206 ἀνθρώπῳ

357 3224 588 3293 κτιστῆς
620 3240 635 3250 ·
668 3224 803 3277 ἀλλὰ
833 3225 889 3278 δέ
924 3226 1062 3295 μετὰ
1093 3228 1362 3281 τοσούτων
1388 3228 1495 3281 τῶν
1524 3229 1793 3299 διαφόρων
1838 3229 1924 3280 οὐ-

355 3315 450 3369 δὲν
477 3310 695 3386 ἧττονή
731 3317 868 3371 κατὰ
898 3318 997 3386 τὴν
1024 3318 1215 3388 τριάδα
1261 3319 1370 3371 τῶν
1404 3320 1706 3390 ἰδιωμάτων
1753 3321 1784 3390 ἢ
1818 3323 1928 3374 τῶν

362 3408 715 3462 ὑποστάσεων
745 3410 1001 3477 ὁμοίωσις
1034 3410 1183 3479 μένει
1206 3426 1220 3441 ⁸
1245 3413 1337 3465 καὶ
1362 3411 1473 3465 ἔστι
1500 3412 1638 3465 κατὰ
1665 3413 1765 3482 τὴν
1796 3414 1927 3482 πρό-

360 3497 483 3549 οδον
510 3497 687 3549 αὐτῶν
722 3498 813 3550 καὶ
845 3498 942 3569 τὴν
977 3499 1130 3564 τάξιν
1164 3501 1256 3552 καὶ
1284 3499 1375 3553 τὸν
1401 3502 1497 3570 τῆς
1518 3501 1744 3571 προόδου
1775 3501 1930 3569 λόγον

363 3602 428 3639 τε
455 3587 548 3639 καὶ
571 3587 668 3653 τῆς
696 3587 900 3652 τάξεως
917 3589 1013 3640 καὶ
1042 3588 1140 3657 τὴν
1173 3590 1230 3642 ἐν
1266 3589 1344 3659 τῷ
1370 3590 1563 3660 πλήθει
1613 3592 1772 3645 πάλιν
1819 3593 1931 3645 ἐνό‹

369 3698 509 3749 τητα
532 3680 629 3748 τῆς
662 3681 845 3743 οὐσίας
886 3686 980 3734 καὶ
1018 3682 1247 3734 καθόλου
1279 3684 1433 3749 φάνει
1486 3682 1581 3753 τὴν
1615 3686 1927 3754 νοερότητα.

372 3772 438 3824 Ei
469 3773 523 3824 δέ
557 3772 691 3840 μετά
722 3772 974 3841 πλείστης
1003 3772 1119 3825 ἐκεῖ
1151 3773 1249 3841 μὲν
1277 3774 1375 3841 τῆς
1408 3773 1698 3842 ὑπεροχῆς,
1748 3774 1935 3827 ἐνταῦ-

368 3864 441 3917 θα
463 3863 520 3915 δέ
550 3865 647 3932 τῆς
673 3864 948 3935 ῥφέσεως,
969 3866 1146 3917 καίτοι
1179 3865 1279 3918 κᾶν
1328 3863 1406 3932 τῷ
1460 3865 1716 3932 κτίσματι
1769 3866 1933 3932 πολλή

369 3972 456 4017 τις
500 3957 690 4023 ὁρᾶται
723 3955 953 4023 διαφορὰ
978 3956 1074 4023 τῆς
1097 3956 1298 4017 είκόνος
1325 3971 1340 3984 ’
1396 3956 1428 4023 ἡ
1456 3954 1552 4022 μέν
1576 3958 1680 4024 γὰρ
1710 3958 1818 4017 τοῖς
1846 3958 1936 4007 ἁν-

372 4045 614 4114 θρώποις
641 4046 797 4110 ἐδόθη
828 4048 959 4099 πᾶσι
983 4047 1151 4116 δῶρον
1174 4045 1351 4097 κοινὸν
1384 4045 1627 4115 μείζονος
1656 4048 1938 4111 κοινωνίας

371 4139 518 4209 ἁρχὴ
543 4136 682 4191 κατὰ
711 4137 801 4190 τὸν
837 4136 1095 4207 μέλλοντα
1136 4136 1249 4206 βίον
1286 4139 1397 4199 τοῖς
1439 4136 1693 4190 ἐνταυθοῖ
1757 4139 1936 4201 καλῶς

374 4228 740 4299 κεχρημένοις
775 4244 789 4259 ’
816 4229 916 4297 οὐχ
948 4228 1146 4297 ὁμοίιος
1173 4228 1228 4281 δέ
1260 4228 1455 4290 πάντες
1486 4228 1656 4295 αὐτῆς
1702 4228 1939 4281 ἀπολαύ-

374 4338 549 4384 ουσιν,
580 4320 690 4373 ἀλλ’
715 4322 763 4372 οἱ
796 4319 894 4389 μὲν
929 4318 1195 4388 μορφοῦσι
1242 4321 1338 4388 τὴν
1369 4320 1760 4387 εὐγενεστάτην
1812 4338 1942 4373 ταυ-

375 4430 477 4480 την
508 4413 602 4480 τῆς
627 4413 839 4480 φύσεως
871 4410 1219 4481 παρασκευὴν
1269 4414 1361 4462 καὶ
1396 4413 1572 4479 οἰκείᾳ
1626 4412 1942 4480 προαιρέσει

377 4522 437 4557 τε
471 4506 565 4558 καὶ
594 4504 793 4573 σπουδῇ
827 4504 921 4555 καὶ
949 4503 1008 4554 τὸ
1038 4502 1228 4562 κάλλος
1259 4501 1425 4570 αὐτῆς
1454 4502 1701 4565 ἐξάπτειν
1737 4502 1947 4556 ποιοῦσι

1999 603 2223 656 luntatis
2252 603 2361 655 sint
2397 617 2584 670 opera,
2615 610 2884 669 quatenus
2919 608 3002 652 est
3041 605 3107 651 et
3142 597 3262 649 aliis
3298 594 3535 649 benelica
3559 632 3571 645 .

2001 691 2136 746 Nam
2174 708 2388 760 semper
2441 692 2659 745 Volebat
2713 691 2828 743 fore
2853 697 2912 743 ut
2948 689 3183 741 mundus
3246 695 3407 749 esset,
3470 701 3575 738 non

2002 796 2180 838 autem
2215 796 2269 835 ut
2305 799 2519 852 semper
2551 782 2840 835 exsisteret
2875 796 2887 844 ;
2916 793 3013 832 nec
3041 778 3185 831 enim
3231 785 3354 844 pote
3383 776 3579 830 fuisset

2004 878 2152 929 illum
2177 891 2391 943 semper
2419 889 2541 927 esse
2563 881 2655 925 aut
2690 872 2827 932 fore,
2852 886 2916 923 ex
2938 882 3168 936 quorum
3200 868 3369 920 altero
3394 880 3582 919 conse—

2002 968 2188 1036 quitur
2209 977 2264 1019 ιιι
2290 979 2566 1035 nunquam
2589 964 2891 1025 exsisteret,
2911 977 2974 1014 ex
3004 960 3172 1012 altero
3198 966 3255 1011 ut
3276 958 3581 1020 exsisteret,

2004 1057 2220 1111 tametsi
2267 1071 2544 1125 nunquam
2603 1053 2853 1108 eﬂ‘ectus.
2913 1051 3039 1104 Haec
3082 1051 3244 1119 igitur
3271 1058 3472 1101 aeterna
3501 1046 3586 1098 in-
3686 1112 3689 1115 _

2007 1148 2310 1218 telligentia
2371 1163 2435 1202 ex
2482 1148 2691 1215 integro
2735 1159 2840 1197 una
2902 1150 2983 1197 est
3022 1143 3075 1194 in
3135 1141 3309 1207 primo
3375 1137 3585 1190 intelle—

2008 1248 2099 1291 ctu
2134 1239 2301 1309 signis
2329 1247 2538 1290 tantum
2570 1237 2638 1290 ab
2662 1233 3014 1304 intelligentia
3038 1233 3291 1285 discreta.
3316 1228 3581 1281 Praeterea
3608 1277 3614 1282 .

2010 1329 2065 1383 in
2090 1330 2329 1383 humano
2355 1329 2630 1383 intellectu
2658 1328 2805 1380 aliud
2837 1334 2919 1379 est
2948 1340 3059 1378 rem
3094 1322 3416 1389 intelligere,
3443 1318 3589 1373 aliud

2013 1420 2437 1474 intellectionem
2470 1418 2820 1482 intellectam,
2850 1432 2972 1470 cum
3002 1415 3067 1468 ad
3091 1414 3368 1482 propriam
3394 1426 3587 1479 onera-

2013 1509 2215 1562 tionem
2237 1509 2541 1563 intellectus
2558 1508 2927 1572 convertitur;
2948 1506 3090 1559 unde
3108 1505 3225 1557 aliae
3244 1516 3364 1556 sunt
3385 1517 3589 1563 rerum,

2014 1600 2131 1653 alia:
2158 1599 2224 1653 de
2254 1600 2420 1654 rebus
2454 1600 2879 1653 intellectionum
2906 1595 3133 1649 notitiae.
3167 1592 3365 1647 Verum
3389 1594 3493 1643 hoc
3527 1591 3582 1643 in

2018 1695 2123 1749 Deo
2152 1708 2259 1747 non
2291 1693 2573 1748 differunt.
2595 1692 2825 1745 Aliunde
2850 1691 2989 1744 ratio
3013 1697 3067 1743 ct
3097 1688 3349 1741 voluntas
3403 1686 3455 1739 in
3492 1685 3590 1737 ho-

2017 1788 2162 1843 mine
2180 1804 2287 1843 non
2313 1802 2499 1841 revera
2522 1786 2931 1855 distinguuntur
2956 1799 3080 1852 erga
3108 1789 3521 1851 cognoscentem
3543 1789 3594 1829 et

2017 1880 2287 1934 volentem
2324 1878 2682 1933 intellectum.
2701 1875 2952 1929 Divinum
2980 1889 3109 1928 vero
3130 1873 3366 1927 Verbum
3397 1880 3450 1923 et
3472 1868 3595 1938 Spi-

2016 1954 2156 2026 ritus
2180 1977 2408 2026 sanctus
2436 1969 2652 2023 realiter
2674 1982 2703 2020 a
2727 1967 2886 2020 Patre
2918 1966 3347 2031 distinguuntur.
3368 1960 3501 2014 Nam
3527 1962 3597 2013 il-

2014 2062 2089 2116 lic
2123 2069 2352 2131 Oportet-
2368 2069 2428 2114 ιιι
2466 2059 2537 2113 sit
2567 2068 2775 2112 naturae
2806 2070 3018 2111 summa
3046 2055 3249 2118 unitas,
3279 2060 3337 2104 ut
3363 2053 3468 2106 Deo
3501 2066 3599 2119 par

2016 2164 2121 2219 est,
2153 2161 2207 2209 et.
2234 2168 2357 2207 vera
2398 2151 2651 2207 similiter
2690 2159 2743 2203 et
2767 2145 3357 2212 effectivadistinctio,
3399 2142 3595 2196 unitati

2019 2254 2195 2300 tamen
2253 2251 2462 2298 natura:
2516 2241 2743 2295 minimc
2797 2240 3045 2293 obstans.
3081 2235 3294 2289 Etenim
3355 2232 3589 2285 indivisa

2018 2345 2071 2392 et
2100 2336 2404 2405 personalis
2427 2334 2714 2389 distinctio
2738 2347 2857 2401 qua:
2890 2332 2941 2385 in
2991 2329 3258 2384 creaturis
3316 2325 3598 2378 materiam

2021 2428 2183 2481 habet
2218 2440 2465 2488 causam,
2526 2422 2765 2492 approbe
2810 2436 2905 2489 per
2956 2416 3272 2487 hujusmocli
3342 2406 3599 2467 numeros

2022 2528 2272 2571 naturam
2303 2516 2515 2571 dividit.
2545 2513 2650 2568 Sed
2685 2513 2826 2583 apud
2857 2509 3320 2579 simplicissimum
3357 2514 3408 2559 et
3440 2504 3603 2558 intel-

2020 2609 2439 2674 ligentissimum
2479 2606 2669 2669 Deum,
2702 2619 2827 2657 cum
2859 2620 2925 2657 ex
2984 2587 3311 2669 intelligiliili
3381 2604 3597 2649 tantum

2024 2699 2283 2753 relatione
2306 2712 2526 2753 causam
2563 2696 2783 2757 habeat,
2814 2703 3024 2747 naturae
3059 2706 3167 2745 non
3202 2687 3393 2742 dividit
3424 2687 3603 2740 unita-

2023 2800 2151 2847 tem.
2186 2791 2292 2845 Nec
2319 2790 2439 2844 aliis
2476 2789 2662 2857 paucis
2696 2786 3050 2856 probabiliter
3075 2784 3218 2836 inter
3253 2798 3312 2835 se
3332 2779 3601 2833 differunt

2026 2883 2266 2936 increala
2304 2882 2542 2935 Trinitas
2568 2881 2709 2949 apud
2770 2878 2961 2942 Deum,
3015 2886 3068 2930 et
3125 2875 3268 2944 apud
3329 2872 3603 2926 hominem

2027 2983 2228 3029 creata.
2264 2974 2330 3025 At
2382 2973 2735 3041 quantumvis
2769 2972 2951 3025 multae
2979 2970 3089 3024 sint
3119 2969 3233 3022 hac
3292 2963 3606 3019 differentia:

2028 3079 2134 3118 non
2177 3074 2355 3119 cessat
2393 3063 2731 3117 iuTrinitate
2765 3046 3154 3132 proprietatum
3192 3074 3287 3112 seu
3348 3070 3608 3125 pet'Sona-

1953 3178 1998 3239 ο
2035 3169 2154 3208 rum
2184 3154 2528 3208 assimilatio.
2582 3152 2873 3205 Permanet
2918 3165 3047 3203 vero
3089 3149 3247 3215 juxta
3298 3146 3602 3215 processio-

2037 3256 2158 3296 nem
2192 3257 2379 3295 earum
2410 3250 2463 3294 et.
2487 3242 2756 3304 ordinem,
2791 3239 3274 3308 proeessiouisque
3306 3245 3359 3289 et
3388 3234 3607 3288 ordinis

2030 3334 2249 3386 modum
2287 3342 2447 3399 atque
2469 3331 2628 3384 etiam
2667 3332 2820 3397 juxta
2860 3330 3185 3383 substantiae
3262 3327 3520 3379 unitatem
3553 3326 3607 3377 in

2030 3424 2359 3494 pluralitate,
2393 3438 2454 3477 ac
2486 3438 2592 3476 uno
2626 3422 2847 3476 tandem
2882 3422 3046 3476 verbo
3080 3418 3605 3487 intelligibilitatem.

2032 3513 2187 3579 Quod
2218 3516 2261 3566 si
2306 3528 2429 3566 eum
2494 3514 2666 3566 multa
2705 3512 2815 3565 illic
2869 3510 3248 3579 prtecellentia,
3284 3508 3374 3561 hic
3430 3515 3608 3560 autem

2035 3601 2430 3671 imperfectius,
2472 3602 2643 3655 multa
2675 3601 2874 3654 iterum
2912 3602 2962 3653 in
2994 3609 3246 3654 creatura
3303 3596 3607 3650 din'ercntia

2035 3690 2280 3743 cernitur
2312 3689 2378 3741 ab
2404 3688 2661 3757 imagine,
2684 3702 2808 3755 quae
2840 3686 3057 3755 quidem
3091 3685 3341 3740 onmihus
3370 3684 3495 3737 data
3528 3691 3612 3737 est

2036 3782 2347 3834 hominibus
2365 3789 2724 3834 utcontmune
2755 3782 2957 3833 donum
2992 3778 3215 3845 majoris
3247 3776 3610 3830 communica-

2040 3871 2203 3926 tionis
2229 3871 2571 3939 principium,
2593 3886 2784 3938 nempe
2808 3871 2859 3923 in
2891 3870 3070 3923 futura
3101 3868 3207 3921 vita
3242 3869 3327 3921 his
3352 3869 3441 3936 qui
3478 3883 3617 3936 prae-

2039 3968 2178 4014 senti
2200 3968 2343 4012 recte
2370 3958 2448 4011 usi
2477 3957 2674 4011 fuerint
2699 3972 2713 4011 :
2736 3973 2842 4011 non
2871 3966 3052 4010 autem
3080 3971 3271 4010 omnes
3297 3955 3499 4023 pariter
3521 3955 3612 4007 illa

2040 4050 2339 4115 fruuntur;
2374 4050 2466 4103 sed
2509 4050 2599 4102 alii
2650 4051 3131 4117 generosissimum
3194 4048 3347 4101 illum
3408 4056 3618 4100 naturae

2042 4154 2358 4212 apparatum
2420 4141 2694 4196 voluntate
2723 4152 2774 4195 et
2811 4144 3173 4196 contentione
3208 4142 3431 4210 propria
3457 4139 3620 4195 effor-

2043 4242 2215 4297 tnant,
2266 4230 2497 4299 ejusque
2551 4230 2862 4284 accendunt
2922 4229 3386 4297 pulchritudinem
3443 4235 3497 4280 et
3549 4226 3618 4280 ad

2044 4325 2211 4378 caelos
2242 4338 2415 4391 usque
2465 4322 2770 4386 extollunt;
2805 4322 2893 4374 alii
2931 4330 3118 4375 enntra
3186 4321 3333 4374 velut
3394 4318 3543 4371 iners
3566 4325 3623 4370 et

2048 4418 2282 4471 informe
2314 4417 2590 4484 quidpiam
2628 4416 2776 4467 illum
2816 4415 3035 4468 inscitia
3071 4423 3164 4467 aut.
3211 4414 3413 4466 malitia
3458 4413 3620 4465 obru-

2054 4517 2167 4561 tum
2205 4508 2431 4560 missum
2477 4507 2699 4559 faciunt.

378 4601 473 4653 καὶ
511 4603 701 4671 μέχρις
728 4600 969 4669 οὐρανῶν
998 4598 1225 4663 ἀνιέναι,
1251 4600 1357 4660 τοῖς
1387 4598 1441 4650 δέ
1472 4598 1639 4669 ἀργόν
1672 4615 1724 4649 τι
1752 4600 1939 4668 χρῆμα
1980 4601 2071 4652 καὶ
2143 4602 2391 4670 ἄμορφον
2461 4599 2846 4653 καταλείπεται
2913 4597 3123 4667 ἀμαθίᾳ
3183 4592 3624 4663 συγκαλυπτόμε-

374 4714 462 4749 νον
496 4698 528 4767 ἢ
559 4697 808 4767 πονηρίᾳ.

450 4792 560 4842 Καὶ
615 4792 789 4842 ταῦτα
823 4788 921 4856 μὲν
976 4788 1153 4842 πάντα
1204 4786 1333 4857 περὶ
1364 4787 1461 4857 τῆς
1512 4787 1660 4851 θείας
1718 4788 1945 4854 Τριὰδος
1980 4793 2022 4848 1)

380 4885 515 4949 πρὸς
539 4881 665 4942 τοὺς
690 4880 792 4943 ἔξω
819 4879 911 4932 καὶ
945 4879 1161 4947 εἴρηται
1193 4879 1286 4929 καὶ
1334 4879 1585 4945 λέγεσθαι
1637 4881 1735 4945 δεῖ,
1765 4879 1838 4941 ὡς
1882 4879 1956 4943 ἐκ,

378 4989 522 5034 τινος
554 4970 730 5039 ἀρχῆς
763 4971 894 5039 ἡμῖν
926 4986 984 5021 τε
1040 4971 1130 5021 καὶ
1188 4969 1413 5032 ἐκείνοις
1478 4972 1660 5039 κοινῆς
1700 4974 1796 5041 τῆς
1851 4970 1945 5022 τοῦ

377 5056 621 5123 Μωσέως
653 5060 998 5123 διδασκαλίας
1028 5078 1041 5092 ·
1081 5062 1213 5128 ἡμῖν
1256 5061 1311 5113 δὲ
1363 5063 1518 5128 λόγου
1582 5062 1777 5124 παντὸς
1827 5063 1950 5114 ἐπέ-

377 5168 534 5204 κεινα
559 5150 657 5220 τὴν
686 5152 813 5218 περὶ
848 5150 1051 5202 τούτων
1078 5152 1257 5202 πίστιν
1296 5151 1456 5212 αὐτὸς
1483 5152 1510 5204 ό
1540 5151 1680 5213 θεῖος
1725 5152 1950 5222 ἐνέθηκε

378 5244 570 5310 Λόγος.
604 5239 805 5293 Τούτου
830 5241 987 5309 χάριν
1011 5241 1108 5310 τὴν
1136 5241 1407 5310 ἡμετέραν
1438 5242 1651 5309 ἀληθῶς
1704 5241 1799 5310 μὲν
1830 5244 1951 5294 θεοί

378 5329 601 5401 πρεπῶ;
637 5330 692 5382 δὲ
720 5330 867 5398 ὅμως
896 5329 1330 5397 προσλαϐόμενος
1366 5329 1548 5396 φύσιν,
1569 5330 1663 5382 καὶ
1697 5331 1873 5394 δόξαις
1896 5349 1952 5384 τε

375 5425 495 5485 ταῖς
525 5422 749 5491 ἀληθέσι
775 5423 903 5489 περὶ
931 5420 1026 5473 τοῦ
1054 5422 1212 5490 μόνου
1241 5422 1374 5474 Θεοῦ
1410 5426 1503 5478 καὶ
1529 5424 1686 5492 μόνου
1720 5423 1829 5474 τῶν
1868 5422 1955 5474 ὅν-

376 5529 484 5563 των
519 5511 735 5564 πάντων
763 5511 936 5562 αἰτίου
987 5512 1079 5562 καὶ
1128 5510 1310 5578 νόμοις
1339 5512 1465 5581 περὶ
1499 5510 1594 5588 τοῦ
1628 5511 1777 5581 βιοῦν
1808 5512 1953 5581 ἔχειν

379 5602 554 5671 ὀρθῶς
584 5603 886 5671 ἐκόσμησεν
919 5602 1067 5670 ἡμᾶς
1097 5603 1159 5653 ἐκ
1199 5604 1297 5671 τῆς
1346 5604 1476 5671 πρὶν
1508 5604 1797 5671 ἀκοσμίας,
1828 5605 1891 5671 ἢν
1924 5603 1952 5653 ό

382 5696 470 5746 τοῦ
491 5693 719 5762 ψεύδους
740 5692 920 5762 πατὴρ
938 5694 1070 5761 ἡμῖν
1093 5690 1466 5762 ἐπεσώρευσεν
1487 5693 1590 5746 οὐκ
1618 5694 1683 5746 ἂν
1705 5694 1957 5763 δυνηθεὶς

384 5792 437 5857 ἡ,
465 5784 539 5836 ῶν
563 5785 620 5836 τὸ
654 5783 769 5837 δέον
817 5784 963 5839 ἅπαν
995 5781 1321 5853 τηρούντων.
1353 5785 1487 5851 Δόξα
1519 5786 1695 5838 τοίνυν
1739 5785 1813 5854 τῷ
1853 5786 1958 5838 Δό-

2140 4788 2261 4841 llzec
2293 4786 2478 4840 omnia
2509 4786 2575 4840 de
2606 4784 2792 4839 divina
2827 4781 3097 4835 Trinitate
3127 4781 3193 4835 ad
3232 4793 3325 4833 eos
3365 4777 3460 4847 qui
3494 4775 3624 4832 foris

2062 4887 2190 4933 sunt
2238 4879 2445 4931 dictum
2495 4875 2894 4944 dicendumque
2937 4883 3043 4939 est,
3090 4888 3153 4926 ex
3193 4870 3429 4940 quodam
3466 4869 3623 4939 quasi

2054 4969 2327 5038 principio
2371 4969 2529 5022 nobis
2572 4975 2626 5021 et
2666 4967 2801 5034 ipsis
2833 4965 3144 5028 communi,
3203 4962 3370 5016 Mosis
3427 4976 3624 5030 nempe

2058 5059 2327 5113 doctrina.
2365 5058 2538 5113 Nobis
2594 5065 2773 5111 autem
2814 5066 3010 5125 praeter
3059 5069 3220 5108 omne
3272 5052 3620 5107 ratiocinium

2057 5151 2191 5205 ﬁdes
2224 5151 2291 5204 ab
2325 5151 2442 5219 ipso
2466 5149 2649 5203 divino
2684 5147 2859 5201 Verbo
2896 5147 3079 5201 dehis
3106 5146 3312 5199 inserta
3344 5152 3445 5200 est.
3481 5144 3623 5209 Qua-

2061 5248 2281 5309 propter
2310 5248 2562 5292 naluraut
2599 5247 2837 5291 nostram
2872 5251 2997 5290 vere
3022 5279 3036 5301 ,
3074 5235 3183 5290 Deo
3221 5245 3399 5288 tamen
3435 5234 3623 5289 condi-

2059 5346 2160 5399 gne
2203 5331 2508 5399 suscipiens
2535 5341 2586 5383 et
2612 5330 2753 5382 veris
2793 5330 3087 5383 sententiis
3116 5331 3180 5382 de
3215 5344 3320 5381 uno
3356 5328 3463 5381 Deo
3501 5328 3619 5379 solo

2058 5432 2374 5475 cunctorum
2400 5420 2605 5474 entium
2644 5430 2867 5475 auctore
2898 5431 2953 5474 et
2980 5421 3183 5487 legibus
3208 5420 3273 5471 ad
3308 5416 3621 5485 dirigendos

2059 5526 2235 5566 mores
2269 5526 2368 5565 nos
2401 5512 2723 5576 exornavit,
2763 5510 2932 5579 priori
2967 5496 3148 5563 amoto
3180 5508 3446 5561 dedecore
3477 5505 3620 5575 quod

2060 5603 2112 5654 in
2162 5617 2260 5656 nos
2306 5601 2573 5657 mendacii
2620 5611 2777 5672 pater
2809 5609 3182 5670 congesserat,
3217 5614 3321 5650 non
3374 5599 3447 5652 ita
3475 5607 3623 5651 certe

2063 5694 2293 5747 laesurus
2327 5693 2373 5748 si
2401 5709 2500 5749 nos
2533 5693 2776 5762 approbe
2803 5692 3149 5745 stetis-scmus
3185 5688 3413 5757 legibus.
3441 5688 3621 5745 Gloria

2066 5786 2232 5856 igitur
2262 5783 2437 5842 Verbo
2466 5786 2555 5841 Dei
2586 5796 2637 5840 (-t
2675 5784 2812 5839 Filio
2847 5783 2939 5849 qui
2973 5791 3120 5837 tanta
3153 5780 3308 5835 nobis
3339 5780 3474 5835 bona
3514 5780 3595 5834 lar
