4170 6294
563 430 670 496 595

1647 439 1690 497 G
1707 439 2027 499 ENNADII
2069 441 2177 501 CP.
2221 441 2738 508 PATRIARCH/E

3704 461 3809 523 596

558 541 704 608 gitus
739 546 822 594 est
851 539 992 593 haud
1024 541 1206 609 qualia
1258 551 1464 598 tantum
1519 547 1773 602 omnibus
1809 550 2034 604 entibus
2077 553 2132 600 et

2243 569 2317 623 τῳ
2347 554 2440 608 τοῦ
2464 555 2599 609 Θεοῦ
2625 557 2718 610 καὶ
2771 556 2886 627 Υίῷ
2919 557 3190 614 τοσούτων
3223 561 3402 618 καλῶν
3451 567 3587 635 ἡμῖν
3634 568 3811 638 ὑπάρο

558 627 817 695 operibus
853 628 990 692 suis,
1019 629 1112 683 sed
1141 631 1305 684 etiam
1343 635 1558 687 cunctis
1604 640 1918 704 prastautia
1948 655 2126 709 eaque

558 726 844 784 perpetuo,
873 733 1047 788 neque
1079 721 1254 775 solum
1285 725 1542 780 omnibus
1569 743 1689 791 una,
1729 731 1823 783 sed
1857 740 1912 784 et
1938 732 2128 800 singu-

562 807 735 861 latim.
777 807 900 876 Ipse
929 811 1070 863 eiiim
1107 813 1175 865 ab
1212 823 1415 868 aaterno
1447 832 1546 871 nos
1603 833 1659 872 et
1706 823 1967 875 mumlum
2006 825 2129 878 uni-

560 911 779 952 versum
810 916 974 968 penes
997 917 1055 956 se
1083 903 1275 957 habuit
1309 907 1739 977 intelligibiliter,
1760 913 1825 966 ad
1854 922 2006 967 extra
2038 930 2133 967 au-

564 995 669 1038 tem
699 992 1069 1057 temporaliter
1099 995 1377 1062 produxit,
1398 998 1559 1051 simul
1584 1011 1638 1054 et
1675 1010 1893 1071 tempus
1928 1003 2132 1059 faciens

563 1093 702 1146 opus
728 1089 966 1148 paternas
989 1093 1041 1137 et
1072 1086 1333 1154 sapientis
1367 1090 1646 1146 bonitatis.
1669 1094 1787 1160 Ipse
1825 1094 2132 1148 admirabili

566 1169 979 1238 dispensatione
1027 1189 1128 1229 nos
1160 1179 1518 1246 spiritualiter
1553 1183 1878 1238 instauravit
1920 1195 1974 1238 et
2021 1200 2133 1240 una

565 1264 844 1319 curatione
889 1281 917 1318 a
963 1267 1226 1324 diuturno
1250 1281 1302 1324 et
1352 1273 1640 1342 multiplici
1689 1278 1880 1331 morbo
1924 1279 2136 1332 sanavit

566 1354 638 1409 ob
667 1357 913 1412 eamdem
945 1359 1266 1426 bonitatem,
1297 1373 1555 1433 tanquam
1591 1369 1840 1436 egregius
1891 1369 2136 1423 medicus

569 1463 785 1512 unaque
810 1460 963 1518 pater
986 1461 1039 1505 et
1068 1452 1353 1508 Dominus.
1381 1457 1501 1522 Ipse
1538 1459 1781 1513 moribus
1815 1473 1876 1512 ac
1903 1460 2006 1514 ﬁde
2036 1475 2137 1514 nos

568 1536 825 1602 instituit,
863 1540 1025 1594 ﬁdem
1058 1544 1265 1598 scilicet
1294 1546 1530 1601 edocens
1576 1558 1631 1602 et
1663 1551 1902 1604 caelestis
1940 1562 2141 1621 myste-

567 1627 709 1680 rium
729 1629 1012 1684 Trinitatis
1047 1632 1277 1700 pulchre
1305 1636 1463 1689 nobis
1498 1653 1776 1701 reserans,
1810 1653 1924 1706 quo
1961 1641 2136 1694 solum

570 1719 754 1787 agnito
789 1734 929 1774 unus
963 1721 1105 1775 Deus
1133 1723 1236 1776 rite
1269 1739 1332 1778 ac
1364 1725 1602 1794 legitime
1639 1728 1744 1781 coli
1780 1737 1992 1796 potest;
2025 1746 2138 1783 mo-

573 1824 696 1861 rum
744 1818 925 1863 autem
981 1811 1090 1865 dux
1129 1814 1355 1870 effectus
1410 1831 1515 1869 non
1564 1819 1845 1887 prmeeptis
1895 1830 2134 1873 tantum-

575 1900 754 1964 modo,
784 1901 878 1954 sed
908 1901 1022 1956 suis
1053 1903 1218 1957 etiam
1251 1907 1538 1975 exemplis.
1561 1908 1644 1962 Ad
1680 1919 1929 1963 neutrum
1958 1921 2134 1965 tamen

572 1989 888 2057 hujusmodi
925 1992 1190 2048 bonorum
1245 2011 1346 2050 nos
1397 1998 1577 2066 adegit
1615 2001 1940 2068 (cavendum
1992 1983 2154 2056 enim.

572 2093 641 2132 ne
672 2081 943 2147 perderet,
977 2098 1102 2136 eum
1141 2085 1352 2141 salvare
1379 2087 1605 2155 vellet);
1655 2091 1750 2144 sed
1786 2091 2141 2161 impedimen-

571 2177 685 2222 tum
716 2182 936 2226 aeterme
960 2174 1081 2228 vitae
1107 2175 1386 2244 insperato
1417 2178 1600 2244 solvit,
1626 2180 1800 2235 labem
1831 2183 2041 2236 scilicet
2072 2198 2138 2237 ex

568 2248 938 2328 generationis
962 2263 1171 2319 semine
1198 2277 1550 2336 prepagatam
1577 2284 1593 2334 ;
1629 2269 1985 2338 quamobrem
2015 2285 2136 2326 sese

582 2351 855 2420 spoliavit,
885 2362 958 2414 et,
989 2369 1216 2423 corpore
1242 2366 1522 2426 suscepto,
1557 2372 1772 2427 pmnam
1799 2362 1956 2416 nobis
1985 2361 2140 2417 debi-

582 2452 690 2496 tam
721 2442 775 2496 in
811 2459 976 2498 carne
1015 2461 1113 2501 sua
1146 2447 1244 2501 luit
1273 2464 1393 2516 qure
1428 2451 1562 2506 nihil
1603 2462 1954 2521 peccaverat;
1991 2455 2142 2508 ﬁlio-

573 2548 694 2588 rum
728 2543 909 2590 autem
933 2537 1160 2600 arbitrio
1194 2539 1466 2609 ﬁdemque
1500 2552 1556 2596 et
1579 2544 1717 2599 bona
1744 2561 1906 2614 opera
1940 2560 2142 2616 propo-

573 2627 708 2691 suit,
745 2643 885 2697 quos
916 2629 1108 2693 etiam,
1135 2641 1357 2700 propter
1379 2634 1748 2689 omnimodam
1773 2633 2141 2689 diﬂicultatem

574 2719 797 2788 utrique
828 2729 1266 2788 repugnantem,
1313 2725 1430 2779 suis
1470 2740 1579 2778 non
1611 2725 1855 2780 destituit
1900 2724 2144 2779 auxiliis.

575 2810 694 2880 Ipse
731 2811 889 2865 nobis
931 2812 1100 2867 Deum
1133 2823 1192 2867 et
1219 2813 1436 2868 Patrem
1469 2815 1836 2869 manifestavit
1857 2816 1927 2871 ab
1951 2816 2044 2870 illo
2070 2818 2148 2871 vi-

576 2903 764 2957 cissim
792 2902 1047 2958 omnibus
1083 2902 1260 2957 modis
1292 2905 1692 2958 manifestatus.
1718 2903 1840 2975 Ipse
1883 2915 1937 2960 et
1969 2904 2147 2974 Spiri-

563 2980 699 3048 tum
727 3003 975 3049 sanctum
1009 2993 1168 3048 nobis
1206 2994 1465 3048 revelavit
1517 2994 1580 3049 ad
1634 2994 1896 3064 majorem
1954 3009 2150 3064 nempe

586 3087 671 3140 sui
701 3085 1114 3152 revelationem,
1139 3087 1266 3141 licet
1297 3097 1456 3142 antea
1486 3103 1584 3157 pro
1614 3097 1919 3155 temporum
1951 3103 2146 3157 oppor-

2237 643 2388 708 ξαντι
2433 648 2544 710 τοῖς
2605 647 2933 718 ἀνθρώποις,
2978 651 3039 703 οὐ
3076 651 3214 720 μετὰ
3261 653 3482 709 πάντων
3515 657 3680 726 μόνον
3704 661 3812 714 τῶν

2232 737 2400 790 ὄντων
2431 755 2490 790 τε
2523 739 2620 792 καὶ
2648 739 2824 809 ἔργων
2867 742 3054 808 αὐτοῦ,
3108 743 3243 797 ἀλλὰ
3302 746 3395 799 καὶ
3445 747 3584 819 ὑπὲρ
3635 752 3812 805 πάντα

2233 828 2327 879 καὶ
2360 829 2490 898 πρὸς
2547 828 2725 899 τούτῳ
2754 831 3040 898 διηνεκῶς,
3076 833 3196 885 οὐδὲ
3221 835 3358 886 πᾶσι
3417 837 3578 904 μόνον
3615 841 3808 904 κοινῶς

2232 922 2366 974 ἀλλὰ
2394 923 2488 975 καὶ
2512 922 2675 992 χωρὶς
2709 924 2943 992 ἑκάστῳ.
2976 925 3148 988 Αὐτὸς
3184 928 3292 995 γὰρ
3314 927 3408 980 καὶ
3442 929 3631 993 ἀῖδίως
3662 933 3808 1000 ἡμᾶς

2232 1011 2324 1065 τόν
2345 1029 2405 1065 τε
2437 1011 2729 1080 σύμπαντα
2756 1013 2958 1080 κόσμον
3001 1011 3114 1084 εἶχε
3173 1016 3309 1085 παρ’
3356 1018 3536 1088 ἑαυτῷ
3600 1022 3808 1090 νοητῶς

2235 1103 2326 1154 καὶ
2359 1102 2627 1170 χρονικῶς
2656 1102 2761 1167 ἔξω
2789 1105 3137 1173 παρήγαγεν,
3179 1105 3297 1172 ἅμα
3329 1108 3425 1159 καὶ
3469 1109 3559 1160 τὸν
3615 1110 3808 1178 χρόνον

2235 1191 2467 1260 ποιήσας
2502 1191 2663 1260 ἔργον
2699 1192 2797 1261 τῆς
2835 1195 3108 1261 πατρικῆς
3132 1195 3226 1247 καὶ
3255 1195 3423 1248 αὐτοῦ
3461 1197 3630 1266 σοφῆς
3673 1184 3807 1264 ἀγα-

2238 1279 2460 1348 θότητος
2487 1295 2502 1310 ·
2542 1282 2702 1343 αὑτὸς
2735 1281 2828 1334 καὶ
2858 1282 3126 1335 ἀνέπλασε
3177 1286 3564 1353 πνευματικῶς
3597 1287 3804 1340 οίκονο-

2239 1367 2366 1437 μίας
2395 1369 2580 1439 τρόπῳ
2608 1369 2861 1432 ξενίζοντι
2891 1374 2984 1422 καὶ
3021 1370 3225 1440 μεθόδῳ
3263 1373 3360 1442 μιᾷ
3398 1373 3496 1443 τὴν
3546 1373 3806 1442 πολυχρό-

2237 1476 2348 1512 νιον
2371 1461 2526 1528 ἡμῶν
2563 1461 2654 1513 καὶ
2681 1460 2934 1529 ποικίλην
2961 1461 3258 1530 έξηκέσατο
3296 1465 3450 1516 νόσον
3481 1465 3545 1516 ὲκ
3577 1463 3676 1532 τῆς
3710 1465 3805 1518 αύ-

2239 1549 2337 1617 τῆς
2357 1549 2695 1617 άγαθότητος
2724 1549 2800 1611 ὡς
2849 1550 3070 1616 ἄριστος
3101 1551 3284 1620 [ατρὸς
3332 1550 3469 1620 ὁμοῦ
3502 1553 3598 1606 καί⁸
3629 1556 3807 1622 πατὴρ

2239 1639 2335 1690 καὶ
2374 1638 2662 1706 δεσπότης.
2686 1637 2854 1696 Αὐτδς
2885 1639 3035 1706 ἡμᾶς
3065 1638 3350 1707 ἐμόρφωσε
3405 1640 3501 1690 καὶ
3556 1637 3657 1707 βίῳ
3719 1639 3808 1692 καὶ

2243 1726 2446 1790 πίστει,
2483 1726 2583 1792 τὴν
2616 1725 2712 1794 μὲν
2740 1725 2954 1791 διδάξας
3008 1725 3100 1777 καὶ
3125 1723 3186 1777 τδ
3209 1726 3308 1794 τῆς
3341 1725 3590 1796 οὐρανίου
3641 1727 3805 1796 Τριά-

2242 1817 2329 1878 δος
2366 1817 2546 1879 καλῶς
2589 1819 2724 1886 ἡμῖν
2755 1815 3067 1882 ἀναπτύξας
3097 1819 3414 1888 μυστήριον,
3470 1811 3514 1884 ᾧ
3546 1817 3692 1887 μόνῳ
3721 1818 3808 1870 τὸν

2242 1907 2336 1959 ἕνα
2366 1907 2545 1960 σέϐειν
2583 1908 2716 1961 Θεὸν
2739 1908 2919 1968 καλῶς
2945 1907 3119 1963 ἔνεστι
3152 1911 3246 1962 καὶ
3272 1910 3530 1978 γνησίως,
3589 1909 3684 1962 τοῦ
3753 1909 3806 1960 δὲ

2243 1997 2560 2067 καθηγητὴς
2594 2001 2726 2068 ἡμῖν
2750 2001 2986 2068 γεγονὼς
3025 2003 3085 2054 οὐ
3113 2001 3407 2070 διδάγμασι
3448 2004 3652 2066 μόνοις,
3678 2000 3807 2052 ἀλλὰ

2242 2089 2337 2141 καὶ
2377 2087 2455 2157 τῷ
2482 2088 2607 2142 καθ’
2635 2089 2794 2142 αὐτὸν
2810 2090 3170 2160 ὑποδείγματι
3191 2106 3206 2121 ·
3235 2091 3295 2144 οὐ
3328 2091 3653 2159 βιασάμενος
3677 2089 3806 2159 πρδς

2245 2179 2526 2249 οὐδέτερον
2593 2181 2708 2232 τοῖν
2765 2181 2911 2234 δυοῖν
2969 2183 3177 2235 τούτοιν
3229 2181 3412 2235 καλεῖν
3443 2182 3524 2251 (οὐ
3567 2181 3677 2248 γὰρ
3708 2179 3807 2232 ἔδει

2244 2269 2484 2339 φθείρειν
2515 2271 2634 2324 ἀντὶ
2667 2269 2762 2324 τοῦ
2788 2271 3024 2338 σώζειν),
3067 2270 3201 2324 ἀλλὰ
3235 2271 3296 2324 τδ
3333 2271 3430 2340 μὲν
3458 2269 3686 2338 κώλυμα
3716 2269 3810 2337 τῆς

2243 2361 2461 2413 αίωνίου
2494 2358 2662 2422 λύσας
2696 2360 3030 2423 ἀνελπίστως
3061 2359 3206 2430 ζωῆς
3259 2361 3356 2431 τὴν
3384 2363 3444 2413 ὲκ
3497 2361 3604 2413 τῶν
3636 2375 3806 2426 σπερ-

2248 2451 2433 2519 μάτων
2455 2450 2553 2503 τοῦ
2582 2451 2774 2520 γένους
2805 2451 3183 2506 διαϐαίνουσαν
3209 2451 3407 2521 λύμην,
3436 2446 3517 2514 οἷς
3547 2452 3808 2504 ἐκένωσεν

2245 2544 2434 2596 ἑαυτὸν
2496 2547 2589 2596 xui.
2619 2543 2712 2606 οὓς
2739 2544 2944 2613 ὑπέστη
2969 2543 3063 2597 καὶ
3115 2543 3214 2611 τὴν
3270 2541 3625 2612 ὀφειλομένην
3677 2541 3806 2609 ἡμῖν

2244 2633 2402 2703 δίκην
2429 2633 2670 2698 ἐξέτισεν
2717 2635 2774 2687 ὲν
2805 2635 2967 2702 σαρκὶ⁸
3021 2633 3186 2704 μηδὲν
3233 2633 3575 2704 ἁμαρτούσῃ,
3630 2635 3696 2701 τῇ
3749 2630 3804 2683 δὲ

2246 2725 2564 2794 προαιρέσει
2587 2725 2699 2779 τῶν
2719 2726 2923 2780 τέκνων
2960 2726 3021 2779 τό
3050 2743 3108 2778 τε
3136 2723 3411 2778 πιστεύειν
3443 2725 3505 2777 τό
3538 2739 3598 2774 τε
3659 2719 3808 2792 βιοῦν

2245 2813 2423 2886 ὀρθῶς
2452 2815 2772 2884 ἐπιτρέψας,
2804 2818 2904 2868 οὐκ
2933 2815 3062 2868 ἄνευ
3091 2815 3274 2885 μέντοι
3303 2813 3405 2882 τῆς
3451 2813 3586 2881 παρ’
3645 2807 3808 2864 αὐτοῦ

2249 2905 2565 2974 συμμαχίας
2587 2905 2675 2958 διὰ
2705 2905 2804 2977 τὴν
2831 2905 3078 2975 ἐκατέρῳ
3107 2904 3319 2967 πολλοῖς
3367 2905 3589 2974 τρόποις
3645 2904 3810 2955 ἀπαν-

2248 2995 2431 3048 τῶσαν
2457 2994 2802 3065 δυσχέρειαν,
2828 2996 2992 3060 αὐτὸς
3026 2997 3158 3067 ἡμῖν
3179 2996 3492 3066 ὲφανέρωσε
3535 2995 3628 3047 τὸν
3682 2992 3808 3046 Θεὸν

2249 3086 2343 3138 καὶ
2371 3087 2590 3156 Πατέρα
2612 3089 2745 3140 πᾶσι
2778 3087 3000 3156 τρόποις
3049 3087 3140 3140 ὑπ’
3195 3087 3415 3140 ἐκείνου
3454 3085 3808 3157 φανερωθείς.

587 3179 818 3232 tunitate
855 3177 922 3231 ab
955 3178 1046 3233 illo
1082 3178 1393 3244 revelatus;
1447 3177 1593 3234 hunc
1620 3179 1851 3249 denique
1906 3179 2143 3248 sigillum

2252 3177 2424 3241 Αὐτὸς
2460 3179 2592 3247 ἡμῖν
2633 3179 2726 3230 καὶ
2752 3178 2814 3230 τὸ
2841 3178 3066 3247 Πνεῦμα
3092 3179 3152 3232 τὸ
3183 3180 3336 3247 ἅγιον
3361 3179 3705 3248 ἐφανέρωσεν
3733 3178 3811 3239 είς

587 3285 813 3328 suorum
850 3269 904 3324 in
932 3284 1033 3325 nos
1065 3270 1476 3325 beneficiorum.
1511 3272 1632 3339 Ipse
1675 3271 2016 3339 singulorum
2061 3271 2148 3323 vi-

581 3376 689 3418 tam
721 3363 955 3417 filiorum
991 3363 1082 3432 qui
1121 3362 1223 3417 {ide
1253 3373 1308 3419 et
1345 3362 1576 3418 arbitrio
1600 3372 1730 3418 sunt
1759 3363 2031 3418 eﬂ'ormati
2061 3363 2148 3417 di-

583 3453 731 3524 rigit.
755 3451 969 3521 Optima
996 3468 1231 3518 namque
1255 3455 1521 3508 exanimo
1543 3469 1770 3522 prorsus
1795 3453 1968 3507 libero
1987 3468 2149 3522 opor-

582 3552 662 3599 tet
687 3544 834 3613 eligi,
863 3543 1158 3614 statimque
1187 3543 1358 3614 gratia
1392 3544 1460 3598 ita
1494 3543 1926 3613 proponentibus
1956 3557 2149 3598 occur-

584 3635 674 3688 rit.
709 3635 912 3705 Ecquid
946 3637 1378 3690 enumerandum
1410 3645 1488 3693 tot
1513 3637 1816 3692 manifestae
1842 3635 2151 3690 beneﬁcen-

587 3728 675 3781 tize
720 3727 861 3782 dona
908 3742 1028 3796 quae
1072 3742 1172 3796 pro
1221 3743 1449 3783 numero
1496 3735 1550 3783 et
1591 3729 1969 3798 magnitudine
2022 3737 2151 3783 sunt

581 3818 731 3872 omni
769 3833 1020 3873 sermone
1055 3819 1279 3887 majora,
1316 3820 1596 3889 soliusque
1624 3821 1913 3874 obczeeatte
1949 3820 2147 3874 animae

581 3910 754 3964 oculis
783 3911 954 3962 invisa
989 3920 1207 3963 manent
1233 3919 1286 3962 et
1313 3911 1535 3978 ignota?
1561 3911 1829 3977 Quoniam
1865 3927 2015 3976 vero,
2045 3915 2161 3967 etsi

585 3998 723 4053 forte
744 3998 1001 4065 proprius
1022 4000 1087 4049 ad
1116 3997 1360 4050 divinum
1393 3996 1651 4060 Verbum,
1681 4008 1932 4052 nostrum
1956 4014 2152 4069 nempe

583 4086 768 4141 Jesum
802 4089 904 4141 hoe
932 4086 1263 4144 referuntur.
1297 4104 1402 4142 una
1437 4098 1614 4143 tamen
1651 4091 1813 4146 fuerit
1849 4106 1878 4144 a
1911 4089 2070 4146 Patre
2097 4100 2152 4146 et

585 4176 724 4230 Filio
758 4176 811 4230 in
844 4176 1049 4246 Spiritu
1079 4177 1289 4232 divinas
1309 4179 1736 4248 dispensationis
1765 4181 2149 4250 beneﬁcentia,

585 4285 654 4323 ex
685 4283 901 4338 unaque
943 4270 1218 4324 communi
1253 4271 1606 4341 benignitate,
1639 4287 1704 4327 ac
1735 4274 1964 4343 proinde
1995 4275 2152 4330 nobis

586 4375 801 4430 semper
831 4362 1056 4416 indivise
1093 4366 1394 4430 omnigenae
1417 4363 1691 4419 felicitatis
1723 4375 1773 4420 el
1801 4365 1991 4420 salutis
2020 4380 2151 4435 pro-

2254 3267 2425 3338 μείζω
2459 3267 2561 3338 μὶν
2595 3270 2905 3338 φανίρωσιν
2945 3268 3164 3338 ἑαυτοῦ,
3213 3271 3392 3324 καίτοι
3441 3267 3676 3338 πρόσθεν
3725 3269 3813 3320 ὑπ’

2247 3361 2458 3414 ἐκείνου
2491 3362 2824 3429 φανερωθεὶς
2862 3361 2941 3431 τῷ
2968 3361 3146 3432 καιρῷ
3191 3363 3596 3432 προσηκόντως,
3651 3377 3816 3430 σφρα-

2247 3453 2374 3521 γῖδα
2401 3453 2458 3506 δὲ
2484 3453 2590 3507 τῶν
2637 3455 2715 3516 είς
2750 3453 2898 3525 ἡμᾶς
2958 3453 3305 3523 εὐεργεσιῶν.
3362 3453 3533 3515 Αὐτὸς
3578 3452 3670 3505 καὶ
3727 3451 3817 3504 τὸν

2249 3544 2483 3598 ἑκάστου
2507 3542 2615 3596 τῶν
2639 3543 2846 3596 τέκνων
2877 3543 2990 3613 βίον
3022 3545 3196 3597 ἰθύνει
3224 3543 3336 3597 τῶν
3379 3543 3558 3598 πίστει
3609 3559 3669 3594 τε
3723 3541 3817 3594 καὶ

2250 3637 2566 3705 προαιρέσει
2609 3636 3080 3706 μεμορφωμινων,
3103 3637 3184 3688 δεῖ
3231 3635 3343 3708 γὰρ
3378 3633 3702 3710 προελέσθαι
3749 3632 3816 3685 τὰ

2249 3729 2486 3799 κρείττω
2508 3728 2698 3799 γνώμῃ
2731 3728 2826 3800 ὅλῃ
2857 3729 2996 3800 ῥοπῇ
3029 3745 3044 3759 ·
3069 3729 3103 3799 ἡ
3129 3727 3185 3781 δὲ
3204 3729 3365 3799 χάρις
3390 3727 3550 3789 εὐθὺς
3579 3725 3813 3796 συναντᾷ

2249 3820 2364 3882 τοῖς
2401 3817 2543 3872 οὕτω
2607 3817 3052 3889 προῃρημένοις·
3109 3817 3163 3870 τί
3206 3819 3287 3871 δεῖ
3339 3818 3698 3888 καταριθμεῖν
3749 3819 3818 3869 τὰ

2253 3911 2428 3965 πάντα
2450 3911 2684 3964 νικῶντα
2714 3910 2871 3978 λόγον
2902 3911 2979 3976 τῷ
3012 3909 3208 3979 πλήθει
3240 3927 3299 3964 τε
3324 3912 3418 3963 καὶ
3459 3909 3680 3978 μεγέθει
3714 3909 3814 3976 τῆς

2253 4002 2492 4072 φανερᾶς
2541 4001 2804 4066 εὐποιίας,
2836 4003 2869 4071 ἢ
2901 4001 3080 4070 μόνοις
3108 4004 3219 4063 τοῖς
3243 4001 3664 4072 πεπηρωμένοις
3687 4002 3816 4062 τοὺς

2251 4095 2352 4164 τῆς
2391 4093 2566 4162 ψυχῆς
2593 4091 2904 4160 ὀφθαλμοὺς
2937 4093 3150 4162 ἀφανὴς
3189 4087 3269 4144 ἔτι
3304 4093 3453 4162 μένει
3507 4095 3598 4146 καὶ
3636 4094 3814 4160 άγνω-
3861 4147 3865 4150 ,

2254 4203 2378 4248 στος
2410 4203 2426 4251 ;
2471 4183 2624 4238 Ἐπεὶ
2647 4185 2691 4236 δ’
2715 4186 2762 4236 εί
2782 4186 2874 4237 καὶ
2915 4183 3198 4253 ίδιαίτερόν
3230 4201 3343 4245 πως
3382 4186 3520 4253 πρὸς
3553 4184 3645 4236 τὸν
3679 4183 3818 4236 θεῖον

2253 4276 2584 4346 ἀναφέρεται
2621 4277 2792 4342 Λόγον
2824 4274 2916 4328 τδν
2961 4276 3227 4345 ἡμέτερον
3263 4275 3495 4342 Ἰησοῦν,
3543 4275 3678 4328 ἀλλὰ
3724 4277 3817 4345 μία

2251 4366 2318 4442 ἦν
2341 4371 2403 4422 ἐκ
2439 4369 2649 4439 [ἰατρὸς
2675 4369 2769 4421 κοιλ⁸
2803 4365 2933 4420 Υῑοῦ
2961 4367 3018 4418 ὲν
3053 4367 3327 4437 [πνεύματι
3363 4368 3393 4436 ὴ
3425 4367 3526 4435 τῆς
3557 4367 3707 4429 θείας
3741 4368 3820 4420 elo

589 4452 782 4508 dierint
813 4453 1074 4518 remedia,
1103 4454 1247 4509 idem
1275 4464 1358 4511 est
1383 4456 1629 4511 divinum
1661 4457 1886 4513 laudare
1909 4455 2143 4512 Verbum

2256 4462 2517 4531 κονομίας
2551 4459 2838 4528 εὐεργεσία
2869 4460 2932 4511 ἐκ
2973 4461 3100 4527 μιᾶς
3129 4459 3366 4527 όμόπνου
3392 4457 3818 4529 φιλανθρωπίας,

587 4554 651 4595 ac
684 4549 850 4594 totam
876 4544 1259 4600 concelebrare
1287 4544 1636 4610 Trinitatem,
1662 4562 1757 4601 seu
1782 4547 1960 4616 potius
1983 4562 2152 4601 unum

585 4629 640 4686 in
675 4646 1035 4700 personarum
1067 4633 1338 4694 Trinitate
1375 4639 1566 4697 Deum.
1605 4638 1714 4710 ipsi
1763 4640 1935 4710 gloria
1972 4640 2023 4694 in
2052 4655 2153 4694 sae-

586 4725 728 4780 Cuia.
766 4726 959 4781 Amen.

2179 4507 2232 4569 Ι)

2259 4554 2352 4605 καὶ
2381 4551 2700 4622 άχωρίστως
2728 4552 2858 4620 ἡμῖν
2885 4549 3093 4602 ἐκεῖθεν
3149 4549 3237 4603 ἀεὶ
3290 4553 3358 4602 τὰ
3422 4550 3522 4618 τῆς
3563 4549 3822 4611 παντοίας

2257 4642 2514 4711 εὐτυχίας
2547 4643 2644 4693 καὶ
2668 4640 2945 4710 σωτηρίας
2993 4642 3320 4710 ἐκεράννυτο
3364 4640 3652 4711 φάρμακα,
3696 4657 3823 4693 ταυ-

2257 4733 2350 4786 τόν
2403 4733 2521 4783 ἐστι
2567 4730 2657 4783 τὸν
2717 4730 2860 4783 θεῖον
2907 4731 3082 4796 Λόγον
3137 4731 3325 4800 ὑμνεῖν
3380 4730 3475 4784 καὶ
3533 4731 3632 4798 τὴν
3695 4730 3821 4799 ὅλην

2259 4817 2566 4878 ὲκθειάζειν
2597 4816 2825 4886 Τριάδα,
2858 4817 3060 4886 μᾶλλον
3103 4815 3162 4868 δὲ
3191 4817 3284 4870 τὸν
3330 4821 3388 4872 ἐν
3437 4815 3629 4886 Τριάδι
3664 4831 3826 4887 προσ-

2261 4911 2426 4964 ώπων
2458 4908 2559 4963 ἕνα
2585 4908 2738 4962 Θεόν.
2769 4907 2926 4977 Αὐτῷ
2945 4907 3071 4975 δόξα
3106 4910 3183 4972 είς
3209 4910 3337 4972 τοὺς
3365 4909 3587 4973 αἰῶνας.
3629 4905 3822 4977 Ἀμήν.
