4170 6294
379 366 486 428 601

1500 376 1866 440 EPISTOLA
1920 380 2019 439 AD
2060 380 2546 449 PLETHONEM.

3546 396 3652 459 602

379 490 537 553 θείας
566 507 624 544 τε
673 490 801 557 πέρι
835 491 931 559 τῆς
983 491 1038 542 ἐν
1065 492 1174 555 τοῖς
1209 492 1489 580 τοιούτοις,
1541 494 1654 546 οὐθ’
1690 496 1851 562 ἡμεῖς
1876 508 1969 561 γε·
1993 491 2043 550 Α
2073 494 2149 563 μὴ
2179 498 2309 564 ἡμῖν
2339 500 2590 570 ἐχαρίζου
2640 500 2941 575 προῦργου,
2978 507 3046 577 τῇ
3087 506 3133 559 δ’
3162 506 3412 579 ἀληθεία,
3452 509 3545 563 καὶ
3573 512 3649 580 τῷ

389 583 589 649 θοίμεθ’
620 582 687 636 ἂν
725 582 975 649 ἀλλήλοις
1007 585 1216 652 κριταὶ,
1278 584 1404 653 περὶ
1439 576 1513 637 ὧν
1568 585 1963 653 διενηνέγμεθα

378 675 507 743 ἥδη,
545 673 659 728 οὐτ’
689 676 870 737 ἄλλοις
899 675 1291 744 πιστεύσαιμεν
1325 676 1590 746 κρίνουσι,
1627 676 1705 745 τῷ
1729 676 1877 746 αὐτῷ
1902 677 1964 745 δὴ

385 768 483 820 καὶ
522 767 742 820 πάντων
776 767 941 821 πάθει
997 767 1396 836 ἐνεσχημένων,
1444 769 1538 820 καὶ
1586 767 1695 821 τῶν
1738 768 1837 837 μέν
1887 768 1965 838 τῷ

386 858 563 929 ἑτέρῳ
593 859 1035 928 προσκειμένων,
1071 859 1180 913 τῶν
1209 859 1266 912 δέ
1297 859 1376 929 τῷ
1406 860 1578 930 ἑτέρῳ
1608 862 1720 915 τοῖν
1753 861 1967 929 φιλοσό-

389 967 533 1015 φοιν,
560 944 635 1002 ὧν
667 950 942 1018 οὐδέτεροι
986 952 1097 1015 τοῖς
1146 951 1353 1021 θάτερα
1383 952 1707 1021 τετιμηκόσι
1736 952 1964 1020 γένοιντ’

384 1038 453 1092 ἀν
475 1040 742 1112 ἀξιόχρεῳ
772 1042 1045 1111 διαιτηταί⁵
1077 1043 1205 1112 περὶ
1261 1044 1371 1097 τῶν
1412 1044 1634 1113 ἐτέρων.
1671 1042 1965 1113 Λοιδοριῶν

384 1130 442 1183 δὲ
466 1130 593 1198 πέρι
623 1132 717 1183 καὶ
751 1132 1010 1201 τοιαύτης
1038 1133 1426 1202 ἀσχημοσύνης
1452 1136 1534 1197 τίς
1553 1134 1618 1187 ἂν
1637 1135 1964 1206 ἀμιλληθείη

389 1220 485 1273 καὶ
513 1219 716 1289 ὁτῳοῦν
741 1240 755 1287 ;
793 1214 869 1275 ὧν
912 1239 975 1290 γε
1008 1222 1129 1275 οὐδέ
1164 1225 1275 1285 τοῖς
1304 1224 1520 1294 ἐχθροῖς
1542 1222 1747 1288 εὔξαιτ’
1770 1224 1836 1278 ἄν
1878 1241 1965 1288 τις

386 1313 642 1379 τὸθπλέον
699 1314 865 1383 ἔχειν,
913 1315 987 1384 μή
1022 1314 1076 1367 τί
1110 1331 1173 1383 γε
1230 1315 1431 1383 ἐαυτῷ,
1482 1314 1717 1383 σώφρων
1772 1333 1833 1367 τε
1868 1315 1965 1368 καὶ

388 1406 639 1475 ἐπιεικὴς
673 1405 770 1471 ὢν,
805 1407 941 1477 πλὴν
976 1408 1028 1460 εἰ
1049 1424 1172 1461 τινα
1202 1406 1299 1461 καὶ
1332 1406 1578 1462 τοιοῦτον
1603 1408 1851 1475 θειοτέρα
1879 1424 1965 1470 τις

386 1499 664 1552 αἰτίακαι
694 1500 932 1566 ἀφυκτος
959 1498 1052 1551 καὶ
1084 1498 1355 1568 ἄρξασθαί
1387 1516 1517 1552 ποτε
1552 1498 1963 1569 κατηνάγκασε.

385 1589 616 1652 Τούτοις
649 1588 748 1658 μὲν
765 1590 944 1659 δήκαὶ
970 1588 1229 1654 τοιούτοις
1252 1591 1426 1660 ἐγωγε
1449 1590 1544 1644 νῦν
1568 1592 1771 1660 ἥκιστα
1799 1608 1966 1662 προσ-

385 1683 537 1753 έχειν
588 1684 752 1753 φημί.
786 1681 891 1737 Τοῦ
920 1683 979 1737 δὲ
1016 1682 1116 1753 τὴν
1151 1683 1380 1751 πάτριον
1420 1680 1576 1752 ἡμῶν
1625 1680 1961 1747 θεοσέϐειαν,

384 1778 419 1845 ἢ
452 1778 818 1846 φυλάττοντας
878 1777 995 1847 ἀμα
1039 1794 1099 1830 τε
1146 1776 1269 1846 Θεῷ
1316 1776 1412 1829 καὶ
1461 1776 1747 1846 φρονίμοις
1796 1777 1964 1828 πᾶσιν
1999 1814 2041 1871 Β

384 1872 664 1939 ἀρέσκειν,
701 1872 756 1941 ἢ,
808 1871 884 1934 ὡς
912 1870 1065 1924 οὐδὲν
1092 1870 1371 1938 διαφέρον,
1427 1868 1548 1922 ἀντὶ
1580 1867 1748 1933 δοξῶν
1776 1885 1835 1920 τε
1866 1868 1967 1921 οὐκ

380 1962 607 2031 ἀληθῶν
644 1962 740 2014 καὶ
792 1952 1137 2032 πραγμάτων
1171 1960 1348 2014 ἀλλων
1382 1959 1740 2029 προϊεμένους
1781 1957 1967 2011 δυσσε-

383 2038 528 2121 ϐἒῖν,
554 2055 687 2107 πολύ
718 2073 770 2107 τι
795 2054 881 2123 δὴ,
910 2054 985 2118 ὡς
1019 2048 1199 2119 οἶσθα,
1223 2036 1319 2106 καὶ
1350 2053 1481 2122 ἡμῖν
1513 2052 1575 2104 ἐκ
1606 2051 1806 2104 πολλοῦ
1832 2050 1961 2121 ἐμέ-

381 2147 520 2215 λησέ
552 2164 610 2200 τε
637 2146 750 2211 καὶ,
784 2148 879 2200 σὺν
901 2147 1017 2215 Θεῷ
1069 2148 1254 2214 φάναι,
1284 2146 1531 2215 μελήσει,
1564 2143 1692 2197 ὥσθ’
1716 2145 1865 2206 ὅπως
1893 2143 1967 2213 μὴ

383 2242 602 2305 πολλοῖς
633 2239 872 2309 συμϐαίη
930 2240 999 2292 τὰ
1030 2240 1280 2308 δεύτερα.
1313 2239 1388 2291 Οὐ
1419 2238 1527 2308 γὰρ
1558 2238 1687 2307 περὶ
1718 2237 1875 2307 ήμῶν
1904 2253 1967 2305 γε

383 2332 589 2397 αὐτῶν,
623 2333 719 2385 σὺν
740 2331 889 2401 αὐτῷ
913 2330 1030 2399 Θεῷ
1049 2330 1092 2383 δ’
1119 2331 1378 2400 εἰρήσθω,
1406 2332 1623 2383 τοιοῦτό
1652 2348 1705 2385 τι
1733 2330 1967 2399 δέδιμεν.

384 2420 494 2479 Ὧν
543 2427 706 2478 ἕνεκα
745 2425 977 2494 ζηλωτοὶ¹
1025 2426 1135 2487 τοῖς
1169 2424 1385 2485 πολλοῖς
1418 2422 1733 2493 ἐδοκοῦμεν,
1762 2423 1970 2477 τούτων

383 2520 491 2573 οὐκ
528 2520 639 2572 ἐσθ’
666 2522 693 2573 ὅ
726 2537 778 2572 τι
806 2520 865 2570 οὐ
895 2518 1255 2588 προηκάμεθα
1286 2517 1588 2587 χαίροντες.
1622 2516 1695 2569 Οὐ
1727 2517 1833 2586 γὰρ
1877 2512 1967 2588 ἦν,

383 2614 464 2674 ὡς
495 2612 705 2679 ἔοικεν,
754 2614 979 2666 ἐκείνων
1017 2630 1074 2664 τε
1130 2610 1425 2665 ἀπολαύειν
1472 2610 1675 2673 καλῶς,
1712 2610 1806 2663 καὶ
1844 2611 1968 2674 τοὺς

384 2705 585 2767 ἄλλους
611 2704 755 2775 λόγῳ
800 2722 859 2757 τε
895 2707 987 2757 καὶ
1031 2704 1180 2774 ἔργῳ
1215 2702 1444 2768 πείθειν,
1494 2702 1569 2764 ὼς
1619 2702 1965 2771 σωφρονοῖεν.

384 2800 514 2853 Εἰσὶ
543 2798 588 2852 δ’
614 2800 673 2851 ἐν
699 2799 776 2868 τῷ
800 2797 897 2851 νῦν
927 2796 1107 2868 χρόνῳ
1136 2796 1370 2849 τοιοῦτοι
1407 2795 1539 2866 παρ’
1576 2796 1706 2864 ἡμῖν
1741 2795 1840 2848 οὐκ
1863 2793 1974 2847 ὀλί-

384 2907 500 2959 γοι,
531 2890 624 2953 οὒς
656 2892 749 2944 καῖ⁵
801 2889 960 2950 αὐτὸς
1013 2882 1226 2959 ἔφησθα
1259 2886 1513 2951 δεδιέναι,
1540 2887 1600 2939 τδ
1627 2886 1671 2939 δ’
1691 2886 1838 2947 ὅπως
1897 2884 1971 2956 μὴ

384 2981 633 3048 γένοιντό
688 2997 818 3033 ποτε
854 2978 1015 3048 ήμῶν
1069 2994 1131 3030 τε
1179 2977 1274 3031 καὶ
1321 2976 1429 3029 τῶν
1483 2976 1766 3046 ἡμετέρων
1797 2974 1972 3043 λόγων

384 3074 673 3143 κρείττους
694 3073 935 3133 Λατῖνοι,
973 3072 1046 3141 μὴ
1088 3070 1341 3124 δεδιέναι.
1386 3071 1429 3121 Τ
1432 3068 1610 3122 οσοῦτ’
1646 3069 1965 3136 ἀπέσχομεν

2067 587 2283 659 δικαίῳ,
2324 593 2417 645 καὶ
2446 594 2662 659 πολλοῖς
2698 597 2878 661 ἀλλοις
2911 592 2985 653 ὧν
3018 601 3101 654 σοὶ
3127 602 3279 654 οὐδέν
3313 620 3363 655 τι
3391 605 3467 671 (1)
3490 598 3653 674 ἦττον

2065 680 2223 748 ἡμῶν
2252 682 2432 739 αὐτῶν
2471 685 2641 754 μέλει,
2676 691 2771 742 καὶ
2803 691 2977 755 οὕτως
3011 694 3157 762 ἡμᾶς
3199 693 3331 759 ἔδει,
3357 694 3418 747 τὸ
3448 698 3650 749 οἰκεῖον

2069 772 2145 842 μὴ
2183 775 2700 846 ὑπολογιζομένους,
2762 780 3088 849 ἀμείϐεσθαι
3134 783 3233 835 τὸν
3252 784 3331 846 εἰς
3381 786 3442 837 τὸ
3474 787 3653 839 κοινὸν

2067 865 2404 932 ὠφελοῦντα,
2437 870 2491 921 εί
2518 886 2569 922 τι
2603 870 2695 923 καὶ
2732 871 2838 941 ἰδίᾳ
2879 872 3027 940 αὐτῷ
3065 874 3377 941 μέμφεσθαι
3405 875 3648 944 ἔχοιμεν,

2066 957 2345 1024 ἀφιέντας,
2379 962 2471 1012 καὶ
2495 960 2615 1024 ἐξὸν
2643 962 2907 1033 ἐλέγχειν,
2945 965 3045 1017 οὐκ
3076 964 3483 1035 ἐξελέγχοντας.
3511 966 3651 1019 Οὐκ-

2065 1049 2159 1103 οῦν
2203 1051 2290 1104 διά
2323 1051 2497 1106 ταῦτα
2541 1054 2675 1123 πρὸς
2715 1056 2815 1125 μὲν
2858 1059 2927 1111 τά
2958 1057 3028 1111 σά
3060 1074 3123 1125 γε
3158 1059 3365 1123 ἐκεῖνα,
3396 1059 3549 1111 ὁποῖ’
3585 1060 3651 1113 ἂν

2064 1141 2267 1208 δόξειεν
2321 1143 2556 1212 ὀφθέντα
2589 1147 2756 1211 ποτὲ,
2810 1148 2962 1201 οὐδέν
3019 1167 3110 1219 μοι
3163 1150 3650 1219 ἀντιγεγράψεται,

2066 1232 2179 1286 ἀλλ’
2221 1234 2366 1288 ἐάσω
2421 1253 2483 1289 σε
2539 1237 2837 1293 ἀπολαύειν
2887 1232 2962 1293 ὧν
3003 1242 3060 1302 ἐς
3106 1240 3454 1310 Ἀριστοτέλη
3480 1258 3537 1294 τε
3579 1238 3650 1296 αὖ

2067 1326 2162 1376 καὶ
2209 1326 2379 1395 ἡμᾶς,
2430 1326 2505 1388 ὡς
2527 1328 2576 1380 οῖ
2634 1328 2834 1392 ἰδόντες
2869 1330 3145 1398 λέγουσιν,
3192 1332 3645 1402 αὐτοσχεδιάσας,

2066 1414 2173 1486 ᾧου
2218 1433 2270 1468 τι
2301 1416 2625 1485 ἀμυνεῖσθαι
2669 1419 2707 1488 ἢ
2752 1419 3139 1486 ἐπιδείξεσθαι,
3205 1421 3281 1485 ῶς
3334 1422 3401 1476 ἀν
3446 1421 3531 1493 εἴη
3566 1439 3652 1474 σοι

2069 1506 2164 1559 καὶ
2200 1504 2377 1561 ταῦτα
2401 1507 2651 1580 διατριϐὴ
2689 1508 2831 1581 [καὶ]
2861 1513 2974 1574 τοῖς
3023 1512 3197 1581 ἥδιστ’
3221 1513 3287 1566 ἂν
3334 1513 3502 1566 ἰδοῦσι
3536 1511 3656 1582 μετ’

2068 1600 2238 1671 ὀργῆς
2267 1600 2630 1655 ἀναπαλαίειν
2688 1603 3032 1673 πειρώμενον
3084 1607 3181 1658 καὶ
3226 1607 3496 1675 κραυγῆς,
3530 1607 3656 1658 καί·-

2068 1703 2149 1739 τοι
2207 1687 2392 1756 σχεδὸν
2426 1690 2901 1761 ἀποτριαχθένταο
2935 1693 2996 1745 οὐ
3045 1694 3152 1760 γὰρ
3183 1696 3315 1765 ἡμῖν
3350 1712 3410 1762 γε
3456 1694 3657 1760 δόξειεν

2070 1779 2158 1843 ἂν,
2190 1775 2277 1832 οἷα
2324 1780 2389 1851 δή
2441 1798 2576 1849 φασι
2606 1782 2701 1835 καὶ
2736 1783 3009 1853 Κυμαίοις
3036 1785 3143 1856 (2).
3178 1787 3287 1839 Καὶ
3320 1785 3347 1839 δ
3398 1786 3463 1855 δὴ
3497 1786 3659 1840 πλέον

2071 1871 2207 1935 ἐστὶ,
2235 1873 2649 1944 συγχωρήσαιμ’
2678 1875 2744 1928 ἄν
2796 1894 2878 1929 σοι
2934 1878 3028 1929 καὶ
3071 1877 3331 1931 Πλάτωνα
3367 1879 3462 1930 καὶ
3509 1878 3656 1945 Ἀρι-

2071 1962 2292 2033 στοτέλη
2326 1962 2515 2033 ληρεῖν
2542 1965 2768 2035 ὁμοίως.
2805 1965 2870 2019 Τί
2893 1967 3004 2037 γὰρ
3038 1966 3104 2020 ἂν
3132 1968 3226 2020 καὶ
3256 1966 3452 2035 ὄφελος
3478 1968 3654 2035 γένοι-

2069 2069 2150 2119 το,
2177 2052 2438 2124 ὁποτέρου
2471 2057 2684 2109 τούτοιν
2734 2056 2897 2110 πλέον
2942 2057 3361 2125 εὐδοκιμοῦντος
3391 2074 3407 2124 ;
3447 2057 3510 2110 υἳ
3555 2058 3655 2125 τῆς

2071 2145 2514 2215 κερδαλεωτάτης
2542 2147 2801 2217 ἀληθείας
2834 2149 2931 2219 οὐχ
2954 2144 3056 2202 οἷοί
3094 2166 3151 2201 τε
3182 2149 3432 2217 ἐγένοντο
3471 2149 3504 2217 ἢ
3556 2148 3657 2201 οὐκ

2070 2238 2300 2307 ὴξίωντο
2348 2242 2567 2310 τυχεῖν
2613 2240 2643 2293 ὃ
2697 2242 2850 2311 σφίσι
2885 2259 2944 2294 τε
2979 2243 3162 2305 αὐτοῖς
3194 2242 3286 2295 καὶ
3317 2244 3430 2305 τοῖς
3474 2240 3660 2302 ἄλλοις

2072 2332 2243 2385 αίτιον
2274 2331 2464 2399 γέγονε
2492 2331 2586 2385 τοῦ
2619 2332 2713 2386 καὶ
2743 2332 2871 2402 περὶ⁴
2908 2332 3015 2385 τῶν
3046 2332 3246 2395 ἄλλων,
3300 2333 3401 2385 ὅσα
3448 2332 3658 2384 ἐλάττω

2070 2419 2329 2490 τυγχάνει
2369 2418 2448 2490 τῷ
2501 2420 2649 2486 γένει
2706 2420 2856 2483 ὄντα,
2892 2420 3052 2475 ἄλλον
3101 2423 3157 2491 ἐν
3191 2421 3334 2491 ἄλλῳ
3362 2420 3456 2473 τοῦ
3504 2421 3658 2482 ὄντος

2071 2488 2429 2583 διαμαρτεῖν.-
2483 2511 2626 2565 Ἀλλ’
2658 2510 2711 2563 εἴ
2759 2512 2811 2564 τί
2868 2528 2933 2579 γε
2980 2513 3089 2581 ἀρα
3110 2488 3221 2566 .καὶ
3256 2488 3520 2582 χρήσιμοι
3544 2514 3658 2574 τοῖς

2071 2605 2375 2675 χριομένοις
2432 2604 2683 2657 δύναιντο
2734 2598 2897 2671 εἶναι,
2936 2603 3092 2657 τοῦτο
3146 2605 3241 2657 καὶ
3290 2604 3422 2675 παρ’
3452 2604 3658 2675 ἐτέρων

2073 2695 2256 2748 λαϐεῖν
2277 2694 2413 2761 ἐστι,
2468 2694 2792 2765 προαιρέσει
2842 2694 2943 2764 μέν
2976 2696 3089 2757 τοῖς
3120 2695 3339 2760 πολλοῖς
3371 2695 3470 2749 οὐκ
3495 2696 3658 2747 εὐπε-

2073 2787 2327 2857 τεστέρᾳ,
2379 2788 2586 2857 σπουδῇ
2623 2787 2689 2839 ,δέ
2720 2785 2983 2840 ἐλάττονι.
3016 2780 3177 2841 Οῦτοι
3217 2787 3263 2840 δ’
3298 2788 3461 2853 εἰσὶν,
3491 2788 3541 2840 οἳ
3580 2787 3662 2853 τῷ

2074 2880 2174 2950 τῆς
2218 2881 2371 2951 ἱερᾶς
2426 2882 2778 2945 διδασκαλίας
2828 2881 3237 2953 ἐλλαμφθέντες
3293 2885 3456 2952 φωτὶ,
3502 2887 3568 2955 τῇ
3601 2885 3661 2952 ἐξ

2076 2970 2302 3026 ἐκείνων
2363 2973 2526 3044 σοφίᾳ
2577 2973 2768 3045 ῶσπερ
2822 2974 2946 3028 τινὰ
2999 2976 3397 3047 ἐπιστήσαντες
3453 2977 3660 3046 ταύτην

2077 3063 2471 3132 παιδαγωγὸν,
2533 3066 2688 3119 αὐτοί
2729 3084 2791 3121 τε
2845 3066 3027 3136 πολλῷ
3101 3067 3509 3138 Ἀριστοτέλους
3566 3069 3662 3122 καὶ

386 3166 702 3219 θεοσέϐειάν
760 3182 820 3217 τε
850 3164 943 3217 καὶ
978 3162 1324 3234 ἀνθρωπίνην
1346 3160 1512 3232 τιμὴν
1543 3160 1970 3214 ἀντικαταλλάτ-
1998 3146 2044 3205 C
2079 3157 2369 3219 Πλάτωνος
2408 3158 2503 3210 καὶ
2535 3158 2646 3212 τῶν
2701 3160 2904 3228 όμοίων
2958 3159 3203 3227 βελτίους
3266 3160 3533 3227 ἐγένοντο,
3568 3163 3662 3214 καὶ

384 3260 595 3321 τεσθαι,
618 3258 647 3312 δ
689 3259 874 3328 ληρεῖν
899 3273 1044 3321 τινες
1090 3257 1188 3310 οὐκ
1215 3253 1459 3320 ὀκνοῦσι,
1488 3255 1596 3307 τῶν
1627 3253 1972 3322 πραγμάτων

384 3352 569 3414 αὐτοῖς
600 3350 1111 3417 ἀντιφθεγγομένων
1139 3388 1154 3413 ,
1202 3348 1453 3400 κυνιδίων
1485 3347 1559 3408 ὡς
1588 3344 1803 3414 ἀληθῶς
1854 3346 1974 3396 ἐπι-

383 3442 731 3510 δεικνύμενοι
779 3439 1104 3511 προαίρεσίν
1158 3455 1219 3491 τε
1250 3439 1346 3490 καὶ
1372 3437 1624 3505 δύναμιν,
1656 3435 1735 3488 ὅτι
1765 3436 1858 3487 τὸν
1883 3433 1974 3485 θυ-

390 3533 495 3600 μὸν
514 3534 572 3585 ἐν
597 3535 711 3595 ταῖς
741 3532 1053 3599 λοιδορίαις,
1090 3530 1165 3591 ὼς
1204 3529 1387 3580 ἐκεῖνα
1423 3528 1544 3589 ταῖς
1569 3525 1817 3590 ὑλακαῖς,
1855 3524 1962 3588 ἐξε-

390 3626 644 3695 μοῦντες,
673 3624 808 3677 πολὺ
828 3623 987 3675 πλέον
1012 3624 1069 3676 ἐν
1104 3622 1213 3683 τοῖς
1242 3618 1559 3685 ἀναγκαίοις
1591 3616 1905 3670 ἀπαυδῶσιν
1939 3615 1972 3686 ἢ

384 3717 513 3770 ὅσον
549 3717 604 3769 ἐν
627 3717 749 3778 ταῖς
779 3713 885 3766 τῶν
911 3714 1181 3783 περιττῶν
1228 3728 1288 3764 τε
1333 3713 1429 3764 καλ⁸
1458 3709 1721 3779 χειρόνων
1749 3708 1973 3763 νικῶσιν

386 3806 741 3876 ὑπερϐολαῖς.
776 3806 836 3858 Εἰ
866 3804 913 3858 δ’
940 3806 1299 3872 ἀγανακτοῖεν
1330 3801 1623 3872 πρεσϐείου
1658 3801 1801 3864 τινὸς
1829 3800 1971 3854 εἵνε-

385 3916 481 3963 κα,
516 3898 607 3951 καὶ
644 3897 886 3966 μείζοσιν
908 3897 1009 3949 οὐκ
1043 3896 1348 3965 όκνήσομεν
1383 3893 1583 3956 αὐτοὺς
1612 3891 1971 3962 παρεικάσαι,

384 3992 508 4051 ταῖς
537 3988 841 4042 ἀλωπεκίσι
898 3986 992 4039 καὶ
1034 3988 1155 4047 ταῖς
1193 3983 1548 4046 Ἀκταίωνος.
1594 3983 1666 4036 Σὺ
1702 3983 1747 4035 δ’
1798 3982 1884 4034 ἀεί
1913 3999 1973 4034 τε

385 4077 533 4153 ἦσθα
568 4083 627 4134 ἐν
658 4081 770 4142 τοῖς
818 4078 948 4147 περὶ
984 4076 1077 4129 τοῦ
1108 4074 1634 4144 ἀμφισϐητουμένου
1662 4073 1857 4126 τούτου
1882 4073 1977 4126 λό-

387 4187 507 4239 γοις
534 4169 612 4240 τῷ
639 4170 783 4238 γένει
814 4185 874 4221 τε
910 4168 1005 4220 καὶ
1037 4169 1103 4235 τῇ
1129 4164 1430 4234 Ἐκκλησία
1456 4166 1649 4234 φίλιος,
1680 4166 1776 4217 καὶ
1800 4164 1975 4217 οὐδενὶ

385 4264 642 4318 οὐδέποτε
677 4261 863 4330 τρόπῳ
908 4257 1173 4326 ἐπαχθὴς,
1233 4256 1327 4309 καὶ
1362 4256 1458 4308 νῦν
1486 4254 1777 4324 τεκμηρίῳ
1812 4254 1974 4324 μεγί-

389 4374 502 4427 στῳ
533 4354 677 4409 τοῦτ’
711 4353 917 4416 ἔδειξας
947 4367 962 4383 ο
993 4350 1124 4403 ὥστ’
1156 4349 1207 4402 εἰ
1236 4349 1329 4401 καί
1362 4365 1512 4409 τινας
1538 4348 1775 4415 πρόσθεν
1797 4346 1976 4399 τοιοῦ-

2075 3247 2202 3309 τοὺς
2235 3247 2661 3313 συγγινομένους
2715 3248 2897 3301 αὐτῶν
2946 3253 3069 3314 ταῖς
3131 3251 3335 3320 βίϐλοις
3385 3249 3663 3315 τοιούτους

2078 3337 2312 3393 ποιοῦσι.
2352 3340 2464 3392 Καὶ
2498 3339 2683 3392 πολλοί
2709 3356 2771 3407 γε
2804 3341 2871 3394 δι’
2912 3342 3094 3395 αὐτῶν
3142 3342 3375 3395 τοιοῦτοι
3408 3345 3665 3413 γεγένην-

2075 3446 2187 3494 ται,
2222 3424 2324 3482 οἷοι
2375 3430 2449 3499 μὴ
2479 3431 2563 3482 ὄτι
2619 3430 2730 3484 τῶν
2761 3431 3092 3502 εἰρημένων,
3153 3432 3290 3485 ἀλλά
3322 3435 3415 3486 καὶ
3453 3433 3661 3503 Ἑρμοῦ

2076 3521 2239 3575 αὐτοῦ
2275 3523 2369 3575 καὶ
2413 3522 2748 3585 ’Λπόλλωνος
2776 3527 2869 3577 καὶ
2912 3525 3170 3590 Μουσῶν,
3197 3526 3291 3578 καὶ
3323 3526 3543 3579 πάντων
3577 3526 3664 3594 ἐφ’

2076 3613 2168 3676 οὓς
2200 3615 2232 3683 ή
2290 3613 2579 3684 Ἑλληνικὴ
2611 3614 2875 3684 ἀναφέρει
2920 3616 3102 3682 σοφία,
3168 3616 3431 3685 πάμπολυ
3466 3618 3664 3686 ὑπερε-

2075 3706 2311 3773 νεγκεῖν.
2344 3705 2423 3758 Τὰ
2479 3705 2576 3769 μέν
2602 3707 2712 3775 γὰρ
2741 3706 2850 3757 τῶν
2888 3706 3022 3775 παρ’
3055 3707 3316 3778 Ἕλλησιν
3371 3710 3466 3760 ἐπὶ
3500 3708 3663 3777 σοφίᾳ

2077 3797 2308 3866 πρώτων
2341 3797 2478 3865 ἔργα
2502 3795 2613 3848 τῶν
2642 3813 2706 3864 γε
2749 3796 3030 3859 πλειόνων,
3088 3799 3183 3850 καὶ
3234 3798 3343 3850 τῶν
3376 3798 3484 3851 τῶν
3524 3816 3666 3866 φαυ-

2076 3886 2316 3940 λοτάτων
2376 3887 2601 3940 ἰδιωτῶν
2664 3889 2831 3958 χείρω
2874 3885 2965 3960 ἦν,
3008 3889 3083 3960 τῷ
3122 3892 3219 3960 τὴν
3260 3890 3359 3959 μὲν
3424 3891 3556 3960 περὶ
3600 3892 3663 3944 τὸ

2077 3978 2334 4049 αἰσθητὸν
2363 3978 2511 4033 ἅπαν
2541 3979 2830 4049 διατριϐὴν
2873 3981 2951 4051 μὴ
2993 3981 3254 4035 δύνασθαι
3284 3985 3351 4053 τῇ
3391 3983 3662 4053 μετουσίᾳ.

2076 4054 2172 4123 τοῦ
2203 4072 2521 4140 κρείττονος
2545 4072 2639 4124 καὶ
2677 4073 2741 4140 τῇ
2769 4071 2862 4124 τοῦ
2896 4071 3051 4136 ὄντος
3077 4073 3246 4127 καλοῦ
3273 4074 3418 4146 θήρᾳ
3447 4075 3539 4128 τὸν
3565 4074 3661 4128 ἀν-

2080 4162 2303 4233 θρωπον
2335 4165 2733 4234 προσαγαγεῖν,
2771 4164 2866 4217 καὶ
2896 4168 2944 4218 εί
2979 4164 3333 4237 θεωρητικῶς
3366 4167 3495 4237 περὶ
3523 4168 3664 4221 αὐτά

2083 4256 2245 4325 μόνον
2282 4257 2573 4325 στρέφοιτο
2599 4258 2728 4311 ἄνευ
2764 4256 2857 4309 τοῦ
2886 4258 3087 4328 ἥκιστα
3117 4260 3297 4313 αὐτῶν
3320 4259 3668 4329 ἐφάπτεσθαι

2081 4347 2178 4399 καὶ
2213 4349 2279 4416 τῇ
2309 4347 2566 4405 αἰσθήσει
2587 4366 2598 4378 ο
2637 4347 2765 4416 περὶ
2799 4348 2855 4400 δέ
2885 4366 2949 4416 γε
2983 4351 3093 4402 τῶν
3131 4353 3338 4419 νοητῶν
3375 4351 3543 4421 μηδὲν
3566 4352 3668 4404 αὐ-

387 4463 477 4509 τος
500 4444 574 4497 ῶν
606 4441 899 4513 ἐλελήθεις,
939 4440 1123 4502 αὐτοῖς
1148 4457 1204 4492 τε
1238 4438 1331 4490 καὶ
1363 4439 1477 4496 τοῖς
1508 4435 1818 4489 διαϐάλλειν
1850 4439 1973 4488 ἐπισ-
2005 4476 2057 4535 D
2083 4441 2195 4501 τοῖς
2238 4439 2409 4506 σαφὲς
2428 4436 2572 4491 εἶναι
2606 4441 2735 4507 περί
2763 4440 2887 4491 ὅτου
2917 4441 2982 4492 ἂν
3010 4443 3100 4493 καλ⁵
3144 4442 3301 4504 ἐλπίς
3327 4460 3414 4505 τις
3457 4445 3540 4512 εἴη
3576 4445 3668 4512 βε-

290 4527 300 4561 ;
389 4536 633 4608 χειροῦσι
689 4534 882 4603 μηκέτ’
928 4534 993 4586 ἂν
1044 4531 1245 4595 ἐξεῖναι
1294 4530 1361 4582 τὰ
1396 4529 1501 4581 τῶν
1552 4528 1892 4594 ἀγιοούντων
1940 4527 1971 4596 ἢ

287 4609 297 4617 ’
387 4625 857 4682 ἐθελοκακούντων
905 4622 1277 4675 ἐνδείκνυσθαι
1312 4621 1442 4689 περὶ
1475 4619 1553 4672 σέ.
1596 4619 1718 4680 Πῶς
1766 4617 1864 4697 γοῦν
1893 4618 1976 4669 δί-

388 4738 542 4783 καιος
574 4719 639 4773 ἂν
669 4714 737 4788 ἦν
782 4715 1086 4783 ἀντιλέγειν
1128 4713 1426 4783 ἐπιχειρῶν
1483 4712 1516 4780 ἢ
1551 4710 1864 4781 βασκαίνων
1897 4713 1975 4779 τῷ

388 4813 444 4872 ἐς
468 4810 538 4862 τὰ
573 4806 812 4877 μέγιστά
837 4822 894 4857 τε
930 4804 1026 4857 καὶ
1055 4803 1365 4855 οἰκειότατα
1410 4800 1795 4869 ξυμμαχοῦντι
1829 4797 1974 4852 οὕτω

388 4897 705 4968 χρησίμωςς
739 4895 801 4948 Εἰ
834 4894 943 4965 γάρ
979 4909 1044 4963 με
1079 4891 1171 4944 δύο
1199 4890 1473 4959 φεύγοντα
1495 4890 1667 4953 δίκας,
1692 4890 1972 4963 ἀπήλλατ-

388 5004 475 5052 τες
517 4989 616 5058 μέν
654 4987 757 5056 τῆς
790 4987 1054 5055 μεγίστης
1077 4982 1482 5053 συναγορεύων,
1536 4985 1631 5035 καὶ
1659 4985 1722 5052 ἢν
1756 4985 1978 5037 πάντων

391 5080 457 5131 ἂν
506 5078 615 5130 τῶν
651 5076 1007 5146 ὑπαρχόντων
1043 5073 1388 5143 ἡλλαττόμην
1444 5074 1602 5144 νικᾷν
1624 5086 1641 5102 ⁸
1679 5065 1740 5126 οὗ
1793 5072 1840 5126 δ’
1870 5075 1977 5128 ἔδει

391 5188 456 5239 με
488 5170 655 5239 μηδέν
689 5187 741 5221 τι
768 5167 955 5238 σχεδὸν
1008 5165 1342 5235 βλάπτεσθαι
1370 5164 1753 5231 ἐπεϐούλευες,
1784 5166 1816 5236 ἢ
1847 5167 1976 5219 διώ-

387 5279 498 5313 κων
530 5261 562 5329 ἢ
600 5262 678 5330 τῷ
706 5261 959 5313 διώκοντι
1000 5259 1395 5326 συνιστάμενος
1420 5275 1432 5289 '
1463 5253 1553 5327 ἆρ’
1581 5258 1865 5326 εὐγνῶμον
1911 5259 1977 5311 ἂν

386 5348 471 5422 ἦν,
502 5353 709 5421 ἀφέντα
742 5369 824 5405 σοι
878 5352 1040 5421 χάριν
1097 5351 1297 5402 εἰδέναι
1332 5344 1407 5401 ὧν
1453 5348 1797 5412 ἐσπούδακας
1831 5350 1975 5420 ὠφε-

386 5444 518 5508 λεῖν,
546 5444 829 5514 ἐλαχίστου
860 5444 1199 5511 ἀδικήματος
1252 5444 1616 5511 μνησικακεῖν
1663 5460 1719 5495 τε
1752 5446 1844 5496 καὶ
1878 5447 1971 5498 ἀν-

386 5537 695 5601 τεπεξιέναι
742 5535 1077 5604 πειρᾶσθαι;
1126 5532 1327 5587 Πολλοῦ
1360 5550 1421 5601 γε
1456 5535 1546 5586 καὶ
1571 5534 1668 5589 δεῖ.
1702 5536 1768 5590 Εἰ
1796 5537 1848 5589 δὲ
1876 5541 1973 5592 καὶ

457 5737 535 5805 (ί)
571 5732 710 5809 {im}.
754 5730 832 5794 οἷς
882 5733 1044 5809 *οὐδέν
1098 5750 1169 5798 τι,
1243 5734 1381 5802 quod
1450 5749 1550 5790 nos
1605 5735 1964 5809 coniectando

390 5806 827 5863 ednmdavimus.
870 5806 929 5856 Al
950 5818 1038 5855 EX.

2087 4532 2215 4583 ϐαία
2260 4530 2403 4582 οὕτω
2437 4532 2529 4582 καὶ
2578 4529 2727 4599 ἔχειν
2772 4531 2848 4593 ὡς
2896 4533 2990 4584 ὐπ’
3027 4534 3209 4586 αὐτῶν
3261 4536 3525 4601 ἐγνωστο,
3554 4536 3668 4588 ἀλλ’

2085 4620 2273 4690 ὥσπερ
2303 4621 2469 4690 ἀλλην
2496 4622 2619 4673 τινα
2647 4622 2757 4673 τῶν
2792 4623 3139 4693 ἐπιστημῶν,
3174 4623 3319 4675 οὕτω
3355 4624 3419 4695 δὴ
3449 4625 3543 4676 καὶ
3572 4625 3671 4695 τὴν

2086 4714 2211 4781 περὶ
2248 4713 2356 4763 τῶν
2389 4711 2551 4764 θείων
2594 4710 2855 4781 ἀσκῆσαι,
2890 4713 2985 4764 καὶ
3015 4712 3201 4783 πολλῷ
3232 4714 3436 4782 χεῖρον,
3472 4715 3581 4784 ὅσῳ
3605 4716 3670 4783 δὴ

2085 4806 2178 4856 καὶ
2223 4804 2411 4872 ἥττονι
2448 4803 2808 4873 βεϐαιότητι·
2842 4799 2985 4856 εἶναι
3031 4803 3128 4872 μέν
3179 4821 3303 4856 τινα
3331 4805 3439 4870 τῶν
3484 4822 3673 4873 φαινου

2090 4898 2271 4965 μένων
2308 4896 2490 4965 πολλῷ
2545 4896 2781 4967 κρείττω
2823 4896 2919 4949 καὶ
2953 4896 3132 4950 αὐτῶν
3165 4897 3342 4958 ἐνίους
3375 4897 3671 4967 ὑπειληφό-

2085 5009 2205 5057 τας,
2243 4990 2469 5044 τοιαῦτα
2500 4990 2565 5055 δ’,
2595 4984 2683 5042 οἷα
2711 4989 2876 5053 αὐτὸς
2918 4989 3149 5053 ἕκαστος
3179 4990 3481 5060 ὑπείληφεν
3506 4985 3669 5054 εἶναι,

2086 5083 2148 5134 ἐκ
2177 5100 2337 5135 τινων
2371 5082 2559 5151 μύθων
2588 5082 2621 5146 ἢ
2659 5080 2769 5133 τῶν
2809 5082 3027 5134 οἰκείων
3065 5081 3410 5151 προλήψεων,
3451 5082 3546 5134 καὶ
3574 5083 3673 5153 ἀρ-

2084 5177 2216 5245 χῶν,
2261 5174 2326 5237 ἆς
2374 5190 2504 5226 ποτε
2564 5174 2941 5243 ἀληθεστέρας
2988 5173 3098 5225 τῶν
3143 5173 3320 5228 ἀλλων
3378 5172 3673 5243 τυγχάνειν

2086 5266 2246 5338 ᾤετο,
2276 5264 2636 5336 ὡρμημένος.
2667 5265 2864 5318 Λαθείν
2897 5266 2954 5318 δέ
2977 5265 3085 5318 οὐδ’
3116 5264 3313 5328 αὐτοὺς
3344 5265 3588 5327 ἐκείνους
3612 5264 3686 5316 τὸ.

2087 5359 2255 5429 μηδὲν
2296 5358 2487 5410 πιστὸν
2534 5356 2681 5427 ἐχειν
2715 5357 2843 5427 περὶ
2890 5356 3095 5423 αὐτῶν,
3126 5359 3173 5410 εί
3205 5358 3280 5427 μὴ
3325 5359 3383 5420 ἐς
3414 5340 3540 5408 ὅσον
3576 5355 3675 5407 καὶ

2081 5453 2147 5520 τῇ
2176 5452 2283 5501 τῶν
2316 5448 2543 5501 ἰδιωτῶν
2576 5449 2756 5521 πλάνῃ
2787 5449 3111 5519 ἐκέχρηντο,
3170 5446 3535 5518 χρηστηρίοις
3574 5448 3671 5499 καὶ

2084 5545 2202 5604 τοῖς
2238 5543 2452 5594 ἐκεῖθεν
2501 5541 2865 5610 προσέχοντες
2913 5540 3217 5610 ἀφορμαῖς,
3251 5538 3352 5589 οὐκ
3392 5535 3671 5605 ἐξηπατη-

2148 5740 2223 5809 (2)
2285 5738 2420 5803 Quia
2462 5751 2669 5809 nempe
2719 5736 3023 5785 σκώπτεται
3083 5730 3160 5792 εἰς
3213 5726 3570 5799 ἀναισθησίαν
3635 5728 3682 5796 ἡ.

2078 5806 2259 5873 Κύμη
2305 5807 2535 5871 (*Uub.)
2568 5806 2739 5860 Ausx.
