4118 6280
522 375 633 442 6οῚ

1606 378 1754 439 GEN
1766 378 1860 438 NA
1873 377 1945 437 Dl
1962 377 1984 436 Ι
2025 376 2134 437 ΕΡ.
2168 375 2365 435 PATR
2379 373 2678 435 ιΑιιεΗΑῑ

3658 372 3765 436 θοι

525 487 677 557 μένοι
709 488 908 556 μᾶλλον
950 489 980 557 ἥ
1011 488 1243 558 ἑκουσίῳ
1282 487 1461 559 ἐνδείᾳ
1505 486 1597 541 τοῦ
1631 485 1995 556 ἀληθεστέρου
2026 501 2084 536 τε
2114 486 2156 542 Α
2187 486 2554 556 φιλοσοφῆσαι
2588 485 2876 549 τοσούτους
2931 486 3027 540 καὶ
3084 488 3233 557 ἔργῳ
3281 487 3380 556 τὴν
3440 485 3762 555 προαίρεσιν

523 581 616 632 καὶ
653 579 925 650 βελτίονος
948 597 961 611 ο
1002 583 1180 650 σαφὴς
1209 581 1318 651 γὰρ
1341 577 1408 652 ἦν
1435 583 1468 650 ή
1511 580 1660 650 παρά
1684 581 1792 632 τῶν
1822 577 2090 646 δαιμόνων

523 673 754 741 φενάκη.
782 674 859 724 Δι’
886 672 921 726 ἀ
949 673 1013 741 δὴ
1058 674 1150 726 καὶ
1181 673 1281 726 οὐκ
1321 673 1628 735 ἀπεικότως
1659 673 1856 726 ἐκεῖνοι
1890 671 2093 733 πάντες

525 764 708 830 σχεδὸν
734 764 1043 832 ἀσύμφωνα
1093 766 1159 833 τῇ
1188 764 1495 835 ἐπαγγελίᾳ
1527 762 1619 816 τοῦ
1651 761 1769 832 βίου
1801 761 1938 830 ἔργα
1980 762 2094 813 ἐπι-

522 853 854 922 δειξάμενοι,
887 854 1043 906 οὐδὲν
1074 853 1168 906 τοῦ
1214 854 1475 924 τρίϐωνος
1504 854 1712 906 ὤναντο
1748 854 1844 905 καὶ
1891 852 1993 919 τῆς
2035 852 2094 903 ἐν

523 949 642 1006 ταῖς
674 949 857 1010 στοαῖς
887 947 918 1017 ἢ
943 949 1055 1010 τοῖς
1079 947 1402 1018 περιπάτοις
1425 946 1761 1012 ἀδολεσχίας,
1788 944 1919 998 ὥστ’
1936 945 2095 1012 εἴπερ

524 1028 928 1102 τινάς,ἀύτοὺς
957 1037 1022 1090 ἂν
1055 1032 1197 1090 εἶναι
1231 1038 1356 1100 τοὺς
1384 1039 1464 1101 είς
1493 1037 1631 1090 δνων
1653 1051 1712 1088 τε
1761 1035 1854 1088 καὶ
1888 1033 2094 1103 θηρίων

528 1126 706 1178 ἀλλων
759 1126 988 1195 σώματα
1018 1128 1290 1190 εἰσιόντας
1322 1127 1420 1180 σὺν
1469 1127 1609 1198 αύτῇ
1657 1124 1948 1197 φιλοσοφίᾳ
2004 1125 2098 1177 καὶ

530 1221 642 1280 τοῖς
671 1218 857 1280 καλοῖς
901 1221 1276 1290 θεωρήμασιν,
1312 1219 1430 1286 εῐγε
1464 1219 1685 1290 ἀληθεῖς
1714 1219 1772 1272 αί
1825 1233 2097 1286 μετενσω-

529 1309 806 1378 ματώσεις
830 1315 925 1366 καὶ
947 1313 996 1363 οί
1049 1312 1174 1380 περὶ
1211 1313 1394 1365 αὐτῶν
1423 1306 1564 1383 ἦσαν
1597 1311 1766 1378 λόγοι.
1801 1308 1865 1364 Οί
1904 1309 1959 1362 δέ
2000 1309 2098 1374 τῆς

530 1397 680 1464 ἱερᾶς
715 1399 876 1468 ἡμῶν
917 1399 1152 1464 πίστεως
1176 1403 1468 1472 ήγεμόνες,
1497 1401 1661 1464 εὐθὺς
1687 1401 1796 1456 ἀπὸ
1818 1403 1916 1469 τῆς
1941 1401 2096 1454 εὐτυ-

533 1491 662 1558 χοῦς
711 1492 928 1558 ἐκείνης
951 1493 1267 1562 οἰκονομίας
1305 1493 1401 1544 τοῦ
1454 1493 1764 1562 κρείττονος
1815 1492 1978 1560 μέχρι
2006 1491 2099 1544 καὶ

531 1584 624 1634 ἐπὶ
655 1584 906 1637 πλεῖστον
939 1584 1150 1652 χρόνον,
1193 1584 1255 1636 ού
1287 1584 1447 1652 μόνον
1476 1583 1570 1636 τοῦ
1598 1584 1780 1637 αὐτῶν
1813 1583 1972 1650 λόγου
2002 1583 2098 1636 καὶ

535 1676 584 1726 οἱ
637 1673 957 1743 σοφώτεροι,
1009 1674 1146 1728 ἀλλά
1217 1675 1312 1728 καὶ
1371 1674 1574 1737 παντὸς
1633 1675 1791 1741 λόγου
1854 1675 2100 1742 κρεῖττον

2193 579 2592 645 ἐπιδείξασθαι,
2629 581 2787 643 ὅσους
2817 579 2850 648 ἢ
2884 580 2943 632 ἐν
2973 579 3126 632 πόλει
3165 579 3269 651 μιᾷ
3301 578 3411 632 τῶν
3439 576 3759 645 ἁπανταχοῦ

2194 671 2376 741 ἀρχων
2405 665 2486 734 εἷς
2512 673 2570 723 ἐν
2601 671 2783 740 ἡμέρᾳ
2817 669 2918 740 μιᾷ
2962 669 3434 740 φιλοσοφήσαντας
3475 664 3619 721 εἶδεν
3649 666 3762 731 (ού-

2192 764 2280 817 δέν
2312 765 2609 834 ίσχυσάσης
2638 763 2785 831 αὐτῷ
2812 765 2908 830 τῆς
2936 763 3268 833 μαγειρικῆς
3294 762 3601 830 ὠμότητος,
3696 762 3764 810 τὰ

2195 859 2418 911 ἐκείνων
2445 857 2678 926 σώματα
2710 856 2937 926 μετιὼν,
2971 857 3204 926 ἤλπισεν
3253 854 3625 923 ἀποστρέψειν
3669 851 3762 904 τοῦ

2194 946 2358 1017 ὀρθοῦ
2392 947 2738 1016 φρονήματος
2767 947 2860 1000 καὶ
2885 947 2984 1014 τῆς
3014 947 3102 999 ἐπ’
3127 945 3277 1014 αύτῷ
3308 945 3527 1006 βεϐαίου
3551 943 3765 998 ἐλπίδος

2195 1039 2322 1100 τοὺς
2359 1037 2708 1108 μακαρίους),
2743 1037 2776 1106 ἢ
2809 1039 2868 1090 ἐν
2889 1037 3001 1090 τῶν
3029 1038 3130 1101 τῆς
3171 1037 3375 1106 ἀρετῆς
3407 1034 3764 1104 ἀσκητηρίων

2198 1128 2278 1180 ἐνί
2325 1145 2403 1198 τῳ
2456 1129 2731 1199 πανταχοῦ
2784 1130 2915 1198 μιᾶς
2958 1129 3148 1196 γενεᾶς
3177 1127 3388 1198 χρόνος.
3420 1127 3516 1179 καὶ
3568 1126 3658 1192 ὑφ’
3685 1125 3765 1178 ἐνί

2197 1237 2321 1284 που,
2366 1222 2414 1274 εί
2459 1220 2638 1290 τύχοι,
2681 1219 3042 1290 καθηγεμόνι,
3093 1218 3602 1288 πεφιλοσοφηκότας
3639 1235 3765 1284 γνη-

2199 1309 2350 1375 σίως,
2380 1312 2447 1380 τῇ
2497 1311 2604 1362 τῶν
2657 1311 2946 1380 μακαρίων
2995 1313 3055 1364 ἐν
3116 1310 3366 1380 οὐρανοῖς
3419 1313 3762 1380 προσήνεγκε

2200 1401 2467 1472 πολιτείᾳ.
2499 1401 2574 1453 Τδ
2597 1401 2654 1454 δέ
2687 1401 2892 1469 πλῆθος
2911 1403 3060 1456 ἀπαν
3089 1400 3199 1455 τῶν
3227 1401 3334 1454 ὑπὸ
3363 1401 3465 1467 τῆς
3507 1400 3764 1472 ἀληθείας

2200 1492 2670 1562 κατασχεθέντων,
2705 1493 2891 1557 ἐξότου
2945 1493 3014 1546 δι’
3064 1493 3262 1560 ἐαυτῆς
3315 1492 3590 1561 ἐϐουλήθη
3641 1493 3764 1554 τοὺς

2200 1581 2522 1652 ἀνθρώπους
2551 1583 2884 1653 ἐπιπρέψαι
2918 1584 3055 1655 πρὸς
3084 1585 3306 1655 ἑαυτὴν,
3337 1585 3418 1646 τίς
3445 1586 3511 1640 ἂν
3540 1585 3640 1638 ούκ
3677 1587 3764 1638 ἐπὶ

2201 1672 2326 1725 νοῦν
2381 1673 2684 1741 ἐκπλαγείη
2725 1673 2945 1740 nam;
2983 1675 3252 1729 Τοσοῦτον
3285 1676 3482 1745 ἀπέχει
3531 1679 3597 1746 τῇ
3630 1678 3764 1730 κατά

537 1764 741 1828 ἐϐίουν,
775 1766 850 1836 (Ι)
882 1769 1068 1833 ἅσπερ
1115 1767 1261 1829 εἰκὸς
1291 1762 1360 1836 ἦν
1409 1769 1535 1828 τοὺς
1578 1769 1713 1838 αὐτῇ
1751 1765 1886 1820 Θεοῦ
1916 1766 2095 1836 σοφίᾳ,
2131 1803 2174 1861 Β
2203 1760 2436 1830 Χριστὸν
2463 1761 2752 1833 φιλοσοφίᾳ
2779 1763 2812 1832 ὴ
2848 1762 2957 1816 τῶν
2987 1781 3130 1828 τινος
3152 1763 3460 1833 ἀνθρώπων
3496 1767 3767 1835 παραϐλη-

535 1859 896 1922 σδγγενέσθαι
921 1862 1029 1922 τοῖς
1067 1859 1236 1930 ἀνθρ·ῖ
1253 1879 1373 1924 ποις
1398 1861 1672 1932 ἀξιωσάσῃ
1693 1860 1880 1913 τούτου
1915 1859 2097 1929 χάριν,

533 1951 982 2016 ἀκολουθοῦντας.
1012 1953 1293 2022 Γραμμῶν
1324 1954 1423 2022 μὲν
1459 1955 1555 2006 καὶ
1589 1953 1843 2023 ἀριθμῶν
1873 1951 2100 2007 καὶτῶν

529 2042 798 2111 οὐρανίων
826 2046 1131 2112 τηρήσεως,
1179 2045 1276 2097 καὶ⁸
1305 2049 1543 2115 φυσικῆς
1569 2046 1902 2112 ἐπιστήμης,
1928 2044 1978 2097 οί
2003 2044 2102 2112 μέν

532 2134 652 2186 ούδέ
693 2134 789 2200 τὴν
828 2135 1001 2204 ἀρχὴν
1029 2137 1316 2196 ἐπαΐοντες
1339 2152 1354 2166 ο
1382 2130 1456 2189 ὧν
1481 2136 1592 2204 γὰρ
1621 2135 1722 2203 τῆς
1750 2132 2103 2194 ἀπολαύσεως

533 2224 871 2294 ὠλιγώρουν,
897 2226 1105 2278 τούτων
1131 2226 1230 2296 τὴν
1259 2226 1489 2294 είδησιν,
1521 2226 1618 2279 καὶ
1662 2224 1771 2278 τῶν
1804 2225 1932 2294 περὶ
1963 2221 2102 2277 αύτά

535 2315 914 2383 παθημάτων.
963 2317 1118 2370 οὐδὲν
1158 2315 1388 2386 ἡγοῦντο
1452 2317 1670 2385 σεμνὸν,
1733 2316 1867 2370 πάνυ
1923 2315 2104 2379 καλῶς

539 2406 841 2480 ποι-οῦντες.
877 2407 1070 2475 Είγάρ
1089 2408 1151 2458 τὸ
1189 2408 1389 2475 γνῶναι
1434 2407 1569 2478 πρὸς
1606 2410 1667 2460 τδ
1693 2406 2105 2477 ὑπερφρονῆσαι

537 2491 648 2544 τῶν
673 2510 734 2560 γε
763 2495 1021 2547 τοιούτων
1053 2495 1210 2565 φέροι
1246 2495 1336 2557 ἀν,
1365 2498 1476 2555 τοῖς
1504 2512 1567 2564 γε
1616 2495 1741 2548 νοῦν
1764 2494 1968 2565 ἔχουσι,
2007 2496 2107 2548 καὶ

539 2587 836 2655 ἐρασθῆναι
863 2589 957 2641 τοῦ
991 2589 1240 2653 κάλλους,
1277 2589 1306 2643 ὅ
1350 2590 1492 2659 ὑπὲρ
1519 2591 1693 2643 ταῦτα
1721 2589 1899 2642 πάντα
1932 2589 2104 2652 ἐστὶν,

542 2677 745 2745 ἀφανὲς
797 2678 878 2732 ἔτι
944 2677 1024 2743 ὃν,
1058 2680 1109 2730 τί
1140 2678 1193 2745 γ’
1225 2678 1291 2730 ἃν
1323 2679 1530 2733 ἐδέοντο
1567 2680 1798 2746 κάμνειν
1829 2679 1961 2748 περὶ
2009 2679 2108 2744 τὴν

538 2768 799 2837 τοιαύτην
827 2769 1052 2836 γνῶσιν,
1075 2769 1180 2839 όδῷ
1212 2770 1385 2841 ῥᾴστῃ
1416 2787 1474 2823 τε
1516 2771 1610 2823 καὶ
1635 2769 1972 2838 δικαιοτάτῃ,
2011 2764 2109 2818 καὶ

544 2859 714 2930 πείρᾳ
746 2860 972 2929 βεδαίῳ,
1009 2861 1148 2932 μετά
1186 2861 1280 2915 τοῦ
1313 2861 1547 2932 ἐραστοῦ
1584 2861 1883 2924 κάνταῦθα,
1906 2862 1981 2924 ὼς
2011 2862 2106 2927 ἐγ-

540 2956 728 3020 χωρεῖ,
760 2953 1017 3020 γενέσθαι
1071 2952 1400 3020 δυνάμενοις
1441 2955 1503 3009 Ol
1549 2954 1604 3006 δέ
1660 2955 1755 3008 καὶ
1795 2950 1969 3007 ταῦτα
2011 2950 2112 3020 μέν

542 3043 759 3113 ᾔδεσαν,
786 3042 901 3096 ἀλλ’
931 3043 1085 3096 οὐδὲν
1118 3043 1316 3112 μᾶλλον
1345 3044 1454 3096 τῶν
1473 3043 1575 3097 οὐκ
1605 3043 1824 3097 είδότων
1847 3042 2109 3114 ἐχρῶντο.

2203 1851 2358 1920 θῆναι
2389 1852 2484 1904 καὶ
2515 1853 2735 1906 πάντων
2767 1853 2902 1922 όμοῦ
2948 1855 3025 1923 τῷ
3056 1871 3114 1909 τε
3146 1856 3341 1924 πλήθει
3391 1857 3502 1909 τῶν
3533 1856 3765 1925 βελτιου-

2205 1939 2385 2009 μένων
2417 1943 2512 1997 καὶ
2543 1943 2622 2013 τῷ
2654 1944 2809 2014 τάχει
2846 1945 2943 2014 τῆς
2975 1943 3335 2013 βελτιώσεως,
3363 1946 3506 2000 ὥστε
3539 1948 3634 2000 καὶ⁵
3659 1964 3766 1999 κιν·

2201 2036 2456 2092 δυνεῦσαι
2491 2036 2557 2092 ἂν
2590 2037 2769 2108 μάτην
2817 2041 3102 2108 γεγονέναι
3151 2043 3367 2097 τουτονὶ
3416 2041 3508 2094 τὸν
3567 2042 3766 2108 κόσμον

2204 2121 2288 2196 (οῦ
2316 2127 2414 2196 τῆς
2440 2130 2756 2192 συστάσεως
2785 2130 2938 2193 τέλος
2972 2131 3063 2185 τὸν
3085 2131 3374 2201 ἄνθρωπον
3407 2133 3503 2185 καὶ
3532 2131 3642 2184 τῶν
3667 2132 3766 2195 ἐξω

2204 2222 2390 2276 πολλοὶ
2418 2223 2644 2277 τιθεῖσιν
2666 2217 2826 2288 εἶναι,
2857 2225 2952 2277 καὶ
2988 2225 3036 2276 εί
3071 2224 3144 2292 μὴ
3172 2224 3270 2277 τοῦ
3300 2224 3633 2295 σύμπαντος,
3661 2224 3770 2278 ἀλλ’

2205 2314 2306 2367 ὅσα
2339 2315 2448 2366 τῶν
2479 2316 2780 2384 γινομένων
2816 2317 2952 2370 είσὶν
2989 2317 3156 2386 ἀρχαὶ
3190 2316 3298 2369 τῶν
3333 2318 3390 2369 ἐν
3421 2317 3643 2387 τούτῳ),
3683 2317 3774 2370 καὶ

2204 2403 2302 2466 τάς
2328 2403 2436 2457 τῶν
2459 2403 2763 2474 ἀνθρώπων
2786 2407 3027 2474 γενέσεις
3053 2423 3110 2459 τε
3139 2410 3235 2461 καὶ
3263 2406 3406 2469 ζωὰς
3440 2408 3532 2459 καὶ
3562 2406 3772 2474 ἐφέσεις

2207 2495 2329 2564 είκῆ
2369 2495 2446 2564 τῷ
2493 2497 2659 2548 παντὶ
2698 2497 2875 2566 χρόνῳ
2903 2497 3313 2567 προστίθεσθαι,
3347 2499 3396 2549 εί
3435 2497 3510 2566 μὴ
3554 2498 3653 2567 τὴν
3681 2498 3774 2562 τίς

2208 2586 2522 2657 ὑπερφυοῦς
2571 2587 2830 2656 ἀληθείας
2866 2587 3175 2656 φανέρωσιν
3205 2587 3378 2648 οὕτως
3427 2587 3456 2639 ό
3485 2587 3618 2650 Θεὸς
3645 2586 3774 2656 ᾠκο-

2208 2681 2382 2747 νόμει,
2414 2679 2556 2733 ὥστε
2583 2681 2676 2732 καὶ
2717 2678 3226 2748 ἀποκαλυφθείσης,
3264 2676 3358 2730 καὶ
3389 2675 3660 2744 μενούσης
3697 2673 3774 2726 ἐτι

2207 2771 2318 2830 τοῖς
2349 2769 2714 2839 ἀμϐλυτέροις
2757 2769 3205 2839 κεκαλυμμένης,
3260 2768 3356 2820 καὶ
3384 2765 3462 2835 τῷ
3491 2766 3590 2834 μὲν
3614 2765 3776 2827 ὑπερ-

2210 2861 2336 2928 φυεῖ
2365 2860 2472 2912 τῶν
2506 2861 2846 2929 μαθημάτων
2878 2859 3200 2929 ἀφιστάνειν
3235 2857 3507 2926 δοκούσης
3553 2857 3652 2924 οὐχ
3682 2849 3774 2925 ἦτ-

2212 2967 2306 3003 τον
2336 2951 2370 3020 ἢ
2405 2951 2506 3019 τῆς
2533 2951 2888 3012 διδασκαλίας
2919 2949 2995 3018 τῷ
3027 2951 3236 3020 τρόπῳ,
3266 2949 3351 3001 διά
3375 2948 3433 3000 δέ
3463 2948 3572 2999 τῶν
3603 2963 3777 3014 παρα-

2209 3042 2375 3106 δόξως
2414 3042 2573 3104 αὖθις
2618 3042 3030 3110 ἐνεργουμένων
3075 3041 3283 3102 πάντας
3337 3041 3779 3110 προσαγομένης,

543 3134 682 3203 πλὴν
705 3135 757 3189 εί
778 3151 881 3186 που
909 3133 1093 3204 ἐδέησε
1121 3133 1244 3196 τοὺς
1271 3135 1359 3186 ἐπὶ
1388 3138 1452 3204 τῇ
1479 3133 1690 3204 ματαίῳ
1709 3131 1880 3204 ταύτῃ
1907 3132 2110 3202 σπουδῇ
2139 3130 2184 3189 C
2217 3131 2468 3184 τοσοῦτον
2513 3131 2679 3200 ἐσμὸν
2723 3130 3027 3200 ἀνθρώπων
3078 3129 3274 3199 ἀθρόον
3305 3133 3369 3199 τῇ
3398 3131 3496 3198 τῆς
3528 3129 3781 3199 ἀληθείας

549 3226 688 3294 μόνῃ
727 3228 1160 3292 σεμνυνομένους
1191 3224 1459 3293 ἐλέγχειν,
1501 3228 1598 3278 καὶ
1632 3225 1700 3277 τά
1731 3224 1938 3277 ἐκεῖθεν
1964 3223 2114 3276 ἀνθί-

545 3317 774 3370 στασθαι
809 3319 875 3386 τῇ
917 3317 1038 3385 ἱερᾷ
1099 3316 1329 3387 ἀληθείᾳ
1372 3316 1635 3370 δοκοῦντα
1691 3315 1965 3370 δεικνύναι
2022 3310 2112 3367 οἷα

543 3408 711 3476 ἐχρῆν
740 3406 1072 3469 δείκνυσθαι,
1097 3407 1192 3459 καὶ
1222 3407 1296 3470 ὡς
1320 3407 1382 3458 ἂν
1415 3407 1489 3474 μὴ
1519 3405 1824 3475 κομπάζειν
1844 3405 2112 3465 δύναιντο,

544 3497 578 3566 ἢ
613 3499 685 3560 ὡς
721 3497 786 3548 δι’
810 3497 1045 3566 ἀμαθίαν
1077 3498 1186 3550 τῶν
1215 3497 1386 3551 ἄλλων
1408 3497 1503 3549 ἐπὶ
1537 3498 1602 3548 τά
1637 3495 1829 3565 βελτίω
1863 3496 2113 3564 ἱεμένων,

545 3586 654 3636 τῶν
684 3585 768 3655 τῷ
802 3586 916 3640 όντι
963 3587 1272 3655 φιλοσόφων
1303 3587 1631 3655 καταγελᾷν,
1665 3587 1714 3636 οί
1755 3587 1821 3654 τῇ
1854 3584 1960 3636 τῶν
1990 3601 2116 3649 φαι-

549 3677 790 3743 νομένων
831 3677 1031 3744 γνώσει
1075 3678 1511 3747 προσηλωμένοι.
1544 3678 1750 3736 Πάντες
1781 3674 1826 3728 δ’
1855 3674 1989 3743 ὁμοῦ
2019 3674 2116 3742 τὴν

550 3765 811 3836 ἀληθινὴν
842 3769 1034 3834 σοφίαν
1064 3766 1289 3838 τοιαύτῃ
1321 3785 1378 3820 τε
1413 3760 1572 3834 εὖρον
1596 3767 1823 3836 σπουδῇ,
1859 3767 1957 3820 ούκ
1987 3766 2117 3818 ἄνευ

548 3859 646 3922 τῆς
672 3860 726 3922 ἐξ
758 3858 925 3926 αὐτῆς
951 3859 1196 3927 όδηγίας,
1219 3861 1308 3910 καὶ
1331 3858 1640 3928 εὑρημένην
1661 3859 1930 3926 ἐτίμησαν
1951 3857 2119 3922 οὕτω,

551 3946 682 3999 ὥσθ’
721 3949 860 4016 ὑπὲρ
888 3948 1056 4017 αὐτῆς
1085 3951 1178 4002 καὶ
1213 3949 1322 4000 τῶν
1353 3949 1524 4016 αὐτῆς
1554 3948 1734 4016 νόμων
1767 3949 2027 4016 θνήσκειν
2058 3965 2120 4001 τε

553 4040 645 4091 καὶ
677 4039 765 4090 διὰ
801 4039 918 4102 βίου
950 4039 1296 4107 τεθνηκέναι,
1334 4039 1362 4091 δ
1389 4039 1452 4106 δὴ
1501 4039 1596 4091 τοῦ
1627 4039 1748 4090 κατ’
1787 4037 2001 4106 ἐκείνην
2031 4037 2123 4107 βε-

555 4126 816 4181 ϐιωκέναι
873 4125 1140 4196 ἀκριϐῶς,
1187 4125 1324 4176 πολὺ
1377 4124 1564 4193 μεῖζόν
1612 4127 1749 4178 ἐστι.
1788 4123 2030 4178 Τοιοῦτοι
2065 4125 2124 4180 δέ

563 4218 871 4283 γεγονότες,
901 4217 961 4269 οὐ
996 4217 1222 4287 μελέτην
1251 4216 1504 4282 λέγοντες
1535 4217 1695 4285 μόνον
1723 4216 1954 4271 θανάτου
1986 4212 2123 4272 εἶναι

555 4307 895 4375 φιλοσοφίαν,
924 4307 956 4378 ἢ
988 4308 1320 4378 μελετῶντες
1351 4309 1449 4376 μέν
1484 4309 1540 4360 ἐν
1570 4311 1636 4378 τῇ
1670 4308 1902 4363 θανάτου
1936 4326 1996 4362 τε
2023 4311 2121 4363 καὶ

556 4401 664 4451 τῶν
717 4398 948 4455 θανάτου
1004 4399 1136 4453 πολὺ
1191 4401 1452 4469 χειρόνων
1505 4400 1694 4454 κακῶν
1720 4400 1814 4452 τοῦ
1871 4399 2126 4470 σώματος

559 4494 816 4564 ἀπουσίᾳ,
849 4497 905 4546 ἐν
941 4494 997 4547 δέ
1033 4495 1111 4564 τῷ
1322 4495 1738 4564 ἀφηνιάζοντες,
1775 4495 1892 4576 ἀλλ’
1943 4463 2125 4565 έργοις
2155 4463 2202 4522 D

561 4586 824 4658 μᾶλλονῆ
867 4587 1045 4653 λόγοις
1081 4585 1474 4656 ἐπιδεδειχότες
1509 4587 1750 4648 ἅπαντες
1791 4585 1887 4656 τὴν
1932 4585 2127 4656 προαίο

561 4696 731 4746 ρεσιν,
759 4678 819 4732 οὐ
855 4677 978 4732 καθ’
1007 4678 1100 4731 ἐνα
1143 4677 1298 4732 αὐτοί
1331 4696 1390 4731 τε
1427 4676 1601 4741 οὕτως
1641 4677 1992 4746 ἐφιλοσόφουν
2034 4677 2128 4730 καὶ

557 4773 684 4832 τοὺς
721 4769 913 4832 ἀλλους
945 4769 1164 4839 ὁμοίους
1202 4769 1444 4829 ἐποίουν,
1482 4768 1614 4820 ἁλλά
1653 4768 1776 4821 καθ’
1806 4769 1964 4831 ὅσους
1988 4785 2128 4836 παγ-

558 4862 790 4929 χάλεπόν
841 4863 988 4914 ἐστιν
1046 4860 1334 4929 ἀριθμεῖν·
1385 4860 1570 4921 πόλεις
1615 4861 1723 4929 γάρ
1754 4860 1872 4913 ὅλαι
1906 4861 2002 4912 καὶ
2033 4860 2130 4913 ὅλα

558 4955 684 5022 ἔθνη
716 4953 814 5024 τὴν
857 4953 1201 5022 ὑψηλοτάτην
1231 4951 1444 5020 αἵρεσιν
1490 4951 1799 5018 ἠσπάζοντό
1823 4967 1881 5003 τε
1925 4950 2131 5020 ταύτην

562 5047 656 5097 καὶ
693 5045 916 5114 ήσκουν,
950 5039 1059 5095 οὐδ’
1111 5044 1172 5095 ἐν
1226 5043 1403 5111 χρόνῳ
1436 5041 1638 5111 πολλῷ,
1681 5041 1795 5094 ἀλλ’
1834 5041 2037 5094 αὐτίκα
2067 5043 2130 5112 δὴ

559 5133 1061 5202 ἀποσκευαζόμενοι
1100 5135 1210 5186 πᾶν
1246 5132 1498 5200 κώλυμα,
1538 5135 1632 5185 καὶ
1676 5132 1785 5186 τῶν
1815 5135 1876 5186 ἐν
1922 5134 2000 5201 τῷ
2033 5133 2132 5204 βίῳ

559 5229 696 5299 τῷδε
729 5230 1064 5300 θελγήτρων,
1095 5230 1168 5292 ὡς
1210 5231 1333 5300 μηδ’
1365 5230 1455 5283 ὑπ’
1483 5231 1661 5282 αὐτῶν
1712 5245 1843 5282 ποτε
1874 5227 2132 5298 τερφθέν-

561 5340 675 5388 τες,
705 5321 1120 5392 ἐπιλελησμένοι
1166 5322 1328 5384 εὐθὺς
1358 5323 1436 5392 τῷ
1461 5321 1563 5392 τῆς
1604 5320 1836 5390 ἀληθοῦς
1863 5319 2006 5390 ζωῆς
2036 5321 2130 5372 πό-

568 5431 725 5481 ματι.
779 5413 890 5465 Καὶ
935 5407 1086 5482 οἶμαι
1118 5413 1192 5482 μὴ
1223 5413 1383 5482 μόνον
1427 5411 1536 5464 τῶν
1572 5413 1635 5463 ἐκ
1677 5409 1772 5462 τοῦ
1805 5411 2006 5471 παντὸς
2038 5407 2133 5461 τοῦ

565 5506 762 5574 χρόνου
797 5504 1124 5576 ἀνθρώπων,
1154 5505 1290 5559 άλλά
1342 5496 1436 5556 καὶ
1474 5503 1693 5556 πάντων
1725 5502 1833 5554 τῶν
1875 5500 1933 5564 ἐξ
1967 5501 2135 5554 ἀϊδίου

2213 3222 2532 3290 ἐπιγνώσει,
2577 3223 2670 3275 καὶ
2722 3225 2790 3292 τῇ
2837 3221 2906 3273 δι’
2938 3220 3106 3291 αὐτὴν
3133 3221 3301 3291 ἀρετῇ
3333 3221 3622 3291 συμπάσῃ,
3651 3222 3780 3290 πρὸς

2215 3315 2312 3376 τὴν
2355 3313 2450 3366 τοῦ
2484 3313 2628 3366 θείου
2679 3311 2964 3366 κοινωνίαν
2991 3312 3300 3380 εὐμεθόδως
3352 3313 3549 3365 ἐλθεῖν.
3579 3311 3783 3365 Οὔκουν

2214 3405 2334 3457 οὐδὲ
2368 3403 2674 3473 περιώφθη,
2714 3403 2788 3472 μὴ
2840 3403 2932 3454 ἐπὶ
2979 3403 3043 3454 τὸ
3101 3402 3535 3468 ἀναγκαιότατόν
3589 3421 3649 3457 τε
3696 3406 3786 3458 καὶ

2218 3498 2492 3565 βέλτιστον
2528 3495 2595 3547 τά
2625 3513 2683 3546 τε
2743 3495 3061 3564 ἀνθρώπεια
3123 3495 3300 3548 ἐλθεῖν
3359 3497 3430 3550 αὖ
3490 3499 3790 3566 πράγματα

2217 3585 2517 3663 τέλοςηκαὶ
2540 3586 2640 3637 ὅσα
2665 3585 2843 3638 αὐτῶν
2875 3587 3037 3640 ἕνεκα
3075 3587 3182 3639 τῶν
3218 3589 3527 3657 ἀνθρώπων
3555 3589 3670 3641 ἐστι
3695 3591 3790 3641 καὶ

2218 3681 2449 3744 γίνεται,
2475 3671 2534 3728 οἳ
2569 3679 2648 3746 (‘2)
2675 3679 2739 3748 δὴ
2775 3680 2868 3731 καὶ
2897 3681 2999 3748 τὴν
3031 3680 3205 3750 ἀρχὴν
3228 3682 3260 3746 ή
3296 3680 3388 3733 τοῦ
3430 3680 3790 3749 πεποιηκότος

2220 3770 2389 3822 ἔτεινε
2445 3769 2722 3841 βούλησις,
2754 3770 2829 3832 ὡς
2866 3771 3012 3834 είκδς
3049 3767 3136 3842 ἦν.
3171 3771 3262 3824 Διδ
3287 3772 3349 3840 δὴ
3398 3775 3489 3825 καὶ
3521 3771 3617 3822 τοῦ
3654 3772 3792 3823 κατά

2222 3861 2455 3930 Χριστὸν
2503 3861 2856 3930 ἀνεῳγμένου
2905 3861 3303 3926 διδασκαλείου,
3343 3862 3464 3914 ἐπεὶ
3517 3861 3623 3914 ἔδει
3665 3859 3790 3911 ποτὲ

2221 3950 2367 4004 τοῦτ’
2395 3953 2768 4018 ἀνοίγνυσθαι,
2806 3953 3130 4021 ὑπεχώρουν
3187 3954 3286 4022 μέν
3313 3953 3364 4004 οί
3419 3953 3642 4020 φυσικοὶ
3700 3951 3792 4002 καὶ

2222 4043 2446 4112 γεώδεις
2477 4043 2600 4109 περὶ
2647 4044 2759 4096 τῶν
2817 4044 3114 4115 ὑπερφυῶν
3145 4044 3468 4113 στοχασμοὶ,
3496 4045 3564 4096 τά
3595 4042 3640 4095 δ’
3675 4042 3794 4111 ίερά

2223 4136 2335 4196 τοῖς
2385 4133 2692 4201 ἀνθρώποις
2733 4135 3086 4202 ἐνεφυτεύετο
3142 4135 3408 4204 δόγματα,
3468 4134 3563 4186 καὶ
3625 4134 3794 4186 ταῦτα

2227 4228 2339 4288 τοῖς
2374 4227 2555 4296 ἔργοις
2581 4225 2688 4279 τῶν
2711 4225 3044 4290 δοξαζόντων
3077 4225 3346 4296 σύμφωνα
3377 4222 3466 4296 ἧν.
3505 4225 3612 4278 Καὶ
3639 4226 3673 4293 ή
3699 4225 3794 4294 μέν

2227 4317 2335 4372 τῶν
2367 4305 2635 4386 δαίμόνων
2672 4319 2851 4370 οὐκέτ’
2880 4314 2948 4388 ἦν
2998 4319 3150 4386 ἰσχὺς
3198 4319 3440 4385 οὐδαμοῦ
3462 4332 3476 4346 ’
3509 4317 3570 4371 τὸ
3617 4317 3673 4368 δέ
3704 4315 3794 4368 τοῦ

2228 4410 2433 4480 ταύτην
2480 4409 2888 4472 καταλύσαντος
2938 4410 3111 4479 όνομα
3147 4408 3323 4479 Ἰησοῦ
3374 4408 3494 4462 κατ’
3525 4407 3706 4461 αὐτῶν
3737 4424 3795 4458 τε

2231 4501 2464 4556 καὶτῶν
2499 4499 2957 4570 ἀρρωστημάτων
3005 4499 3226 4566 ἐκράτει
3279 4499 3494 4552 πάντων
3539 4497 3639 4566 τῆς
3692 4497 3794 4564 φύ-

2231 4590 2520 4658 σεωςξκαὶ
2543 4593 2576 4660 ή
2616 4586 3077 4641 ἐνδυναστεύουσα
3116 4589 3228 4649 τοῖς
3259 4587 3572 4656 ἀνθρώποις
3600 4589 3661 4639 ἐκ
3695 4603 3804 4656 μα-

2231 4680 2364 4750 κροῦ
2393 4681 2545 4749 φιλία
2567 4681 2677 4733 τῶν
2701 4679 2988 4748 προσύλων
3017 4679 3222 4732 τούτων
3255 4680 3461 4745 ἐλύετο,
3489 4680 3583 4733 καὶ
3609 4681 3642 4750 ή
3666 4680 3798 4748 πρὸς

2231 4775 2322 4826 τὸν
2370 4771 2600 4842 οὐρανὸν
2648 4771 2891 4841 φέρουσα
2941 4771 3053 4824 τῶν
3106 4772 3199 4824 ἐπὶ
3232 4772 3323 4824 τὸν
3351 4771 3484 4823 Θεὸν
3543 4771 3802 4824 ἀνιόντων

2233 4847 2434 4933 ἔγεμεν
2469 4865 2761 4944 όσημέραι,
2794 4866 3009 4934 μυρίων
3038 4864 3096 4929 ἐξ
3146 4866 3364 4935 ἀπάσης
3411 4863 3514 4934 τῆς
3544 4864 3804 4931 οἰκουμέ-

2234 4975 2356 5027 νης,
2387 4955 2496 5008 τῶν
2529 4960 2629 5024 μὲν
2661 4957 2769 5008 ἀπὸ
2799 4955 2900 5023 τῆς
2940 4957 3081 5027 ὑπὲρ
3119 4955 3360 5026 Χριστοῦ
3400 4957 3599 5025 πάλης,
3633 4957 3739 5008 τῶν
3763 4953 3805 5006 δ’

2235 5046 2346 5100 ἀπὸ
2369 5045 2468 5115 τῆς
2495 5045 2735 5114 ἐμπόνου
2768 5047 2878 5098 τῶν
2929 5046 3139 5099 ἐκείνου
3181 5048 3359 5115 νόμων
3395 5046 3628 5116 μελέτης
3681 5046 3810 5098 ἀνα-

2235 5137 2470 5190 λυόντων
2507 5137 2649 5204 μετὰ
2699 5137 2911 5190 πολλῶν
2943 5138 3046 5206 τῆς
3098 5137 3400 5207 μελλούσης
3450 5137 3687 5201 εύζωῒας
3719 5135 3808 5188 καὶ

2237 5226 2488 5298 φανερῶν
2515 5226 2748 5279 ἐλπίδων
2785 5226 2881 5280 καὶ
2911 5227 3234 5298 προοιμίων.
3272 5229 3380 5279 Καὶ
3411 5226 3675 5296 ἠλέγχετο
3713 5225 3808 5292 μὲν

2238 5322 2298 5371 τὸ
2334 5317 2642 5388 μαχόμενον
2667 5319 2812 5372 ἀπαν
2856 5321 2922 5386 τῇ
2963 5317 3213 5388 βελτίστῃ
3264 5316 3438 5388 ταύτῃ
3484 5315 3809 5383 καινοτομίᾳ

2245 5411 2423 5480 μάτην
2447 5411 2792 5479 ἐπιχειροῦνο
2824 5413 2856 5480 ή
2886 5411 2942 5463 δέ
2987 5409 3082 5463 τοῦ
3119 5411 3355 5479 Χριστοῦ
3389 5410 3622 5477 δύναμις
3657 5409 3714 5460 ἐν
3747 5409 3809 5475 τῇ

2245 5504 2449 5572 φυσικῇ
2484 5501 2591 5556 τῶν
2622 5501 2770 5571 αὐτῷ
2807 5502 3173 5553 πιστευόντων
3203 5500 3458 5570 ἀσθενείᾳ
3487 5498 3808 5568 θαυμασίως

567 5598 620 5663 γ’
664 5598 729 5650 ἂν
775 5599 1174 5666 γεγενημένων,
1231 5595 1305 5657 ὡς
1328 5593 1592 5658 Ἕλληνες
1620 5592 2024 5658 ὑπελάμϐανον,
2065 5593 2138 5661 μὴ
2247 5591 2562 5646 ἐτελειοῦτο.
2609 5592 2717 5646 Καὶ
2757 5595 2788 5662 ἡ
2827 5592 2923 5661 μὲν
2954 5591 3114 5659 φύσις
3172 5593 3279 5653 τοῖς
3312 5591 3538 5660 τέρασιν
3587 5587 3808 5656 ἐξηλέγο

644 5741 718 5814 (ί)
747 5738 1083 5814 (ξιιι1.ἐ6ίων.
1235 5803 1245 5814 1
1306 5800 1326 5814 ﬂ

642 5802 718 5876 (ει)
763 5811 839 5860 Au
873 5802 920 5858 οἷ
961 5811 1161 5874 potius,
1200 5803 1266 5856 ob
1306 5802 1470 5854 ἔτει-ιε

1530 5799 1675 5870 quod
1725 5799 2020 5868 sequitur?
2064 5799 2233 5853 ALEX.
