4118 6280
362 367 477 431 605

1470 368 1841 431 EPISTOLA
1881 369 1982 428 AD
2024 368 2520 430 PLETHUNEM.

3503 376 3609 438 606

360 500 492 554 χετο
520 478 746 549 δυνάμει
780 478 989 547 μείζονι
1036 486 1315 555 νικωμένη
1338 502 1353 517 ο
1385 488 1413 539 ό
1443 486 1497 539 δέ
1544 485 1771 555 φυσικὸς
1807 486 1937 537 ὑπε-
1968 492 2009 548 Α
2037 501 2212 548 τινας,
2237 485 2331 537 καί
2352 503 2504 548 τινας
2527 484 2719 543 ἄλλους
2745 485 2957 555 χαίρειν
2983 485 3191 550 αὐτοῖς,
3210 486 3304 540 νῦν
3332 487 3430 555 μὲν
3455 489 3611 543 αὐτοί

358 575 531 645 χώρει
561 573 718 639 λόγος
752 573 868 634 τοῖς
900 573 1042 627 κατά
1089 575 1251 643 φύσιν
1284 577 1587 643 ἀπιθάνοις,
1639 579 1930 642 πειστικῆς

355 681 509 726 τινος
556 663 780 733 χάριτος
832 663 1019 718 θεόθεν
1070 666 1499 737 συνεγχεομένης
1553 667 1633 729 είς
1683 666 1779 728 τάς
1824 665 1932 717 τῶν

358 753 460 807 ἀνθ
468 754 669 825 ρώπων
691 754 890 823 ψυχάς.

435 844 706 897 Τοιούτων
733 846 790 897 αἱ
822 845 967 914 ἱεραὶ
1004 845 1178 915 βίϐλοι
1203 846 1559 916 διηγημάτων
1598 846 1693 900 καὶ
1721 845 1926 915 δογμά-

358 953 471 988 των
495 936 815 1003 ἀνάμεστοι,
848 937 985 1005 μηδὲ
1014 938 1114 1007 τῆς
1143 938 1200 989 ἐν
1229 938 1308 1008 τῷ
1341 938 1483 1007 λόγῳ
1510 938 1735 1008 χάριτος
1771 940 1929 1008 ἀμοι-

359 1026 554 1095 ροῦσαι
582 1024 789 1078 τούτων
827 1028 883 1079 αί
910 1025 1150 1095 πλείους,
1191 1029 1286 1081 καὶ
1314 1028 1373 1081 τὸ
1408 1031 1506 1098 μὲν
1527 1030 1930 1100 δηλητηριῶδες

366 1115 781 1187 Ἀριστοτέλους
846 1118 942 1170 καὶ
973 1117 1258 1183 Πλάτωνος
1308 1120 1725 1189 διαπεφευγυῖαι
1760 1122 1819 1174 τὸ
1873 1121 1931 1174 δὲ

352 1206 561 1276 τέρπον
588 1208 912 1279 ἀνεπαχθῶς
940 1227 1001 1262 τε
1057 1213 1148 1263 καὶ
1190 1212 1487 1276 ἀκινδύνως
1522 1215 1632 1276 τοῖς
1674 1229 1929 1282 μεταχει-

358 1296 612 1363 ρίζουσιν
660 1299 759 1369 οὐχ
810 1295 973 1371 ἦττον
1003 1301 1231 1355 ἐκείνων
1270 1302 1643 1359 ἀποδιδοῦσαι.
1671 1297 1771 1357 Ὧν
1817 1305 1930 1366 τοῖς

354 1389 638 1456 Πατράσιν
658 1389 847 1460 ῶσπερ
868 1392 979 1444 τισὶ
1003 1392 1097 1445 καὶ
1127 1392 1488 1465 ύποδείγμασι
1516 1393 1795 1463 χρώμεθα,
1815 1394 1924 1447 τῶν

352 1479 583 1545 ἀγαθῶν
630 1481 854 1535 ἐκείνων
898 1482 996 1552 τῆς
1018 1486 1328 1552 οἰκονομίας
1381 1485 1667 1554 ἐγγυτέρω
1699 1502 1927 1553 γεγενη-

354 1569 545 1636 μένοις
566 1586 578 1599 ·
610 1572 697 1624 ὅτε
728 1572 793 1642 δὴ
843 1574 937 1626 καὶ
995 1574 1357 1646 πιθανότητος
1388 1578 1489 1645 μέν
1520 1594 1574 1629 τι
1609 1580 1821 1646 προσῆν
1845 1577 1926 1630 ἔτι

349 1662 470 1723 τοῖς
503 1661 792 1726 Πλάτωνος
832 1664 1043 1733 μύθοις,
1078 1668 1127 1718 εί
1174 1666 1231 1719 δὲ
1268 1667 1467 1736 βούλει,
1502 1669 1597 1721 καὶ
1626 1669 1731 1722 τῶν
1758 1668 1923 1722 αὐτοῦ

349 1753 578 1807 πάντων
632 1754 904 1824 όμιλητῶν
961 1757 1081 1825 μετ’
1123 1758 1548 1829 Ἀριστοτέλους,
1582 1760 1646 1812 ἐκ
1685 1761 1782 1829 τῆς
1832 1776 1924 1811 σα-

2036 588 2095 622 τε
2132 571 2404 624 συνοίδασι
2434 574 2529 626 καὶ
2582 573 2766 626 πολλοὶ
2806 575 2928 644 μετ’
2974 576 3156 628 αὐτῶν
3180 592 3195 607 ⁸
3228 575 3394 640 δείξει
3423 577 3479 631 δέ
3511 579 3608 631 καὶ

2042 664 2210 715 πᾶσιν
2243 664 2270 714 ό
2305 663 2495 732 χρόνος
2524 666 2554 716 ό
2589 680 2720 730 φανε
2733 682 2839 733 ρων
2854 665 2928 717 τὰ
2957 666 3097 727 τέως
3126 668 3503 735 κρυπτόμενα.

2122 753 2283 805 Ἀλλά
2317 753 2381 805 σύ
2413 770 2477 821 γε
2513 756 2574 807 οὐ
2610 755 2859 824 σμικρῶς
2882 758 3027 826 ἡμᾶς
3060 757 3353 826 εὔφρανας,
3383 760 3473 812 τὸν
3512 760 3612 829 μέν

2039 840 2149 895 τῶν
2183 842 2454 912 Ἐλλήνων
2483 844 2660 905 ἐκθεὶς
2685 844 2849 913 λῆρον
2877 846 2979 915 (2),
3002 846 3111 898 οὐδ’
3139 847 3269 909 ἴσως
3295 849 3610 915 παρέργως,

2039 934 2115 994 ὡς
2144 932 2232 998 ἂν,
2277 933 2335 985 εί
2357 950 2501 996 τινες
2539 934 2699 987 αὐτὸν
2732 935 3054 1003 ἀγνοοῦντες
3096 937 3189 989 ὑπ’
3213 938 3372 991 ἐνίων
3411 936 3614 1001 ἐξαπα-

2038 1023 2232 1093 τῷντο,
2265 1023 2489 1093 μάθοιέν
2511 1043 2570 1078 τε
2599 1025 2691 1079 καὶ
2719 1030 3039 1094 καταγνοῖεν
3062 1043 3077 1059 ο
3113 1027 3221 1081 ἀπὸ
3243 1027 3336 1096 τῆς
3359 1028 3532 1095 αὐτῆς
3556 1026 3616 1079 δέ

2037 1117 2419 1186 ὁρμωμένους,
2444 1119 2518 1182 ὡς
2546 1118 2779 1188 ἔφησθα,
2802 1120 2897 1175 καὶ
2917 1120 3178 1182 Λατίνους
3195 1120 3375 1183 αὐτοῖς
3404 1118 3573 1172 ύποθέ
3597 1149 3613 1161 -

2040 1222 2180 1268 σεως
2224 1209 2283 1261 ἐν
2327 1208 2405 1277 τῷ
2437 1209 2569 1280 παρ’
2596 1210 2780 1265 αὐτῶν
2835 1211 3139 1280 πεμφθέντι
3184 1228 3265 1263 σοι
3302 1212 3616 1280 γράμματι,

2036 1298 2217 1365 δείξας
2267 1301 2298 1370 ἦ
2346 1301 2524 1371 μάτην
2566 1302 2836 1372 Ἐλλήνων
2886 1302 3297 1372 κατηγορεῖν,ή
3356 1305 3468 1364 τοῖς
3515 1303 3614 1354 αὑ-

2038 1391 2153 1453 τοῖς
2202 1392 2600 1462 ἐνεσχημένους
2647 1395 2744 1446 καὶ
2791 1395 2929 1460 σφᾶς
2979 1397 3219 1461 ἀγνοεῖν.
3258 1394 3332 1447 Οὐ
3379 1396 3487 1463 γάρ
3531 1394 3609 1447 ἔτι

2034 1480 2224 1533 λοιπὸν
2265 1483 2416 1549 χώρα
2467 1484 2579 1542 τοῖς
2621 1485 2720 1554 τὴν
2752 1484 2849 1554 σὴν
2880 1484 3059 1553 ψυχὴν
3091 1484 3461 1547 διαϐάλλουσι,
3509 1485 3608 1536 καὶ

2037 1569 2252 1639 φρονεῖν
2307 1584 2367 1620 σε
2418 1569 2871 1641 ίσχυριζομένοις,
2920 1567 2995 1625 ὧν
3049 1573 3115 1643 δὴ
3173 1572 3267 1626 καὶ
3324 1572 3611 1641 προδήλως

2033 1659 2586 1732 φαίνηκαταφρονῶν
2606 1678 2619 1690 '
2652 1664 2774 1716 οὐδὲ
2826 1663 3107 1717 πιστεύσει
3156 1680 3241 1726 τις
3274 1664 3464 1724 αὐτοῖς
3495 1662 3608 1715 τῶν

2032 1752 2254 1804 είδότων
2275 1752 2443 1805 ταῦτα
2471 1753 2531 1822 δὴ
2565 1754 2630 1806 τά
2664 1755 2802 1822 πρὸς
2825 1755 3089 1818 Λατίνους
3116 1771 3199 1808 σοι
3220 1757 3605 1824 γεγραμμένα.

322 1846 506 1915 μπρᾶς
533 1821 749 1916 ἐκείνης
782 1821 881 1900 καὶ
916 1821 1200 1912 σκιώδους
1238 1821 1568 1919 σεμνότητος
1594 1868 1607 1882 ·
1657 1821 1812 1904 αὐτοὶ
1868 1852 1925 1906 δέ
1958 1821 1997 1876 Β
2032 1844 2141 1897 Καὶ
2176 1842 2373 1911 ἔγωγε,
2417 1844 2482 1913 νὴ
2521 1821 2619 1915 τὴν
2651 1821 2803 1914 ίεράν
2850 1847 3134 1915 ἀλήθειαν,
3163 1821 3382 1900 ἐδόκδίθν
3509 1849 3609 1900 καὶ

346 1936 435 2006 τῷ
460 1939 599 2006 φωτὶ
636 1939 735 2006 τῆς
780 1942 925 1993 κατά
972 1941 1211 2007 Χριστὸν
1249 1942 1528 2011 ἀληθείας,
1563 1943 1927 2012 ύπερνικῶντι

2032 1934 2317 1996 Πλάτωνος
2343 1935 2563 1988 ἀκούειν
2588 1937 2757 1989 αὐτοῦ
2783 1939 2877 1990 καὶ
2913 1938 3320 2008 Ἀριστοτέλους
3345 1940 3517 1994 πολλά
3547 1955 3605 1994 τε

348 2029 450 2080 καὶ
478 2028 755 2083 σϐεννύντι
788 2031 886 2099 τήν
911 2031 1333 2102 δεισιδαιμονίαν
1360 2033 1575 2102 ἐκείνην
1606 2033 1699 2086 καὶ
1730 2035 1932 2104 ύπερο-
2032 2024 2403 2093 μεμφομένων
2431 2025 2528 2077 καὶ
2561 2025 2808 2093 βοώντων
2839 2025 2942 2079 ῧπδ
2985 2026 3080 2079 σοῦ
3116 2028 3185 2080 τὰ
3221 2028 3452 2096 μέγιστα
3493 2028 3610 2098 ἥδι-

352 2116 583 2186 ρίξοντι,
620 2119 693 2190 μὴ
740 2122 859 2183 ταῖς
895 2121 959 2174 ἐκ
1004 2121 1113 2174 τῶν
1152 2123 1499 2192 πραγμάτων
1555 2124 1715 2191 μόνον
1757 2124 1928 2190 ἀνάγσ

348 2225 485 2270 καις
513 2210 608 2262 καὶ
646 2213 760 2272 ταῖς
784 2210 990 2264 ἀνωθεν
1023 2216 1304 2283 κατοχαῖς,
1338 2213 1472 2267 ἀλλὰ
1518 2215 1614 2267 καὶ
1647 2214 1926 2284 λογισμῶν

345 2302 537 2371 κρίσει
563 2305 672 2358 δεῖν
699 2303 867 2375 ᾤοντο
914 2306 1184 2371 σώζεσθαι
1220 2308 1547 2377 τεθειμένοι.
1574 2309 1683 2362 Καὶ
1712 2310 1786 2371 ὠς
1819 2326 1927 2361 πα-

349 2390 717 2462 ραδείγμασιν
776 2388 872 2446 οὖν
919 2396 1106 2459 αὐτοῖς
1150 2398 1489 2466 κεχρημένοι
1548 2401 1644 2452 κοιλ⁵
1705 2398 1925 2451 κανόσιν

344 2478 737 2549 ἀδιαψεύστοις
763 2482 873 2535 τῶν
924 2488 1383 2554 σωφρονεστέρων
1417 2488 1548 2555 περὶ
1601 2488 1698 2555 τῆς
1727 2488 1925 2557 ήμετέ-

349 2586 458 2639 ρας
503 2571 735 2635 εὐζωῖας
792 2574 1040 2641 ἐλπίδων,
1095 2577 1195 2629 οὐκ
1250 2576 1317 2631 ἂν
1376 2578 1776 2645 Ἀριστοτέλους
1828 2581 1925 2631 καὶ

346 2658 645 2723 Πλάτωνος
670 2662 770 2714 ύπε
781 2663 968 2731 ραλγοῖ
972 2682 1073 2733 μεν
1099 2666 1193 2720 ὑπ’
1214 2666 1459 2736 ἀλλήλων
1480 2668 1886 2738 ἀναιρουμένων
1906 2682 1924 2701 ⁸

342 2751 636 2821 χαίροιμεν
668 2754 713 2806 δ’
734 2752 799 2809 ἂν
825 2754 1037 2825 καὶτῆς
1069 2758 1126 2818 ἐς
1153 2757 1221 2811 τὰ
1255 2757 1489 2828 κρείττω
1520 2759 1631 2813 τῶν
1666 2759 1924 2830 μαθημά-

345 2860 465 2896 των
492 2844 837 2913 ἀμϐλύτητος
869 2847 1055 2915 σφίσιν
1088 2848 1191 2900 ὑπὸ
1224 2849 1334 2901 τῶν
1384 2852 1443 2903 ἐκ
1471 2851 1712 2922 Χριστοῦ
1749 2869 1921 2921 φωτι-

352 2934 592 2989 σθέντων
626 2937 1018 3008 ἐλεγχομένης.
1053 2941 1251 2994 Καίτοι
1284 2942 1380 2996 καὶ
1438 2943 1773 3014 συγγνώμην
1824 2946 1922 2999 αὐ-

345 3028 463 3087 τοῖς
492 3045 613 3080 τινα
661 3031 941 3100 νεμόντων
971 3032 1186 3103 ἀκήκοα
1216 3033 1393 3102 λόγων
1446 3034 1754 3105 ἱερωτέρων
1783 3035 1916 3103 ἐγώ.

361 3117 508 3170 Ἀλλ’
558 3122 612 3173 εἴ
634 3139 779 3184 τινες
832 3121 928 3175 νῦν
975 3123 1044 3176 τά
1097 3127 1281 3195 σαπρὰ
1316 3126 1589 3196 Ἑλλήνων
1638 3129 1995 3222 ἀνανεοῖενδ

346 3207 666 3278 ληρήματα,
693 3211 924 3274 τούτους
953 3214 1120 3283 φασὶν
1150 3217 1209 3268 ἐν
1255 3216 1627 3288 ἀσυγγνώστῳ
1657 3219 1923 3273 καλινδεῖ-

349 3300 479 3353 σθαι
510 3300 586 3370 τῷ
609 3302 815 3369 ψεύδει.
843 3306 1000 3359 Μετά
1035 3307 1143 3377 γὰρ
1171 3308 1268 3378 τὴν
1295 3309 1556 3379 λαμπρὰν
1583 3310 1679 3378 τῆς
1723 3327 1925 3381 μοναρ-

347 3393 478 3463 χίας
528 3394 824 3461 ἀπόδειξιν,
849 3397 915 3467 ἢν
970 3399 1168 3452 ἐκεῖνοι
1203 3401 1323 3469 μὲν,
1357 3404 1477 3465 ταῖς
1511 3403 1924 3471 ἐπεισαγωγαῖς

346 3485 461 3539 τῶν
482 3486 846 3555 ψευδωνύμων
878 3490 1232 3557 ἀναιροῦντες
1261 3491 1422 3555 θεῶν,
1464 3496 1577 3556 τοῖς
1610 3494 1793 3563 λόγοις
1824 3496 1922 3564 μό·-

344 3594 462 3640 νοις
490 3578 713 3645 ἐτίμων,
750 3581 777 3631 ὁ
811 3579 866 3633 δέ
912 3581 1007 3634 τοῦ
1050 3582 1187 3635 Θεοῦ
1226 3586 1483 3655 συμφυής
1525 3587 1621 3639 καὶ
1652 3586 1923 3657 ούσιώδης

346 3668 543 3731 Λόγος,
576 3668 716 3738 μετά
750 3671 857 3723 τῶν
887 3671 1192 3740 ἀνθρώπων
1235 3677 1623 3745 γεγενημένος,
1648 3678 1922 3746 ἀναμφισ-

347 3759 601 3830 ϐητήτως
653 3761 749 3815 καὶ
784 3764 1039 3834 καθαρῶς
1079 3767 1360 3818 πιστεύειν
1405 3766 1635 3832 ἐδίδαξε,
1669 3768 1774 3819 ποῦ
1824 3767 1919 3819 νῦν

346 3852 499 3904 ὅσιον
529 3852 687 3917 αὖθις
724 3852 1011 3917 θεοποιεῖν,
1049 3855 1145 3908 καὶ
1198 3856 1298 3925 τὴν
1353 3856 1641 3924 ἀλόγιστον
1699 3859 1921 3927 ἐκείνην

347 3942 628 3996 θεοποιῖαν
675 3945 1058 4014 ἀναζωπυρεῖν
1109 3945 1533 4017 ἀπεσϐεσμένην
1587 3948 1919 4017 πειρᾶσθαι,

349 4035 447 4087 καλ⁸
483 4033 621 4086 θεῶν
653 4052 816 4087 τινων
869 4037 1328 4107 ἀναγνωρισμοϋς
1369 4041 1430 4092 ἐκ
1482 4040 1809 4108 φιλοσοφίας
1841 4040 1920 4111 (1)

352 4124 496 4195 ὑπὲρ
560 4124 658 4194 τὴν
713 4127 953 4195 ποιητῶν
1004 4128 1334 4197 διάστροφον
1394 4129 1647 4200 γνώμην,
1680 4132 1771 4184 καὶ
1799 4133 1921 4199 ἀγι-

352 4216 535 4278 στείας
583 4217 884 4281 εὐσταλεῖς,
926 4218 999 4281 ὡς
1031 4218 1184 4271 αὐτοί
1218 4238 1371 4288 φασι,
1400 4220 1497 4273 καὶ
1547 4221 1745 4291 νόμους
1773 4222 1920 4292 ἠθῶν

347 4309 445 4360 καὶ
482 4308 695 4378 διαίτης
745 4309 832 4376 ὑφ’
870 4310 1102 4378 ἡγεμόνι
1160 4311 1498 4384 Ζωροάστρῃ
1530 4314 1624 4366 καὶ
1671 4315 1919 4368 Πλάτωνι

352 4400 447 4452 καὶ
481 4402 592 4463 τοῖς
621 4401 683 4451 ἐκ
710 4400 891 4465 στοᾶς,
928 4401 1022 4453 καὶ
1053 4402 1309 4470 τοιαύτην
1334 4406 1459 4455 τινὰ
1487 4404 1663 4473 λόγων
1689 4404 1920 4477 ὁμίχλην

2032 2115 2257 2184 κῆσθαι,
2294 2116 2556 2185 μαθόντος
2593 2118 2693 2187 μὶν
2709 2118 2887 2173 αὐτῶν
2910 2118 2979 2171 τά
3004 2119 3199 2189 σεμνὰ,
3233 2118 3423 2173 ἔπειτα
3449 2119 3602 2189 ἐξορ-

2028 2210 2341 2279 χησαμένου
2365 2227 2380 2243 ο
2407 2211 2436 2263 ὃ
2463 2211 2527 2281 δὴ
2578 2213 2671 2266 καὶ
2704 2213 2816 2275 τοῖς
2846 2212 2952 2287 ὑπὸ
2986 2213 3088 2282 τῆς
3119 2212 3377 2282 ἀληθείας
3418 2198 3606 2279 πεφω-

2028 2301 2305 2367 τισμένοις
2357 2301 2525 2354 πᾶσιν
2582 2302 2714 2370 ἡμῖν
2761 2302 3069 2372 ἐμέμψαντ⁹
3104 2305 3191 2370 ἂν,
3235 2305 3284 2356 εί
3326 2303 3602 2373 παρῆσαν.

2027 2391 2245 2445 Μᾶλλον
2276 2392 2321 2444 δ’
2347 2393 2397 2444 οῖ
2429 2392 2532 2461 μὲν
2572 2394 2677 2447 κᾶν
2727 2396 2998 2466 ἐπῄνεσαν
3034 2397 3183 2465 ἡμᾶς
3220 2394 3364 2472 οὕτω
3416 2399 3604 2449 τάκεί-

2028 2498 2135 2534 νων
2168 2482 2549 2549 φαυλίζοντας,
2583 2485 2752 2555 πείρᾳ
2784 2485 3193 2556 μεμαθηκότες,
3226 2486 3301 2549 ὡς
3328 2487 3482 2540 οὐδὲν
3504 2489 3605 2539 αὑο

2020 2573 2153 2639 ,τοὺς
2184 2571 2396 2643 ώνησεν
2446 2576 2478 2644 ή
2529 2566 2668 2646 πρὸς
2715 2578 2816 2646 τὴν
2869 2577 3018 2632 θείαν
3053 2578 3216 2648 φύσιν
3266 2577 3601 2647 παρανομία,

2027 2662 2146 2715 οὐδὲ
2173 2663 2276 2732 τῆς
2307 2664 2586 2728 θεοποιτας
2631 2666 2876 2737 εὐτυχῶς
2908 2669 3124 2739 ἐκείνης
3154 2670 3474 2739 ἀπήλλαξαν
3496 2684 3509 2699 ·
3549 2670 3602 2721 οἱ

2026 2751 2083 2805 δὲ
2111 2753 2352 2820 ζηλωταὶ
2382 2753 2476 2806 νῦν
2515 2753 2760 2819 ἐκείνων,
2795 2756 2887 2808 ὑπ’
2934 2757 3211 2821 ἀπειρίας,
3250 2757 3486 2818 ἐγένοντ’
3538 2757 3605 2809 ἄν

2030 2857 2110 2897 σοι
2144 2845 2241 2898 καὶ
2279 2845 2458 2915 πολλῷ
2483 2846 2875 2918 χαλεπώτεροι,
2906 2849 3066 2919 εἴπερ
3090 2844 3203 2902 οἷόν
3239 2849 3287 2901 τ’
3312 2848 3401 2921 ἦν,
3436 2851 3605 2921 ἀπορ-

2028 2935 2295 3005 ῥίψαντας
2339 2936 2441 3006 τὴν
2490 2936 2566 3001 ὡς
2620 2938 2713 2991 ἐπὶ
2756 2939 3113 3008 φαυλοτάτοις
3165 2941 3385 3003 πάντως
3446 2938 3602 3004 αίδὼ,

2027 3028 2311 3097 παρρησία
2341 3028 2437 3081 σοῦ
2466 3031 2761 3102 καταϐοᾷν,
2785 3031 2860 3094 ώς
2887 3030 3227 3101 ἠδικηκότος.
3261 3033 3336 3085 Οὐ
3368 3033 3476 3102 γὰρ
3512 3050 3604 3101 μι-

2028 3115 2160 3183 κρὸν
2193 3117 2226 3186 ή
2272 3116 2341 3186 σὴ
2365 3118 2543 3186 ψῆφος
2568 3119 2811 3187 δύναται,
2848 3123 2987 3191 πρὸς
3037 3123 3136 3191 μέν
3195 3123 3297 3192 τὴν
3334 3124 3432 3190 τῆς
3471 3123 3605 3190 ἀλη-

2027 3206 2176 3268 θείας
2208 3210 2555 3276 κατασκευὴν
2592 3210 2762 3281 αὐτῆς
2787 3212 2888 3282 τῆς
2913 3213 3171 3281 ἀληθείας
3216 3217 3310 3267 καὶ
3338 3217 3445 3267 τῶν
3467 3216 3603 3268 ταύ-
3712 3245 3715 3247 »

2025 3312 2123 3364 της
2156 3296 2333 3366 ἔργων
2370 3299 2705 3368 ἀρκούντων,
2738 3302 2831 3354 καὶ
2859 3302 2954 3356 τοῦ
2996 3304 3236 3373 πλήθους
3276 3306 3387 3357 τῶν
3414 3307 3598 3377 ἐκείνῃ

2028 3385 2165 3453 μετὰ
2219 3386 2379 3453 λόγου
2432 3405 2491 3440 τε
2549 3390 2645 3440 καὶ
2698 3390 2901 3461 ἀρετῆς
2946 3393 3296 3462 τεθειμένων,
3335 3389 3409 3445 ῶν
3431 3394 3485 3445 εἴ
3515 3413 3600 3458 τις

2025 3478 2309 3547 ὑπερορῶν
2348 3478 2527 3548 ἐαυτῷ
2578 3479 2686 3549 πρὸ
2731 3481 2956 3535 ἐκείνων
3005 3482 3151 3535 θέλει
3199 3486 3497 3548 πιστεύειν,
3531 3489 3609 3540 τάκ

2024 3568 2129 3621 τῶν
2162 3571 2506 3640 μαινομένων
2538 3572 2631 3639 ὅγε
2676 3571 2914 3635 τοιοῦτος
2952 3574 3177 3637 δικαίως
3220 3577 3288 3628 ἂν
3326 3578 3600 3645 νομίζοιτο

2024 3659 2255 3729 πάσχειν
2275 3677 2289 3691 ο
2322 3662 2418 3714 τοῦ
2449 3662 2506 3716 δὲ
2540 3664 2601 3715 τὸ
2635 3663 2852 3730 ψεῦδος,
2885 3664 3325 3720 ἀναϐιώσκεσθαι
3358 3669 3609 3739 τολμῶν,

2025 3754 2432 3822 συμπατεῖσθαί
2466 3773 2525 3808 τε
2560 3757 2655 3810 καὶ
2685 3758 3114 3826 συμπνίγεσθαι,
3148 3760 3218 3812 δι’
3248 3762 3458 3814 ἐκείνου
3492 3765 3597 3831 μά-

2020 3842 2180 3898 λιστά
2237 3859 2301 3910 γε
2355 3845 2776 3917 συμϐησομένου
2814 3848 3013 3911 καλῶς.
3044 3850 3105 3901 δν
3151 3851 3303 3905 οὐδὲν
3350 3853 3613 3920 λέληθεν,

2021 3932 2109 3999 ἐφ’
2129 3929 2208 3995 οἷς
2242 3936 2416 3987 ἐκεῖνο
2445 3937 2789 4007 πεφρονηλδς
2819 3939 3187 4004 αὑθαδίζεται.
3227 3943 3387 3995 Ἀλλά
3414 3945 3476 3996 σύ
3507 3962 3594 4011 γε,

2022 4023 2211 4093 ὥσπερ
2269 4028 2764 4097 ἐπισκηπτόμενος,
2796 4033 2960 4101 τιμᾷν
3014 4033 3114 4101 μὲν
3164 4035 3357 4103 φήσεις
3409 4037 3594 4099 αὐτοῖς

2021 4117 2116 4169 καὶ
2148 4106 2515 4188 Ἀριστοτέλη,
2546 4121 2603 4171 ἐν
2635 4116 2717 4183 οἷς
2745 4120 2813 4175 ἂν
2840 4122 2971 4187 δέοι,
2999 4125 3092 4176 καὶ
3121 4125 3402 4187 Πλάτωνα,
3428 4144 3596 4179 κατα-

2020 4205 2310 4272 γινώσκειν
2338 4206 2382 4257 δ’
2410 4207 2611 4269 αὐτῶν,
2646 4208 2708 4261 οῦ
2741 4227 2794 4261 τι
2821 4211 2915 4262 καὶ
2947 4212 3100 4280 παρά
3129 4216 3293 4282 νόμον
3333 4216 3595 4281 φθέγγον-

2018 4313 2147 4350 ται*
2175 4298 2335 4350 τοῦτο
2375 4298 2421 4350 δ’
2447 4301 2504 4351 ἐν
2538 4302 2651 4358 τοῖς
2686 4302 2924 4369 καιρίοις
2967 4304 3214 4357 ἑάλωσαν
3242 4307 3593 4368 πεπονθότες.

2021 4390 2092 4441 Ἢ
2144 4389 2262 4450 πῶς
2310 4389 2376 4441 ἂν
2428 4390 2541 4458 ἐχοι
2571 4390 2748 4457 λόγον,
2788 4393 2950 4462 ήτὴν
2984 4395 3174 4447 οὐσίαν
3216 4398 3309 4449 τοῦ
3344 4399 3480 4450 Θεοῦ
3520 4401 3596 4469 μὴ

354 4485 510 4550 αὖθις
564 4490 857 4557 συνάγειν;
911 4487 977 4561 ἦς
1039 4494 1157 4555 ταῖς
1222 4493 1319 4562 τῆς
1367 4494 1518 4564 ἱερᾶς
1569 4494 1918 4560 διδασκαλίας
1951 4494 1995 4549 ι)
2022 4479 2322 4547 διακρίνειν
2364 4479 2461 4548 τῆς
2501 4482 2781 4547 ἑνεργείτδῑῗ
2813 4483 2889 4550 (δ)
2921 4484 3031 4537 οὐδ’
3062 4488 3309 4539 ὁπωσοδν
3355 4489 3596 4557 ἀληθῶς.

352 4579 535 4633 ἀκτῖσι
560 4579 717 4641 θείως
740 4580 1162 4649 ἐσκεδασμένης,
1193 4582 1328 4647 πρὸς
1349 4583 1446 4647 τάς
1471 4584 1569 4654 τῆς
1602 4584 1917 4652 ὑπερφυοῦς

347 4669 607 4738 ἀληθείας
636 4670 867 4740 αύγάςή
913 4670 1021 4723 τῶν
1060 4670 1367 4741 ἀνθρώπων
1405 4673 1568 4741 φύσις
1603 4674 1918 4744 ἀνέϐλεψεν.

358 4760 575 4817 Ἐκεῖνα
612 4763 711 4832 μὲν
759 4762 852 4816 οῦν
884 4764 933 4815 εί
995 4764 1238 4836 συμϐαίη
1274 4782 1366 4834 μοι
1401 4766 1459 4829 ἐς
1515 4769 1702 4837 χεῖρας
1750 4768 1918 4822 πάντα

346 4854 541 4921 ἐλθεῖν,
572 4856 842 4925 φλυαρίαν
895 4855 1025 4909 ὄντα
1060 4856 1219 4922 δείξω
1273 4859 1516 4929 μακρὰν,
1568 4860 1663 4912 καὶ
1729 4860 1919 4914 πολλοὶ

344 4947 611 5012 δείξουσιν
637 4961 653 4978 ⁸
690 4948 826 5000 ἀλλά
857 4949 1069 5014 γένοιτο
1104 4950 1271 5016 κάμοὶ
1301 4950 1496 5001 τοῦτον
1545 4951 1916 5019 ἐνστήσασθαι

344 5038 434 5090 τὸν
456 5037 771 5105 ἀγῶνα,καὶ
798 5039 872 5108 μὴ
896 5037 1030 5108 πῦρ,
1052 5039 1187 5092 ἀλλά
1214 5040 1407 5107 λόγους
1430 5040 1633 5109 μᾶλλον
1655 5041 1915 5108 ἀληθείας

342 5130 633 5195 ἐπαφεῖναι
660 5127 774 5189 τοῖς
807 5128 1153 5197 γράμμασιν,
1184 5128 1260 5192 ὡς
1290 5132 1400 5191 τοῖς
1429 5131 1674 5199 γράψασι
1713 5134 1914 5201 μᾶλλον

342 5217 648 5285 πρέποντος
671 5217 764 5271 τοῦ
797 5220 1066 5289 πυρός.Εἰ
1089 5220 1131 5272 δ’
1164 5220 1294 5273 ἀλλο
1322 5239 1372 5273 τι
1398 5223 1523 5292 περὶ
1547 5224 1699 5293 ήμῶν
1729 5225 1912 5295 δοκοίη

343 5310 417 5377 τῷ
449 5310 788 5379 κρείττονι,¹ή
816 5327 879 5378 γε
911 5311 1163 5378 πρόθεσις
1194 5313 1329 5381 πρὸς
1364 5313 1647 5367 εὐσέϐειαν
1682 5315 1910 5383 ἐξαρκέ-

343 5398 580 5452 σει.Ὂτι
604 5399 659 5453 δὲ
686 5399 763 5469 μὴ
790 5401 1110 5468 συκοφαντῶ
1144 5401 1537 5472 τετολμηκέναι
1567 5405 1634 5457 τὰ
1688 5406 1913 5461 τοιαῦτά

412 5554 488 5622 (Ι)
515 5553 640 5630 _Cfr.
684 5555 958 5630 li_brnyu_nm_
985 5559 1051 5630 dt}
1094 5558 1326 5627 Legibus
1362 5561 1712 5628 prommium,
1784 5576 1905 5630 pag.

340 5621 375 5696 ξ).
411 5632 465 5676 ει
502 5623 558 5696 4,
588 5625 757 5696 quod_
797 5627 1084 5681 Scholario
1113 5621 1224 5696 jahn
1263 5621 1396 5695 ιιιιιὶ,
1429 5646 1551 5683 cum
1596 5621 1709 5684 hard
1771 5621 1909 5685 ἑοτῖ-

344 5692 852 5772 ιίοτιινίηηοιυίεεο
885 5696 1086 5772 ιιιίτυηι-
1108 5692 1354 5772 ἐειηιιέεί
1384 5692 1391 5695 ν
1433 5700 1661 5772 alicujus
1694 5716 1721 5756 a
1788 5702 1905 5757 Plc-

346 5760 526 5816 lhonis
552 5774 701 5818 secta
743 5765 1031 5835 transfuga:
1074 5760 1294 5825 iudieio.
1329 5771 1497 5824 Amas.

2024 4572 2083 4634 ἐξ
2115 4573 2285 4637 αὐτῆς
2317 4570 2407 4621 τοῦ
2444 4572 2769 4639 πράγματος
2811 4575 3183 4644 διενηνοχότος
3226 4578 3326 4646 τῆς
3353 4579 3591 4645 φύσεως,

2024 4661 2118 4712 καὶ
2148 4661 2208 4712 τὸ
2241 4663 2292 4712 τί
2321 4656 2387 4731 ἦν
2420 4657 2562 4714 εἶναι
2592 4663 2847 4733 διάφορον
2877 4664 3090 4733 ἔχοντος
3124 4668 3217 4719 καὶ
3252 4668 3311 4720 ἐν
3339 4670 3488 4737 αὐτῷ
3515 4672 3613 4740 τῷ.

2022 4749 2160 4816 Θεῷ,
2191 4749 2245 4801 εί
2268 4767 2329 4816 γε
2364 4750 2548 4819 μέλλοι
2582 4769 2665 4815 τις
2707 4754 2782 4824 μὴ
2810 4755 2930 4823 εἰκῆ
2956 4755 3133 4809 ταῦτα
3158 4759 3350 4827 ψοφεῖν
3381 4761 3446 4812 τὰ
3477 4761 3597 4813 όνόο

2025 4858 2191 4910 ματα,
2219 4842 2313 4895 καὶ
2351 4845 2488 4912 μήτε
2525 4845 2644 4914 τῆς,
2679 4846 2754 4909 ὡς
2779 4847 2845 4900 ἃν
2877 4849 3074 4901 ἐκεῖνοι
3112 4854 3290 4918 φαῖεν,
3342 4853 3593 4923 ἐνότητος

2022 4934 2222 4999 αὐτῶν,
2252 4937 2390 5006 μήτε
2437 4937 2538 5007 τῆς
2578 4938 2903 5007 διακρίσεως
2936 4941 3017 5004 είς
3051 4943 3204 4997 οὐδὲν
3252 4946 3546 4999 ἀπολαύειν
3575 4962 3589 4976 ·

2023 5026 2054 5094 ἢ
2109 5027 2303 5090 παῖδας
2340 5029 2440 5096 μέν
2482 5046 2634 5092 τινας
2663 5031 2756 5084 τοῦ
2787 5032 2924 5085 Θεοῦ
2966 5034 3145 5103 λέγειν
3184 5038 3247 5091 ἐκ
3277 5038 3376 5107 τῆς
3404 5038 3609 5101 οὐσίας,

2023 5120 2189 5173 αὑτοῦ
2212 5123 2617 5191 προηγμένους,
2646 5125 2803 5196 είπερ
2831 5127 2895 5193 δὴ
2928 5131 3021 5181 καὶ
3044 5132 3143 5199 τῆς
3165 5131 3465 5201 ἐνεργείας,
3492 5137 3595 5203 τῆς

2022 5214 2191 5281 αὐτῆς
2221 5215 2286 5267 ἂν
2314 5213 2483 5283 οὔσης
2520 5217 2587 5285 τῇ
2618 5216 2779 5284 φύσει
2805 5218 3079 5289 καθάπαξ,
3109 5219 3227 5277 εἶτα
3261 5225 3334 5297 μὴ
3366 5228 3476 5289 δεῖν
3500 5228 3609 5281 τδνςη

2022 5305 2155 5358 Θεὸν
2185 5307 2366 5371 ἀξιοῦν
2392 5310 2514 5370 τοὺς
2538 5309 2736 5374 αὐτοὺς
2764 5314 2829 5381 τῇ
2858 5312 3039 5383 φύσει,
3060 5316 3177 5368 ἀλλ’
3207 5318 3395 5386 ἐτέρας
3416 5319 3595 5371 ἀπαν-

2018 5422 2113 5468 τας
2142 5406 2327 5467 οὐσίας
2349 5409 2440 5459 καὶ
2465 5408 2599 5461 πολῦ
2633 5411 3028 5483 ὑποδεεστέρας
3059 5415 3355 5484 προάγειν;
3386 5417 3455 5467 Ἣ
3481 5416 3601 5483 γὰρ

2090 5567 2165 5643 (⁷2.)
2206 5567 2431 5643 Οοιιίεν.
2484 5585 2604 5643 qua:
2666 5571 2752 5625 hic
2794 5571 2995 5641 optimc
3050 5573 3434 5639 discutiuntur,
3471 5572 3601 5643 ipsa,

2018 5637 2297 5692 Plellmnis
2322 5637 2512 5692 verba;
2536 5641 2703 5694 ALEx.

2087 5707 2162 5778 (5)
2204 5707 2325 5763 Haec
2364 5720 2418 5765 ct
2447 5724 2597 5779 seqq.
2633 5725 2696 5766 ex
2744 5709 2860 5781 ipso
2886 5709 3170 5767 Plcthonc.
