4118 6280
538 345 642 404 ΜΠ

1631 349 2013 410 ΟΕΝΝΑΒΙῙ
2045 349 2161 410 CP.

2206 351 2727 412 PATRIARCHXE
3685 357 3790 419 603

536 451 703 520 ι’χρῆν
735 453 934 519 μηδένα
970 453 1034 506 ἐκ
1071 455 1168 518 τῆς
1200 456 1388 519 οὐσίας
1412 457 1506 512 τοῦ
1539 459 1698 526 Θεοῦ,
1732 461 1929 513 ταυτὸν
1960 461 2003 512 δ’
2034 462 2110 513 εί-
2143 469 2186 525 Α
2216 463 2311 515 καὶ
2344 466 2491 532 τρεῖς
2521 465 2718 526 παῖδας
2763 464 3152 534 γεγεννηκέναι
3181 466 3245 536 τῇ
3281 465 3440 534 φύσει
3485 467 3727 535 ὁμοίους,
3754 470 3787 538 ἢ

533 545 655 592 πεῖν
677 543 774 611 τῆς
803 547 1083 612 ἐνεργείας
1123 547 1242 599 κατ’
1275 549 1496 613 αὐτοὺς,
1525 553 1866 621 προαχθῆναι
1899 554 2100 620 λέγειν,

533 633 649 684 ἀλλ’
670 635 872 689 ἄπαιδα
903 634 1043 690 εἶναι
1073 639 1327 704 καθάπαξ
1349 644 1439 694 τὸν
1465 643 1596 696 Θεὸν
1614 647 1711 698 καὶ
1729 647 1942 712 ἄγονον.
1971 649 2106 701 Καί-

532 739 613 776 τοι
662 725 806 778 οὕτω
857 729 1018 791 αὐτὸς
1066 730 1164 800 μὲν
1198 733 1433 799 μάλιστα
1470 735 1534 787 ἂν
1557 733 1633 797 εἷς
1667 732 1733 806 ἦν
1763 739 1858 790 καὶ
1894 737 1950 789 ἓν
1977 739 2101 790 ἀτο-

536 831 656 880 μον,
683 813 760 878 ὦς
790 834 976 884 φασιν,
1019 820 1046 871 ὃ
1080 822 1212 875 πολύ
1253 823 1462 892 βέλτιον
1506 827 1573 879 ἂν
1607 828 1690 898 εἴη
1729 829 1820 881 τοῦ
1849 829 1906 890 ἐς
1934 828 2104 880 πολλὰ

533 906 630 972 τὴν
669 908 896 975 θεότητα
933 914 1328 982 κατατέμνειν*
1371 919 1402 986 ή
1436 917 1491 970 δέ
1522 921 1697 980 κτίσις
1746 921 1847 973 οὐκ
1877 921 1942 974 ἂν
1985 921 2102 988 ἐγί-

534 1012 656 1047 νετο
682 1000 743 1049 ἐκ
771 999 928 1067 Θεοῦ,
961 1003 1074 1055 ἀλλ’
1107 1005 1138 1072 ἢ
1184 1007 1246 1058 ἐκ
1273 1009 1616 1075 ταύτομάτου
1647 1009 1698 1076 γ’
1729 1009 1795 1062 ἂν
1821 1005 1908 1079 ἦν,
1932 1011 1962 1078 ἢ
1989 1009 2101 1063 οὐδ’

534 1086 599 1137 ἂν
624 1084 690 1157 ἦν
718 1090 876 1150 ὅλως·
896 1094 991 1162 οὐχ
1019 1096 1102 1148 ὅτι
1131 1096 1292 1164 μόνον
1312 1100 1413 1152 οὐκ
1443 1099 1508 1152 ἂν
1525 1093 1638 1153 οἷόν
1663 1101 1709 1154 τ’
1730 1097 1816 1171 ἦν,
1843 1101 1917 1172 μή
1937 1101 2104 1155 όντων

535 1177 644 1230 τῶν
694 1181 1270 1254 συνδημιουργούντων
1313 1205 1373 1242 τε
1429 1192 1599 1259 αὐτὴν
1641 1193 1734 1245 καὶ
1789 1209 2106 1264 συνεπιτρο-

536 1269 809 1323 πευόντων
854 1275 1058 1346 παίδων
1094 1278 1301 1332 ἐκείνου
1356 1282 1482 1349 (δέοι
1532 1285 1638 1350 γὰρ
1667 1285 1732 1338 ἂν
1775 1285 1957 1346 αὐτοῖς
2012 1288 2107 1340 καὶ

533 1359 700 1428 ἄμφω
754 1365 1066 1437 ὑπάρχειν),
1095 1369 1229 1424 ἀλλὰ
1258 1372 1335 1441 τῷ
1383 1374 1474 1425 καὶ
1523 1374 1626 1444 τὴν
1679 1375 1958 1443 ἐνέργειαν
2011 1379 2108 1430 αὐ-

532 1453 627 1505 τοῦ
664 1455 858 1522 ἄγονον
897 1455 1060 1524 εἶναι,
1093 1461 1192 1531 τὴν
1221 1463 1390 1532 αὐτὴν
1435 1459 1602 1519 οὖσαν
1643 1470 1708 1536 τῇ
1738 1468 1896 1538 οὐσίᾳ
1941 1469 2144 1522 καθά»

533 1544 664 1608 παξ.
702 1547 771 1598 Ἦ
802 1547 984 1601 τοίνυν
1017 1549 1165 1605 οὕτω
1212 1553 1523 1621 νομοθετεῖν
1556 1555 1752 1618 αὐτοὺς
1798 1558 1928 1624 ἔδει,
1966 1560 1998 1628 ἢ
2043 1561 2108 1612 ἐκ

531 1634 634 1702 τῆς
662 1635 852 1698 οὐσίας
875 1637 972 1691 τοῦ
999 1639 1132 1694 Θεοῦ
1163 1642 1418 1710 λέγοντας
1435 1645 1789 1716 γεγεννῆσθαι
1815 1649 2010 1711 παῖδάς
2030 1667 2108 1703 τι-

534 1741 634 1787 νας
666 1727 762 1780 καὶ
793 1729 1022 1794 πολλούς
1051 1749 1135 1800 γε,
1186 1735 1280 1787 καὶ
1327 1735 1427 1804 τῆς
1485 1737 1654 1807 αὐτῆς
1704 1739 1888 1801 οὐσίας
1923 1739 2107 1804 ἀξιοῦν

2213 551 2278 605 ἐκ
2305 553 2398 606 τοῦ
2440 554 2702 615 πολλάκις
2731 555 3000 618 τοσαύτας
3044 554 3231 618 κλίνας
3266 558 3648 624 πεποιηκέναι,
3680 561 3711 626 ἢ
3762 561 3789 611 ὃ

2211 660 2264 695 τι
2302 644 2365 697 ἄν
2419 661 2502 703 τις
2556 646 2692 711 φαίη
2753 647 2860 696 τῶν
2912 646 3073 715 τέχνῃ
3135 646 3451 714 γινομένων,
3487 649 3522 700 ἀ
3569 651 3634 716 τῇ
3693 649 3789 714 μὲν

2213 735 2372 802 φύσει
2395 736 2644 804 ἀνόμοια,
2672 735 2748 804 τῷ
2768 735 2824 788 δέ
2856 738 3158 806 προαιρετῷ
3192 738 3339 791 ἔνδον
3363 740 3490 792 εῖδει
3520 740 3786 808 ἀμηγέπη

2212 825 2563 894 ὡμοιωμένα.
2601 829 2707 879 Καὶ
2761 829 2808 880 εί
2869 828 2942 896 μὴ
2991 831 3044 880 αἱ
3093 829 3180 881 διὰ
3233 830 3331 897 τὴν
3393 831 3788 900 παιδοτροφίαν

2215 918 2523 984 φροντίδες,
2551 918 2628 986 τῷ
2654 919 2877 985 θεωρεῖν
2906 921 3363 988 προσιστάμεναι,
3402 922 3629 987 ἀγόνους
3664 922 3788 990 βού-

2213 1009 2403 1061 λεσθαι
2460 1005 2601 1061 εἶναι
2643 1009 2767 1070 τούς
2821 1013 2962 1064 πάνυ
3008 1029 3093 1064 τοι
3140 1012 3382 1081 ἐρῶντας
3428 1012 3522 1065 τοῦ
3562 1014 3789 1082 θεωρεῖν

2213 1100 2450 1162 ἔπειθον,
2484 1101 2600 1167 ἅμα
2622 1101 2677 1152 δέ
2710 1103 2804 1154 καὶ
2829 1103 2929 1154 ὅσα
2958 1103 3093 1156 ἄλλα
3121 1103 3480 1166 συνέζευκται
3510 1108 3576 1174 τῇ
3607 1107 3791 1157 παιδο-

2214 1191 2384 1261 κομίᾳ
2412 1193 2678 1262 πρότερόν
2701 1210 2761 1245 τε
2788 1194 2881 1245 καὶ
2911 1192 3141 1262 ὕστερον
3169 1194 3426 1263 δυσχερῆ,
3461 1196 3565 1248 κᾶν
3595 1196 3791 1247 ἀθλιώ-

2211 1298 2372 1342 τατος
2405 1275 2472 1350 ἦν
2510 1283 2538 1334 6
2576 1281 2732 1334 τοῦτο
2780 1282 2999 1350 φεύγων
3039 1283 3127 1336 διά
3162 1283 3221 1335 τὸ
3259 1281 3465 1349 οίεσθαι
3502 1284 3692 1349 ἀρκεῖν
3723 1283 3788 1332 ἂν

2214 1373 2364 1442 αὐτῷ
2399 1373 2534 1441 πρὸς
2559 1373 2904 1444 εὐδαιμονίαν
2929 1376 2990 1428 τὸ
3015 1377 3355 1444 προαγαγεῖν
3382 1391 3434 1444 τι
3459 1373 3567 1424 τῶν
3596 1389 3791 1443 τεχνη-

2213 1462 2342 1527 τῶν,
2377 1464 2469 1515 καὶ
2504 1463 2736 1532 ἀληθοῦς
2765 1463 2953 1533 ήδονῆς
2981 1464 3396 1533 ἀνεπίστροφος,
3429 1463 3560 1515 ὅπου
3597 1479 3659 1528 γε
3686 1463 3780 1515 καὶ

2212 1555 2385 1606 ταῦτα
2427 1553 2590 1606 ἕνεκά
2631 1571 2690 1607 τε
2733 1554 2826 1606 τοῦ
2865 1552 3151 1624 ἀνθρώπου
3187 1554 3348 1622 ίσμεν
3374 1555 3656 1621 γινόμενα,
3689 1553 3785 1605 καὶ

2213 1642 2304 1696 διὰ
2333 1643 2431 1714 τὴν
2453 1645 2642 1714 χρείαν
2677 1644 2985 1712 τιμώμενα,
3013 1645 3073 1698 οὐ
3103 1645 3171 1698 δι’
3203 1643 3392 1697 ἑαυτά.
3427 1644 3578 1714 Ὀσῳ
3602 1643 3781 1694 τοίνυν

2217 1731 2443 1800 βελτίων
2498 1733 2785 1803 ἄνθρωπος
2838 1735 3027 1805 κλίνης
3081 1733 3114 1803 ἢ
3167 1731 3486 1802 σκίμποδος.
3543 1732 3782 1799 τοσοῦτφ

539 1811 698 1884 εἶναι,
735 1821 828 1873 καὶ
871 1823 1080 1886 πάντας
1125 1825 1466 1893 ὁμοουσίους,
1501 1830 1595 1881 καὶ
1627 1829 1741 1882 ῖσον
1781 1830 2111 1901 δυναμένους
2143 1820 2184 1874 Β
2216 1822 2424 1892 βέλτιον
2467 1823 2535 1878 ἂν
2581 1825 2665 1895 εἴη
2712 1825 2999 1895 ἄνθρωπον
3047 1828 3243 1894 γεννᾷν
3275 1827 3307 1894 ή
3339 1843 3392 1878 τι
3426 1825 3652 1877 ἐκείνων
3689 1824 3782 1892 δη-

538 1909 729 1972 ἀπλώς
755 1927 815 1963 τε
848 1914 952 1966 κάν
977 1913 1054 1983 τῷ
1089 1918 1254 1968 παντὶ
1281 1917 1415 1986 τῷδε
1441 1919 1534 1971 καὶ
1561 1921 1673 1982 τοῖς
1700 1920 1863 1974 αὐτοῦ
1891 1923 2103 1994 μέρεσι.

539 1999 733 2052 Καίτοι
764 2000 908 2056 οὕτω
936 2004 967 2073 ἢ
1013 2006 1213 2069 αὐτοὺς
1245 2007 1353 2060 ἔδει
1386 2012 1545 2078 μόνον
1573 2007 1638 2064 αὖ
1672 2008 1832 2076 εἶναι,
1868 2015 1962 2066 καὶ
2001 2015 2110 2068 τῶν

538 2090 1043 2162 δημιουργημάτων
1084 2098 1269 2152 οὐδέν·
1305 2101 1365 2154 οὐ
1420 2102 1528 2172 γὰρ
1559 2103 1628 2157 ἂν
1667 2104 1888 2174 ἔμελλεν
1925 2108 1952 2160 ὁ
1978 2107 2111 2169 Θεὸς

539 2181 713 2250 δήπου
744 2184 890 2254 ἕτερ’
923 2188 1058 2242 ἄττα
1093 2191 1356 2260 προάγειν
1378 2196 1444 2263 τῇ
1477 2195 1747 2265 ἐνεργείᾳ,
1786 2197 1874 2250 ἵνα
1903 2197 1977 2267 μὴ
2009 2199 2110 2251 κά-

541 2276 696 2329 κεῖνα
743 2277 854 2330 θεοὶ
914 2274 1045 2346 εἷεν,
1094 2285 1158 2353 τῇ
1214 2284 1348 2353 αὐτῇ
1377 2285 1550 2354 δήπου
1595 2290 1916 2357 προηγμένα
1945 2290 2110 2360 ἀρχῇ.

539 2366 638 2431 τῆς
684 2368 853 2438 αὐτῆς
898 2371 964 2423 ἂν
994 2372 1161 2444 οὐσης
1190 2376 1470 2443 ἐνεργείας
1507 2395 1566 2432 τε
1603 2381 1698 2433 καὶ
1727 2381 1915 2444 οὐσίας
1939 2381 2112 2435 καθά-

541 2457 684 2521 παξ·
716 2459 748 2527 ἢ
793 2463 886 2514 καὶ
929 2464 998 2516 τά
1035 2464 1163 2520 ὁντα
1203 2469 1376 2522 πάντα
1408 2469 1561 2532 θεοὺς
1589 2467 1752 2537 εἶναι,
1782 2472 1883 2526 εἷθ’
1911 2474 2114 2542 ὁμοίως

541 2549 607 2600 ἑκ
639 2547 774 2603 Θεοῦ
814 2555 878 2620 τῇ
912 2553 1068 2626 οὐσίᾳ
1101 2560 1462 2627 γεγενημένα,
1496 2561 1609 2614 εἴτε
1644 2559 1739 2614 καὶ
1767 2565 1832 2616 ἐκ
1875 2565 1982 2617 τῶν
2021 2565 2112 2619 τοῦ

541 2636 679 2692 Θεοῦ
716 2642 943 2708 παίδων,
978 2646 1052 2709 ώς
1081 2648 1236 2702 αὐτοὶ
1281 2649 1340 2715 ἐξ
1373 2652 1582 2705 ἐκείνου
1615 2657 1945 2725 τυγχάνουσι
1981 2675 2114 2729 προ·

545 2732 798 2794 ηγμένοι.
827 2735 1018 2798 Οὐδεὶς
1073 2741 1181 2807 γὰρ
1240 2739 1308 2792 ἂν
1363 2741 1517 2808 λόγος
1553 2744 1730 2813 δοθείη
1775 2745 2114 2814 ἀνθρώπινος

541 2816 636 2867 τοῦ
679 2817 711 2886 ἦ
741 2821 830 2872 τὸν
866 2821 998 2874 Θεὸν
1027 2825 1094 2877 ἐκ
1121 2827 1221 2896 τῆς
1253 2828 1441 2891 οὐσίας
1488 2831 1587 2897 μὲν
1618 2832 1783 2885 αὐτοῦ
1829 2835 2112 2904 προάγειν,

546 2908 724 2960 εῐτουν
756 2908 856 2976 τῆς
887 2911 1192 2980 ἐνεργείας,
1239 2917 1416 2972 πάντα
1463 2920 1532 2973 τά
1580 2922 1732 2985 ὄντα,
1769 2923 1842 2991 μὴ
1887 2919 2026 2978 εἴναι
2059 2926 2115 2978 δέ

545 2997 726 3050 πάντα
762 2997 940 3065 θεοὺς,
976 3002 1133 3073 είπερ
1167 3005 1283 3056 ένια
1331 3007 1508 3060 αὐτῶν
1557 3010 1670 3062 θεοί
1714 3011 1820 3062 είσι
1855 3011 1941 3066 διὰ
1970 3015 2114 3068 τοῦτ’

2216 1918 2522 1985 μιουργεῖν.
2562 1917 2671 1970 Καὶ
2708 1918 2819 1984 ὅσῳ
2849 1916 3201 1987 τιμιώτερον,
3244 1915 3306 1969 οῦ
3351 1915 3514 1969 ἐνεκά
3548 1933 3600 1968 τι
3642 1932 3782 1982 παρ-

2212 2004 2397 2074 ῆκται,
2430 2005 2647 2071 τούτου,
2680 2007 2713 2077 ἢ
2743 2005 2811 2060 αὖ
2846 2006 2939 2059 τοῦ
2989 2005 3345 2075 παρηγμένον
3380 2006 3589 2057 ἐκείνου
3621 2004 3783 2057 ἕνεκα

2213 2097 2387 2148 αῐτιον
2414 2092 2579 2161 εἶναι,
2605 2096 2845 2167 τοσούτῳ
2879 2098 2974 2151 καὶ
3005 2096 3289 2166 ἄνθρωπον
3315 2098 3508 2166 γεννᾷν
3537 2094 3570 2164 ἢ
3602 2095 3776 2146 οἰκίαν

2214 2191 2388 2243 ποιεῖν
2419 2191 2692 2261 ἀνθρώπῳ
2717 2191 2928 2259 πέφυκε
2968 2190 3317 2260 τιμιώτερον,
3361 2189 3416 2241 ετ
3440 2206 3523 2251 τις
3562 2187 3780 2256 ἔμελλεν

2213 2281 2354 2334 αὐτά
2382 2281 2478 2350 τῆς
2505 2281 2738 2348 ἀληθοῦς
2768 2282 2943 2346 ἀξίας,
2968 2281 3102 2334 ἀλλά
3133 2281 3208 2351 μὴ
3241 2279 3430 2348 χρείας
3454 2279 3597 2340 τινὸς
3630 2277 3779 2330 ὠνεῖ-

2217 2372 2341 2426 σθαί
2369 2390 2430 2425 τε
2458 2373 2552 2427 καὶ
2573 2371 3180 2427 ἀντικαταλλάττεσθαι.
3218 2369 3358 2422 Ἀλλ’
3387 2371 3589 2422 ἐκεῖνοι
3615 2367 3780 2436 μηδέν

2215 2483 2268 2518 τι
2277 2465 2608 2536 βουλόμενοι
2637 2464 2899 2534 προάγειν
2921 2464 2979 2530 ἐξ
3005 2463 3169 2517 αὐτοῦ
3188 2463 3278 2515 τὸν
3298 2461 3430 2514 Θεὸν
3453 2460 3579 2514 καθ’
3600 2459 3777 2528 ὁμοιό-

2215 2573 2353 2626 τητα
2385 2559 2619 2624 φύσεως,
2655 2556 2788 2609 ἀλλά
2819 2555 2981 2625 μόνον
3020 2557 3089 2609 τά
3131 2553 3294 2620 ἔτερα
3329 2551 3548 2614 ἑαυτοῦ,
3593 2551 3780 2617 ἄγονον

2216 2648 2458 2716 ἀτεχνῶς
2491 2647 2654 2700 αὐτὸν
2696 2648 3062 2716 ἀποφαίνουσι
3111 2650 3207 2702 καὶ
3252 2644 3331 2714 τῷ
3367 2644 3638 2711 καλλίστῳ
3685 2640 3779 2708 τῆς

2219 2738 2550 2806 προαγωγῆς
2581 2737 2889 2808 χωλεύοντα
2933 2740 3120 2808 μέρει’
3164 2734 3246 2799 οἷς
3275 2736 3338 2803 δὴ
3383 2735 3478 2787 καὶ
3507 2733 3567 2786 τὸ
3609 2732 3780 2785 εὐδαι-

2223 2845 2320 2896 μον
2350 2827 2515 2881 αὐτοῦ
2547 2827 2642 2882 καὶ
2677 2832 2947 2899 μακάριον
2983 2823 3474 2898 συνεξαμαυροῦσι.
3511 2822 3634 2885 Πῶς
3677 2821 3779 2888 γὰρ

2222 2917 2288 2970 ἂν
2319 2915 2406 2984 εῖη
2441 2917 2843 2987 μακαριότητος
2873 2921 2931 2972 ἐν
2958 2918 3219 2987 ἀκρότητι
3253 2912 3607 2982 τεταγμένος,
3633 2912 3681 2962 εί
3708 2909 3780 2976 μὴ

2221 3007 2473 3078 αὐτάρκη
2507 3008 2652 3080 ζωὴν
2685 3009 2821 3079 ἔχοι,
2855 3011 2911 3063 ἐν
2943 3009 3093 3079 αὐτῷ
3125 3025 3180 3062 τε
3214 3006 3469 3076 καὶπρὸς
3503 3002 3665 3056 αὐτὸν
3692 3001 3782 3054 καὶ

545 3090 678 3143 αὐτὸ
699 3089 762 3144 τὸ
790 3093 853 3146 ἐκ
879 3093 980 3162 τῆς
1015 3096 1202 3160 οὐσίας
1228 3098 1391 3152 αὐτοῦ
1421 3101 1724 3169 προελθεῖν,
1758 3103 1790 3172 ἢ
1829 3105 1955 3168 τοὺς
1980 3107 2114 3159 Θεοῦ
2152 3165 2182 3172 _
2222 3099 2388 3153 αὑτοῦ
2421 3101 2581 3154 ἕνεκα
2619 3101 2879 3168 ἐνεργῶν,
2905 3101 3042 3154 ἀλλά
3069 3100 3176 3154 τῶν
3210 3099 3342 3152 πολὺ
3388 3096 3649 3168 χειρόνων
3691 3093 3782 3146 αὐο

549 3181 765 3246 παῖδας,
810 3185 874 3238 ἐκ
924 3187 1021 3255 τῆς
1069 3189 1258 3250 οὐσίας
1303 3165 1477 3243 αὐτοῦ.
1527 3165 1986 3265 προεληλυθότας,
2007 3190 2014 3198 ’
2038 3199 2113 3269 μὴ
2141 3165 2184 3223 c
2219 3190 2313 3244 τοῦ
2349 3192 2543 3257 δέοιτο,
2578 3192 2685 3246 εἴτε
2714 3165 2797 3246 -ἔϋκ
2821 3210 2966 3257 τινος
2995 3193 3187 3263 χρόνου
3217 3165 3622 3260 γεγενομένωνν
3656 3184 3729 3247 ὡς
3755 3184 3783 3235 δ

548 3269 705 3334 θεοὺς
759 3275 1042 3343 προάγειν,
1075 3277 1191 3331 ἄττ’
1240 3279 1306 3332 ἂν
1349 3282 1411 3334 ἐκ
1440 3282 1539 3351 τῆς
1567 3285 1717 3350 σφῶν
1763 3287 1950 3350 οὐσίας
1983 3309 2115 3361 προ-

548 3361 756 3430 άγοιεν.
791 3367 864 3418 Τὸ
895 3367 941 3420 δ’
965 3369 1028 3420 ἐκ
1050 3369 1149 3436 τῆς·
1176 3370 1364 3434 οὐσίας
1395 3373 1488 3426 τοῦ
1521 3375 1654 3428 Θεοῦ
1692 3379 1973 3446 προελθεῖν
1997 3399 2117 3436 τινα

553 3456 627 3523 μὴ
659 3456 758 3526 τὴν
786 3459 974 3511 οὐσίαν
1003 3459 1194 3529 ἔχοντα
1228 3462 1322 3515 τοῦ
1354 3465 1507 3531 Θεοῦ,
1548 3467 1744 3538 ἐπίσης
1775 3469 1978 3535 φαῦλόν
2001 3474 2118 3527 ἐστι

462 3617 466 3621 .
550 3547 627 3614 τῷ
650 3549 744 3601 καὶ
771 3549 947 3602 πάντα
974 3553 1040 3604 τά
1068 3552 1130 3604 ἐκ
1156 3552 1249 3614 τοῦ
1277 3553 1413 3606 Θεοῦ
1444 3556 1848 3626 προεληλυθότα
1874 3560 2119 3616 ὁπωσοῦν

550 3639 650 3706 τῆς
680 3641 844 3693 αὐτοῦ
892 3643 1281 3710 μετειληφέναι
1346 3646 1554 3709 οὐσίας.
1600 3647 1684 3710 Ὦς
1721 3649 1830 3718 γὰρ
1879 3652 1996 3703 ἐκεῖ
2029 3653 2119 3705 ίσα

551 3729 627 3794 τῷ
661 3729 778 3799 Θεῷ
802 3720 954 3786 ἔσται
983 3734 1018 3788 ἃ
1057 3735 1137 3787 δεῖ
1175 3735 1340 3789 αὐτοῦ
1370 3738 1630 3806 πάμπολυ
1666 3740 1827 3809 ἓτερα
1862 3740 2000 3796 εἶναι
2029 3745 2120 3797 καὶ

555 3821 691 3889 μηδὲ
722 3822 1130 3891 ξυμὸεσλῆσθαι
1172 3825 1320 3892 ἀξια,
1354 3826 1498 3880 οὕτω
1538 3829 1814 3884 κάνταῦθα
1845 3831 1995 3885 ἔσται
2027 3837 2123 3888 ἀν-

555 3912 716 3978 όμοια
743 3913 778 3965 ἃ
804 3914 914 3967 δέοι
934 3917 987 3980 γ’
1019 3915 1086 3968 ἂν
1112 3915 1280 3983 μηδὲν
1309 3916 1693 3988 διενηνοχέναι.
1732 3920 1793 3975 Et
1826 3922 1882 3975 δὲ
1915 3928 2006 3977 καὶ
2033 3927 2125 3994 γό-

557 4020 716 4071 νιμος
773 4003 911 4065 ὅλως
959 4003 1033 4056 ὢν
1085 4007 1179 4058 καλ¹
1237 4009 1568 4076 παραγωγδς
1611 4010 1896 4077 πλειόνων,
1926 4016 1992 4068 τὰ
2025 4018 2123 4084 μὲν

556 4086 722 4153 ἔτερα
765 4087 932 4141 αὐτοῦ
977 4090 1274 4160 ὐποστήσει
1311 4093 1392 4162 (τὸ
1423 4094 1466 4145 δ’
1500 4096 1648 4158 ὅπως
1696 4100 1760 4150 ἐκ
1809 4099 1910 4167 τῆς
1941 4103 2125 4167 οὐσίας

557 4177 727 4231 αὐτοῦ
766 4179 1028 4248 γινόμενα
1051 4182 1258 4234 τοιαῦτ’
1283 4183 1349 4236 ἂν
1377 4185 1484 4254 εἴη,
1513 4187 1784 4257 ἠπόρηται
1814 4194 2122 4263 πρότερον),

557 4271 614 4320 ἐν
644 4269 822 4339 ἑαυτῷ
878 4271 932 4323 δὲ
975 4272 1069 4325 καὶ
1098 4276 1162 4342 τῇ
1198 4274 1374 4345 οἰκείᾳ
1403 4276 1618 4345 ἐνότητι
1649 4279 1776 4332 ἄνευ
1813 4284 1958 4345 τινὸς
1994 4303 2126 4355 προ-

558 4364 679 4416 όδου
715 4367 888 4431 μενεῖ,
920 4366 1014 4419 καὶ
1041 4362 1120 4429 εἷς
1147 4367 1322 4431 ἔσται,
1361 4368 1550 4439 ὥσπερ
1589 4370 1647 4424 ἓν
1685 4371 1869 4434 ἁπλῶς
1901 4374 2122 4443 ἄτομον,

2223 3285 2366 3354 ίερὸς
2393 3285 2633 3338 διδάσκει
2666 3285 2846 3351 λόγος,
2871 3285 2982 3337 εἴτε
3015 3284 3107 3337 καὶ
3130 3285 3192 3334 ἐκ
3221 3281 3313 3334 τοῦ
3342 3279 3541 3341 παντὸς
3571 3275 3782 3338 αἰῶνος,

2218 3375 2291 3439 ὡς
2315 3377 2514 3429 ἐκεῖνοι
2546 3376 2849 3437 ἐϐούλοντο,
2884 3376 2958 3438 ώς
2996 3373 3062 3428 ἂν
3091 3373 3230 3426 αὐτά
3263 3389 3320 3424 τε
3352 3372 3446 3424 καὶ
3491 3368 3622 3438 περὶ
3652 3366 3788 3419 αὐτά

2221 3468 2482 3537 ἐνεργῶν,
2517 3468 2614 3520 καὶ
2653 3468 2792 3536 πρὸς
2821 3467 3011 3520 ἑαυτὸν
3040 3467 3190 3519 ταῦτ’
3220 3463 3587 3532 ἐπιστρέφων,
3618 3459 3787 3519 οὕτως

2220 3556 2444 3625 ἐνεργὸν
2479 3557 2592 3625 ἔχοι
2635 3557 2724 3609 καὶ
2756 3556 2853 3626 τὴν
2884 3556 3095 3618 οὐσίαν,
3129 3555 3224 3606 καὶ
3261 3552 3369 3604 τῶν
3397 3550 3655 3618 χειρόνων
3691 3546 3789 3599 αὐ-

2221 3645 2314 3698 τοῦ
2349 3646 2660 3715 ἠρτημένον
2701 3646 2786 3712 εἴη
2817 3647 2877 3698 τὸ
2913 3645 3181 3713 μακάριον
3225 3639 3374 3711 αὐτῷ
3400 3641 3491 3691 καὶ
3519 3639 3552 3707 ή
3587 3633 3787 3688 τελειό-

2220 3752 2320 3803 της
2354 3751 2369 3801 ;
2406 3737 2495 3786 Δεῖ
2547 3734 2655 3804 γάρ
2681 3737 2772 3787 τὸν
2812 3733 2944 3786 Θεὸν
2980 3731 3235 3785 τοιούτων
3269 3729 3438 3782 ὄντων
3471 3725 3578 3777 τῶν
3617 3720 3782 3776 αὐτοῦ

2223 3826 2725 3897 δημιουργημάτων
2762 3826 3027 3895 πρότερον
3060 3817 3199 3876 εἶναι
3248 3823 3312 3890 τῇ
3349 3819 3532 3888 φύσει,
3557 3817 3632 3877 ὡς
3659 3814 3788 3883 γοῦν

2224 3913 2286 3972 οὐ
2326 3937 2378 3972 τι
2418 3919 2562 3989 ίχνος
2601 3920 2740 3984 ἐστὶ,
2774 3917 2934 3968 τοῦτο
2977 3914 3071 3968 τοῦ
3112 3916 3289 3982 ἴχνους
3329 3910 3595 3980 πρότερον
3650 3902 3815 3980 εἶναι,

2223 4007 2341 4060 δέον
2392 4010 2460 4077 τῇ
2506 4006 2665 4076 φύσει
2691 4021 2703 4035 ⁸
2759 4004 2853 4058 τοῦ
2883 4005 2990 4072 γὰρ
3020 4003 3149 4056 Θεοῦ
3185 4002 3370 4070 ὥσπερ
3413 4002 3535 4070 ῐχνη
3569 3997 3638 4051 τὰ
3664 3996 3790 4049 ὄντα

2223 4099 2492 4166 λέγουσιν.
2539 4097 2627 4151 Ἐν
2651 4097 2714 4166 δὴ
2741 4096 2888 4166 αὐτῷ
2913 4096 2990 4160 τῷ
3025 4094 3270 4163 προτέρῳ
3298 4090 3526 4158 ἀνόητόν
3551 4105 3610 4140 τε
3639 4089 3790 4139 ἔσται
3826 4095 3828 4097 ’

2225 4189 2285 4241 τὸ
2321 4191 2462 4240 θεῖον
2493 4190 2585 4241 καὶ
2615 4188 2932 4257 ἀνέραστον,
2965 4184 3084 4238 κατ’
3118 4185 3338 4245 αὐτοὺς,
3362 4183 3496 4244 ὅλως
3525 4180 3570 4232 δ’
3591 4179 3787 4241 εἰπεῖν,

2226 4276 2334 4328 οὐδ’
2367 4276 2669 4330 ὁπωστιοῦν
2705 4265 2948 4346 ἐνεργόν.
2977 4277 3050 4328 Οὐ
3081 4277 3186 4344 γὰρ
3219 4274 3379 4344 ἀρκεῖ
3409 4273 3466 4322 τὸ
3493 4270 3568 4333 ώς
3592 4270 3786 4323 αὐτίκα

2231 4368 2373 4436 μάλα
2423 4368 2658 4436 ἐσόμενα
2707 4367 3108 4436 προγινώσκειν
3160 4366 3226 4418 τὰ
3278 4365 3428 4427 ὄντα,
3464 4361 3580 4414 οὐθ’
3618 4364 3650 4430 ή
3696 4359 3789 4412 τοῦ

560 4458 652 4507 καὶ
683 4456 869 4526 ὥσπερ
898 4475 983 4520 τις
1011 4459 1260 4528 μονώτης
1283 4459 1358 4521 ὡς
1384 4459 1621 4529 ἀληθῶς,
1649 4463 1764 4525 πῶς
1789 4464 1846 4516 οὐ
1874 4465 1966 4516 καὶ
1991 4465 2123 4518 πολὺ
2157 4487 2200 4540 D
2229 4459 2434 4527 κόσμου
2470 4458 2586 4510 ἰδέα
2623 4459 2730 4528 πρὸ
2761 4457 2856 4509 τοῦ
2889 4457 3096 4526 κόσμου
3129 4456 3470 4525 γεγενημένη
3495 4472 3509 4483 ’
3543 4457 3638 4509 καὶ
3669 4453 3792 4506 ταύ-

560 4547 755 4617 βελτίω
787 4548 952 4603 αὐτοῦ
987 4549 1140 4602 ἔσται
1183 4549 1250 4601 τὰ
1281 4548 1459 4619 ἔργοις
1492 4550 1707 4605 Τούτων
1754 4554 1866 4623 γὰρ
1902 4554 2018 4608 ἔνια
2063 4556 2124 4609 οὐ

558 4639 678 4695 κατ’
713 4642 996 4710 ἐνέργειαν
1032 4639 1212 4708 μόνον,
1238 4640 1375 4694 ἀλλά
1411 4640 1474 4710 δὴ
1523 4642 1616 4694 καὶ
1652 4645 1717 4713 τῇ
1764 4644 1922 4715 οὐσίᾳ
1965 4635 2127 4699 τινών

557 4735 708 4788 αἴτια
738 4736 1001 4802 γίνονται,
1046 4735 1142 4787 καὶ
1171 4733 1231 4785 οὐ
1264 4731 1426 4803 τέχνῃ
1473 4732 1634 4800 μόνον
1679 4736 1942 4800 ποιοῦσιν,
1993 4737 2128 4789 ἀλλὰ

559 4827 655 4880 καὶ
684 4825 842 4894 φύσει
876 4826 1234 4892 προάγουσιν.
1264 4818 1359 4886 Οἷς
1409 4824 1544 4876 πολύ
1586 4825 1637 4892 γ’
1670 4824 1735 4878 ἂν
1784 4826 1868 4896 είη
1922 4826 2128 4895 βέλτιον

558 4916 655 4970 τοῦ
687 4917 860 4978 εἴδους
895 4914 1218 4984 μεταδοῦναι
1245 4913 1345 4983 τῆς
1378 4916 1592 4982 φύσεως
1623 4918 1716 4969 καὶ
1749 4918 2050 4986 ἐλάττοσιν,
2091 4922 2124 4990 ἦ

562 5010 723 5075 ὃμοια
765 5009 830 5076 τῇ
865 5007 1116 5074 βουλήσει
1153 5005 1447 5070 πάμπολλα
1497 5011 1864 5076 παραγαγεῖν,
1906 5010 2004 5062 οὐκ
2037 5012 2130 5064 ἐπὶ

561 5099 628 5166 τῇ
675 5095 770 5148 τοῦ
804 5097 978 5158 εἴδους
1006 5098 1232 5163 διαμονῇ
1278 5097 1458 5166 μόνον,
1487 5098 1622 5151 ἀλλὰ
1663 5100 1754 5151 καὶ
1784 5100 1993 5162 ἁπλῶς.
2019 5103 2131 5156 Καὶ

569 5188 778 5258 βέλτιον
807 5189 904 5258 μὲν
930 5188 1076 5258 ἔχειν
1099 5188 1207 5240 τῶν
1239 5187 1378 5242 κατὰ
1407 5189 1570 5255 φύσιν
1594 5190 1755 5259 μόνον
1784 5191 2132 5259 προαγόντων

565 5282 636 5335 τὰ
666 5281 803 5350 πρὸς
831 5281 1006 5351 τούτῳ
1035 5280 1113 5333 ἔτι
1165 5283 1257 5333 καὶ
1287 5282 1427 5336 κατὰ
1453 5282 1647 5352 τέχνην
1695 5282 1974 5346 ποιοῦντα,
2025 5285 2132 5346 πᾶς

565 5393 649 5440 τις
692 5373 758 5429 ἂν
791 5374 947 5440 φαίη.
975 5372 1036 5426 Εἰ
1066 5374 1111 5427 δ’
1135 5366 1244 5427 οἷόν
1273 5374 1318 5427 τ’
1343 5368 1410 5442 ἦν
1445 5374 1538 5427 καὶ
1584 5372 1759 5436 ἄλλως
1793 5373 2134 5445 διελομένους

566 5467 642 5530 ώς
685 5468 743 5519 ἐν
783 5465 1040 5520 ὑποθέσει
1085 5467 1333 5530 σκοπεῖν,
1368 5464 1475 5516 τῶν
1507 5463 1602 5517 καὶ
1633 5463 1794 5532 φύσει
1835 5467 1927 5519 καὶ
1975 5467 2135 5536 τέχνῃ

570 5558 871 5627 γινομένων
907 5558 1097 5611 αίτίων
1142 5554 1306 5608 τινῶν
1345 5549 1509 5627 ἦττον
1542 5555 1610 5608 ἂν
1643 5555 1774 5608 ἐσίω
1806 5556 2136 5624 εὐδαιμόνως

573 5653 640 5702 τα
699 5651 862 5720 τέχνῃ
913 5651 1072 5718 μόνον
1121 5647 1398 5701 ποιοῦντα.
1439 5647 1548 5700 Καὶ
1592 5645 1684 5699 νῦν
1721 5648 1778 5698 ἐν
1827 5645 2135 5714 ἀνθρώποις

579 5741 755 5810 πολλῷ
789 5758 867 5803 τις
899 5742 1044 5809 ἥδιον
1077 5741 1181 5810 βιοῖ
1202 5741 1292 5794 καῖ
1329 5739 1805 5809 εὐδαιμονέστερον
1839 5741 1900 5792 ἐκ
1925 5737 2016 5790 τοῦ
2045 5737 2135 5791 δύο

2229 4566 2326 4616 την
2356 4549 2426 4617 γὰ
2438 4565 2468 4619 ρ
2497 4547 2590 4600 τοῦ
2619 4548 2751 4601 Θεοῦ
2779 4548 3173 4615 ὐποδεεστέραν
3201 4547 3427 4599 τιθεῖσιν
3446 4545 3495 4595 οί
3524 4544 3792 4612 λέγοντες,

2230 4641 2325 4695 ἆτε
2361 4641 2496 4710 μηδέ
2528 4641 2732 4710 ταύτης
2767 4641 2831 4691 ἐκ
2872 4640 2970 4706 τῆς
3008 4639 3251 4708 ἀνάγκης
3285 4635 3659 4706 γεγενημένης
3700 4636 3795 4702 τῆς

2231 4733 2467 4801 φύσεως.
2504 4734 2661 4785 ’Ἤτοι
2697 4731 2790 4785 νῦν
2827 4733 2987 4801 μόνος
3046 4734 3074 4784 ὁ
3105 4732 3234 4793 Θεὸς
3270 4731 3462 4782 ἑαυτὸν
3495 4731 3557 4782 οὐ
3589 4729 3793 4795 νοήσει,

2231 4825 2353 4887 νοῦς
2386 4823 2481 4888 ὢν,
2513 4823 2544 4892 ἢ
2579 4823 2652 4892 τῷ
2684 4824 2749 4876 τὰ
2771 4823 2903 4878 ἄλλα
2938 4825 3076 4874 νοεῖν
3100 4838 3112 4851 ·
3146 4818 3220 4874 ὧν
3248 4820 3301 4873 τί
3342 4819 3538 4888 γένοιτ’
3577 4817 3641 4870 ἂν
3679 4818 3796 4868 ἀτο-

2233 4916 2500 4983 πώτερον,
2533 4919 2580 4968 εί
2605 4915 2667 4986 δὴ
2708 4915 2881 4968 ταῦτα
2916 4914 3015 4983 μὲν
3042 4912 3397 4973 ἀνακόλουθα,
3423 4913 3449 4962 ὁ
3481 4911 3538 4962 δέ
3577 4910 3709 4971 Θεός
3738 4908 3795 4960 δν

2232 5010 2349 5062 ἐστι
2393 5011 2487 5061 καὶ
2537 5007 2742 5077 ἀγαθόν
2788 5024 2848 5060 τε
2892 5005 2992 5084 καλζ
3025 5004 3242 5075 ἀληθὲς,
3278 5006 3333 5056 ἐν
3363 5003 3438 5072 τῷ
3465 5003 3676 5071 ἐσχάτῳ
3701 5002 3793 5053 καὶ

2233 5103 2528 5169 ἀκραιφνεῖ
2567 5101 2666 5170 τῆς
2709 5116 2770 5151 τε
2823 5098 3012 5160 οὐσίας
3057 5097 3149 5150 καὶ
3175 5095 3512 5163 ἀγαθότητος
3543 5093 3639 5147 καὶ
3670 5092 3795 5160 ἀλη-

2235 5193 2414 5259 θείας;
2446 5191 2620 5245 ταῦτα
2645 5192 2752 5260 γὰρ
2777 5192 2870 5244 καὶ
2900 5191 3081 5243 αὐτῶν
3127 5188 3391 5256 Ἑλλήνων
3421 5187 3470 5238 οί
3499 5184 3796 5255 δοκιμώτε-

2238 5302 2322 5355 ροι
2362 5285 2603 5352 ἠξίωσαν
2627 5283 3026 5351 ἀντιστρέφειν.
3064 5280 3168 5332 Καὶ
3194 5283 3220 5332 6
3252 5279 3395 5347 ἱερὸς
3429 5277 3485 5330 δὲ
3517 5277 3676 5343 λόγος
3706 5276 3799 5328 αὐ-

2235 5379 2326 5429 τὸν
2369 5377 2466 5446 μὲν
2502 5373 2640 5428 εἶναι
2681 5374 2774 5426 τὸν
2807 5373 2940 5424 Θεὸν
2989 5373 3087 5440 τὴν
3117 5370 3373 5439 ἀλήθειαν
3410 5367 3572 5430 ἀξιοῖ,
3611 5365 3795 5419 οὐδένα

2236 5464 2292 5519 δὲ
2319 5464 2543 5532 ἀγαθὸν,
2572 5465 2620 5516 εί
2654 5463 2729 5532 μὴ
2760 5461 2856 5515 ἕνα
2877 5460 2964 5513 τὸν
2988 5460 3142 5525 Θεὸν,
3172 5454 3311 5511 εἶναι
3341 5475 3352 5487 ·
3384 5459 3479 5510 καὶ
3506 5455 3672 5509 αὐτὸν
3699 5455 3798 5506 ὐπ-

2239 5559 2426 5628 ἀρχειν
2461 5557 2529 5609 τὰ
2563 5556 2692 5608 ὁντα
2737 5571 2800 5622 γε
2832 5554 2926 5607 καὶ
2953 5556 3012 5606 τὸ
3039 5554 3122 5617 ὃν,
3160 5552 3254 5604 καὶ
3285 5549 3407 5602 νοῦν
3459 5549 3516 5601 δέ
3560 5551 3652 5600 τὸν
3682 5548 3800 5615 ἀρι-

2242 5652 2364 5702 στόν
2393 5666 2451 5700 τε
2499 5650 2592 5700 καὶ
2630 5646 3062 5717 φρονιμώτατον,
3095 5645 3190 5712 οὐχ
3238 5643 3398 5711 ήμεῖς
3447 5643 3624 5708 μόνον,
3671 5639 3802 5691 ἀλλὰ

2245 5739 2337 5790 καὶ
2383 5736 2652 5806 Ἑλλήνων
2697 5738 2741 5788 οἱ
2787 5735 2941 5789 αὐτοὶ
2981 5727 3417 5800 οῦτοιλέγουσιν.
3463 5727 3675 5796 Ἑαυτῷ
3709 5727 3803 5794 μὲν
