4118 6280
277 334 388 398 609
429 360 441 369 ε

1380 327 1752 391 EPISTOLA
1793 326 1892 386 AD
1931 326 2284 386 PLETIION
2301 327 2397 384 ΕΜ

3419 328 3524 392 610

281 451 397 520 ἄρα
423 446 519 501 καὶ
541 445 751 508 οὐδενὸς
788 444 950 498 ἄλλου
975 430 1139 496 ἕνεκα
1169 443 1196 496 6
1227 438 1360 505 Θεὸς
1395 441 1462 495 ἂν
1493 440 1603 509 εἴη,
1635 439 1696 493 ὃν
1724 457 1859 508 τυγ-
1890 448 1933 504 Α
1969 452 2028 503 γε
2054 435 2231 498 τοῦτο,
2265 436 2373 488 εἴτε
2419 435 2602 503 σοφία,
2657 436 2755 488 εἴτ’
2799 437 2971 506 ἰσχὺς,
3007 439 3103 492 εἴθ’
3136 442 3162 493 ὅ
3191 459 3242 494 τι
3275 443 3341 495 ἂν
3399 449 3531 516 φαίη

281 539 453 611 χάνον
477 539 538 590 τὸ
572 536 790 606 πρῶτον
829 535 924 588 καὶ
977 532 1214 601 μάλιστά
1263 548 1327 599 γε
1363 531 1458 584 καὶ
1497 529 1856 599 κυριώτατον.

281 629 430 692 Νοῦς
453 629 510 682 δὲ
540 627 637 692 ὢν,
663 628 904 696 νοήσειεν
940 626 1007 680 ἂν
1036 625 1210 694 δήπου
1241 623 1332 675 καὶ
1366 621 1582 685 ἑαυτὸν,
1620 620 1672 671 εἰ
1694 637 1755 687 γε
1781 620 1860 671 δεῖ

282 721 522 788 τάληθὲς
571 719 672 788 μὲν
698 721 838 772 νοεῖν
866 717 1050 782 αὑτὸν,
1079 715 1240 777 αὑτὸς
1283 714 1340 767 δέ
1372 715 1489 766 ἐστι
1531 712 1712 765 τοῦτο.
1749 713 1860 764 Καὶ

285 811 548 880 δρασθείη
576 811 619 863 δ’
645 810 710 864 ἂν
742 809 978 876 τάγαθοῦ
1000 824 1014 838 ·
1053 807 1114 860 οὑ
1148 807 1258 876 γάρ
1288 805 1353 876 δὴ
1388 805 1550 874 μόνος
1592 805 1621 856 ό
1659 805 1862 872 ἀγαθὸς

287 900 444 954 ἔσται
484 901 559 969 μὴ
591 900 799 969 χαίρων
835 901 913 968 τῷ
953 897 1163 966 ἀγαθῷ.
1211 896 1606 966 Ἐρασθήσεται
1657 894 1702 949 δ’
1731 897 1859 948 sav-

285 993 401 1053 ¹τοῦ,
444 993 496 1044 εί
525 1009 588 1060 γε
621 992 701 1044 δεῖ
761 992 860 1060 μὲν
907 989 1070 1042 αὑτὸν
1123 987 1203 1058 τῷ
1259 988 1472 1058 ἀρίστῳ
1524 987 1736 1056 χαίρειν
1768 991 1862 1040 καὶ

287 1082 588 1135 ἀπολαύειν
643 1079 834 1145 αὑτοῦ,
897 1079 1056 1140 αὑτὸς
1111 1079 1167 1130 δέ
1225 1079 1339 1130 ἐστι
1402 1075 1662 1143 τάγαθόν.
1720 1075 1863 1126 Αὑτὸ

293 1174 394 1242 μὲν
457 1172 522 1241 δὴ
570 1173 630 1224 τὸ
665 1172 878 1241 νοητὸν,
911 1164 955 1236 ᾧ
989 1171 1099 1222 νοεῖ
1131 1169 1346 1234 ἑαυτὸν,
1396 1167 1490 1219 καὶ
1531 1168 1563 1236 ὴ
1596 1167 1802 1234 νόησις,
1836 1166 1861 1217 6

291 1263 438 1323 θεῖος
475 1261 681 1329 πέφηνε
716 1262 909 1327 Λόγος,
941 1259 1196 1328 ὁμοιότης
1237 1257 1402 1309 αὑτοῦ
1455 1259 1549 1309 καὶ
1604 1256 1718 1308 ἰδέα
1780 1273 1862 1318 τις

291 1350 577 1420 σύμφυτος
625 1349 723 1413 ῶν,
760 1350 854 1402 καὶ
907 1349 1140 1418 ἀλήθειά
1197 1365 1261 1416 γε
1317 1349 1478 1418 αὑτὴ,
1521 1346 1629 1400 οὐδ’
1659 1349 1734 1398 ’ὲν
1784 1347 1864 1416 τῷ

288 1443 412 1512 Θεῷ
449 1443 608 1512 μόνον
657 1444 752 1496 καὶ
802 1443 932 1505 Θεὸς
981 1443 1165 1506 αὑτὸς,
1207 1441 1342 1495 ἀλλά
1377 1441 1440 1510 δὴ
1477 1441 1574 1493 καὶ
1611 1439 1749 1509 πρὸς
1775 1437 1865 1489 τὸν

289 1534 449 1598 Θεὸν,
508 1533 582 1595 ὡς
621 1533 690 1585 τὰ
721 1532 878 1599 λόγια
921 1532 1191 1601 βούλεται.
1239 1531 1410 1594 Αὐτὸς
1450 1530 1507 1583 δέ
1543 1547 1606 1598 γε
1643 1532 1670 1582 ό
1703 1531 1864 1599 ἔρως,

288 1619 336 1691 ᾧ
369 1625 509 1696 πρὸς
541 1624 732 1676 ἑαυτὸν
766 1623 1169 1692 ἀντέστραπται
1216 1625 1244 1674 6
1269 1621 1424 1687 Θεὸς,
1483 1622 1576 1674 καὶ
1614 1623 1716 1692 ἐρᾷ
1741 1622 1866 1673 ἑαυ-

289 1711 389 1766 τοῦ
416 1712 657 1780 τάγαθοῦ
681 1713 855 1776 όντος,
882 1713 943 1765 τὸ
970 1713 1112 1765 θεῖον
1142 1713 1350 1782 πέφηνε
1383 1712 1628 1780 Πνεῦμα,
1660 1711 1864 1778 ἀγαθὸν

1965 544 2046 590 τις
2071 527 2176 578 τῶν
2199 528 2480 580 τοιούτων.
2515 527 2674 579 Ὥστε
2708 527 2783 596 μὴ
2813 529 2923 582 δεῖν
2964 531 3028 582 ἂν
3062 533 3152 583 ὑπ’
3177 535 3420 603 ἀνάγκης
3443 538 3535 587 0'5-

1961 621 2154 690 δεμιᾶς
2181 621 2446 674 πλειόνων
2473 619 2611 672 εἶναι
2672 622 2770 692 τὴν
2824 623 3110 693 ένδοτέραν
3166 627 3258 678 καὶ
3303 629 3538 698 φυσικὴν

1962 711 2319 778 γονιμότητα,
2352 711 2384 778 ἢ
2413 711 2542 773 ὅσας
2578 709 2736 780 ἴσμεν
2755 729 2811 763 τε
2838 715 2927 763 καὶ
2951 715 3279 782 πιστεύομεν
3303 719 3539 773 ὑποστά-

1965 817 2096 867 σεις,
2137 802 2477 871 προακτικήν
2507 817 2520 831 ο
2563 802 2698 870 μήτε
2722 804 2816 854 καὶ
2846 803 2938 854 τὸν
2968 805 3110 856 θεῖον
3145 808 3315 872 Λόγον
3338 813 3536 881 γεννᾷν

1963 895 2072 946 δεῖν
2105 893 2516 962 ἦλπροὸάλλειν,
2548 893 2776 948 νοοῦντά
2807 912 2869 962 γε
2899 899 2989 948 καὶ
3024 899 3209 963 αὑτὸν,
3246 902 3337 952 καὶ
3369 904 3539 969 ἐρῶν-

1965 1002 2032 1037 τα
2059 985 2224 1037 αὑτοῦ
2257 1003 2314 1037 τε
2344 986 2436 1038 καὶ
2466 986 2559 1039 τοῦ
2597 990 2981 1055 γεγεννηκότος
3012 991 3106 1043 καὶ
3132 990 3227 1043 τοῦ
3261 995 3542 1061 συμφυοῦς

1967 1079 2285 1144 Πνεύματος
2309 1095 2320 1107 ·
2362 1081 2394 1148 ἢ
2436 1080 2495 1131 τὸ
2523 1080 2742 1148 Πνεῦμα
2776 1081 3101 1151 προϐάλλειν
3125 1099 3184 1134 τε
3212 1086 3302 1134 καὶ
3323 1087 3540 1154 γεννᾷν,

1965 1171 2204 1236 νοήσεως
2236 1170 2423 1222 εἵνεκα
2456 1172 2550 1224 καὶ
2583 1173 2818 1240 ἀγάπης,
2854 1171 2889 1224 ἃ
2923 1174 3002 1224 δεῖ
3032 1174 3124 1224 καὶ
3149 1173 3287 1242 τῷδε
3324 1179 3546 1244 προσεῖ-

1967 1277 2075 1313 ναι.
2107 1260 2241 1311 Νοεῖ
2269 1261 2376 1330 γὰρ
2404 1262 2611 1314 τούτοιν
2641 1263 3042 1331 ἑκάτερονεκαὶ
3092 1266 3213 1334 ὲρᾷ,
3262 1260 3296 1340 ᾖ
3357 1268 3544 1336 προῖόν

1967 1350 2116 1401 ἐστιν
2141 1353 2204 1402 ἐκ
2224 1350 2318 1403 τοῦ
2354 1349 2514 1415 Θεοῦ,
2550 1353 2644 1405 καὶ
2671 1355 2871 1406 οὑτωσὶ
2903 1355 3114 1423 προϊὸν,
3151 1356 3265 1409 ἀλλ’
3292 1359 3388 1426 οὑχ
3414 1359 3488 1421 ὡς
3511 1361 3542 1409 6

1967 1441 2100 1503 Θεὸς
2140 1442 2233 1492 καὶ
2265 1443 2476 1510 Πατὴρ,
2523 1443 2582 1496 οῦ
2641 1445 3078 1513 προεληλύθατον
3131 1448 3318 1515 ἄμφω,
3367 1453 3458 1502 καὶ

1967 1530 2242 1600 λαμϐάνον
2271 1535 2407 1598 ἐστὶ,
2442 1537 2534 1587 καὶ
2555 1537 2673 1601 μετ’
2701 1536 2861 1589 ἄλλου
2891 1537 3192 1605 λαμϐάνον,
3225 1541 3322 1608 οὑχ
3359 1540 3543 1594 ὡσαύ-

1967 1638 2075 1681 τως
2104 1638 2167 1689 γε
2188 1623 2248 1674 τὸ
2277 1624 2428 1688 αὐτὸ,
2466 1623 2579 1675 ἀλλ’
2613 1625 2709 1694 οὑχ
2796 1625 3096 1691 δυνάμενον
3132 1628 3306 1697 ἑτέρῳ
3335 1645 3399 1695 γε
3436 1646 3552 1682 κοι-

1970 1715 2176 1778 νωνεῖν,
2205 1713 2232 1765 ὃ
2261 1715 2457 1766 ταυτὸν
2492 1715 2556 1767 ἂν
2586 1715 2670 1785 εἴη
2705 1716 2780 1783 τῷ
2814 1719 3090 1769 κοινωνεῖν
3119 1718 3176 1770 ὲν
3225 1721 3338 1781 τοῖς
3381 1719 3548 1782 θείοις

287 1806 374 1867 ὃν,
429 1805 523 1857 καὶ
574 1805 753 1871 ἅγιον,
809 1804 903 1856 καὶ
953 1803 1230 1872 ἀγαθότης
1281 1803 1442 1873 αὑτὴ,
1494 1806 1588 1856 καὶ
1641 1802 1867 1872 ἀγιότης
1898 1787 1944 1847 Β
1975 1803 2052 1872 τῷ
2087 1805 2264 1874 Πατρὶ
2281 1805 2484 1874 προσὸν
2515 1805 2570 1870 ἐξ
2595 1806 2859 1874 ἀνάγκης.
2891 1808 2980 1876 Τῷ
3003 1809 3110 1878 γὰρ
3153 1810 3424 1879 προῆχθαι
3455 1814 3548 1866 καὶ

290 1896 457 1966 αὑτὴ,
482 1897 574 1948 καὶ
600 1896 872 1964 ἁγιασμὸς
903 1896 1062 1958 αὑτὸς
1095 1895 1235 1948 κατά
1271 1895 1452 1963 φύσιν.
1481 1895 1590 1948 Kal
1613 1893 1785 1955 οὑτως
1809 1893 1868 1946 ὲν

289 1985 474 2056 ἐαυτῷ
506 1987 741 2055 τρισσῶς
768 1985 1074 2054 ὑφέστηκεν
1101 1987 1127 2038 6
1152 1985 1304 2050 Θεὸς,
1332 1988 1426 2038 καὶ
1455 1986 1600 2054 τρεῖς
1629 1984 1868 2038 ὑποστά-

291 2094 410 2140 σεις
441 2081 579 2130 εἰσὶν
615 2079 672 2130 έν
691 2077 862 2146 αὐτῷ,
894 2078 950 2129 έν
979 2077 1122 2147 ἄκρᾳ
1154 2077 1365 2145 ἑνότητι
1393 2076 1628 2146 φύσεως.
1663 2075 1736 2129 Ού
1761 2073 1869 2144 γὰρ

288 2169 463 2240 δήπου
489 2170 577 2223 τὸν
605 2170 745 2222 θεῖον
777 2171 971 2237 Λόγον,
998 2170 1056 2228 ὃς
1086 2187 1148 2236 γε
1213 2170 1324 2222 τῶν
1375 2168 1533 2223 θείων
1581 2169 1876 2239 νοημάτων,

291 2262 530 2324 ἄϐυσσός
563 2263 678 2314 ἐστι
703 2263 946 2323 πάντων,
978 2261 1088 2314 δέοι
1111 2261 1164 2328 γ’
1192 2261 1256 2314 ἂν
1293 2261 1366 2331 μὴ
1404 2261 1688 2328 ὑφεστῶτα
1729 2257 1868 2312 εἶναι

288 2355 450 2408 Θεόν.
476 2355 547 2406 ’Ἡ
575 2353 690 2416 πῶς
725 2353 792 2406 ἂν
814 2348 880 2422 ἦν
918 2353 1028 2406 ἰδέα
1065 2353 1164 2420 μὲν
1195 2352 1400 2420 ἀληθὴς
1439 2351 1533 2404 τοῦ
1582 2351 1740 2415 Θεοῦ,
1797 2351 1871 2412 ὡς

291 2446 502 2514 φυσική
535 2462 618 2508 τις
646 2443 900 2512 ὁμοιότης
929 2443 1118 2507 αὑτοῦ,
1163 2444 1256 2495 καὶ
1320 2444 1504 2507 εἰκὼν,
1551 2442 1645 2494 καὶ
1678 2445 1872 2512 νχαρα-

290 2538 461 2606 κτὴρ,
486 2537 580 2590 καὶ
604 2535 948 2602 ἀπαύγασμα
989 2533 1252 2602 ἔμφυτον,
1287 2533 1399 2586 ἰδέα
1423 2533 1467 2586 δ’
1501 2528 1592 2596 αὖ,
1629 2533 1706 2595 ὡς
1763 2549 1870 2584 πα-

291 2627 572 2699 ράδειγμά
605 2644 656 2679 τι
684 2623 983 2694 ὑπερφυὲς,
1017 2625 1128 2676 τῶν
1151 2623 1286 2694 πρὸς
1320 2623 1419 2693 τὴν
1439 2623 1734 2693 ὁμοιότητα
1772 2623 1873 2691 τῆς

287 2718 391 2772 τοῦ
426 2717 720 2786 γεννῶντος
770 2715 1074 2785 βουλήσεως
1098 2715 1190 2768 καὶ
1210 2716 1430 2777 ἑαυτοῦ,
1457 2713 1595 2767 Θεοῦ
1620 2716 1686 2784 τῇ
1715 2713 1873 2781 φύσει

285 2811 470 2873 ὄντος,
502 2809 916 2878 πεποιημένων,
946 2809 995 2859 εἰ
1033 2806 1108 2877 μὴ
1145 2806 1444 2876 ὑφεστήκει
1498 2805 1632 2868 Θεὸς
1687 2806 1873 2876 νοητὸς

288 2901 434 2972 πρὸς
464 2901 556 2952 τὸν
577 2900 738 2954 αὑτὸν
767 2898 868 2968 μὲν
898 2901 964 2969 τῇ
999 2896 1158 2967 φύσει
1194 2896 1634 2976 Θεὸν,,;νοοῦντα
1689 2898 1872 2967 μέντοι

287 3009 362 3060 γε
387 2991 672 3060 σχετικῶς,
700 2989 1152 3058 ἀντιτεταγμένος
1178 3004 1196 3055 ;
1228 2983 1335 3042 Ἦν
1369 2989 1411 3041 δ’
1451 2990 1517 3043 ἂν
1546 2989 1640 3042 καὶ¹
1693 2991 1874 3060 χεῖρον

291 3083 400 3153 μὲν
428 3082 522 3134 τοῦ
555 3081 700 3134 θείου
727 3080 818 3132 νοῦ
878 3080 940 3131 τὸ
1000 3078 1280 3148 σύμφυτον
1333 3079 1544 3133 ἐκείνου
1599 3079 1695 3134 καὶ
1762 3081 1946 3170 ῖσονο

286 3172 568 3243 ὁμοίωμα,
602 3171 677 3242 μὴ
703 3173 798 3227 καὶ
822 3171 898 3238 τῷ
959 3170 1254 3237 ὑφεστάναι
1303 3170 1654 3239 ὡμοιωμένον
1687 3183 1703 3200 ·
1768 3168 1877 3222 τῶν

288 3266 354 3318 δὲ
376 3263 470 3315 τοῦ
503 3263 637 3316 Θεοῦ
674 3264 852 3331 ἔργων
879 3262 1015 3314 πολὺ
1038 3259 1275 3313 ἐλάττων
1301 3261 1332 3330 ή
1360 3261 1418 3313 ὲν
1452 3260 1530 3328 τῷ
1581 3257 1701 3328 Θεῷ
1762 3259 1877 3313 ἰδέα

287 3373 358 3410 τε
387 3356 480 3409 καὶ
508 3357 535 3408 6
569 3356 745 3419 λόγος,
778 3352 1103 3423 ὑφεστώτων
1131 3351 1375 3415 ἐκείνων,
1409 3350 1545 3422 αὐτὴ
1599 3351 1674 3420 μὴ
1740 3351 1875 3417 ὑφε-

292 3450 552 3518 στηκυῖα,
590 3447 766 3500 καίτοι
792 3448 960 3498 πᾶσιν
994 3444 1284 3512 ἀπειράκις
1337 3443 1579 3510 ἀπείρως
1622 3443 1876 3512 ὑπερκει-

293 3543 464 3608 μένη.
497 3540 657 3592 Ἀλλά
677 3539 741 3607 δὴ
769 3540 863 3592 καὶ
892 3537 985 3590 τοῦ
1047 3538 1106 3589 ὲν
1155 3537 1290 3604 ήμῖν
1324 3535 1482 3600 λόγου
1533 3533 1586 3586 τί
1639 3532 1704 3586 ἀν
1760 3529 1874 3602 εἶχε

291 3631 466 3683 πλέον
498 3633 524 3683 6
557 3631 721 3694 Θεῖος,
753 3630 811 3682 τό
841 3646 901 3696 γε
933 3630 1014 3691 είς
1044 3627 1140 3697 τὴν
1181 3625 1344 3695 φύσιν
1370 3619 1504 3695 ἧκον
1542 3625 1635 3677 τοῦ
1695 3625 1873 3691 λόγου,

291 3722 447 3792 φημὶ
477 3722 542 3791 δὴ
579 3723 638 3774 τὸ
664 3723 720 3774 ὲν
740 3721 815 3791 τῷ
851 3720 924 3788 νῷ
956 3716 1308 3788 συνειλῆφθαι
1341 3718 1417 3779 ὡς
1446 3711 1583 3778 εῐδός
1621 3735 1672 3770 τι
1700 3717 1778 3786 τῷ
1815 3733 1875 3768 τε

288 3814 475 3885 νοητῷ
508 3831 623 3877 πως
673 3815 767 3867 καὶ
811 3811 888 3882 τῷ
937 3809 1144 3864 νοοῦντι
1178 3808 1578 3878 ὡμοιωμένονς
1641 3807 1716 3860 Οὐ
1765 3808 1875 3874 γὰρ

292 3907 598 3968 ὑπόστασις
628 3903 872 3974 χωριστὴ
920 3902 995 3971 (1)
1037 3902 1066 3954 6
1125 3901 1181 3953 έν
1243 3901 1374 3969 ἡμῖν
1436 3898 1647 3966 πέφυκε
1697 3898 1870 3964 λόγος,

291 3995 418 4052 ἀλλ’
453 3997 508 4048 έν
539 3995 834 4049 ὑποστάσει
866 3993 1063 4061 μᾶλλόν
1092 3993 1208 4045 ἐστι
1236 3992 1300 4062 τῇ
1331 3989 1425 4042 τοῦ
1463 3988 1576 4054 νοῦ,
1609 3991 1876 4062 ὑπαρκτι-

291 4087 413 4150 κῶς
438 4089 644 4141 ἐκείνου
669 4086 1080 4156 διακρινόμενος
1107 4099 1123 4117 ο
1147 4083 1209 4136 οὑ
1256 4083 1366 4152 γὰρ
1423 4081 1608 4144 ἀπλῶς
1662 4082 1776 4134 ἀλλ’
1838 4082 1871 4152 ἢ

289 4178 490 4246 νοητός
518 4179 658 4239 ¹ἐστι.
684 4177 786 4228 Τὸν
821 4174 878 4227 δὲ
908 4174 1048 4226 θεῖον
1071 4173 1178 4243 ἄρα
1205 4171 1378 4238 Λόγον
1432 4171 1600 4240 ἐχρῆν
1650 4173 1716 4241 τῇ
1774 4171 1874 4240 μὲν

289 4267 588 4336 ταυτότητι
627 4269 724 4334 τῆς
746 4265 1011 4334 Θεότητος
1040 4263 1126 4316 διά
1154 4265 1250 4333 τὴν
1277 4262 1559 4330 ἁπλότητα
1595 4260 1696 4328 τῆς
1726 4261 1874 4322 θείας

291 4355 511 4425 φύσεως
534 4354 932 4424 κεκοσμῆσθαι,
959 4355 1026 4422 τῇ
1057 4354 1111 4405 δὲ
1133 4353 1229 4422 τῆς
1259 4353 1610 4414 ὑποστάσεως
1643 4352 1870 4418 ἰδιότητι

1972 1897 2172 1966 τρόπον
2195 1899 2254 1949 οὑ
2277 1897 2367 1949 τὸν
2393 1896 2655 1971 αύτὸννλεί
2685 1900 2780 1950 καὶ
2829 1901 3113 1967 συμφυῶῇ
3167 1906 3232 1971 τῇ
3287 1903 3386 1971 μὲν
3451 1906 3548 1958 τοῦ

1973 1986 2272 2054 προηχότος
2305 1985 2466 2050 αὐτὰ,
2513 1986 2654 2054 τῇδ’
2705 1987 2971 2057 ἀλλήλων,
3025 1989 3399 2060 διακρίνεσθον
3456 1997 3550 2062 p.6-

1973 2093 2048 2146 νῳ
2083 2077 2182 2144 (‘2).
2214 2077 2316 2128 Καὶ
2354 2078 2535 2128 τοίνυν
2566 2077 2754 2130 τούτου
2781 2080 2943 2148 μόνου
2994 2081 3419 2152 φυλαττομένου,
3450 2089 3549 2156 τὴν

1973 2167 2030 2217 ἐν
2051 2169 2162 2228 τοῖς
2190 2165 2370 2229 ἀλλοις
2399 2167 2481 2220 δεῖ
2507 2168 2791 2221 κοινωνίαν
2818 2175 2912 2224 καὶ
2941 2175 3166 2226 σκοπεῖν
3191 2177 3284 2227 καὶ
3304 2176 3512 2232 τιθέναι
3530 2194 3547 2210 ⁹

1973 2254 2294 2325 φυλάττοιτο
2325 2257 2370 2308 δ’
2407 2258 2492 2318 ἂν,
2529 2258 2722 2325 ἀγόνου
2754 2262 2847 2314 καὶ
2882 2264 2977 2327 τῆς
3007 2267 3245 2335 νοήσεως
3305 2269 3398 2321 καὶ
3449 2271 3550 2338 τῆς

1973 2346 2192 2415 ἀγάπης
2225 2348 2555 2416 προσόντων,
2589 2351 2662 2412 ὡς
2689 2351 2811 2421 Θεῷ
2845 2353 2944 2420 μὲν
2969 2357 3148 2425 νοητῷ
3175 2359 3269 2411 καὶ
3297 2363 3547 2431 γεννητῷ

1973 2453 2058 2502 γε,
2083 2437 2158 2506 τῷ
2191 2439 2368 2509 Λόγῳ,
2394 2440 2514 2507 Θεῷ
2554 2442 2611 2493 δὲ
2661 2444 2922 2513 ἐρωμένῳ
2965 2448 3058 2499 καὶ
3103 2449 3548 2520 προϐαλλομένῳ,

1972 2528 2049 2596 τῷ
2075 2530 2350 2596 Πνεύματι
2391 2547 2405 2562 ο
2431 2532 2504 2594 ὡς
2531 2529 2671 2587 εἶναι
2709 2537 2808 2602 μὲν
2841 2538 2938 2605 τὴν
2991 2539 3194 2593 τούτων
3244 2542 3418 2614 ἀρχὴν
3444 2544 3544 2614 (ὅ),

1975 2619 2196 2673 νοοῦντα
2225 2622 2386 2674 αὑτὸν
2423 2624 2516 2675 καὶ
2542 2625 2755 2692 ἐρῶντα
2785 2628 2968 2690 αὑτὸν,
3001 2631 3029 2682 6
3083 2633 3280 2684 ταυτόν
3331 2638 3446 2688 ἐστι
3470 2637 3550 2706 τῷ

1979 2713 2139 2780 μόνον
2168 2707 2307 2764 εἶναι
2339 2715 2432 2766 καὶ
2469 2708 2692 2769 νοοῦντα
2723 2719 2816 2770 καὶ
2838 2720 3048 2787 ἐρῶντα
3071 2724 3308 2792 γονίμως
3337 2727 3418 2795 (τὸ
3441 2729 3553 2799 γάρ

1977 2801 2182 2870 κυρίως
2206 2804 2323 2856 ἴσον
2344 2806 2463 2858 ἐκεῖ
2489 2807 2565 2875 τῷ
2614 2810 2763 2875 ἅπαξ
2795 2810 3075 2875 δύνασθαι,
3141 2815 3344 2880 πάντες
3384 2820 3551 2888 ἠξίω-

1978 2893 2100 2962 σαν)
2131 2909 2146 2924 ⁸
2181 2897 2294 2946 τοῖν
2320 2896 2374 2947 δὲ
2435 2900 2620 2966 νόησιν
2651 2901 2750 2968 μὲν
2803 2903 2969 2970 αὐτὴν
3019 2902 3159 2962 εἶναι
3201 2909 3298 2960 καὶ
3363 2913 3552 2978 νοητὸν

1977 2984 2109 3037 αὑτὸ
2146 2984 2392 3054 θάτερον,
2429 2988 2520 3041 τὸν
2568 2990 2660 3042 τοῦ
2726 2991 2863 3044 Θεοῦ
2906 2994 3076 3062 δήπου
3129 2998 3320 3064 Λόγον,
3371 2999 3548 3068 ἔρωτα

1977 3073 2020 3128 δ’
2043 3077 2206 3154 αὑτὸν
2234 3082 2327 3131 καὶ
2354 3082 2584 3142 ἐραστὸν
2606 3082 2736 3134 αὐτὸ
2759 3085 2821 3135 τὸ
2843 3086 3066 3155 Πνεῦμα
3090 3083 3228 3140 εἶναι
3250 3091 3310 3142 τὸ
3353 3090 3506 3158 ἅγιον
3533 3109 3548 3123 ·

1977 3165 2006 3218 ὃ
2038 3170 2235 3220 ταυτὸν
2266 3169 2331 3220 ἂν
2357 3172 2441 3240 εἴη
2469 3172 2547 3236 τῷ
2573 3175 2710 3224 νοεῖν
2742 3175 2947 3240 ἀγόνως
2981 3193 3044 3243 γε
3098 3180 3189 3230 καὶ
3231 3183 3383 3252 έρᾷν.
3441 3185 3550 3236 Kal

1978 3257 2166 3329 ὥσπερ
2216 3263 2243 3312 6
2277 3261 2408 3324 Θεὸς
2444 3262 2538 3314 καὶ
2601 3264 2786 3333 Πατὴρ
2826 3268 3028 3318 νοεῖταί
3090 3286 3153 3336 γε
3198 3271 3291 3322 ὑπ’
3339 3275 3548 3341 ἀμφοῖν

1979 3351 2076 3402 καὶ
2103 3352 2297 3420 ἐρᾶται
2321 3353 2544 3420 ὁμοίως,
2583 3353 2775 3406 ἀλλὀὐ
2811 3359 3114 3425 προάγεται
3172 3360 3264 3412 ὑπ’
3318 3365 3544 3432 ἀμφοῖν,

1977 3439 2118 3494 οὕτω
2142 3443 2235 3495 καὶ
2263 3442 2438 3496 ταῦτα
2466 3447 2604 3496 νοεῖν
2641 3445 2739 3513 μὲν
2765 3447 2855 3497 καὶ
2889 3449 3018 3517 ἐρᾷν
3050 3449 3299 3520 ἀλλήλων
3327 3456 3419 3508 καὶ
3452 3458 3550 3510 τοῦ

1978 3533 2212 3624 Πατρὸς,
2247 3535 2382 3603 μηδὲ
2413 3535 2501 3587 τὸν
2553 3536 2768 3605 Πατέρα
2804 3539 3215 3607 ἀντιπροάγειν,
3279 3545 3406 3614 μήθ’
3455 3547 3547 3600 ὑπ’

1976 3619 2222 3692 ἀλλήλων
2249 3627 2587 3693 προάγεσθαι
2617 3644 2630 3659 ·
2783 3629 2837 3680 δὲ
2875 3629 3024 3691 θείας
3057 3631 3268 3700 φύσεως
3293 3637 3350 3688 έν
3404 3636 3543 3691 ᾶπα-

1978 3730 2062 3766 σιν
2089 3712 2253 3784 οὔσης
2286 3716 2384 3784 τῆς
2417 3718 2713 3786 νοουμένης
2731 3735 2790 3770 τε
2822 3719 2914 3771 καὶ
2947 3721 3340 3795 ἀγαπωμένης,
3376 3730 3548 3798 αὐτῆς

1975 3819 2034 3854 τε
2067 3806 2158 3857 καὶ
2191 3804 2282 3857 τοῦ
2316 3807 2455 3858 νοεῖν
2488 3808 2518 3876 ἢ
2555 3807 2686 3876 ὲρᾷν
2737 3807 2854 3870 ένὸς
2887 3809 3062 3862 δντοιν
3117 3813 3234 3864 ἐκεῖ
3293 3816 3548 3888 πράγμα-

1975 3910 2086 3959 τος,
2129 3897 2177 3948 εἰ
2212 3896 2304 3949 καὶ
2331 3895 2531 3965 τρόπον
2561 3897 2766 3967 ἕτερον,
2820 3900 3047 3973 ἀληθείᾳ
3111 3905 3204 3956 καὶ
3261 3908 3548 3976 πράγματι

1975 3987 2070 4038 καὶ
2108 3987 2182 4054 μὴ
2213 3988 2337 4040 κατ’
2403 3989 2646 4042 ἐπίνοιαν
2709 3991 2898 4060 μόνην,
2957 3994 3034 4056 ὡς
3085 3996 3311 4066 ἐλήρουν
3381 4004 3547 4069 τινὲς,

1979 4075 2138 4129 ὲστὸν
2169 4077 2528 4147 διενηνοχότε,
2559 4079 2652 4133 ἕνα
2686 4080 2762 4151 (4)
2798 4085 2862 4152 τῇ
2907 4083 3065 4150 φύσει
3096 4087 3220 4140 νοῦν
3261 4091 3354 4142 καὶ
3414 4093 3548 4146 Θεὸν

1975 4169 2071 4222 ἕνα
2095 4169 2192 4233 τὰς
2214 4173 2363 4240 τρεῖς
2391 4172 2719 4236 ὑποστάσεις
2745 4169 2884 4228 εἶναί
2905 4193 2964 4229 τε
3011 4182 3100 4234 καὶ
3151 4184 3266 4245 τοῖς
3312 4179 3370 4237 εὖ
3413 4203 3548 4255 φροο

1975 4255 2124 4309 νοῦσι
2157 4258 2532 4324 πιστεύεσθαι,
2563 4260 2657 4312 τοῦ
2688 4260 2786 4332 τὴν
2824 4264 3008 4332 νόησιν
3039 4269 3158 4320 ἐκεῖ
3182 4271 3272 4322 καὶ
3299 4271 3388 4325 τὸν
3413 4276 3550 4344 ἐρω-

1975 4366 2042 4401 τα
2063 4348 2140 4418 τῷ
2160 4350 2368 4418 γονίμῳ
2390 4367 2446 4402 τε
2476 4352 2576 4403 καὶ·
2597 4353 2774 4422 ἀγόνῳ
2803 4354 3164 4427 δ;ενηνοχένχι
3195 4363 3254 4414 τό
3283 4379 3338 4415 τε
3370 4366 3548 4432 μόνως

289 4447 392 4502 τοῦ
416 4449 728 4516 νενοηκότος
753 4445 902 4509 ἄξιον
927 4442 1085 4506 εἶναι,
1112 4443 1204 4496 καὶ
1231 4441 1306 4504 ὡς
1333 4444 1538 4504 ἐκεῖνος
1570 4441 1705 4494 νοῶν
1727 4442 1874 4494 ὲστιν
1907 4438 1950 4494 D
1978 4440 2150 4493 αἴτιον
2179 4443 2272 4493 καὶ
2299 4442 2366 4494 τά
2403 4441 2580 4511 μόνως
2613 4444 2826 4496 alsia-cit
2862 4449 3221 4513 συνιστῶντος
3259 4454 3442 4522 μόνον,
3475 4456 3550 4510 ὧν

291 4539 540 4609 ἀληθῶς,
576 4538 747 4601 οὕτως
777 4536 941 4590 αὑτὸν
967 4535 1173 4605 κυρίως
1226 4529 1365 4587 εἶναι
1393 4533 1700 4602 νοούμενον.
1741 4531 1799 4584 '0
1831 4532 1876 4583 δ’

272 4629 462 4691 ,αὑτός
499 4630 616 4680 ἐστι
649 4629 898 4694 καὶπερὶ
925 4627 1018 4679 τοῦ
1055 4625 1200 4677 θείου
1251 4622 1568 4693 Πνεύματος
1593 4622 1772 4688 λόγος,
1825 4622 1880 4674 εἴ

292 4741 382 4784 τις
415 4721 656 4790 βούλοιτο
683 4720 752 4772 τὰ
783 4721 1043 4788 πρότερον
1072 4716 1340 4786 εἰρημένα
1367 4715 1463 4769 καὶ
1513 4713 1661 4786 αὑτῷ
1699 4715 1876 4784 ἐφαρ-

301 4813 491 4883 μόζειν
531 4813 672 4866 κατά
697 4814 764 4865 τὰ
793 4811 923 4880 περὶ
952 4809 1116 4863 αὑτοῦ
1167 4806 1604 4878 παραδεδομένα,
1658 4804 1761 4875 τὴν
1818 4806 1874 4857 ὲν

297 4911 412 4968 τοῖς
442 4908 755 4977 προσώποις
781 4907 968 4969 σώζων
1003 4903 1289 4973 διαφοράν.
1323 4902 1474 4971 Ἀμα
1501 4900 1558 4954 δὲ
1590 4901 1766 4953 καὶτὸ
1801 4899 1875 4968 μὴ

297 4999 411 5052 δεῖν
443 4999 536 5050 ἐπὶ
566 4998 786 5060 πλείους
832 4995 1172 5050 ὲκτείνεσθαι
1214 4995 1311 5056 τὰς
1359 4993 1508 5055 θείας
1553 4991 1876 5053 ὑποστάσεις

297 5091 458 5156 δῆλόν
492 5094 607 5144 ἐστι
634 5092 746 5152 τοῖς
778 5090 1012 5156 εὐλόγως
1052 5104 1111 5140 τε
1161 5087 1274 5155 ἅμα
1322 5085 1416 5138 καὶ
1465 5083 1706 5144 εὐσεϐῶς
1749 5097 1878 5133 σκο-

299 5180 805 5249 πουμένοις.¹ούδὲν
835 5179 942 5246 γὰρ
981 5179 1008 5229 ὅ
1053 5195 1104 5228 τι
1150 5176 1259 5228 τῶν
1293 5175 1419 5242 περὶ
1459 5172 1593 5224 Θεοῦ
1649 5169 1881 5240 λεγομέ-

299 5272 527 5325 νωνλοὺκ
557 5271 624 5323 ἂν
651 5272 732 5332 εἰς
779 5269 878 5330 τὰς
920 5269 1248 5328 ὑποστάσεις
1311 5266 1512 5327 ταύτας
1561 5262 1878 5332 ἀνενεχθείη

302 5364 484 5426 καλῶς
515 5363 608 5414 καὶ
640 5363 738 5424 τάς
769 5361 1025 5431 προόδους
1061 5358 1264 5422 αὐτῶν,
1327 5355 1427 5409 εἰτ’
1483 5354 1754 5424 ἀγαθότης
1794 5354 1878 5422 εἰη

375 5534 452 5603 (1)
480 5536 612 5591 Cod.
644 5539 833 5605 χωρὶς,
868 5535 984 5589 sine
1012 5549 1197 5596 sensu,
1232 5532 1447 5605 quinas
1507 5545 1537 5583 e
1566 5530 1730 5605 puni.
1775 5549 1882 5597 χω-

309 5600 489 5673 ριστὴ,
524 5600 674 5661 νοσοῖ
707 5600 1078 5674 Peripateticis
1134 5617 1196 5656 ac
1253 5600 1660 5670 Ncoplatouicis
1730 5616 1884 5670 azquc

305 5677 577 5730 lautulutri.
619 5677 794 5731 Auzx.

379 5748 455 5818 (ἐξ)
489 5749 623 5802 Cod.
663 5751 828 5817 μόνω,
869 5747 963 5804 scd
1001 5747 1134 5815 quia
1175 5744 1249 5800 ibi
1304 5740 1484 5800 omitti
1526 5742 1666 5799 solet
1702 5759 1716 5793 ι
1757 5742 1890 5796 ειιὺο

1981 4531 2100 4591 ταῖς
2130 4529 2386 4599 ἀληθέσιν
2420 4532 2719 4601 ἀναφοραῖς
2735 4551 2793 4585 τε
2819 4535 2911 4586 καὶ
2940 4537 3196 4608 ἰδιότησιν
3223 4544 3284 4606 ἐξ
3307 4546 3548 4617 ἀνάγκης

1981 4617 2076 4678 τὰς
2099 4620 2246 4687 τρεῖς
2277 4621 2604 4683 ὑποστάσεις
2633 4622 2861 4676 ἔπεσθαι
2889 4623 2988 4678 δεῖ.

2064 4711 2400 4776 ’Δξιόπιστος
2422 4715 2466 4766 δ’
2497 4714 2637 4786 ὑπὲρ
2660 4717 2806 4785 ήμᾶς
2835 4723 2928 4773 καὶ
2954 4722 3042 4775 τὸν
3065 4726 3338 4796 ἡμέτερον
3390 4730 3550 4799 λόγον

1981 4801 2010 4853 6
2042 4805 2133 4854 τοῦ
2164 4803 2298 4855 Θεοῦ
2343 4805 2512 4873 Λόγος
2576 4807 2760 4874 αὐτὸς,
2809 4810 2983 4881 ἑαυτῷ
3032 4831 3091 4867 τε
3136 4819 3228 4870 καὶ
3290 4819 3368 4889 τῷ
3424 4823 3552 4889 θείῳ

1984 4893 2260 4963 Πνεύματι
2293 4898 2603 4967 μαρτυρῶν,
2644 4898 2720 4963 ὡς
2771 4903 2834 4954 ἐκ
2894 4905 3029 4956 Θεοῦ
3085 4913 3450 4980 προηγμένοις
3491 4878 3548 4968 τε

1985 4990 2111 5044 καθ’
2141 4992 2463 5056 ὑπόστασιν,
2489 4995 2582 5047 καὶ
2621 4995 2678 5045 ἐν
2711 4997 2860 5066 αύτῷ
2897 5001 3034 5052 κατὰ
3065 5000 3227 5068 φύσιν
3258 5005 3409 5059 οὐδὲν
3457 5005 3553 5080 ἦτ-

1985 5100 2075 5136 τον
2105 5079 2223 5136 οὖσι
2244 5085 2335 5136 καὶ
2369 5085 2426 5134 ἐν
2460 5085 2724 5156 ἀλλήλοις.
2760 5089 2902 5158 Δήλη
2950 5091 3006 5143 δὲ
3059 5094 3151 5146 καὶ
3195 5097 3226 5165 ἠ
3296 5098 3416 5168 ἱερά
3447 5079 3553 5154 τῶν

2000 5175 2267 5229 ,Ιουδαίων
2304 5175 2548 5242 θεολογία
2579 5176 2675 5245 τὴν
2707 5179 2762 5238 ές
2797 5179 3021 5250 ὕστερον
3049 5184 3392 5255 άναλάμπειν
3424 5193 3551 5259 μέλ-

1990 5269 2189 5318 λουσαν
2220 5266 2345 5330 περὶ
2384 5265 2491 5318 τῶν
2535 5265 2690 5320 θείων
2717 5268 2971 5339 ἀληθειαν
2996 5275 3434 5344 προδιατυποῦσα
3464 5285 3553 5334 καὶ

1991 5354 2570 5426 προανακηρύττουσα,
2599 5359 2657 5411 έν
2700 5359 2776 5429 τῷ
2797 5362 2875 5432 τῷ
2901 5364 3001 5433 μὲν
3031 5368 3189 5438 Λόγῳ
3230 5373 3436 5441 Κυρίου
3458 5373 3556 5441 τὴν

1995 5533 2253 5597 scriptum
2299 5549 2312 5584 :
2356 5547 2486 5586 cave
2519 5532 2660 5584 enim
2696 5531 2762 5584 de
2787 5532 2930 5585 duali
2971 5535 3200 5600 cogites.
3243 5535 3415 5587 Anax.

2069 5605 2142 5668 (5)
2179 5602 2388 5656 Mutare
2430 5603 2560 5671 nihil
2611 5601 2878 5656 audemus
2918 5619 2932 5655 :
2995 5605 3343 5671 suspicamur
3375 5614 3555 5659 tamen

1995 5673 2300 5725 addentium
2338 5673 2490 5724 Θεόν.
2516 5670 2686 5724 ALt-zx.

2068 5742 2145 5812 (t)
2183 5745 2322 5798 Ante
2355 5744 2448 5795 ἕνα
2490 5739 2848 5810 supplendum
2889 5739 3049 5794 ὥστε.
3087 5741 3254 5797 Am.
