4118 6280
638 344 741 408 ιιι

1736 330 2110 394 GENNADII
2152 327 2267 391 CP.
2307 311 2830 387 PATBIARCHE

3774 325 3877 393 612

639 458 752 512 τῶν
780 456 951 511 δντων
974 451 1253 524 σύμπηξίν
1282 467 1341 504 τε
1371 450 1468 505 καὶ
1515 448 1775 503 σύστασιν
1803 448 2103 517 ἀφορίζειν,
2129 441 2208 512 τῷ
2235 444 2288 506 Α
2318 439 2602 494 τελευταία
2629 454 2715 501 τις
2737 436 2930 506 θεότης
2948 436 3244 524 ικόσμησε,
3271 436 3366 491 καὶ
3397 436 3524 492 ἄλλο
3572 436 3737 492 ἀλλου
3792 440 3877 507 ιγ-

635 552 695 604 δὲ
728 549 823 602 τοῦ
846 547 1129 617 στόματοςῐ
1143 542 1311 597 αὑτοῦ
1345 541 1623 611 Πνεύματι
1678 538 2062 609 μεταφορικῶς
2110 537 2208 605 τὴν

638 641 966 708 συντήρησιν
988 635 1168 690 αὐτῶν
1187 636 1282 688 καὶ
1306 633 1404 705 τὴν
1442 634 1499 687 ἐν
1525 633 1603 701 τῷ
1632 628 1773 685 εἷναι
1794 631 2081 699 διαμονὴν,
2113 627 2209 681 καὶ

636 729 714 798 τῷ
748 729 847 798 μὶν
869 728 930 780 τὸ
961 723 1120 791 εἶναι,
1151 724 1229 795 τῷ
1254 724 1309 778 δὲ
1334 724 1395 777 τὸ
1421 719 1481 777 εὖ
1520 723 1666 792 ἔχειν
1718 721 2047 791 ἐπιγράφειν
2098 712 2209 770 τῶν

639 820 829 884 δντων,
859 818 982 870 ὅσον
1004 833 1066 884 γε
1087 817 1168 878 εἰς
1190 816 1289 883 τὴν
1317 814 1670 884 προσωπικὴν
1697 813 1879 865 αὐτῶν
1904 813 2053 864 εστιν
2090 811 2210 864 ἰδιόο

592 942 600 985 ς
640 929 780 982 τητα
809 903 864 984 (ᾗ
899 910 1005 977 γὰρ
1027 908 1159 971 Θεός
1182 909 1318 960 εἰσιν
1341 905 1405 977 [Ι.
1428 903 1597 976 ἐστιν]
1625 899 1725 971 εἷς,
1746 904 1884 973 ἔργα
1910 901 2075 956 αὐτοῦ
2104 903 2210 955 εἰσι

590 988 597 1009 ³
642 1005 842 1066 πάντα,
871 1004 970 1055 ὅσα
996 1001 1054 1053 τό
1082 1015 1142 1052 τε
1186 995 1328 1050 εἶναι
1368 998 1457 1050 καὶ
1505 997 1566 1050 τὸ
1617 995 1676 1049 εὖ
1710 990 1850 1049 εῖναι
1896 994 2001 1048 τῶν
2040 995 2211 1048 ὄντων

584 1080 597 1155 ί
644 1088 978 1160 συνείληφεν
1004 1089 1206 1144 καὶτὸν
1226 1088 1322 1157 μὲν
1345 1087 1515 1153 Λόγον
1531 1088 1628 1152 τῆς
1646 1086 1751 1139 τῶν
1764 1085 1931 1139 όντων
1955 1084 2210 1155 ἀληθείας

643 1183 850 1237 τιθέναι
883 1182 1190 1251 ποιητικὸν,
1219 1179 1413 1247 ἐφόσον
1444 1178 1825 1246 ἑξομοιωτικός
1851 1180 1998 1229 ἐστιν
2032 1176 2211 1229 αὐτῶν

640 1273 775 1343 πρὸς
800 1275 898 1342 τὴν
918 1273 1061 1326 ἰδέαν
1088 1270 1188 1339 τῆς
1222 1271 1377 1333 θείας
1420 1268 1746 1338 βουλήσεως,
1776 1268 1836 1321 τὸ
1885 1269 1940 1321 δὲ
1989 1267 2209 1332 Πνεῦμα

639 1363 1061 1433 ἐπιστρεπτικὸν
1099 1361 1280 1414 αὐτῶν
1308 1358 1444 1428 πρὸς
1481 1359 1737 1425 τάγαθὸν,
1787 1351 1849 1412 οὗ
1878 1359 1959 1412 δεῖ
2001 1358 2209 1412 Exacta

641 1453 857 1515 οἰκείως
887 1455 953 1522 τῇ
988 1451 1136 1519 σφῶν
1161 1452 1321 1516 φύσει
1376 1450 1508 1517 ὲρᾷν
1558 1465 1618 1499 τε
1664 1446 1759 1499 καὶ
1803 1445 2208 1499 ἐπεκτείνεσθαι

639 1546 780 1599 κατὰ
810 1542 994 1610 φύσιν.
1026 1541 1231 1607 Ἀμφω
1259 1539 1316 1591 δὲ
1336 1542 1437 1609 τῆς
1477 1538 1629 1598 θείας
1670 1536 1736 1590 ἀν
1765 1537 1850 1605 εῐη
1913 1535 2008 1587 καὶ
2028 1533 2038 1542 ’
2057 1535 2211 1601 μεγί-

640 1650 772 1701 στης
797 1633 1100 1700 δυνάμεως,
1128 1633 1202 1693 ὡς
1222 1630 1349 1684 ἀνευ
1374 1629 1512 1683 Θεοῦ
1539 1628 1654 1682 οὔτ’
1682 1623 1980 1693 είναι,ῗ›ῦτ’
2009 1625 2208 1695 ἀληθὲς

641 1717 803 1783 εἶναι,
827 1722 951 1774 οὔτε
982 1720 1120 1790 πρὸς
1176 1720 1269 1775 τὸν
1305 1721 1441 1774 Θεὸν
1491 1719 1864 1788 ιπεστράφοαι
1907 1717 2204 1786 δυναμένου

637 1828 735 1865 του
762 1811 842 1882 (Ι)
872 1812 979 1864 τῶν
1011 1810 1180 1863 ὄντων
1210 1810 1307 1865 καὶ
1334 1809 1572 1864 ὁτουοῦν.

719 1903 886 1957 ’Δλλά
910 1903 973 1972 δὴ
1003 1901 1229 1955 καὶτῶν
1254 1903 1322 1956 τά
1367 1901 1636 1970 Ἑλλήνων
1664 1898 2038 1969 τετιμηκότων
2075 1895 2206 1950 ἔνιοι

640 1994 878 2061 τάγαθόν
912 2009 971 2047 τε
1006 1994 1102 2046 καὶ
1130 1993 1254 2046 νοῦν
1289 1995 1382 2046 καὶ
1412 1992 1590 2062 ψυχὴν
1642 1993 1741 2055 τάς
1787 1991 2023 2061 ἀρχικὰς
2076 1989 2209 2044 ὐπο-

637 2086 855 2145 στάσεις
879 2083 1160 2153 εἰρηκότες
1183 2079 1343 2147 εἶναι,
1367 2082 1462 2135 καὶ
1490 2083 1640 2152 τρεῖς
1690 2081 1859 2144 αὐτὰς
1885 2082 2209 2143 συνεκτικάς

637 2172 743 2224 τῶν
772 2171 941 2227 ὅντων
969 2174 1173 2236 αίτίας,
1201 2175 1294 2227 καὶ
1326 2173 1559 2242 τριπλῆν
1590 2172 1647 2226 δι
1681 2171 1818 2227 θεῶν
1862 2171 2134 2237 σύνταξιν,
2154 2172 2209 2224 τί

641 2279 701 2329 γε
726 2262 905 2332 ἀλλοῆ
950 2265 1017 2332 τῇ
1054 2261 1185 2330 παρ’
1211 2260 1369 2330 ἡμῶν
1404 2261 1813 2332 πρεσϐευομένῃ
1845 2260 2033 2329 Τριάδι
2065 2275 2208 2329 συμ-

639 2353 1006 2423 φθέγγονταις
1039 2353 1117 2422 τῷ
1144 2354 1331 2425 τρόπῳ
1357 2352 1724 2422 διενηνοχότες
1759 2354 1857 2421 τῆς
1887 2351 2030 2405 κατά
2075 2352 2203 2418 Χρι-

637 2446 764 2499 στὸν
793 2446 1072 2516 ἀληθείας,
1100 2445 1176 2507 ὡς
1214 2445 1320 2511 ἀρα
1341 2461 1404 2513 γε
1438 2446 1531 2505 καὶ
1575 2443 1719 2506 εἰκὸς
1762 2438 1855 2512 ἦν.
1914 2441 2063 2495 Ἔδει
2099 2442 2207 2510 γὰρ

633 2538 735 2609 τὴν
762 2539 864 2608 μὲν
894 2537 1181 2608 ἀκρίὸειαν
1198 2536 1291 2590 τοῦ
1335 2535 1588 2606 οὐρανίου
1637 2535 1902 2605 δόγματος
1934 2534 2002 2586 δι’
2039 2534 2206 2602 αὐτῆς

633 2627 1089 2696 ἀνακαλυφθῆναι
1121 2626 1219 2694 τῆς
1284 2626 1582 2691 ἀληθείας⁶
1635 2625 1734 2688 τάς
1804 2625 1861 2677 δὲ
1906 2622 2207 2696 μαρτυρίας

635 2720 798 2787 αὐτῇ,
831 2717 917 2772 διὰ
944 2718 1043 2788 τὴν
1076 2717 1184 2770 τῶν
1210 2715 1514 2785 ἀνθρώπων
1541 2716 1831 2769 ἀσθένειαν
1857 2714 1949 2769 καὶ
1981 2713 2208 2781 φιλονει-

635 2809 786 2873 κίαν,
817 2807 975 2860 τοῦτο
998 2807 1097 2876 μὲν
1127 2807 1277 2876 παρά
1304 2806 1402 2873 τῆς
1433 2805 1795 2873 ἀτελεστέρας
1820 2804 1915 2855 καὶ
1972 2804 2208 2869 εἰσαγω-

635 2899 819 2969 γικῆς,
837 2897 913 2960 ὡς
941 2898 1008 2951 ἂν
1040 2900 1262 2968 φαῖμεν,
1287 2895 1585 2960 θεολογίας,
1619 2895 1776 2947 τοῦτο
1801 2894 1857 2946 δὲ
1907 2894 2000 2947 καὶ
2054 2894 2206 2963 παρὰ

634 2992 736 3060 τῆς
768 2989 1055 3059 ἀλλοτρίας
1087 2991 1262 3058 πάντη
1288 2989 1383 3041 καὶ
1414 2986 1570 3040 νόθου
1621 2985 1898 3048 θεοποιίας
1942 2983 2208 3055 παρίστα-

639 3082 788 3147 σθαι,
824 3082 878 3135 εῐ
904 3098 986 3144 τις
1015 3080 1256 3149 ἀκριϐῶς
1284 3079 1572 3149 προσέχειν
1595 3078 1790 3140 ἐθέλοι.
1816 3079 1931 3147 ἅμα
1981 3080 2077 3147 καὶ
2106 3076 2210 3130 δῶ-

642 3174 734 3244 ρόν
756 3189 811 3226 τι
836 3173 900 3225 εκ
935 3171 1073 3224 Θεοῦ
1098 3172 1255 3224 τοῦτο
1283 3167 1686 3240 προσειληφώς.
1724 3168 1829 3222 Ἐῶ
1859 3167 1905 3221 δ’
1966 3169 2092 3230 ὅσα,
2113 3169 2213 3236 τὴν

638 3265 845 3336 Τριάδα
875 3263 1202 3333 ἐξαίροντες,
1221 3261 1489 3331 Ἐλλήνων
1514 3261 1703 3323 παῖδες
1728 3258 2214 3323 καλοῦσιν,εὐ6ου-

636 3356 776 3422 λίαν,
797 3355 892 3408 καὶ
906 3354 1194 3423 φρόνησιν,
1213 3355 1301 3405 κα“·.
1320 3353 1598 3406 εὐσέϐειαν
1608 3391 1621 3416 ,
1638 3351 1734 3406 καὶ
1746 3352 2009 3423 ἁρμονίαν
2021 3368 2107 3420 γε,
2124 3351 2216 3403 καὶ

635 3449 911 3518 ὁμόνοιαν,
930 3450 1022 3500 καὶ
1049 3446 1272 3515 ἀρετὴν,
1296 3446 1388 3498 καὶ
1416 3444 1719 3508 τελείωσιν,
1738 3445 1830 3497 καὶ
1858 3445 2037 3497 πάντα
2055 3443 2119 3511 δὴ
2151 3442 2218 3494 τὰ

640 3542 750 3591 τῶν
774 3539 1054 3608 ὀνομάτων
1078 3537 1403 3605 σεμνότατα,
1429 3536 1504 3599 ὡς
1521 3536 1575 3589 ἐν
1601 3553 1660 3588 τε
1682 3535 1930 3606 ἀριθμοῖς
1947 3536 2040 3589 καὶ
2061 3533 2219 3604 μεγέ-

640 3631 758 3683 θεσι
799 3631 893 3682 καὶ
914 3632 980 3700 τῇ
1007 3627 1100 3682 τοῦ
1128 3627 1325 3690 παντὸς
1342 3628 1497 3680 τοῦδε
1518 3628 1680 3697 φύσει
1700 3628 2070 3681 διατείνουσαν
2091 3626 2218 3679 θαυ-

642 3720 851 3789 μασίως
880 3720 1021 3789 μετά
1051 3718 1251 3787 πολλῆς
1280 3718 1379 3786 τῆς
1406 3717 1588 3793 ἰσχύος
1620 3734 1681 3772 τε
1711 3717 1808 3771 καὶ
1833 3717 1927 3770 τοῦ
1951 3716 2178 3779 κάλλους
2201 3733 2218 3750 ο

636 3812 740 3866 οὐκ
760 3811 828 3864 ἀν
861 3807 1005 3863 οὕτω
1027 3825 1091 3876 γε
1123 3808 1301 3861 πάντα
1328 3807 1692 3876 διειληφυῖαν,
1729 3806 1779 3859 εί
1808 3809 1883 3877 μὴ
1910 3806 1976 3876 τῇ
2003 3805 2221 3859 πάντων

640 3901 792 3970 αἰτίᾳ
825 3899 1105 3969 σύμφυτος
1138 3894 1294 3961 οὖσα,
1325 3900 1402 3960 ὡς
1435 3899 1632 3967 πρέπει
1681 3896 1854 3967 δήπου
1891 3897 1970 3965 τῷ
2009 3897 2223 3966 ὰσχάτῳ

642 3993 752 4043 τῶν
792 3990 899 4043 νῶν
924 4008 984 4043 τε
1018 3992 1116 4043 καὶ
1142 3989 1372 4058 νοητῶν,
1407 3989 1619 4043 ικεῖθεν
1649 3988 1744 4041 καὶ
1774 3989 1842 4041 τὰ
1870 3989 2042 4057 αὐτῆς
2082 3986 2222 4057 ἔργα

641 4080 891 4149 ἀναλόγῳ
927 4080 1036 4133 τινὶ
1067 4080 1345 4148 ὁμοιότητι
1381 4078 1604 4147 ίκόσμει
1634 4079 2013 4146 συγκαθιεῖσα,
2032 4078 2119 4130 ῖνα
2136 4077 2224 4146 δὴ,

654 4174 729 4237 ὡς
765 4171 860 4225 τοῦ
894 4167 1036 4226 εἷναι
1080 4170 1150 4223 τά
1175 4170 1299 4240 τῇδε
1334 4171 1551 4239 μετέχει
1576 4171 1639 4222 ἐκ
1659 4168 1754 4222 τοῦ
1775 4169 1929 4234 Θεοῦ,
1962 4169 2107 4223 οὕτω
2135 4172 2227 4222 καὶ

646 4263 908 4333 ἁρμονίας
924 4279 988 4328 γε
1007 4263 1101 4315 καὶ
1113 4260 1450 4332 τελειότητος
1465 4260 1560 4313 καὶ
1572 4259 1740 4313 καλοῦ
1788 4260 1988 4324 παντὸς
2013 4261 2102 4315 διά
2131 4260 2227 4331 τὴν

645 4357 704 4408 ἐν
720 4353 905 4417 αὐτοῖς
930 4354 1118 4407 εἰκόνα
1146 4354 1245 4423 τῆς
1276 4352 1585 4423 ὑπερφυοῦς
1605 4352 1833 4422 Τριάδος
1860 4353 2225 4408 ἀπολελαυκό-

2309 528 2729 598 κεχειρισμιένου
2753 524 2893 597 πρὸς
2915 522 3017 597 τὴν
3046 524 3144 579 τοῦ
3172 526 3374 589 παντὸς
3411 527 3569 582 τοῦδε
3622 528 3879 586 σύστασιν

2310 616 2494 687 ἔργον,
2519 616 2663 672 κατά
2691 615 2790 686 τὴν
2818 615 3112 682 ἀναλογίαν
3142 615 3243 686 τῆς
3276 616 3514 686 φύσεως.
3565 617 3649 681 ὡς
3697 619 3772 689 μὴ
3808 622 3879 692 τῷ

2315 709 2519 775 μείζονι
2545 710 2730 777 μόνον,
2790 706 2928 762 ἀλλά
2968 708 3063 762 καὶ
3120 708 3374 780 ἀλλήλοις
3422 710 3727 781 ὑπουργεῖν
3762 712 3880 777 τοὺς

2311 799 2466 859 θεοὺς
2496 799 2719 865 αύτοῖς;
2754 799 2863 853 Καὶ
2886 800 2934 853 εί
2970 800 3048 869 μὴ
3095 802 3200 871 μιᾷ
3225 802 3458 870 δυνάμει
3495 805 3766 867 ποικίλως
3796 806 3882 859 ἐπὶ

2311 893 2491 945 πάντα
2524 892 2877 964 ἐκτεινομένη
2925 895 3252 964 παρήγαγεν
3278 897 3308 949 ὀ
3355 896 3509 962 Θεὸς,
3547 893 3635 960 εἷς
3660 897 3761 967 μὸν
3791 897 3878 964 ὢν,

2309 984 2609 1053 ἀναφοραῖς
2635 984 2692 1036 δέ
2721 1001 2866 1039 τισιν
2925 986 3254 1053 ἀναγκαίαις
3310 989 3405 1041 καὶ
3454 988 3615 1044 οὐδὲν
3665 991 3748 1063 είς
3789 990 3882 1060 τὴν

2310 1074 2432 1128 κατ’
2451 1074 2640 1128 οὐσίαν
2669 1076 2895 1145 ἑνότητα
2924 1076 3251 1146 ζημιούσαις
3278 1081 3335 1131 ἐν
3362 1080 3513 1148 αὐτῷ
3534 1081 3882 1151 διακεκριμέ-

2310 1181 2422 1229 νος,
2453 1165 2589 1220 ἀλλά
2617 1166 2818 1228 πολλάς
2841 1167 3106 1237 δυνάμεις
3135 1170 3273 1236 πρὸς
3308 1171 3517 1225 Exacta
3560 1172 3884 1244 διανενεμη-

2313 1263 2483 1325 μένας
2535 1258 2847 1328 ζητοῦντες,
2903 1261 3111 1324 ταύτας
3157 1262 3223 1332 δὴ
3269 1264 3364 1317 καὶ
3411 1263 3569 1328 θεοὺς
3602 1265 3880 1334 ὀνομάζειν

2310 1346 2795 1423 προαχθησόμεθα,
2826 1355 2951 1424 μηδ’
2974 1353 3262 1425 ὀνομάζειν
3290 1357 3482 1424 μόνον,
3509 1358 3650 1411 ἀλλὰ
3681 1358 3776 1412 καὶ
3804 1358 3879 1413 σέ·

2310 1443 2448 1507 σειν,
2483 1444 2581 1498 an
2617 1443 2812 1513 φύσεις
2839 1446 2993 1510 τινάς
3019 1447 3174 1516 παρά
3227 1447 3323 1501 τὸν
3358 1449 3492 1503 Θεὸν
3543 1449 3876 1516 ὑφεστώσας,

2310 1535 2485 1587 καὶτὸ
2513 1535 2722 1588 ἐκείνου
2754 1535 2916 1607 ἔργον
2944 1538 3225 1603 ποιούσας,
3256 1539 3351 1593 καὶ
3383 1540 3746 1612 κυϐερνώσας
3769 1539 3878 1593 τόδε

2308 1625 2371 1679 τὸ
2404 1626 2533 1691 πᾶν,
2564 1626 2682 1689 πῶς
2721 1627 2850 1689 τοὺς
2880 1628 3038 1692 θεοὺς
3095 1628 3316 1693 τούτους
3364 1630 3604 1699 διάφορα
3656 1631 3880 1700 δυναμέ-

2309 1732 2431 1779 νους
2450 1716 2545 1769 καὶ
2579 1715 2752 1786 μείζω
2772 1733 2833 1769 τε
2854 1719 2949 1771 καὶ
2973 1718 3199 1786 ἐλάττω,
3232 1722 3332 1790 μιᾷ
3365 1721 3598 1791 δυνάμει
3627 1720 3879 1785 ποικίλως

2240 1785 2280 1839 Β
2310 1807 2402 1860 ἐπὶ
2430 1785 2641 1870 πάντας
2688 1809 3040 1881 ἐκτεινομένη
3083 1785 3410 1882 παρήγαγεν
3432 1829 3448 1880 ;
3490 1785 3730 1882 ’ὁμοίως
3778 1813 3877 1885 γὰρ

2308 1898 2376 1951 ἂν
2410 1899 2786 1970 προαγοίμεθα
2820 1902 2916 1955 καὶ
2949 1902 3106 1965 θεοὺς
3138 1890 3359 1973 ἑτέρους
3390 1905 3577 1974 ζητεῖν
3637 1904 3749 1958 τῶν
3777 1907 3877 1969 τοῖς

2309 1989 2537 2060 Ἕλλησι
2561 1994 3008 2064 γνωριμωτέρων
3052 1996 3353 2066 προτέρους
3396 2013 3458 2050 τε
3509 1997 3612 2050 καὶ
3660 1997 3873 2064 αἰτίους,

2306 2081 2402 2136 καὶ
2432 2081 2538 2152 πρὸ
2569 2084 2795 2137 ἐκείνων
2817 2083 3012 2148 ἄλλους
3057 2085 3136 2155 τῷ
3189 2085 3338 2155 αὐτῷ
3385 2086 3549 2156 λόγῳ,
3598 2086 3695 2140 καὶ
3731 2086 3874 2140 τοῦτο

2307 2173 2668 2242 έπΊπειρον,
2700 2175 3095 2245 συγχωρούσης
3128 2177 3262 2245 ἡμῖν
3306 2177 3406 2246 τῆς
3454 2178 3694 2248 ἀπείρου
3744 2178 3876 2232 κατά

2304 2264 2406 2333 τὴν
2433 2263 2598 2332 φύσιν
2620 2263 2895 2333 ὑπεροχῆς
2926 2265 3018 2319 τοῦ
3045 2265 3181 2319 Θεοῦ
3207 2267 3345 2339 πρὸς
3373 2267 3443 2321 τά
3504 2269 3701 2322 τούτου
3755 2269 3874 2338 ἔργα

2308 2352 2420 2422 πρὸ
2444 2352 2556 2404 τῶν
2579 2351 2896 2421 ληφθέντων
2934 2353 3022 2407 ἀεὶ
3051 2353 3352 2424 λαμϐάνειν
3404 2356 3657 2428 ἑτέρους,
3706 2359 3790 2411 διά
3822 2357 3877 2411 τὸ

2311 2443 2389 2513 μὴ
2406 2443 2537 2507 δεῖν,
2562 2442 2751 2512 φασὶν,
2783 2444 3007 2513 ἀμέσως
3036 2446 3168 2500 ποτε
3194 2448 3288 2501 τὸν
3315 2448 3450 2503 Θεὸν
3511 2451 3613 2503 ἐπὶ
3664 2450 3763 2522 τὴν
3795 2451 3877 2523 δη-

2314 2534 2603 2603 μιουργίαν
2627 2532 2974 2591 ἀφ.κνεῖσθαι
2995 2537 3107 2593 τῶν
3138 2540 3571 2613 ὑποδεεστέρων,
3599 2543 3650 2596 εί
3701 2544 3773 2613 μὴ
3798 2541 3879 2599 διά

2305 2642 2450 2691 τινος
2486 2629 2754 2700 βελτίονος
2780 2632 3018 2699 φύσεως,
3049 2633 3146 2687 καὶ
3178 2632 3351 2696 οὕτως
3377 2634 3647 2704 ἀπείρους
3674 2637 3874 2705 ἀνάγκη

2309 2720 2463 2788 σφίσι
2492 2722 2738 2789 γίνεσθαι
2760 2723 2886 2786 τοὺς
2913 2723 3092 2789 θεοὺς,
3119 2724 3212 2788 οὓς
3233 2726 3512 2781 ἀδικοῦσιν
3535 2727 3762 2798 ἀριθμῷ
3782 2742 3878 2783 τινι

2308 2814 2761 2883 περιγράφοντες.
2797 2816 2991 2869 Καίτοι
3014 2818 3107 2871 καί
3138 2818 3506 2890 εὐλογώτερον
3544 2821 3620 2874 ἂν
3641 2816 3713 2894 ἦν
3738 2817 3883 2872 mt-

2313 2917 2440 2970 ρους
2468 2902 2693 2967 τούτους
2712 2905 2924 2960 τιθέναι
2949 2908 3064 2969 τοῖς
3085 2906 3234 2973 άπαξ
3254 2910 3355 2980 τὴν
3400 2910 3552 2963 θείαν
3609 2912 3770 2981 φύσιν
3810 2911 3881 2974 εἰς

2311 2990 2532 3055 πλείους
2589 2994 3054 3064 καταμερίσασιν,
3107 2998 3184 3061 ὡς
3241 2999 3308 3052 ἂν
3364 3000 3503 3072 αὐτῇ
3552 3002 3882 3073 πανταχόθεν

2235 3109 2282 3172 C
2314 3082 2583 3153 προσήκοι
2632 3084 2697 3137 τὸ
2745 3084 3009 3157 ἄπειρον·
3072 3088 3121 3141 εί
3177 3090 3251 3159 μή
3301 3105 3447 3151 τινος
3499 3091 3882 3159 ἀσθενείαςέν-

2311 3173 2480 3238 δειξιν
2540 3178 2699 3243 φαῖεν
2737 3174 2878 3231 εῖναι
2927 3178 2992 3231 τὸ
3052 3179 3276 3251 πλῆθος.
3343 3181 3499 3236 Οὕτω
3549 3184 3612 3237 δὲ
3638 3185 3740 3239 κᾶν
3767 3186 3882 3237 ἐαυο

2310 3265 2427 3327 τοῖς
2489 3266 2801 3336 πολεμοῖεν,
2859 3267 2937 3332 ὡς
2979 3270 3118 3339 ἡμῖν
3165 3269 3341 3340 δήπου
3368 3271 3636 3344 πρότερον
3657 3276 3886 3347 εἴρηται.

2315 3352 2390 3406 Οὐ
2450 3353 2561 3424 γάρ
2605 3355 2713 3408 εδει
2769 3357 2990 3420 πλείους
3047 3350 3259 3413 τιθέναι
3299 3359 3476 3425 θεοὺς,
3522 3363 3882 3432 ἀσθένειαντῇ

2316 3443 2440 3514 θείᾳ
2487 3444 2649 3513 φύσει
2701 3449 3137 3517 προσάπτοντας.
3182 3449 3335 3504 Ἵλατ’
3384 3453 3777 3525 ἀμφοτέρωθεν
3797 3453 3884 3505 αὖ·

2315 3536 2444 3598 τοὺς
2466 3536 2827 3606 ἁμαρτάνειν,
2856 3538 2888 3608 ἢ
2915 3539 2973 3592 ἰν
3001 3539 3226 3611 ἀριθμῷ
3250 3559 3357 3596 τινι
3381 3541 3572 3606 θέντας
3606 3544 3704 3608 οὓς
3726 3543 3881 3615 ἐχρῆν

2320 3630 2584 3699 ἀπείρους
2604 3624 2747 3683 εἶναι
2777 3632 2873 3685 καὶ
2895 3632 3114 3703 πλήθει,
3142 3633 3174 3705 ἢ
3201 3635 3448 3699 ἀσθενεῖς
3467 3638 3880 3705 ἀποφαίνοντας,

2317 3720 2393 3782 ὡς
2421 3720 2635 3793 ἀπείρῳ
2663 3722 2771 3777 τινὶ
2808 3723 3044 3795 διαφορᾷ
3101 3726 3201 3796 τῆς
3244 3725 3395 3790 θείας
3446 3728 3633 3799 ἰσχύος
3690 3745 3750 3782 τε
3798 3728 3886 3782 καὶ

2320 3809 2481 3875 ἀξίας
2529 3812 3011 3884 ἀπορραπίζοντας
3055 3815 3166 3871 τῶν
3211 3816 3351 3874 θεῶν
3397 3817 3524 3883 τοὺς
3578 3818 3882 3873 ὑποδεεστέ-

2327 3920 2490 3974 ρουςο
2515 3902 2667 3957 οὐδὲν
2699 3904 2809 3973 γὰρ
2840 3902 2908 3959 ἀν
2933 3906 3019 3976 ετη
3064 3908 3158 3960 καὶ
3185 3908 3248 3960 τὸ
3287 3908 3629 3975 Ἀπόλλωνος
3654 3912 3884 3977 ἀξίωμα,

2328 3991 2405 4062 μὴ
2433 3993 2515 4046 ὅτι
2553 4007 2618 4059 γε
2647 3992 2709 4045 τὸ
2743 3992 2948 4062 Ἑρμοῦ
2981 3996 3078 4047 καὶ
3122 3994 3234 4049 τῶν
3267 3995 3361 4050 ὑπ’
3385 3996 3549 4050 αὑτοῦ
3582 3998 3687 4063 ἔτι,
3711 3996 3886 4051 τοσού-

2325 4101 2434 4137 των
2463 4083 2570 4153 πρὸ
2603 4084 2784 4139 αὐτῶν
2818 4085 2958 4139 θεῶν
2987 4086 3157 4140 ὄντων
3206 4087 3580 4160 ὑψηλοτέρων,
3605 4090 3675 4143 δι’
3708 4084 3782 4144 ὧν
3804 4085 3883 4147 ἐπ’

2327 4176 2523 4239 αὐτοὺς
2572 4176 2607 4246 ὴ
2662 4176 2855 4245 θεότης
2911 4176 3105 4248 βαθμῷ
3150 4195 3256 4233 τινι
3299 4181 3690 4251 κατελήλυθεν.
3727 4181 3796 4233 Τὸ
3843 4177 3885 4231 δ’

2329 4270 2508 4323 αὐτῶν
2532 4271 2719 4323 εἵνεκα
2739 4271 2850 4324 τῶν
2876 4270 3017 4326 θεῶν
3051 4272 3148 4327 καὶ⁴
3174 4276 3244 4327 τά
3268 4274 3361 4327 ὑπ’
3400 4273 3580 4328 αὐτῶν
3607 4274 3884 4341 κινούμενα

2334 4363 2564 4432 σώματα
2619 4361 2891 4416 θεοποιεῖν
2938 4364 3058 4426 πῶς
3112 4366 3216 4418 οὐκ
3264 4364 3514 4432 ἀνόσιονς
3558 4365 3744 4419 Ταῦτα
3785 4363 3885 4430 γάρ

651 4462 739 4512 τα,
770 4446 973 4515 ἄριστά
996 4463 1057 4499 τε
1086 4444 1201 4515 ἔχοι
1228 4444 1320 4498 καὶ
1354 4446 1649 4514 ὁμοιότατα
1667 4444 1746 4512 τῷ
1778 4444 2121 4514 πεποιηκότι.
2151 4444 2226 4507 ὡς
2260 4446 2303 4500 D
2332 4453 2599 4521 μεγέθους
2651 4454 2751 4522 μὲν
2788 4454 2973 4508 εἵνεκα
3018 4456 3116 4509 καὶ
3160 4456 3343 4526 ἰσχύος
3400 4457 3494 4510 καὶ
3543 4457 3770 4518 κάλλους
3799 4452 3883 4505 καὶ

647 4541 902 4609 ἐγχωρεῖ.
934 4540 1044 4593 Καὶ
1067 4541 1134 4610 τῇ
1159 4537 1257 4607 μὲν
1274 4536 1662 4608 κατάΧριστὸν
1684 4536 1933 4608 θεολογίᾳ
1951 4536 2177 4590 τοιαῦτα
2199 4548 2215 4564 ⁸

642 4632 708 4700 τῇ
733 4630 791 4684 δὲ
814 4629 1229 4700 τῶνἙλλήνων,
1260 4635 1424 4704 ἐρεῖς.
1453 4631 1607 4684 οὐδὲν
1630 4630 1799 4697 ὑγιὲς,
1829 4629 1980 4681 οὐδὲν
1997 4629 2216 4698 σεμνὸν,

642 4720 940 4792 ἂνθρωποι,
960 4726 1237 4793 πρόσεστι.
1269 4724 1359 4794 Τῷ
1385 4724 1483 4794 μὲν
1516 4723 1625 4792 γὰρ
1652 4719 1761 4775 τῶν
1785 4719 2059 4790 θεοτήτων
2082 4720 2219 4789 πλή-

645 4814 726 4868 θει
748 4816 842 4870 καὶ
869 4817 977 4871 τῶν
1011 4816 1151 4869 θεῶν
1175 4818 1256 4877 είς
1282 4816 1436 4868 οὐδὲν
1464 4815 1767 4883 ἐχρήσαντο
1807 4812 1950 4878 δέον,
1986 4810 2064 4881 τῷ
2118 4811 2219 4881 μεν

642 4908 822 4964 δοκεῖν
860 4908 1331 4978 ὑπερκαθίσαντες
1360 4905 1451 4958 τὸν
1483 4904 1581 4958 ἕνα
1612 4903 1770 4968 Θεὸν,
1797 4902 1944 4972 ἔργῳ
1977 4902 2035 4954 δὲ
2071 4901 2223 4971 μερί-

646 5014 744 5059 τας
772 4997 922 5068 αύτῷ
946 5001 1041 5052 καὶ
1073 4996 1361 5059 κοινωνοὺς
1390 4993 1684 5055 τοσούτους
1715 4994 2223 5063 ἀπαναστήσαντες

643 5088 744 5154 τῆς
762 5088 1115 5157 τεδυνάμεως
1139 5088 1437 5156 συμπάσης
1468 5086 1561 5140 καὶ
1597 5085 1698 5156 τῆς
1754 5086 1949 5155 ἀρχῆς,
2004 5086 2100 5138 καὶ
2144 5083 2223 5154 τῷ

645 5178 745 5246 τὴν
771 5179 1110 5247 σεμνοτάτην
1136 5178 1511 5249 προσηγορίαν
1539 5179 1618 5239 εἰς
1658 5176 1902 5247 βαθμοὺς
1929 5176 2219 5239 τοσούτους

646 5269 994 5335 κατενεγκεῖν
1021 5267 1098 5337 τῷ
1154 5268 1356 5337 πρώτῳ
1408 5267 1536 5331 τοὺς
1598 5266 1716 5337 μετ’
1753 5268 1962 5321 ἐκεῖνον
2012 5268 2221 5331 πάντας

566 5378 573 5379 ί
651 5357 1132 5428 συναδικήσαντες,
1163 5359 1258 5411 καὶ
1283 5359 1340 5421 ἐς
1365 5358 1467 5428 τὴν
1492 5358 1656 5427 φύσιν
1685 5358 1857 5428 αὐτὴν
1900 5358 2224 5428 ἐξυϐρίσαν-

648 5468 761 5514 τες,
780 5451 846 5521 ἢν
872 5451 938 5520 τῇ
964 5451 1308 5521 προσηγορίᾳ
1337 5452 1511 5521 ταύτῃ
1541 5450 1764 5518 τιμῶσι.
1795 5450 1920 5510 Πῶς
1941 5450 2049 5518 γάρ
2109 5451 2223 5501 θεοὶ

648 5542 697 5593 οἰ
737 5539 1163 5610 πεπερασμένην
1181 5538 1398 5608 ἔχοντες
1419 5538 1670 5608 δύναμιν,
1696 5538 1858 5593 ἀλλου
1910 5537 2031 5606 μετ’
2061 5538 2220 5590 ἀλλον

649 5635 989 5703 τεταγμένου
1022 5637 1085 5704 τῇ
1120 5634 1301 5703 φύσει,
1340 5633 1503 5703 μέχρι
1549 5632 1643 5686 καὶ
1698 5630 1793 5685 τοῦ
1853 5632 2106 5702 ἐσχάτου,
2160 5630 2219 5682 ὃν

664 5816 667 5817 ν
721 5745 799 5813 (1)
840 5746 977 5802 Cod.
996 5745 1090 5803 τοῦ
1121 5762 1244 5803 cum
1286 5756 1534 5801 accentu.

2325 4543 2608 4614 διαρκείας
2659 4545 2769 4599 δέοι
2800 4546 2853 4607 γ’
2883 4545 2951 4600 ἂν
2980 4547 3074 4601 καὶ
3105 4546 3247 4599 πάνυ
3278 4547 3599 4616 θαυμάζειν.
3645 4548 3739 4601 Δεῖ
3763 4545 3884 4612 μέν·

2326 4649 2410 4685 τοι
2439 4649 2506 4701 γε
2531 4636 2592 4687 τὸ
2626 4634 2718 4687 ἀπ’
2756 4635 2942 4697 αὐτοῖς
2982 4634 3168 4704 θαῦμα
3194 4637 3433 4705 πέμπειν
3476 4637 3638 4702 εὐθὺς
3682 4638 3773 4690 ἐπὶ
3800 4633 3883 4685 τὸν

2329 4725 2686 4796 δημιουργὸν,
2727 4725 2920 4801 ὥσπερ
2961 4727 3399 4796 οἰκοδομήματος
3447 4728 3737 4782 καλλίστου
3768 4725 3882 4778 νοῦν

2326 4815 2551 4884 ἔχοντας
2595 4814 2817 4879 θεατάς.
2848 4814 2992 4869 οὕτω
3026 4819 3121 4869 καὶ
3153 4819 3300 4887 ἡμᾶς
3321 4859 3337 4883 ,
3375 4818 3517 4871 αὐτά
3554 4821 3655 4887 μὲν
3680 4814 3882 4885 ἀγαμέ-

2324 4923 2468 4972 νους,
2497 4900 2531 4982 ᾖ
2561 4908 2700 4960 εἰσιν
2735 4907 2877 4977 ἔργα
2904 4908 3041 4961 Θεοῦ
3073 4898 3300 4964 τοιαῦτα
3326 4950 3341 4973 ,
3377 4911 3484 4981 πρὸ
3511 4910 3557 4962 δ’
3583 4911 3761 4964 αὐτῶν
3792 4907 3881 4974 τὴν

2322 4997 2523 5066 τέχνην
2557 4998 2652 5049 καὶ
2683 4997 2773 5049 τὸν
2801 4998 3050 5066 τεχνίτην
3090 4999 3562 5068 ἐκπληττομένους
3595 5001 3688 5054 καὶ
3717 4996 3882 5052 αἰδου-

2328 5088 2522 5152 μένους
2573 5087 2670 5139 καὶ
2706 5085 2990 5149 σέϐοντας.
3035 5087 3124 5151 Ὠς
3155 5088 3248 5142 οῦν
3277 5090 3387 5143 οὐδ’
3422 5090 3600 5143 οἰκίαν
3636 5091 3756 5142 τινὰ
3795 5086 3883 5138 ἀν·

2322 5178 2538 5249 θρωπον
2577 5178 2701 5233 νοῦν
2731 5180 2868 5249 ἔχων
2893 5181 2958 5233 ἀν
2987 5197 3070 5244 τις
3110 5182 3274 5248 εῐποι,
3306 5182 3388 5235 ὄτι
3416 5181 3705 5252 ἀνθρώπου
3727 5180 3878 5249 ἔργον
3946 5208 3957 5211 -

2326 5269 2527 5337 ἄριστά
2574 5286 2639 5337 γε
2675 5271 3038 5340 εἰργασμένου
3086 5272 3272 5337 ἐστὶν,
3304 5276 3352 5326 εί
3399 5272 3572 5336 οὕτως
3613 5273 3706 5327 καὶ
3737 5270 3879 5338 τύχοι

2327 5360 2545 5430 ἔχουσα,
2582 5360 2757 5425 οὕτως
2785 5362 2907 5414 οὐδὲ
2929 5361 3023 5414 τὸν
3048 5362 3199 5431 ἥλιον
3225 5365 3319 5415 καὶ
3347 5364 3446 5432 τὴν
3480 5363 3709 5435 σελήνην
3734 5358 3880 5418 θεοὺς

2325 5450 2755 5520 προσαγορεύειν
2786 5452 2895 5505 ἔδει
2933 5452 3027 5504 καὶ
3059 5456 3408 5520 προσκυνεῖν,
3465 5455 3763 5523 ὲνορῶντας
3806 5451 3883 5500 ὅτι

2325 5541 2460 5595 Θεοῦ
2507 5542 2644 5593 εἰσιν
2674 5540 2838 5611 ἔργα,
2883 5542 3025 5596 αὐτά
3074 5558 3136 5595 τε
3185 5545 3270 5612 ἐφ’
3306 5544 3512 5599 ἑαυτῶν
3553 5543 3696 5597 οὕτω
3728 5537 3878 5601 καλά,

2327 5634 2419 5685 καὶ
2445 5633 2524 5701 τῷ
2559 5637 2722 5686 παντὶ
2751 5633 2887 5705 τῷδε
2921 5635 3147 5705 κόσμος,
3174 5638 3271 5691 καὶ
3322 5639 3433 5702 τοῖς
3481 5633 3882 5702 ὑποδεεστέροις
