4118 6280
298 346 408 412 613

1403 334 1766 395 EPISTULA
1815 336 1913 395 AD
1954 330 2463 394 PLETHONEM.

3457 326 3561 391 614

302 458 476 510 πᾶσιν
507 452 782 521 ὠφέλιμα.
818 448 886 501 Ἦ
924 449 1015 501 ἐπὶ
1065 448 1242 502 πάντα
1282 448 1333 515 γ’
1374 448 1441 501 ἂν
1470 447 1579 501 ἔδει
1610 446 1668 500 τὸ
1699 445 1875 500 τοιοῦ-
1907 450 1956 511 Α
1984 448 2338 518 ἐκπλήρωσιν
2369 440 2504 517 ἧκον
2540 444 2637 515 τῆς
2664 442 2729 495 ἐκ
2762 442 2896 495 Θεοῦ
2942 444 3199 512 προνοίας
3240 442 3335 495 καὶ
3361 445 3559 513 κυϐερ-

297 565 365 601 το
418 546 582 607 σέϐας
641 542 944 603 ἐκτείνειν,
993 539 1030 592 ἀ
1080 556 1135 591 τι
1188 540 1468 606 θαύματος
1512 539 1663 604 ἀξιον
1704 537 1886 607 ἔχουσι

300 640 404 693 καὶ
448 637 484 689 ἀ
515 633 699 688 θεόθεν
732 632 890 685 εἰσίν.
920 631 1083 685 Οὐδὲν
1116 631 1172 685 δέ
1210 631 1364 683 ἐστιν
1402 630 1562 700 ἔργον
1587 629 1722 683 Θεοῦ
1742 670 1756 695 ,
1786 629 1887 682 κᾶν

305 730 370 782 τὺ
399 725 761 796 σμικρότατον
795 719 853 795 ᾖ,
888 722 916 775 ὃ
949 722 1023 793 μὴ
1056 721 1388 791 θαυμάσειεν
1417 722 1482 775 άν
1504 738 1590 783 τις
1619 721 1887 783 ἐκτόπως.

308 822 425 873 Καὶ
460 818 600 869 πολὺ
629 811 816 885 μεῖζόν
850 816 996 868 ἐστιν
1024 814 1083 867 ἐν
1112 815 1226 876 τοῖς
1253 813 1563 883 ἐλαχίστοις
1592 812 1654 865 τὸ
1681 813 1886 883 θαῦμα,

305 912 402 967 τοῦ
451 909 590 963 Θεοῦ
647 908 852 977 σφίσιν,
892 908 1011 960 ἀντὶ
1040 907 1148 960 τῶν
1195 907 1257 960 ἐκ
1299 905 1394 958 τοῦ
1432 906 1701 975 μεγέθους
1730 906 1889 958 ἐλατ-

306 1003 602 1071 τωμάτων,
648 998 844 1066 σοφίαν
892 997 1015 1051 τινὰ
1057 994 1155 1049 καὶ
1190 998 1446 1065 μεθόδους
1493 996 1651 1062 ξένας
1694 998 1893 1064 ἐγκατ-

308 1092 638 1152 οικίσαντος,
669 1089 749 1151 είς
779 1087 1004 1151 ἔνδειξιν
1060 1087 1159 1155 τῆς
1188 1087 1498 1153 δυνάμεως.
1526 1088 1614 1141 Διὸ
1639 1089 1735 1141 καὶ
1764 1089 1891 1150 τοὺς

307 1182 539 1243 πολλοὺς
571 1182 605 1246 ἡ
654 1180 764 1232 τῶν
802 1179 1130 1247 σοφωτέρων
1186 1178 1438 1247 σφήλασα
1475 1180 1791 1248 περιεργία,
1824 1179 1891 1249 ἢν

309 1277 510 1325 ἐκεῖνοι
542 1270 673 1335 περὶ
696 1269 766 1322 τὰ
791 1268 963 1339 μείζω
987 1270 1095 1323 τῶν
1120 1272 1178 1323 ἐν
1200 1270 1278 1339 τῷ
1311 1270 1504 1338 κόσμῳ
1543 1270 1892 1338 φαινομένων

310 1364 515 1417 ἔπαθον
565 1362 867 1432 τεθηπότες
919 1363 1098 1427 αὐτὰ,
1148 1361 1446 1415 καὶταῦτα
1488 1361 1554 1431 δὴ
1602 1365 1892 1431 προήγαγε

310 1456 587 1509 θεοποιεῖν
637 1469 698 1506 τε
752 1454 847 1506 καὶ⁸
900 1453 1101 1507 σέϐειν·
1138 1453 1379 1521 εὐλόγως
1439 1453 1539 1523 μέν
1593 1454 1895 1522 οὐδετέρων

310 1548 716 1617 πεποιηκότων,
751 1547 859 1599 τῶν
894 1547 951 1600 δέ
998 1546 1210 1599 πολλῶν
1242 1546 1647 1616 εὐλογώτερον,
1692 1549 1775 1599 ὅτι
1806 1561 1893 1612 γε,

1990 540 2223 607 νήσεως,
2259 536 2455 605 ἀληθές
2486 536 2661 589 ἐστιν.
2699 535 2848 587 Ἔδει
2882 535 2990 603 γάρ
3018 551 3067 586 τι
3110 536 3204 587 καὶ
3238 535 3417 595 αὐτοῖς
3451 540 3562 601 τοῖς

1989 628 2433 697 κυϐερνωμένοις
2481 622 2621 680 εἶναι
2652 627 2816 679 καλὸν
2851 629 2908 679 ἐν
2942 625 3033 695 ,τῷ
3079 628 3360 690 λυσιτελές
3388 647 3439 680 τι
3466 630 3563 681 καὶ

1990 723 2195 774 τούτων
2223 720 2457 774 ἕκαστον
2487 716 2653 773 εἶναι’
2685 718 2829 773 οῦτω
2853 720 2961 787 γάρ
2999 720 3061 772 ἓν
3087 724 3177 772 καὶ
3203 723 3233 788 ἡ
3263 722 3355 773 τοῦ
3400 724 3562 791 μόνου

1994 812 2331 882 κυϐερνήτου
2377 812 2488 864 τῶν
2540 813 2708 864 δντων
2761 812 2977 874 ἐξουσία
3018 811 3398 882 λαμπρότερον
3448 815 3565 866 δια-

1994 905 2238 973 φαίνοιτο
2272 943 2286 968 ,
2347 904 2558 957 πολλῶν
2627 922 2684 955 τε
2744 903 3180 969 διακονουμένων
3224 905 3362 973 αὐτῇ
3399 918 3429 968 ,·
3469 906 3567 957 καὶ

1994 997 2211 1049 πάντων
2265 998 2580 1060 εὐτάκτως,
2728 994 2854 1048 ἄλλο
2918 995 3079 1048 ἀλλου
3134 995 3373 1065 ἤρτηται
3438 994 3568 1088 θαύ-

1996 1088 2227 1157 μασίως,
2259 1088 2447 1156 ῶσπερ
2503 1088 2561 1138 ἐν
2604 1090 2667 1156 τῇ
2703 1088 2850 1152 τάξει
2902 1088 2998 1154 τῆς
3052 1087 3292 1154 φύσεως,
3331 1087 3474 1139 οὕτω
3504 1087 3568 1157 δὴ

1994 1183 2087 1235 καὶ
2118 1182 2213 1247 τῆς
2244 1180 2584 1250 λειτουργίας
2611 1195 2625 1209 ·
2660 1182 2784 1232 ὅσον
2815 1180 2867 1241 δ’,
2888 1182 2967 1241 είς
3014 1180 3104 1232 τὸν
3151 1180 3252 1248 τῆς
3301 1181 3571 1250 κυϐερνὴ-

1998 1288 2133 1331 asto:
2163 1273 2289 1341 ἥκει
2340 1272 2518 1337 λόγον,
2579 1271 2799 1339 ἀμέσως
2843 1272 3023 1323 πάντα
3072 1274 3135 1322 ἐκ
3183 1271 3317 1323 Θεοῦ
3367 1272 3567 1342 κυϐερ-

1996 1363 2185 1414 νᾶσθαι
2219 1364 2549 1431 πιστεύομεν
2606 1364 2708 1415 ὑπὸ
2759 1364 2855 1432 τῆς
2894 1363 3044 1426 θείας
3108 1367 3303 1433 σοφίας
3355 1382 3414 1418 τε
3473 1367 3574 1419 καὶ

1995 1454 2298 1521 δυνάμεως⁹
2334 1455 2744 1521 ἐφαρμόττουσι
2774 1458 2882 1524 γὰρ
2915 1458 2972 1509 ἐν
3000 1458 3074 1525 τῷ
3104 1457 3249 1528 λόγῳ
3277 1459 3375 1527 τῆς
3405 1460 3565 1512 ἀπει-

2000 1544 2144 1612 ρίας,
2206 1545 2373 1611 μέχρι
2427 1543 2523 1594 καὶ
2569 1543 2678 1595 τῶν
2724 1545 2968 1612 ἐσχάτων
3022 1548 3402 1614 ἐκτεινομὲνῳ.
3436 1548 3573 1600 Οὐδέ

308 1640 431 1693 δέον
452 1639 611 1705 δόξαν
634 1640 749 1700 τοῖς
783 1637 1052 1707 ἡγεμόσιν
1099 1637 1280 1692 αὐτῶν
1323 1638 1383 1690 τὸ
1415 1638 1558 1691 θεῖον
1606 1637 1772 1700 σέϐας
1802 1637 1897 1690 ἐπὶ
1998 1636 2107 1701 γάρ
2155 1629 2267 1685 οἷόν
2314 1634 2362 1685 τ’
2400 1628 2471 1702 ἦν
2518 1632 2583 1685 δι’
2644 1633 2813 1685 αὐτοῦ
2866 1635 2964 1704 μὲν
3016 1637 3431 1690 κατασκευάσαι
3480 1638 3573 1690 τὸν

307 1733 380 1785 τά
407 1733 545 1801 ἔργα
593 1731 688 1785 τοῦ
731 1730 868 1785 Θεοῦ
904 1731 1264 1800 καταφέρειν,
1304 1732 1402 1800 τῆς
1432 1731 1690 1799 τοιαύτης
1740 1728 1897 1783 αὐτοὶ
1999 1723 2227 1790 κόσμον,
2272 1723 2346 1793 μὴ
2373 1723 2600 1777 διοικεῖν
2641 1724 2697 1776 δέ
2745 1724 2939 1778 τοῦτον
2981 1725 3050 1777 δι’
3092 1727 3258 1780 αὐτοῦ
3285 1728 3374 1780 τὸν
3414 1728 3573 1793 Θεὸν,

307 1825 477 1893 τιμῆς
527 1824 704 1876 οὐδενὶ
750 1823 859 1876 τῶν
939 1823 1119 1892 ἔργων
1167 1822 1475 1891 ἐφθόνησαν
1499 1862 1513 1883 ,
1570 1821 1665 1875 άτε
1724 1822 1894 1873 πᾶσιν
1926 1801 1967 1855 Β
2002 1816 2123 1885 μηδ’
2145 1817 2203 1880 ἐξ
2235 1814 2397 1867 αὐτοῦ
2429 1817 2521 1868 τὸν
2554 1815 2654 1885 τῆς
2675 1817 2881 1880 τάξεως
2910 1818 3172 1887 λογισμὸν
3195 1820 3576 1875 ἐπιτεθεῖσθαί

309 1912 595 1982 ἐξαιρέτου
628 1913 781 1977 τινὸς
811 1915 910 1983 τῆς
936 1913 1032 1965 τοῦ
1067 1912 1204 1967 Θεοῦ
1241 1913 1433 1982 σοφίας
1461 1911 1889 1981 ἐμφαινομένης,

309 2006 408 2057 καὶ
443 2006 577 2076 πρὸς
622 2007 809 2075 μεῖζον
840 2006 1027 2071 θαῦμα
1057 2005 1379 2073 δυναμένων
1430 2006 1648 2071 ἐνάγειν
1681 2004 1789 2057 τῶν
1811 2004 1895 2056 δο-

311 2096 555 2149 κούντων
589 2096 934 2165 ὴλαττῶσθαι
991 2096 1287 2166 ποσότητι,
1327 2096 1422 2148 καὶ
1459 2094 1685 2165 μηδενὸς
1715 2094 1895 2147 αὐτῶν

310 2188 487 2251 ὄντος,
523 2180 568 2254 ᾧ
597 2189 755 2258 μὴτὸ
782 2183 1046 2251 αίτιῶδέξ
1065 2205 1124 2240 τε
1168 2187 1377 2255 όπηοῦν
1410 2187 1589 2241 ἔνεστι
1629 2188 1896 2254 καῖώφέ-

309 2278 493 2346 λιμον.
528 2278 594 2329 Τί
627 2277 683 2330 δέ
724 2279 757 2347 ἡ
790 2277 1109 2347 πατουμένη
1142 2279 1433 2347 Δημήτηρ,
1464 2278 1557 2331 καὶ
1604 2282 1632 2332 ὁ
1669 2279 1895 2332 σϐεννύ-

315 2385 479 2435 μενος
506 2369 838 2436 Ἦφαιστος,
871 2373 968 2420 καὶ
1017 2370 1044 2421 ό
1096 2368 1293 2436 πικρὸς
1323 2370 1420 2421 καὶ
1452 2370 1752 2439 φθαρτικδς
1788 2372 1892 2424 Πο-

314 2458 509 2511 σειδῶν
537 2475 552 2524 ;
586 2458 651 2509 Τί
685 2458 740 2511 δὲ
772 2457 832 2510 τδ
862 2459 1031 2528 ἄρρεν
1065 2458 1125 2511 ἐν
1161 2461 1274 2521 τοῖς
1319 2458 1458 2522 θεοῖς
1494 2462 1588 2513 καὶ
1620 2461 1794 2531 θῆλυς
1832 2464 1896 2516 Τί

312 2549 373 2602 δέ
416 2549 476 2600 τὸ
517 2551 645 2611 τούς
702 2547 803 2617 μὲν
862 2548 1160 2615 ἐφεστάναι
1225 2551 1336 2613 τοῖς
1379 2552 1644 2617 ἀγαθοῖς,
1678 2554 1802 2616 τοὺς
1842 2553 1898 2607 δὲ

312 2641 431 2703 τοῖς
480 2641 694 2709 χείροσι
731 2638 844 2695 τῶν
895 2639 951 2690 ἐν
983 2656 1040 2691 τε
1080 2642 1146 2709 τῇ
1180 2639 1337 2708 φύσει
1364 2645 1456 2694 καὶ
1486 2641 1579 2695 ὐπ’
1603 2636 1899 2699 αὐτῶνάν-

316 2729 552 2797 θρώπων
577 2731 892 2798 γενομένων
920 2745 937 2796 ;
992 2729 1103 2784 Kal
1131 2731 1455 2800 ἀνθρώπους
1484 2733 1540 2787 δέ
1578 2751 1733 2799 τινας
1768 2739 1901 2789 ἀπο-

316 2821 527 2885 θεοῦσι,
564 2823 663 2875 καὶ
708 2821 901 2883 ἄλλους
928 2816 1084 2885 αὖθις
1115 2825 1598 2895 καταστερίζουσι,
1626 2829 1722 2880 καὶ
1746 2829 1901 2882 οὐδὲν

324 2913 355 2966 δ
385 2929 439 2965 τι
486 2912 549 2966 οὐ
600 2912 898 2967 πλάττουσι
941 2913 1051 2965 τῶν
1085 2914 1320 2981 ἀτόπων,
1366 2916 1556 2989 ῶσπερ
1589 2917 1902 2989 ἐξεπίτηδες

316 3003 419 3073 τὴν
441 3003 763 3073 τελειότητα
814 3005 908 3056 καὶ
945 3003 1225 3075 ἁπλότητα
1273 3006 1372 3060 καὶ
1419 3007 1480 3059 τὸ
1524 3010 1778 3074 ’ἀνενδεές
1805 3012 1899 3065 τοῦ

317 3092 458 3147 Θεοῦ
502 3094 599 3147 καὶ
650 3094 750 3163 τὴν
803 3092 1062 3159 ἀπειρίαν
1111 3095 1205 3147 καὶ
1236 3095 1337 3166 τὴν
1374 3097 1648 3151 ἀπάθειαν
1701 3101 1796 3152 καὶ
1842 3101 1902 3152 τὸ

317 3183 740 3253 παντοδύναμον
776 3187 873 3236 καὶ
899 3184 1001 3256 τὴν
1036 3185 1301 3255 πρόνοιαν
1353 3188 1659 3251 ἐξελαύνειν
1714 3188 1899 3257 βουλό-

321 3293 499 3345 μενοι.
540 3276 617 3328 Δι’
670 3270 746 3330 ὢν
797 3278 876 3340 είς
927 3276 1155 3331 τοιαῦτα
1208 3279 1564 3333 κατασπῶσιν
1614 3281 1777 3351 αἴσχη
1807 3283 1900 3334 καὶ

318 3369 495 3436 πάθη,
518 3369 656 3422 πολύ
687 3370 965 3441 ἀπᾴδοντα
993 3370 1093 3437 τῆς
1126 3370 1409 3440 βελτίστης
1448 3373 1545 3426 καὶ
1568 3374 1900 3445 σεμνοτάτης

319 3462 705 3530 προσηγορίας
748 3480 807 3539 τε
851 3463 947 3514 καὶ
979 3461 1073 3514 τοῦ
1124 3462 1471 3532 πράγματος.
1510 3465 1702 3518 Καίτοι
1736 3484 1900 3536 χωρι-

327 3552 460 3613 στὰς
493 3552 591 3619 μὲν
635 3552 823 3614 οὐσίας
872 3553 1081 3605 τιθέναι
1129 3553 1285 3615 τινας
1320 3553 1541 3621 εῦλογόν
1587 3557 1702 3607 ἐστι
1734 3556 1897 3608 πάνυ’

319 3642 443 3696 ἀλλ’
460 3642 583 3712 οὐχὶ
621 3643 717 3695 καὶ
752 3644 862 3694 τῶν
887 3643 1057 3696 ὄντων
1084 3644 1459 3713 δημιουργοὺς
1483 3646 1661 3699 οὐδενὶ
1689 3647 1897 3716 τρόπῳ,

319 3730 448 3785 οὔτε
502 3732 985 3802 συμμεριζομένας
1041 3734 1140 3803 τὴν
1193 3734 1289 3787 τοῦ
1342 3735 1550 3799 παντὸς
1597 3738 1775 3806 ἀρχὴν
1822 3738 1902 3809 τῷ

322 3822 470 3892 Θεῷ,
513 3822 702 3892 ἀρκεῖν
751 3824 1091 3892 ἡγουμένους
1142 3826 1242 3893 τῆς
1298 3828 1525 3896 πρώτης
1577 3828 1759 3889 αἰτίας
1803 3828 1901 3898 τὴν

319 3913 557 3982 δύναμιν
593 3913 661 3966 δι’
691 3914 946 3983 ἀπειρίαν
977 3916 1115 3986 πρὸς
1150 3915 1329 3968 πάντα
1381 3917 1770 3985 ἐκτεινομένην
1802 3918 1902 3982 τὰς

324 4003 437 4056 τῶν
463 4004 632 4056 ὄντων
666 4004 860 4071 φύσεις
895 4006 1201 4074 παράγειν.
1238 4007 1348 4059 Καὶ
1378 4007 1745 4061 διακονεῖσθαι
1773 4010 1902 4079 μέν-

324 4119 411 4154 τοι
454 4101 550 4164 τὰς
592 4102 867 4171 χωριστὰς
920 4103 1109 4165 οὐσίας
1142 4103 1354 4165 ἐκείνας
1386 4106 1450 4174 τῇ
1484 4103 1578 4156 τοῦ
1608 4105 1744 4157 Θεοῦ
1775 4107 1903 4175 περὶ

320 4194 475 4262 ἡμᾶς
520 4193 748 4262 προνοίᾳ
805 4193 1137 4260 πιστεύομεν
1169 4234 1183 4260 ,
1215 4194 1331 4247 ἀλλ’
1362 4197 1458 4265 οὐχ
1508 4190 1619 4248 οἷον
1646 4196 1903 4266 Ἕλληνες

320 4283 589 4335 ἔπλαττον
615 4299 630 4313 ο
665 4283 761 4336 καὶ
792 4283 1057 4349 δαίμονας
1111 4283 1179 4336 αὖ
1215 4281 1350 4336 εἷναί
1376 4302 1526 4347 τινας
1570 4285 1904 4355 βλαπτικούς

319 4375 431 4428 ὑπὸ
457 4374 654 4442 φθόνου
690 4376 789 4427 καὶ
822 4377 1304 4445 ἐπιχαιρεκακίας,
1335 4376 1543 4447 πλάνης
1572 4379 1665 4431 καὶ
1693 4382 1902 4449 μυρίων

322 4465 517 4519 δεινῶν
547 4465 857 4536 ἀνθρώποις
888 4467 1203 4536 προξένους,
1230 4468 1341 4521 ὅσοι
1380 4469 1618 4537 μάλιστα
1679 4469 1745 4521 δι’
1776 4473 1905 4523 ἀνα.-
1938 4468 1981 4522 D
2014 4488 2151 4522 σεων
2202 4471 2498 4539 ἐκέχρηντο
2530 4468 2761 4536 ψεύδους
2788 4484 2802 4499 ·

322 4555 534 4625 γωγίαν
559 4556 875 4626 εὐχείρωτοί
906 4558 1010 4610 είσι
1041 4559 1162 4620 ταῖς
1192 4557 1251 4621 ἐξ
1286 4558 1511 4611 ἐκείνων
1538 4558 1857 4621 ἐπιϐουλαῖς
1878 4602 1893 4625 ,

321 4650 385 4701 οὐ
434 4648 712 4711 τοιούτους
750 4648 850 4718 τὴν
891 4650 1066 4718 ἀρχὴν
1114 4652 1210 4702 καὶ
1242 4651 1539 4717 γεγονότας
1607 4651 1711 4703 ὐπὸ
1740 4653 1895 4718 Θεοῦ,

323 4739 551 4792 ἀλλ’ὐπδ
579 4740 784 4809 τόλμης
819 4743 914 4792 καὶ
941 4740 1205 4802 αὐθαδίας
1232 4741 1326 4794 καὶ
1352 4744 1555 4811 χείρονι
1582 4745 1900 4814 προαιρέσει

325 4831 418 4883 ἐπὶ
442 4833 509 4884 τὰ
535 4831 761 4885 τοιαῦτα
783 4832 1207 4897 ἀποκλίναντας,
1239 4834 1332 4885 καὶ
1363 4834 1466 4886 ὑπὸ
1489 4834 1626 4888 Θεοῦ
1660 4837 1897 4902 ἐγκατα-

324 4922 689 4988 λειφθέντας,
724 4922 882 4992 ῖσμεν
939 4940 997 4975 τε
1061 4926 1157 4976 καὶ
1212 4925 1675 4997 ἀποστρεφόμεθα
1728 4929 1903 4992 οὕτως

327 5012 573 5081 ἔχοντας,
617 5016 714 5067 καλ⁸
753 5017 871 5077 ταῖς
905 5015 1012 5066 τῶν
1065 5016 1283 5083 ἀγαθῶν
1327 5019 1419 5071 τοῦ
1455 5018 1591 5071 Θεοῦ
1638 5020 1902 5073 διακόνων

326 5104 673 5167 ἐπιστασίαις
722 5106 957 5169 ἀπαθεῖς
992 5108 1404 5177 διατηρούμεθα
1433 5110 1526 5161 ἀπ’
1554 5111 1757 5164 αὐτῶν·
1788 5112 1902 5165 θεός·

327 5212 491 5263 τητος
547 5198 604 5247 δέ
659 5214 710 5249 τι
767 5198 951 5260 αὐτοῖς
1018 5202 1262 5267 μετεῖναι
1311 5199 1429 5263 πῶς
1477 5201 1541 5252 ἂν
1592 5205 1814 5271 φαῖμεν,
1855 5206 1903 5256 οἱ

332 5287 467 5355 μηδὲ
497 5289 611 5349 τοῖς
655 5288 886 5355 ἀγαθοῖς
918 5290 1078 5342 τούτο
1120 5290 1393 5358 διδόντες;
1440 5293 1550 5344 Καὶ
1600 5297 1908 5362 μακαρίους

332 5379 431 5448 μέν
461 5396 617 5442 τινας
659 5380 718 5446 ἐξ
774 5381 1080 5449 ἀνθρώπων
1132 5382 1379 5449 γίνεσθαι
1434 5385 1543 5436 τῶν
1596 5387 1908 5454 ἀναγκαίων

329 5472 498 5533 ἐστὶν,
551 5472 687 5524 ἀλλά
743 5473 1049 5541 μακαρίους
1083 5474 1428 5543 ἀνθρώπους.
1464 5476 1575 5530 Καὶ
1627 5477 1697 5529 δι’
1732 5478 1907 5532 ἄλλων

333 5559 433 5628 μὲν
488 5560 622 5614 ἄλλα
671 5561 1042 5631 κυϐερνᾶσθαι
1095 5563 1196 5616 τῶν
1230 5564 1420 5631 ὄντων,
1455 5565 1515 5617 τό
1564 5582 1629 5635 γε
1682 5569 1760 5631 είς
1806 5569 1906 5639 τὴν

405 5741 480 5806 (I)
516 5738 659 5796 Cave
688 5714 759 5794 τὺ
794 5754 894 5809 pro
934 5758 987 5795 τι
1023 5738 1129 5810 legi
1164 5739 1325 5795 velis.
1370 5741 1542 5798 ALax.

1994 1927 2052 1963 τε
2076 1911 2176 1980 τὴν
2214 1911 2388 1980 ἀρχὴν
2431 1911 2543 1973 τοῖς
2575 1911 2667 1963 ὐπ’
2698 1910 2866 1964 αὐτοῦ
2890 1915 3163 1980 γεγονόσι,
3191 1921 3286 1967 καὶ
3322 1914 3417 1969 νῦν
3443 1918 3568 1970 ἐπι-

1996 2001 2265 2066 τίθεσθαι,
2302 2003 2350 2055 εί
2376 2004 2455 2073 μὴ
2491 2002 2559 2056 δι’
2593 2004 2802 2059 ἔνδειαν
2853 2005 3033 2075 ίσχύος
3066 2008 3099 2078 ἢ
3132 2008 3314 2075 λόγου⁸
3354 2004 3428 2062 ῶν
3463 2009 3570 2079 ἄρα

1996 2100 2230 2152 καὶτῶν
2283 2099 2541 2152 τοιούτων
2582 2099 2733 2151 οὐδὲν
2774 2099 3034 2167 ἁρμόττει
3068 2098 3205 2168 Θεῷο
3237 2097 3362 2152 οὔτε
3411 2102 3572 2169 λόγον

1996 2190 2062 2243 ἂν
2122 2191 2235 2261 ἔχοι
2288 2190 2591 2260 δυνάμενον
2633 2192 2728 2243 καὶ
2758 2190 2938 2243 είδότα
2996 2193 3381 2261 καταφρονεῖν,
3418 2194 3572 2245 ἐλατ-

1998 2279 2216 2333 τοῦσθαί
2269 2297 2324 2333 τι
2373 2282 2439 2351 τῇ
2486 2279 2594 2332 τῶν
2629 2279 2873 2347 μερικῶν
2906 2278 3115 2332 τούτων
3166 2280 3261 2332 καὶ
3291 2280 3569 2333 ταπεινῶν

1998 2372 2225 2442 προνοίᾳ
2256 2372 2562 2441 νομίζοντα.
2603 2373 2667 2426 Εἰ
2702 2373 2811 2439 γὰρ
2852 2372 2977 2441 μηδ’
3029 2373 3085 2424 ἐν
3115 2372 3299 2433 αὐτοῖς
3329 2371 3572 2440 ἐνεργῶν

2000 2464 2152 2516 ἐσται
2183 2481 2234 2515 τι
2258 2463 2481 2533 χείρων,
2509 2466 2724 2534 ἐνεργεῖ
2779 2464 2832 2515 δὲ
2875 2464 3045 2528 δήπου
3073 2464 3251 2514 πάντα
3295 2465 3349 2513 ἐν
3378 2464 3577 2527 πᾶσιν,

2000 2553 2083 2607 ἆτ’
2133 2555 2193 2618 ἐξ
2249 2554 2415 2607 αὐτοῦ
2470 2558 2636 2607 πὶσιν
2689 2555 3052 2625 ἐπιρρεούσης
3089 2555 3304 2616 οἰκείως
3350 2554 3449 2621 τῆς
3477 2550 3579 2605 τοῦ

2000 2646 2260 2699 δύνασθαι
2294 2649 2432 2716 πρὸς
2464 2648 2523 2699 τὸ
2561 2647 2824 2716 πράττειν
2854 2646 3246 2714 προσαγωγῆς,
3296 2644 3459 2713 σχολῇ
3506 2659 3572 2710 γε

2001 2736 2098 2800 τὴν
2125 2736 2285 2799 ἀξίαν
2325 2735 2490 2788 αὐτοῦ
2523 2736 2843 2805 λυμανεῖται
2876 2735 2934 2786 τὸ
2982 2734 3078 2805 τῆς
3111 2734 3170 2786 ἐν
3203 2734 3386 2800 σφίσιν
3415 2734 3581 2786 εὐτα-

2004 2827 2119 2894 ξίας
2151 2826 2481 2897 φροντίζειν,
2526 2826 2664 2895 ὅπερ
2711 2826 2810 2894 οὐχ
2852 2820 3016 2896 ἧττόν
3064 2842 3128 2894 γε
3162 2824 3258 2877 τοῦ
3301 2812 3570 2894 προτέρου

2002 2920 2104 2988 τὴν
2130 2919 2531 2990 ὑπερκειμένην
2560 2919 2626 2972 ἂν
2656 2917 2828 2982 δείξαι
2862 2918 3112 2987 δύναμιν.

2076 3096 2264 3151 Ταῦτά
2294 3112 2350 3148 τε
2384 3095 2567 3148 τοίνυν
2606 3095 2785 3157 εἴποις
2816 3094 2884 3149 ἃν
2931 3097 3067 3165 πρὸς
3107 3098 3327 3164 αὐτοὺς,
3361 3099 3579 3167 ἀνδρῶνι

2000 3192 2213 3260 ἄριστε,
2264 3188 2357 3240 καὶ
2403 3187 2539 3241 ἄλλα
2595 3189 2729 3239 πολὺ
2779 3188 2877 3254 μὲν
2912 3190 3118 3239 τούτων
3153 3188 3370 3255 βελτίω,
3406 3189 3483 3258 τῷ
3517 3190 3574 3243 δὲ

2003 3278 2191 3348 σκοπῷ
2239 3278 2621 3347 παραπλήσια,
2654 3278 2873 3339 δεικνὺς
2904 3279 3102 3330 ὁπόσον
3130 3296 3182 3331 τι
3217 3280 3277 3331 τὸ
3311 3282 3574 3351 διάφορον

2000 3371 2098 3439 τῆς
2146 3368 2462 3438 Ἑλληνικῆς
2517 3369 2941 3437 δεισιδαιμονίας
2991 3373 3086 3422 καὶ
3142 3371 3241 3439 τῆς
3290 3372 3570 3442 ἡμετέρας

2002 3460 2300 3528 θεολογίας
2332 3461 2426 3512 καὶ
2459 3462 2594 3528 πρὸς
2646 3459 2883 3522 τούτοις,
2913 3459 2987 3521 ὼς
3028 3460 3150 3511 οὐδέ
3179 3461 3259 3512 δεῖ
3311 3462 3408 3529 τῆς
3442 3462 3574 3514 Ἐκ·

2001 3554 2233 3621 κλησίας
2265 3549 2490 3617 ἄγνοιάν
2522 3565 2647 3601 τινα
2678 3548 3120 3616 καταγινώσκειν
3149 3550 3344 3613 αὐτοὺς
3367 3590 3383 3617 ,
3416 3551 3466 3604 εί
3511 3554 3574 3605 τὸ

2012 3642 2328 3712 Ἑλληνικὴν
2359 3641 2578 3711 ἀξίωμα
2620 3640 2695 3709 μὴ
2752 3644 3088 3706 προσήκατο.
3138 3642 3304 3693 Ἀνευ
3335 3641 3443 3710 γάρ
3476 3642 3573 3694 τοῦ

2004 3735 2215 3806 μείζονι
2261 3733 2534 3802 ἀξιώματι
2572 3731 2911 3800 πειθομένην
2940 3731 3112 3798 αὐτὴν
3137 3733 3246 3784 δεῖν
3278 3732 3344 3785 ἂν
3377 3732 3572 3786 τούτου

2001 3844 2060 3880 τε
2113 3827 2209 3880 καὶ
2241 3824 2445 3886 παντὸς
2475 3823 2637 3877 άλλου
2677 3824 3066 3893 καταφρονεῖν,
3104 3822 3276 3876 πολλά
3314 3823 3575 3886 πολλάκις

2002 3922 2061 3972 ἐν
2108 3921 2221 3983 τοῖς
2279 3918 2423 3972 κατά
2475 3917 2585 3969 τῶν
2644 3917 2941 3985 αἱρετικῶν
2975 3915 3184 3983 ἀγῶσιν
3220 3915 3461 3985 ἐξεῦρεν,
3491 3910 3575 3978 οἷς

2002 4014 2102 4066 οὐκ
2143 4012 2359 4081 ἀνάγκη
2388 4010 2478 4064 διά
2506 4026 2569 4076 γε
2598 4009 2808 4078 ταύτην
2841 4014 2938 4076 τὴν
2978 4009 3242 4077 πρότασιν
3267 4008 3297 4077 ἢ
3334 4009 3425 4060 τὸν
3448 4008 3576 4061 Υίδν

2004 4106 2097 4158 τοῦ
2146 4104 2281 4157 Θεοῦ
2341 4104 2531 4174 ἐτέρας
2561 4103 2749 4165 οὐσίας
2781 4105 2933 4171 παρά
2962 4103 3054 4153 τὸν
3086 4102 3307 4172 Πατέρα
3339 4101 3573 4164 τιθέναι,

2007 4198 2039 4266 ἢ
2067 4199 2128 4250 τὸ
2164 4195 2387 4265 Πνεῦμα
2443 4196 2503 4247 τὸ
2542 4194 2696 4263 ἆγιον
2728 4213 2741 4226 ο
2774 4195 2974 4257 πάντες
3002 4196 3107 4262 γὰρ
3147 4194 3195 4245 οί
3224 4195 3281 4259 ἐξ
3330 4193 3570 4264 Ἀρείου,

2006 4288 2073 4340 τά
2113 4286 2381 4356 Ἑλλήνων
2420 4285 2593 4354 δήπου
2625 4287 3001 4354 νενοσηκότες,
3034 4290 3097 4353 τῇ
3133 4285 3358 4336 ἐκείνων
3400 4283 3579 4355 ταύτῃ

2009 4380 2273 4452 προτάσει
2324 4381 2465 4449 ἀρχῇ
2501 4395 2608 4430 τινι
2652 4375 2747 4432 τοῦ
2800 4378 2943 4430 κατά
2993 4377 3100 4428 τῶν
3140 4378 3297 4428 θείων
3335 4377 3574 4429 ὑποστά-

2855 4465 3091 4534 εὐροῦσα
3138 4467 3218 4527 δέ,
3278 4467 3372 4518 καὶ
3412 4468 3614 4534 πᾶσιν,

2008 4562 2178 4627 ἔδειξε
2229 4560 2484 4629 φανερῶς
2514 4598 2529 4622 ,
2563 4560 2658 4610 καὶ
2706 4558 2886 4626 ψῆφον
2926 4557 3184 4624 τοιαύτην
3216 4556 3433 4626 ἤνεγκε.
3466 4556 3577 4607 Kal

2010 4651 2140 4713 Θεὸς
2170 4650 2378 4703 ἀνωθεν
2428 4649 2729 4719 ἐμαρτύρει
2784 4650 2848 4718 τῇ
2879 4647 3064 4717 ψήφῳ,
3094 4646 3267 4700 πολλὰ
3305 4645 3578 4713 ἐκφαίνων

2014 4746 2216 4810 σημεῖα
2251 4741 2346 4795 τοῦ
2381 4740 2692 4808 θεοστυγεῖς
2722 4740 3009 4809 γεγονέναι
3044 4738 3169 4799 τοὺς
3198 4735 3318 4789 ἀντὶ
3359 4733 3453 4787 τοῦ
3480 4735 3580 4803 τῆς

2021 4835 2349 4903 Ἐκκλησίας
2398 4832 2711 4906 ἀξιώματος
2768 4834 2845 4901 τῷ
2907 4830 3207 4899 Ἑλληνικῷ
3260 4827 3579 4898 φιλονείκως

2015 4926 2487 4997 ίσχυριζομένους,
2539 4926 2634 4978 καὶ
2672 4927 2748 4995 μὴ
2797 4922 3203 4993 ἀφισταμένους
3239 4916 3405 4971 αὐτοῦ
3442 4918 3580 4979 μετά

2010 5016 2107 5087 τὴν
2141 5020 2237 5084 τῆς
2271 5018 2602 5086 Ἐκκλησίας
2652 5019 2710 5069 ἐν
2745 5020 2858 5078 τοῖς
2894 5015 3130 5084 βελτίοσί
3183 5031 3243 5065 τε
3293 5014 3386 5064 καὶ
3423 5013 3580 5081 ἀκριο

2012 5106 2291 5176 ϐεστέροις
2343 5108 2659 5177 ὁμολογίαν.
2701 5108 2772 5159 Τὸ
2815 5106 2918 5175 μὲν
2954 5106 3061 5174 γάρ
3106 5104 3174 5156 δι’
3217 5104 3351 5157 αὐτὸ
3378 5102 3435 5154 ὃν
3468 5104 3582 5155 δια-

2014 5200 2202 5269 φέρειν
2252 5201 2352 5268 μέν
2406 5216 2505 5250 που
2554 5199 2645 5251 τοῦ
2702 5200 2769 5250 δι’
2822 5201 2997 5252 ἐκεῖνό
3034 5216 3096 5266 γε
3143 5199 3335 5262 ὄντος,
3368 5196 3483 5251 ἀλλ’
3519 5201 3577 5249 οὐ

2009 5293 2182 5361 δήπου
2230 5291 2325 5342 καὶ
2361 5293 2522 5358 φύσει
2553 5290 2837 5361 διαφέρειν
2882 5294 3121 5360 ἀνάγκη.
3151 5287 3228 5342 Ἥ
3263 5294 3369 5359 γάρ
3401 5290 3464 5342 ἀν
3490 5292 3583 5341 καὶ

2012 5386 2067 5436 τὸ
2102 5385 2164 5435 ἐκ
2188 5401 2329 5444 τινος
2357 5384 2416 5435 ὃν
2446 5384 2593 5437 ἆπαν
2624 5383 2921 5454 διενηνόχει
2948 5382 3042 5435 τοῦ
3076 5382 3133 5447 ἐξ
3163 5377 3222 5435 οὗ
3252 5385 3370 5434 ἐστι
3403 5381 3584 5448 φύσει.

2011 5473 2167 5525 Ἐστι
2204 5472 2258 5524 δέ
2301 5491 2351 5526 τι
2380 5472 2454 5543 (1)
2502 5476 2592 5526 καὶ
2616 5474 2709 5543 διξ
2733 5473 2941 5544 ἕτερον,
2980 5474 3141 5541 φύσει
3174 5470 3367 5523 ταυτὸν
3413 5468 3490 5537 τῷ
3516 5466 3589 5521 δι’

2007 5567 2033 5619 ὃ
2072 5568 2240 5619 ἐστιν.
2285 5566 2344 5618 ὐ
2378 5566 2486 5638 γὰρ
2519 5567 2723 5636 Πέτρος
2752 5568 2839 5619 διὰ
2874 5568 2960 5619 τὶν
3003 5566 3283 5618 Ζεϐεδαῖον
3308 5563 3404 5632 μὲν
3440 5560 3585 5631 ἐστι,
