4118 6280
581 352 686 414 615

1681 325 2064 390 GENNADII
2108 323 2218 386 CP.
2256 319 2778 382 PATRIARCIUE

3714 305 3818 366 616

583 462 742 529 φύσει
769 457 822 508 δέ
854 455 912 507 οὐ
946 449 1338 519 διενηνόχατον.
1375 444 1438 497 El
1471 444 1514 496 δ’
1545 443 1572 496 ὁ
1605 441 1887 501 Ζεϐεδαῖος
1937 438 2004 490 δι’
2032 436 2148 488 Ete—
2175 436 2226 496 Δ
2252 436 2402 506 αὐτῷ
2431 437 2610 506 νόημα
2640 435 2734 486 καὶ
2765 432 2935 497 Λόγος
3057 422 3151 478 τοῦ
3188 420 3347 488 Θεοῦ,
3383 420 3477 473 καὶ
3510 417 3678 472 εἰκὼν
3722 419 3821 472 αὖ-

587 527 677 618 ρόν
697 552 811 599 ἐστι
841 543 936 596 καὶ
959 541 1140 604 αὐτὸς,
1181 536 1317 608 πρός
1347 552 1411 603 γε
1443 534 1536 588 τὸν
1574 533 1736 600 λόγον
1764 531 1825 582 οὐ
1857 527 2144 596 διαφέρει·

579 613 640 690 οὐ
671 637 779 704 γὰρ
879 631 945 684 δι’
985 630 1170 697 ἔτερόν
1200 628 1348 679 ἐστιν
1377 625 1406 677 ό
1434 621 1736 683 Ζεϐεδαίος,
1768 618 1944 687 ταύτῃ
1990 633 2054 684 γε
2091 613 2150 680 ἐξ

579 728 744 781 αὐτοῦ
778 725 982 792 Πέτρος
1009 720 1154 772 ἐστίν
1176 734 1188 749 ·
1229 718 1344 785 ἆμα
1367 732 1426 767 τε
1456 716 1566 783 γὰρ
1593 714 1659 765 ἂν
1681 706 1748 780 ἦν
1781 709 2062 768 Ζεϐεδαῖος
2090 707 2152 756 ἐκ

580 817 674 871 τοῦ
705 814 872 868 αὐτοῦ
906 812 1136 880 πατρὸς,
1172 808 1266 860 καὶ
1298 808 1503 875 Πέτρος
1551 805 1613 855 ἐκ
1659 799 1964 854 Ζεϐεδαίου.
2009 795 2151 849 Ἀλλ’

583 904 940 964 ὐποτεθέντος
975 899 1070 950 καὶ
1101 897 1174 966 μή
1201 895 1330 964 παρ’
1353 893 1513 948 ἀλλου
1543 887 1684 944 εἶναι
1715 890 1805 943 τὸν
1840 888 2150 950 Ζεϐεδαῖον,

586 1001 636 1050 εί
669 997 903 1064 προάγοι
936 993 1142 1060 Πέτρον
1182 988 1255 1050 ὡς
1287 987 1380 1039 νῦν
1412 989 1476 1055 τῇ
1509 983 1671 1037 αὐτοῦ
1705 981 1891 1050 φύσει,
1920 979 2012 1030 τὸν
2058 977 2154 1030 αὐ-

527 1077 538 1154 !
587 1092 677 1143 τὸν
710 1091 775 1142 ἂν
804 1090 867 1156 τῇ
900 1083 1066 1138 αὐτοῦ
1100 1083 1261 1150 φύσει
1284 1080 1615 1148 προενέγκαι
1646 1077 1856 1128 τοῦτον.
1889 1072 2000 1124 Οὐκ
2029 1070 2155 1123 ἁδύ-

588 1198 746 1241 νατος
795 1178 838 1232 δ’
871 1179 902 1246 ή
939 1173 1271 1240 ὑπόθεσις·ή
1303 1174 1409 1240 γάρ
1461 1169 1582 1238 ἱερά
1639 1163 1957 1218 διδασκαλία
2004 1161 2155 1230 πρῶ·

584 1274 676 1326 τόν
708 1287 827 1323 τινα
866 1268 1151 1336 ἄνθρωπον
1200 1262 1485 1330 γεγονέναι
1536 1257 1804 1326 βούλεται.
1846 1257 1907 1308 Εἰ
1964 1255 2019 1308 δὲ
2053 1254 2158 1306 κά·

587 1368 761 1424 κεῖνος
790 1363 876 1415 διὰ
908 1361 1000 1413 τὸν
1030 1359 1184 1419 Θεὸν,
1212 1357 1312 1407 οὐκ
1354 1351 1587 1404 ἐνταῦθα
1631 1350 1711 1402 δεῖ
1737 1348 1894 1401 τοῦτό
1925 1363 1987 1414 γε
2038 1361 2160 1397 σκο-

588 1459 732 1508 πεῖν·
776 1455 838 1506 οὐ
874 1455 982 1519 γὰρ
1015 1447 1262 1517 ὁμοειδὴς
1313 1447 1344 1509 ἡ
1399 1443 1569 1496 αίτία.
1622 1441 1746 1492 Ἐπὶ
1793 1440 1847 1491 δέ
1895 1436 1988 1489 τοῦ
2021 1436 2158 1488 Θεοῦ

589 1547 686 1598 καὶ
711 1545 1060 1598 παντάπασιν
1091 1538 1294 1605 ἀληθής
1319 1535 1457 1595 ἐστι,
1490 1531 1559 1583 δι’
1584 1531 1734 1583 οὐδὲν
1762 1529 1949 1597 ἓτερον
1981 1527 2158 1589 ὄντος,

591 1637 730 1690 ἀλλά
766 1636 905 1687 πάνυ
934 1633 999 1683 δι’
1043 1627 1258 1681 ἑαυτόν.
1290 1626 1351 1676 El
1375 1623 1504 1691 γοῦν
1539 1621 1692 1674 οὐδέν
1728 1637 1780 1672 τι
1811 1617 2012 1670 κωλύει
2040 1615 2162 1668 ἀτο-

567 1761 570 1764 ~
597 1728 698 1796 μόν
724 1745 776 1779 τι
827 1725 884 1789 ἐξ
918 1723 1103 1791 ἐτέρου
1136 1717 1509 1786 γεγενημένον
1539 1714 1633 1766 καὶ
1669 1712 1799 1764 αὐτὸ
1830 1709 1956 1763 ἀλλο
1988 1725 2157 1778 προα-

594 1822 785 1889 γαγεῖν
828 1815 968 1869 κατὰ
1020 1814 1078 1864 τὸ
1122 1812 1218 1878 τῆς
1268 1808 1482 1877 φύσεως
1523 1801 1704 1867 εἶδος,
1756 1800 1807 1852 τί
1843 1798 2042 1852 κωλύει
2067 1798 2157 1850 τὸν

593 1913 726 1964 Θεὸν
768 1911 861 1962 καὶ
889 1907 1034 1974 ἡμᾶς
1081 1902 1289 1955 οἴεσθαι
1324 1897 1524 1968 ἄτομόν
1577 1913 1631 1948 τι
1710 1892 2055 1963 προαγαγεῖν
2102 1889 2160 1954 ἐξ

594 2002 791 2055 ἐαυτοῦ
832 1999 906 2067 τῷ
963 1997 1095 2048 εἴδει
1145 1994 1244 2061 τῆς
1296 1991 1546 2059 φύσεως;
1606 1987 1666 2040 EE
1721 1987 1830 2054 γὰρ
1886 1983 2018 2052 μηδέ
2070 1981 2164 2032 τὸν

597 2093 876 2149 Ζεΰεδαῖον
911 2088 974 2139 ἂν
1001 2085 1299 2145 ἐκώλυσεν,
1322 2081 1482 2150 εἴπερ
1522 2074 1630 2132 οἷόν
1659 2079 1706 2129 τ’
1723 2072 1790 2147 ἦν
1823 2075 1984 2128 αὐτὸν
2015 2071 2165 2142 πρῶ-

595 2202 686 2237 τον
735 2182 1028 2246 ἄνθρωπον
1078 2176 1384 2243 γεγονέναι,
1420 2171 1512 2224 τὸν
1568 2168 1775 2238 Πέτρον
1823 2163 2166 2233 προαγαγεῖν

596 2275 742 2328 τοῦτ’
777 2272 906 2326 αὐτὸ
940 2270 1000 2322 τὸ
1031 2270 1096 2319 ἐκ
1141 2263 1369 2335 μηδενὸς
1400 2259 1754 2328 γεγενῆσθαι,
1786 2257 1891 2318 ἓως
1923 2251 2166 2314 τοιοῦτός

597 2382 664 2432 γε
700 2361 767 2434 ἦν
813 2361 908 2413 καὶ
949 2356 1178 2410 τοιαῦτα
1228 2354 1482 2420 ἠδύνατο,
1516 2349 1631 2410 πῶς
1663 2349 1727 2401 ἂν
1750 2348 1810 2399 τὸ
1837 2347 1900 2398 ἐκ
1941 2341 2168 2414 μηδενὸς

598 2453 738 2510 εἶναι
788 2451 1053 2506 κωλύσειε
1099 2448 1191 2498 τὸν
1247 2443 1381 2496 Θεὸν
1425 2442 1692 2512 προάγειν
1746 2455 1799 2491 τι
1840 2436 1897 2502 ἐξ
1945 2433 2165 2500 ἐαυτοῦ,

597 2549 701 2608 ἕως
737 2546 801 2598 ἂν
839 2544 872 2613 ᾖ
921 2539 1350 2605 παντοδύναμος,
1386 2534 1479 2587 καὶ
1508 2532 1668 2601 φύσει
1696 2548 1755 2584 τε
1785 2529 1879 2581 καὶ
1917 2527 2168 2597 βουλήσει

597 2634 926 2694 τελεώτατός
978 2648 1037 2682 τε
1086 2629 1181 2681 καὶ
1217 2628 1479 2697 ἄριστος;
1515 2623 1613 2691 Εῖη
1650 2622 1746 2691 μὲν
1768 2619 1861 2673 οὖν
1889 2619 1984 2671 καὶ
2013 2615 2168 2668 τοῦτο

599 2728 693 2781 τοῦ
727 2729 905 2778 πάντα
934 2720 1196 2774 δύνασθαι
1227 2719 1318 2770 τὸν
1356 2715 1507 2781 Θεὸν,
1540 2715 1598 2767 τὸ
1621 2711 1883 2764 δύνασθαι
1907 2707 2168 2776 γεννῆσαι

515 2834 518 2835 ⁷
601 2817 782 2883 ἑαυτῷ
811 2817 929 2868 ἴσον
957 2812 1113 2863 Υἱόν·
1143 2809 1237 2860 καὶ
1260 2806 1562 2874 ἀδυναμίας
1587 2805 1653 2858 ἂν
1682 2799 1749 2873 ἦν
1781 2800 1848 2853 αὖ
1883 2801 1942 2852 τὸ
1974 2797 2048 2868 μὴ
2080 2796 2170 2848 δύ-

603 2904 820 2959 νασθαι.
875 2901 1062 2962 Οὕτως
1116 2897 1209 2950 οῦν
1258 2896 1370 2948 οὐτ’
1403 2895 1614 2961 ἀνάγκη
1667 2895 1729 2944 τὸ
1769 2891 1837 2943 δι’
1875 2889 2066 2958 ἕτερον
2110 2885 2168 2940 ὃν

603 2999 750 3053 ἆπαν
775 2993 865 3046 τοῦ
909 2991 975 3044 δι’
1009 2992 1036 3042 ὃ
1069 2991 1187 3040 ἐστι
1223 2987 1382 3055 φύσει
1413 2982 1834 3052 διακεκρίσθαι,
1873 2981 1934 3032 οὐ
1970 2977 2172 3048 μᾶλλον

603 3089 638 3158 ἢ
671 3086 883 3152 ἀνάγκη
923 3081 1091 3150 μηδέν
1127 3096 1179 3130 τι
1215 3073 1352 3129 εἶναι
1394 3071 1639 3127 ὁπωσοῦν
1689 3073 1748 3123 ἐκ
1796 3070 1889 3124 τοῦ
1925 3070 2172 3141 μηδαμό-

606 3178 697 3228 θεν
729 3175 878 3234 δντος
917 3171 1037 3241 μηδ’
1067 3167 1341 3231 ὁπωσοῦν,
1384 3165 1495 3218 οὔτ’
1523 3164 1738 3231 ἀνάγκη
1767 3162 1860 3216 τὸν
1909 3162 2038 3215 Υίὸν
2075 3160 2168 3214 τοῦ

605 3267 741 3320 Θεοῦ
784 3265 969 3332 ἕτερον
1002 3257 1144 3314 εἶναι
1184 3260 1279 3314 τοῦ
1313 3256 1705 3325 γεγεννηκότος
1737 3257 1801 3324 τῇ
1832 3253 2014 3321 φύσει,
2047 3248 2080 3326 ᾖ
2110 3252 2173 3322 δὴ

606 3358 885 3412 ἐϐούλοντο
914 3357 960 3408 οἱ
995 3355 1125 3422 περὶ
1157 3353 1247 3404 τὸν
1287 3352 1528 3419 Ἀρειον,
1575 3349 1665 3402 καὶ
1719 3349 1768 3399 εί
1814 3346 1888 3416 μὴ
1932 3345 2190 3407 τοιοῦτος’

611 3453 721 3520 εἴη,
757 3449 878 3518 μηδ’
909 3447 974 3499 ἂν
1003 3446 1163 3497 αὐτὸν
1209 3443 1347 3495 εῖναι
1394 3441 1530 3502 ὅλως
1583 3443 1645 3491 ἐκ
1690 3438 1783 3491 τοῦ
1824 3437 1982 3500 Θεοῦ,
2012 3437 2086 3500 ὡς
2115 3437 2174 3489 τὸ

624 3540 937 3610 Ἑλληνικὸν
995 3538 1086 3590 καὶ
1147 3534 1372 3587 ἐκείνων
1423 3531 1675 3585 ἀπαιτεῖν
1713 3529 1887 3580 ἐδόκει
1932 3527 2172 3595 ἀξίωμα.

612 3633 789 3693 Ὀλως
816 3631 896 3690 δὲ,
926 3629 974 3680 εί
1013 3626 1112 3696 μέν
1157 3627 1216 3677 τὸ
1245 3624 1309 3676 ἐκ
1354 3622 1602 3692 μηδενὸς,
1637 3617 1755 3672 ἀλλ’
1782 3616 2080 3685 ἀγέννητόν
2113 3633 2173 3667 τε

607 3725 704 3778 καὶ
738 3723 980 3776 ἀναίτιον
1011 3719 1092 3780 δν,
1124 3716 1255 3770 αὐτὸ
1291 3717 1453 3784 μόνον
1480 3713 1587 3764 ἔδει
1620 3705 1780 3774 εἶναι,
1817 3710 1914 3762 καὶ
1944 3709 2019 3772 ὡς
2047 3705 2178 3760 αὐτὸ

610 3813 686 3883 μή
739 3811 886 3864 ἐστιν
932 3810 995 3863 ἐκ
1040 3825 1185 3871 τινος
1227 3806 1407 3859 οὐδενὶ
1466 3804 1678 3872 τρόπῳ,
1721 3801 1828 3854 οὐδ’
1867 3800 1994 3853 ἄλλο
2032 3817 2084 3851 τι
2120 3799 2178 3862 ἐξ

610 3902 777 3958 αὐτοῦ
807 3901 996 3970 τρόπῳ
1031 3897 1222 3968 μηδενὶ
1254 3893 1710 3964 προεληλυθέναι,
1744 3891 1856 3944 οὐδ’
1889 3891 1936 3943 οί
1966 3889 2176 3960 ψευδώ-

609 4011 774 4062 νυμοι
805 3993 1006 4044 ἐκεῖνοι
1032 3988 1147 4042 θεοὶ
1175 3986 1270 4039 καὶ
1299 3985 1434 4037 Θεοῦ
1461 3985 1670 4047 παῖδες,
1695 3983 1804 4035 οὐδ’
1837 3982 1962 4036 ἄλλο
1988 3998 2041 4034 τι
2069 3980 2177 4032 τῶν

611 4083 782 4135 ὄντων
833 4078 1030 4148 ἐγίνετ’
1088 4078 1154 4130 ἂν
1212 4073 1274 4138 ἐξ
1338 4074 1528 4129 αὐτοῦ.
1584 4074 1647 4126 El
1702 4073 1758 4126 δὲ
1801 4071 1959 4124 τοῦτό
1990 4088 2050 4140 γε
2078 4071 2179 4124 οὐκ

611 4174 850 4241 ἀνάγκη,
901 4167 1074 4222 πολλὰ
1106 4167 1215 4236 γὰρ
1267 4164 1372 4217 ὐπὸ
1420 4163 1515 4217 τοῦ
1576 4164 1874 4233 ἀγεννήτου
1924 4161 2177 4232 παρήχθη

611 4265 708 4318 καὶ
761 4264 987 4331 γέγονεν
1025 4256 1297 4322 ὁπωσοῦν,
1351 4256 1433 4320 τίς
1489 4256 1521 4325 ή
1553 4255 1765 4323 ἀνάγκη
1799 4254 1859 4306 τὸ
1889 4254 2180 4323 ἀγέννητον

2247 529 2342 583 τοῦ
2373 529 2634 596 ἔμφυτος.
2675 524 2813 580 Οὐδέ
2852 522 2920 574 τά
2977 520 3075 590 μέν
3109 517 3274 586 ἕτερα
3305 513 3396 567 τοῦ
3430 511 3594 574 Θεοῦ,
3626 511 3716 564 διὰ
3762 511 3824 563 τὸ

2251 621 2416 674 αὐτὸν
2457 620 2520 670 ἐκ
2554 615 2781 686 μηδενὸς
2810 606 2974 672 εῖναι,
3010 608 3070 673 ἐξ
3101 605 3268 660 αὐτοῦ
3305 605 3479 668 ἔσται,
3513 605 3541 655 ό
3571 603 3629 654 δέ
3654 604 3826 670 Λόγος

2252 710 2418 765 αὐτοῦ
2449 709 2535 760 διὰ
2579 705 2726 758 τοῦτ’
2757 703 2889 757 αὐτὸ
2920 698 2986 755 αὖ
3021 701 3120 752 οὐκ
3166 698 3340 760 ἔσται,
3374 697 3470 750 καὶ
3514 695 3575 746 τὸ
3607 695 3828 761 Πνεῦμα

2252 803 2312 857 τὸ
2367 800 2542 866 ἅγιον.
2580 799 2725 860 Ἕως
2765 798 2810 849 δ’
2838 796 2903 848 ἂν
2951 790 3180 861 οὐδεμία
3230 791 3443 857 ἀνάγκη
3493 783 3528 860 ᾖ
3574 785 3666 838 τὸν
3699 785 3828 837 Θεὸν

2253 897 2446 964 ἄγονον
2493 890 2633 946 εἶναι
2679 891 2765 944 διὰ
2811 887 2870 941 τὸ
2912 883 3054 941 εἶναι
3105 883 3422 950 ἀγέννητον,
3463 879 3496 948 ἢ
3555 878 3726 946 μηδὲν
3778 893 3830 928 τι

2256 983 2395 1041 εἶναι
2426 984 2496 1037 δι’
2531 983 2693 1036 αὐτὸν
2741 981 2830 1033 διὰ
2860 978 2920 1031 τὸ
2953 976 3115 1031 αὐτὸν
3146 969 3286 1026 εἶναι
3312 971 3379 1024 δι’
3410 968 3628 1032 ἐαυτὸν,
3680 967 3830 1019 οὐδε-

2260 1079 2388 1149 μίαν
2418 1077 2568 1145 ἰσχὺν
2601 1076 2633 1144 ή
2665 1071 2774 1126 τῶν
2817 1069 3090 1137 Ἐλλήνων
3115 1065 3210 1119 καὶ
3237 1063 3344 1118 τῶν
3387 1058 3688 1130 ’Δρειανῶν
3715 1057 3829 1121 ἕξει

2258 1148 2541 1238 πρότασις·
2579 1163 2697 1219 ἀλλ’
2736 1163 2889 1215 ἔσται
2927 1160 3027 1230 μὲν
3052 1157 3112 1210 τὸ
3149 1155 3216 1208 δι’
3256 1154 3390 1207 αὐτὸ
3419 1151 3503 1215 δν,
3543 1151 3639 1202 καὶ
3671 1148 3730 1201 τὸ
3761 1148 3829 1200 δι’

2258 1264 2466 1330 ἓτερον,
2497 1261 2556 1312 οὐ
2591 1257 2784 1311 ταυτόν
2818 1269 2957 1315 πως·
2998 1250 3259 1304 διοίσουσι
3307 1247 3362 1299 δέ
3405 1244 3466 1296 οὐ
3497 1246 3562 1313 τῇ
3595 1240 3733 1309 αὐτῇ
3763 1253 3824 1307 γε

2262 1329 2479 1416 πάντως
2508 1331 2764 1419 διαφορᾷ,
2806 1346 2920 1400 ἀλλ’
2957 1340 3178 1413 ἀριθμῷ
3213 1338 3330 1408 μὲν,
3373 1336 3466 1389 ἐάν
3515 1351 3567 1386 τι
3619 1331 3708 1384 διά

2261 1444 2424 1500 αὐτοῦ
2450 1415 2684 1512 φύσιν⁷
2706 1415 2764 1502 ἐξ
2791 1436 2979 1497 αὐτοῦ,
3011 1433 3105 1484 καὶ
3133 1429 3262 1482 εῖδει
3307 1425 3364 1478 δέ
3391 1423 3486 1476 καὶ
3517 1419 3697 1488 οὐσίᾳ,
3733 1415 3823 1468 ἐὰν

2262 1536 2348 1590 διὰ
2374 1537 2472 1602 τὴν
2500 1511 2772 1602 βούλησιν.
2804 1525 2913 1580 Καὶ
2945 1524 3227 1590 δυνάμεων
3253 1516 3484 1584 διαφορὰ
3513 1511 3613 1580 οὐχ
3651 1511 3685 1578 ή
3731 1524 3825 1575 με·

2264 1600 2656 1693 γίστη-όμοίως
2687 1622 2743 1670 ἐν
2774 1617 2997 1676 ἆπασιν,
3050 1610 3164 1663 ἀλλ’
3206 1609 3271 1660 ἂν
3307 1605 3402 1675 μέν
3433 1621 3485 1655 τι
3533 1600 3825 1668 ἀγέννητον

2267 1685 2348 1778 δν,
2379 1685 2472 1766 καὶ
2490 1685 2658 1780 ’φύσει
2691 1709 2754 1778 δὴ
2778 1708 2871 1758 καὶ
2901 1701 3153 1773 βουλήσει
3180 1695 3402 1766 άριστόν
3429 1710 3490 1761 γε
3519 1691 3615 1744 καὶ
3640 1685 3832 1740 τελεώ-

2258 1823 2445 1869 τατον,
2481 1801 2864 1874 δημιουργὴση
2911 1797 3142 1866 θελῆσαν
3188 1792 3262 1854 ὡς
3316 1789 3384 1841 τά
3430 1787 3596 1856 τέχνῃ
3647 1780 3832 1833 ποιού-

2266 1915 2424 1966 μενα,
2461 1871 2556 1948 καλ
2595 1892 2823 1960 δυνάμει
2870 1889 2935 1958 δὴ
2975 1885 3211 1956 μάλιστά
3252 1898 3317 1949 γε
3369 1878 3562 1932 διοίσει
3597 1874 3707 1927 τῶν
3739 1871 3831 1924 ὑπ’

2267 1985 2432 2042 αὐτοῦ
2463 1983 2764 2053 γεγονότων
2792 1982 2859 2049 τῇ
2890 1981 3118 2046 φυσικῇ·
3153 1972 3353 2044 μᾶλλον
3383 1969 3427 2022 δ’
3450 1967 3589 2022 αὐτά
3617 1964 3831 2018 ἐκείνου

2266 2078 2548 2134 διοίσουσι·
2583 2073 2785 2141 φυσικῇ
2817 2070 2873 2122 δέ
2899 2066 3108 2138 προόδῳ
3129 2064 3189 2127 ἐξ
3215 2059 3379 2116 αὐτοῦ
3409 2075 3572 2110 τι·.ων
3603 2055 3836 2124 προελη-

2267 2166 2524 2229 λυθότων,
2562 2162 2640 2231 τῷ
2672 2161 2954 2229 ἀγεννήτῳ
3006 2155 3166 2225 μόνον
3204 2153 3296 2206 καὶ
3342 2149 3418 2218 τῷ
3451 2149 3509 2213 ἐξ
3537 2146 3835 2215 ἀγεννήτου

2269 2252 2412 2310 εῖναι
2442 2255 2536 2306 καὶ
2579 2253 2713 2313 ὅλως
2760 2253 2826 2320 τῇ
2856 2247 2976 2302 κατ’
3019 2244 3253 2316 ἀριθμὸν
3291 2241 3524 2308 διαφορᾷ
3563 2237 3836 2307 χωρισθήο

2271 2363 2477 2409 σονται,
2503 2347 2601 2414 τῆς
2637 2343 2851 2411 φύσεως
2883 2341 2979 2408 τῆς
3009 2337 3178 2404 αὐτῆς
3231 2331 3402 2399 οῦσης
3429 2331 3706 2393 καθάπαξ·
3743 2328 3836 2379 καὶ

2273 2438 2415 2493 οὕτω
2449 2436 2649 2506 μᾶλλον
2677 2437 2775 2500 τῆς
2809 2431 2980 2497 αὐτῆς
3021 2429 3052 2498 ἢ
3095 2429 3152 2482 ἐν
3191 2424 3459 2494 Ζεϐεδαίῳ
3491 2424 3587 2477 καὶ
3624 2422 3836 2490 Πέτρῳ,

2269 2533 2380 2602 ὅσῳ
2424 2531 2537 2583 ἐκεῖ
2575 2527 2672 2598 μὲν
2708 2526 2796 2579 διά
2848 2523 2947 2593 τὴν
2992 2521 3125 2590 ὓλην
3171 2517 3392 2590 ἀριθμῷ
3441 2516 3736 2586 διενηνόχει
3778 2515 3839 2565 τὸ

2271 2619 2408 2684 εἶδος
2437 2621 2532 2688 τῆς
2577 2619 2791 2688 φύσεως
2844 2616 2901 2667 ἐν
2945 2613 3182 2681 ἀμφοῖν·
3214 2607 3450 2663 ἐνταῦθα
3498 2607 3554 2660 δὲ
3599 2606 3688 2660 διά
3738 2605 3838 2676 τὴν

2271 2714 2464 2768 ἀῦλίαν
2498 2727 2558 2763 τε
2591 2710 2685 2761 καὶ
2719 2706 2815 2776 τὴν
2866 2703 3146 2772 ἀπειρίαν,
3191 2699 3409 2770 ἀριθμῷ
3462 2698 3560 2766 μία
3586 2699 3620 2766 ή
3655 2695 3837 2764 φύσις,

2274 2804 2469 2858 ταυτὸν
2497 2801 2541 2853 δ’
2574 2800 2747 2853 εἰπεῖν
2771 2801 2804 2867 ή
2840 2798 3052 2865 θεότης,
3081 2795 3136 2847 ἐν
3162 2809 3220 2846 τε
3249 2792 3326 2861 τῷ
3351 2791 3419 2844 δι’
3449 2789 3580 2844 αὐτὸ
3609 2789 3723 2842 ὄντι
3746 2788 3841 2841 κιὶ

2273 2894 2384 2954 τοῖς
2419 2891 2477 2956 ἐξ
2513 2888 2679 2943 αὐτοῦ
2715 2887 2842 2958 τῇδε
2877 2884 3248 2956 προηγμένοις
3276 2881 3521 2950 πέφυκεν
3549 2877 3710 2932 οὐσα.
3736 2878 3842 2930 Καὶ

2277 2984 2333 3036 εῐ
2357 2999 2419 3051 γε
2446 2983 2527 3035 δεῖ
2555 2980 2758 3052 μᾶλλον
2787 2978 3124 3047 ἐξακριϐοῦν,
3152 2976 3338 3038 ἁπλῶς
3371 2975 3470 3044 μὲν
3509 2975 3624 3027 ἐστι
3651 2974 3718 3027 δι’
3747 2972 3843 3024 αὐ-

2202 3038 2245 3098 c
2276 3038 2418 3127 1bv'6
2445 3038 2596 3138 Θεὸς,
2628 3072 2726 3126 καὶ
2765 3038 2843 3123 δι’.
2862 3038 3012 3122 οὐδὲν
3044 3038 3192 3122 ἄλλο·
3240 3067 3301 3120 οῦ
3355 3038 3420 3136 δὴ
3455 3067 3488 3135 ἡ
3522 3066 3702 3129 κτίσις
3747 3081 3841 3134 με·

2274 3168 2440 3236 γίστῃ
2469 3163 2754 3232 δυνάμεων
2806 3161 2999 3230 ἐκρίθη
3049 3159 3300 3228 διαφορᾷ,
3352 3157 3428 3220 ὡς
3483 3158 3638 3210 αὐτοί
3684 3173 3838 3226 φασι,

2273 3260 2342 3312 δι’
2378 3257 2506 3311 ἄλλο
2550 3253 2808 3324 γεγονυῖά
2853 3269 2912 3305 τε
2945 3252 3041 3304 καὶ
3068 3247 3226 3316 οὖσα,
3265 3249 3504 3320 δηλονότι
3549 3250 3640 3302 διὰ
3684 3251 3840 3306 Θεόν.

2286 3351 2345 3405 Ὀ
2371 3348 2428 3405 ’δέ
2453 3350 2598 3412 θεῖος
2631 3348 2808 3414 Λόγος
2835 3345 2896 3397 οὐ
2927 3342 2991 3397 δι’
3021 3342 3149 3397 ἄλλο
3167 3344 3335 3410 ἐστὶν,
3368 3341 3492 3395 οὐτε
3515 3342 3575 3394 τὸ
3594 3343 3838 3410 Πνεῦμα,

2275 3445 2399 3498 οὐτε
2451 3444 2528 3513 τῷ
2578 3443 2645 3496 δι’
2694 3442 2822 3495 ἄλλο
2873 3441 2967 3494 καὶ
3019 3437 3096 3508 τῷ
3142 3438 3209 3491 δι’
3251 3436 3552 3504 αὑτὸζαύτά
3585 3453 3645 3488 τε
3693 3439 3784 3488 καὶ
3814 3436 3841 3485 ὁ

2279 3531 2610 3604 προαγαγὼν
2639 3527 2770 3594 Θεὸς
2820 3529 3116 3598 διενήνοχε·
3147 3528 3263 3590 πῶς
3291 3527 3400 3596 γάρ
3430 3527 3498 3578 τά
3532 3526 3629 3595 τήν
3675 3525 3842 3592 αὐτὴν

2277 3624 2497 3696 ἀριθμῷ
2526 3622 2690 3693 φύσιν
2739 3620 2968 3691 ἔχοντα;
3017 3617 3154 3672 ἀλλά
3207 3617 3285 3686 τῷ
3332 3617 3401 3670 δι’
3446 3616 3609 3668 αὐτὸν
3645 3615 3843 3684 μᾶλλον

2277 3717 2374 3768 καὶ
2397 3716 2474 3782 τῷ
2510 3714 2580 3767 δι’
2612 3713 2823 3780 ἕτερον,
2858 3711 2932 3771 ὼς
2965 3709 3030 3762 ἂν
3066 3711 3100 3779 ή
3128 3707 3366 3776 διαφορά
3402 3707 3537 3775 πρὸς
3584 3705 3683 3768 τὰς
3717 3707 3844 3758 ὐπο·

2281 3807 2496 3869 στάσεις
2531 3805 2724 3870 αὐτάς,
2761 3803 2836 3872 μὴ
2887 3801 3020 3872 πρὸς
3067 3801 3163 3870 τὴν
3202 3799 3364 3867 φύσιν
3395 3799 3728 3867 ἀνιέναι,τῳ
3755 3796 3841 3850 δό-

2281 3899 2443 3962 ξειεν.
2491 3896 2580 3948 Ἐν
2611 3887 2691 3956 οἷς
2724 3893 2778 3945 δέ
2812 3895 2958 3944 ἐστιν
3002 3893 3036 3961 ή
3087 3889 3228 3943 κατά
3262 3887 3425 3957 φύσιν
3473 3888 3661 3956 ἑνότης
3705 3888 3842 3940 οὓτω

2278 3987 2564 4057 λαμπρῶς,
2605 3985 2666 4037 τὸ
2691 3982 2760 4036 δι’
2797 3983 2958 4035 αὐτόν
2991 3999 3050 4033 τε
3085 3977 3226 4034 εἶναι
3275 3981 3368 4032 καὶ
3397 3979 3468 4033 δι’
3494 3980 3708 4040 ἐκεῖνον
3752 3979 3842 4031 οὐ-

2279 4078 2469 4147 δεμίαν
2499 4075 2760 4144 διαφορὰν
2787 4073 2995 4140 εἰσάγει
3027 4072 3312 4140 δυνάμεων
3334 4087 3347 4102 ⁸
3392 4069 3425 4139 ἢ
3452 4069 3716 4136 διαφορὰν
3751 4068 3846 4136 μέν

2281 4172 2376 4224 καὶ
2406 4169 2650 4240 μεγάλην
2679 4167 2850 4236 δήπου
2892 4167 3052 4229 ποιεῖ,
3100 4164 3182 4216 ὅτι
3216 4161 3390 4231 ταύτῃ
3421 4161 3584 4227 μόνον
3614 4149 3846 4231 διενηνοὲ-

2280 4265 2435 4334 χότα,
2459 4261 2555 4331 τὴν
2577 4259 2853 4328 διάκρισιν
2883 4255 3241 4324 ἀνεπίμικτον
3264 4253 3520 4318 σώζουσι,
3541 4253 3638 4306 καὶ
3659 4251 3847 4322 ὥσπερ

616 4358 690 4429 μὴ
722 4357 818 4409 καὶ
848 4349 1176 4421 συνωνύμως
1202 4349 1437 4420 γεννᾷ·ι;
1479 4349 1552 4400 Οὐ
1582 4347 1690 4417 γὰρ
1721 4347 1785 4416 δὴ
1818 4345 2044 4415 ἀνόμοια
2082 4345 2179 4412 μὲν
2204 4361 2259 4422 Ι)
2285 4356 2383 4408 οὐκ
2419 4354 2483 4407 ἂν
2523 4351 2662 4406 αὐτά
2711 4366 2774 4418 γε
2822 4347 2916 4414 τὴν
2967 4345 3062 4400 τοῦ
3101 4347 3168 4399 δι’
3200 4345 3363 4398 αὐτὸν
3410 4344 3563 4407 ὄντος
3609 4344 3849 4414 ἰδιότητα

611 4450 921 4520 δυνήσεται,
946 4447 1107 4514 ὅμοια
1135 4442 1190 4494 δὲ
1213 4444 1410 4511 γεννᾷν
1447 4440 1521 4510 μὴ
1545 4440 1854 4508 δυνήσεται,
1888 4437 1915 4489 ὃ
1949 4437 2010 4504 δὴ
2037 4435 2176 4504 ἔφθη

611 4539 1006 4608 ἐληλεγμένον,
1041 4535 1114 4598 ὼς
1144 4535 1208 4589 ἄν
1239 4550 1382 4596 τινος
1441 4533 1548 4583 τῶν
1591 4529 1832 4599 γονίμων
1888 4528 2018 4581 νόθα
2074 4527 2174 4595 μέν

610 4633 722 4685 οἵου
756 4648 816 4682 τε
847 4630 1000 4690 ὄντος
1040 4627 1258 4696 γεννᾷν,
1303 4626 1504 4693 γνήσια
1533 4622 1589 4674 δὲ
1636 4623 1896 4692 προάγειν
1928 4619 1986 4671 οὐ
2023 4618 2180 4670 δυνα·

617 4724 801 4794 μένου.
860 4718 994 4771 Οὐδὲ
1041 4718 1184 4771 κατά
1239 4716 1336 4784 μὲν
1367 4717 1465 4784 τὴν
1502 4713 1755 4783 βούλησιν
1808 4713 1948 4780 ἀρχή
1995 4725 2176 4771 τινων,

618 4815 757 4866 κατὰ
777 4811 833 4862 δέ
862 4811 958 4877 τὴν
987 4809 1148 4876 φύσιν
1178 4805 1388 4868 οὐδενὸς
1426 4805 1599 4856 ἔσται·
1635 4804 1694 4854 οὐ
1725 4801 1834 4871 γάρ
1864 4801 1972 4852 τῶν
1999 4798 2179 4851 αὐτῶν

616 4919 681 4973 γε
715 4901 835 4953 κατ’
876 4900 1066 4967 ἄμφω,
1113 4889 1192 4958 οἷς
1243 4896 1302 4947 τὸ
1334 4894 1385 4946 τί
1435 4897 1582 4946 ἐστιν
1612 4895 1672 4944 οὐ
1707 4893 1926 4944 ταύτόν·
1963 4888 2083 4941 οὐδέ
2113 4891 2178 4958 τῇ

622 4995 718 5065 μέν
753 4993 904 5044 ἔσται
932 4990 1176 5058 γόνιμος,
1223 4991 1286 5056 τῇ
1335 4986 1390 5039 δέ
1433 4985 1648 5054 ἄγονος.
1697 4983 1822 5035 Οὐδ’
1862 4983 1908 5032 εί
1955 4983 2054 5050 τὴν
2085 4980 2180 5048 μὲν

620 5084 782 5154 φύσιν
811 5081 907 5152 τὴν
939 5079 1109 5149 αὐτὴν
1141 5079 1259 5149 ἔχοι
1312 5082 1378 5148 τῇ
1433 5076 1682 5145 ἐνεργείᾳ
1719 5072 1994 5138 καθάπαξ,
2031 5073 2181 5124 ἔσται

619 5178 782 5231 τινῶν
820 5177 991 5238 αἴτιος
1020 5177 1116 5227 καὶ
1148 5174 1290 5226 κατά
1315 5174 1413 5240 τὴν
1455 5172 1617 5239 φύσιν
1647 5167 1754 5220 τῶν
1778 5166 1983 5232 αὐτῶν,
2024 5164 2058 5218 ἀ
2088 5165 2181 5217 καὶ

621 5274 686 5342 τῇ
743 5271 991 5340 ἐνεργείᾳ
1038 5269 1316 5340 προάγοι,
1388 5264 1484 5317 καὶ
1546 5263 1696 5316 οὐδὲν
1765 5259 2018 5313 ἐντεῦθεν
2059 5260 2183 5326 ἕψε-

620 5382 730 5426 ται,
778 5363 856 5430 τῷ
886 5364 979 5416 καὶ
1032 5363 1189 5430 φύσει
1242 5357 1383 5410 εἶναι
1443 5354 1784 5425 προαγωγόν.
1824 5354 1884 5406 El
1929 5352 1982 5404 δέ
2013 5352 2186 5420 διενη-

620 5456 806 5526 νέχθαι
835 5473 954 5516 πως
977 5450 1188 5519 ἀληθῶς
1238 5451 1296 5500 ἐν
1353 5447 1498 5514 αὐτῴ
1548 5446 1710 5514 φύσις
1757 5447 1853 5497 καὶ
1886 5442 2044 5495 οὐσία
2077 5442 2184 5492 δει-

623 5548 856 5612 κνύοιτο,
883 5549 948 5614 τῇ
985 5543 1236 5612 ἐνεργείᾳ
1266 5539 1491 5608 προάξει
1519 5541 1610 5590 καὶ
1654 5538 1711 5588 οὐ
1746 5539 1810 5604 τῇ
1845 5535 2026 5602 φύσει.
2053 5530 2184 5582 Οὐδέ

621 5639 690 5689 τὰ
724 5638 823 5706 μὲν
853 5636 989 5689 ἄλλα
1039 5632 1257 5700 ποιήσει
1308 5629 1442 5682 νοῶν
1471 5669 1486 5693 ,
1539 5626 1733 5679 ἑαυτὸν
1779 5626 1836 5677 δέ
1887 5624 1947 5674 οὐ
2001 5624 2183 5690 νοήσει

625 5729 799 5781 ποιεῖν
832 5726 898 5779 τά
926 5726 1059 5780 ἄλλα
1092 5722 1409 5789 δυνάμενον,
1448 5722 1532 5774 ἵνα
1570 5718 1646 5787 μὴ
1689 5717 1749 5768 τὸ
1780 5713 2083 5784 συλληφθέν
2125 5715 2182 5764 ἐν

2288 4443 2599 4516 μεταλάϐοι,
2635 4441 2804 4503 οὓτως
2835 4441 2940 4492 οὐδ’
2983 4439 3049 4492 ἂν
3079 4438 3209 4490 αὐτό
3255 4452 3389 4490 ποτε
3423 4435 3559 4505 πρὸς
3609 4436 3712 4505 τὴν
3744 4434 3849 4487 τῶν

2282 4537 2540 4592 αίτιατῶν
2601 4535 2942 4605 μετασταίη·
3002 4530 3267 4601 διαφορὰν
3321 4529 3380 4583 δὲ
3431 4529 3703 4597 ἀτομικὴν
3758 4529 3849 4581 καὶ

2283 4629 2663 4699 προσωπικὴν,
2722 4625 2756 4695 ἢ
2810 4625 2907 4692 τήν
2959 4623 3056 4692 τῆς
3114 4621 3332 4690 φύσεως
3377 4618 3475 4672 οὐκ
3529 4617 3596 4671 ἂν
3636 4616 3850 4669 δύναιτο

2283 4721 2546 4792 βλάπτειν
2573 4720 2825 4786 ἑνότητα,
2857 4715 2982 4769 οὐτε
3032 4713 3127 4767 τοῦ
3156 4712 3370 4782 Πατρὸς
3397 4712 3466 4764 τά
3505 4709 3564 4775 ἐξ
3593 4708 3759 4762 αὐτοῦ
3790 4725 3846 4760 τε

2283 4812 2375 4865 καὶ
2409 4813 2466 4863 ἐν
2496 4809 2646 4878 αὐτῷ
2674 4807 2841 4876 χείρω
2879 4806 3053 4857 ποιεῖν
3084 4802 3141 4855 ἐν
3169 4819 3272 4854 τινι
3299 4801 3408 4854 τῶν
3443 4803 3500 4862 ἐς
3538 4798 3639 4869 τήν
3665 4799 3849 4851 οὐσίαν

2281 4900 2520 4971 ήκόντων
2546 4897 2639 4950 καὶ
2673 4896 3056 4964 ἀσθενέστερα.
3092 4893 3153 4945 Εί
3182 4891 3294 4960 γὰρ
3342 4890 3419 4959 τῷ
3467 4892 3541 4959 μὴ
3591 4888 3848 4942 δύνασθαι

2283 4993 2362 5053 είς
2413 4991 2510 5051 τὰς
2559 4988 2808 5054 ἀλλήλων
2877 4985 3144 5054 ἰδιότητας
3208 4981 3487 5052 μετελθεῖν
3543 4981 3637 5033 καὶ
3691 4979 3849 5047 φύσει

2281 5082 2596 5144 διοίσουσιν,
2639 5079 2790 5130 οὐδὲν
2837 5077 3037 5146 μᾶλλον
3084 5075 3223 5126 αὐτά
3258 5073 3349 5126 τοῦ
3383 5071 3597 5142 Πατρὸς
3645 5071 3849 5122 ἐλάττω

2284 5172 2433 5224 ἔσται
2479 5173 2543 5240 τῇ
2582 5169 2760 5237 φύσει,
2804 5170 2884 5220 ὅτι
2923 5167 2996 5237 μὴ
3046 5168 3137 5218 καὶ
3169 5167 3356 5234 Πατήρ
3388 5166 3538 5215 ἐστιν
3569 5163 3845 5233 ἑκάτερον,

2285 5261 2461 5315 καίτοι
2487 5279 2548 5327 γε
2578 5263 2711 5328 ὅπερ
2742 5260 2768 5310 ὁ
2819 5261 3007 5343 Πατὴρ
3051 5259 3201 5321 ὄντα,
3235 5259 3266 5326 ἢ
3315 5259 3408 5308 καὶ
3441 5258 3466 5307 ὁ
3507 5257 3697 5325 Πατὴρ
3724 5255 3850 5306 αὐτὸ

2284 5354 2444 5404 τοῦτο
2475 5352 2722 5405 πείσεται
2754 5351 2829 5420 τῷ
2864 5341 2987 5420 μηδ’
3020 5349 3180 5410 αὐτὸς
3210 5347 3470 5400 δύνασθαι
3501 5341 3641 5399 εἶναι
3689 5347 3846 5409 αὐτὰ,

2287 5443 2462 5494 καίτοι
2491 5459 2551 5511 γε
2584 5443 2720 5511 ὅπερ
2748 5445 2882 5494 αὐτὰ
2914 5443 3008 5494 ὣν·
3041 5443 3155 5494 ἀλλ’
3182 5443 3304 5496 οὔτε
3347 5439 3509 5513 ἧττόν
3540 5461 3590 5494 τι
3625 5443 3732 5505 ἕξει
3760 5444 3848 5493 δυ-

2287 5535 2499 5602 νάμεως
2526 5536 2579 5586 ἐν
2611 5535 2793 5595 αὐτοῖς
2823 5535 2972 5585 οὐδὲν
3000 5534 3087 5585 διὰ
3130 5535 3228 5602 τὴν
3260 5537 3514 5602 τοιαύτην
3548 5534 3846 5602 ἀμεταδλη-

2290 5625 2434 5690 σίαν,
2466 5625 2588 5677 οὐτε
2623 5625 2830 5694 βέλτιον
2878 5628 3031 5678 ἐσται
3077 5626 3133 5688 ἐς
3169 5627 3356 5678 οὐσίαν
3388 5626 3418 5693 ἢ
3457 5627 3658 5693 χεῖρον·
3692 5624 3849 5676 δυνα-

2293 5732 2436 5783 μεως
2461 5717 2565 5781 γάρ
2606 5714 2806 5780 μᾶλλον
2858 5715 2889 5778 ἢ
2939 5715 3218 5774 ἀσθενείας
3270 5714 3331 5766 τὸ
3377 5715 3612 5767 τοιοῦτον
3643 5715 3708 5767 ἂν
3738 5714 3841 5767 εἴη.
