4118 6280
393 343 509 405 649
1560 352 1864 417 CONTRA
1905 351 2534 423 ACINDYNIASTAS.
3560 371 3669 437 650

1706 614 2369 725 MONITUM.

466 920 765 1015 Sc-qnentia
824 924 1122 991 opuscula:
1156 926 1354 982 Contra
1400 929 1832 1002 Acindyniaslas,
1881 938 2155 1006 Expositio
2202 941 2327 1008 ﬁdei
2384 944 2457 997 De
2505 944 2837 1012 processione
2881 943 3122 1015 Spiritus
3156 947 3352 1011 sancti,
3399 948 3473 1001 De
3505 951 3659 1004 addi-

385 1016 534 1068 (iam:
571 1014 818 1085 Symbolo
854 1034 887 1070 a
922 1018 1129 1075 Latinis
1170 1022 1336 1089 facta.
1378 1021 1578 1078 Contra
1616 1022 2281 1095 Simoniacam‘lzwresim,
2326 1035 2588 1087 Adversus
2623 1036 2889 1104 jejunium
2923 1014 3292 1102 isabbatinum,
3348 1038 3515 1091 edidit
3558 1041 3663 1091 Dn-

386 1108 606 1161 silhcns
651 1109 701 1161 in
738 1123 840 1163 suo
875 1109 1066 1180 ΤΟΜῼ
1111 1111 1408 1179 ΑΓΑΠΗΣ,
1437 1116 1494 1168 ὲν
1533 1116 1737 1188 Γιασίῳ
1770 1119 1927 1176 1698.

2055 1124 2301 1176 usculum
2348 1122 2549 1178 Contra
2593 1125 2896 1181 Simoniam
2946 1138 3250 1186 memorant
3286 1129 3569 1185 Fabricius
3609 1118 3663 1185 οι

388 1202 772 1268 Renaudolns,
808 1205 914 1259 col.
946 1205 1086 1273 290;
1128 1209 1323 1263 librum
1365 1212 1430 1267 de
1465 1214 1810 1277 processionc
1849 1212 2089 1284 Spiritus
2126 1219 2301 1270 sancti
2336 1219 2709 1285 Renaudotus,
2747 1222 2855 1278 col.
2888 1224 3034 1291 501;
3080 1227 3413 1296 reliquorum
3451 1227 3656 1280 nullam

385 1298 533 1364 apud
565 1312 658 1353 eos
693 1312 796 1351 nec
825 1296 956 1353 alias
990 1302 1317 1358 mentionem
1352 1303 1682 1359 invenimus.
1722 1306 1873 1361 Unde
1910 1318 2091 1362 autem
2120 1324 2183 1362 ea
2217 1310 2509 1368 Dositheus
2546 1314 2820 1383 habuerit,
2856 1331 2980 1371 cum
3013 1318 3243 1375 Lectore
3272 1334 3377 1373 non
3412 1334 3662 1373 commn-

386 1390 611 1444 nicavit.

1350 1731 2650 1906 ΓΕΝΝΑΔΙΟΥ

1920 1999 2089 2054 ΗΤΟΙ

820 2170 1670 2308 ΓΕΩΡΓΙΟΥ
1785 2173 2135 2305 ΤΟΥ
2229 2172 3213 2312 ΣΧΟΛΑΡΙΟΥ

1582 2410 1762 2462 ΠΡΟΣ
1791 2409 1958 2463 ΤΙΝΛ
2000 2409 2136 2462 ΤΩΝ
2170 2410 2379 2463 ΦΙΛΩΝ

667 2530 1126 2594 ΕΡΩΤΗΣᾹΝΤΑ
1159 2532 1316 2586 ΠΕΡΙ
1358 2532 1496 2585 ΤΗΣ
1540 2530 1677 2585 ΤΟΥ
1717 2531 2085 2586 ΜΑΚΑΡΙΟΥ
2134 2526 2489 2586 ΘΕΟΔΩΡΟΥ
2548 2530 2686 2586 ΤΟΥ
2743 2531 3066 2589 ΓΡΑΠΤΟΥ
3098 2536 3363 2591 ΡΗΣΕΩΣ

1290 2654 1377 2705 ΛΦ
1419 2654 1527 2705 ἨΣ
1550 2649 1618 2705 01
1650 2650 2194 2705 ΔΚΙΝΔΪΝῙΑΣΤΑΙ
2226 2650 2682 2707 ΘΟΡΥΒΟΥΣΙΝ.

567 2777 678 2832 ETI
752 2777 837 2833 ΔΕ
890 2778 1009 2833 ΚΑΙ
1051 2778 1210 2832 ΠΕΡΙ
1268 2778 1359 2830 ΩΝ
1414 2779 1532 2830 ΚΑΙ
1590 2776 1802 2830 ΛΥΤΟΙ
1860 2776 2268 2832 ΣΟΦΙΖΟΝΤΑΙ
2339 2777 2498 2829 ΠΕΡΙ
2563 2779 2700 2832 ΤΟΥ
2753 2778 2959 2831 ΑΓΙΟΥ
3017 2780 3464 2836 ΠΝΕΥΜΑΤΟΣ.

444 3080 622 3155 Χάρις
655 3083 825 3148 πολλή
868 3098 948 3135 σοι
996 3082 1093 3151 τῆς
1148 3082 1227 3144 είς
1276 3082 1421 3151 ἡμᾶς
1470 3082 1702 3145 εὐνοίας,
1757 3082 1946 3153 ἄριστε
1977 3097 2023 3153 Α
2052 3081 2233 3150 ζονται
2291 3086 2547 3148 πίστεως,
2590 3086 2780 3155 πόρρω
2833 3087 3165 3156 συγγνώμης
3236 3088 3647 3159 ἐξαμαρτάνον-

372 3180 569 3249 φίλων,
602 3178 669 3247 ἢν
720 3175 935 3237 πολλοῖς
977 3174 1300 3243 τεκμηρίοις
1358 3174 1618 3243 ἀληθέσιν
1649 3177 1949 3243 ὲκφαίνων,

376 3271 617 3339 μάλιστα
642 3267 720 3337 τῷ
752 3266 975 3337 θαρρεῖν
1010 3267 1142 3335 ἡμῖν
1196 3268 1326 3334 περὶ
1370 3266 1480 3318 τῶν
1514 3266 1789 3334 μεγίστων
1845 3267 1954 3321 δει-

371 3365 582 3423 κνύεις.
635 3359 874 3413 Τοιαῦτα
930 3354 975 3410 δ’
1008 3359 1113 3409 είσὶ
1164 3357 1234 3408 τά
1263 3360 1399 3425 πρὸς
1433 3356 1529 3426 τὴν
1562 3356 1713 3428 ίεράν
1772 3359 1952 3413 πίστιν

373 3456 675 3523 ἀνήκοντα,
710 3451 838 3519 περὶ
864 3450 898 3504 δ.
930 3453 995 3519 τῇ
1021 3451 1237 3517 συνεχεῖ
1269 3448 1468 3519 μελέτῃ
1506 3450 1601 3503 καὶ
1623 3451 1690 3519 τῇ
1724 3451 1949 3521 σπουδῇ,

371 3550 427 3602 εί
484 3548 581 3601 καὶ
630 3549 703 3618 μὴ
755 3548 862 3600 τῶν
907 3545 1305 3614 ἐπισταμένων,
1352 3543 1625 3613 ἡδυνήθης
1676 3544 1953 3609 ἀποδεῖξαι

376 3642 600 3695 σαυτόν.
648 3634 800 3693 Ἐπεὶ
838 3639 972 3708 μηδὲ
1022 3637 1209 3690 πολλοί
1251 3639 1355 3688 εἰσι
1387 3637 1517 3707 παρ’
1551 3639 1684 3706 ἡμῖν
1717 3640 1951 3707 ἐπιστή-

375 3751 565 3805 μονες,
590 3734 663 3793 ὡς
693 3734 758 3785 ἂν
783 3732 959 3799 ἔγωγε
993 3730 1179 3799 φαίην,
1213 3730 1311 3799 τῆς
1339 3730 1521 3796 κοινῆς
1543 3729 1834 3799 δυστυχίας
1860 3730 1955 3782 καὶ

371 3826 524 3881 τοῦθ’
558 3827 713 3895 ἡμῶν
748 3825 845 3877 σὺν
893 3826 1002 3885 τοῖς
1039 3822 1221 3885 ἄλλοις
1269 3821 1635 3890 ἀφελομένης,
1677 3818 1814 3873 ἀλλὰ
1845 3821 1954 3873 τῶν

373 3917 693 3988 ἀρκούντως
724 3916 1194 3984 πεπαιδευμένων,
1225 3911 1305 3976 είς
1349 3913 1535 3977 ἔδοξας
1559 3908 1721 3977 εἶναι,
1751 3913 1846 3967 καὶ
1878 3901 1947 3967 εί.

376 4008 573 4064 Πολλοὶ
602 4009 658 4061 δέ
687 4010 826 4060 εἰσιν
868 4009 924 4060 ὲν
972 4008 1105 4077 ἡμῖν
1150 4008 1198 4058 οί
1248 4007 1456 4073 ταύτην
1506 4006 1720 4075 ἔχοντες
1753 4008 1954 4061 ἐπιδει-

378 4100 570 4155 κνύναι
595 4100 694 4172 τὴν
725 4099 919 4164 έξιν,οἳ
948 4100 1011 4168 δὴ
1052 4099 1256 4151 καὶτὸν
1281 4098 1559 4166 πρέποντα
1587 4096 1746 4166 ζῆλον
1782 4115 1953 4169 προσ-

377 4195 660 4264 ειληφότες
719 4194 857 4265 πρὸς
909 4193 1009 4258 τὰς
1074 4190 1183 4243 τῶν
1247 4190 1547 4243 ἀντιθέτων
1617 4191 1950 4261 προπετείας

378 4278 640 4354 γενναίως
673 4284 981 4337 ἐνίστανται
1001 4292 1016 4311 ⁸
1045 4282 1106 4334 τὸ
1142 4281 1242 4352 μὲν
1268 4282 1545 4351 εὐστόχως
1574 4283 1786 4352 κρίνειν
1821 4283 1954 4352 περὶ

2054 3193 2186 3239 τας·
2217 3176 2295 3246 τῷ
2326 3177 2380 3229 δὲ
2413 3176 2482 3227 τὰ
2513 3177 2780 3244 δόγματα,
2817 3177 2911 3229 καὶ
2937 3179 3035 3247 τὴν
3066 3178 3253 3232 πίστιν
3282 3181 3635 3252 ἀνθρωπίνης

2055 3270 2225 3337 τιμῆς
2285 3270 2561 3321 ποιεῖσθαι
2607 3269 2889 3338 πάρεργον
2941 3271 3150 3333 πάντας
3199 3273 3361 3341 ὁμοῦ,
3419 3274 3545 3338 τούς
3578 3292 3637 3326 τε

2060 3361 2532 3430 προαιρουμένους
2551 3359 2715 3427 οὕτω,
2744 3361 2871 3424 τούς
2890 3379 2951 3414 τε
2981 3363 3402 3433 συγχωροῦντας
3430 3369 3636 3428 αὐτοῖς,

2058 3454 2262 3518 πᾶσαν,
2299 3454 2375 3518 ὼς
2402 3454 2507 3506 κᾶν
2533 3453 2687 3505 αὐτοὶ
2712 3456 2895 3522 φαῖεν,
2919 3455 3242 3509 δυσσέϐειαν
3273 3459 3641 3526 παρελαύνον-

2054 3563 2176 3607 τας.
2226 3544 2393 3597 Ταῦτ’
2429 3544 2576 3597 ἴσασι
2614 3545 2709 3598 καὶ
2753 3544 2950 3614 βοῶσιν
2996 3549 3045 3599 οί
3075 3549 3207 3617 παρ’
3250 3550 3384 3618 ἡμῖν
3434 3567 3639 3603 πεπαιο

2056 3636 2335 3704 δευμένοι,
2386 3636 2483 3689 καὶ
2530 3636 2685 3690 καλοὶ
2730 3637 2839 3688 τῶν
2891 3637 3132 3708 ἀρίστων
3165 3641 3448 3709 προγόνων
3480 3643 3637 3710 ἡμῶν

2055 3726 2292 3795 ἔκγονοι,
2347 3728 2440 3779 καὶ
2483 3728 2691 3780 τούτων
2727 3728 2890 3798 χάριν
2936 3728 3220 3795 άλγοῦσιν.
3265 3731 3391 3783 Ἐπὶ
3426 3733 3637 3796 τούτοις

2055 3834 2116 3870 τε
2142 3818 2635 3888 μνησικακοῦντων
2664 3820 2817 3889 σφίσι
2851 3821 2946 3874 καὶ
2970 3822 3364 3891 ἀμυνομένων,
3401 3825 3510 3877 τῶν
3538 3825 3636 3894 τῆς

2057 3912 2246 3981 ἐτέρας
2279 3913 2476 3981 μοίρας
2520 3915 2943 3984 προϊσταμένων
2967 3915 3270 3985 ἀνέχονται.
3304 3917 3480 3970 Ἵσασι
3523 3918 3634 3987 γὰρ

2054 4002 2248 4073 ὥσπερ
2278 4022 2331 4057 τι
2357 4005 2527 4074 γέρας
2554 4008 2667 4069 τοῖς
2698 4006 2836 4077 μετὰ
2865 4007 2967 4077 τῆς
3013 4008 3271 4076 ἀληθείας
3315 4008 3466 4063 οὖσιν
3493 4011 3635 4076 ἐξει-

2054 4094 2324 4165 λεγμένον
2373 4098 2537 4162 εὐθὺς
2575 4098 2685 4153 ἀπὸ
2740 4100 2981 4170 Χριστοῦ
3023 4104 3124 4171 τῆς
3166 4102 3426 4172 ἀληθείας
3463 4106 3635 4174 αὐτῆς

2055 4186 2118 4239 τό
2141 4203 2203 4253 γε
2235 4188 2293 4239 ὲν
2322 4188 2587 4251 τοιούτοις
2628 4190 2890 4259 διωγμοῖς
2922 4191 3296 4259 ἐξετάζεσθαι.
3328 4195 3504 4266 Ὅπερ
3535 4198 3634 4249 οὐκ

2058 4279 2123 4333 ἂν
2148 4276 2236 4351 ἦν,
2270 4281 2319 4334 εί
2357 4282 2432 4352 μὴ
2465 4284 2532 4337 τὰ
2567 4287 2736 4353 χείρω
2808 4286 3216 4355 προῃρημένοις
3264 4291 3358 4341 καὶ
3408 4292 3439 4355 ἡ
3474 4290 3635 4344 δύνα-

374 4370 452 4431 ὧν
481 4378 679 4430 ἐκεῖνοι
708 4368 1144 4443 καινοτομοῦσιν,
1166 4374 1230 4426 ὲκ
1253 4373 1348 4429 τοῦ
1380 4374 1775 4428 πεπαιδεῦσθαι
1810 4376 1948 4429 πάνυ
1988 4432 2029 4452 h
2060 4388 2152 4438 μις
2185 4371 2280 4425 τοῦ
2318 4374 2579 4442 βλάπτειν
2612 4376 2844 4445 προσῆν,
2901 4379 2995 4430 καὶ
3027 4379 3115 4431 διὰ
3168 4386 3325 4433 τοῦτο
3360 4385 3424 4452 τῇ
3469 4402 3636 4450 πονη-

378 4467 580 4532 καλῶς,
632 4466 774 4520 καθὰ
828 4467 1001 4537 δήπου
1055 4466 1150 4519 καὶ
1196 4466 1558 4535 Ἀριστοτέλει
1604 4468 1775 4532 δοκεῖ,
1802 4467 1862 4519 τὸ
1890 4467 1948 4520 δὲ
1988 4464 2030 4487 ν
2058 4464 2150 4534 ρίᾳ
2197 4465 2292 4516 καὶ
2327 4466 2393 4533 τῇ
2428 4464 2654 4533 δυνάμει
2711 4466 2819 4518 τῶν
2852 4466 3029 4519 ἄλλων
3060 4470 3139 4529 είς
3171 4470 3231 4520 τὸ
3264 4473 3404 4537 σφᾶς
3436 4473 3635 4533 αὐτοὺς

379 4558 519 4626 μήτε
556 4555 936 4625 συγκαθιέναι,
965 4557 1062 4609 καὶ
1090 4556 1250 4609 πάνθ’
1283 4558 1422 4627 ὑπὲρ
1461 4559 1560 4625 τῆς
1595 4558 1829 4626 πατρίου
1861 4557 1948 4610 δό-

380 4648 476 4720 ξης
506 4649 857 4720 ὑφίστασθαι,
885 4651 950 4701 ὲκ
979 4649 1078 4717 τῆς
1109 4647 1436 4719 εἰλικρινοῦς
1489 4647 1625 4715 πρὸς
1650 4650 1784 4700 Θεὸν
1810 4649 1949 4715 ἀγά-

379 4758 486 4812 πης
512 4744 901 4814 ἐπιφερόμενοι
923 4755 938 4771 ⁸
969 4742 1031 4795 τὸ
1061 4740 1117 4794 δὲ
1146 4742 1242 4793 καὶ
1267 4740 1397 4803 τοὺς
1429 4741 1747 4803 ἀντιθέτους
1781 4738 1950 4811 μηδὲν

378 4832 527 4899 ὑγιὲς
578 4834 722 4901 μήτε
776 4832 1000 4901 φωνεῖν,
1054 4831 1192 4900 μήτε
1234 4830 1429 4894 ποιεῖν,
1486 4828 1546 4882 οὐ
1586 4830 1747 4898 μόνον
1792 4830 1853 4894 ἐξ
1876 4822 1950 4882 ὧν

378 4925 530 4975 αὐτοὶ
556 4921 908 4993 κατορθοῦσι,
936 4921 1291 4990 πεπεισμένοι
1312 4919 1566 4987 βεϐαίως,
1589 4918 1728 4971 ἀλλὰ
1754 4919 1848 4972 καὶ
1870 4914 1950 4982 οἷς

378 5016 576 5068 ἐκεῖνοι
632 5014 1121 5085 διαμαρτάνουσιν.
1172 5013 1350 5065 Ἵσασι
1406 5011 1515 5081 γὰρ
1570 5010 1781 5073 πάντας
1824 5010 1950 5073 τοὺς

377 5108 469 5159 ἐπὶ
499 5108 597 5176 τῆς
623 5107 749 5170 νέας
782 5106 1062 5175 θεολογίας
1086 5103 1318 5173 ταύτης,
1344 5104 1435 5173 ὑφ’
1465 5100 1540 5159 ὧν
1589 5105 1690 5174 μὲν
1722 5104 1952 5173 πεισθῆ-

377 5216 463 5251 ναι
510 5199 731 5265 λέγουσι
762 5198 961 5265 λόγων,
995 5197 1091 5249 καὶ
1114 5195 1209 5258 οὓς
1240 5194 1542 5249 ἀποθέσθαι
1573 5195 1837 5263 πρότερον
1867 5197 1951 5246 ὲν-

375 5290 742 5360 ὑπάρχοντας,
765 5292 974 5342 τούτων
999 5289 1300 5359 οὐδετέρων
1338 5287 1651 5353 ἐπαΐοντας,
1675 5288 1773 5357 οὐχ
1803 5289 1951 5350 ὅπως

375 5382 584 5452 κρίνειν
619 5382 844 5443 ἑαυτοὺς
874 5381 1230 5451 δυναμένους,
1258 5379 1294 5433 ἃ
1332 5380 1389 5432 δὲ
1416 5378 1633 5432 οἴκοθεν
1673 5378 1939 5449 ἐφευρίσ-

374 5489 491 5524 κειν
524 5470 801 5541 αὐχοῦσιν,
837 5471 959 5525 οὐδὲ
1004 5470 1213 5539 ἀμείνω
1245 5470 1355 5522 τῶν
1404 5468 1705 5537 ποιητικῶν
1768 5469 1952 5537 μύθων

375 5565 751 5628 εὑρίσκοντας,
804 5563 890 5615 ἵνα
941 5563 1015 5631 μὴ
1057 5562 1202 5631 λέγω
1243 5561 1305 5614 τὸ
1351 5562 1554 5632 χεῖρον,
1588 5557 1679 5622 οὓς
1730 5560 1823 5612 ἐπὶ
1853 5559 1953 5628 τῆς

374 5654 766 5725 ταλασιεργίας
802 5653 1218 5723 συμπλάττουσι
1247 5653 1315 5706 τὰ
1350 5653 1573 5723 γραϊδια
1597 5667 1613 5683 ·
1655 5649 1690 5705 ἀ
1715 5652 1772 5704 δὲ
1807 5653 1950 5706 κατά

374 5748 483 5801 τῶν
519 5748 736 5800 οἰκείων
770 5747 1054 5814 προγόνων
1107 5747 1199 5799 καὶ
1230 5748 1329 5815 τῆς
1382 5744 1607 5800 ἐκείνων
1651 5736 1959 5799 ἀπαυθαδί-’

734 5862 1001 5924 ΡΑτιιοι..
1034 5864 1150 5925 Gn.
1199 5863 1378 5926 CLX.

2054 4556 2331 4623 ἀποφῆναι
2366 4558 2741 4624 μακαριστοὺς
2776 4558 3148 4627 ἀποχρῶνται,
3182 4560 3409 4628 ἀνδράσι
3440 4578 3498 4612 τε
3537 4562 3632 4614 καὶ

2055 4646 2405 4715 Χριστιανοῖς
2460 4645 2740 4715 προσῆκον
2806 4647 3290 4718 ἀναλαμϐάνοντες
3352 4652 3632 4720 φρόνημα.

2055 4737 2118 4789 Οί
2155 4737 2213 4789 δὲ
2244 4736 2378 4806 πρὸς
2408 4736 2529 4806 βίαν
2578 4737 2894 4802 ἐλπίζοντες
2926 4743 3028 4803 τὰς
3074 4740 3183 4793 τῶν
3219 4742 3523 4812 ἀνθρώπιον
3551 4744 3635 4795 60'-

2055 4830 2151 4895 ξας
2188 4832 2512 4899 μεταποιεῖν
2541 4830 2764 4894 ἀσεϐεῖς
2796 4834 2936 4886 είσιν
2967 4832 3158 4895 ὅντως,
3184 4832 3211 4884 ὃ
3250 4834 3413 4901 μόνον
3440 4836 3627 4903 σχεδὸν

2053 4925 2080 4975 ό
2112 4921 2245 4985 Θεὸς
2288 4923 2505 4992 ἀφῆκεν
2543 4922 2832 4994 ἐλεύθερον
2862 4928 2921 4978 ὲν
2962 4923 3293 4995 ἀνθρώποις,
3335 4925 3477 4978 τοῦτ’
3507 4922 3628 4978 ἐπιέ

2055 5014 2247 5084 κήροις
2282 5014 2553 5083 ἀνάγκαις
2619 5016 2712 5069 καὶ
2761 5016 3182 5087 μορμολυκείοις
3214 5017 3325 5070 τισὶ
3363 5018 3630 5070 καταδου-

2053 5104 2279 5159 λοῦσθαι
2328 5107 2681 5176 πειρώμενοι.
2714 5107 2825 5161 Καὶ
2871 5109 3007 5179 πρὸς
3042 5108 3254 5172 τούτοις
3282 5114 3386 5179 τὴν
3417 5112 3630 5165 ἑαυτῶν

2054 5193 2370 5264 ἐλέγχουσιν
2399 5197 2686 5264 ἁστασίαν,
2719 5197 2933 5252 ὅτιτῶν
2970 5200 3344 5272 ἀνελευθέρως
3380 5203 3473 5255 καὶ
3508 5202 3631 5273 βιά-

2055 5283 2245 5348 ζεσθαι
2290 5286 2605 5355 δυναμένων
2654 5290 2779 5354 εἰσὶ,
2814 5291 2908 5343 καί⁸
2939 5291 3037 5361 τὴν
3086 5295 3142 5345 ἐν
3176 5296 3240 5365 τῇ
3285 5294 3431 5365 ψυχῇ
3472 5296 3628 5361 δόξαν

2056 5377 2160 5430 ὑπὸ
2186 5376 2339 5439 δέους
2388 5377 2421 5447 ἧ
2454 5395 2596 5442 τινος
2622 5380 2836 5445 ἐλπίδος
2868 5384 3179 5453 προΐεσθαι.
3224 5386 3367 5454 Ἐγὼ
3396 5386 3441 5438 δ’
3465 5390 3513 5438 εξ
3537 5389 3630 5439 καὶ

2053 5468 2341 5539 πόρρωθεν
2370 5470 2470 5539 τῆς
2498 5472 2606 5525 τῶν
2633 5472 2894 5528 τοιούτων
2918 5476 3150 5546 μελέτης
3179 5477 3361 5539 ἄλλοις
3380 5477 3625 5545 ἐξέστην,

2054 5562 2116 5614 τὸ
2147 5561 2325 5614 δοκεῖν
2352 5579 2462 5614 τισι
2492 5567 2838 5632 πραγμάτων
2865 5567 3154 5637 ἐπιθυμεῖν
3196 5567 3624 5638 ἐκτρεπόμενος,

2056 5652 2238 5715 ἄλλως
2281 5670 2343 5706 τε
2373 5654 2467 5708 καὶ
2494 5655 2593 5723 τῆς
2626 5655 2720 5708 τοῦ
2751 5657 2931 5724 λέγειν
2973 5660 3163 5727 χρείας
3188 5658 3371 5711 οὐκέτι
3422 5661 3632 5729 παρού-

2058 5761 2180 5816 σης,
2212 5744 2306 5799 καὶ
2353 5746 2491 5817 πρὸς
2542 5746 2719 5817 τούτῳ
2757 5748 2973 5804 σύνοιδα
3008 5750 3231 5821 ἐμαυτῴ
3274 5751 3385 5806 τῶν
3433 5769 3632 5807 πεπαια

3248 5873 3325 5934 21
