4118 6280
571 345 676 407 651

1611 343 2010 407 GENNADII
2047 343 2154 408 (ΞΡ.
2198 344 2714 408 ΡΛΤΠῙΑΗΕΗιΕ

3732 355 3852 420 ’652

571 457 854 526 δευμένων
889 456 1044 527 ὐμῶν
1065 455 1223 510 οὐδὶν
1258 456 1436 528 ἔχοντι
1476 457 1664 523 πλέον,
1709 459 1740 511 ὃ
1779 459 1846 530 δὴ
1891 466 1987 514 καὶ
2021 460 2154 524 τούς
2183 464 2226 522 Α
2254 459 2319 513 οὐ
2354 458 2467 531 γὰρ
2497 460 2564 530 δὴ
2599 460 2782 532 μάτην
2809 460 2956 516 οῦτω
2993 460 3288 519 διέστελλε.
3321 459 3433 534 Τῆς
3473 465 3720 537 Γραφῆς
3741 468 3849 523 τοί-

571 552 883 613 ἀντιθέτους
904 547 1022 604 οῐδα
1049 547 1462 620 ψηφιζομένους
1491 552 1622 622 περὶ
1655 555 1817 622 ἐμοῦ,
1847 549 1924 607 ὢν
1948 555 2155 624 ἀμφοῖν

571 643 738 696 ἕνεκα
790 645 972 714 σιωπῇ
1009 643 1291 714 παρῆλθον
1320 643 1389 699 ἄν
1445 660 1540 697 σου
1596 644 1698 716 τὴν
1739 645 1958 700 πεῦσιν.
2011 648 2157 716 Πρὸς

570 737 640 804 ἧν
681 753 744 802 γι
802 737 1110 807 μηδετέραν
1160 737 1391 790 τουτωνὶ
1453 737 1563 789 τῶν
1616 737 1950 807 προφάσεων
2001 739 2157 811 ίσχῦν

571 828 720 898 ἔχειν
751 828 1002 895 ἐνόμισα,
1039 829 1194 899 φίλος
1225 831 1336 900 γὰρ
1362 825 1413 882 εἶ
1441 832 1619 901 σαφὴς
1647 832 1704 882 ἐν
1736 834 1849 895 τοῖς
1877 830 2121 902 πρώτοις
2142 849 2157 864 ο

570 920 695 974 ὅθεν
732 919 859 974 οὔτε
903 921 1216 992 μέμψεσθαι
1251 925 1448 992 φήσεις
1496 922 1746 986 τοιοῦτος
1778 922 1876 990 ὣν,
1913 927 1967 978 εί
1989 926 2042 977 τί
2069 943 2157 979 σοι

571 1015 673 1085 τῆς
707 1015 1022 1076 ὑποθέσεως
1059 1015 1154 1066 καὶ
1182 1013 1291 1068 τῶν
1335 1016 1570 1069 ἐλπίδων
1617 1017 1844 1071 ἔλαττον
1877 1021 2055 1072 εἰπεῖν
2090 1037 2156 1083 με

572 1107 847 1176 συμϐαίη,
877 1109 975 1161 καὶ
1003 1109 1064 1160 τὸ
1100 1107 1340 1160 κίνδυνόν
1371 1126 1494 1162 τινα
1517 1110 1773 1163 ὑπελθεῖν
1801 1110 1877 1174 ὡς
1913 1111 1980 1164 άν
2003 1112 2055 1164 τί
2074 1129 2156 1165 σοι

572 1198 916 1268 χαρισαίμην
964 1195 1072 1248 τῶν
1109 1197 1448 1264 ἀναγκαίων,
1478 1199 1552 1263 ὡς
1605 1201 1766 1269 χρέος
1801 1200 1867 1253 ἂν
1916 1202 2158 1272 ἀπαιτή-

577 1304 750 1350 σειας.
780 1289 912 1342 Οὐδὲ
945 1291 1074 1358 μιᾶς
1118 1308 1208 1358 μοι
1241 1291 1426 1342 τοίνυν
1459 1291 1775 1361 ἀποφυγῆς,
1809 1292 1955 1346 ἑκὼν
2004 1295 2158 1347 ἄκων

579 1380 886 1450 ὑφίσταμαι
917 1397 1000 1432 σοι
1029 1379 1090 1433 τὸ
1123 1380 1307 1450 ἔργον.
1347 1377 1443 1445 Οἷς
1469 1383 1568 1434 οὐκ
1597 1383 1825 1452 ἀρέσκει
1861 1384 1888 1435 ὅ
1916 1401 1974 1437 τε
1998 1385 2156 1452 λόγος

578 1471 674 1524 καὶ
703 1473 771 1524 τὰ
805 1472 863 1524 ἐν
893 1471 1043 1540 αὐτῷ
1075 1473 1253 1526 πάντα
1288 1472 1466 1541 μέλει,
1509 1477 1557 1528 εί
1592 1474 1821 1545 μελήσει
1851 1493 1915 1545 γε
1945 1477 2158 1540 τούτοις

574 1566 902 1619 καὶτούτων
921 1566 1083 1618 ’ἑνεκα
1107 1566 1324 1619 διώκειν
1352 1569 1520 1637 ἡμᾶς,
1553 1568 1644 1621 καὶ
1671 1568 1859 1631 κακῶς
1886 1585 1940 1621 τι
1959 1573 2156 1634 ποιεῖν,

577 1657 692 1709 ἀλλ’
722 1660 855 1728 ἡμῖν
887 1660 984 1728 μὲν
1015 1660 1112 1712 καὶ
1140 1652 1215 1714 ὧν
1235 1663 1500 1726 πράττειν
1535 1661 1852 1730 μέλλουσιν,
1876 1664 2156 1732 οὐδαμῶς,

573 1751 670 1804 τοῦ
700 1751 782 1817 δὲ,
812 1752 874 1804 τὸ
903 1753 1020 1805 δέον
1063 1751 1210 1807 ἆτιαν
1246 1756 1443 1819 ποιεῖν,
1483 1754 1584 1807 κᾶν
1622 1753 1732 1824 ἐπῇ
1767 1771 1851 1819 τις
1886 1756 2154 1821 κίνδυνος,

577 1845 752 1914 μέλει.
785 1846 907 1897 Δεῖν
957 1845 1015 1897 δὲ
1052 1847 1108 1897 ἐν
1142 1844 1218 1915 τῷ
1269 1847 1413 1914 φωτὶ
1466 1821 1885 1915 καταγγέλλειν,
1935 1849 2027 1902 καὶ
2061 1850 2160 1902 ἐπὶ
2187 1821 2234 1880 Β

572 1935 684 1987 τῶν
715 1937 988 2005 δωμάτων
1018 1938 1163 2007 ἅπερ
1214 1939 1401 2007 ἡρέμα
1427 1955 1486 1990 τε
1537 1940 1634 1992 καὶ
1671 1940 1954 2009 μυστικῶς
1983 1943 2160 1996 ἐδιδά-

573 2029 808 2099 χθημεν,
839 2029 992 2082 οὐδὲν
1024 2030 1080 2082 δὲ
1109 2030 1354 2094 δεδιότας
1400 2031 1510 2084 ἀπὸ
1538 2031 1649 2085 τῶν
1677 2033 1737 2084 τὸ
1773 2031 1934 2102 σῶμα
1959 2033 2159 2103 λυμαι·

571 2120 842 2188 νομένων,
874 2119 974 2189 τῆς
1013 2119 1070 2172 δὲ
1105 2121 1284 2190 ψυχῆς
1331 2120 1592 2190 οὐδεμίαν
1639 2122 1875 2192 ἐχόντων
1922 2123 2159 2193 δύναμιν

572 2213 868 2274 ἅπτεσθαι,
901 2213 1148 2286 διδάσκει
1183 2215 1282 2283 μὲν
1312 2217 1340 2268 ό
1369 2215 1651 2284 Δεσπότης
1683 2215 1860 2284 ήμῶν’,
1880 2215 2065 2285 ἐνάγει
2097 2216 2154 2270 δὲ

572 2309 600 2358 6
631 2306 841 2370 Παῦλος
867 2306 948 2376 τῷ
973 2308 1096 2360 καθ’
1130 2308 1326 2360 ἑαυτόν
1359 2309 1749 2376 ὑποδείγματι,
1783 2301 1826 2375 ᾧ
1861 2309 2157 2379 διεμαρτύ-

575 2415 701 2468 ρετο
756 2401 855 2469 μὲν
894 2400 954 2452 τὸ
1007 2399 1234 2469 Πνεῦμα
1265 2402 1446 2468 λέγον,
1479 2401 1561 2454 ὅτι
1595 2401 1773 2470 δεσμὰ
1807 2403 1899 2454 καὶ
1946 2404 2156 2471 θλίψεις

570 2493 734 2545 αὐτδν
767 2493 991 2562 μένουσι
1037 2496 1180 2547 κατὰ
1229 2494 1408 2556 πόλιν,
1441 2494 1630 2548 Πάντα
1674 2494 1732 2548 δέ
1761 2493 1941 2548 ταῦτα
1973 2495 2156 2566 κοῦφα

571 2585 748 2638 ἐδόκει
781 2602 794 2618 ⁸
832 2585 1060 2650 Οὐδενὸς
1089 2587 1222 2657 γὰρ,
1253 2588 1408 2656 φησὶ,
1441 2588 1597 2656 λόγον
1650 2589 1830 2642 αὐτῶν
1865 2589 2151 2659 ποιοῦμαι.

569 2678 780 2746 Μηδενὶ
844 2679 976 2746 γοῦν
1047 2679 1156 2732 τῶν
1206 2681 1421 2750 ἐχθρῶν
1469 2682 1729 2750 φορτικὸν
1773 2682 2024 2745 δοκείτω,
2075 2683 2156 2753 τῷ

569 2770 824 2838 ἡμετέρῳ
853 2771 1101 2840 Δεσπότῃ
1137 2775 1229 2826 καὶ
1255 2772 1332 2839 τῷ
1355 2773 1644 2842 κορυφαίῳ
1674 2775 1784 2826 τῶν
1814 2775 2152 2839 ἀποστόλων,

570 2860 670 2914 καὶ
707 2861 856 2930 ἡμᾶς
905 2860 1085 2914 θέλειν
1119 2879 1173 2914 τι
1224 2861 1534 2930 πείθεσθαι,
1566 2863 1680 2916 ἀλλ’
1717 2865 1945 2917 ἐκείνων
1997 2866 2156 2938 όλίγη

571 2953 821 3024 φροντίς.

642 3043 748 3096 Δύο
773 3043 953 3097 τοίνυν
976 3045 1272 3115 ἐζήτησας,
1309 3038 1385 3098 ὧν
1420 3046 1650 3115 θάτερον
1684 3047 1785 3116 μὲν
1817 3048 1903 3120 ἦν,
1944 3051 1993 3104 τί
2017 3051 2154 3122 πρδς

2258 567 2356 603 νυν
2381 549 2524 605 οὕτω
2549 551 2994 624 διαστελλούσης,
3037 553 3312 625 τολμηρόν
3338 556 3487 610 ἐστιν
3529 558 3685 626 ἡμᾶς
3741 577 3848 630 μη·
3913 570 3922 573 “

2259 640 2348 694 δὲν
2371 639 2654 711 διαφέρειν
2686 643 2898 698 οῐεσθαι
2925 643 2988 698 τὺ
3013 643 3240 715 Πνεῦμά
3261 663 3322 698 τε
3355 647 3491 700 Υίοῦ
3525 650 3732 716 είπεῖν,
3756 653 3849 704 καὶ

2262 733 2488 804 Πνεῦμα
2519 736 2584 788 ἐκ
2614 735 2709 788 τοῦ
2739 735 2892 800 Υίοῦ,
2922 735 3062 790 ἀλλὰ
3085 737 3168 790 δεῖ
3185 737 3293 791 τῶν
3324 739 3624 809 γραφικῶν
3654 740 3851 806 λέξεων

2259 827 2555 895 ἐχομένους
2587 828 2676 880 ἐπ’
2706 829 2900 890 αὐταῖς
2930 829 3025 882 τὸν
3057 831 3157 899 τῆς
3207 831 3442 894 πίστεως
3480 833 3683 888 τοῦτον
3735 835 3852 906 δρό-

2264 934 2363 987 μον
2388 917 2594 981 άνύειν,
2625 919 2730 982 ἕως
2757 918 2824 973 ἂν
2850 920 2989 989 ἡμῖν
3020 923 3082 973 τὸ
3108 918 3319 974 τέλειον
3345 922 3746 994 ἀποκαλυφθῇ.
3778 927 3850 978 Οὐ

2260 1011 2371 1079 γὰρ
2408 1010 2573 1078 ⁴ήμεῖς
2604 1009 2698 1063 τοῦ
2731 1028 2792 1079 γε
2817 1010 3128 1080 Ἀγάθωνος
3152 1015 3356 1068 πάππα
3376 1015 3786 1086 εὐσεϐέστεροι,
3816 1018 3848 1086 ή

2260 1103 2362 1171 τῆς
2391 1105 2671 1174 γραφικῆς
2709 1103 2948 1169 διανοίας
2984 1104 3398 1175 ἐπιϐολώτεροι,
3431 1105 3491 1170 ὃς
3517 1109 3576 1160 ἐν
3608 1111 3676 1178 τῇ
3715 1110 3848 1179 πρὸς

2262 1193 2522 1264 βασιλέας
2555 1195 2743 1263 ἔλεγεν
2775 1197 3058 1267 ἐπιστολῇ,
3101 1199 3214 1259 τοῖς
3251 1197 3347 1250 ἐπὶ
3375 1199 3472 1268 τῆς
3518 1198 3694 1267 ἕκτης
3730 1218 3853 1253 συν-

2259 1288 2381 1341 όδου
2408 1289 2655 1359 Πατράσι
2691 1289 2992 1359 σύγχρονος
3039 1287 3139 1352 ῶν,
3180 1289 3240 1342 ἓν
3275 1290 3559 1359 ἐξαίρετον
3604 1290 3693 1344 διὰ
3719 1309 3853 1346 παν-

2260 1382 2524 1451 τδςέχειν
2581 1382 2864 1450 εὐχόμενοι
2915 1384 3007 1434 καὶ
3066 1379 3485 1449 σπουδάζοντες,
3531 1383 3624 1436 ἵνα
3688 1385 3851 1455 μηδὲν

2265 1472 2417 1542 παρὰ
2464 1471 2532 1525 τὰ
2564 1473 2866 1534 κανονικῶς
2901 1473 3186 1544 ὡρισμένα
3256 1474 3491 1544 μειωθῇ,
3527 1475 3704 1544 μηδὲν
3757 1475 3849 1528 ἀλ-

2263 1566 2426 1637 λαγῇ,
2462 1567 2495 1636 ἢ
2531 1568 2824 1638 προστεθῇζ
2862 1569 2998 1622 ἀλλὰ
3017 1569 3188 1622 ταῦτα
3221 1571 3316 1622 καὶ
3351 1573 3568 1640 ῥήμασι
3595 1569 3692 1623 καὶ
3724 1571 3850 1640 νοή-

2265 1677 2432 1728 μασιν
2463 1659 2836 1732 ἀπαράτρωτα
2868 1661 3242 1732 φυλαχθῶσιν.

2345 1751 2403 1803 Ὀ
2434 1752 2490 1804 δέ
2533 1751 2705 1821 μέγας
2745 1752 3044 1818 Βασίλειος,
3101 1771 3119 1805 ι
3179 1753 3455 1816 Εὐσεϐοῦς
3500 1755 3645 1817 ἐστι,
3694 1753 3846 1820 φησὶ,

2261 1842 2498 1907 διανοίας
2544 1846 2614 1899 τὰ
2659 1846 3126 1916 ἀποσιωπηθέντα
3154 1848 3211 1898 ἐν
3243 1849 3364 1908 ταῖς
3401 1847 3655 1915 Γραφαῖς
3694 1846 3851 1899 εὐλα-

2263 1932 2478 1986 ϐεῖσθαι
2511 1935 2606 1987 καὶ
2654 1934 3013 2005 ἐπιφημίζειν
3042 1935 3120 2006 τῷ
3155 1936 3298 2005 ἁγίῳ
3332 1937 3644 2004 Πνεύματι.
3685 1955 3704 1988 ι
3745 1938 3847 1988 Καὶ

2264 2025 2426 2078 πάλιν
2463 2028 2491 2078 6
2518 2027 2700 2090 αὐτὸς,
2738 2045 2756 2078 ι
2791 2028 2866 2080 Οὐ
2900 2027 3010 2098 γὰρ
3043 2028 3218 2081 ἐκεῖνό
3257 2029 3308 2096 γ’
3340 2029 3405 2081 ἂν
3442 2027 3614 2092 εἴποι,
3661 2031 3844 2097 φησ“.ν,

2262 2117 2529 2188 Εὐνόμιος
2582 2118 2849 2188 δηλονότι,
2895 2120 2976 2173 ὅτι
3027 2119 3237 2185 ἔξεστιν
3277 2121 3427 2190 αὐτῷ
3471 2123 3532 2174 ἐν
3561 2122 3674 2184 τοῖς
3720 2121 3843 2188 περὶ

2260 2212 2596 2282 τηλικούτων
2625 2211 2808 2280 λόγοις
2856 2215 3204 2282 παραγωγάς
3228 2229 3383 2278 τινας
3427 2217 3526 2268 καὶ
3558 2231 3845 2285 παρασχη-

2263 2305 2575 2375 ματισμοῦς
2611 2306 2720 2357 τῶν
2755 2306 3034 2375 ὀνομάτων
3083 2309 3341 2362 ἐπινοεῖν.
3377 2309 3438 2360 ΕΞ
3463 2310 3578 2378 γὰρ
3609 2309 3706 2361 καὶ
3745 2310 3842 2379 ἀρ-

2260 2397 2360 2462 γοῦ
2417 2397 2580 2466 λόγου
2632 2397 2865 2462 εὐθύνας
2913 2397 3185 2468 ὑφέξομεν
3222 2400 3284 2451 ἐν
3337 2400 3525 2471 ἡμέρᾳ⁴
3591 2401 3840 2472 κρίσεως.

2258 2487 2400 2559 ἦπού
2439 2507 2500 2558 γε
2542 2490 2602 2542 τὸ
2632 2492 2760 2560 περὶ
2793 2491 3129 2561 τηλικούτων
3163 2495 3516 2562 καινοτομεῖν
3551 2491 3838 2546 ἀνεύθυνον

2257 2585 2392 2652 ἡμῖν
2442 2583 2798 2652 ἀφεθήσεται,
2835 2585 2976 2654 τάχα
3015 2585 3123 2655 γὰρ
3151 2585 3211 2637 τδ
3257 2587 3356 2655 μὲν
3392 2585 3466 2648 ώς
3503 2587 3718 2659 πρέπον
3753 2585 3840 2638 ἐπὶ

2257 2675 2396 2729 Θεοῦ
2428 2679 2520 2728 καὶ
2557 2677 2771 2745 Πατρδς
2803 2677 3056 2744 λέγεσθαι
3088 2679 3240 2748 παρὰ
3292 2679 3387 2732 τοῦ
3419 2679 3571 2733 θείου
3601 2679 3839 2744 δεδιδάγο

2261 2767 2400 2836 μεθα
2425 2767 2608 2834 λόγου,
2635 2767 2792 2820 τοῦτο
2827 2767 2883 2820 δὲ
2911 2769 3010 2836 οὐχ
3038 2770 3282 2837 ἁρμόζον
3311 2768 3396 2839 τῷ
3429 2771 3753 2838 Μονογενεῖ,
3778 2766 3842 2821 δι’

2255 2854 2331 2912 ὧν
2360 2861 2724 2930 ἀπεσιώπησε
2765 2863 2826 2914 τὸ
2877 2861 3099 2931 Πνεῦμα
3130 2864 3190 2914 τὸ
3240 2863 3395 2930 ἅγιον
3444 2863 3772 2930 ἐνεδείξατο.
3816 2880 3832 2912 ι

2340 2951 2396 3004 ’0
2428 2952 2484 3004 δὲ
2519 2953 2695 3020 μέγας
2739 2953 3061 3017 Ἀθανάσιος
3089 2954 3226 3025 πρὸς
3255 2955 3437 3019 αὐτὸν,
3477 2975 3495 3005 ι
3527 2955 3690 3024 Ὑμῖν
3708 2971 3840 3021 παρ-

2259 3042 2537 3114 αινοῦμεν,
2585 3045 2721 3114 φησὶ⁷
2752 3085 2765 3107 ,
2809 3046 2948 3114 ὅπερ
3024 3048 3120 3098 καὶ
3169 3047 3384 3109 ἑαυτοῖς
3439 3046 3835 3118 παραινοῦμεν,

567 3138 696 3200 τοῦς
755 3136 1139 3206 ἐκκηρύκτους
1201 3136 1426 3202 τούτους
1475 3138 1892 3206 Ἀκινδυνείους,
1953 3143 2154 3209 μᾶλλον
2185 3171 2228 3230 c
2262 3132 2362 3204 τήν
2391 3135 2842 3207 παραδεδομένην
2884 3137 3074 3190 πίστιν
3124 3137 3440 3207 φυλάττειν,
3476 3137 3837 3209 ἐκτρέπεσθαι

567 3227 625 3280 δὲ
667 3227 1099 3294 Ἀκινδυνιστὰς,
1137 3229 1280 3298 ήμᾶς
1307 3229 1374 3282 ἂν
1406 3231 1808 3300 ἀποκρίνεσθαι
1836 3233 1972 3295 δέοι,
2005 3235 2157 3286 ἐπει-
2199 3227 2215 3230 ⁷
2261 3227 2318 3279 δὲ
2343 3228 2442 3292 τὰς
2474 3229 2735 3300 βεϐήλους
2768 3231 3156 3301 καινοφωνίαςι
3199 3232 3258 3284 Ὀ
3291 3232 3391 3302 μὲν
3417 3233 3531 3303 γὰρ
3565 3231 3743 3302 ζητῶν
3775 3230 3840 3280 τά

567 3318 664 3370 δαν
700 3319 834 3389 ἡμῖν
867 3317 965 3390 τὴν
998 3317 1090 3371 τοῦ
1127 3319 1403 3390 μακαρίου
1441 3322 1720 3392 Θεοδώρου
1770 3323 1865 3377 τοῦ
1901 3325 2154 3395 Γραπτοῦ

568 3412 729 3480 ῥῆσιν
758 3411 1171 3483 προσφέρωσιν,
1205 3414 1263 3466 ἐν
1358 3414 1508 3468 δοκεῖ
1541 3415 1603 3467 τὸ
1625 3415 1908 3486 διαφέρειν
1942 3413 2155 3472 οἴεσθαι

565 3504 664 3574 τήν
693 3505 884 3559 οὐσίαν
919 3507 1013 3559 καὶ
1039 3507 1140 3577 τὴν
1177 3506 1466 3577 ἐνέργειαν
1499 3509 1592 3561 ἐπὶ
1626 3507 1722 3562 τοῦ
1751 3509 1887 3563 Θεοῦ
1926 3511 2006 3573 είς
2027 3511 2156 3575 τοὺς

511 3582 526 3596 κ
551 3598 878 3668 αἱρετικοὺς
909 3599 1295 3670 ἀπορρίπτειν,
1332 3599 1409 3663 ὡς
1445 3602 1606 3664 αὐτὸς
1635 3602 1809 3674 δήπου
1853 3603 2046 3656 ταυτὸν
2075 3595 2155 3656 εἷ-

566 3706 656 3743 ναι
681 3691 926 3760 οἰόμενος
951 3691 1126 3745 ταῦτα
1147 3709 1161 3724 ⁸
1193 3692 1421 3762 θάτερον
1447 3693 1504 3746 δὲ
1539 3694 1667 3758 τοῦς
1697 3695 1892 3758 αὐτοὺς
1919 3696 2151 3758 τούτους

563 3783 779 3854 ἔφησθα
824 3786 954 3856 περὶ
1012 3784 1106 3838 τοῦ
1150 3787 1420 3852 παναγίου
1470 3787 1791 3857 Πνεύματος
1847 3790 2149 3860 διαπορεῖν,

561 3877 704 3930 διατί
757 3877 971 3948 Πατρδς
1025 3878 1126 3946 μὲν
1184 3878 1430 3932 ἐστικαὶ
1485 3880 1615 3932 Υίοῦ
1669 3881 1731 3931 τὸ
1782 3881 1913 3934 αὐτὸ
1959 3882 2056 3934 καὶ
2090 3882 2150 3936 ἐν

561 3967 792 4038 Πνεῦμα
829 3969 1014 4035 ἅγιον,
1035 3965 1178 4022 οὕτω
1202 3970 1299 4038 τῆς
1330 3971 1553 4040 Γραφῆς
1582 3972 1960 4044 διδασκούσης,
1985 3977 2147 4045 ήμεῖς

560 4059 607 4112 δ’
641 4062 705 4112 ἐκ
737 4059 838 4126 μὲν
867 4063 958 4113 το)
993 4061 1206 4129 Πατρὶς
1229 4052 1559 4128 ὑφίστασθαι
1593 4063 1967 4134 ὁμολογοῦμεν
1989 4067 2144 4131 αὐτὸ,

560 4155 624 4205 ἐκ
657 4152 714 4204 δὲ
749 4151 841 4203 τοῦ
880 4151 1008 4205 Υίοῦ
1059 4152 1161 4222 τὴν
1212 4153 1392 4208 αἰτίαν
1437 4154 1582 4224 ἔχειν
1613 4155 1948 4226 ἀρνούμεθα.
1989 4159 2148 4212 Δοκεῖ

560 4246 668 4313 γὰρ
700 4245 858 4312 εἰπερ
892 4243 952 4297 ἓν
985 4245 1102 4296 ἐστι
1129 4246 1222 4296 καὶ
1249 4246 1443 4298 ταυτὸν
1487 4247 1544 4297 ἐν
1587 4247 1789 4314 ἀμφοῖν
1820 4250 1913 4303 καὶ
1967 4249 2148 4302 ὡσαύ-

557 4350 686 4394 τως,
718 4332 826 4384 δεῖν
855 4335 920 4384 ἂν
949 4333 1078 4386 αὐτό
1109 4340 1200 4387 καὶ
1224 4334 1281 4401 ἐξ
1311 4336 1513 4404 ἀμφοῖν
1545 4340 1794 4406 προϊέναι
1821 4339 2004 4392 εἶτουν
2027 4339 2148 4408 ὑφί-

561 4423 816 4477 στασθαι.
844 4420 946 4478 Ὧν
984 4428 1113 4496 περὶ
1144 4427 1237 4480 τοῦ
1283 4429 1541 4498 δευτέρου
1572 4429 1640 4483 δι’
1669 4429 1968 4484 ἐλαττόνων
1995 4433 2149 4503 πρῶ-

2261 3321 2402 3392 ὐπέρ
2439 3322 2654 3389 ἑαυτὸν,
2692 3324 2882 3394 φησὶν,
2913 3325 3285 3389 ἐπικίνδυνος,
3315 3328 3344 3378 6
3371 3326 3427 3378 δέ
3455 3328 3574 3389 τοῖς
3611 3323 3838 3392 παραδο-

2259 3411 2432 3466 θεῖσιν
2457 3414 2715 3484 ἐμμένων
2744 3415 3049 3480 ἀκίνδυνος.
3093 3435 3113 3470 ι
3164 3416 3452 3488 ’Λρκοῦσιν
3487 3417 3542 3470 οί
3583 3417 3730 3483 τρεῖς
3751 3408 3833 3467 οῦο

2256 3520 2340 3556 τοι
2372 3505 2654 3576 μάρτυρες
2677 3506 2871 3572 δεῖξαι,
2894 3508 2978 3562 ὅτι
3018 3509 3114 3562 καὶ
3157 3509 3382 3578 μηδενὸς
3414 3511 3551 3579 ἡμῖν
3591 3507 3836 3563 διδασκά-

2257 3597 2349 3650 λου
2410 3599 2508 3669 τὴν
2571 3601 2851 3670 γραφικήν
2895 3601 3102 3671 ταύτην
3160 3602 3424 3668 διάστιξιν
3472 3602 3836 3656 ἀναπτύσσονο

2255 3707 2368 3752 τος,
2408 3691 2576 3761 ἐχρῆν
2602 3692 2768 3762 ἡμᾶς,
2803 3693 2839 3746 ἂ
2865 3695 2963 3762 μὲν
2990 3695 3022 3764 ἡ
3051 3693 3246 3765 Γραφὴ
3281 3695 3427 3762 λέγει
3457 3694 3769 3765 κηρύττειν,
3799 3689 3831 3743 ἃ

2253 3781 2310 3834 δὲ
2368 3784 2702 3856 σεσιώπηκε,
2733 3785 2827 3837 καὶ
2861 3786 3060 3851 αὐτοῦς
3111 3790 3343 3858 σιωπᾷν,
3401 3789 3496 3840 καὶ
3546 3785 3626 3853 οἷς
3657 3788 3829 3852 ἐκείνη

2252 3873 2506 3943 διώρισεν
2531 3877 2902 3947 ἐφησυχάζειν
2924 3893 2937 3905 °
2966 3881 3214 3933 τουτέστι
3243 3881 3303 3934 τὸ
3329 3881 3555 3950 Πνεῦμα
3589 3883 3649 3934 τὸ
3683 3881 3832 3946 ἅγιον

2250 3965 2344 4018 τοῦ
2371 3968 2584 4037 Πατρὸς
2615 3968 2714 4037 μὲν
2747 3972 2842 4022 καὶ
2891 3971 2956 4022 ἐκ
2979 3970 3071 4023 τοῦ
3099 3973 3307 4040 Πατρὺς
3325 3973 3629 4042 ὁμολογεῖν,
3660 3975 3721 4024 ἐκ
3743 3969 3830 4022 τοῦ

2253 4057 2383 4111 Υἱοῦ
2407 4059 2461 4111 δὲ
2483 4060 2556 4128 μὴ
2574 4060 2775 4128 λέγειν,
2795 4063 2929 4115 ἀλλὰ
2949 4063 3108 4132 μόνον
3121 4065 3215 4118 τοῦ
3235 4067 3388 4122 Υίοῦ.
3409 4067 3565 4120 Οῦτω
3585 4068 3688 4138 γὰρ
3704 4063 3831 4117 ὲκεί-

2250 4167 2314 4219 νη
2335 4150 2614 4215 διέστιξεν.

2334 4243 2495 4297 Ἀλλὰ
2520 4246 2635 4312 νῦν,
2663 4248 2691 4300 ὃ
2721 4251 2887 4305 πλέον
2915 4254 3087 4322 ἐστὶν,
3107 4256 3133 4307 ό
3167 4255 3342 4324 μέγας
3377 4255 3651 4321 Βασίλειος
3682 4249 3826 4312 οὗτος

2249 4335 2313 4406 δὴ
2335 4335 2440 4387 τῶν
2489 4338 2672 4392 καλῶν
2727 4345 3023 4416 μαρτύρων
3073 4349 3204 4418 ἡμῖν
3231 4351 3258 4402 ὁ
3302 4350 3488 4419 μέσος,
3514 4351 3572 4402 ἐν
3602 4351 3664 4420 τῇ
3695 4346 3826 4417 πρὸς

2249 4429 2340 4480 τὸν
2361 4429 2590 4500 ἀδελφὸν
2615 4433 2895 4508 ἐπιστολῇ,
2926 4443 2990 4509 τῇ
3025 4441 3282 4508 διαστίξει
3315 4443 3418 4513 τῆς
3448 4444 3673 4514 Γραφῆς
3701 4439 3826 4493 ταύ-

555 4533 649 4571 τον
677 4519 952 4584 εἰπόντες,
984 4521 1076 4573 ἐπὶ
1110 4521 1365 4592 θάτερον,
1390 4523 1418 4576 ὃ
1441 4523 1506 4595 δὴ
1537 4526 1628 4576 καὶ
1659 4525 1938 4596 προῦργου
1975 4529 2142 4592 ποιεῖ,
2177 4536 2221 4593 υ
2248 4537 2345 4590 της
2376 4523 2751 4593 ἐφαπτόμενος
2789 4532 3059 4598 φαίνεται,
3100 4537 3352 4607 καθάπερ
3384 4555 3468 4602 τις
3499 4539 3700 4606 ἀγαθὸς
3734 4534 3821 4585 καὶ

555 4607 616 4659 το
647 4607 807 4661 πλέον
837 4610 1110 4680 τρέψομεν
1134 4611 1229 4663 τοῦ
1258 4612 1442 4680 λόγου.

637 4698 828 4768 Ἀρκεῖ
863 4701 964 4769 μὲν
1009 4697 1103 4754 οὖν
1139 4703 1220 4764 εἰς
1255 4703 1410 4756 λύσιν
1464 4703 1567 4772 τῆς
1608 4705 1892 4774 ζητήσεως
1939 4706 2142 4775 ταύτης

553 4789 856 4862 εὐσεϐούσῃ
886 4790 1054 4863 ψυχῇ,
1078 4795 1136 4844 τὸ
1163 4793 1260 4860 τὴν
1295 4793 1526 4867 Γραφήν
1559 4796 1623 4846 ἐκ
1665 4793 1758 4847 τοῦ
1794 4795 2003 4866 [Ιατρὸς
2043 4797 2143 4865 μὲν

554 4885 614 4934 τὺ
648 4883 870 4952 Πνεῦμα
895 4885 1210 4956 κηρύττειν,
1243 4888 1308 4939 ἐκ
1327 4887 1383 4939 δὲ
1413 4886 1506 4939 τοῦ
1533 4886 1658 4939 Υἱοῦ
1688 4888 1978 4958 μηδαμῶς,
2000 4889 2138 4942 ἀλλὰ

546 4977 720 5044 ,μόνον
767 4977 992 5048 Πνεῦμα
1044 4979 1200 5044 Υίοῦ,
1233 4978 1333 5032 καὶ
1373 4979 1596 5047 Πνεῦμα
1657 4981 1898 5049 Χριστοῦ
1958 4981 2139 5049 λέγειν

554 5068 708 5132 αὐτὸ,
754 5071 814 5121 οὐ
854 5070 915 5121 τὸ
960 5071 1186 5140 Πνεῦμα
1218 5071 1567 5141 δικάζουσαν,
1613 5074 1712 5143 οὐχ
1751 5061 1915 5144 ἦττον
1949 5074 2050 5144 μὲν
2081 5078 2140 5128 ἐν

553 5156 632 5227 τῷ
663 5158 801 5228 Υίῷ,
847 5161 1047 5229 μᾶλλον
1083 5162 1139 5216 δὲ
1181 5165 1239 5216 ἐν
1261 5161 1341 5233 τῷ
1383 5163 1562 5234 Πατρί
1602 5161 1748 5217 τοῦτ’
1784 5159 1924 5218 εἶναι
1986 5164 2137 5218 διδά-

558 5264 816 5315 σκουσαν,
851 5249 989 5304 ἀλλὰ
1045 5251 1121 5321 τῷ
1159 5253 1259 5322 μὲν
1297 5253 1364 5306 ἐκ
1403 5253 1496 5306 τοῦ
1528 5255 1743 5324 Πατρὸς
1792 5253 1891 5326 τὴν
1927 5256 2138 5310 ἐκεῖθεν

493 5354 531 5389 Α
551 5341 853 5395 ὑπόστασιν
884 5343 1224 5410 φανεροῦσαν
1258 5345 1395 5413 πρὸς
1419 5348 1490 5416 τῇ
1528 5348 1649 5400 κατ’
1679 5347 1870 5400 οὐσίαν
1898 5349 2133 5419 ἐνότητι,

550 5435 629 5506 τῷ
667 5433 723 5486 δὲ
759 5433 855 5488 τοῦ
889 5433 1019 5488 Υίοῦ
1047 5435 1228 5504 λέγειν
1279 5436 1440 5507 μόνον
1479 5438 1630 5504 αὐτὸ,
1668 5438 1766 5511 τὴν
1792 5443 1934 5496 κατὰ
1970 5441 2134 5510 φύσιν

549 5527 825 5582 οἰκείωσιν
855 5528 1025 5599 μόνην
1054 5528 1577 5598 κατασημαίνουσαν
1617 5525 1840 5603 ἧστινος
1878 5534 2042 5586 ἕνεκα
2073 5535 2134 5586 τὸ

551 5621 775 5692 Πνεῦμα
803 5622 864 5675 τὸ
887 5622 1066 5692 ἆγιον,
1099 5621 1323 5692 Πνεῦμα
1352 5640 1411 5676 τε
1437 5623 1571 5677 Θεοῦ
1599 5625 1767 5692 λέγει,
1792 5627 1884 5678 καὶ
1909 5625 2134 5694 Πνεῦμα

552 5710 617 5761 ἐκ
648 5711 741 5763 τοῦ
777 5712 933 5773 Θεοῦ,
983 5715 1076 5766 κκῖ
1117 5713 1340 5782 Πνεῦμα
1373 5714 1436 5766 ἐκ
1484 5713 1578 5766 τοῦ
1633 5714 1884 5782 Πατρός·
1919 5715 1981 5766 ἐκ
2039 5714 2132 5767 τοῦ

550 5801 678 5853 Υῖοῦ
713 5803 768 5854 δὲ
798 5806 1036 5872 οὐδαμοῦ
1067 5823 1221 5874 φησι,
1251 5806 1362 5858 αλλ’
1397 5807 1432 5878 ἦ
1485 5807 1648 5874 μόνοιν
1682 5806 1909 5877 Πνεῦμα
1958 5806 2084 5859 Υὲοῦ
2116 5826 2127 5838 ·

2248 4612 2575 4685 εὐγνώμων,
2622 4621 2714 4672 καὶ
2740 4620 2929 4692 ὥσπερ
2961 4627 3058 4696 τὴν
3091 4627 3299 4698 τόλμαν
3331 4631 3489 4683 ἐνίων
3518 4631 3614 4684 καὶ
3644 4643 3823 4698 προειο

2245 4703 2348 4768 δὼς
2380 4709 2667 4780 ἐσομένην,
2691 4717 2782 4767 καὶ
2812 4715 3098 4786 πόρρωθεν
3129 4719 3405 4792 ἀναιρῶν*
3431 4725 3565 4794 φησὶ
3598 4722 3704 4789 γὰρ
3734 4718 3822 4770 οὖ⁶

2244 4801 2379 4853 τωσί
2400 4817 2413 4832 ·
2450 4820 2468 4853 ι
2510 4805 2620 4859 Καὶ
2649 4806 2677 4858 ὁ
2699 4806 2758 4859 τὸ
2788 4807 3012 4877 Πνεῦμα
3045 4813 3206 4880 μόνον
3233 4812 3404 4868 εἰπὼν
3426 4810 3817 4885 συμπεριέλαὸε

2243 4893 2306 4960 τῇ
2338 4892 2598 4963 ὁμολογίᾳ
2627 4896 2720 4948 καὶ
2750 4898 2842 4950 τὸν
2891 4898 2953 4951 οῦ
2983 4901 3102 4954 ἐστι
3137 4903 3384 4974 Πνεῦμα,
3442 4905 3538 4958 τοῦ
3589 4896 3814 4973 Χριστοῦ

2243 4984 2374 5052 γὰρ,
2411 4987 2505 5037 καὶ
2531 4987 2622 5039 τὸν
2671 4987 2730 5054 ἐξ
2781 4983 2841 5043 οῦ
2868 4991 3042 5055 ἐστιν,
3093 4994 3158 5048 ἐκ
3198 4995 3294 5048 τοῦ
3342 4995 3478 5049 Θεοῦ
3513 4996 3642 5067 γὰρ,
3682 4987 3816 5046 καθά

2244 5091 2409 5144 φησιν
2435 5078 2463 5129 6
2493 5077 2842 5146 Ἀπόστολος.
2877 5101 2896 5134 ι
2937 5085 3046 5137 Καὶ
3085 5087 3112 5138 6
3141 5086 3556 5158 Χρυσόστομος,
3595 5107 3612 5138 ι
3652 5078 3815 5138 Πνεῦ-

2245 5182 2320 5236 μα
2351 5167 2511 5234 Θεοῦ,
2541 5171 2636 5224 καὶ
2673 5172 2916 5244 Πνεῦμα,
2950 5177 3103 5247 φησὶ,
3127 5177 3189 5231 τὸ
3211 5179 3276 5233 ἐκ
3300 5179 3393 5233 τοῦ
3417 5180 3573 5236 Θεοῦ.
3599 5176 3706 5234 Καὶ
3734 5173 3811 5226 ἵνα

2244 5255 2455 5328 μήποτε
2483 5259 2815 5327 ἀκούσαντες
2844 5265 3007 5334 ἡμεῖς
3036 5268 3266 5339 Πνεῦμα
3317 5271 3475 5340 Θεοῦ,
3510 5270 3810 5340 νομίσωμεν

2239 5347 2308 5400 δι’
2333 5351 2642 5422 οἱκείοτητα
2662 5354 2919 5424 λέγεσθαι
2957 5358 3183 5431 Πνεῦμα
3202 5363 3361 5430 Θεοῦ,
3390 5365 3598 5435 εἰσάγει
3627 5360 3808 5432 ήΓρα·

2239 5441 2316 5513 φὴ
2342 5445 2400 5496 τὸ
2453 5446 2677 5515 Πνεῦμα
2725 5449 2785 5502 τὸ
2819 5451 3000 5519 ἅγιον,
3036 5455 3130 5506 καὶ
3155 5457 3482 5527 προστίθησι
3508 5457 3584 5527 τῷ
3608 5451 3720 5522 Θεῷ
3753 5447 3807 5500 τ’)

2239 5534 2302 5584 ἐκ
2355 5534 2450 5586 τοῦ
2503 5535 2656 5590 Θεοῦ.
2726 5539 2888 5593 Ἀλλο
2923 5541 2980 5594 δὲ
3012 5543 3094 5610 τὸ,
3144 5545 3316 5611 Θεοῦ,
3365 5548 3458 5600 καὶ
3480 5547 3603 5601 ἄλλο
3631 5545 3708 5606 τὸ,
3744 5538 3808 5591 ἐκ

2237 5627 2344 5680 τοῦ
2380 5628 2551 5684 Θεοῦ.
2583 5631 2807 5697 Τούτοις
2857 5636 3165 5705 συμφώνως
3205 5641 3234 5692 δ
3266 5640 3411 5709 ίερὸς
3458 5633 3806 5712 Δαμασκηνἰς

2251 5719 2522 5790 Ἰωάννης,
2553 5743 2573 5776 ι
2613 5723 2706 5778 Ἐκ
2726 5725 2820 5779 τοῦ
2851 5727 2982 5781 Υίοῦ
3013 5729 3069 5782 δὲ
3101 5731 3161 5785 τὸ
3191 5731 3416 5804 Πνεῦμα
3455 5735 3519 5788 οὐ
3565 5731 3806 5798 λέγομεν,

2238 5813 2389 5881 φησὶ,
2430 5815 2653 5886 Πνεῦμα
2683 5817 2740 5870 δὲ
2774 5817 2902 5871 Υίοῦ
2939 5821 3299 5893 ὀνομάζομεν.
3341 5844 3362 5876 ι
