4118 6280
404 340 518 411 653

1497 328 1796 397 CONTRA
1852 328 2190 407 ΑΕΙΝΒῩΝ
2199 327 2482 390 1Α5ΤΛ8.

3561 311 3667 377 654

484 456 549 511 El
569 454 745 509 τοίνυν
775 449 962 514 ἁπλῶς
995 444 1095 520 μὲν
1138 452 1231 502 καὶ
1260 448 1506 517 πανταχῆ
1528 447 1637 499 τῶν
1661 445 1861 510 λέξεων
1880 444 1990 496 τῶν
2022 457 2064 507 Α
2094 442 2315 509 λέγεται
2349 438 2445 491 καὶ
2496 435 2721 504 ἀμφοῖν,
2769 428 2882 486 οἷον
2928 434 2961 502 ἡ
2995 430 3185 498 θεότης
3222 427 3320 497 μία
3345 427 3499 498 καὶὴ
3530 427 3668 495 αὐτή

410 546 704 620 γραφικῶν
725 543 942 615 ἔχεσθαι
997 540 1358 611 παραινοῦσιν
1406 541 1560 609 ἡμῖν,
1594 540 1693 601 τὰς
1725 538 1782 591 δὲ
1830 537 1990 607 βεϐή-

2096 538 2245 589 ὲστιν
2271 534 2328 585 ἐν
2357 531 2557 601 ἀμφοῖν
2591 529 2684 581 καὶ
2714 524 2975 587 ὡσαύτως
3000 539 3015 552 ·
3049 524 3262 575 ἔσονται
3305 519 3437 587 γοῦν
3469 517 3675 586 ταύτης

374 695 382 702 ,
408 643 539 701 λους
599 634 985 708 παραιτεῖσθαι
1047 634 1433 701 καινοφωνίας,
1486 630 1580 683 καὶ
1636 628 1791 683 αὐτοὶ
1846 626 1993 680 οὓτω
2095 628 2122 678 6
2145 624 2333 694 Πατήρ
2356 637 2415 674 τε
2463 621 2579 688 ἅμα
2630 619 2723 670 καὶ
2754 619 2780 670 6
2809 616 2934 680 Υἱὸς
2963 615 3156 678 αἴτιος,
3186 611 3266 665 ὅτι
3293 613 3325 680 ἡ
3356 610 3496 678 αὐτή
3528 610 3677 663 ἔστιν

411 734 590 786 ποιεῖν
626 727 1014 799 ἰσχυρίζονται,
1063 723 1205 777 οὕτω
1238 723 1295 777 δὲ
1347 723 1441 776 καὶ
1483 720 1730 774 ποιοῦσιν
1761 718 1883 772 οὐδὲ
1917 716 1994 787 τῷ

412 821 783 894 προκειμένῳ,
809 818 905 870 καὶ
936 816 1114 887 πολλῷ
1139 816 1313 886 δήπου
1337 815 1688 883 σαφέστερον,
1710 811 1769 864 δι
1815 810 1996 863 ἔθεντο

414 916 582 984 νόμον
605 911 854 981 τηροῦσι,
878 910 969 963 καὶ
997 909 1274 978 διαφέρειν
1297 909 1429 978 ἡμῖν
1459 906 1540 965 16.
1578 906 1646 958 ἐκ
1681 903 1787 958 τοῦ
1824 905 1995 969 Θεοῦ,

415 1009 516 1060 καὶ
568 1003 651 1069 τδ,
686 1002 859 1066 Θεοῦ,
918 998 1268 1072 διορίζονται,
1317 998 1353 1052 ἀ
1402 999 1495 1051 καὶ
1529 997 1697 1066 ἄμφω
1736 994 1997 1065 περὶτοῦ

416 1096 739 1166 Πνεύματος
765 1094 1036 1161 λέγονται,
1080 1091 1244 1155 ὥστε,
1284 1092 1378 1144 καὶ
1409 1090 1470 1143 16
1493 1090 1714 1158 Πνεῦμα
1747 1087 1875 1140 Υίοῦ
1906 1086 2003 1140 καὶ

416 1190 481 1242 16
512 1188 736 1256 Πνεῦμα
783 1188 847 1238 ὲκ
880 1183 973 1237 τοῦ
1026 1182 1157 1236 Υἱοῦ
1192 1183 1466 1251 διαφέρειν
1493 1222 1508 1245 ,
1542 1176 1614 1233 ὧν
1646 1181 1873 1248 θάτερον
1903 1178 2001 1245 μὲν

419 1282 662 1348 λέγεται,
687 1279 913 1346 θάτερον
941 1276 997 1328 δὲ
1027 1276 1088 1327 οὐ
1109 1274 1347 1341 λέγεται,
1369 1273 1500 1325 διότι
1531 1271 1665 1342 μηδὲ
1691 1270 1858 1323 ἐστιν.
1893 1288 1910 1319 ι
1938 1268 2002 1322 Εἰ

423 1377 535 1443 γὰρ
584 1372 825 1440 ἔπρεπεν
881 1368 1032 1437 αὐτῷ
1084 1365 1427 1437 προσηγορία
1471 1363 1721 1433 τοιαύτη,
1770 1362 1935 1431 φησὶν
1975 1359 2005 1410 6

2097 719 2154 770 έν
2180 715 2403 784 ἀμφοῖν,
2459 712 2554 764 καὶ
2591 710 2720 780 περὶ
2775 710 2992 762 πάντων
3042 706 3152 758 τῶν
3212 702 3410 756 κοινῶν
3445 701 3619 770 αὐτῆς
3648 703 3677 753 6

2098 808 2258 870 αὐτὸς
2281 806 2430 859 ἔσται
2454 802 2630 869 λόγος.

2176 898 2333 950 Ἐστι
2362 894 2417 948 δὲ
2451 896 2579 963 περὶ⁸
2608 893 2819 954 οὐδενὸς
2849 890 3028 942 αὐτῶν
3061 887 3206 940 τοῦτ’
3243 885 3439 956 ἀληθὲς
3463 883 3635 953 δήπου
3666 897 3679 909 °

2102 991 2238 1046 ἀλλὰ
2254 988 2564 1044 τούναντίον
2594 987 2741 1039 ἐστὶν
2762 982 2979 1053 ἀληθὲς,
3011 982 3094 1034 ὅτι
3144 979 3253 1032 τῶν
3280 978 3461 1031 αὐτῶν
3512 977 3682 1029 ὄντων

2104 1087 2162 1137 ὲν
2189 1085 2390 1153 ἀμφοῖν
2423 1083 2518 1135 καὶ
2544 1078 3001 1149 ἀπαραλλάκτως,
3026 1076 3177 1144 ὅμως
3204 1073 3232 1126 6
3256 1072 3445 1140 Πατὴρ
3475 1070 3683 1123 τούτων

2104 1178 2363 1234 ἁπάντων
2388 1176 2545 1245 μόνος
2587 1173 2733 1224 ἐστὶν
2765 1171 2935 1229 αἴτιος
2970 1166 3047 1237 τῷ
3076 1164 3213 1235 Υίῷ,
3243 1166 3269 1217 6
3300 1164 3357 1216 δὲ
3389 1162 3514 1224 Υἱὸς
3535 1162 3688 1214 οὐδε-

2108 1270 2196 1333 νὸς
2223 1269 2428 1322 τούτων
2482 1269 2649 1327 αίτιος
2686 1261 2864 1333 ἑαυτῷ
2891 1278 2908 1295 ο
2960 1262 3102 1314 κατά
3152 1257 3323 1311 ταῦτα
3358 1256 3538 1309 τοίνυν
3568 1255 3689 1307 οὐδὲ

2107 1360 2200 1413 τοῦ
2231 1359 2361 1412 ίδίου
2385 1356 2700 1424 Πνεύματὸς
2728 1356 2874 1407 ἐστιν
2913 1353 3106 1415 αἴτιος.
3137 1351 3236 1404 Διά
3270 1349 3421 1402 ταῦτ’
3457 1348 3566 1419 ἄρα
3594 1348 3689 1399 καὶ

426 1465 728 1528 Βασίλειος,
756 1462 855 1515 οὐκ
890 1460 955 1512 ἂν
983 1458 1267 1527 ἒσιωπήθη
1292 1456 1443 1526 παρὰ
1474 1456 1569 1509 τοῦ
1605 1454 1946 1523 Πνεύματος⁹
1981 1470 2000 1502 ι

425 1560 514 1622 τίς
558 1557 743 1610 λοιπὸν
795 1550 1037 1606 εὐσεϐεῖν
1064 1550 1385 1620 βουλόμενος
1410 1545 1707 1615 λογισμούς
1734 1560 1887 1606 τινας
1912 1543 2009 1595 ἀν-

422 1650 734 1720 θρωπίνους
765 1647 973 1715 κομιεῖ,
1003 1642 1144 1697 ὥστε
1167 1640 1368 1696 ὲνῶσαι
1401 1640 1494 1692 καὶ
1529 1636 1764 1706 συνάψαι
1798 1635 2009 1696 κακῶς,

428 1717 576 1807 ειπερ
608 1739 641 1806 ἡ
679 1737 795 1788 θεία
824 1732 1014 1803 Γραφὴ
1061 1731 1316 1800 διώρισεν
1338 1727 1606 1798 ὀρθότατα
1634 1728 1828 1795 δήπου,
1858 1726 1906 1776 οἱ
1937 1725 2013 1777 δι·
2117 1732 2305 1791 αὐταῖς
2340 1728 2651 1796 προσόντων
2680 1724 2961 1784 ἁπάντων,
2999 1722 3180 1774 αὐτῶν
3213 1720 3269 1773 δὲ
3321 1718 3590 1787 ἑκατέρας
3620 1717 3697 1784 τῷ

422 1829 687 1885 δάσκαλοι
719 1829 829 1890 τοῖς
855 1826 1060 1895 ταύτης
1093 1825 1352 1890 ἑπόμενοι
1375 1822 1559 1891 νόμοις
1588 1818 1729 1872 οὕτω
1756 1818 2010 1887 φανερῶς
2042 1806 2087 1860 Β
2118 1822 2177 1886 ἐξ
2211 1822 2391 1883 αίτίας
2440 1814 2579 1871 εῖναι
2637 1814 3072 1885 γνωριζομένης,
3128 1812 3221 1865 καὶ
3246 1811 3314 1864 τὰ
3346 1811 3487 1864 αὐτά
3522 1811 3700 1862 πάντα

427 1919 750 1990 διορίζουσιν
778 1918 872 1970 καὶ
923 1914 1199 1984 μέμψεται
1246 1917 1360 1973 τοῖς
1409 1911 1485 1979 μὴ
1540 1909 1833 1978 προσέχειν
1864 1904 2016 1975 αὑτῷ
2119 1916 2198 1985 τῷ
2229 1916 2427 1984 Πατρὶ,
2458 1914 2557 1983 τῆς
2610 1912 2710 1981 μὲν
2739 1907 3015 1979 γεννητῶς
3042 1906 3295 1976 ἐχούσης,
3328 1904 3428 1974 τῆς
3453 1903 3511 1956 δὲ
3539 1903 3700 1956 ἄλλον

2114 1453 2249 1522 μόνη
2284 1450 2436 1519 πηγὴ
2454 1450 2552 1519 τῆς
2589 1447 2916 1518 ὐπερουσίου
2971 1445 3225 1512 θεότητος
3252 1444 3279 1495 ὁ
3314 1441 3502 1511 Πατὴρ
3539 1441 3691 1509 ἐῐρη-

2113 1561 2202 1597 ται
2228 1543 2305 1612 τῷ
2334 1540 2619 1609 Διονυσίῳ,
2649 1540 2723 1601 ὼς
2759 1539 2819 1601 ἐξ
2847 1536 3059 1606 ἐκείνης
3081 1535 3178 1603 τῆς
3211 1535 3562 1594 ὑποστάσεως
3582 1532 3691 1584 τῶν

2114 1636 2290 1689 ἀλλων
2326 1635 2487 1688 θείων
2515 1645 2577 1683 τε
2610 1628 2963 1683 ὐποστάσεων
2990 1625 3427 1689 ἀναϐλυζουσῶν,
3462 1623 3553 1676 καὶ
3584 1622 3695 1675 τῶν

428 2012 818 2082 βουλομένοιςς
880 2008 953 2061 ’Ὴ
998 2008 1081 2069 τίς
1120 2004 1220 2069 τάς
1266 2003 1521 2064 τοιαύτας
1554 2001 1718 2055 κινῶν
1758 1999 2015 2068 ἀπορίας,

429 2106 572 2157 ὅπου
614 2105 646 2172 ἡ
680 2102 777 2169 τῆς
798 2099 1021 2169 Γραφῆς
1048 2095 1310 2149 αὐθεντία
1352 2094 1673 2147 συνίσταται
1714 2092 1829 2154 τοῖς
1856 2090 2017 2142 εὐσεο

427 2195 553 2247 ϐεῖν
581 2192 952 2264 βουλομένοις,
982 2189 1044 2242 οὐ
1088 2187 1230 2253 δόξει
1260 2186 1471 2255 ταύτης
1501 2183 1866 2251 καταφρονεῖν
1894 2198 1910 2249 ;

514 2289 654 2358 Πρὸς
684 2285 819 2339 Θεοῦ
866 2285 962 2336 καὶ
1012 2282 1177 2335 πόθεν
1230 2280 1428 2350 ἔχομεν
1480 2278 1655 2331 ὅτιτὸ
1697 2277 1921 2345 Πνεῦμα
1959 2277 2023 2327 ὲκ

432 2381 534 2435 τοῦ
571 2379 785 2449 Πατρός
816 2378 953 2439 ἐστι,
1001 2377 1094 2428 καὶ
1145 2373 1237 2425 τοῦ
1273 2370 1524 2441 Πηατρός;
1560 2364 1649 2434 ἆρ’
1691 2371 1753 2421 ἐκ
1786 2369 1897 2420 τῶν
1930 2368 2023 2418 ἀν-

432 2473 728 2545 θρωπίνων
760 2469 1075 2539 λογιομῶν;
1111 2466 1281 2519 Πόθεν
1307 2462 1781 2530 πεπιστεύκαμεν,
1818 2461 1901 2513 ὄτι
1932 2460 2023 2513 καὶ

434 2568 536 2618 τοῦ
563 2564 694 2617 Υίοῦ
720 2564 836 2615 ἔστι
859 2560 1051 2623 τοῦτο;
1084 2559 1315 2626 πότερον
1342 2557 1591 2624 φυσικοῖς
1627 2552 2024 2614 πιστεύσαντες

436 2658 621 2724 λόγοις
646 2652 967 2723 ;Οὐδαμῶς,
997 2650 1115 2704 ἀλλ’
1138 2653 1170 2718 ἡ
1204 2648 1297 2702 τοῦ
1330 2648 1468 2702 Πνεύ
1479 2665 1645 2717 ματος
1675 2646 2022 2711 διδασκαλία,

442 2749 794 2817 πιθανωτέρα
839 2748 1061 2799 πάντων
1092 2742 1248 2795 οὐσα.
1278 2741 1432 2794 ταῦθ’
1468 2742 1601 2810 ἡμῖν
1631 2738 1901 2808 ὁσημέραι
1928 2756 2027 2806 κη-

436 2842 632 2914 ρύττει
671 2840 738 2892 τά
777 2839 1047 2907 δόγματα.
1107 2835 1261 2903 Αὕτη
1307 2832 1488 2885 τοίνυν
1522 2833 1621 2884 οὐκ
1670 2831 1738 2884 ἂν
1768 2831 2028 2898 ἐφείσατο

442 2938 539 2988 καὶ
565 2931 776 2996 τούτου,
809 2930 969 2997 εἴπερ
999 2924 1064 2998 ἦν
1100 2926 1318 2996 ἀληθές.
1363 2925 1517 2977 Ἐπεὶ
1549 2924 1605 2976 δὲ
1639 2923 1871 2992 διορίζει
1928 2940 2029 2974 σα-

440 3026 562 3096 φῶς
585 3024 803 3087 οὑτωσὶ,
833 3022 930 3075 καὶ
952 3020 1081 3073 Υίοῦ
1107 3020 1207 3090 μὲν
1234 3019 1380 3086 λέγει
1408 3018 1657 3087 Πνεῦμα,
1690 3018 1754 3070 ὲκ
1780 3014 1873 3069 τοῦ
1897 3014 2028 3069 Υίοῦ

2120 2009 2245 2063 τινὰ
2268 2008 2492 2078 τρόπον,
2551 2004 2697 2074 ἀπερ
2750 2004 2957 2065 ἐκεῖνος
3011 1998 3270 2061 ἀναιτίως
3323 1996 3437 2067 ἔχει
3477 1996 3573 2048 καὶ
3599 2014 3703 2066 πη-

2122 2104 2318 2172 γαίως.
2349 2101 2551 2154 Σκόπει
2573 2099 2629 2153 δὲ
2663 2099 2756 2152 καὶ
2784 2098 2932 2168 τῇδε.
2968 2094 3042 2148 T6
3066 2095 3198 2148 αὐτὸ
3227 2094 3451 2163 Πνεῦμα
3489 2093 3702 2160 Πατρός

2123 2200 2239 2253 ἐστι
2274 2200 2367 2250 καὶ
2395 2193 2525 2248 Υίοῦ
2557 2193 2651 2247 καὶ
2699 2193 2757 2245 ’έν
2788 2194 2933 2244 ἐστιν
2966 2191 3023 2242 έν
3050 2189 3279 2258 ἀμφοῖν.
3308 2187 3447 2239 Φασὶ
3471 2185 3528 2239 δὲ
3550 2187 3704 2238 αὐτοὶ

2122 2292 2215 2344 τὸν
2240 2290 2363 2345 Υίὸν
2399 2290 2578 2343 αἴτιον
2599 2284 2737 2341 εἶναι
2782 2286 2969 2339 αὐτοῦ.
3022 2282 3235 2338 Οὐκοῦν
3281 2280 3375 2334 τοῦ
3433 2282 3704 2351 πατρικοῦ

2128 2385 2448 2454 Πνεύματος
2477 2382 2649 2443 αἴτιός
2683 2384 2833 2434 ἐστιν
2883 2381 2912 2432 6
2966 2379 3091 2441 Υἱὸς
3122 2378 3243 2430 κατ’
3278 2376 3499 2438 αὐτοὺς,
3548 2374 3707 2442 εἴπερ

2127 2481 2273 2533 ἐστὶν
2300 2479 2379 2543 ἓν,
2412 2480 2487 2540 ὡς
2523 2477 2786 2548 πρότερον
2810 2474 3021 2543 εἴρηται
3047 2488 3060 2499 ’
3089 2471 3182 2524 καὶ
3206 2469 3356 2521 οὐδὲν
3383 2466 3583 2536 μᾶλλον
3614 2468 3709 2518 τοῦ

2127 2575 2185 2625 ὲν
2211 2570 2409 2639 αὐτῴἢ
2435 2566 2528 2622 τοῦ
2565 2571 2621 2621 ὲν
2650 2568 2728 2636 τῷ
2761 2564 2956 2635 Πατρί.
3004 2563 3146 2616 Ἀλλ’
3194 2563 3332 2630 ὅπερ
3358 2561 3506 2613 ἐστὶν
3535 2560 3711 2612 αἴτιόν

2127 2683 2271 2728 τινος
2306 2660 2669 2733 ὲνυπάρχοντί
2698 2677 2800 2713 τινι
2838 2659 2943 2713 τῶν
2975 2656 3186 2721 ἁπλῶν,
3234 2656 3331 2708 καὶ
3363 2653 3529 2707 αὐτοῦ
3564 2656 3713 2706 ἐστιν

2129 2757 2323 2823 αἴτιον,
2352 2750 2397 2824 ᾧ
2426 2751 2572 2809 τοῦτ’
2602 2754 2920 2823 ἐνυπάρχει.
2973 2749 3229 2802 Τοιοῦτον
3260 2747 3315 2799 δέ
3351 2749 3499 2799 ἐστιν
3529 2749 3557 2799 ὁ
3605 2748 3718 2799 Πα-

2129 2851 2256 2921 τὴρ,
2291 2850 2499 2914 ἀπλοῦς
2536 2849 2643 2919 γάρ
2672 2850 2808 2912 ἐστι,
2847 2848 2941 2900 καὶ
2968 2845 3156 2907 ἁπλῶς
3190 2842 3422 2905 ἀπλοῦς.
3452 2842 3663 2895 Οὐκοῦν
3688 2843 3716 2892 6

2133 2942 2259 3006 Υἱὸς
2284 2944 2456 3014 ταύτῃ
2486 2959 2550 3011 γε
2579 2941 2732 2994 ἔσται
2767 2940 2939 3001 αἴτιος
2968 2937 3063 2990 τοῦ
3091 2935 3321 3006 Πατρὸς,
3351 2935 3445 2988 τοῦ
3479 2934 3536 2987 ἐν
3568 2936 3719 3002 αὐτῷ

2134 3038 2456 3106 Πνεύματος
2488 3036 2661 3097 αἴτιος
2686 3034 2784 3088 ῶν.
2815 3030 2989 3084 Τοῦτο
3022 3031 3078 3083 δὲ
3107 3030 3168 3081 οὐ
3199 3029 3280 3082 δεῖ
3326 3029 3556 3081 δεδιέναι
3589 3031 3720 3098 περὶ

440 3120 501 3173 δὲ
536 3119 596 3171 οὐ
627 3118 795 3185 λέγειν
835 3117 927 3169 καὶ
962 3116 1108 3184 ἡμᾶς
1135 3113 1196 3165 οὐ
1229 3114 1335 3183 Χρὴ
1357 3111 1666 3183 περπτέρω
1712 3110 2032 3180 πολυπρατ’
2056 3143 2102 3202 c
2134 3132 2228 3186 τοῦ
2260 3131 2493 3199 Πατρός.
2527 3126 2811 3181 Πιστεύειν
2842 3125 2942 3192 μὲν
2976 3116 3069 3176 οῦν
3099 3123 3248 3175 πᾶσα
3279 3124 3493 3193 ἀνάγκη
3519 3125 3602 3177 ὅτι
3630 3126 3718 3178 τοῦ

448 3213 655 3282 μονεῖν,
726 3207 861 3279 μηδὲ
891 3208 951 3260 16
979 3207 1087 3259 ἀπὸ
1131 3204 1225 3258 τοῦ
1256 3204 1417 3272 λόγου
1452 3202 1857 3271 σκοπουμένους
1895 3219 2030 3273 συμ-

435 3306 656 3368 ϐαῖνον,
680 3302 888 3356 οἴεσθαί
917 3317 969 3351 τι
1003 3300 1269 3368 πράττειν
1315 3296 1543 3356 εὐσεϐές
1586 3311 1644 3347 τε
1675 3294 1769 3347 καὶ
1794 3293 2027 3347 δίκαιον.

444 3400 512 3453 ῐῖί
538 3399 644 3467 γὰρ
669 3393 903 3447 ἐνταῦθα
962 3394 1028 3461 τῇ
1077 3389 1170 3442 τοῦ
1225 3388 1382 3454 λόγου
1418 3387 1782 3455 πιστεύσομεν
1812 3385 2028 3455 όδηγία,

442 3492 537 3543 διὰ
566 3489 624 3540 16
659 3487 734 3556 μὴ
764 3487 860 3539 καὶ
888 3486 944 3536 ὲν
976 3484 1088 3545 τοῖς
1116 3481 1298 3543 ἄλλοις
1331 3480 1505 3549 ταύτῃ
1534 3481 1924 3547 πιστεύσομεν,
1955 3477 2030 3539 ὡς

446 3585 517 3637 ἇν
542 3579 684 3633 οὕτω
719 3579 812 3631 καὶ
846 3577 977 3645 περί
1000 3575 1095 3644 τὴν
1128 3575 1311 3626 πίστιν
1337 3574 1556 3626 ἅπασαν
1587 3571 2030 3638 κινδυνεύσομεν,

443 3674 477 3727 ὃ
510 3673 655 3724 πᾶσα.
707 3669 896 3721 παθεῖν
934 3666 1145 3736 ἀνάγκη
1198 3666 1323 3727 τοὺς
1360 3663 1437 3733 τῷ
1465 3663 1683 3731 φυσικῷ
1710 3662 1852 3730 λόγῳ
1888 3660 2030 3714 πάνυ

448 3764 808 3823 πιστεύοντας
835 3755 1022 3830 ’ἦπου
1057 3759 1154 3811 καὶ
1204 3757 1265 3809 16
1311 3760 1376 3809 ἐκ
1416 3755 1506 3808 τοῦ
1546 3753 1757 3823 Πατρὸς
1803 3749 1943 3805 εἶναι
1974 3754 2035 3804 16

450 3858 700 3927 Πνεῦμα,
735 3855 825 3907 καὶ
868 3853 929 3906 16
954 3853 1041 3904 16v
1059 3851 1191 3903 Θεὸν
1224 3849 1442 3917 Πατέρα
1473 3848 1566 3900 καὶ
1604 3846 1733 3900 Υίδν
1769 3843 1907 3898 εἶναι
1943 3844 2038 3897 καὶ

452 3948 702 4016 Πνεῦμα,
737 3945 832 3998 καὶ
858 3943 1037 3995 πάντα
1063 3941 1233 3995 ταῦτα
1257 3939 1462 4011 φροῦδα
1489 3939 1549 4004 ἐξ
1579 3939 1736 4009 ἡμῶν
1759 3937 1911 3990 ἔσται
1947 3936 2040 3990 καὶ

448 4037 808 4093 διαπτύσεται
857 4037 969 4096 τοῖς
1024 4031 1388 4103 ἀνθρωπίνοις
1417 4031 1723 4100 λογισμοῖς,
1781 4029 2038 4099 καθάπερ

457 4131 659 4201 αὐραις
692 4129 1144 4198 ὑποχωρήσαντα.
1172 4125 1338 4179 Οὐδὲν
1363 4128 1471 4195 γάρ
1518 4121 1596 4187 οἷς
1623 4127 1655 4193 ἡ
1689 4124 1875 4185 πίστις
1909 4126 2041 4195 ἡμῖν

455 4224 783 4295 προστίθησι
811 4222 903 4274 καὶ
929 4218 1141 4281 τούτοις
1165 4219 1363 4272 κοινόν.
1402 4218 1595 4288 Ἡμεῖς
1618 4217 1797 4271 τοίνυν
1828 4218 1892 4271 ὲκ
1946 4217 2041 4270 τοῦ

453 4316 593 4370 Υἰοῦ
619 4315 677 4367 16
706 4309 930 4377 Πνεῦμα
958 4308 1081 4361 οῦτε
1106 4306 1437 4372 πιστεύομεν
1470 4307 1596 4358 οὐτε
1637 4306 1873 4374 λέγομεν
1915 4305 2043 4371 ὐφε-

458 4408 650 4461 στάναι
675 4423 689 4437 ο
756 4403 876 4457 οὐδὲ
927 4403 1035 4471 γὰρ
1066 4403 1098 4471 ἡ
1158 4399 1354 4469 Γραφὴ
1384 4397 1543 4451 τοῦτο
1581 4397 1913 4450 ἐκδιδάσκει*
1946 4397 2042 4448 τοῦ

2140 3226 2457 3295 Πνεῦματος
2486 3222 2582 3275 τοῦ
2616 3223 2675 3275 ἐν
2708 3221 2786 3287 τῷ
2826 3220 2939 3288 Υίῷ
2968 3221 3141 3281 αἴτιος
3175 3218 3274 3286 ὢν,
3307 3222 3399 3274 καὶ
3425 3222 3592 3276 αὐτοῦ
3627 3226 3720 3277 τοῦ

2140 3313 2272 3367 Υίοῦ
2325 3312 2497 3374 αἴτιός
2542 3313 2711 3366 ἐστιν.
2759 3310 2925 3381 Ὁρᾷς
2978 3304 3041 3363 οὐ
3092 3312 3356 3382 κρημνῶν
3404 3312 3661 3366 ἐκϐάλλει
3690 3319 3721 3381 ἡ

2140 3406 2432 3463 ἀκολουθία
2466 3404 2648 3474 ἐκείνη
2705 3404 2831 3466 τοὺς
2884 3403 2959 3473 μὴ
2989 3404 3483 3472 διευλαϐουμένους
3514 3406 3722 3475 αὐτήνς

2140 3501 2272 3570 ὁρᾷς
2302 3499 2498 3551 ὁπόσον
2538 3499 2685 3549 ἐστὶν
2729 3498 3073 3550 ἐπικίνδυνον
3111 3497 3299 3561 ἀξιοῦν
3326 3500 3386 3549 16
3408 3498 3635 3567 Πνεῦμα
3670 3504 3730 3553 τὸ

2144 3594 2299 3659 ἆγιον
2328 3592 2422 3644 καὶ
2442 3593 2504 3643 ἑκ
2545 3591 2638 3642 τοῦ
2677 3590 2807 3642 Υίοῦ
2835 3586 2976 3642 εἶναι
3010 3590 3325 3655 πιστεύειν;
3357 3591 3447 3643 διά
3490 3591 3552 3643 τὸ
3576 3592 3731 3660 λέγε-

2146 3685 2267 3737 σθαι
2310 3684 2442 3737 αὐτὸ
2474 3682 2567 3735 τοῦ
2601 3682 2728 3736 Υίοῦ
2752 3677 2929 3749 είναι;
2990 3683 3177 3735 Ταῦτα
3207 3679 3326 3747 οὖν,
3353 3683 3428 3746 ὡς
3452 3684 3647 3749 ἔοικεν,
3679 3688 3729 3739 οἱ

2144 3779 2244 3843 τῆς
2282 3776 2607 3845 Ἐκκλησίας
2639 3775 2948 3828 διδάσκαλοι
3007 3775 3423 3843 εὐλαϐούμενοι.
3472 3776 3566 3828 τοῦ
3596 3777 3730 3829 Υίοῦ

2149 3868 2246 3937 μὲν
2271 3869 2524 3935 λέγουσιν
2574 3862 2735 3927 εἶναι,
2769 3869 2830 3919 ἐκ
2870 3866 2963 3921 τοῦ
2999 3868 3130 3922 Υἱοῦ
3158 3869 3214 3922 δὲ
3261 3871 3323 3922 οὐ
3352 3868 3593 3936 λέγουσι,
3635 3874 3732 3923 καὶ

2148 3962 2254 4032 πρὸ
2275 3962 2450 4013 αὐτῶν
2481 3962 2513 4030 ἡ
2538 3961 2657 4013 θεία
2693 3959 2906 4030 Γραφὴ,
2939 3960 3082 4015 κοιθά
3110 3963 3471 4033 προείπομεν.

2225 4054 2423 4105 ’Λκουε
2455 4053 2509 4104 δὲ
2536 4056 2629 4105 καὶ
2660 4052 2790 4122 περὶ
2843 4055 2944 4123 τῆς
2993 4052 3089 4106 τοῦ
3147 4055 3422 4126 μακαρίου
3451 4054 3733 4125 Θεοδώρου

2152 4146 2365 4215 ρήσεως
2418 4143 2642 4210 ἐφεξῆς,
2685 4144 2817 4213 περὶ
2840 4138 2910 4215 ἦς
2940 4144 3005 4215 δὴ
3055 4145 3293 4211 μάλιστα
3327 4147 3422 4198 καὶ
3454 4147 3734 4217 προῦργου

2152 4236 2424 4306 πυνθάνῃ.
2451 4236 2633 4305 Αὐτὴν
2656 4235 2713 4288 δὲ
2749 4236 2966 4305 πρῶτον
2992 4235 3091 4302 τὴν
3123 4236 3286 4306 ῥῆσιν
3308 4238 3454 4307 ἡμᾶς
3478 4239 3738 4291 ἐκθέσθαι

2154 4344 2238 4380 σοι
2266 4330 2393 4397 χρή.
2436 4327 2578 4397 Φησὶ
2616 4328 2798 4379 τοίνυν
2839 4328 3065 4391 ἐκεῖνος,
3106 4346 3127 4379 ι
3167 4328 3243 4380 Οὐ
3271 4332 3584 4398 προφητικῇ
3631 4347 3739 4381 τινι

2154 4422 2467 4490 προγνώσει
2518 4422 2614 4473 καὶ
2648 4421 2854 4489 χάριτι,
2897 4420 3101 4483 ἄπαγε,
3157 4419 3384 4472 τοιαῦτα
3415 4422 3685 4489 ἔπραττεν
3710 4423 3739 4471 6

455 4494 590 4547 Ἰθίοῦ
614 4493 670 4545 δὲ
700 4492 931 4561 λέγομεν
973 4490 1048 4552 ὡς
1089 4487 1436 4557 ᾡκειωμένον
1469 4487 1613 4539 κατά
1657 4486 1819 4554 φύσιν
1866 4486 2038 4554 αὐτῷ,
2075 4500 2123 4556 ι)
2153 4486 2451 4579 Δέστὲὸτηςὶ
2511 4511 2603 4562 καὶ
2650 4486 2786 4572 "ﬁt;
2841 4508 3112 4578 μαθηταῖς
3165 4486 3503 4579 “power”;
3548 4510 3739 4578 ὥσπερ

456 4588 538 4640 ὅτι
574 4588 666 4638 καὶ
698 4588 765 4656 τῇ
793 4584 982 4653 Γραφῇ
1017 4583 1107 4636 καὶ
1138 4582 1215 4650 τῷ
1268 4580 1533 4650 Βασιλείῳ
1566 4579 1736 4644 δοκεῖ,
1783 4582 1875 4633 καὶ
1908 4581 2043 4649 πρὸς

456 4679 584 4740 τοὺς
608 4676 881 4736 ἐναντίους
924 4676 1119 4744 ἀρκεῖν
1161 4672 1443 4742 ἡγούμεθα
1471 4672 1569 4742 τὴν
1604 4673 1669 4723 ὲκ
1692 4673 1789 4741 τῆς
1818 4672 2043 4741 Γραφῆς

458 4770 555 4823 καὶ
582 4770 690 4821 τῶν
718 4766 1022 4837 εἰρημένων
1052 4765 1378 4835 ἀπάντησιν.

531 4862 649 4915 Ἵνα
670 4861 725 4914 δὲ
755 4861 828 4929 μὴ
853 4858 1050 4912 δοκῶσί
1067 4876 1118 4910 τι
1141 4858 1319 4925 λέγειν
1344 4856 1635 4925 σεμνὸν,δι’
1657 4851 1730 4911 ὧν
1754 4856 2046 4925 ἀποροῦσι,

462 4956 653 5007 σκόπει
675 4954 774 5024 τὴν
803 4951 1034 5006 ἀτοπίαν
1075 4950 1228 5018 σφίσι
1258 4948 1351 5001 τοῦ
1385 4949 1567 5015 λόγου.
1607 4948 1850 5019 Ἐπειδὴ,
1890 4948 2044 5016 φασὶ,

460 5049 521 5098 τὸ
556 5044 773 5115 Πνεῦμα
813 5044 872 5096 τὸ
908 5043 1066 5110 ἆγιον
1116 5042 1328 5111 Πατρός
1363 5042 1478 5094 ἐστι
1509 5044 1601 5094 καὶ
1635 5042 1764 5094 Υἱοῦ
1798 5042 2046 5110 Πνεῦμα,

463 5138 560 5190 καὶ
588 5137 645 5189 ἓν
670 5140 804 5196 ἐστι,
840 5139 933 5189 καὶ
988 5136 1250 5194 ὡσαύτως
1294 5138 1352 5186 ἑν
1398 5136 1620 5203 ἀμφοῖν,
1658 5136 1742 5189 ὅτι
1775 5135 2052 5199 οὐσιωδῶς

463 5231 738 5297 δηλονότι·
787 5230 931 5282 διατί
972 5228 1046 5298 μὴ
1096 5234 1190 5280 καὶ
1241 5229 1269 5279 6
1325 5228 1456 5291 Υἱὸς
1488 5229 1636 5280 αἰτία
1685 5230 1836 5283 ἐστὶν
1884 5228 2051 5281 αὐτοῦ

465 5322 656 5390 ὥσπερ
708 5322 802 5373 καὶ
854 5322 882 5372 6
940 5322 1164 5388 Πατήρς
1216 5319 1455 5372 Ἑοίκασι
1508 5320 1619 5389 γὰρ
1649 5320 1907 5390 τοιαύτην
1933 5320 2055 5372 τινὰ

468 5413 794 5482 συμπλοκὴν
819 5410 1140 5464 ἀκολουθεῖν
1170 5428 1181 5440 ·
1213 5412 1285 5463 T6
1321 5411 1548 5480 Πνεῦμα
1579 5412 1640 5463 τὸ
1672 5412 1828 5478 ἅγιον
1857 5413 1915 5463 ἓν
1937 5412 2054 5464 ἐστι

466 5506 564 5559 καὶ
593 5508 788 5558 ταυτὸν
825 5506 1038 5574 Πατρὺς
1086 5507 1179 5557 καὶ
1218 5504 1367 5569 Υίοῦ,
1393 5506 1489 5558 καὶ
1516 5505 1785 5568 οὐσιωδῶς
1816 5507 1964 5558 ἐστιν
1997 5508 2055 5557 ἐν

466 5600 654 5662 αὐτοῖς
682 5616 696 5629 ·
728 5598 924 5652 οὐκοῦν
959 5599 1125 5667 ἄμφω
1144 5597 1302 5650 τοῦτο
1325 5597 1650 5666 ὐφιστῶσιν.
1683 5600 1716 5669 ἢ
1746 5599 1911 5669 ἄμφω
1933 5598 2057 5652 τού-

464 5709 564 5744 του
596 5691 735 5744 εῐσὶν
760 5691 931 5744 αἴτια.
965 5690 1030 5744 Τί
1084 5692 1214 5759 γοῦν
1244 5689 1443 5743 κωλύει
1483 5692 1578 5744 καὶ
1610 5692 1702 5743 ἐπὶ
1729 5692 1939 5745 πολλῶν
1966 5694 2059 5746 ἄλ-

468 5787 581 5840 λων
606 5785 752 5839 τοῦτ’
790 5785 975 5850 ἀξιοῦν
1026 5787 1296 5851 ἓπεσθαις
1337 5788 1367 5839 ἃ
1398 5787 1461 5858 δὴ
1496 5790 1559 5841 τὰ
1597 5788 1737 5841 αὑτά
1772 5790 2055 5858 προσεῖναι

2149 4603 2366 4672 βλέπων
2394 4603 2461 4655 τὰ
2492 4602 2825 4672 ἔμπροσθεν,
2848 4603 2923 4663 ὡς
2953 4602 3086 4664 Θεὸς
3112 4603 3168 4654 δὲ
3192 4602 3383 4671 παρὼν
3406 4602 3632 4667 ἅπασιν,
3651 4606 3741 4656 οὐ-

2149 4696 2207 4748 δὲ
2242 4696 2495 4765 ἐνεργείᾳ
2526 4695 2655 4764 ψιλῇ
2685 4694 2829 4747 κατά
2875 4710 3027 4756 τινας
3054 4694 3164 4747 τῶν
3189 4695 3357 4748 πάλαι
3389 4695 3739 4764 λοιδορησάν-

2148 4801 2279 4847 των,
2307 4784 2545 4837 κενῶσαι
2587 4784 2684 4853 μὲν
2703 4785 2830 4846 τοὺς
2859 4784 3123 4853 οὐρανοὺς
3149 4784 3249 4854 τῆς
3280 4786 3477 4838 ἑαυτοῦ
3504 4786 3741 4839 ὑποστά-

2153 4892 2292 4939 σεως
2340 4875 2483 4928 κατά
2523 4876 2648 4938 τούς
2684 4876 2909 4945 καιροὺς
2938 4876 3037 4943 τῆς
3072 4874 3224 4938 θείας
3274 4876 3631 4943 σαρκώσεως,
3664 4873 3742 4930 εἶ-

2154 4969 2241 5021 ναί
2269 4985 2328 5020 τε
2361 4969 2633 5030 οὐσιωδῶς
2674 4972 2734 5022 ἐν
2770 4970 2921 5038 ἡμῖν,
2948 4970 3198 5039 ἐνεργείᾳ
3221 4969 3277 5021 δὲ
3307 4971 3415 5022 καὶ
3438 4970 3563 5041 ἀξίᾳ
3603 4971 3742 5043 μόνῃ

2154 5063 2292 5133 πρὸς
2321 5063 2414 5117 τὸν
2440 5064 2575 5116 Θεὸν
2602 5064 2695 5116 καὶ
2729 5063 2970 5131 Πατέρα,
3015 5062 3139 5116 ἐπεὶ
3171 5063 3361 5133 ἕτερον
3390 5064 3600 5130 οὐσίαν,
3648 5069 3745 5119 καὶ

2154 5157 2342 5225 ἕτερον
2388 5157 2708 5224 ἐνέργειαν,
2743 5154 2932 5225 ὥσπερ
2962 5156 3057 5209 ἐπὶ
3093 5157 3204 5209 τῶν
3234 5159 3569 5226 σωματικῶς
3605 5160 3743 5212 θεω-

2160 5247 2446 5317 ρουμένων
2468 5264 2482 5279 ο
2510 5247 2652 5299 οὕτω
2677 5247 2741 5319 δὴ
2775 5248 2871 5301 καὶ
2897 5249 2990 5301 ἐπὶ
3011 5250 3104 5303 τοῦ
3137 5250 3285 5304 θείου
3326 5252 3490 5320 λόγου
3521 5254 3744 5305 ἐπέθεν-

2155 5359 2237 5404 το,
2289 5340 2425 5412 ὅπερ
2475 5343 2588 5404 τοῖς
2623 5342 2907 5395 εὐσεϐέσιν
2938 5344 3259 5415 ἀπείρηται.
3307 5346 3432 5399 Ἐπὶ
3476 5347 3585 5415 γάρ
3632 5346 3777 5396 τῶν.

2157 5432 2344 5486 ἁπλῶν
2393 5431 2492 5484 καὶ
2526 5433 2836 5502 ἀσωμάτων
2887 5435 2946 5486 ἐν
2977 5435 3156 5489 οὐδενὶ
3207 5436 3492 5505 διαφέρειν
3537 5437 3742 5491 ἴσασιν.

2160 5522 2235 5573 Οὐ
2285 5523 2395 5591 γάρ
2439 5524 2741 5591 διοριστέον
2765 5526 2922 5578 ταῦτ’
2954 5528 3223 5596 ἀλλήλων,
3254 5528 3341 5579 ἵνα
3375 5525 3452 5596 μὴ
3490 5526 3749 5585 σύνθετον

2160 5613 2221 5665 τὸ
2245 5614 2384 5682 ὑπὲρ
2416 5616 2596 5669 πᾶσαν
2628 5617 2909 5685 ἁπλότητα
2961 5622 3154 5671 νοοῖτο.
3206 5617 3345 5671 Οὔτε
3397 5620 3573 5691 γάρή
3627 5621 3749 5676 θεία

2162 5705 2317 5757 οὐσία
2339 5706 2699 5776 ἀνενέργητος
2718 5709 2804 5778 εἴη
2831 5707 2897 5760 ἄν
2932 5726 3082 5771 ποτε,
3115 5709 3239 5763 οὔτε
3264 5711 3513 5775 ἀνούσιος
3542 5716 3576 5778 ἡ
3596 5714 3747 5782 ἐνέρ-

2165 5815 2303 5865 γεια.
2346 5818 2361 5849 ι
2411 5799 2471 5853 Ὀ
2498 5800 2684 5869 Πατήρ
2717 5818 2816 5869 μου
2852 5801 2978 5869 γὰρ,
3030 5802 3185 5867 φησὶ,
3212 5804 3317 5865 ’ἐως
3344 5806 3468 5873 ἄρτι
3520 5806 3747 5875 ἐργάζε-
