4118 6280
394 410 516 478 σὸτ

1513 434 1818 501 CONTRA
1866 436 2499 506 ACINDYNIASTAS.

3562 448 3674 515 658

397 529 801 604 ἠδικαιοσύνη,
837 537 996 610 εἴπερ
1036 543 1127 596 καὶ
1155 544 1340 601 ἄλλοθί
1373 566 1493 611 που,
1530 554 1624 604 καὶ
1655 556 1684 622 ἡ
1711 556 1984 628 ἀγαθῦτης
2012 557 2061 618 Α
2093 573 2215 625 μον,
2250 555 2278 608 ὃ
2316 556 2380 627 δὴ
2416 554 2636 622 πολλοῖς
2665 558 2904 629 ἐπῆλθεν
2940 560 3217 625 ὑπονοεῖν,
3260 564 3357 615 καὶ
3386 562 3474 617 διὰ
3508 564 3673 618 τοῦτο

395 622 491 673 καὶ
521 622 555 691 ἡ
592 624 824 687 ἀλήθεια
865 633 958 684 καὶ
994 635 1164 689 τᾶλλα
1211 639 1497 703 ὡσαύτως.
1562 645 1901 702 Ἐκινδύνευε
1934 622 1980 703 δ’

393 710 461 763 ἂν
491 714 619 781 τόγε
678 719 949 789 πρότερον
982 728 1047 793 τῇ
1100 727 1222 798 ἱερᾷ
1280 730 1605 799 συμϐαίνειν
1652 736 1844 809 Γραφῇ
1880 740 1981 811 τῆς

394 803 625 858 ἐκείνων
651 811 962 882 κρατούσης
987 814 1209 881 θέσεως.

467 895 648 961 Ὄλως
685 900 933 970 δέλόγου
975 907 1073 976 μὲν
1127 911 1241 964 ἐστι
1273 912 1478 985 κυρίῶς
1508 916 1803 990 διάκρισις,
1854 923 1981 993 ἣτις

392 991 762 1062 ὑποκειμένου
820 1001 914 1052 καὶ
964 1009 1449 1077 κατηγορουμένου
1519 1013 1679 1082 μόνον
1741 991 1894 1071 ἐστὶν

355 1085 675 1141 ετοιούτων.
732 1089 882 1161 Αὕτη
941 1093 1062 1166 γάρ’
1101 1097 1252 1151 ἐστιν
1282 1103 1338 1153 ἐν
1365 1105 1430 1172 τῇ
1460 1103 1621 1177 ψυχῇ
1663 1109 1850 1175 μόνον,

388 1175 646 1243 σύδαμῶς
675 1181 733 1231 ἐν
760 1181 839 1250 τῷ
894 1184 1200 1254 πράγματι,
1235 1191 1318 1243 ὅτι
1349 1175 1655 1265 κατηγορία
1684 1198 1744 1270 δῆ
1756 1216 1856 1254 που
1881 1204 1977 1258 καὶ

394 1269 652 1335 ὑπόθεσις
699 1272 879 1345 ψυχῆς
919 1278 1070 1332 ἐστιν
1122 1282 1302 1351 ἔργον.
1352 1284 1410 1341 '0
1470 1290 1581 1360 γάρ
1622 1269 1829 1362 Πέτρος
1875 1297 1975 1348 οὐκ

393 1357 541 1416 ἐστιν
567 1366 625 1417 ἐν
652 1366 729 1436 τῷ
753 1367 963 1439 Πέτρῳ,
992 1370 1067 1435 ὡς
1098 1377 1335 1447 πρᾶγμά
1355 1398 1407 1433 τι
1435 1382 1493 1435 ἐν
1524 1357 1837 1454 πράγματι.
1874 1390 1971 1442 Ἓν

391 1454 513 1526 γάρ
533 1458 680 1511 ἐστιν
705 1459 928 1531 ἀριθμῷ
956 1465 983 1517 6
1007 1465 1212 1536 Πέτρος
1245 1470 1339 1523 καὶ
1366 1472 1697 1545 ἀδιαίρετον,
1736 1477 1853 1530 ἀλλ’
1881 1476 1977 1534 οὖν

387 1548 645 1622 τοιαύτην
692 1554 817 1606 τινὰ
879 1557 1147 1627 πρότασιν
1210 1563 1492 1635 δυνάμεθα
1558 1570 1820 1625 πλάττειν
1877 1574 1972 1626 καὶ

388 1642 587 1712 ἀληθῆ.
620 1646 701 1699 ὃτι
727 1649 753 1699 ὁ
785 1649 988 1720 Πέτρος
1006 1654 1211 1725 Πέτρος
1234 1658 1398 1714 ἐστίν.
1440 1661 1528 1713 Ἐν
1617 1664 1675 1714 τὸ
1700 1664 1800 1725 μὲν
1826 1664 1974 1719 ἐστιν

391 1730 773 1806 ὑποκείμενον,
826 1742 888 1794 τὸ
940 1743 996 1795 δὲ
1042 1746 1209 1800 αὐτοῦ
1254 1754 1767 1825 κατηγορούμενον·
1797 1759 1970 1834 ταύτῃ

384 1826 442 1879 δέ
463 1828 644 1899 δήπως
686 1834 780 1886 καὶ
810 1835 1225 1909 διακεκριμένα.

458 1922 660 1977 Σκόπει
683 1927 882 1990 τοίνυν,
908 1932 956 1983 εἰ
988 1904 1082 1983 καί
1108 1934 1135 1984 6
1156 1935 1287 1996 Θεὸς
1318 1934 1492 2002 οὑτως
1515 1939 1899 2010 ἀληθήςέστιν
1933 1945 1965 2015 ἧ
2004 1904 2044 1962 Β

382 2012 610 2079 δίκαιος,
641 2016 717 2079 ὡς
758 2020 785 2071 6
823 2019 1027 2091 Πέτρος
1062 2026 1269 2095 Πέτρος
1306 2027 1423 2081 ἐστὶ
1454 2031 1804 2100 μαινόμενος
1840 2012 1967 2106 μήτὦ

384 2106 454 2159 ἂν
476 2108 656 2178 ἀξιοίη
686 2112 866 2177 τοῦτο,
899 2116 1010 2177 τοῖς
1065 2118 1164 2187 μὲν
1197 2120 1307 2191 γὰρ
1339 2121 1485 2192 ὅροις
1516 2125 1747 2190 ἐκείνοις
1777 2130 1836 2181 ἐν
1886 2125 1968 2194 οἷς

380 2197 414 2262 ἡ
446 2198 537 2251 τοῦ
595 2200 755 2270 λόγου
803 2204 1075 2272 διάκρισις
1133 2211 1453 2281 στρέφεται,
1513 2214 1715 2279 γένοιτ’
1741 2213 1807 2269 ὥ)
1831 2235 1964 2271 ποτε

384 2289 550 2360 σχολὴ
576 2292 675 2362 τῆς
709 2296 985 2368 ἡμετέρας
1031 2298 1211 2371 ψυχῆς
1244 2300 1735 2375 περιαιρουμένης,
1766 2309 1813 2380 ἢ
1839 2311 1966 2374 τοὺς

381 2385 620 2440 τοιούσδε
650 2388 810 2458 ὅρους
854 2388 1078 2446 δύναται
1129 2394 1412 2458 πλάττειν,
1448 2397 1588 2452 ὥστε
1624 2403 1727 2455 καῖ
1754 2406 1874 2465 ταῖς
1907 2404 1966 2456 ἐν

381 2477 574 2541 αὐταῖς
600 2477 967 2551 διακρίσεσιν,
996 2486 1154 2540 οὐσία
1186 2487 1243 2540 δέ
1271 2488 1409 2542 Θεοῦ
1436 2491 1530 2543 καὶ
1560 2493 1831 2563 ἐνέργεια,
1867 2495 1966 2549 καὶ

381 2566 421 2636 η’
456 2570 513 2621 ἐν
556 2570 767 2635 τούτοις
811 2575 1044 2647 διαφορὰ
1080 2578 1174 2631 καὶ
1230 2586 1700 2654 περιαιρουμένης
1746 2587 1965 2656 ἀπάσης

378 2659 557 2731 ᾁυχῆς
582 2664 677 2717 καὶ
713 2667 802 2717 νοῦ
853 2669 1054 2731 παντὸς
1081 2669 1256 2724 ἔσται.
1292 2674 1367 2725 Οὐ
1399 2674 1507 2743 γὰρ
1542 2676 1864 2729 ἀνθίσταται
1893 2680 1959 2750 τῇ

381 2755 631 2825 ἐνεργείᾳ
648 2759 711 2827 τῇ
750 2758 891 2827 θείᾳ,
923 2758 1032 2812 εἴτε
1066 2764 1130 2833 τῇ
1167 2762 1451 2827 ἕνδον,εἷτε
1474 2770 1539 2838 τῇ
1574 2768 1699 2834 ἐξω,
1733 2771 1792 2822 τὸ
1822 2767 1961 2823 εἶναι

376 2842 409 2913 ἢ
447 2845 507 2897 τὸ
554 2847 823 2919 ὑπάρχειν
873 2850 904 2919 ἦ
957 2854 1019 2903 τὸ
1076 2855 1445 2924 προάγεσθαι,
1491 2860 1595 2913 κᾶν
1630 2864 1808 2915 πάντα
1834 2864 1959 2917 νοῦν

376 2937 734 3008 ἀναιρεθῆναι
759 2940 1023 3010 συμϐαίη,
1058 2943 1116 3007 ὃς
1140 2944 1314 3000 ταῦτα
1343 2948 1440 3018 τῆς
1473 2948 1623 3014 θείας
1678 2955 1962 3023 ἐνεργείας

376 3032 677 3097 κατηγορεῖ
702 3044 716 3061 ο
773 3031 895 3085 οὑδέ
918 3035 973 3085 τί
1005 3051 1065 3101 γε
1096 3037 1194 3104 τῆς
1234 3039 1495 3108 τοιαύτης
1524 3040 1689 3095 ἕνεκα
1722 3062 1961 3115 κατηγο-

380 3118 501 3186 ρίας
530 3122 668 3184 ἐστὶ,
700 3123 758 3175 τὸ
783 3124 882 3196 τὴν
923 3127 1073 3180 θείαν
1094 3130 1409 3198 ἀγαθότητα
1456 3134 1515 3185 ἐν
1544 3134 1621 3203 τῷ
1647 3134 1766 3200 Θεῷ
1791 3134 1956 3205 εἶναι,

375 3211 406 3283 ἥ
438 3214 497 3266 τὸ
544 3216 964 3287 ἀπολελυμένως
1021 3224 1120 3289 μέν
1148 3222 1319 3292 αὐτὴν
1356 3226 1621 3297 ὑπάρχειν
1667 3231 1804 3294 ἐκεί,
1837 3231 1959 3299 γέν‹

2084 651 2187 711 τὰς
2221 650 2502 714 συνθέσεις
2532 653 2761 720 ἐπῆγον,
2819 655 2913 706 καὶ
2959 654 3059 724 τὴν
3089 654 3399 721 πολυθεΐαν,
3445 656 3582 711 ἀλλά
3615 674 3666 709 τι

2084 740 2180 794 τοῦ
2218 743 2549 814 πράγματος
2588 742 2730 797 εῖναι
2775 747 2871 799 καὶ
2918 749 2977 799 ἐν
3038 746 3114 814 τῷ
3152 748 3444 817 πράγματι
3492 748 3666 802 ταῦτα

2087 834 2411 902 φρονοῦντες
2446 836 2542 888 καὶ
2569 837 2965 907 κηρύττοντες,
3004 838 3100 891 καὶ
3127 839 3266 902 ὅλως
3297 840 3668 906 πραγματικά

2084 941 2244 993 τινα,
2304 933 2398 981 καὶ
2461 932 2526 999 τῇ
2598 929 2695 983 τοῦ
2774 932 3102 1002 πράγματος
3162 930 3324 999 φύσει
3388 929 3666 1002 διακρινό-

2085 1032 2247 1087 μενα.

2154 1110 2375 1182 Ταύτην
2406 1113 2465 1167 δέ
2493 1113 2595 1182 τὴν
2618 1113 2894 1183 διάκρισιν
2925 1117 3008 1178 τίς
3033 1117 3239 1185 ἀγνοεῖ.
3271 1115 3409 1168 πολὺ
3438 1115 3539 1184 μὲν
3565 1116 3665 1184 τῆς

2080 1199 2407 1268 διακρίσεως
2460 1206 2857 1277 ὑπερηρμένην
2916 1208 3154 1278 ἐκείνης,
3293 1207 3584 1277 προσεῖχον
3613 1205 3665 1258 οἱ

2082 1292 2213 1360 περὶ
2257 1292 2524 1363 Βαρλαὰμ
2570 1296 2665 1349 καὶ
2714 1296 3045 1361 Ἀκίνδυνον,
3102 1298 3403 1364 τουτέστιν,
3430 1296 3552 1365 ἥτις
3607 1297 3664 1347 ἐν

2079 1383 2229 1453 ὅροις
2284 1386 2578 1454 στρέφεται
2625 1389 3022 1460 πεποιημένοις
3057 1389 3163 1442 ὑπὸ
3196 1388 3290 1443 τοῦ
3324 1389 3441 1453 νοῦ,
3491 1388 3561 1459 ἢν
3596 1387 3661 1457 δὴ

2080 1474 2285 1542 κυρίως
2315 1476 2479 1543 ἴσμεν
2499 1477 2661 1544 λόγου
2692 1478 2989 1547 διάκρισιν.
3021 1479 3121 1548 τῆς
3152 1478 3209 1531 δέ
3263 1477 3661 1548 πραγματικῆς

2078 1565 2299 1636 ἐκείνης
2328 1566 2485 1629 αὖθις
2517 1568 2943 1639 άδρανεστέραν,
3048 1571 3119 1623 τά
3165 1571 3288 1624 θεῖα
3315 1569 3657 1640 διακρίνεται

2078 1660 2383 1729 πρόσωπας
2419 1658 2606 1713 Ταῦτα
2637 1661 2695 1713 δὲ
2748 1663 3050 1733 διακρίνειν
3083 1663 3196 1716 οὑκ-
3230 1662 3434 1724 εἰδότες
3469 1663 3520 1714 οί
3552 1677 3659 1730 μη·

2075 1750 2343 1820 τραλοίαι,
2386 1752 2470 1804 ὅτι
2529 1752 2606 1824 μὴ
2654 1753 2965 1825 δυναμένην
3017 1753 3120 1823 τὴν
3167 1754 3320 1806 θείαν
3373 1753 3657 1822 ἐνέργειαν

2076 1842 2461 1913 διακρίνεσθαι
2497 1845 2598 1914 τῆς
2638 1845 2791 1909 θείας
2839 1848 3051 1914 οὐσίας,
3096 1846 3174 1911 ὡς
3206 1848 3304 1910 τάς
3325 1846 3658 1905 ὑποστάσεις

2073 1934 2323 2004 ἀλλήλων
2347 1935 2561 2005 ἐώρων,
2590 1937 2734 1991 πάνυ
2765 1938 2946 2003 καλῶς
2994 1938 3139 1992 τοῦθ’
3173 1940 3413 2009 ὁρῶντες
3447 1940 3523 2001 είς
3556 1938 3656 2007 τὴν

2072 2027 2167 2081 τοῦ
2198 2027 2362 2095 λόγου
2388 2030 2667 2099 διάκρισιν
2711 2029 2875 2093 εὐθὺς
2918 2027 3513 2099 κατηνέχθησαν,ηένὸς
3554 2027 3656 2096 μὲν

2073 2121 2485 2191 ἀπαλλαγέντες
2513 2123 2784 2194 κρημνοῦ,
2809 2123 2956 2193 ἄλλῳ
2988 2123 3049 2177 δὲ
3074 2121 3527 2192 ἐμπεπτωκότες,
3561 2118 3652 2172 τὸν

2072 2216 2186 2268 ῐσον
2217 2216 2443 2287 ὄλεθρον
2483 2216 2747 2287 φέροντι⁴
2779 2216 2890 2270 οὐδ’
2913 2217 3092 2295 ἐκεῖνο
3138 2214 3269 2283 γοῦν
3293 2214 3652 2282 ἐννοήσαντες

2068 2307 2130 2360 τὸ
2163 2302 2275 2361 τοῦ
2299 2308 2449 2378 ἱεροῦ
2498 2308 2786 2362 Βασιλείου
2818 2310 2875 2361 ἐν
2905 2312 2973 2381 τῇ
3027 2307 3162 2378 πρὸς
3196 2305 3497 2361 Εὑστάθιον
3526 2306 3651 2358 ἐπι-

2071 2403 2233 2470 στολῇ
2258 2417 2279 2433 ’⁷
2313 2418 2345 2453 ιη
2376 2402 2605 2471 Οὐκοῦν,
2650 2404 2837 2473 φησὶν,
2866 2400 2927 2468 ἐξ
2961 2401 3150 2465 οὐσίας
3179 2399 3349 2465 τινὸς,
3383 2400 3493 2452 εἴτε
3523 2400 3651 2451 ἐπο-

2068 2492 2293 2561 πτικῆς,
2326 2493 2435 2545 εἴτε
2466 2493 2854 2564 ἐνεργητικῆς,
2882 2493 3136 2563 ἐδειξενή
3167 2488 3531 2561 προσηγορία,
3550 2487 3650 2556 φέ-

2071 2602 2153 2653 ρει
2186 2585 2283 2653 τῆς
2306 2585 2560 2649 θεότητος
2586 2586 2829 2656 δηλονότι
2854 2602 2868 2616 ’
2903 2588 2935 2653 ή
2969 2585 3025 2638 δέ
3057 2584 3177 2637 θεία
3205 2585 3367 2652 φύσις
3409 2583 3467 2634 ἐν
3511 2581 3648 2633 πᾶσι

2065 2679 2176 2738 τοῖς
2207 2675 2615 2746 ἐπινοουμένοις
2659 2676 2913 2744 ὀνόμασι,
2966 2676 3104 2728 καθὸ
3136 2675 3276 2739 ἔστι,
3321 2676 3475 2743 μένει
3513 2672 3649 2738 ἀσή-

2068 2784 2292 2835 μαντος,
2334 2767 2409 2831 ῶς
2439 2771 2466 2822 6
2511 2770 2779 2839 ἡμέτερος
2823 2769 3001 2837 λόγος.
3052 2768 3367 2838 Εὐεργέτην
3411 2766 3519 2835 γάρ
3551 2765 3647 2819 καὶ

2065 2860 2281 2930 κριτὴν,
2310 2860 2515 2928 ἀγαθόν
2538 2878 2597 2913 τε
2629 2863 2723 2915 καὶ
2748 2862 2980 2928 δίκαιον,
3002 2861 3098 2915 καὶ
3128 2862 3228 2914 ὅσα
3258 2859 3395 2916 ἄλλα
3420 2856 3647 2912 τοιαῦτα

2067 2950 2357 3018 μαθόντες,
2400 2953 2696 3023 ἐνεργειῶν
2733 2953 3001 3023 διαφορὰς
3029 2952 3413 3023 ἐδιδάχθημεν.
3448 2950 3557 3004 Τοῦ
3588 2949 3647 3003 δὲ

2064 3042 2417 3113 ἐνεργοῦντος
2450 3045 2552 3116 τὴν
2588 3044 2751 3114 φύσιν
2806 3046 2964 3101 οὐδὲν
2994 3046 3202 3117 μᾶλλον
3234 3044 3325 3098 διὰ
3375 3045 3476 3115 τῆς
3532 3042 3645 3096 τῶν

2066 3134 2360 3205 ἐνεργειῶν
2401 3141 2777 3209 κατανοήσεως
2800 3141 3104 3209 ἐπιγνῶναι
3134 3139 3441 3211 δυνάμεθα.
3471 3138 3643 3191 Ὅταν

2061 3226 2170 3297 γὰρ
2205 3229 2443 3299 ἀποδιδῷ
2480 3248 2564 3293 τις
2596 3232 2754 3301 λόγον
2800 3233 3036 3286 ἑκάστου
3069 3234 3276 3286 τούτων
3305 3232 3417 3285 τῶν
3442 3231 3644 3301 ὀνομά-

374 3323 532 3375 νησιν
560 3308 615 3360 δὲ
664 3310 757 3362 καὶ
820 3312 1093 3384 προϐολὴν
1127 3294 1484 3388 ἀναφορικῶς
1510 3294 1603 3371 καὶ
1635 3294 1957 3392 πατρότητα
1986 3294 2031 3352 c
2061 3294 2195 3383 των,
2237 3322 2330 3374 καὶ
2365 3324 2535 3391 αὐτῆς
2566 3325 2664 3393 τῆς
2700 3324 2915 3393 φύσεως
2942 3327 3074 3393 περὶ
3105 3327 3174 3395 ἦν
3194 3327 3262 3379 τὰ
3289 3325 3553 3395 ὀνόματαο
3577 3326 3640 3378 οὗ

375 3400 467 3450 καὶ
501 3400 748 3472 υίότητα.
793 3404 957 3459 Ἀλλά
992 3407 1165 3461 ταῦτα
1197 3410 1294 3461 καὶ
1341 3410 1415 3480 μὴ
1459 3411 1752 3482 νοούμενα,
1803 3416 1958 3469 οὐδὲν

374 3486 535 3561 ἧττον
573 3493 688 3547 ἐστι
738 3496 832 3550 καὶ
867 3497 1019 3551 ἔσται
1050 3499 1223 3564 οῦτως
1280 3501 1340 3554 ἐν
1372 3506 1437 3574 τῇ
1490 3504 1585 3558 τοῦ
1623 3508 1957 3576 πράγματος

372 3584 556 3650 φύσει.
620 3587 829 3658 Πέτρος
876 3590 932 3642 δὲ
990 3590 1349 3648 ὑποκείσεται
1401 3596 1562 3660 αὐτὸς
1616 3598 1821 3670 ἐαυτῷ,
1858 3601 1954 3654 καὶ

369 3672 565 3726 ἑαυτοῦ
598 3677 1132 3748 κατηγορηθήσεται,
1170 3685 1264 3736 καὶ
1295 3688 1470 3757 ταύτῃ
1507 3687 1950 3758 διακριθήσεται,

368 3763 578 3835 οὐδαμῆ
628 3769 882 3837 οὐδαμῶς
914 3774 1397 3847 ἀπαλλαττόμενος
1444 3780 1543 3849 τῆς
1575 3780 1744 3833 ταῦτα
1778 3799 1953 3851 πεφυ-

368 3858 524 3919 κυίας
560 3862 822 3929 πράττειν
852 3864 1051 3936 ψυχῆς.

440 3949 577 4003 Οὔτε
620 3954 798 4008 τοίνυν
844 3962 908 4028 τῇ
945 3959 1066 4030 θεία
1101 3961 1315 4033 Γραφῇ,
1349 3962 1471 4017 οὑτε
1518 3965 1595 4036 τῷ
1623 3967 1767 4038 λόγῳ
1799 3985 1944 4038 συμ-

369 4041 620 4096 ϐαίνοντα
676 4047 861 4115 ἠξῖουν
890 4052 1101 4124 οἱπερὶ
1155 4055 1426 4125 Βαρλαάμ
1472 4058 1567 4110 καὶ
1610 4060 1944 4127 ’Λκίνδυνον,

366 4138 460 4186 καὶ
494 4138 609 4205 ἃμα
638 4142 749 4202 τοῖς
794 4142 1138 4208 διδασκάλοις
1181 4150 1315 4200 πᾶσι
1365 4151 1670 4220 μαχόμενα,
1716 4145 1789 4205 ὧν
1847 4154 1948 4217 τὰς

366 4228 556 4296 ῥήσεις
590 4232 849 4301 εὑρήσεις
877 4237 934 4287 ἐν
986 4238 1062 4307 τῷ
1094 4238 1187 4290 τοῦ
1221 4243 1498 4310 μακαρίου
1533 4243 1772 4314 Παλαμᾶ
1814 4263 1947 4314 συγ-

364 4320 679 4388 γράμματι,
709 4326 766 4376 ἐν
818 4321 862 4393 ᾧ
888 4328 1123 4397 τρόπους
1153 4332 1306 4395 τινὰς
1341 4333 1666 4403 διακρίσεως
1700 4338 1799 4407 τῆς
1849 4339 1941 4391 οὑ-

365 4410 485 4473 σίας
514 4412 609 4465 τοῦ
656 4415 794 4469 Θεοῦ
827 4421 921 4471 καὶ
971 4421 1069 4491 τῆς
1120 4425 1404 4493 ἐνεργείας
1452 4428 1617 4480 αὐτοῦ
1660 4430 1940 4498 προτιθεὶς

358 4503 458 4563 τὰς
490 4504 595 4556 τῶν
618 4506 956 4565 διδασκάλων
982 4514 1172 4584 ῥήσεις
1195 4516 1417 4580 τούτους
1449 4518 1775 4586 βεϐαιούσας
1801 4524 1940 4576 ἐπά-

2061 3408 2153 3461 τδν
2198 3409 2363 3463 αὐτὸν
2396 3412 2707 3483 ἀμφοτέροιν
2740 3413 3014 3467 ἀποδώσει
3062 3414 3243 3483 λόγον.
3275 3408 3379 3466 Ὦν
3418 3414 3475 3466 δὲ
3499 3417 3528 3466 6
3556 3415 3643 3467 λό-

2060 3517 2155 3568 γος
2199 3500 2404 3573 ἐτερος,
2452 3504 2659 3558 τούτων
2688 3506 2785 3561 καὶ
2839 3506 2873 3576 ἠ
2914 3506 3076 3575 φύσις
3107 3506 3389 3576 διάφορος.
3427 3506 3641 3561 Οὐκοῦν

2058 3591 2187 3645 ἄλλο
2229 3594 2329 3662 μέν
2352 3594 2500 3647 ἐστιν
2530 3597 2709 3663 οὐσία,
2740 3592 2808 3670 ἧς
2834 3595 2985 3651 οὑπω
3022 3598 3180 3665 λόγος
3220 3597 3465 3668 μηνυτὴς
3486 3597 3639 3664 ἐξευ-

2060 3685 2212 3758 ρέθη,
2270 3688 2435 3759 ἐτέρα
2479 3688 2536 3740 δὲ
2582 3691 2616 3760 ἡ
2668 3690 2778 3743 τῶν
2822 3691 2953 3761 περὶ
3001 3691 3174 3763 αὐτὴν
3210 3692 3496 3758 ὀνομάτων
3535 3710 3637 3761 ση-

2058 3778 2253 3847 μασία,
2318 3779 2377 3847 ἐξ
2429 3782 2711 3851 ἐνεργείας
2772 3782 2915 3847 τινὸς
2969 3784 3005 3853 ἢ
3056 3784 3213 3849 ἀξίας
3291 3785 3636 3856 ὀνομαζομέ-

2054 3888 2180 3928 νων.
2230 3891 2250 3923 ι

2132 3963 2267 4017 Ἰδοὺ
2320 3954 2508 4035 σαφῶς
2561 3969 2590 4022 6
2637 3968 2957 4031 διδάσκαλος
3006 3970 3192 4033 αὐτοῖς
3239 3969 3628 4037 ἐπιδείκνυσιν,

2049 4054 2209 4123 εἴπερ
2255 4056 2542 4112 ἐϐούλοντο
2598 4063 2855 4133 συνορᾷν,
2896 4062 3045 4125 ὅπως
3076 4063 3110 4133 ὴ
3145 4062 3306 4115 οὐσία
3352 4060 3445 4115 τοῦ
3486 4060 3623 4114 Θεοῦ

2050 4148 2145 4200 καὶ
2176 4150 2207 4219 ή
2239 4151 2490 4221 ἐνέργεια
2522 4155 2586 4207 ἐκ
2612 4154 2713 4224 τῆς
2746 4156 2840 4208 τοῦ
2889 4156 3218 4227 πράγματος
3266 4156 3504 4227 φύσεως,
3534 4156 3629 4209 καὶ

2049 4238 2131 4293 ἐτι
2165 4241 2368 4312 μᾶλλον
2417 4246 2635 4308 εἰδικῶς
2666 4248 2739 4310 ὡς
2771 4248 2947 4302 εἰπεῖν
2987 4251 3344 4321 διακρίνεται.
3381 4269 3399 4302 ι
3435 4249 3629 4312 Ἀλλος

2050 4332 2152 4402 μὲν
2200 4334 2310 4405 γάρ
2340 4337 2456 4389 ἐστι
2490 4337 2690 4405 νοητῆς
2722 4339 2917 4402 οὐσίας
2951 4340 3130 4408 λόγος,
3166 4342 3355 4412 φησὶν,
3384 4340 3543 4403 ἄλλος
3570 4338 3629 4394 δέ

2044 4427 2072 4478 6
2098 4427 2194 4495 τῆς
2226 4428 2530 4495 ἐνεργείας.
2563 4427 2663 4482 ’Ὡν
2694 4431 2751 4483 δὲ
2784 4434 2811 4484 6
2845 4434 3005 4500 λόγος
3040 4435 3245 4503 ἕτερος,
3281 4436 3376 4489 καὶ
3406 4438 3436 4505 ἡ
3467 4438 3629 4505 φύσις

2041 4518 2248 4571 τούτων
2288 4519 2572 4591 διάφορος.
2614 4523 2682 4575 Ἠ
2729 4524 2890 4592 φύσις
2936 4527 3043 4595 ἄρα
3083 4526 3181 4595 τῆς
3227 4527 3381 4590 θείας
3435 4527 3626 4590 οὐσίας

357 4607 443 4660 γει
476 4595 714 4664 μάλιστα
742 4604 1057 4669 προσφυῶς.
1096 4606 1210 4659 Νῦν
1242 4607 1286 4659 δ’
1314 4609 1530 4681 ἀπόχρη
1562 4613 1630 4665 τά
1666 4616 1934 4684 εἰρημένα
1970 4632 2010 4685 D
2042 4612 2139 4663 καὶ
2166 4612 2266 4679 τῆς
2290 4610 2440 4674 θείας
2487 4614 2769 4684 ἐνεργείας
2800 4616 2956 4686 οὑχή
3009 4618 3143 4687 αὑτή
3189 4620 3358 4681 ἐστιν,
3399 4636 3418 4669 ι
3463 4618 3625 4687 φύσιν

355 4692 416 4739 τό
452 4706 509 4741 τε
545 4692 653 4743 τῶν
700 4694 1112 4750 Ἀκινδυνιανῶν
1142 4702 1495 4772 παραστῆσαί
1524 4722 1606 4756 σοι
1655 4706 1932 4775 φρόνημα,

355 4778 448 4830 καὶ
478 4779 552 4842 ὡς
584 4775 733 4853 εἶχεν
758 4785 982 4840 ἄτοπον.
1021 4789 1087 4843 Ἦ
1129 4791 1186 4843 δὲ
1227 4792 1323 4845 τοῦ
1370 4794 1611 4865 Χριστοῦ
1639 4797 1937 4866 Ἐκκλησία

354 4869 444 4921 τὸν
482 4873 627 4940 ἱερὸν
677 4875 927 4946 θεολόγον
959 4881 1264 4953 Γρηγόριον
1296 4885 1405 4938 τῶν
1449 4888 1656 4957 ἑαυτῆς
1690 4906 1931 4958 προστη-

358 4965 565 5035 σαμένη
599 4967 908 5039 δογμάτων,
959 4975 1361 5046 ὑπερασπίζειν
1395 4982 1588 5052 ἐκείνῳ
1645 4984 1935 5055 πολλαχῶς

349 5052 556 5107 τούτων
604 5061 902 5128 προσῆκον,
946 5064 1038 5116 τὸν
1075 5067 1175 5135 μὲν
1233 5070 1325 5121 τὸν
1379 5070 1513 5123 Θεὸν
1561 5052 1935 5144 ἀνθρωπίναις

348 5144 614 5211 ἐπινοίαις
644 5153 1031 5220 σεμνύνεσθαι,
1071 5157 1262 5230 ῶσπερ
1303 5162 1575 5231 μηδεμιᾶς
1603 5166 1749 5236 ἔργῳ
1798 5185 1933 5237 σεμ-

348 5238 576 5305 νότητος
602 5243 914 5314 προσούσης
950 5250 1119 5318 αὐτῷ,
1155 5252 1341 5323 πόρρω
1368 5254 1465 5323 τῆς
1504 5255 1764 5319 εὐσεϐοῦς
1794 5259 1931 5311 ὑπο-

345 5325 561 5397 λήψεως
591 5331 811 5397 ἔκρινεν
849 5333 1027 5390 εἶναι’
1062 5337 1205 5395 εἶναι
1248 5343 1305 5397 δέ
1338 5363 1459 5397 τινα
1514 5347 1608 5401 καὶ
1638 5347 1791 5414 τάξιν
1832 5350 1929 5404 καὶ

344 5418 619 5489 διάκρισιν
641 5425 817 5497 ἀληθῆ
852 5445 908 5480 τε
943 5432 1036 5484 καὶ
1087 5435 1470 5507 πραγματώδη
1517 5438 1615 5506 τῆς
1656 5439 1805 5503 θείας
1835 5441 1929 5493 οὐ-

346 5511 470 5575 σίας
506 5515 597 5566 καὶ
624 5516 723 5587 τῆς
750 5520 1031 5591 ἐνεργείας
1064 5526 1249 5587 αὐτοῦ,
1278 5528 1353 5591 ὼς
1381 5531 1474 5581 καὶ
1506 5531 1690 5584 αὐτοῖν
1718 5534 1926 5602 ἀμφοῖν

344 5602 526 5655 οὐσῶν
569 5606 801 5679 ἀληθείᾳ
842 5613 939 5666 καὶ
990 5616 1303 5685 πράγματι,
1336 5621 1479 5673 κατά
1529 5622 1621 5674 τὸν
1660 5622 1924 5694 ἐκατέρου

346 5696 636 5763 πρέποντα
656 5701 858 5770 τρόπον
889 5708 1201 5775 περιφανῶς
1239 5711 1576 5781 ἀνεκήρυξεν
1596 5729 1610 5742 ⁸
1652 5716 1750 5785 οὐχ
1780 5715 1923 5771 οὕτω

341 5782 594 5853 λέγοντες
648 5789 789 5846 εἶναι
839 5800 1073 5868 πρᾶγμα
1114 5801 1214 5870 τὴν
1246 5801 1399 5855 θείαν
1454 5804 1669 5870 οὐσίαν,
1696 5782 1824 5877 ,τήν
1862 5827 1921 5863 τε

345 5877 493 5932 θείαν
535 5882 843 5955 ἐνέργειαν,
882 5888 955 5953 ὡς
998 5893 1259 5962 ἑκάτερον
1294 5895 1543 5965 ὑφεστὼς
1568 5916 1627 5950 τε
1674 5900 1767 5953 καὶ
1800 5902 1921 5955 ἄτο-

2039 4699 2212 4768 λέγων
2244 4700 2343 4771 τὴν
2374 4704 2620 4771 φυσικῶς
2652 4705 3131 4776 ἐνσημαινομένην
3176 4708 3257 4777 τῷ
3286 4708 3450 4777 λόγῳ,
3484 4708 3546 4759 τὸ
3570 4708 3623 4761 τί

2036 4787 2105 4862 ἦν
2139 4787 2280 4847 εἶναι
2318 4794 2553 4863 λέγοντι,
2592 4796 2686 4849 τοῦ
2720 4797 2942 4865 ὀριστοῦ
2982 4797 3244 4867 ἰδιότητα,
3276 4799 3343 4852 δι’
3376 4800 3442 4869 ἢν
3473 4798 3623 4853 ἐστιν

2038 4880 2193 4945 αὐτὸ,
2223 4881 2253 4952 ἦ
2290 4883 2505 4954 ἐνεργεῖ
2532 4884 2564 4955 ἢ
2597 4886 2731 4956 ἔχει,
2765 4886 2841 4949 ὡς
2870 4887 2978 4958 ἄρα
3010 4888 3182 4952 δήπου
3226 4889 3320 4942 καὶ
3350 4890 3618 4958 πέφυκεν,

2035 4972 2096 5025 ὃν
2139 4970 2298 5044 οἶμαι
2344 4977 2550 5046 τρόπον
2588 4978 2648 5032 τὸ
2684 4978 2845 5048 φύσει
2878 4981 3017 5050 πρὸς
3049 4981 3109 5033 τὸ
3140 4981 3287 5036 θέσει
3342 4984 3439 5037 καὶ
3493 4986 3618 5036 κατ’

2035 5067 2305 5122 ἐπίνοιαν.
2338 5070 2526 5135 Οὕτως
2552 5088 2610 5124 τε
2649 5074 2676 5125 6
2702 5073 3023 5139 διδάσκαλος
3053 5077 3110 5128 ἐν
3148 5080 3263 5141 τοῖς
3288 5078 3422 5149 πρὸς
3452 5079 3619 5132 Εὐνό-

2038 5177 2185 5229 μιον,
2228 5162 2322 5215 καὶ
2353 5162 2504 5215 ἄλλοι
2533 5163 2642 5217 τῶν
2667 5163 3009 5221 διδασκάλων
3045 5171 3103 5223 ἐν
3132 5172 3250 5234 τοῖς
3292 5173 3443 5237 ἰδίοις
3468 5175 3619 5227 ἀντι-ν

2030 5250 2313 5320 διαιροῦσι·
2334 5254 2793 5324 συγγράμμασιν.
2831 5258 3021 5325 Ἀρκεῖ
3055 5261 3164 5331 γὰρ
3198 5261 3347 5317 οὕτω
3375 5263 3614 5334 τοῦνομα

2029 5345 2127 5414 τῆς
2160 5346 2375 5414 φύσεως
2435 5347 2744 5414 ἀναπτύξαι
2780 5368 2862 5405 σοι
2903 5353 3042 5425 πρός
3090 5371 3154 5423 γε
3200 5356 3296 5427 τὴν
3324 5358 3612 5428 παροῦσαν

2030 5437 2243 5508 χρείαν.
2279 5438 2617 5510 Ἐμϐαθῦναι
2649 5442 2705 5496 δὲ
2757 5444 2907 5514 αὑτῷ
2972 5448 3069 5501 καὶ
3109 5450 3251 5502 κατά
3278 5450 3377 5510 τὰς
3410 5450 3612 5519 ὑψηλο-

2027 5534 2197 5600 τέρας
2240 5531 2524 5601 μεθόδους,
2577 5534 2700 5586 λίαν
2754 5538 2871 5589 ἐστὶ
2932 5540 3251 5609 περίεργον.
3309 5541 3369 5593 EE
3402 5543 3605 5610 τοίνυν,

2030 5627 2171 5677 κατά
2199 5625 2293 5680 τὸν
2330 5627 2504 5695 μέγαν
2545 5626 2932 5693 Βασίλειον,ἐκ
2984 5629 3085 5698 τῆς
3134 5630 3231 5685 τοῦ
3277 5632 3609 5703 πράγματος

2027 5717 2242 5786 φύσεως
2266 5719 2607 5788 διακρίνεται
2634 5720 2667 5790 ἥ
2697 5736 2770 5772 τε⁴
2785 5721 2942 5774 οὐσία
2966 5721 3069 5775 τοῦ
3094 5723 3230 5777 Θεοῦ
3263 5726 3357 5777 καὶ
3390 5727 3427 5796 ὴ
3455 5728 3610 5798 ἐνέρ-

2026 5828 2151 5880 γεια
2183 5810 2370 5877 αὑτοῦ,
2404 5812 2499 5863 καὶ
2532 5813 2645 5874 τοῖς
2686 5811 2865 5879 λόγοις
2894 5814 3010 5876 τοῖς
3040 5814 3100 5867 τὸ
3132 5815 3185 5867 τί
3225 5811 3293 5888 ἦν
3333 5813 3477 5870 εἷναι
3509 5820 3606 5890 δη-

2027 5903 2210 5956 λοῦσι·
2248 5904 2360 5967 πῶς
2390 5903 2448 5956 οὑ
2479 5902 2750 5975 πρόδηλόν
2782 5905 2930 5961 ἐστιν
2958 5905 3296 5977 ἁμαρτάνειν
3322 5911 3449 5972 τοὺς
3467 5911 3629 5963 κατὰ.
