4118 6280
430 424 535 485 659

1475 426 1854 497 GENNADU
1903 425 2019 489 (ΖΡ.
2051 425 2567 486 ΡΑΤΪΗΑΒΟΗΕ

3590 429 3701 491 660

429 536 528 601 τὴν
556 536 830 605 ἡμετέραν
858 536 1105 591 ἐπίνοιαν
1136 538 1276 591 αὑτά
1302 538 1713 608 διακρίνοντας;
1736 540 1874 594 ἀλλά
1894 539 2004 611 μὴν
2034 539 2080 598 Α
2106 538 2204 606 ψαι
2263 540 2376 596 τοῖς
2425 540 2658 608 πρόσθεν
2699 539 2905 608 ταύτην
2960 540 3021 592 οὑ
3088 540 3375 609 βλέπουσιν
3412 559 3426 575 ·
3464 544 3700 613 ἠδύνατο

426 628 519 678 καὶ
556 626 650 680 τοῦ
689 627 789 696 τῆς
827 630 1137 693 συνθέσεως
1170 629 1330 694 δέους
1358 632 1805 695 άπαλλάττοντας
1839 634 2005 700 σφᾶς,

425 718 587 772 αὑτόν
614 736 680 788 γε
741 721 930 776 τοῦτον
964 723 1055 777 τδν
1092 725 1438 789 διδάσκαλον,
1502 726 1665 780 ἀλλον
1726 728 1793 780 ἂν
1847 727 2007 796 εἷπερ

424 812 732 877 ἐϐούλοντο,
763 816 859 867 καὶ
881 816 973 869 τὸν
998 816 1145 885 ἱερὸν
1176 818 1454 887 Μάξιμον.
1492 818 1551 873 '0
1578 822 1679 889 μὲν
1711 820 1845 890 γὰρ,
1880 823 1939 877 ἐν
1960 821 2007 889 β’

424 906 537 955 τῶν
563 906 699 974 πρὸς
730 907 997 975 Εὐνόμιον
1030 910 1373 975 ἐγκαλοῦντα
1406 911 1557 980 αὑτῷ
1589 913 1690 983 τὴν
1726 912 2001 975 σύνθεσιν,

423 998 508 1049 ἔτι
569 998 645 1068 μὴ
678 999 850 1065 αὑτὴν
880 998 978 1068 τὴν
1014 1000 1165 1052 θείαν
1215 1002 1426 1065 οὑσίαν,
1465 1001 1601 1053 ἀλλά
1652 1003 1782 1070 περὶ
1834 1003 2006 1071 αὐτὴν

428 1086 596 1140 ἐτίθει
643 1087 706 1141 τὸ
740 1088 1069 1159 ἀγέννητονί,
1115 1110 1133 1143 ι
1179 1095 1253 1145 Οὐ
1286 1092 1395 1161 γάρ
1424 1090 1486 1161 δὴ
1518 1092 1568 1144 οί
1599 1092 1865 1145 δεικτικοὶ
1904 1093 2005 1163 τῆς

431 1178 696 1246 ἰδιότητος
742 1178 911 1232 αὑτοῦ
969 1180 1187 1249 τρόποι,
1223 1182 1381 1249 φησὶ,
1426 1182 1517 1235 τὸν
1564 1183 1662 1249 τῆς
1699 1183 2005 1253 ἁπλότητος

422 1253 630 1335 τρᾍπον
688 1268 1173 1339 παραλυπὴσουσι.
1210 1289 1229 1324 ι
1289 1272 1544 1340 Μάξιμος
1578 1273 1634 1326 δὲ
1684 1276 1742 1327 ἐν
1770 1280 1841 1340 ιγ’
1873 1292 2001 1342 κεφ.

426 1358 528 1427 τῆς
572 1360 712 1428 πρὸς
767 1360 984 1432 Πύρρον
1029 1361 1346 1426 διαλέξεως,
1405 1382 1424 1415 ι
1469 1364 1655 1435 Ὁρᾷς,
1688 1368 1874 1435 ψησ“.ν,
1920 1367 2004 1420 ὅτι

426 1450 493 1503 ἐκ
520 1450 716 1504 τούτου
752 1452 1057 1516 πλανᾶσθε,
1084 1455 1149 1505 ἐκ
1178 1452 1275 1507 τοῦ
1308 1457 1485 1525 πάντη
1520 1456 1811 1525 ἀγνοῆσαι,
1843 1458 1924 1511 ὃτι
1948 1458 2004 1511 αι

427 1540 713 1606 συνθέσεις
742 1544 852 1596 τῶν
897 1547 955 1597 ἐν
990 1545 1289 1601 ὑποστάσει
1318 1546 1517 1612 ὄντων,
1544 1549 1635 1601 καί
1675 1548 1736 1600 ού
1793 1550 1903 1602 τῶν
1946 1550 2005 1602 ἐν

426 1631 599 1701 ἑτέρῳ
632 1632 1030 1701 θεωρουμένων
1065 1636 1194 1695 εἰσὶ,
1229 1637 1509 1691 καὶτοῦτο
1535 1641 1713 1693 κοινὸν
1744 1642 2004 1710 φρόνημα

423 1722 645 1775 πάντων
674 1724 769 1774 καὶ
800 1725 907 1775 τῶν
957 1724 1061 1786 ἐξω
1097 1724 1429 1794 φιλοσόφων,
1472 1729 1567 1779 καὶ
1605 1727 1715 1780 τῶν
1742 1728 1841 1798 τῆς
1877 1730 2004 1780 Ἐκ-

423 1815 652 1885 κλησίας
682 1815 959 1886 θεοσόφων
992 1820 1395 1886 μυσταγωγῶν,
1432 1822 1491 1873 ἐν
1541 1820 1843 1874 ὑποστάσει
1871 1821 2003 1875 ὄντα

2109 628 2167 682 δὲ
2200 629 2377 698 δήπου
2399 633 2464 700 τῇ
2490 629 2687 683 ἐαυτοῦ
2739 632 2903 700 σαρκὶ
2935 631 3004 683 τά
3055 631 3285 686 τοιαῦτα
3344 634 3694 703 χαρίζεσθαι,

2107 724 2230 777 ἐπεὶ
2261 723 2353 777 καὶ
2381 722 2542 783 αὐτὸς
2568 719 2636 793 ἦν
2661 724 2689 774 ὁ
2717 723 2923 793 ταύτην
2944 722 3170 793 ὕστερον
3195 726 3403 793 μέλλων
3424 727 3695 792 δοξάζειν,

2108 818 2206 870 καὶ
2234 817 2314 878 είς
2345 813 2532 881 ἀπαθῆ
2568 814 2665 868 καὶ
2698 815 3008 883 κουφότητα
3034 818 3346 883 μεταποιεῖν
3377 818 3471 870 καὶ
3494 817 3696 869 λεπτό-

2106 923 2246 975 τητα
2279 920 2293 933 ο
2334 904 2445 955 εἴτε
2498 903 2592 956 καὶ
2640 906 2753 965 τοῖς
2809 904 3134 967 ἀποστόλοις
3186 905 3705 959 ἐπισκευασθεισιῖιν

2106 1013 2224 1059 πως
2265 996 2463 1049 αὐτίκα
2487 996 2594 1048 τῶν
2621 996 2796 1065 ὄψεων
2827 1014 2839 1025 ·
2875 994 2999 1049 οὔτε
3048 998 3157 1064 γὰρ
3187 997 3414 1060 ἀπεικὸς
3454 993 3542 1068 ἦν,
3596 997 3698 1051 καὶ

2104 1087 2265 1141 τοῦτο
2294 1087 2719 1157 συνεληλυθέναι
2765 1090 2833 1157 τῇ
2898 1088 3060 1157 χρείᾳ
3108 1088 3202 1142 τοῦ
3260 1089 3557 1157 θαύματος,
3597 1091 3699 1144 καὶ

2104 1181 2224 1249 ἅμα
2256 1181 2554 1250 προσῆκον.
2588 1182 2747 1243 Τίνες
2787 1180 2989 1250 ταύτης
3019 1182 3287 1252 ἡγεμόνες
3332 1181 3434 1249 τῆς
3485 1182 3646 1251 δόξης
3674 1199 3697 1248 ς

2118 1273 2178 1324 ’0
2203 1272 2453 1339 θεολόγος
2477 1272 2801 1342 Γρηγόριος,
2830 1274 2858 1325 ό
2890 1274 3062 1340 μέγας
3095 1272 3400 1337 Βασίλειος,
3459 1275 3487 1326 ό
3544 1274 3698 1343 Χρυ-

2109 1365 2393 1432 σόστομος,
2434 1365 2462 1416 ό
2495 1364 2873 1433 Δαμασκηνὸς,
2907 1365 3001 1416 καὶ
3035 1364 3219 1432 ἕτεροι·
3269 1364 3478 1418 πολλοί.

2188 1456 2479 1525 Ἐπάνειμι
2511 1456 2645 1523 πρὸς
2676 1458 2738 1509 τὸ
2790 1455 2887 1510 τοῦ
2939 1456 3218 1525 Θεοδώρου
3276 1456 3374 1510 τοῦ
3433 1456 3699 1530 Γραπτοῦν

2108 1546 2399 1616 ρησείδιον.
2462 1546 2685 1617 Πρῶτον
2751 1545 2932 1599 ἔπεισί
2985 1563 3080 1616 μοι
3140 1544 3444 1614 θαυμάζειν
3507 1547 3693 1600 αὑτῶν

2104 1638 2204 1706 τὴν
2231 1638 2531 1705 σκαιότητα
2564 1655 2578 1669 ο
2617 1639 2972 1707 δραττόμενοι
3002 1639 3108 1705 γὰρ
3139 1637 3207 1690 τά
3238 1638 3331 1691 τοῦ
3386 1638 3694 1709 Θεοδώρου,

2106 1728 2166 1780 οὑ
2195 1728 2593 1798 περισκοποῦσι
2617 1730 2707 1782 τὸν
2742 1730 2918 1796 μέγαν
2952 1730 3257 1794 Βασίλειον,
3290 1728 3348 1791 δς
3371 1730 3465 1782 καὶ
3512 1731 3570 1781 ἐν
3610 1730 3694 1797 τῷ

2106 1820 2245 1888 πρὸς
2285 1820 2638 1890 Ἀμφιλόχιον
2696 1821 2840 1889 λόγῳ
2888 1822 3067 1875 τοιάδε
3122 1820 3480 1891 προστίθησιν
3510 1836 3522 1848 ·
3554 1841 3572 1872 ι
3602 1820 3701 1892 Μὴ

424 1906 629 1965 καλῶν.
666 1908 848 1978 Ἀπερ
904 1908 1022 1979 ἅμα
1063 1911 1160 1963 ὅλα
1209 1911 1316 1966 ὑπὸ
1348 1914 1458 1979 τοῖς
1513 1912 1693 1967 αὑτῶν
1739 1908 2000 1983 ὀνόμασιν
2034 1895 2077 1951 Β
2109 1910 2499 1979 ἐρωτάτωσαν,
2527 1913 2575 1963 εἱ
2602 1911 2702 1979 τὴν
2729 1911 2918 1964 οὐσίαν
2940 1911 3163 1981 οἴδαμεν
3193 1912 3286 1965 τοῦ
3324 1911 3459 1965 Θεοῦ
3491 1929 3505 1944 ο
3552 1912 3695 1967 ἀλλὰ

421 1996 888 2068 ἀναθρώσκουσιν,
927 2001 1006 2064 ὡς
1056 2002 1273 2072 ἔχουσιν
1302 2006 1358 2057 αί
1389 2005 1605 2073 πρῶται
1654 2006 1857 2071 οὐσίαι,
1905 2008 2002 2061 καὶ

419 2091 487 2142 τὰ
536 2090 676 2159 μέρη
710 2091 819 2145 τῶν
849 2091 1049 2145 οὐσιῶν
1086 2093 1315 2157 τούτων,
1346 2095 1380 2164 ἢ
1409 2096 1470 2148 τὸ
1505 2096 1868 2165 ὑποκείμενον
1904 2098 2000 2151 καὶ

421 2182 483 2233 τὸ
513 2182 693 2235 κοινὸν
722 2184 1069 2254 συμϐεϐηκὸς
1096 2186 1191 2239 καὶ
1219 2186 1288 2240 τά
1314 2186 1561 2245 τοιαῦτα.
1606 2208 1625 2241 ι
1673 2190 1732 2243 Ὀ
1760 2188 1817 2243 δὲ
1853 2191 1999 2261 ίερὸς

422 2277 673 2344 θεολόγος
718 2279 1018 2350 Γρηγόριος
1074 2280 1175 2351 οὐχ
1233 2280 1409 2346 οὕτως
1451 2286 1508 2336 ἐν
1560 2283 1866 2338 ὑποστάσει
1896 2286 2001 2355 τὴν,

420 2370 735 2440 ἀγαθότητα
783 2372 877 2424 τοῦ
943 2372 1080 2425 Θεοῦ
1133 2374 1234 2427 καὶ
1275 2375 1373 2446 τὴν
1404 2376 1598 2443 σοῃίαν
1630 2376 1821 2446 ἔλεγεν
1857 2373 1996 2431 εἶναι

417 2462 612 2531 χωρὶς,
673 2462 767 2515 καὶ
818 2461 918 2531 τὴν
952 2463 1303 2534 δικαιοσύνην
1339 2468 1436 2519 καὶ
1465 2467 1566 2536 τὴν
1605 2467 1887 2536 ἀλήθειαν,
1922 2468 1998 2531 ὡς

420 2555 567 2609 ἐστιν
600 2558 779 2610 είπεῖν
808 2558 899 2610 τδν
932 2558 1138 2628 Πέτρον
1175 2560 1270 2613 καὶ
1299 2559 1391 2612 τὸν
1424 2559 1656 2627 Παῦλον,
1691 2562 1724 2631 ἢ
1764 2562 1863 2633 τὴν
1894 2560 1998 2631 ψυ-

414 2648 519 2718 χὴν
553 2652 650 2704 καὶ
683 2649 747 2702 τὸ
806 2650 987 2718 σῶμα,
1030 2650 1065 2721 ἢ
1099 2650 1202 2722 τὴν
1249 2652 1408 2721 χεῖρα
1460 2653 1553 2705 καὶ
1586 2651 1688 2723 τὴν
1729 2653 1994 2723 κεφαλὴν,

413 2739 531 2795 ἀλλ’
557 2740 632 2802 ὡς
692 2741 784 2795 τὸν
825 2742 955 2795 νοῦν
1012 2742 1109 2795 καὶ
1145 2746 1246 2813 τὴν
1274 2742 1499 2813 θέλησιν
1544 2747 1603 2797 ἐν
1634 2744 1935 2815 ἀνθρώπῳ,
1961 2746 1997 2798 ἀ

420 2832 561 2901 μήτε
589 2832 916 2901 χωρίζεσθαι
950 2833 1227 2900 δύνανται,
1254 2834 1348 2885 καὶ
1377 2835 1527 2899 ὅμως
1560 2833 1787 2903 θάτερον
1811 2835 1995 2890 αὑτῶν

414 2921 531 2975 οὗθ’
572 2922 800 2991 ὁρισμός
830 2924 946 2976 ἐστι
982 2921 1237 2991 θατέρου,
1265 2922 1381 2976 οὔθ’
1405 2923 1637 2994 ὁρισμοῦ
1671 2925 1862 2997 μέρος,
1898 2927 1995 2980 καὶ

418 3013 669 3079 φυσικῶς
726 3013 1091 3083 ἐνυπάρχουσι
1145 3015 1223 3082 τῷ
1271 3015 1567 3084 ἀνθρώπῳ,
1603 3015 1792 3087 ὥσπερ
1851 3018 1996 3082 τινὲς

412 3108 582 3165 αὐτοῦ
607 3106 969 3177 τελειότητες,
986 3100 1060 3161 ὧν
1084 3108 1213 3163 ἄνευ
1234 3109 1341 3161 οὐδ’
1365 3109 1649 3179 ἄνθρωπος
1693 3112 1801 3181 εἴη,
1820 3111 1996 3177 οὕτως

412 3201 610 3269 ἔχοντα
644 3200 740 3261 καὶ
774 3201 1182 3270 πραγματικῶς
1215 3202 1389 3272 δήπου
1416 3203 1556 3255 είσὶν
1596 3203 1770 3274 αὑτῷ,
1820 3205 1897 3275 τῷ
1929 3223 1991 3275 γε

411 3294 852 3364 ὀλοσχερεστέρῳ
880 3293 989 3346 τῶν
1033 3293 1459 3365 σημαινομένων
1510 3294 1607 3349 τοῦ
1640 3296 1992 3365 πράγματος.

424 3385 491 3438 Ἠ
528 3384 632 3453 μιν
668 3384 735 3455 δὴ
765 3386 874 3439 τῶν
911 3384 1084 3452 δοξῶν
1115 3386 1443 3457 ἀμφοτέρων
1486 3388 1726 3460 διαφορά
1766 3388 1993 3460 τοιαύτη

410 3478 495 3541 τίς
531 3478 705 3539 ἐστιν.

497 3569 603 3623 Ἐῶ
633 3569 736 3642 μὶν
783 3569 893 3638 γὰρ
924 3571 1026 3635 τάς
1056 3571 1224 3636 ἄλλας
1254 3572 1522 3645 διαφοράς
1572 3576 1679 3629 τῶν
1714 3575 1995 3647 ὑϐριστῶν

413 3660 661 3725 ἐκείνων,
695 3662 755 3714 ἐν
807 3656 898 3724 αἷς
941 3658 1034 3734 ἦν,
1072 3663 1157 3716 ὅτι
1187 3664 1283 3717 καὶ
1332 3666 1393 3718 τὸ
1444 3667 1868 3736 περιαστράψαν
1903 3668 1995 3720 τὸν

414 3754 684 3825 ἡμέτερον
710 3757 993 3826 Δεσπότην
1042 3757 1102 3809 ἐν
1133 3756 1402 3829 Θαϐωρίῳ
1438 3758 1559 3825 φῶς
1600 3760 1811 3828 κτίσμα
1850 3756 1994 3813 εἶναι

411 3847 675 3913 ἐτίθεντο,
703 3848 737 3918 ἢ
766 3852 830 3902 ἐκ
862 3849 957 3903 τοῦ
991 3850 1223 3920 ἡλιακοῦ
1257 3855 1739 3924 προσειλημμένον
1790 3854 1992 3923 φωτὸς,

410 3938 580 4008 ῆτότ’
613 3938 776 4005 εὐθὺς
819 3940 920 4010 τῆς
966 3941 1155 4011 χρείας
1209 3942 1377 3996 ἕνεκα.
1427 3945 1832 4015 δημιουργηθέν
1897 3949 1995 3999 καὶ

414 4029 581 4085 πάλιν
610 4031 1040 4101 ἀπογενόμενον.
1075 4028 1177 4086 ’Ὧν
1222 4035 1454 4103 θάτερον
1485 4036 1829 4104 μὲνηάνάξιον
1861 4039 1995 4106 Χρι-

413 4118 543 4172 στοῦ
606 4120 703 4174 καὶ
754 4120 853 4189 τῆς
905 4122 1168 4191 ἀληθινῆς
1213 4124 1434 4176 ἐκείνου
1501 4126 1989 4196 θαυματουργίας,

412 4206 643 4274 θάτερον
674 4206 733 4259 δέ
780 4207 894 4261 οῦτ’
945 4211 1270 4280 ἀναγκαῖον,
1306 4213 1398 4265 καὶ
1428 4212 1547 4284 ἅμα
1590 4216 1876 4269 ἀδύνατονο
1909 4218 1994 4280 τίς

410 4298 529 4368 γὰρ
574 4299 792 4370 ἀνάγκη
840 4300 1201 4374 δημιουργεῖν
1257 4306 1373 4375 φῶς
1428 4308 1656 4374 ὀθνεῖον,
1688 4309 1803 4362 ἀλλ’
1836 4310 1897 4362 οὑ
1933 4309 1994 4363 τὸ

412 4392 619 4444 οἰκεῖον
649 4393 1063 4448 ἀνακαλύπτειν
1082 4414 1100 4463 ;

480 4482 546 4536 Τί
578 4485 635 4538 δέ
674 4488 820 4539 ἐστιν
856 4488 887 4558 ἡ
922 4489 1071 4557 παρά
1108 4490 1210 4559 τῆς
1247 4492 1569 4562 Ἐκκλησίας
1595 4497 1991 4568 κηρυττομένη

408 4576 637 4648 ἀλήθεια
664 4596 678 4645 ;
712 4579 835 4632 Ὅτι
862 4581 923 4634 τὸ
951 4581 1137 4651 θαῦμα
1166 4585 1342 4638 ἐκεῖνο
1371 4586 1622 4659 θεότητος
1651 4589 1994 4660 ἀποκάλυψις
2026 4586 2071 4644 D

406 4664 496 4738 ἦν,
521 4672 586 4738 τῇ
616 4672 774 4742 χρείᾳ
799 4672 896 4725 καὶ⁹
924 4672 1002 4744 τῷ
1033 4674 1212 4745 καιρῷ
1247 4678 1555 4749 πρόσφορος
1584 4679 1992 4753 τεθαυματουρ-

410 4764 649 4833 γημένη.
692 4765 802 4819 Καὶ
826 4765 886 4819 τὸ
924 4767 1041 4836 φῶς
1069 4771 1131 4822 οὐ
1172 4770 1323 4836 ξένον
1362 4771 1473 4825 οὐδ’
1526 4774 1851 4828 ἐπείσακτον
1900 4772 1989 4847 ἦν,

408 4853 525 4908 ἀλλ’
558 4856 775 4920 οίκεῖον,
805 4859 901 4912 καὶ
935 4858 1037 4929 τῆς
1070 4861 1128 4913 ἐν
1196 4861 1422 4933 Χριστῷ
1473 4868 1841 4935 προσωπικῶς
1867 4886 1993 4923 συν-

407 4948 663 5017 ημμένης
722 4948 997 5019 θεότητος,
1031 4952 1059 5005 ὃ
1090 4952 1154 5020 δὴ
1185 4953 1279 5007 τὸν
1300 4954 1402 5025 μὲν
1434 4956 1743 5026 ἔμπροσθεν
1772 4961 1988 5029 χρόνον,

407 5038 505 5091 καὶ
542 5041 682 5107 μετά
712 5041 886 5097 ταῦτα
924 5042 1085 5098 πάλιν
1119 5043 1433 5109 ἐλάνθανεν,
1474 5048 1580 5101 ὑπὸ
1607 5054 1672 5118 τῇ
1738 5055 1993 5119 στεγανό-

406 5147 529 5200 τητι
555 5130 655 5200 τῆς
689 5134 913 5201 σαρκὸς,
945 5135 1021 5198 ὡς
1059 5134 1234 5201 οὑτως
1264 5138 1459 5202 εἰπεῖν,
1515 5143 1946 5212 συνεσταλμένον
1973 5163 1987 5177 ·

405 5222 584 5274 καίτοι
610 5224 868 5289 καθάπαξ
892 5226 1143 5299 ἄπειρον,
1176 5230 1272 5281 καὶ
1303 5236 1639 5300 σωματικοῖς
1688 5234 1991 5305 ὀφθαλμοῖς

406 5315 654 5382 φυσικῶς
700 5316 932 5385 ἀόρατον
966 5317 1026 5371 ὃν
1055 5333 1070 5349 ο
1117 5320 1240 5374 τότε
1287 5322 1344 5375 δὲ
1398 5326 1713 5394 παραδόξως
1768 5330 1858 5382 διὰ
1893 5329 1989 5383 τοῦ

403 5407 726 5462 δεσποτικοῦ
755 5408 1010 5481 διέδραμε
1053 5411 1305 5484 σώματος
1363 5419 1457 5470 καὶ
1516 5418 1837 5491 διήστραψε,
1896 5423 1993 5476 καὶ

403 5499 503 5569 τὴν
525 5499 736 5554 οἰκείαν
766 5500 980 5555 ἔνδοθεν
1019 5502 1329 5575 ἐξέπεμψεν
1387 5510 1604 5580 αἴγλην,
1645 5512 1754 5564 εἴτε
1821 5514 1990 5584 μόνης

403 5590 503 5658 τῆς
536 5592 699 5660 ἁγίας
728 5593 932 5664 σαρκὸς
953 5596 1169 5668 ἐκείνης
1197 5597 1480 5667 βελτίωσίν
1506 5620 1632 5656 τινα
1653 5606 1990 5671 πεπονθυίας

402 5682 633 5753 τοιούτῳ
664 5684 907 5755 θαύματι
939 5687 1279 5757 πρέπουσαν,
1306 5691 1381 5753 ὡς
1422 5692 1488 5745 ἂν
1511 5693 1565 5745 εί
1612 5710 1693 5756 τις
1724 5695 1859 5763 φαίη
1903 5714 1987 5749 σι-

401 5773 601 5841 δήρεον
667 5776 861 5841 σκεῦος
917 5783 1135 5853 μηχανῇ
1188 5798 1297 5833 τινι
1353 5783 1611 5849 γενέσθαι
1666 5788 1986 5856 παραυτίκα

402 5864 686 5933 διαφανὲς,
720 5868 815 5920 καὶ
851 5869 949 5939 τὴν
987 5870 1134 5924 ἔνδον
1173 5873 1266 5925 τοῦ
1323 5875 1492 5942 πυρὸς
1531 5878 1725 5943 αἴγλην
1775 5879 1983 5944 ἐκπέμ-

2108 2001 2552 2069 πυνθανέτωσαν,
2603 2005 2652 2055 εἰ
2680 2002 2912 2073 φοϐερὸν
2945 2003 3170 2071 οἴδαμεν
3200 2006 3289 2055 τὸν
3341 2004 3557 2074 Θεὸν,ἢ
3609 2005 3698 2057 δί-

2106 2110 2284 2157 καιον,
2319 2092 2351 2157 ἢ
2381 2092 2787 2163 φιλάνθρωπον·
2824 2111 2998 2145 ταυτα
3024 2094 3400 2163 ὁμολογοῦμεν
3463 2094 3695 2149 είδέναι.

2108 2183 2171 2237 El
2201 2183 2257 2236 δέ
2297 2182 2427 2238 ἄλλο
2451 2201 2503 2236 τι
2533 2184 2755 2251 λέγουσι
2804 2184 2902 2253 τὴν
2950 2185 3163 2250 οὐσίαν,
3201 2185 3277 2255 μὴ
3320 2185 3694 2254 παραλογιζέι

2106 2272 2323 2328 σθωσαν
2345 2276 2492 2345 ἡμᾶς
2532 2275 2621 2329 διὰ
2655 2275 2753 2342 τῆς
2785 2273 3085 2347 ἁπλότητος
3114 2291 3128 2305 ⁶
3166 2276 3323 2328 αὐτοὶ
3386 2277 3495 2346 γάρ
3537 2277 3695 2344 ὠμο-

2105 2366 2368 2436 λόγησαν,
2405 2367 2533 2420 ἀλλο
2558 2365 2651 2419 καὶ
2684 2366 2813 2420 ἄλλο
2840 2361 2982 2419 εἶναι
3017 2368 3117 2438 τὴν
3146 2384 3204 2419 τε
3235 2368 3426 2420 οὐσίαν
3452 2369 3545 2422 καὶ
3578 2369 3694 2419 τῶν

2106 2462 2397 2531 ἀπηριθμη
2408 2462 2584 2529 μένων
2618 2460 2870 2525 ἕκαστον,
2899 2460 3016 2513 ἀλλ’
3046 2461 3103 2512 αἱ
3134 2461 3234 2530 μὲν
3267 2462 3538 2533 ἐνέργειαι
3568 2480 3697 2514 ποι--

2104 2552 2251 2607 κίλαι
2272 2570 2285 2583 ·
2319 2555 2350 2621 ἡ
2390 2552 2444 2605 δέ
2474 2552 2630 2604 οὑσία
2661 2550 2808 2619 ἀπλῆ
2843 2566 2856 2580 ·
2887 2553 3049 2621 ἡμεῖς
3066 2551 3123 2603 δὲ
3163 2553 3226 2604 ἐκ
3256 2552 3366 2605 τῶν
3396 2552 3694 2623 ἐνεργειῶν

2104 2645 2397 2715 γνωρίζειν
2419 2644 2653 2713 λέγομεν
2682 2645 2773 2696 τὸν
2829 2643 3008 2697 Θεὸν⁹
3071 2648 3136 2713 τῇ
3198 2644 3253 2697 δὲ
3306 2644 3462 2715 οὑσίᾳ
3520 2644 3691 2696 αὑτοῦ

2105 2736 2493 2807 προσεγγίζειν
2526 2737 2624 2805 οὑχ
2648 2736 3085 2805 ὑπισχνούμεθα,
3115 2738 3181 2789 Δί
3218 2738 3318 2804 μὲν
3360 2736 3471 2807 γὰρ
3530 2736 3695 2804 ἐνέρ-

2104 2845 2251 2897 γειαι
2283 2827 2450 2881 αὑτοῦ
2476 2826 2611 2893 πρὸς
2638 2829 2783 2897 ἡμᾶς
2826 2828 3252 2882 καταϐαίνουσιν
3278 2846 3292 2859 ·
3321 2830 3352 2899 ἡ
3418 2828 3474 2880 δέ
3527 2829 3696 2880 οὐσία.

2106 2920 2274 2985 αὑτοῦ
2309 2920 2462 2989 μένει
2499 2920 2819 2987 ἀπρόσιτος,
2862 2940 2880 2973 ι
2932 2922 3099 2991 Ὀρᾷς
3124 2920 3215 2974 τδν
3279 2922 3452 2993 μέγαν
3524 2918 3697 2971 Βασί-

2103 3013 2249 3066 λειον
2288 3014 2402 3075 πῶς
2435 3014 2645 3082 ἐλέγχει
2701 3014 2827 3076 τοὺς
2874 3014 3187 3082 Ἀνομοίους
3211 3031 3228 3080 ;

2174 3104 2495 3161 Σκοπείσθω
2529 3106 2585 3158 δὲ
2633 3105 2797 3158 τανῦν
2822 3106 2882 3157 τὸ
2913 3104 3003 3158 τοῦ
3037 3104 3288 3177 Γραπτοῦ
3342 3104 3542 3171 λόγιον,
3589 3103 3689 3156 τοῦ

2102 3199 2361 3267 Μαξίμου
2400 3200 2560 3268 μόνον
2591 3199 2724 3267 ἡμῖν
2753 3199 3061 3269 δεὴσειτην
3097 3199 3323 3267 μέθοδον
3364 3198 3688 3267 ὑφηγουμέ-

2099 3303 2189 3337 νου
2215 3288 2313 3355 τῆς
2332 3285 2670 3356 ἐξηγήσεως.
2698 3287 2836 3356 Φησὶ
2857 3286 3038 3340 τοίνυν
3072 3289 3282 3349 ἐκεῖνος
3307 3289 3361 3340 ἐν
3386 3289 3450 3357 τῇ
3483 3287 3559 3348 είς
3582 3287 3690 3355 τὴν

2099 3378 2319 3447 λυχνίαν
2344 3378 2551 3450 θεωρία
2579 3394 2593 3408 ⁸
2625 3397 2643 3429 ι
2680 3379 2754 3432 Οὑ
2786 3379 3016 3432 πάντοτε
3070 3381 3166 3433 καὶ
3210 3380 3397 3434 ’πάντα
3447 3379 3515 3433 τά
3581 3380 3687 3448 τὴν

2100 3470 2271 3540 αὐτὴν
2306 3470 2620 3540 ἐκφώνησιν
2658 3471 2850 3542 ἔχοντα
2882 3470 3006 3524 καθ’
3053 3470 3150 3523 ἕνα
3214 3472 3309 3524 καὶ
3370 3471 3461 3524 τὸν
3520 3470 3687 3523 αὑτὸν

2099 3563 2321 3626 πάντως
2346 3563 2672 3633 νοηθὴσεται
2705 3563 2928 3633 τρόπον,
2963 3562 3078 3615 ἀλλ’
3112 3561 3345 3616 ἕκαστον
3377 3562 3486 3615 τῶν
3523 3562 3685 3629 λεγο-
3742 3632 3755 3645 Γ

2101 3658 2279 3728 μένων
2305 3658 2443 3724 πρὸς
2478 3657 2575 3725 τὴν
2605 3656 2993 3726 ὑποκειμένην,
3014 3655 3258 3725 δηλονότι
3285 3655 3361 3724 τῷ
3397 3656 3545 3724 τόπῳ
3581 3652 3685 3721 τῆς

2098 3750 2259 3819 ἁγίας
2290 3750 2513 3820 Γραφῆς
2539 3747 2771 3819 δύναμιν
2800 3750 3046 3817 νοητέον,
3088 3750 3137 3801 εί
3170 3748 3462 3819 μέλλοιμεν
3504 3745 3684 3817 ὀρθῶς

2095 3843 2189 3897 τοῦ
2224 3841 2428 3896 σκοποῦ
2449 3842 2557 3894 τῶν
2590 3842 2899 3912 λεγομένων
2956 3840 3481 3912 καταστοχάζεσθαι.
3520 3860 3537 3892 ι
3574 3837 3684 3893 OD-

2097 3953 2175 3988 τω
2196 3936 2251 3987 δὲ
2284 3935 2457 4005 δήπου
2484 3938 2578 3987 καὶ
2605 3935 2675 3987 τὰ
2712 3935 2822 3987 τῶν
2852 3935 3213 4001 διδασκάλων,
3247 3934 3321 3997 ὡς
3362 3936 3456 3988 καὶ
3489 3934 3555 3986 τά
3579 3932 3683 4001 τῆς

2095 4026 2257 4095 άγίας
2292 4028 2539 4096 Γραιρῆς,
2574 4026 2892 4095 ἐξηγεῖσθαι
2915 4030 2996 4080 δεῖ
3023 4029 3244 4098 ῥήματα
3267 4027 3361 4081 καὶ
3412 4026 3550 4096 μετά
3579 4025 3681 4095 τῆς

2095 4119 2263 4187 αὑτῆς
2287 4119 2523 4190 ἑκάτερα
2544 4118 2875 4189 δεξιότητος,
2908 4120 2957 4172 εἱ
2984 4120 3079 4172 καὶ
3129 4120 3317 4188 μεῖζον
3367 4122 3480 4183 τοῖς
3539 4136 3681 4188 γρα-

2096 4212 2275 4281 φικοῖς
2311 4209 2471 4273 σέϐας
2507 4210 2797 4265 ἀποδοτέον
2856 4212 3026 4267 ἐστίν.
3074 4212 3235 4279 Λέγω
3302 4211 3482 4265 τοίνυν
3537 4211 3680 4265 κατὰ

2094 4307 2187 4360 τὸν
2214 4306 2371 4374 ἅγιον
2400 4307 2652 4378 Μάξιμον
2682 4309 2743 4362 τὸ
2773 4308 2873 4379 μὲν
2899 4308 3028 4362 ἀλλο
3067 4308 3165 4362 καὶ
3188 4307 3317 4360 ἄλλο
3366 4309 3541 4361 εἰπεῖν
3599 4302 3683 4359 εῖ-

2098 4418 2186 4455 ναι
2209 4400 2327 4452 τόδε
2351 4401 2444 4452 καὶ
2474 4401 2590 4454 τόδε
2617 4418 2630 4431 ·
2667 4400 2762 4454 καὶ
2800 4396 2956 4464 αὖθις
2985 4402 3181 4455 ταυτὸν
3199 4396 3340 4454 εἶναι
3367 4401 3482 4455 τόδε
3538 4399 3677 4468 τῷδε

2095 4492 2195 4564 τὴν
2225 4492 2397 4561 αὐτὴν
2424 4491 2735 4562 ἐκφὼνησιν
2768 4492 2882 4563 ἔχει
2904 4510 2919 4523 ·
2954 4481 3076 4546 οὔτε
3114 4494 3169 4547 δέ
3198 4495 3380 4547 πᾶσαν
3413 4492 3681 4562 ταυτότη-

2102 4604 2169 4639 τα
2208 4586 2506 4656 νοήσαιμεν
2529 4588 2587 4638 ἐν
2620 4588 2732 4649 τοῖς
2770 4586 2979 4649 αὐτοῖς,
3026 4585 3151 4640 οὔτε
3194 4588 3375 4639 πᾶσαν
3408 4586 3679 4655 διαφοράν

2100 4679 2192 4732 ἐπὶ
2223 4680 2330 4732 τῶν
2359 4678 2583 4749 ἐτέρων,
2621 4677 2738 4732 ἀλλ’
2774 4679 3081 4747 ἑκασταχοῦ
3132 4679 3229 4749 τὴν
3263 4680 3489 4736 οἰκείαν.
3537 4679 3681 4746 Τρό-

2098 4788 2192 4824 ποι
2223 4771 2279 4823 δὲ
2303 4772 2579 4841 διαφορῶν
2600 4788 2659 4823 τε
2686 4772 2778 4823 καὶ
2813 4771 3139 4842 διακρίσεων
3172 4774 3231 4823 ἐν
3260 4774 3375 4835 τοῖς
3413 4773 3678 4842 πράγμαο

2100 4879 2187 4917 σιν
2214 4865 2314 4916 οὑκ
2342 4863 2534 4930 ὀλίγοι,
2562 4855 2637 4917 ὧν
2669 4862 2802 4917 ἔνιοι
2826 4867 2921 4918 καὶ
2962 4865 3075 4926 τοῖς
3125 4864 3290 4923 θείοις
3336 4863 3677 4931 ἀναλογικῶς

2098 4955 2529 5026 ἐφαρμόζονται.
2571 4955 2847 5017 Ὡσαύτως
2893 4955 2949 5008 δέ
2995 4954 3089 5013 καὶ
3126 4956 3324 5008 ταυτὸν
3369 4956 3485 5008 τόδε
3537 4957 3677 5026 τῷδε

2098 5046 2321 5115 λέγεται
2358 5046 2731 5116 πολυτρόπως.
2766 5047 2827 5100 El
2864 5047 2963 5116 μὲν
2990 5045 3082 5099 οῦν
3109 5047 3242 5099 αὐτὸ
3294 5046 3555 5117 πρόθεσις
3608 5043 3678 5117 ἦν

2098 5142 2234 5209 ἡμῖν
2264 5139 2393 5209 περὶ
2426 5139 2754 5210 διακρίσεως
2776 5139 2996 5210 ἀπάσης
3021 5140 3196 5195 εἰπεῖν
3256 5141 3351 5192 καὶ
3400 5140 3676 5205 ἐνώσεως,

2098 5231 2205 5284 ἔδει
2235 5230 2287 5298 γ’
2320 5231 2387 5283 ἂν
2416 5231 2592 5285 πάντα
2626 5232 2824 5285 διελεῖν
2870 5231 3114 5300 ἀκριϐῶς
3141 5246 3155 5261 ·
3190 5230 3287 5285 νῦν
3321 5230 3370 5284 δ’
3397 5229 3519 5284 οὔτε
3548 5230 3677 5283 τοῦ·

2095 5342 2157 5378 το
2188 5324 2611 5393 προτεθειμένον
2644 5327 2799 5395 ἡμῖν,
2840 5325 2937 5379 καὶ
2975 5324 3094 5394 ἅμα
3153 5324 3249 5377 τοῦ
3292 5323 3422 5392 περ).
3467 5324 3678 5378 τούτων

2098 5415 2363 5485 ἀκριϐοῦς
2388 5416 2545 5481 λόγου
2582 5417 2713 5470 πολὺ
2743 5417 2807 5470 τὸ
2834 5417 2931 5485 τῆς
2967 5417 3251 5486 παρούσης
3281 5415 3473 5485 χρείας
3503 5415 3679 5483 ὑπερ-

2099 5509 2380 5573 ϐαίνοντος
2437 5510 2667 5580 μέτρον,
2729 5508 2937 5579 ἀρκοῦν
2979 5508 3266 5580 ἡγούμεθα
3326 5505 3496 5570 δεῖξαι
3548 5504 3678 5567 τοὺς

2110 5603 2517 5665 ’Δκινδυνιστάς
2550 5601 2769 5670 φαύλως
2798 5601 3198 5671 ἐξηγουμένους
3242 5600 3332 5653 τὸν
3386 5600 3561 5665 ἆγιον.
3597 5596 3673 5655 Οὐ

2097 5699 2209 5766 γάρ
2239 5695 2315 5759 ὼς
2334 5696 2490 5749 αὑτοὶ
2518 5694 2801 5763 βούλονται
2841 5695 3029 5758 ἁπλῶς
3061 5696 3272 5755 ἐκεῖνος
3311 5690 3563 5745 ἐκϐάλλει
3613 5689 3675 5743 τὸ

2097 5788 2197 5852 τὴν
2222 5787 2410 5839 οὐσίαν
2440 5786 2534 5839 καὶ
2556 5785 2654 5854 τὴν
2679 5786 2963 5857 ἐνέργειαν
2983 5784 3077 5841 τοῦ
3104 5782 3237 5837 Θεοῦ
3264 5781 3393 5837 ἀλλο
3415 5777 3553 5834 εἶναι
3580 5778 3676 5833 καὶ

2098 5877 2249 5944 ἄλλο,
2280 5876 2354 5942 ὡς
2382 5878 2447 5931 ἄν
2468 5893 2551 5940 τις
2577 5876 2704 5941 τοὺς
2740 5878 2974 5949 τρόπους
3005 5875 3213 5938 πάντας
3237 5874 3335 5946 τῆς
3355 5871 3677 5942 ἑτερότητος
