4118 6280
554 421 666 491 663

1610 428 1992 495 GENNADII
2028 430 2139 496 ΕΡ.
2187 430 2704 506 ΡΑΤΒΙᾼΒΟΙῘΕ

3695 431 3798 498 664

532 531 645 589 οἷόν
679 552 737 589 τε
770 535 941 590 πλείω
988 532 1126 590 εῖναι
1173 535 1241 591 τὰ
1286 535 1488 609 ἄπειρα
1514 555 1529 571 ο
1564 540 1643 609 τῷ
1682 541 1740 595 δέ
1793 543 1924 611 μίαν
1973 544 2114 613 μετὰ
2145 545 2187 599 Δ
2220 534 2533 617 ὑπερορίοις
2560 548 2729 599 πᾶσιν
2750 544 3638 615 ἐνασμενίζουσινιωτερίσμασιν,
3662 546 3801 600 ὥστε

533 628 629 695 τῆς
677 628 865 690 οὐσίας
911 628 1149 697 ὓπαρξιν
1194 630 1343 699 ἔχειν
1393 631 1560 701 οὔσης
1601 634 1857 704 ἀπείρου,
1893 636 2111 705 ἁπειροί

531 721 693 781 εἰσιν,
734 720 922 790 ῶσπερ
966 722 997 791 ὴ
1062 721 1183 774 θεία
1231 724 1391 777 οὐσία
1446 726 1539 777 καὶ
1586 727 1617 794 ἠ
1667 727 1786 779 θεία
1835 727 2109 798 ἐνέργεια,

531 811 564 879 ἠ
597 810 698 879 μέν
728 812 869 866 αὐτὰ
896 812 973 881 τῷ
1014 813 1228 885 ἀπείρῳ
1272 816 1366 868 καὶ
1400 815 1502 869 οὐκ
1546 815 1762 887 ἁπείρῴ
1795 818 2113 886 διενηνόχα-

532 919 647 965 τον,
679 905 740 955 οὐ
790 904 898 974 γάρ
932 906 1080 958 ἐστιν
1125 908 1190 959 ἐκ
1242 906 1336 959 τοῦ
1381 908 1484 976 τῆς
1531 908 1817 977 ἐνεργείας
1854 908 2014 977 λόγου
2045 911 2112 977 τῇ

531 996 835 1064 ἀγαθότητι
889 998 986 1051 τοῦ
1037 999 1174 1052 Θεοῦ
1222 1000 1283 1053 τὸ
1322 1002 1540 1073 ἀπείρῳ
1580 997 1720 1058 εἷναι
1751 1044 1767 1068 ,
1822 1004 1961 1058 ἀλλά
2024 1004 2116 1058 διὰ

531 1090 634 1159 τὴν
670 1091 878 1147 οὐσίαν.
906 1094 984 1163 Τῇ
1020 1093 1074 1146 δὲ
1125 1094 1283 1164 οὐσίᾳ
1336 1095 1430 1148 τοῦ
1486 1096 1621 1149 Θεοῦ
1676 1098 1820 1151 τοῦθ’
1852 1098 2115 1167 ἁρμόττει

533 1182 661 1236 καθ’
701 1184 902 1254 ἑαυτὴν
946 1186 1039 1238 καὶ
1088 1186 1156 1239 δι’
1202 1187 1425 1257 ἑαυτὴν,
1454 1189 1531 1257 τῷ
1572 1188 1629 1242 δέ
1675 1189 1767 1243 τὸν
1818 1190 1984 1243 αὐτον
2018 1191 2117 1258 τῆς

538 1274 827 1343 ὑπάρξεως
858 1277 1059 1345 τρόπον
1096 1278 1243 1347 ἔχειν
1271 1279 1372 1349 τῆς
1403 1280 1554 1343 Θείας
1601 1280 1749 1335 τοῦτ’
1775 1280 2119 1350 ἀναγκαζού-

538 1383 639 1434 σης
670 1366 993 1437 ἁπλότητος,
1030 1368 1088 1422 ἐν
1131 1388 1190 1423 τε
1237 1370 1469 1441 ἀπειρόν
1515 1374 1652 1427 εἰσιν
1690 1374 1884 1444 ἄμφω,
1915 1374 2008 1427 καὶ
2039 1369 2119 1436 εἷς

537 1456 670 1519 Θεὸς
718 1457 815 1526 τῆς
864 1460 1073 1529 εἰδικῆς
1114 1460 1460 1531 διακρίσεως,
1520 1463 1644 1517 οὔτε
1688 1465 1954 1535 διαίρεσιν
2004 1466 2121 1519 ἐκεῖ

539 1548 889 1616 πραγμάτων
935 1548 1059 1602 οὐτε
1109 1551 1361 1605 σύνθεσιν
1409 1552 1716 1623 δυναμένην
1765 1554 2120 1623 ἐργάζεσθαι,

537 1639 623 1693 ἆτ’
648 1641 735 1709 ἐφ’
766 1642 885 1705 ἐνὸς
913 1642 1281 1713 ὑποκειμένου
1312 1648 1406 1699 καὶ
1434 1646 1814 1700 ἁπλουστάτου
1844 1650 1944 1718 τῆς
1972 1647 2123 1710 θείας

536 1733 757 1800 φύσεως
806 1734 1122 1805 ἱδρυμένης.
1179 1738 1255 1789 Οὐ
1310 1736 1489 1790 τοίνυν
1542 1740 1601 1791 ἐν
1655 1738 1734 1808 τῷ
1787 1739 1967 1806 λέγειν
2024 1741 2124 1809 τὴν

536 1826 820 1897 ἐνέργειαν
849 1826 945 1879 τοῦ
970 1827 1108 1880 Θεοῦ
1139 1828 1231 1881 τὸν
1260 1828 1424 1882 αὐτὸν
1456 1831 1800 1900 ἐπιδέχεσθαι
1846 1835 1911 1902 τῇ
1961 1832 2120 1903 οὐσίᾳ

534 2011 725 2075 οὐσίας
765 2011 962 2081 σεμνὰ,
1003 2013 1098 2066 καὶ
1147 2012 1285 2081 πρὸς
1310 2012 1409 2083 τὴν
1456 2013 1630 2084 αὐτῆς
1676 2015 1967 2085 ἐνέργειαν
2007 2016 2126 2069 δια-

535 2102 767 2164 ϐαίνειν,
795 2104 1066 2173 ἠγνόησεν
1091 2103 1123 2156 ό
1147 2102 1473 2169 διδάσκαλος
1499 2107 1698 2161 ἐαυτὸν
1726 2108 1988 2178 εἰρηκότα
2022 2124 2125 2160 που

533 2197 695 2251 ἀλλον
736 2198 836 2267 μὲν
866 2192 1005 2251 εἶναι
1060 2197 1152 2251 τὸν
1187 2197 1346 2266 λόγον
1398 2198 1500 2267 τῆς
1554 2198 1766 2266 οὐσίας,
1817 2201 2015 2271 ἕτερον
2068 2201 2127 2253 δέ

536 2289 628 2341 τὸν
656 2290 754 2359 τῆς
783 2289 1090 2358 ἐνεργείας,
1119 2289 1234 2343 οὐθ’
1277 2292 1429 2361 ἡμᾶς
1460 2292 1756 2360 ἐχομένους
1790 2293 2003 2346 ἐκείνου
2030 2294 2125 2345 τοῦ

540 2382 726 2450 λόγου,
781 2382 970 2437 τοῦτον
1018 2384 1125 2455 χρὴ
1184 2385 1605 2454 παραιτεῖσθαι,
1666 2386 1699 2456 ἢ
1768 2386 1929 2439 πάνθ’
1988 2386 2125 2455 ὁμοῦ

537 2476 713 2531 ποιεῖν
747 2476 1033 2547 χρήματα.
1068 2477 1164 2540 Τίς
1191 2477 1299 2546 γὰρ
1329 2477 1454 2531 νοῦν
1486 2476 1626 2548 ἔχων
1653 2479 1773 2550 ἐρεῖ
1802 2479 1863 2531 τὸ
1892 2480 2123 2549 ἄπειρον

536 2570 632 2623 καὶ
677 2569 739 2622 τὸ
786 2570 1205 2639 πεπερασμένον
1255 2570 1474 2642 ἐπινοίᾳ
1528 2571 1949 2639 διακεκρίσθαι;
1989 2573 2024 2625 ’ἁ
2062 2589 2127 2639 γε

538 2664 614 2733 μὴ
644 2664 936 2733 πεποίηται
978 2664 1083 2717 ὑπὸ
1132 2664 1233 2734 τῆς
1283 2665 1490 2735 ψυχῆς,
1519 2665 1637 2718 ἀλλ’
1682 2665 1798 2719 ἐστι
1847 2684 1907 2719 τε
1956 2666 2127 2735 αὐτῆς

536 2757 670 2821 ἄνω,
701 2758 797 2811 καὶ
927 2757 1068 2810 αὐτὰ
1116 2756 1488 2827 διακέκριται,
1519 2760 1613 2810 καὶ
1659 2758 1689 2811 ὃ
1745 2756 1933 2827 μεῖζόν
1976 2760 2123 2811 ἐστιν

537 2848 910 2917 ἀντιφατικῶς
962 2864 1103 2911 πως.
1143 2848 1309 2900 Ὥστε
1355 2850 1478 2902 οὐδὲ
1511 2851 1544 2919 ή
1590 2849 1711 2902 Θεία
1760 2850 1941 2914 οὐσία,
1973 2852 2068 2904 καὶ
2094 2852 2127 2920 ἡ

539 2940 661 2991 θεία
703 2938 976 3007 ἐνέργεια,
1088 2938 1244 2993 οὐσία
1277 2940 1372 2993 καὶ
1504 2943 1778 3011 ἐνέργεια,
1828 2942 1974 3012 λόγῳ
2007 2943 2128 2996 δια-

539 3030 886 3102 κριθήσεται,
915 3024 989 3082 ῶν
1023 3032 1089 3097 τῇ
1138 3030 1236 3099 μὲν
1264 3030 1323 3083 τὸ
1366 3031 1621 3102 ἄπειρον,
1658 3035 1723 3103 τῇ
1752 3034 1806 3086 δέ
1840 3035 1901 3086 τὸ
1957 3051 2128 3088 πεπερ

544 3124 835 3194 ρασμένον,
979 3123 1212 3177 τοιαῖσδε
1250 3125 1659 3195 προσήκουσιν
1710 3126 1824 3179 ἀλλ’
1881 3125 2011 3179 εῖδει
2068 3143 2129 3179 τε

2220 636 2314 687 καὶ
2364 637 2525 689 πάντ’
2572 637 2639 690 ἂν
2699 637 2860 702 εῐπερ
2910 634 3036 705 ἐξῆν
3096 634 3281 695 αὐτοῖς
3338 633 3689 702 μετέπλασαν
3735 638 3801 692 τά
3854 673 3859 677 ς

2217 728 2489 796 ἡμέτερα,
2520 726 2712 795 ὥσπερ
2742 727 2925 798 ῥᾴδιον
2964 726 3031 780 ἂν
3076 726 3238 796 ὅρους
3277 725 3592 795 μεταθεῖναι
3634 728 3803 782 Πατέο

2222 836 2354 890 ρων,
2383 820 2477 873 καὶ
2505 819 2659 875 ταῦτ’
2689 822 2749 872 ἐν
2798 819 3068 882 τοιούτοις
3109 820 3348 889 καιροῖς,
3381 820 3441 871 ἐν
3482 813 3564 883 οἷς
3594 820 3801 889 ἀρκοῦν

2218 912 2365 963 ἐστιν
2410 912 2542 981 ἡμῖν
2604 913 2742 980 πρὸς
2788 910 3072 964 εὐσέϐειαν
3125 910 3196 963 τὰ
3243 909 3469 963 ἐκείνων
3528 910 3653 980 ῐχνη
3690 910 3802 963 καὶ

2221 1004 2453 1074 συνορᾷν
2492 1002 2589 1056 καὶ
2637 1002 2873 1056 διώκειν.
2930 1004 2997 1056 Ὃ
3029 1002 3076 1056 δ’
3124 1002 3280 1057 αὐτοὶ
3327 1003 3651 1073 πράττουσι,
3693 1004 3800 1064 πᾶς

2219 1114 2304 1160 τις
2334 1096 2401 1150 ἂν
2435 1094 2568 1167 φαίη
2597 1095 2808 1165 κρίνειν
2838 1093 3019 1159 εἰδὼς,
3053 1095 3086 1165 ἢ
3113 1094 3455 1166 ἀδιαφορίας,
3485 1094 3518 1165 ἢ
3556 1095 3801 1163 μεγάλης

2220 1188 2481 1257 τυγχάνει
2528 1188 2805 1256 μυήσεως.
2847 1187 3042 1241 Καίτοι
3092 1189 3172 1256 τῷ
3210 1186 3286 1257 μὴ
3333 1186 3597 1240 δύνασθαι
3630 1186 3803 1239 ταῦτα

2224 1284 2559 1350 μεταποιεῖν,
2584 1282 2913 1350 κρουόμενοι
2950 1280 3213 1350 πρύμναν
3261 1279 3331 1333 τὰ
3378 1280 3588 1349 πάτρια
3637 1294 3803 1348 προσ-

2221 1373 2526 1427 ποιοῦνται.
2567 1371 2708 1424 Ἀλλ’
2754 1372 2946 1426 οὐδένα
2991 1372 3101 1425 τῶν
3153 1371 3283 1425 νοῦν
3327 1372 3562 1440 ἐχόντων
3610 1369 3804 1423 λανθά-

2223 1480 2374 1517 νουσι
2402 1462 2889 1531 προσποιούμενοι.
2920 1462 3083 1515 Αὐτοὶ
3112 1442 3222 1532 γάρ
3250 1463 3391 1514 εἰσιν
3416 1462 3463 1513 οἰ
3503 1460 3808 1531 Νεστορια-

2223 1556 2347 1617 νούς
2376 1557 2522 1624 ἡμᾶς
2568 1558 2813 1617 εἰπόντες
2850 1557 2908 1608 ἐν
2944 1555 3215 1624 πανδήμῳ
3264 1553 3504 1623 θεάτρῳ,
3544 1553 3681 1606 διότι
3719 1569 3807 1605 πι-

2228 1648 2497 1717 στεύομεν
2528 1647 2606 1717 μὴ
2644 1642 2786 1700 εἶναι
2820 1647 2914 1700 τὸν
2942 1647 3070 1700 Υίὸν
3097 1646 3193 1700 τοῦ
3246 1645 3383 1699 Θεοῦ
3417 1644 3511 1698 τοῦ
3544 1644 3807 1713 παναγίου

2226 1739 2543 1809 Πνεύματος
2568 1739 2763 1804 αἴτιον,
2786 1739 2965 1807 δόγμα
2998 1740 3205 1802 πάσαις
3230 1739 3505 1806 ἀνάγκαις
3536 1737 3807 1805 ἀληθινὸν,

2233 1833 2326 1885 καὶ
2354 1833 2464 1893 τοῖς
2494 1830 2789 1901 ἡμετέροις
2820 1832 3069 1901 Πατράσι
3101 1832 3200 1883 καὶ
3221 1830 3571 1893 διδασκάλοις
3632 1830 3808 1897 λόγοις
3874 1904 3880 1911 ,

428 1936 431 1937 ⁷
534 1917 715 1986 λόγον,
743 1919 993 1973 τουτέστι
1043 1921 1221 1975 πάντα
1268 1920 1339 1973 τὰ
1382 1922 1486 1993 τῆς
1534 1922 1853 1993 ὑπερφυοῦς
1900 1924 2122 1994 ἐκείνης
2156 1920 2197 1977 Β
2229 1924 2322 1976 καὶ
2351 1923 2550 1991 αἵμασι
2578 1922 2949 1993 διεκδικηθέν,
2980 1923 3090 1976 ἀπὸ
3137 1922 3247 1975 τῶν
3288 1922 3437 1992 αὐτῷ
3474 1939 3607 1974 ποτε
3644 1938 3811 1992 μαχε-

2232 2017 2485 2086 σαμένων
2520 2016 2865 2079 ἀποστατῶν,
2900 2014 2996 2079 οὒς
3037 2018 3134 2071 καὶ
3157 2017 3277 2078 ταῖς
3311 2014 3563 2078 αίωνίαις
3604 2016 3811 2076 ποιναῖς

2229 2104 2646 2159 καθυπέὸαλενο
2677 2107 2771 2158 καὶ
2815 2104 2875 2157 οὗ
2929 2105 3204 2173 δόγματος
3242 2105 3558 2158 τούναντίον
3620 2107 3813 2172 Apela-

2231 2196 2318 2251 νὺν
2348 2192 2489 2250 εἶναι
2520 2198 2608 2251 διὰ
2632 2197 2731 2267 τὴν
2762 2197 2946 2267 διττὴν
2989 2198 3186 2268 ἀρχὴν,
3222 2197 3315 2251 καὶ
3355 2196 3694 2266 Εὐνομιανδν
3732 2196 3814 2249 διά

2230 2292 2329 2362 τὴν
2375 2291 2470 2345 τοῦ
2521 2293 2839 2362 Πνεύματος
2877 2294 3093 2362 ὕφεσιν,
3127 2293 3225 2346 καὶ
3259 2290 3680 2361 Ἀπολλινάριον
3731 2291 3813 2343 διὰ

2230 2386 2357 2449 τοὺς
2403 2386 2663 2473 βαθμοὺς
2685 2386 2793 2440 τῶν
2843 2386 3005 2439 θείων
3041 2387 3351 2457 προσώπων
3373 2402 3389 2415 ·
3424 2386 3521 2439 καὶ
3549 2384 3623 2455 ἥν
3663 2382 3815 2436 αὐτοὶ

2230 2480 2417 2542 κακῶς
2473 2478 2804 2533 πλάττουσιν
2859 2480 3090 2546 ἀταξίαν
3150 2479 3350 2550 μᾶλλον
3404 2479 3434 2548 ἢ
3498 2478 3682 2542 τάξιν,
3725 2476 3815 2527 καὶ

2232 2574 2516 2642 ὐσγχυσιν,
2563 2574 2624 2626 οὐ
2692 2572 2986 2642 διάκρισιν,
3039 2573 3135 2626 καὶ
3191 2572 3373 2635 ἄλλοις
3413 2572 3634 2634 πολλοῖς
3691 2568 3811 2623 ἀτό-

2231 2684 2355 2730 ποις
2387 2667 2536 2720 δοκεῖ
2561 2666 2937 2735 περιπίπτειν.

2303 2758 2471 2811 Αὐτοὶ
2514 2758 2696 2812 τοίνυν
2743 2760 2882 2811 εἰσὶν
2918 2759 2964 2811 οἰ
3020 2756 3397 2827 Νεστοριανὴν
3448 2756 3549 2825 τὴν
3609 2753 3815 2809 ἑαυτῶν

2235 2849 2450 2919 μητέρα
2505 2851 2864 2914 καλέσαντες,
2920 2851 2969 2901 οί
3026 2849 3244 2913 πολλοῖς
3299 2849 3548 2903 εὐσεόέσι
3606 2846 3813 2901 πολλῶν

2232 2941 2593 3011 ἀνθρωπίνων
2619 2943 2947 3012 πειρασμῶν
2976 2942 3146 2997 αῖτιοι
3179 2946 3563 3013 γεγενημένοι,
3599 2944 3648 2995 οἱ
3679 2940 3816 2993 κατὰ

2233 3033 2438 3095 παντὸς
2501 3032 2789 3104 ὀρθοδόξου
2849 3034 3295 3102 συγγεγραφότες
3352 3034 3812 3105 συγγράμματος,

2235 3125 2330 3178 καὶ
2383 3124 2508 3188 τοὺς
2538 3125 2596 3179 ἐν
2626 3126 2777 3195 πάσῃ
2805 3129 2871 3197 τῇ
2903 3128 2974 3197 γῇ
3023 3125 3386 3194 Χριστιανοὺς
3436 3126 3536 3195 τὴν
3568 3140 3815 3179 καινοτο-

539 3216 807 3283 δηλονότι,
838 3215 935 3266 καὶ
979 3216 1046 3284 τῇ
1088 3215 1184 3268 τοῦ
1236 3216 1570 3286 πράγματος
1623 3216 1786 3284 φύσει
1836 3217 2128 3288 διακριθή-
2158 3254 2204 3316 C
2239 3224 2368 3292 μίαν
2394 3220 2598 3290 ταύτην
2632 3219 2967 3288 πειρώμενοι
2999 3216 3232 3272 πείθειν.
3263 3216 3388 3279 Πῶς
3419 3215 3514 3269 οὖν
3556 3215 3814 3285 λήσουσιν

542 3324 716 3363 σεται.
757 3308 853 3360 Ἐν
890 3307 947 3360 δέ
990 3326 1043 3360 τι
1093 3306 1270 3371 ἄλλως
1316 3308 1555 3376 ἔσονται,
1590 3310 1703 3381 καὶ
1748 3308 2128 3363 ἁπλούστατον
2164 3306 2203 3316 “’
2235 3313 2512 3378 ἐξαπατᾶν
2546 3314 2670 3374 τοὺς
2704 3309 3108 3383 ἁπλουστέρους
3149 3308 3467 3380 βουλόμενοι
3497 3309 3621 3368 ταῖς
3651 3307 3814 3377 ἡναγ-

539 3400 745 3469 δηλαδὴ
778 3403 844 3470 τῇ
878 3399 1131 3470 ὑπάρξει,
1165 3402 1212 3453 εἰ
1246 3402 1341 3454 καὶ
1381 3402 1547 3472 μηδέν
1590 3403 1742 3456 ἐστιν
1773 3404 1830 3455 ἐν
1861 3405 1971 3465 τοῖς
2009 3397 2128 3457 οὖσι

539 3494 732 3549 τούτου
768 3492 1143 3562 παράδειγμα.

611 3586 798 3638 Ταῦτά
837 3603 921 3638 σοι
970 3586 1107 3656 πρὸς
1152 3587 1277 3650 τούς
1318 3588 1718 3651 Ἀκινδυνείους
1756 3590 1985 3654 τούτους
2035 3590 2131 3643 καὶ

541 3678 971 3747 Λατινόφρονας,
1004 3680 1051 3731 οἰ
1081 3679 1241 3732 αὐτοὶ
1282 3680 1390 3747 γὰρ
1424 3681 1593 3748 ἄμφω
1624 3682 1897 3748 νοσοῦσιν,
1929 3683 2133 3736 ἀπλοὺη

544 3769 739 3838 στερόν
783 3785 842 3821 τε
900 3770 993 3822 καὶ
1039 3770 1380 3842 δικαιότερον
1410 3771 1678 3839 λεγέσθω.
1714 3776 1775 3827 Εἰ
1826 3775 1882 3827 δὲ
1919 3776 2023 3846 χρή
2063 3792 2128 3844 με

541 3862 753 3933 τάληθῆ
793 3862 996 3931 λέγειν,
1046 3866 1112 3933 τῇ
1150 3882 1208 3917 τε
1256 3866 1439 3936 χρείᾳ,
1479 3867 1573 3919 καὶ
1628 3870 1693 3937 τῇ
1757 3869 1867 3921 τῶν
1916 3870 2131 3923 πολλῶν

542 3957 676 4020 ἕξει,
702 3956 811 4008 τῶν
855 3972 918 4023 γε
950 3956 1353 4025 ἐντευξομένων
1392 3958 1587 4020 αὐταῖς
1638 3960 1959 4031 σύμμετρον
1989 3963 2131 4015 ἀπε-

540 4046 776 4113 τίσαμέν
821 4062 903 4096 σοι
939 4044 1040 4113 τὴν
1085 4045 1196 4096 τῶν
1236 4046 1445 4099 λύσεων
1496 4047 1754 4117 δύναμιν.
1793 4052 1855 4103 Εἰ
1896 4052 2004 4121 γὰρ
2035 4054 2133 4106 καὶ

540 4138 641 4206 τῆς
689 4136 1003 4199 ὑποθέσεως
1046 4136 1251 4207 ταύτης
1301 4137 1438 4190 πολύ
1502 4141 1840 4212 φαυλότερόν
1889 4144 2007 4195 ἐστι
2069 4144 2131 4195 τὸ

542 4229 667 4281 καθ’
708 4230 877 4299 ἡμᾶς,
905 4228 1022 4281 ἀλλ’
1054 4227 1183 4298 ἐξῆν
1214 4245 1333 4292 πως
1367 4231 1463 4283 καὶ
1494 4231 1635 4302 ὑπὲρ
1670 4235 1798 4297 τοὺς
1846 4234 2131 4304 παρόντας

541 4322 735 4389 λόγους
769 4319 1003 4390 ἀρθῆναι
1030 4332 1044 4348 ⁶
1079 4320 1240 4375 τοῦτο
1275 4321 1320 4375 δ’
1351 4322 1450 4377 οὐκ
1480 4324 1549 4379 ἂν
1587 4326 1886 4396 συνέφερεν
1916 4326 2127 4391 ἀλλωςυ

543 4417 640 4470 καὶ
662 4416 689 4468 ό
716 4413 848 4483 ἐμὸς
873 4415 989 4485 γὰρ
1020 4413 1232 4484 Ἰησοῦς
1270 4417 1488 4486 μικρὸν,
1518 4421 1708 4489 φησιν,
1743 4420 1852 4474 ἀπὸ
1893 4420 1993 4490 τῆς
2025 4424 2130 4491 γῆς

2231 3403 2535 3473 κασμέναις
2576 3403 2803 3465 ταύταις
2862 3403 2958 3455 καὶ
3004 3402 3285 3473 καιρικαῖς
3348 3400 3813 3470 προσποιήσεσινς

2232 3494 2298 3545 Εἰ
2345 3492 2401 3545 δὲ
2438 3490 2718 3561 βούλονται
2751 3490 3135 3559 πιστευθῆναι,
3166 3489 3596 3559 ἀνασχέσθωσαν
3651 3489 3815 3557 πράτ-

2230 3601 2367 3646 τειν,
2421 3582 2457 3636 ἁ
2489 3584 2636 3635 δοκεῖ
2681 3584 2795 3643 τοῖς
2842 3581 3033 3651 νόμοις
3089 3582 3189 3649 τῆς
3248 3578 3602 3649 Ἐκκλησίας.
3658 3578 3816 3632 Μίσει

2232 3676 2412 3728 τοίνυν
2462 3674 2662 3735 αὐτοὺς
2721 3674 2971 3735 ἅπαντας
3016 3673 3123 3735 ἕως
3173 3671 3240 3727 ἂν
3283 3668 3388 3725 ὦσι
3419 3670 3685 3732 τοιοῦτοι,
3724 3670 3816 3723 καὶ

2233 3773 2345 3833 τοῖς
2378 3771 2475 3840 μὲν
2507 3769 2689 3823 αὐτῶν
2725 3767 2963 3839 ἡγεμόσι
2999 3769 3115 3830 τοῖς
3155 3765 3521 3836 ἐκκηρύκτοις
3560 3765 3812 3829 ἐκείνοις,

2234 3858 2309 3918 ὧν
2353 3863 2505 3917 αὐτοὶ
2542 3863 2653 3924 τοῖς
2702 3860 3036 3930 σοφίσμασιν
3088 3857 3466 3928 ἠκολούθησαν
3502 3858 3565 3911 ἐκ
3606 3854 3702 3909 τοῦ
3744 3853 3815 3923 μὴ

2232 3955 2492 4010 δύνασθαι
2552 3954 2783 4024 κρίνειν,
2830 3953 2906 4016 ώς
2964 3953 3158 4015 αἰτίοις
3210 3951 3385 4004 κακοῦ
3428 3951 3688 4004 τοσούτου
3728 3964 3816 4015 γε·

2233 4049 2577 4117 γενημένοις.
2627 4045 2852 4115 Ἐπαρῶ
2877 4046 3100 4107 δικαίως
3125 4046 3332 4110 ἐκεῖνα,
3358 4044 3394 4098 ἁ
3433 4044 3527 4097 καὶ
3565 4044 3599 4112 ὴ
3637 4042 3813 4111 μήτηρ

2232 4138 2391 4209 ἡμῶν
2420 4139 2451 4208 ή
2479 4138 2573 4190 τοῦ
2600 4135 2841 4206 Χριστοῦ
2877 4134 3180 4204 Ἐκκλησία
3212 4133 3479 4203 ἀμφιετὲς
3509 4133 3806 4202 ἐπαρᾶται·

2234 4230 2485 4302 συνᾴδειν
2516 4230 2626 4300 γὰρ
2652 4230 2798 4299 ἡμᾶς
2822 4229 2906 4280 δεῖ
2934 4229 3000 4298 τῇ
3049 4227 3239 4297 μητρὶ,
3275 4226 3326 4279 εί
3358 4226 3435 4296 μὴ
3484 4222 3809 4294 βουλοίμεθα

2230 4323 2329 4394 τὴν
2363 4324 2499 4394 πρὸς
2528 4322 2745 4391 ἐκείνην
2781 4321 2967 4392 σχέσιν
3016 4318 3302 4389 ἀρνεῖσθαι
3334 4333 3349 4348 ⁶
3383 4320 3495 4380 τοῖς
3525 4318 3583 4369 δὲ
3629 4316 3723 4369 νῦν
3745 4314 3811 4367 τά

2232 4416 2461 4470 ἐκείνων
2486 4415 2865 4477 ἐκθειάζουσιν
2899 4412 3248 4483 ἀσεϐήματα,
3281 4411 3388 4474 ἕως
3409 4411 3492 4463 ἐτι
3521 4409 3809 4479 περίεισιν,

542 4504 912 4574 ἐπαναγαγὼν
937 4505 1062 4568 τοὺς
1102 4506 1293 4576 ὄχλους
1321 4508 1623 4574 ἐδίδασκεν,
1655 4512 1802 4582 ἔργῳ
1838 4513 2125 4582 παραινῶν
2233 4508 2397 4578 εὐχου
2451 4506 2711 4576 γενέσθαι
2764 4504 3032 4576 βελτίους,
3060 4505 3159 4559 καὶ
3210 4502 3515 4573 μετάμελόν
3564 4518 3687 4555 τινα
3725 4499 3813 4550 λα-

540 4603 672 4671 ἡμῖν
702 4600 831 4653 ἔνθα
860 4599 957 4669 τῆς
986 4599 1318 4671 ώφελείαςή
1364 4602 1526 4670 χρεία
1563 4601 1655 4655 καὶ
1680 4602 1781 4672 τῆς
1818 4601 2129 4673 ἁπλότητος
2160 4604 2207 4660 D
2239 4600 2375 4665 δεῖν,
2414 4601 2508 4653 καὶ
2556 4600 2748 4653 τοῦτον
2782 4597 3083 4661 κανονικῶς
3143 4596 3541 4660 ἐπιδείξασθαι.
3580 4596 3646 4647 'A
3677 4594 3732 4646 δὲ
3776 4591 3808 4660 ἡ

545 4694 749 4762 μηδένα
800 4691 991 4761 καιρὸν
1048 4687 1190 4745 εἶναι
1222 4692 1318 4745 τοῦ
1355 4692 1553 4762 βάθους
1606 4712 1663 4746 τε
1721 4695 1817 4748 καὶ
1872 4693 1973 4764 τῆς
2006 4698 2123 4748 ἐπι·
2239 4694 2488 4763 ἡμετέρα
2532 4694 2721 4765 μήτηρ
2767 4694 2801 4762 ἡ
2843 4691 3108 4761 καθολικὴ
3159 4690 3270 4744 τῶν
3297 4688 3643 4759 Χριστιανῶν
3686 4686 3809 4740 Ἐκ-

541 4787 781 4853 δείξεως.
824 4786 897 4840 Σὺ
941 4785 1000 4839 δὲ
1053 4784 1164 4839 τῶν
1219 4786 1432 4856 ἀνδρῶν
1491 4786 1699 4840 τούτων
1743 4788 1818 4857 μὴ
1872 4789 2130 4841 τοσοῦτον
2233 4785 2433 4856 κλησία
2467 4786 2565 4840 καὶ
2617 4785 2932 4854 πεφρόνηκε
2975 4784 3074 4855 τὴν
3122 4783 3301 4854 ἀρχὴν
3353 4783 3449 4837 καὶ
3484 4782 3692 4851 φρονεῖ,
3718 4776 3809 4830 καὶ

543 4881 695 4948 μίσει
744 4879 842 4948 τὴν
892 4878 999 4932 ἀπὸ
1048 4879 1145 4947 τῆς
1193 4877 1457 4948 ἀληθείας
1516 4880 1718 4948 φυγὴν,
1754 4880 1879 4932 ὅσον
1927 4880 1988 4930 τὸ
2032 4881 2133 4946 τῆς

542 4968 919 5038 προαιρέσεως
970 4967 1413 5036 εὐμετὰπτωτον,
1445 4970 1539 5023 καὶ
1566 4971 1665 5040 τὴν
1692 4972 2000 5040 αὐστηρίαν
2030 4974 2130 5042 τῆς

544 5059 925 5127 συνειδήσεως.
961 5060 1083 5113 Ὀτι
1132 5059 1387 5131 καθάπερ
1434 5062 1691 5131 μεγάλων
1735 5061 1901 5116 τινῶν
1935 5063 2127 5116 κακῶν

542 5150 699 5211 δίκας
755 5150 1211 5219 εἰσπραττόμενοι
1267 5152 1365 5221 τὴν
1425 5153 1795 5224 Ἐκκλησίαν,
1848 5154 1944 5207 καὶ
1998 5153 2126 5218 τοὺς

546 5239 849 5311 προγόνους
883 5240 1067 5311 ἡμῶν,
1097 5242 1166 5295 τὰ
1198 5243 1358 5314 μέχρι
1388 5246 1483 5299 καὶ
1512 5244 1609 5297 νῦν
1654 5248 1714 5298 ἐν
1744 5247 1882 5317 ἡμῖν
1920 5248 2132 5315 κρατή-

549 5349 718 5389 σαντα
752 5331 998 5402 δόγματα
1034 5333 1255 5405 μισοῦσι
1302 5338 1398 5395 καὶ
1430 5337 1892 5409 ἀποστρέφονται,
1924 5340 2039 5402 τοῖς
2082 5338 2128 5397 δ’

2236 4881 2398 4950 μέχρι
2425 4880 2526 4947 τῆς
2563 4880 2690 4949 χθὲς
2719 4880 3024 4949 γενομένης
3052 4877 3415 4947 συναρπαγῆς
3443 4875 3581 4945 ὁμοῦ
3615 4875 3810 4932 πάντες

2232 4974 2498 5044 ἐφρόνουν
2524 4974 2574 5025 οί
2608 4973 2706 5043 τῆς
2737 4972 3061 5043 Ἐκκλησίας
3080 4972 3285 5039 ταύτης
3308 4970 3437 5036 υἱοὶ,
3459 4968 3662 5023 τούτων
3690 4965 3810 5034 ἔχου

2236 5065 2490 5134 βεϐαίως,
2527 5066 2666 5135 μήτε
2711 5063 3000 5131 Λατίνους,
3022 5064 3164 5133 μήτε
3201 5063 3412 5125 πάντας
3466 5057 3807 5129 ἀνθρώπους.

2235 5157 2374 5227 μήτε
2403 5159 2533 5220 τοὺς
2574 5157 2849 5226 ἀγγέλους
2893 5156 3117 5220 αὐτοὺς,
3150 5155 3203 5229 εἰ
3251 5153 3360 5207 δέοι
3412 5151 3556 5207 κατὰ
3608 5148 3812 5203 Παῦλον

2231 5250 2428 5314 εἰπεῖν,
2461 5249 2662 5314 ἐξελεῖν
2714 5267 2767 5302 τι
2796 5247 3084 5315 δύνασθαι,
3130 5245 3352 5318 βέλτιόν.
3385 5261 3446 5299 τε
3494 5244 3592 5303 καὶ
3618 5238 3811 5311 ἀληθέ-

2236 5356 2429 5410 στερον
2465 5341 2863 5413 πεπεισμένος.
