4118 6280
407 393 517 457 667

1514 386 1903 449 GENNADII
1935 386 2054 448 (ΖΡ.
2102 387 2625 449 ΡΛΤΗΙΑΚΟΗΕ

3578 386 3684 450 668

411 507 495 569 ξιν
530 505 697 576 ἔχειν,
736 500 892 556 τοῦτο
950 504 1093 556 κατά
1155 503 1338 574 πάσης
1367 503 1465 571 τῆς
1526 504 1860 575 Ἐκκλησίας
1896 503 1994 573 τῆ;
2026 507 2075 564 Α
2103 520 2201 564 τας
2233 503 2515 575 ἀρκοῦμεν
2547 501 2968 569 ἀπολογεῖσθαι’
3009 501 3047 556 ἃ
3084 502 3194 572 γάρ
3247 503 3307 555 ὲν
3350 503 3685 573 ἀμφοτέροις

413 597 763 669 θρεψαμένης
803 597 949 667 ἡμᾶς
982 598 1207 667 κρατεῖν
1240 597 1333 649 τὸν
1357 597 1548 649 ἔπειτα
1594 598 1821 667 χρόνον*
1854 595 2008 649 ούτων

410 690 576 742 δεινοί
624 691 772 751 τινές
824 692 931 741 εἱσι
985 689 1318 759 μητραλοῖαί
1379 692 1475 743 καὶ
1528 691 1863 759 πάντολμοι·
1909 689 1998 743 διὰ

411 780 572 834 τοῦτο
602 782 695 835 καὶ
728 785 890 851 ἡμεῖς
914 783 1100 845 αὐτοῖς
1127 783 1188 837 ού
1224 784 1587 853 προσέχομεν.
1622 784 1697 847 ὡς
1725 784 1826 852 τῆς
1859 782 1997 836 ένώ-

415 890 554 937 σεως
586 874 999 945 ὑπερδικοῦσιν,
1022 875 1158 928 ἀλλά
1193 875 1488 945 μισοῦμεν,
1523 877 1728 943 μᾶλλον
1749 876 1805 928 δὲ
1836 874 2005 928 ἔπαλ·

416 967 623 1035 γυῦμεν
663 968 871 1028 αὐτοῖς,
900 969 974 1029 ῶς
1009 967 1255 1020 κίνδυνον
1279 968 1600 1036 τηλικοῦτον
1644 967 2001 1038 ἐπανῃρημέ-

416 1076 528 1123 νοις
555 1060 649 1111 καὶ
679 1060 778 1130 τὴν
813 1061 1070 1129 ἀλήθειαν
1096 1061 1287 1131 αὐτὴν.
1317 1062 1413 1115 καὶ
1435 1063 1534 1128 τὴν
1560 1062 1717 1127 δόξαν
1750 1064 1847 1130 τῆς
1874 1060 2001 1113 καθ’

418 1153 568 1221 ἡμᾶς
623 1152 950 1221 Ἐκκλησίας
1014 1152 1406 1222 ῥιψοκινδύνως
1461 1154 1997 1223 διασπαράττουσινο

416 1243 571 1295 αύτοί
621 1260 683 1311 γε
717 1245 877 1313 ἡμεῖς
908 1246 971 1313 τῇ
1002 1244 1095 1297 τοῦ
1126 1244 1369 1313 Χριστοῦ
1422 1248 1608 1316 χάριτι
1638 1246 1739 1314 τῆς
1765 1244 2001 1315 ἀληθοῦς

416 1338 511 1387 καὶ
540 1336 819 1403 θεοφιλοῦς
856 1335 1105 1399 ένὼσεως
1140 1338 1247 1389 τῶν
1279 1339 1630 1408 Χριστιανῶν
1663 1338 2004 1407 ἐπιθυμηταὶ

416 1428 569 1491 ὄντες
604 1431 696 1481 καὶ
731 1429 1089 1491 σπουδασταῖ,
1115 1430 1167 1482 εἴ
1194 1447 1326 1482 ποτε
1358 1429 1603 1484 τοιοῦτόν
1632 1449 1685 1483 τι
1715 1432 2005 1501 δυνηθείη-

422 1538 543 1590 μεν.
572 1521 789 1573 Τούτων
836 1522 1017 1574 τοίνυν
1058 1522 1156 1591 τὴν
1214 1522 1487 1591 ἀμάθειαν
1536 1523 1637 1576 καὶ
1670 1523 1769 1594 τὴν
1800 1523 2005 1594 προπέ-

418 1631 573 1665 τειαν
621 1613 989 1681 φυλάττεσθαι
1034 1616 1146 1667 δεῖο
1179 1615 1228 1667 οἱ
1275 1615 1389 1687 γάρ
1417 1617 1555 1669 κατά
1590 1616 1699 1669 τῶν
1743 1616 2003 1670 διδασκάς

420 1705 530 1758 λων
567 1708 820 1773 ἀφιέντες
874 1708 940 1759 τά
997 1708 1125 1779 βέλη
1164 1710 1267 1777 τῆς
1323 1712 1640 1779 ἀγροικίας,
1685 1711 1738 1764 τί
1790 1711 1891 1763 οὐκ
1938 1711 2006 1765 ἂν

421 1800 701 1869 πέμψειαν
747 1800 873 1854 καθ’
912 1802 1109 1871 ἡμῶν;
1138 1803 1189 1855 τί
1226 1802 1270 1854 δ’
1305 1803 1408 1856 οὐκ
1435 1804 1502 1855 ἂν
1534 1804 1855 1873 άδικήσειαν
1876 1804 2003 1867 τούς

2097 598 2210 658 τοῖς
2241 595 2473 666 βιϐλίοις
2498 597 2897 665 κατέστρωται,
2929 595 3106 649 ταῦτα
3157 596 3252 648 καὶ
3278 596 3490 649 τούτων
3516 597 3689 650 πλείω

2098 687 2224 741 καθ’
2255 688 2471 758 ἡμέραν
2502 687 2639 757 πρὸς
2670 688 2801 750 τοὺς
2847 685 3261 751 ἀντιδοξοῦντας
3294 688 3685 757 διαλεγόμεθα·

2098 780 2149 833 οί
2172 780 2227 833 δὲ
2253 781 2354 834 οὐκ
2379 781 2596 850 ἔχοντες
2631 782 2884 851 ἀπαντᾷν
2930 781 3189 848 εὐλόγως,
3222 781 3382 834 ἀλλον
3407 782 3533 835 τινά
3568 782 3693 851 τρό-

2099 887 2202 925 πον
2230 871 2301 924 τδ
2324 873 2629 944 συμφέρειν
2678 873 2864 936 αὐτοῖς
2894 873 3085 927 δοκοῦν
3116 875 3422 944 πράττουσι
3450 890 3465 906 ⁸
3495 875 3693 942 τεθνη-

2099 965 2276 1018 κότων
2302 965 2358 1017 δὲ
2390 966 2555 1036 ἡμῶν
2582 983 2711 1019 ποτε
2732 967 2798 1019 τά
2832 966 3014 1035 βιϐλία
3053 967 3226 1021 ταῦτα
3252 967 3502 1038 λαλήσει.
3540 968 3602 1021 El
3630 968 3687 1020 δέ

2098 1074 2184 1121 τις
2214 1059 2330 1127 ἐρεῖ
2354 1076 2403 1110 τι
2437 1059 2555 1110 κατ’
2577 1058 2781 1123 αὐτῶν,
2813 1058 2991 1128 ἀληθῆ
3022 1059 3123 1128 μὲν
3161 1060 3284 1113 κατ’
3316 1060 3533 1131 ἀληθῶν
3561 1060 3690 1113 ἁδύ-

2102 1148 2263 1201 νατόν
2293 1150 2442 1202 ἐστιν
2472 1150 2683 1203 ἐκεῖνον
2725 1152 2899 1202 εἰπεῖν
2924 1165 2941 1181 ·
2965 1151 3073 1203 τῶν
3107 1151 3165 1204 δὲ
3196 1153 3551 1219 σοφισμάτων
3575 1155 3690 1215 τοῖς

2102 1241 2227 1293 νοῦν
2256 1240 2443 1312 έχουσι
2491 1243 2654 1296 δώσει
2685 1244 2784 1307 τάς
2838 1246 3017 1309 δίκας,
3070 1246 3201 1315 πρὶν
3234 1245 3460 1315 ἀποδοίη
3509 1246 3587 1312 τῷ
3610 1246 3693 1298 δι-

2103 1334 2245 1400 καίῳ
2284 1337 2445 1406 κριτῇ
2505 1337 2748 1393 πάντων.
2807 1338 3065 1391 Ἔσονται
3114 1338 3222 1406 γὰρ
3253 1338 3444 1391 πολλοὶ
3494 1342 3561 1409 τῇ
3590 1337 3691 1391 τοῦ

2102 1429 2343 1498 Χριστοῦ
2368 1430 2575 1499 χάριτι,
2603 1431 2857 1501 καθάπερ
2906 1434 3005 1486 καὶ
3041 1431 3139 1484 νῦν
3167 1433 3306 1484 εἰσιν
3334 1432 3381 1483 οἱ
3417 1431 3516 1501 τὴν
3552 1432 3696 1502 ἀλή-

2105 1522 2254 1574 θειαν
2287 1521 2427 1589 μετὰ
2466 1521 2565 1575 τοῦ
2618 1523 2957 1578 κακοπαθεῖν
3011 1522 3425 1593 ἀσπαζόμενοι,
3462 1523 3559 1576 καὶ
3618 1521 3697 1592 μὴ

2105 1615 2242 1685 πρὸς
2268 1614 2336 1670 τά
2366 1616 2679 1685 σοφίσματα
2733 1619 2829 1669 καὶ
2856 1615 2955 1686 τὴν
2986 1617 3096 1669 τῶν
3128 1615 3486 1687 προσκαίρων
3517 1631 3701 1685 πραγ-

2108 1707 2293 1777 μάτων
2327 1708 2622 1778 κεχηνότες
2665 1708 2909 1778 ἀπάτην’
2942 1707 3095 1778 παρά
3119 1707 3333 1770 τούτοις
3364 1702 3460 1759 οῦν
3500 1708 3533 1776 ἡ
3577 1705 3704 1775 κρί-

2111 1815 2193 1861 σις
2224 1799 2335 1853 τῶν
2364 1800 2413 1852 θ’
2444 1801 2731 1871 ἡμετέρων
2761 1800 2937 1867 λόγων
2970 1799 3238 1859 κείσεται,
3274 1801 3368 1852 καὶ
3398 1794 3473 1853 ὧν
3516 1798 3700 1867 ἕτεροι

423 1909 484 1943 τε
517 1892 707 1959 λόγους
746 1869 1039 1964 ἡμῶνκαὶ
1086 1895 1236 1965 ἡμᾶς
1284 1896 1410 1957 τοὺς
1462 1869 1697 1949 τούτων⁷
1720 1895 2004 1967 πατέρας;
2042 1869 2083 1924 Β
2117 1869 2640 1962 σοφιοῦνταιξἚγῶ
2659 1893 2719 1947 δὲ
2742 1892 2906 1947 ἄλλον
2932 1891 3191 1947 δικαστοῦ
3231 1892 3445 1963 νόμοις,
3478 1892 3571 1944 καὶ
3596 1891 3704 1960 ψή-

436 1985 685 2053 Ἐκείνης
718 1986 828 2056 γάρ
867 1988 973 2038 εἰσι
1001 1988 1100 2057 τῆς
1131 1987 1531 2057 προαιρέσεως,
1558 1983 1627 2060 ἧς
1664 1989 1758 2042 καὶ
1788 1991 1837 2042 οἱ
1862 1990 2008 2043 κατά

424 2078 521 2146 τῆς
574 2077 834 2148 ἀληθείας
886 2081 1331 2149 συγγεγραφέναι
1383 2080 1780 2150 τολμήσαντες.
1835 2076 2008 2134 Οἶσθα

426 2172 534 2239 γάρ
567 2169 792 2234 πολλοὺς
835 2171 928 2224 καὶ
974 2173 1116 2227 κατά
1166 2173 1275 2225 τῶν
1313 2172 1479 2243 ἱερῶν
1506 2173 1858 2242 Εὐαγγελίων
1911 2174 2011 2243 λη-

427 2264 705 2332 ρήσαντας
726 2280 738 2292 ⁸
779 2264 896 2317 ἀλλ’
916 2264 1021 2329 ἕως
1069 2265 1168 2335 μὲν
1198 2265 1408 2335 ζῶμεν,
1449 2265 1669 2337 γλώττῃ
1704 2266 1843 2336 πρὸς
1871 2266 2012 2318 πάνα-

440 2417 481 2425 ...ο

440 2431 487 2441 ..-

2116 2001 2239 2053 φοις
2291 1983 2639 2053 έκκείσομαι.
2703 1984 2924 2037 Τούτων
2987 1980 3083 2039 οῦν
3145 1984 3306 2055 χάριν
3360 1981 3553 2053 μηδενὶ
3585 1980 3701 2034 τῶν

2117 2077 2332 2147 ἐχθρῶν
2361 2076 2590 2130 διδόσθω
2611 2076 2672 2129 τὺ
2704 2077 3015 2146 σύνταγμα,
3044 2077 3150 2139 ἓως
3197 2077 3264 2130 ἂν
3303 2077 3361 2128 ὲν
3386 2077 3502 2138 τοῖς
3530 2074 3705 2136 ζῶσιν

2117 2169 2324 2241 ἀκούῃς
2377 2169 2539 2230 ὄντας
2592 2169 2763 2238 ἡμᾶς,
2819 2169 2851 2237 ἢ
2913 2168 3022 2231 ἕως
3071 2167 3139 2221 ἂν
3177 2167 3355 2239 μάθῃς
3394 2167 3531 2221 αὐτὸ
3564 2165 3707 2237 παρ’

2118 2263 2276 2334 ἡμῶν
2297 2264 2536 2317 ἑκόντων
2570 2264 2665 2317 καὶ
2691 2261 2874 2325 ἀλλοις
2900 2263 3041 2315 τισὶν
3073 2261 3380 2331 ἐκδοθῆναι.
3466 2253 3472 2259 ’

1736 2570 2479 2705 ΕΚΘΕΣΙΣ

644 2799 863 2884 ΤΗΣ
941 2796 1312 2885 ΟΡΘΗΣ

1412 2796 1677 2883 ΠΕΡΙ
1765 2794 1985 2879 ΤΗΣ
2051 2794 2284 2881 ΤΟΥ
2347 2794 2695 2886 ΑΓΙΟΥ
2773 2796 3487 2888 ΠΝΕΥΜΑΤΟΣ

1616 2960 2189 3023 ΥΠΟΣΤΑΣΕΩΣ
2253 2964 2529 3017 ΔΟΞΗΣ

831 3081 950 3138 KAI
988 3082 1125 3135 ΤΟΥ
1168 3080 1478 3135 ΑΡΧΔΙΟΥ
1509 3080 1629 3133 ΚΑΙ
1666 3077 2247 3136 ΩΜΟᾹΟΓΗΜΕΝΟΥ
2276 3081 2414 3133 ΤΗΣ
2441 3080 2839 3138 ΕΚΚΑΗΣῙΔΣ
2867 3083 3344 3138 ΦΡΟΝΗΜΔΤΟΣ

1487 3194 1587 3246 az
1662 3192 1774 3248 EN
1835 3192 2063 3262 Tong
2130 3195 2646 3253 ΟΜΟΛΟΓΙΑΣ

1752 3355 2387 3443 ΠΡΟΛΟΓΟΣ.

508 3656 782 3726 Γεὼργιος
811 3657 840 3708 ὁ
869 3652 1165 3723 Σχολάριος
1208 3652 1270 3706 τδ
1301 3653 1693 3707 εὐτελέστατον
1743 3653 1838 3707 τοῦ
1878 3655 2014 3709 Θεοῦ
2045 3657 2087 3715 C
2120 3654 2228 3707 τῶν
2258 3653 2520 3725 Πατέρων
2549 3655 2701 3726 ὅροις
2733 3655 2829 3711 κα)⁸
2862 3657 3043 3727 λόγοις
3062 3657 3284 3731 εἴληφα,
3317 3664 3384 3734 τῇ
3432 3663 3528 3718 τοῦ
3570 3666 3713 3724 Θεοῦ

440 3751 648 3817 κτίσμα
685 3750 765 3811 είς
794 3748 966 3801 ἀῖδιον
987 3747 1095 3800 τῶν
1124 3746 1572 3816 ἐντυγχανόντων
1606 3747 2014 3817 πληροφορίανο

437 3842 628 3912 έπειδὴ
658 3840 893 3912 χαλεπόν
929 3841 1048 3893 ἐστι
1081 3842 1195 3901 τοῖς
1226 3839 1348 3892 δυσὶ
1381 3840 1654 3907 τεύχεσιν,
1705 3838 1741 3892 δι
1768 3841 1895 3910 περὶ
1926 3840 2020 3893 τοῦ

440 3935 597 4002 ἁγίου
634 3933 973 4003 Πνεὺματος,
992 3931 1088 3985 καὶ
1121 3934 1221 4001 τῆς
1251 3934 1316 3985 ἐκ
1353 3932 1448 3985 τοῦ
1500 3934 1635 3987 Θεοῦ
1674 3935 1768 3987 καὶ
1812 3936 2023 4004 Πατρός

440 4028 564 4080 κατ’
586 4026 776 4079 οὐσίαν
814 4024 979 4078 αὐτοῦ
1008 4022 1396 4093 ὲκπορεύσεως
1425 4025 1644 4092 φθάσας
1674 4027 2018 4090 ἑκδεδώκειν,

441 4117 792 4187 ἐντυγχάνειν
843 4115 1075 4178 πολλοὺς
1137 4114 1445 4183 φεύγοντας
1494 4115 1563 4169 δι’
1625 4118 1862 4186 ἀπορίαν
1912 4118 2024 4172 τῶν

441 4210 698 4263 τοιούτων
735 4208 932 4276 λόγων,
968 4207 1000 4277 ἢ
1031 4207 1319 4278 όκνηρίαν,
1340 4207 1403 4261 τὸ
1431 4207 1644 4278 πλῆθος
1674 4208 1783 4260 τῶν
1813 4211 1871 4263 ἐν
1927 4209 2025 4264 αὖ·

443 4306 556 4366 τοῖς
605 4299 992 4371 ὲξητασμένων
1037 4300 1348 4370 χρησίμως,
1413 4302 1507 4354 καὶ
1557 4302 1793 4369 μάλιστα
1845 4304 1902 4355 ὲν
1943 4304 2024 4374 τῷ

443 4394 705 4462 δευτέρῳ.
736 4392 897 4454 Εἰκὸς
938 4390 996 4443 δέ
1020 4408 1071 4443 τι
1115 4389 1211 4442 καί
1251 4408 1405 4450 τινας
1438 4391 1621 4454 αὐτοῖς
1666 4394 2023 4464 ἐντυγχάνονο

444 4502 560 4545 τας,
597 4484 629 4555 ἢ
664 4483 723 4546 ἐξ
760 4482 997 4548 ἀγνοίας.
1022 4480 1055 4550 ἦ
1083 4479 1291 4544 πάθους
1335 4481 1526 4550 ἐτέρου
1566 4483 1713 4547 τινὸς
1765 4487 2025 4555 κινουμέ-

377 4610 388 4617 -
444 4594 590 4640 νους,
618 4575 784 4627 πολλά
810 4574 918 4626 τῶν
947 4576 1004 4626 ὲν
1034 4574 1217 4636 αὐτοῖς
1248 4574 1561 4644 εἰρημένων
1602 4577 1915 4647 χρησίμως,
1940 4580 2020 4641 είς

444 4670 505 4722 τὸ
542 4667 733 4722 δοκοῦν
774 4668 959 4730 αὐτοῖς
1010 4666 1392 4735 παρατρέπειν
1448 4668 1542 4721 καλ⁵
1596 4668 1906 4723 διαϐάλλειν
1949 4670 2025 4735 ῶς

448 4759 836 4828 ὲναντιούμενά
872 4776 949 4829 πη
998 4759 1132 4828 πρὸς
1167 4759 1357 4821 έαυτά,
1391 4758 1419 4811 δ
1462 4761 1556 4813 καὶ
1590 4761 1734 4814 κατά
1780 4764 1890 4815 τῶν
1926 4765 2027 4833 ἀρ-

447 4854 618 4925 χαίων
663 4853 1005 4907 διδασκάλων
1052 4852 1157 4905 ὑπὸ
1214 4851 1447 4914 πολλῶν,
1508 4854 1601 4906 καὶ
1642 4854 1737 4908 τὸν
1787 4856 2027 4926 πρόσθεν

448 4949 637 5017 χρόνον
678 4944 974 5016 ἐτολμήθη,
1025 4948 1120 4997 καὶ
1167 4942 1283 4997 νῦν.
1322 4944 1462 5012 Ἐγὼ
1518 4944 1598 5009 δὲ,
1636 4946 1699 4999 οὗ
1751 4949 1886 5018 πρὸς
1924 4951 2025 5017 ἐμὲ
2063 4998 2105 5050 D

449 5040 701 5110 φανερῶς
758 5041 859 5107 τῆς
913 5037 1167 5108 διαϐολῆς
1223 5039 1544 5109 γινομένης,
1571 5041 1669 5094 οὐκ
1726 5040 1796 5095 ἂν
1847 5043 2031 5113 ἔχοιμι

449 5131 746 5197 διελέγχειν
778 5130 874 5197 μὲν
902 5129 1097 5190 αὐτοὺς
1136 5127 1524 5198 ψευδομένους,
1555 5130 1654 5199 ἐμὲ
1693 5129 1747 5183 δὲ
1796 5134 1855 5184 ὲν
1896 5135 2031 5185 πᾶσι

450 5219 514 5272 τὸ
572 5216 706 5270 αὐτὸ
742 5220 839 5286 τῆς
881 5216 1142 5287 ἀληθείας
1190 5217 1353 5285 μέλος
1407 5220 1873 5289 ἀνακρουόμενον,
1933 5223 2031 5275 καὶ

454 5308 710 5381 μηδαμοῦ
772 5310 908 5378 πρὸς
983 5311 1221 5376 ἐμαυτὸν
1282 5309 1655 5378 διαφωνοῦντα
1721 5314 2031 5382 δεικνύναι,

448 5403 550 5473 τὴν
589 5402 798 5455 ἔννοιαν
869 5402 1229 5470 συναθροίσας
1285 5402 1363 5465 ὡς
1396 5399 1510 5456 οἷόν
1546 5421 1606 5457 τε
1659 5409 1739 5469 είς
1800 5409 1858 5460 ἒν
1893 5408 2032 5478 σύμ-

454 5514 638 5552 πασαν
678 5497 790 5550 τῶν
838 5493 1053 5548 πολλῶν
1098 5493 1275 5563 λόγων
1336 5495 1588 5562 ἐκείνων,
1637 5499 1733 5553 καὶ
1784 5500 1866 5553 ἔτι
1919 5501 2033 5553 τῶν

452 5591 762 5657 διαλέξεων,
793 5589 902 5642 τῶν
939 5587 1072 5660 πρὸς
1117 5588 1476 5642 οὑστινασοῦν
1511 5607 1643 5644 ποτε
1677 5593 2031 5665 ἐγγράφωςῆ

454 5685 721 5754 ἀγράφως
774 5699 863 5751 μοι
912 5683 1243 5752 γενομένων,
1281 5682 1700 5752 συντομώτατον
1748 5688 1849 5753 τῆς
1894 5687 2035 5756 ὲμῆς

2125 3745 2308 3816 χάριτι
2359 3747 2799 3817 πεφωτισμένος,
2829 3750 2923 3802 καὶ
2975 3749 3221 3820 καθέξω..
3246 3754 3341 3808 καὶ
3389 3755 3715 3819 τελευταίας

2124 3834 2229 3896 ἓως
2263 3837 2539 3905 ἀναπνοῆς
2572 3840 2707 3891 πᾶσι
2744 3842 2857 3904 τοῖς
2905 3858 2963 3894 τε
3001 3842 3068 3896 τά
3105 3845 3247 3898 αὐτά
3288 3848 3548 3914 φρονοῦσι
3615 3851 3716 3903 καὶ

2124 3929 2237 3991 τοῖς
2271 3929 2600 3998 ὲτεροδόξοις
2635 3931 2945 4003 ὲκτίθεμαι.
2979 3934 3086 3987 Καὶ
3139 3936 3253 3989 εἴτε
3298 3939 3511 4005 γένοιτο
3556 3941 3718 3995 σύνο-

2124 4022 2235 4086 δος,
2286 4021 2397 4075 εἴτε
2452 4023 2527 4094 μὴ
2562 4023 2796 4090 γένοιτο,
2854 4026 2965 4079 εἴτε
3021 4029 3085 4081 ὲκ
3144 4030 3252 4082 τῶν
3307 4032 3713 4102 όμοδοξούντων

2129 4111 2291 4180 μόνον
2338 4113 2490 4183 ἡμῖν,
2540 4113 2658 4167 οἵαν
2717 4115 2992 4187 ζητοῦμεν
3046 4119 3304 4186 γενέσθαι
3362 4124 3710 4195 σκεψομένην

2127 4206 2260 4275 περὶ
2293 4206 2403 4259 τῶν
2429 4207 2851 4275 ἀντιδοξούντων
2877 4210 2971 4262 καὶ
2998 4210 3444 4287 διορθωσομένην
3483 4217 3552 4270 τά
3583 4219 3714 4271 κατ’

2127 4300 2326 4363 αὐτοὺς
2372 4301 2487 4368 εἴγε
2532 4301 2830 4371 βούλοιντο,
2863 4302 2961 4357 καὶ
3012 4304 3081 4357 τά
3125 4307 3291 4359 τέκνα
3345 4310 3446 4378 τῆς
3500 4313 3711 4382 μητρὸς

2125 4392 2286 4463 ἡμῶν
2311 4394 2411 4462 τῆς
2449 4393 2782 4466 Ἐκκλησίας
2815 4395 2958 4450 οὕτω
2999 4401 3354 4466 συναγαγεῖν,
3380 4403 3490 4455 εἴτε
3517 4407 3611 4458 καὶ
3643 4408 3709 4459 ἐκ

2125 4486 2235 4539 τῶν
2280 4487 2606 4557 ἑτεροδόξων
2670 4490 2749 4553 ῶς
2800 4490 2935 4544 ἔνιοι
2989 4491 3274 4562 βούλονται
3331 4497 3426 4549 ἐπὶ
3487 4502 3552 4569 τῇ
3609 4501 3712 4569 τῆς

2127 4579 2363 4650 ἀληθοῦς
2414 4582 2506 4635 καὶ
2555 4584 2785 4654 πατρίου
2829 4585 2990 4655 δόξης
3037 4593 3419 4663 καταστροφῇ.
3476 4593 3572 4647 καὶ
3619 4593 3714 4663 βε-

2129 4672 2356 4727 ϐαιώσει
2384 4675 2495 4728 τῶν
2522 4677 2581 4729 ἐν
2613 4676 2922 4751 Φλωρεντίᾳ
2948 4680 3143 4752 πρώην
3175 4686 3471 4754 προπετῶς
3512 4704 3714 4757 συγκε-

2128 4768 2487 4836 χωρημένων,
2530 4768 2643 4821 εἴτε
2700 4768 2759 4832 ἐξ
2811 4770 3094 4840 ἑκατέρων
3145 4776 3239 4827 καὶ
3288 4778 3569 4831 ὁπωσοῦνο
3615 4780 3712 4833 καὶ

2129 4858 2240 4911 εἴτε
2287 4860 2602 4929 παρέσομαι
2656 4860 2788 4925 ζῶν,
2826 4863 2941 4917 εἴτε
2990 4868 3085 4917 καὶ
3135 4868 3553 4941 τελευτήσαιμι,
3597 4874 3709 4927 είτε

2135 4958 2242 5022 ζῶν
2279 4960 2340 5010 οὐ
2382 4960 2695 5029 παρέσομαι
2720 4975 2734 4990 ο
2760 4961 2856 5012 καὶ
2884 4962 2911 5013 ὅ
2941 4978 2993 5013 τι
3030 4961 3097 5014 ἂν
3126 4963 3563 5035 συμπερανθείη,
3598 4967 3709 5020 εἴτε

2134 5050 2196 5103 τὸ
2241 5048 2471 5119 πάτριον
2511 5049 2670 5120 ἡμῶν
2716 5050 2996 5123 φρόνημα,
3028 5055 3139 5105 εἴτε
3198 5054 3294 5105 καὶ
3341 5055 3470 5107 ἄλλο
3526 5074 3600 5121 τι,
3632 5058 3711 5110 δί-

2132 5142 2274 5211 δωμι
2324 5141 2442 5211 Θεῷ
2472 5143 2566 5195 καὶ
2613 5143 2888 5211 ἀγγέλοις,
2928 5145 3021 5197 καὶ
3053 5146 3222 5199 πᾶσιν
3255 5146 3431 5214 ἁγίοις
3461 5148 3559 5219 τὴν
3584 5150 3715 5218 ὁμο-

2134 5239 2322 5306 λογίαν
2355 5238 2451 5304 τῆς
2502 5238 2641 5307 ὲμῆς
2691 5239 2931 5301 πίστεως
2979 5237 3173 5303 οὕτως,
3205 5242 3713 5310 προῦποτιθεμένου

2133 5324 2228 5377 τοῦ
2271 5327 2329 5378 ὲν
2376 5327 2954 5380 Κωνσταντινουπόλει
2992 5328 3265 5393 συμϐόλου
3310 5333 3410 5400 τῆς
3451 5332 3711 5398 πίστεως,

2134 5414 2311 5466 εἵτουν
2357 5412 2453 5465 τοῦ
2503 5416 2561 5467 ἐν
2614 5415 2840 5486 Νικαία,
2868 5418 2960 5469 καὶ
3013 5416 3122 5469 τῶν
3177 5418 3305 5485 περὶ
3339 5421 3507 5479 αὐτοῦ
3554 5423 3614 5474 ὲν
3648 5427 3715 5495 τῇ

2133 5505 2294 5577 τρίτῃ
2335 5505 2541 5576 συνόδῳ
2587 5506 2906 5577 διορισμῶν,
2941 5508 3073 5578 περὶ
3126 5509 3222 5563 τοῦ
3259 5510 3337 5581 μὴ
3392 5514 3716 5583 προσθεῖναι

2135 5596 2346 5667 χρῆμα,
2382 5598 2519 5668 μήτε
2551 5598 2775 5667 ἀφελεῖν
2821 5598 2919 5652 ἀπ’
2951 5599 3118 5655 αὐτοῦ
3154 5601 3186 5671 ἢ
3243 5604 3382 5656 κατά
3411 5603 3710 5678 διάνοιανῆ

2138 5690 2279 5744 κατά
2303 5688 2479 5753 λέξιν·
2511 5689 2604 5754 οὓς
2635 5690 2700 5761 δὴ
2732 5692 3051 5761 διορισμοὺς
3104 5695 3200 5747 καὶ
3232 5696 3289 5747 αι
3324 5699 3508 5751 λοιπαὶ
3532 5699 3717 5757 οἰκου-

454 5774 683 5842 γνώμης
724 5773 819 5826 καὶ
853 5773 1013 5843 δόξης
1043 5772 1345 5837 ἀπόδειξιν,
1387 5775 1485 5827 καὶ
1531 5773 1718 5845 ὥσπερ
1746 5777 1871 5830 τινὰ
1908 5780 2038 5848 όμο-
2139 5781 2360 5852 μενικαὶ
2415 5780 2626 5835 σύνοδοι
2682 5782 3257 5852 ὲπαναλαμϐἀνουσαι,
3290 5789 3383 5841 καὶ
3418 5789 3565 5859 ἔργῳ
3604 5792 3717 5845 διε-

452 5865 643 5937 λογίαν
678 5865 780 5936 τῆς
822 5863 1059 5931 πίστεως
1101 5867 1200 5936 τῆς
1253 5868 1415 5940 ἐμῆς,
1449 5867 1518 5937 ἢν
1565 5868 1876 5934 ἀκολούθως
1919 5872 2032 5936 τοῖς

2138 5875 2421 5945 τήρησαν·
2466 5874 2561 5929 καὶ
2606 5874 3124 5946 προϋποτιοεμένων
3153 5878 3263 5931 τῶν
3309 5883 3715 5957 συμπεΡσ’⁷έιά“
