4118 6280
478 435 579 496 671

1627 441 1670 498 G
1688 439 2016 500 ENNADH’
2048 439 2165 506 CP.
2209 439 2720 504 PATRIARCHE

3652 426 3763 494 672

487 551 554 604 ἐκ
585 553 818 622 Πατρός,
886 555 1035 621 ὅμως
1096 557 1396 624 πεφηνέναι
1455 559 1670 627 λέγεται
1723 561 1816 614 καὶ
1863 563 2071 629 πέφηνε
2102 576 2146 634 Α
2181 560 2510 626 μεσιτεύειν.
2545 561 2622 615 Οὐ
2649 561 2758 628 γὰρ
2792 557 3029 612 συνεῖδον
3058 553 3094 612 ἃ
3131 551 3364 609 συνιδεῖν
3417 551 3587 624 ἐχρῆν
3633 549 3761 614 τοὺς

482 641 554 693 δι’
583 642 735 707 Υίοῦ,
762 645 923 715 διχῶς
945 647 1037 714 ὑφ’
1065 649 1220 717 ἡμῶν
1242 653 1536 717 νοουμένου
1587 651 1684 704 τοῦ
1743 652 2070 720 πεφηνέναι,

485 736 577 787 καὶ
604 736 709 789 ὑπὸ
739 738 850 791 τῶν
907 740 1193 796 εἰπόντιιιν.
1246 743 1468 812 Πρῶτον
1535 746 1635 813 μὲν
1691 743 1784 796 καὶ
1831 743 2074 813 μάλιστα

483 825 566 879 δτι
598 829 918 898 γνωρίζεται
951 831 1020 886 δι’
1053 834 1204 901 Υἰοῦ,
1239 837 1519 890 τουτέστιν
1563 835 1657 890 τοῦ
1687 836 1816 890 Υἰοῦ
1870 852 2074 905 γνωριο

491 917 710 982 σθέντος
736 922 868 974 αὐτὸ
896 924 1224 995 γνωρίζεται
1253 943 1270 959 ο
1299 928 1331 996 ή
1384 929 1494 998 γὰρ
1550 929 1746 996 ἰδιότης
1789 927 1882 980 τοῦ
1927 928 2072 982 θείου

490 1011 807 1080 προσώπου,
832 1015 900 1084 ἢν
949 1017 1206 1084 ἐμφαίνει
1252 1020 1313 1072 τὸ
1356 1021 1526 1089 ὄνομα
1576 1020 1763 1085 αὐτοῦ,
1811 1019 2076 1089 διακρίνει

491 1104 587 1156 ἀπ’
612 1105 771 1159 ἄλλου
801 1107 946 1161 θείου
972 1109 1270 1177 προσώπου
1301 1129 1320 1145 ο
1352 1113 1447 1165 καὶ
1471 1113 1823 1184 διακρίνουσα
1848 1114 2078 1182 φανεροί

489 1214 550 1250 τε
581 1199 730 1261 αὐτὸ,
766 1201 857 1254 καὶ
890 1205 949 1254 τὸ
982 1202 1042 1256 οῦ
1075 1204 1412 1273 διακρίνεται
1450 1210 1794 1276 συμφανεροτ
1841 1213 1906 1277 τῇ
1945 1211 2077 1264 ἐαυ-

488 1291 589 1372 τῆς
615 1293 884 1364 ἐνεργείᾳ,
915 1294 1106 1366 ὥσπερ
1130 1301 1235 1351 τινί
1267 1301 1408 1368 φωτὶ
1465 1301 1602 1369 πρὸς
1639 1301 1740 1372 τὴν
1767 1303 1823 1368 ἐξ
1864 1304 2076 1357 ἀποκα-

491 1371 706 1448 λ’ύψεως
736 1384 867 1454 ήμῖν
923 1388 1284 1457 ἐγγινομένην
1349 1391 1458 1443 τῶν
1511 1371 2078 1448 θείωνγύποστάσεων

491 1476 846 1546 κατανόησιν,
880 1479 940 1532 τὸ
976 1480 1205 1548 φυσικὸν
1244 1481 1346 1550 τῆς
1381 1483 1538 1551 ἡμῶν
1597 1484 1836 1547 διανοίας
1887 1487 2079 1546 σκότος

494 1568 853 1638 ἐλλάμπουσά
877 1591 935 1626 τε
973 1575 1062 1627 καὶ
1091 1574 1384 1642 όδηγοῦσα.
1430 1577 1538 1629 Καὶ
1563 1576 1650 1630 διὰ
1683 1577 1842 1631 τοῦτο
1902 1581 1930 1646 ή
1983 1577 2078 1631 τοῦ

497 1661 630 1714 Υίοῦ
675 1663 998 1732 ὑπόστασις,
1022 1666 1087 1719 ἐκ
1113 1666 1216 1735 τῆς
1234 1667 1330 1719 τοῦ
1386 1668 1669 1738 προσεχῶς
1709 1665 2080 1738 ὀνομάζεσθαι

497 1753 578 1821 τῷ
635 1753 813 1824 Πατρὶ
882 1755 1144 1824 ἰδιότητος
1177 1758 1625 1826 έπιγνωσθεῖσα,
1689 1760 2081 1829 ἐναργέστερον

500 1847 837 1916 παρίστησιν
873 1850 904 1916 ή
915 1852 1007 1917 μίν
1035 1850 1132 1918 τὴν
1157 1850 1250 1904 τοῦ
1280 1852 1599 1922 Πνεύματος
1628 1853 1884 1925 ἰδιότητα,
1983 1853 2078 1906 τοῦ

2179 649 2473 718 μέλλοντας
2506 649 2891 716 διαφυλάττειν
2945 648 3013 702 τὸ
3066 648 3164 716 τῆς
3229 646 3466 708 πίστεως
3521 645 3761 712 ἀκίνητα

2173 738 2440 809 δόγματα.
2487 740 2546 793 Ὀ
2578 740 2688 810 γὰρ
2714 739 2842 802 Tib;
2868 737 2964 794 τοῦ
2992 739 3126 793 Θεοῦ
3153 739 3247 793 καὶ
3303 735 3365 792 τό
3421 736 3648 806 Πνεῦμα
3699 734 3760 788 τδ

2177 833 2240 885 ἐκ
2269 833 2365 886 τοῦ
2395 832 2556 898 Θεοῦ,
2583 832 2774 903 ὥσπερ
2795 833 2955 897 ἀκτίς
3003 846 3088 896 τις
3122 831 3181 897 ἐξ
3218 831 3372 904 ἡλίου
3428 831 3674 898 δίδυμος.
3723 827 3758 898 ἦ

2174 927 2430 998 δίρῤυτος
2471 927 2720 996 ποταμός
2755 929 2816 980 ἐκ
2882 925 3012 996 μιᾶς
3051 927 3260 994 πηγῆς,
3296 923 3328 995 ἦ
3365 920 3586 992 βλαστοὶ
3645 923 3768 976 θεό-

2177 1030 2334 1086 φυτοι
2371 1019 2436 1072 ἐκ
2473 1018 2631 1088 ῥίζης
2668 1020 2820 1086 μιᾶς,
2856 1017 2888 1089 ἢ
2940 1017 3033 1071 δύο
3066 1012 3202 1086 ἀνθη
3239 1014 3331 1072 καὶ
3361 1017 3413 1069 εί
3446 1034 3500 1068 τι
3549 1014 3765 1082 συμϐά-

2176 1111 2308 1166 λνιτ’
2338 1110 2404 1165 ἀν
2431 1111 2568 1181 πρὸς
2595 1111 2656 1165 τὸ
2685 1107 2854 1176 δεῖξαι
2882 1112 2943 1165 τδ
2975 1109 3206 1180 Πνεῦμα
3245 1110 3338 1164 καὶ
3363 1111 3454 1163 τον
3483 1108 3610 1161 Ῡίον
3639 1123 3764 1158 συν-

2177 1203 2466 1272 ανίσχοντα
2495 1206 2588 1256 καὶ
2615 1206 2681 1271 τῇ
2715 1204 3012 1274 ἀποδλέψει
3041 1209 3141 1274 τῆς
3170 1202 3360 1274 κοινῆς
3391 1203 3569 1268 αἰτίας
3605 1203 3663 1266 ἐξ
3693 1195 3761 1272 ἧς

2179 1297 2561 1365 συνανίσχουσι
2588 1298 2656 1352 τὰ
2684 1297 2933 1364 δεύτερα,
2966 1297 3202 1368 φέροντα
3227 1292 3302 1361 ὡς
3329 1295 3546 1350 αἰτιατά
3575 1297 3761 1360 μόνον,

2179 1388 2237 1440 οὗ
2265 1387 2386 1441 κατ’
2417 1387 2546 1442 ἀλλο
2569 1406 2623 1442 τι
2654 1388 2763 1442 τῶν
2815 1391 3036 1444 πάντων
3085 1389 3262 1455 οὐδὲν,
3316 1388 3490 1451 οὕτως
3547 1391 3610 1440 ἐκ
3663 1387 3761 1440 τοῦ

2179 1475 2316 1530 Θεοῦ
2371 1477 2467 1531 καὶ
2521 1479 2738 1549 Πατρδς
2794 1480 3046 1548 προϊέναι
3098 1479 3374 1541 νοοῦντας.
3449 1477 3590 1531 Ἀλλ’
3649 1477 3766 1531 οὗθ’

2181 1567 2459 1638 ὑπουργεῖ
2482 1569 2613 1640 ἡμίν
2642 1573 2674 1642 ή
2713 1571 2896 1642 νόησις
2949 1573 3046 1626 καὶ
3074 1573 3102 1625 ὀ
3136 1571 3316 1640 λόγος,
3380 1568 3765 1640 μεταϐατικῶς

2180 1663 2470 1734 ἀμφότερα
2494 1661 2824 1732 ἐνεργοῦντα
2854 1664 3078 1735 σῦναμα
3111 1667 3295 1720 ἐκεῖνα
3351 1665 3495 1718 νοεῖν
3545 1679 3606 1716 τε
3661 1662 3762 1715 καὶ

2179 1755 2382 1822 λέγειν,
2432 1755 2553 1810 οὐδὲ
2582 1758 2640 1809 ἐν
2666 1756 2816 1828 αὓτῷ
2840 1757 2902 1811 τὸ
2925 1759 3066 1813 νοεῖν
3096 1757 3189 1812 καὶ
3218 1759 3400 1827 λέγειν
3426 1755 3507 1812 ὅτι
3543 1756 3673 1810 σύνα
3685 1773 3762 1824 μα

2179 1846 2459 1917 δυνάμεθα
2499 1847 2575 1920 μὴ
2607 1851 2702 1902 καὶ
2729 1848 2956 1921 θάτερον
2985 1847 3217 1919 θατέρου
3260 1850 3511 1920 προνοεῖν
3544 1867 3602 1904 τε
3665 1849 3767 1901 καὶ

502 1939 827 2006 μονογενοῦς
856 1941 985 1994 Υἰοῦ
1013 1942 1352 2009 διακέκριται
1378 1961 1393 1976 ·
1422 1945 1500 2006 ὡς
1526 1941 1621 2000 οὖν
1647 1946 1748 2014 τῆς
1801 1945 1898 1998 τοῦ
1946 1943 2078 2000 Υἰοῦ
2113 1930 2154 1986 Β
2184 1940 2584 2010 προεισφέρειν.
2632 1942 2776 1996 δυσὶν
2835 1941 3008 1998 ὄντων
3067 1945 3208 1998 κατὰ
3251 1944 3349 2006 τὰς
3388 1943 3717 2005 ὑποστάσεις
3747 1958 3764 1974 ⁸

499 2032 854 2102 προεπινοίας
874 2050 934 2086 τε
977 2035 1073 2088 καὶ
1099 2040 1448 2106 προεκφορᾶς
1479 2037 1538 2090 ἐν
1559 2037 1636 2108 τῷ
1663 2036 1808 2108 λόγῳ
1836 2037 2081 2106 φανερώ-

497 2140 660 2195 τερον
687 2126 820 2195 ήμῖν
859 2127 1221 2199 ἀποδιδούσης
1263 2129 1356 2183 τὸν
1414 2132 1543 2200 περὶ
1602 2131 1698 2185 τοῦ
1764 2131 2082 2201 Πνεύματοε

497 2217 682 2285 λόγον,
711 2220 832 2272 κατ’
893 2220 1024 2274 αὐτὸ
1070 2221 1200 2290 γοῦν
1248 2223 1310 2275 τὸ
1377 2223 1740 2290 γινώσκεσθαι
1795 2225 1929 2294 ήμῖν
1985 2223 2083 2276 καὶ

502 2311 862 2367 πιστεύεσθαι
890 2312 1197 2366 ἄλλοντινὰ
1258 2314 1482 2384 τρόπον,
1527 2315 1622 2370 καὶ
1685 2315 1746 2369 οὐ
1807 2317 2084 2388 γενητῶς

497 2403 744 2473 προῖέναι
769 2404 927 2460 τοῦτο
950 2409 1014 2460 ἐκ
1045 2406 1140 2459 τοῦ
1173 2407 1384 2477 Πατρὸς
1417 2409 1673 2479 ἀρρήτως
1702 2409 1797 2462 καὶ
1857 2409 2082 2480 ἀνενοή-

498 2514 630 2563 τως,
661 2499 757 2553 καὶ
773 2497 918 2554 οῦτω
940 2499 1036 2553 τοῦ
1067 2501 1269 2572 τρόπου
1303 2501 1401 2570 τῆς
1423 2500 1588 2554 αὑτοῦ
1618 2501 1847 2570 προόδου
1875 2502 2081 2572 φυλατ-

495 2594 728 2662 τομένου
758 2611 772 2626 ⁶
809 2595 885 2658 ὡς
912 2597 1086 2650 τοίνυν
1119 2597 1204 2650 διὰ
1235 2598 1405 2650 ταῦτα
1438 2596 1530 2650 τοῦ
1585 2598 1900 2668 Πνεύματος
1951 2600 2084 2668 ἡμῖν

506 2689 647 2757 μετά
679 2687 771 2740 τὸν
810 2688 938 2742 Υίὸν
971 2682 1172 2758 μᾶλλον
1218 2688 1624 2759 γνωριζομένου
1663 2707 1722 2744 τε
1772 2694 1866 2743 καὶ
1911 2707 2082 2743 κατα-

499 2780 943 2850 λαμδανομένου,
971 2780 1040 2834 δι’
1073 2780 1132 2833 οῦ
1185 2780 1484 2849 πεφηνέναι
1538 2782 1599 2833 τὸ
1637 2780 1862 2850 Πνεῦμα
1906 2781 2082 2842 καλῶς

498 2873 740 2940 λέγεται.
775 2873 982 2936 Ἀλλως
1010 2873 1066 2925 δέ
1097 2873 1193 2926 σὺν
1223 2871 1300 2940 τῷ
1331 2873 1449 2943 Υίῷ
1489 2891 1548 2927 τε
1575 2877 1689 2927 ἐστι
1724 2876 1818 2927 καὶ
1854 2876 1950 2926 σὺν
1983 2874 2084 2927 αὺ-

497 2963 578 3030 τῷ
617 2965 867 3032 πρόεισιν
899 2967 963 3017 ἐκ
997 2965 1231 3034 Πατρὸς,
1274 2965 1462 3036 ὥσπερ
1493 2969 1520 3020 ό
1552 2967 1679 3028 Tib;
1728 2969 1987 3035 γεννᾶται
2023 2967 2085 3021 ἐκ

497 3055 594 3109 τοῦ
630 3054 865 3124 Πατρὸς,
901 3054 1076 3119 οὕτως
1105 3055 1235 3110 αὐτὸ
1271 3057 1336 3109 ἐκ
1366 3057 1457 3111 τοῦ
1513 3058 1724 3128 Πατρδς
1786 3049 2085 3127 προϐαλλό-

503 3165 688 3218 μενον.

1115 3242 1367 3297 ΚΕΦᾹΛ.
1406 3244 1480 3296 Δ’.

502 3361 624 3413 Ὅτι
649 3362 686 3429 ἡ
728 3359 836 3414 τοῦ
875 3357 1009 3413 Υίοῦ
1033 3360 1310 3426 μεσιτεία
1336 3359 1449 3429 οὐκ
1480 3357 1796 3429 ἀναγκάζει
1853 3359 1948 3410 καί
1970 3361 2088 3429 ’τὸν

580 3427 720 3484 Υἰόν
740 3431 940 3498 ἀρχὴν
969 3431 1063 3482 καὶ
1089 3429 1387 3495 προῦολέα
1412 3427 1450 3496 ἣ
1485 3428 1908 3495 προϐάλλοντα
1934 3427 2087 3484 εἶναι

569 3504 719 3569 πρὸς
745 3503 810 3554 τὸ
847 3498 1091 3568 Πνεῦμα
1119 3499 1185 3552 τὸ
1212 3499 1404 3566 ἅγιον.

586 3612 650 3663 ’Π
677 3611 734 3664 δὲ
760 3610 853 3664 τοῦ
893 3610 1024 3664 Υἰοῦ
1061 3612 1336 3681 μεσιτεία,
1387 3611 1530 3664 οὕτω
1561 3611 1670 3679 γάρ
1707 3611 1870 3665 αὐτὸν
1902 3612 2091 3682 ὁμολο-

505 3705 714 3774 γοῦμεν
732 3705 790 3756 ἐν
825 3702 904 3772 τῷ
937 3702 1066 3774 θείῳ
1105 3703 1340 3773 λουτρῷ,
1403 3705 1495 3756 καὶ
1549 3704 1627 3765 είς
1662 3703 1786 3770 ,τὴν
1835 3704 2090 3772 τοιαύτην

501 3799 612 3853 τῶν
642 3798 800 3851 θείων
843 3798 1128 3866 ὀνομάτων
1165 3797 1578 3866 βεϐαπτίσμεθα
1612 3798 1886 3864 σύνταξιν,
1927 3799 2089 3851 αύτὶν

505 3890 604 3959 μὲν
631 3889 894 3960 μονογενῆ
951 3887 1210 3949 δείκνυσι,
1243 3889 1302 3940 τδ
1338 3889 1393 3939 δέ
1428 3887 1649 3956 Πνεῦμα
1703 3888 1803 3956 τῆς
1855 3891 2089 3958 φυσικῆς

502 3983 641 4052 πρίις
669 3980 760 4033 τὸν
796 3979 1013 4048 Πατέρα
1045 3979 1304 4048 σχέσεως,
1331 3981 1579 4031 τουτέστι
1599 3980 1699 4048 τῆς
1725 3981 1932 4048 ἀμέσου
1953 3981 2090 4050 πρὸς

502 4077 601 4142 τὴν
627 4073 804 4126 αἰτίαν
821 4072 1098 4141 ἀναφορᾶς
1125 4073 1225 4124 οὐκ
1258 4071 1528 4141 ἀπείργει.
1563 4073 1638 4124 Οὐ
1689 4073 1796 4141 γὰρ
1849 4075 2087 4142 εἴρηται,

505 4163 628 4217 οὔτε
653 4162 872 4215 δύναται
905 4162 1162 4228 λέγεσθαι
1191 4163 1254 4216 ἐκ
1306 4163 1398 4216 τοῦ
1454 4163 1586 4216 Υἰοῦ
1643 4166 1926 4235 προσεχῶς
1966 4168 2087 4233 ύφι-

510 4256 700 4308 στάναι
729 4255 789 4306 τὸ
830 4252 1076 4323 Πνεῦμα,
1133 4255 1324 4325 ὥσπερ
1377 4257 1423 4308 οί
1473 4257 1738 4325 αἰρετικοὶ
1777 4257 2090 4325 νομίζοντες

505 4347 808 4417 εἴργεσθαι,
840 4348 1021 4416 τρίτον
1058 4348 1358 4418 ἐφλυάρουν
1387 4345 1527 4403 εἶναι
1560 4352 1625 4420 τῇ
1669 4351 1829 4420 φύσει
1879 4352 1972 4405 καί⁵
2019 4355 2086 4423 τῇ

505 4443 652 4513 ἀξίᾳ,
701 4441 791 4495 καὶ
814 4441 878 4493 ὲκ
908 4439 1000 4493 τοῦ
1035 4439 1166 4494 Υἱοῦ
1200 4441 1471 4512 προῆχθαι
1519 4445 1612 4496 καὶ
1674 4444 2088 4516 δημιουργικῶς

505 4534 564 4586 τὸ
592 4534 732 4586 κατὰ
767 4531 936 4603 μόνην
965 4532 1071 4585 τῶν
1128 4532 1409 4604 ὀνομάτων
1456 4533 1553 4604 τὴν
1606 4533 1858 4600 σύνταξιν
1903 4537 2087 4606 τρίτον

2181 2035 2293 2090 οὔτ’
2330 2039 2568 2109 ἐγχωρεῖ
2598 2039 2661 2092 τδ
2682 2036 2912 2108 Πνεῦμα
2965 2038 3336 2110 προτετάχθαι
3393 2036 3489 2092 τοῦ
3531 2036 3662 2091 Υίοῦ
3709 2038 3771 2088 ἐν

2179 2131 2258 2201 τῷ
2280 2133 2380 2199 τῆς
2404 2131 2841 2204 ἀπαριθμήσεως
2872 2133 2980 2185 τῶν
3012 2131 3176 2186 θείων
3226 2127 3537 2199 προσώπων
3565 2127 3770 2198 είρμῷι

2194 2222 2430 2278 Ἐνοείτο
2447 2224 2555 2295 γὰρ
2583 2224 2648 2276 ἄν
2668 2221 2810 2277 εῐναι
2837 2223 3047 2293 Πατὴρ,
3072 2224 3168 2277 καὶ
3191 2225 3219 2277 ό
3249 2222 3380 2286 Υἱὸς
3409 2222 3511 2275 οὐκ
3550 2215 3618 2274 ἂν
3670 2231 3771 2290 μυ-

2182 2319 2410 2390 νογενὴς
2468 2319 2806 2384 ἐπιστεύετο,
2828 2319 3110 2392 τουτέστιν
3141 2317 3206 2372 ἐκ
3263 2316 3427 2388 μόνου
3458 2332 3518 2369 τε
3543 2315 3639 2369 καὶ
3673 2313 3775 2383 μό-

2185 2426 2276 2474 νος
2315 2411 2738 2483 γεγεννημένος.
2791 2411 2888 2465 καὶ
2935 2412 2970 2480 ή
3006 2409 3149 2464 οὕτω
3208 2407 3662 2478 καινοτομηθεῖσα
3703 2405 3774 2459 ἂν

2187 2505 2436 2576 μεσιτεία
2459 2504 2553 2558 τοῦ
2581 2503 2896 2575 Πνεύματος
2927 2505 3008 2566 εἰς
3045 2502 3268 2573 μείζονα
3321 2501 3388 2555 ἂν
3445 2499 3770 2566 ἀπε-πλάνη-

2187 2615 2278 2651 σεν
2305 2599 2555 2661 ἀτοπίαν,
2584 2598 2698 2666 είγε
2730 2598 2761 2665 ἡ
2801 2597 3008 2667 ἀληθὴς
3033 2596 3126 2648 τοῦ
3158 2594 3295 2649 Θεοῦ
3325 2594 3571 2664 μεσιτεία
3596 2593 3777 2661 πρόσ-

2185 2708 2378 2761 κομμα
2431 2693 2545 2752 τοῖς
2576 2694 2650 2761 μὴ
2683 2689 2863 2752 καλῶς
2885 2686 3099 2742 νοοῦσιν
3137 2690 3353 2756 ἐγένετὸ
3400 2703 3480 2751 τε,
3535 2687 3625 2738 καὶ
3675 2683 3776 2736 νῦν

2189 2779 2269 2834 ἔτι
2297 2781 2498 2849 τρόπον
2527 2779 2717 2845 ἕτερον
2745 2780 2974 2848 γίνεται.
3011 2780 3326 2832 Κάντεῦθέν
3354 2780 3472 2830 ἐστι
3513 2773 3575 2829 τό
3633 2776 3777 2845 μήτε

2186 2871 2441 2939 λέγεσθαι
2471 2871 2562 2923 τὸν
2589 2871 2719 2924 Υἰὸν
2752 2871 2847 2926 τοῦ
2907 2872 3250 2942 Πνεύματος,
3307 2871 3383 2934 ὡς
3432 2870 3494 2923 τὸ
3546 2870 3778 2936 Πνεῦμα

2187 2963 2414 3032 λέγεται
2442 2963 2535 3017 τοῦ
2565 2962 2722 3029 Υἰοῦ,
2758 2966 2896 3035 μήτε
2927 2969 3020 3018 τὸν
3053 2965 3182 3018 Υἰδν
3211 2964 3300 3018 διὰ
3330 2963 3424 3016 τοῦ
3454 2963 3778 3032 Πνεύματος

2189 3058 2437 3128 προϊέναι
2461 3057 2736 3124 λέγεσθαι,
2769 3057 2892 3110 οῦτε
2926 3056 3130 3122 ἀῖδίως,
3165 3057 3346 3110 καίτοι
3389 3071 3452 3121 γε
3498 3058 3556 3108 ἐν
3610 3055 3778 3123 ἀλλή-

2187 3151 2298 3212 λοις
2329 3151 2468 3203 εἰσίν
2504 3167 2520 3183 ο
2552 3149 2681 3203 ὥστ’
2707 3152 2807 3204 οὐκ
2837 3151 2902 3204 ἂν
2941 3150 3148 3202 ἐκώλυε
3184 3151 3276 3201 καὶ
3313 3149 3378 3201 δι’
3412 3147 3656 3218 αλλήλων
3685 3146 3783 3198 λέ-

2188 3261 2309 3312 γειν
2336 3244 2533 3308 ταῦτα,
2560 3243 2753 3310 ἐφόσον
2785 3243 2993 3312 υίότητι
3047 3243 3210 3312 μόνον
3240 3241 3404 3294 αὐτοῦ
3461 3241 3777 3310 διακρίνον-

2190 3354 2278 3388 ται
2313 3337 2408 3390 καὶ
2433 3339 2708 3406 γεννήσει,
2741 3334 2907 3390 αὑτοῦ
2958 3353 3022 3403 γε
3093 3335 3246 3398 ὄντος
3297 3333 3628 3404 ἐκπορευτοῦ
3679 3335 3788 3386 καὶ

2193 3429 2534 3498 Πνεύματος,
2567 3428 2684 3482 ἀλλ’
2720 3427 2870 3480 οῦτοι
2898 3445 2962 3495 γε
2998 3428 3076 3497 τῷ
3133 3427 3294 3496 αἰτίῳ
3362 3429 3457 3480 καὶ
3514 3426 3780 3495 θεογόνῳ,

2190 3519 2316 3574 οὔτε
2349 3521 2638 3590 χρονικῶς,
2667 3521 2847 3574 καίτοι
2882 3521 3138 3590 ἐπέμφθη
3172 3522 3200 3574 ό
3227 3521 3357 3583 Tib;
3389 3519 3480 3572 τοῦ
3506 3519 3640 3572 Θεοῦ
3673 3536 3786 3571 πα-

2195 3615 2262 3684 ρὰ
2288 3615 2381 3668 τοῦ
2410 3616 2621 3683 Πατρὸς
2655 3614 2873 3668 καὶτοῦ
2940 3615 3258 3683 Πνεύματος
3293 3629 3309 3646 ο
3375 3614 3515 3666 ὥστε
3569 3614 3662 3665 καὶ
3711 3614 3789 3666 ἐκ

2193 3709 2405 3778 Πατρδς
2435 3708 2522 3761 διὰ
2549 3708 2868 3774 Πνεύματος
2901 3704 3055 3762 εἶπεν
3078 3709 3144 3762 ἀν
3171 3726 3256 3771 τις
3307 3708 3470 3760 αύτίν
3524 3705 3787 3776 πεμφθῆ-

2193 3818 2282 3852 ναι
2304 3801 2546 3863 οἰκείως.
2587 3800 2746 3855 Ἀλλὰ
2773 3803 2862 3856 διὰ
2894 3803 2962 3855 τὰ
3019 3801 3285 3872 εἰρημένα
3316 3801 3411 3854 καὶ
3469 3803 3613 3869 φυγῇ
3669 3799 3786 3851 τῶν

2193 3893 2445 3947 ἐντεῦθεν
2471 3894 2537 3946 ἂν
2594 3893 3079 3964 ἀκολουθησάντων
3133 3895 3352 3946 ἀτόπων
3423 3893 3484 3946 οὐ
3538 3892 3783 3958 λέγεται,

2194 3982 2328 4035 ἀλλά
2355 3981 2434 4052 τῷ
2461 3981 2550 4035 τὸν
2581 3983 2708 4035 Υἱὸν
2739 3982 3175 4055 προθεωρεῖσθαι
3206 3984 3301 4036 καὶ
3338 3981 3784 4053 προεκφέρεσθαί

2193 4092 2258 4144 γε
2284 4076 2377 4128 τοῦ
2414 4075 2749 4146 Πνεύματος,
2779 4077 2922 4129 αἵτε
2977 4077 3240 4146 ἰδιότητες
3270 4077 3364 4129 καὶ
3427 4074 3586 4130 πάνθ’
3641 4075 3784 4143 ὁμοῦ

2197 4165 2463 4230 σώζονται
2489 4168 2555 4219 τὰ
2586 4165 2684 4236 τῆς
2712 4167 2951 4229 πίστεως
3016 4165 3250 4233 ἀκίνητα
3302 4165 3572 4235 δόγματα.
3633 4165 3785 4231 Προ-

2194 4257 2482 4325 θεωρείται
2516 4256 2623 4328 γὰρ
2655 4257 2748 4310 τοῦ
2800 4257 3118 4327 Πνεύματος
3169 4257 3198 4308 ό
3248 4257 3377 4320 Υἱὸς
3431 4259 3493 4311 ού
3555 4259 3619 4326 τῇ
3673 4256 3786 4326 ὁδῷ

2191 4346 2289 4400 τοῦ
2314 4346 2472 4416 λόγου
2501 4347 2600 4418 τῆς
2641 4349 2877 4415 φύσεως,
2918 4348 3052 4400 ἀλλὰ
3081 4351 3148 4419 τῇ
3182 4347 3287 4416 ὀδῷ
3316 4348 3412 4400 τοῦ
3445 4347 3544 4415 τῆς
3597 4346 3786 4408 αἰτίας

2191 4439 2377 4508 λόγου,
2411 4438 2470 4502 ὃς
2499 4443 2596 4502 τὰς
2630 4441 2778 4504 θείας
2811 4440 3139 4504 ὑποστάσεις
3165 4439 3434 4509 διέκρινεν
3459 4440 3518 4491 ἐν
3545 4440 3610 4510 τῇ
3641 4438 3784 4510 αύτῇ

2189 4533 2292 4603 τῆς
2328 4531 2517 4594 οὐσίας
2551 4531 2788 4602 ἑνότητι.

506 4625 636 4694 παρ’
665 4625 796 4694 ήμῖν
839 4623 1228 4692 ἐκφερόμενον,
1261 4622 1518 4677 καὶκατὰ
1546 4622 1644 4696 τὴν
1672 4625 1781 4676 τῶν
1808 4625 2088 4695 ὀνομάτων
2123 4633 2166 4688 D
2264 4624 2422 4693 Λέγω
2467 4622 2521 4674 δέ
2548 4622 2665 4675 ὁδὸν
2696 4622 2788 4676 τοῦ
2821 4623 2917 4693 τῆς
2950 4622 3130 4686 αἰτίας
3162 4623 3323 4692 λόγου
3352 4621 3412 4675 τό
3437 4639 3495 4675 τε
3529 4622 3787 4686 ἀναιτίως

505 4715 828 4771 ἀκολουθίαν
863 4715 1030 4770 ἓνεκά
1057 4732 1118 4784 γε
1155 4714 1254 4767 τοῦ
1285 4713 1360 4784 μὴ
1393 4715 1712 4785 συγχεῖσθαι
1745 4717 1846 4779 τὰς
1898 4718 2093 4788 ἰδιότη-

504 4827 626 4874 τας,
659 4809 842 4881 τρίτον
875 4807 1038 4877 εἶναι,
1073 4809 1168 4862 καὶ
1198 4809 1310 4862 τῶν
1342 4808 1570 4879 βαθμῶν
1596 4809 1700 4879 τῆς
1751 4811 1988 4878 φύσεως,
2053 4814 2086 4882 ἢ

505 4905 603 4974 τῆς
632 4903 790 4968 ἀξίας
816 4901 1228 4966 πιστεύσαντες,
1266 4902 1459 4973 ὥσπερ
1494 4903 1644 4972 μέσῳ
1671 4905 1778 4956 τινὶ
1838 4905 1917 4974 τῷ
1976 4905 2092 4976 Υίῷ

505 4993 900 5062 διειργόμενον,
929 4993 1024 5046 καὶ
1053 4992 1142 5046 διά
1168 4991 1327 5045 τοῦτο
1355 4993 1640 5063 προσεχῶς
1693 4992 1752 5046 δν
1773 4994 1833 5057 ἐξ
1887 4993 2054 5048 αὐτοῦ
2077 5013 2090 5027 ·

508 5083 540 5148 ἢ
575 5083 701 5136 ’κατ’
733 5083 933 5149 ἐνίους,
969 5087 1064 5138 καὶ
1092 5084 1152 5152 ἐξ
1195 5083 1363 5138 αὑτοῦ
1399 5085 1587 5154 μόνου,
1617 5086 1717 5154 τῆς
1753 5091 2096 5160 προακτικῆς

509 5174 541 5241 ἣ
573 5173 867 5242 ποιητικῆς
896 5173 1182 5244 δυνάμεως
1281 5175 1348 5227 ἂν
1373 5174 1680 5244 προαχθείη
1743 5177 1804 5227 τὸ
1866 5176 2094 5246 Πνεῦμα

506 5266 586 5328 εἰς
618 5263 706 5318 τὸν
734 5263 866 5317 Υίδν
890 5264 1224 5334 κενωθείσης
1253 5265 1475 5335 ἀπάσης
1503 5268 1598 5321 καὶ
1631 5265 2004 5337 ἀναλωθείσης
2029 5271 2097 5320 ἐκ

507 5357 603 5412 τοῦ
634 5357 868 5428 Πατρός.
899 5356 1057 5411 Οῦτω
1089 5357 1198 5430 γὰρ
1234 5358 1540 5429 ἐφλυάρουν
1581 5361 1803 5431 παχέως
1833 5361 1932 5430 τὴν
1997 5359 2096 5415 τοῦ

507 5450 639 5505 Tim“)
669 5449 974 5520 μεσιτείαν,
1003 5453 1101 5506 καί⁵
1121 5449 1220 5522 τὴν
1249 5450 1345 5505 τοῦ
1381 5453 1700 5522 Πνεύματος
1741 5453 1934 5525 τρίτην
1960 5471 2096 5508 κατ-

506 5543 951 5614 ο·ρομασίαν,οόχ
1002 5537 1230 5616 ἦττονῆ
1283 5543 1606 5614 κακούργως
1656 5546 1973 5617 νοήσαντες,
2021 5547 2098 5611 ὡς

509 5638 745 5692 ἐπὶτῶν
779 5639 887 5691 ἀπό
936 5653 1086 5701 τινος
1142 5637 1340 5708 τρίτων
1389 5639 1884 5707 κατατεταγμένων
1935 5639 2014 5711 τῷ
2063 5641 2097 5711 ἢ

508 5729 840 5802 διαστήματι
873 5732 1090 5802 χρόνου,
1123 5730 1156 5802 ἢ
1192 5731 1527 5802 διαστήματι
1565 5733 1758 5793 τόπου,
1791 5734 1824 5802 ἢ
1876 5734 2098 5805 διαδοχῇ

507 5822 612 5890 τῆς
638 5824 968 5891 γεννήσεως,
997 5823 1032 5894 ἢ
1067 5824 1493 5894 δραστηριότητι
1525 5825 1832 5894 δυνάμεως,
1867 5826 1900 5896 ἢ
1929 5827 2097 5892 ἀξιώ-

518 5921 689 5983 ματος
718 5912 1010 5986 μεγαλείῳ,
1042 5913 1330 5985 ἢτοιούεῳ
1353 5916 1461 5970 τινὶ
1491 5915 1552 5971 ἐν
1615 5917 1798 5986 σφίσιν
1859 5917 1988 5974 ἄλλο
2045 5936 2098 5974 τι

2194 4713 2334 4770 εἶναι
2363 4717 2459 4770 καὶ
2489 4715 2547 4767 rb
2576 4715 2861 4780 αίτιατῶς,
2890 4715 2986 4768 καὶ
3014 4717 3075 4768 τὸ
3105 4715 3200 4769 ὡδί
3228 4732 3345 4780 πως
3372 4715 3652 4781 αἰτιατῶς,
3686 4717 3786 4769 καὶ

2194 4808 2294 4861 ὅσα
2345 4807 2443 4876 τῆς
2492 4807 2587 4860 τοῦ
2633 4807 2805 4860 αἰτίου
2873 4809 3243 4877 παρωνυμίας
3293 4809 3422 4862 εἰσί.
3457 4809 3645 4862 Ταῦτα
3674 4810 3786 4877 γὰρ

2195 4900 2376 4954 πάντα
2407 4899 2501 4954 τοῦ
2537 4901 2699 4968 λόγου
2729 4901 2829 4970 τῆς
2880 4905 3094 4969 φύσεως
3124 4902 3506 4972 ἀποδιῄρηται.
3539 4903 3676 4956 Οὔτε
3707 4903 3780 4967 ὡς

2197 4993 2390 5059 αίτιος,
2425 4993 2562 5046 ἀλλά
2606 4993 2812 5062 μᾶλλον
2839 4993 2914 5057 ώς
2948 4993 3045 5047 ὡδί
3082 5012 3200 5058 πως
3231 4997 3473 5060 αἰτιατὸς
3496 5036 3511 5058 ,
3547 4996 3622 5059 ὡς
3656 4996 3786 5060 Υἱὸς

2198 5083 2423 5156 δηλαδὴ,
2465 5084 2656 5154 διότιή
2691 5086 2787 5139 τοῦ
2850 5085 2980 5140 Υίοῦ
3016 5088 3364 5158 προσηγορία
3411 5089 3506 5142 καὶ
3539 5089 3633 5142 τοῦ
3672 5089 3787 5141 Πα-

2198 5175 2326 5246 τρὸς
2346 5176 2502 5228 οὐδὲν
2533 5177 2820 5246 προσίεται
2869 5179 3033 5248 μέσον
3081 5179 3167 5232 διὰ
3199 5181 3266 5232 τὰ
3296 5180 3586 5250 εἰρημένα,
3641 5179 3698 5233 Ὀ
3727 5180 3788 5234 δὲ

2199 5267 2390 5338 Πατὴρ
2427 5266 2523 5320 τοῦ
2555 5267 2688 5321 Υίοῦ
2725 5273 3132 5341 προεπινοεῖται
3165 5272 3246 5342 τῷ
3289 5273 3393 5341 τῆς
3431 5273 3612 5336 αίτίας
3643 5272 3790 5343 λόγῳ

2200 5361 2278 5424 ώς
2305 5360 2497 5428 αίτιος,
2532 5363 2615 5414 ὅτι
2658 5361 2718 5429 ἐξ
2755 5363 2922 5418 αὑτοῦ
2978 5365 3038 5418 τὸ
3072 5362 3214 5419 εἶναι
3245 5368 3273 5419 ό
3307 5368 3436 5431 Υἱὸς
3474 5369 3612 5438 ἔχει.
3659 5369 3789 5420 '05-

2203 5453 2383 5518 αύτως
2405 5453 2460 5508 δέ
2487 5456 2583 5510 καὶ
2611 5457 2707 5510 τοῦ
2746 5457 3082 5528 Πνεύματος,
3116 5459 3195 5528 τῷ
3221 5459 3394 5524 αίτιος
3435 5461 3601 5514 αὑτοῦ
3645 5459 3790 5517 εἶναι

2204 5547 2232 5598 ὀ
2275 5546 2464 5618 Πατὴρ
2497 5547 2572 5611 ὡς
2603 5550 2931 5620 προϐάλλων
2974 5553 3448 5624 προτεθεώρηται.
3497 5555 3642 5607 Ἀλλ’
3669 5556 3696 5608 ὅ
3721 5572 3791 5622 γε

2207 5638 2332 5701 Υἱὸς
2363 5645 2774 5710 προεπινοεῖται
2822 5644 2918 5698 τοῦ
2963 5645 3284 5710 Πνεύματος
3330 5647 3407 5717 τῷ
3450 5648 3511 5701 τὺ
3561 5646 3794 5718 Πνεῦμα

2205 5731 2268 5785 οὐ
2300 5737 2580 5804 γεννητῶς
2603 5735 2679 5798 ώς
2711 5736 2872 5799 αὐτὸς
2907 5739 2969 5790 ἐκ
2997 5739 3090 5790 τοῦ
3130 5741 3345 5810 Πατρδς
3373 5741 3618 5793 αἰτιατὸν
3647 5736 3794 5796 εἶναι

2205 5825 2300 5878 καὶ
2345 5825 2649 5894 ὑφεστάναι
2675 5867 2690 5892 ,
2720 5829 2840 5883 ἀλλ’
2872 5831 3060 5900 έτερόν
3105 5849 3229 5885 τινα
3256 5832 3481 5903 τρόπον,
3517 5835 3547 5886 ὃ
3595 5835 3797 5904 σημαί-

2205 5919 2334 5973 νοιτ⁸
2366 5919 2433 5974 ἂν
2463 5918 2540 5990 τῷ
2579 5921 2654 5991 μὴ
2693 5921 2832 5992 μετὰ
2880 5923 2971 5977 τὸν
3023 5924 3240 5996 Πατέρα
3278 5924 3663 5996 ὁμολογεῖσθαι
3693 5927 3797 5982 εὐ-
