4118 6280
353 359 464 422 673

1264 363 1363 423 DE
1408 363 1935 425 PROCESSIONE
1969 363 2336 425 SPIRITUS
2376 363 2644 424 SANCTI

3532 367 3643 436 6'76

347 476 454 537 θὺς
481 473 612 542 παρ’
633 474 813 543 ἡμῶν,
848 474 945 527 καὶ
974 472 1150 546 ταύτῃ
1173 473 1274 539 τὰς
1298 475 1570 546 Εὑνομίου
1598 478 1742 531 κατὰ
1771 477 1871 544 τῆς
1894 477 1953 530 ἐν
1981 480 2026 537 Α
2055 477 2229 528 αἴτιον
2262 475 2296 544 ἢ
2350 475 2533 546 τρίτον
2555 516 2572 542 ,
2613 476 2774 545 μόνον
2821 475 2880 528 δὲ
2932 477 2960 530 6
3001 477 3190 548 Πατὴρ
3219 478 3365 532 αἰτία
3420 480 3640 548 λέγεται

344 571 416 637 τῇ
445 565 640 635 Τριάδι
697 567 955 636 ἑνότητός
992 566 1298 631 ἀντιθέσεις
1334 569 1793 640 διακρινούμεθα.
1845 569 1945 631 Ὃς

345 661 453 729 τὴν
489 658 631 711 κατὰ
671 658 764 709 τόν
794 657 895 726 τῆς
927 658 1110 722 αἰτίας
1138 657 1299 725 λόγον
1327 660 1424 712 καὶ
1452 659 1657 729 τρόπον
1690 675 1946 712 πιστευο-

353 751 527 818 μένην
558 748 766 818 Τριάόα
793 752 851 800 ὲν
878 750 1095 819 ὲνότητι
1119 749 1336 818 φύσεως
1359 752 1438 812 εἰς
1471 749 1573 820 τὴν
1599 753 1656 804 ὲν
1684 752 1750 821 τῇ
1784 750 1945 818 φύσει

349 839 623 908 διαφορὰν
667 839 850 908 φέρων
904 839 1092 906 ἐτίθει,
1136 841 1234 892 καὶ
1271 840 1370 903 τὰς
1409 840 1553 894 κατὰ
1599 841 1696 894 τόν
1731 845 1832 910 τῆς
1865 845 1947 896 αὶ-

349 933 472 996 τίας
506 931 666 998 λόγον
699 923 792 984 καὶ
825 931 1027 1002 τρόπον
1054 932 1400 1002 προθεωρίας
1436 951 1495 986 τε
1529 937 1628 988 καὶ
1667 935 1940 1003 προαριθ-

357 1029 576 1098 μήσεις,
605 1025 694 1077 διὰ
729 1025 792 1077 τό
836 1024 945 1078 τῶν
973 1025 1334 1080 ὑποστάσεων
1371 1026 1682 1097 ἁσύγχυτον
1711 1029 1945 1097 γινομέ-

352 1136 449 1181 νας
489 1121 569 1181 ei;
604 1118 934 1188 ὑπερθέσεις
973 1121 1066 1171 καὶ
1095 1119 1319 1188 ὑφέσεις
1349 1120 1683 1189 ἀξιωμάτων
1717 1122 1810 1173 καὶ
1843 1121 1946 1189 φύε

353 1225 493 1260 σεων
552 1207 781 1278 ἀμαθῶς
841 1225 902 1259 τε
952 1209 1048 1260 καὶ
1095 1209 1424 1277 κακούργως
1477 1211 1795 1280 ἐλάμϐανε·
1850 1214 1945 1264 καὶ

354 1301 609 1369 κλίμακα
638 1301 860 1368 φύσεων
890 1303 1116 1370 συνίστη
1144 1302 1218 1363 ώς
1247 1302 1579 1371 ἀξιωμάτων
1619 1304 1820 1374 ἕτερον
1849 1305 1945 1358 καὶ

353 1394 507 1446 ἄλλοι
535 1393 601 1447 αὖ
632 1394 875 1462 προόδων
917 1398 1188 1465 μηχαναῖς
1211 1413 1319 1448 τισι
1351 1397 1412 1449 τό
1441 1397 1645 1466 ἀπᾷδον
1670 1399 1942 1467 ἐπιχρων-

354 1487 549 1550 νύντες
585 1489 679 1541 τοῦ
710 1490 1001 1558 δόγματος.

429 1579 537 1630 Kal
567 1578 758 1649 ἕτερον
790 1582 845 1632 δέ
877 1599 999 1634 τινα
1044 1581 1251 1652 τρόπον
1285 1584 1589 1653 πεφηνέναι
1621 1583 1681 1636 τό
1714 1582 1945 1654 Πνεῦμα

353 1671 418 1724 τό
459 1673 639 1739 ἆγιον,
667 1671 734 1724 δι’
776 1667 837 1725 οῦ
873 1691 1057 1741 φαμεν
1089 1675 1186 1727 καὶ
1214 1675 1446 1746 νοοῦμεν
1485 1677 1613 1740 τοὺς
1659 1675 1944 1745 λέγοντας,

353 1766 438 1819 ὅτι
473 1766 541 1818 6.’
580 1766 711 1818 Υίοῦ
755 1769 867 1830 τοῖς
919 1766 1234 1835 ἀνθρώποις
1277 1767 1626 1840 ἐφανερώθη,
1659 1769 1761 1842 τὴν
1792 1768 1946 1839 ἐνέρ-

2055 571 2272 638 πρώτη,
2299 569 2380 638 τῷ
2410 569 2506 622 καὶ
2535 569 2637 638 τῆς
2663 569 2923 638 θεότητος
2949 571 3126 640 ἀρχὴν
3158 573 3253 624 καὶ
3280 573 3463 640 πηγὴν
3492 570 3640 628 εἶναι

2051 660 2152 727 τῆς
2175 659 2396 711 πάντων
2444 659 2650 720 αἰτίας.
2693 659 2780 721 Ὦς
2806 660 2918 728 γάρ
2949 662 3064 712 ἐστι
3093 659 3230 728 μετὰ
3265 662 3358 714 τοῦ
3394 663 3521 715 Υἱοῦ
3553 668 3645 716 καὶ

2055 751 2376 820 Πνεύματος
2426 753 2644 804 πάντων
2701 751 2851 804 αἰτία
2913 751 2990 812 ώς
3056 752 3213 817 Θεός,
3263 751 3438 809 οὕτως
3491 757 3643 806 ἐστὶν

2007 862 2036 876 ί·
2057 844 2188 897 Υἱοῦ
2219 861 2280 898 τε
2316 845 2411 897 καὶ
2441 844 2761 911 Πνεύματος
2792 845 2955 910 μόνος
2999 845 3171 908 αἰτιος
3217 847 3285 914 τῇ
3319 848 3642 917 πατρότητι,

2054 937 2231 991 εῖτουν
2264 939 2330 1005 τῇ
2363 938 2709 1006 γονιμότητι.
3557 993 3559 996 ,

2123 1031 2388 1099 Λέγωμεν
2433 1031 2499 1099 δὴ
2534 1032 2592 1082 ἐν
2643 1030 2810 1098 αὐτῷ,
2863 1030 2940 1097 τῷ
2994 1031 3056 1083 ἐκ
3093 1032 3305 1101 Πατρός
3342 1034 3643 1100 ὑφεστάναι

2052 1123 2112 1175 τό
2155 1123 2380 1189 Πνεῦμα
2415 1123 2473 1174 τό
2510 1120 2668 1189 ἆγιον
2720 1123 2807 1175 διὰ
2836 1122 2929 1175 τοῦ
2973 1123 3101 1175 Υίοῦ
3154 1123 3430 1193 προϊέναι’
3474 1123 3640 1176 τοῦτο

2053 1211 2110 1266 δέ
2151 1215 2269 1266 ἐστι
2321 1212 2384 1265 τό
2435 1215 2499 1265 ἐκ
2557 1214 2772 1283 Πατρός
2824 1213 2893 1266 δι’
2937 1214 3068 1267 Υίοῦ
3123 1215 3521 1284 ἐκπορεύεσθαι
3555 1217 3642 1268 δια

2053 1304 2152 1375 τὴν
2179 1306 2276 1372 τῆς
2309 1305 2501 1368 οὐσίας
2531 1306 2766 1375 ἑνότητα
2793 1306 2990 1376 ἄκραν,
3018 1307 3094 1369 ώς
3126 1308 3226 1360 οὑκ
3257 1307 3414 1370 ἐκτός
3441 1308 3507 1361 ἂν
3543 1308 3640 1360 τοῦ

2057 1396 2212 1463 Υἱοῦ,
2247 1398 2364 1451 ἀλλ’
2417 1401 2475 1450 ἐν
2515 1399 2664 1468 αὑτῷ
2702 1401 2893 1469 προῖόν
2942 1403 3005 1452 ὲκ
3070 1399 3161 1453 τοῦ
3219 1401 3450 1467 Πατρός,
3488 1419 3642 1452 τουτ-

2056 1488 2228 1553 έστιν,
2254 1491 2313 1540 ἐν
2352 1489 2504 1558 αὐτῷ
2543 1492 2694 1561 παρά
2729 1492 2937 1559 Πατρός
2966 1491 3231 1561 ὑπάρχον,
3265 1493 3357 1544 καὶ
3393 1495 3451 1545 ἐν
3493 1493 3642 1560 αὑτῷ

2055 1577 2340 1646 διαμένον,
2377 1581 2470 1631 καὶ
2527 1580 2585 1630 ἐν
2643 1580 2757 1649 Υἱῷ
2813 1582 2964 1649 παρά
3011 1583 3226 1652 Πατρός
3279 1583 3505 1652 διῆκον,
3546 1585 3642 1636 καὶ

2055 1669 2142 1722 διὰ
2191 1670 2286 1722 τοῦ
2321 1670 2453 1723 Υίοῠ
2484 1671 2640 1735 διιόν,
2683 1672 3005 1740 θεοπρεπῶς
3053 1674 3146 1726 τοῦ
3197 1692 3256 1725 τε
3307 1674 3515 1744 διήκειν
3547 1679 3641 1728 καὶ

2054 1759 2247 1813 διιέναι
2297 1761 2588 1830 νοουμένου
2616 1800 2630 1824 ,
2687 1763 2810 1814 ἐπεὶ
2853 1764 2926 1832 μὴ
2971 1765 3146 1826 ἄλλως
3193 1763 3344 1818 ἔστιν
3401 1766 3639 1834 ἐμφῆναι

353 1875 515 1926 γειαν
543 1857 710 1911 αὑτοῦ
739 1859 835 1912 καὶ
875 1861 974 1928 τὴν
1016 1863 1180 1930 χάριν
1215 1862 1328 1923 τοῖς
1377 1861 1703 1924 ἀποστόλοις
1741 1860 1944 1931 πρότεο
1977 1843 2015 1898 Β
2045 1853 2142 1921 τὴν
2202 1852 2379 1918 ἄκρσῑν
2437 1857 2724 1906 κοινωνίαν
2775 1858 2874 1921 τῆς
2922 1861 3138 1924 φύσεως
3171 1877 3184 1887 ”
3219 1859 3311 1909 καὶ
3343 1859 3419 1919 ὡς
3465 1859 3526 1912 ἄν
3555 1877 3638 1920 τις

356 1967 455 2019 ρον
499 1950 600 2020 μὲν
629 1949 715 2002 διὰ
752 1950 846 2002 τοῦ
881 1951 1305 2021 ἐμφυσήματος,
1339 1949 1462 2005 εἶτα
1513 1952 1609 2006 καὶ
1636 1953 1694 2003 ὲν
1724 1951 1802 2022 τῷ
1833 1952 1945 2004 τῶν

355 2043 608 2110 πυρίνων
629 2043 894 2111 γλωσσῶν
920 2043 1050 2097 εἴδει
1081 2043 1416 2115 τελεώτερον
1439 2044 1536 2098 καὶ
1568 2045 1946 2114 πληρέστερον

354 2136 656 2199 δεδωκότος
685 2178 700 2202 ,
738 2137 836 2190 καὶ
886 2137 1246 2206 πεπομφότος
1271 2179 1286 2203 ,
1338 2138 1724 2206 συνεκχέοντός
1757 2155 1815 2190 τε
1847 2138 1946 2192 καὶ

358 2223 809 2292 συνδιανέμοντος
851 2223 950 2294 τὴν
992 2225 1250 2295 τοιαύτην
1296 2225 1458 2296 χάριν
1517 2226 1610 2280 τοῦ
1661 2226 1798 2279 Θεοῦ
1849 2227 1945 2280 καὶ

359 2313 598 2384 Πατρός,
632 2314 730 2366 καὶ
759 2314 924 2368 αὑτοῦ
963 2315 1029 2386 δὴ
1066 2315 1160 2368 τοῦ
1204 2315 1551 2384 Πνεύματος,
1581 2317 1673 2368 καὶ
1703 2315 1800 2386 τὴν
1845 2317 1944 2384 τῆς

354 2409 584 2476 χάριτος
643 2405 870 2473 ἔκχυσιν
901 2442 916 2468 ,
951 2406 1049 2458 καὶ
1101 2406 1200 2475 τὴν
1245 2406 1312 2458 δι’
1361 2407 1535 2476 αὐτῆς
1580 2408 1798 2476 μέθεξιν
1844 2410 1944 2477 τῆς

358 2496 616 2566 θεότητος
645 2494 739 2547 τοῦ
784 2497 993 2567 Πατρός
1040 2499 1132 2550 καὶ
1179 2497 1274 2551 τοῦ
1310 2497 1442 2550 Υἱοῦ
1494 2500 1720 2552 καὶτοῦ
1768 2501 1940 2554 Πνεύ-

361 2605 534 2656 ματος
561 2587 929 2658 ἐνεργούντων
979 2592 1160 2660 κοινῇ,
1203 2593 1299 2646 καὶ
1344 2591 1418 2652 ὡς
1456 2591 1588 2654 ἑνός,
1611 2591 1746 2645 Θεοῦ
1783 2593 1942 2662 ἐνερ-

355 2679 605 2748 γοῦντος.
640 2681 748 2733 Καὶ
776 2679 920 2733 οὕτω
949 2680 1078 2749 γοῦν
1111 2680 1180 2733 δι’
1206 2682 1337 2734 Υἱοῦ
1379 2685 1682 2752 πεφηνέναι
1725 2685 1941 2751 λέγεται

353 2774 453 2825 καὶ
478 2773 804 2840 ἐκλάμπειν,
830 2773 906 2836 ὡς
936 2774 1024 2827 διά
1059 2773 1154 2826 τοῦ
1193 2774 1325 2827 Υίοῦ
1362 2777 1796 2847 φανερούμενον,
1836 2777 1931 2830 καὶ

349 2867 425 2936 τῇ
455 2867 635 2918 κτίσει
680 2866 1122 2936 μεταδιδόμενον.

907 3001 911 3005 ·
965 2978 1217 3033 ΚΕΦΛΛ.
1264 2979 1340 3034 E'.

355 3091 494 3166 Ὅτι
536 3091 597 3145 ἐν
637 3089 720 3166 τῷ
773 3090 1027 3166 δι’-Υίοῦ
1075 3091 1162 3166 ἐκΔ
1203 3096 1431 3161 Πατίὸς
1466 3097 1533 3148 τὸ
1574 3097 1820 3166 Πνεῦμα
1873 3099 1938 3151 τὸ

427 3161 600 3230 ἅγιον
625 3162 1057 3234 ἐκπορεύεσθαι
1092 3161 1397 3234 λέγεσθαι,
1439 3169 1491 3220 εἰ
1519 3169 1618 3219 καὶ
1666 3161 1932 3234 σπανίως

425 3235 682 3303 εἷρηται,
714 3232 850 3285 ἀλλ’
875 3234 911 3298 ἡ
942 3233 1168 3303 ἐνώτης
1196 3233 1306 3302 τῆς
1337 3239 1551 3299 οὐσίας
1589 3237 1689 3291 καὶ
1716 3240 1751 3303 ἡ
1783 3232 1931 3290 συν-ἶ

423 3301 623 3371 ἀφεια,
657 3305 770 3369 οὐχ
799 3303 836 3369 ἡ
862 3302 1078 3375 σχέσις
1110 3302 1218 3369 τῆς
1248 3301 1440 3370 αἰτίας
1470 3306 1543 3375 τῇ
1601 3308 1688 3360 διὰ
1722 3301 1935 3372 προθέ-

423 3388 522 3428 σει
555 3375 974 3439 σημαίνονται,
1001 3373 1081 3436 ὠς
1108 3378 1158 3426 oi
1190 3375 1432 3428 Λατῖνοι
1458 3373 1812 3438 βούλονται.
1841 3379 1937 3430 καὶ
2021 3397 2024 3401 ·

422 3444 492 3496 ἐκ
517 3442 625 3495 τοῦ
656 3443 789 3511 Υὶοῦ
819 3441 1098 3511 λέγοντες
1131 3445 1585 3511 ἐκπορεύεσθαι,
1610 3449 1711 3500 καί
1742 3451 1938 3501 τᾶλλα

424 3515 498 3566 τὰ
515 3513 584 3564 ἐν
624 3510 702 3576 τῷ
736 3510 1156 3581 (bit-merrme
1189 3510 1323 3582 ὀρῷ.

440 3604 582 3658 Ἀλλ’
617 3604 803 3674 ἐπειδὴ
843 3606 937 3656 καὶ
977 3607 1038 3656 ἐκ
1089 3605 1184 3658 τοῦ
1236 3607 1447 3676 Πατρὶς
1495 3608 1562 3660 δι’
1605 3607 1737 3662 Υίοῦ
1770 3609 1938 3662 ἐκπο-

354 3697 641 3769 ρεύεσθαι,
678 3699 727 3749 εί
771 3697 865 3749 καὶ
911 3699 1150 3758 σπανίως
1185 3699 1438 3768 εἴρηται,
1476 3701 1618 3753 οὕτω
1647 3701 1742 3754 καί⁸
1777 3702 1934 3756 τοῦτο

348 3794 496 3845 νοεῖν
523 3789 764 3852 εὐσεσῶς
807 3789 1237 3859 ἀναγκαζόμεθα
1269 3789 1358 3844 διὰ
1390 3790 1490 3860 τὴν
1523 3791 1662 3862 πρός
1697 3793 1826 3854 τοὺς
1859 3794 1936 3844 εί-

351 3884 553 3947 πόντας
589 3884 897 3946 εὐλάϐειαν,
952 3885 1002 3936 εί
1038 3885 1126 3936 καὶ
1171 3886 1245 3953 μὴ
1282 3884 1589 3954 ποιούμεθα
1639 3888 1795 3937 τοῦτο
1835 3886 1936 3956 κή-

356 3994 570 4050 ρυγμα,
623 3975 750 4028 οὔτε
797 3976 1047 4042 γίνεσθαι
1097 3976 1215 4039 δεῖ,
1252 3975 1367 4028 ἀλλ’
1412 3979 1487 4038 ὡς
1539 3976 1716 4045 δόγμα
1770 3977 1933 4046 μόνον

352 4067 600 4129 εὐσεϐῶς
631 4066 894 4134 νοεῖσθαι,
947 4066 1091 4120 οὓτω
1138 4068 1220 4120 δεῖ
1258 4067 1354 4120 καὶ
1390 4067 1494 4120 ὑπό
1521 4069 1629 4122 τῶν
1665 4069 1932 4122 εἰπόντων

351 4162 672 4232 εἰρημένον.
717 4162 822 4212 Καὶ
870 4161 1060 4231 ἐπειδὴ
1100 4159 1163 4213 τό
1215 4161 1638 4229 ἐκπορεύεσθαι,
1682 4161 1740 4214 τό
1793 4149 1952 4231 λαμ-’

353 4255 564 4320 δάκνειν,
599 4253 658 4306 τό
686 4249 848 4317 εἶναι,
875 4253 967 4305 καὶ
1002 4253 1061 4305 τό
1099 4249 1239 4306 εἶναι
1265 4253 1360 4306 καὶ
1393 4253 1454 4306 τό
1485 4255 1814 4324 προάγεσθαι
1849 4257 1933 4320 είς

355 4348 496 4401 ίδίαν
536 4346 839 4399 ὑπόστασιν
869 4344 1206 4414 ἐτάχθησαν,
1239 4345 1411 4399 ἀΐδιον
1439 4347 1537 4414 μὲν
1564 4345 1737 4417 ταύτῃ
1781 4347 1930 4400 νοοῦ-

355 4455 459 4508 μεν
497 4441 555 4489 ἐν
611 4437 789 4506 τούτῳ
826 4435 903 4502 τῷ
955 4435 1121 4506 λόγῳ,
1180 4436 1298 4490 ἀλλ’
1349 4439 1448 4506 οὐχ
1485 4438 1568 4489 ὅτι
1604 4439 1700 4491 καὶ
1737 4440 1802 4490 ἐκ
1831 4437 1927 4491 τοῦ

2050 1941 2190 1995 εἴποι
2261 1943 2687 2012 διαπεφοιτηκὸς
2751 1945 2850 2012 τῆς
2927 1948 3022 1998 τοῦ
3083 1947 3214 1998 Υἱοῦ
3279 1948 3635 2011 ὑποστάσεως

2047 2033 2388 2103 ἁσυγχύτως.
2418 2028 2500 2087 Ἐἰ
2544 2035 2642 2102 μὲν
2674 2036 2784 2106 γὰρ
2831 2037 3004 2101 αἴτιος
3035 2035 3104 2109 ἦν
3153 2038 3249 2091 τοῦ
3297 2040 3646 2107 Πνεύματοςν

2049 2128 2077 2180 6
2117 2127 2247 2188 Υίός
2298 2127 2392 2179 τοῦ
2456 2125 2618 2191 Θεοῦ,
2665 2127 2815 2179 τοῦτ’
2857 2130 2948 2181 ἂν·
2977 2129 3200 2200 ἐξήρκει
3256 2130 3500 2201 δηλῶσαι
3533 2133 3636 2202 τὴν

2047 2217 2340 2270 κοινωνίαν
2391 2219 2492 2286 τῆς
2527 2217 2768 2287 φύσεως,
2811 2220 2871 2272 τό
2925 2220 2984 2283 ἐξ
3038 2221 3203 2274 αὑτοῦ
3244 2222 3490 2290 δηλονότι
3531 2243 3633 2292 φυ-

2049 2311 2215 2374 σικῶς
2273 2311 2601 2380 ὑποστῆναι,
2657 2312 2915 2382 καθάπερ
2965 2314 3072 2384 ἄρα
3119 2316 3213 2367 καὶ
3258 2317 3356 2384 τὴν
3404 2318 3633 2384 ἑνότητα

2049 2401 2263 2471 Πατρός
2295 2402 2389 2456 καὶ
2425 2403 2577 2467 Υίοῦ,
2607 2404 2666 2456 τό
2696 2404 2755 2467 ἐξ
2785 2405 2952 2457 αὑτοῦ
2989 2408 3079 2458 τόν
3113 2407 3238 2461 Υίόν
3267 2411 3631 2479 γεγεννῆσθαι

2045 2494 2424 2557 δείκνυσι,κα“ι
2452 2495 2547 2547 τοῦ
2580 2497 2897 2567 Πνεύματος
2935 2499 3033 2566 τὴν
3094 2502 3332 2570 φυσικὴν
3373 2503 3511 2570 πρός
3540 2505 3636 2556 τόν

2047 2585 2268 2656 Πατέρα
2297 2588 2547 2655 ἑνότητα,
2590 2587 2648 2640 τό
2677 2591 2806 2660 παρ’
2834 2590 2998 2641 αὑτοῦ
3030 2591 3172 2642 τοῦτ’
3206 2595 3626 2663 ἐκπορεύεσθαι.

2059 2680 2215 2733 Ἐπεὶ
2246 2680 2301 2732 δὲ
2341 2680 2402 2733 τό
2434 2681 2658 2748 Πνεῦμα
2689 2684 2752 2734 ἐκ
2779 2681 2872 2735 τοῦ
2923 2683 3055 2736 Υίοῦ
3098 2686 3156 2736 ού
3195 2687 3416 2754 λέγεται
3458 2691 3630 2742 ἐκπο-

2047 2771 2303 2840 ρεύεσθαι
2353 2773 2598 2842 δηλονότι
2655 2777 2748 2826 καὶ
2790 2775 3133 2842 ὑφεστάναι,
3172 2778 3340 2838 ἄλλως,
3385 2781 3517 2848 γὰρ,
3549 2782 3627 2842 ὡς

2043 2862 2283 2935 εἴρηται,
2313 2865 2536 2934 λέγεται
2584 2868 2864 2934 προϊέναι,
2921 2867 3043 2920 οὔτε
3094 2871 3204 2938 γὰρ
3258 2873 3319 2922 ἐκ
3367 2874 3461 2925 τοῦ
3497 2874 3628 2926 Υίοῦ

2043 2954 2483 3022 ἐκπορεύεσθαι,
2517 2954 2642 3007 οὒτε
2685 2959 2747 3007 ἐκ
2793 2956 2887 3009 τοῦ
2939 2958 3069 3009 Tia-3
3128 2959 3452 3026 ὑφεστάναι,
3500 2962 3625 3016 οὒτε

2041 3049 2103 3098 ἐκ
2162 3045 2255 3099 τοῦ
2308 3046 2441 3100 Υίοῦ
2498 3048 2600 3118 τὴν
2651 3049 2836 3102 αἰτίαν
2891 3049 2991 3119 τῆς
3042 3050 3396 3116 ὑποστάσεως
3456 3055 3624 3123 ἔχειν,

2041 3136 2166 3190 οὔτε
2204 3139 2503 3207 προόολεὺς
2553 3140 2719 3192 αὑτοῦ
2777 3141 2804 3191 6
2851 3139 2980 3203 Υἱός
3011 3136 3172 3207 εἶναι,
3208 3141 3320 3195 οὔτ’
3354 3145 3494 3214 ἀρχὴ
3525 3147 3622 3198 αὑ·

2041 3230 2154 3295 τοῦ,
2194 3231 2316 3283 οὕτε
2369 3231 2566 3295 αἴτιος,
2623 3231 2749 3284 οὑτε
2806 3233 3123 3299 ἐκπόρευμα
3177 3236 3344 3288 αὑτοῦ
3395 3234 3534 3291 εἷναι
3565 3242 3625 3291 τό

2039 3323 2289 3390 Πνεῦμα,
2320 3322 2444 3373 οὕτε
2503 3322 2795 3392 πρν36).τ;μα
2828 3325 3020 3391 αἰτοῦ,
3055 3325 3178 3377 οὔτε
3229 3344 3280 3380 τι
3305 3328 3415 3382 τῶν
3445 3331 3623 3383 τοιού-

2037 3435 2145 3470 των
2177 3417 2352 3480 ούδὲν,
2391 3417 2427 3470 ἃ
2484 3418 2665 3469 πάντα
2717 3418 2922 3485 μεταξὺ
2977 3418 3070 3471 τοῦ
3123 3421 3332 3490 Πατρός
3389 3423 3622 3476 καὶτοῦ

2038 3509 2356 3579 Πνεύματος
2414 3507 2572 3561 εἴωθε
2649 3508 2948 3581 λέγεσθαιῤ
3002 3511 3126 3564 ἐπεὶ
3213 3514 3395 3566 τοίνυν
3465 3515 3622 3568 οὐδὲν

2036 3603 2143 3656 τῶν
2187 3602 2444 3655 τοιούτων
2492 3602 2606 3655 οὔθ’
2645 3604 2678 3672 ἡ
2748 3601 2941 3672 Γραφὴ
2969 3642 2983 3662 ,
3017 3602 3144 3656 οὔτε
3207 3605 3315 3660 τῶν
3370 3605 3624 3664 διδασκά-

2035 3698 2143 3749 λων
2182 3694 2372 3765 εἴρηκέ
2405 3712 2488 3758 τις
2521 3696 2628 3747 τών
2676 3696 3074 3763 ἀρχαιοτάτων,
3123 3697 3174 3750 οἱ
3229 3698 3482 3767 νεώτεροι
3509 3701 3622 3754 τῶν

2033 3788 2372 3841 διδασκάλων
2393 3791 2450 3839 ἐν
2487 3788 2565 3856 τῷ
2587 3786 2655 3840 δι’
2684 3787 2815 3840 Υίοῦ
2857 3789 2918 3840 τό
2969 3787 3190 3858 Πνεῦμα
3226 3790 3404 3858 λέγειν
3456 3791 3626 3844 ἐκπτ-

2039 3881 2328 3950 ρευόμενον
2372 3881 2437 3932 ἐκ
2466 3880 2702 3950 Πατρός,
2744 3879 2804 3932 τό
2852 3881 3088 3949 συναφὲς
3132 3880 3230 3950 τῆς
3285 3881 3475 3944 οὐσίας
3527 3886 3632 3944 καὶ,

2033 3971 2458 4043 ἀπαράλλακτον
2514 3973 2938 4043 παριστάνουσι,
2971 3974 3067 4025 καὶ
3094 3975 3251 4042 ἡμεῖς
3286 3978 3407 4038 ταῖς
3441 3975 3626 4031 αὑτῶν

2036 4067 2292 4126 ἑπόμενοι
2347 4066 2632 4131 διανοίαις,
2663 4064 2806 4119 οὑτω
2838 4067 2898 4119 τό
2942 4066 3074 4138 παρ’
3106 4067 3286 4120 αὑτῶν
3318 4069 3621 4139 εἰρημένον

2033 4160 2264 4229 λέγομεν
2309 4160 2404 4212 καὶ
2459 4157 2705 4228 νοοῦμεν.
2752 4159 3020 4222 Νοοῦντες
3059 4161 3167 4228 γάρ
3214 4159 3291 4222 ώς
3347 4159 3437 4213 τόν
3489 4162 3622 4216 Υίόν

2035 4253 2100 4304 ἐκ
2129 4249 2221 4304 τοῦ
2252 4250 2469 4321 Πατρός
2501 4250 2905 4320 γεγεννημένον
2925 4289 2940 4315 ,
2989 4249 3134 4304 οὑτω
3175 4251 3271 4305 καὶ
3300 4253 3362 4304 τό
3395 4252 3619 4324 Πνεῦμα

2038 4342 2521 4412 ἐκπορευόμενον,
2576 4341 2694 4412 ἅμα
2759 4341 2854 4395 καὶ
2904 4343 2972 4411 τῇ
3055 4343 3194 4412 αὐτῇ
3277 4343 3429 4408 τάξει
3483 4344 3622 4414 πρός

2033 4435 2133 4506 τὴν
2194 4435 2375 4487 αὑτῶν
2438 4435 2615 4505 ἀρχὴν
2682 4434 2776 4485 καὶ
2834 4435 3106 4503 ἑκατέραν
3183 4437 3246 4503 τῇ
3324 4435 3429 4506 ίδῖᾳ
3469 4439 3624 4505 αἰτίᾳ.

352 4527 483 4582 Υίοῦ
515 4528 808 4595 ὑφίσταται
837 4528 898 4580 τό
940 4527 1162 4594 Πνεῦμα
1207 4530 1266 4580 τό
1297 4527 1472 4594 ἅγιον,
1503 4527 1696 4598 ὥσπερ
1725 4531 1821 4580 καὶ
1859 4531 1926 4580 τὰ
1967 4533 2008 4586 D
2038 4527 2473 4596 ἐφηρμοσμένων
2512 4524 2686 4588 οὕτως
2719 4526 2918 4589 εἰπεῖν,
2961 4525 3109 4593 ὅμως
3142 4525 3204 4576 οὑ
3253 4526 3621 4595 διηρτημένον

351 4620 485 4672 (οντα
512 4617 732 4686 λέγεται
772 4617 842 4672 δι’
893 4617 1028 4671 Υίοῦ
1087 4618 1446 4687 γεγενῆσθαι,
1478 4619 1567 4670 ὅτε
1607 4620 1777 4690 μηδὲν
1814 4621 1933 4674 δια-

354 4709 534 4780 φέρει,
582 4710 679 4762 κα“ι
742 4709 807 4762 ἐκ
860 4707 957 4762 τοῦ
1006 4707 1138 4760 Υίοῦ
1178 4708 1514 4778 γεγενῆσθαι
1547 4709 1731 4776 λέγειν
1773 4711 1932 4764 αὑτά.

353 4800 418 4854 El
459 4799 568 4870 γὰρ
620 4797 764 4852 τοῦτ’
818 4798 1018 4868 ἀληθὲς
1073 4795 1166 4869 ἦν,
1199 4799 1288 4852 διὰ
1344 4799 1439 4853 τοῦ
1493 4800 1623 4854 Υίοῦ
1663 4803 1936 4872 ἐκπορεύ-

353 4892 515 4945 εσθαι
539 4933 552 4958 ,
587 4890 794 4959 ἐλέγετ’
825 4891 893 4946 άν
937 4907 1071 4944 ποτε
1115 4891 1305 4954 ἁπλῶς
1345 4893 1576 4945 οὑτωσὶν
1619 4893 1810 4964 ὥσπερ
1839 4896 1934 4948 καὶ

353 4985 446 5038 διὰ
485 4985 577 5037 τοῦ
610 4984 740 5036 Υίοῦ
770 4983 1101 5052 γεγενῆσθαι
1145 4984 1212 5036 τὰ
1245 4983 1397 5037 ὄντα.
1445 4986 1586 5037 Ἀλλ’
1616 4984 1728 5038 οὒτ’
1788 4986 1936 5039 ἐστιν

358 5075 506 5129 οὕτω
527 5076 617 5129 διὰ
645 5075 742 5127 τοῦ
777 5075 932 5142 Υίοῦ,
975 5074 1102 5130 οὗτε
1131 5075 1376 5144 λέγεται,
1406 5077 1526 5129 ἀλλ’
1556 5079 1646 5130 ἀεὶ
1693 5077 1791 5130 τοῦ
1831 5097 1935 5131 πα-

353 5166 549 5238 τρικοῦ
583 5167 939 5238 συνημμένου
969 5166 1268 5238 προσώπου
1309 5184 1369 5222 τε
1419 5172 1511 5224 καὶ
1549 5172 1840 5242 ὀνόματος,
1871 5173 1935 5226 ἐκ

353 5261 453 5313 τοῦ
491 5259 700 5328 Πατρός
744 5259 813 5312 δι’
847 5258 974 5313 Υίοῦ
1007 5259 1229 5329 λέγεται
1278 5262 1704 5333 ἐκπορεύεσθαι,
1740 5267 1789 5318 εί
1840 5266 1935 5318 καὶ

357 5352 628 5414 σπανίως·
665 5351 842 5414 ἄλλως
865 5351 923 5404 δὲ
957 5351 1238 5419 οὐδέποτε,
1273 5354 1358 5408 ῖνα
1391 5357 1471 5424 μὴ
1502 5357 1596 5409 καὶ
1634 5357 1695 5408 εν
1729 5373 1782 5409 τι
1822 5359 1934 5410 τῶν

350 5440 494 5494 ὅλων
528 5441 590 5492 τό
626 5441 853 5510 Πνεῦμα
903 5445 1225 5515 παρανοηθῇ
1275 5446 1383 5498 τῶν
1432 5447 1500 5499 δι’
1539 5448 1666 5499 Υίοῦ
1709 5452 1934 5512 γεγονό-

349 5551 486 5585 των.
510 5532 727 5585 Τούτων
751 5535 862 5603 γὰρ
895 5533 1054 5602 μόνον
1086 5537 1228 5606 ἀρχή
1264 5538 1412 5590 ἐστιν
1443 5539 1472 5588 6
1495 5538 1620 5602 Υἱός
1661 5542 1757 5609 μία
1795 5541 1936 5610 μετὰ

349 5627 572 5694 Πατρὶς
623 5627 717 5676 καὶ
761 5625 1104 5694 Πνεύματος,
1135 5628 1230 5679 καὶ
1269 5627 1460 5700 πρώτη
1494 5631 1632 5698 πρός
1675 5648 1736 5700 γε
1766 5633 1929 5696 αὑτὰ,

351 5718 405 5770 εί
439 5717 534 5768 καὶ
565 5715 653 5768 διὰ
682 5716 743 5766 τό
791 5711 934 5768 εἶναι
965 5717 1200 5786 ἐξαρχῆς
1229 5719 1393 5780 αὐτός
1429 5721 1490 5771 οὑ
1538 5721 1752 5789 λέγεται
1781 5723 1931 5794 πρώ-

347 5827 446 5878 τη,
478 5806 593 5861 ὰλλ’
633 5807 755 5860 οὑδέ
809 5807 1076 5877 δευτέρα,
1130 5806 1253 5862 οὔτε
1307 5810 1370 5863 τό
1404 5811 1628 5881 Πνεῦμα
1672 5812 1930 5884 δεύτερον

2039 4618 2134 4672 τοῦ
2169 4617 2297 4670 Υίοῦ
2331 4616 2490 4669 τοῦτο
2539 4615 2772 4686 νοοῦμεν
2824 4615 2966 4668 κατὰ
3015 4615 3114 4686 την
3162 4617 3458 4686 ὁμοιότητα
3507 4620 3618 4670 τῶν

2039 4708 2502 4780 παραδειγμάτων
2538 4707 2766 4760 ἐκείνων
2789 4705 2824 4760 ἃ
2852 4708 2948 4760 καὶ
2979 4707 3324 4776 προείρηται,
3356 4709 3412 4760 ἐν
3441 4702 3522 4770 οἷς
3545 4710 3618 4760 13:

2039 4803 2298 4871 προϊόντα
2319 4803 2386 4872 τῇ
2409 4800 2549 4871 ἀρχῇ
2584 4800 2821 4870 ἦνωνται
2856 4799 3057 4869 μᾶλλον
3087 4801 3118 4870 ἢ
3149 4801 3386 4862 ἑαυτοῖς.
3425 4799 3620 4872 Ἀλλή-

2039 4895 2150 4955 λοις
2195 4893 2250 4946 δὲ
2300 4893 2399 4963 οὑχ
2431 4893 2696 4963 ἥνωνται,
2733 4893 2781 4944 εί
2821 4891 2895 4962 μὴ
2930 4893 2987 4943 ὲν
3033 4895 3101 4963 τῇ
3147 4891 3287 4962 ἀρχῇ
3313 4907 3329 4922 ⁸
3381 4893 3474 4946 δύο
3509 4896 3618 4961 γὰρ

2039 4985 2226 5038 κλάδοι
2256 4987 2354 5056 οὐχ
2383 4986 2618 5056 ἥνωνται
2652 4984 2925 5054 ἀλλήλοις,
2957 4985 3006 5037 εί
3036 4984 3110 5055 μὴ
3150 4985 3208 5036 ἐν
3233 4983 3312 5053 τῷ
3337 4985 3616 5055 στελέχει·

2038 5079 2159 5132 οὑδέ
2191 5079 2284 5131 δύο
2318 5081 2557 5144 ἀκτῖνες,
2610 5079 2660 5130 εί
2706 5077 2781 5146 μὴ
2833 5078 2892 5130 ἐν
2936 5075 3014 5147 τῷ
3052 5077 3208 5148 ἡλίῳ,
3256 5076 3350 5129 καὶ
3382 5078 3476 5130 ἐπὶ
3508 5079 3622 5132 τῶν

2037 5171 2216 5227 ἄλλων
2267 5171 2552 5233 ὡσαύτως.
2598 5170 2688 5232 Ὠς
2745 5167 2813 5222 ἂν
2865 5169 3046 5224 τοίνυν
3103 5171 3179 5241 μὴ
3225 5170 3621 5242 ἀπηρτημένον

2037 5262 2181 5316 οὑτω
2225 5262 2321 5316 τοῦ
2371 5262 2502 5315 Υἰοῦ
2541 5264 2601 5315 τό
2649 5261 2876 5333 Πνεῦμα
2923 5263 3118 5329 νοοῖτο,
3159 5263 3297 5333 πρός
3333 5262 3435 5333 μέν
3469 5263 3528 5316 τό
3554 5267 3619 5318 ἐκ

2040 5355 2254 5424 Πατρός
2302 5355 2471 5425 ἄμφω
2509 5355 2794 5427 προελθεῖν
2844 5361 3107 5428 συμφυῶς
3143 5377 3203 5412 τε
3239 5358 3330 5412 καὶ
3377 5359 3518 5412 κατὰ
3556 5361 3618 5412 τό

2040 5446 2306 5518 προςεχές
2343 5446 2452 5498 τῶν
2503 5445 2965 5514 παραδειγμάτων
3015 5449 3242 5502 ἐκείνων
3276 5446 3614 5514 ἀρκούντων,

2036 5539 2114 5607 τῷ
2145 5537 2198 5590 δὲ
2233 5536 2328 5589 καὶ
2367 5537 2436 5587 τὰ
2491 5541 2752 5606 προϊόντα
2805 5537 3058 5608 ἀλλήλοις
3111 5536 3180 5588 δι’
3216 5536 3352 5588 ὅλων
3404 5534 3617 5588 ἑαυτῶν

2040 5631 2459 5699 συμπεφυκέναι
2489 5630 2589 5682 οὑκ
2621 5629 2999 5698 ἐξαρκούντων
3026 5632 3088 5680 ἐκ
3120 5627 3214 5679 τοῦ
3241 5626 3454 5696 Πατρός
3484 5628 3617 5680 αὑτό

2038 5725 2287 5793 λέγοντες
2319 5722 2741 5791 ἐκπορεύεσθαι,
2782 5721 2849 5774 δι’
2892 5719 3016 5773 Υἱοῦ
3067 5721 3522 5788 προστεθείκασιν
3562 5722 3614 5774 οἱ

2038 5814 2308 5878 εἰπόντες,
2369 5812 2462 5865 καὶ
2510 5813 2669 5882 ἡμεῖς
2723 5811 2864 5864 οὕτω
2896 5809 3226 5884 φρονοῦμεν,
3259 5811 3330 5874 0'),-
3378 5814 3434 5866 ἐν
3465 5814 3615 5885 αὐτῷ
