4118 6280
461 354 574 419 διο

1565 343 1950 410 GENNADH
1994 342 2106 404 CP.
2149 339 2668 404 PATRIARCHA!

3625 330 3741 401 680

463 469 557 520 καὶ
598 463 748 520 ἄλλοι
779 463 829 518 οί
869 459 1096 533 ίδρῶτες
1136 456 1246 513 τῶν
1294 456 1433 526 πρὸς
1465 454 1566 518 τάς
1609 453 1917 514 ἀντιθέσεις
1948 451 2048 520 τῆς
2081 457 2124 512 Α
2153 450 2254 520 τῆς
2307 451 2566 521 ἀληθείας
2615 425 2868 510 ἕλκοντες
2905 445 3156 516 δέχεσθαι
3208 447 3425 516 μηχανῇ
3450 463 3583 511 τινι,
3611 448 3755 515 ἀφε-

465 555 825 629 ψευδωνύμου
881 553 1138 622 γνώσεως
1194 549 1525 620 ἱσταμένων.
1560 545 1725 600 Ὥστε
1771 541 1954 612 τούτῳ
1990 543 2057 596 ἂν

464 647 544 715 τῷ
593 647 782 718 τρόπῳ
837 647 932 698 καὶ
989 644 1156 712 ἡμεῖς
1206 636 1618 710 οἰκονομοῦντες
1680 636 1810 700 τούς
1862 634 2058 701 λόγους

467 737 624 808 ἡμῶν
654 738 710 789 έν
742 735 927 807 κρίσει
955 731 1237 803 πανταχοῦ
1266 733 1377 794 τοῖς
1402 729 1544 800 πρὸς
1570 729 1825 796 φυλακὴν
1855 723 1889 794 ἢ
1917 726 2060 778 οἰκο-

466 831 638 899 δομὴν
659 829 758 897 τῆς
784 825 1024 890 πίστεως
1049 822 1360 886 ἀκολούθως
1392 819 1765 892 χρησαίμεθα,
1794 818 1925 871 ποτὲ
1960 815 2059 886 μὲν

468 924 580 984 τοῖς
629 923 687 974 ὲν
721 917 976 990 μεθοδείᾳ
1019 915 1114 970 τοῦ
1154 914 1400 969 διαϐόλου
1449 912 1746 966 καταλύειν
1777 906 2060 979 πειρωμέ-

469 1031 586 1076 νοις
617 1013 786 1083 αύτὴν
834 1009 1349 1079 ἀγωνιστικώτερον
1379 1005 1790 1074 άνθιστὰμενοι,
1832 1001 1964 1055 ποτὲ
2004 998 2061 1052 δὲ

469 1109 585 1170 τοῖς
629 1103 1033 1174 οἰκοδομεῖσθαι
1079 1099 1425 1171 βουλομένοις
1459 1099 1517 1151 έν
1544 1098 1682 1166 αὐτῇ
1715 1094 2062 1149 ἁπλοῖκώτε-

474 1217 567 1271 ρον
609 1199 702 1252 καὶ
734 1197 1063 1266 οἰκειότερον
1093 1192 1264 1263 αὐτὴν
1315 1190 1673 1261 ἐξηγούμενοι
1699 1229 1714 1255 ,
1761 1188 1860 1241 καὶ
1904 1187 2062 1240 οὐδὶν

469 1293 600 1348 ἀλλο
653 1289 942 1351 ποιοῦντες
976 1289 1009 1357 ἢ
1061 1289 1242 1340 έκεῖνο
1294 1286 1354 1339 τὸ
1405 1286 1556 1356 παρὰ
1604 1282 1697 1338 τοῦ
1730 1275 2061 1337 Ἆποστόλου

468 1386 782 1458 εἰρημένον,
812 1381 1012 1437 ειδέναι
1047 1381 1165 1445 πῶς
1210 1380 1291 1434 δεῖ
1331 1380 1480 1450 ἡμᾶς
1528 1379 1609 1432 ἐνὶ
1661 1378 1881 1447 ἑκάστῳ
1928 1376 2065 1428 ἀπο-

470 1476 782 1548 κρίνεσθαι.

543 1559 672 1616 Οἶδα
694 1561 870 1615 τοίνυν
897 1562 993 1615 καὶ
1026 1557 1218 1614 τοῦτον
1245 1558 1408 1613 αὐτὸν
1435 1559 1526 1612 τὸν
1583 1560 1758 1626 μέγαν
1781 1552 2064 1610 Βασίλειον

477 1656 924 1728 συγχωρήσαντα
974 1655 1052 1725 τῷ
1107 1654 1359 1724 Εὐνομίῳ
1420 1653 1480 1706 τὸ
1540 1654 1724 1723 τρίτον
1784 1647 1927 1705 εἷναι
1985 1652 2064 1721 τῷ

473 1747 773 1817 ἀξιώματι,
819 1748 894 1811 ὡς
940 1747 1006 1802 ἂν
1041 1748 1136 1801 καὶ
1182 1745 1327 1799 οῦτω
1363 1746 1706 1818 περιτρέψας
1733 1745 1826 1797 τδν
1871 1745 2062 1798 δυσσε-

2161 543 2286 596 τέον
2315 541 2476 596 τοῦτο
2509 539 2653 612 μετά
2680 541 2785 611 τῆς
2813 539 2952 610 πρὸς
2986 539 3079 593 τὸν
3119 537 3344 592 είπόντα
3371 539 3562 608 τιμῆς.
3598 539 3762 592 Οῖρτω

2160 634 2269 705 γὰρ
2324 635 2694 701 Αὐγουστῖνος
2754 634 2815 687 ιν
2869 633 2940 701 τῇ
2993 630 3133 702 πρύς
3181 629 3277 685 τὸν
3340 631 3755 702 Φουρτουνᾶτον

2160 725 2422 795 ἐπιστολῇ
2469 723 2836 794 ωμὸουλεύει
2869 722 3072 786 καλῶς.
3110 741 3131 774 ι
3179 722 3316 777 Οὐδὲ
3350 722 3451 787 τὰς
3484 723 3762 776 ὡντινων-

2162 814 2282 878 οῦν,
2349 817 2510 886 φησὶ,
2546 815 2814 880 διαλέξεις
2869 813 2977 868 κᾶν
3033 814 3317 868 καθολικοί
3366 831 3515 878 τινες
3565 815 3764 884 ἄνδρες

2163 899 2270 959 ῶσι
2301 908 2398 960 καὶ
2430 907 2774 979 περιϐόητοι,
2806 907 3001 978 ὥσπερ
3049 909 3148 973 τὰς
3183 909 3482 972 κανονικάς
3532 909 3763 977 Γρκφὰς

2165 997 2316 1074 εχξιν
2348 998 2660 1070 ὀφείλομεν.
2693 1001 2770 1064 ὡς
2807 1001 2884 1073 μὴ
2928 1002 3129 1066 ἐξεῖναι
3162 1005 3260 1058 καὶ
3302 1005 3458 1073 ἡμῖν,
3504 1004 3762 1073 σωζομέ-

2163 1107 2263 1161 νης
2285 1097 2388 1165 τῆς
2418 1094 2781 1166 ὀφειλομένης
2834 1097 3022 1160 αὐτοῖς
3067 1098 3260 1166 τιμῆς,
3301 1097 3356 1150 τὶ
3422 1098 3533 1152 τῶν
3565 1099 3622 1150 ὲν
3648 1101 3765 1159 τοῖς

2165 1188 2351 1241 αὐτῶν
2387 1189 2825 1259 συγγράμμασιν
2855 1191 3287 1260 ἀποδοκιμάζειν
3323 1193 3419 1246 καὶ
3449 1192 3760 1254 διαπτύειν,

2164 1281 2218 1334 εί
2247 1280 2379 1335 ποτέ
2408 1299 2460 1335 τι
2485 1282 2848 1351 φωράσαιμεν
2875 1282 2904 1335 ὀ
2930 1282 3107 1347 ἄλλως
3141 1282 3456 1354 φρονοῦσιν,
3489 1283 3522 1354 ἧ
3557 1285 3590 1354 ἡ
3622 1283 3762 1352 ἀλή-

2169 1371 2292 1424 θεια
2349 1369 2579 1442 ἔχει’τῇ
2629 1371 2727 1425 τοῦ
2779 1371 2918 1427 Θεοῦ
2956 1373 3206 1445 βοηθείᾳ,
3255 1375 3290 1445 ἢ
3339 1379 3468 1445 παρ’
3499 1375 3696 1437 ἀλλων,
3726 1375 3760 1444 ἢ

2166 1463 2302 1534 παρ’
2337 1465 2498 1534 ἡμῶν
2543 1464 2820 1535 νοηθεῖσα.
2867 1484 2886 1517 ι
2931 1465 3077 1534 Ἐγὼ
3112 1468 3243 1536 γοῦν
3276 1467 3518 1530 τοιοῦτός
3548 1469 3663 1537 είμι
3699 1471 3759 1520 ὲν

2165 1558 2280 1622 τοῖς
2313 1556 2441 1625 περὶ
2487 1555 2594 1610 τῶν
2631 1557 2802 1625 ἀγίων
2859 1558 3293 1630 συγγράμμασιν
3321 1601 3335 1626 ,
3397 1561 3547 1623 οἴους
3595 1556 3750 1615 εἶναι

2167 1649 2306 1702 θέλω
2355 1650 2482 1713 τοὺς
2527 1650 2597 1704 τὰ
2648 1650 2897 1720 ἡμέτερα
2929 1651 3238 1719 μετιόντας.

2237 1741 2329 1795 Διδ
2393 1741 2486 1795 καὶ
2527 1743 2772 1813 Θωμᾶς,
2812 1743 2939 1797 ἐπεὶ
2985 1743 3077 1797 τὸν
3129 1743 3496 1812 Αὐγουστῖνον
3553 1741 3763 1813 ε’ύρηκε

478 1839 573 1910 ὁῆ,
604 1812 670 1893 έκ
704 1831 1025 1910 περιουσίας
1078 1838 1366 1911 καταὸἀ).ῃ
1424 1812 1485 1889 τὸ
1530 1812 1756 1905 ψεῦδος.
1807 1830 1940 1889 υίδα
1971 1835 2066 1888 καὶ
2101 1812 2144 1872 Β
2173 1835 2406 1903 λέγοντα
2440 1835 2540 1907 τὴν
2570 1812 2751 1906 ψυχὴν
2801 1835 2897 1889 τοῦ
2937 1835 3231 1907 ἀνθρώπου
3279 1812 3763 1906 δημιουργηθῆναι

480 1933 572 1986 τὸν
609 1931 858 1999 θεολόγον
895 1930 1204 2001 Γρηγόριον
1249 1931 1383 1998 περὶ
1431 1927 1523 1982 τοῦ
1566 1929 1816 1998 μείζονος
1857 1929 1918 1980 ὲν
1948 1931 2068 1991 ταῖς

481 2025 621 2096 πρὸς
661 2023 979 2094 Ἀρειανούς
1034 2022 1338 2090 διαλέξεσιν
1397 2023 1601 2076 οὑτωσὶ
1652 2023 1902 2089 λέγονταο
1941 2041 1959 2072 ι
2000 2023 2068 2074 Ἢ

479 2116 642 2186 δῆλον
680 2117 763 2169 ὅτι
797 2116 858 2169 τὸ
888 2115 1072 2185 μεῖζόν
1105 2115 1225 2167 ἐστι
1269 2115 1369 2182 τῆς
1403 2112 1608 2179 αἰτίας,
1634 2113 1694 2166 τὸ
1727 2113 1784 2167 δὲ
1827 2113 1939 2167 ἴσον
1973 2115 2070 2181 τῆς

491 2211 731 2278 φύσεως,
769 2207 1050 2263 καὶτοῦτο
1102 2209 1208 2260 ὑπὸ
1254 2206 1458 2276 πολλῆς
1485 2206 1910 2276 εὐγνωμοσύνης
1940 2223 2071 2275 συγο

481 2302 772 2374 χωροῦμεν
807 2303 970 2373 ἡμεῖς
993 2341 1009 2367 ,
1044 2299 1441 2369 συγκαθιέντες
1485 2300 1732 2370 δηλονότι
1773 2299 1852 2368 τῷ
1901 2300 2068 2370 λόγῳ,

485 2393 574 2447 ἵνα
608 2410 668 2446 σε
698 2395 793 2446 καὶ
822 2392 965 2446 οὓτω
995 2391 1326 2460 έλέγξωμεν.
1367 2409 1386 2442 ι
1421 2384 1556 2444 Εἶτα
1586 2389 1807 2459 ὲπάγει,
1833 2409 1850 2441 ι
1882 2389 2070 2444 Ταῦτα

490 2487 591 2554 μὲν
625 2486 777 2556 επρὸς
817 2485 944 2548 τοὺς
990 2485 1051 2538 τὸ
1087 2483 1274 2554 μεῖζον
1325 2483 1734 2553 κομπάζοντας.
1767 2501 1786 2535 ι
1827 2483 1939 2536 Καὶ
1980 2481 2074 2535 τδν

490 2580 667 2650 μέγαν
707 2578 1026 2634 Ἀθανάσιον
1063 2577 1215 2646 εὖροι
1262 2593 1347 2640 τις
1387 2576 1454 2630 ἂν
1498 2576 1770 2647 πολλαχοῦ
1805 2579 1872 2648 τῇ
1912 2576 2074 2647 χρείᾳ

485 2669 594 2722 τῶν
652 2669 880 2738 ἀγώνων
942 2669 1334 2737 συγκαθιέντα.
1387 2664 1484 2732 Οἷς
1554 2669 1974 2738 ἐντυγχάνοντες
2024 2670 2074 2722 οἱ

493 2760 634 2833 πρὸς
663 2761 816 2830 ἡμᾶς
841 2761 1247 2830 διενενηγμένοι
1276 2760 1373 2812 καὶ
1403 2760 1504 2826 τὴν
1541 2758 1768 2830 πάτριον
1794 2756 2072 2829 ἀλήθειαν,

501 2854 756 2922 καθάπερ
792 2854 846 2904 αἱ
878 2853 1035 2918 μυῖαι
1083 2854 1200 2915 ταῖς
1235 2849 1658 2920 ἀσθενεστέραις
1691 2849 1854 2919 σαρξί⁸
1900 2865 2074 2920 προσ-

492 2945 742 3015 φύονται,
767 2945 862 3000 καὶ
897 2943 1094 3014 μικρόν
1119 2960 1172 2996 τι
1207 2941 1644 3012 παρεξηγήσεως
1673 2941 1878 3012 χρῶμα
1907 2959 2078 3011 προσ.

487 3037 842 3105 τεθεικότες,
893 3031 1015 3088 εἶτα
1065 3036 1160 3088 καὶ
1197 3034 1426 3104 φυσικόν
1459 3049 1583 3088 τινα
1635 3033 1797 3104 λόγον
1847 3035 2077 3104 έπιμορ-

489 3129 796 3198 φώσαντες,
835 3128 927 3180 ἐπὶ
983 3124 1213 3181 κενώσει
1268 3127 1362 3180 τοῦ
1413 3125 1540 3181 καθ’
1573 3127 1723 3198 ἡμᾶς
1765 3127 2074 3198 μυστηρίου
2101 3147 2147 3212 C

487 3221 681 3290 δήπου,
714 3219 884 3292 ᾤοντο
917 3219 978 3273 τὸ
1028 3219 1138 3274 πᾶν
1177 3219 1323 3291 ἔχειν
1371 3218 1660 3273 ἐντεῦθενο
1703 3219 1800 3272 καὶ
1847 3218 2076 3282 πολλοὺς

488 3315 893 3384 χειρωσάμενοι
919 3313 988 3367 δι’
1019 3313 1297 3384 άμάθειαν
1326 3313 1435 3367 τῶν
1458 3314 1718 3369 τοιούτων
1749 3313 1845 3366 καὶ
1871 3312 2077 3382 αἰχμα-

489 3404 674 3458 λώτων
713 3406 1048 3474 ἀπήγαγον,
1101 3406 1414 3475 σοφιστῶν,
1464 3407 1526 3460 οὐ
1588 3405 1859 3475 θεολόγων
1910 3403 2076 3476 ἔργον

493 3499 882 3567 πεποιηκότες.

582 3587 725 3641 Ἀλλ’
751 3587 778 3641 ὀ
806 3587 980 3658 μέγας
1017 3585 1541 3654 Διονύσιος,‹Ἔστι,
1577 3587 1728 3657 φησι,
1754 3587 1864 3640 τῶν
1901 3586 1979 3656 μὴ
2012 3586 2082 3642 τὰ

496 3678 620 3733 θεῖα
648 3681 868 3749 φρονεῖν
897 3679 1194 3733 ἐθελόντων
1225 3678 1287 3732 τὸ
1337 3679 1414 3750 μὴ
1446 3683 1515 3750 τῇ
1549 3680 1783 3749 δυνάμει
1816 3681 1910 3734 τοῦ
1948 3697 2079 3735 σκυ-

495 3771 598 3825 ποῦ
633 3771 948 3842 προσέχειν,
996 3771 1134 3825 ἀλλά
1180 3773 1302 3835 ταῖς
1335 3770 1538 3835 λέξεσι.
1588 3790 1608 3825 ι
1663 3774 1772 3826 Καὶ
1825 3774 1854 3827 ὀ
1901 3773 2081 3844 μέγας

456 3919 464 3926 ,
507 3862 832 3925 Ἀθανάσιος
887 3865 945 3916 ὲν
982 3863 1060 3934 τῷ
1105 3865 1247 3916 κατά
1310 3863 1611 3932 Ἀρειανῶν
1659 3866 1874 3936 τρίτῳ,
1924 3884 1943 3918 ι
1991 3869 2084 3920 Δεῖ

495 3955 578 4019 δὲ,
606 3955 794 4024 φησὶν,
839 3953 916 4016 ὡς
963 3955 1056 4006 ἐπὶ
1103 3956 1286 4024 πάσης
1333 3952 1434 4024 τῆς
1475 3954 1626 4018 θείας
1657 3956 1884 4027 Γραφῆς
1916 3975 2082 4028 προσ-

495 4053 623 4120 ήκει
652 4052 847 4114 ποιεῖν,
883 4050 978 4102 καὶ
1008 4049 1312 4115 ἀναγκαῖόν
1347 4049 1498 4101 ἐστιν
1523 4089 1537 4114 ,
1569 4045 1714 4100 οὕτω
1763 4049 1859 4100 καί¹
1893 4047 2084 4102 ἐνταῦ-

498 4145 590 4206 θα,
621 4142 744 4195 καθ’
774 4141 834 4195 ὃν
869 4137 1023 4193 εἶπεν
1048 4143 1076 4194 ὀ
1119 4140 1446 4203 Ἀπόστολος
1470 4142 1663 4208 καιρὸν
1697 4141 1791 4193 καὶ
1818 4140 1880 4192 τὸ
1913 4141 2083 4209 πρόσ-

498 4247 671 4294 ωπον,
701 4231 796 4284 καὶ
823 4233 1009 4284 τόπον·
1050 4230 1242 4300 διόπερ
1283 4230 1495 4301 ἔγραψε
1551 4232 1763 4295 πιστῶς
1802 4231 2086 4298 ἐκλαμϐά-

497 4340 631 4385 νειν,
659 4323 747 4378 ἵνα
776 4323 851 4392 μή
887 4326 1038 4392 παρά
1068 4324 1262 4389 ταῦτα,
1297 4324 1330 4395 ἢ
1359 4325 1456 4378 καὶ
1490 4323 1625 4394 παρ’
1659 4325 1848 4396 ἕτερόν
1877 4342 1930 4378 τι
1951 4324 2080 4378 τού-

499 4433 610 4468 των
640 4416 851 4484 ἀγνοῶν
885 4417 914 4468 ὀ
950 4415 1370 4484 ἀναγινώσκων,
1407 4416 1513 4480 ἔξω
1541 4415 1639 4487 τῆς
1673 4415 1934 4486 ἀληθινῆς
1969 4416 2086 4469 δια·

2175 1927 2318 1998 μετὰ
2353 1927 2464 1981 τῶν
2496 1927 2750 1997 ἀγγέλων
2796 1929 2905 1997 πρὸ
2949 1928 3047 1982 τοῦ
3096 1929 3371 1998 σώματος,
3420 1928 3557 1998 μετά
3584 1930 3763 1983 ταῦτα

2171 2018 2230 2073 δὲ
2283 2018 2391 2092 ίδίᾳ
2416 2020 2675 2092 βουλήσει
2732 2021 2897 2094 ῥέψαι
2940 2022 3112 2094 αὐτὴν
3143 2021 3282 2092 πρὸς
3317 2023 3378 2075 τὸ
3409 2023 3570 2091 σῶμα
3619 2023 3764 2091 πρδς

2171 2111 2232 2164 τὸ
2264 2111 2626 2182 ὑπουργῆσαι
2659 2116 2726 2184 τῇ
2759 2113 3035 2185 βουλήσει,
3064 2116 3242 2168 καίτοι
3275 2115 3368 2168 καὶ
3409 2114 3539 2186 περὶ
3571 2115 3764 2168 πασῶν

2171 2202 2283 2256 τῶν
2329 2202 2517 2273 ψυχῶν
2572 2203 2722 2257 δοκεῖ
2777 2208 3000 2273 φρονεῖν
3057 2207 3122 2258 ὲκ
3177 2205 3387 2257 πολλῶν
3417 2205 3759 2274 τεκμηρίων,

2172 2295 2288 2349 ἀλλ’
2319 2289 2414 2349 οὖν
2456 2296 2484 2348 ὃ
2539 2312 2602 2364 γε
2633 2295 2839 2366 Θωμᾶς
2866 2296 3000 2367 πρὸς
3039 2297 3101 2350 τὸ
3138 2296 3348 2366 βέλτιον
3378 2295 3765 2367 μεταρρυθμίά

2175 2389 2292 2452 ζειν
2334 2388 2596 2456 πειρᾶται
2652 2387 2753 2460 τὴν
2806 2388 2991 2454 δόξαν.
3043 2388 3200 2443 Οὕτω
3251 2390 3434 2443 τοίνυν
3485 2389 3764 2458 εὐρίςκων

2176 2481 2340 2536 αὐτὸν
2367 2484 2783 2553 πεφρονηκότα,
2803 2486 2919 2547 τοῖς
2954 2484 3136 2548 ἄλλοις
3171 2484 3348 2552 ἁγίοις
3381 2483 3594 2537 τίθεται
3620 2481 3765 2551 μᾶ).-

2175 2575 2291 2642 λον,
2323 2574 2374 2628 οἳ
2431 2576 2531 2646 τὴν
2580 2576 2759 2646 ἀληθῆ
2803 2576 2964 2641 δόξαν
3021 2576 3292 2641 ἐδόξαζον.
3339 2575 3617 2638 Ὡσαύτως
3665 2578 3764 2627 καὶ

2177 2670 2310 2740 περὶ
2359 2669 2469 2722 τῶν
2515 2671 2786 2740 οὐρανίων
2848 2670 3120 2740 σωμάτων
3160 2669 3491 2740 Ἱερώνυμόν
3546 2685 3605 2720 τε
3661 2669 3764 2721 καὶ

2174 2761 2544 2830 Αὐγουστῖνον
2589 2763 2690 2816 οὐκ
2721 2763 2906 2834 ὀρθῶς
2947 2763 3319 2832 ὑπειληφότας
3348 2759 3527 2831 εὑρὼν
3558 2761 3607 2823 (ὀ
3641 2759 3764 2813 Θω-

2181 2855 2337 2924 μᾶς),
2364 2852 2586 2924 ἔμψυχα
2615 2855 2726 2925 γάρ
2771 2854 2911 2908 αὐτὰ
2952 2855 3399 2926 πεφρονήκεσαν,
3432 2852 3528 2905 καὶ
3561 2850 3765 2920 μᾶλλον

2178 2945 2207 2998 ὅ
2234 2962 2296 3012 γε
2341 2945 2690 3016 Ἱερώνυμος,
2738 2948 2804 3017 τῇ
2856 2947 2950 3000 τοῦ
3006 2946 3290 2999 Βασιλείου
3332 2949 3428 2998 καὶ
3467 2948 3767 3012 Δαμασκη-⁵

2178 3035 2272 3090 νοῦ
2294 3036 2403 3089 τῶν
2435 3037 2724 3105 ἡμετέρων
2781 3037 2910 3109 δόξῃ
2944 3039 3154 3091 τίθεται
3203 3038 3430 3108 μᾶλλον,
3463 3036 3619 3098 εἰδὼς
3663 3037 3768 3088 καὶ

2179 3128 2279 3195 τῆς
2335 3127 2635 3198 καθολικῆς
2678 3129 3010 3200 Ἐκκλησίας
3049 3129 3225 3183 ταῦτα
3277 3128 3437 3193 δόξαν
3490 3125 3652 3182 εἶναι.
3684 3128 3764 3180 Οὐ

2178 3221 2288 3292 γὰρ
2317 3221 2612 3278 ἐλάνθανεν
2637 3223 2801 3276 αὐτὸν
2828 3223 2912 3274 ὅτι
2949 3223 3101 3291 παρὰ
3125 3221 3223 3292 τῆς
3242 3223 3510 3293 πέμπτης
3539 3221 3766 3274 συνόδου

2179 3315 2275 3366 καὶ
2305 3315 2340 3384 ἡ
2375 3314 2723 3385 προΰπαρξις
2769 3313 2881 3368 τῶν
2910 3314 3269 3385 ἀνθρωπίνων
3320 3315 3538 3387 ψυχῶν,
3583 3314 3677 3369 καὶ
3703 3317 3768 3367 τὸ

2181 3404 2400 3476 ἔμψυχα
2433 3407 2499 3460 τὰ
2535 3407 2763 3475 οὐράνια
2797 3404 3026 3476 σώματα
3055 3403 3215 3473 εἶναι,
3245 3410 3340 3460 καὶ
3372 3410 3427 3463 αί
3471 3409 3605 3462 ἰδέαι
3629 3448 3642 3473 ,
3669 3411 3770 3462 καὶ

2181 3497 2250 3551 τὰ
2295 3497 2611 3568 Ὠριγένους
2641 3497 2830 3561 ἁπλῶς
2865 3499 3040 3552 εἰπεῖν
3079 3499 3248 3568 ψευδῆ
3295 3500 3541 3570 δόγματα
3565 3539 3580 3561 ,
3624 3500 3770 3568 μᾶλ‹

2182 3585 2273 3641 λον
2318 3588 2376 3640 δὲ
2420 3588 2530 3642 τῶν
2584 3587 2905 3659 Μανιχαίων
2985 3589 3078 3643 καὶ
3137 3589 3426 3655 Πλάτωνος
3458 3591 3770 3662 ἀναθέματι

2183 3679 2706 3751 καθυπεὸλὴθησαν.
2743 3681 2852 3734 Καὶ
2897 3682 2926 3733 ὀ
2954 3680 3184 3751 Νύσσης
3211 3681 3266 3734 δὲ
3298 3682 3626 3753 Γρηγόριος,
3659 3685 3770 3737 Λύ-

2185 3769 2454 3840 γουστίνῳ
2482 3771 2559 3839 τῷ
2587 3770 2845 3841 μακαρίῳ
2870 3771 3112 3842 συνᾴδων
3137 3775 3193 3827 ὲν
3223 3775 3288 3842 τῇ
3322 3775 3453 3842 περὶ
3482 3774 3579 3843 τῆς
3613 3775 3770 3842 Ἐξαο

2184 3867 2397 3936 ἡμέρου
2455 3863 2746 3936 ἀπολογίᾳ,
2794 3883 2812 3916 ι
2854 3867 2938 3918 Td:
2985 3867 3041 3920 δὲ
3099 3867 3364 3938 ἡμέτερα,
3403 3868 3560 3936 φησὶ,
3589 3867 3665 3931 ὡς
3707 3870 3772 3921 ὲν

2188 3955 2474 4026 γυμνασίᾳ
2505 3954 2611 4009 τινὶ
2655 3956 3030 4024 στοχαστικῶς
3061 3957 3486 4027 ἐπιχειρούμενα
3519 3959 3632 4021 τοῖς
3678 3959 3771 4010 lv-

2185 4049 2522 4118 τυγχάνουσι
2559 4047 2896 4118 προκείσθω,
2953 4050 3230 4118 μηδεμιᾶς
3271 4049 3462 4117 μηδενὶ
3491 4048 3582 4102 διὰ
3606 4047 3772 4103 τοῦτο

2187 4136 2391 4207 βλάϐης
2457 4138 2943 4207 προσγινομένης,
3003 4139 3057 4192 εί
3106 4156 3158 4192 τι
3215 4139 3370 4210 παρὰ
3423 4140 3523 4210 τὴν
3571 4139 3754 4209 κοινὴν

2188 4226 2460 4298 ὑπόληψιν
2511 4230 2570 4281 ἐν
2622 4230 2737 4293 τοῖς
2789 4229 3107 4300 λεγομένοις
3167 4231 3600 4300 εὑρίσκοιτο.οὐ
3655 4232 3771 4301 γὰρ

2187 4319 2365 4390 δόγμα
2399 4319 2490 4373 τὸν
2521 4319 2679 4388 λόγον
2728 4320 3062 4390 ποιούμεθα,
3099 4321 3241 4375 ῶστε
3282 4323 3540 4392 ἀφορμὴν
3584 4322 3773 4377 δοῦναι

2188 4411 2295 4473 τοῖς
2355 4409 2705 4464 διαϐάλλουσι
2728 4427 2744 4443 ο
2775 4413 2870 4464 καὶ
2899 4411 3275 4482 ὁμολογοῦμεν
3326 4410 3629 4481 γυμνάζειν
3665 4413 3768 4480 μό·

501 4509 651 4573 νοίας
675 4509 925 4581 γένηται.
961 4493 1117 4563 ιΚαὶ
1149 4505 1270 4576 μετ’
1309 4509 1492 4578 ὀλίγον
1518 4523 1534 4538 ⁶
1573 4527 1594 4561 τ
1638 4510 1810 4563 Ὅταν
1860 4509 1961 4579 μὲν
1991 4507 2084 4563 οῦν
2115 4507 2162 4563 D
2191 4520 2280 4557 νον
2326 4503 2536 4557 ἑαυτῶν
2579 4504 2678 4576 τὴν
2714 4504 2961 4559 διάνοιαν
2996 4508 3108 4570 τοῖς
3139 4507 3529 4577 προκειμένοις
3558 4507 3773 4574 νοήμαο

500 4603 612 4657 τῶν
645 4605 907 4656 τοιούτων
962 4601 1064 4675 ἔχῃ
1115 4619 1200 4663 τις
1253 4603 1438 4666 καλῶς
1490 4601 1589 4674 τήν
1646 4601 1884 4672 γνῶσιν,
1921 4602 2090 4674 ὀρθὴν

502 4695 616 4766 ἔχει
672 4695 768 4748 καὶ
818 4693 1176 4764 ὑγιαίνουσαν
1220 4695 1322 4765 τῆς
1376 4695 1621 4759 πίστεως
1678 4695 1778 4764 τὴν
1821 4693 2086 4749 διάνοιαν*

504 4793 600 4844 ἰὰν
627 4791 687 4844 δὲ
711 4787 844 4861 παρ’
878 4788 1066 4858 ἕτερόν
1089 4805 1176 4850 τις
1205 4787 1530 4860 ὲκλαμδάνῃ
1557 4787 1786 4854 τούτων,
1813 4787 1979 4850 εὐθὺς
2011 4789 2092 4850 είς

504 4883 717 4953 αἵρεσιν
751 4880 1033 4940 ἐκπίπτει.
1093 4879 1276 4933 Ταυτδ
1323 4880 1381 4932 δὲ
1440 4881 1598 4933 τοῦτο
1649 4880 1744 4934 καὶ
1799 4879 2092 4949 Κύριλλος,

504 4977 600 5030 καὶ
626 4975 879 5043 Μάξιμος
922 4973 1020 5027 καὶ
1043 4973 1070 5025 ό
1101 4972 1493 5042 Χρυσόστομος
1526 4970 1980 5042 συμϐουλεύουσι.

1111 5064 1367 5118 ΚΕΦΑΛ.
1413 5059 1491 5117 9’.

508 5156 643 5210 Ὀτι
677 5158 962 5228 ἀνόητον,
989 5159 1027 5228 ἢ
1081 5156 1388 5228 δυσσεβὲς
1413 5197 1453 5228 ,ί
1484 5155 1523 5224 ἢ
1570 5153 1947 5225 φιλόνεικον,
1989 5160 2089 5212 καί

582 5228 734 5280 κατὰ
758 5227 877 5280 τῶν
913 5225 1098 5298 ἁγίων
1149 5225 1349 5298 αὐτῶν
1375 5268 1388 5289 ,
1432 5227 1573 5293 ἑνός
1619 5243 1786 5291 τινος
1837 5227 2012 5298 ᾀγιόυ
2049 5228 2088 5296 ἢ

579 5298 753 5351 δυοῖν
781 5296 970 5362 δόξαν
999 5298 1162 5362 ὅπως
1195 5296 1343 5349 ποτὲ
1371 5299 1695 5364 εἰρημένην
1715 5296 1901 5362 αὐτῷ,
1943 5312 2088 5364 προ-

581 5367 759 5439 τιμᾷν
804 5367 1086 5437 Γραρὼν,
1114 5364 1528 5439 συνόδων-καί
1577 5366 1934 5439 τῆς-κοινῆς
1957 5375 2088 5439 θεο-

585 5434 800 5510 λογίας
831 5434 949 5491 καί
984 5437 1308 5507 ὁμολογίας
1351 5434 1469 5490 τῶν
1516 5437 1766 5490 πολλῶν
1795 5437 2088 5492 διδασκά-

579 5515 728 5567 λων.

588 5605 780 5659 Καίτοι
806 5620 870 5673 γε
899 5605 1000 5658 καὶ
1055 5601 1241 5671 σαφῶς
1274 5601 1568 5671 εἰρημένον
1598 5619 1648 5653 τι
1683 5599 1835 5670 παρά
1861 5618 1954 5652 του
1983 5600 2091 5654 τῶν

515 5697 707 5765 ἁγίων,
742 5701 789 5750 εί
824 5697 903 5768 μὴ
940 5696 1195 5762 καὶνταῖς
1241 5695 1451 5756 κοιναῖς
1487 5693 1793 5764 ὑπολήψεσι
1850 5693 2090 5762 συνᾴδοι,

516 5790 567 5845 ιι
615 5789 691 5858 μή
731 5789 825 5843 καὶ
869 5789 1032 5842 τοῦτο
1061 5786 1345 5858 δυνάμεθα
1375 5787 1514 5858 πρδς
1548 5786 1640 5839 τὸν
1673 5784 1852 5856 ἀληθῆ
1887 5788 2091 5842 κανόνα

2191 4611 2297 4660 σιν,
2338 4595 2398 4648 οὐ
2429 4595 2779 4650 διδασκαλίαν
2809 4597 3145 4668 έξηγητικὴν
3193 4600 3306 4660 τοῖς
3342 4598 3541 4668 ἑφεξῆς
3571 4599 3769 4650 ἀποτί-

2193 4684 2412 4740 θεσθαι.
2457 4704 2476 4738 ι
2510 4689 2609 4742 Διά
2666 4687 2872 4757 ταύτην
2917 4687 2975 4741 δὲ
3021 4688 3130 4759 ἀρα
3188 4690 3289 4757 τὴν
3349 4687 3776 4758 εὐγνωμοσύνην

2187 4778 2552 4847 Αύγουστῑνός
2581 4798 2642 4834 τε
2675 4781 2773 4835 καὶ
2801 4782 2828 4834 ὀ
2874 4781 3100 4851 Νύσσης
3152 4783 3276 4845 ταῖς
3324 4782 3433 4835 τῶν
3487 4781 3775 4850 μακαρίων

2189 4869 2456 4939 τιμῶνται
2487 4875 2698 4938 τιμαῖς,
2731 4871 2914 4925 καίτοι
2945 4873 3113 4938 δοξῶν
3153 4873 3337 4927 αὐτῶν
3377 4873 3539 4927 ἐνίων
3577 4873 3776 4926 ἀποδο-

2193 4959 2608 5033 κιμαζομένων.
2661 4962 2837 5016 Τοῦτο
2879 4963 2925 5016 δ’
2960 4964 3060 5017 οὐκ
3107 4964 3175 5020 ἀν
3224 4959 3371 5036 είχον
3397 4966 3461 5018 τδ
3503 4964 3693 5034 γέρας,
3723 4966 3776 5017 εί

2199 5052 2519 5122 φιλονείκως
2563 5053 2659 5124 τῆς
2697 5053 2837 5119 ίδίας
2874 5055 3101 5126 γνώμης
3131 5056 3466 5124 ἀντείχοντο.

2267 5143 2457 5213 Τούτῳ
2510 5144 2690 5200 τοίνυν
2745 5147 2824 5217 τῷ
2876 5147 3065 5200 κανόνι
3108 5147 3206 5201 καὶ
3238 5149 3403 5218 ἡμεῖς
3436 5147 3777 5217 στοιχοῦντες

2194 5236 2306 5289 τῶν
2344 5236 2719 5304 διδασκάλων,
2767 5240 3115 5306 ἐξετάζοντες
3177 5240 3272 5293 καὶ
3327 5242 3598 5310 πρόσωπα
3621 5281 3637 5303 ,
3680 5241 3778 5294 καὶ

2196 5330 2446 5399 καιροὺς,
2482 5332 2575 5382 καὶ
2629 5331 2854 5400 χρείαν,
2909 5331 3017 5384 τῶν
3049 5334 3161 5396 τοῖς
3213 5331 3389 5399 ἁγίοις
3421 5333 3729 5402 είρημένων
3752 5370 3771 5396 ,

2196 5423 2291 5474 καὶ
2321 5420 2420 5487 τῆς
2451 5421 2731 5491 ἀληθείας,
2767 5423 2862 5476 σὺν
2881 5422 3000 5491 Θεῴ
3025 5423 3083 5476 δὲ
3113 5422 3374 5492 εἰρήσθω,
3400 5424 3459 5475 οὐ
3485 5423 3771 5475 διαπίπτο-

2201 5529 2299 5580 μεν
2319 5529 2333 5543 ο
2363 5513 2483 5565 ὅθεν
2511 5515 2602 5565 καί
2633 5513 2729 5576 τάς
2761 5515 2949 5585 ῥήσεις
2998 5515 3214 5578 ὲκείνας
3242 5515 3350 5567 τῶν
3405 5514 3763 5580 διδασκάλων,

2194 5605 2260 5667 ἃς
2298 5604 2741 5675 παρεξηγοῦνταί
2775 5624 2919 5669 τινες
2963 5607 3318 5676 σοφιστικῶς,
3353 5606 3386 5675 ἦ
3417 5605 3661 5674 ἀμαθῶς,
3692 5606 3775 5668 είς

2195 5700 2286 5750 τὶν
2317 5698 2416 5767 τῆς
2449 5698 2711 5766 ἀληθείας
2752 5703 2956 5753 σκοπὸν
3007 5702 3192 5771 ἡμεῖς,
3245 5701 3340 5752 καὶ
3378 5701 3457 5761 εἰς
3511 5697 3609 5768 τὴν
3637 5698 3775 5750 ὐπο-

2195 5789 2372 5860 ταγὴν
2398 5787 2492 5842 τοῦ
2524 5789 2766 5860 Χριστοῦ
2807 5791 2988 5855 καλῶς
3015 5794 3108 5846 καὶ
3149 5792 3420 5856 ἀϐιάστως
3461 5792 3779 5862 ᾐχμαλωτί-
