4118 6280
508 382 612 446 68}

1562 378 1938 439 GENNADH
1972 378 2082 437 (ΣΡ.
2126 376 2637 437 PATRIARCILE

2158 534 2577 540 -ν--υ-λψκ
2598 532 2690 538 -ιρ-
2712 534 2717 535 ν
2730 531 3329 542 Μ--υ--δ-ῇ,

3673 376 3776 439 681,

3337 535 3774 549 Ἣ

1624 684 1989 774 ΜΕΡΟΣ
2081 683 2665 773 ΔΕΥΤΕΡΟΝ
2772 707 2794 726 '

661 896 763 948 Ἐν
790 911 838 962 ῳ
866 892 1227 950 ἐκτέθεινται
1274 891 1313 945 ἁ
1345 889 1641 960 λέγουσιν
1692 894 1749 945 οι
1787 890 1941 961 ἅγιοι
1990 890 2365 959 δογματικῶς
2414 888 2552 960 περὶ
2588 888 2697 957 τῆς
2735 888 3165 958 ἐκπορεύσεως
3208 893 3309 947 καὶ
3363 890 3485 964 ἰδίᾳ
3530 899 3633 953 καὶ

1424 1005 1772 1074 συνοδικῶς
1804 1006 1886 1073 τῷ
1909 1007 2179 1078 ἡμετέρῳ
2226 1006 2502 1075 δεσπότῃ
2546 1005 2849 1075 ἑπόμενοι,

1209 1127 1292 1193 τῷ
1314 1125 1524 1195 πρώτῳ
1564 1122 1917 1189 διδασκάλῲ
1945 1122 2138 1194 ήμῶν,
2166 1123 2268 1178 καί
2317 1125 2399 1193 τῷ
2434 1121 2655 1190 Παύλῳ
2675 1124 2806 1193 μετ’
2843 1125 3057 1180 αὐτόν.

2080 1314 2154 1329 —

1102 1440 1361 1497 ΚΕΦΛΛ.
1405 1442 1484 1496 Λ’.

507 1578 634 1632 Ὅτι
661 1573 827 1634 οὗτοι
859 1578 913 1631 οἱ
944 1574 1421 1647 ῥηθέντες-ἅγιοι
1469 1576 1727 1646 Πατέρες
1757 1576 1920 1647 ἡμῶν
1959 1577 2084 1642 τοῖς

574 1649 849 1717 ἀρχαίοις
906 1648 1121 1716 ἁγίοις,
1163 1645 1263 1717 καὶ
1293 1645 1432 1717 ,ταῖς
1468 1647 1777 1714 συνόδοις,
1796 1645 1925 1717 καὶ*
1954 1648 2085 1712 ταῖς

577 1715 1235 1785 συνοδικαῒςγίαφαῖς
1270 1716 1722 1785 ἠκολούθησαν,
1773 1715 1974 1772 αὐτῶν
2015 1718 2087 1772 δὲ

577 1788 678 1842 καὶ
704 1786 875 1857 ἡμεῖς
903 1786 1128 1852 δήπου.

589 1902 730 1954 Ἀλλ’
761 1898 885 1951 ἐπεί
920 1901 1088 1967 τοίγε
1117 1901 1212 1952 καὶ
1242 1902 1374 1971 ἡμῖν
1408 1902 1665 1972 κριτικήν
1694 1914 1815 1957 τινα
1850 1902 2083 1973 ὃύναμιν

503 1993 735 2046 δέδωκεν
780 1992 809 2044 6
851 1991 1009 2056 Θεὸς,
1049 1995 1145 2044 καὶ
1176 1991 1379 2062 ταύτην
1410 1992 1786 2060 γυμνάζοντες
1834 1995 1959 2049 ὅσον
1993 1997 2086 2065 ἐγ-

504 2086 694 2156 χωρεῖ,
730 2082 871 2138 κατά
914 2084 1039 2146 τοὺς
1078 2083 1363 2152 κειμένους
1396 2084 1582 2151 μέντοι
1622 2100 1686 2153 γε
1734 2086 2082 2156 γενομένους,

504 2176 832 2245 εὑρίσκομεν
861 2175 987 2239 τοὺς
1017 2174 1321 2244 ἡμετέρους
1350 2173 1493 2241 μετά
1516 2174 1577 2227 τὸ
1607 2174 1811 2246 σχίσμα
1839 2176 2085 2232 Λατίνων

508 2269 775 2337 Πατέρας,
830 2267 907 2337 μὴ
957 2267 1116 2337 μόνον
1166 2267 1280 2330 τοῖς
1332 2265 1677 2328 διδασκάλοις
1732 2265 2081 2337 συμφώνους,

503 2356 639 2410 ἀλλά
674 2356 769 2409 καὶ
802 2356 923 2419 ταῖς
956 2356 1130 2426 ἱεραῖς
1158 2354 1406 2425 Γραφαῖς
1441 2355 1536 2408 καὶ
1567 2356 1833 2423 συνόδοις,
1866 2359 1962 2411 καὶ
1994 2358 2084 2412 οὐ·

504 2447 593 2501 δὲν
618 2447 825 2519 ἀπᾷδον
861 2446 1274 2518 ὑφηγουμένους
1304 2447 1459 2518 ἡμῖν.
1499 2446 1662 2502 Ὅθεν
1717 2449 1814 2519 οὐχ
1848 2450 1952 2504 ὑπὸ
1986 2450 2085 2520 τῆς

408 2590 411 2591 ν
504 2540 641 2610 πρὸς
686 2540 812 2603 τοὺς
855 2538 1109 2611 Πατέρας
1163 2539 1321 2610 μόνον
1353 2539 1647 2605 εὐλαϐείας
1680 2542 1949 2612 ἀγόμεθα,
1989 2546 2086 2599 καὶ

501 2631 602 2701 τὴν
633 2630 854 2685 ἐκείνων
886 2630 1081 2700 σοφίαν
1111 2631 1490 2703 προῖστάμεθα
1536 2634 1699 2705 μόνον
1736 2637 1831 2691 καὶ
1860 2637 2082 2709 ἀρετὴν,

502 2724 576 2787 ὡς
601 2724 711 2793 ἄρα
737 2723 843 2794 χρὴ
869 2724 977 2777 τῶν
1006 2724 1235 2778 ἰδιωτῶν
1258 2725 1384 2788 τοὺς
1404 2727 1885 2797 σωφρονεστέρους
1907 2729 2085 2782 διατε-

2118 1448 2163 1502 Λ
2196 1443 2292 1496 καὶ
2319 1442 2440 1511 ἥκω
2470 1442 2529 1494 ἐν
2562 1439 2761 1510 χρόνῳ.
2801 1440 2863 1493 Εἰ
2895 1441 3003 1511 γὰρ
3032 1441 3092 1507 ἐξ
3140 1440 3345 1510 ἀμφοῖν
3384 1440 3666 1510 πέμπεται
3699 1443 3776 1505 εἰς

2193 1533 2293 1604 τὴν
2338 1532 2538 1598 κτίσιν,
2591 1531 2872 1601 πέμπεται
2922 1531 2980 1586 δὲ
3010 1533 3086 1594 ὡς
3133 1533 3229 1586 καὶ
3274 1532 3577 1603 ἐρχόμενον
3626 1534 3777 1586 οὐδὲν

2192 1618 2358 1693 ἦττον
2408 1621 2766 1689 αὖθεντικῶς,
2802 1621 2916 1676 ἀλλ’
2952 1622 3031 1685 είς
3077 1622 3177 1693 τὴν
3211 1622 3349 1677 ίδίαν
3377 1623 3688 1677 ὑπόστασιν
3719 1625 3779 1676 ἐκ

2190 1714 2287 1768 τοῦ
2339 1715 2554 1784 Πατρὸς
2607 1712 2994 1784 ἐκπορεύεται,
3034 1708 3147 1778 ἆρα
3183 1715 3262 1785 τῷ
3297 1715 3375 1785 μὴ
3423 1714 3583 1785 παρὰ
3623 1715 3780 1785 μέλος

2193 1808 2260 1861 ἂν
2293 1805 2424 1878 ᾆσαι
2455 1807 2584 1868 τοὺς
2629 1805 2844 1859 ἐκείνου
2894 1805 3167 1875 μαθητὰς,
3214 1809 3473 1876 γνησίους
3518 1807 3653 1877 ἄχρι
3690 1811 3780 1861 καὶ

2190 1897 2288 1950 νῦν
2321 1897 2406 1960 είς
2449 1895 2550 1966 τὴν
2586 1894 2683 1949 τοῦ
2735 1896 3051 1965 Πνεύματος
3098 1896 3271 1950 ἀΐδιον
3302 1899 3655 1967 ἐκπόρευσιν,
3689 1899 3779 1951 καὶ

2138 2000 2143 2003 ’
2192 1989 2295 2059 τὴν
2339 1988 2601 2057 χρονικὴν
2650 1987 2981 2058 ἀποστολὴν,
3028 1987 3211 2053 ἄλλοις
3259 1988 3451 2042 κανόσι
3486 1990 3584 2044 καὶ
3635 1991 3779 2061 ὅροις

2191 2083 2323 2152 ἡμῖν
2355 2079 2599 2149 ἐτόλμων
2631 2078 2983 2151 παραδιδόναι
3008 2096 3025 2147 ;
3055 2081 3153 2134 Διὰ
3178 2081 3337 2135 τοῦτο
3362 2080 3455 2135 οῦν
3491 2081 3603 2135 οὐδ’
3630 2083 3778 2136 ἐτόλ-

2194 2189 2395 2243 μησαν,
2428 2172 2566 2227 ἀλλὰ
2617 2172 2906 2244 συνᾴδουσι
2944 2174 3144 2239 πάντες
3184 2173 3263 2244 τῷ
3313 2176 3626 2245 κορυφαίῳ,
3662 2175 3778 2247 ᾖδε.

2192 2281 2291 2316 σαν
2319 2264 2449 2335 γὰρ,
2481 2261 2557 2327 ὡς
2604 2262 2735 2317 ἄλλο
2761 2281 2815 2317 τι
2861 2263 3199 2331 διαξιοῦντες
3246 2264 3348 2333 τῆς
3373 2264 3643 2335 ἀληθείας
3669 2265 3777 2318 δια-

2190 2354 2512 2409 πεσοῦνται.
2575 2357 2636 2410 '0
2666 2356 2778 2429 γὰρ
2825 2356 3050 2427 Νύσσης
3092 2356 3398 2427 Γρηγόριος
3427 2359 3484 2412 ἐν
3516 2359 3597 2428 τῷ
3647 2359 3777 2429 πρὸς

2191 2448 2479 2517 Εὐνόμιον,
2511 2468 2529 2502 ι
2553 2449 2612 2504 'O
2634 2450 2839 2518 Κύριος
2861 2449 3043 2520 ἡμῶν,
3076 2450 3265 2520 φησὶν,
3306 2449 3515 2521 Ἰησοῦς
3542 2452 3779 2521 Χριστεις

2189 2539 2281 2591 ἐπὶ
2318 2539 2422 2607 γῆς
2452 2539 2634 2610 ὤφθη,
2684 2540 2779 2594 καὶ
2825 2541 2939 2603 τοῖς
2988 2538 3302 2611 ἀνθρώποις
3336 2542 3774 2611 συνανεστρεὶφη,

2166 2630 2279 2685 »ἵνα
2313 2631 2515 2703 μηκέτι
2549 2633 2599 2685 οί
2651 2630 2931 2701 ἄνθρωποι
2981 2632 3124 2687 κατά
3157 2632 3256 2696 τὰς
3303 2631 3515 2685 ἑαυτῶν
3548 2632 3776 2703 γνώμας

2190 2721 2321 2789 περ).
2355 2719 2450 2773 τοῦ
2482 2719 2634 2784 ὄντος
2660 2719 2950 2787 δοξάζωσι,
2982 2721 3080 2785 τὰς
3118 2721 3408 2790 γινομένας
3447 2722 3635 2784 αὐτοῖς
3670 2722 3774 2775 ἀπδ

504 2816 741 2880 θείσθαι,
796 2816 878 2868 ὅτι
933 2813 1072 2883 μετά
1121 2813 1182 2867 τὸ
1225 2814 1432 2884 σχίσμα
1487 2794 1771 2882 Λατίνων,
1796 2819 1858 2871 τὸ
1906 2818 2083 2888 δόγμα
2113 2794 2164 2853 Ῑ)
2193 2812 2519 2882 ποχασμῶν
2550 2830 2711 2866 τινων
2755 2814 3010 2877 ὑπονοίας
3043 2813 3220 2884 δόγμα
3260 2814 3596 2883 ποιούμενοι,
3642 2814 3776 2868 ἀλλά

503 2907 664 2962 τοῦτο
690 2907 872 2970 καλῶς
903 2906 1220 2977 κικρίκασι,
1254 2907 1347 2961 καὶ
1376 2905 1475 2979 τὴν
1513 2910 1644 2978 περὶ
1689 2910 1786 2981 τῆς
1814 2911 2083 2983 ἐκπορεύ-

506 3018 647 3064 σεως
701 2999 796 3053 τοῦ
855 2998 1127 3069 παναγίου
1186 2999 1503 3071 Πνεύματος
1564 3002 1725 3067 δόξαν
1767 3004 1832 3058 ικ
1885 3007 2085 3070 παντὸς

502 3090 848 3162 ἐνοχλοῦντος
881 3090 1088 3161 ἀχύρου
1117 3090 1570 3160 διακαθάραντες,
1607 3094 1702 3148 καὶ
1731 3096 1864 3164 ἡμίν
1885 3094 2083 3166 βρῶμα

501 3184 722 3253 ἕτοιμον
774 3181 1222 3254 παραδεδωκότες
1268 3182 1578 3252 αὐτάρκως,
1625 3184 1887 3255 ἡγοῦνται
1946 3188 2083 3258 πρὸς

500 3276 599 3346 τὴν
625 3274 908 3344 ἀλήθειαν,
948 3274 1041 3327 καὶ
1087 3274 1185 3345 τὴν
1222 3276 1280 3329 ἐν
1306 3273 1443 3346 αὐτῇ
1489 3278 1768 3346 σωτηρίαν
1802 3278 1913 3341 τοῖς
1941 3280 2083 3333 οίκο-

501 3367 595 3419 θεν
645 3364 856 3436 κρίνειν
903 3366 976 3435 μὴ
1028 3364 1340 3435 δυνάμενοι,
1378 3364 1514 3419 ἀλλὰ
1558 3368 1651 3420 καὶ
1680 3366 1992 3438 τολμῶντές
2029 3385 2081 3423 τι

435 3522 459 3545 ⁸
503 3457 714 3527 κρίνειν
768 3458 896 3526 περὶ
930 3455 1131 3522 αὐτῶν,
1165 3459 1229 3526 τῇ
1284 3456 1471 3510 θεόθεν
1520 3458 1653 3528 ἡμῖν
1698 3460 2082 3535 ἐκπεμφθείσῃ

500 3549 755 3623 δυνάμει,
814 3551 989 3620 μικρᾷ
1039 3550 1137 3621 μὲν
1188 3549 1386 3614 ἄλλως,
1439 3550 1647 3623 μείζονι
1690 3552 1747 3607 δὲ
1787 3554 1884 3623 τῆς
1916 3553 2081 3623 ἄλλης

500 3640 661 3712 ἡμῶν
687 3639 1085 3713 προαιρέσεως.
1120 3640 1463 3711 Εὑρίσκομεν
1504 3641 1702 3705 αὐτοὺς
1733 3645 1797 3713 τῇ
1829 3639 1923 3694 τοῦ
1947 3642 2081 3711 Χρι-

501 3733 628 3785 στοῦ
671 3734 879 3803 χάριτι,
910 3732 1012 3803 τὴν
1040 3733 1207 3795 ὅντως
1240 3731 1528 3803 βασιλικὴν
1566 3731 1684 3785 ὁδὸν
1729 3730 2077 3800 τετριφότας,

498 3824 567 3895 ἢν
611 3829 639 3878 6
689 3825 943 3895 βασιλεὺς
990 3825 1152 3896 ἡμῶν
1193 3826 1288 3877 καὶ
1324 3824 1604 3895 Δεσπότης
1634 3823 1728 3877 καὶ
1758 3823 2080 3886 διδάσκαλος

511 3918 740 3987 Ἰησοῦς,
764 3920 791 3971 ό
821 3917 919 3986 τῆς
948 3915 1207 3985 ἀληθείας
1242 3915 1438 3986 ἔφορος
1476 3915 1572 3968 καὶ
1614 3914 1664 3968 οἱ
1696 3916 1909 3967 ἐκείνου
1950 3915 2080 3967 ὑπο-

502 4012 802 4079 στράτηγοι
860 4008 956 4060 καὶ
1013 4006 1355 4059 ὑπασπισταὶ
1402 4006 1480 4075 τῷ
1533 4005 1743 4058 ἐκείνου
1801 4005 2078 4075 Πνεῦματι

2192 2906 2509 2969 πεισθέντες
2542 2907 2626 2960 ὅτι
2674 2906 2894 2977 ἀληθῶς
2939 2907 3071 2973 Θεὸς
3121 2907 3447 2979 ἐφανερώθη
3474 2909 3533 2963 ἐν
3584 2910 3772 2979 σαρκὶ,

2187 2997 2362 3048 ἐκεῖνο
2391 2997 2555 3067 μόνον
2583 2996 2683 3066 τῆς
2708 2997 2993 3060 εὐσεϐείας
3014 2997 3272 3067 ἀληθινὸν
3300 2999 3601 3069 μυστήριον
3630 2997 3769 3053 εἶναι

2188 3088 2599 3159 πιστεύσωμεν,
2632 3090 2660 3143 ὂ
2690 3090 2760 3145 δι’
2807 3091 2975 3145 αὐτοῦ
3006 3092 3139 3159 ἡμῖν
3169 3090 3260 3145 τοῦ
3303 3091 3478 3159 Λόγου
3514 3094 3607 3144 καὶ
3635 3091 3771 3145 Θεοῦ

2187 3181 2488 3253 παρεδόθη,
2520 3184 2615 3235 τοῦ
2670 3184 2740 3236 δι’
2774 3182 2971 3237 ἐαυτοῦ
3003 3185 3118 3247 τοῖς
3155 3183 3475 3247 ἀποστόλοις
3505 3182 3773 3255 λαλήσαν-

2186 3290 2300 3338 τος.
2331 3274 2443 3328 Καὶ
2475 3275 2670 3329 σκόπει
2697 3275 2796 3342 τὴν
2827 3274 3150 3343 συμφωνίαν
3174 3275 3374 3339 αὐτῶν,
3400 3276 3510 3338 πᾶς
3536 3294 3619 3339 τις
3649 3275 3772 3330 νοῦν

2188 3364 2329 3435 ἔχων
2369 3364 2465 3420 καὶ⁸
2522 3365 2678 3429 εἰδὼς
2735 3364 2999 3420 εὐσεϐεῖν.
3041 3363 3102 3418 ⁸0
3155 3364 3431 3435 μακάριος
3473 3366 3773 3430 ἀπόστολος

2190 3455 2404 3520 Παῦλος
2433 3459 2494 3510 τὸ
2521 3456 2744 3527 Πνεῦμα
2776 3458 2838 3509 τὸ
2867 3455 3022 3526 ἅγιον
3051 3456 3147 3511 τοῦ
3174 3456 3311 3512 Θεοῦ
3340 3454 3479 3512 εῐναξ
3513 3474 3649 3529 φησι
3678 3459 3771 3510 καὶ

2183 3548 2247 3602 ἐκ
2286 3547 2378 3602 τοῦ
2434 3547 2592 3615 Θεοῦ,
2633 3547 2726 3603 τοῦ
2778 3548 2991 3619 Πατρδς
3021 3548 3290 3618 δηλονότι,
3343 3549 3460 3603 ἀλλ’
3510 3550 3771 3604 οὐδέποτε

2183 3638 2249 3692 ἐκ
2282 3638 2377 3692 τοῦ
2406 3636 2538 3694 Υίοῦ
2570 3637 2741 3708 λέγει,
2781 3638 2875 3693 τοῦ
2905 3638 3039 3694 Υίοῦ
3074 3638 3302 3710 Πνεῦμα
3348 3640 3509 3709 μόνον
3540 3642 3637 3695 καὶ
3673 3641 3767 3695 τοῦ

2182 3728 2422 3798 Χριστοῦ
2447 3746 2462 3760 ·
2514 3721 2577 3783 οὗ
2608 3727 2700 3784 τὸν
2739 3727 2943 3781 σκοπὸν
2978 3730 3007 3781 6
3056 3729 3204 3800 ἱερὸς
3234 3730 3624 3799 Χρυσόστομος
3665 3748 3765 3785 κα-

2181 3818 2289 3883 λῶς
2318 3818 2583 3889 συνορῶν,
2620 3836 2639 3871 ι
2686 3817 2760 3872 Τὸ
2808 3818 2909 3889 μὲν
2938 3817 3198 3888 λέγεσθαι
3253 3819 3347 3875 τοῦ
3401 3819 3560 3886 Θεοῦ,
3610 3823 3765 3894 φησὶ,

2179 3911 2280 3981 τὴν
2313 3903 2625 3981 οίκειότητα
2671 3909 2843 3981 μόνην
2884 3910 3059 3983 δηλοῖ,
3091 3910 3153 3965 τὸ
3184 3911 3241 3965 δὲ
3284 3912 3347 3965 ἐκ
3380 3913 3477 3967 τοῦ
3510 3913 3647 3970 Θεοῦ
3674 3918 3767 3969 καὶ

2180 4001 2279 4070 τὴν
2310 4002 2493 4055 αἰτίαν
2519 4016 2532 4033 ·
2586 4000 2785 4056 οὐκοῦν
2817 4000 2948 4058 ἄλλο
2976 4001 3071 4057 τοῦ
3116 4001 3279 4070 Θεοῦ,
3306 4004 3400 4060 καὶ
3442 4005 3573 4060 ἄλλο
3614 4008 3675 4062 τὸ
3701 4008 3767 4061 ἐκ

498 4100 794 4172 ἡγούμενοι
824 4098 1102 4164 ἐδάδισαν,
1134 4100 1227 4153 καὶ
1254 4097 1395 4151 οὕτω
1439 4097 1537 4160 τὰς
1571 4098 1678 4151 τῶν
1710 4098 1952 4170 ἀρχαίων
1985 4101 2079 4154 καὶ
2108 4107 2147 4163 C
2181 4091 2275 4147 τοῦ
2301 4092 2458 4147 Θεοῦο
2500 4112 2519 4144 ι

502 4194 737 4263 πρώτων
775 4190 1113 4246 διδασκάλων
1155 4192 1345 4263 ῥήσεις
1392 4190 1810 4261 ἐκδεξαμένους,
1845 4191 1921 4255 ὡς
1961 4195 2082 4256 ταῖς

501 4284 816 4347 κανονικαῖς
856 4282 1127 4352 συμφέρει
1169 4282 1434 4352 Γραφαῖς,
1478 4281 1574 4336 καὶ
1611 4284 1724 4347 τοῖς
1762 4283 2080 4347 ἀποστόλοις

502 4377 595 4430 καὶ
618 4378 734 4437 ταῖς
770 4375 1031 4440 συνόδοις,
1066 4375 1161 4429 καὶ
1186 4377 1298 4439 τοῖς
1330 4375 1389 4430 ἐν
1418 4374 1607 4441 αὐταῖς
1636 4377 1969 4448 διαπρέψασι
1997 4378 2079 4433 δι-

499 4467 790 4530 δασκάλοις
818 4466 916 4531 τῆς
942 4466 1201 4531 πίστεως.

569 4558 777 4611 Αὐτίκα
824 4558 931 4628 γὰρ
985 4559 1013 4611 6
1074 4557 1172 4626 μὲν
1201 4556 1301 4627 τῆς
1343 4556 1597 4627 ἀληθείας
1623 4555 1941 4621 διδάσκαλος
1970 4558 2078 4613 καὶ

498 4651 597 4717 τῆς
633 4648 725 4703 τοῦ
762 4649 1077 4719 Πνεύματος
1109 4647 1493 4718 ἐκπορεύσεως
1542 4649 1782 4719 πρῶτος,
1837 4649 1934 4703 καὶ
1980 4650 2078 4719 μό-

500 4761 608 4806 νος,
642 4742 736 4796 καὶ
767 4741 1009 4812 ἄριστος,
1039 4742 1135 4794 καὶ
1162 4740 1491 4803 ἱκανώτατος
1521 4742 1795 4811 ἑρμηνεὺς
1824 4742 1957 4811 ἡμῖν
1989 4757 2079 4810 γε-

499 4835 723 4902 νόμενος
774 4832 1005 4905 Ἰησοῦς,
1069 4834 1130 4885 τὸ
1190 4832 1412 4902 Πνεῦμα
1468 4832 1530 4885 τὸ
1577 4832 1733 4900 ἅγιον
1788 4834 1942 4905 παρὰ
1985 4834 2078 4888 τοῦ

502 4926 714 4996 Πατρός
746 4924 847 4995 μὲν
878 4922 1276 4994 ἐκπορεύεσθαι
1308 4918 1448 4986 εἶπε,
1490 4922 1804 4993 πέμπεσθαι
1833 4923 1891 4977 δὲ
1924 4925 2079 4996 παρά

497 5015 593 5067 τοῦ
655 5011 868 5083 Πατρὸς
923 5011 991 5066 δι’
1032 5012 1218 5067 αὐτοῦ.
1274 5012 1445 5066 Τοῦτο
1478 5010 1585 5081 γάρ
1623 5013 1793 5077 ἐστιν,
1828 5013 1937 5068 Ὃν
1963 5013 2078 5082 ἐγὼ

498 5106 715 5174 πέμψω
766 5104 911 5174 ὑμῖν
957 5104 1118 5173 ,παρὰ
1158 5104 1265 5158 τοῦ
1297 5102 1546 5171 Πατρός.
1590 5103 1897 5158 Ἐλεύσεται
1943 5107 2074 5178 γὰρ,

501 5199 687 5267 φησὶν,
734 5197 762 5248 6
814 5197 1177 5267 Παράκλητος
1218 5195 1569 5265 πεμπόμενος
1615 5195 1674 5261 ἐξ
1725 5197 1862 5268 ἐμοῦ
1923 5199 2081 5269 παρά

497 5290 594 5345 τοῦ
624 5286 859 5361 Πατρδς,
891 5288 1173 5341 τουτέστιν
1203 5288 1268 5340 ἐκ
1298 5287 1513 5357 Πατρὸς
1541 5287 1607 5342 δι’
1637 5289 1777 5359 ἐμοῦ
1804 5306 1818 5321 ο
1839 5282 2080 5358 Ἣνεῦμα

497 5384 610 5454 γὰρ
643 5380 744 5454 τῆς
767 5380 1026 5448 ἀληθείας
1069 5379 1208 5443 ἐστὶ,
1242 5381 1525 5434 τουτέστιν
1572 5381 1729 5450 ἐμοῦ,
1765 5382 1862 5436 καὶ
1900 5383 2080 5437 κοινὸν

2270 4183 2359 4235 Ἐν
2386 4185 2506 4247 ταῖς
2554 4185 2825 4254 περιόδοις
2872 4187 2967 4240 τοῦ
3018 4186 3175 4257 ἁγίου
3219 4189 3471 4261 ’Δνδρέου
3523 4192 3765 4262 λέγεται,
3873 4203 3884 4214 ⁸

2190 4293 2209 4327 ι
2249 4274 2452 4345 Εἰρήνη
2490 4277 2621 4347 ἡμῖν
2679 4278 2773 4332 κα)⁴
2813 4280 2947 4334 πᾶσι
2976 4282 3089 4343 τοῖς
3141 4281 3492 4336 πιστεύουσιν
3537 4288 3616 4349 εἰς
3671 4286 3765 4343 ἕνα

2179 4367 2312 4422 Θεὸν
2341 4368 2581 4439 Πατέρα,
2616 4372 2709 4424 καὶ
2736 4372 2817 4436 είς
2836 4373 2929 4427 τὸν
2959 4373 3056 4427 ἕνα
3084 4374 3216 4429 Υίὸν
3235 4374 3403 4431 αὑτοῦ
3438 4378 3531 4431 τὸν
3559 4369 3766 4450 Κύριον
3859 4423 3864 4429 .

2194 4460 2406 4529 Ἰησοῦν
2436 4462 2693 4533 Χριστὸν,
2729 4465 2824 4518 καὶ
2872 4466 2953 4528 είς
2985 4465 3044 4518 ἓν
3093 4465 3320 4536 Πνεῦμα
3374 4468 3530 4537 ἅγιον
3561 4473 3624 4524 ἐκ
3659 4473 3767 4524 Πα-

2184 4552 2310 4623 τρός
2346 4552 2787 4625 ἐκπορευόμενον
2822 4558 2915 4611 καὶ
2968 4558 3131 4628 μένον
3173 4562 3229 4613 ὲν
3263 4562 3341 4630 τῷ
3389 4562 3526 4629 Υίῷ.
3566 4583 3586 4615 ι
3623 4566 3763 4634 Γρη-

2184 4647 2366 4717 γόριος
2383 4647 2412 4699 6
2435 4648 2864 4721 Θαυματουργός
2887 4665 2900 4678 ·
2933 4668 2955 4702 σ
2987 4648 3085 4703 ’Ἑν
3114 4651 3339 4723 Πνεῦμα
3361 4654 3519 4722 ἅγιον
3543 4658 3608 4709 ἐκ
3629 4656 3763 4710 Θεοῦ

2182 4736 2281 4807 τὴν
2318 4736 2553 4808 ὓπαρξιν
2577 4738 2721 4810 ἔχον,
2757 4743 2852 4795 καὶ
2872 4741 2941 4795 δι’
2972 4741 3104 4795 Υίοῦ
3134 4745 3401 4813 πεφηνὸς,
3431 4745 3632 4820 δηλαδὴ
3653 4752 3762 4812 τοῖς

2186 4829 2520 4901 ἀνθρώποις.
2562 4850 2579 4882 ι
2622 4830 2685 4884 Ἡ
2712 4833 2903 4903 πρώτη
2940 4834 3155 4899 σύνοδος
3182 4852 3195 4867 ο
3231 4855 3249 4887 ι
3286 4838 3454 4907 Δέχου
3487 4841 3616 4910 μίαν
3644 4842 3761 4894 θεό-

2182 4939 2322 4990 τητα
2354 4922 2449 4975 τοῦ
2483 4924 2693 4993 [ἰατρὸς
2715 4924 2807 4977 τοῦ
2839 4928 3201 4996 γεννήσαντος
3230 4930 3320 4983 τὸν
3352 4933 3763 5004 Υίὸνιάνεκφρά-

2184 5032 2346 5080 στως,
2385 5017 2482 5070 καὶ
2508 5016 2602 5070 τοῦ
2643 5016 2775 5070 Υἱοῦ
2807 5017 2902 5071 τοῦ
2934 5023 3334 5091 γεγεννημένου
3367 5024 3425 5089 ἐξ
3460 5027 3650 5092 αὐτοῦ,
3674 5029 3764 5080 καὶ

2181 5108 2276 5161 τοῦ
2316 5107 2477 5177 ἀγίου
2516 5108 2835 5181 Πνεύματος
2867 5110 2962 5165 τοῦ
3013 5113 3457 5186 ἐκπορευομένου
3505 5118 3566 5183 ἐξ
3598 5119 3762 5174 αὑτοῦ

2181 5199 2273 5252 τοῦ
2310 5199 2546 5270 Πατρός,
2584 5201 2714 5253 ίδίου
2762 5202 2820 5255 δὲ
2858 5202 3010 5267 ὄντος
3072 5204 3167 5259 τοῦ
3214 5204 3369 5274 Υίοῦ,
3403 5208 3549 5263 καθά
3598 5228 3760 5281 φησιν

2181 5295 2210 5348 6
2252 5294 2599 5361 ’Δπόστολος,
2629 5293 2798 5360 Είτις
2833 5297 3060 5368 Πνεῦμα
3103 5298 3343 5369 Χριστοῦ
3384 5301 3486 5355 οὐκ
3514 5302 3650 5372 ἔχει,
3676 5303 3763 5355 0-3-

2185 5403 2278 5450 τος
2299 5386 2401 5439 οὐκ
2424 5386 2575 5441 εστιν
2601 5386 2789 5443 αὐτοῦ.
2821 5406 2841 5439 ›
2876 5388 2940 5445 '0
2966 5390 3139 5460 μέγας
3187 5391 3504 5456 Ἀθανάσιος
3540 5393 3763 5465 συμφώ-

498 5475 663 5546 ἐργον
688 5475 786 5544 τῆς
831 5470 1062 5543 Τριάδος
1097 5470 1286 5525 ἀνύσει
1320 5474 1385 5543 τῇ
1433 5472 1504 5525 δι’
1538 5472 1705 5527 αὑτοῦ
1736 5476 2081 5550 γενησομένη
2115 5461 2160 5518 Ῑ)
2188 5495 2294 5542 νως
2328 5478 2465 5551 αὐτῇ
2498 5482 2556 5533 ἐν
2584 5481 2651 5550 τῇ
2693 5480 2829 5551 πρὸς
2860 5481 3183 5552 Σεραπίωνα
3224 5484 3481 5556 ἐπιστολῇ
3518 5461 3762 5555 περὶτοῦ

500 5568 631 5639 περὶ
662 5565 796 5636 ἐμοῦ
828 5565 1131 5637 μαρτυρίᾳ,
1163 5568 1297 5635 πρὸς
1331 5564 1431 5636 τὴν
1459 5566 1558 5637 τῆς
1589 5566 1819 5637 Τριάδος
1849 5568 2086 5637 ἐπίγνω-

2188 5570 2529 5641 Πνεύματος·
2564 5588 2586 5625 ι
2622 5572 2833 5625 Οὐκοῦν
2879 5574 3064 5637 κακῶς
3114 5574 3438 5645 φρονοῦντες
3492 5579 3623 5647 περὶ
3672 5575 3760 5629 τοῦ

503 5677 589 5712 υιν
624 5658 980 5728 ἀναγομένων
1012 5656 1122 5710 τῶν
1171 5656 1557 5712 πιστευόντων.
1598 5656 1769 5711 Τοῦτο
1801 5658 1987 5728 μέντοι
2019 5676 2083 5727 γε
2188 5661 2509 5732 Πνεύματος
2555 5661 2652 5715 τοῦ
2709 5662 2891 5731 ἁγίου,
2928 5663 3052 5717 οὐδὲ
3098 5665 3231 5734 περὶ
3266 5665 3361 5718 τοῦ
3403 5666 3532 5719 Υίοῦ
3583 5668 3761 5728 καλῶς

503 5751 564 5801 τὸ
595 5749 823 5816 Πνεῦμα»
862 5749 1015 5816 παρά
1047 5748 1141 5801 τοῦ
1171 5748 1383 5818 Πατρδς
1413 5746 1793 5817 ἐκπορεύεται,
1839 5748 1961 5803 ὅθεν
1989 5752 2085 5804 καὶ
2188 5754 2484 5825 φρονοῦσιν
2508 5769 2523 5786 ο
2558 5756 2608 5807 εί
2636 5754 2746 5825 γὰρ
2780 5755 3043 5825 ἐφρόνουν
3068 5756 3241 5825 ὀρθῶς
3272 5757 3403 5827 περὶ
3437 5757 3531 5811 τοῦ
3564 5759 3759 5823 Λόγου,

503 5838 616 5907 ἐγὼ
666 5837 913 5907 ἐξῆλθον.
963 5839 1055 5890 Ἐκ
1094 5838 1187 5891 τοῦ
1239 5840 1449 5909 Πατρὶς
1479 5840 1586 5907 γὰρ
1636 5839 1858 5911 ἐξῆλθον
1893 5843 2082 5904 ἀϊδίως

2189 5846 2451 5918 ἐφρόνουν
2480 5846 2545 5901 ἄν
2573 5846 2738 5915 ὑγιῶς
2774 5847 2866 5900 καὶ
2890 5845 3145 5927 περὶτοῦ
3177 5847 3514 5919 Πνεύματος,
3556 5850 3585 5903 ὃ
3613 5846 3762 5915 παρὰ
