4118 6280
619 435 735 510 BB7

1729 437 2100 502 GENNADII
2147 440 2260 505 ΕΡ.
2303 442 2498 502 PATR
2517 440 2822 503 [ARCHJE

3776 450 3881 512 683

624 561 664 621 ’ἃ
701 567 806 637 γὰρ
855 565 917 619 οὐ
953 563 1281 634 γέγραπται,
1307 564 1368 616 οὐ
1395 564 1474 616 δεῖ
1503 565 1741 633 φρονεῖν.
1779 581 1797 614 ι
1848 562 1908 616 ’0
1934 562 2202 632 Κύριλλος
2231 571 2274 625 Α
2303 563 2579 632 τρέπομεν
2631 563 2844 625 ἑαυτοῖς
2900 564 2931 631 ἢ
2983 561 3189 633 ἐτὲροις
3239 563 3270 634 ἢ
3321 564 3468 630 λέξιν
3500 563 3734 633 ἀμεῖψα.
3780 569 3887 622 τῶν

626 663 684 714 ἐν
718 659 794 727 τῷ
845 659 989 712 κατά
1037 657 1326 712 Ἰουλιανοῦ
1355 673 1368 688 ⁸
1400 675 1418 708 1
1456 657 1527 710 T0
1580 653 1802 726 Πνεῦμα
1837 657 2094 727 ἀρρήτως
2139 657 2204 708 ἐκ

623 751 716 806 τοῦ
739 744 960 819 Πατρός
991 749 1354 821 ἐκπορεύεται
1381 761 1394 775 ⁸
1425 747 1494 803 δι’
1525 748 1654 802 Υῖοῦ
1697 748 1754 801 δέ
1788 750 2101 819 χορηγεῖται
2135 750 2201 819 τῇ

622 842 818 899 κτίσει.
856 862 873 895 ι
919 843 982 898 '0
1031 841 1193 907 αὐτός
1241 843 1298 896 ἐν
1337 842 1454 905 ταῖς
1496 843 1576 905 είς
1622 841 1712 896 τόν
1743 842 1959 896 Λουκᾶν
2005 841 2206 910 ἐξηγή·

622 951 775 990 σεσι’
831 955 850 989 1
915 936 1064 1005 Πλὴν
1107 937 1286 989 ἐκεῖνό
1331 953 1533 1006 φαμεν,
1573 935 1635 989 ού
1686 933 1895 1002 γυμνός
1945 933 2041 988 καὶ
2079 931 2202 986 καθ’

619 1027 814 1081 ἐαυτὸν
843 1029 871 1080 ό
925 1028 1099 1094 Λόγος
1131 1025 1494 1093 ,ἐϐαπτίζετᾳ
1547 1025 1643 1078 καὶ
1675 1023 1995 1095 Πνεύματος
2042 1022 2201 1090 ἁγίου

503 1112 508 1116 ’
623 1117 850 1188 μέτοχος
879 1113 968 1189 ἦν.
1007 1118 1194 1186 Ἴσμεν
1220 1117 1329 1186 γὰρ
1364 1118 1446 1171 ὅτι
1478 1117 1570 1169 καὶ
1598 1117 1732 1178 Θεός
1781 1117 1898 1169 ἐστι
1931 1115 2025 1168 καὶ
2058 1114 2203 1168 ἀσώ-

621 1229 811 1278 ματος,
843 1212 934 1264 καὶ
969 1210 1138 1280 ἁγίων
1167 1209 1323 1278 ἅγιος
1347 1225 1360 1240 ·
1404 1207 1731 1276 ὁμολογοῦσι
1758 1208 1865 1279 γὰρ
1897 1209 1979 1262 ὅτι
2011 1210 2072 1261 ἐκ
2105 1208 2202 1261 τοῦ

617 1302 983 1373 πληρώματος
1024 1302 1190 1357 αὐτοῦ
1237 1303 1401 1371 ήμεῖς
1442 1302 1644 1363 πάντες
1678 1301 1964 1370 ἐλάϐομεν.
2005 1298 2200 1353 Ἐκπο-

617 1395 835 1464 ρεύεται
865 1394 966 1465 μὲν
996 1395 1107 1465 γάρ
1143 1396 1203 1449 ἐκ
1236 1393 1330 1447 τοῦ
1357 1394 1494 1447 Θεοῦ
1524 1396 1620 1447 καὶ
1651 1393 1862 1463 Πατρός
1887 1393 1948 1445 τό
1979 1391 2202 1462 Πνεῦμα

611 1487 672 1538 τό
701 1486 876 1555 ἅγιον,
901 1485 1014 1538 ἔστι
1038 1485 1095 1538 δὲ
1123 1488 1216 1538 καὶ
1248 1485 1380 1538 ἴδιον
1408 1483 1502 1538 τοῦ
1527 1482 1678 1541 Υἱοῦ.
1700 1484 1809 1538 Καὶ
1828 1484 1959 1552 γοῦν
1985 1483 2202 1554 εἴρηται

613 1570 944 1642 πλεισταχοῦ
981 1571 1206 1641 Πνεῦμα
1238 1571 1476 1642 Χριστοῦ
1509 1572 1570 1625 τό
1602 1573 1664 1624 ἐκ
1694 1572 1830 1626 Θεοῦ
1857 1573 1952 1626 καὶ
1987 1573 2202 1640 Πατρός

614 1664 1057 1732 ἐκπορευόμενον
1108 1663 1358 1733 Πνεῦμα,
1417 1664 1512 1717 καὶ
1558 1665 1906 1737 μαρτυρήσει
1958 1664 2134 1734 λέγων
2173 1667 2202 1719 ό

615 1753 850 1817 Παῦλος,
879 1754 1012 1808 ποτέ
1042 1754 1164 1824 μέν·
1197 1774 1216 1808 1
1263 1755 1456 1825 Ὑμεῖς
1481 1755 1550 1809 δὲ
1587 1758 1699 1810 οὐκ
1729 1756 1871 1811 ἐστὲ
1901 1757 1971 1811 ἐν
1998 1758 2198 1825 σαρκὶ,

513 1864 515 1867 ·
611 1849 753 1903 ἀλλ’
795 1849 865 1902 ἐν
914 1850 1228 1919 πνεύματι,
1260 1847 1429 1917 ειπερ
1473 1849 1717 1918 Πνεῦμα
1759 1849 1908 1904 Θεοῦ
1955 1851 2110 1904 οῖκεῖ
2132 1850 2201 1904 ἐν

611 1941 756 2010 ὑμῖν
785 1958 797 1972 ⁸
829 1943 882 1995 ει
913 1942 982 1996 δέ
1007 1958 1095 2009 τις
1129 1941 1371 2010 Πνεῦμα
1411 1940 1672 2010 Χριστοῦ
1703 1943 1813 1996 οὐκ
1845 1941 1990 2011 ἔχει,
2020 1937 2198 2010 οὗτος

609 2036 722 2090 οὐκ
750 2037 924 2089 ἐστιν
951 2033 1138 2090 αὐτοῦ
1163 2052 1179 2068 ο
1218 2053 1238 2086 ι
1270 2034 1365 2089 καὶ
1396 2033 1559 2088 πάλιν
1581 2050 1597 2066 ο
1634 2035 1765 2089 Ὅτι
1791 2035 1861 2089 δέ
1882 2036 2023 2090 ἐστε
2055 2036 2192 2102 υἱοὶ,

608 2124 1044 2189 ἐξαπέστειλεν
1065 2127 1100 2180 δ
1123 2124 1268 2190 Θεὸς
1295 2127 1361 2179 τὸ
1394 2125 1639 2195 Πνεῦμα
1685 2126 1794 2180 τοῦ
1835 2126 1974 2182 Υίοῦ
2004 2126 2194 2182 αὐτοῦ

606 2221 694 2280 εἰς
726 2220 832 2284 τὰς
876 2217 1129 2287 καρδίας
1175 2216 1344 2288 ὑμῶν
1373 2216 1611 2287 κρᾶζον,
1668 2217 1846 2274 Ἀσόἇ
1880 2221 1913 2273 ό
1966 2219 2192 2287 Πατήρ.

609 2309 821 2363 Οὐκοῦν
845 2311 1210 2381 ἐκπορεύεται
1247 2309 1366 2381 μὶν,
1399 2310 1476 2371 ὡς
1511 2309 1671 2380 ἐφην,
1708 2311 1773 2363 ἐκ
1809 2309 1904 2364 τοῦ
1935 2310 2072 2364 Θεοῦ
2100 2314 2195 2364 καὶ

608 2403 824 2472 Πατρός
869 2401 931 2454 τό
987 2400 1224 2472 Πνεῦμα
1253 2402 1315 2456 τό
1370 2402 1546 2470 ἆγιον,
1593 2403 1824 2472 χορηγεῖ
1867 2401 1925 2456 δὲ
1958 2402 2092 2455 αὐτό
2121 2404 2191 2474 τῇ

605 2495 803 2561 κτίσει,
831 2495 928 2548 καὶ
960 2494 1144 2550 δίδωσι
1172 2496 1283 2555 τοῖς
1316 2494 1511 2559 ἀξίοις,
1541 2495 1616 2558 ὡς
1651 2492 1813 2562 φύσει
1848 2511 1908 2548 τε
1938 2495 2033 2549 καὶ
2060 2496 2193 2564 ἀλη-

603 2590 711 2651 θῶς
757 2588 906 2653 Υἱός,
955 2591 984 2643 ό
1017 2587 1314 2658 μονογενής
1364 2587 1530 2642 αὐτοῦ
1585 2587 1781 2656 Λόγος,
1816 2588 1909 2640 καὶ
1952 2590 2065 2651 τοῖς
2096 2588 2189 2642 τοῦ

605 2682 820 2750 Πατρός
853 2681 1133 2748 ἀξιώμασι
1160 2679 1500 2751 διαπρέπων.
1527 2697 1547 2733 ι

685 2778 746 2829 '0
773 2776 935 2838 αὐτός
966 2778 1024 2829 ἐν
1043 2779 1110 2846 τῇ
1141 2776 1397 2846 ἐξηγήσει
1425 2774 1542 2841 τοῦ,
1573 2777 1763 2831 ’Ὅταν
1784 2777 1933 2843 ἔλθῃ
1959 2792 1971 2805 °
2008 2795 2025 2827 1
2055 2777 2188 2845 Φίλη

603 2864 901 2934 τοιγαροῦν
933 2865 1065 2933 ήμῖν
1105 2865 1139 2934 ή
1175 2863 1430 2933 ἀλήθεια,
1459 2865 1554 2918 καὶ
1596 2865 1663 2917 τά
1693 2865 1756 2918 ἐκ
1797 2865 1898 2934 τῆς
1929 2865 2190 2935 ἀληθείας

603 2959 876 3027 δόγματα,
917 2956 1012 3008 καὶ
1067 2956 1251 3019 αὐτοῖς
1296 2957 1528 3018 ἐκείνοις
1580 2957 1742 3024 ήμεῖς
1772 2957 1868 3026 οὐχ
1919 2957 2184 3026 ἑψόμεθα,

602 3051 704 3118 τήν
752 3048 810 3101 δέ
857 3047 966 3101 τῶν
995 3047 1168 3116 ἁγίων
1225 3047 1484 3116 Πατέρων
1523 3046 1934 3118 ίχνηλατοῦντες
1979 3049 2186 3113 πίστιν,

603 3145 734 3199 ίδιον
766 3138 904 3196 εἷναί
929 3159 1111 3211 φαμεν
1131 3139 1226 3194 τοῦ
1248 3139 1380 3192 Υίοῦ
1409 3141 1499 3194 τόν
1524 3139 1903 3211 Παράκλητον,
1935 3140 2184 3194 τουτέστι

2308 656 2644 726 ἐγκειμένων
2684 655 2888 721 ἐκεῖσε,
2940 657 2974 723 ἢ
3011 656 3139 725 μίαν
3167 654 3299 737 γοῦν
3341 655 3658 726 παραϐῆναι
3693 657 3888 712 συλλα-

2309 747 2432 817 δήν,
2488 747 2828 817 μεμνημένοι
2885 746 2979 801 τοῦ
3027 747 3296 817 λέγοντος,
3359 748 3451 816 Μὴ
3490 750 3716 818 μέταιρε
3765 753 3887 820 ὅρια

2306 836 2523 899 αἰώνια,
2549 837 2585 891 ἃ
2625 837 2810 891 ἔθεντο
2831 837 2879 890 οἱ
2916 839 3161 909 Πατέρες
3185 856 3280 892 σου
3303 857 3315 870 ·
3341 838 3404 892 οὐ
3432 840 3539 908 γὰρ
3563 836 3709 912 ἦσαν
3737 842 3891 894 αὐτοὶ

2305 929 2354 980 οἱ
2408 927 2722 996 λαλοῦντες,
2772 929 2888 982 ἀλλ’
2918 929 3050 983 αὐτό
3095 930 3156 984 τό
3207 931 3431 1001 Πνεῦμα
3478 930 3573 984 τοῦ
3624 931 3762 985 Θεοῦ
3795 935 3888 986 καὶ

2309 1021 2544 1088 Πατρός,
2571 1021 2600 1074 ὃ
2630 1021 2988 1090 ἐκπορεύεται
3015 1023 3112 1091 μέν
3142 1022 3202 1086 ἐξ
3227 1023 3416 1086 αὐτοῦ,
3442 1023 3556 1076 ἐστι
3586 1024 3641 1077 δὲ
3667 1024 3765 1076 οὐκ
3795 1026 3888 1076 01-

2303 1109 2516 1181 λότριον
2543 1112 2636 1166 τοῦ
2667 1111 2796 1166 Υίοῦ
2829 1112 2969 1168 κατά
2997 1113 3088 1166 τόν
3113 1113 3210 1182 τῆς
3242 1116 3432 1178 οὐσίας
3456 1114 3636 1184 λόγον.
3677 1134 3696 1169 ι

2379 1203 2442 1254 Οἱ
2471 1203 2526 1256 δέ
2559 1203 2657 1268 τὰς
2689 1205 2855 1267 ἄλλας
2881 1203 2976 1258 τοῦ
3017 1205 3288 1277 Κυρίλλου
3318 1209 3510 1276 ῥήσεις
3542 1207 3889 1277 παρεξηγού-

2308 1312 2480 1363 μενοι,
2531 1297 2626 1350 καὶ
2681 1297 2820 1366 πρός
2848 1296 2949 1366 τήν
2987 1297 3202 1351 ἑαυτῶν
3254 1298 3572 1368 βιαζόμενοι
3613 1301 3794 1366 δόξαν,
3828 1303 3886 1354 ἐν

2304 1383 2392 1449 αῖς
2425 1387 2564 1439 κατὰ
2597 1387 2692 1440 τοῦ
2719 1388 3018 1457 Νεστορίου
3070 1393 3286 1462 μηχανῇ
3315 1391 3463 1462 πάσῃ
3502 1395 3881 1459 στρατεύεται,

2305 1477 2610 1546 πάσχουσιν
2646 1477 2675 1531 ὅ
2716 1494 2884 1547 φησιν
2935 1479 3256 1543 Ἀθανάσιος
3286 1480 3520 1551 πάσχειν
3560 1482 3689 1543 τοὺς
3742 1485 3882 1550 μήτε

2307 1571 2600 1638 πρόσωπα,
2633 1572 2771 1642 μήτε
2812 1569 3062 1638 καιροὺς,
3094 1571 3232 1640 μήτε
3257 1573 3437 1634 αῖτίας
3473 1575 3883 1644 σκοπουμέκους

2302 1664 2423 1725 ταῖς
2473 1662 2583 1715 τῶν
2607 1661 2841 1733 Γραφῶν
2877 1663 3192 1735 ἐξηγήσεσι.
3237 1661 3332 1727 Οἷς
3367 1667 3640 1734 ἐπιτιμῶν
3664 1669 3761 1721 καὶ
3789 1669 3881 1720 αὐ-

2302 1754 2390 1815 τός
2420 1754 2692 1823 Κύριλλος
2746 1754 2885 1824 αὐτῇ
2923 1754 3070 1822 λέξει
3123 1758 3326 1825 φησίν·
3368 1775 3386 1808 1
3430 1759 3600 1812 Ὅταν
3630 1758 3686 1811 δέ
3738 1774 3884 1816 τινες

2302 1845 2408 1896 τῶν
2439 1846 2508 1898 τὰ
2540 1846 2677 1914 ὀρθὰ
2710 1845 3061 1918 διαστρέφειν
3101 1849 3372 1902 εἰωθότων
3403 1852 3502 1912 τὰς
3535 1849 3676 1917 ἐμὰς
3704 1865 3885 1917 παρα-

2305 1941 2546 2010 τρέπωσι
2577 1943 2762 2011 φωνάς
2793 1945 2875 2006 είς
2900 1943 2962 1996 τό
2989 1944 3174 2006 αὐτοῖς
3202 1941 3417 2009 δοκοῦν,
3454 1945 3530 2014 μὴ
3555 1943 3883 2012 θαυμαζέτω

2302 2033 2459 2086 τοῦτο
2492 2034 2526 2104 ή
2558 2035 2624 2105 σὴ
2653 2034 2893 2106 ὁσιότης,
2924 2035 3097 2090 εἰδυῖα
3122 2037 3203 2090 ὅτι
3235 2035 3330 2089 καὶ
3371 2036 3420 2089 οἱ
3451 2037 3561 2090 ἀπό
3591 2038 3772 2108 πάσης
3799 2037 3882 2090 αἱ·

2305 2126 2508 2195 ρέσεως
2531 2128 2596 2180 ἐκ
2621 2128 2723 2198 τῆς
2751 2128 3113 2184 θεοπνεύστου
3146 2127 3371 2199 Γραφῆς
3415 2129 3520 2190 τὰς
3545 2127 3648 2197 τῆς
3673 2129 3882 2182 ἑαυτῶν

2301 2217 2512 2289 πλάνης
2542 2219 2891 2290 συλλέγουσιν
2915 2223 3188 2293 ἀφορμάς,
3215 2221 3282 2276 τά
3304 2218 3390 2274 διὰ
3412 2217 3507 2273 τοῦ
3531 2219 3690 2288 ἁγίου
3717 2219 3883 2273 Πνεύ-

2304 2325 2474 2379 ματος
2527 2311 2707 2380 ὀρθῶς
2738 2313 3008 2383 εἰρημένα
3039 2314 3152 2376 τοῖς
3187 2311 3401 2366 ἐαυτῶν
3443 2313 3759 2374 κακονοὲαις
3790 2329 3885 2364 τια⁸

2302 2405 2714 2477 ραφθείροντες,
2759 2405 2854 2459 καὶ
2895 2407 3020 2471 ταῖς
3066 2405 3226 2472 ίδίαις
3259 2410 3530 2478 κεφαλαῖς
3563 2408 3663 2477 τὴν
3717 2405 3883 2462 ἄσϐε-

2303 2512 2428 2550 στον
2461 2495 2867 2561 ἀπαντλοῦντες
2892 2497 3087 2568 φλόγα.
3128 2517 3147 2552 ι
3181 2497 3306 2553 Ἐπὶ
3327 2499 3537 2563 τούτοις
3559 2501 3589 2553 ό
3609 2499 3882 2570 μακάριος

2299 2587 2658 2656 Δαμασκηνός
2684 2603 2697 2616 °
2737 2605 2757 2640 1
2791 2588 2962 2643 Τοῦτο
2992 2590 3150 2660 ήμῖν,
3185 2591 3343 2661 φησι,
3371 2592 3432 2644 τό
3457 2591 3880 2661 λατρευόμενον,

2298 2676 2490 2747 Πατήρ
2517 2677 2648 2731 ΥΞοῦ
2682 2679 2966 2749 γεννήτωρ
3009 2680 3328 2752 ἀγέννητος,
3360 2683 3421 2735 οὐ
3467 2682 3576 2753 γὰρ
3612 2685 3675 2736 ἔκ
3708 2701 3876 2746 τινος,

2298 2768 2425 2832 Υίδς
2461 2771 2556 2824 τοῦ
2591 2773 2804 2842 Πατρός
2838 2774 3091 2844 γέννημα
3125 2775 3200 2836 ὡς
3241 2774 3300 2841 ἐξ
3332 2773 3498 2829 αὐτοῦ
3542 2776 3880 2845 γεγεννημέ-

2297 2875 2410 2922 νος.
2441 2858 2670 2930 Πνεῦμα
2699 2861 2857 2930 ἅγιον
2888 2863 2983 2918 τοῦ
3015 2864 3151 2919 Θεοῦ
3181 2863 3272 2918 καὶ
3306 2865 3542 2934 Πατρός,
3576 2865 3653 2928 ώς
3685 2868 3749 2932 ἐξ
3780 2867 3878 2923 αὺ-

2295 2951 2392 3005 τοῦ
2444 2952 2906 3023 ἐκπορευόμενον.
2941 2956 3122 3028 Ὅπερ
3173 2959 3268 3012 καὶ
3305 2958 3400 3011 τοῦ
3455 2957 3590 3012 Υἱοῦ
3631 2959 3877 3026 λέγεται,

2294 3044 2367 3108 ὡς
2395 3044 2464 3098 δι’
2496 3044 2662 3099 αὐτοῦ
2701 3047 3112 3119 φανερούμενον
3144 3049 3238 3102 καὶ
3283 3050 3350 3120 τῇ
3388 3050 3563 3104 κτὲσει
3599 3052 3879 3120 μεταδιδό-

2297 3154 2484 3206 μενον,
2516 3136 2634 3194 ἀλλ’
2664 3139 2763 3192 οὐκ
2808 3141 2868 3205 ἐξ
2896 3140 3059 3195 αὐτοῦ
3086 3140 3210 3211 ἔχον
3241 3143 3340 3213 τὴν
3366 3143 3622 3213 ὓπαρξιν.
3672 3163 3690 3195 ι
3729 3147 3876 3214 Παρ-

599 3239 662 3292 τό
699 3236 926 3335 Πνεῦμα
963 3236 1022 3335 τό
1062 3234 1240 3335 ἅγιον,
1271 3235 1370 3335 καῖ
1397 3236 1499 3335 οὐκ
1529 3235 2012 3335 ἐπεισκρινόμενον
2053 3236 2186 3303 ἔξω-
2211 3271 2258 3335 c
2299 3231 2420 3335 ίημι
2469 3235 2567 3335 131;
2610 3232 2774 3335 ἄλλας
2817 3233 2982 3287 αὐτοῦ
3016 3235 3203 3335 ρήσεις
3249 3237 3643 3306 φανερωτάτας
3684 3238 3873 3303 οὔσας.

599 3330 715 3390 θεν,
744 3327 856 3380 οὐδ’
889 3325 1182 3396 ἐπίκτητον
1207 3327 1265 3379 ἐν
1310 3325 1478 3394 αὐτῷ,
1513 3326 1768 3394 καθάπερ
1811 3327 1957 3379 ἐστὶν
1987 3327 2043 3379 ἐν
2074 3331 2186 3392 τοῖς
2215 3323 2263 3353 ’⁵
2302 3323 2364 3376 Ὅ
2395 3326 2668 3395 μακάριος
2729 3328 2954 3396 Κρήτης
3017 3328 3314 3398 Ἀνδρέας’
3361 3348 3381 3382 1
3435 3331 3545 3384 Καὶ
3593 3331 3701 3401 γάρ
3759 3333 3874 3387 οὐδὲ

595 3425 695 3491 τῆς
728 3420 1015 3489 ἁγιότητος
1041 3419 1332 3485 δεκτικοῖς,
1367 3415 1448 3479 οῖς
1480 3422 1574 3472 καὶ
1616 3419 1681 3471 ἐκ
1719 3419 1795 3487 μὴ
1828 3419 1998 3472 όντων
2029 3422 2060 3488 ή
2095 3425 2188 3487 γέ·

601 3527 769 3574 νεσις,
801 3508 920 3562 ἀλλ’
971 3507 1260 3578 όμοούσιον
1313 3507 1502 3573 αὐτοῦ,
1557 3509 1805 3576 καθάπερ
1857 3509 2047 3577 ἀμέλει
2095 3510 2184 3563 καὶ

598 3600 697 3655 τοῦ
740 3601 975 3672 Πατρός.
1041 3599 1198 3653 υῦτω
1235 3600 1344 3670 γὰρ
1375 3600 1443 3653 ἂν
1470 3600 1569 3652 οὐκ
1616 3601 1695 3660 είς
1731 3600 1992 3654 πολύθεον
2055 3601 2187 3670 ἡμῖν

599 3693 925 3763 μυθολογίαν
955 3693 990 3764 ή
1038 3693 1146 3745 τῶν
1179 3692 1654 3765 ἐκκλησιαστικῶν
1702 3693 1989 3761 δογμάτων
2023 3695 2180 3762 οἰχή-

598 3802 749 3840 σεται
778 3786 1034 3856 δύναμις,
1083 3785 1200 3838 ἀλλ’
1223 3786 1306 3849 είς
1347 3785 1442 3837 ἕνα
1492 3785 1747 3856 θεότητος
1778 3783 1936 3852 λόγον
1967 3785 2000 3854 ή
2050 3784 2182 3850 ἁγία

596 3879 770 3950 Τριὰς
827 3879 1250 3947 ἀνασφίγγεται.
1291 3897 1310 3929 ι
1363 3879 1455 3932 Ἐν
1501 3879 1686 3948 ταυτῴ
1739 3878 2034 3947 τοιγαροῦν
2089 3877 2184 3929 καὶ

596 3971 693 4037 τῆς
711 3968 898 4032 οὐσίας
914 3969 1016 4039 τὴν
1041 3968 1272 4039 ἑνότητα
1298 3969 1691 4037 παραδεικνῦς,
1723 3967 1920 4021 ἐαυτοῦ
1947 3967 2009 4020 τέ
2035 3985 2178 4038 φημι

598 4061 693 4111 καὶ
723 4059 824 4127 τὴν
849 4059 939 4110 τοῦ
967 4056 1102 4111 Θεοῦ
1135 4058 1229 4109 καὶ
1263 4057 1498 4126 Πατρός,
1530 4056 1756 4124 Πνεῦμα
1789 4057 1888 4125 τῆς
1922 4056 2183 4124 ἀληθείας

597 4148 690 4200 τόν
727 4146 1085 4217 Παράκλητον
1121 4143 1264 4202 εἶναι
1306 4147 1506 4214 λέγων,
1535 4147 1688 4216 παρὰ
1726 4147 1820 4200 τοῦ
1851 4147 2062 4216 Πατρός
2094 4149 2183 4200 ἐκ·

598 4237 928 4308 πορεύεσθαί
960 4255 1148 4308 φησιν,
1183 4237 1480 4309 ἀπελέγχει
1506 4255 1566 4291 τε
1597 4239 1786 4308 σαφῶς
1813 4238 1910 4293 καὶ
1943 4240 2184 4308 ἀναμφι-

597 4331 802 4394 λέκτως
846 4331 1117 4403 θεομάχον
1159 4331 1476 4402 ὁλοκλήρως
1521 4331 1614 4383 τόν
1665 4330 2069 4401 Χριστομάχον.
2123 4329 2182 4385 '0

596 4425 704 4492 γὰρ
734 4424 872 4487 ὅλως
898 4424 1254 4494 ὲμπαροινεῖν
1286 4423 1554 4494 ἐθελήσας
1598 4422 1678 4493 τῷ
1700 4423 1816 4493 Υίῷ
1849 4421 2181 4493 πεπλημμε-

593 4516 778 4586 ληκὼς
803 4514 870 4570 ἂν
902 4516 1129 4580 εἰκότως
1158 4517 1252 4570 καὶ
1280 4517 1361 4580 είς
1388 4516 1554 4571 αὐτόν
1594 4517 1767 4571 νοοῖτο
1799 4517 1890 4570 τόν
1925 4515 1984 4580 ἐξ
2008 4510 2179 4586 οὗπέρ

2291 3414 2439 3466 ἐστιν
2469 3415 2662 3481 ἄλλως,
2692 3418 2722 3487 ἦ
2753 3420 2811 3470 ἐν
2838 3419 2915 3488 τῷ
2955 3420 3068 3490 Υίῷ
3097 3421 3190 3474 τόν
3223 3420 3467 3492 Πατέρα,
3499 3423 3531 3494 ἢ
3567 3424 3626 3475 ἐν
3650 3424 3728 3495 τῷ
3766 3428 3872 3480 Πα-

2289 3507 2377 3572 τρὶ
2413 3508 2504 3559 τόν
2531 3509 2658 3564 Υἰόν
2698 3511 3133 3582 ἐνοπτρίζεσθαι,
3187 3514 3221 3586 ή
3255 3517 3313 3568 ἐν
3357 3515 3434 3588 τῷ
3483 3517 3773 3589 Πνεύματι
3801 3521 3874 3586 τῷ

2290 3599 2451 3666 ἁγίῳ,
2487 3599 2515 3651 ὃ
2549 3600 2699 3671 παρὰ
2732 3603 2830 3656 τοῦ
2881 3605 3094 3677 Πατρός
3124 3607 3488 3679 ἐκπορεύεται
3515 3611 3639 3680 μὲν,
3673 3613 3793 3684 Υίῷ
3822 3614 3872 3667 δὲ

2292 3689 2412 3742 κατ’
2443 3690 2631 3744 οὐσίαν
2668 3691 3044 3766 ἐμφιλοχωρεῖ
3074 3697 3170 3751 καὶ
3199 3697 3584 3754 ἀναπέπαυται
3625 3703 3702 3766 ὡς
3743 3709 3868 3772 όμο-

2291 3782 2474 3835 ούσιον
2509 3783 2714 3852 ἀμφοῖν
2745 3786 2839 3839 καὶ
2870 3787 3167 3858 όμόθρονον
3192 3793 3289 3845 καὶ
3321 3793 3606 3863 ὁμότιμον.
3629 3814 3652 3850 ο

2360 3875 2611 3944 Παρῐημι
2665 3877 2768 3942 τὰς
2820 3878 2914 3932 τοῦ
2968 3881 3239 3952 μακαρίου
3287 3884 3384 3939 τοῦ
3437 3885 3721 3959 Θεοδώρου
3777 3889 3868 3944 τοῦ

2288 3966 2565 4035 Γραπτοῦ,
2601 3969 2697 4021 καὶ
2728 3969 2823 4022 τοῦ
2859 3971 3019 4037 ἁγίου
3049 3974 3144 4028 τοῦ
3179 3978 3521 4050 πατριάρχου
3553 3982 3749 4053 ῥήσεις
3773 3983 3868 4037 Νι-

2286 4057 2529 4126 κηφόρου
2557 4077 2570 4090 ·
2600 4060 2715 4113 ἀλλ’
2744 4062 2864 4116 ἀντὶ
2894 4065 3100 4118 τούτων
3131 4068 3389 4125 ἁπάντων
3418 4073 3648 4140 ἀρκέσει
3697 4076 3867 4144 αὐτὴν

2252 4142 2628 4219 ’παραλαϐεῖν
2678 4153 2777 4224 τὴν
2823 4156 2867 4221 ζ’
2908 4157 3148 4226 σύνοδον,
3207 4159 3398 4232 ῶσπερ
3439 4142 3866 4235 ἐπισφραγίζοέ-

2286 4257 2405 4296 σαν.
2449 4244 2746 4319 Ἐκθεμένη
2781 4249 2888 4321 γὰρ
2940 4252 2997 4305 ἐν
3041 4253 3120 4323 τῷ
3165 4254 3367 4323 ἑαυτῆς
3401 4256 3514 4327 ὅρῳ
3541 4257 3602 4310 τό
3646 4259 3749 4330 τῆς
3781 4260 3865 4312 πί-

2287 4349 2457 4398 στεως
2517 4336 3155 4406 Σύμϐολον,τελευτῶσά
3216 4363 3418 4416 φησιν’
3475 4367 3495 4400 1
3555 4350 3748 4416 Ἡμεῖς
3799 4354 3860 4421 τῇ

2283 4426 2488 4497 ἀρχαίᾳ
2521 4427 2850 4502 θεσμοθεσία
2896 4436 2996 4506 τῆς
3029 4436 3328 4507 καθολικῆς
3372 4440 3704 4512 Ἐκκλησέας
3738 4446 3864 4496 ἐπα-

2284 4517 2646 4588 κολουθοῦμεν
2696 4535 2712 4552 ⁸
2773 4526 2934 4594 ἡμεῖς
2996 4527 3126 4592 τοὺς
3187 4528 3428 4599 θεσμοῦς
3503 4533 3612 4584 τῶν
3697 4534 3862 4587 [1015'-

593 4614 770 4663 ἐστιν.
805 4609 981 4663 Ὅταν
1028 4609 1209 4662 τοίνυν
1239 4609 1370 4680 ἔλθῃ
1400 4611 1430 4662 ὁ
1461 4609 1839 4680 Παράκλητος,
1868 4609 1930 4662 τό
1953 4607 2178 4674 Πνεῦμα
2211 4629 2253 4684 D
2286 4626 2396 4679 ρων
2463 4613 2808 4686 φυλάττομεν
2832 4633 2846 4648 ο
2905 4620 3070 4689 ἡμεῖς
3119 4627 3247 4684 τοὺς
3309 4624 3706 4692 προστιθέντας
3750 4644 3800 4677 τι
3829 4625 3859 4693 ή

590 4702 691 4770 τῆς
717 4700 998 4771 ἀληθείας,
1028 4701 1280 4755 τουτέστι
1333 4699 1395 4754 τό
1453 4700 1668 4771 ἐμόν,ὓ
1719 4701 1870 4772 παρά
1927 4700 2024 4754 τοῦ
2071 4702 2178 4754 Πα-

591 4792 722 4862 τρός
766 4791 1158 4863 ἐκπορεύεται,
1192 4793 1400 4855 ἐκεῖνος
1430 4792 1771 4864 μαρτυρήσει
1805 4794 1933 4864 περ).
1963 4792 2121 4863 ἐμοῦ.
2152 4811 2169 4844 ι

603 4883 665 4938 ⁸0
697 4885 858 4949 αὐτός
886 4887 944 4938 ἐν
972 4887 1040 4956 τῇ
1071 4884 1116 4938 θ’
1139 4883 1293 4938 λύσει
1327 4883 1591 4954 μέμψεως
1635 4884 1728 4939 τοῦ
1777 4884 2125 4956 Θεοδωρήτου
2154 4903 2168 4919 ⁸

595 4995 614 5028 ι
654 4975 1046 5056 Ἐκπορεύεται
1083 4976 1186 5046 μὲν
1211 4976 1320 5048 γὰρ
1349 4976 1414 5028 ἐκ
1449 4974 1545 5029 τοῦ
1579 4975 1716 5030 Θεοῦ
1750 4978 1846 5031 καὶ
1874 4977 2086 5047 Πατρός
2114 4978 2176 5030 τό

591 5065 818 5139 Πνεῦμα
868 5071 928 5123 τό
961 5069 1119 5138 ἆγιον
1171 5067 1316 5121 κατά
1365 5065 1465 5138 τήν
1518 5065 1615 5121 τοῦ
1672 5063 1930 5138 Σωτῆρος
1962 5068 2169 5138 φωνήν,

591 5159 710 5212 ἀλλ’
741 5161 842 5212 οὐκ
883 5160 1166 5228 ἀλλότριόν
1197 5161 1313 5213 ἐστι
1354 5159 1449 5214 τοῦ
1486 5159 1619 5213 Υἱοῦ
1645 5172 1661 5190 ⁸
1692 5159 1872 5212 πάντα
1913 5160 2023 5230 γὰρ
2059 5159 2174 5230 ἔχει

591 5252 732 5322 μετὰ
775 5251 870 5306 τοῦ
900 5252 1133 5321 Πατρός.
1168 5271 1186 5304 ι
1224 5253 1334 5306 Καὶ
1387 5251 1552 5306 πάλιν
1604 5252 1663 5304 ἐν
1713 5253 1826 5314 τοῖς
1873 5253 2010 5322 πρός
2043 5252 2172 5322 Ἐρο

592 5345 754 5414 μείαν
781 5359 795 5374 ·
834 5365 853 5396 1
891 5344 1126 5414 Προῖησι
1154 5345 1254 5412 μὲν
1282 5343 1342 5410 ἐξ
1375 5344 1513 5408 ἰδίας
1540 5344 1712 5398 αὐτοῦ
1745 5345 1962 5414 φύσεως
1991 5345 2020 5397 ό
2057 5347 2173 5399 Πα-

588 5439 715 5508 τὴρ,
743 5437 969 5507 χορηγεῖ
1000 5435 1058 5490 δὲ
1103 5438 1216 5498 τοῖς
1256 5436 1426 5500 ἀξίοις
1471 5437 1565 5490 καὶ
1595 5437 1758 5500 αὐτός
1800 5440 1829 5492 ό
1860 5437 2010 5502 Υἱός.
2051 5456 2069 5490 ι
2113 5438 2172 5491 '0

585 5529 748 5594 αὐτός
773 5531 834 5583 ὲν
855 5531 923 5601 τῇ
953 5527 1090 5600 πρός
1123 5527 1378 5598 Ἰωάννην
1402 5529 1496 5582 τόν
1525 5527 1863 5599 Ἀντιοχείας
1886 5529 2172 5600 ἐπιστολῇ’

593 5641 612 5673 1
651 5621 788 5675 Κατ’
814 5621 1007 5674 οὐδένα
1043 5620 1248 5691 τρόπον
1295 5619 1621 5674 σαλεύεσθαι
1652 5621 1790 5691 πρός
1840 5637 2005 5675 τινων
2048 5622 2170 5675 ἀνε-

585 5711 794 5782 χόμεθα
835 5713 935 5783 τήν
959 5713 1273 5784 ὁρισθεῖσαν
1316 5713 1523 5779 πίστιν,
1555 5713 1674 5783 ήτοι
1712 5712 1772 5766 τό
1801 5713 1900 5777 τῆς
1932 5715 2172 5779 πίστεως

585 5802 864 5870 Σύμϋολον
892 5805 954 5856 τό
984 5807 1133 5873 παρὰ
1161 5805 1270 5857 τῶν
1297 5805 1469 5872 ἁγίων
1496 5806 1757 5874 Πατέρων
1789 5806 1947 5874 ήμῶν
1973 5806 2082 5860 τῶν
2111 5809 2170 5860 ἐν

585 5892 790 5960 Nunt;
827 5894 1188 5951 συνελθόντων
1240 5897 1381 5949 κατᾶ
1418 5896 1666 5966 χαιρεὺς,
1718 5895 1842 5950 οὐτε
1892 5887 1997 5968 μήν
2047 5902 2171 5953 ἐπι-

2279 4703 2651 4776 ἀφαιροῦντας
2692 4709 2758 4762 ἐκ
2799 4712 2900 4781 τῆς
2944 4712 3246 4782 καθολικῆς
3289 4713 3622 4786 Ἐκκλησξας
3673 4719 3857 4772 ἀναθε-

2282 4797 2585 4869 ματίζομεν
2607 4814 2624 4833 ο
2652 4800 2824 4854 ταῦτα
2869 4801 2964 4856 τοῦ
2997 4805 3270 4876 ήμετέρου
3301 4808 3577 4861 Δεσπότου
3630 4811 3725 4863 καὶ
3753 4808 3854 4861 τῶν

2283 4888 2450 4942 αὐτοῦ
2485 4891 2747 4962 μαθητῶν
2776 4895 2870 4948 καὶ
2896 4896 3003 4949 τῶν
3039 4898 3443 4968 οίκουμενικῶν
3477 4901 3734 4961 συνόδων,
3770 4901 3856 4952 καὶ

2279 4980 2388 5034 τῶν
2414 4983 2473 5034 ἐν
2504 4983 2696 5048 αὐταῖς
2727 4985 3153 5057 διαπρεψάντων
3184 4991 3463 5059 Πατέρων,
3499 4993 3557 5045 ἐν
3583 4987 3664 5054 οἷς
3691 5007 3749 5042 τε
3781 4989 3854 5048 είς

2279 5070 2340 5122 10
2369 5072 2550 5126 κοινόν
2589 5073 2929 5144 ὡμολόγουν,
2959 5079 3054 5132 καὶ
3083 5082 3140 5133 ἐν
3177 5073 3260 5144 οἷς
3293 5081 3401 5150 ξδίᾳ
3430 5079 3530 5152 τήν
3567 5081 3749 5150 κοινὴν
3771 5076 3855 5130 πί-

2281 5177 2401 5215 στιν
2427 5165 2752 5233 παρεδίδουν
2773 5169 2887 5230 τοῖς
2912 5169 3205 5240 μαθηταῖς,
3229 5170 3306 5235 ὡς
3323 5174 3380 5226 ἐν
3405 5172 3651 5242 ἱστορίας
3672 5169 3849 5241 τρόπῳ

2278 5254 2587 5321 διεξιόντων
2635 5258 2728 5312 καὶ
2778 5259 3140 5316 διδασκόντων
3189 5263 3358 5334 ἡμᾶς.
3393 5265 3589 5329 Καλῶς
3631 5267 3739 5338 ἄρα
3765 5263 3851 5318 καὶ

2277 5347 2328 5399 οἱ
2384 5349 2522 5417 μετὰ
2552 5349 2652 5420 τὴν
2685 5352 2752 5402 ἐν·
2793 5352 3056 5424 Συμϐόλῳ
3108 5357 3484 5428 γεγενημένην
3543 5361 3850 5430 προσθήκην

2281 5440 2526 5511 Πατέρες
2553 5439 2822 5511 ήμῶνέδιὰ
2849 5443 3054 5515 πολλῆς
3092 5448 3151 5499 ἐν
3183 5449 3461 5513 τοσούτοις
3495 5453 3705 5522 χρόνοις
3733 5453 3848 5502 ἑπι-

2276 5532 2526 5598 στασίας,
2580 5531 2762 5601 λόγοις
2813 5550 2874 5588 τε
2904 5537 3001 5590 καὶ
3055 5543 3426 5610 συγγραφαῖς,
3469 5544 3564 5596 καὶ
3627 5541 3844 5612 αἵμασιν

2273 5623 2512 5693 ἔδειξαν,
2546 5626 2718 5696 αὐτὴν
2745 5629 2845 5681 οἰκ
2880 5628 3292 5705 ἀποδεχόμενοι,
3329 5633 3426 5689 ἅτε
3471 5634 3550 5707 μή
3583 5634 3716 5704 πρός
3757 5629 3843 5684 τόν

2276 5717 2443 5772 αὐτόν
2478 5720 2593 5783 τοῖς
2619 5723 3043 5792 προειρημένοις
3075 5725 3352 5797 φέρουσαν
3383 5727 3528 5782 νοῦν.

2346 5810 2456 5873 Τάς
2494 5810 2552 5863 δὲ
2585 5812 2774 5882 ῥήσεις
2804 5812 2870 5876 ἃς
2904 5815 2953 5867 οί
2973 5814 3071 5885 τήν
3100 5816 3425 5890 προσθήκην
3453 5815 3840 5874 διεκδικοῦντες

2277 5901 2702 5970 παρεϐιάςοντο,
2737 5905 2873 5970 πρός
2917 5907 3108 5963 τοῦτον
3149 5911 3392 5972 εὐσεῦῶς
3423 5915 3513 5967 τόν
3551 5909 3722 5965 κοινόν
3752 5916 3844 5957 κον-
