  <div class='ocr_page' id='page_1' title='image "/cluster/home/n/w/nwhite01/storage/ocr_20150623/160/mdp.39015078384693/352.png"; bbox 0 0 4118 6280; ppageno 0'>
   <div class='ocr_carea' id='block_1_1' title="bbox 281 369 384 430">
    <p class='ocr_par' dir='ltr' id='par_1_1' title="bbox 281 369 384 430">
     <span class='ocr_line' id='line_1_1' title="bbox 281 369 384 430; baseline 0.01 -1"><span class='ocrx_word' id='word_1_1' title='bbox 281 369 384 430; x_wconf 82' lang='lat'>689</span> 
     </span>
    </p>
   </div>
   <div class='ocr_carea' id='block_1_2' title="bbox 1212 370 2609 448">
    <p class='ocr_par' dir='ltr' id='par_1_2' title="bbox 1212 370 2609 448">
     <span class='ocr_line' id='line_1_2' title="bbox 1212 370 2609 448; baseline 0.012 -17"><span class='ocrx_word' id='word_1_2' title='bbox 1212 372 1309 432; x_wconf 92' lang='lat' dir='ltr'>DE</span> <span class='ocrx_word' id='word_1_3' title='bbox 1344 370 1871 435; x_wconf 78' lang='lat' dir='ltr'>PROCESSIONE</span> <span class='ocrx_word' id='word_1_4' title='bbox 1917 379 2282 441; x_wconf 69' lang='lat' dir='ltr'>SPIRITUS</span> <span class='ocrx_word' id='word_1_5' title='bbox 2316 385 2609 448; x_wconf 67' lang='lat' dir='ltr'>SANCTI.</span> 
     </span>
    </p>
   </div>
   <div class='ocr_carea' id='block_1_3' title="bbox 3436 392 3543 456">
    <p class='ocr_par' dir='ltr' id='par_1_3' title="bbox 3436 392 3543 456">
     <span class='ocr_line' id='line_1_3' title="bbox 3436 392 3543 456; baseline 0.056 -6"><span class='ocrx_word' id='word_1_6' title='bbox 3436 392 3543 456; x_wconf 79' lang='lat'>690</span> 
     </span>
    </p>
   </div>
   <div class='ocr_carea' id='block_1_4' title="bbox 277 485 3543 573">
    <p class='ocr_par' dir='ltr' id='par_1_4' title="bbox 277 485 3543 573">
     <span class='ocr_line' id='line_1_4' title="bbox 277 485 3543 573; baseline 0.006 -37"><span class='ocrx_word' id='word_1_7' title='bbox 277 489 398 539; x_wconf 75' lang='grc' dir='ltr'>νόνα</span> <span class='ocrx_word' id='word_1_8' title='bbox 426 485 529 553; x_wconf 83' lang='grc' dir='ltr'>τῆς</span> <span class='ocrx_word' id='word_1_9' title='bbox 566 485 800 548; x_wconf 87' lang='grc' dir='ltr'>πίστεως</span> <span class='ocrx_word' id='word_1_10' title='bbox 831 487 1094 541; x_wconf 82' lang='grc' dir='ltr'>εἵλκυσαν</span> <span class='ocrx_word' id='word_1_11' title='bbox 1120 490 1261 544; x_wconf 78' lang='grc' dir='ltr'>πάνυ</span> <span class='ocrx_word' id='word_1_12' title='bbox 1295 491 1546 562; x_wconf 79' lang='grc' dir='ltr'>ἑκούσας,</span> <span class='ocrx_word' id='word_1_13' title='bbox 1580 496 1679 550; x_wconf 92' lang='grc' dir='ltr'>οὐκ</span> <span class='ocrx_word' id='word_1_14' title='bbox 1702 500 1852 551; x_wconf 75' lang='grc' dir='ltr'>ἀντι-</span> <span class='ocrx_word' id='word_1_15' title='bbox 1888 516 1934 570; x_wconf 69' lang='grc' dir='ltr'>Α</span> <span class='ocrx_word' id='word_1_16' title='bbox 1962 499 2056 551; x_wconf 90' lang='grc' dir='ltr'>τοῦ</span> <span class='ocrx_word' id='word_1_17' title='bbox 2090 497 2220 551; x_wconf 81' lang='grc' dir='ltr'>Υίοῦ</span> <span class='ocrx_word' id='word_1_18' title='bbox 2247 498 2392 569; x_wconf 82' lang='grc' dir='ltr'>ἔχειν</span> <span class='ocrx_word' id='word_1_19' title='bbox 2419 499 2495 563; x_wconf 87' lang='grc' dir='ltr'>ὼς</span> <span class='ocrx_word' id='word_1_20' title='bbox 2524 499 2699 569; x_wconf 80' lang='grc' dir='ltr'>ἀρχῆς</span> <span class='ocrx_word' id='word_1_21' title='bbox 2717 501 2830 561; x_wconf 65' lang='grc' dir='ltr'>,καὶ</span> <span class='ocrx_word' id='word_1_22' title='bbox 2856 502 3031 555; x_wconf 88' lang='grc' dir='ltr'>αίτίου</span> <span class='ocrx_word' id='word_1_23' title='bbox 3055 502 3113 555; x_wconf 80' lang='grc' dir='ltr'>τὸ</span> <span class='ocrx_word' id='word_1_24' title='bbox 3140 503 3382 573; x_wconf 73' lang='grc' dir='ltr'>Πνεῦμα,</span> <span class='ocrx_word' id='word_1_25' title='bbox 3410 505 3543 557; x_wconf 84' lang='grc' dir='ltr'>ἀκυ-</span> 
     </span>
    </p>
   </div>
   <div class='ocr_carea' id='block_1_5' title="bbox 277 577 1856 653">
    <p class='ocr_par' dir='ltr' id='par_1_5' title="bbox 277 577 1856 653">
     <span class='ocr_line' id='line_1_5' title="bbox 277 577 1856 653; baseline 0.005 -23"><span class='ocrx_word' id='word_1_26' title='bbox 277 578 573 640; x_wconf 87' lang='grc' dir='ltr'>ϐαινούσας</span> <span class='ocrx_word' id='word_1_27' title='bbox 614 579 704 630; x_wconf 68' lang='grc' dir='ltr'>καὶ</span> <span class='ocrx_word' id='word_1_28' title='bbox 730 577 820 649; x_wconf 79' lang='grc' dir='ltr'>βίᾳ</span> <span class='ocrx_word' id='word_1_29' title='bbox 844 578 1145 652; x_wconf 54' lang='grc' dir='ltr'>ἑλκομένας</span> <span class='ocrx_word' id='word_1_30' title='bbox 1171 581 1361 653; x_wconf 86' lang='grc' dir='ltr'>ῶσπερ</span> <span class='ocrx_word' id='word_1_31' title='bbox 1388 585 1445 637; x_wconf 79' lang='grc' dir='ltr'>ἐν</span> <span class='ocrx_word' id='word_1_32' title='bbox 1470 585 1587 647; x_wconf 89' lang='grc' dir='ltr'>ταῖς</span> <span class='ocrx_word' id='word_1_33' title='bbox 1622 586 1729 639; x_wconf 90' lang='grc' dir='ltr'>τῶν</span> <span class='ocrx_word' id='word_1_34' title='bbox 1760 588 1856 640; x_wconf 78' lang='grc' dir='ltr'>ὄλ-</span> 
     </span>
    </p>
   </div>
   <div class='ocr_carea' id='block_1_6' title="bbox 277 669 1855 750">
    <p class='ocr_par' dir='ltr' id='par_1_6' title="bbox 277 669 1855 750">
     <span class='ocr_line' id='line_1_6' title="bbox 277 669 1855 750; baseline 0.008 -30"><span class='ocrx_word' id='word_1_35' title='bbox 277 672 383 724; x_wconf 82' lang='grc' dir='ltr'>λων</span> <span class='ocrx_word' id='word_1_36' title='bbox 415 669 848 740; x_wconf 80' lang='grc' dir='ltr'>παρεξηγήσεσι.</span> <span class='ocrx_word' id='word_1_37' title='bbox 879 671 1105 735; x_wconf 78' lang='grc' dir='ltr'>Τούτοις</span> <span class='ocrx_word' id='word_1_38' title='bbox 1135 673 1227 725; x_wconf 79' lang='grc' dir='ltr'>καὶ</span> <span class='ocrx_word' id='word_1_39' title='bbox 1250 676 1279 726; x_wconf 90' lang='grc' dir='ltr'>ό</span> <span class='ocrx_word' id='word_1_40' title='bbox 1311 676 1580 750; x_wconf 83' lang='grc' dir='ltr'>μακάριος</span> <span class='ocrx_word' id='word_1_41' title='bbox 1612 680 1855 747; x_wconf 85' lang='grc' dir='ltr'>συνεφώ-</span> 
     </span>
    </p>
   </div>
   <div class='ocr_carea' id='block_1_7' title="bbox 277 761 1857 839">
    <p class='ocr_par' dir='ltr' id='par_1_7' title="bbox 277 761 1857 839">
     <span class='ocr_line' id='line_1_7' title="bbox 277 761 1857 839; baseline 0.005 -26"><span class='ocrx_word' id='word_1_42' title='bbox 277 778 405 830; x_wconf 88' lang='grc' dir='ltr'>νησε</span> <span class='ocrx_word' id='word_1_43' title='bbox 450 762 698 831; x_wconf 78' lang='grc' dir='ltr'>Μάρκος,</span> <span class='ocrx_word' id='word_1_44' title='bbox 731 765 761 814; x_wconf 88' lang='grc' dir='ltr'>ὁ</span> <span class='ocrx_word' id='word_1_45' title='bbox 797 764 895 831; x_wconf 84' lang='grc' dir='ltr'>τῆς</span> <span class='ocrx_word' id='word_1_46' title='bbox 930 761 1195 831; x_wconf 78' lang='grc' dir='ltr'>Ἐφεσίων</span> <span class='ocrx_word' id='word_1_47' title='bbox 1222 765 1448 836; x_wconf 82' lang='grc' dir='ltr'>ποιμὴν,</span> <span class='ocrx_word' id='word_1_48' title='bbox 1482 766 1711 838; x_wconf 79' lang='grc' dir='ltr'>ἔξαρχος</span> <span class='ocrx_word' id='word_1_49' title='bbox 1758 771 1857 839; x_wconf 81' lang='grc' dir='ltr'>τῆς</span> 
     </span>
    </p>
   </div>
   <div class='ocr_carea' id='block_1_8' title="bbox 280 856 1856 930">
    <p class='ocr_par' dir='ltr' id='par_1_8' title="bbox 280 856 1856 930">
     <span class='ocr_line' id='line_1_8' title="bbox 280 856 1856 930; baseline 0.005 -23"><span class='ocrx_word' id='word_1_50' title='bbox 280 858 335 907; x_wconf 78' lang='grc' dir='ltr'>έν</span> <span class='ocrx_word' id='word_1_51' title='bbox 361 856 810 925; x_wconf 80' lang='grc' dir='ltr'>Φ).ωρεντίᾳ’τῶν</span> <span class='ocrx_word' id='word_1_52' title='bbox 833 858 1121 927; x_wconf 77' lang='grc' dir='ltr'>ἡμετέρων</span> <span class='ocrx_word' id='word_1_53' title='bbox 1155 859 1541 922; x_wconf 85' lang='grc' dir='ltr'>συνελεύσεως,</span> <span class='ocrx_word' id='word_1_54' title='bbox 1572 861 1663 915; x_wconf 80' lang='grc' dir='ltr'>καὶ</span> <span class='ocrx_word' id='word_1_55' title='bbox 1697 864 1856 930; x_wconf 82' lang='grc' dir='ltr'>μόνος</span> 
     </span>
    </p>
   </div>
   <div class='ocr_carea' id='block_1_9' title="bbox 279 948 1857 1022">
    <p class='ocr_par' dir='ltr' id='par_1_9' title="bbox 279 948 1857 1022">
     <span class='ocr_line' id='line_1_9' title="bbox 279 948 1857 1022; baseline 0.003 -20"><span class='ocrx_word' id='word_1_56' title='bbox 279 948 657 1017; x_wconf 74' lang='grc' dir='ltr'>ἠγωνισμένος</span> <span class='ocrx_word' id='word_1_57' title='bbox 688 948 828 1018; x_wconf 81' lang='grc' dir='ltr'>ὑπὲρ</span> <span class='ocrx_word' id='word_1_58' title='bbox 857 949 957 1015; x_wconf 83' lang='grc' dir='ltr'>τῆς</span> <span class='ocrx_word' id='word_1_59' title='bbox 992 949 1099 1001; x_wconf 86' lang='grc' dir='ltr'>τῶν</span> <span class='ocrx_word' id='word_1_60' title='bbox 1137 952 1398 1021; x_wconf 88' lang='grc' dir='ltr'>Πατέρων</span> <span class='ocrx_word' id='word_1_61' title='bbox 1420 952 1600 1022; x_wconf 80' lang='grc' dir='ltr'>δόξης,</span> <span class='ocrx_word' id='word_1_62' title='bbox 1635 955 1727 1007; x_wconf 77' lang='grc' dir='ltr'>καὶ</span> <span class='ocrx_word' id='word_1_63' title='bbox 1760 954 1857 1022; x_wconf 86' lang='grc' dir='ltr'>μό-</span> 
     </span>
    </p>
   </div>
   <div class='ocr_carea' id='block_1_10' title="bbox 276 1040 1858 1115">
    <p class='ocr_par' dir='ltr' id='par_1_10' title="bbox 276 1040 1858 1115">
     <span class='ocr_line' id='line_1_10' title="bbox 276 1040 1858 1115; baseline 0.004 -22"><span class='ocrx_word' id='word_1_64' title='bbox 276 1058 366 1103; x_wconf 86' lang='grc' dir='ltr'>νος</span> <span class='ocrx_word' id='word_1_65' title='bbox 422 1042 482 1093; x_wconf 81' lang='grc' dir='ltr'>ἐν</span> <span class='ocrx_word' id='word_1_66' title='bbox 520 1044 586 1112; x_wconf 84' lang='grc' dir='ltr'>τῇ</span> <span class='ocrx_word' id='word_1_67' title='bbox 636 1040 775 1111; x_wconf 78' lang='grc' dir='ltr'>καλῇ</span> <span class='ocrx_word' id='word_1_68' title='bbox 817 1042 1068 1105; x_wconf 82' lang='grc' dir='ltr'>ὲνστάσει</span> <span class='ocrx_word' id='word_1_69' title='bbox 1112 1044 1556 1115; x_wconf 78' lang='grc' dir='ltr'>διαμεμενηκὼς,</span> <span class='ocrx_word' id='word_1_70' title='bbox 1614 1049 1708 1099; x_wconf 73' lang='grc' dir='ltr'>καὶ</span> <span class='ocrx_word' id='word_1_71' title='bbox 1744 1050 1858 1109; x_wconf 89' lang='grc' dir='ltr'>τοῖς</span> 
     </span>
    </p>
   </div>
   <div class='ocr_carea' id='block_1_11' title="bbox 279 1131 1860 1207">
    <p class='ocr_par' dir='ltr' id='par_1_11' title="bbox 279 1131 1860 1207">
     <span class='ocr_line' id='line_1_11' title="bbox 279 1131 1860 1207; baseline 0.005 -24"><span class='ocrx_word' id='word_1_72' title='bbox 279 1131 601 1185; x_wconf 85' lang='grc' dir='ltr'>πεπτωκόσι</span> <span class='ocrx_word' id='word_1_73' title='bbox 636 1135 734 1201; x_wconf 81' lang='grc' dir='ltr'>τῆς</span> <span class='ocrx_word' id='word_1_74' title='bbox 772 1134 1067 1202; x_wconf 82' lang='grc' dir='ltr'>ὲπαινετῆς</span> <span class='ocrx_word' id='word_1_75' title='bbox 1105 1137 1408 1205; x_wconf 83' lang='grc' dir='ltr'>μεταϐολῆς</span> <span class='ocrx_word' id='word_1_76' title='bbox 1443 1139 1736 1207; x_wconf 87' lang='grc' dir='ltr'>γενόμενος</span> <span class='ocrx_word' id='word_1_77' title='bbox 1774 1140 1860 1191; x_wconf 71' lang='lat' dir='ltr'>af-</span> 
     </span>
    </p>
   </div>
   <div class='ocr_carea' id='block_1_12' title="bbox 278 1223 1857 1298">
    <p class='ocr_par' dir='ltr' id='par_1_12' title="bbox 278 1223 1857 1298">
     <span class='ocr_line' id='line_1_12' title="bbox 278 1223 1857 1298; baseline 0.004 -23"><span class='ocrx_word' id='word_1_78' title='bbox 278 1242 415 1285; x_wconf 87' lang='grc' dir='ltr'>τιος.</span> <span class='ocrx_word' id='word_1_79' title='bbox 449 1223 635 1276; x_wconf 67' lang='grc' dir='ltr'>ταῦτα</span> <span class='ocrx_word' id='word_1_80' title='bbox 670 1225 933 1293; x_wconf 80' lang='grc' dir='ltr'>ἐφρόνουν</span> <span class='ocrx_word' id='word_1_81' title='bbox 987 1228 1035 1278; x_wconf 85' lang='grc' dir='ltr'>οί</span> <span class='ocrx_word' id='word_1_82' title='bbox 1087 1227 1172 1295; x_wconf 71' lang='grc' dir='ltr'>ἐφ’</span> <span class='ocrx_word' id='word_1_83' title='bbox 1201 1228 1359 1296; x_wconf 81' lang='grc' dir='ltr'>ἡμῶν</span> <span class='ocrx_word' id='word_1_84' title='bbox 1399 1230 1535 1298; x_wconf 76' lang='grc' dir='ltr'>ἱεροὶ</span> <span class='ocrx_word' id='word_1_85' title='bbox 1572 1232 1668 1283; x_wconf 78' lang='grc' dir='ltr'>καὶ</span> <span class='ocrx_word' id='word_1_86' title='bbox 1703 1233 1857 1297; x_wconf 73' lang='grc' dir='ltr'>σοφοὶ</span> 
     </span>
    </p>
   </div>
   <div class='ocr_carea' id='block_1_13' title="bbox 279 1308 1857 1390">
    <p class='ocr_par' dir='ltr' id='par_1_13' title="bbox 279 1308 1857 1390">
     <span class='ocr_line' id='line_1_13' title="bbox 279 1308 1857 1390; baseline 0.003 -21"><span class='ocrx_word' id='word_1_87' title='bbox 279 1316 501 1384; x_wconf 51' lang='grc' dir='ltr'>ἄνδρες</span> <span class='ocrx_word' id='word_1_88' title='bbox 536 1308 611 1367; x_wconf 84' lang='grc' dir='ltr'>ὧν</span> <span class='ocrx_word' id='word_1_89' title='bbox 640 1316 740 1368; x_wconf 88' lang='grc' dir='ltr'>οὐκ</span> <span class='ocrx_word' id='word_1_90' title='bbox 768 1310 868 1367; x_wconf 80' lang='grc' dir='ltr'>οἶδ’</span> <span class='ocrx_word' id='word_1_91' title='bbox 903 1316 1049 1381; x_wconf 88' lang='grc' dir='ltr'>ὅπως</span> <span class='ocrx_word' id='word_1_92' title='bbox 1076 1319 1132 1370; x_wconf 84' lang='grc' dir='ltr'>έν</span> <span class='ocrx_word' id='word_1_93' title='bbox 1165 1318 1358 1387; x_wconf 80' lang='grc' dir='ltr'>βραχεῖ</span> <span class='ocrx_word' id='word_1_94' title='bbox 1390 1320 1568 1390; x_wconf 84' lang='grc' dir='ltr'>χρόνῳ</span> <span class='ocrx_word' id='word_1_95' title='bbox 1596 1324 1693 1389; x_wconf 85' lang='grc' dir='ltr'>τῆς</span> <span class='ocrx_word' id='word_1_96' title='bbox 1721 1323 1857 1373; x_wconf 85' lang='grc' dir='ltr'>ἀπο-</span> 
     </span>
    </p>
   </div>
   <div class='ocr_carea' id='block_1_14' title="bbox 279 1405 1860 1479">
    <p class='ocr_par' dir='ltr' id='par_1_14' title="bbox 279 1405 1860 1479">
     <span class='ocr_line' id='line_1_14' title="bbox 279 1405 1860 1479; baseline 0.003 -21"><span class='ocrx_word' id='word_1_97' title='bbox 279 1405 482 1473; x_wconf 85' lang='grc' dir='ltr'>δημίας</span> <span class='ocrx_word' id='word_1_98' title='bbox 533 1405 748 1475; x_wconf 81' lang='grc' dir='ltr'>ἐκείνης</span> <span class='ocrx_word' id='word_1_99' title='bbox 799 1406 1184 1476; x_wconf 82' lang='grc' dir='ltr'>μελετωαένης</span> <span class='ocrx_word' id='word_1_100' title='bbox 1224 1410 1443 1463; x_wconf 77' lang='grc' dir='ltr'>πάντων</span> <span class='ocrx_word' id='word_1_101' title='bbox 1500 1411 1860 1479; x_wconf 83' lang='grc' dir='ltr'>ἀρπαγέντων</span> 
     </span>
    </p>
   </div>
   <div class='ocr_carea' id='block_1_15' title="bbox 281 1496 1594 1570">
    <p class='ocr_par' dir='ltr' id='par_1_15' title="bbox 281 1496 1594 1570">
     <span class='ocr_line' id='line_1_15' title="bbox 281 1496 1594 1570; baseline 0.005 -22"><span class='ocrx_word' id='word_1_102' title='bbox 281 1500 359 1559; x_wconf 86' lang='grc' dir='ltr'>είς</span> <span class='ocrx_word' id='word_1_103' title='bbox 395 1496 487 1550; x_wconf 81' lang='grc' dir='ltr'>τὸν</span> <span class='ocrx_word' id='word_1_104' title='bbox 523 1497 634 1551; x_wconf 89' lang='grc' dir='ltr'>τῶν</span> <span class='ocrx_word' id='word_1_105' title='bbox 657 1498 1070 1568; x_wconf 83' lang='grc' dir='ltr'>προειληφότων</span> <span class='ocrx_word' id='word_1_106' title='bbox 1102 1503 1386 1569; x_wconf 77' lang='grc' dir='ltr'>μακαρίων</span> <span class='ocrx_word' id='word_1_107' title='bbox 1416 1501 1594 1570; x_wconf 86' lang='grc' dir='ltr'>χορόν.</span> 
     </span>
    </p>
   </div>
   <div class='ocr_carea' id='block_1_16' title="bbox 352 1586 1861 1663">
    <p class='ocr_par' dir='ltr' id='par_1_16' title="bbox 352 1586 1861 1663">
     <span class='ocr_line' id='line_1_16' title="bbox 352 1586 1861 1663; baseline 0.004 -21"><span class='ocrx_word' id='word_1_108' title='bbox 352 1590 419 1642; x_wconf 89' lang='grc' dir='ltr'>Τί</span> <span class='ocrx_word' id='word_1_109' title='bbox 451 1591 639 1643; x_wconf 84' lang='grc' dir='ltr'>λοιπὸν</span> <span class='ocrx_word' id='word_1_110' title='bbox 662 1586 750 1658; x_wconf 74' lang='grc' dir='ltr'>ἦν,</span> <span class='ocrx_word' id='word_1_111' title='bbox 777 1591 809 1659; x_wconf 83' lang='grc' dir='ltr'>ἢ</span> <span class='ocrx_word' id='word_1_112' title='bbox 842 1591 909 1643; x_wconf 88' lang='grc' dir='ltr'>τά</span> <span class='ocrx_word' id='word_1_113' title='bbox 934 1593 1278 1662; x_wconf 85' lang='grc' dir='ltr'>γεγενημένα</span> <span class='ocrx_word' id='word_1_114' title='bbox 1310 1592 1666 1661; x_wconf 84' lang='grc' dir='ltr'>συμϐαίνειν;</span> <span class='ocrx_word' id='word_1_115' title='bbox 1702 1597 1861 1663; x_wconf 84' lang='grc' dir='ltr'>ἀρκεῖ</span> 
     </span>
    </p>
   </div>
   <div class='ocr_carea' id='block_1_17' title="bbox 288 1682 1857 1755">
    <p class='ocr_par' dir='ltr' id='par_1_17' title="bbox 288 1682 1857 1755">
     <span class='ocr_line' id='line_1_17' title="bbox 288 1682 1857 1755; baseline 0.003 -21"><span class='ocrx_word' id='word_1_116' title='bbox 288 1683 397 1751; x_wconf 79' lang='grc' dir='ltr'>γὰρ</span> <span class='ocrx_word' id='word_1_117' title='bbox 430 1682 603 1743; x_wconf 83' lang='grc' dir='ltr'>οὓτως</span> <span class='ocrx_word' id='word_1_118' title='bbox 630 1683 806 1734; x_wconf 80' lang='grc' dir='ltr'>εἰπεῖν</span> <span class='ocrx_word' id='word_1_119' title='bbox 833 1701 847 1716; x_wconf 71' lang='grc' dir='ltr'>ι</span> <span class='ocrx_word' id='word_1_120' title='bbox 879 1684 1052 1745; x_wconf 79' lang='grc' dir='ltr'>οὕτως</span> <span class='ocrx_word' id='word_1_121' title='bbox 1094 1683 1188 1735; x_wconf 78' lang='grc' dir='ltr'>καὶ</span> <span class='ocrx_word' id='word_1_122' title='bbox 1228 1684 1390 1747; x_wconf 78' lang='grc' dir='ltr'>αὐτὸς</span> <span class='ocrx_word' id='word_1_123' title='bbox 1437 1686 1619 1754; x_wconf 86' lang='grc' dir='ltr'>φρονῶ</span> <span class='ocrx_word' id='word_1_124' title='bbox 1666 1689 1730 1755; x_wconf 83' lang='grc' dir='ltr'>τῇ</span> <span class='ocrx_word' id='word_1_125' title='bbox 1764 1687 1857 1739; x_wconf 77' lang='grc' dir='ltr'>τοῦ</span> 
     </span>
    </p>
   </div>
   <div class='ocr_carea' id='block_1_18' title="bbox 285 1773 1859 1845">
    <p class='ocr_par' dir='ltr' id='par_1_18' title="bbox 285 1773 1859 1845">
     <span class='ocr_line' id='line_1_18' title="bbox 285 1773 1859 1845; baseline 0.002 -19"><span class='ocrx_word' id='word_1_126' title='bbox 285 1773 524 1844; x_wconf 82' lang='grc' dir='ltr'>Χριστοῦ</span> <span class='ocrx_word' id='word_1_127' title='bbox 557 1776 760 1844; x_wconf 85' lang='grc' dir='ltr'>χάριτι,</span> <span class='ocrx_word' id='word_1_128' title='bbox 797 1776 896 1840; x_wconf 79' lang='grc' dir='ltr'>τὴν</span> <span class='ocrx_word' id='word_1_129' title='bbox 932 1775 1031 1843; x_wconf 84' lang='grc' dir='ltr'>μὲν</span> <span class='ocrx_word' id='word_1_130' title='bbox 1092 1775 1233 1843; x_wconf 85' lang='grc' dir='ltr'>μετά</span> <span class='ocrx_word' id='word_1_131' title='bbox 1281 1776 1501 1829; x_wconf 79' lang='grc' dir='ltr'>πάντων</span> <span class='ocrx_word' id='word_1_132' title='bbox 1552 1776 1859 1845; x_wconf 84' lang='grc' dir='ltr'>ἀνθρώπων</span> 
     </span>
    </p>
   </div>
   <div class='ocr_carea' id='block_1_19' title="bbox 285 1848 1935 1939">
    <p class='ocr_par' dir='ltr' id='par_1_19' title="bbox 285 1848 1935 1939">
     <span class='ocr_line' id='line_1_19' title="bbox 285 1848 1935 1939; baseline 0.002 -21"><span class='ocrx_word' id='word_1_133' title='bbox 285 1866 514 1935; x_wconf 75' lang='grc' dir='ltr'>εἰρήνην</span> <span class='ocrx_word' id='word_1_134' title='bbox 563 1865 744 1936; x_wconf 81' lang='grc' dir='ltr'>ζητῶν</span> <span class='ocrx_word' id='word_1_135' title='bbox 789 1865 885 1920; x_wconf 75' lang='grc' dir='ltr'>καὶ</span> <span class='ocrx_word' id='word_1_136' title='bbox 932 1866 1245 1937; x_wconf 84' lang='grc' dir='ltr'>εὐχόμενος,</span> <span class='ocrx_word' id='word_1_137' title='bbox 1300 1866 1437 1919; x_wconf 81' lang='grc' dir='ltr'>ἀλλὰ</span> <span class='ocrx_word' id='word_1_138' title='bbox 1490 1870 1591 1934; x_wconf 73' lang='grc' dir='ltr'>τὴν</span> <span class='ocrx_word' id='word_1_139' title='bbox 1626 1870 1859 1939; x_wconf 88' lang='grc' dir='ltr'>πάτριον</span> <span class='ocrx_word' id='word_1_140' title='bbox 1896 1848 1935 1902; x_wconf 73' lang='grc' dir='ltr'><strong><em>Β</em></strong></span> 
     </span>
    </p>
   </div>
   <div class='ocr_carea' id='block_1_20' title="bbox 287 1959 1856 2029">
    <p class='ocr_par' dir='ltr' id='par_1_20' title="bbox 287 1959 1856 2029">
     <span class='ocr_line' id='line_1_20' title="bbox 287 1959 1856 2029; baseline 0.002 -19"><span class='ocrx_word' id='word_1_141' title='bbox 287 1959 546 2028; x_wconf 79' lang='grc' dir='ltr'>ἀλήθειαν</span> <span class='ocrx_word' id='word_1_142' title='bbox 577 1960 636 2011; x_wconf 73' lang='grc' dir='ltr'>οὐ</span> <span class='ocrx_word' id='word_1_143' title='bbox 666 1960 1015 2028; x_wconf 80' lang='grc' dir='ltr'>προϊέμενος,</span> <span class='ocrx_word' id='word_1_144' title='bbox 1059 1962 1152 2012; x_wconf 80' lang='grc' dir='ltr'>καὶ</span> <span class='ocrx_word' id='word_1_145' title='bbox 1201 1961 1259 2012; x_wconf 86' lang='grc' dir='ltr'>ὲν</span> <span class='ocrx_word' id='word_1_146' title='bbox 1295 1960 1432 2029; x_wconf 85' lang='grc' dir='ltr'>αὐτῇ</span> <span class='ocrx_word' id='word_1_147' title='bbox 1468 1959 1718 2013; x_wconf 82' lang='grc' dir='ltr'>ένοῦσθαι</span> <span class='ocrx_word' id='word_1_148' title='bbox 1755 1963 1856 2013; x_wconf 68' lang='grc' dir='ltr'>πᾶς</span> 
     </span>
    </p>
   </div>
   <div class='ocr_carea' id='block_1_21' title="bbox 288 2050 1860 2121">
    <p class='ocr_par' dir='ltr' id='par_1_21' title="bbox 288 2050 1860 2121">
     <span class='ocr_line' id='line_1_21' title="bbox 288 2050 1860 2121; baseline -0.001 -17"><span class='ocrx_word' id='word_1_149' title='bbox 288 2071 370 2105; x_wconf 88' lang='grc' dir='ltr'>σιν</span> <span class='ocrx_word' id='word_1_150' title='bbox 402 2052 730 2121; x_wconf 83' lang='grc' dir='ltr'>ἀνθρώποις,</span> <span class='ocrx_word' id='word_1_151' title='bbox 760 2051 813 2102; x_wconf 80' lang='grc' dir='ltr'>εί</span> <span class='ocrx_word' id='word_1_152' title='bbox 849 2068 912 2117; x_wconf 91' lang='grc' dir='ltr'>γε</span> <span class='ocrx_word' id='word_1_153' title='bbox 944 2051 1236 2120; x_wconf 74' lang='grc' dir='ltr'>βούλοιντο,</span> <span class='ocrx_word' id='word_1_154' title='bbox 1276 2050 1611 2119; x_wconf 82' lang='grc' dir='ltr'>βουλόμενος,</span> <span class='ocrx_word' id='word_1_155' title='bbox 1652 2053 1860 2114; x_wconf 73' lang='grc' dir='ltr'>Ἄλλως</span> 
     </span>
    </p>
   </div>
   <div class='ocr_carea' id='block_1_22' title="bbox 285 2144 1861 2213">
    <p class='ocr_par' dir='ltr' id='par_1_22' title="bbox 285 2144 1861 2213">
     <span class='ocr_line' id='line_1_22' title="bbox 285 2144 1861 2213; baseline 0 -17"><span class='ocrx_word' id='word_1_156' title='bbox 285 2145 338 2196; x_wconf 85' lang='grc' dir='ltr'>δὲ</span> <span class='ocrx_word' id='word_1_157' title='bbox 366 2144 742 2213; x_wconf 80' lang='grc' dir='ltr'>διαφυλάττων</span> <span class='ocrx_word' id='word_1_158' title='bbox 784 2144 1024 2212; x_wconf 73' lang='grc' dir='ltr'>ἐμαυτὸν</span> <span class='ocrx_word' id='word_1_159' title='bbox 1056 2144 1165 2196; x_wconf 80' lang='grc' dir='ltr'>ἀπὸ</span> <span class='ocrx_word' id='word_1_160' title='bbox 1206 2144 1314 2197; x_wconf 86' lang='grc' dir='ltr'>τῶν</span> <span class='ocrx_word' id='word_1_161' title='bbox 1352 2146 1427 2213; x_wconf 81' lang='grc' dir='ltr'>μὴ</span> <span class='ocrx_word' id='word_1_162' title='bbox 1454 2145 1522 2198; x_wconf 83' lang='grc' dir='ltr'>τὰ</span> <span class='ocrx_word' id='word_1_163' title='bbox 1555 2145 1694 2197; x_wconf 87' lang='grc' dir='ltr'>αὐτά</span> <span class='ocrx_word' id='word_1_164' title='bbox 1730 2163 1861 2213; x_wconf 90' lang='grc' dir='ltr'>φρο-</span> 
     </span>
    </p>
   </div>
   <div class='ocr_carea' id='block_1_23' title="bbox 286 2233 1862 2305">
    <p class='ocr_par' dir='ltr' id='par_1_23' title="bbox 286 2233 1862 2305">
     <span class='ocr_line' id='line_1_23' title="bbox 286 2233 1862 2305; baseline 0.003 -20"><span class='ocrx_word' id='word_1_165' title='bbox 286 2235 546 2297; x_wconf 83' lang='grc' dir='ltr'>νούντων,</span> <span class='ocrx_word' id='word_1_166' title='bbox 588 2235 763 2297; x_wconf 76' lang='grc' dir='ltr'>οὕτως</span> <span class='ocrx_word' id='word_1_167' title='bbox 807 2233 963 2297; x_wconf 82' lang='grc' dir='ltr'>εἰδὼς</span> <span class='ocrx_word' id='word_1_168' title='bbox 999 2235 1126 2297; x_wconf 75' lang='grc' dir='ltr'>τοὺς</span> <span class='ocrx_word' id='word_1_169' title='bbox 1165 2238 1263 2303; x_wconf 83' lang='grc' dir='ltr'>τῆς</span> <span class='ocrx_word' id='word_1_170' title='bbox 1294 2236 1625 2304; x_wconf 81' lang='grc' dir='ltr'>Ἐκκλησίας</span> <span class='ocrx_word' id='word_1_171' title='bbox 1661 2238 1862 2305; x_wconf 88' lang='grc' dir='ltr'>νόμους</span> 
     </span>
    </p>
   </div>
   <div class='ocr_carea' id='block_1_24' title="bbox 290 2325 1863 2396">
    <p class='ocr_par' dir='ltr' id='par_1_24' title="bbox 290 2325 1863 2396">
     <span class='ocr_line' id='line_1_24' title="bbox 290 2325 1863 2396; baseline 0.003 -19"><span class='ocrx_word' id='word_1_172' title='bbox 290 2327 635 2390; x_wconf 83' lang='grc' dir='ltr'>κελεύοντας,</span> <span class='ocrx_word' id='word_1_173' title='bbox 668 2327 763 2380; x_wconf 70' lang='grc' dir='ltr'>καὶ</span> <span class='ocrx_word' id='word_1_174' title='bbox 790 2326 853 2379; x_wconf 80' lang='grc' dir='ltr'>τὸ</span> <span class='ocrx_word' id='word_1_175' title='bbox 884 2325 1106 2395; x_wconf 85' lang='grc' dir='ltr'>σύμπαν</span> <span class='ocrx_word' id='word_1_176' title='bbox 1135 2327 1311 2379; x_wconf 80' lang='grc' dir='ltr'>εἰπεῖν</span> <span class='ocrx_word' id='word_1_177' title='bbox 1344 2328 1863 2396; x_wconf 86' lang='grc' dir='ltr'>προῦποτιθεμένων</span> 
     </span>
    </p>
   </div>
   <div class='ocr_carea' id='block_1_25' title="bbox 286 2418 1865 2489">
    <p class='ocr_par' dir='ltr' id='par_1_25' title="bbox 286 2418 1865 2489">
     <span class='ocr_line' id='line_1_25' title="bbox 286 2418 1865 2489; baseline 0.001 -18"><span class='ocrx_word' id='word_1_178' title='bbox 286 2418 545 2472; x_wconf 82' lang='grc' dir='ltr'>ἁπάντων</span> <span class='ocrx_word' id='word_1_179' title='bbox 575 2419 823 2482; x_wconf 77' lang='grc' dir='ltr'>ἐκείνων,</span> <span class='ocrx_word' id='word_1_180' title='bbox 857 2420 933 2481; x_wconf 86' lang='grc' dir='ltr'>ὡς</span> <span class='ocrx_word' id='word_1_181' title='bbox 962 2419 1022 2470; x_wconf 81' lang='grc' dir='ltr'>ἐν</span> <span class='ocrx_word' id='word_1_182' title='bbox 1052 2419 1194 2489; x_wconf 79' lang='grc' dir='ltr'>ἀρχῇ</span> <span class='ocrx_word' id='word_1_183' title='bbox 1229 2420 1328 2487; x_wconf 78' lang='grc' dir='ltr'>τῆς</span> <span class='ocrx_word' id='word_1_184' title='bbox 1360 2420 1643 2489; x_wconf 86' lang='grc' dir='ltr'>παρούσης</span> <span class='ocrx_word' id='word_1_185' title='bbox 1669 2421 1865 2488; x_wconf 83' lang='grc' dir='ltr'>ὁμολο-</span> 
     </span>
    </p>
   </div>
   <div class='ocr_carea' id='block_1_26' title="bbox 285 2506 1864 2579">
    <p class='ocr_par' dir='ltr' id='par_1_26' title="bbox 285 2506 1864 2579">
     <span class='ocr_line' id='line_1_26' title="bbox 285 2506 1864 2579; baseline 0.003 -21"><span class='ocrx_word' id='word_1_186' title='bbox 285 2508 433 2573; x_wconf 86' lang='grc' dir='ltr'>γίας,</span> <span class='ocrx_word' id='word_1_187' title='bbox 464 2506 711 2560; x_wconf 83' lang='grc' dir='ltr'>πιστεύω</span> <span class='ocrx_word' id='word_1_188' title='bbox 737 2506 908 2577; x_wconf 80' lang='grc' dir='ltr'>ψυχῇ,</span> <span class='ocrx_word' id='word_1_189' title='bbox 942 2509 1036 2561; x_wconf 77' lang='grc' dir='ltr'>καὶ</span> <span class='ocrx_word' id='word_1_190' title='bbox 1067 2508 1285 2579; x_wconf 82' lang='grc' dir='ltr'>γλώττῃ</span> <span class='ocrx_word' id='word_1_191' title='bbox 1313 2509 1580 2579; x_wconf 76' lang='grc' dir='ltr'>ὁμολογῶ,</span> <span class='ocrx_word' id='word_1_192' title='bbox 1612 2510 1703 2563; x_wconf 78' lang='grc' dir='ltr'>τὸν</span> <span class='ocrx_word' id='word_1_193' title='bbox 1731 2511 1864 2564; x_wconf 80' lang='grc' dir='ltr'>Θεὸν</span> 
     </span>
    </p>
   </div>
   <div class='ocr_carea' id='block_1_27' title="bbox 285 2595 1864 2668">
    <p class='ocr_par' dir='ltr' id='par_1_27' title="bbox 285 2595 1864 2668">
     <span class='ocr_line' id='line_1_27' title="bbox 285 2595 1864 2668; baseline 0.005 -22"><span class='ocrx_word' id='word_1_194' title='bbox 285 2595 375 2647; x_wconf 84' lang='grc' dir='ltr'>καὶ</span> <span class='ocrx_word' id='word_1_195' title='bbox 399 2599 619 2660; x_wconf 80' lang='grc' dir='ltr'>Πατέρα</span> <span class='ocrx_word' id='word_1_196' title='bbox 644 2598 843 2667; x_wconf 75' lang='grc' dir='ltr'>γεννᾷν</span> <span class='ocrx_word' id='word_1_197' title='bbox 890 2598 953 2652; x_wconf 80' lang='grc' dir='ltr'>ὲκ</span> <span class='ocrx_word' id='word_1_198' title='bbox 978 2598 1079 2668; x_wconf 84' lang='grc' dir='ltr'>τῆς</span> <span class='ocrx_word' id='word_1_199' title='bbox 1107 2598 1298 2663; x_wconf 84' lang='grc' dir='ltr'>οὐσίας</span> <span class='ocrx_word' id='word_1_200' title='bbox 1335 2599 1501 2654; x_wconf 88' lang='grc' dir='ltr'>αὐτοῦ</span> <span class='ocrx_word' id='word_1_201' title='bbox 1562 2602 1655 2654; x_wconf 80' lang='grc' dir='ltr'>τὸν</span> <span class='ocrx_word' id='word_1_202' title='bbox 1695 2601 1864 2654; x_wconf 86' lang='grc' dir='ltr'>αὐτοῦ</span> 
     </span>
    </p>
   </div>
   <div class='ocr_carea' id='block_1_28' title="bbox 288 2689 1864 2763">
    <p class='ocr_par' dir='ltr' id='par_1_28' title="bbox 288 2689 1864 2763">
     <span class='ocr_line' id='line_1_28' title="bbox 288 2689 1864 2763; baseline 0.005 -24"><span class='ocrx_word' id='word_1_203' title='bbox 288 2691 458 2755; x_wconf 70' lang='grc' dir='ltr'>Λόγον</span> <span class='ocrx_word' id='word_1_204' title='bbox 490 2689 767 2759; x_wconf 78' lang='grc' dir='ltr'>ἁρρήτως,</span> <span class='ocrx_word' id='word_1_205' title='bbox 804 2691 896 2743; x_wconf 75' lang='grc' dir='ltr'>καὶ</span> <span class='ocrx_word' id='word_1_206' title='bbox 920 2692 1243 2761; x_wconf 85' lang='grc' dir='ltr'>προϐάλλειν</span> <span class='ocrx_word' id='word_1_207' title='bbox 1269 2694 1331 2745; x_wconf 83' lang='grc' dir='ltr'>ἑκ</span> <span class='ocrx_word' id='word_1_208' title='bbox 1362 2694 1460 2763; x_wconf 84' lang='grc' dir='ltr'>τῆς</span> <span class='ocrx_word' id='word_1_209' title='bbox 1485 2693 1654 2761; x_wconf 79' lang='grc' dir='ltr'>αὐτῆς</span> <span class='ocrx_word' id='word_1_210' title='bbox 1676 2694 1864 2756; x_wconf 83' lang='grc' dir='ltr'>οὐσίας</span> 
     </span>
    </p>
   </div>
   <div class='ocr_carea' id='block_1_29' title="bbox 292 2782 1868 2857">
    <p class='ocr_par' dir='ltr' id='par_1_29' title="bbox 292 2782 1868 2857">
     <span class='ocr_line' id='line_1_29' title="bbox 292 2782 1868 2857; baseline 0.003 -24"><span class='ocrx_word' id='word_1_211' title='bbox 292 2783 455 2834; x_wconf 82' lang='grc' dir='ltr'>αὐτοῦ</span> <span class='ocrx_word' id='word_1_212' title='bbox 493 2783 552 2833; x_wconf 90' lang='grc' dir='ltr'>τὸ</span> <span class='ocrx_word' id='word_1_213' title='bbox 596 2782 823 2849; x_wconf 80' lang='grc' dir='ltr'>Πνεῦμα</span> <span class='ocrx_word' id='word_1_214' title='bbox 874 2784 936 2836; x_wconf 72' lang='grc' dir='ltr'>τὸ</span> <span class='ocrx_word' id='word_1_215' title='bbox 979 2784 1135 2851; x_wconf 70' lang='grc' dir='ltr'>ἅγιον</span> <span class='ocrx_word' id='word_1_216' title='bbox 1160 2786 1585 2857; x_wconf 77' lang='grc' dir='ltr'>ύπεραρῤήτως,</span> <span class='ocrx_word' id='word_1_217' title='bbox 1620 2786 1868 2841; x_wconf 81' lang='grc' dir='ltr'>συναῖδια</span> 
     </span>
    </p>
   </div>
   <div class='ocr_carea' id='block_1_30' title="bbox 290 2872 1866 2945">
    <p class='ocr_par' dir='ltr' id='par_1_30' title="bbox 290 2872 1866 2945">
     <span class='ocr_line' id='line_1_30' title="bbox 290 2872 1866 2945; baseline 0.003 -22"><span class='ocrx_word' id='word_1_218' title='bbox 290 2874 382 2924; x_wconf 69' lang='grc' dir='ltr'>καὶ</span> <span class='ocrx_word' id='word_1_219' title='bbox 425 2872 656 2940; x_wconf 74' lang='grc' dir='ltr'>ὁμόδοξοι</span> <span class='ocrx_word' id='word_1_220' title='bbox 701 2873 797 2924; x_wconf 80' lang='grc' dir='ltr'>καὶ</span> <span class='ocrx_word' id='word_1_221' title='bbox 839 2872 1046 2940; x_wconf 85' lang='grc' dir='ltr'>όμόθεα</span> <span class='ocrx_word' id='word_1_222' title='bbox 1101 2872 1385 2942; x_wconf 82' lang='grc' dir='ltr'>πρόσωπα,</span> <span class='ocrx_word' id='word_1_223' title='bbox 1426 2875 1866 2945; x_wconf 87' lang='grc' dir='ltr'>διακεκριμμένα</span> 
     </span>
    </p>
   </div>
   <div class='ocr_carea' id='block_1_31' title="bbox 291 2962 1865 3033">
    <p class='ocr_par' dir='ltr' id='par_1_31' title="bbox 291 2962 1865 3033">
     <span class='ocr_line' id='line_1_31' title="bbox 291 2962 1865 3033; baseline 0.004 -20"><span class='ocrx_word' id='word_1_224' title='bbox 291 2965 387 3030; x_wconf 72' lang='grc' dir='ltr'>μὲν</span> <span class='ocrx_word' id='word_1_225' title='bbox 418 2962 666 3031; x_wconf 83' lang='grc' dir='ltr'>ἀλλήλων</span> <span class='ocrx_word' id='word_1_226' title='bbox 692 2963 1094 3027; x_wconf 81' lang='grc' dir='ltr'>ὐποστατικῶς,</span> <span class='ocrx_word' id='word_1_227' title='bbox 1125 2964 1204 3033; x_wconf 82' lang='grc' dir='ltr'>τῷ</span> <span class='ocrx_word' id='word_1_228' title='bbox 1237 2966 1528 3031; x_wconf 78' lang='grc' dir='ltr'>γεννᾶσθαι</span> <span class='ocrx_word' id='word_1_229' title='bbox 1571 2970 1665 3019; x_wconf 75' lang='grc' dir='ltr'>καὶ</span> <span class='ocrx_word' id='word_1_230' title='bbox 1699 2969 1865 3020; x_wconf 71' lang='grc' dir='ltr'>ἐκπο-</span> 
     </span>
    </p>
   </div>
   <div class='ocr_carea' id='block_1_32' title="bbox 293 3054 1866 3129">
    <p class='ocr_par' dir='ltr' id='par_1_32' title="bbox 293 3054 1866 3129">
     <span class='ocr_line' id='line_1_32' title="bbox 293 3054 1866 3129; baseline 0.004 -23"><span class='ocrx_word' id='word_1_231' title='bbox 293 3054 570 3124; x_wconf 79' lang='grc' dir='ltr'>ρεύεσθαι,</span> <span class='ocrx_word' id='word_1_232' title='bbox 602 3058 851 3109; x_wconf 80' lang='grc' dir='ltr'>τουτέστι</span> <span class='ocrx_word' id='word_1_233' title='bbox 907 3056 987 3125; x_wconf 88' lang='grc' dir='ltr'>τῷ</span> <span class='ocrx_word' id='word_1_234' title='bbox 1026 3057 1270 3126; x_wconf 87' lang='grc' dir='ltr'>διαφόρῳ</span> <span class='ocrx_word' id='word_1_235' title='bbox 1311 3059 1499 3129; x_wconf 86' lang='grc' dir='ltr'>τρόπῳ</span> <span class='ocrx_word' id='word_1_236' title='bbox 1544 3059 1644 3129; x_wconf 81' lang='grc' dir='ltr'>τῆς</span> <span class='ocrx_word' id='word_1_237' title='bbox 1678 3062 1742 3113; x_wconf 81' lang='grc' dir='ltr'>ὲκ</span> <span class='ocrx_word' id='word_1_238' title='bbox 1773 3060 1866 3114; x_wconf 83' lang='grc' dir='ltr'>τοῦ</span> 
     </span>
    </p>
   </div>
   <div class='ocr_carea' id='block_1_33' title="bbox 292 3149 1937 3244">
    <p class='ocr_par' dir='ltr' id='par_1_33' title="bbox 292 3149 1937 3244">
     <span class='ocr_line' id='line_1_33' title="bbox 292 3149 1937 3244; baseline 0.004 -43"><span class='ocrx_word' id='word_1_239' title='bbox 292 3150 505 3218; x_wconf 78' lang='grc' dir='ltr'>Πατρὺς</span> <span class='ocrx_word' id='word_1_240' title='bbox 542 3150 921 3213; x_wconf 80' lang='grc' dir='ltr'>ὑποστάσεως,</span> <span class='ocrx_word' id='word_1_241' title='bbox 960 3153 1017 3203; x_wconf 81' lang='grc' dir='ltr'>ἐν</span> <span class='ocrx_word' id='word_1_242' title='bbox 1051 3149 1300 3219; x_wconf 83' lang='grc' dir='ltr'>ἀλλήλοις</span> <span class='ocrx_word' id='word_1_243' title='bbox 1328 3151 1385 3203; x_wconf 80' lang='grc' dir='ltr'>δὲ</span> <span class='ocrx_word' id='word_1_244' title='bbox 1419 3152 1545 3205; x_wconf 75' lang='grc' dir='ltr'>ὄντα</span> <span class='ocrx_word' id='word_1_245' title='bbox 1592 3153 1734 3206; x_wconf 77' lang='grc' dir='ltr'>κατὰ</span> <span class='ocrx_word' id='word_1_246' title='bbox 1768 3155 1867 3220; x_wconf 80' lang='grc' dir='ltr'>τὴν</span> <span class='ocrx_word' id='word_1_247' title='bbox 1893 3189 1937 3244; x_wconf 72' lang='lat' dir='ltr'>c</span> 
     </span>
    </p>
   </div>
   <div class='ocr_carea' id='block_1_34' title="bbox 291 3240 1865 3313">
    <p class='ocr_par' dir='ltr' id='par_1_34' title="bbox 291 3240 1865 3313">
     <span class='ocr_line' id='line_1_34' title="bbox 291 3240 1865 3313; baseline 0.004 -22"><span class='ocrx_word' id='word_1_248' title='bbox 291 3240 473 3308; x_wconf 79' lang='grc' dir='ltr'>φύσιν,</span> <span class='ocrx_word' id='word_1_249' title='bbox 504 3240 579 3302; x_wconf 83' lang='grc' dir='ltr'>ὡς</span> <span class='ocrx_word' id='word_1_250' title='bbox 631 3240 731 3310; x_wconf 84' lang='grc' dir='ltr'>τὴν</span> <span class='ocrx_word' id='word_1_251' title='bbox 794 3240 963 3309; x_wconf 77' lang='grc' dir='ltr'>αὐτὴν</span> <span class='ocrx_word' id='word_1_252' title='bbox 1014 3240 1232 3311; x_wconf 84' lang='grc' dir='ltr'>ἀριθμῷ</span> <span class='ocrx_word' id='word_1_253' title='bbox 1280 3242 1470 3296; x_wconf 89' lang='grc' dir='ltr'>οὐσίαν</span> <span class='ocrx_word' id='word_1_254' title='bbox 1518 3242 1865 3313; x_wconf 81' lang='grc' dir='ltr'>λαμϐάνοντα</span> 
     </span>
    </p>
   </div>
   <div class='ocr_carea' id='block_1_35' title="bbox 292 3331 1869 3404">
    <p class='ocr_par' dir='ltr' id='par_1_35' title="bbox 292 3331 1869 3404">
     <span class='ocr_line' id='line_1_35' title="bbox 292 3331 1869 3404; baseline 0.004 -21"><span class='ocrx_word' id='word_1_255' title='bbox 292 3335 353 3384; x_wconf 80' lang='grc' dir='ltr'>ὲκ</span> <span class='ocrx_word' id='word_1_256' title='bbox 378 3333 472 3384; x_wconf 75' lang='grc' dir='ltr'>τοῦ</span> <span class='ocrx_word' id='word_1_257' title='bbox 504 3331 740 3401; x_wconf 76' lang='grc' dir='ltr'>Πατρδς,</span> <span class='ocrx_word' id='word_1_258' title='bbox 770 3333 862 3385; x_wconf 66' lang='grc' dir='ltr'>καὶ</span> <span class='ocrx_word' id='word_1_259' title='bbox 890 3333 1002 3401; x_wconf 75' lang='grc' dir='ltr'>ἅμα</span> <span class='ocrx_word' id='word_1_260' title='bbox 1027 3334 1122 3385; x_wconf 72' lang='grc' dir='ltr'>καὶ</span> <span class='ocrx_word' id='word_1_261' title='bbox 1144 3336 1207 3403; x_wconf 83' lang='grc' dir='ltr'>τῇ</span> <span class='ocrx_word' id='word_1_262' title='bbox 1233 3334 1372 3403; x_wconf 80' lang='grc' dir='ltr'>αὐτῇ</span> <span class='ocrx_word' id='word_1_263' title='bbox 1402 3335 1540 3403; x_wconf 74' lang='grc' dir='ltr'>πρὸς</span> <span class='ocrx_word' id='word_1_264' title='bbox 1564 3335 1664 3404; x_wconf 86' lang='grc' dir='ltr'>τὴν</span> <span class='ocrx_word' id='word_1_265' title='bbox 1691 3336 1869 3390; x_wconf 86' lang='grc' dir='ltr'>αίτίαν</span> 
     </span>
    </p>
   </div>
   <div class='ocr_carea' id='block_1_36' title="bbox 292 3422 1870 3495">
    <p class='ocr_par' dir='ltr' id='par_1_36' title="bbox 292 3422 1870 3495">
     <span class='ocr_line' id='line_1_36' title="bbox 292 3422 1870 3495; baseline 0.003 -22"><span class='ocrx_word' id='word_1_266' title='bbox 292 3422 542 3492; x_wconf 78' lang='grc' dir='ltr'>ἀναφορᾷ</span> <span class='ocrx_word' id='word_1_267' title='bbox 574 3439 632 3473; x_wconf 86' lang='grc' dir='ltr'>τε</span> <span class='ocrx_word' id='word_1_268' title='bbox 681 3422 773 3473; x_wconf 77' lang='grc' dir='ltr'>καὶ</span> <span class='ocrx_word' id='word_1_269' title='bbox 802 3422 973 3485; x_wconf 77' lang='grc' dir='ltr'>τάξει.</span> <span class='ocrx_word' id='word_1_270' title='bbox 1017 3424 1084 3475; x_wconf 85' lang='grc' dir='ltr'>Ὅ</span> <span class='ocrx_word' id='word_1_271' title='bbox 1127 3424 1189 3493; x_wconf 74' lang='grc' dir='ltr'>δὴ</span> <span class='ocrx_word' id='word_1_272' title='bbox 1219 3425 1275 3475; x_wconf 83' lang='grc' dir='ltr'>ὲν</span> <span class='ocrx_word' id='word_1_273' title='bbox 1300 3426 1363 3493; x_wconf 80' lang='grc' dir='ltr'>τῇ</span> <span class='ocrx_word' id='word_1_274' title='bbox 1414 3426 1710 3495; x_wconf 79' lang='grc' dir='ltr'>ἀριθμήσει</span> <span class='ocrx_word' id='word_1_275' title='bbox 1763 3427 1870 3479; x_wconf 88' lang='grc' dir='ltr'>τῶν</span> 
     </span>
    </p>
   </div>
   <div class='ocr_carea' id='block_1_37' title="bbox 292 3510 1870 3582">
    <p class='ocr_par' dir='ltr' id='par_1_37' title="bbox 292 3510 1870 3582">
     <span class='ocr_line' id='line_1_37' title="bbox 292 3510 1870 3582; baseline 0.003 -19"><span class='ocrx_word' id='word_1_276' title='bbox 292 3514 599 3579; x_wconf 78' lang='grc' dir='ltr'>προσώπων</span> <span class='ocrx_word' id='word_1_277' title='bbox 636 3516 703 3580; x_wconf 82' lang='grc' dir='ltr'>τῇ</span> <span class='ocrx_word' id='word_1_278' title='bbox 741 3510 839 3564; x_wconf 82' lang='grc' dir='ltr'>διὰ</span> <span class='ocrx_word' id='word_1_279' title='bbox 874 3511 1130 3580; x_wconf 81' lang='grc' dir='ltr'>προθέσει</span> <span class='ocrx_word' id='word_1_280' title='bbox 1159 3512 1323 3582; x_wconf 81' lang='grc' dir='ltr'>δηλῶ,</span> <span class='ocrx_word' id='word_1_281' title='bbox 1375 3511 1546 3580; x_wconf 90' lang='grc' dir='ltr'>λέγων</span> <span class='ocrx_word' id='word_1_282' title='bbox 1597 3514 1870 3567; x_wconf 78' lang='grc' dir='ltr'>πιστεύειν</span> 
     </span>
    </p>
   </div>
   <div class='ocr_carea' id='block_1_38' title="bbox 291 3598 1867 3670">
    <p class='ocr_par' dir='ltr' id='par_1_38' title="bbox 291 3598 1867 3670">
     <span class='ocr_line' id='line_1_38' title="bbox 291 3598 1867 3670; baseline 0.003 -19"><span class='ocrx_word' id='word_1_283' title='bbox 291 3603 368 3662; x_wconf 81' lang='grc' dir='ltr'>εἰς</span> <span class='ocrx_word' id='word_1_284' title='bbox 410 3601 630 3669; x_wconf 81' lang='grc' dir='ltr'>Πατέρα</span> <span class='ocrx_word' id='word_1_285' title='bbox 680 3599 772 3650; x_wconf 74' lang='grc' dir='ltr'>καὶ</span> <span class='ocrx_word' id='word_1_286' title='bbox 807 3599 933 3652; x_wconf 84' lang='grc' dir='ltr'>Υίὸν</span> <span class='ocrx_word' id='word_1_287' title='bbox 968 3598 1028 3663; x_wconf 76' lang='grc' dir='ltr'>ἐξ</span> <span class='ocrx_word' id='word_1_288' title='bbox 1059 3599 1246 3667; x_wconf 87' lang='grc' dir='ltr'>αὐτοῦ,</span> <span class='ocrx_word' id='word_1_289' title='bbox 1280 3603 1373 3654; x_wconf 82' lang='grc' dir='ltr'>καὶ</span> <span class='ocrx_word' id='word_1_290' title='bbox 1411 3600 1634 3670; x_wconf 85' lang='grc' dir='ltr'>Πνεῦμα</span> <span class='ocrx_word' id='word_1_291' title='bbox 1660 3604 1724 3655; x_wconf 77' lang='grc' dir='ltr'>ὲκ</span> <span class='ocrx_word' id='word_1_292' title='bbox 1757 3605 1867 3659; x_wconf 87' lang='grc' dir='ltr'>Πα-</span> 
     </span>
    </p>
   </div>
   <div class='ocr_carea' id='block_1_39' title="bbox 289 3693 1871 3768">
    <p class='ocr_par' dir='ltr' id='par_1_39' title="bbox 289 3693 1871 3768">
     <span class='ocr_line' id='line_1_39' title="bbox 289 3693 1871 3768; baseline 0.003 -21"><span class='ocrx_word' id='word_1_293' title='bbox 289 3695 416 3765; x_wconf 78' lang='grc' dir='ltr'>τρδς</span> <span class='ocrx_word' id='word_1_294' title='bbox 465 3695 536 3747; x_wconf 83' lang='grc' dir='ltr'>δι’</span> <span class='ocrx_word' id='word_1_295' title='bbox 574 3694 724 3761; x_wconf 82' lang='grc' dir='ltr'>Υίοῦ,</span> <span class='ocrx_word' id='word_1_296' title='bbox 756 3693 867 3748; x_wconf 83' lang='grc' dir='ltr'>είτε</span> <span class='ocrx_word' id='word_1_297' title='bbox 896 3697 979 3748; x_wconf 82' lang='grc' dir='ltr'>ὅτι</span> <span class='ocrx_word' id='word_1_298' title='bbox 1015 3695 1089 3765; x_wconf 84' lang='grc' dir='ltr'>μὴ</span> <span class='ocrx_word' id='word_1_299' title='bbox 1128 3697 1400 3766; x_wconf 88' lang='grc' dir='ltr'>γεννητῶς</span> <span class='ocrx_word' id='word_1_300' title='bbox 1451 3698 1871 3768; x_wconf 85' lang='grc' dir='ltr'>προθεωρουμέ-</span> 
     </span>
    </p>
   </div>
   <div class='ocr_carea' id='block_1_40' title="bbox 289 3786 1871 3864">
    <p class='ocr_par' dir='ltr' id='par_1_40' title="bbox 289 3786 1871 3864">
     <span class='ocr_line' id='line_1_40' title="bbox 289 3786 1871 3864; baseline 0.003 -23"><span class='ocrx_word' id='word_1_301' title='bbox 289 3806 379 3841; x_wconf 89' lang='grc' dir='ltr'>νου</span> <span class='ocrx_word' id='word_1_302' title='bbox 408 3786 506 3840; x_wconf 87' lang='grc' dir='ltr'>τοῦ</span> <span class='ocrx_word' id='word_1_303' title='bbox 532 3787 707 3854; x_wconf 80' lang='grc' dir='ltr'>Λόγου</span> <span class='ocrx_word' id='word_1_304' title='bbox 740 3788 832 3839; x_wconf 73' lang='grc' dir='ltr'>καὶ</span> <span class='ocrx_word' id='word_1_305' title='bbox 858 3791 1405 3858; x_wconf 81' lang='grc' dir='ltr'>προικφωνουμένου,</span> <span class='ocrx_word' id='word_1_306' title='bbox 1436 3790 1544 3844; x_wconf 80' lang='grc' dir='ltr'>εἴτε</span> <span class='ocrx_word' id='word_1_307' title='bbox 1567 3792 1648 3844; x_wconf 83' lang='grc' dir='ltr'>ὅτι</span> <span class='ocrx_word' id='word_1_308' title='bbox 1670 3794 1728 3845; x_wconf 80' lang='grc' dir='ltr'>ἐν</span> <span class='ocrx_word' id='word_1_309' title='bbox 1758 3792 1871 3864; x_wconf 84' lang='grc' dir='ltr'>Υίῷ</span> 
     </span>
    </p>
   </div>
   <div class='ocr_carea' id='block_1_41' title="bbox 289 3878 1873 3951">
    <p class='ocr_par' dir='ltr' id='par_1_41' title="bbox 289 3878 1873 3951">
     <span class='ocr_line' id='line_1_41' title="bbox 289 3878 1873 3951; baseline 0.003 -19"><span class='ocrx_word' id='word_1_310' title='bbox 289 3881 375 3932; x_wconf 72' lang='grc' dir='ltr'>διὰ</span> <span class='ocrx_word' id='word_1_311' title='bbox 405 3880 505 3942; x_wconf 78' lang='grc' dir='ltr'>τὴν</span> <span class='ocrx_word' id='word_1_312' title='bbox 530 3880 627 3946; x_wconf 80' lang='grc' dir='ltr'>τῆς</span> <span class='ocrx_word' id='word_1_313' title='bbox 651 3878 841 3941; x_wconf 78' lang='grc' dir='ltr'>οὐσίας</span> <span class='ocrx_word' id='word_1_314' title='bbox 869 3879 1120 3949; x_wconf 77' lang='grc' dir='ltr'>ἑνότητα.</span> <span class='ocrx_word' id='word_1_315' title='bbox 1149 3881 1336 3951; x_wconf 89' lang='grc' dir='ltr'>Μόνην</span> <span class='ocrx_word' id='word_1_316' title='bbox 1358 3881 1415 3934; x_wconf 79' lang='grc' dir='ltr'>δὲ</span> <span class='ocrx_word' id='word_1_317' title='bbox 1439 3880 1537 3951; x_wconf 73' lang='grc' dir='ltr'>τὴν</span> <span class='ocrx_word' id='word_1_318' title='bbox 1571 3883 1873 3938; x_wconf 80' lang='grc' dir='ltr'>ὑπόστασιν</span> 
     </span>
    </p>
   </div>
   <div class='ocr_carea' id='block_1_42' title="bbox 289 3966 1875 4040">
    <p class='ocr_par' dir='ltr' id='par_1_42' title="bbox 289 3966 1875 4040">
     <span class='ocr_line' id='line_1_42' title="bbox 289 3966 1875 4040; baseline 0.002 -15"><span class='ocrx_word' id='word_1_319' title='bbox 289 3972 383 4025; x_wconf 92' lang='grc' dir='ltr'>τοῦ</span> <span class='ocrx_word' id='word_1_320' title='bbox 418 3971 633 4039; x_wconf 66' lang='grc' dir='ltr'>Πατρός</span> <span class='ocrx_word' id='word_1_321' title='bbox 660 3971 839 4040; x_wconf 77' lang='grc' dir='ltr'>ἀρχὴν</span> <span class='ocrx_word' id='word_1_322' title='bbox 865 3973 957 4023; x_wconf 83' lang='grc' dir='ltr'>καί</span> <span class='ocrx_word' id='word_1_323' title='bbox 984 3972 1162 4027; x_wconf 88' lang='grc' dir='ltr'>αίτίαν</span> <span class='ocrx_word' id='word_1_324' title='bbox 1189 3966 1307 4025; x_wconf 79' lang='grc' dir='ltr'>οἶδα</span> <span class='ocrx_word' id='word_1_325' title='bbox 1334 3969 1465 4023; x_wconf 82' lang='grc' dir='ltr'>Υίοῦ</span> <span class='ocrx_word' id='word_1_326' title='bbox 1495 3988 1554 4025; x_wconf 86' lang='grc' dir='ltr'>τε</span> <span class='ocrx_word' id='word_1_327' title='bbox 1588 3974 1683 4027; x_wconf 81' lang='grc' dir='ltr'>καὶ</span> <span class='ocrx_word' id='word_1_328' title='bbox 1703 3974 1875 4028; x_wconf 86' lang='grc' dir='ltr'>Πνεύ-</span> 
     </span>
    </p>
   </div>
   <div class='ocr_carea' id='block_1_43' title="bbox 293 4062 1875 4134">
    <p class='ocr_par' dir='ltr' id='par_1_43' title="bbox 293 4062 1875 4134">
     <span class='ocr_line' id='line_1_43' title="bbox 293 4062 1875 4134; baseline 0.003 -19"><span class='ocrx_word' id='word_1_329' title='bbox 293 4080 483 4131; x_wconf 70' lang='grc' dir='ltr'>ματος,</span> <span class='ocrx_word' id='word_1_330' title='bbox 506 4064 601 4115; x_wconf 79' lang='grc' dir='ltr'>καὶ</span> <span class='ocrx_word' id='word_1_331' title='bbox 628 4063 893 4131; x_wconf 76' lang='grc' dir='ltr'>ἑκατέρου</span> <span class='ocrx_word' id='word_1_332' title='bbox 924 4062 1114 4132; x_wconf 78' lang='grc' dir='ltr'>χωρὶς,</span> <span class='ocrx_word' id='word_1_333' title='bbox 1147 4062 1203 4115; x_wconf 78' lang='grc' dir='ltr'>εἴ</span> <span class='ocrx_word' id='word_1_334' title='bbox 1231 4078 1316 4126; x_wconf 86' lang='grc' dir='ltr'>τις</span> <span class='ocrx_word' id='word_1_335' title='bbox 1347 4063 1647 4132; x_wconf 77' lang='grc' dir='ltr'>έπηρεάζει</span> <span class='ocrx_word' id='word_1_336' title='bbox 1673 4064 1751 4134; x_wconf 78' lang='grc' dir='ltr'>τῷ</span> <span class='ocrx_word' id='word_1_337' title='bbox 1774 4066 1875 4120; x_wconf 84' lang='grc' dir='ltr'>Λό-</span> 
     </span>
    </p>
   </div>
   <div class='ocr_carea' id='block_1_44' title="bbox 291 4151 1875 4223">
    <p class='ocr_par' dir='ltr' id='par_1_44' title="bbox 291 4151 1875 4223">
     <span class='ocr_line' id='line_1_44' title="bbox 291 4151 1875 4223; baseline 0.002 -18"><span class='ocrx_word' id='word_1_338' title='bbox 291 4171 372 4223; x_wconf 87' lang='grc' dir='ltr'>γῳ</span> <span class='ocrx_word' id='word_1_339' title='bbox 402 4157 501 4207; x_wconf 85' lang='grc' dir='ltr'>καὶ</span> <span class='ocrx_word' id='word_1_340' title='bbox 519 4153 851 4221; x_wconf 78' lang='grc' dir='ltr'>ἀμφοτέρων</span> <span class='ocrx_word' id='word_1_341' title='bbox 878 4151 1013 4220; x_wconf 80' lang='grc' dir='ltr'>ὁμοῦ</span> <span class='ocrx_word' id='word_1_342' title='bbox 1046 4153 1142 4205; x_wconf 76' lang='grc' dir='ltr'>καὶ</span> <span class='ocrx_word' id='word_1_343' title='bbox 1173 4151 1333 4222; x_wconf 83' lang='grc' dir='ltr'>μόνον</span> <span class='ocrx_word' id='word_1_344' title='bbox 1364 4152 1563 4218; x_wconf 74' lang='grc' dir='ltr'>αἰτίαν,</span> <span class='ocrx_word' id='word_1_345' title='bbox 1594 4154 1875 4208; x_wconf 83' lang='grc' dir='ltr'>τουτέστιν</span> 
     </span>
    </p>
   </div>
   <div class='ocr_carea' id='block_1_45' title="bbox 290 4243 1874 4318">
    <p class='ocr_par' dir='ltr' id='par_1_45' title="bbox 290 4243 1874 4318">
     <span class='ocr_line' id='line_1_45' title="bbox 290 4243 1874 4318; baseline 0.001 -17"><span class='ocrx_word' id='word_1_346' title='bbox 290 4250 591 4318; x_wconf 80' lang='grc' dir='ltr'>ἀγέννητον</span> <span class='ocrx_word' id='word_1_347' title='bbox 640 4247 732 4299; x_wconf 79' lang='grc' dir='ltr'>καὶ</span> <span class='ocrx_word' id='word_1_348' title='bbox 777 4246 1018 4299; x_wconf 82' lang='grc' dir='ltr'>ἀναίτιον</span> <span class='ocrx_word' id='word_1_349' title='bbox 1042 4261 1056 4275; x_wconf 89' lang='grc'><strong>·</strong></span> <span class='ocrx_word' id='word_1_350' title='bbox 1090 4246 1182 4298; x_wconf 80' lang='grc' dir='ltr'>τὸν</span> <span class='ocrx_word' id='word_1_351' title='bbox 1219 4245 1276 4299; x_wconf 80' lang='grc' dir='ltr'>δὲ</span> <span class='ocrx_word' id='word_1_352' title='bbox 1311 4246 1439 4299; x_wconf 84' lang='grc' dir='ltr'>Υίὸν</span> <span class='ocrx_word' id='word_1_353' title='bbox 1472 4243 1565 4300; x_wconf 75' lang='grc' dir='ltr'>τοῦ</span> <span class='ocrx_word' id='word_1_354' title='bbox 1600 4248 1736 4302; x_wconf 81' lang='grc' dir='ltr'>Θεοῦ</span> <span class='ocrx_word' id='word_1_355' title='bbox 1780 4250 1874 4302; x_wconf 74' lang='grc' dir='ltr'>καὶ</span> 
     </span>
    </p>
   </div>
   <div class='ocr_carea' id='block_1_46' title="bbox 287 4340 1872 4412">
    <p class='ocr_par' dir='ltr' id='par_1_46' title="bbox 287 4340 1872 4412">
     <span class='ocr_line' id='line_1_46' title="bbox 287 4340 1872 4412; baseline 0.001 -18"><span class='ocrx_word' id='word_1_356' title='bbox 287 4353 346 4394; x_wconf 81' lang='grc' dir='ltr'>το</span> <span class='ocrx_word' id='word_1_357' title='bbox 381 4342 607 4411; x_wconf 86' lang='grc' dir='ltr'>Πνεῦμα</span> <span class='ocrx_word' id='word_1_358' title='bbox 646 4342 707 4394; x_wconf 83' lang='grc' dir='ltr'>τὸ</span> <span class='ocrx_word' id='word_1_359' title='bbox 755 4341 912 4409; x_wconf 69' lang='grc' dir='ltr'>ἅγιον</span> <span class='ocrx_word' id='word_1_360' title='bbox 942 4340 1164 4394; x_wconf 87' lang='grc' dir='ltr'>αίτιατά</span> <span class='ocrx_word' id='word_1_361' title='bbox 1209 4341 1369 4409; x_wconf 90' lang='grc' dir='ltr'>μόνον</span> <span class='ocrx_word' id='word_1_362' title='bbox 1399 4343 1473 4403; x_wconf 88' lang='grc' dir='ltr'>ώς</span> <span class='ocrx_word' id='word_1_363' title='bbox 1505 4343 1745 4412; x_wconf 76' lang='grc' dir='ltr'>ἐξαρχῆς</span> <span class='ocrx_word' id='word_1_364' title='bbox 1777 4343 1872 4395; x_wconf 87' lang='grc' dir='ltr'>τοῦ</span> 
     </span>
    </p>
   </div>
   <div class='ocr_carea' id='block_1_47' title="bbox 290 4434 1870 4507">
    <p class='ocr_par' dir='ltr' id='par_1_47' title="bbox 290 4434 1870 4507">
     <span class='ocr_line' id='line_1_47' title="bbox 290 4434 1870 4507; baseline 0.001 -21"><span class='ocrx_word' id='word_1_365' title='bbox 290 4436 502 4505; x_wconf 78' lang='grc' dir='ltr'>Πατρός</span> <span class='ocrx_word' id='word_1_366' title='bbox 526 4452 540 4468; x_wconf 70' lang='grc' dir='ltr'><strong><em>ο</em></strong></span> <span class='ocrx_word' id='word_1_367' title='bbox 572 4434 823 4502; x_wconf 75' lang='grc' dir='ltr'>οὐδαμῶς</span> <span class='ocrx_word' id='word_1_368' title='bbox 858 4434 914 4486; x_wconf 83' lang='grc' dir='ltr'>δὲ</span> <span class='ocrx_word' id='word_1_369' title='bbox 947 4435 1119 4486; x_wconf 74' lang='grc' dir='ltr'>αἴτιον</span> <span class='ocrx_word' id='word_1_370' title='bbox 1152 4434 1434 4504; x_wconf 89' lang='grc' dir='ltr'>οὐδέτερον</span> <span class='ocrx_word' id='word_1_371' title='bbox 1476 4439 1685 4488; x_wconf 86' lang='grc' dir='ltr'>τούτων</span> <span class='ocrx_word' id='word_1_372' title='bbox 1719 4439 1775 4488; x_wconf 80' lang='grc' dir='ltr'>έν</span> <span class='ocrx_word' id='word_1_373' title='bbox 1804 4439 1870 4507; x_wconf 78' lang='grc' dir='ltr'>τῇ</span> 
     </span>
    </p>
   </div>
   <div class='ocr_carea' id='block_1_48' title="bbox 1963 587 3541 665">
    <p class='ocr_par' dir='ltr' id='par_1_48' title="bbox 1963 587 3541 665">
     <span class='ocr_line' id='line_1_48' title="bbox 1963 587 3541 665; baseline 0.003 -25"><span class='ocrx_word' id='word_1_374' title='bbox 1963 587 2075 657; x_wconf 83' lang='grc' dir='ltr'>ρῶν</span> <span class='ocrx_word' id='word_1_375' title='bbox 2131 588 2386 659; x_wconf 55' lang='grc' dir='ltr'>βεϐαίως,</span> <span class='ocrx_word' id='word_1_376' title='bbox 2444 591 2852 659; x_wconf 85' lang='grc' dir='ltr'>ἀναμφιϐόλως,</span> <span class='ocrx_word' id='word_1_377' title='bbox 2887 593 3264 665; x_wconf 81' lang='grc' dir='ltr'>ἀνυποκρίτως</span> <span class='ocrx_word' id='word_1_378' title='bbox 3313 596 3406 647; x_wconf 74' lang='grc' dir='ltr'>καὶ</span> <span class='ocrx_word' id='word_1_379' title='bbox 3446 596 3541 662; x_wconf 60' lang='grc' dir='ltr'>ὲγη</span> 
     </span>
    </p>
   </div>
   <div class='ocr_carea' id='block_1_49' title="bbox 1961 679 3539 753">
    <p class='ocr_par' dir='ltr' id='par_1_49' title="bbox 1961 679 3539 753">
     <span class='ocr_line' id='line_1_49' title="bbox 1961 679 3539 753; baseline 0.004 -22"><span class='ocrx_word' id='word_1_380' title='bbox 1961 679 2207 748; x_wconf 80' lang='grc' dir='ltr'>γράφως,</span> <span class='ocrx_word' id='word_1_381' title='bbox 2234 681 2308 744; x_wconf 82' lang='grc' dir='ltr'>ὡς</span> <span class='ocrx_word' id='word_1_382' title='bbox 2339 681 2516 734; x_wconf 79' lang='grc' dir='ltr'>οὐδενὶ</span> <span class='ocrx_word' id='word_1_383' title='bbox 2554 682 2661 736; x_wconf 87' lang='grc' dir='ltr'>τῶν</span> <span class='ocrx_word' id='word_1_384' title='bbox 2709 684 2879 750; x_wconf 83' lang='grc' dir='ltr'>ἁγίων</span> <span class='ocrx_word' id='word_1_385' title='bbox 2930 685 3215 753; x_wconf 78' lang='grc' dir='ltr'>εἰρημένα,</span> <span class='ocrx_word' id='word_1_386' title='bbox 3264 683 3389 737; x_wconf 78' lang='grc' dir='ltr'>οὐτε</span> <span class='ocrx_word' id='word_1_387' title='bbox 3420 688 3539 747; x_wconf 86' lang='grc' dir='ltr'>ταῖς</span> 
     </span>
    </p>
   </div>
   <div class='ocr_carea' id='block_1_50' title="bbox 1958 772 3543 846">
    <p class='ocr_par' dir='ltr' id='par_1_50' title="bbox 1958 772 3543 846">
     <span class='ocr_line' id='line_1_50' title="bbox 1958 772 3543 846; baseline 0.003 -21"><span class='ocrx_word' id='word_1_388' title='bbox 1958 772 2369 839; x_wconf 84' lang='grc' dir='ltr'>οίκουμενικαῖς</span> <span class='ocrx_word' id='word_1_389' title='bbox 2391 775 2647 839; x_wconf 66' lang='grc' dir='ltr'>συνόδοιἨ</span> <span class='ocrx_word' id='word_1_390' title='bbox 2669 776 2792 828; x_wconf 81' lang='grc' dir='ltr'>ούτε</span> <span class='ocrx_word' id='word_1_391' title='bbox 2816 779 2936 837; x_wconf 84' lang='grc' dir='ltr'>ταῖς</span> <span class='ocrx_word' id='word_1_392' title='bbox 2965 778 3135 844; x_wconf 79' lang='grc' dir='ltr'>ἱεραῖς</span> <span class='ocrx_word' id='word_1_393' title='bbox 3158 777 3197 828; x_wconf 86' lang='grc' dir='ltr'><strong><em>Γ</em></strong></span> <span class='ocrx_word' id='word_1_394' title='bbox 3201 779 3423 846; x_wconf 85' lang='grc' dir='ltr'>ραφαῖς,</span> <span class='ocrx_word' id='word_1_395' title='bbox 3448 779 3543 829; x_wconf 76' lang='grc' dir='ltr'>καὶ</span> 
     </span>
    </p>
   </div>
   <div class='ocr_carea' id='block_1_51' title="bbox 1960 858 3542 935">
    <p class='ocr_par' dir='ltr' id='par_1_51' title="bbox 1960 858 3542 935">
     <span class='ocr_line' id='line_1_51' title="bbox 1960 858 3542 935; baseline 0.005 -25"><span class='ocrx_word' id='word_1_396' title='bbox 1960 858 2024 927; x_wconf 84' lang='grc' dir='ltr'>δὴ</span> <span class='ocrx_word' id='word_1_397' title='bbox 2056 860 2148 912; x_wconf 78' lang='grc' dir='ltr'>καὶ</span> <span class='ocrx_word' id='word_1_398' title='bbox 2176 860 2273 929; x_wconf 85' lang='grc' dir='ltr'>τὴν</span> <span class='ocrx_word' id='word_1_399' title='bbox 2306 862 2480 931; x_wconf 82' lang='grc' dir='ltr'>κακὴν</span> <span class='ocrx_word' id='word_1_400' title='bbox 2521 866 2618 932; x_wconf 83' lang='grc' dir='ltr'>τῆς</span> <span class='ocrx_word' id='word_1_401' title='bbox 2672 862 2771 916; x_wconf 80' lang='grc' dir='ltr'>διὰ</span> <span class='ocrx_word' id='word_1_402' title='bbox 2801 865 3105 933; x_wconf 79' lang='grc' dir='ltr'>προθέσεως</span> <span class='ocrx_word' id='word_1_403' title='bbox 3138 864 3542 935; x_wconf 82' lang='grc' dir='ltr'>παρεξήγησιν,</span> 
     </span>
    </p>
   </div>
   <div class='ocr_carea' id='block_1_52' title="bbox 1960 944 3539 1023">
    <p class='ocr_par' dir='ltr' id='par_1_52' title="bbox 1960 944 3539 1023">
     <span class='ocr_line' id='line_1_52' title="bbox 1960 944 3539 1023; baseline 0.006 -23"><span class='ocrx_word' id='word_1_404' title='bbox 1960 944 2080 1001; x_wconf 75' lang='grc' dir='ltr'>εἶτα</span> <span class='ocrx_word' id='word_1_405' title='bbox 2109 950 2500 1021; x_wconf 78' lang='grc' dir='ltr'>ὁμολογήσειεν</span> <span class='ocrx_word' id='word_1_406' title='bbox 2533 953 2657 1020; x_wconf 75' lang='grc' dir='ltr'>ἐμοὶ</span> <span class='ocrx_word' id='word_1_407' title='bbox 2713 954 2795 1005; x_wconf 83' lang='grc' dir='ltr'>ὅτι</span> <span class='ocrx_word' id='word_1_408' title='bbox 2823 954 2883 1005; x_wconf 80' lang='grc' dir='ltr'>τὸ</span> <span class='ocrx_word' id='word_1_409' title='bbox 2918 953 3141 1021; x_wconf 89' lang='grc' dir='ltr'>Πνεῦμα</span> <span class='ocrx_word' id='word_1_410' title='bbox 3170 955 3230 1007; x_wconf 85' lang='grc' dir='ltr'>τδ</span> <span class='ocrx_word' id='word_1_411' title='bbox 3260 955 3414 1023; x_wconf 79' lang='grc' dir='ltr'>ἅγιον</span> <span class='ocrx_word' id='word_1_412' title='bbox 3445 958 3539 1009; x_wconf 81' lang='grc' dir='ltr'>έκ-</span> 
     </span>
    </p>
   </div>
   <div class='ocr_carea' id='block_1_53' title="bbox 1960 1039 3542 1116">
    <p class='ocr_par' dir='ltr' id='par_1_53' title="bbox 1960 1039 3542 1116">
     <span class='ocr_line' id='line_1_53' title="bbox 1960 1039 3542 1116; baseline 0.006 -26"><span class='ocrx_word' id='word_1_413' title='bbox 1960 1039 2254 1108; x_wconf 82' lang='grc' dir='ltr'>πορεύεται</span> <span class='ocrx_word' id='word_1_414' title='bbox 2309 1045 2372 1094; x_wconf 78' lang='grc' dir='ltr'>ἐκ</span> <span class='ocrx_word' id='word_1_415' title='bbox 2420 1043 2515 1094; x_wconf 89' lang='grc' dir='ltr'>τοῦ</span> <span class='ocrx_word' id='word_1_416' title='bbox 2571 1044 2907 1113; x_wconf 73' lang='grc' dir='ltr'>Πατρδς,ὼς</span> <span class='ocrx_word' id='word_1_417' title='bbox 2941 1046 3194 1116; x_wconf 80' lang='grc' dir='ltr'>ἀπαρχῆς</span> <span class='ocrx_word' id='word_1_418' title='bbox 3240 1046 3334 1099; x_wconf 71' lang='grc' dir='ltr'>καὶ</span> <span class='ocrx_word' id='word_1_419' title='bbox 3365 1047 3542 1110; x_wconf 84' lang='grc' dir='ltr'>αἰτίας</span> 
     </span>
    </p>
   </div>
   <div class='ocr_carea' id='block_1_54' title="bbox 1962 1132 3541 1206">
    <p class='ocr_par' dir='ltr' id='par_1_54' title="bbox 1962 1132 3541 1206">
     <span class='ocr_line' id='line_1_54' title="bbox 1962 1132 3541 1206; baseline 0.004 -23"><span class='ocrx_word' id='word_1_420' title='bbox 1962 1132 2279 1202; x_wconf 75' lang='grc' dir='ltr'>ὑφεστώσης</span> <span class='ocrx_word' id='word_1_421' title='bbox 2302 1134 2432 1187; x_wconf 76' lang='grc' dir='ltr'>αὐτὸ</span> <span class='ocrx_word' id='word_1_422' title='bbox 2462 1137 2727 1205; x_wconf 89' lang='grc' dir='ltr'>συμφυῶς</span> <span class='ocrx_word' id='word_1_423' title='bbox 2752 1152 2766 1167; x_wconf 76' lang='grc' dir='ltr'><strong><em>ο</em></strong></span> <span class='ocrx_word' id='word_1_424' title='bbox 2800 1137 2929 1191; x_wconf 80' lang='grc' dir='ltr'>ἔνθα</span> <span class='ocrx_word' id='word_1_425' title='bbox 2949 1137 3004 1191; x_wconf 91' lang='grc' dir='ltr'>δέ</span> <span class='ocrx_word' id='word_1_426' title='bbox 3036 1154 3164 1191; x_wconf 87' lang='grc' dir='ltr'>ποτε</span> <span class='ocrx_word' id='word_1_427' title='bbox 3198 1138 3417 1206; x_wconf 89' lang='grc' dir='ltr'>λέγεται</span> <span class='ocrx_word' id='word_1_428' title='bbox 3447 1138 3541 1192; x_wconf 72' lang='grc' dir='ltr'>καὶ</span> 
     </span>
    </p>
   </div>
   <div class='ocr_carea' id='block_1_55' title="bbox 1961 1222 3542 1297">
    <p class='ocr_par' dir='ltr' id='par_1_55' title="bbox 1961 1222 3542 1297">
     <span class='ocr_line' id='line_1_55' title="bbox 1961 1222 3542 1297; baseline 0.004 -24"><span class='ocrx_word' id='word_1_429' title='bbox 1961 1222 2023 1273; x_wconf 84' lang='grc' dir='ltr'>ὲκ</span> <span class='ocrx_word' id='word_1_430' title='bbox 2058 1222 2266 1291; x_wconf 81' lang='grc' dir='ltr'>Πατρδς</span> <span class='ocrx_word' id='word_1_431' title='bbox 2295 1226 2360 1277; x_wconf 80' lang='grc' dir='ltr'>δι’</span> <span class='ocrx_word' id='word_1_432' title='bbox 2393 1226 2520 1279; x_wconf 81' lang='grc' dir='ltr'>Υίοῦ</span> <span class='ocrx_word' id='word_1_433' title='bbox 2555 1228 2820 1296; x_wconf 80' lang='grc' dir='ltr'>προϊέναι,</span> <span class='ocrx_word' id='word_1_434' title='bbox 2847 1229 2991 1297; x_wconf 89' lang='grc' dir='ltr'>νοοίη</span> <span class='ocrx_word' id='word_1_435' title='bbox 3021 1229 3176 1281; x_wconf 84' lang='grc' dir='ltr'>τοῦτο</span> <span class='ocrx_word' id='word_1_436' title='bbox 3204 1228 3295 1282; x_wconf 81' lang='grc' dir='ltr'>διὰ</span> <span class='ocrx_word' id='word_1_437' title='bbox 3323 1228 3383 1282; x_wconf 84' lang='grc' dir='ltr'>τὸ</span> <span class='ocrx_word' id='word_1_438' title='bbox 3416 1246 3542 1282; x_wconf 65' lang='grc' dir='ltr'>συν-</span> 
     </span>
    </p>
   </div>
   <div class='ocr_carea' id='block_1_56' title="bbox 1962 1312 3540 1388">
    <p class='ocr_par' dir='ltr' id='par_1_56' title="bbox 1962 1312 3540 1388">
     <span class='ocr_line' id='line_1_56' title="bbox 1962 1312 3540 1388; baseline 0.006 -24"><span class='ocrx_word' id='word_1_439' title='bbox 1962 1312 2097 1379; x_wconf 79' lang='grc' dir='ltr'>αφὲς</span> <span class='ocrx_word' id='word_1_440' title='bbox 2130 1315 2225 1382; x_wconf 81' lang='grc' dir='ltr'>τῆς</span> <span class='ocrx_word' id='word_1_441' title='bbox 2256 1317 2466 1380; x_wconf 76' lang='grc' dir='ltr'>οὐσίας,</span> <span class='ocrx_word' id='word_1_442' title='bbox 2492 1320 2585 1370; x_wconf 69' lang='grc' dir='ltr'>καὶ</span> <span class='ocrx_word' id='word_1_443' title='bbox 2617 1320 2712 1388; x_wconf 83' lang='grc' dir='ltr'>τὴν</span> <span class='ocrx_word' id='word_1_444' title='bbox 2744 1319 2945 1388; x_wconf 83' lang='grc' dir='ltr'>ταύτης</span> <span class='ocrx_word' id='word_1_445' title='bbox 2969 1321 3214 1387; x_wconf 81' lang='grc' dir='ltr'>ἑνότητα,</span> <span class='ocrx_word' id='word_1_446' title='bbox 3240 1320 3315 1382; x_wconf 85' lang='grc' dir='ltr'>ὡς</span> <span class='ocrx_word' id='word_1_447' title='bbox 3339 1320 3437 1373; x_wconf 79' lang='grc' dir='ltr'>σὺν</span> <span class='ocrx_word' id='word_1_448' title='bbox 3466 1320 3540 1388; x_wconf 80' lang='grc' dir='ltr'>τῷ</span> 
     </span>
    </p>
   </div>
   <div class='ocr_carea' id='block_1_57' title="bbox 1962 1404 3539 1480">
    <p class='ocr_par' dir='ltr' id='par_1_57' title="bbox 1962 1404 3539 1480">
     <span class='ocr_line' id='line_1_57' title="bbox 1962 1404 3539 1480; baseline 0.006 -26"><span class='ocrx_word' id='word_1_449' title='bbox 1962 1404 2076 1472; x_wconf 85' lang='grc' dir='ltr'>Υίῴ</span> <span class='ocrx_word' id='word_1_450' title='bbox 2105 1422 2162 1455; x_wconf 92' lang='grc' dir='ltr'>τε</span> <span class='ocrx_word' id='word_1_451' title='bbox 2216 1406 2310 1458; x_wconf 73' lang='grc' dir='ltr'>καὶ</span> <span class='ocrx_word' id='word_1_452' title='bbox 2360 1410 2418 1459; x_wconf 83' lang='grc' dir='ltr'>ἐν</span> <span class='ocrx_word' id='word_1_453' title='bbox 2443 1410 2519 1477; x_wconf 85' lang='grc' dir='ltr'>τῷ</span> <span class='ocrx_word' id='word_1_454' title='bbox 2550 1410 2661 1478; x_wconf 81' lang='grc' dir='ltr'>Υίῷ</span> <span class='ocrx_word' id='word_1_455' title='bbox 2689 1411 2748 1463; x_wconf 84' lang='grc' dir='ltr'>τὸ</span> <span class='ocrx_word' id='word_1_456' title='bbox 2791 1406 2926 1463; x_wconf 78' lang='grc' dir='ltr'>εἶναι</span> <span class='ocrx_word' id='word_1_457' title='bbox 2958 1413 3252 1478; x_wconf 82' lang='grc' dir='ltr'>λαμϐάνον,</span> <span class='ocrx_word' id='word_1_458' title='bbox 3291 1411 3383 1463; x_wconf 81' lang='grc' dir='ltr'>καὶ</span> <span class='ocrx_word' id='word_1_459' title='bbox 3410 1414 3539 1480; x_wconf 84' lang='grc' dir='ltr'>μίαν</span> 
     </span>
    </p>
   </div>
   <div class='ocr_carea' id='block_1_58' title="bbox 1962 1497 3539 1571">
    <p class='ocr_par' dir='ltr' id='par_1_58' title="bbox 1962 1497 3539 1571">
     <span class='ocr_line' id='line_1_58' title="bbox 1962 1497 3539 1571; baseline 0.006 -26"><span class='ocrx_word' id='word_1_460' title='bbox 1962 1497 2149 1547; x_wconf 87' lang='grc' dir='ltr'>οὐσίαν</span> <span class='ocrx_word' id='word_1_461' title='bbox 2185 1498 2324 1565; x_wconf 86' lang='grc' dir='ltr'>μετά</span> <span class='ocrx_word' id='word_1_462' title='bbox 2358 1500 2448 1552; x_wconf 89' lang='grc' dir='ltr'>τοῦ</span> <span class='ocrx_word' id='word_1_463' title='bbox 2486 1500 2617 1553; x_wconf 84' lang='grc' dir='ltr'>Υἱοῦ</span> <span class='ocrx_word' id='word_1_464' title='bbox 2649 1501 2943 1571; x_wconf 66' lang='grc' dir='ltr'>λαμϐάνον,</span> <span class='ocrx_word' id='word_1_465' title='bbox 2964 1505 3024 1553; x_wconf 81' lang='grc' dir='ltr'>ὲκ</span> <span class='ocrx_word' id='word_1_466' title='bbox 3058 1502 3149 1554; x_wconf 89' lang='grc' dir='ltr'>τοῦ</span> <span class='ocrx_word' id='word_1_467' title='bbox 3179 1503 3390 1571; x_wconf 81' lang='grc' dir='ltr'>Πατρὸς</span> <span class='ocrx_word' id='word_1_468' title='bbox 3424 1502 3539 1571; x_wconf 79' lang='grc' dir='ltr'>ἃμα</span> 
     </span>
    </p>
   </div>
   <div class='ocr_carea' id='block_1_59' title="bbox 1961 1586 3544 1661">
    <p class='ocr_par' dir='ltr' id='par_1_59' title="bbox 1961 1586 3544 1661">
     <span class='ocr_line' id='line_1_59' title="bbox 1961 1586 3544 1661; baseline 0.006 -24"><span class='ocrx_word' id='word_1_469' title='bbox 1961 1586 2019 1639; x_wconf 85' lang='grc' dir='ltr'>ὲν</span> <span class='ocrx_word' id='word_1_470' title='bbox 2050 1586 2402 1660; x_wconf 86' lang='grc' dir='ltr'>διαφορότητι</span> <span class='ocrx_word' id='word_1_471' title='bbox 2427 1592 2805 1660; x_wconf 80' lang='grc' dir='ltr'>ὐποστάσεων,</span> <span class='ocrx_word' id='word_1_472' title='bbox 2840 1593 3012 1661; x_wconf 89' lang='grc' dir='ltr'>τούτῳ</span> <span class='ocrx_word' id='word_1_473' title='bbox 3046 1592 3392 1661; x_wconf 81' lang='grc' dir='ltr'>ένωθήσομαι</span> <span class='ocrx_word' id='word_1_474' title='bbox 3419 1592 3544 1646; x_wconf 84' lang='grc' dir='ltr'>ὅσον</span> 
     </span>
    </p>
   </div>
   <div class='ocr_carea' id='block_1_60' title="bbox 1961 1677 3545 1755">
    <p class='ocr_par' dir='ltr' id='par_1_60' title="bbox 1961 1677 3545 1755">
     <span class='ocr_line' id='line_1_60' title="bbox 1961 1677 3545 1755; baseline 0.004 -27"><span class='ocrx_word' id='word_1_475' title='bbox 1961 1677 2019 1730; x_wconf 82' lang='grc' dir='ltr'>ὲν</span> <span class='ocrx_word' id='word_1_476' title='bbox 2050 1678 2128 1748; x_wconf 79' lang='grc' dir='ltr'>τῷ</span> <span class='ocrx_word' id='word_1_477' title='bbox 2155 1680 2286 1748; x_wconf 75' lang='grc' dir='ltr'>περὶ</span> <span class='ocrx_word' id='word_1_478' title='bbox 2314 1681 2408 1732; x_wconf 87' lang='grc' dir='ltr'>τοῦ</span> <span class='ocrx_word' id='word_1_479' title='bbox 2433 1682 2761 1755; x_wconf 35' lang='grc' dir='ltr'>,Πνεύματος</span> <span class='ocrx_word' id='word_1_480' title='bbox 2790 1683 3065 1754; x_wconf 81' lang='grc' dir='ltr'>ζητήματι</span> <span class='ocrx_word' id='word_1_481' title='bbox 3090 1697 3104 1713; x_wconf 83' lang='lat'><strong><em>°</em></strong></span> <span class='ocrx_word' id='word_1_482' title='bbox 3150 1683 3280 1751; x_wconf 74' lang='grc' dir='ltr'>περὶ</span> <span class='ocrx_word' id='word_1_483' title='bbox 3308 1682 3415 1751; x_wconf 71' lang='grc' dir='ltr'>γὰρ</span> <span class='ocrx_word' id='word_1_484' title='bbox 3437 1682 3545 1735; x_wconf 90' lang='grc' dir='ltr'>τῶν</span> 
     </span>
    </p>
   </div>
   <div class='ocr_carea' id='block_1_61' title="bbox 1960 1769 2805 1842">
    <p class='ocr_par' dir='ltr' id='par_1_61' title="bbox 1960 1769 2805 1842">
     <span class='ocr_line' id='line_1_61' title="bbox 1960 1769 2805 1842; baseline 0.008 -20"><span class='ocrx_word' id='word_1_485' title='bbox 1960 1769 2137 1823; x_wconf 83' lang='grc' dir='ltr'>ἄλλων</span> <span class='ocrx_word' id='word_1_486' title='bbox 2188 1772 2344 1835; x_wconf 81' lang='grc' dir='ltr'>ἄλλος</span> <span class='ocrx_word' id='word_1_487' title='bbox 2375 1773 2441 1827; x_wconf 82' lang='grc' dir='ltr'>ἂν</span> <span class='ocrx_word' id='word_1_488' title='bbox 2480 1769 2593 1827; x_wconf 84' lang='grc' dir='ltr'>εἷεν</span> <span class='ocrx_word' id='word_1_489' title='bbox 2627 1775 2805 1842; x_wconf 88' lang='grc' dir='ltr'>λόγος.</span> 
     </span>
    </p>
   </div>
   <div class='ocr_carea' id='block_1_62' title="bbox 2048 1862 3545 1945">
    <p class='ocr_par' dir='ltr' id='par_1_62' title="bbox 2048 1862 3545 1945">
     <span class='ocr_line' id='line_1_62' title="bbox 2048 1862 3545 1945; baseline 0.011 -32"><span class='ocrx_word' id='word_1_490' title='bbox 2048 1862 2133 1925; x_wconf 85' lang='grc' dir='ltr'>Ὠς</span> <span class='ocrx_word' id='word_1_491' title='bbox 2168 1864 2224 1914; x_wconf 80' lang='grc' dir='ltr'>ὲν</span> <span class='ocrx_word' id='word_1_492' title='bbox 2267 1865 2488 1933; x_wconf 77' lang='grc' dir='ltr'>συνόψει</span> <span class='ocrx_word' id='word_1_493' title='bbox 2522 1866 2702 1918; x_wconf 88' lang='grc' dir='ltr'>τοίνυν</span> <span class='ocrx_word' id='word_1_494' title='bbox 2734 1867 2833 1937; x_wconf 76' lang='grc' dir='ltr'>τὴν</span> <span class='ocrx_word' id='word_1_495' title='bbox 2879 1870 3153 1941; x_wconf 77' lang='grc' dir='ltr'>ἡμετέραν</span> <span class='ocrx_word' id='word_1_496' title='bbox 3185 1874 3412 1945; x_wconf 90' lang='grc' dir='ltr'>γνώμην</span> <span class='ocrx_word' id='word_1_497' title='bbox 3452 1879 3545 1929; x_wconf 81' lang='grc' dir='ltr'>έκ-</span> 
     </span>
    </p>
   </div>
   <div class='ocr_carea' id='block_1_63' title="bbox 1964 1953 3546 2031">
    <p class='ocr_par' dir='ltr' id='par_1_63' title="bbox 1964 1953 3546 2031">
     <span class='ocr_line' id='line_1_63' title="bbox 1964 1953 3546 2031; baseline 0.009 -26"><span class='ocrx_word' id='word_1_498' title='bbox 1964 1953 2210 2020; x_wconf 81' lang='grc' dir='ltr'>τέθεικα,</span> <span class='ocrx_word' id='word_1_499' title='bbox 2242 1956 2444 2023; x_wconf 83' lang='grc' dir='ltr'>μᾶλλον</span> <span class='ocrx_word' id='word_1_500' title='bbox 2477 1958 2535 2012; x_wconf 81' lang='grc' dir='ltr'>δὲ</span> <span class='ocrx_word' id='word_1_501' title='bbox 2564 1961 2663 2027; x_wconf 81' lang='grc' dir='ltr'>τὴν</span> <span class='ocrx_word' id='word_1_502' title='bbox 2690 1962 2909 2015; x_wconf 86' lang='grc' dir='ltr'>πάντων</span> <span class='ocrx_word' id='word_1_503' title='bbox 2940 1963 3050 2016; x_wconf 90' lang='grc' dir='ltr'>τῶν</span> <span class='ocrx_word' id='word_1_504' title='bbox 3085 1964 3257 2031; x_wconf 85' lang='grc' dir='ltr'>ἁγίων</span> <span class='ocrx_word' id='word_1_505' title='bbox 3302 1968 3393 2018; x_wconf 79' lang='grc' dir='ltr'>καὶ</span> <span class='ocrx_word' id='word_1_506' title='bbox 3437 1968 3546 2021; x_wconf 85' lang='grc' dir='ltr'>τῶν</span> 
     </span>
    </p>
   </div>
   <div class='ocr_carea' id='block_1_64' title="bbox 1966 2048 3546 2127">
    <p class='ocr_par' dir='ltr' id='par_1_64' title="bbox 1966 2048 3546 2127">
     <span class='ocr_line' id='line_1_64' title="bbox 1966 2048 3546 2127; baseline 0.009 -29"><span class='ocrx_word' id='word_1_507' title='bbox 1966 2048 2226 2115; x_wconf 70' lang='grc' dir='ltr'>Πατάρων</span> <span class='ocrx_word' id='word_1_508' title='bbox 2256 2049 2413 2117; x_wconf 77' lang='grc' dir='ltr'>ἡμῶν</span> <span class='ocrx_word' id='word_1_509' title='bbox 2440 2066 2456 2083; x_wconf 81' lang='grc' dir='ltr'><strong><em>ο</em></strong></span> <span class='ocrx_word' id='word_1_510' title='bbox 2489 2051 2622 2104; x_wconf 89' lang='grc' dir='ltr'>διότι</span> <span class='ocrx_word' id='word_1_511' title='bbox 2651 2054 2897 2123; x_wconf 78' lang='grc' dir='ltr'>ᾐσθόμην</span> <span class='ocrx_word' id='word_1_512' title='bbox 2921 2054 3080 2107; x_wconf 86' lang='grc' dir='ltr'>τινῶν</span> <span class='ocrx_word' id='word_1_513' title='bbox 3115 2057 3330 2124; x_wconf 82' lang='grc' dir='ltr'>ἀγνοεῖν</span> <span class='ocrx_word' id='word_1_514' title='bbox 3360 2059 3546 2127; x_wconf 90' lang='grc' dir='ltr'>λεγόν-</span> 
     </span>
    </p>
   </div>
   <div class='ocr_carea' id='block_1_65' title="bbox 1964 2137 3546 2213">
    <p class='ocr_par' dir='ltr' id='par_1_65' title="bbox 1964 2137 3546 2213">
     <span class='ocr_line' id='line_1_65' title="bbox 1964 2137 3546 2213; baseline 0.009 -26"><span class='ocrx_word' id='word_1_515' title='bbox 1964 2152 2071 2189; x_wconf 89' lang='grc' dir='ltr'>των</span> <span class='ocrx_word' id='word_1_516' title='bbox 2092 2137 2154 2189; x_wconf 85' lang='grc' dir='ltr'>τὸ</span> <span class='ocrx_word' id='word_1_517' title='bbox 2182 2139 2412 2207; x_wconf 75' lang='grc' dir='ltr'>πάτριον</span> <span class='ocrx_word' id='word_1_518' title='bbox 2440 2141 2595 2208; x_wconf 80' lang='grc' dir='ltr'>ἡμῶν</span> <span class='ocrx_word' id='word_1_519' title='bbox 2616 2142 2813 2211; x_wconf 82' lang='grc' dir='ltr'>δόγμα.</span> <span class='ocrx_word' id='word_1_520' title='bbox 2850 2144 3043 2207; x_wconf 85' lang='grc' dir='ltr'>Ὅπως</span> <span class='ocrx_word' id='word_1_521' title='bbox 3071 2147 3194 2199; x_wconf 73' lang='grc' dir='ltr'>ποτὲ</span> <span class='ocrx_word' id='word_1_522' title='bbox 3229 2146 3359 2213; x_wconf 84' lang='grc' dir='ltr'>γοῦν</span> <span class='ocrx_word' id='word_1_523' title='bbox 3388 2148 3546 2202; x_wconf 91' lang='grc' dir='ltr'>τοῦτο</span> 
     </span>
    </p>
   </div>
   <div class='ocr_carea' id='block_1_66' title="bbox 1970 2228 3543 2311">
    <p class='ocr_par' dir='ltr' id='par_1_66' title="bbox 1970 2228 3543 2311">
     <span class='ocr_line' id='line_1_66' title="bbox 1970 2228 3543 2311; baseline 0.01 -34"><span class='ocrx_word' id='word_1_524' title='bbox 1970 2228 2121 2293; x_wconf 82' lang='grc' dir='ltr'>σφίσι</span> <span class='ocrx_word' id='word_1_525' title='bbox 2174 2229 2464 2297; x_wconf 89' lang='grc' dir='ltr'>συμϐαίνει</span> <span class='ocrx_word' id='word_1_526' title='bbox 2520 2231 2595 2300; x_wconf 82' lang='grc' dir='ltr'>τῷ</span> <span class='ocrx_word' id='word_1_527' title='bbox 2641 2234 2803 2302; x_wconf 79' lang='grc' dir='ltr'>ἔρωτι</span> <span class='ocrx_word' id='word_1_528' title='bbox 2854 2234 2954 2303; x_wconf 81' lang='grc' dir='ltr'>τῆς</span> <span class='ocrx_word' id='word_1_529' title='bbox 3007 2235 3286 2305; x_wconf 82' lang='grc' dir='ltr'>ἀληθείας,</span> <span class='ocrx_word' id='word_1_530' title='bbox 3338 2240 3432 2293; x_wconf 73' lang='grc' dir='ltr'>καὶ</span> <span class='ocrx_word' id='word_1_531' title='bbox 3478 2244 3543 2311; x_wconf 76' lang='grc' dir='ltr'>τῇ</span> 
     </span>
    </p>
   </div>
   <div class='ocr_carea' id='block_1_67' title="bbox 1968 2319 3547 2396">
    <p class='ocr_par' dir='ltr' id='par_1_67' title="bbox 1968 2319 3547 2396">
     <span class='ocr_line' id='line_1_67' title="bbox 1968 2319 3547 2396; baseline 0.008 -26"><span class='ocrx_word' id='word_1_532' title='bbox 1968 2319 2157 2389; x_wconf 81' lang='grc' dir='ltr'>ἀγάπῃ</span> <span class='ocrx_word' id='word_1_533' title='bbox 2190 2320 2287 2390; x_wconf 80' lang='grc' dir='ltr'>τῆς</span> <span class='ocrx_word' id='word_1_534' title='bbox 2315 2321 2425 2374; x_wconf 87' lang='grc' dir='ltr'>τῶν</span> <span class='ocrx_word' id='word_1_535' title='bbox 2458 2322 2702 2390; x_wconf 80' lang='grc' dir='ltr'>πλησίων</span> <span class='ocrx_word' id='word_1_536' title='bbox 2735 2324 3001 2392; x_wconf 83' lang='grc' dir='ltr'>ὠφελείας</span> <span class='ocrx_word' id='word_1_537' title='bbox 3032 2328 3411 2396; x_wconf 87' lang='grc' dir='ltr'>κεκινημένος,</span> <span class='ocrx_word' id='word_1_538' title='bbox 3439 2331 3547 2383; x_wconf 84' lang='grc' dir='ltr'>δεῖν</span> 
     </span>
    </p>
   </div>
   <div class='ocr_carea' id='block_1_68' title="bbox 1965 2409 3547 2489">
    <p class='ocr_par' dir='ltr' id='par_1_68' title="bbox 1965 2409 3547 2489">
     <span class='ocr_line' id='line_1_68' title="bbox 1965 2409 3547 2489; baseline 0.009 -29"><span class='ocrx_word' id='word_1_539' title='bbox 1965 2409 2126 2479; x_wconf 76' lang='grc' dir='ltr'>ᾤμην</span> <span class='ocrx_word' id='word_1_540' title='bbox 2167 2413 2363 2475; x_wconf 79' lang='grc' dir='ltr'>αὐτοὺς</span> <span class='ocrx_word' id='word_1_541' title='bbox 2411 2413 2488 2482; x_wconf 82' lang='grc' dir='ltr'>μὴ</span> <span class='ocrx_word' id='word_1_542' title='bbox 2528 2415 2810 2482; x_wconf 83' lang='grc' dir='ltr'>περιιδεῖν,</span> <span class='ocrx_word' id='word_1_543' title='bbox 2841 2418 2915 2479; x_wconf 85' lang='grc' dir='ltr'>ὠς</span> <span class='ocrx_word' id='word_1_544' title='bbox 2952 2418 3018 2471; x_wconf 83' lang='grc' dir='ltr'>ἂν</span> <span class='ocrx_word' id='word_1_545' title='bbox 3067 2419 3143 2488; x_wconf 83' lang='grc' dir='ltr'>μὴ</span> <span class='ocrx_word' id='word_1_546' title='bbox 3172 2419 3330 2488; x_wconf 88' lang='grc' dir='ltr'>λόγον</span> <span class='ocrx_word' id='word_1_547' title='bbox 3360 2422 3547 2489; x_wconf 85' lang='grc' dir='ltr'>ὠφλή-</span> 
     </span>
    </p>
   </div>
   <div class='ocr_carea' id='block_1_69' title="bbox 1970 2502 3546 2580">
    <p class='ocr_par' dir='ltr' id='par_1_69' title="bbox 1970 2502 3546 2580">
     <span class='ocr_line' id='line_1_69' title="bbox 1970 2502 3546 2580; baseline 0.008 -28"><span class='ocrx_word' id='word_1_548' title='bbox 1970 2517 2154 2569; x_wconf 88' lang='grc' dir='ltr'>σωμεν</span> <span class='ocrx_word' id='word_1_549' title='bbox 2190 2502 2328 2570; x_wconf 81' lang='grc' dir='ltr'>ὑπὲρ</span> <span class='ocrx_word' id='word_1_550' title='bbox 2357 2504 2556 2556; x_wconf 86' lang='grc' dir='ltr'>αὐτῶν.</span> <span class='ocrx_word' id='word_1_551' title='bbox 2592 2506 2785 2558; x_wconf 85' lang='grc' dir='ltr'>Καίτοι</span> <span class='ocrx_word' id='word_1_552' title='bbox 2823 2509 2935 2570; x_wconf 85' lang='grc' dir='ltr'>τοῖς</span> <span class='ocrx_word' id='word_1_553' title='bbox 2977 2510 3419 2579; x_wconf 85' lang='grc' dir='ltr'>σπουδαιοτέροις</span> <span class='ocrx_word' id='word_1_554' title='bbox 3447 2512 3546 2580; x_wconf 88' lang='grc' dir='ltr'>ἀρ-</span> 
     </span>
    </p>
   </div>
   <div class='ocr_carea' id='block_1_70' title="bbox 1970 2594 3548 2669">
    <p class='ocr_par' dir='ltr' id='par_1_70' title="bbox 1970 2594 3548 2669">
     <span class='ocr_line' id='line_1_70' title="bbox 1970 2594 3548 2669; baseline 0.006 -25"><span class='ocrx_word' id='word_1_555' title='bbox 1970 2594 2151 2645; x_wconf 86' lang='grc' dir='ltr'>κείτά</span> <span class='ocrx_word' id='word_1_556' title='bbox 2191 2595 2251 2646; x_wconf 84' lang='grc' dir='ltr'>έν</span> <span class='ocrx_word' id='word_1_557' title='bbox 2294 2594 2414 2647; x_wconf 76' lang='grc' dir='ltr'>δυσὶ</span> <span class='ocrx_word' id='word_1_558' title='bbox 2442 2597 2662 2663; x_wconf 77' lang='grc' dir='ltr'>τεύχεσι</span> <span class='ocrx_word' id='word_1_559' title='bbox 2691 2597 3204 2667; x_wconf 79' lang='grc' dir='ltr'>ὲπεξειργασμένως</span> <span class='ocrx_word' id='word_1_560' title='bbox 3235 2601 3548 2669; x_wconf 82' lang='grc' dir='ltr'>έκτεθειμέ-</span> 
     </span>
    </p>
   </div>
   <div class='ocr_carea' id='block_1_71' title="bbox 1971 2686 3549 2763">
    <p class='ocr_par' dir='ltr' id='par_1_71' title="bbox 1971 2686 3549 2763">
     <span class='ocr_line' id='line_1_71' title="bbox 1971 2686 3549 2763; baseline 0.007 -26"><span class='ocrx_word' id='word_1_561' title='bbox 1971 2703 2055 2749; x_wconf 83' lang='grc' dir='ltr'>να,</span> <span class='ocrx_word' id='word_1_562' title='bbox 2102 2686 2195 2738; x_wconf 77' lang='grc' dir='ltr'>καὶ</span> <span class='ocrx_word' id='word_1_563' title='bbox 2230 2687 2337 2756; x_wconf 83' lang='grc' dir='ltr'>πρὸ</span> <span class='ocrx_word' id='word_1_564' title='bbox 2370 2688 2549 2744; x_wconf 82' lang='grc' dir='ltr'>αὐτῶν</span> <span class='ocrx_word' id='word_1_565' title='bbox 2580 2689 2808 2757; x_wconf 85' lang='grc' dir='ltr'>ἀρκοῦσι</span> <span class='ocrx_word' id='word_1_566' title='bbox 2855 2690 2920 2743; x_wconf 73' lang='grc' dir='ltr'>τὰ</span> <span class='ocrx_word' id='word_1_567' title='bbox 2950 2690 3059 2744; x_wconf 89' lang='grc' dir='ltr'>τῶν</span> <span class='ocrx_word' id='word_1_568' title='bbox 3087 2692 3374 2763; x_wconf 82' lang='grc' dir='ltr'>ἡμετέρων</span> <span class='ocrx_word' id='word_1_569' title='bbox 3401 2694 3549 2748; x_wconf 84' lang='grc' dir='ltr'>διδα-</span> 
     </span>
    </p>
   </div>
   <div class='ocr_carea' id='block_1_72' title="bbox 1972 2778 3550 2852">
    <p class='ocr_par' dir='ltr' id='par_1_72' title="bbox 1972 2778 3550 2852">
     <span class='ocr_line' id='line_1_72' title="bbox 1972 2778 3550 2852; baseline 0.006 -24"><span class='ocrx_word' id='word_1_570' title='bbox 1972 2778 2187 2831; x_wconf 83' lang='grc' dir='ltr'>σκάλων</span> <span class='ocrx_word' id='word_1_571' title='bbox 2225 2778 2409 2847; x_wconf 86' lang='grc' dir='ltr'>βιϐλία</span> <span class='ocrx_word' id='word_1_572' title='bbox 2442 2780 2612 2833; x_wconf 85' lang='grc' dir='ltr'>πολλὰ</span> <span class='ocrx_word' id='word_1_573' title='bbox 2645 2781 2738 2833; x_wconf 76' lang='grc' dir='ltr'>καὶ</span> <span class='ocrx_word' id='word_1_574' title='bbox 2769 2784 3014 2847; x_wconf 88' lang='grc' dir='ltr'>γενναῖα,</span> <span class='ocrx_word' id='word_1_575' title='bbox 3047 2783 3391 2852; x_wconf 87' lang='grc' dir='ltr'>φανεροῦντα</span> <span class='ocrx_word' id='word_1_576' title='bbox 3434 2786 3550 2837; x_wconf 88' lang='grc' dir='ltr'>ίκα-</span> 
     </span>
    </p>
   </div>
   <div class='ocr_carea' id='block_1_73' title="bbox 1970 2867 3550 2945">
    <p class='ocr_par' dir='ltr' id='par_1_73' title="bbox 1970 2867 3550 2945">
     <span class='ocr_line' id='line_1_73' title="bbox 1970 2867 3550 2945; baseline 0.007 -26"><span class='ocrx_word' id='word_1_577' title='bbox 1970 2867 2074 2930; x_wconf 81' lang='grc' dir='ltr'>νῶς</span> <span class='ocrx_word' id='word_1_578' title='bbox 2117 2869 2179 2921; x_wconf 78' lang='grc' dir='ltr'>τὸ</span> <span class='ocrx_word' id='word_1_579' title='bbox 2231 2869 2410 2938; x_wconf 90' lang='grc' dir='ltr'>δόγμα</span> <span class='ocrx_word' id='word_1_580' title='bbox 2465 2871 2527 2922; x_wconf 79' lang='grc' dir='ltr'>τὸ</span> <span class='ocrx_word' id='word_1_581' title='bbox 2566 2871 2818 2941; x_wconf 87' lang='grc' dir='ltr'>πάτριον.</span> <span class='ocrx_word' id='word_1_582' title='bbox 2862 2873 2997 2927; x_wconf 85' lang='grc' dir='ltr'>Ἀλλ’</span> <span class='ocrx_word' id='word_1_583' title='bbox 3032 2874 3137 2926; x_wconf 76' lang='grc' dir='ltr'>ἔδει</span> <span class='ocrx_word' id='word_1_584' title='bbox 3197 2875 3292 2927; x_wconf 73' lang='grc' dir='ltr'>καὶ</span> <span class='ocrx_word' id='word_1_585' title='bbox 3324 2877 3431 2928; x_wconf 89' lang='grc' dir='ltr'>τῶν</span> <span class='ocrx_word' id='word_1_586' title='bbox 3476 2878 3550 2945; x_wconf 83' lang='grc' dir='ltr'>μὴ</span> 
     </span>
    </p>
   </div>
   <div class='ocr_carea' id='block_1_74' title="bbox 1970 2960 3551 3032">
    <p class='ocr_par' dir='ltr' id='par_1_74' title="bbox 1970 2960 3551 3032">
     <span class='ocr_line' id='line_1_74' title="bbox 1970 2960 3551 3032; baseline 0.004 -20"><span class='ocrx_word' id='word_1_587' title='bbox 1970 2960 2226 3014; x_wconf 75' lang='grc' dir='ltr'>τοιούτων</span> <span class='ocrx_word' id='word_1_588' title='bbox 2259 2962 2594 3032; x_wconf 86' lang='grc' dir='ltr'>ποιήσασθαι</span> <span class='ocrx_word' id='word_1_589' title='bbox 2632 2964 2907 3032; x_wconf 71' lang='grc' dir='ltr'>πρόνοιαν,</span> <span class='ocrx_word' id='word_1_590' title='bbox 2944 2964 3087 3017; x_wconf 76' lang='grc' dir='ltr'>ὥστε</span> <span class='ocrx_word' id='word_1_591' title='bbox 3119 2965 3208 3016; x_wconf 82' lang='grc' dir='ltr'>διὰ</span> <span class='ocrx_word' id='word_1_592' title='bbox 3240 2965 3457 3018; x_wconf 80' lang='grc' dir='ltr'>πάντων</span> <span class='ocrx_word' id='word_1_593' title='bbox 3490 2967 3551 3019; x_wconf 79' lang='grc' dir='ltr'>τὸ</span> 
     </span>
    </p>
   </div>
   <div class='ocr_carea' id='block_1_75' title="bbox 1977 3051 3551 3125">
    <p class='ocr_par' dir='ltr' id='par_1_75' title="bbox 1977 3051 3551 3125">
     <span class='ocr_line' id='line_1_75' title="bbox 1977 3051 3551 3125; baseline 0.002 -22"><span class='ocrx_word' id='word_1_594' title='bbox 1977 3051 2248 3122; x_wconf 78' lang='grc' dir='ltr'>ἡμέτερον</span> <span class='ocrx_word' id='word_1_595' title='bbox 2272 3052 2575 3122; x_wconf 80' lang='grc' dir='ltr'>ἀνυσθῆναι</span> <span class='ocrx_word' id='word_1_596' title='bbox 2606 3055 2782 3118; x_wconf 87' lang='grc' dir='ltr'>καλῶς</span> <span class='ocrx_word' id='word_1_597' title='bbox 2813 3055 2959 3109; x_wconf 82' lang='grc' dir='ltr'>ἆπαν</span> <span class='ocrx_word' id='word_1_598' title='bbox 2997 3056 3092 3109; x_wconf 83' lang='grc' dir='ltr'>σὺν</span> <span class='ocrx_word' id='word_1_599' title='bbox 3118 3056 3237 3125; x_wconf 84' lang='grc' dir='ltr'>Θεῷ</span> <span class='ocrx_word' id='word_1_600' title='bbox 3264 3058 3451 3125; x_wconf 73' lang='grc' dir='ltr'>φάναι,</span> <span class='ocrx_word' id='word_1_601' title='bbox 3480 3057 3551 3119; x_wconf 81' lang='grc' dir='ltr'>ὡς</span> 
     </span>
    </p>
   </div>
   <div class='ocr_carea' id='block_1_76' title="bbox 1971 3143 3551 3219">
    <p class='ocr_par' dir='ltr' id='par_1_76' title="bbox 1971 3143 3551 3219">
     <span class='ocr_line' id='line_1_76' title="bbox 1971 3143 3551 3219; baseline 0.003 -23"><span class='ocrx_word' id='word_1_602' title='bbox 1971 3143 2035 3196; x_wconf 83' lang='grc' dir='ltr'>ἂν</span> <span class='ocrx_word' id='word_1_603' title='bbox 2068 3144 2246 3213; x_wconf 78' lang='grc' dir='ltr'>ἔχοιμι</span> <span class='ocrx_word' id='word_1_604' title='bbox 2274 3146 2366 3196; x_wconf 73' lang='grc' dir='ltr'>καὶ</span> <span class='ocrx_word' id='word_1_605' title='bbox 2397 3145 2560 3208; x_wconf 75' lang='grc' dir='ltr'>αὐτὸς</span> <span class='ocrx_word' id='word_1_606' title='bbox 2588 3148 2782 3212; x_wconf 87' lang='grc' dir='ltr'>εἰπεῖν,</span> <span class='ocrx_word' id='word_1_607' title='bbox 2820 3146 2885 3198; x_wconf 83' lang='grc' dir='ltr'>Τί</span> <span class='ocrx_word' id='word_1_608' title='bbox 2913 3147 3144 3215; x_wconf 76' lang='grc' dir='ltr'>ὤφειλον</span> <span class='ocrx_word' id='word_1_609' title='bbox 3176 3150 3421 3219; x_wconf 82' lang='grc' dir='ltr'>ποιῆσαι,</span> <span class='ocrx_word' id='word_1_610' title='bbox 3458 3150 3551 3202; x_wconf 78' lang='grc' dir='ltr'>καὶ</span> 
     </span>
    </p>
   </div>
   <div class='ocr_carea' id='block_1_77' title="bbox 1972 3236 3554 3310">
    <p class='ocr_par' dir='ltr' id='par_1_77' title="bbox 1972 3236 3554 3310">
     <span class='ocr_line' id='line_1_77' title="bbox 1972 3236 3554 3310; baseline 0.003 -21"><span class='ocrx_word' id='word_1_611' title='bbox 1972 3238 2032 3289; x_wconf 90' lang='grc' dir='ltr'>οὐ</span> <span class='ocrx_word' id='word_1_612' title='bbox 2064 3237 2339 3304; x_wconf 87' lang='grc' dir='ltr'>πεποίηκα</span> <span class='ocrx_word' id='word_1_613' title='bbox 2377 3239 2442 3305; x_wconf 77' lang='grc' dir='ltr'>τῇ</span> <span class='ocrx_word' id='word_1_614' title='bbox 2466 3236 2596 3308; x_wconf 81' lang='grc' dir='ltr'>δόξῃ</span> <span class='ocrx_word' id='word_1_615' title='bbox 2625 3237 2722 3306; x_wconf 82' lang='grc' dir='ltr'>τῆς</span> <span class='ocrx_word' id='word_1_616' title='bbox 2751 3236 3032 3306; x_wconf 80' lang='grc' dir='ltr'>ἀληθείας,</span> <span class='ocrx_word' id='word_1_617' title='bbox 3062 3241 3156 3292; x_wconf 77' lang='grc' dir='ltr'>καὶ</span> <span class='ocrx_word' id='word_1_618' title='bbox 3194 3243 3260 3310; x_wconf 83' lang='grc' dir='ltr'>τῇ</span> <span class='ocrx_word' id='word_1_619' title='bbox 3300 3242 3410 3294; x_wconf 88' lang='grc' dir='ltr'>τῶν</span> <span class='ocrx_word' id='word_1_620' title='bbox 3443 3244 3554 3295; x_wconf 90' lang='grc' dir='ltr'>Πα-</span> 
     </span>
    </p>
   </div>
   <div class='ocr_carea' id='block_1_78' title="bbox 1973 3327 3554 3401">
    <p class='ocr_par' dir='ltr' id='par_1_78' title="bbox 1973 3327 3554 3401">
     <span class='ocr_line' id='line_1_78' title="bbox 1973 3327 3554 3401; baseline 0.001 -21"><span class='ocrx_word' id='word_1_621' title='bbox 1973 3329 2146 3396; x_wconf 88' lang='grc' dir='ltr'>τέρων</span> <span class='ocrx_word' id='word_1_622' title='bbox 2173 3330 2302 3395; x_wconf 83' lang='grc' dir='ltr'>τιμῇ</span> <span class='ocrx_word' id='word_1_623' title='bbox 2333 3345 2347 3393; x_wconf 86' lang='grc'><strong>;</strong></span> <span class='ocrx_word' id='word_1_624' title='bbox 2398 3328 2447 3379; x_wconf 91' lang='grc' dir='ltr'>τί</span> <span class='ocrx_word' id='word_1_625' title='bbox 2471 3327 2701 3394; x_wconf 76' lang='grc' dir='ltr'>ὤφειλον</span> <span class='ocrx_word' id='word_1_626' title='bbox 2724 3329 2836 3390; x_wconf 89' lang='grc' dir='ltr'>τοῖς</span> <span class='ocrx_word' id='word_1_627' title='bbox 2870 3330 3097 3382; x_wconf 83' lang='grc' dir='ltr'>ἐκείνων</span> <span class='ocrx_word' id='word_1_628' title='bbox 3124 3332 3314 3383; x_wconf 79' lang='grc' dir='ltr'>παισὶν</span> <span class='ocrx_word' id='word_1_629' title='bbox 3344 3333 3554 3401; x_wconf 85' lang='grc' dir='ltr'>ὑφηγή-</span> 
     </span>
    </p>
   </div>
   <div class='ocr_carea' id='block_1_79' title="bbox 1976 3417 3553 3492">
    <p class='ocr_par' dir='ltr' id='par_1_79' title="bbox 1976 3417 3553 3492">
     <span class='ocr_line' id='line_1_79' title="bbox 1976 3417 3553 3492; baseline 0.003 -23"><span class='ocrx_word' id='word_1_630' title='bbox 1976 3417 2199 3479; x_wconf 83' lang='grc' dir='ltr'>σασθαι,</span> <span class='ocrx_word' id='word_1_631' title='bbox 2254 3418 2343 3470; x_wconf 73' lang='grc' dir='ltr'>καὶ</span> <span class='ocrx_word' id='word_1_632' title='bbox 2380 3418 2566 3488; x_wconf 85' lang='grc' dir='ltr'>σκοπῷ</span> <span class='ocrx_word' id='word_1_633' title='bbox 2605 3436 2711 3471; x_wconf 90' lang='grc' dir='ltr'>τινι</span> <span class='ocrx_word' id='word_1_634' title='bbox 2744 3418 3069 3488; x_wconf 83' lang='grc' dir='ltr'>ἀνθρωπίνῳ</span> <span class='ocrx_word' id='word_1_635' title='bbox 3100 3420 3413 3492; x_wconf 82' lang='grc' dir='ltr'>ύφεισάμην</span> <span class='ocrx_word' id='word_1_636' title='bbox 3454 3424 3553 3491; x_wconf 85' lang='grc' dir='ltr'>τῆς</span> 
     </span>
    </p>
   </div>
   <div class='ocr_carea' id='block_1_80' title="bbox 1972 3506 3554 3580">
    <p class='ocr_par' dir='ltr' id='par_1_80' title="bbox 1972 3506 3554 3580">
     <span class='ocr_line' id='line_1_80' title="bbox 1972 3506 3554 3580; baseline 0.004 -21"><span class='ocrx_word' id='word_1_637' title='bbox 1972 3507 2220 3575; x_wconf 79' lang='grc' dir='ltr'>ὁδηγίας,</span> <span class='ocrx_word' id='word_1_638' title='bbox 2254 3506 2487 3571; x_wconf 82' lang='grc' dir='ltr'>ὕστατος</span> <span class='ocrx_word' id='word_1_639' title='bbox 2523 3510 2580 3560; x_wconf 81' lang='grc' dir='ltr'>ἐν</span> <span class='ocrx_word' id='word_1_640' title='bbox 2603 3512 2715 3572; x_wconf 90' lang='grc' dir='ltr'>τοῖς</span> <span class='ocrx_word' id='word_1_641' title='bbox 2744 3510 2995 3573; x_wconf 82' lang='grc' dir='ltr'>ὑστάτοις</span> <span class='ocrx_word' id='word_1_642' title='bbox 3038 3511 3249 3579; x_wconf 88' lang='grc' dir='ltr'>χρόνοις</span> <span class='ocrx_word' id='word_1_643' title='bbox 3283 3513 3340 3564; x_wconf 81' lang='grc' dir='ltr'>έν</span> <span class='ocrx_word' id='word_1_644' title='bbox 3367 3515 3433 3580; x_wconf 81' lang='grc' dir='ltr'>τῇ</span> <span class='ocrx_word' id='word_1_645' title='bbox 3459 3514 3554 3566; x_wconf 80' lang='grc' dir='ltr'>τά·</span> 
     </span>
    </p>
   </div>
   <div class='ocr_carea' id='block_1_81' title="bbox 1977 3597 3553 3672">
    <p class='ocr_par' dir='ltr' id='par_1_81' title="bbox 1977 3597 3553 3672">
     <span class='ocr_line' id='line_1_81' title="bbox 1977 3597 3553 3672; baseline 0.004 -23"><span class='ocrx_word' id='word_1_646' title='bbox 1977 3597 2055 3660; x_wconf 83' lang='grc' dir='ltr'>ξει</span> <span class='ocrx_word' id='word_1_647' title='bbox 2083 3599 2191 3652; x_wconf 82' lang='grc' dir='ltr'>τῶν</span> <span class='ocrx_word' id='word_1_648' title='bbox 2212 3600 2524 3666; x_wconf 74' lang='grc' dir='ltr'>δυναμένων</span> <span class='ocrx_word' id='word_1_649' title='bbox 2573 3617 2625 3652; x_wconf 93' lang='grc' dir='ltr'>τι</span> <span class='ocrx_word' id='word_1_650' title='bbox 2658 3599 2842 3668; x_wconf 89' lang='grc' dir='ltr'>λέγειν</span> <span class='ocrx_word' id='word_1_651' title='bbox 2879 3602 3009 3669; x_wconf 81' lang='grc' dir='ltr'>περὶ</span> <span class='ocrx_word' id='word_1_652' title='bbox 3037 3603 3271 3665; x_wconf 84' lang='grc' dir='ltr'>πίστεως</span> <span class='ocrx_word' id='word_1_653' title='bbox 3322 3604 3425 3655; x_wconf 81' lang='grc' dir='ltr'>ὐπὸ</span> <span class='ocrx_word' id='word_1_654' title='bbox 3454 3603 3553 3672; x_wconf 75' lang='grc' dir='ltr'>τῆς</span> 
     </span>
    </p>
   </div>
   <div class='ocr_carea' id='block_1_82' title="bbox 1976 3689 3623 3765">
    <p class='ocr_par' dir='ltr' id='par_1_82' title="bbox 1976 3689 3623 3765">
     <span class='ocr_line' id='line_1_82' title="bbox 1976 3689 3623 3765; baseline 0.003 -23"><span class='ocrx_word' id='word_1_655' title='bbox 1976 3689 2071 3743; x_wconf 84' lang='grc' dir='ltr'>τοῦ</span> <span class='ocrx_word' id='word_1_656' title='bbox 2100 3690 2237 3744; x_wconf 85' lang='grc' dir='ltr'>Θεοῦ</span> <span class='ocrx_word' id='word_1_657' title='bbox 2280 3692 2532 3759; x_wconf 78' lang='grc' dir='ltr'>προνοίας</span> <span class='ocrx_word' id='word_1_658' title='bbox 2572 3693 3083 3762; x_wconf 81' lang='grc' dir='ltr'>κατατεταγμένος;</span> <span class='ocrx_word' id='word_1_659' title='bbox 3114 3694 3207 3746; x_wconf 75' lang='grc' dir='ltr'>καὶ</span> <span class='ocrx_word' id='word_1_660' title='bbox 3246 3696 3333 3765; x_wconf 80' lang='grc' dir='ltr'>εῑη</span> <span class='ocrx_word' id='word_1_661' title='bbox 3369 3712 3430 3762; x_wconf 87' lang='grc' dir='ltr'>γε</span> <span class='ocrx_word' id='word_1_662' title='bbox 3468 3695 3553 3747; x_wconf 72' lang='grc' dir='ltr'>ἐπ’</span> <span class='ocrx_word' id='word_1_663' title='bbox 3602 3748 3623 3758; x_wconf 66' lang='grc'>,</span> 
     </span>
    </p>
   </div>
   <div class='ocr_carea' id='block_1_83' title="bbox 1975 3780 3409 3853">
    <p class='ocr_par' dir='ltr' id='par_1_83' title="bbox 1975 3780 3409 3853">
     <span class='ocr_line' id='line_1_83' title="bbox 1975 3780 3409 3853; baseline 0.003 -20"><span class='ocrx_word' id='word_1_664' title='bbox 1975 3780 2211 3851; x_wconf 82' lang='grc' dir='ltr'>ὠφελείᾳ</span> <span class='ocrx_word' id='word_1_665' title='bbox 2238 3780 2402 3835; x_wconf 89' lang='grc' dir='ltr'>αὐτοῦ</span> <span class='ocrx_word' id='word_1_666' title='bbox 2430 3800 2488 3835; x_wconf 85' lang='grc' dir='ltr'>τε</span> <span class='ocrx_word' id='word_1_667' title='bbox 2519 3783 2654 3852; x_wconf 79' lang='grc' dir='ltr'>ἐμοῦ</span> <span class='ocrx_word' id='word_1_668' title='bbox 2688 3785 2911 3836; x_wconf 73' lang='grc' dir='ltr'>καὶτῶν</span> <span class='ocrx_word' id='word_1_669' title='bbox 2950 3785 3409 3853; x_wconf 84' lang='grc' dir='ltr'>συμφωνούντων.</span> 
     </span>
    </p>
   </div>
   <div class='ocr_carea' id='block_1_84' title="bbox 2050 3856 3554 3948">
    <p class='ocr_par' dir='ltr' id='par_1_84' title="bbox 2050 3856 3554 3948">
     <span class='ocr_line' id='line_1_84' title="bbox 2050 3856 3554 3948; baseline 0.001 -20"><span class='ocrx_word' id='word_1_670' title='bbox 2050 3875 2244 3928; x_wconf 84' lang='grc' dir='ltr'>Ἔσται</span> <span class='ocrx_word' id='word_1_671' title='bbox 2267 3874 2323 3928; x_wconf 83' lang='grc' dir='ltr'>δὲ</span> <span class='ocrx_word' id='word_1_672' title='bbox 2345 3877 2426 3929; x_wconf 82' lang='grc' dir='ltr'>ὅτι</span> <span class='ocrx_word' id='word_1_673' title='bbox 2460 3876 2718 3930; x_wconf 81' lang='grc' dir='ltr'>ἀδύνατόν</span> <span class='ocrx_word' id='word_1_674' title='bbox 2749 3877 2887 3940; x_wconf 75' lang='grc' dir='ltr'>ἐστι,</span> <span class='ocrx_word' id='word_1_675' title='bbox 2913 3876 3038 3940; x_wconf 83' lang='grc' dir='ltr'>τοὺς</span> <span class='ocrx_word' id='word_1_676' title='bbox 3070 3856 3168 3948; x_wconf 66' lang='grc' dir='ltr'>τίῆν</span> <span class='ocrx_word' id='word_1_677' title='bbox 3191 3878 3554 3947; x_wconf 83' lang='grc' dir='ltr'>εὐαγγελικὴν</span> 
     </span>
    </p>
   </div>
   <div class='ocr_carea' id='block_1_85' title="bbox 1976 3966 3556 4040">
    <p class='ocr_par' dir='ltr' id='par_1_85' title="bbox 1976 3966 3556 4040">
     <span class='ocr_line' id='line_1_85' title="bbox 1976 3966 3556 4040; baseline 0.001 -19"><span class='ocrx_word' id='word_1_678' title='bbox 1976 3966 2165 4036; x_wconf 81' lang='grc' dir='ltr'>φωνὴν</span> <span class='ocrx_word' id='word_1_679' title='bbox 2197 3967 2579 4036; x_wconf 85' lang='grc' dir='ltr'>προτιμῶντας</span> <span class='ocrx_word' id='word_1_680' title='bbox 2636 3968 2743 4019; x_wconf 84' lang='grc' dir='ltr'>τῶν</span> <span class='ocrx_word' id='word_1_681' title='bbox 2799 3969 3160 4037; x_wconf 86' lang='grc' dir='ltr'>ἀνθρωπίνων</span> <span class='ocrx_word' id='word_1_682' title='bbox 3203 3970 3556 4040; x_wconf 77' lang='grc' dir='ltr'>σοφισμάτων</span> 
     </span>
    </p>
   </div>
   <div class='ocr_carea' id='block_1_86' title="bbox 1975 4057 3555 4129">
    <p class='ocr_par' dir='ltr' id='par_1_86' title="bbox 1975 4057 3555 4129">
     <span class='ocr_line' id='line_1_86' title="bbox 1975 4057 3555 4129; baseline 0.001 -17"><span class='ocrx_word' id='word_1_683' title='bbox 1975 4057 2190 4121; x_wconf 79' lang='grc' dir='ltr'>ἀνοδίας</span> <span class='ocrx_word' id='word_1_684' title='bbox 2244 4058 2275 4129; x_wconf 73' lang='grc' dir='ltr'>ἢ</span> <span class='ocrx_word' id='word_1_685' title='bbox 2317 4059 2564 4113; x_wconf 74' lang='grc' dir='ltr'>κινδύνου</span> <span class='ocrx_word' id='word_1_686' title='bbox 2613 4060 2979 4129; x_wconf 80' lang='grc' dir='ltr'>πειρασθῆναί</span> <span class='ocrx_word' id='word_1_687' title='bbox 3028 4079 3192 4122; x_wconf 83' lang='grc' dir='ltr'>τινος.</span> <span class='ocrx_word' id='word_1_688' title='bbox 3223 4060 3396 4114; x_wconf 84' lang='grc' dir='ltr'>Τοῦτο</span> <span class='ocrx_word' id='word_1_689' title='bbox 3422 4061 3555 4129; x_wconf 75' lang='grc' dir='ltr'>γοῦν</span> 
     </span>
    </p>
   </div>
   <div class='ocr_carea' id='block_1_87' title="bbox 1976 4151 3552 4224">
    <p class='ocr_par' dir='ltr' id='par_1_87' title="bbox 1976 4151 3552 4224">
     <span class='ocr_line' id='line_1_87' title="bbox 1976 4151 3552 4224; baseline 0.002 -21"><span class='ocrx_word' id='word_1_690' title='bbox 1976 4151 2297 4221; x_wconf 77' lang='grc' dir='ltr'>πεποιηκὼς</span> <span class='ocrx_word' id='word_1_691' title='bbox 2326 4151 2632 4205; x_wconf 85' lang='grc' dir='ltr'>τοῦλοιποῦ</span> <span class='ocrx_word' id='word_1_692' title='bbox 2675 4154 2886 4216; x_wconf 83' lang='grc' dir='ltr'>σιωπῶ,</span> <span class='ocrx_word' id='word_1_693' title='bbox 2925 4153 3032 4205; x_wconf 79' lang='grc' dir='ltr'>ἐῶν</span> <span class='ocrx_word' id='word_1_694' title='bbox 3066 4153 3145 4223; x_wconf 83' lang='grc' dir='ltr'>τῷ</span> <span class='ocrx_word' id='word_1_695' title='bbox 3186 4154 3307 4224; x_wconf 87' lang='grc' dir='ltr'>Θεῷ</span> <span class='ocrx_word' id='word_1_696' title='bbox 3340 4156 3552 4224; x_wconf 44' lang='grc' dir='ltr'>ἐπιτρο.</span> 
     </span>
    </p>
   </div>
   <div class='ocr_carea' id='block_1_88' title="bbox 1975 4245 3559 4318">
    <p class='ocr_par' dir='ltr' id='par_1_88' title="bbox 1975 4245 3559 4318">
     <span class='ocr_line' id='line_1_88' title="bbox 1975 4245 3559 4318; baseline 0.001 -20"><span class='ocrx_word' id='word_1_697' title='bbox 1975 4247 2167 4299; x_wconf 87' lang='grc' dir='ltr'>πεύειν</span> <span class='ocrx_word' id='word_1_698' title='bbox 2199 4246 2307 4298; x_wconf 89' lang='grc' dir='ltr'>τῶν</span> <span class='ocrx_word' id='word_1_699' title='bbox 2327 4247 2423 4314; x_wconf 76' lang='grc' dir='ltr'>τῆς</span> <span class='ocrx_word' id='word_1_700' title='bbox 2446 4245 2705 4315; x_wconf 67' lang='grc' dir='ltr'>ἀληθείας</span> <span class='ocrx_word' id='word_1_701' title='bbox 2734 4249 3045 4315; x_wconf 78' lang='grc' dir='ltr'>δογμάτων,</span> <span class='ocrx_word' id='word_1_702' title='bbox 3082 4249 3291 4318; x_wconf 77' lang='grc' dir='ltr'>καὶτῆς</span> <span class='ocrx_word' id='word_1_703' title='bbox 3328 4248 3559 4317; x_wconf 74' lang='grc' dir='ltr'>Ἐκκλη-</span> 
     </span>
    </p>
   </div>
   <div class='ocr_carea' id='block_1_89' title="bbox 1978 4336 3555 4407">
    <p class='ocr_par' dir='ltr' id='par_1_89' title="bbox 1978 4336 3555 4407">
     <span class='ocr_line' id='line_1_89' title="bbox 1978 4336 3555 4407; baseline 0.003 -18"><span class='ocrx_word' id='word_1_704' title='bbox 1978 4336 2099 4401; x_wconf 88' lang='grc' dir='ltr'>σίας</span> <span class='ocrx_word' id='word_1_705' title='bbox 2158 4337 2327 4391; x_wconf 90' lang='grc' dir='ltr'>αὐτοῦ</span> <span class='ocrx_word' id='word_1_706' title='bbox 2377 4339 2451 4401; x_wconf 84' lang='grc' dir='ltr'>ὡς</span> <span class='ocrx_word' id='word_1_707' title='bbox 2495 4338 2561 4390; x_wconf 80' lang='grc' dir='ltr'>ἂν</span> <span class='ocrx_word' id='word_1_708' title='bbox 2626 4338 2785 4401; x_wconf 76' lang='grc' dir='ltr'>αὐτὸς</span> <span class='ocrx_word' id='word_1_709' title='bbox 2834 4340 3061 4407; x_wconf 83' lang='grc' dir='ltr'>ἄμεινον</span> <span class='ocrx_word' id='word_1_710' title='bbox 3114 4340 3304 4406; x_wconf 78' lang='grc' dir='ltr'>εἰδείη,</span> <span class='ocrx_word' id='word_1_711' title='bbox 3348 4342 3555 4403; x_wconf 80' lang='grc' dir='ltr'>πάντας</span> 
     </span>
    </p>
   </div>
   <div class='ocr_carea' id='block_1_90' title="bbox 1978 4428 3559 4499">
    <p class='ocr_par' dir='ltr' id='par_1_90' title="bbox 1978 4428 3559 4499">
     <span class='ocr_line' id='line_1_90' title="bbox 1978 4428 3559 4499; baseline 0.001 -17"><span class='ocrx_word' id='word_1_712' title='bbox 1978 4428 2334 4499; x_wconf 78' lang='grc' dir='ltr'>παρακαλῶν,</span> <span class='ocrx_word' id='word_1_713' title='bbox 2364 4430 2454 4481; x_wconf 73' lang='grc' dir='ltr'>καὶ</span> <span class='ocrx_word' id='word_1_714' title='bbox 2486 4432 2651 4482; x_wconf 81' lang='grc' dir='ltr'>πᾶσιν</span> <span class='ocrx_word' id='word_1_715' title='bbox 2682 4431 2976 4499; x_wconf 82' lang='grc' dir='ltr'>εὐχόμενος</span> <span class='ocrx_word' id='word_1_716' title='bbox 3008 4429 3082 4498; x_wconf 83' lang='grc' dir='ltr'>μὴ</span> <span class='ocrx_word' id='word_1_717' title='bbox 3120 4432 3358 4498; x_wconf 83' lang='grc' dir='ltr'>ἀμελῶς,</span> <span class='ocrx_word' id='word_1_718' title='bbox 3394 4432 3426 4498; x_wconf 86' lang='grc' dir='ltr'>ἢ</span> <span class='ocrx_word' id='word_1_719' title='bbox 3466 4450 3559 4483; x_wconf 84' lang='grc' dir='ltr'>κο·-</span> 
     </span>
    </p>
   </div>
   <div class='ocr_carea' id='block_1_91' title="bbox 288 4514 3551 4598">
    <p class='ocr_par' dir='ltr' id='par_1_91' title="bbox 288 4514 3551 4598">
     <span class='ocr_line' id='line_1_91' title="bbox 288 4514 3551 4598; baseline -0.002 -17"><span class='ocrx_word' id='word_1_720' title='bbox 288 4530 524 4598; x_wconf 79' lang='grc' dir='ltr'>θεότητι,</span> <span class='ocrx_word' id='word_1_721' title='bbox 559 4529 590 4593; x_wconf 79' lang='grc' dir='ltr'>ἢ</span> <span class='ocrx_word' id='word_1_722' title='bbox 627 4522 801 4597; x_wconf 79' lang='grc' dir='ltr'>ἀρχὴν</span> <span class='ocrx_word' id='word_1_723' title='bbox 854 4528 950 4580; x_wconf 77' lang='grc' dir='ltr'>καὶ</span> <span class='ocrx_word' id='word_1_724' title='bbox 1004 4528 1217 4597; x_wconf 87' lang='grc' dir='ltr'>θατέρῳ</span> <span class='ocrx_word' id='word_1_725' title='bbox 1260 4529 1322 4580; x_wconf 83' lang='grc' dir='ltr'>τὸ</span> <span class='ocrx_word' id='word_1_726' title='bbox 1365 4524 1502 4581; x_wconf 78' lang='grc' dir='ltr'>εἶναι</span> <span class='ocrx_word' id='word_1_727' title='bbox 1543 4528 1703 4593; x_wconf 63' lang='grc' dir='ltr'>δίδον,</span> <span class='ocrx_word' id='word_1_728' title='bbox 1735 4529 1870 4581; x_wconf 87' lang='grc' dir='ltr'>ἀλλά</span> <span class='ocrx_word' id='word_1_729' title='bbox 1903 4514 1946 4568; x_wconf 78' lang='grc' dir='ltr'>Ῑ)</span> <span class='ocrx_word' id='word_1_730' title='bbox 1978 4527 2224 4595; x_wconf 84' lang='grc' dir='ltr'>σμικῶς,</span> <span class='ocrx_word' id='word_1_731' title='bbox 2284 4527 2315 4595; x_wconf 81' lang='grc' dir='ltr'><strong>ἢ</strong></span> <span class='ocrx_word' id='word_1_732' title='bbox 2365 4526 2610 4587; x_wconf 81' lang='grc' dir='ltr'>ἀπίστως</span> <span class='ocrx_word' id='word_1_733' title='bbox 2660 4527 2729 4578; x_wconf 73' lang='grc' dir='ltr'>τὰ</span> <span class='ocrx_word' id='word_1_734' title='bbox 2782 4526 3011 4578; x_wconf 86' lang='grc' dir='ltr'>τοιαῦτα</span> <span class='ocrx_word' id='word_1_735' title='bbox 3061 4525 3465 4595; x_wconf 79' lang='grc' dir='ltr'>μεταχειρίζειν</span> <span class='ocrx_word' id='word_1_736' title='bbox 3521 4526 3551 4594; x_wconf 84' lang='grc' dir='ltr'><strong>ἢ</strong></span> 
     </span>
    </p>
   </div>
   <div class='ocr_carea' id='block_1_92' title="bbox 291 4619 1869 4690">
    <p class='ocr_par' dir='ltr' id='par_1_92' title="bbox 291 4619 1869 4690">
     <span class='ocr_line' id='line_1_92' title="bbox 291 4619 1869 4690; baseline 0.002 -19"><span class='ocrx_word' id='word_1_737' title='bbox 291 4622 427 4689; x_wconf 81' lang='grc' dir='ltr'>μετὰ</span> <span class='ocrx_word' id='word_1_738' title='bbox 454 4620 547 4673; x_wconf 84' lang='grc' dir='ltr'>τοῦ</span> <span class='ocrx_word' id='word_1_739' title='bbox 577 4620 789 4690; x_wconf 84' lang='grc' dir='ltr'>Πατρὸς</span> <span class='ocrx_word' id='word_1_740' title='bbox 821 4621 950 4687; x_wconf 89' lang='grc' dir='ltr'>μίαν</span> <span class='ocrx_word' id='word_1_741' title='bbox 979 4619 1154 4688; x_wconf 81' lang='grc' dir='ltr'>ἀρχὴν</span> <span class='ocrx_word' id='word_1_742' title='bbox 1181 4620 1309 4673; x_wconf 81' lang='grc' dir='ltr'>ὄντα</span> <span class='ocrx_word' id='word_1_743' title='bbox 1346 4620 1454 4673; x_wconf 84' lang='grc' dir='ltr'>τῶν</span> <span class='ocrx_word' id='word_1_744' title='bbox 1478 4620 1614 4673; x_wconf 85' lang='grc' dir='ltr'>ὅλων</span> <span class='ocrx_word' id='word_1_745' title='bbox 1634 4636 1648 4657; x_wconf 62' lang='grc' dir='ltr'>η</span> <span class='ocrx_word' id='word_1_746' title='bbox 1692 4620 1869 4674; x_wconf 87' lang='grc' dir='ltr'>πάντα</span> 
     </span>
    </p>
   </div>
   <div class='ocr_carea' id='block_1_93' title="bbox 288 4711 1549 4782">
    <p class='ocr_par' dir='ltr' id='par_1_93' title="bbox 288 4711 1549 4782">
     <span class='ocr_line' id='line_1_93' title="bbox 288 4711 1549 4782; baseline 0 -17"><span class='ocrx_word' id='word_1_747' title='bbox 288 4715 395 4780; x_wconf 75' lang='grc' dir='ltr'>γὰρ</span> <span class='ocrx_word' id='word_1_748' title='bbox 428 4716 491 4765; x_wconf 81' lang='grc' dir='ltr'>ὲκ</span> <span class='ocrx_word' id='word_1_749' title='bbox 516 4711 613 4764; x_wconf 85' lang='grc' dir='ltr'>τοῦ</span> <span class='ocrx_word' id='word_1_750' title='bbox 647 4714 858 4780; x_wconf 78' lang='grc' dir='ltr'>Πατρδς</span> <span class='ocrx_word' id='word_1_751' title='bbox 894 4711 964 4765; x_wconf 86' lang='grc' dir='ltr'>δι’</span> <span class='ocrx_word' id='word_1_752' title='bbox 992 4712 1122 4764; x_wconf 84' lang='grc' dir='ltr'>Υίοῦ</span> <span class='ocrx_word' id='word_1_753' title='bbox 1159 4714 1215 4763; x_wconf 81' lang='grc' dir='ltr'>έν</span> <span class='ocrx_word' id='word_1_754' title='bbox 1251 4714 1549 4782; x_wconf 84' lang='grc' dir='ltr'>Πνεύματι.</span> 
     </span>
    </p>
   </div>
   <div class='ocr_carea' id='block_1_94' title="bbox 356 4803 1868 4873">
    <p class='ocr_par' dir='ltr' id='par_1_94' title="bbox 356 4803 1868 4873">
     <span class='ocr_line' id='line_1_94' title="bbox 356 4803 1868 4873; baseline 0 -16"><span class='ocrx_word' id='word_1_755' title='bbox 356 4806 541 4857; x_wconf 81' lang='grc' dir='ltr'>Αἴτιον</span> <span class='ocrx_word' id='word_1_756' title='bbox 575 4803 630 4855; x_wconf 77' lang='grc' dir='ltr'>δὲ</span> <span class='ocrx_word' id='word_1_757' title='bbox 675 4804 771 4858; x_wconf 84' lang='grc' dir='ltr'>τοῦ</span> <span class='ocrx_word' id='word_1_758' title='bbox 824 4806 1089 4872; x_wconf 82' lang='grc' dir='ltr'>παναγίου</span> <span class='ocrx_word' id='word_1_759' title='bbox 1134 4805 1450 4873; x_wconf 85' lang='grc' dir='ltr'>Πνεύματος</span> <span class='ocrx_word' id='word_1_760' title='bbox 1478 4804 1569 4857; x_wconf 75' lang='grc' dir='ltr'>τὸν</span> <span class='ocrx_word' id='word_1_761' title='bbox 1602 4806 1729 4858; x_wconf 72' lang='grc' dir='ltr'>Υἰὸν</span> <span class='ocrx_word' id='word_1_762' title='bbox 1773 4804 1868 4857; x_wconf 84' lang='grc' dir='ltr'>τοῦ</span> 
     </span>
    </p>
   </div>
   <div class='ocr_carea' id='block_1_95' title="bbox 286 4893 1866 4965">
    <p class='ocr_par' dir='ltr' id='par_1_95' title="bbox 286 4893 1866 4965">
     <span class='ocr_line' id='line_1_95' title="bbox 286 4893 1866 4965; baseline 0.001 -20"><span class='ocrx_word' id='word_1_763' title='bbox 286 4894 447 4960; x_wconf 81' lang='grc' dir='ltr'>Θεοῦ,</span> <span class='ocrx_word' id='word_1_764' title='bbox 495 4894 527 4962; x_wconf 83' lang='grc' dir='ltr'><strong>ῆ</strong></span> <span class='ocrx_word' id='word_1_765' title='bbox 581 4895 778 4963; x_wconf 78' lang='grc' dir='ltr'>ἀρχὴν,</span> <span class='ocrx_word' id='word_1_766' title='bbox 826 4894 857 4962; x_wconf 85' lang='grc' dir='ltr'>ἢ</span> <span class='ocrx_word' id='word_1_767' title='bbox 906 4893 1197 4963; x_wconf 82' lang='grc' dir='ltr'>προϐολέα,</span> <span class='ocrx_word' id='word_1_768' title='bbox 1232 4895 1293 4946; x_wconf 87' lang='grc' dir='ltr'>οὐ</span> <span class='ocrx_word' id='word_1_769' title='bbox 1338 4895 1576 4962; x_wconf 83' lang='grc' dir='ltr'>δύναμαι</span> <span class='ocrx_word' id='word_1_770' title='bbox 1627 4897 1866 4965; x_wconf 82' lang='grc' dir='ltr'>φρονεῖν,</span> 
     </span>
    </p>
   </div>
   <div class='ocr_carea' id='block_1_96' title="bbox 285 4984 1872 5054">
    <p class='ocr_par' dir='ltr' id='par_1_96' title="bbox 285 4984 1872 5054">
     <span class='ocr_line' id='line_1_96' title="bbox 285 4984 1872 5054; baseline -0.001 -16"><span class='ocrx_word' id='word_1_771' title='bbox 285 4985 408 5038; x_wconf 85' lang='grc' dir='ltr'>οῦτε</span> <span class='ocrx_word' id='word_1_772' title='bbox 441 4986 517 5047; x_wconf 84' lang='grc' dir='ltr'>ὡς</span> <span class='ocrx_word' id='word_1_773' title='bbox 548 4986 682 5036; x_wconf 72' lang='grc' dir='ltr'>Θεὸν</span> <span class='ocrx_word' id='word_1_774' title='bbox 734 4986 794 5038; x_wconf 81' lang='grc' dir='ltr'>τὸ</span> <span class='ocrx_word' id='word_1_775' title='bbox 826 4984 1051 5054; x_wconf 87' lang='grc' dir='ltr'>Πνεῦμα</span> <span class='ocrx_word' id='word_1_776' title='bbox 1081 4984 1436 5053; x_wconf 87' lang='grc' dir='ltr'>φοϐούμενος,</span> <span class='ocrx_word' id='word_1_777' title='bbox 1458 4984 1580 5037; x_wconf 78' lang='grc' dir='ltr'>οὔτε</span> <span class='ocrx_word' id='word_1_778' title='bbox 1613 4987 1688 5048; x_wconf 85' lang='grc' dir='ltr'>ὡς</span> <span class='ocrx_word' id='word_1_779' title='bbox 1744 4986 1872 5037; x_wconf 79' lang='grc' dir='ltr'>Υίδν</span> 
     </span>
    </p>
   </div>
   <div class='ocr_carea' id='block_1_97' title="bbox 286 5075 1877 5149">
    <p class='ocr_par' dir='ltr' id='par_1_97' title="bbox 286 5075 1877 5149">
     <span class='ocr_line' id='line_1_97' title="bbox 286 5075 1877 5149; baseline -0.003 -17"><span class='ocrx_word' id='word_1_780' title='bbox 286 5079 384 5149; x_wconf 84' lang='grc' dir='ltr'>τὴν</span> <span class='ocrx_word' id='word_1_781' title='bbox 416 5078 719 5147; x_wconf 80' lang='grc' dir='ltr'>μοναρχίαν</span> <span class='ocrx_word' id='word_1_782' title='bbox 753 5075 1092 5145; x_wconf 82' lang='grc' dir='ltr'>αἰδούμενος,</span> <span class='ocrx_word' id='word_1_783' title='bbox 1126 5078 1223 5129; x_wconf 79' lang='grc' dir='ltr'>καὶ</span> <span class='ocrx_word' id='word_1_784' title='bbox 1275 5077 1375 5142; x_wconf 81' lang='grc' dir='ltr'>τὴν</span> <span class='ocrx_word' id='word_1_785' title='bbox 1426 5079 1484 5128; x_wconf 74' lang='grc' dir='ltr'>έν</span> <span class='ocrx_word' id='word_1_786' title='bbox 1530 5078 1607 5145; x_wconf 84' lang='grc' dir='ltr'>τῷ</span> <span class='ocrx_word' id='word_1_787' title='bbox 1640 5078 1877 5147; x_wconf 81' lang='grc' dir='ltr'>θεογόνῳ</span> 
     </span>
    </p>
   </div>
   <div class='ocr_carea' id='block_1_98' title="bbox 285 5166 1876 5248">
    <p class='ocr_par' dir='ltr' id='par_1_98' title="bbox 285 5166 1876 5248">
     <span class='ocr_line' id='line_1_98' title="bbox 285 5166 1876 5248; baseline -0.004 -19"><span class='ocrx_word' id='word_1_788' title='bbox 285 5168 742 5248; x_wconf 48' lang='grc' dir='ltr'>καὶῖκαρπογόνῳ</span> <span class='ocrx_word' id='word_1_789' title='bbox 772 5170 863 5224; x_wconf 79' lang='grc' dir='ltr'>καὶ</span> <span class='ocrx_word' id='word_1_790' title='bbox 890 5166 1099 5237; x_wconf 86' lang='grc' dir='ltr'>γονίμῳ</span> <span class='ocrx_word' id='word_1_791' title='bbox 1127 5167 1406 5237; x_wconf 81' lang='grc' dir='ltr'>πατρικὴν</span> <span class='ocrx_word' id='word_1_792' title='bbox 1442 5170 1684 5236; x_wconf 79' lang='grc' dir='ltr'>ἰδιότητα</span> <span class='ocrx_word' id='word_1_793' title='bbox 1706 5186 1719 5199; x_wconf 70' lang='grc'><strong><em>⁸</em></strong></span> <span class='ocrx_word' id='word_1_794' title='bbox 1753 5169 1876 5222; x_wconf 81' lang='grc' dir='ltr'>οὔτε</span> 
     </span>
    </p>
   </div>
   <div class='ocr_carea' id='block_1_99' title="bbox 281 5248 1873 5338">
    <p class='ocr_par' dir='ltr' id='par_1_99' title="bbox 281 5248 1873 5338">
     <span class='ocr_line' id='line_1_99' title="bbox 281 5248 1873 5338; baseline -0.002 -22"><span class='ocrx_word' id='word_1_795' title='bbox 281 5271 348 5338; x_wconf 79' lang='grc' dir='ltr'>τῇ</span> <span class='ocrx_word' id='word_1_796' title='bbox 429 5248 645 5337; x_wconf 70' lang='grc' dir='ltr'>ὲνότητι</span> <span class='ocrx_word' id='word_1_797' title='bbox 706 5264 774 5333; x_wconf 80' lang='grc' dir='ltr'>τῇ</span> <span class='ocrx_word' id='word_1_798' title='bbox 840 5261 1149 5331; x_wconf 77' lang='grc' dir='ltr'>ζητουμένη</span> <span class='ocrx_word' id='word_1_799' title='bbox 1214 5260 1318 5327; x_wconf 84' lang='grc' dir='ltr'>ἔτι,</span> <span class='ocrx_word' id='word_1_800' title='bbox 1386 5263 1480 5315; x_wconf 78' lang='grc' dir='ltr'>καὶ</span> <span class='ocrx_word' id='word_1_801' title='bbox 1532 5263 1873 5332; x_wconf 84' lang='grc' dir='ltr'>ἁνηκούστῳ,</span> 
     </span>
    </p>
   </div>
   <div class='ocr_carea' id='block_1_100' title="bbox 286 5350 1871 5430">
    <p class='ocr_par' dir='ltr' id='par_1_100' title="bbox 286 5350 1871 5430">
     <span class='ocr_line' id='line_1_100' title="bbox 286 5350 1871 5430; baseline -0.004 -18"><span class='ocrx_word' id='word_1_802' title='bbox 286 5361 386 5429; x_wconf 85' lang='grc' dir='ltr'>τῆς</span> <span class='ocrx_word' id='word_1_803' title='bbox 415 5354 789 5430; x_wconf 73' lang='grc' dir='ltr'>προϐλητικῆς</span> <span class='ocrx_word' id='word_1_804' title='bbox 815 5352 1096 5422; x_wconf 79' lang='grc' dir='ltr'>δυνάμεως</span> <span class='ocrx_word' id='word_1_805' title='bbox 1126 5351 1263 5421; x_wconf 82' lang='grc' dir='ltr'>πρὸς</span> <span class='ocrx_word' id='word_1_806' title='bbox 1288 5352 1355 5404; x_wconf 77' lang='grc' dir='ltr'>τὰ</span> <span class='ocrx_word' id='word_1_807' title='bbox 1381 5350 1522 5405; x_wconf 84' lang='grc' dir='ltr'>αὐτὰ</span> <span class='ocrx_word' id='word_1_808' title='bbox 1549 5356 1871 5423; x_wconf 72' lang='grc' dir='ltr'>έπανακαμο</span> 
     </span>
    </p>
   </div>
   <div class='ocr_carea' id='block_1_101' title="bbox 289 5443 1870 5521">
    <p class='ocr_par' dir='ltr' id='par_1_101' title="bbox 289 5443 1870 5521">
     <span class='ocr_line' id='line_1_101' title="bbox 289 5443 1870 5521; baseline -0.004 -16"><span class='ocrx_word' id='word_1_809' title='bbox 289 5452 552 5521; x_wconf 85' lang='grc' dir='ltr'>πτούσης,</span> <span class='ocrx_word' id='word_1_810' title='bbox 588 5450 683 5502; x_wconf 78' lang='grc' dir='ltr'>καὶ</span> <span class='ocrx_word' id='word_1_811' title='bbox 722 5448 784 5514; x_wconf 76' lang='grc' dir='ltr'>τὸ</span> <span class='ocrx_word' id='word_1_812' title='bbox 828 5444 1119 5511; x_wconf 78' lang='grc' dir='ltr'>αὐτὸ.δέος</span> <span class='ocrx_word' id='word_1_813' title='bbox 1154 5443 1512 5515; x_wconf 70' lang='grc' dir='ltr'>ὲπισειούσης</span> <span class='ocrx_word' id='word_1_814' title='bbox 1550 5445 1645 5497; x_wconf 75' lang='grc' dir='ltr'>καὶ</span> <span class='ocrx_word' id='word_1_815' title='bbox 1677 5446 1870 5498; x_wconf 85' lang='grc' dir='ltr'>ἑκατέ-</span> 
     </span>
    </p>
   </div>
   <div class='ocr_carea' id='block_1_102' title="bbox 292 5536 1869 5611">
    <p class='ocr_par' dir='ltr' id='par_1_102' title="bbox 292 5536 1869 5611">
     <span class='ocr_line' id='line_1_102' title="bbox 292 5536 1869 5611; baseline -0.003 -18"><span class='ocrx_word' id='word_1_816' title='bbox 292 5546 466 5611; x_wconf 64' lang='grc' dir='ltr'>ρωθεν</span> <span class='ocrx_word' id='word_1_817' title='bbox 491 5560 502 5573; x_wconf 83' lang='grc'><em>’</em></span> <span class='ocrx_word' id='word_1_818' title='bbox 539 5542 665 5596; x_wconf 75' lang='grc' dir='ltr'>οὔτε</span> <span class='ocrx_word' id='word_1_819' title='bbox 709 5545 820 5605; x_wconf 79' lang='grc' dir='ltr'>τοῖς</span> <span class='ocrx_word' id='word_1_820' title='bbox 871 5540 1015 5594; x_wconf 77' lang='grc' dir='ltr'>οὕτω</span> <span class='ocrx_word' id='word_1_821' title='bbox 1065 5536 1325 5609; x_wconf 81' lang='grc' dir='ltr'>φρονοῦσι</span> <span class='ocrx_word' id='word_1_822' title='bbox 1363 5538 1682 5605; x_wconf 86' lang='grc' dir='ltr'>κοινωνήσω</span> <span class='ocrx_word' id='word_1_823' title='bbox 1718 5540 1869 5602; x_wconf 82' lang='grc' dir='ltr'>ποτὲ,</span> 
     </span>
    </p>
   </div>
   <div class='ocr_carea' id='block_1_103' title="bbox 289 5628 1869 5703">
    <p class='ocr_par' dir='ltr' id='par_1_103' title="bbox 289 5628 1869 5703">
     <span class='ocr_line' id='line_1_103' title="bbox 289 5628 1869 5703; baseline -0.004 -15"><span class='ocrx_word' id='word_1_824' title='bbox 289 5635 402 5688; x_wconf 77' lang='grc' dir='ltr'>ἀλλ’</span> <span class='ocrx_word' id='word_1_825' title='bbox 430 5636 482 5688; x_wconf 84' lang='grc' dir='ltr'>εἴ</span> <span class='ocrx_word' id='word_1_826' title='bbox 511 5653 594 5697; x_wconf 85' lang='grc' dir='ltr'>τις</span> <span class='ocrx_word' id='word_1_827' title='bbox 625 5634 696 5686; x_wconf 80' lang='grc' dir='ltr'>τὰ</span> <span class='ocrx_word' id='word_1_828' title='bbox 737 5636 794 5686; x_wconf 83' lang='grc' dir='ltr'>ἐν</span> <span class='ocrx_word' id='word_1_829' title='bbox 837 5633 1154 5703; x_wconf 77' lang='grc' dir='ltr'>Φλωρεντίᾳ</span> <span class='ocrx_word' id='word_1_830' title='bbox 1192 5628 1582 5701; x_wconf 83' lang='grc' dir='ltr'>ώροθετημένα</span> <span class='ocrx_word' id='word_1_831' title='bbox 1616 5630 1744 5698; x_wconf 75' lang='grc' dir='ltr'>περὶ</span> <span class='ocrx_word' id='word_1_832' title='bbox 1775 5632 1869 5681; x_wconf 75' lang='grc' dir='ltr'>τοῦ</span> 
     </span>
    </p>
   </div>
   <div class='ocr_carea' id='block_1_104' title="bbox 295 5716 1871 5793">
    <p class='ocr_par' dir='ltr' id='par_1_104' title="bbox 295 5716 1871 5793">
     <span class='ocr_line' id='line_1_104' title="bbox 295 5716 1871 5793; baseline -0.004 -14"><span class='ocrx_word' id='word_1_833' title='bbox 295 5730 386 5779; x_wconf 72' lang='grc' dir='ltr'>καὶ</span> <span class='ocrx_word' id='word_1_834' title='bbox 418 5716 508 5779; x_wconf 80' lang='grc' dir='ltr'>τὸν</span> <span class='ocrx_word' id='word_1_835' title='bbox 543 5727 671 5780; x_wconf 76' lang='grc' dir='ltr'>Υίδν</span> <span class='ocrx_word' id='word_1_836' title='bbox 709 5725 801 5779; x_wconf 85' lang='grc' dir='ltr'>τοῦ</span> <span class='ocrx_word' id='word_1_837' title='bbox 833 5726 968 5777; x_wconf 85' lang='grc' dir='ltr'>Θεοῦ</span> <span class='ocrx_word' id='word_1_838' title='bbox 1005 5724 1179 5793; x_wconf 77' lang='grc' dir='ltr'>ἀρχὴν</span> <span class='ocrx_word' id='word_1_839' title='bbox 1210 5724 1301 5776; x_wconf 65' lang='grc' dir='ltr'>κλὶ</span> <span class='ocrx_word' id='word_1_840' title='bbox 1334 5721 1506 5776; x_wconf 62' lang='grc' dir='ltr'>αἴτιον</span> <span class='ocrx_word' id='word_1_841' title='bbox 1537 5725 1630 5773; x_wconf 75' lang='grc' dir='ltr'>καὶ</span> <span class='ocrx_word' id='word_1_842' title='bbox 1671 5722 1871 5788; x_wconf 75' lang='grc' dir='ltr'>προϐο-</span> 
     </span>
    </p>
   </div>
   <div class='ocr_carea' id='block_1_105' title="bbox 300 5815 1870 5887">
    <p class='ocr_par' dir='ltr' id='par_1_105' title="bbox 300 5815 1870 5887">
     <span class='ocr_line' id='line_1_105' title="bbox 300 5815 1870 5887; baseline -0.001 -15"><span class='ocrx_word' id='word_1_843' title='bbox 300 5823 387 5874; x_wconf 64' lang='grc' dir='ltr'>λέκ</span> <span class='ocrx_word' id='word_1_844' title='bbox 421 5819 563 5876; x_wconf 69' lang='grc' dir='ltr'>εἶναι</span> <span class='ocrx_word' id='word_1_845' title='bbox 603 5820 691 5874; x_wconf 78' lang='grc' dir='ltr'>τοῦ</span> <span class='ocrx_word' id='word_1_846' title='bbox 728 5819 1065 5887; x_wconf 72' lang='grc' dir='ltr'>Πνεύματυς,</span> <span class='ocrx_word' id='word_1_847' title='bbox 1102 5819 1192 5872; x_wconf 71' lang='grc' dir='ltr'>καὶ</span> <span class='ocrx_word' id='word_1_848' title='bbox 1238 5819 1334 5884; x_wconf 81' lang='grc' dir='ltr'>τὴν</span> <span class='ocrx_word' id='word_1_849' title='bbox 1389 5816 1621 5884; x_wconf 65' lang='grc' dir='ltr'>ὕπαρξιν</span> <span class='ocrx_word' id='word_1_850' title='bbox 1668 5815 1760 5872; x_wconf 71' lang='grc' dir='ltr'>κιιί</span> <span class='ocrx_word' id='word_1_851' title='bbox 1809 5816 1870 5867; x_wconf 79' lang='grc' dir='ltr'>ίκ</span> 
     </span>
    </p>
   </div>
   <div class='ocr_carea' id='block_1_106' title="bbox 1983 4616 3556 4687">
    <p class='ocr_par' dir='ltr' id='par_1_106' title="bbox 1983 4616 3556 4687">
     <span class='ocr_line' id='line_1_106' title="bbox 1983 4616 3556 4687; baseline -0.001 -17"><span class='ocrx_word' id='word_1_852' title='bbox 1983 4619 2330 4682; x_wconf 85' lang='grc' dir='ltr'>σκοπεῖσθαι,</span> <span class='ocrx_word' id='word_1_853' title='bbox 2365 4619 2502 4687; x_wconf 84' lang='grc' dir='ltr'>μήτε</span> <span class='ocrx_word' id='word_1_854' title='bbox 2539 4620 2650 4676; x_wconf 83' lang='grc' dir='ltr'>τοῖς</span> <span class='ocrx_word' id='word_1_855' title='bbox 2684 4618 2773 4685; x_wconf 78' lang='grc' dir='ltr'>ὐφ’</span> <span class='ocrx_word' id='word_1_856' title='bbox 2811 4618 2927 4679; x_wconf 76' lang='grc' dir='ltr'>ένδς</span> <span class='ocrx_word' id='word_1_857' title='bbox 2959 4616 3166 4669; x_wconf 88' lang='grc' dir='ltr'>τούτων</span> <span class='ocrx_word' id='word_1_858' title='bbox 3206 4616 3313 4669; x_wconf 88' lang='grc' dir='ltr'>τῶν</span> <span class='ocrx_word' id='word_1_859' title='bbox 3345 4616 3556 4680; x_wconf 86' lang='grc' dir='ltr'>παθῶν,</span> 
     </span>
    </p>
   </div>
   <div class='ocr_carea' id='block_1_107' title="bbox 1983 4707 3127 4778">
    <p class='ocr_par' dir='ltr' id='par_1_107' title="bbox 1983 4707 3127 4778">
     <span class='ocr_line' id='line_1_107' title="bbox 1983 4707 3127 4778; baseline 0 -16"><span class='ocrx_word' id='word_1_860' title='bbox 1983 4710 2014 4778; x_wconf 84' lang='grc' dir='ltr'>ἢ</span> <span class='ocrx_word' id='word_1_861' title='bbox 2051 4712 2144 4762; x_wconf 74' lang='grc' dir='ltr'>καὶ</span> <span class='ocrx_word' id='word_1_862' title='bbox 2177 4709 2396 4763; x_wconf 72' lang='grc' dir='ltr'>πάντων</span> <span class='ocrx_word' id='word_1_863' title='bbox 2424 4709 2718 4777; x_wconf 82' lang='grc' dir='ltr'>ἀγομένοις</span> <span class='ocrx_word' id='word_1_864' title='bbox 2755 4707 3127 4762; x_wconf 83' lang='grc' dir='ltr'>συντίθεσθαι.</span> 
     </span>
    </p>
   </div>
   <div class='ocr_carea' id='block_1_108' title="bbox 2052 4798 3558 4872">
    <p class='ocr_par' dir='ltr' id='par_1_108' title="bbox 2052 4798 3558 4872">
     <span class='ocr_line' id='line_1_108' title="bbox 2052 4798 3558 4872; baseline -0.003 -18"><span class='ocrx_word' id='word_1_865' title='bbox 2052 4803 2325 4872; x_wconf 80' lang='grc' dir='ltr'>Ίόλμήσει</span> <span class='ocrx_word' id='word_1_866' title='bbox 2353 4802 2409 4853; x_wconf 84' lang='grc' dir='ltr'>δὲ</span> <span class='ocrx_word' id='word_1_867' title='bbox 2432 4802 2627 4865; x_wconf 73' lang='grc' dir='ltr'>οὐδεὶς,</span> <span class='ocrx_word' id='word_1_868' title='bbox 2649 4800 2880 4871; x_wconf 82' lang='grc' dir='ltr'>Γραικὸς</span> <span class='ocrx_word' id='word_1_869' title='bbox 2908 4798 3005 4865; x_wconf 81' lang='grc' dir='ltr'>ὢν,</span> <span class='ocrx_word' id='word_1_870' title='bbox 3027 4800 3164 4852; x_wconf 84' lang='grc' dir='ltr'>κατά</span> <span class='ocrx_word' id='word_1_871' title='bbox 3196 4800 3426 4867; x_wconf 73' lang='grc' dir='ltr'>ταυτησὶ</span> <span class='ocrx_word' id='word_1_872' title='bbox 3456 4799 3558 4868; x_wconf 81' lang='grc' dir='ltr'>τῆς</span> 
     </span>
    </p>
   </div>
   <div class='ocr_carea' id='block_1_109' title="bbox 1982 4891 3557 4967">
    <p class='ocr_par' dir='ltr' id='par_1_109' title="bbox 1982 4891 3557 4967">
     <span class='ocr_line' id='line_1_109' title="bbox 1982 4891 3557 4967; baseline -0.003 -18"><span class='ocrx_word' id='word_1_873' title='bbox 1982 4897 2256 4966; x_wconf 81' lang='grc' dir='ltr'>ἡμετέρας</span> <span class='ocrx_word' id='word_1_874' title='bbox 2288 4895 2581 4963; x_wconf 77' lang='grc' dir='ltr'>ὁμολογίας</span> <span class='ocrx_word' id='word_1_875' title='bbox 2613 4896 2786 4946; x_wconf 85' lang='grc' dir='ltr'>εἰπεῖν</span> <span class='ocrx_word' id='word_1_876' title='bbox 2827 4911 2899 4953; x_wconf 84' lang='grc' dir='ltr'>τι,</span> <span class='ocrx_word' id='word_1_877' title='bbox 2943 4893 3009 4959; x_wconf 85' lang='grc' dir='ltr'>ἂν</span> <span class='ocrx_word' id='word_1_878' title='bbox 3043 4892 3118 4962; x_wconf 84' lang='grc' dir='ltr'>μὴ</span> <span class='ocrx_word' id='word_1_879' title='bbox 3159 4892 3491 4961; x_wconf 81' lang='grc' dir='ltr'>πατραλοίας</span> 
     </span>
    </p>
   </div>
   <div class='ocr_carea' id='block_1_110' title="bbox 1979 4985 3557 5058">
    <p class='ocr_par' dir='ltr' id='par_1_110' title="bbox 1979 4985 3557 5058">
     <span class='ocr_line' id='line_1_110' title="bbox 1979 4985 3557 5058; baseline -0.004 -15"><span class='ocrx_word' id='word_1_880' title='bbox 1979 4989 2071 5043; x_wconf 72' lang='grc' dir='ltr'>καὶ</span> <span class='ocrx_word' id='word_1_881' title='bbox 2096 4988 2457 5058; x_wconf 83' lang='grc' dir='ltr'>μητραλοίας,</span> <span class='ocrx_word' id='word_1_882' title='bbox 2480 4988 2576 5039; x_wconf 75' lang='grc' dir='ltr'>καὶ</span> <span class='ocrx_word' id='word_1_883' title='bbox 2602 4990 2712 5049; x_wconf 84' lang='grc' dir='ltr'>τοῖς</span> <span class='ocrx_word' id='word_1_884' title='bbox 2734 4988 2834 5054; x_wconf 78' lang='grc' dir='ltr'>τὴν</span> <span class='ocrx_word' id='word_1_885' title='bbox 2856 4985 3196 5054; x_wconf 80' lang='grc' dir='ltr'>Ἐκκλησίαν</span> <span class='ocrx_word' id='word_1_886' title='bbox 3224 4985 3557 5049; x_wconf 81' lang='grc' dir='ltr'>καταξάνασι</span> 
     </span>
    </p>
   </div>
   <div class='ocr_carea' id='block_1_111' title="bbox 1976 5075 3558 5149">
    <p class='ocr_par' dir='ltr' id='par_1_111' title="bbox 1976 5075 3558 5149">
     <span class='ocr_line' id='line_1_111' title="bbox 1976 5075 3558 5149; baseline -0.003 -17"><span class='ocrx_word' id='word_1_887' title='bbox 1976 5081 2073 5149; x_wconf 81' lang='grc' dir='ltr'>τὴν</span> <span class='ocrx_word' id='word_1_888' title='bbox 2136 5078 2352 5148; x_wconf 89' lang='grc' dir='ltr'>μητέρα</span> <span class='ocrx_word' id='word_1_889' title='bbox 2409 5079 2693 5144; x_wconf 83' lang='grc' dir='ltr'>σοφισταῖς</span> <span class='ocrx_word' id='word_1_890' title='bbox 2747 5076 2807 5140; x_wconf 78' lang='grc' dir='ltr'>ἐξ</span> <span class='ocrx_word' id='word_1_891' title='bbox 2856 5075 3034 5146; x_wconf 78' lang='grc' dir='ltr'>ημῶν,</span> <span class='ocrx_word' id='word_1_892' title='bbox 3076 5076 3151 5139; x_wconf 85' lang='grc' dir='ltr'>ὡς</span> <span class='ocrx_word' id='word_1_893' title='bbox 3197 5076 3274 5147; x_wconf 83' lang='grc' dir='ltr'>μὴ</span> <span class='ocrx_word' id='word_1_894' title='bbox 3328 5075 3558 5144; x_wconf 75' lang='grc' dir='ltr'>ὤφειλεν</span> 
     </span>
    </p>
   </div>
   <div class='ocr_carea' id='block_1_112' title="bbox 1978 5168 3557 5241">
    <p class='ocr_par' dir='ltr' id='par_1_112' title="bbox 1978 5168 3557 5241">
     <span class='ocr_line' id='line_1_112' title="bbox 1978 5168 3557 5241; baseline -0.003 -16"><span class='ocrx_word' id='word_1_895' title='bbox 1978 5172 2329 5241; x_wconf 63' lang='grc' dir='ltr'>ἁνασχοῦσξν,</span> <span class='ocrx_word' id='word_1_896' title='bbox 2380 5169 2505 5224; x_wconf 76' lang='grc' dir='ltr'>ἀντὶ</span> <span class='ocrx_word' id='word_1_897' title='bbox 2539 5170 2645 5222; x_wconf 87' lang='grc' dir='ltr'>τῶν</span> <span class='ocrx_word' id='word_1_898' title='bbox 2679 5168 2919 5238; x_wconf 87' lang='grc' dir='ltr'>γνησίων</span> <span class='ocrx_word' id='word_1_899' title='bbox 2947 5168 3147 5235; x_wconf 90' lang='grc' dir='ltr'>ταύτης</span> <span class='ocrx_word' id='word_1_900' title='bbox 3181 5169 3310 5221; x_wconf 85' lang='grc' dir='ltr'>υἱῶν</span> <span class='ocrx_word' id='word_1_901' title='bbox 3333 5168 3441 5222; x_wconf 86' lang='grc' dir='ltr'>τῶν</span> <span class='ocrx_word' id='word_1_902' title='bbox 3464 5170 3557 5221; x_wconf 75' lang='grc' dir='ltr'>εὐσο</span> 
     </span>
    </p>
   </div>
   <div class='ocr_carea' id='block_1_113' title="bbox 1977 5259 3557 5331">
    <p class='ocr_par' dir='ltr' id='par_1_113' title="bbox 1977 5259 3557 5331">
     <span class='ocr_line' id='line_1_113' title="bbox 1977 5259 3557 5331; baseline -0.003 -16"><span class='ocrx_word' id='word_1_903' title='bbox 1977 5262 2152 5325; x_wconf 85' lang='grc' dir='ltr'>σεϐῶς</span> <span class='ocrx_word' id='word_1_904' title='bbox 2210 5263 2351 5331; x_wconf 84' lang='grc' dir='ltr'>ὑπὲρ</span> <span class='ocrx_word' id='word_1_905' title='bbox 2405 5260 2611 5330; x_wconf 80' lang='grc' dir='ltr'>ταύτης</span> <span class='ocrx_word' id='word_1_906' title='bbox 2642 5259 3142 5330; x_wconf 86' lang='grc' dir='ltr'>στρατευσαμένων</span> <span class='ocrx_word' id='word_1_907' title='bbox 3185 5259 3486 5330; x_wconf 85' lang='grc' dir='ltr'>τιθέμενος,</span> <span class='ocrx_word' id='word_1_908' title='bbox 3525 5260 3557 5330; x_wconf 86' lang='grc' dir='ltr'>ἢ</span> 
     </span>
    </p>
   </div>
   <div class='ocr_carea' id='block_1_114' title="bbox 1978 5350 3558 5421">
    <p class='ocr_par' dir='ltr' id='par_1_114' title="bbox 1978 5350 3558 5421">
     <span class='ocr_line' id='line_1_114' title="bbox 1978 5350 3558 5421; baseline -0.003 -15"><span class='ocrx_word' id='word_1_909' title='bbox 1978 5353 2185 5416; x_wconf 83' lang='grc' dir='ltr'>ἁπλοῦς</span> <span class='ocrx_word' id='word_1_910' title='bbox 2230 5372 2311 5417; x_wconf 82' lang='grc' dir='ltr'>τις</span> <span class='ocrx_word' id='word_1_911' title='bbox 2341 5352 2533 5414; x_wconf 84' lang='grc' dir='ltr'>-όιλλως</span> <span class='ocrx_word' id='word_1_912' title='bbox 2581 5353 2673 5405; x_wconf 77' lang='grc' dir='ltr'>καὶ</span> <span class='ocrx_word' id='word_1_913' title='bbox 2725 5351 3115 5421; x_wconf 79' lang='grc' dir='ltr'>παιδαριώδεσι</span> <span class='ocrx_word' id='word_1_914' title='bbox 3164 5350 3558 5421; x_wconf 79' lang='grc' dir='ltr'>προσεσχηκώς</span> 
     </span>
    </p>
   </div>
   <div class='ocr_carea' id='block_1_115' title="bbox 1983 5442 3559 5519">
    <p class='ocr_par' dir='ltr' id='par_1_115' title="bbox 1983 5442 3559 5519">
     <span class='ocr_line' id='line_1_115' title="bbox 1983 5442 3559 5519; baseline -0.008 -18"><span class='ocrx_word' id='word_1_915' title='bbox 1983 5448 2377 5519; x_wconf 83' lang='grc' dir='ltr'>φλυαρήμασιν</span> <span class='ocrx_word' id='word_1_916' title='bbox 2424 5446 2546 5497; x_wconf 77' lang='grc' dir='ltr'>ἀντὶ</span> <span class='ocrx_word' id='word_1_917' title='bbox 2603 5444 2697 5497; x_wconf 86' lang='grc' dir='ltr'>τοῦ</span> <span class='ocrx_word' id='word_1_918' title='bbox 2741 5442 3169 5513; x_wconf 79' lang='grc' dir='ltr'>μεμεστωμένου</span> <span class='ocrx_word' id='word_1_919' title='bbox 3212 5444 3559 5511; x_wconf 78' lang='grc' dir='ltr'>φρονήματος</span> 
     </span>
    </p>
   </div>
   <div class='ocr_carea' id='block_1_116' title="bbox 1980 5532 3560 5607">
    <p class='ocr_par' dir='ltr' id='par_1_116' title="bbox 1980 5532 3560 5607">
     <span class='ocr_line' id='line_1_116' title="bbox 1980 5532 3560 5607; baseline -0.008 -14"><span class='ocrx_word' id='word_1_920' title='bbox 1980 5542 2089 5593; x_wconf 85' lang='grc' dir='ltr'>τῶν</span> <span class='ocrx_word' id='word_1_921' title='bbox 2129 5538 2291 5607; x_wconf 82' lang='grc' dir='ltr'>ἱερῶν</span> <span class='ocrx_word' id='word_1_922' title='bbox 2325 5537 2583 5603; x_wconf 83' lang='grc' dir='ltr'>Πατέρων</span> <span class='ocrx_word' id='word_1_923' title='bbox 2609 5536 2789 5605; x_wconf 80' lang='grc' dir='ltr'>ἡμῶν.</span> <span class='ocrx_word' id='word_1_924' title='bbox 2821 5535 2956 5603; x_wconf 72' lang='grc' dir='ltr'>Περὶ</span> <span class='ocrx_word' id='word_1_925' title='bbox 2978 5534 3033 5586; x_wconf 86' lang='grc' dir='ltr'>δὲ</span> <span class='ocrx_word' id='word_1_926' title='bbox 3064 5534 3174 5585; x_wconf 85' lang='grc' dir='ltr'>τῶν</span> <span class='ocrx_word' id='word_1_927' title='bbox 3206 5534 3281 5602; x_wconf 81' lang='grc' dir='ltr'>μὴ</span> <span class='ocrx_word' id='word_1_928' title='bbox 3303 5533 3469 5584; x_wconf 77' lang='grc' dir='ltr'>ὄντων</span> <span class='ocrx_word' id='word_1_929' title='bbox 3496 5532 3560 5581; x_wconf 85' lang='grc' dir='ltr'>ἐκ</span> 
     </span>
    </p>
   </div>
   <div class='ocr_carea' id='block_1_117' title="bbox 1980 5620 3559 5701">
    <p class='ocr_par' dir='ltr' id='par_1_117' title="bbox 1980 5620 3559 5701">
     <span class='ocr_line' id='line_1_117' title="bbox 1980 5620 3559 5701; baseline -0.003 -22"><span class='ocrx_word' id='word_1_930' title='bbox 1980 5633 2079 5701; x_wconf 75' lang='grc' dir='ltr'>τῆς</span> <span class='ocrx_word' id='word_1_931' title='bbox 2126 5630 2399 5701; x_wconf 79' lang='grc' dir='ltr'>ἡμετέρας</span> <span class='ocrx_word' id='word_1_932' title='bbox 2449 5629 2771 5697; x_wconf 66' lang='grc' dir='ltr'>Ίεῖκκλησίας</span> <span class='ocrx_word' id='word_1_933' title='bbox 2826 5626 2954 5678; x_wconf 84' lang='grc' dir='ltr'>ποτὲ</span> <span class='ocrx_word' id='word_1_934' title='bbox 3011 5626 3162 5676; x_wconf 77' lang='grc' dir='ltr'>οὐδὲν</span> <span class='ocrx_word' id='word_1_935' title='bbox 3210 5624 3370 5691; x_wconf 88' lang='grc' dir='ltr'>λέγω.</span> <span class='ocrx_word' id='word_1_936' title='bbox 3420 5620 3559 5675; x_wconf 79' lang='grc' dir='ltr'>Οὔτε</span> 
     </span>
    </p>
   </div>
   <div class='ocr_carea' id='block_1_118' title="bbox 1985 5715 3560 5791">
    <p class='ocr_par' dir='ltr' id='par_1_118' title="bbox 1985 5715 3560 5791">
     <span class='ocr_line' id='line_1_118' title="bbox 1985 5715 3560 5791; baseline -0.004 -16"><span class='ocrx_word' id='word_1_937' title='bbox 1985 5724 2092 5791; x_wconf 72' lang='grc' dir='ltr'>γὰρ</span> <span class='ocrx_word' id='word_1_938' title='bbox 2134 5723 2243 5782; x_wconf 85' lang='grc' dir='ltr'>τοῖς</span> <span class='ocrx_word' id='word_1_939' title='bbox 2276 5718 2503 5772; x_wconf 69' lang='grc' dir='ltr'>ἐκείνων</span> <span class='ocrx_word' id='word_1_940' title='bbox 2531 5718 2721 5785; x_wconf 75' lang='grc' dir='ltr'>νόμοις.</span> <span class='ocrx_word' id='word_1_941' title='bbox 2747 5719 2925 5786; x_wconf 77' lang='grc' dir='ltr'>ἡμεῖς,</span> <span class='ocrx_word' id='word_1_942' title='bbox 2960 5715 3082 5767; x_wconf 65' lang='grc' dir='ltr'>οὔτε</span> <span class='ocrx_word' id='word_1_943' title='bbox 3116 5716 3311 5767; x_wconf 72' lang='grc' dir='ltr'>ἐκεῖνοι</span> <span class='ocrx_word' id='word_1_944' title='bbox 3336 5717 3444 5777; x_wconf 87' lang='grc' dir='ltr'>τοῖς</span> <span class='ocrx_word' id='word_1_945' title='bbox 3474 5716 3560 5768; x_wconf 78' lang='grc' dir='ltr'>νό-</span> 
     </span>
    </p>
   </div>
   <div class='ocr_carea' id='block_1_119' title="bbox 1986 5806 3558 5901">
    <p class='ocr_par' dir='ltr' id='par_1_119' title="bbox 1986 5806 3558 5885">
     <span class='ocr_line' id='line_1_119' title="bbox 1986 5806 3558 5885; baseline -0.003 -19"><span class='ocrx_word' id='word_1_946' title='bbox 1986 5833 2105 5885; x_wconf 64' lang='grc' dir='ltr'>μοις</span> <span class='ocrx_word' id='word_1_947' title='bbox 2150 5814 2309 5883; x_wconf 73' lang='grc' dir='ltr'>ἡμῶν</span> <span class='ocrx_word' id='word_1_948' title='bbox 2368 5811 2703 5876; x_wconf 56' lang='grc' dir='ltr'>ὑπόκεινται,</span> <span class='ocrx_word' id='word_1_949' title='bbox 2738 5808 2793 5875; x_wconf 73' lang='grc' dir='ltr'>ἐξ</span> <span class='ocrx_word' id='word_1_950' title='bbox 2849 5808 2971 5860; x_wconf 68' lang='grc' dir='ltr'>ὅτου</span> <span class='ocrx_word' id='word_1_951' title='bbox 3028 5807 3123 5862; x_wconf 69' lang='grc' dir='ltr'>τὴν</span> <span class='ocrx_word' id='word_1_952' title='bbox 3183 5806 3558 5885; x_wconf 70' lang='grc' dir='ltr'>ίὸιοῤῥυθμίαν</span> 
     </span>
    </p>
   </div>
  </div>
