4118 6280
331 344 445 408 693

1274 349 1369 410 DE
1414 348 1939 412 PROCESSIONE
1972 350 2093 412 SP1
2108 353 2347 414 IllTUS
2379 354 2681 419 SANCTI.

3511 346 3619 414 (ΞΜ

331 477 460 525 γονε
498 458 710 530 Πατὴρ,
738 459 874 514 ἀλλά
905 461 1106 530 μᾶλλον
1129 460 1221 516 διὰ
1261 463 1418 518 τοῦτο
1449 463 1772 537 θαυμαστήν
1802 484 1923 519 τινα
1955 468 1999 524 Α
2032 469 2194 537 μένον
2244 469 2697 541 ὁμολογουμένως
2750 470 2824 535 ὡς
2879 470 2985 525 ὑπὸ
3032 469 3126 523 τοῦ
3177 468 3615 540 ἀρχιεπισκόπου

332 556 431 606 καὶ
464 554 867 625 ἀκριϐεστάτην
898 555 1087 625 ὄψεται
1116 556 1210 611 τοῦ
1244 558 1459 629 Πατρὶς
1489 561 1548 611 ἐν
1572 559 1648 629 τῷ
1676 559 1793 629 Υίῷ
1825 560 1923 630 τὴν

330 643 536 698 εἰκόνα.
573 644 788 715 Ὠσπερ
822 648 928 716 γὰρ
951 648 977 699 ὁ
1012 647 1221 718 Πατὴρ,
1252 649 1519 719 άτρεπτός
1553 669 1613 704 τε
1644 654 1739 705 καὶ
1764 655 1926 706 ἀναλ-

330 735 553 800 λοίωτος
585 734 685 800 ὢν,
707 738 794 791 ἀεὶ
828 739 980 808 μένει
1011 741 1221 811 Πατὴρ,
1261 742 1353 795 καὶ
1384 744 1463 807 είς
1499 744 1626 797 Υῖδν
1660 746 1721 799 οὐ
1757 761 1925 815 μετα-

332 827 617 893 ϐάλλεται,
643 827 818 895 οὕτως
858 833 885 884 ὁ
920 831 977 899 ἐξ
1028 834 1196 888 αὐτοῦ
1249 838 1418 904 Λόγος
1457 838 1583 901 Υἱὸς
1617 840 1920 909 προελθὼν,

333 919 487 988 μένει
519 920 669 976 τοῦθ’
699 923 837 995 ὅπερ
892 926 1032 993 ἐστὶ,
1077 926 1170 980 τοῦ
1203 929 1414 999 Πατρὺς
1458 932 1517 983 τὸ
1542 933 1919 999 ἀναλλοίωτον,

333 1016 431 1066 καὶ
456 1014 544 1068 διά
568 1016 727 1070 τοῦτο
752 1017 1013 1073 δεικνύων
1043 1023 1097 1073 ἐν
1122 1022 1322 1090 ἑαυτῷ,
1351 1024 1533 1093 ὁμο-ος
1557 1024 1633 1080 ὢν
1662 1028 1754 1079 καὶ
1784 1028 1924 1081 κατὰ

332 1107 497 1161 τοῦτο
528 1108 604 1178 τῷ
633 1112 831 1181 Πατρί.

410 1200 626 1254 Οὐκοῦν
658 1204 840 1274 μωρία
884 1207 1004 1259 ἐστὶ
1036 1207 1095 1259 τὸ
1123 1206 1325 1277 λέγειν,
1357 1210 1640 1278 Ἀνόμοιος
1685 1213 1752 1266 ἂν
1781 1213 1865 1283 εἴη
1894 1216 1923 1267 6

337 1290 469 1354 Υἱὸς
500 1291 579 1363 τῷ
611 1294 782 1364 Πατρὶ
812 1296 887 1365 μὴ
914 1296 1087 1363 αἴτιος
1115 1297 1192 1353 ὢν
1223 1300 1318 1354 καὶ
1348 1303 1513 1366 αὐτὸς
1540 1303 1632 1357 τοῦ
1664 1304 1921 1377 Πνεῦμα-

332 1397 447 1444 τος.
484 1382 710 1451 Ὀμοιος
745 1387 844 1455 μὲν
880 1383 973 1443 οῦν
1004 1391 1119 1445 ἐστι
1150 1393 1239 1447 διά
1282 1395 1460 1461 τοῦτο,
1508 1396 1687 1465 μένων
1744 1400 1802 1452 ἐν
1852 1402 1920 1468 τῇ

329 1473 532 1528 ἑαυτοῦ
600 1477 846 1547 ἰδιότητι,
905 1483 999 1535 καὶ
1050 1485 1125 1553 μὴ
1175 1485 1448 1556 ἁρπάζων
1496 1490 1596 1558 τὴν
1646 1492 1922 1564 πατρικὴν

331 1565 603 1634 ίδιότητα,
659 1569 783 1639 ἥτις
836 1573 985 1626 ἐστὶν
1036 1576 1068 1646 ἠ
1120 1576 1442 1648 ἀγεννησία,
1479 1581 1659 1635 εῖτουν
1702 1583 1735 1652 ἡ
1771 1584 1921 1638 αίτία

326 1658 443 1711 τῶν
484 1657 543 1724 ἐξ
571 1660 740 1715 αὑτοῦ
761 1677 778 1696 ο
817 1664 866 1715 εί
893 1664 949 1717 δέ
977 1665 1073 1736 μὴ,
1100 1665 1188 1721 διὰ
1215 1666 1268 1722 τί
1309 1668 1386 1740 μὴ
1410 1670 1707 1741 τρέμουσιν
1748 1672 1919 1741 οὗτοι,

2029 560 2237 614 ἐκείνου
2271 562 2592 633 ἀνεγνώσθη
2623 562 3055 635 διεφθαρμένως.
3088 563 3311 629 Ἕκτον,
3341 562 3421 614 ὅτι
3446 562 3493 615 εί
3524 559 3620 615 καὶ

2030 653 2107 723 μὴ
2147 652 2521 724 διεφθάρησαν
2558 655 2824 726 πρότερον
2858 656 2925 708 τὰ
2960 654 3160 723 βιϐλία,
3192 654 3298 723 πρὸ
3320 652 3421 723 τῆς
3450 654 3508 706 ἐν
3541 653 3620 723 τῷ

2028 746 2671 818 Συμϐόλῳ’προσθὴκης,
2702 747 2817 801 ἀλλ’
2848 746 3077 817 ὕστερον
3099 744 3259 800 τοῦτο
3290 746 3619 801 πεπονθέναι

2026 838 2204 893 ταῦτα
2245 839 2340 893 καὶ
2385 839 2508 893 λίαν
2541 840 2691 909 είκός
2727 839 2868 908 ἐστι,
2916 837 3010 893 καὶ
3046 840 3209 910 εἴπερ
3254 858 3307 892 τι
3355 838 3484 893 ἄλλο
3524 838 3619 892 καλ¹

2027 928 2186 984 τοῦτο
2218 930 2384 994 εἰκός.
2412 931 2479 984 Οἱ
2505 930 2612 1002 γὰρ
2641 934 3090 1001 μεταγράφοντες
3110 932 3208 994 τάς
3234 931 3343 984 τῶν
3364 929 3619 985 διδασκά-

2026 1022 2136 1075 λων
2164 1021 2382 1092 βίϐλους
2417 1023 2474 1076 ἐν
2530 1022 2804 1091 Λατίνοις,
2848 1022 3059 1077 ἰδιῶται
3108 1020 3259 1084 ὄντες
3292 1023 3342 1076 οἱ
3373 1022 3617 1090 πλείους,

2026 1112 2158 1167 ἔνθα
2196 1114 2511 1185 εὑρίσκουσί
2560 1132 2611 1167 τι
2657 1114 2916 1185 περὶτῆς
2949 1112 3045 1166 τοῦ
3096 1114 3254 1181 ἁγίου
3299 1113 3620 1184 Πνεύματος

2027 1208 2435 1279 ἐκπορεύσεως,
2487 1209 2945 1279 μεταγράφουσιν
2996 1207 3130 1262 αὐτὸ
3179 1207 3321 1262 κατά
3371 1207 3471 1276 τὴν
3520 1206 3620 1277 τῆς

2025 1298 2382 1360 διδασκαλίας
2411 1299 2729 1369 ὁμολογίαν,
2781 1301 2842 1353 οὺ
2884 1297 3067 1364 καθὼς
3107 1300 3458 1370 εὑρίσκουσιν
3488 1297 3621 1352 αὐτὸ

2029 1391 2309 1460 κείμενον,
2343 1394 2581 1460 οἰόμενοι
2617 1392 2749 1445 αὐτὸ
2778 1390 3068 1459 ἐσφάλθαι,
3116 1391 3299 1445 κανόνι
3342 1391 3619 1462 χρώμενοι

2025 1482 2103 1554 τῷ
2132 1482 2192 1535 ἐν
2220 1485 2340 1546 ταῖς
2368 1482 2685 1553 ἐκκλησίαις
2728 1482 2989 1554 ᾁδομένῳΓ
3017 1482 3304 1554 Συμϐόλῳ,
3338 1482 3431 1535 καὶ
3475 1479 3620 1533 οὕτω

2030 1573 2211 1629 πάντα
2241 1572 2311 1626 τὰ
2352 1572 2537 1643 βιϐλία
2565 1574 2703 1644 πρὸς
2735 1573 2827 1625 τὸν
2856 1576 2955 1643 τῆς
2982 1574 3305 1644 προσθήκης
3348 1571 3621 1643 μετεπλά-

2027 1663 2238 1735 σθησαν
2280 1663 2473 1720 τύπον·
2522 1667 2620 1720 καὶ
2657 1664 2795 1720 ἀλλα
2847 1666 3019 1720 πολλὰ
3062 1664 3292 1720 τοιαῦτα
3341 1666 3442 1736 τὴν
3489 1663 3622 1736 περὶ

331 1748 410 1819 μὴ
443 1752 540 1803 καὶ
571 1750 633 1804 τὸ
662 1752 888 1823 Πνεῦμα
915 1755 1171 1827 ἀνόμοιον
1203 1754 1262 1832 ᾗ,
1289 1759 1319 1813 6
1345 1760 1599 1832 στεροῦσι
1629 1764 1691 1816 τὸ
1720 1766 1923 1838 γεννᾷν
1959 1813 1996 1838 Β
2024 1756 2135 1811 τῶν
2169 1756 2351 1827 ῥητῶν
2379 1756 2609 1811 εκείνων
2640 1757 2876 1828 ὑποψίαν
2900 1758 3035 1828 ἡμῖν
3064 1755 3472 1826 ἐνεργάζονται-

329 1813 426 1892 καλ
466 1841 529 1894 τὸ
568 1813 916 1912 προϐάλλειν,
980 1813 1041 1901 ού
1102 1813 1284 1916 καλῶς
1349 1813 1695 1925 στεροῦντες,
1731 1813 1923 1928 ’ᾇιζέ
1956 1813 1999 1869 Β
2101 1813 2367 1921 Δεύτερον
2420 1850 2635 1920 τίθημι,
2686 1813 2771 1902 ὅτί
2820 1813 3000 1903 “ivga
3030 1813 3320 1918 1619:6110
3370 1846 3439 1899 τά
3488 1845 3622 1914 παρ’

329 1933 427 1985 καὶ
491 1932 567 2004 τῷ
603 1934 715 2005 Υἱῷ
748 1937 806 1990 τὸ
866 1939 1193 2010 προϐάλλειν
1224 1945 1645 2015 μεταδιδόασιν;
1694 1949 1756 2002 EI
1816 1950 1925 2020 γάρ

340 2025 437 2079 καὶ
479 2027 540 2080 τδ
574 2029 898 2099 προϐάλλειν
936 2032 1315 2105 ἀντικείμενόν
1346 2039 1465 2091 ἐστι
1513 2040 1591 2109 τῷ
1624 2030 1927 2113 προϐάλλε-

336 2117 485 2187 σθαι,
507 2120 651 2174 οὔτω
674 2123 781 2194 γὰρ
804 2126 1193 2196 ἀποκρίνονται
1219 2130 1590 2200 σοφιζόμενοι,
1615 2132 1690 2197 ὡς
1709 2134 1927 2207 δειχθή-

337 2226 519 2275 σετιιι,
563 2212 700 2268 ἀλλά
746 2215 807 2270 τὸ
842 2220 1035 2289 γεννᾷν
1090 2222 1191 2275 οὐκ
1233 2219 1385 2275 ἔστιν
1430 2225 1808 2294 ἀντικείμενον
1848 2226 1926 2301 τῷ

336 2305 767 2373 προϐάλλεσθαι.
793 2311 1006 2383 Ὠσπερ
1033 2312 1129 2368 οὖν
1173 2314 1295 2368 κατ’
1338 2315 1539 2380 αὐτοὺς
1579 2319 1607 2372 ὁ
1649 2318 1774 2382 Υἱός
1807 2323 1926 2373 ἐστι

333 2400 430 2451 καὶ
478 2399 800 2470 προϐολεὺς,
837 2403 925 2459 διὰ
959 2406 1021 2458 τὸ
1049 2405 1126 2476 μὴ
1149 2407 1487 2463 ἀντικεῖσθαι
1530 2409 1605 2481 τῷ
1637 2413 1831 2482 γεννᾷν
1865 2419 1927 2466 τὸ

337 2480 695 2558 προϐάλλειν·
727 2493 869 2548 οὕτω
900 2494 1074 2549 καὶτὸ
1117 2498 1339 2569 Πνεῦμα
1373 2480 1726 2571 τούλάχιστον
1753 2480 1820 2556 ἀν
1839 2504 1924 2573 εῖη

334 2583 643 2653 γεννήτωρ,
674 2583 762 2637 διὰ
812 2585 872 2639 τὸ
918 2587 992 2657 μὴ
1026 2590 1367 2644 ἀντικεῖσθαι
1418 2592 1493 2663 τῷ
1525 2595 1925 2662 προϐάλλεσθαι

334 2672 393 2724 τὸ
456 2675 679 2746 γεννᾷν,
739 2677 891 2731 οὐδὲν
947 2674 1111 2752 ἦττον
1162 2681 1194 2752 ἢ
1249 2684 1432 2738 ἐκεῖνα
1485 2684 1586 2738 ούκ
1624 2686 1926 2742 ἀντίκειται

335 2763 459 2815 κατ’
501 2764 701 2829 αὐτοὺς
758 2766 817 2819 ἐν
880 2767 1015 2836 Υίῷ.
1058 2769 1185 2832 Πῶς
1248 2769 1344 2824 οὖν
1388 2772 1450 2825 ού
1506 2772 1786 2843 προδήλως
1846 2774 1925 2844 τῷ

336 2852 620 2922 Πνεύματι
642 2856 928 2927 μάχονται,
950 2859 1041 2912 τὸν
1063 2860 1188 2914 Υίὸν
1206 2860 1491 2927 δοκοῦντες
1516 2862 1695 2918 σέϐειν
1717 2865 1921 2932 κακῶς,

338 2944 434 2994 καὶ
464 2942 559 2996 τὸν
582 2944 678 3015 τῆς
709 2946 956 3017 ἰσότητος
988 2948 1147 3018 λόγον
1180 2952 1237 3005 ἐν
1269 2954 1381 3015 τοῖς
1412 2953 1579 3017 θείοις
1613 2953 1927 3026 προσώποις

336 3032 591 3101 λύουσιν;

2033 1942 2267 2006 ἐκείνοις
2300 1942 2563 2013 οὐδεμίαν
2588 1943 2841 2010 ἐδέξαντο
2871 1942 3198 2012 μεταϐολὴν,
3230 1940 3356 1993 οὕτε
3381 1939 3445 1992 ἐκ
3475 1955 3620 2002 τινος

2031 2034 2388 2106 κακουργίας,
2423 2032 2548 2087 οὒτε
2595 2034 2662 2088 ἐκ
2695 2035 2793 2105 τῆς
2825 2032 2936 2088 τῶν
2971 2033 3439 2103 μεταγραφόντων
3472 2031 3619 2085 ίδιω-

2030 2125 2183 2191 τείας
2216 2126 2604 2199 προϐαλούσης
2640 2125 2740 2197 τὴν
2793 2125 2897 2196 τῆς
2930 2124 3226 2196 ὁμολογίας
3260 2123 3444 2179 αὑτῶν
3496 2141 3622 2177 συν·

2031 2218 2245 2292 ήθειαν.
2296 2221 2456 2290 Λέγω
2509 2222 2615 2287 ὁτι,
2663 2220 2712 2274 εί
2762 2221 2857 2275 καὶ
2913 2218 3281 2289 Δύγουστῖνος
3331 2219 3482 2288 λέγει
3535 2219 3619 2271 ὅτι

2029 2311 2393 2383 ἐκπορεύεται
2417 2312 2478 2367 τδ
2502 2312 2731 2383 Πνεῦμα
2762 2314 2857 2367 καὶ
2878 2312 2943 2366 ἐκ
2966 2312 3061 2365 τοῦ
3085 2309 3243 2377 Υἱοῦ,
3268 2308 3369 2365 οὐκ
3393 2310 3613 2379 ἀνάγκη

2030 2401 2174 2457 οὕτω
2224 2403 2322 2457 καὶ
2375 2405 2475 2476 τὴν
2528 2402 2761 2457 καθόλου
2808 2403 3140 2474 Ἐκκλησίαν
3199 2400 3619 2472 μεταϐαλοῦσαν

2029 2497 2117 2552 διά
2166 2498 2260 2551 τὸν
2297 2498 2666 2567 Δύγουστῖνον
2708 2497 2945 2569 φρονεῖν.
3005 2496 3225 2561 Ἐκείνη
3260 2495 3371 2562 γὰρ
3409 2493 3619 2561 Αὐγου-

2031 2589 2200 2659 στίνῳ
2229 2590 2357 2652 τοὺς
2384 2588 2485 2657 τῆς
2524 2589 2763 2650 πίστεως
2795 2584 2979 2653 τίθησι
3016 2585 3236 2651 νόμους,
3268 2582 3363 2636 καὶ
3392 2582 3614 2650 ἑκάστῳ

2030 2681 2139 2735 τῶν
2176 2681 2353 2735 ἄλλων
2385 2680 2581 2748 ἁγίων,
2613 2678 2706 2731 καὶ
2737 2677 2837 2730 οὑκ
2870 2676 3037 2747 αὐτὴν
3063 2674 3158 2728 ὑπ’
3184 2672 3348 2727 αὑτοῦ
3374 2671 3478 2744 χρὴ
3514 2688 3617 2725 κα-

2029 2770 2355 2834 νονίζεσθαι.
2399 2770 2521 2824 ούδέ
2578 2768 2820 2836 ἀνάγκη,
2869 2767 3006 2819 διότι
3060 2765 3426 2832 Αὑγουστῖνος
3458 2758 3616 2815 εἶπεν

2028 2861 2225 2929 οὕτως,
2298 2862 2392 2916 καὶ
2432 2861 2602 2923 οὕτως
2655 2860 2833 2931 ἔχειν·
2900 2859 3059 2912 τοῦτο
3111 2859 3222 2927 γάρ
3278 2860 3400 2920 ταῖς
3458 2872 3619 2910 κανο-

2032 2956 2212 3017 νικαῖς
2245 2954 2408 3024 μόνον
2445 2953 2716 3022 Γραφαῖς,
2752 2952 2847 3004 καὶ
2878 2953 2999 3013 ταῖς
3047 2950 3457 3019 οίκουμενικαῖς
3490 2964 3615 2999 συν-

2030 3045 2170 3108 όδοις
2218 3045 2280 3098 τὸ
2315 3044 2485 3116 γέρας
2523 3044 2893 3113 πεφύλακται.
2953 3040 3066 3095 Καὶ
3114 3038 3224 3093 ἀπὸ
3274 3039 3371 3109 μὲν
3413 3037 3618 3091 τούτων

423 3128 900 3200 Ἐπανερχόμενος
944 3136 1123 3189 τοίνυν
1155 3136 1297 3204 λέγω
1345 3137 1427 3192 ὅτι
1480 3139 1581 3193 οὐκ
1629 3139 1697 3194 ἂν
1725 3142 2003 3213 Δύγουοο
2035 3141 2136 3191 οὐκ
2182 3137 2395 3203 ἔξεστιν
2440 3138 2616 3190 οὐδενὶ
2669 3138 2979 3206 ἀναχωρεῖν
3029 3132 3317 3204 ὀρθοδόξῳς
3356 3130 3515 3196 ειγιον
3560 3129 3626 3181 δέ

344 3222 523 3284 στῖνος
554 3223 647 3276 καὶ
690 3222 1018 3295 Ἱερώνυμος
1067 3228 1279 3282 ἔδωκαν
1314 3230 1439 3301 μέλι
1472 3231 1716 3288 τοσαῦτα
1760 3235 1924 3305 δηλη-

342 3314 511 3383 τήρια
543 3314 809 3384 κρύπτον.
848 3318 1033 3388 Πολλῷ
1065 3321 1267 3389 μᾶλλον
1301 3324 1469 3393 ἐχρῆν
1518 3325 1719 3388 αὐτοὺς
1756 3327 1925 3395 φοϐηο

336 3404 499 3474 θῆναι
554 3409 751 3471 είπεῖν,
802 3409 830 3462 ὃ
882 3411 1077 3482 μηδεὶς
1127 3410 1250 3466 εἷπε
1299 3415 1409 3468 τῶν
1464 3416 1522 3469 ἐν
1555 3419 1621 3487 τῇ
1665 3417 1924 3489 Ἀνατολῇ

336 3497 680 3552 διδασκάλων
711 3499 801 3565 οὓς
831 3502 1032 3556 ἐκεῖνοι
1064 3500 1212 3574 εἶχον
1247 3507 1621 3579 παράδειγμα,
1656 3509 1689 3580 ἢ
1724 3510 1751 3562 ὃ
1784 3510 1924 3564 πᾶν·

336 3607 428 3653 τες
467 3590 657 3660 ἔλεγον
693 3594 793 3665 τὴν
821 3596 1147 3653 ὑπόστασιν.

407 3684 611 3753 Τρίτον
641 3686 853 3756 βεϐαιοῖ
882 3690 1018 3759 ἡμῖν
1038 3692 1135 3759 τὴν
1159 3695 1291 3763 περὶ
1314 3694 1425 3748 τῶν
1456 3694 1636 3765 ῥητῶν
1670 3696 1926 3764 ὑποψίαν,

338 3777 423 3829 ὅτι
502 3774 831 3848 Ἱερώνυμος
894 3783 988 3836 καὶ
1028 3784 1410 3850 ξΑύγουστῖνος
1464 3786 1779 3854 ὡμολόγουν
1829 3790 1928 3857 τὴν

340 3869 444 3935 τῆς
509 3871 805 3942 καθολικῆς
870 3875 1200 3945 Ἐκκλησίας
1252 3878 1572 3947 ὁμολογίαν,
1609 3881 1703 3933 καὶ
1761 3880 1820 3933 τὸ
1868 3883 1928 3934 ὲν

346 3960 930 4018 Κωνσταντινουπόλει
984 3968 1287 4037 ἐκήρυττον
1328 3969 1629 4039 Σύμϐολον,
1680 3973 1774 4026 καὶ
1828 3973 1927 4026 ούκ

340 4042 407 4101 ἂν
443 4045 512 4120 ἦν
547 4052 695 4115 είκὸς
742 4054 941 4119 αὐτοὺς
1002 4056 1138 4110 ἄλλα
1194 4059 1295 4129 μὲν
1340 4060 1625 4129 ὁμολογεῖν
1664 4063 1720 4114 ἐν
1761 4065 1927 4134 κοινῷ

342 4141 440 4194 καὶ
466 4144 775 4218 παρρησία,
814 4147 951 4203 ἄλλα
991 4151 1050 4217 δὲ
1090 4149 1195 4222 ίδίᾳ
1241 4153 1601 4223 συγγράφειν.
1628 4156 1923 4226 Τέταρτον.

341 4236 424 4288 ὅτι
453 4236 503 4288 οί
531 4239 753 4292 Λατῖνοι
782 4241 1136 4310 προσέθηκαν
1170 4245 1236 4313 τῇ
1272 4243 1523 4316 θεολογίᾳ
1555 4246 1649 4298 τοῦ
1687 4247 1927 4315 Χριστοῦ

346 4326 438 4381 τοῦ
471 4328 744 4384 Δεσπότου
783 4332 944 4400 ἡμῶν
976 4336 1071 4390 καὶ
1120 4334 1230 4387 τῶν
1255 4337 1653 4405 οἰκουμενικῶν
1698 4340 1928 4393 συνόδων

343 4423 409 4489 τῇ
444 4420 626 4474 πίστει
656 4424 831 4491 μόνοι,
854 4425 908 4477 τί
940 4425 1257 4495 θαυμαστὸν
1279 4422 1349 4495 ἦν
1378 4428 1695 4497 προσθεῖναι
1724 4416 1928 4494 αὐτοὺς

2028 3245 2150 3281 τινα
2193 3228 2225 3298 ἢ
2266 3227 2474 3280 καὶδύο
2491 3228 2733 3290 εὐλαϐῶς
2757 3224 3166 3297 παραιτεῖσθαι,
3187 3226 3244 3276 ἐν
3265 3218 3348 3285 οἷς
3372 3222 3448 3290 μὴ
3472 3237 3616 3289 συμ-

2030 3322 2197 3385 φωνεῖ
2220 3323 2286 3390 τῇ
2319 3322 2472 3390 κοινῇ
2498 3320 2647 3391 δόξῃ,
2668 3319 2778 3372 εῖτε
2811 3318 2917 3374 ὑπὸ
2941 3319 3039 3385 τῆς
3071 3319 3130 3369 ἐν
3154 3316 3230 3384 τῷ
3261 3315 3441 3382 λέγειν
3476 3317 3617 3365 κατά

2030 3411 2140 3465 τῶν
2175 3411 2475 3481 αἱρετικῶν
2506 3412 2774 3480 ἀνάγκης,
2809 3411 2920 3462 εἴτε
2965 3409 3113 3471 ὅπως
3161 3406 3293 3459 ποτὲ
3324 3405 3411 3474 εῖη
3451 3403 3617 3457 τοῦτο

2033 3504 2250 3573 συμϐὰν
2284 3503 2457 3573 αὐτῷ,
2495 3505 2624 3559 ἄνευ
2651 3504 2752 3572 τῆς
2799 3503 2933 3572 πρὸς
2965 3502 3065 3570 τὴν
3104 3497 3435 3567 Ἐκκλησίαν
3466 3496 3619 3564 φιλο-

2030 3595 2263 3659 νεικίας·
2308 3597 2356 3649 εί
2404 3595 2531 3667 γὰρ
2564 3593 2997 3664 ἐφιλονείκησεν,
3051 3590 3163 3646 οὐδ’
3196 3592 3264 3646 ἂν
3309 3591 3396 3660 εἴη
3436 3589 3611 3655 ἅγιος.

2032 3689 2139 3742 Καὶ
2166 3686 2315 3741 τοῦτ’
2345 3688 2468 3740 ἐστὶ
2508 3688 2569 3740 τὸ
2599 3686 2899 3753 διακρίνειν
2929 3685 3240 3755 αίρετικοὺς
3280 3683 3375 3737 καλ.
3419 3682 3616 3755 ὀρθοὺς

2030 3779 2409 3843 διδασκάλους,
2445 3778 2507 3831 οὐ
2553 3778 2612 3831 τὸ
2640 3776 2768 3840 τοὺς
2807 3777 2907 3846 μὲν
2941 3776 3109 3846 μηδὲν
3154 3775 3364 3846 ἀπᾷδον
3392 3775 3615 3838 δοξάσαι

2033 3871 2128 3923 καὶ
2157 3872 2334 3922 εἰπεῖν
2381 3868 2606 3932 τούτους
2653 3870 2865 3938 ἁγίους,
2916 3868 3045 3931 τοὺς
3100 3866 3146 3919 δ’
3196 3866 3511 3936 ὑπαχθῆναι
3539 3866 3616 3933 τῷ

2031 3960 2219 4030 ψεύδει
2268 3959 2494 4024 τούτους
2533 3962 2846 4031 αἱρετικοὺς
2873 4000 2889 4025 ,
2931 3958 3069 4013 ἀλλὰ
3121 3957 3200 4029 τῷ
3236 3956 3615 4026 φιλωεικῆσαι

2031 4054 2344 4124 διῄρηνται.
2392 4054 2777 4123 ’Λφιλονείκως
2834 4053 2891 4108 δέ
2947 4052 3083 4121 πρὸς
3128 4052 3229 4119 τὴν
3278 4050 3614 4117 Ἐκκλησίαν

2035 4144 2221 4199 πολλοὶ
2251 4145 2423 4198 πολλὰ
2447 4144 2601 4216 παρὰ
2628 4145 2727 4216 τὴν
2756 4144 2943 4216 κοινὴν
2973 4143 3287 4214 ἐφρόνησαν
3321 4142 3503 4206 δόξαν,
3531 4135 3615 4204 οἷς

2034 4238 2194 4309 ἡμεῖς
2220 4239 2279 4290 ού
2322 4238 2608 4307 τιθέμεθα*
2638 4238 2735 4290 καὶ
2762 4238 2911 4307 ὅμως
2942 4236 3137 4298 αὐτοὺς
3167 4235 3240 4298 ὡς
3276 4235 3463 4304 ἁγίους
3491 4234 3620 4286 ἀνυ-

2039 4328 2282 4398 μνοῦμεν
2312 4329 2407 4382 καὶ
2445 4330 2822 4390 διδασκάλους.
2847 4328 2983 4382 διότι
3018 4329 3097 4398 μὴ
3126 4326 3618 4395 πεφιλονεικήκασι

2034 4421 2173 4491 πρὸς
2207 4419 2306 4489 τὴν
2342 4418 2698 4487 Ἐκκλησίαν.
2735 4418 2993 4488 Ἔχοντες
3026 4418 3083 4469 δὲ
3109 4417 3309 4477 αὐτοὺς
3336 4414 3426 4468 διὰ
3457 4414 3619 4468 τοῦτο

346 4517 439 4566 καί
474 4517 531 4569 ἐν
573 4519 695 4579 ταῖς
726 4516 837 4569 τῶν
875 4517 1218 4571 διδασκάλων
1261 4521 1444 4574 αὐτῶν
1478 4521 1703 4591 βίϐλοις,
1753 4517 1830 4576 ὧν
1868 4524 1928 4575 τὸ
1962 4506 2005 4562 D
2033 4510 2247 4578 ἁγίους,
2281 4509 2432 4579 ὅμως
2465 4509 2565 4562 οὐκ
2590 4508 3019 4579 ἀναγκαζόμεθα
3045 4508 3266 4576 φρονεῖν
3295 4507 3501 4569 έκεῖνα,
3541 4506 3617 4567 ὡς

347 4606 561 4675 ἐξίωμα
594 4607 818 4660 ἔλαττόν
867 4610 986 4661 ἐστι
1034 4610 1146 4663 τῶν
1200 4611 1598 4679 οίκουμενικῶν
1650 4613 1921 4680 συνόδων;

349 4699 622 4767 Πέμπτον,
654 4700 739 4751 ὅτι
768 4701 824 4751 ἐν
858 4703 923 4770 τῇ
962 4701 1191 4772 Φεῤῥίᾳ,
1232 4702 1367 4771 πρὶν
1398 4701 1658 4756 ἀπελθεῖν
1695 4705 1777 4766 είς
1820 4708 1921 4774 τὴν

344 4788 704 4855 οίιλωρεντίαν,
760 4788 856 4848 καὶ
896 4789 1191 4858 προδοῦναι
1233 4789 1336 4859 τὴν
1378 4788 1640 4859 ἀλήθειαν
1683 4791 1925 4858 ἀγεννῶς

356 4880 713 4952 συνηγμένων
737 4882 956 4936 πάντων
983 4882 1141 4954 ἡμῶν
1170 4885 1228 4938 ἐν
1267 4885 1367 4955 μιᾷ
1398 4885 1684 4955 ἀκροάσει,
1714 4885 1929 4953 ἀνέγνω

356 4975 380 5024 ὀ
419 4974 527 5027 τῶν
566 4975 813 5028 Λατίνων
868 4976 991 5032 τότε
1038 4976 1623 5045 ὑπεραπολογούμενος
1672 4978 1927 5048 ἀρχιεπί-

356 5080 553 5128 σκοπος
604 5063 785 5120 Ῥόδου
814 5067 844 5120 ὁ
870 5068 983 5135 φρᾶ
1013 5067 1272 5137 Ἀνδρέας
1300 5070 1363 5121 ἐκ
1393 5066 1504 5121 τῶν
1534 5067 1797 5136 Πράξεων
1828 5069 1927 5139 τῆς

352 5150 396 5215 ζ’
428 5153 650 5208 συνόδου
704 5156 761 5209 ἐν
802 5156 994 5227 βιϐλίῳ
1039 5157 1350 5221 Λατινικῶς
1399 5159 1796 5228 γεγραμμένῳ,
1843 5158 1927 5211 ὅτι

350 5247 408 5298 τδ
437 5246 663 5317 Πνεῦμα
690 5248 755 5300 ἐκ
784 5247 879 5302 τοῦ
906 5251 1120 5321 Πατρὸς
1146 5251 1241 5303 καὶ
1268 5249 1400 5305 Υίοῦ
1425 5249 1805 5320 ἐκπορεύεται,
1834 5250 1929 5303 καὶ

350 5337 506 5403 ἡμεῖς
539 5336 751 5392 πλατὺν
788 5340 1134 5409 ἐγελάσαμεν
1171 5340 1409 5408 γέλωτα.
1455 5341 1519 5394 Ἦ
1550 5340 1659 5410 γὰρ
1685 5340 1781 5393 τοῦ
1816 5340 1929 5392 Τα-

353 5426 538 5494 ρασίου
563 5428 827 5499 ὁμολογία
855 5433 976 5493 ταῖς
999 5431 1271 5502 Πράξεσιν
1293 5432 1588 5501 ἐγκειμένη
1619 5433 1683 5484 ἐκ
1718 5431 1931 5504 Πατρὸς

351 5518 416 5569 δι’
446 5518 581 5587 Υίοῦ
629 5520 777 5588 λέγει
835 5522 1259 5591 ἐκπορεύεσθαι,
1301 5524 1402 5575 οὐκ
1458 5524 1522 5574 ἐκ
1567 5524 1780 5591 Πατρὸς
1835 5527 1932 5575 καὶ

357 5610 505 5663 Υἱοῦ.
545 5611 711 5665 Ὅθεν
741 5614 838 5666 καὶ
870 5614 1237 5680 αἰδεσθέντες,
1270 5615 1624 5683 κατέγνωσαν
1654 5617 1810 5669 αὐτοὶ
1837 5617 1929 5669 τοῦ

356 5703 611 5771 ῥηθέντος
641 5704 945 5757 ἐπισκόπου
985 5707 1079 5758 καὶ
1114 5706 1405 5771 ἐξέϐαλλον
1434 5705 1529 5758 τοῦ
1568 5706 1706 5775 ὑπὲρ
1751 5708 1931 5763 αὐτῶν

354 5794 717 5863 διαλέγεσθαι.
752 5791 862 5851 Ἦν
889 5797 943 5850 δὲ
974 5797 1031 5850 τὸ
1062 5796 1267 5865 βιϐλίον
1300 5799 1475 5850 ἐκεῖνο
1500 5795 1643 5850 οὕτω
1681 5813 1930 5869 γεγραμ-

2029 4604 2194 4666 αύτὺς
2240 4603 2473 4664 ἕκαστος
2506 4598 2629 4657 εῐπε
2681 4601 2885 4670 μᾶλλον
2937 4601 2970 4670 ἢ
3010 4600 3085 4662 ὡς
3133 4600 3182 4652 οἱ
3241 4596 3460 4681 πλείους
3505 4596 3614 4649 τῶν

2033 4695 2226 4763 ἁγίων,
2278 4694 2311 4763 ἢ
2364 4695 2441 4756 ὡς
2476 4694 2534 4746 αἱ
2583 4692 2819 4760 σύνοδοι,
2853 4694 2888 4764 ἢ
2928 4692 3003 4755 ὡς
3050 4688 3381 4760 ὠριμωτέρα
3420 4688 3615 4757 σκέψις

2031 4787 2139 4839 τῶν
2168 4783 2345 4838 ταῦτα
2374 4782 2742 4849 ἐξεταζόντων
2771 4780 3210 4853 πληροφοροῦσιν
3242 4779 3409 4848 ἡμᾶς.
3427 4776 3615 4838 Οὓτως

2028 4878 2058 4930 ὁ
2093 4879 2265 4949 μέγας
2295 4878 2593 4949 Γρηγόριος
2616 4879 2645 4931 ὁ
2667 4874 3097 4946 Θαυματουργὸς
3123 4869 3279 4925 εἶπεν
3308 4874 3368 4923 ἐν
3399 4866 3615 4921 ἐκθέσει

2029 4971 2129 5042 τῆς
2172 4972 2429 5036 πίστεως,
2484 4971 2624 5024 ὄτιὸ
2656 4969 2845 5041 Πατὴρ
2890 4966 2985 5021 καὶ
3026 4968 3054 5019 ὁ
3091 4964 3216 5029 Υἱὸς
3266 4960 3482 5031 ἐπινοίᾳ
3516 4962 3616 5030 μέν

2032 5066 2141 5119 εἱσι
2169 5064 2286 5128 δύο,
2323 5063 2624 5117 ὑποστάσει
2669 5062 2728 5116 δέ
2759 5062 2838 5117 ἓν.
2878 5062 2986 5113 Καὶ
3036 5057 3344 5123 ἐξαιτιᾶται
3383 5055 3546 5108 αὐτὸν
3589 5058 3617 5109 ὁ

2036 5161 2213 5228 μέγας
2262 5157 2546 5212 Βασίλειος
2580 5157 2639 5209 ἐν
2676 5157 2791 5218 τοῖς
2824 5152 3231 5223 Ἀσκητικοῖς.
3265 5152 3349 5206 ὅτι
3386 5150 3448 5203 ού
3496 5149 3618 5219 δογ-

2038 5251 2287 5321 ματικῶς
2316 5245 2438 5301 εἷπε
2468 5248 2647 5315 τοῦτο,
2685 5247 2801 5301 ἀλλ’
2838 5245 3241 5316 ἀγωνιστικῶς.

2116 5342 2177 5393 Ὀ
2230 5340 2391 5404 αὐτὸς
2440 5340 2496 5393 δὲ
2532 5340 2814 5400 Βασίλειος
2866 5339 2960 5392 καὶ⁵
3010 5340 3140 5408 ἰτερλι¹
3194 5334 3470 5390 Διονυσίου
3523 5332 3617 5385 τοῦ

2047 5430 2459 5503 ’ᾼλεξανδρείας
2486 5431 2581 5483 καὶ
2610 5430 2889 5501 μάρτυρός
2937 5446 3128 5500 φησιν,
3162 5428 3246 5501 ότι
3280 5445 3300 5478 ι
3328 5426 3403 5480 Οὐ
3438 5423 3612 5475 πάντα

2036 5520 2399 5590 θαυμάζομεν
2428 5521 2522 5574 τοῦ
2547 5522 2740 5591 ἀνδρός
2764 5538 2778 5552 ·
2826 5520 2943 5573 ἀλλ’
2971 5519 3120 5573 εστιν
3150 5518 3186 5571 ἃ
3212 5519 3305 5569 καὶ
3335 5512 3617 5570 παντελῶς

2034 5614 2436 5682 διαγράφομεν·
2472 5613 2665 5682 σχεδὸν
2689 5613 2800 5682 γὰρ
2826 5612 3061 5677 ταυτησὶ
3090 5610 3188 5676 τῆς
3224 5604 3318 5661 νῦν
3358 5605 3611 5675 θρυλλου⁹

2037 5707 2206 5775 μένης
2235 5704 2513 5769 ἀσεϐείας,
2541 5705 2641 5774 τῆς
2668 5704 2808 5757 κατά
2833 5704 2924 5757 τὸν
2959 5701 3239 5769 Ἀνόμοιον
3264 5699 3429 5767 λέγω,
3461 5697 3615 5759 οὗτός

2035 5802 2203 5864 ἐστιν,
2236 5797 2334 5850 ὅσα
2368 5814 2427 5865 γε
2464 5799 2620 5866 ἡμεῖς
2661 5798 2841 5863 ἴσμεν,
2882 5796 2909 5848 ὁ
2958 5792 3169 5861 πρῶτος
3207 5792 3515 5861 ἀνθρώποις
3549 5790 3615 5843 τὰ
