4118 6280
497 336 607 394 εει-ι

1619 346 2000 412 ΟΕΝΝΑΒΙΙ
2043 352 2150 414 CP.
2193 353 2710 419 PATRIABCILE

3684 362 3787 427 700

499 453 788 548 “ﬂbfxﬂ
825 456 1108 548 éﬂ_al‘/5'=b€
1139 457 1236 529 τῆς
1293 459 1551 532 τοιαύτης
1584 463 1920 534 φιλοτιμίας.
1944 467 2084 536 ψεκ-
2115 469 2158 526 Α
2190 470 2250 524 τὸ
2278 471 2507 543 Πνεῦμα
2537 475 2600 532 τδ
2627 475 2806 546 ἅγιον,
2834 475 3119 532 τουτέστιν
3151 477 3268 548 ἅμα
3305 479 3384 548 τῷ
3408 477 3532 547 Υῑῷ
3565 480 3666 534 καὶ
3693 483 3789 536 σὺν

495 529 578 599 τὸι
639 547 685 598 δ’
733 547 799 600 ἂν
854 541 967 601 εῐεν
1023 548 1268 619 δικαίως,
1320 552 1368 605 εί
1417 529 1700 624 μὴ’ώςνάν
1743 529 1916 621 αὐτὸς
1954 529 2081 628 βου-

495 636 684 706 ληθείη
731 640 842 701 τοῖς
878 640 1043 694 αὑτοῦ
1071 644 1399 712 χρωμένοις,
1427 645 1522 699 καὶ
1570 646 1626 700 εῖ
1649 663 1732 712 τις
1774 649 1850 719 μὴ
1892 653 2082 719 φρονεῖ

494 726 592 781 καὶ
651 728 798 798 λέγει
853 732 946 784 τὸν
1005 733 1369 802 Αὑγουστῖνον
1439 740 1718 810 μακάριον
1773 741 1867 794 καὶ
1922 741 2080 811 ἅγιον

494 815 655 883 εἶναι,
688 823 967 892 ἀνάθεμα’
1005 826 1172 895 ὅμως,
1197 827 1270 892 ώς
1319 829 1558 900 εἴρηται,
1584 833 1682 896 τὰς
1715 834 2078 899 ἀπαιδεύτους

495 914 528 984 ἢ
555 915 901 986 κακούργους
929 917 1096 981 ἀκοὰς
1125 919 1218 972 καὶ
1245 919 1424 996 ψυχὰς
1459 924 1855 996 φυλαττόμενοι
1896 927 2078 981 αὑτῶν

501 1006 738 1072 μάλιστα
764 1007 946 1078 χάριν,
977 1009 1137 1079 ημῶν
1171 1011 1229 1065 δὲ
1262 1013 1592 1070 ἀπαιδευσία
1619 1017 1768 1080 τινὸς
1804 1018 1866 1070 ειὺ
1907 1018 2078 1071 καθά-

494 1099 676 1166 ψεται,
711 1101 815 1165 ἕως
852 1101 917 1154 ἂν
951 1103 1088 1171 μετά
1117 1122 1174 1156 τε
1203 1107 1296 1174 τῆς
1330 1107 1590 1179 ἀληθείας
1633 1110 1808 1179 αὑτῆς
1842 1113 1934 1166 καὶ
1970 1112 2078 1166 τῶν

498 1190 668 1256 ἁγίων
697 1191 806 1244 τῶν
835 1194 1174 1264 ἑκατέρωθεν
1199 1191 1349 1268 ὦμεν
1377 1199 1508 1271 ὀρθῇ
1547 1204 1640 1254 καὶ
1669 1203 1950 1272 ἀκιδδήλῳ
1983 1203 2079 1258 καὶ

495 1284 948 1356 κεκανονισμένῃ,
980 1289 1074 1342 καὶ
1117 1289 1318 1353 πολλὰς
1366 1292 1568 1364 ἐχούσῃ
1614 1293 1712 1356 τὰς
1761 1297 2076 1364 συστάσεις,

494 1369 672 1444 διαίτῃ
705 1376 798 1428 καὶ
817 1377 1091 1449 διακρίσει
1115 1380 1227 1433 τῶν
1251 1382 1308 1436 ὲν
1341 1383 1524 1447 αὑτοῖς
1556 1385 1829 1456 διαφόρων
1859 1388 2080 1442 δοκούν-

494 1479 621 1518 των.
657 1466 755 1518 Διά
785 1465 959 1522 ταῦτα
992 1470 1170 1525 τοίνυν
1218 1471 1280 1526 οὑ
1313 1474 1383 1527 τὰ
1413 1475 1520 1528 τῶν
1569 1477 1814 1532 Δυτικῶν
1846 1481 1983 1547 πρὸς
2012 1481 2082 1534 τὰ

494 1554 604 1607 τῶν
646 1555 933 1625 Ἀσιανῶν,
968 1561 1107 1616 ἀλλά
1161 1564 1362 1632 μᾶλλον
1410 1569 1561 1638 κοινῇ
1609 1567 1770 1624 πάνθ’
1824 1570 1960 1640 ὁμοῦ
2010 1573 2080 1626 τά

495 1646 606 1699 τῶν
661 1648 969 1720 Ἐσπερίων
1017 1655 1113 1707 καὶ
1177 1655 1442 1712 Ἀσιανῶν
1494 1659 1831 1715 διδασκάλων
1886 1664 2080 1734 ῥητέον

496 1739 580 1793 ὅτι
610 1740 692 1794 δεῖ
718 1741 796 1812 τῷ
837 1745 938 1814 τῆς
987 1747 1224 1814 πίστεως
1268 1751 1681 1824 έφαρμόζεσθαι
1730 1755 1940 1822 κανόνι,
1981 1758 2078 1812 καὶ

495 1828 638 1884 οὕτω
675 1849 740 1901 γε
769 1836 1042 1903 ποιητέον.

566 1926 629 1977 Οἱ
686 1927 794 1981 ἀπὸ
854 1929 1041 1995 Ἀσίας
1095 1934 1274 1996 τοίνυν
1322 1935 1638 1994 διδάσκαλοι
1704 1940 1958 2010 λέγουσιν
2013 1945 2077 1998 ἐκ

495 2017 708 2088 Πατρδς
734 2021 1126 2087 ἐκπορεύεσθαι
1155 2027 1214 2079 τὸ
1239 2028 1462 2100 Πνεῦμα
1484 2030 1546 2084 τὸ
1569 2031 1746 2100 ἅγιον,
1764 2036 1860 2088 καὶ
1895 2035 2077 2100 οὐδεὶς

495 2107 649 2163 εἶπεν
685 2114 749 2166 ἐκ
778 2114 992 2186 Πατρδς
1023 2119 1117 2171 καὶ
1160 2120 1292 2174 Υίοῦ
1328 2123 1750 2194 ἐκπορεύεσθαι.
1781 2127 1987 2190 Πάντες
2019 2126 2075 2181 δὲ

497 2205 745 2270 λέγουσιν
775 2207 836 2260 ἐκ
867 2208 1085 2281 Πατρὶς
1135 2211 1206 2266 δι’
1254 2214 1381 2269 Υἱοῦ
1425 2215 1687 2282 δίδοσθαι,
1725 2218 1820 2272 καὶ
1863 2219 2078 2289 πέμπε-

498 2295 644 2358 σθαι,
672 2301 764 2350 καὶ
810 2302 1187 2369 χορηγεῖσθαι,
1217 2305 1312 2358 καὶ
1358 2307 1424 2360 τὰ
1471 2306 1716 2373 τοιαῦτα,
1757 2309 1814 2361 έν
1850 2303 1932 2372 οἷς
1973 2310 2074 2364 οὑκ

496 2387 642 2439 αἲτία
667 2391 870 2444 νοεῖται
923 2393 1030 2445 ἀπὸ
1057 2391 1152 2446 τοῦ
1179 2395 1474 2466 προσώπου
1504 2398 1641 2469 πρὸς
1665 2400 1728 2453 τὸ
1759 2401 1864 2471 πρό
1877 2418 2074 2470 τωπον,

495 2476 628 2530 ἀλλὰ
664 2480 864 2547 μᾶλλον
913 2483 970 2549 ἐξ
1000 2485 1209 2554 ἀμφοῖν
1245 2488 1392 2541 αἰτία
1447 2489 1583 2559 πρὸς
1638 2490 1700 2544 τὸ
1743 2492 1848 2556 ἔξω
1879 2493 2077 2546 ἀποτέ-

495 2569 692 2638 λεσμα.
732 2573 840 2628 Καὶ
873 2575 961 2628 διὰ
989 2575 1146 2631 τοῦτο
1175 2580 1234 2633 οὑ
1265 2579 1428 2648 μόνον
1463 2581 1530 2636 ὲκ
1571 2583 1785 2654 Πατρδς
1817 2584 1888 2636 δι’
1921 2583 2076 2650 Υῐοῦ,

495 2663 632 2718 ἀλλὰ
676 2668 770 2719 καὶ
813 2668 876 2720 ὲκ
910 2669 1124 2738 Πατρδς
1171 2671 1265 2725 καὶ
1300 2673 1430 2726 Υἱοῦ
1466 2674 1720 2743 λέγουσιν
1753 2677 1960 2744 ἁπλῶς,
2001 2678 2078 2750 μὴ

494 2760 877 2826 προστιθέντες
919 2760 978 2812 τδ
1024 2763 1238 2833 ιίατρὸς
1281 2767 1602 2835 πέμπεσθαι
1649 2769 1681 2839 ἢ
1728 2769 1970 2824 δίδοσθαι
2015 2773 2078 2824 τὸ

494 2850 720 2919 Πνεῦμα
753 2853 812 2905 τδ
847 2853 1024 2922 ἅγιον,
1049 2854 1240 2926 ὥσπερ
1281 2860 1376 2912 καὶ
1405 2860 1476 2912 δι’
1511 2861 1641 2914 Υἰοῦ
1691 2864 1950 2930 λέγεσθαι
1989 2883 2080 2935 γε·

494 2943 759 3012 γενῆσθαι
817 2946 882 3000 τά
937 2946 1089 3014 ὄντα,
1123 2949 1212 3003 ὅτε
1257 2951 1320 3021 δὴ
1377 2955 1468 3004 καὶ
1524 2954 1687 3008 ἑαυτὸ
1739 2955 1941 3011 διδόναι
1983 2957 2079 3010 καὶ

495 3037 738 3104 πέμπειν
788 3039 848 3090 τὸ
883 3040 1108 3110 Πνεῦμα
1163 3044 1501 3098 πιστεύεται.
1540 3045 1728 3099 Ταῦτα
1767 3048 1824 3101 δὲ
1875 3051 1969 3102 καὶ
1999 3049 2078 3122 τῷ

2184 565 2264 634 τῷ
2297 565 2410 636 Υίῷ
2440 567 2538 622 καὶ
2575 570 2635 622 ἐν
2689 569 2769 640 τῷ
2801 571 2936 641 Υίῷ,
2979 573 3074 624 καὶ
3098 571 3160 626 οὑ
3209 572 3334 642 δίχα
3370 571 3463 626 τοῦ
3502 571 3667 634 Υίοῦ,
3697 575 3789 627 καὶ

2183 658 2285 711 οὑκ
2341 659 2499 725 έκτδς
2547 661 2639 714 τοῦ
2688 662 2859 716 Υίοῦ·
2898 663 3070 717 ταῦτα
3127 663 3234 732 γὰρ
3282 665 3390 718 τῶν
3441 664 3628 731 ἁγίων
3681 666 3790 719 εἰσὶ

2187 749 2363 804 πάντα
2395 751 2596 818 φωναὶ,
2638 754 2701 806 τὸ
2750 754 2864 806 ἴσον
2896 751 3195 821 δυνάμεναι
3246 753 3440 817 πᾶσαι,
3477 769 3581 805 και
3613 751 3790 805 ταῦτα

2187 840 2365 895 πάντα
2391 843 2424 911 ἡ
2451 842 2550 897 διὰ
2579 843 2834 914 πρόθεσις
2861 844 3108 898 δύναται.

2262 932 2450 986 Ταῦτα
2485 933 2543 988 δέ
2587 953 2775 1004 φασιν,
2805 938 2866 991 οὑ
2901 936 2993 990 καὶ
3040 935 3130 991 τὸν
3161 937 3293 989 Υίδν
3324 937 3500 990 αῖτιον
3533 935 3568 1003 ἦ
3607 935 3786 1004 ἀρχὴν

2181 1025 2275 1080 τοῦ
2331 1027 2653 1098 Πνεύματος
2705 1029 3043 1100 νοοῦντες,ἢ
3103 1029 3384 1082 συναίτιον
3440 1029 3524 1098 τῷ
3587 1029 3786 1098 Πατρὶ,

2183 1114 2357 1170 ταῦτα
2391 1118 2500 1187 γάρ
2550 1118 2646 1172 καὶ
2690 1119 3008 1189 περιφανῶς
3054 1116 3455 1188 ἀπαρνοῦνται,
3495 1118 3577 1181 ὡς
3609 1117 3788 1171 ἄτοπα

2184 1208 2357 1279 δήπου
2416 1209 2510 1262 καλ⁵
2541 1207 2715 1278 ψευδῆ
2751 1207 2846 1262 καὶ
2894 1208 3173 1262 ἀσύστατα
3207 1209 3302 1262 καὶ
3350 1207 3620 1273 ἀδύνατα,
3653 1208 3790 1262 ἀλλά

2185 1300 2246 1354 τδ
2283 1301 2523 1370 συναφὲς
2553 1301 2651 1370 τῆς
2677 1300 2868 1364 οὐσίας
2900 1301 2996 1354 καὶ
3029 1300 3456 1371 ἀπαράλλακτον
3506 1301 3784 1370 παριστά-

2184 1410 2386 1456 νοντες.
2448 1393 2511 1446 El
2559 1393 2743 1448 τοίνυν
2801 1395 2898 1449 καὶ
2933 1392 3073 1448 κατά
3105 1393 3207 1463 τήν
3261 1409 3425 1446 τινων
3483 1393 3788 1461 ἑρμηνείαν

2183 1483 2283 1552 τὴν
2333 1483 2547 1552 φαύλην
2598 1481 2958 1554 έρμηνεύοιτο
2995 1480 3170 1547 οὕτως
3203 1483 3271 1535 τὰ
3332 1481 3440 1535 τῶν
3508 1482 3786 1549 ἑσπερίων

2184 1572 2448 1644 Πατέρων
2508 1573 2669 1644 ῥητὰ,
2699 1574 2781 1627 ὃτι
2826 1575 2892 1628 έκ
2937 1571 3032 1628 τοῦ
3091 1573 3304 1644 Πατρδς
3349 1575 3442 1626 καὶ
3503 1572 3602 1626 τοῦ
3655 1570 3785 1626 Υίοῦ

2183 1664 2546 1733 ἐκπορεύεται
2579 1666 2641 1719 τὺ
2679 1665 2908 1735 Πνεῦμα
2939 1666 2999 1718 τὸ
3029 1665 3210 1732 ἀγιον,
3242 1665 3373 1720 ὥστ’
3409 1663 3559 1718 εἶναι
3594 1666 3657 1717 τὸ
3688 1666 3785 1734 μὲν

2184 1757 2248 1810 ὲκ
2287 1757 2382 1809 τοῦ
2417 1757 2548 1811 Υίοῦ
2601 1757 2723 1812 ἀντὶ
2776 1757 2874 1813 τοῦ
2923 1759 2991 1814 δι’
3039 1759 3197 1823 Υίοῦ,
3229 1759 3288 1812 τὸ
3330 1760 3387 1813 δὲ
3417 1758 3490 1813 δι’
3536 1758 3675 1811 Υίοῦ
3708 1757 3782 1827 μὴ

2185 1850 2285 1918 τὴν
2315 1838 2499 1904 αἰτίαν
2531 1852 2626 1905 καὶ
2654 1849 2754 1922 τὴν
2781 1851 2930 1906 δόσιν
2975 1849 3071 1905 τοῦ
3103 1847 3268 1916 εἶναι,
3299 1851 3437 1905 ἀλλά
3483 1851 3590 1922 τὴν
3621 1852 3784 1905 συνά-

2185 1959 2349 2014 φειαν
2377 1943 2470 1998 καὶ
2500 1945 2559 1996 τὺ
2589 1944 3093 2014 συμπεφυσιῶσθαι
3119 1944 3338 2014 δηλοῦν,
3373 1945 3472 1999 καὶ
3522 1944 3703 2007 οὕτως
3737 1944 3784 1996 οἱ

2183 2034 2296 2089 ἀπὸ
2327 2034 2422 2105 τῆς
2464 2034 2736 2106 Ἐσπέρας
2761 2038 2876 2101 τοῖς
2932 2037 3204 2101 Ἀσιανοῖς
3253 2037 3589 2108 συνᾴσονται
3638 2035 3783 2091 διδά-

2187 2125 2400 2192 σκαλοι,
2430 2128 2526 2181 καὶ
2579 2128 2782 2192 πάντες
2824 2128 2962 2200 ὁμοῦ
3009 2129 3086 2198 τῷ
3117 2130 3308 2183 κανόνι
3356 2132 3459 2196 τῆς
3517 2129 3778 2190 πίστεως.

2193 2219 2406 2283 Ἄλλως
2433 2219 2493 2273 δὲ
2528 2219 2583 2272 εί
2621 2237 2708 2284 τις
2740 2220 2907 2274 οίοιτο
2947 2219 3308 2290 συμσισάζειν
3356 2220 3585 2285 αὑτοὺς,
3635 2221 3782 2288 ἁμα-

2185 2310 2308 2366 θίαν
2337 2311 2432 2365 τοῦ
2457 2311 2640 2382 λόγου,
2675 2311 2772 2366 τοῦ
2815 2329 2876 2366 τε
2923 2312 3083 2366 ἄλλου
3119 2312 3213 2366 καὶ
3249 2313 3345 2367 τοῦ
3377 2310 3780 2380 θεολογικοῦ,ἢ

2185 2405 2452 2475 πονηρίαν
2501 2406 2668 2458 νοσεῖ.
2706 2404 2918 2466 Ἀλλως
2969 2404 3076 2476 γάρ
3123 2404 3320 2466 αὑτοὺς
3365 2403 3638 2458 ἀδύνατον
3690 2403 3781 2456 καὶ

2184 2494 2436 2566 ἀλλήλοις
2463 2497 2558 2550 καὶ
2587 2499 2653 2568 τῇ
2689 2496 2870 2550 πίστει
2901 2496 3198 2562 συνελθεῖν,
3225 2498 3329 2551 κᾶν
3364 2496 3574 2560 πάντες
3618 2499 3781 2564 ἀγγε-

2183 2587 2267 2642 λοι
2301 2589 2484 2657 φαῖεν,
2512 2589 2626 2658 ιῐγε
2657 2583 2769 2643 οἷόν
2793 2606 2852 2643 τε
2883 2583 2951 2660 ἦν
2975 2589 3104 2652 τοὺς
3135 2589 3403 2658 ἀγγέλους
3430 2591 3616 2642 εἰπεῖν
3650 2605 3778 2643 ποτε

2183 2681 2252 2734 τά
2291 2681 2367 2752 μὴ
2401 2680 2553 2749 ὄντα,
2586 2682 2683 2736 καὶ
2731 2683 2869 2752 αὑτῇ
2909 2683 2976 2752 τῇ
3017 2680 3114 2734 τοῦ
3152 2681 3472 2750 Πνεύματος
3523 2682 3781 2735 διδασκα-

2184 2769 2276 2844 λίᾳ
2316 2772 2392 2843 μὴ
2443 2774 2780 2842 συμφωνεῖν.
2809 2773 2966 2830 Οὕτω
3011 2773 3070 2827 δὲ
3126 2774 3220 2827 καὶ
3247 2773 3299 2825 οἱ
3346 2773 3618 2843 ἡμέτεροι
3667 2773 3776 2825 Πα-

2187 2865 2344 2935 τέρες
2390 2865 2486 2918 καὶ
2535 2865 2913 2935 καθηγεμόνες
2952 2866 3153 2929 αὑτοὺς
3207 2864 3589 2930 συνεὸίόαζον,
3639 2865 3774 2919 πολὺ

2156 2957 2472 3028 ’ἀξιώτεροι
2525 2959 2636 3014 τῶν
2692 2958 2786 3014 νῦν
2821 2959 3151 3028 τολμώντων
3209 2961 3441 3022 ἐκείνοις
3494 2960 3780 3026 ἀντινομο-

2185 3049 2383 3118 θετεῖν,
2417 3050 2471 3104 εἴ
2509 3068 2591 3114 τις
2632 3051 2726 3105 καὶ
2763 3051 3004 3116 τοιοῦτός
3057 3055 3225 3106 ἐστιν.
3269 3051 3333 3104 Ἦ
3386 3051 3496 3122 γὰρ
3534 3053 3593 3103 ἐν
3637 3050 3778 3102 Φλω-

495 3128 659 3198 κοινῷ
691 3129 874 3183 κανόνι
901 3131 996 3200 τῆς
1025 3132 1261 3198 πίστεως
1293 3135 1542 3207 ἀκριϐῶς
1577 3141 1882 3209 συμφωνεῖ,
1921 3141 1999 3206 ώς
2020 3144 2079 3200 ὲν
2107 3147 2150 3206 C
2188 3143 2372 3214 ρεντίᾳ
2429 3141 2760 3213 συμΰίϐασις
2801 3142 2919 3206 ,τῶν
2949 3143 3145 3211 ἁγίων,
3174 3145 3207 3213 ή
3261 3144 3350 3196 διά
3383 3141 3473 3194 τοῦ
3510 3143 3631 3196 ἐκεῖ
3652 3142 3776 3209 ὅρου

492 3223 561 3290 τῇ
590 3222 1054 3296 προικτεθειμένῃ
1093 3225 1355 3296 ὁμολογίᾳ
1396 3228 1579 3293 καλῶς
1604 3229 1898 3288 δέδεικται.

564 3314 751 3382 Τούτῳ
779 3315 958 3368 τοίνυν
987 3318 1062 3386 τῷ
1095 3319 1281 3374 κανόνι
1303 3321 1406 3389 τῆς
1439 3322 1680 3388 πίστεως
1707 3325 1994 3396 ἑπόμενοι,
2033 3323 2080 3398 ᾦ

493 3409 586 3461 καὶ
615 3411 642 3461 6
670 3408 835 3472 τύπος
859 3409 968 3462 τῶν
1003 3412 1268 3467 Ἀσιανῶν
1298 3419 1585 3485 συμφωνεῖ
1607 3419 1790 3485 καλῶς
1825 3420 2080 3479 διδασκά-

492 3503 621 3567 λων,
659 3501 790 3556 ἔνθα
828 3503 1050 3572 λέγεται
1094 3506 1200 3559 ὑπὸ
1249 3507 1358 3560 τῶν
1402 3509 1675 3580 ἐσπερίων
1705 3513 1966 3584 Πατέρων
1998 3517 2080 3570 ὅτι

492 3596 554 3647 τδ
595 3595 820 3666 Πνεῦμα
871 3597 1112 3666 πρόεισιι
1148 3599 1212 3651 ὲκ
1265 3600 1476 3671 ΙΙατρὸς
1506 3604 1602 3656 καὶ
1631 3603 1782 3670 Υίοῦ,
1826 3606 2080 3676 βούλεται

493 3688 602 3756 γὰρ
648 3688 833 3754 αὑτοῖς
865 3691 925 3743 τὸ
953 3689 1280 3760 προκέδερε
1301 3693 1439 3764 ὅπερ
1473 3695 1606 3764 ἡμῖν
1657 3696 1717 3748 τὸ
1775 3699 2076 3767 πρόεισιν,

494 3781 934 3851 ἁναπτύσσωμεν
985 3783 1088 3847 τὴν
1137 3784 1400 3855 τοιαύτην
1451 3787 1632 3840 αὐτῶν
1683 3787 1949 3859 πρότασιν
1991 3792 2082 3845 οῦ·

493 3889 623 3934 τ;ιις’
669 3874 764 3926 Ἐκ
807 3873 899 3927 τοῦ
954 3875 1166 3946 Πατρδς
1217 3875 1312 3928 καὶ
1354 3876 1450 3928 τοῦ
1494 3878 1619 3932 Υίοῦ
1659 3881 1927 3949 πρόεισιν,
1961 3883 2080 3935 ἀλλ’

495 3967 562 4017 ἐκ
608 3965 709 4033 μὲν
755 3965 847 4017 τοῦ
899 3966 1112 4035 Πατρδς
1145 3965 1540 4035 ὑφιστάμενον,
1572 3968 1752 4022 είτουν
1781 3973 2076 4041 ἐκπορευόο

497 4073 680 4124 μενον,
710 4058 776 4109 ἐκ
803 4057 859 4108 δὲ
889 4053 984 4109 τοῦ
1014 4056 1168 4126 Υίοῦ,
1197 4057 1394 4108 ταυτὸν
1433 4056 1489 4109 δὲ
1532 4060 1706 4110 εἰπεῖν
1740 4059 1800 4124 ἐξ
1851 4062 2076 4130 ἀμφοῖν,

494 4150 664 4217 ἤγουν
709 4148 772 4198 ὲκ
818 4145 1029 4212 Πατρδς
1075 4145 1144 4198 δι’
1197 4143 1352 4209 Υἱοῦ,
1392 4146 1822 4216 χορηγούμενον,
1859 4149 1891 4218 ἢ
1939 4149 2078 4203 διδό-

495 4255 682 4308 μενον,
713 4238 852 4291 διότι
892 4235 1136 4306 φυσικῶς
1187 4237 1338 4290 έστιν
1369 4239 1428 4290 ὲν
1457 4236 1629 4308 αὑτῶ,
1659 4241 1753 4292 καὶ
1783 4240 2074 4311 ὁμοούσιόν

493 4335 642 4382 ἐστιν
666 4327 815 4399 αὐτῷ
839 4347 854 4361 σ
894 4328 989 4382 καὶ
1011 4327 1155 4382 οὕτω
1191 4329 1580 4400 συμφωνοῦσιν
1611 4333 1926 4404 ἀμφότεραι
1961 4335 2072 4393 τῶν

494 4423 665 4491 ἁγίων
698 4422 754 4476 αί
796 4423 982 4493 μοῖραι
1037 4423 1096 4476 ὲν
1155 4421 1234 4494 τῷ
1269 4423 1455 4477 κανόνι
1513 4423 1614 4494 τῆς
1672 4426 1938 4496 ἀληθείας
1981 4430 2075 4484 καὶ

2185 3237 2533 3306 γεγενημένη
2561 3237 2657 3289 καὶ
2686 3236 2794 3289 τῶν
2823 3235 3072 3290 Λατίνων
3103 3236 3239 3289 οὖσα
3269 3235 3504 3307 ἀρχαῖον
3532 3232 3774 3303 εὕρημα,

2166 3328 2371 3392 -έξότου
2399 3327 2738 3397 προσέθεσαν
2767 3326 2844 3397 τῷ
2869 3326 3130 3398 Συμϐόλῳ
3153 3327 3250 3397 τῆς
3276 3323 3776 3394 πίστεως-,τοιαῦτα

2185 3418 2295 3489 γὰρ
2325 3418 2498 3488 δήπου
2527 3418 2783 3483 λαϐόντες
2810 3421 2867 3474 ὲν
2899 3419 2975 3490 νῷ
3026 3419 3126 3490 τὴν
3173 3420 3499 3489 προσθήκην
3531 3417 3771 3477 ἐποίουν,

2187 3509 2576 3579 ὑπογραφεῖσα
2637 3509 2693 3562 δὲ
2749 3509 2854 3562 ὑπὸ
2903 3509 3013 3562 τῶν
3046 3512 3331 3581 ἡμετέρων
3384 3507 3772 3578 ἐγκαταλείψει

2183 3597 2278 3651 τοῦ
2313 3598 2472 3661 Θεοῦ,
2501 3597 2566 3669 νὴ
2597 3597 2692 3670 τὴν
2720 3598 2874 3670 ἱερὰν
2905 3597 3186 3669 ἀλήθειαν,
3219 3599 3623 3670 Νεστοριανοὺς
3650 3594 3770 3655 τοὺς

2185 3691 2487 3760 ἡμετέρους
2517 3691 2820 3760 προγόνους
2863 3691 3216 3744 ἀποδείκνυσι
3244 3691 3482 3754 πάντας,
3513 3692 3591 3754 ὡς
3619 3686 3772 3742 αὑτοὶ

2184 3783 2403 3836 Λατῖνοι
2437 3781 2659 3851 λέγουσι
2683 3781 3060 3852 Νεστοριανὴν
3107 3778 3248 3836 εἶναι
3287 3783 3387 3852 τὴν
3433 3783 3547 3836 τῶν
3575 3778 3772 3852 προγό-

2187 3891 2292 3927 νων
2326 3874 2484 3944 ὴμῶν
2516 3873 2767 3928 ένστασίν
2800 3891 2859 3928 τε
2889 3875 2986 3928 καὶ
3011 3875 3169 3940 δόξαν
3199 3875 3291 3928 καὶ
3321 3875 3444 3938 τοὺς
3489 3873 3770 3934 Ἀσιανοὺς

2185 3964 2562 4031 διδασκάλους,
2595 3963 2623 4017 ὃ
2651 3963 2818 4018 πλέον
2847 3965 3014 4019 ἐστίν.
3049 3964 3122 4018 Τὸ
3153 3964 3210 4018 δὲ
3244 3964 3505 4018 ἐπέκεινα
3537 3966 3646 4019 τῶν
3675 3979 3769 4014 κα-

2185 4053 2298 4107 κῶν
2334 4057 2394 4109 οὑ
2427 4056 2574 4123 λέγω
2604 4056 2940 4126 φειδόμενος.
2985 4057 3176 4126 Ἡμεῖς
3206 4056 3389 4109 τοίνυν
3419 4058 3468 4110 εί
3521 4056 3617 4110 καὶ
3652 4070 3767 4121 φει-

2183 4145 2388 4216 δόμεθα
2432 4147 2636 4214 λέγειν,
2667 4148 2843 4201 ὁπόσα
2895 4149 3028 4218 ἡμῖν
3063 4147 3358 4202 ὑποϐάλλει
3411 4147 3474 4200 τὸ
3527 4145 3763 4206 συνειδὸς

2186 4240 2316 4307 περὶ
2345 4238 2445 4308 τῆς
2478 4239 2776 4307 διαφωνίας
2810 4239 3031 4310 ἐκείνης
3063 4240 3175 4294 τῶν
3227 4240 3588 4306 διδασκάλων,
3623 4237 3764 4291 οὑτω

2183 4330 2291 4400 γὰρ
2328 4331 2437 4400 χρὴ
2481 4329 2680 4400 μᾶλλον
2735 4331 2916 4402 λέγειν
2964 4331 2997 4403 ἢ
3043 4333 3388 4403 συμφωνίας,
3415 4332 3532 4386 ἀλλ’
3562 4329 3764 4385 ἁπλοῦν

2182 4441 2235 4477 τι
2264 4423 2423 4478 τοῦτο
2453 4424 2707 4495 λέγομεν,
2738 4425 2820 4478 ὅτι
2871 4423 3353 4498 οὕτε-συμφωνεῖν
3385 4427 3568 4497 ἐκείνη
3597 4423 3762 4483 ἐστὶν,

490 4503 668 4580 ᾇλλως
713 4517 985 4588 οὐδαμῶς.
1028 4517 1117 4571 Ἐν
1174 4517 1285 4587 γὰρ
1332 4515 1409 4588 τῷ
1459 4517 1554 4572 καὶ
1596 4520 1688 4572 τδν
1725 4495 1852 4574 Υξδν
1903 4522 2077 4578 αἴτιον
2108 4495 2160 4557 D
2184 4514 2297 4569 οὒτ’
2345 4516 2520 4580 ἄλλως
2580 4517 2837 4571 δύνανται
2885 4495 3229 4587 συμφωνεῖν,
3265 4516 3419 4586 ἦνὼς
3477 4495 3611 4586 ἡμῖν
3670 4511 3763 4565 νῦν

491 4606 632 4664 εἶναι
660 4610 693 4683 ἢ
726 4609 900 4680 ἀρχὴν
929 4608 1022 4662 τοῦ
1080 4609 1400 4680 Πνεύματος
1452 4611 1513 4664 οὑ
1568 4613 1980 4683 συμφωνοῦσιν.
2013 4617 2077 4670 Οἱ

491 4686 966 4774 ’γάρἊνατολικοὶ
996 4703 1199 4765 πάντες
1243 4701 1538 4772 ἀρνοῦνται
1585 4705 1677 4757 τὸν
1729 4705 1857 4759 Υίόν
1903 4707 2079 4763 αἴτιον

491 4790 656 4859 εἶναι,
701 4794 735 4864 ἢ
781 4792 977 4864 ἀρχὴν,
1030 4793 1064 4865 ἢ
1122 4791 1392 4860 προϐολέα
1435 4793 1532 4847 τοῦ
1565 4795 1931 4864 ,Πνεύματος,
1980 4798 2077 4852 καὶ

495 4887 645 4963 μόνῳ
684 4884 763 4956 τῷ
811 4886 988 4956 Πατρὶ
1029 4885 1100 4939 τὰ
1146 4885 1375 4939 τοιαῦτα
1430 4884 1646 4939 ἅπαντα
1697 4885 2074 4957 ἀφορίζουσιν.

493 4977 554 5034 Εἰ
597 4975 654 5029 δὲ
680 4975 748 5028 τὰ
781 4975 886 5028 τῶν
934 4974 1209 5045 ἑσπερίων
1247 4973 1506 5044 Πατέρων
1541 4973 1684 5046 ρητά
1715 4976 1893 5038 ἄλλως
1926 4977 2078 5042 τινὲς

495 5052 883 5136 ξ’ρμηνεύουσι,
926 5065 1111 5129 κακῶς
1159 5067 1567 5144 έρμηνεύουσι·
1617 5067 1799 5132 καλῶς
1845 5067 1902 5121 δὲ
1949 5086 2082 5141 γνη-

496 5159 624 5220 σίως
651 5157 1064 5227 έρμηνευόμενα
1099 5161 1210 5223 τοῖς
1241 5159 1351 5213 τῶν
1389 5159 1570 5215 ἀλλων
1614 5160 1786 5228 ἁγίων
1824 5161 2078 5234 συνᾴδειν

493 5251 747 5306 δύνανται
779 5251 920 5304 κατὰ
945 5252 1014 5304 τὰ
1053 5251 1456 5322 προειρημένα.
1497 5253 1620 5306 Ἔτι
1655 5253 1716 5306 τὸ
1762 5254 1988 5324 Πνεῦμα
2019 5255 2079 5310 τὸ

495 5342 648 5408 ᾇγιον
677 5343 743 5395 ἐκ
778 5341 871 5395 τοῦ
922 5341 1134 5412 Πατρὺς
1182 5343 1284 5412 μὲν
1323 5344 1654 5414 ὑφέστηκεν,
1687 5346 1978 5415 όμοούσιον
2019 5347 2077 5402 δέ

494 5437 610 5515 ξττι
639 5435 716 5505 τῷ
744 5434 880 5504 Υἱῷ,
909 5435 1004 5488 καὶ
1048 5433 1223 5500 οὕτως
1256 5422 1333 5499 ὥς
1385 5437 1444 5488 ὲν
1489 5435 1745 5508 ἀλλήλοις
1788 5435 1932 5493 εῐναι
1987 5440 2078 5493 τὶν

503 5529 624 5580 Υιὸν
652 5527 747 5580 καὶ
773 5528 835 5581 το
876 5526 1126 5598 Πνεῦμα,
1153 5529 1227 5592 ώς
1259 5528 1351 5582 καὶ
1383 5531 1410 5582 6
1440 5530 1628 5602 Πατὴρ
1661 5533 1753 5584 καὶ
1782 5532 1811 5584 6
1848 5532 1976 5594 Υἱὸς
2021 5534 2080 5586 ὲν

494 5618 742 5686 ἀλλήλοις
773 5620 914 5673 εἰσὶν
941 5621 975 5691 ἡ
1007 5621 1102 5690 τῆς
1122 5621 1360 5684 πίστεως
1391 5622 1652 5686 ὑπόθεσις
1687 5622 1857 5689 λέγει.
1887 5623 2079 5695 Τούτῳ

496 5706 676 5759 τοίνυν
709 5709 786 5777 τῷ
834 5711 1018 5766 κανόνι
1075 5714 1329 5782 ἑπόμενοι
1362 5715 1408 5765 οἱ
1445 5714 1591 5781 ἆγιοι
1641 5714 1689 5765 οί
1747 5714 1876 5782 παρ’
1924 5718 2076 5786 ἡμῖν,

499 5797 644 5851 ἔστιν
675 5793 734 5850 οὗ
760 5801 1010 5870 λέγουσιν
1052 5806 1110 5857 ἐκ
1149 5806 1357 5873 Πατρδς
1396 5805 1461 5856 δι’
1513 5805 1642 5858 Υίου
1680 5806 2077 5875 ἐκπορεύεσθαι

2189 4609 2426 4680 εἴρηται,
2455 4613 2550 4664 καὶ
2596 4611 2704 4680 πρὸ
2733 4609 2890 4680 ἡμῶν
2943 4611 3060 4674 τοῖς
3088 4610 3248 4680 ημῶν
3305 4610 3441 4663 πολὺ
3490 4607 3759 4679 ἀμείνοσι,

2189 4701 2446 4772 καὶπρὸς
2478 4702 2652 4773 τούτῳ
2685 4702 2781 4757 καὶ
2815 4701 3135 4772 θειοτέροις.

2258 4795 2321 4848 El
2351 4794 2409 4848 δέ
2441 4812 2524 4858 τις
2574 4793 2722 4863 λέγοι
2773 4795 2880 4859 ὅτι,
2925 4795 3084 4849 ’Λλλά
3136 4795 3313 4864 βίαιός
3368 4796 3519 4851 ἐστιν
3551 4797 3688 4863 αὕτη
3730 4794 3760 4860 ἡ

2188 4887 2502 4956 συμφωνία,
2530 4879 2688 4948 οὗτος
2739 4885 3023 4955 ψεύδεται.
3059 4885 3201 4940 Πολὺ
3257 4887 3367 4956 γὰρ
3418 4887 3487 4940 ἀν
3533 4885 3622 4955 εἴη
3677 4883 3769 4953 βε-.

2182 4973 2468 5046 σαιότερον
2524 4975 2613 5030 διά
2664 4977 2774 5029 τών
2813 4977 3003 5046 σαφῶν
3033 4977 3102 5032 τὰ
3151 4977 3506 5046 ἀσαφέστερα
3554 4974 3760 5044 ἐξηγεῖ-

2184 5065 2329 5131 σθαι,
2357 5069 2452 5120 καὶ
2501 5067 2804 5130 κανονίζειν
2859 5069 2928 5122 τά
2981 5068 3071 5122 διά
3099 5069 3210 5122 τῶν
3253 5071 3664 5141 ἀκριϐεστέρων
3694 5063 3758 5116 τὰ

2179 5154 2346 5232 ἧττον
2396 5157 2508 5212 τῶν
2562 5160 2820 5214 τοιούτων
2849 5161 2998 5224 ὅπως
3030 5163 3184 5215 ποτέ.
3229 5162 3650 5233 Ἀκριὸέστερον
3695 5154 3751 5207 δὲ

2180 5250 2364 5321 ἔχουσι
2393 5252 2564 5324 δήπου
2597 5253 2667 5307 τὰ
2711 5257 2832 5318 ταῖς
2863 5257 3178 5318 κανονικαῖς
3207 5254 3472 5326 Γραφαῖς,
3505 5253 3604 5309 καὶ
3641 5250 3756 5310 ταῖς

2179 5344 2288 5398 τῶν
2344 5345 2691 5414 Χριστιανῶν
2741 5347 2979 5411 συνόδοις
3038 5347 3358 5418 συνᾴδοντα,
3394 5345 3484 5402 οίά
3534 5347 3638 5400 είσι
3690 5339 3756 5393 τὰ

2180 5437 2288 5490 τῶν
2328 5438 2597 5491 ’Λσιανῶν
2633 5437 2989 5505 διδασκάλων,
3020 5438 3054 5509 ἢ
3087 5441 3153 5493 ὲκ
3209 5439 3304 5492 τοῦ
3358 5440 3460 5509 τῆς
3506 5437 3753 5509 γλώττης

2182 5527 2475 5599 ἰδιώματος
2531 5531 2564 5600 ἢ
2631 5531 2835 5584 πλείονι
2890 5532 3219 5602 ἐπιστασίᾳ,
3281 5531 3313 5601 ἦ
3372 5531 3562 5593 ἄλλαις
3613 5522 3752 5581 τισὶθ

2179 5623 2379 5685 αἰτίαις
2421 5622 2495 5692 μὴ
2533 5627 3000 5694 προσισταμέναις
3027 5628 3094 5696 τῇ
3143 5626 3252 5678 τῶν
3296 5624 3472 5679 ἄλλων
3503 5620 3750 5677 διδασκά-

2179 5716 2287 5767 λων
2318 5715 2572 5782 εὑσεδείᾳ
2601 5716 2690 5768 καὶ
2722 5716 2992 5787 ἁγιότητι.
3027 5717 3189 5771 ’Λλλά
3225 5717 3319 5770 καὶ
3354 5718 3400 5768 εἰ
3430 5713 3663 5786 μηδεμία
3686 5703 3750 5778 ἦν

2186 5807 2424 5881 μηχανὴ,
2477 5805 2730 5862 ἕλκεσθαι
2792 5809 2861 5862 τὰ
2922 5809 3028 5866 τῶν
3092 5808 3365 5877 ἐσπερίων
3425 5803 3750 5864 διδασκάλων
