4118 6280
351 353 461 412 Ἠῗὶ

1474 355 1848 415 GENNADll
1892 355 2000 415 (ΣΡ.
2045 354 2554 416 PATRIARCIl/E

3517 341 3622 405 7οί

353 467 413 520 οὐ
447 467 746 537 προάγουσι
774 469 919 522 δυοῖν
947 469 1110 523 ἕνεκα
1141 469 1233 524 καὶ
1262 470 1384 524 κατ’
1418 470 1616 532 αὐτοὺς
1665 471 1790 532 τοὺς
1831 472 1934 523 Λα·
1963 482 2004 538 Α
2037 470 2200 540 δεμιᾷ
2229 471 2287 524 ἓν
2317 473 2612 540 πρόσωπον
2636 471 2663 524 6
2684 469 2873 541 Πατὴρ
2903 467 2995 522 καὶ
3016 467 3045 520 6
3070 466 3193 528 Υἱὸς
3221 464 3446 518 δύναται
3482 462 3625 516 νοεῖ-

357 560 533 620 τίνους
555 575 568 589 ·
611 564 750 614 κατὰ
795 561 890 628 μὲν
916 560 1004 613 τὸν
1038 561 1240 631 Θωμᾶν
1280 563 1361 614 ὅτι
1395 559 1538 614 οὕτω
1564 560 1930 631 δημιουργοῦ-

361 669 444 702 σιν
475 653 528 705 αἱ
561 652 701 705 θεῖαι
760 654 1087 717 ὑποστάσεις
1141 654 1238 724 τὴν
1292 655 1468 708 κτίσιν
1496 653 1632 708 καθό
1675 655 1812 707 εἰσιν
1852 647 1929 715 εἷς

361 743 604 810 δηλονότι
634 743 788 810 Θεὸς,
819 745 899 798 διὸ
931 747 1023 797 καὶ
1059 743 1135 809 εἷς
1162 748 1505 815 Δημιουργός
1539 748 1653 799 ἐστι
1681 750 1778 812 τῆς
1817 746 1933 798 κτί-

362 851 497 895 σεως
518 853 530 866 ·
568 838 708 889 κατὰ
737 836 791 889 δὲ
817 837 903 890 τὸν
934 837 1155 904 Σκότον,
1187 838 1320 890 διότι
1350 837 1410 891 τὸ
1441 839 1665 907 Πνεῦμα
1693 837 1750 890 τὸ
1785 837 1937 896 ἅγιον

363 927 607 996 προῆγεν
639 928 703 980 ἂν
729 929 908 992 ἑαυτὸ,
943 931 1058 984 ἔστι
1110 932 1215 1000 γάρ
1244 931 1303 985 ἓν
1334 933 1402 1002 τῇ
1451 931 1612 1002 οὐσίᾳ
1644 930 1782 1000 μετὰ
1827 930 1937 981 Πα-

364 1021 490 1089 τρὶς
517 1021 611 1074 καὶ
664 1022 818 1075 Υἱοῦ.
852 1024 958 1075 Καὶ
1008 1025 1067 1077 ὲν
1104 1023 1278 1094 ταύτῃ
1300 1027 1366 1094 τῇ
1406 1025 1670 1093 προτάσει
1703 1025 1767 1094 τῇ
1803 1024 1882 1075 ὅτι
1912 1024 1940 1076 6

371 1113 554 1182 Πατὴρ
579 1115 675 1166 καὶ
699 1117 726 1168 6
755 1113 883 1177 Υἱὸς
934 1114 995 1169 ἓν
1023 1117 1132 1175 εἱσι
1182 1119 1246 1185 τῇ
1279 1115 1460 1184 οὐσίᾳ,
1497 1116 1590 1168 καὶ
1619 1114 1680 1167 τὸ
1715 1115 1942 1191 Πνεῦμα

367 1205 427 1257 τὸ
457 1206 612 1272 ἆγιον
650 1207 964 1276 περιέχεται
1012 1209 1068 1260 ὲν
1099 1210 1165 1278 τῇ
1218 1208 1355 1278 αὐτῇ
1383 1210 1481 1278 τῆς
1511 1210 1698 1271 οὐσίας
1729 1210 1943 1276 ἐνότητι

370 1297 448 1352 δν.
493 1298 644 1357 Ἐπεὶ
677 1299 910 1370 τοίνυνῆ
945 1300 1108 1354 ἑαυτὸ
1142 1302 1464 1372 προάξειτὺ
1489 1301 1734 1372 Πνεῦμα,
1764 1301 1796 1371 ἢ
1830 1303 1946 1354 κτί-

376 1408 485 1456 σμα
520 1391 694 1451 ἔσται,
717 1391 810 1445 καὶ
863 1393 962 1462 τῆς
1018 1393 1170 1456 θείας
1203 1394 1307 1458 ἔξω
1332 1395 1607 1464 ἑνότητος,
1641 1395 1690 1447 εί
1723 1393 1855 1448 καθὸ
1876 1394 1945 1447 ἓν

371 1482 474 1531 εἰσι
506 1483 572 1550 τῇ
622 1481 783 1551 οὐσίᾳ
838 1482 1236 1550 προϐάλλουσιν
1286 1481 1420 1534 αὐτὸ
1474 1483 1501 1534 6
1562 1479 1751 1549 Πατὴρ
1802 1480 1950 1533 καὶὸ

373 1575 522 1642 Υἱὸς,
573 1577 869 1646 βλάσφημα
911 1577 967 1630 δὲ
997 1578 1180 1631 ἐκεῖνα
1227 1576 1544 1647 προδήλως·
1597 1574 1794 1628 οὐκοῦν
1829 1574 1951 1627 οὐδὲ

375 1672 711 1739 προάγουσιν
767 1670 900 1724 αὑτὸ
956 1670 1152 1732 οὑτως.
1209 1669 1350 1724 Ἀλλ’
1399 1669 1521 1723 οὐδὲ
1551 1669 1783 1724 καθόσον
1813 1669 1953 1721 εἰσὶν

376 1763 704 1825 ὑποστάσεις
732 1763 846 1822 δύο,
872 1765 1203 1830 προάγουσιν
1222 1763 1375 1818 αὐτό.
1407 1762 1675 1830 Καθάπερ
1695 1762 1803 1829 γὰρ
1827 1761 1880 1812 εἰ
1900 1760 1952 1812 τί

2037 563 2159 616 σθαι
2189 563 2220 634 ἢ
2255 563 2533 632 λέγεσθαι,
2561 562 2706 616 ὥστε
2737 562 2904 623 ἓωλός
2941 563 3090 613 ἐστιν
3119 561 3149 628 ἠ
3197 559 3515 628 ἀπόκρισις.

2113 657 2297 710 Ἄλλοι
2320 657 2572 724 λέγουσιν
2602 659 2683 711 ὅτι
2705 659 2733 710 6
2762 655 2952 724 Πατὴρ
2977 654 3071 707 καὶ
3095 655 3124 705 6
3164 651 3294 714 Υἱὸς
3323 649 3629 719 προάγουσι
3735 637 3747 650 ’

2037 746 2098 801 τδ
2118 748 2343 816 Πνεῦμα
2387 748 2449 801 τὸ
2498 747 2676 815 ἆγιον,
2726 744 2849 798 οὐτε
2881 741 3018 797 καθό
3062 733 3314 817 είσινὶεῐς
3351 733 3628 797 καθάπαξ.

2038 844 2163 897 οὐτε
2204 843 2340 897 καθό
2369 843 2476 894 ιίσι
2499 840 2593 894 δύο
2624 836 2902 900 καθάπαξ,
2936 834 3072 888 ἀλλὰ
3095 830 3230 886 καθό
3262 830 3368 882 εἱσι
3398 825 3495 880 δύο
3526 818 3626 886 εἷς·

2041 938 2075 1008 ἠ
2107 935 2216 1004 γὰρ
2276 931 2616 1004 προϐλητικὴ
2671 931 2899 998 δύναμις
2965 925 3227 995 ἁρμόττει
3289 920 3473 983 αὐτοῖς
3537 916 3634 970 καὶ

2043 1031 2181 1086 καθό
2223 1029 2329 1082 είσι
2349 1028 2461 1090 δύο,
2492 1025 2588 1078 καὶ
2615 1023 2752 1077 καθό
2791 1024 2929 1074 εἰσιν
2977 1019 3057 1084 ἓν,
3090 1017 3253 1086 φύσιν
3292 1013 3402 1084 γὰρ
3431 1010 3636 1081 σημαί-

2045 1138 2195 1174 νουσι
2225 1117 2366 1188 μετὰ
2391 1116 2674 1184 ἰδιότητος·
2710 1113 2803 1166 καὶ
2824 1114 2900 1174 ὼς
2927 1109 3026 1180 μὲν
3052 1110 3411 1177 σημαίνουσιν
3435 1104 3635 1174 ἰδιότη-

2047 1229 2117 1266 τα
2151 1210 2302 1264 οὐδὲν
2339 1207 2600 1262 ἀδύνατον
2633 1205 2903 1276 ὑπάρχειν
2935 1202 3107 1271 αὐτὴν
3137 1199 3517 1268 ὑποκειμένοις
3539 1197 3636 1248 δυ-

2052 1305 2172 1365 σὶν,
2219 1302 2414 1368 ἐφόσον
2450 1300 2578 1369 μίαν
2619 1297 2802 1365 έχουσι
2837 1293 3004 1363 φύσιν
3027 1309 3042 1324 ο
3079 1291 3154 1352 ὡς
3193 1289 3249 1343 δὲ
3305 1287 3639 1356 σημαίνουσι

2058 1395 2244 1463 φύσιν,
2285 1394 2344 1446 ’ἐν
2375 1396 2480 1446 είσι
2509 1392 2577 1444 τὰ
2605 1388 2866 1457 τοιαύτην
2901 1387 3065 1456 φύσιν
3102 1385 3316 1453 ἔχοντα.
3347 1381 3494 1448 Αὕτη
3521 1379 3577 1431 δὲ
3607 1381 3639 1448 ή

2053 1488 2354 1554 ἀπόκρισις,
2384 1483 2571 1554 σχεδὸν
2609 1484 2642 1550 ἡ
2674 1467 2810 1550 αὐτὴ
2835 1475 2971 1534 οὐσα
2997 1481 3064 1548 τῇ
3095 1475 3357 1546 προτέρᾳ,
3389 1469 3638 1539 τερατώ-

2053 1581 2147 1650 δης
2177 1578 2346 1640 ἐστὶν,
2395 1579 2478 1638 είς
2527 1573 2878 1642 Ἀλέξανδρόν
2904 1588 3026 1625 τινα
3084 1566 3470 1636 ἀναφερομένη
3493 1605 3509 1629 ,
3544 1565 3641 1616 καὶ

2056 1672 2174 1725 κατ’
2199 1671 2350 1723 οὐδὲν
2389 1669 2498 1737 γὰρ
2528 1668 2589 1720 τὸ
2621 1666 2754 1720 αὐτό
2787 1667 2937 1719 ἐστιν
2960 1664 2988 1714 6
3017 1663 3207 1730 Πατὴρ
3233 1663 3330 1715 καὶ
3374 1658 3516 1721 Υίὺς,
3549 1656 3644 1709 δύο

2059 1765 2155 1819 καὶ
2179 1761 2282 1828 εἷς,
2319 1765 2376 1835 ἦ,
2405 1764 2479 1826 ὡς
2522 1763 2679 1817 αὐτοὶ
2739 1761 2941 1830 μᾶλλον
3002 1758 3241 1824 λέγουσι,
3287 1755 3382 1809 δύο
3437 1750 3539 1814 εἷς.
3573 1752 3644 1835 ’Π

376 1852 524 1904 ὲστιν
575 1852 635 1903 ἐν
685 1824 866 1914 ἀὺτοῖς
1029 1824 1176 1922 λόγῳ
1231 1854 1328 1920 τῆς
1371 1850 1586 1918 φύσεως
1621 1824 1680 1902 ἕ’ν
1705 1824 1827 1902 έσέι
1860 1848 1952 1900 καὶ
1986 1827 2028 1882 Β
2059 1824 2654 1924 πάνταγδννμιγνύοιτο
2699 1824 2818 1906 ἐκεῖ
2859 1852 3121 1921 χρήματα
3155 1847 3486 1908 Σαϐελλίως,
3511 1824 3646 1898 ὥστ’

375 1941 710 2011 ἀδιάκριτον,
763 1941 906 1996 οὕτω
935 1944 1029 1995 καὶ
1082 1941 1137 1995 ετ
1171 1959 1222 1994 τι
1253 1941 1339 2013 εἴη
1396 1943 1455 1996 ἐν
1483 1943 1667 2004 αὐτοῖς
1697 1941 1776 2009 τῷ
1808 1941 1954 2010 λόγῳ

376 2031 484 2083 τῶν
541 2033 914 2098 ὑποστάσεων,
959 2032 1136 2087 διττὸν
1186 2033 1341 2087 ἔσται
1377 2033 1470 2086 καὶ
1513 2032 1952 2102 διακεκριμένον,

379 2123 470 2174 καὶ
517 2122 693 2187 οὑτως
725 2124 826 2176 οὐκ
873 2124 938 2176 ἂν
989 2118 1098 2177 εἷεν
1142 2123 1240 2194 μία
1274 2121 1422 2193 ἀρχὴ
1453 2121 1547 2174 τοῦ
1586 2123 1897 2194 Πνεύματος
1929 2123 1957 2175 6

382 2216 573 2286 Πατὴρ
616 2216 709 2268 καὶ
738 2217 766 2268 6
796 2217 942 2278 Υἱός.
972 2217 1062 2269 Διὸ
1094 2219 1188 2270 καὶ
1220 2218 1268 2270 οί
1302 2217 1401 2286 τῆς
1445 2217 1773 2282 Ἐκκλησίας
1808 2218 1956 2273 διδά-

382 2306 570 2362 σκαλοι
602 2308 664 2359 ἐκ
699 2308 798 2377 τῆς
832 2307 926 2360 τοῦ
958 2308 1170 2378 Πατρός
1225 2307 1575 2370 ὑποστάσεως
1623 2307 1756 2361 αὐτό
1796 2325 1959 2376 φασιν

380 2399 802 2470 ἐκπορεύεσθαι,
829 2400 1209 2464 ἀποκλείοντες
1257 2401 1348 2453 τὸν
1376 2399 1524 2462 Υίδν,
1556 2401 1619 2456 ἐκ
1649 2398 1705 2452 δὲ
1734 2399 1832 2469 τῆς
1863 2400 1957 2453 τοῦ

383 2488 514 2542 Υίοῦ
543 2491 891 2554 ὑποστάσεως
931 2491 1106 2554 οὐδεὶς
1140 2487 1282 2550 εἶπε.
1339 2491 1490 2543 Ἐπεὶ
1547 2492 1726 2544 τοίνυν
1775 2494 1870 2546 καὶ
1903 2493 1962 2545 τὸ

381 2581 474 2634 δύο
505 2583 679 2653 ἀρχὰς
715 2579 853 2636 εἶναι
879 2585 939 2635 ὲν
970 2586 1034 2653 τῇ
1063 2582 1288 2652 Θεότητι
1309 2581 1658 2651 ῖβλάσφημον,
1689 2583 1885 2637 ἕπεται
1906 2582 1963 2636 δὲ

383 2675 431 2726 εἰ
462 2675 766 2742 προάγουσι
799 2677 858 2727 τὸ
884 2675 1108 2745 Πνεῦμα
1138 2676 1369 2729 καθόσον
1399 2677 1507 2728 εἰσὶ
1529 2676 1959 2745 διακεκριμένοι,

384 2769 564 2822 εἴτουν
595 2770 729 2823 καθό
759 2772 869 2823 εἰσι
909 2770 1001 2824 δύο
1032 2769 1388 2835 ὑποστάσεις,
1417 2768 1614 2822 οὐκοῦν
1643 2770 1764 2823 οὐδὲ
1792 2770 1966 2839 προά-

385 2877 574 2927 γουσιν
604 2862 734 2914 αὐτὸ
779 2861 972 2922 οὑτως.
1027 2861 1252 2925 Οὐδενὸς
1287 2861 1344 2914 δὲ
1373 2861 1532 2914 ἄλλου
1563 2861 1766 2929 τρόπου
1801 2879 1970 2914 κατα-

385 2953 710 3022 λειπομένου
765 2953 1157 3006 καταλείπεται
1211 2953 1286 3015 ὡς
1340 2953 1602 3008 ἀδύνατόν
1629 2954 1746 3006 ἐστι
1778 2955 1872 3009 καὶ
1902 2956 1968 3008 ὲκ

385 3047 480 3100 τοῦ
518 3047 647 3100 Υίοῦ
696 3047 992 3118 ὑφίσταθαι
1033 3047 1094 3102 τὸ
1150 3046 1378 3119 Πνεῦμα
1429 3047 1617 3119 ὥσπερ
1648 3050 1741 3102 καὶ
1776 3048 1840 3103 ὲκ
1873 3049 1966 3102 τοῦ

388 3141 622 3212 Πατρός.

459 3323 603 3395 Πρὸς
635 3323 699 3395 δὴ
730 3322 917 3377 τοῦτον
951 3323 1042 3375 τὸν
1083 3321 1242 3391 λόγον
1270 3324 1320 3376 οί
1352 3325 1696 3395 χαριέστεροι
1740 3325 1970 3396 ἀποκρί-

390 3401 591 3480 νοᾶται,
623 3417 706 3470 ὅτι
735 3416 1073 3486 προάγουσιν
1101 3417 1128 3467 6
1158 3414 1346 3487 Ιῐατὴρ
1383 3419 1474 3470 καὶ
1504 3418 1532 3470 6
1557 3417 1686 3481 Υἱὸς
1717 3418 1779 3471 τι
1799 3417 1974 3472 Πνεῦο

398 3530 467 3577 μοι
502 3526 561 3560 το
592 3510 770 3574 ἆγιον,
800 3497 924 3563 οὐτε
963 3507 1097 3562 καθό
1126 3509 1263 3562 εἰσιν
1296 3508 1354 3560 ἓν
1385 3512 1448 3579 τῇ
1472 3509 1649 3580 οὐσίᾳ,
1686 3507 1811 3562 οὐτε
1837 3488 1974 3564 κάθό

392 3601 498 3656 εἶσι
524 3602 918 3670 διακεκριμένα
950 3602 1224 3669 καθάπαξ,
1257 3603 1459 3657 δεδίασι
1477 3602 1584 3673 γὰρ
1610 3605 1678 3672 τῇ
1708 3602 1816 3656 τῶν
1845 3603 1971 3656 ἀτό-

394 3713 512 3749 πων
541 3695 768 3749 ἑκείνων
791 3695 1074 3765 ἐπαγωγῇ,
1105 3694 1178 3756 ὡς
1202 3695 1401 3759 ἔοικεν,
1449 3694 1585 3748 άλλὰ
1613 3694 1745 3748 καθὸ
1767 3694 1828 3749 ἓν
1860 3695 1970 3748 είσι

393 3787 460 3858 τῇ
511 3787 850 3857 προϐλητικῇ
912 3785 1136 3856 δυνάμει
1236 3785 1379 3840 Ἀλλ’
1434 3783 1639 3854 αὐτηή
1685 3785 1976 3856 ἀπόκρισις

297 3904 299 3908 έ
396 3879 612 3949 πρῶτον
645 3879 743 3950 μὲν
771 3880 918 3933 ἔστιν
963 3878 1352 3941 ἀναπόδεικτος
1372 3893 1387 3909 ’
1444 3878 1502 3930 τδ
1533 3878 1640 3948 γάρ
1674 3879 1805 3948 μίαν
1837 3873 1978 3932 εἶναι

397 3971 770 4040 προϐλητικὴν
796 3970 1043 4040 δύναμιν,
1065 3971 1097 4040 ἢ
1123 3971 1405 4036 ἐνέργειαν
1435 3971 1491 4023 έν
1522 3970 1699 4036 Πατρὶ
1725 3973 1814 4024 καὶ
1838 3971 1974 4041 Υίῷ,

397 4062 634 4132 οὐδαμοῦ
662 4061 888 4131 εὕρηται
909 4061 1019 4114 τῶν
1044 4059 1298 4130 Γραφῶν,
1321 4062 1352 4129 ἦ
1372 4060 1482 4114 τῶν
1515 4061 1705 4129 ἁγίων·
1725 4061 1978 4131 δεύτερόν

398 4159 517 4207 ἐστι
561 4152 869 4229 σοφιστική,
926 4151 1074 4205 λύειν
1118 4153 1225 4222 γάρ
1267 4153 1526 4222 πειρᾶται
1581 4152 1728 4224 αὑτῷ
1767 4152 1844 4223 τῷ
1889 4153 1982 4220 ζη-

397 4263 491 4312 του
502 4245 668 4316 μένῳ,
689 4241 844 4296 τοῦτο
867 4244 959 4296 καὶ
985 4240 1132 4295 ἔστιν
1167 4242 1300 4304 αὐτὸ
1325 4244 1385 4296 τὸ
1409 4243 1574 4314 ζητού
1585 4261 1770 4311 μενον,
1811 4246 1859 4297 εί
1885 4245 1982 4316 τὴν

399 4339 571 4406 αὐτὴν
599 4337 678 4408 τῷ
723 4335 896 4406 Πατρὶ
942 4335 1316 4406 προϐλητικὴν
1374 4336 1606 4406 δύναμιν
1662 4338 1758 4389 καὶ
1795 4339 1823 4391 6
1858 4338 1983 4402 Υἱὸς

397 4429 509 4507 ἔχει
539 4444 552 4458 ·
583 4426 767 4496 τρίτον
800 4426 881 4480 ὃτι
916 4424 1052 4494 πρὸς
1098 4427 1195 4490 τὰς
1227 4425 1396 4490 αὐτάς
1447 4426 1543 4486 καὶ
1586 4427 1808 4496 μείζους
1844 4430 1980 4480 άπο-

2058 1951 2176 2002 οὐδὲ
2212 1950 2353 2003 κατὰ
2407 1949 2508 2018 τὴν
2549 1946 2697 2017 μίαν,
2733 1945 2810 2008 ὡς
2849 1944 3002 1998 αὐτοί
3067 1958 3222 2011 φασι,
3270 1937 3648 2010 προϐλητικὴν

2059 2043 2312 2109 δύναμιν.
2344 2041 2577 2093 Ἔπειτα
2606 2039 2639 2106 ἡ
2672 2038 2772 2106 μία
2811 2035 2952 2106 αὐτη
2979 2035 3236 2102 δύναμις,
3260 2033 3443 2093 αὑτοίς
3482 2032 3650 2098 φύσιν

2067 2134 2205 2203 μετὰ
2249 2133 2514 2200 ἰδιότητος
2547 2130 2914 2200 σημαίνουσα,
2951 2128 3068 2190 πῶς
3107 2128 3173 2180 ἂν
3216 2127 3450 2194 ὑπάρχοι
3491 2123 3650 2176 δυσὶν

2063 2225 2441 2292 ὑποκειμένοις
2477 2224 2574 2293 μία
2599 2239 2662 2290 γι
2683 2219 2818 2276 οὖσα
2841 2239 2855 2287 ;
2883 2222 2963 2274 δεῖ
2985 2221 3092 2289 γὰρ
3123 2219 3324 2288 μᾶλλον
3345 2205 3648 2287 αὐτὴνδιτ-

2061 2317 2162 2384 τὴν
2213 2312 2353 2370 εῖναι
2383 2314 2459 2378 ὡς
2493 2315 2566 2366 τὰ
2622 2313 2985 2380 ὑποκείμενα,
3045 2313 3159 2378 εῐγε
3203 2308 3530 2378 προσωπικὴ
3562 2307 3649 2376 εἴη

2066 2410 2157 2462 καὶ
2189 2408 2262 2477 μὴ
2286 2409 2385 2477 τῆς
2419 2409 2634 2477 φύσεως
2671 2407 2892 2476 ἰδιότης.
2931 2406 3002 2459 Ἣ
3032 2404 3130 2474 μία
3155 2402 3292 2458 οὐσα
3321 2403 3418 2458 καὶ⁸
3436 2419 3652 2474 προσω-

2066 2501 2223 2568 πικὴ,
2267 2499 2386 2560 ένὸς
2421 2499 2487 2553 ἂν
2509 2494 2576 2567 ἦν
2599 2497 2896 2568 προσώπου
2927 2497 3120 2566 δήπου,
3167 2496 3440 2565 ἀκινήτως
3467 2495 3521 2546 ἐν
3551 2493 3652 2546 αὐ·-

2066 2592 2144 2661 τῷ
2175 2608 2239 2658 γε
2294 2590 2590 2661 ὁριζομένη
2615 2607 2630 2622 ·
2685 2590 2829 2645 οὐτω
2859 2589 3062 2644 δὲ’καὶ
3115 2590 3284 2642 ἔστιν.
3325 2588 3649 2658 ’Λκινήτους

2068 2686 2177 2754 γὰρ
2206 2686 2287 2739 δεῖ
2319 2680 2461 2740 εἶναι
2514 2687 2614 2749 τὰς
2645 2684 2902 2747 τοιαύτας
2960 2683 3252 2752 ἰδιότητας.
3306 2683 3377 2735 Ἠ
3426 2681 3544 2745 πῶς
3586 2680 3656 2733 ἂν

2071 2777 2331 2843 ίδιότητες
2384 2777 2626 2846 μείνειαν
2673 2777 2989 2846 κινούμεναι
3050 2776 3144 2828 καὶ
3184 2774 3650 2845 μεταπίπτουσαι,

2071 2871 2212 2922 κατὰ
2245 2868 2336 2922 τὸν
2363 2869 2616 2938 θεολόγον
2654 2869 2958 2940 Γρηγόριον
2985 2885 2999 2934 ;
3054 2869 3248 2938 Διττῆς
3279 2867 3335 2920 δὲ
3362 2867 3460 2936 τῆς
3490 2866 3654 2920 δυνά-

2074 2979 2218 3031 μεως
2247 2961 2416 3033 οὑσης
2439 2962 2580 3016 κατὰ
2616 2961 2710 3015 τδν
2737 2960 2971 3032 ἀριθμὸν
3001 2959 3110 3013 τῶν
3135 2958 3536 3029 ὑποκειμένων,
3569 2953 3654 3022 οἷς

2071 3057 2170 3127 τὴν
2200 3058 2430 3128 δύναμιν
2454 3042 2609 3112 αὐτοὶ
2648 3056 2876 3121 διδόασι,
2912 3057 3008 3108 καὶ
3041 3055 3136 3108 δύο
3167 3053 3331 3123 ἁρχαὶ
3358 3051 3452 3104 τοῦ
3484 3053 3657 3104 Πνεύ-

2001 3160 2047 3219 c
2087 3165 2256 3216 ματος
2287 3149 2500 3202 ἔσονται
2532 3150 2602 3202 τά
2621 3149 2770 3218 διττῇ
2798 3147 3027 3216 δυνάμει
3051 3148 3383 3216 προάγοντα.
3429 3141 3518 3202 Ὦς
3547 3140 3658 3208 γὰρ

2078 3239 2334 3292 ἀδύνατον
2365 3241 2423 3292 ὲν
2456 3240 2578 3292 δυσὶ
2610 3239 2924 3308 προσώποις
2943 3237 3111 3300 θείοις
3151 3232 3293 3288 εἷναί
3335 3249 3458 3286 τινα
3493 3231 3658 3285 δύναιο

2082 3345 2176 3399 μιν
2213 3331 2362 3400 μίαν,
2393 3330 2490 3384 ἐὰν
2529 3331 2604 3400 μὴ
2703 3330 2967 3396 οὐσιώδης
3001 3330 3096 3382 καὶ
3134 3324 3361 3396 φυσικὴ,
3391 3323 3535 3376 οὑτω
3564 3321 3661 3374 καὶ

2078 3423 2172 3476 δύο
2196 3424 2458 3492 δυνάμεις
2490 3419 2630 3476 εἶναι
2662 3425 2711 3476 εἰ
2759 3423 2830 3492 μὴ
2867 3421 3274 3489 ἀντικειμένας,
3306 3418 3338 3487 ἢ
3368 3415 3660 3484 διαφόρους

2080 3516 2233 3579 εἴδει,
2259 3510 2332 3569 ὧν
2361 3514 2644 3585 οὐδέτερον
2672 3515 2940 3586 προσήκει
2966 3515 3054 3582 τῇ,
3086 3511 3162 3573 ὡς
3183 3509 3337 3562 αὐτοί
3363 3524 3520 3576 φασι,
3562 3505 3664 3576 μιᾷ

2083 3608 2315 3678 δυνάμει
2343 3611 2402 3662 ἐν
2439 3610 2614 3678 Πατρὶ
2657 3609 2752 3662 καὶ
2782 3607 2897 3676 Υίῷ
2921 3621 2933 3634 ·
2964 3604 3081 3667 πῶς
3109 3604 3219 3672 γάρ
3249 3599 3468 3662 πλείους
3493 3601 3526 3668 ἡ
3563 3598 3663 3666 μία

2083 3701 2271 3764 έσταις
2306 3702 2368 3754 El
2397 3700 2455 3754 δὲ
2509 3700 2725 3770 ἀνάγκη
2757 3699 3018 3761 τοιαύτας
3070 3692 3213 3750 εἶναι
3257 3694 3350 3748 δύο
3381 3710 3445 3762 γε
3473 3689 3665 3753 οὔσας,

2085 3796 2200 3857 πῶς
2228 3795 2295 3848 ἂν
2327 3789 2439 3867 είεν
2504 3793 2624 3847 κατ’
2655 3793 2851 3855 αὐτοὺς
2889 3791 2949 3845 ἐν
2983 3784 3150 3871 τιοοῖς
3183 3781 3347 3840 αὗται
3383 3784 3665 3852 ὑπάρχου-

2088 3903 2214 3952 σιν;
2260 3886 2430 3956 Ἀρχὴ
2475 3885 2532 3939 δὲ
2561 3885 2823 3953 ἑκατέρα,
2863 3883 2938 3946 ὡς
2965 3869 3123 3936 αὐτοὶ
3157 3894 3291 3944 φασι
3329 3877 3418 3929 διὰ
3440 3875 3540 3942 τὴν
3569 3869 3666 3924 τοῦ

2088 3980 2414 4050 προϐάλλειν
2449 3978 2717 4047 δύναμιν,
2761 3977 2828 4046 ἢν
2865 3975 2962 4044 οὐχ
2995 3967 3108 4026 οἷόν
3143 3989 3202 4025 τε
3256 3967 3400 4023 εἶναι
3451 3966 3580 4036 μίαν
3610 3965 3668 4016 ὲν

2088 4074 2310 4140 ἀμφοῖν,
2349 4071 2493 4125 ὥστε
2543 4071 2638 4123 καὶ
2680 4070 2819 4122 αὐτὰ
2850 4066 2979 4138 μίαν
3005 4065 3183 4136 ἀρχὴν
3212 4059 3352 4116 εἶναι
3382 4057 3666 4118 ἀδύνατον,

2089 4166 2147 4217 έν
2169 4165 2247 4232 τῷ
2287 4163 2634 4232 προϐάλλειν,
2671 4161 2786 4228 εἴγε
2821 4157 3217 4228 προϐάλλουσιν
3241 4153 3430 4222 ἄμφω.

2179 4255 2334 4308 Ἐπεὶ
2360 4254 2417 4308 δὲ
2445 4254 2661 4324 ἀνάγκη
2695 4253 2826 4323 μίαν
2877 4251 3052 4321 ἀρχὴν
3083 4243 3248 4313 εἶναι,
3280 4245 3398 4314 εἴγε
3430 4241 3668 4314 προϐάλο

2092 4346 2296 4413 λουσιν,
2329 4345 2592 4401 ἀδύνατόν
2627 4345 2744 4397 ἔστι
2779 4343 2967 4396 λοιπὸν
2993 4342 3162 4409 ἄμφω
3192 4336 3540 4409 προϐάλλειν.
3566 4334 3670 4386 Λέ-

2093 4436 2282 4506 γοντές
2311 4453 2370 4489 τε
2415 4435 2580 4505 μηδὲν
2601 4435 2800 4489 ἄτοπον
2828 4429 2969 4486 εἶναι
2995 4431 3127 4501 μίαν
3166 4429 3410 4499 ἰδιότητα
3430 4428 3488 4481 ὲν
3516 4425 3670 4477 δυσὶν

402 4524 522 4589 ρίας
579 4519 1024 4589 ὲπανακάμπτει.
1061 4517 1342 4590 Ζητοῦμεν
1377 4521 1488 4589 γὰρ
1523 4519 1688 4574 πόθεν
1740 4521 1854 4590 ἔχει
1883 4521 1982 4590 τὴν
2013 4519 2064 4579 Β
2091 4527 2472 4595 ὑποκειμένοις
2502 4525 2790 4594 ὑπάρχειν,
2825 4522 2951 4590 μίαν
2980 4521 3164 4591 έχουσι
3197 4521 3362 4590 φύσιν
3388 4516 3668 4590 καϊάριθ-

397 4613 624 4682 ἑνότητα
656 4610 797 4682 αὐτη
837 4613 870 4681 ἡ
910 4613 1012 4682 μία
1062 4613 1406 4684 προϐλητικὴ
1433 4613 1687 4684 δύναμις,
1717 4615 1750 4685 ή
1783 4617 1840 4667 ὲν
1865 4615 1978 4666 Πα-

397 4709 488 4772 τρὶ
521 4707 614 4758 καὶ
639 4705 772 4776 Υίῷ,
818 4706 945 4757 πότε
957 4721 1048 4774 ρον
1078 4706 1144 4760 ἐκ
1169 4706 1266 4775 τῆς
1299 4705 1552 4777 ὲνότητος
1574 4707 1674 4776 τῆς
1702 4723 1983 4777 προσωπι-

399 4797 520 4866 κῆς,
548 4799 697 4850 πᾶσα
727 4796 837 4867 γάρ
871 4796 1105 4866 δύναμις
1153 4799 1213 4850 ἐν
1252 4800 1363 4861 τοῖς
1416 4798 1604 4862 θείοις,
1637 4798 1668 4867 ἦ
1716 4799 1984 4868 οὐσιώδης

397 4890 565 4956 ἐστὶν,
601 4890 781 4944 είτουν
827 4890 925 4960 τῆς
949 4890 1163 4954 οὐσίας,
1195 4889 1228 4960 ἦ
1269 4891 1632 4962 ὑποστατικὴ,
1663 4889 1842 4946 εἴτουν
1889 4893 1983 4946 τοῦ

399 4983 714 5050 προσώπου.
767 4982 832 5037 Εἰ
867 4983 964 5052 μὲν
1011 4982 1077 5053 δὴ
1127 4984 1194 5036 ὲκ
1225 4983 1324 5053 τῆς
1363 4983 1620 5054 ένότητος
1646 4984 1744 5053 τῆς
1797 4984 1988 5048 οὐσίας

398 5071 608 5141 ἀνίσχει
635 5073 925 5142 καὶταύτῃ
967 5072 1186 5135 ἕπεται,
1215 5074 1404 5144 ὥσπερ
1432 5075 1539 5144 ἄρα
1567 5075 1663 5129 καὶ
1704 5077 1736 5144 ή
1776 5074 1871 5128 τοῦ
1895 5076 1989 5144 δη-

404 5165 687 5230 μ;ουργεῖν
712 5163 964 5234 δύναμις,
1011 5166 1045 5236 ἢ
1084 5168 1178 5220 καὶ
1207 5168 1373 5220 ἑαυτὸ
1395 5169 1626 5236 προάξει
1655 5169 1716 5222 τὸ
1743 5170 1988 5239 Πνεῦμα,

401 5257 458 5305 ἐν
479 5257 546 5324 τῇ
568 5254 704 5324 αὐτῇ
734 5254 946 5324 ένότητι
976 5257 1073 5326 τῆς
1103 5259 1339 5322 πίστεως
1363 5258 1444 5326 ὃν,
1478 5263 1573 5315 καὶ
1595 5262 1683 5315 διὰ
1703 5263 1862 5316 τοῦτο
1891 5265 1989 5334 τὴν

401 5345 570 5416 αὐτὴν
613 5345 842 5417 δύναμιν
899 5346 1078 5418 ἔχειν·
1114 5349 1145 5419 ἦ
1187 5352 1236 5403 εἰ
1280 5351 1356 5420 μὴ
1383 5353 1550 5407 ἑαυτὸ
1579 5336 1829 5424 προάῇι,
1864 5357 1983 5408 κτί-

402 5454 515 5502 σμα
545 5437 723 5503 ἔσται,
751 5440 845 5491 καὶ
877 5439 975 5491 οὐκ
1009 5439 1068 5491 ὲν
1100 5443 1167 5510 τῇ
1222 5441 1356 5510 αὐτῇ
1387 5441 1487 5511 τῆς
1525 5443 1715 5506 οὐσίας
1742 5445 1980 5516 ἐνότητι,

400 5530 685 5600 δυνάμεως
723 5532 981 5604 τοιαύτης
1037 5533 1430 5604 ἐστερημένον.
1481 5536 1623 5589 Είδὲ
1659 5542 1985 5607 προσωπικῇ

402 5626 612 5695 ἑνότητι
661 5629 876 5694 ἕπεται,
915 5628 1244 5700 προσωπικὴ
1297 5628 1432 5681 οὖσα
1461 5630 1536 5692 ὡς
1573 5631 1602 5700 ἠ
1641 5630 1734 5684 τοῦ
1790 5633 1989 5702 γεννᾷν

402 5717 631 5786 δύναμις
660 5720 716 5770 ἓν
743 5721 1036 5790 πρόσωπον
1070 5723 1097 5774 ὁ
1133 5723 1323 5790 Πατὴρ
1357 5725 1510 5774 ἔσται
1547 5723 1639 5773 καὶ
1672 5725 1699 5775 6
1721 5723 1872 5787 Υἱὸς,
1897 5727 1990 5777 καὶ

405 5807 478 5872 ὡς
506 5806 564 5876 ἓν
605 5810 891 5876 πρόσωπον
923 5811 981 5873 τὸ
1007 5811 1225 5880 Πνεῦμα
1264 5813 1512 5880 προάξω·
1552 5814 1788 5888 Μηλίανῆ
1812 5813 1868 5866 δὲ
1897 5814 1987 5884 (φ’

2089 4621 2175 4690 μῷ
2219 4620 2378 4690 μίαν,
2429 4619 2478 4672 εί
2531 4618 2630 4687 μὲν
2685 4615 2765 4684 τῷ
2808 4615 2972 4688 λόγιρ
3003 4615 3178 4684 τούτῳ
3226 4616 3322 4667 καὶ
3365 4615 3465 4678 τὰς
3519 4632 3672 4683 φυσι-

2087 4715 2190 4776 κὰς
2236 4712 2505 4782 ἰδιότητας
2535 4708 3023 4778 περιλαμϐάνουσι,
3049 4706 3294 4760 τουτέστι
3326 4707 3425 4771 τὰς
3452 4709 3675 4776 θεοπρε-

2091 4807 2214 4869 πεϊς
2247 4804 2343 4857 καὶ
2377 4802 2586 4866 κοινὰς,
2614 4799 2812 4870 ἀληθὲς
2837 4799 3110 4867 λέγουσιν,
3141 4798 3256 4852 ἀλλ’
3282 4799 3345 4852 οὑ
3372 4799 3676 4869 συμπεραί-

2090 4913 2296 4951 νουσιν.
2331 4895 2398 4948 ’H
2429 4894 2540 4964 γάρ
2567 4892 2909 4962 προϐλητικὴ
2939 4892 3191 4962 δύναμις,
3224 4893 3360 4963 μηδὲ
3389 4893 3467 4963 τῷ
3499 4891 3671 4944 Πνεύ-

2095 5005 2227 5058 ματι
2258 4985 2560 5058 προσοῦσα,
2596 4986 2697 5039 οὐκ
2719 4985 2837 5038 ἔστι
2870 4985 3118 5054 τοιαύτη.
3150 4986 3284 5039 Είδὲ
3314 4984 3673 5054 προσωπικὴν

2093 5079 2335 5148 ἰδιότητα
2371 5078 2431 5129 ὲν
2456 5076 2534 5147 τῷ
2574 5076 2720 5146 λόγῳ
2751 5075 2957 5138 νοοῦσι,
2988 5073 3376 5144 νομοθετοῦσιν
3407 5075 3668 5127 ἐοίκασιν.

2089 5168 2361 5236 Οὐδεμίαν
2380 5166 2490 5237 γὰρ
2520 5167 2758 5233 δείξουσι
2781 5167 3145 5236 προσωπικὴν
3179 5167 3417 5236 ἰδιότητα
3446 5169 3504 5218 ἐν
3529 5165 3675 5218 δυσὶν

2088 5261 2474 5330 ὑποκειμένοις
2508 5259 2638 5329 μίαν
2663 5254 2804 5313 εἶναι
2847 5259 2926 5328 τῷ
2977 5258 3220 5329 ἀριθμῷ,
3257 5261 3305 5312 εἰ
3348 5263 3423 5329 μὴ
3452 5263 3550 5326 τὴν
3585 5260 3678 5324 ζηο

2089 5353 2364 5423 τουμένην
2409 5353 2567 5422 φαῖεν
2609 5335 2803 5421 αὐτὴν,
2857 5350 2957 5422 τὴν
3001 5351 3385 5422 προϐλητικὴν⁹
3429 5352 3673 5419 γελοίως.

2094 5445 2233 5500 Οὑτε
2267 5445 2366 5515 τὴν
2399 5444 2496 5500 τοῦ
2543 5445 2786 5515 πέμπειν
2826 5445 2886 5499 τὸ
2922 5444 3144 5512 Πνεῦμα
3185 5445 3415 5512 δύναμιν
3469 5445 3672 5514 ἐροῦσι,

2093 5539 2247 5609 κοινὴ
2297 5538 2405 5607 γάρ
2433 5539 2606 5603 ἐστιν,
2655 5539 2738 5591 ὅτι
2776 5538 2835 5590 τὸ
2861 5536 3087 5605 Πνεῦμα
3121 5541 3213 5589 καὶ
3249 5536 3412 5590 ἑαυτὸ
3442 5537 3676 5605 πέμπειν

2096 5631 2338 5694 λέγεται,
2392 5632 2486 5684 καὶ
2516 5631 2679 5683 ἑαυτὸ
2710 5631 2934 5685 διδόναι.
2973 5632 3048 5684 Οὐ
3091 5631 3196 5698 γὰρ
3227 5629 3377 5681 αίτία
3411 5631 3504 5682 τοῦ
3539 5631 3675 5697 πέμ-

2099 5740 2292 5784 ποντος
2345 5723 2479 5790 πρὸς
2514 5723 2574 5775 τὸ
2626 5723 2984 5792 πεμπόμενον
3021 5724 3222 5774 νοεῖται
3278 5721 3572 5788 πρόσοιῖον
3623 5719 3679 5782 ἐξ

2099 5813 2368 5881 ἀνάγκης,
2421 5814 2556 5867 ἀλλὰ
2596 5813 2799 5877 μᾶλλον
2854 5814 2909 5874 ἐξ
2966 5813 3317 5872 ἀμφοτέρων.
3382 5810 3679 5862 Min-.062:
