4118 6280
478 373 584 435 705

1387 372 1488 433 DE
1529 372 2056 436 PROCESSIONE
2090 376 2453 443 SPIRITUS
2494 381 2766 444 SANCTI

3644 385 3751 448 706

479 490 604 558 ὅλης
633 488 730 556 τῆς
764 486 1020 557 θεότητος
1066 486 1215 540 αἰτία
1262 488 1395 559 πρός
1427 504 1477 541 τι
1510 489 1835 561 ἐξωτερικδν
1864 491 2059 546 ἀποτέ-
2089 493 2138 553 Α
2168 493 2345 547 καίτοι
2370 495 2581 565 προσῆν
2611 496 2677 550 ἂν
2702 496 2779 567 τῷ
2813 495 2942 566 Υίῷ,
2973 497 3018 548 εἰ
3055 495 3131 567 μὴ
3167 495 3325 549 τοῦτο
3361 496 3588 553 ἐκώλυε.
3625 499 3752 561 Καὶ,

480 579 677 647 λεσμα,
704 580 800 633 καὶ
825 579 1186 647 Αὑγουστῖνός
1211 595 1366 647 φησι,
1392 582 1486 635 καὶ
1514 584 1718 651 Θωμᾶς
1738 583 1855 652 μετ’
1880 584 2063 638 αὐτόν.

494 670 635 722 Ἀλλ’
680 669 792 722 οὐδ’
837 670 1019 735 ἕξουσι
1068 669 1163 741 τὴν
1194 672 1570 743 προϐλητικὴν
1625 674 1854 743 δύναμιν
1885 676 2068 748 κοινὴν

482 767 661 836 Harp).
693 766 787 819 καὶ
817 764 932 835 Υίῷ
960 763 1192 830 τιθέναι,
1220 764 1323 829 ἕως
1346 764 1414 820 ἂν
1443 768 1519 836 μὴ
1542 766 1696 837 κοινὴ
1791 767 1868 838 τῷ
1896 769 2067 822 Πνεύ-

488 876 641 931 ματι,
672 858 975 921 Διονυσίου,
1004 857 1286 913 Βασιλείου
1305 860 1399 913 καὶ
1430 860 1649 913 πάντων
1668 862 1839 930 ἁγίων
1856 862 2067 930 ἀξιούν-

484 969 592 1005 των
623 951 692 1003 τὰ
753 950 910 1003 κοινά
942 951 1117 1021 Πατρὶ
1171 952 1266 1006 καὶ
1295 952 1410 1023 Υῐῷ
1443 956 1597 1010 κοινά
1654 958 1746 1012 καὶ
1785 958 1863 1028 τῷ
1896 961 2069 1013 Πνεύ-

489 1063 618 1114 ματι
646 1042 785 1098 εἶναι
814 1060 828 1076 ⁸
870 1045 1149 1116 θεοπρεπῆ
1176 1047 1283 1117 γάρ
1314 1048 1422 1101 είσι
1460 1048 1529 1102 τὰ
1567 1049 1813 1115 τοιαῦτα,
1848 1054 1941 1105 καὶ
1966 1053 2067 1122 τῆς

489 1139 641 1203 θείας
668 1140 889 1209 φύσεως
936 1132 1228 1208 ἰδιώματα,
1268 1141 1361 1194 καὶ
1384 1140 1474 1194 διά
1500 1142 1659 1196 τοῦτο
1679 1144 1771 1198 καὶ
1796 1144 1857 1197 τὸ
1894 1146 2067 1199 Πνεῦα

496 1250 569 1303 μα
596 1231 847 1301 μετέχειν
869 1231 1051 1285 αὐτῶν
1073 1233 1309 1302 ἀνάγκη.
1348 1233 1420 1285 ’Ἠ
1449 1234 1559 1287 οὐδ’
1581 1234 1647 1288 ἂν
1688 1236 1771 1304 είη
1807 1235 1926 1289 δυσί
1956 1255 2069 1291 κοι-

492 1323 579 1389 νά,
614 1323 728 1376 ἀλλ’
758 1325 817 1377 ἐν
849 1323 929 1379 ἐνὶ
963 1324 1241 1394 προσώπῳ
1290 1326 1358 1378 ἂν
1395 1324 1635 1394 ὁρίζοιτο
1663 1327 1843 1394 μόνον,
1889 1330 1977 1382 διὰ
2007 1331 2068 1382 τὸ

495 1419 601 1472 πᾶν
636 1417 665 1469 δ
697 1416 772 1486 μὴ
797 1416 1193 1486 προσκαλεῖται
1221 1416 1320 1487 τὴν
1337 1417 1489 1470 θείαν
1512 1420 1696 1487 φύσιν,
1726 1421 1757 1491 ἣ
1785 1420 1883 1483 τὰς
1920 1426 2069 1491 τρεῖς

495 1512 819 1574 ὑποστάσεις
841 1510 1116 1583 διείληφεν
1142 1510 1225 1562 ἑνὶ
1246 1511 1551 1579 προσήκειν
1589 1512 1739 1580 μόνῳ
1766 1513 2065 1584 προσώπῳ,

492 1602 588 1652 καὶ
625 1600 702 1669 μὴ
731 1600 1099 1669 ὑπερϐαίνειν,
1128 1600 1263 1669 μηδέ
1296 1601 1375 1664 είς
1401 1600 1587 1670 ἕτερον
1610 1603 1987 1671 μεταϐαίνειν,
2021 1606 2069 1658 εἰ

496 1689 573 1760 μὴ
600 1690 749 1759 μέλοι
782 1689 879 1743 καὶ
919 1690 1050 1752 δυάς
1101 1686 1241 1744 εἷναι
1273 1690 1333 1743 τὸ
1376 1691 1506 1761 παρ’
1546 1694 1704 1761 ἡμῶν
1731 1694 2072 1765 λατρευόμε-

491 1788 603 1836 νονὶ
635 1782 707 1835 Τὸ
727 1782 783 1835 δὲ
814 1781 992 1850 λέγειν
1023 1780 1098 1846 ώς
1129 1783 1221 1835 καὶ
1252 1784 1313 1834 τὸ
1344 1783 1637 1855 ἀγέννητον
1685 1791 1778 1839 καὶ
1804 1788 1864 1839 τὸ
1894 1788 2071 1841 αίατια-

438 1908 441 1911 -
490 1872 580 1926 τὸν
616 1874 739 1927 δυσ)⁵
770 1874 1087 1945 προσώποις
1111 1874 1372 1944 ἑκάτερον
1429 1877 1652 1945 προσὸν,
1682 1878 1740 1930 οὑ
1775 1878 1942 1931 δυάδα
1972 1880 2071 1949 τὴν

490 1966 745 2038 ὑπερφυᾶ
768 1967 987 2038 ἐκείνην
1028 1968 1221 2021 Ἐνάδα
1263 1969 1358 2022 καὶ
1388 1969 1597 2039 Τριάδα
1628 1972 1774 2023 ποιεῖ
1811 1972 1949 2043 πρὸς
1980 1974 2073 2027 τὸν

490 2057 650 2126 λόγον
674 2057 827 2111 οὐδέν
852 2074 867 2088 ο
901 2059 963 2111 οὑ
1014 2058 1121 2129 γὰρ
1149 2058 1327 2113 ἔοικεν
1357 2059 1544 2114 ἐκεῖνα
1576 2061 1654 2131 τῷ
1702 2061 2032 2132 προϐάλλειν
2052 2078 2066 2093 ⁸

490 2150 553 2204 τὺ
580 2152 679 2221 μέν
705 2151 816 2222 γὰρ
846 2152 1092 2205 αἰτιατὸν
1124 2152 1494 2221 κατηγόρημα
1521 2153 1637 2205 ἐστι
1669 2154 1851 2221 μόνον,
1884 2148 1918 2226 ᾗ
1955 2172 2068 2208 κοι-

489 2244 579 2297 νόν
628 2244 778 2298 ἐστιν
798 2285 813 2309 ,
847 2237 881 2317 ᾗ
935 2244 993 2298 δὲ
1024 2243 1167 2314 ἔργῳ
1196 2244 1348 2298 ἐστὶν
1382 2246 1440 2297 ἐν
1468 2244 1583 2316 Υίῷ
1634 2248 1731 2298 καὶ
1762 2247 2062 2317 Πνεύματι,

491 2336 752 2405 γεννητόν
800 2338 918 2390 ἐστι
968 2339 1064 2390 καὶ
1089 2338 1450 2407 ἐκπορευτὸν,
1482 2339 1578 2392 δύο
1623 2340 1753 2393 ὄντα
1784 2340 1881 2394 καὶ
1934 2341 2068 2395 εῖδει

488 2428 814 2497 διαφέροντα
837 2445 850 2459 ·
885 2429 946 2482 τὺ
970 2430 1028 2484 δέ
1061 2430 1394 2501 προϐάλλειν
1425 2432 1659 2501 πρᾶγμα
1703 2432 1763 2486 ἓν
1802 2434 1861 2487 ἐν
1892 2435 2068 2505 Πατρὶ

489 2525 585 2577 καὶ
614 2522 730 2592 Υἱῷ
781 2523 1000 2577 Λατῖνοι
1033 2523 1274 2591 λέγουσι,
1311 2526 1408 2578 καὶ
1440 2525 1573 2594 μίαν
1618 2528 1907 2597 ἐνέργειαν
1933 2529 2065 2584 εῖδει

490 2630 548 2667 τε
572 2616 666 2668 καὶ
690 2617 929 2687 ἀριθμῷ.
971 2616 1158 2688 Πολλῷ
1184 2617 1243 2671 δὲ
1283 2618 1485 2674 πλείων
1527 2620 1764 2691 διαφορά
1813 2623 2063 2676 ἐναντίου

488 2724 548 2760 τε
567 2709 661 2761 καὶ
692 2708 1048 2779 ἐκπορευτοῦ,
1087 2705 1167 2772 οἷς
1195 2712 1374 2763 κοινόν
1402 2728 1478 2776 τι,
1506 2711 1621 2764 ἀλλ’
1647 2714 1746 2783 οὑχ
1779 2715 1855 2776 ὡς
1899 2731 2064 2769 συνω-

489 2800 681 2869 νύμοις
727 2799 1060 2854 ἐπιτέθειται
1085 2802 1257 2872 ὄνομα
1295 2802 1399 2856 ὑπό
1433 2821 1597 2858 τινων
1637 2805 1698 2859 τὸ
1731 2806 2059 2877 ἀγέννητονο

490 2888 565 2948 ώς
592 2887 647 2941 εῐ
674 2905 758 2951 τις
787 2888 934 2942 λίθον
953 2905 1013 2942 τε
1044 2890 1137 2943 καὶ
1174 2890 1341 2944 ῖππον
1360 2890 1555 2960 ἀλογον
1585 2892 1850 2963 ὀνομάζῃ,
1874 2894 1936 2947 τὸ
1962 2893 2062 2963 μὲν

488 2982 569 3035 ὃτι
608 2981 829 3051 μετέχει
856 2982 953 3051 τῆς
984 2982 1373 3053 ἀντικειμένης
1418 2983 1564 3053 λόγῳ
1598 2984 1882 3057 διαφορᾶς,
1924 2984 1985 3037 τδ
2014 2984 2062 3038 δ’

2171 582 2246 647 ὡς
2280 583 2448 648 ἔοικε,
2500 587 2589 639 διὰ
2622 586 2683 639 τὸ
2720 588 2794 657 μὴ
2830 589 2924 640 καὶ
2965 586 3025 641 τδ
3059 587 3283 657 Πνεῦμα
3319 588 3589 658 προϐολέα
3618 586 3756 643 εἷναι

2171 674 2245 736 ὡς
2281 676 2565 743 ἀδύνατον,
2599 678 2945 749 συγχωροῦσι
2983 680 3076 733 τὸν
3109 680 3238 733 Υίδν
3288 682 3558 749 προϐολέα
3592 680 3756 746 εἶναι,

2172 763 2230 819 εὖ
2265 770 2442 823 ἐκεῖνο
2474 770 2763 824 ἀκολουθεῖ
2812 773 3072 835 ἐναντίως
3110 774 3242 828 πολὺ
3278 777 3389 838 τοῖς
3421 775 3529 828 τῶν
3581 774 3760 842 λόγων

2171 861 2377 929 νόμοις.
2405 864 2533 916 Δέον
2573 863 2774 933 μᾶλλον
2819 866 3164 927 ὄτιτεθέντος
3189 867 3285 938 την
3323 867 3451 921 Υίὸν
3487 868 3757 937 προϐολέα

2172 948 2334 1016 εἶναι,
2363 956 2559 1009 δεῖκαὶ
2589 956 2650 1010 τὸ
2699 956 2924 1028 Πνεῦμα
2974 957 3216 1013 τοιοῦτον
3249 954 3410 1022 εἶναι,
3447 958 3584 1029 ὅπερ
3628 960 3756 1013 ἀδύ-

2171 1063 2351 1111 νατον,
2385 1049 2605 1103 κάκεῖνο
2638 1046 2904 1105 ἀδύνατον
2933 1050 3345 1120 ὑπολαμϐάνειν
3376 1044 3421 1121 ᾧ
3454 1051 3602 1105 τοῦθ’
3629 1051 3759 1105 ’ἐπε-

2170 1155 2279 1193 ται.

2242 1230 2352 1301 Τὴν
2396 1232 2443 1285 δ’
2465 1233 2787 1289 ἀκολουθίαν
2820 1236 2881 1288 οὑ
2924 1235 3086 1303 μόνον
3132 1237 3158 1289 ὁ
3189 1235 3287 1305 τῆς
3316 1236 3556 1299 πίστεως
3599 1235 3758 1304 λόγος

2175 1325 2406 1390 βεϐαιοῖ,
2444 1328 2540 1379 καὶ
2590 1328 2639 1381 οἱ
2679 1328 2992 1382 διδάσκαλοι
3023 1327 3213 1382 τοῦτον
3254 1328 3573 1397 τηροῦντες,
3620 1328 3758 1381 ἀλλᾶ

2172 1418 2266 1469 καὶ
2299 1417 2453 1470 αὑτοὶ
2479 1418 2697 1472 Λατῖνοι
2731 1420 3238 1490 συμμαρτυροῦσιν,
3270 1420 3304 1488 ἦ
3352 1438 3405 1473 τι
3427 1419 3634 1489 ἀλλο,ἢ
3669 1421 3759 1471 ἐν-

2172 1507 2423 1563 διδόντων
2451 1510 2569 1562 ἐστὶ
2592 1512 2656 1580 τῇ
2685 1510 2980 1583 ἀκολουθίᾳ
3010 1512 3070 1563 τὸ
3099 1512 3300 1579 λέγειν,
3334 1514 3418 1565 ὅτι
3444 1509 3655 1579 προσῆν
3690 1507 3756 1563 ἂν

2174 1600 2268 1653 καὶ
2298 1600 2376 1670 τῷ
2410 1600 2686 1670 Πνεύματι
2717 1601 2779 1655 τὸ
2823 1602 3170 1673 προϐάλλειν,
3224 1603 3273 1655 εἰ
3327 1600 3404 1672 μὴ
3439 1602 3678 1655 ἐκώλυεν
3724 1603 3757 1668 ἡ

2172 1691 2265 1745 τοῦ
2321 1692 2637 1760 Πνεύματος
2678 1693 2900 1764 ἰδιότης.
2947 1694 3089 1747 Ἀλλ’
3120 1695 3253 1764 ἡμῖν
3297 1693 3449 1747 οὐδὲν
3490 1692 3758 1762 διαφέρει,

2173 1783 2283 1837 εἴτε
2313 1784 2401 1837 διὰ
2430 1784 2634 1852 ταύτην
2666 1785 2763 1853 τὴν
2783 1786 2987 1853 αἰτίαν,
3008 1785 3117 1838 εἴτε
3148 1786 3214 1838 δι’
3235 1785 3431 1855 ἑτέραν
3455 1783 3761 1837 κεκώλυται

2180 1875 2274 1926 καὶ
2299 1874 2579 1938 ἀδυνάτως
2598 1875 2710 1944 ἔχει
2740 1876 2846 1939 ἕως
2866 1876 2931 1929 ἂν
2960 1875 3202 1929 τοιοῦτόν
3235 1893 3296 1944 γε
3320 1863 3379 1946 ᾖ,
3410 1874 3547 1943 πρὸς
3574 1873 3633 1926 τὸ
3661 1875 3761 1926 κά-

2180 1967 2326 2019 κεῖνο
2353 1966 2524 2033 δεῖξαι
2561 1967 2823 2020 ἀδύνατον
2869 1964 2914 2036 ᾧ
2943 1967 3090 2020 τοῦθ’
3116 1967 3330 2023 ἕπεται.
3361 1968 3421 2019 El
3454 1967 3510 2020 δὲ
3553 1965 3763 2034 λέγοιεν

2178 2056 2395 2109 Λατῖνοι
2443 2058 2527 2110 ὃτι
2562 2056 2701 2128 πλὴν
2736 2057 2829 2111 τοῦ
2883 2057 3209 2128 προϐάλλειν
3260 2057 3449 2111 ἐνόουν
3497 2057 3546 2110 οί
3586 2057 3757 2124 ἅγιοι,

2176 2141 2377 2218 ψευδὴς
2433 2150 2467 2221 ἡ
2523 2150 2782 2215 ὑπόνοια,
2818 2151 3125 2204 τοὺναντῖον
3162 2160 3290 2221 γάρ,
3342 2150 3511 2219 μόνην
3570 2149 3754 2220 πηγὴν

2176 2242 2267 2297 τὸν
2288 2242 2510 2311 Πατέρα
2547 2244 2641 2296 καὶ
2670 2244 2833 2313 μόνον
2885 2245 3058 2297 αῐτιον
3091 2243 3335 2312 λέγουσι,
3368 2244 3462 2297 καὶ
3496 2241 3667 2297 πάντα
3687 2243 3757 2295 τὰ

2179 2336 2393 2406 Πατρδς
2435 2336 2579 2405 ἔχειν
2610 2336 2700 2389 τὸν
2727 2335 2855 2388 Υίὺν
2886 2336 3031 2407 πλὴν
3073 2336 3175 2406 τῆς
3226 2337 3427 2399 αἰτίας,
3459 2336 3555 2389 καὶ
3582 2334 3755 2389 πολλὰ
3796 2376 3803 2383 .

2175 2427 2399 2481 τοιαῦτα
2428 2427 2496 2480 δι’
2525 2420 2599 2482 ὧν
2613 2428 2954 2483 δεικνύουσιν
2970 2428 3028 2479 οὑ
3053 2422 3368 2497 βουλόμενοι
3399 2428 3579 2482 κοινὸν
3614 2426 3755 2481 εῖναι

2176 2518 2352 2587 Πατρὶ
2382 2519 2477 2571 καὶ
2531 2519 2644 2589 Υίῷ
2688 2518 2751 2572 τὸ
2806 2517 3155 2590 προϐάλλειν.
3214 2514 3328 2573 Οὑκ
3362 2519 3646 2573 ἐϐούλοντο
3673 2520 3753 2585 δέ,

2172 2609 2254 2662 ὅτι
2283 2610 2481 2680 ᾔδεσαν
2512 2609 2588 2674 ὡς
2617 2605 2828 2681 ἀνάγκη
2864 2610 3023 2664 τοῦτο
3050 2611 3143 2664 καὶ
3169 2610 3250 2681 τῷ
3289 2612 3566 2679 Πνεύματι
3614 2610 3757 2665 οὕτω

2172 2700 2389 2773 δοθῆναι
2440 2701 2506 2756 ἂν
2541 2707 2673 2773 παρ’
2704 2703 2906 2769 αὑτῶν,
2939 2704 3026 2756 διὰ
3063 2703 3123 2756 τὸ
3164 2705 3348 2757 πᾶσαν
3385 2704 3672 2772 ἐνέργειαν
3700 2705 3759 2756 ἐν

2170 2792 2283 2859 τοῖς
2331 2794 2495 2859 θείοις
2545 2795 2621 2866 μὴ
2663 2794 2991 2865 ὁριζομένην
3037 2796 3096 2849 ἐν
3149 2795 3430 2865 προσώπῳ
3479 2795 3580 2856 ἐνὶ,
3644 2795 3759 2848 ἀλλ’

2173 2887 2607 2957 ὑπερϐαίνουσαν
2643 2886 2779 2957 πρὸς
2834 2886 2966 2955 ὅλην
3013 2885 3112 2956 τὴν
3141 2885 3291 2939 θείαν
3323 2885 3486 2954 φύσιν
3519 2885 3758 2939 ἐκτείνε-

2174 2978 2318 3045 σθαι,
2356 2981 2451 3035 καὶ
2478 2982 2597 3042 ταῖς
2625 2982 2805 3050 τρισὶν
2836 2979 3199 3032 ὑποστάσεσιν
3230 2972 3370 3031 εἶναι
3401 2979 3600 3031 κοινόν.
3636 2979 3749 3032 Καὶ

487 3074 570 3128 ὃτι
605 3076 698 3129 καὶ
746 3071 842 3126 τοῦ
899 3073 1092 3143 γένους
1138 3075 1317 3144 πάντη
1353 3076 1709 3147 κεχώρισται,
1764 3080 1859 3133 καὶ
1887 3079 1963 3142 ώς
1995 3079 2063 3136 ἄν
2171 3067 2328 3132 αὖθις
2360 3069 2408 3121 εί
2455 3072 2615 3136 φαῖεν
2665 3069 2748 3122 δτι
2800 3071 2860 3121 τδ
2910 3067 3137 3138 Πνεῦμα
3188 3068 3402 3139 Πατρὸς
3450 3065 3612 3132 εἶναι.
3660 3072 3757 3122 καὶ

486 3182 573 3231 τις
600 3164 766 3229 εῐποι,
816 3164 877 3219 τδ
923 3166 1025 3235 μὲν
1052 3166 1408 3236 στερητικῶς,
1453 3165 1680 3235 θάτερον
1703 3168 1760 3221 δὲ
1791 3168 2066 3238 ἀποφατι-
2094 3193 2142 3256 c
2174 3159 2399 3230 Πνεῦμα
2450 3159 2583 3214 Υίοῦ
2636 3156 2799 3227 εἶναι,
2837 3162 3017 3214 κοινόν
3072 3167 3189 3215 ἐστι
3224 3164 3395 3224 δήπου
3436 3158 3612 3231 Πατρὶ
3664 3166 3757 3215 καὶ

490 3259 637 3321 κῶςο
662 3257 858 3312 οὑκοῦν
903 3255 1228 3326 προσωπικὴ
1260 3256 1361 3322 μὲν
1388 3250 1524 3310 οῦσα
1558 3256 1656 3324 μία
1680 3256 1760 3309 ἐνὶ
1784 3259 2066 3328 προσώπῳ
2106 3250 2141 3256 ⁷
2177 3252 2312 3323 Υίῷ,
2354 3254 2468 3306 ἀλλ’
2492 3254 2554 3307 οὑ
2587 3256 2681 3307 καὶ
2729 3254 2802 3325 τῷ
2829 3255 3129 3325 Πνεύματι,
3158 3259 3217 3310 οὑ
3247 3258 3355 3328 γάρ
3382 3258 3531 3312 ἐστιν
3560 3252 3756 3314 ἑαυτοῦ

490 3351 791 3421 προσέσται
838 3348 918 3419 τῷ
966 3348 1255 3419 πατρικῷ,
1304 3350 1403 3419 τῆς
1439 3349 1656 3417 φύσεως
1694 3349 1751 3402 δὲ
1797 3347 1931 3403 οὖσα
1964 3350 2065 3418 μία

495 3442 825 3513 ίδιότης,μιᾷ
855 3444 921 3511 τῇ
945 3441 1065 3512 θείᾳ
1088 3440 1253 3510 φύσει
1276 3440 1597 3510 προσέσται.
1618 3439 1777 3494 Ἀλλὰ
1802 3441 1861 3493 τὸ
1878 3441 2065 3493 δεύτε-

490 3552 587 3607 ρον
615 3535 879 3589 ἀδύνατον
900 3532 993 3587 τοῦ
1024 3532 1346 3603 Πνεύματος
1375 3531 1543 3587 ἕνεκα
1571 3547 1586 3564 ο
1615 3532 1677 3584 τὸ
1707 3532 1923 3607 πρῶτον
1957 3534 2065 3603 ἄρα

488 3627 709 3698 ἀληθές.

564 3722 666 3775 Ἦν
694 3721 751 3774 δέ
780 3736 924 3784 τινες
959 3719 1259 3789 ἐπενόησαν
1304 3717 1415 3771 τῶν
1448 3718 1817 3788 προσωπικῶν
1846 3718 2060 3787 διάκρι-

495 3829 604 3882 σιν,
628 3814 719 3868 καὶ
753 3813 893 3880 αὕτη
921 3812 1207 3880 σοφιστική
1239 3810 1443 3875 ἑστι,τὸ
1479 3809 1817 3881 ζητούμενον
1842 3811 2059 3864 τιθεῖσα

488 3906 566 3970 ὡς
590 3906 785 3975 ἀρχὴν,
824 3906 913 3957 καὶ
940 3904 1139 3965 ἄτοπος
1175 3902 1299 3955 καθ’
1332 3901 1526 3970 αὑτὴν,
1556 3900 1653 3954 καὶ
1688 3900 1900 3954 πολλῶν
1932 3901 2061 3954 ἀτό-

490 4017 609 4053 πων
647 3999 811 4069 am,
841 3996 916 4060 ώς
946 3996 1004 4048 ἐν
1028 3994 1208 4058 ἀλλοις
1256 3993 1582 4062 ἐλήλεγκται
1604 4009 1618 4025 ⁸
1670 3992 1949 4047 τουτέστιν
1977 3993 2060 4045 ὅτι

487 4093 596 4146 τῶν
620 4089 989 4161 προσωπικῶν
1036 4086 1106 4141 τὰ
1153 4086 1251 4155 μέν
1307 4085 1671 4149 ὑποστατικά,
1730 4085 1798 4137 τά
1836 4084 1892 4139 δὲ
1926 4084 2062 4138 ὑπο-

490 4186 677 4239 στάντι
705 4183 781 4252 τῷ
810 4179 1087 4251 προσώπῳ
1113 4179 1374 4247 ἑπόμενα,
1399 4178 1473 4240 ὡς
1497 4175 1769 4247 ἀνθρώπῳ
1790 4176 2059 4245 δηλονότι,

488 4278 548 4329 τὸ
597 4277 694 4345 μὲν
731 4275 964 4339 λογικὸν,
998 4274 1058 4325 τὸ
1107 4273 1163 4325 δὲ
1220 4272 1563 4340 γελαστικόν.
1606 4271 1716 4323 Kal
1773 4270 1880 4341 μὴν
1938 4270 2060 4323 οὑδέ

489 4363 704 4417 ἐπειδὰν
724 4362 973 4428 λέγωσιν,
999 4360 1074 4422 ὡς
1099 4362 1309 4431 προσῆν
1340 4360 1406 4413 ἂν
1434 4360 1511 4428 τῷ
1547 4360 1822 4429 Πνεύματι
1845 4360 1906 4412 τὸ
1927 4378 2061 4430 προ-

490 4454 726 4518 ϐάλλειν,
762 4454 810 4505 εί
846 4452 921 4524 μὴ
952 4453 1193 4507 ἐναντίον
1216 4448 1283 4523 ἦν
1314 4451 1392 4522 τῷ
1423 4450 1591 4505 αὑτοῦ
1644 4452 1813 4520 λόγῳ,
1864 4450 2056 4505 λύουσι

2174 3342 2237 3395 τὸ
2288 3344 2535 3413 Πνεῦμα,
2589 3345 2873 3399 καὶτοῦτο
2910 3346 3088 3415 μάτην
3144 3346 3382 3416 ἐροῦσιν.
3420 3344 3481 3401 ΕΞ
3508 3349 3610 3418 μὲν
3644 3352 3755 3423 γὰρ

2175 3435 2383 3487 ἐκεῖνον
2410 3434 2658 3503 λέγουσιν
2701 3434 2895 3499 οὕτως,
2927 3434 3004 3497 ώς
3032 3436 3091 3499 ἐξ
3129 3436 3331 3505 ἀμφοῖν
3367 3437 3460 3489 τοῦ
3489 3440 3747 3509 Πνεύμα-

2173 3540 2266 3588 τος
2294 3524 2758 3594 προϐαλλομένου,
2783 3526 2843 3578 τό
2872 3542 2929 3577 τε
2971 3524 3306 3596 ζητούμενον
3336 3522 3496 3591 αὖθις
3535 3530 3753 3599 λαμϐά-

2174 3632 2345 3678 νουσι,
2384 3617 2476 3669 καὶ
2509 3615 2633 3679 τοὺς
2673 3616 2850 3669 ἐκεῖνο
2901 3616 3155 3680 εἰπόντας
3192 3620 3633 3689 παρεξηγοῦνται
3659 3641 3674 3656 ο
3706 3627 3754 3676 εἰ

2170 3706 2227 3760 δὲ
2264 3707 2490 3776 Πνεῦμα
2528 3706 2655 3761 Υίοῦ
2686 3706 2905 3774 λέγεται
2938 3710 3004 3778 τῇ
3036 3709 3247 3780 Γραφῇ,
3280 3711 3355 3775 ὠς
3385 3713 3582 3767 ταυτὸν
3613 3718 3754 3769 κατά

2173 3802 2334 3869 φύσιν
2381 3800 2458 3870 τῷ
2511 3799 2626 3871 Υίῷ
2661 3800 2753 3853 καὶ
2788 3800 3095 3869 ὁμοούσιον,
3137 3804 3281 3857 οὕτω
3325 3807 3434 3874 γὰρ
3467 3806 3671 3870 πάντες
3702 3812 3751 3862 οί

2174 3896 2310 3966 ίεροὶ
2355 3894 2692 3964 ἐξηγοῦνται,
2724 3894 2818 3947 τοῦ
2854 3894 3069 3964 Πατρὸς
3105 3897 3162 3949 δέ
3194 3914 3378 3965 φασιν,
3428 3899 3504 3963 ὡς
3557 3902 3621 3954 ὲκ
3651 3902 3747 3957 τοῦ

2172 3988 2383 4059 Πατρὺς
2441 3988 2911 4057 ἐκπορευόμενον·
2969 3989 3070 4042 οὑκ
3120 3991 3197 4043 ἐτ’
3227 3990 3294 4045 ἂν
3342 3993 3436 4046 καὶ
3464 3993 3543 4061 τῷ
3580 3996 3751 4051 Πνεύ-

2172 4079 2409 4151 ματιεῐη
2445 4081 2645 4145 κοινὸν,
2682 4079 2737 4133 ετ
2763 4096 2825 4149 γε
2850 4080 2945 4134 καὶ
2974 4082 3031 4133 ἐν
3061 4082 3290 4145 ἐκείνοις
3323 4086 3438 4137 ἐστὶ
3468 4086 3751 4157 διάφορον,

2168 4175 2249 4227 ὅτι
2278 4172 2373 4226 τοῦ
2406 4173 2617 4244 Πατρὸς
2672 4172 2771 4242 μὲν
2824 4175 3041 4244 εἴρηται
3072 4170 3212 4231 εἶναι
3244 4175 3318 4240 ώς
3349 4177 3408 4243 ἐξ
3431 4177 3619 4247 αὑτοῦ,
3654 4180 3749 4236 τοῦ

2169 4265 2301 4319 Υίοῦ
2333 4265 2390 4318 δέ
2421 4266 2497 4329 ώς
2523 4265 2870 4335 ᾠκειωμένον
2903 4269 3045 4321 κατὰ
3076 4269 3237 4337 φύσιν
3265 4261 3437 4341 αὐτῷξ
3478 4330 3481 4333 ,

2238 4359 2303 4411 Εἰ
2337 4358 2395 4410 δέ
2433 4374 2517 4420 τις
2545 4358 2726 4412 καὶτὸ
2765 4359 2982 4429 Πατρὸς
3012 4357 3154 4414 εἶναι
3186 4361 3437 4429 λέγεσθαι
3472 4364 3572 4435 τὴν
3608 4368 3748 4420 κατὰ

2167 4449 2329 4517 φύσιν
2362 4450 2589 4519 ἑνότητα
2634 4448 2829 4518 δηλοῦν
2885 4451 3133 4519 βούλοιτο
3191 4450 3293 4521 τῆς
3344 4456 3524 4518 αἰτίας
3571 4456 3651 4527 τῷ
3684 4458 3749 4511 ἐκ

488 4547 693 4617 μᾶλλον
720 4547 817 4617 τὴν
844 4547 1076 4614 ἀπορίαν
1114 4544 1209 4598 καὶ
1243 4543 1522 4613 φεύγουσιο
1548 4543 1607 4597 τὺ
1644 4543 1754 4613 γὰρ
1786 4544 1861 4614 μὴ
1895 4560 2060 4613 προσ·
2091 4550 2137 4606 ι)
2171 4542 2381 4610 Πατρὸς
2416 4541 2847 4611 σημαινομένης,
2874 4543 3265 4613 συγχωροῦμεν
3289 4544 3371 4598 ὅτι
3416 4551 3599 4600 κοινόν
3629 4554 3749 4603 ἐστι

487 4642 624 4693 εἶναι
681 4639 761 4709 τῷ
795 4638 1073 4708 Πνεύματι
1124 4636 1203 4706 τῷ
1237 4636 1563 4707 προϐάλλειν
1616 4636 1710 4688 καὶ
1760 4636 1821 4688 τὸ
1864 4635 2057 4688 τούτου

486 4731 659 4786 αἴτιον
694 4730 966 4799 λέγουσιν.
1020 4730 1212 4791 Ὅπως
1244 4729 1302 4782 δὲ
1344 4728 1531 4781 τούτου
1594 4727 1767 4791 οὕτως
1820 4726 2057 4799 ἔχοντος,

485 4821 696 4875 ἐνέσται
735 4822 829 4873 καὶ
850 4820 926 4889 τῷ
959 4819 1074 4889 Υἱῷ
1118 4820 1180 4873 τὸ
1210 4818 1537 4889 προϐάλλειν
1579 4821 1719 4888 μετὰ
1748 4818 1961 4888 Πατρὸς
1996 4818 2057 4870 ού

481 4912 734 4979 λέγουσιτ
768 4912 1013 4965 τουτέστι
1046 4910 1144 4981 τὴν
1174 4911 1272 4980 μὲν
1296 4910 1618 4965 ἀκολουθίαν
1634 4910 1734 4963 οὑκ
1754 4910 2057 4981 ἐλέγχουσι,

483 5006 600 5069 πῶς
629 5008 773 5075 γάρ;
805 5009 916 5068 τοῖς
953 5004 1062 5057 τῶν
1114 5004 1287 5072 ἁγίων
1347 5004 1524 5071 λόγοις
1576 5004 1951 5074 ἐρειδομένην,
2008 5004 2062 5057 οῖ

486 5119 670 5170 φασιν,
718 5102 769 5154 εἰ
832 5118 883 5153 τι
948 5102 1124 5157 κοινόν
1175 5102 1289 5154 ἐστι
1346 5102 1521 5169 Πατρὶ
1576 5102 1670 5155 καὶ
1720 5100 1857 5171 Υίῷ,
1894 5099 2054 5155 τοῦτο

482 5197 576 5249 καὶ
612 5194 687 5266 τῷ
723 5194 996 5263 Πνεύματι
1056 5192 1234 5245 κοινὸν
1278 5187 1450 5245 εἶναι·
1507 5194 1589 5246 ὃτι
1624 5192 1681 5245 δέ
1714 5191 1911 5245 ἄτοπόν
1935 5194 2055 5247 ἐστι

479 5268 541 5341 τὸ
574 5290 667 5341 καὶ
692 5288 771 5357 τῷ
795 5285 1072 5354 Πνεύματι
1119 5284 1276 5338 τοῦτο
1302 5286 1603 5354 προσεῖναι,
1650 5288 1745 5339 καὶ
1799 5286 1922 5339 ὅτου
1956 5287 2054 5356 χά-

485 5393 587 5445 ριν,
636 5375 825 5445 ὥσπερ
871 5376 1002 5446 ἡμῖν
1059 5374 1553 5443 συναγωνιζόμενοι
1607 5374 1884 5443 λέγουσιν,
1953 5376 2054 5430 οὑκ

480 5470 680 5531 ειδότες
708 5472 813 5533 ὅτι,
840 5467 1031 5539 ῶσπερ
1052 5467 1129 5538 τῷ
1166 5466 1445 5535 [Ινεύματι
1468 5467 1550 5538 μὴ
1579 5471 1838 5537 πρόσεστι
1864 5467 1951 5522 διὰ
1990 5468 2052 5522 τὸ

480 5562 795 5629 συμϐαίνειν
823 5560 1091 5629 μηδαμῶς
1114 5558 1189 5628 τῷ
1212 5559 1355 5626 λόγῳ
1375 5558 1470 5612 τοῦ
1503 5559 1842 5627 Πνεύματος,
1873 5562 2051 5614 καίτοι

476 5667 539 5718 γε
571 5649 779 5719 προσῆν
806 5648 872 5702 ἄν
897 5650 1025 5702 ἀνευ
1050 5648 1263 5711 τούτου,
1281 5646 1454 5710 οὕτως
1483 5649 1605 5701 οὑδὲ
1638 5649 1716 5719 τῷ
1742 5649 1855 5720 Υίῷ
1877 5654 2050 5719 προσ.

475 5759 590 5796 εστι
611 5743 699 5796 διὰ
721 5743 781 5795 τὸ
812 5744 1058 5812 ἀνάγκην
1085 5736 1226 5794 εἶναι
1260 5743 1542 5810 προσεῖναι
1563 5740 1630 5794 ἂν
1652 5745 1747 5796 καὶ
1776 5744 1858 5814 τῷ
1886 5746 2054 5798 Πνεύ·

478 5848 628 5903 ματι,
669 5835 718 5887 εί
748 5831 826 5903 τῷ
862 5833 976 5902 Υἰῷ
1012 5834 1265 5904 προσείη,
1297 5832 1456 5887 τοῦτο
1500 5832 1557 5887 δέ
1592 5834 1852 5891 ἀδύνατον
1884 5831 2049 5905 εἶναι,

2160 4634 2333 4703 Πατρι
2356 4634 2449 4687 καὶ
2484 4632 2596 4703 Υίῷ
2622 4634 2681 4685 τὸ
2705 4632 2959 4697 λέγεσθαι
3002 4635 3182 4690 αὐτῶν
3208 4630 3351 4689 εἴναι
3380 4637 3442 4689 τὸ
3476 4639 3701 4709 Πνεῦμα
3732 4660 3746 4672 ·

2159 4723 2303 4777 οὕτω
2330 4724 2386 4777 δὲ
2422 4724 2517 4777 καὶ
2552 4724 2746 4777 ἐαυτοῦ
2782 4720 2927 4776 εἶναι
2957 4725 3017 4777 τὸ
3074 4724 3298 4795 Πνεῦμα
3331 4726 3579 4797 δώσομεν
3613 4733 3747 4784 πάν-

2159 4831 2290 4878 τως*
2326 4814 2402 4877 ώς
2449 4816 2559 4885 γάρ
2586 4815 2814 4878 ἐκείνοις
2838 4816 3035 4869 ταυτόν
3066 4818 3185 4879 ἐστι
3214 4819 3352 4870 κατά
3382 4819 3571 4886 φύσιν,
3604 4822 3747 4876 οὕτω

2161 4909 2253 4961 καὶ
2281 4908 2460 4981 ἑαυτῷ
2514 4909 2712 4963 ταυτόν
2746 4912 2863 4962 ἐστι
2913 4910 3060 4963 κατά
3114 4910 3278 4979 φύσιν
3330 4912 3424 4963 xa‘t
3456 4914 3579 4966 καθ’
3612 4916 3744 4967 ὑπό-

2164 5018 2376 5068 στασιν,
2405 5001 2463 5056 ἓν
2492 5019 2552 5054 τε
2584 5001 2645 5054 ὃν
2678 5002 2787 5054 κάν
2818 5003 2895 5072 τῷ
2919 5002 3133 5071 ἐσχάτῳ
3182 5003 3280 5072 τῆς
3308 5004 3739 5076 ἀμεταϐλησίας.

2174 5094 2328 5148 Ἐπεὶ
2357 5093 2535 5147 τοίνυν
2561 5093 2705 5162 ειπερ
2740 5093 3130 5162 ἀποκρίνονται
3158 5093 3292 5161 πρὸς
3328 5094 3419 5147 τὸν
3452 5095 3609 5165 λόγον
3633 5097 3744 5150 Λα-

2159 5192 2320 5255 τῖνοι,
2350 5189 2632 5257 ἀποφυγαί
2654 5191 2794 5241 εἰσιν
2818 5189 3059 5258 ἀτεχνῶς
3083 5189 3183 5258 τῆς
3206 5189 3461 5260 ἀληθεῖας
3481 5193 3741 5260 ἑκούσιοι,

2156 5282 2246 5336 διὰ
2273 5282 2331 5334 τὸ
2380 5280 2654 5334 δουλεύειν
2687 5283 2779 5335 καὶ
2811 5281 3009 5347 θέλειν,
3128 5284 3550 5353 προελήφθησλν
3594 5286 3740 5355 δόξῃ,

2157 5374 2252 5427 καὶ
2290 5372 2444 5426 οὑδέν
2471 5373 2622 5441 ὑγιὲς
2674 5374 2705 5445 ἦ
2746 5374 2914 5443 σαφὲς
2968 5373 3185 5445 ἔχοντα,
3240 5377 3477 5444 εᾷλόγως
3511 5379 3617 5446 ἀρα
3653 5379 3743 5430 καὶ

2159 5466 2248 5520 διὰ
2296 5466 2405 5522 τῶν
2452 5468 2853 5539 φανερωτάτων
2881 5468 2981 5537 τῆς
3009 5470 3243 5529 πίστεως
3284 5468 3468 5538 ἀρχῶν
3492 5484 3503 5496 υ
3541 5468 3655 5537 ἃμα
3690 5470 3742 5521 δὲ
3832 5468 3837 5471 ’

2160 5563 2252 5613 καὶ
2307 5564 2701 5633 συντομωτάτη
2773 5559 2877 5630 ὁδῷ
2966 5560 3238 5613 δέδεικται
3288 5560 3549 5613 ἀδύνατον
3602 5558 3741 5616 εἶναι

2162 5656 2253 5707 καὶ
2309 5654 2510 5707 ἄτοπον
2561 5653 2623 5706 τὸ
2655 5655 2751 5707 καὶ
2779 5653 2871 5705 τὸν
2916 5651 3043 5704 Υίὸν
3097 5650 3270 5705 αῐτιον
3298 5650 3437 5704 εἶναι
3473 5652 3505 5723 ἢ
3543 5654 3742 5723 προϐο·

2156 5744 2253 5798 λέα
2287 5744 2381 5796 τοῦ
2420 5743 2577 5812 ἁγίου
2610 5742 2935 5814 Πνεύματος
2986 5740 3128 5812 μετὰ
3153 5740 3246 5795 τοῦ
3282 5744 3518 5813 Πατρὸς,
3558 5746 3740 5797 τοσούο

2158 5857 2267 5896 των
2299 5840 2362 5893 ἐκ
2401 5838 2721 5909 διαιρέσεως
2760 5837 3205 5895 ἀκολουθούντων
3236 5838 3475 5906 ἀτόπων,
3502 5842 3596 5894 καὶ
3626 5839 3739 5893 ἁδυ-
