4118 6280
455 389 557 454 7οἹ

1514 385 1893 446 GENNADII
1937 384 2042 447 CP.
2095 383 2608 447 PATRIARCHE

3625 385 3729 452 703

453 512 627 568 νᾶτων
653 510 822 580 αὐτῷ,
875 511 1055 563 καίτοι
1087 509 1179 562 καὶ
1210 507 1380 560 πλείω
1417 507 1525 561 τῶν
1562 507 1872 577 εἰρημένων
1910 505 2038 558 ἀκο-
2069 509 2110 564 Α
2145 526 2230 561 σιν
2282 510 2630 578 ἀνεκτότεροι
2680 510 2781 576 μὲν
2825 507 2912 560 διὰ
2958 509 3056 577 τὴν
3096 509 3324 578 ἄρνησιν
3360 506 3454 561 τοῦ
3491 507 3725 575 ἀτόπου,

451 602 631 656 λουθεῖ
659 601 734 670 τῷ
764 601 997 671 δόγματι
1044 601 1245 661 ἄτοπα,
1294 598 1392 652 καὶ
1428 598 1604 651 οὐδενὶ
1636 598 1828 666 σχεδδν
1880 597 2028 664 ἀλλῳ

449 693 708 757 τοσαῦτα,
735 693 809 756 ὡς
832 693 1012 754 ἀλλοις
1039 711 1099 745 τε
1141 692 1360 754 πολλοῖς
1411 693 1519 762 πρὸ
1548 692 1730 762 ἡμῶν,
1771 693 1865 745 καὶ
1901 693 2033 760 ἡμῖν

450 789 509 839 ἐν
537 785 658 838 δυσ)⁸
689 785 916 856 βιϐλίοις
940 785 1207 839 δέδεικται
1242 786 1356 847 τοῖς
1385 784 1832 853 προειρημένοις.

531 877 673 931 Ἀλλ’
701 877 834 948 ἡμῖν
857 877 1062 948 ἀρκοῦν
1092 877 1235 940 ἔδοξε
1262 877 1358 929 καὶ
1410 877 1488 939 είς
1521 875 1755 929 τοσαῦτα
1801 874 1898 945 τὴν
1946 865 2031 927 θέ-

451 987 536 1024 σιν
575 971 922 1040 ἀπενεγκεῖν,
972 965 1047 1024 ὧν
1080 972 1160 1025 ἐνὶ
1193 971 1252 1025 τὸ
1299 970 1646 1038 τούλάχιστον
1669 972 1766 1038 την
1815 972 2034 1024 Λατινι-

451 1060 555 1128 κὴν
583 1060 732 1114 θέσιν
759 1061 1116 1130 ἐνισχομένην
1149 1058 1562 1128 ἀποτρέπεσθαι
1592 1060 1721 1127 χρή.
1760 1059 2032 1127 Ἐνέχοιτο

447 1153 494 1204 δ’
525 1151 592 1206 ἀν
617 1153 698 1206 ἐνὶ
730 1155 936 1208 τούτων
967 1153 1053 1205 διὰ
1095 1152 1156 1205 τὸ
1183 1153 1483 1219 ἀναγκαῖον
1513 1151 1666 1204 τοῦδε
1721 1151 1816 1204 τοῦ
1843 1151 2025 1218 λόγου,

450 1244 542 1297 καὶ
566 1243 665 1313 τὴν
691 1245 969 1298 ἀσθένειαν
995 1244 1106 1298 τῶν
1142 1243 1280 1314 πρὸς
1309 1242 1494 1304 αὐτὸν,
1527 1243 1600 1306 ὡς
1625 1242 1864 1311 εῖρηται,
1900 1243 2030 1296 ὑπο-

448 1335 709 1406 κρίσεων·
770 1335 1068 1404 σοφίσμασι
1129 1335 1239 1404 γάρ
1293 1333 1596 1402 πειρῶνται
1630 1332 1782 1385 λύειν
1839 1333 2025 1389 αὐτόν.

450 1427 644 1490 Καλῶς
684 1427 792 1496 ἀρα
820 1427 969 1480 θέσιν
999 1426 1256 1495 τοιαύτην
1305 1425 1622 1494 ἀρνούμεθα
1654 1426 1748 1478 καὶ
1777 1423 1888 1478 τῶν
1939 1443 2026 1476 τι·

446 1519 650 1572 θέντων
683 1519 860 1572 οὐδενὶ
889 1511 1158 1586 ἐθέλομεν
1181 1517 1484 1582 κοινωνεῖν,
1518 1515 1704 1585 νόμοις
1735 1515 2030 1585 ἐκκλησια-

447 1613 648 1673 στικοῖς
682 1609 957 1679 ἑπόμενοι,
989 1610 1038 1662 οἳ
1061 1609 1170 1662 τῶν
1197 1609 1364 1678 ἕτερα
1395 1606 1739 1678 φρονούντων
1771 1607 1901 1675 περὶ
1933 1606 2027 1660 τοῦ

442 1701 600 1752 Θιίου
631 1701 905 1754 διεστάναι
927 1700 1242 1755 κελεύουσι.

514 1793 763 1846 Χαλεπὸν
790 1792 930 1845 δὲτὸ
960 1791 1177 1861 ψεῦδος,
1214 1791 1307 1843 καὶ
1355 1790 1435 1843 δεῖ
1466 1790 1596 1843 αὐτὸ
1647 1788 2025 1856 φυλάττεσθαι

2142 604 2201 654 οὐ
2239 604 2346 672 μὴν
2375 601 2718 672 προσδεκτοῖ,
2749 603 2795 653 εί
2835 602 2908 669 μὴ
2938 600 2998 653 τδ
3026 601 3334 669 ἡγούμενον
3366 603 3721 670 ἀρνήσαιντο,

2141 685 2184 756 ᾧ
2210 692 2402 746 ἕπεται
2452 693 2515 745 τὸ
2546 692 2746 746 ἀτοπον
2775 695 2951 744 ἐκεῖνο
2991 692 3047 757 ἐξ
3094 691 3452 760 ὑγιαινούσης
3498 693 3724 745 ἀκολου·
3797 692 3816 696 ”

2143 787 2284 847 θίας.
2321 771 2768 852 ΙΙαραδείγματος
2819 782 2979 852 χάριν
3009 785 3056 834 οἱ
3095 783 3222 849 περὶ
3262 784 3352 836 τδν
3385 783 3625 853 Πύρρον,
3663 786 3724 836 ἓν

2142 878 2358 944 θέλημα
2390 879 2484 928 καὶ
2521 876 2650 944 μίαν
2678 874 2965 944 ἐνέργειαν
3009 875 3252 937 τιθέντες
3284 877 3341 927 ἐν
3370 875 3448 945 τῷ
3481 876 3724 946 Χριστῷ,

2141 969 2262 1021 ἐπεὶ
2316 967 2670 1021 ἐνεκαλοῦντο
2729 967 2790 1018 τὸ
2841 965 2945 1019 ύπδ
3004 965 3114 1019 τῶν
3162 967 3483 1036 ὀρθοδόξων,
3518 969 3580 1021 τὸ
3633 969 3728 1022 καὶ

2145 1061 2274 1129 μίαν
2310 1060 2473 1128 φύσιν
2518 1058 2747 1122 τιθέναι,
2778 1059 2846 1112 ἂν
2897 1057 3071 1121 οὕτως
3123 1060 3180 1110 ἐν
3235 1059 3313 1129 τῷ
3359 1059 3615 1130 ἡμετέρῳ
3646 1061 3728 1114 δε-

2141 1153 2315 1222 σπότῃ
2361 1154 2424 1204 ἐκ
2463 1151 2721 1218 τοιαύτης
2767 1149 3113 1216 ἀκολουθίας,
3143 1150 3227 1204 δτι
3279 1155 3347 1223 τῇ
3382 1153 3598 1220 ἐνότητι
3625 1151 3726 1222 τῆς

2139 1243 2442 1316 ἐνεργείας,
2480 1243 2576 1297 καὶ
2625 1244 2657 1310 ὴ
2690 1242 2880 1311 ἑνότης
2925 1243 2991 1296 ἂν
3032 1242 3423 1312 ἀκολουθήσειε
3466 1243 3565 1311 τῆς
3625 1245 3725 1316 φύ-

2140 1353 2299 1397 σεως.
2339 1336 2429 1390 διά
2454 1336 2514 1388 τὸ
2538 1335 2681 1389 κατὰ
2715 1334 2806 1388 τὸν
2833 1335 3070 1406 ἀριθμὸν
3096 1337 3208 1388 τῶν
3252 1334 3470 1404 φύσεων
3513 1337 3608 1391 καὶ
3634 1337 3725 1389 τὸν

2137 1427 2372 1498 ἀριθμὸν
2419 1423 2559 1481 εἶναι
2608 1427 2717 1480 τῶν
2753 1428 2894 1481 κατᾶ
2949 1428 3115 1497 φύσιν
3161 1431 3477 1499 ἐνεργειῶν.
3523 1430 3612 1482 Ἐν
3646 1429 3724 1499 τῷ

2135 1519 2366 1587 παρόντι
2399 1517 2455 1570 δέ
2490 1517 2550 1570 οὐ
2601 1516 3041 1586 διαγωνιζόμεθα
3077 1519 3285 1574 τιθέναι
3339 1519 3514 1574 ταῦτα
3559 1522 3724 1590 ὴκρι·

2135 1609 2420 1677 ϐωμένως,
2475 1608 2590 1662 ἀλλ’
2646 1609 2724 1672 ὡς
2777 1611 2834 1663 ἐν
2880 1612 3037 1680 τύπῳ
3087 1611 3250 1679 μόνον
3307 1611 3492 1682 χάριεν
3523 1614 3721 1666 ἐκεῖνοι

2133 1698 2316 1749 τοίνυν
2350 1697 2424 1768 μὴ
2461 1697 2752 1767 δυνάμενοι
2776 1699 2926 1752 λύειν
2950 1701 3049 1771 τὴν
3080 1701 3427 1766 ἀκολουθίαν,
3453 1703 3592 1774 πρὸς
3625 1703 3724 1769 τὴν

2134 1791 2366 1860 ἄρνησιν
2427 1789 2523 1843 τοῦ
2605 1791 2814 1844 ἀτόπου
2878 1793 3239 1861 κατέφευγον.
3299 1794 3494 1848 Καίτοι
3555 1791 3723 1864 ᾤοντο

444 1885 680 1952 φρονεῖν,
717 1883 813 1934 καὶ
871 1884 984 1945 τοῖς
1051 1883 1308 1949 φρονοῦσι
1376 1883 1905 1950 συναναμίγνυσθαι,
1961 1884 2024 1935 οὐ
2064 1862 2299 1948 Βλύειν,
2381 1882 2694 1944 καὶζπολ).ὰ
2757 1883 3027 1951 λέγοντες,
3079 1886 3195 1938 ἀλλ’
3247 1887 3323 1948 ὡς
3380 1862 3719 1957 σοφιζόμενοι

444 1976 605 2042 μόνον
648 1973 776 2025 ὅταν
820 1972 1077 2042 ἄντικρυς
1105 1974 1200 2025 καλ⁸
1246 1973 1386 2025 κατά
1415 1972 1832 2042 προηγούμενον
1868 1973 2027 2040 λόγον

441 2069 506 2136 τῇ
539 2066 769 2135 ἀληθεία
796 2066 894 2135 τῆς
926 2067 1164 2128 πίστεως
1197 2068 1462 2136 μάχηται,
1495 2065 1570 2127 ὡς
1601 2068 1729 2120 ὅταν
1777 2083 1859 2129 τις
1894 2065 2028 2137 λέγῃ

445 2161 518 2228 μὴ
548 2153 688 2210 εἶναι
724 2159 816 2210 τὸν
869 2157 1002 2210 Θεὸν
1056 2158 1241 2227 ἐνα,ἢ
1283 2159 1357 2228 μὴ
1403 2157 1754 2228 σαρκωθῆναι
1787 2157 1879 2210 τὸν
1931 2157 2026 2209 τοῦ

439 2249 576 2302 Θεοῦ
610 2248 958 2316 Λόγον,άλλά
988 2250 1081 2303 καὶ
1110 2242 1170 2303 οῦ
1198 2249 1448 2312 τεθέντος
1475 2249 1668 2302 ἕπεταί
1689 2266 1744 2301 τι
1777 2248 2022 2303 ἐναντίον

439 2345 505 2412 τῇ
543 2343 750 2397 πίστει.
773 2342 1042 2396 Ἐπεσθαι
1074 2343 1128 2393 δὲ
1155 2343 1248 2394 καὶ
1279 2343 1342 2412 τῇ
1371 2343 1493 2412 περὶ
1524 2342 1623 2410 τῆς
1650 2341 2029 2411 ἐκπορεύτεως

440 2434 535 2487 τοῦ
565 2434 881 2504 ιῙνεύματος
908 2433 1038 2506 δόξῃ
1067 2435 1316 2486 Λατίνων
1361 2434 1422 2487 ἒν
1455 2451 1508 2486 τι
1539 2433 1646 2486 τῶν
1675 2434 1931 2486 ἐναντίων
1960 2435 2026 2503 τῇ

443 2528 646 2590 πίστει,
709 2527 756 2580 οι
808 2527 1067 2597 ἡμέτεροι
1123 2528 1378 2596 πρόγονοι
1439 2528 1532 2579 καὶ
1574 2526 1886 2578 διδάσκαλοι
1934 2530 2028 2578 καὶ

441 2623 548 2692 ἰδία
571 2619 899 2682 δεικνύουσι,
917 2620 1012 2673 καὶ
1037 2620 1328 2683 συνοδικῶς
1347 2619 1758 2688 ἀποφαίνονται,
1775 2621 1864 2671 καὶ
1883 2620 2030 2691 ἔργῳ

441 2713 720 2780 βεϐαιοῦσι
743 2714 868 2775 τοῦς
887 2712 1104 2780 λόγους,
1125 2711 1184 2762 ού
1206 2710 1549 2776 φιλονείκως,
1568 2708 1682 2760 ἀλλ’
1703 2711 1765 2760 ἐκ
1788 2711 2031 2778 συνειδή-

440 2821 578 2868 σεως
597 2805 804 2872 ἀγαθῆς
823 2803 1207 2874 ἀπερῤωγότες
1227 2803 1490 2864 Λατίνων,
1505 2800 1590 2852 διὰ
1608 2801 1706 2868 τὴν
1727 2802 1882 2865 δόξαν
1901 2801 2031 2853 ταύ-

439 2915 540 2968 την
564 2897 745 2950 αὐτῶν
777 2896 1152 2956 πεντακοσίοις
1180 2895 1364 2964 σχεδὸν
1386 2896 1551 2959 έτεσι,
1572 2897 1666 2949 καὶ
1689 2897 2030 2965 αὐτῷἸερω-

365 3024 368 3025 ν
439 2989 594 3060 νύμῳ
624 2986 914 3057 συμϐούλῳ
946 2985 1279 3057 κεχρημένοι
1303 2985 1394 3037 τοῦ
1429 2985 1656 3054 φεύγειν
1685 2987 1794 3039 ἀπὸ
1822 2987 2028 3059 ταύτης

437 3081 534 3149 τῆς
564 3079 742 3149 δόξης,
786 3079 1040 3146 τοιαύτης
1064 3094 1127 3145 γε
1159 3077 1324 3148 οῦσης
1359 3076 1435 3140 ὡς
1468 3076 1707 3147 ἀληθῶς.
1744 3080 1883 3149 Φησὶ
1911 3081 2020 3152 γὰρ

2128 1974 2536 2042 ἀπεπέμποντο.
2597 1975 2860 2044 Προτεῖχε
2933 1976 2991 2028 δὲ
3047 1978 3113 2045 τῇ
3189 1977 3412 2046 τοιαύτῃ
3485 1977 3718 2046 ἀρνήσει

2128 2066 2239 2118 τῶν
2310 2065 2448 2135 ὀρθὰ
2528 2067 2872 2136 φρονούντων
2918 2069 3114 2130 οὐδεὶς,
3173 2070 3290 2122 ἀλλ’
3350 2070 3594 2139 ἀπῄτουν
3660 2069 3718 2134 ἐξ

2128 2157 2308 2212 αὐτῶν
2350 2157 2550 2227 μᾶλλον
2581 2162 2681 2228 τὴν
2735 2160 2967 2229 ἀρνησιν
3004 2161 3107 2230 τῆς
3163 2159 3296 2230 μιᾶς
3345 2163 3715 2232 ἐνεργείας,ῆ

2127 2247 2412 2317 τιθεμένη,
2461 2249 2509 2300 εί
2566 2250 2662 2301 καὶ
2711 2250 2895 2312 αὐτοῖς
2948 2251 3386 2323 ὁμολογούμενον
3442 2253 3646 2307 ἄτοπον
3681 2256 3715 2322 ἡ

2130 2341 2318 2411 ἐνότης
2352 2341 2451 2410 τῆς
2507 2343 2727 2408 φύσεως
2766 2345 2826 2395 ἐν
2857 2343 3078 2414 Χριστῷ
3126 2345 3329 2400 εῖπετο.
3367 2345 3476 2398 Καὶ
3500 2343 3626 2399 οὔτε
3657 2348 3718 2398 τὸ

2129 2435 2414 2504 ἀρνεῖσθαι
2464 2435 2525 2488 τὸ
2575 2437 2840 2505 ἑπόμενον
2889 2437 2995 2500 ἐξω
3051 2437 3257 2501 αὐτοὺς
3309 2438 3490 2501 αίτίας
3539 2439 3712 2508 ἐτίθη.

2129 2526 2252 2580 οὔτε
2278 2528 2338 2579 τὸ
2370 2525 2477 2579 ὑπό
2505 2542 2652 2588 τινος
2690 2528 2979 2592 εὐλαϐείας
3002 2527 3140 2599 πρὸς
3180 2528 3279 2599 τὴν
3307 2529 3464 2593 δόξαν
3499 2531 3718 2600 ἐκεῖνην

2130 2618 2455 2686 κεκινῆσθαι
2479 2617 2658 2672 δοκεῖν
2686 2633 2699 2647 ⁸
2733 2618 3018 2674 ἐϐούλοντο
3055 2624 3164 2692 γάρ
3193 2623 3446 2679 ἐντεῦθεν
3488 2623 3588 2694 τὴν
3623 2625 3716 2676 ἀνι

2131 2708 2413 2781 θρωπίνην
2448 2711 2667 2780 θέλησιν
2715 2714 2807 2766 καὶ
2838 2715 3125 2783 ἐνέργειαν
3157 2719 3216 2769 ἐν
3245 2719 3470 2788 Χριστῷ
3499 2719 3712 2774 δεικνύ-

2129 2817 2216 2850 ναι
2271 2799 2720 2871 ύποτεταγμένην
2771 2805 2838 2873 τῇ
2893 2803 3015 2876 θεία
3066 2807 3238 2872 τάξει,
3267 2809 3444 2873 οὕτως
3499 2812 3711 2881 ἀπαραο

2130 2890 2370 2959 τρέπτῳ,
2396 2890 2538 2944 ὥστε
2564 2892 2655 2945 καὶ
2684 2893 2742 2944 ἐν
2783 2895 2956 2959 αὐτας
2985 2897 3298 2966 γίγνεσθαι.
3343 2902 3604 2970 Ἥγνόουν
3632 2905 3708 2968 δὲ,

2131 2985 2226 3035 καὶ
2258 2979 2378 3034 οὐδὲ
2408 2983 2781 3054 διδασκόμενοι
2818 2987 3015 3054 μαθεῖν
3064 2991 3275 3061 ἤθελον,
3305 2992 3386 3045 ὅτι
3422 2995 3484 3047 τὸ
3523 2995 3707 3056 ἁπλῶς

2131 3072 2189 3124 ἓν
2216 3073 2307 3124 καὶ
2334 3073 2395 3126 τὸ
2418 3073 2483 3142 τῇ
2513 3073 2664 3139 τάξει
2687 3073 2746 3128 ἓν
2769 3075 3065 3148 διενήνοχε.
3091 3081 3197 3133 Καὶ
3220 3081 3280 3134 τὺ
3314 3085 3413 3152 μὲν
3450 3081 3705 3155 δεύτερον

438 3173 642 3234 ἐκεῖνος
667 3186 681 3201 ο
728 3188 746 3221 ι
788 3168 850 3223 El
880 3169 975 3222 καὶ
1015 3167 1338 3234 ἀποδίδομέν
1375 3185 1427 3220 τι
1456 3168 1536 3238 τῷ
1567 3171 1738 3240 ΙΙατρὶ
1774 3171 2021 3240 ἁξιώμα-
2050 3161 2095 3224 C
2131 3166 2292 3234 μόνον
2343 3167 2600 3220 εὐσέϐουν
2634 3168 2702 3221 ἂν
2755 3169 3027 3238 λέγοντες,
3054 3173 3115 3226 τὸ
3152 3175 3208 3227 δέ
3256 3177 3352 3231 καὶ
3413 3178 3602 3242 ἁπλῶς
3652 3179 3708 3234 ἓν

435 3281 526 3326 τος
550 3262 629 3333 τῷ
658 3263 754 3331 τῆς
786 3261 959 3332 ἀρχῆς
1006 3261 1169 3331 λόγῳ,
1205 3261 1356 3314 οὐδὲν
1393 3261 1580 3330 μέντοι
1630 3263 1767 3333 πρὸς
1819 3264 2024 3318 ὑποτα-

437 3358 542 3428 γὴν
601 3357 633 3426 ἢ
696 3355 994 3409 ἐλάττωσιν
1065 3356 1207 3408 κατά
1258 3372 1381 3408 τινα
1441 3355 1643 3425 τρόπον
1704 3356 2020 3428 ἀφορῶντες

437 3449 760 3519 ἀποδίδομεν
794 3450 872 3518 τῷ
911 3446 1044 3519 Υίῷ,
1081 3448 1114 3516 ἢ
1169 3447 1248 3516 τῷ
1309 3447 1452 3518 ἁγίῳ
1511 3449 1812 3518 Πνεύματι,
1845 3449 1931 3504 διὰ
1959 3451 2020 3504 τδ

439 3539 801 3607 φυλάττεσθαι
853 3538 953 3602 τάς
1007 3539 1115 3592 τῶν
1172 3537 1436 3607 αἱρέσεων
1489 3539 1765 3608 ἀφορμάς.
1829 3560 1847 3591 ι
1921 3544 2018 3596 ’ον

438 3630 639 3700 τρόπον
673 3629 808 3698 φησὶ
855 3628 952 3682 καὶ
995 3628 1223 3697 Ἰλάριος
1259 3629 1318 3680 ἐν
1369 3627 1448 3698 τῷ
1489 3633 1536 3698 η’
1580 3629 1715 3699 Περὶ
1765 3629 2018 3699 Τριςίδος³

444 3743 462 3779 ι
496 3722 586 3794 Τῷ
616 3722 714 3793 τῆς
738 3722 970 3790 δεήσεως
1003 3719 1276 3788 ἀξιώματι
1315 3722 1525 3791 μείζων
1549 3722 1700 3774 ἐστὶν
1739 3725 1766 3775 ὁ
1811 3724 2017 3793 Πατὴρ,

437 3815 552 3872 ἀλλ’
581 3814 680 3868 οὐκ
730 3813 967 3868 ἐλάττων
1000 3813 1200 3879 όΥἱδς,
1232 3805 1274 3880 ᾧ
1321 3811 1523 3867 δίδοται
1572 3809 1633 3865 ἓν
1683 3812 1778 3865 καὶ
1824 3813 2020 3866 ταυτὸν

437 3906 594 3963 εἶναι.
638 3925 656 3959 ε

518 4001 851 4071 Ἐκέχρηντο
885 4000 942 4052 δὲ
997 4001 1105 4068 ἀρα
1152 3998 1246 4050 καὶ
1295 4001 1404 4060 τοῖς
1435 4001 1786 4066 οίκειοτέροις
1845 3997 2021 4052 ἅπασι

435 4094 797 4154 διδασκάλοις,
837 4093 948 4153 τοῖς
991 4090 1261 4151 Ἀσιανοῖς
1290 4091 1456 4155 λέγω,
1488 4090 1706 4159 ὁδηγοῖς
1732 4089 1824 4141 τοῦ
1854 4090 1906 4142 τί
1955 4089 2019 4142 ἀν

436 4184 546 4237 δέοι
594 4185 814 4254 φρονεῖν
861 4182 956 4234 καὶ
1006 4182 1204 4234 ποιεῖν.
1251 4180 1482 4233 Ἐκεῖνοι
1514 4184 1624 4250 γὰρ
1669 4179 1871 4242 πάντες
1918 4179 2021 4233 οὐκ

437 4275 646 4328 ἐτίθουν
679 4272 777 4341 τὴν
824 4273 1120 4341 Λατινικὴν
1166 4271 1368 4342 ταύτην
1417 4267 1694 4342 πρόφασιν
1749 4269 2016 4341 οὐδαμοῦ,

437 4367 531 4420 καὶ
557 4365 854 4436 ἀπεπήδων
878 4363 954 4427 ὼς
989 4363 1238 4433 κρημνοῦ
1293 4379 1439 4426 τινος
1473 4361 1734 4434 φανεροῦ,
1760 4365 1854 4418 καὶ
1887 4365 2016 4416 τάν-

2127 3259 2388 3322 τιθέντες,
2416 3260 2447 3321 ἢ
2488 3260 2699 3314 τιθέναι
2751 3263 3061 3330 δοκοῦντες,
3091 3269 3186 3320 καὶ
3225 3269 3325 3338 τὴν
3354 3269 3582 3340 ἑνότητα
3613 3275 3710 3342 τῆς

2127 3351 2348 3420 φύσεως
2374 3353 2779 3420 συνεισάγουσι.
2808 3357 2916 3408 Καὶ
2955 3357 3003 3407 οί
3050 3357 3152 3425 τὴν
3183 3358 3314 3427 μίαν
3346 3359 3508 3428 φύσιν
3540 3363 3710 3415 τεθέν-

2123 3463 2214 3507 τες
2250 3447 2309 3497 ἐν
2342 3446 2415 3515 τῷ
2446 3445 2670 3515 Χριστῷ
2700 3445 2825 3499 οὔτε
2858 3447 3240 3516 πάθος’ἐλεγον
3273 3453 3614 3518 προσάπτειν
3645 3455 3707 3523 τῇ

2125 3539 2339 3608 θεότητι
2375 3537 2471 3591 τοῦ
2519 3538 2782 3607 Χριστοῦ,
2823 3539 2948 3592 οῦτε
3013 3541 3154 3594 κατά
3195 3544 3503 3610 φαντασίαν
3548 3547 3710 3598 αὐτὸν

2126 3625 2546 3695 πεπονθέναι,ἢ
2596 3625 2752 3694 ψιλὸν
2819 3627 3110 3697 ἄνθρωπον
3169 3633 3476 3698 γεγονέναι,
3533 3635 3620 3702 ἐφ’
3673 3634 3710 3689 ἀ

2125 3717 2323 3787 ἢκουον
2371 3717 2477 3770 ὑπὸ
2526 3715 2636 3770 τῶν
2679 3717 3056 3772 εὐσεϐούντων
3081 3721 3272 3791 φέρειν
3304 3723 3405 3794 τὴν
3436 3725 3590 3780 θέσιν
3619 3727 3710 3779 αὖ·

2123 3808 2254 3872 τῶν,
2290 3806 2425 3861 ἀλλά
2456 3806 2628 3862 ταῦτα
2657 3809 2752 3861 καὶ
2782 3808 3086 3879 άναθέματι
3122 3811 3563 3868 καθυπέϐαλλον.
3597 3817 3715 3878 Καὶ.

2123 3900 2184 3952 τὸ
2210 3901 2493 3971 κινητικὸν
2523 3900 2582 3953 δέ
2609 3900 3041 3983 αὐτῶνσάληθῶς
3065 3895 3179 3974 εἶχέ
3221 3922 3343 3958 τινα
3375 3907 3704 3974 φαντασίαν,

2122 3989 2184 4042 ού
2217 3990 2326 4061 γάρ
2347 3991 2611 4060 ἠρνοῦντο
2636 3990 2735 4061 τὴν
2779 3991 2956 4062 ἀληθῆ
2990 3995 3295 4065 συνδρομὴν
3320 3996 3429 4049 τῶν
3458 3997 3552 4051 δύο
3601 3991 3702 4067 φὺ-

2125 4097 2264 4136 σεων
2299 4086 2356 4136 ἐν
2400 4084 2644 4154 Χριστῷ,
2675 4081 2732 4156 η’
2760 4085 2899 4155 μετὰ
2933 4085 3034 4156 τὴν
3087 4086 3289 4142 ῑνωσιν
3335 4093 3704 4162 συγκεχύσθαι

2122 4175 2354 4237 πάντας,
2386 4176 2482 4227 καὶ
2541 4177 2625 4239 είς
2677 4175 2810 4246 μίαν
2867 4179 3286 4248 ἀνακεκρᾶσθαι
3351 4181 3537 4252 φύσιν,
3586 4185 3706 4237 ἐπί-

2123 4284 2311 4320 στευον
2333 4267 2534 4323 οὑτωσὶ
2557 4269 2810 4338 φανερῶς
2835 4286 2852 4303 ο
2895 4271 3034 4326 ἀλλά
3082 4273 3249 4341 φύσιν
3279 4275 3575 4341 καλοῦντες
3607 4277 3706 4348 τὴν

2117 4358 2309 4414 οὐσίαν
2358 4359 2453 4412 καὶ
2483 4359 2546 4412 τὺ
2579 4355 2741 4425 εἶδος,
2771 4361 2870 4414 οὐκ
2898 4363 3184 4433 ἠνείχοντο
3214 4365 3308 4418 δύο
3340 4366 3551 4420 τιθέναι
3602 4369 3706 4436 φύ·

363 4483 368 4488 ι
436 4457 593 4512 αντία
637 4455 810 4528 ταύτῃ
855 4457 1054 4527 μᾶλλον
1109 4454 1472 4525 ἐθεολόγησαν
1525 4453 1794 4526 ἐναργῶς,
1844 4456 1914 4508 δι’
1941 4450 2016 4509 ὧν
2123 4468 2239 4515 σεις
2283 4452 2340 4505 ἐν
2386 4453 2631 4523 Χριστῷ.
2662 4455 2856 4524 ’ῼοντο
2891 4454 2999 4523 γὰρ
3052 4456 3317 4510 ἀδύνατον
3351 4459 3410 4512 ἐν
3439 4459 3595 4512 δυσὶν
3623 4461 3702 4513 εῖ-

436 4550 689 4604 άπάντων
739 4547 946 4613 ἔδειξαν
994 4547 1164 4620 αὐτὴν
1208 4547 1424 4618 φαύλην
1451 4547 1770 4619 ἡγούμενοι.
1807 4547 2008 4600 Τοσού-
2041 4543 2094 4603 D
2118 4545 2255 4609 δεσι,
2291 4545 2388 4598 καὶ
2437 4545 2592 4599 ταῦθ’
2629 4545 2805 4609 οὕτως
2838 4548 2932 4600 καὶ
2959 4549 3063 4618 ὅλῳ
3095 4549 3188 4602 καὶ
3234 4551 3400 4606 παντὶ
3427 4552 3710 4622 διακεκρι-

380 4701 383 4706 ν
435 4657 546 4705 τοινς
573 4637 666 4695 οῦν
695 4644 791 4694 καὶ
831 4641 993 4712 ἡμεῖς
1034 4642 1367 4710 κεχρημένοι
1403 4637 1730 4708 συμϐούλοις
1759 4639 1835 4702 ὡς
1869 4639 2019 4706 αἱρέ-
2130 4639 2333 4707 μένοις,
2366 4640 2496 4708 μίαν
2533 4633 2674 4692 εἶναι
2731 4639 3038 4694 ὑπόστασιν
3089 4641 3191 4712 τὴν
3244 4642 3340 4695 τοῦ
3362 4643 3611 4713 ’Χριστοῦ
3651 4647 3708 4698 ἐν

437 4749 572 4785 σεων
599 4733 852 4804 ἀφορμὴν
877 4731 975 4802 τὴν
1003 4731 1164 4797 δόξαν
1210 4730 1596 4800 φυλαττόμεθα
1631 4729 1857 4799 ταύτην,
1893 4729 2016 4783 οὔτε
2125 4728 2341 4798 θεότητι
2394 4730 2640 4800 δηλονότι
2672 4731 2765 4783 καὶ
2798 4732 3181 4803 άνθρωπότητι
3209 4750 3225 4768 ο
3247 4735 3562 4790 τούναντίον
3597 4737 3707 4808 γὰρ

437 4825 740 4894 βουλόμεθα
775 4827 891 4887 τοῖς
937 4823 1089 4886 λαοῖς
1137 4823 1262 4893 μέλι
1313 4823 1541 4886 διδόναι,
1573 4817 1616 4891 ᾧ
1652 4821 1824 4878 πολλὰ
1859 4823 2020 4890 ἐγκέ-
2128 4821 2329 4890 μᾶλλον
2377 4819 2546 4891 ᾤοντο
2581 4820 2951 4890 ἀληθέστερον
3003 4818 3169 4888 εῖναι,
3205 4821 3273 4877 ἂν
3321 4826 3545 4889 πλείους
3576 4827 3706 4879 ὑπο·

438 4934 675 4984 κρυπται
724 4915 1048 4986 δηλητήρια,
1084 4916 1205 4968 κατ’
1259 4914 1424 4968 αὑτὸν
1481 4913 1640 4978 αὖθις
1704 4913 1870 4982 φάναι
1927 4916 2022 4966 τὸν
2127 4913 2347 4975 στάσεις
2385 4914 2488 4982 τῆς
2540 4914 2711 4981 αὐτῆς
2764 4913 2984 4982 φύσεως
3013 4915 3111 4986 τῆς
3139 4916 3279 4969 κατά
3307 4918 3367 4969 τὸ
3396 4913 3536 4979 εἶδος
3581 4935 3707 4986 μετ·-

448 5007 796 5078 Ἱερώνυμον.

507 5098 570 5150 Εί
607 5097 664 5150 δὲ
712 5098 1016 5166 ἀναθέματι
1065 5097 1431 5150 ὑποϐάλλουσι
1461 5098 1561 5161 τὰς
1599 5097 1844 5168 αἱρέσεις
1876 5096 2020 5149 ἐκεί-

2127 5008 2344 5076 έχωσιν.
2378 5008 2532 5084 Ἐπεὶ
2555 5008 2611 5061 δέ
2643 5011 2671 5061 ὁ
2705 5008 3054 5078 οεάνθρωπος
3097 5011 3256 5079 μόνος
3305 5006 3392 5082 ἦν,
3422 5011 3514 5064 καὶ
3536 5011 3709 5070 οὐδεὶς

2117 5095 2265 5163 αὐτῷ
2301 5095 2400 5160 τῆς
2455 5095 2944 5168 θεανθρωπότητος
3001 5099 3301 5164 ἐκοινώνει,
3331 5100 3455 5154 οὕτε
3505 5097 3617 5154 οἷόν
3649 5099 3705 5154 τέ

447 5205 530 5251 δας
568 5188 770 5250 πάσας,
807 5189 906 5257 ούχ
938 5187 1340 5240 ίκανοποιοῦσιν
1381 5191 1547 5258 ἡμῖν·
1579 5189 1698 5252 ἔθος
1728 5189 1838 5256 γάρ
1867 5189 2017 5240 ἐστιν
2117 5189 2265 5238 ἐστιν
2304 5188 2362 5238 ἐν
2398 5183 2478 5254 τῷ
2512 5188 2674 5239 παντὶ
2713 5189 2870 5242 αἰῶνι
2905 5190 3239 5257 κοινωνῆσαί
3286 5208 3411 5244 τινα
3473 5192 3705 5261 συνδρα-

441 5284 521 5335 is}.
557 5280 666 5334 τῶν
698 5280 1166 5349 καινοτομούντων
1199 5279 1340 5333 οὕτω
1377 5283 1574 5344 ποιεῖν,
1622 5283 1714 5334 καὶ
1745 5280 1867 5344 ἔθος
1901 5281 2020 5332 ἐστὶ

445 5375 542 5427 τῶν
576 5373 676 5442 τῆς
708 5371 961 5440 ἀληθείας
1003 5372 1474 5440 ἀντιποιουμένων
1526 5373 1706 5435 αὐτοῖς
1744 5372 1818 5443 μὴ
1850 5386 2020 5440 προσ-ι

441 5468 577 5535 ἔχειν
607 5465 748 5518 οὕτω
778 5463 1045 5517 ποιοῦσιν.
1095 5463 1182 5515 Ἐν
1231 5463 1339 5533 γὰρ
1372 5466 1490 5526 ταῖς
1517 5464 1596 5526 είς
1626 5468 1828 5517 ἀτοπον
1870 5465 2019 5516 ἀπα-

447 5559 636 5625 (ωγαῖς
668 5557 718 5610 οί
755 5557 890 5627 πρὸς
925 5555 1024 5626 τὴν
1055 5554 1319 5625 ἀλήθειαν
1352 5555 1758 5627 διαφερόμενοι,
1788 5556 1909 5607 ἐπεὶ
1939 5554 2015 5626 μὴ

440 5647 692 5717 ἢδύναντο
717 5649 864 5702 λύειν
889 5649 987 5718 τὴν
1013 5648 1357 5710 ἀκολουθίαν,
1388 5650 1451 5718 τῇ
1479 5649 1712 5717 ἀρνήσει
1739 5650 1836 5700 τοῦ
1887 5646 2018 5698 ἀτό-

437 5752 539 5787 που
563 5727 860 5806 ἐπειρῶντο
885 5739 1061 5803 αίτίας
1085 5756 1142 5791 τε
1168 5739 1364 5801 αὐτοὺς
1397 5738 1786 5803 ἀπαλλάττειν,
1814 5736 1910 5789 καὶ
1954 5737 2016 5789 τὸ

436 5826 732 5896 ἡγούμενον
775 5829 1048 5898 βεϐαιοῦν.
1083 5831 1339 5886 Ἐδόκουν
1368 5833 1426 5886 δέ
1462 5833 1575 5895 τοῖς
1605 5829 1742 5902 ὀρθά
1777 5829 2014 5899 φρονοῦ-

2122 5277 2280 5344 μεῖν·
2321 5275 2506 5344 ελεγον
2530 5276 2616 5330 ἐπ’
2656 5278 2823 5332 αὑτοῦ
2862 5282 2960 5348 τήν
2991 5297 3051 5332 τε
3085 5283 3252 5348 φύσιν
3297 5281 3392 5334 καὶ
3436 5281 3538 5352 τὴν
3577 5282 3706 5334 ὑπό-

2122 5385 2338 5434 στασιν,
2380 5371 2473 5421 καὶ
2525 5371 2692 5424 αὑτὸν
2741 5365 2882 5424 εἶναι
2913 5371 3007 5425 τὸν
3055 5371 3429 5441 θεάνθρωπον,
3461 5373 3559 5426 καὶ
3605 5371 3706 5440 τὴν

2123 5461 2289 5514 αὑτοῦ
2346 5461 2844 5531 θεανθρωπότηταο
2885 5462 3076 5532 ὥσπερ
3132 5463 3297 5532 λόγου
3338 5465 3499 5533 χάριν
3549 5463 3708 5533 ἥλιον

2123 5553 2218 5605 καὶ
2250 5551 2533 5622 ήλιότητα,
2567 5552 2684 5616 ἑνὸς
2717 5551 2869 5616 ὄντος
2899 5553 3076 5620 ἡλίου,
3104 5553 3178 5615 ὡς
3219 5553 3277 5605 δέ
3329 5555 3422 5604 καὶ
3476 5555 3571 5606 ἐπὶ
3602 5553 3708 5606 τῶν

2123 5643 2301 5698 ἀλλων
2341 5643 2671 5712 μοναδικῶν.
2708 5641 2865 5697 Εἶναι
2899 5645 2957 5696 δὲ
2992 5648 3089 5714 τὴν
3119 5645 3218 5714 μέν
3251 5645 3710 5714 θεανθρωπότητα

2127 5735 2311 5804 φύσιν,
2361 5735 2665 5790 ὑπόστασιν
2726 5737 2784 5789 δὲ
2841 5736 2933 5788 τὸν
2993 5736 3368 5807 θεάνθρωπον,
3420 5737 3518 5790 καὶ
3565 5735 3709 5789 οὕτω

2123 5828 2220 5883 δύο
2251 5828 2441 5896 φύσεις
2475 5832 2531 5885 ἐν
2562 5830 2802 5900 Χριστῷ,
2826 5831 2925 5900 τὴν
2957 5830 3186 5900 θεότητα
3223 5834 3318 5884 καὶ
3360 5831 3462 5902 τὴν
3492 5830 3704 5900 ἀνθρωο
