  <div class='ocr_page' id='page_1' title='image "/cluster/home/n/w/nwhite01/storage/ocr_20150623/160/mdp.39015078384693/362.png"; bbox 0 0 4118 6280; ppageno 0'>
   <div class='ocr_carea' id='block_1_1' title="bbox 320 361 427 419">
    <p class='ocr_par' dir='ltr' id='par_1_1' title="bbox 320 361 427 419">
     <span class='ocr_line' id='line_1_1' title="bbox 320 361 427 419; baseline -0.009 0"><span class='ocrx_word' id='word_1_1' title='bbox 320 361 427 419; x_wconf 70' lang='lat' dir='ltr'>7U.)</span> 
     </span>
    </p>
   </div>
   <div class='ocr_carea' id='block_1_2' title="bbox 1274 338 3143 440">
    <p class='ocr_par' dir='ltr' id='par_1_2' title="bbox 1274 338 3143 440">
     <span class='ocr_line' id='line_1_2' title="bbox 1274 338 3143 440; baseline 0.005 -14"><span class='ocrx_word' id='word_1_2' title='bbox 1274 368 1372 427; x_wconf 83' lang='lat' dir='ltr'>DE</span> <span class='ocrx_word' id='word_1_3' title='bbox 1425 370 1950 433; x_wconf 77' lang='lat' dir='ltr'>PROCESSIONE</span> <span class='ocrx_word' id='word_1_4' title='bbox 1992 369 2354 435; x_wconf 73' lang='lat' dir='ltr'>smqu</span> <span class='ocrx_word' id='word_1_5' title='bbox 2400 338 2712 440; x_wconf 19' lang='lat' dir='ltr'>SANCTI.‘</span> 
     </span>
    </p>
   </div>
   <div class='ocr_carea' id='block_1_3' title="bbox 3504 378 3621 448">
    <p class='ocr_par' dir='ltr' id='par_1_3' title="bbox 3504 378 3621 448">
     <span class='ocr_line' id='line_1_3' title="bbox 3504 378 3621 448; baseline 0 -1"><span class='ocrx_word' id='word_1_6' title='bbox 3504 378 3621 448; x_wconf 41' lang='lat'>710&#39;</span> 
     </span>
    </p>
   </div>
   <div class='ocr_carea' id='block_1_4' title="bbox 318 474 3608 573">
    <p class='ocr_par' dir='ltr' id='par_1_4' title="bbox 318 474 3608 573">
     <span class='ocr_line' id='line_1_4' title="bbox 318 474 3608 573; baseline 0.006 -36"><span class='ocrx_word' id='word_1_7' title='bbox 318 476 625 573; x_wconf 61' lang='grc' dir='ltr'>πότηταξῐς</span> <span class='ocrx_word' id='word_1_8' title='bbox 660 474 792 544; x_wconf 81' lang='grc' dir='ltr'>μίαν</span> <span class='ocrx_word' id='word_1_9' title='bbox 856 476 1020 544; x_wconf 71' lang='grc' dir='ltr'>φύσιν</span> <span class='ocrx_word' id='word_1_10' title='bbox 1077 479 1354 533; x_wconf 66' lang='grc' dir='ltr'>συνελθεῖν</span> <span class='ocrx_word' id='word_1_11' title='bbox 1409 484 1507 554; x_wconf 84' lang='grc' dir='ltr'>τὴν</span> <span class='ocrx_word' id='word_1_12' title='bbox 1560 487 1908 560; x_wconf 76' lang='grc' dir='ltr'>θεανθρωπό-</span> <span class='ocrx_word' id='word_1_13' title='bbox 1941 494 1983 550; x_wconf 81' lang='grc' dir='ltr'><strong>Δ</strong></span> <span class='ocrx_word' id='word_1_14' title='bbox 2015 495 2201 549; x_wconf 81' lang='grc' dir='ltr'>αὐτοῦ’</span> <span class='ocrx_word' id='word_1_15' title='bbox 2234 496 2393 550; x_wconf 87' lang='grc' dir='ltr'>τοῦτο</span> <span class='ocrx_word' id='word_1_16' title='bbox 2442 484 2498 550; x_wconf 85' lang='grc' dir='ltr'>δέ</span> <span class='ocrx_word' id='word_1_17' title='bbox 2535 500 2717 561; x_wconf 85' lang='grc' dir='ltr'>ἐστιν,</span> <span class='ocrx_word' id='word_1_18' title='bbox 2755 496 2829 560; x_wconf 84' lang='grc' dir='ltr'>ὡς</span> <span class='ocrx_word' id='word_1_19' title='bbox 2887 497 3043 550; x_wconf 75' lang='grc' dir='ltr'>αὐτοί</span> <span class='ocrx_word' id='word_1_20' title='bbox 3078 514 3236 568; x_wconf 78' lang='grc' dir='ltr'>φασι,</span> <span class='ocrx_word' id='word_1_21' title='bbox 3279 503 3399 573; x_wconf 78' lang='grc' dir='ltr'>μετ’</span> <span class='ocrx_word' id='word_1_22' title='bbox 3442 504 3608 558; x_wconf 77' lang='grc' dir='ltr'>αὑτοῦ</span> 
     </span>
    </p>
   </div>
   <div class='ocr_carea' id='block_1_5' title="bbox 312 566 1913 644">
    <p class='ocr_par' dir='ltr' id='par_1_5' title="bbox 312 566 1913 644">
     <span class='ocr_line' id='line_1_5' title="bbox 312 566 1913 644; baseline 0.012 -28"><span class='ocrx_word' id='word_1_23' title='bbox 312 583 471 637; x_wconf 87' lang='grc' dir='ltr'>τητα,</span> <span class='ocrx_word' id='word_1_24' title='bbox 523 566 715 640; x_wconf 80' lang='grc' dir='ltr'>ὥσπερ</span> <span class='ocrx_word' id='word_1_25' title='bbox 745 567 926 640; x_wconf 70' lang='grc' dir='ltr'>ψυχὴν</span> <span class='ocrx_word' id='word_1_26' title='bbox 956 569 1247 642; x_wconf 76' lang='grc' dir='ltr'>καὶσῶμα</span> <span class='ocrx_word' id='word_1_27' title='bbox 1315 574 1607 644; x_wconf 86' lang='grc' dir='ltr'>ἄνθρωπον</span> <span class='ocrx_word' id='word_1_28' title='bbox 1674 582 1754 644; x_wconf 88' lang='grc' dir='ltr'>εἰς</span> <span class='ocrx_word' id='word_1_29' title='bbox 1820 582 1913 634; x_wconf 85' lang='grc' dir='ltr'>ἀν-</span> 
     </span>
    </p>
   </div>
   <div class='ocr_carea' id='block_1_6' title="bbox 313 658 662 729">
    <p class='ocr_par' dir='ltr' id='par_1_6' title="bbox 313 658 662 729">
     <span class='ocr_line' id='line_1_6' title="bbox 313 658 662 729; baseline 0.009 -17"><span class='ocrx_word' id='word_1_30' title='bbox 313 658 662 729; x_wconf 85' lang='grc' dir='ltr'>θρωπότητα.</span> 
     </span>
    </p>
   </div>
   <div class='ocr_carea' id='block_1_7' title="bbox 393 752 1906 835">
    <p class='ocr_par' dir='ltr' id='par_1_7' title="bbox 393 752 1906 835">
     <span class='ocr_line' id='line_1_7' title="bbox 393 752 1906 835; baseline 0.012 -32"><span class='ocrx_word' id='word_1_31' title='bbox 393 752 533 805; x_wconf 80' lang='grc' dir='ltr'>Ἀλλ’</span> <span class='ocrx_word' id='word_1_32' title='bbox 556 754 605 806; x_wconf 92' lang='grc' dir='ltr'>οἱ</span> <span class='ocrx_word' id='word_1_33' title='bbox 636 754 774 824; x_wconf 80' lang='grc' dir='ltr'>μετὰ</span> <span class='ocrx_word' id='word_1_34' title='bbox 797 756 897 827; x_wconf 83' lang='grc' dir='ltr'>τῆς</span> <span class='ocrx_word' id='word_1_35' title='bbox 932 756 1197 828; x_wconf 74' lang='grc' dir='ltr'>ἀληθείας</span> <span class='ocrx_word' id='word_1_36' title='bbox 1227 762 1533 833; x_wconf 74' lang='grc' dir='ltr'>ἱστάμενοι,</span> <span class='ocrx_word' id='word_1_37' title='bbox 1569 768 1669 820; x_wconf 73' lang='grc' dir='ltr'>καὶ</span> <span class='ocrx_word' id='word_1_38' title='bbox 1691 767 1906 835; x_wconf 87' lang='grc' dir='ltr'>ταύτης</span> 
     </span>
    </p>
   </div>
   <div class='ocr_carea' id='block_1_8' title="bbox 312 848 1913 928">
    <p class='ocr_par' dir='ltr' id='par_1_8' title="bbox 312 848 1913 928">
     <span class='ocr_line' id='line_1_8' title="bbox 312 848 1913 928; baseline 0.007 -29"><span class='ocrx_word' id='word_1_39' title='bbox 312 848 601 916; x_wconf 85' lang='grc' dir='ltr'>ἐπίτροποι</span> <span class='ocrx_word' id='word_1_40' title='bbox 664 851 949 919; x_wconf 77' lang='grc' dir='ltr'>γεγονότες</span> <span class='ocrx_word' id='word_1_41' title='bbox 994 855 1059 906; x_wconf 77' lang='grc' dir='ltr'>ἐκ</span> <span class='ocrx_word' id='word_1_42' title='bbox 1122 853 1258 909; x_wconf 84' lang='grc' dir='ltr'>Θεοῦ</span> <span class='ocrx_word' id='word_1_43' title='bbox 1325 860 1439 920; x_wconf 86' lang='grc' dir='ltr'>τοῖς</span> <span class='ocrx_word' id='word_1_44' title='bbox 1489 858 1913 928; x_wconf 83' lang='grc' dir='ltr'>Χριστιανικοῖς</span> 
     </span>
    </p>
   </div>
   <div class='ocr_carea' id='block_1_9' title="bbox 313 939 1914 1022">
    <p class='ocr_par' dir='ltr' id='par_1_9' title="bbox 313 939 1914 1022">
     <span class='ocr_line' id='line_1_9' title="bbox 313 939 1914 1022; baseline 0.01 -32"><span class='ocrx_word' id='word_1_45' title='bbox 313 939 480 1004; x_wconf 86' lang='grc' dir='ltr'>λαοῖς,</span> <span class='ocrx_word' id='word_1_46' title='bbox 526 941 651 995; x_wconf 79' lang='grc' dir='ltr'>οὔτε</span> <span class='ocrx_word' id='word_1_47' title='bbox 703 945 770 1013; x_wconf 78' lang='grc' dir='ltr'>τῇ</span> <span class='ocrx_word' id='word_1_48' title='bbox 805 944 1039 1013; x_wconf 81' lang='grc' dir='ltr'>ἀρνήσει</span> <span class='ocrx_word' id='word_1_49' title='bbox 1074 946 1182 999; x_wconf 90' lang='grc' dir='ltr'>τῶν</span> <span class='ocrx_word' id='word_1_50' title='bbox 1212 948 1432 1002; x_wconf 82' lang='grc' dir='ltr'>ἀτόπων</span> <span class='ocrx_word' id='word_1_51' title='bbox 1484 950 1715 1004; x_wconf 68' lang='grc' dir='ltr'>ἐκείνων</span> <span class='ocrx_word' id='word_1_52' title='bbox 1743 969 1914 1022; x_wconf 87' lang='grc' dir='ltr'>προσ-</span> 
     </span>
    </p>
   </div>
   <div class='ocr_carea' id='block_1_10' title="bbox 313 1031 1913 1108">
    <p class='ocr_par' dir='ltr' id='par_1_10' title="bbox 313 1031 1913 1108">
     <span class='ocr_line' id='line_1_10' title="bbox 313 1031 1913 1108; baseline 0.008 -27"><span class='ocrx_word' id='word_1_53' title='bbox 313 1032 480 1099; x_wconf 88' lang='grc' dir='ltr'>εῖχον,</span> <span class='ocrx_word' id='word_1_54' title='bbox 510 1031 648 1085; x_wconf 87' lang='grc' dir='ltr'>ἀλλά</span> <span class='ocrx_word' id='word_1_55' title='bbox 684 1032 891 1101; x_wconf 80' lang='grc' dir='ltr'>μᾶλλον</span> <span class='ocrx_word' id='word_1_56' title='bbox 943 1033 1191 1105; x_wconf 77' lang='grc' dir='ltr'>ἀπῄτουν</span> <span class='ocrx_word' id='word_1_57' title='bbox 1236 1036 1334 1107; x_wconf 80' lang='grc' dir='ltr'>τὴν</span> <span class='ocrx_word' id='word_1_58' title='bbox 1367 1036 1601 1108; x_wconf 74' lang='grc' dir='ltr'>ἄρνησιν</span> <span class='ocrx_word' id='word_1_59' title='bbox 1648 1038 1746 1106; x_wconf 81' lang='grc' dir='ltr'>τῆς</span> <span class='ocrx_word' id='word_1_60' title='bbox 1781 1040 1913 1107; x_wconf 80' lang='grc' dir='ltr'>μιᾶς</span> 
     </span>
    </p>
   </div>
   <div class='ocr_carea' id='block_1_11' title="bbox 315 1122 1910 1199">
    <p class='ocr_par' dir='ltr' id='par_1_11' title="bbox 315 1122 1910 1199">
     <span class='ocr_line' id='line_1_11' title="bbox 315 1122 1910 1199; baseline 0.005 -25"><span class='ocrx_word' id='word_1_61' title='bbox 315 1122 553 1190; x_wconf 85' lang='grc' dir='ltr'>φύσεως,</span> <span class='ocrx_word' id='word_1_62' title='bbox 583 1123 618 1194; x_wconf 75' lang='grc' dir='ltr'>ἠ</span> <span class='ocrx_word' id='word_1_63' title='bbox 652 1123 918 1197; x_wconf 81' lang='grc' dir='ltr'>τιθεμένη</span> <span class='ocrx_word' id='word_1_64' title='bbox 951 1128 1047 1181; x_wconf 75' lang='grc' dir='ltr'>καὶ</span> <span class='ocrx_word' id='word_1_65' title='bbox 1087 1127 1157 1180; x_wconf 90' lang='grc' dir='ltr'>τά</span> <span class='ocrx_word' id='word_1_66' title='bbox 1202 1126 1436 1192; x_wconf 85' lang='grc' dir='ltr'>ἐκείνοις</span> <span class='ocrx_word' id='word_1_67' title='bbox 1491 1127 1910 1199; x_wconf 89' lang='grc' dir='ltr'>ὁμολογούμενα</span> 
     </span>
    </p>
   </div>
   <div class='ocr_carea' id='block_1_12' title="bbox 311 1215 1910 1291">
    <p class='ocr_par' dir='ltr' id='par_1_12' title="bbox 311 1215 1910 1291">
     <span class='ocr_line' id='line_1_12' title="bbox 311 1215 1910 1291; baseline 0.002 -20"><span class='ocrx_word' id='word_1_68' title='bbox 311 1216 491 1271; x_wconf 75' lang='grc' dir='ltr'>ἄτοπα</span> <span class='ocrx_word' id='word_1_69' title='bbox 514 1217 733 1282; x_wconf 69' lang='grc' dir='ltr'>ἕπεται,</span> <span class='ocrx_word' id='word_1_70' title='bbox 766 1215 892 1270; x_wconf 77' lang='grc' dir='ltr'>οὔτε</span> <span class='ocrx_word' id='word_1_71' title='bbox 918 1219 973 1271; x_wconf 82' lang='grc' dir='ltr'>εἱ</span> <span class='ocrx_word' id='word_1_72' title='bbox 988 1237 1042 1273; x_wconf 93' lang='grc' dir='ltr'>τι</span> <span class='ocrx_word' id='word_1_73' title='bbox 1071 1221 1165 1272; x_wconf 77' lang='grc' dir='ltr'>καὶ</span> <span class='ocrx_word' id='word_1_74' title='bbox 1196 1220 1508 1291; x_wconf 78' lang='grc' dir='ltr'>εὐπρεποῦς</span> <span class='ocrx_word' id='word_1_75' title='bbox 1532 1222 1802 1291; x_wconf 80' lang='grc' dir='ltr'>πρόσεστι</span> <span class='ocrx_word' id='word_1_76' title='bbox 1830 1220 1910 1291; x_wconf 81' lang='grc' dir='ltr'>τῷ</span> 
     </span>
    </p>
   </div>
   <div class='ocr_carea' id='block_1_13' title="bbox 308 1305 1912 1376">
    <p class='ocr_par' dir='ltr' id='par_1_13' title="bbox 308 1305 1912 1376">
     <span class='ocr_line' id='line_1_13' title="bbox 308 1305 1912 1376; baseline 0.005 -20"><span class='ocrx_word' id='word_1_77' title='bbox 308 1305 520 1357; x_wconf 86' lang='grc' dir='ltr'>τούτων</span> <span class='ocrx_word' id='word_1_78' title='bbox 554 1306 843 1376; x_wconf 77' lang='grc' dir='ltr'>κινητικῷ,</span> <span class='ocrx_word' id='word_1_79' title='bbox 893 1305 1043 1361; x_wconf 85' lang='grc' dir='ltr'>τοῦτ’</span> <span class='ocrx_word' id='word_1_80' title='bbox 1087 1310 1383 1375; x_wconf 91' lang='grc' dir='ltr'>ἐσκόπουν,</span> <span class='ocrx_word' id='word_1_81' title='bbox 1411 1309 1591 1365; x_wconf 90' lang='grc' dir='ltr'>καίτοι</span> <span class='ocrx_word' id='word_1_82' title='bbox 1625 1312 1912 1366; x_wconf 74' lang='grc' dir='ltr'>καὶτοῦτο</span> 
     </span>
    </p>
   </div>
   <div class='ocr_carea' id='block_1_14' title="bbox 310 1396 1905 1480">
    <p class='ocr_par' dir='ltr' id='par_1_14' title="bbox 310 1396 1905 1480">
     <span class='ocr_line' id='line_1_14' title="bbox 310 1396 1905 1480; baseline 0.007 -32"><span class='ocrx_word' id='word_1_83' title='bbox 310 1396 513 1466; x_wconf 77' lang='grc' dir='ltr'>πολλῆς</span> <span class='ocrx_word' id='word_1_84' title='bbox 551 1397 713 1468; x_wconf 88' lang='grc' dir='ltr'>γέμει</span> <span class='ocrx_word' id='word_1_85' title='bbox 760 1398 996 1470; x_wconf 79' lang='grc' dir='ltr'>πλάνης,</span> <span class='ocrx_word' id='word_1_86' title='bbox 1027 1402 1083 1454; x_wconf 88' lang='grc' dir='ltr'>εῖ</span> <span class='ocrx_word' id='word_1_87' title='bbox 1121 1418 1207 1465; x_wconf 89' lang='grc' dir='ltr'>τις</span> <span class='ocrx_word' id='word_1_88' title='bbox 1236 1400 1489 1469; x_wconf 75' lang='grc' dir='ltr'>ἐξετάσει</span> <span class='ocrx_word' id='word_1_89' title='bbox 1520 1404 1727 1480; x_wconf 75' lang='grc' dir='ltr'>καλῶς,</span> <span class='ocrx_word' id='word_1_90' title='bbox 1765 1406 1905 1476; x_wconf 77' lang='grc' dir='ltr'>ἀληο</span> 
     </span>
    </p>
   </div>
   <div class='ocr_carea' id='block_1_15' title="bbox 310 1487 1908 1565">
    <p class='ocr_par' dir='ltr' id='par_1_15' title="bbox 310 1487 1908 1565">
     <span class='ocr_line' id='line_1_15' title="bbox 310 1487 1908 1565; baseline 0.006 -24"><span class='ocrx_word' id='word_1_91' title='bbox 310 1487 462 1550; x_wconf 84' lang='grc' dir='ltr'>θείας</span> <span class='ocrx_word' id='word_1_92' title='bbox 518 1490 665 1554; x_wconf 84' lang='grc' dir='ltr'>τινὸς</span> <span class='ocrx_word' id='word_1_93' title='bbox 713 1490 1215 1563; x_wconf 79' lang='grc' dir='ltr'>ἐπικεχρωσμένης</span> <span class='ocrx_word' id='word_1_94' title='bbox 1283 1495 1467 1565; x_wconf 80' lang='grc' dir='ltr'>χροιᾷ.</span> <span class='ocrx_word' id='word_1_95' title='bbox 1508 1494 1651 1555; x_wconf 80' lang='grc' dir='ltr'>Ἀλλ’</span> <span class='ocrx_word' id='word_1_96' title='bbox 1713 1498 1763 1551; x_wconf 89' lang='grc' dir='ltr'>εἰ</span> <span class='ocrx_word' id='word_1_97' title='bbox 1804 1499 1908 1551; x_wconf 79' lang='grc' dir='ltr'>καὶ</span> 
     </span>
    </p>
   </div>
   <div class='ocr_carea' id='block_1_16' title="bbox 310 1579 1906 1659">
    <p class='ocr_par' dir='ltr' id='par_1_16' title="bbox 310 1579 1906 1659">
     <span class='ocr_line' id='line_1_16' title="bbox 310 1579 1906 1659; baseline 0.006 -26"><span class='ocrx_word' id='word_1_98' title='bbox 310 1581 665 1636; x_wconf 87' lang='grc' dir='ltr'>παντάπασιν</span> <span class='ocrx_word' id='word_1_99' title='bbox 725 1583 885 1653; x_wconf 83' lang='grc' dir='ltr'>όρθδν</span> <span class='ocrx_word' id='word_1_100' title='bbox 926 1579 1018 1658; x_wconf 77' lang='grc' dir='ltr'>ἦν,</span> <span class='ocrx_word' id='word_1_101' title='bbox 1052 1585 1180 1655; x_wconf 92' lang='grc' dir='ltr'>μέλι</span> <span class='ocrx_word' id='word_1_102' title='bbox 1231 1586 1394 1641; x_wconf 88' lang='grc' dir='ltr'>τοῦτο</span> <span class='ocrx_word' id='word_1_103' title='bbox 1443 1588 1703 1659; x_wconf 74' lang='grc' dir='ltr'>ἐνόμιζον</span> <span class='ocrx_word' id='word_1_104' title='bbox 1760 1584 1906 1643; x_wconf 75' lang='grc' dir='ltr'>εἶναι</span> 
     </span>
    </p>
   </div>
   <div class='ocr_carea' id='block_1_17' title="bbox 307 1674 1908 1752">
    <p class='ocr_par' dir='ltr' id='par_1_17' title="bbox 307 1674 1908 1752">
     <span class='ocr_line' id='line_1_17' title="bbox 307 1674 1908 1752; baseline 0.006 -25"><span class='ocrx_word' id='word_1_105' title='bbox 307 1674 480 1727; x_wconf 83' lang='grc' dir='ltr'>πολλά</span> <span class='ocrx_word' id='word_1_106' title='bbox 512 1674 823 1746; x_wconf 79' lang='grc' dir='ltr'>ἐγκρύπτον</span> <span class='ocrx_word' id='word_1_107' title='bbox 866 1677 945 1741; x_wconf 86' lang='grc' dir='ltr'>ὼς</span> <span class='ocrx_word' id='word_1_108' title='bbox 983 1678 1202 1750; x_wconf 90' lang='grc' dir='ltr'>ἀληθῶς</span> <span class='ocrx_word' id='word_1_109' title='bbox 1235 1678 1571 1751; x_wconf 85' lang='grc' dir='ltr'>δηλητήρια,</span> <span class='ocrx_word' id='word_1_110' title='bbox 1605 1683 1704 1735; x_wconf 80' lang='grc' dir='ltr'>καὶ</span> <span class='ocrx_word' id='word_1_111' title='bbox 1732 1681 1908 1752; x_wconf 76' lang='grc' dir='ltr'>ἀρχὴν</span> 
     </span>
    </p>
   </div>
   <div class='ocr_carea' id='block_1_18' title="bbox 306 1764 1908 1839">
    <p class='ocr_par' dir='ltr' id='par_1_18' title="bbox 306 1764 1908 1839">
     <span class='ocr_line' id='line_1_18' title="bbox 306 1764 1908 1839; baseline 0.004 -22"><span class='ocrx_word' id='word_1_112' title='bbox 306 1764 521 1818; x_wconf 82' lang='grc' dir='ltr'>πολλῶν</span> <span class='ocrx_word' id='word_1_113' title='bbox 564 1769 661 1820; x_wconf 75' lang='grc' dir='ltr'>καὶ</span> <span class='ocrx_word' id='word_1_114' title='bbox 703 1768 958 1837; x_wconf 83' lang='grc' dir='ltr'>μεγάλων</span> <span class='ocrx_word' id='word_1_115' title='bbox 982 1769 1274 1839; x_wconf 74' lang='grc' dir='ltr'>αἱρέσεων,</span> <span class='ocrx_word' id='word_1_116' title='bbox 1300 1771 1396 1824; x_wconf 76' lang='grc' dir='ltr'>καὶ</span> <span class='ocrx_word' id='word_1_117' title='bbox 1450 1770 1549 1826; x_wconf 88' lang='grc' dir='ltr'>διά</span> <span class='ocrx_word' id='word_1_118' title='bbox 1603 1771 1767 1825; x_wconf 88' lang='grc' dir='ltr'>τοῦτο</span> <span class='ocrx_word' id='word_1_119' title='bbox 1806 1772 1908 1824; x_wconf 86' lang='grc' dir='ltr'>οὐκ</span> 
     </span>
    </p>
   </div>
   <div class='ocr_carea' id='block_1_19' title="bbox 308 1859 1905 1933">
    <p class='ocr_par' dir='ltr' id='par_1_19' title="bbox 308 1859 1905 1933">
     <span class='ocr_line' id='line_1_19' title="bbox 308 1859 1905 1933; baseline 0.003 -22"><span class='ocrx_word' id='word_1_120' title='bbox 308 1859 599 1931; x_wconf 62' lang='grc' dir='ltr'>ἐδούλεντο</span> <span class='ocrx_word' id='word_1_121' title='bbox 626 1860 1045 1933; x_wconf 86' lang='grc' dir='ltr'>συγχωροῦντες</span> <span class='ocrx_word' id='word_1_122' title='bbox 1081 1861 1254 1931; x_wconf 84' lang='grc' dir='ltr'>αὐτῷ,</span> <span class='ocrx_word' id='word_1_123' title='bbox 1285 1861 1387 1925; x_wconf 84' lang='grc' dir='ltr'>τὰς</span> <span class='ocrx_word' id='word_1_124' title='bbox 1415 1862 1661 1932; x_wconf 77' lang='grc' dir='ltr'>αἱρέσεις</span> <span class='ocrx_word' id='word_1_125' title='bbox 1688 1862 1905 1926; x_wconf 82' lang='grc' dir='ltr'>ὲκείνας</span> 
     </span>
    </p>
   </div>
   <div class='ocr_carea' id='block_1_20' title="bbox 305 1952 1905 2027">
    <p class='ocr_par' dir='ltr' id='par_1_20' title="bbox 305 1952 1905 2027">
     <span class='ocr_line' id='line_1_20' title="bbox 305 1952 1905 2027; baseline 0.003 -22"><span class='ocrx_word' id='word_1_126' title='bbox 305 1952 599 2016; x_wconf 87' lang='grc' dir='ltr'>ἀνανεοῦν,</span> <span class='ocrx_word' id='word_1_127' title='bbox 642 1952 710 2016; x_wconf 80' lang='grc' dir='ltr'>ἀς</span> <span class='ocrx_word' id='word_1_128' title='bbox 767 1953 1073 2025; x_wconf 78' lang='grc' dir='ltr'>ἐκριξῶσαι</span> <span class='ocrx_word' id='word_1_129' title='bbox 1130 1954 1347 2009; x_wconf 84' lang='grc' dir='ltr'>πολλῶν</span> <span class='ocrx_word' id='word_1_130' title='bbox 1400 1955 1641 2025; x_wconf 76' lang='grc' dir='ltr'>ἱδρώτων</span> <span class='ocrx_word' id='word_1_131' title='bbox 1667 1959 1734 2027; x_wconf 78' lang='grc' dir='ltr'>τῇ</span> <span class='ocrx_word' id='word_1_132' title='bbox 1780 1957 1905 2010; x_wconf 83' lang='grc' dir='ltr'>Ἐκ-</span> 
     </span>
    </p>
   </div>
   <div class='ocr_carea' id='block_1_21' title="bbox 305 2044 1904 2118">
    <p class='ocr_par' dir='ltr' id='par_1_21' title="bbox 305 2044 1904 2118">
     <span class='ocr_line' id='line_1_21' title="bbox 305 2044 1904 2118; baseline 0.002 -21"><span class='ocrx_word' id='word_1_133' title='bbox 305 2044 509 2114; x_wconf 83' lang='grc' dir='ltr'>κλησίᾳ</span> <span class='ocrx_word' id='word_1_134' title='bbox 565 2044 809 2114; x_wconf 80' lang='grc' dir='ltr'>ἐδέησεν.</span> <span class='ocrx_word' id='word_1_135' title='bbox 847 2044 1107 2114; x_wconf 83' lang='grc' dir='ltr'>Ἠγνόουν</span> <span class='ocrx_word' id='word_1_136' title='bbox 1159 2046 1219 2100; x_wconf 77' lang='grc' dir='ltr'>δέ</span> <span class='ocrx_word' id='word_1_137' title='bbox 1273 2047 1386 2118; x_wconf 79' lang='grc' dir='ltr'>ἀρα</span> <span class='ocrx_word' id='word_1_138' title='bbox 1414 2046 1465 2101; x_wconf 86' lang='grc' dir='ltr'>οἱ</span> <span class='ocrx_word' id='word_1_139' title='bbox 1495 2049 1628 2118; x_wconf 84' lang='grc' dir='ltr'>περὶ</span> <span class='ocrx_word' id='word_1_140' title='bbox 1678 2048 1772 2102; x_wconf 82' lang='grc' dir='ltr'>τὸν</span> <span class='ocrx_word' id='word_1_141' title='bbox 1805 2049 1904 2101; x_wconf 86' lang='grc' dir='ltr'>Εὑ-</span> 
     </span>
    </p>
   </div>
   <div class='ocr_carea' id='block_1_22' title="bbox 302 2133 1901 2211">
    <p class='ocr_par' dir='ltr' id='par_1_22' title="bbox 302 2133 1901 2211">
     <span class='ocr_line' id='line_1_22' title="bbox 302 2133 1901 2211; baseline 0.004 -23"><span class='ocrx_word' id='word_1_142' title='bbox 302 2135 467 2205; x_wconf 79' lang='grc' dir='ltr'>τυχῆ,</span> <span class='ocrx_word' id='word_1_143' title='bbox 508 2133 634 2187; x_wconf 77' lang='grc' dir='ltr'>οὔτε</span> <span class='ocrx_word' id='word_1_144' title='bbox 665 2135 1047 2207; x_wconf 83' lang='grc' dir='ltr'>διδασκόμενοι</span> <span class='ocrx_word' id='word_1_145' title='bbox 1087 2139 1282 2208; x_wconf 83' lang='grc' dir='ltr'>μαθεῖν</span> <span class='ocrx_word' id='word_1_146' title='bbox 1335 2139 1550 2211; x_wconf 75' lang='grc' dir='ltr'>ἤθελον,</span> <span class='ocrx_word' id='word_1_147' title='bbox 1583 2141 1666 2194; x_wconf 75' lang='grc' dir='ltr'>ὅτι</span> <span class='ocrx_word' id='word_1_148' title='bbox 1707 2140 1901 2208; x_wconf 84' lang='grc' dir='ltr'>φύσεις</span> 
     </span>
    </p>
   </div>
   <div class='ocr_carea' id='block_1_23' title="bbox 303 2227 1899 2304">
    <p class='ocr_par' dir='ltr' id='par_1_23' title="bbox 303 2227 1899 2304">
     <span class='ocr_line' id='line_1_23' title="bbox 303 2227 1899 2304; baseline 0.004 -24"><span class='ocrx_word' id='word_1_149' title='bbox 303 2231 386 2289; x_wconf 84' lang='grc' dir='ltr'>εἰς</span> <span class='ocrx_word' id='word_1_150' title='bbox 428 2228 559 2297; x_wconf 89' lang='grc' dir='ltr'>μίαν</span> <span class='ocrx_word' id='word_1_151' title='bbox 584 2227 748 2296; x_wconf 90' lang='grc' dir='ltr'>φύσιν</span> <span class='ocrx_word' id='word_1_152' title='bbox 805 2227 1108 2296; x_wconf 78' lang='grc' dir='ltr'>συνελθεῖν,</span> <span class='ocrx_word' id='word_1_153' title='bbox 1152 2229 1365 2295; x_wconf 80' lang='grc' dir='ltr'>ἀτελεῖς</span> <span class='ocrx_word' id='word_1_154' title='bbox 1412 2232 1509 2285; x_wconf 76' lang='grc' dir='ltr'>καὶ</span> <span class='ocrx_word' id='word_1_155' title='bbox 1551 2233 1626 2304; x_wconf 83' lang='grc' dir='ltr'>μὴ</span> <span class='ocrx_word' id='word_1_156' title='bbox 1665 2233 1899 2303; x_wconf 82' lang='grc' dir='ltr'>ἐχούσας</span> 
     </span>
    </p>
   </div>
   <div class='ocr_carea' id='block_1_24' title="bbox 302 2315 1900 2394">
    <p class='ocr_par' dir='ltr' id='par_1_24' title="bbox 302 2315 1900 2394">
     <span class='ocr_line' id='line_1_24' title="bbox 302 2315 1900 2394; baseline 0.005 -23"><span class='ocrx_word' id='word_1_157' title='bbox 302 2315 444 2382; x_wconf 74' lang='grc' dir='ltr'>εἶδος</span> <span class='ocrx_word' id='word_1_158' title='bbox 466 2320 926 2390; x_wconf 73' lang='grc' dir='ltr'>πεπληρωμένον,</span> <span class='ocrx_word' id='word_1_159' title='bbox 953 2322 1207 2394; x_wconf 85' lang='grc' dir='ltr'>ἐγχωρεῖ,</span> <span class='ocrx_word' id='word_1_160' title='bbox 1225 2322 1419 2393; x_wconf 84' lang='grc' dir='ltr'>ὥσπερ</span> <span class='ocrx_word' id='word_1_161' title='bbox 1449 2326 1531 2387; x_wconf 91' lang='grc' dir='ltr'>εἰς</span> <span class='ocrx_word' id='word_1_162' title='bbox 1557 2325 1692 2394; x_wconf 86' lang='grc' dir='ltr'>μίαν</span> <span class='ocrx_word' id='word_1_163' title='bbox 1734 2325 1900 2393; x_wconf 90' lang='grc' dir='ltr'>φύσιν</span> 
     </span>
    </p>
   </div>
   <div class='ocr_carea' id='block_1_25' title="bbox 301 2409 1895 2488">
    <p class='ocr_par' dir='ltr' id='par_1_25' title="bbox 301 2409 1895 2488">
     <span class='ocr_line' id='line_1_25' title="bbox 301 2409 1895 2488; baseline 0.003 -24"><span class='ocrx_word' id='word_1_164' title='bbox 301 2414 363 2464; x_wconf 69' lang='grc' dir='ltr'>τὸ</span> <span class='ocrx_word' id='word_1_165' title='bbox 416 2411 761 2481; x_wconf 87' lang='grc' dir='ltr'>ἀνθρώπινον</span> <span class='ocrx_word' id='word_1_166' title='bbox 823 2409 989 2479; x_wconf 73' lang='grc' dir='ltr'>εἶδος,</span> <span class='ocrx_word' id='word_1_167' title='bbox 1044 2415 1291 2483; x_wconf 86' lang='grc' dir='ltr'>δηλονότι</span> <span class='ocrx_word' id='word_1_168' title='bbox 1348 2416 1495 2488; x_wconf 81' lang='grc' dir='ltr'>ψυχὴ</span> <span class='ocrx_word' id='word_1_169' title='bbox 1556 2418 1651 2469; x_wconf 70' lang='grc' dir='ltr'>καὶ</span> <span class='ocrx_word' id='word_1_170' title='bbox 1706 2418 1895 2487; x_wconf 73' lang='grc' dir='ltr'>σῶμα,</span> 
     </span>
    </p>
   </div>
   <div class='ocr_carea' id='block_1_26' title="bbox 303 2501 1892 2579">
    <p class='ocr_par' dir='ltr' id='par_1_26' title="bbox 303 2501 1892 2579">
     <span class='ocr_line' id='line_1_26' title="bbox 303 2501 1892 2579; baseline 0.003 -21"><span class='ocrx_word' id='word_1_171' title='bbox 303 2505 635 2575; x_wconf 80' lang='grc' dir='ltr'>συνέρχεται</span> <span class='ocrx_word' id='word_1_172' title='bbox 664 2505 981 2575; x_wconf 88' lang='grc' dir='ltr'>ἀνθρώπου,</span> <span class='ocrx_word' id='word_1_173' title='bbox 1013 2501 1088 2561; x_wconf 81' lang='grc' dir='ltr'>ὧν</span> <span class='ocrx_word' id='word_1_174' title='bbox 1112 2508 1401 2579; x_wconf 83' lang='grc' dir='ltr'>οὐδέτερον</span> <span class='ocrx_word' id='word_1_175' title='bbox 1446 2504 1592 2573; x_wconf 85' lang='grc' dir='ltr'>εἶδος</span> <span class='ocrx_word' id='word_1_176' title='bbox 1643 2509 1759 2579; x_wconf 83' lang='grc' dir='ltr'>ἐχει</span> <span class='ocrx_word' id='word_1_177' title='bbox 1792 2526 1892 2562; x_wconf 86' lang='grc' dir='ltr'>πε-</span> 
     </span>
    </p>
   </div>
   <div class='ocr_carea' id='block_1_27' title="bbox 302 2597 1895 2673">
    <p class='ocr_par' dir='ltr' id='par_1_27' title="bbox 302 2597 1895 2673">
     <span class='ocr_line' id='line_1_27' title="bbox 302 2597 1895 2673; baseline 0.003 -22"><span class='ocrx_word' id='word_1_178' title='bbox 302 2598 688 2668; x_wconf 83' lang='grc' dir='ltr'>πληρωμένον,</span> <span class='ocrx_word' id='word_1_179' title='bbox 720 2597 794 2662; x_wconf 90' lang='grc' dir='ltr'>ώς</span> <span class='ocrx_word' id='word_1_180' title='bbox 828 2599 953 2653; x_wconf 84' lang='grc' dir='ltr'>οὐδὲ</span> <span class='ocrx_word' id='word_1_181' title='bbox 1003 2601 1169 2669; x_wconf 82' lang='grc' dir='ltr'>φύσις</span> <span class='ocrx_word' id='word_1_182' title='bbox 1216 2602 1315 2656; x_wconf 77' lang='grc' dir='ltr'>καὶ</span> <span class='ocrx_word' id='word_1_183' title='bbox 1348 2600 1511 2656; x_wconf 79' lang='grc' dir='ltr'>οὐσία</span> <span class='ocrx_word' id='word_1_184' title='bbox 1558 2600 1628 2655; x_wconf 82' lang='grc' dir='ltr'>ἂν</span> <span class='ocrx_word' id='word_1_185' title='bbox 1676 2602 1764 2673; x_wconf 78' lang='grc' dir='ltr'>εἰη</span> <span class='ocrx_word' id='word_1_186' title='bbox 1797 2620 1895 2656; x_wconf 88' lang='grc' dir='ltr'>κυ-</span> 
     </span>
    </p>
   </div>
   <div class='ocr_carea' id='block_1_28' title="bbox 302 2689 1897 2764">
    <p class='ocr_par' dir='ltr' id='par_1_28' title="bbox 302 2689 1897 2764">
     <span class='ocr_line' id='line_1_28' title="bbox 302 2689 1897 2764; baseline 0.003 -20"><span class='ocrx_word' id='word_1_187' title='bbox 302 2691 462 2760; x_wconf 86' lang='grc' dir='ltr'>ρίως,</span> <span class='ocrx_word' id='word_1_188' title='bbox 504 2689 623 2744; x_wconf 83' lang='grc' dir='ltr'>ἀλλ’</span> <span class='ocrx_word' id='word_1_189' title='bbox 680 2690 713 2760; x_wconf 81' lang='grc' dir='ltr'>ἢ</span> <span class='ocrx_word' id='word_1_190' title='bbox 776 2691 937 2759; x_wconf 87' lang='grc' dir='ltr'>μόνον</span> <span class='ocrx_word' id='word_1_191' title='bbox 996 2692 1073 2756; x_wconf 83' lang='grc' dir='ltr'>ὡς</span> <span class='ocrx_word' id='word_1_192' title='bbox 1123 2694 1294 2764; x_wconf 78' lang='grc' dir='ltr'>ἀρχαὶ</span> <span class='ocrx_word' id='word_1_193' title='bbox 1356 2696 1600 2763; x_wconf 89' lang='grc' dir='ltr'>φύσεως,</span> <span class='ocrx_word' id='word_1_194' title='bbox 1653 2694 1748 2747; x_wconf 75' lang='grc' dir='ltr'>καὶ</span> <span class='ocrx_word' id='word_1_195' title='bbox 1798 2696 1897 2764; x_wconf 87' lang='grc' dir='ltr'>μέ-</span> 
     </span>
    </p>
   </div>
   <div class='ocr_carea' id='block_1_29' title="bbox 306 2784 1896 2856">
    <p class='ocr_par' dir='ltr' id='par_1_29' title="bbox 306 2784 1896 2856">
     <span class='ocr_line' id='line_1_29' title="bbox 306 2784 1896 2856; baseline 0.002 -20"><span class='ocrx_word' id='word_1_196' title='bbox 306 2800 376 2854; x_wconf 90' lang='grc' dir='ltr'>ρη</span> <span class='ocrx_word' id='word_1_197' title='bbox 445 2784 675 2838; x_wconf 85' lang='grc' dir='ltr'>τοιαῦτα</span> <span class='ocrx_word' id='word_1_198' title='bbox 729 2785 905 2847; x_wconf 72' lang='grc' dir='ltr'>εἴδους</span> <span class='ocrx_word' id='word_1_199' title='bbox 957 2786 1053 2839; x_wconf 72' lang='grc' dir='ltr'>καὶ</span> <span class='ocrx_word' id='word_1_200' title='bbox 1104 2784 1236 2856; x_wconf 78' lang='grc' dir='ltr'>ὕλης</span> <span class='ocrx_word' id='word_1_201' title='bbox 1286 2786 1479 2854; x_wconf 64' lang='grc' dir='ltr'>έίοντα</span> <span class='ocrx_word' id='word_1_202' title='bbox 1539 2787 1745 2855; x_wconf 88' lang='grc' dir='ltr'>λόγον,</span> <span class='ocrx_word' id='word_1_203' title='bbox 1793 2803 1896 2839; x_wconf 84' lang='grc' dir='ltr'>τε-</span> 
     </span>
    </p>
   </div>
   <div class='ocr_carea' id='block_1_30' title="bbox 299 2875 1893 2949">
    <p class='ocr_par' dir='ltr' id='par_1_30' title="bbox 299 2875 1893 2949">
     <span class='ocr_line' id='line_1_30' title="bbox 299 2875 1893 2949; baseline 0 -20"><span class='ocrx_word' id='word_1_204' title='bbox 299 2875 455 2939; x_wconf 86' lang='grc' dir='ltr'>λείας</span> <span class='ocrx_word' id='word_1_205' title='bbox 490 2876 546 2929; x_wconf 65' lang='grc' dir='ltr'>δὲ</span> <span class='ocrx_word' id='word_1_206' title='bbox 600 2876 792 2946; x_wconf 87' lang='grc' dir='ltr'>φύσεις</span> <span class='ocrx_word' id='word_1_207' title='bbox 836 2878 917 2940; x_wconf 91' lang='grc' dir='ltr'>εἰς</span> <span class='ocrx_word' id='word_1_208' title='bbox 972 2878 1105 2946; x_wconf 89' lang='grc' dir='ltr'>μίαν</span> <span class='ocrx_word' id='word_1_209' title='bbox 1138 2878 1440 2943; x_wconf 81' lang='grc' dir='ltr'>συνελθεῖν,</span> <span class='ocrx_word' id='word_1_210' title='bbox 1480 2877 1673 2949; x_wconf 83' lang='grc' dir='ltr'>ὥσπερ</span> <span class='ocrx_word' id='word_1_211' title='bbox 1703 2878 1737 2949; x_wconf 78' lang='grc' dir='ltr'><strong>ἡ</strong></span> <span class='ocrx_word' id='word_1_212' title='bbox 1770 2877 1893 2931; x_wconf 86' lang='grc' dir='ltr'>θεία</span> 
     </span>
    </p>
   </div>
   <div class='ocr_carea' id='block_1_31' title="bbox 300 2968 1892 3041">
    <p class='ocr_par' dir='ltr' id='par_1_31' title="bbox 300 2968 1892 3041">
     <span class='ocr_line' id='line_1_31' title="bbox 300 2968 1892 3041; baseline 0.002 -21"><span class='ocrx_word' id='word_1_213' title='bbox 300 2968 401 3022; x_wconf 78' lang='grc' dir='ltr'>καὶ</span> <span class='ocrx_word' id='word_1_214' title='bbox 444 2970 480 3037; x_wconf 82' lang='grc' dir='ltr'><strong>ὴ</strong></span> <span class='ocrx_word' id='word_1_215' title='bbox 539 2968 855 3039; x_wconf 80' lang='grc' dir='ltr'>ἀνθρωπίνη</span> <span class='ocrx_word' id='word_1_216' title='bbox 914 2969 1087 3035; x_wconf 72' lang='grc' dir='ltr'>ἐστὶν,</span> <span class='ocrx_word' id='word_1_217' title='bbox 1136 2970 1425 3040; x_wconf 78' lang='grc' dir='ltr'>ἀμήχανόν</span> <span class='ocrx_word' id='word_1_218' title='bbox 1478 2972 1601 3023; x_wconf 84' lang='grc' dir='ltr'>ἐστι</span> <span class='ocrx_word' id='word_1_219' title='bbox 1654 2970 1730 3041; x_wconf 82' lang='grc' dir='ltr'>μὴ</span> <span class='ocrx_word' id='word_1_220' title='bbox 1788 2970 1892 3039; x_wconf 82' lang='grc' dir='ltr'>τῆς</span> 
     </span>
    </p>
   </div>
   <div class='ocr_carea' id='block_1_32' title="bbox 301 3063 1890 3135">
    <p class='ocr_par' dir='ltr' id='par_1_32' title="bbox 301 3063 1890 3135">
     <span class='ocr_line' id='line_1_32' title="bbox 301 3063 1890 3135; baseline 0 -19"><span class='ocrx_word' id='word_1_221' title='bbox 301 3063 521 3134; x_wconf 84' lang='grc' dir='ltr'>ἐτέρας,</span> <span class='ocrx_word' id='word_1_222' title='bbox 553 3063 586 3134; x_wconf 76' lang='grc' dir='ltr'><strong>ἢ</strong></span> <span class='ocrx_word' id='word_1_223' title='bbox 620 3065 713 3116; x_wconf 74' lang='grc' dir='ltr'>καὶ</span> <span class='ocrx_word' id='word_1_224' title='bbox 762 3063 1033 3134; x_wconf 80' lang='grc' dir='ltr'>ἑκατέρας</span> <span class='ocrx_word' id='word_1_225' title='bbox 1066 3063 1437 3133; x_wconf 76' lang='grc' dir='ltr'>φθειρομένης</span> <span class='ocrx_word' id='word_1_226' title='bbox 1467 3064 1662 3135; x_wconf 80' lang='grc' dir='ltr'>δήπου,</span> <span class='ocrx_word' id='word_1_227' title='bbox 1697 3066 1795 3118; x_wconf 74' lang='grc' dir='ltr'>καὶ</span> <span class='ocrx_word' id='word_1_228' title='bbox 1829 3064 1890 3116; x_wconf 80' lang='grc' dir='ltr'>τὸ</span> 
     </span>
    </p>
   </div>
   <div class='ocr_carea' id='block_1_33' title="bbox 2018 587 3607 665">
    <p class='ocr_par' dir='ltr' id='par_1_33' title="bbox 2018 587 3607 665">
     <span class='ocr_line' id='line_1_33' title="bbox 2018 587 3607 665; baseline 0.008 -26"><span class='ocrx_word' id='word_1_229' title='bbox 2018 588 2050 654; x_wconf 79' lang='grc' dir='ltr'>ἡ</span> <span class='ocrx_word' id='word_1_230' title='bbox 2092 587 2237 658; x_wconf 79' lang='grc' dir='ltr'>ἀρχὴ</span> <span class='ocrx_word' id='word_1_231' title='bbox 2290 588 2383 641; x_wconf 80' lang='grc' dir='ltr'>καὶ</span> <span class='ocrx_word' id='word_1_232' title='bbox 2447 587 2509 641; x_wconf 77' lang='grc' dir='ltr'>τὸ</span> <span class='ocrx_word' id='word_1_233' title='bbox 2569 588 2749 642; x_wconf 73' lang='grc' dir='ltr'>αἴτιον</span> <span class='ocrx_word' id='word_1_234' title='bbox 2801 590 2907 643; x_wconf 87' lang='grc' dir='ltr'>τῶν</span> <span class='ocrx_word' id='word_1_235' title='bbox 2950 589 3008 654; x_wconf 83' lang='grc' dir='ltr'>ἐξ</span> <span class='ocrx_word' id='word_1_236' title='bbox 3036 592 3205 646; x_wconf 74' lang='grc' dir='ltr'>αὐτοῦ</span> <span class='ocrx_word' id='word_1_237' title='bbox 3253 592 3347 647; x_wconf 87' lang='grc' dir='ltr'>τοῦ</span> <span class='ocrx_word' id='word_1_238' title='bbox 3392 597 3607 665; x_wconf 64' lang='grc' dir='ltr'>Πατρός</span> 
     </span>
    </p>
   </div>
   <div class='ocr_carea' id='block_1_34' title="bbox 2018 679 3604 758">
    <p class='ocr_par' dir='ltr' id='par_1_34' title="bbox 2018 679 3604 758">
     <span class='ocr_line' id='line_1_34' title="bbox 2018 679 3604 758; baseline 0.009 -29"><span class='ocrx_word' id='word_1_239' title='bbox 2018 679 2264 745; x_wconf 84' lang='grc' dir='ltr'>φυσικῶς</span> <span class='ocrx_word' id='word_1_240' title='bbox 2293 680 2593 749; x_wconf 80' lang='grc' dir='ltr'>προϊόντων</span> <span class='ocrx_word' id='word_1_241' title='bbox 2636 680 2797 735; x_wconf 82' lang='grc' dir='ltr'>θείων</span> <span class='ocrx_word' id='word_1_242' title='bbox 2838 683 3167 751; x_wconf 85' lang='grc' dir='ltr'>προσώπων,</span> <span class='ocrx_word' id='word_1_243' title='bbox 3207 685 3302 740; x_wconf 88' lang='grc' dir='ltr'>τοῦ</span> <span class='ocrx_word' id='word_1_244' title='bbox 3339 688 3515 758; x_wconf 88' lang='grc' dir='ltr'>Λόγου</span> <span class='ocrx_word' id='word_1_245' title='bbox 3548 708 3604 743; x_wconf 89' lang='grc' dir='ltr'>τε</span> 
     </span>
    </p>
   </div>
   <div class='ocr_carea' id='block_1_35' title="bbox 2016 767 2629 839">
    <p class='ocr_par' dir='ltr' id='par_1_35' title="bbox 2016 767 2629 839">
     <span class='ocr_line' id='line_1_35' title="bbox 2016 767 2629 839; baseline 0.005 -20"><span class='ocrx_word' id='word_1_246' title='bbox 2016 769 2114 820; x_wconf 75' lang='grc' dir='ltr'>καὶ</span> <span class='ocrx_word' id='word_1_247' title='bbox 2159 767 2253 820; x_wconf 88' lang='grc' dir='ltr'>τοῦ</span> <span class='ocrx_word' id='word_1_248' title='bbox 2286 768 2629 839; x_wconf 84' lang='grc' dir='ltr'>Πνεύματος.</span> 
     </span>
    </p>
   </div>
   <div class='ocr_carea' id='block_1_36' title="bbox 2087 861 3604 934">
    <p class='ocr_par' dir='ltr' id='par_1_36' title="bbox 2087 861 3604 934">
     <span class='ocr_line' id='line_1_36' title="bbox 2087 861 3604 934; baseline 0.007 -22"><span class='ocrx_word' id='word_1_249' title='bbox 2087 861 2202 914; x_wconf 77' lang='grc' dir='ltr'>Καὶ</span> <span class='ocrx_word' id='word_1_250' title='bbox 2230 862 2397 930; x_wconf 79' lang='grc' dir='ltr'>ἡμεῖς</span> <span class='ocrx_word' id='word_1_251' title='bbox 2431 861 2532 930; x_wconf 75' lang='grc' dir='ltr'>μὲν</span> <span class='ocrx_word' id='word_1_252' title='bbox 2583 863 2641 915; x_wconf 80' lang='grc' dir='ltr'>ἐν</span> <span class='ocrx_word' id='word_1_253' title='bbox 2693 862 2772 932; x_wconf 83' lang='grc' dir='ltr'>τῷ</span> <span class='ocrx_word' id='word_1_254' title='bbox 2815 862 3080 934; x_wconf 83' lang='grc' dir='ltr'>Συμδόλῳ</span> <span class='ocrx_word' id='word_1_255' title='bbox 3110 863 3363 934; x_wconf 79' lang='grc' dir='ltr'>λέγοντες</span> <span class='ocrx_word' id='word_1_256' title='bbox 3392 869 3451 921; x_wconf 85' lang='grc' dir='ltr'>ἐκ</span> <span class='ocrx_word' id='word_1_257' title='bbox 3489 871 3604 924; x_wconf 86' lang='grc' dir='ltr'>Πα-</span> 
     </span>
    </p>
   </div>
   <div class='ocr_carea' id='block_1_37' title="bbox 2015 953 3605 1028">
    <p class='ocr_par' dir='ltr' id='par_1_37' title="bbox 2015 953 3605 1028">
     <span class='ocr_line' id='line_1_37' title="bbox 2015 953 3605 1028; baseline 0.006 -23"><span class='ocrx_word' id='word_1_258' title='bbox 2015 954 2153 1023; x_wconf 81' lang='grc' dir='ltr'>τρὸς</span> <span class='ocrx_word' id='word_1_259' title='bbox 2207 953 2613 1022; x_wconf 78' lang='grc' dir='ltr'>ἐκπορεύεσθαι</span> <span class='ocrx_word' id='word_1_260' title='bbox 2669 956 2733 1009; x_wconf 83' lang='grc' dir='ltr'>τὸ</span> <span class='ocrx_word' id='word_1_261' title='bbox 2778 956 3005 1026; x_wconf 85' lang='grc' dir='ltr'>Πνεῦμα</span> <span class='ocrx_word' id='word_1_262' title='bbox 3050 958 3214 1028; x_wconf 91' lang='grc' dir='ltr'>μόνον</span> <span class='ocrx_word' id='word_1_263' title='bbox 3242 1000 3256 1024; x_wconf 91' lang='grc'>,</span> <span class='ocrx_word' id='word_1_264' title='bbox 3313 961 3411 1013; x_wconf 73' lang='grc' dir='ltr'>καὶ</span> <span class='ocrx_word' id='word_1_265' title='bbox 3451 961 3605 1014; x_wconf 73' lang='grc' dir='ltr'>οὐδὲν</span> 
     </span>
    </p>
   </div>
   <div class='ocr_carea' id='block_1_38' title="bbox 2016 1036 3604 1123">
    <p class='ocr_par' dir='ltr' id='par_1_38' title="bbox 2016 1036 3604 1123">
     <span class='ocr_line' id='line_1_38' title="bbox 2016 1036 3604 1123; baseline 0.005 -25"><span class='ocrx_word' id='word_1_266' title='bbox 2016 1043 2407 1114; x_wconf 77' lang='grc' dir='ltr'>προστιθέντες</span> <span class='ocrx_word' id='word_1_267' title='bbox 2432 1048 2489 1100; x_wconf 85' lang='grc' dir='ltr'>ἐν</span> <span class='ocrx_word' id='word_1_268' title='bbox 2517 1046 2691 1116; x_wconf 84' lang='grc' dir='ltr'>αὐτῷ,</span> <span class='ocrx_word' id='word_1_269' title='bbox 2720 1048 2815 1102; x_wconf 75' lang='grc' dir='ltr'>καὶ</span> <span class='ocrx_word' id='word_1_270' title='bbox 2840 1048 2932 1102; x_wconf 86' lang='grc' dir='ltr'>τὸν</span> <span class='ocrx_word' id='word_1_271' title='bbox 2953 1048 3084 1103; x_wconf 81' lang='grc' dir='ltr'>Υἰδν</span> <span class='ocrx_word' id='word_1_272' title='bbox 3114 1050 3211 1104; x_wconf 87' lang='grc' dir='ltr'>τοῦ</span> <span class='ocrx_word' id='word_1_273' title='bbox 3245 1036 3381 1106; x_wconf 86' lang='grc' dir='ltr'>Θεοῦ</span> <span class='ocrx_word' id='word_1_274' title='bbox 3406 1049 3604 1123; x_wconf 77' lang='grc' dir='ltr'>ὁμοού-</span> 
     </span>
    </p>
   </div>
   <div class='ocr_carea' id='block_1_39' title="bbox 2018 1129 3604 1217">
    <p class='ocr_par' dir='ltr' id='par_1_39' title="bbox 2018 1129 3604 1217">
     <span class='ocr_line' id='line_1_39' title="bbox 2018 1129 3604 1217; baseline 0.008 -30"><span class='ocrx_word' id='word_1_275' title='bbox 2018 1151 2133 1188; x_wconf 85' lang='grc' dir='ltr'>σιον</span> <span class='ocrx_word' id='word_1_276' title='bbox 2169 1129 2312 1189; x_wconf 76' lang='grc' dir='ltr'>εῖναι</span> <span class='ocrx_word' id='word_1_277' title='bbox 2347 1136 2425 1201; x_wconf 85' lang='grc' dir='ltr'>τῷ</span> <span class='ocrx_word' id='word_1_278' title='bbox 2457 1137 2657 1209; x_wconf 75' lang='grc' dir='ltr'>Πατρὶ,</span> <span class='ocrx_word' id='word_1_279' title='bbox 2687 1139 2782 1192; x_wconf 76' lang='grc' dir='ltr'>καὶ</span> <span class='ocrx_word' id='word_1_280' title='bbox 2809 1139 2871 1192; x_wconf 81' lang='grc' dir='ltr'>τὸ</span> <span class='ocrx_word' id='word_1_281' title='bbox 2902 1140 3129 1212; x_wconf 84' lang='grc' dir='ltr'>Πνεῦμα</span> <span class='ocrx_word' id='word_1_282' title='bbox 3163 1143 3338 1216; x_wconf 79' lang='grc' dir='ltr'>Πατρὶ</span> <span class='ocrx_word' id='word_1_283' title='bbox 3366 1148 3459 1200; x_wconf 81' lang='grc' dir='ltr'>καὶ</span> <span class='ocrx_word' id='word_1_284' title='bbox 3488 1147 3604 1217; x_wconf 84' lang='grc' dir='ltr'>Υἱῷ</span> 
     </span>
    </p>
   </div>
   <div class='ocr_carea' id='block_1_40' title="bbox 2017 1228 3601 1308">
    <p class='ocr_par' dir='ltr' id='par_1_40' title="bbox 2017 1228 3601 1308">
     <span class='ocr_line' id='line_1_40' title="bbox 2017 1228 3601 1308; baseline 0.009 -28"><span class='ocrx_word' id='word_1_285' title='bbox 2017 1232 2621 1298; x_wconf 87' lang='grc' dir='ltr'>συμπροσκυνούμενον</span> <span class='ocrx_word' id='word_1_286' title='bbox 2651 1228 2794 1285; x_wconf 72' lang='grc' dir='ltr'>εἶναι</span> <span class='ocrx_word' id='word_1_287' title='bbox 2848 1233 2943 1287; x_wconf 76' lang='grc' dir='ltr'>καὶ</span> <span class='ocrx_word' id='word_1_288' title='bbox 2976 1235 3441 1308; x_wconf 80' lang='grc' dir='ltr'>συνδοξαζόμενον</span> <span class='ocrx_word' id='word_1_289' title='bbox 3474 1257 3601 1294; x_wconf 90' lang='grc' dir='ltr'>συν-</span> 
     </span>
    </p>
   </div>
   <div class='ocr_carea' id='block_1_41' title="bbox 2013 1320 3602 1400">
    <p class='ocr_par' dir='ltr' id='par_1_41' title="bbox 2013 1320 3602 1400">
     <span class='ocr_line' id='line_1_41' title="bbox 2013 1320 3602 1400; baseline 0.008 -28"><span class='ocrx_word' id='word_1_290' title='bbox 2013 1321 2408 1390; x_wconf 81' lang='grc' dir='ltr'>ομολογοῦμενο</span> <span class='ocrx_word' id='word_1_291' title='bbox 2444 1320 2572 1377; x_wconf 84' lang='grc' dir='ltr'>ὥστ’</span> <span class='ocrx_word' id='word_1_292' title='bbox 2604 1323 2703 1375; x_wconf 84' lang='grc' dir='ltr'>οὐκ</span> <span class='ocrx_word' id='word_1_293' title='bbox 2746 1325 2811 1378; x_wconf 85' lang='grc' dir='ltr'>ἂν</span> <span class='ocrx_word' id='word_1_294' title='bbox 2864 1327 3014 1395; x_wconf 72' lang='grc' dir='ltr'>ἡμᾶς</span> <span class='ocrx_word' id='word_1_295' title='bbox 3055 1326 3277 1382; x_wconf 87' lang='grc' dir='ltr'>δύναιτο</span> <span class='ocrx_word' id='word_1_296' title='bbox 3331 1332 3602 1400; x_wconf 74' lang='grc' dir='ltr'>περιγρά-</span> 
     </span>
    </p>
   </div>
   <div class='ocr_carea' id='block_1_42' title="bbox 2015 1412 3591 1494">
    <p class='ocr_par' dir='ltr' id='par_1_42' title="bbox 2015 1412 3591 1494">
     <span class='ocr_line' id='line_1_42' title="bbox 2015 1412 3591 1494; baseline 0.006 -27"><span class='ocrx_word' id='word_1_297' title='bbox 2015 1432 2139 1483; x_wconf 90' lang='grc' dir='ltr'>φειν</span> <span class='ocrx_word' id='word_1_298' title='bbox 2165 1412 2358 1479; x_wconf 74' lang='grc' dir='ltr'>οὐδείς·</span> <span class='ocrx_word' id='word_1_299' title='bbox 2398 1419 2447 1470; x_wconf 90' lang='grc' dir='ltr'>οἱ</span> <span class='ocrx_word' id='word_1_300' title='bbox 2499 1417 2556 1469; x_wconf 86' lang='grc' dir='ltr'>δέ</span> <span class='ocrx_word' id='word_1_301' title='bbox 2597 1418 2692 1471; x_wconf 75' lang='grc' dir='ltr'>καὶ</span> <span class='ocrx_word' id='word_1_302' title='bbox 2723 1419 2787 1470; x_wconf 88' lang='grc' dir='ltr'>ἐκ</span> <span class='ocrx_word' id='word_1_303' title='bbox 2814 1418 2907 1470; x_wconf 92' lang='grc' dir='ltr'>τοῦ</span> <span class='ocrx_word' id='word_1_304' title='bbox 2945 1419 3076 1473; x_wconf 83' lang='grc' dir='ltr'>Υἱοῦ</span> <span class='ocrx_word' id='word_1_305' title='bbox 3116 1422 3177 1473; x_wconf 78' lang='grc' dir='ltr'>τὸ</span> <span class='ocrx_word' id='word_1_306' title='bbox 3211 1422 3436 1493; x_wconf 85' lang='grc' dir='ltr'>Πνεῦμα</span> <span class='ocrx_word' id='word_1_307' title='bbox 3466 1441 3591 1494; x_wconf 91' lang='grc' dir='ltr'>προ-</span> 
     </span>
    </p>
   </div>
   <div class='ocr_carea' id='block_1_43' title="bbox 2014 1504 3598 1579">
    <p class='ocr_par' dir='ltr' id='par_1_43' title="bbox 2014 1504 3598 1579">
     <span class='ocr_line' id='line_1_43' title="bbox 2014 1504 3598 1579; baseline 0.007 -21"><span class='ocrx_word' id='word_1_308' title='bbox 2014 1504 2312 1560; x_wconf 80' lang='grc' dir='ltr'>ϐάλλεσθαι</span> <span class='ocrx_word' id='word_1_309' title='bbox 2348 1508 2745 1577; x_wconf 81' lang='grc' dir='ltr'>προστιθέντες</span> <span class='ocrx_word' id='word_1_310' title='bbox 2777 1510 2838 1563; x_wconf 77' lang='grc' dir='ltr'>οὐ</span> <span class='ocrx_word' id='word_1_311' title='bbox 2870 1509 3334 1579; x_wconf 89' lang='grc' dir='ltr'>συνομολογοῦσιν</span> <span class='ocrx_word' id='word_1_312' title='bbox 3378 1515 3436 1567; x_wconf 83' lang='grc' dir='ltr'>ἐν</span> <span class='ocrx_word' id='word_1_313' title='bbox 3466 1534 3598 1568; x_wconf 79' lang='grc' dir='ltr'>ταυ·</span> 
     </span>
    </p>
   </div>
   <div class='ocr_carea' id='block_1_44' title="bbox 2010 1599 3598 1679">
    <p class='ocr_par' dir='ltr' id='par_1_44' title="bbox 2010 1599 3598 1679">
     <span class='ocr_line' id='line_1_44' title="bbox 2010 1599 3598 1679; baseline 0.005 -27"><span class='ocrx_word' id='word_1_314' title='bbox 2010 1599 2089 1669; x_wconf 84' lang='grc' dir='ltr'>τῷ</span> <span class='ocrx_word' id='word_1_315' title='bbox 2118 1600 2214 1653; x_wconf 82' lang='grc' dir='ltr'>καὶ</span> <span class='ocrx_word' id='word_1_316' title='bbox 2242 1601 2343 1670; x_wconf 77' lang='grc' dir='ltr'>τὴν</span> <span class='ocrx_word' id='word_1_317' title='bbox 2384 1601 2495 1654; x_wconf 88' lang='grc' dir='ltr'>τῶν</span> <span class='ocrx_word' id='word_1_318' title='bbox 2526 1601 2745 1655; x_wconf 83' lang='grc' dir='ltr'>ἀτόπων</span> <span class='ocrx_word' id='word_1_319' title='bbox 2776 1603 3005 1660; x_wconf 85' lang='grc' dir='ltr'>ἐκείνων</span> <span class='ocrx_word' id='word_1_320' title='bbox 3038 1610 3261 1664; x_wconf 81' lang='grc' dir='ltr'>πάντων</span> <span class='ocrx_word' id='word_1_321' title='bbox 3292 1608 3492 1679; x_wconf 82' lang='grc' dir='ltr'>φυγὴν,</span> <span class='ocrx_word' id='word_1_322' title='bbox 3522 1607 3598 1670; x_wconf 90' lang='grc' dir='ltr'>ώς</span> 
     </span>
    </p>
   </div>
   <div class='ocr_carea' id='block_1_45' title="bbox 2014 1692 3601 1770">
    <p class='ocr_par' dir='ltr' id='par_1_45' title="bbox 2014 1692 3601 1770">
     <span class='ocr_line' id='line_1_45' title="bbox 2014 1692 3601 1770; baseline 0.004 -25"><span class='ocrx_word' id='word_1_323' title='bbox 2014 1694 2084 1746; x_wconf 86' lang='grc' dir='ltr'>ἂν</span> <span class='ocrx_word' id='word_1_324' title='bbox 2121 1692 2407 1747; x_wconf 53' lang='grc' dir='ltr'>ἀκίνδυνος·</span> <span class='ocrx_word' id='word_1_325' title='bbox 2440 1696 2679 1749; x_wconf 87' lang='grc' dir='ltr'>ποιοῖντο</span> <span class='ocrx_word' id='word_1_326' title='bbox 2732 1694 2793 1750; x_wconf 70' lang='grc' dir='ltr'>τὸ</span> <span class='ocrx_word' id='word_1_327' title='bbox 2842 1700 3107 1769; x_wconf 80' lang='grc' dir='ltr'>κήρυγμα</span> <span class='ocrx_word' id='word_1_328' title='bbox 3155 1703 3267 1763; x_wconf 82' lang='grc' dir='ltr'>τοῖς</span> <span class='ocrx_word' id='word_1_329' title='bbox 3301 1716 3601 1770; x_wconf 77' lang='grc' dir='ltr'>συντρεφο-</span> 
     </span>
    </p>
   </div>
   <div class='ocr_carea' id='block_1_46' title="bbox 2016 1785 3599 1854">
    <p class='ocr_par' dir='ltr' id='par_1_46' title="bbox 2016 1785 3599 1854">
     <span class='ocr_line' id='line_1_46' title="bbox 2016 1785 3599 1854; baseline 0.006 -19"><span class='ocrx_word' id='word_1_330' title='bbox 2016 1785 2201 1851; x_wconf 87' lang='grc' dir='ltr'>μένοις</span> <span class='ocrx_word' id='word_1_331' title='bbox 2250 1785 2424 1854; x_wconf 80' lang='grc' dir='ltr'>αύτῷ,</span> <span class='ocrx_word' id='word_1_332' title='bbox 2487 1786 2599 1839; x_wconf 87' lang='grc' dir='ltr'>τῶν</span> <span class='ocrx_word' id='word_1_333' title='bbox 2648 1789 2986 1845; x_wconf 88' lang='grc' dir='ltr'>συνέπεσθαι</span> <span class='ocrx_word' id='word_1_334' title='bbox 3016 1791 3327 1845; x_wconf 81' lang='grc' dir='ltr'>δοκούντων</span> <span class='ocrx_word' id='word_1_335' title='bbox 3379 1791 3599 1845; x_wconf 81' lang='grc' dir='ltr'>ἐλαυνο-</span> 
     </span>
    </p>
   </div>
   <div class='ocr_carea' id='block_1_47' title="bbox 2013 1872 3593 1949">
    <p class='ocr_par' dir='ltr' id='par_1_47' title="bbox 2013 1872 3593 1949">
     <span class='ocr_line' id='line_1_47' title="bbox 2013 1872 3593 1949; baseline 0.006 -24"><span class='ocrx_word' id='word_1_336' title='bbox 2013 1872 2218 1940; x_wconf 80' lang='grc' dir='ltr'>μένων,</span> <span class='ocrx_word' id='word_1_337' title='bbox 2272 1876 2321 1927; x_wconf 87' lang='grc' dir='ltr'>εἰ</span> <span class='ocrx_word' id='word_1_338' title='bbox 2376 1876 2473 1928; x_wconf 75' lang='grc' dir='ltr'>καὶ</span> <span class='ocrx_word' id='word_1_339' title='bbox 2531 1877 2755 1932; x_wconf 76' lang='grc' dir='ltr'>ἐδόκουν</span> <span class='ocrx_word' id='word_1_340' title='bbox 2812 1880 2975 1949; x_wconf 90' lang='grc' dir='ltr'>μόνον</span> <span class='ocrx_word' id='word_1_341' title='bbox 3026 1881 3126 1934; x_wconf 77' lang='grc' dir='ltr'>οὐκ</span> <span class='ocrx_word' id='word_1_342' title='bbox 3158 1882 3289 1934; x_wconf 79' lang='grc' dir='ltr'>ὄντα</span> <span class='ocrx_word' id='word_1_343' title='bbox 3346 1880 3593 1936; x_wconf 89' lang='grc' dir='ltr'>τοιαῦτα.</span> 
     </span>
    </p>
   </div>
   <div class='ocr_carea' id='block_1_48' title="bbox 2008 1962 3593 2042">
    <p class='ocr_par' dir='ltr' id='par_1_48' title="bbox 2008 1962 3593 2042">
     <span class='ocr_line' id='line_1_48' title="bbox 2008 1962 3593 2042; baseline 0.005 -25"><span class='ocrx_word' id='word_1_344' title='bbox 2008 1962 2123 2017; x_wconf 86' lang='grc' dir='ltr'>Νῦν</span> <span class='ocrx_word' id='word_1_345' title='bbox 2161 1964 2218 2017; x_wconf 85' lang='grc' dir='ltr'>δὲ</span> <span class='ocrx_word' id='word_1_346' title='bbox 2253 1967 2349 2019; x_wconf 77' lang='grc' dir='ltr'>καὶ</span> <span class='ocrx_word' id='word_1_347' title='bbox 2367 1967 2579 2030; x_wconf 72' lang='grc' dir='ltr'>’παντὸς</span> <span class='ocrx_word' id='word_1_348' title='bbox 2628 1969 2830 2037; x_wconf 80' lang='grc' dir='ltr'>μᾶλλον</span> <span class='ocrx_word' id='word_1_349' title='bbox 2860 1970 3151 2025; x_wconf 86' lang='grc' dir='ltr'>ἀκολουθεῖ</span> <span class='ocrx_word' id='word_1_350' title='bbox 3184 1973 3353 2025; x_wconf 86' lang='grc' dir='ltr'>πολλά</span> <span class='ocrx_word' id='word_1_351' title='bbox 3386 1973 3487 2042; x_wconf 71' lang='grc' dir='ltr'>μὲν</span> <span class='ocrx_word' id='word_1_352' title='bbox 3527 1976 3593 2042; x_wconf 79' lang='grc' dir='ltr'>τῇ</span> 
     </span>
    </p>
   </div>
   <div class='ocr_carea' id='block_1_49' title="bbox 2004 2056 3593 2130">
    <p class='ocr_par' dir='ltr' id='par_1_49' title="bbox 2004 2056 3593 2130">
     <span class='ocr_line' id='line_1_49' title="bbox 2004 2056 3593 2130; baseline 0.003 -18"><span class='ocrx_word' id='word_1_353' title='bbox 2004 2056 2153 2130; x_wconf 80' lang='grc' dir='ltr'>δόξῃ,</span> <span class='ocrx_word' id='word_1_354' title='bbox 2187 2059 2297 2119; x_wconf 90' lang='grc' dir='ltr'>τοῖς</span> <span class='ocrx_word' id='word_1_355' title='bbox 2326 2058 2371 2111; x_wconf 86' lang='grc' dir='ltr'>δ’</span> <span class='ocrx_word' id='word_1_356' title='bbox 2401 2059 2538 2130; x_wconf 81' lang='grc' dir='ltr'>αὐτῇ</span> <span class='ocrx_word' id='word_1_357' title='bbox 2583 2059 2895 2130; x_wconf 83' lang='grc' dir='ltr'>τιθεμένοις</span> <span class='ocrx_word' id='word_1_358' title='bbox 2938 2063 2996 2115; x_wconf 79' lang='grc' dir='ltr'>ἓν</span> <span class='ocrx_word' id='word_1_359' title='bbox 3047 2081 3101 2116; x_wconf 90' lang='grc' dir='ltr'>τι</span> <span class='ocrx_word' id='word_1_360' title='bbox 3133 2066 3195 2117; x_wconf 84' lang='grc' dir='ltr'>ἐκ</span> <span class='ocrx_word' id='word_1_361' title='bbox 3228 2066 3447 2119; x_wconf 87' lang='grc' dir='ltr'>πάντων</span> <span class='ocrx_word' id='word_1_362' title='bbox 3470 2067 3593 2119; x_wconf 84' lang='grc' dir='ltr'>τού-</span> 
     </span>
    </p>
   </div>
   <div class='ocr_carea' id='block_1_50' title="bbox 2006 2150 3595 2227">
    <p class='ocr_par' dir='ltr' id='par_1_50' title="bbox 2006 2150 3595 2227">
     <span class='ocr_line' id='line_1_50' title="bbox 2006 2150 3595 2227; baseline 0.006 -24"><span class='ocrx_word' id='word_1_363' title='bbox 2006 2150 2261 2221; x_wconf 88' lang='grc' dir='ltr'>λάχιστον</span> <span class='ocrx_word' id='word_1_364' title='bbox 2289 2152 2426 2223; x_wconf 85' lang='grc' dir='ltr'>ὅπερ</span> <span class='ocrx_word' id='word_1_365' title='bbox 2458 2155 2731 2225; x_wconf 82' lang='grc' dir='ltr'>προσήκει</span> <span class='ocrx_word' id='word_1_366' title='bbox 2767 2154 2846 2225; x_wconf 83' lang='grc' dir='ltr'>τῷ</span> <span class='ocrx_word' id='word_1_367' title='bbox 2884 2155 3124 2227; x_wconf 84' lang='grc' dir='ltr'>θεμελίῳ</span> <span class='ocrx_word' id='word_1_368' title='bbox 3175 2158 3277 2227; x_wconf 86' lang='grc' dir='ltr'>τῆς</span> <span class='ocrx_word' id='word_1_369' title='bbox 3324 2159 3507 2224; x_wconf 78' lang='grc' dir='ltr'>δόξης,</span> <span class='ocrx_word' id='word_1_370' title='bbox 3536 2158 3595 2211; x_wconf 81' lang='grc' dir='ltr'>δν</span> 
     </span>
    </p>
   </div>
   <div class='ocr_carea' id='block_1_51' title="bbox 2003 2242 3579 2315">
    <p class='ocr_par' dir='ltr' id='par_1_51' title="bbox 2003 2242 3579 2315">
     <span class='ocr_line' id='line_1_51' title="bbox 2003 2242 3579 2315; baseline 0.006 -19"><span class='ocrx_word' id='word_1_371' title='bbox 2003 2244 2066 2296; x_wconf 83' lang='grc' dir='ltr'>ἐκ</span> <span class='ocrx_word' id='word_1_372' title='bbox 2098 2242 2317 2298; x_wconf 82' lang='grc' dir='ltr'>πάντων</span> <span class='ocrx_word' id='word_1_373' title='bbox 2352 2244 2418 2298; x_wconf 80' lang='grc' dir='ltr'>ἂν</span> <span class='ocrx_word' id='word_1_374' title='bbox 2457 2245 2688 2299; x_wconf 70' lang='grc' dir='ltr'>ἕλοιντο·</span> <span class='ocrx_word' id='word_1_375' title='bbox 2721 2248 2975 2315; x_wconf 85' lang='grc' dir='ltr'>ἀγνοοῦσι</span> <span class='ocrx_word' id='word_1_376' title='bbox 3017 2250 3073 2302; x_wconf 79' lang='grc' dir='ltr'>δὲ</span> <span class='ocrx_word' id='word_1_377' title='bbox 3125 2250 3222 2303; x_wconf 74' lang='grc' dir='ltr'>καὶ</span> <span class='ocrx_word' id='word_1_378' title='bbox 3256 2248 3383 2304; x_wconf 77' lang='grc' dir='ltr'>οὔτε</span> <span class='ocrx_word' id='word_1_379' title='bbox 3432 2252 3579 2305; x_wconf 81' lang='grc' dir='ltr'>διδα-</span> 
     </span>
    </p>
   </div>
   <div class='ocr_carea' id='block_1_52' title="bbox 2006 2334 3588 2408">
    <p class='ocr_par' dir='ltr' id='par_1_52' title="bbox 2006 2334 3588 2408">
     <span class='ocr_line' id='line_1_52' title="bbox 2006 2334 3588 2408; baseline 0.008 -22"><span class='ocrx_word' id='word_1_380' title='bbox 2006 2334 2263 2405; x_wconf 85' lang='grc' dir='ltr'>σκόμενοι</span> <span class='ocrx_word' id='word_1_381' title='bbox 2289 2336 2483 2405; x_wconf 86' lang='grc' dir='ltr'>μαθεῖν</span> <span class='ocrx_word' id='word_1_382' title='bbox 2515 2339 2860 2407; x_wconf 79' lang='grc' dir='ltr'>ἀνεχόμενοι,</span> <span class='ocrx_word' id='word_1_383' title='bbox 2889 2341 2964 2402; x_wconf 85' lang='grc' dir='ltr'>ὡς</span> <span class='ocrx_word' id='word_1_384' title='bbox 2989 2340 3051 2393; x_wconf 80' lang='grc' dir='ltr'>τὸ</span> <span class='ocrx_word' id='word_1_385' title='bbox 3081 2336 3222 2394; x_wconf 80' lang='grc' dir='ltr'>εἷναί</span> <span class='ocrx_word' id='word_1_386' title='bbox 3245 2358 3298 2395; x_wconf 89' lang='grc' dir='ltr'>τι</span> <span class='ocrx_word' id='word_1_387' title='bbox 3331 2340 3397 2394; x_wconf 75' lang='grc' dir='ltr'>ἐκ</span> <span class='ocrx_word' id='word_1_388' title='bbox 3424 2360 3588 2408; x_wconf 77' lang='grc' dir='ltr'>τινος.</span> 
     </span>
    </p>
   </div>
   <div class='ocr_carea' id='block_1_53' title="bbox 2003 2424 3587 2506">
    <p class='ocr_par' dir='ltr' id='par_1_53' title="bbox 2003 2424 3587 2506">
     <span class='ocr_line' id='line_1_53' title="bbox 2003 2424 3587 2506; baseline 0.003 -25"><span class='ocrx_word' id='word_1_389' title='bbox 2003 2428 2097 2481; x_wconf 79' lang='grc' dir='ltr'>καὶ</span> <span class='ocrx_word' id='word_1_390' title='bbox 2130 2428 2190 2480; x_wconf 80' lang='grc' dir='ltr'>τὸ</span> <span class='ocrx_word' id='word_1_391' title='bbox 2217 2424 2363 2480; x_wconf 83' lang='grc' dir='ltr'>εἷναί</span> <span class='ocrx_word' id='word_1_392' title='bbox 2415 2446 2584 2494; x_wconf 79' lang='grc' dir='ltr'>τινος,</span> <span class='ocrx_word' id='word_1_393' title='bbox 2631 2431 2731 2483; x_wconf 84' lang='grc' dir='ltr'>οὐκ</span> <span class='ocrx_word' id='word_1_394' title='bbox 2780 2431 2841 2495; x_wconf 83' lang='grc' dir='ltr'>ἐξ</span> <span class='ocrx_word' id='word_1_395' title='bbox 2893 2432 3147 2503; x_wconf 84' lang='grc' dir='ltr'>ἀνάγκης</span> <span class='ocrx_word' id='word_1_396' title='bbox 3199 2436 3587 2506; x_wconf 81' lang='grc' dir='ltr'>συνέρχονται,</span> 
     </span>
    </p>
   </div>
   <div class='ocr_carea' id='block_1_54' title="bbox 2001 2519 3586 2594">
    <p class='ocr_par' dir='ltr' id='par_1_54' title="bbox 2001 2519 3586 2594">
     <span class='ocr_line' id='line_1_54' title="bbox 2001 2519 3586 2594; baseline 0.003 -19"><span class='ocrx_word' id='word_1_397' title='bbox 2001 2520 2119 2575; x_wconf 86' lang='grc' dir='ltr'>ἀλλ’</span> <span class='ocrx_word' id='word_1_398' title='bbox 2154 2520 2304 2573; x_wconf 79' lang='grc' dir='ltr'>ἐστιν</span> <span class='ocrx_word' id='word_1_399' title='bbox 2358 2521 2417 2575; x_wconf 84' lang='grc' dir='ltr'>οῦ</span> <span class='ocrx_word' id='word_1_400' title='bbox 2468 2522 2802 2592; x_wconf 77' lang='grc' dir='ltr'>χωρίζονται</span> <span class='ocrx_word' id='word_1_401' title='bbox 2832 2538 2845 2553; x_wconf 88' lang='grc'>⁶</span> <span class='ocrx_word' id='word_1_402' title='bbox 2908 2519 3023 2578; x_wconf 73' lang='grc' dir='ltr'>οἷον</span> <span class='ocrx_word' id='word_1_403' title='bbox 3076 2530 3432 2593; x_wconf 76' lang='grc' dir='ltr'>συνέρχονται</span> <span class='ocrx_word' id='word_1_404' title='bbox 3466 2528 3586 2594; x_wconf 57' lang='lat' dir='ltr'>ph&quot;,</span> 
     </span>
    </p>
   </div>
   <div class='ocr_carea' id='block_1_55' title="bbox 1999 2608 3589 2691">
    <p class='ocr_par' dir='ltr' id='par_1_55' title="bbox 1999 2608 3589 2691">
     <span class='ocr_line' id='line_1_55' title="bbox 1999 2608 3589 2691; baseline 0.002 -23"><span class='ocrx_word' id='word_1_405' title='bbox 1999 2613 2220 2668; x_wconf 83' lang='grc' dir='ltr'>ἐπειδάν</span> <span class='ocrx_word' id='word_1_406' title='bbox 2250 2615 2623 2686; x_wconf 79' lang='grc' dir='ltr'>ἀναφέρωμεν</span> <span class='ocrx_word' id='word_1_407' title='bbox 2653 2616 2716 2670; x_wconf 79' lang='grc' dir='ltr'>τὸ</span> <span class='ocrx_word' id='word_1_408' title='bbox 2750 2616 2977 2687; x_wconf 87' lang='grc' dir='ltr'>Πνεῦμα</span> <span class='ocrx_word' id='word_1_409' title='bbox 3016 2618 3156 2689; x_wconf 83' lang='grc' dir='ltr'>πρὸς</span> <span class='ocrx_word' id='word_1_410' title='bbox 3207 2608 3299 2671; x_wconf 78' lang='grc' dir='ltr'>τὸν</span> <span class='ocrx_word' id='word_1_411' title='bbox 3345 2621 3589 2691; x_wconf 82' lang='grc' dir='ltr'>Πατέρα,</span> 
     </span>
    </p>
   </div>
   <div class='ocr_carea' id='block_1_56' title="bbox 1998 2705 3592 2781">
    <p class='ocr_par' dir='ltr' id='par_1_56' title="bbox 1998 2705 3592 2781">
     <span class='ocr_line' id='line_1_56' title="bbox 1998 2705 3592 2781; baseline 0.001 -20"><span class='ocrx_word' id='word_1_412' title='bbox 1998 2705 2095 2777; x_wconf 81' lang='grc' dir='ltr'>οὐχ</span> <span class='ocrx_word' id='word_1_413' title='bbox 2131 2706 2208 2771; x_wconf 80' lang='grc' dir='ltr'>ὡς</span> <span class='ocrx_word' id='word_1_414' title='bbox 2237 2708 2404 2762; x_wconf 79' lang='grc' dir='ltr'>ταυτὺ</span> <span class='ocrx_word' id='word_1_415' title='bbox 2434 2707 2716 2773; x_wconf 87' lang='grc' dir='ltr'>δύνασθαι,</span> <span class='ocrx_word' id='word_1_416' title='bbox 2760 2710 2925 2763; x_wconf 80' lang='grc' dir='ltr'>Ἀλλο</span> <span class='ocrx_word' id='word_1_417' title='bbox 2955 2710 3082 2779; x_wconf 75' lang='grc' dir='ltr'>γὰρ,</span> <span class='ocrx_word' id='word_1_418' title='bbox 3123 2712 3289 2781; x_wconf 74' lang='grc' dir='ltr'>φησὶν</span> <span class='ocrx_word' id='word_1_419' title='bbox 3322 2713 3348 2764; x_wconf 89' lang='grc' dir='ltr'>ὁ</span> <span class='ocrx_word' id='word_1_420' title='bbox 3376 2713 3592 2779; x_wconf 78' lang='grc' dir='ltr'>Χρυσὸ-</span> 
     </span>
    </p>
   </div>
   <div class='ocr_carea' id='block_1_57' title="bbox 2001 2797 3591 2869">
    <p class='ocr_par' dir='ltr' id='par_1_57' title="bbox 2001 2797 3591 2869">
     <span class='ocr_line' id='line_1_57' title="bbox 2001 2797 3591 2869; baseline 0.003 -20"><span class='ocrx_word' id='word_1_421' title='bbox 2001 2813 2223 2867; x_wconf 89' lang='grc' dir='ltr'>στομος,</span> <span class='ocrx_word' id='word_1_422' title='bbox 2254 2797 2317 2851; x_wconf 77' lang='grc' dir='ltr'>τὸ</span> <span class='ocrx_word' id='word_1_423' title='bbox 2339 2798 2499 2862; x_wconf 85' lang='grc' dir='ltr'>Θεοῦ,</span> <span class='ocrx_word' id='word_1_424' title='bbox 2531 2799 2626 2851; x_wconf 78' lang='grc' dir='ltr'>καὶ</span> <span class='ocrx_word' id='word_1_425' title='bbox 2661 2798 2789 2852; x_wconf 86' lang='grc' dir='ltr'>ἀλλο</span> <span class='ocrx_word' id='word_1_426' title='bbox 2818 2800 2879 2851; x_wconf 81' lang='grc' dir='ltr'>τὸ</span> <span class='ocrx_word' id='word_1_427' title='bbox 2906 2800 2971 2852; x_wconf 85' lang='grc' dir='ltr'>ἐκ</span> <span class='ocrx_word' id='word_1_428' title='bbox 3005 2799 3099 2851; x_wconf 87' lang='grc' dir='ltr'>τοῦ</span> <span class='ocrx_word' id='word_1_429' title='bbox 3130 2799 3290 2865; x_wconf 86' lang='grc' dir='ltr'>Θεοῦ,</span> <span class='ocrx_word' id='word_1_430' title='bbox 3335 2801 3463 2869; x_wconf 81' lang='grc' dir='ltr'>περὶ</span> <span class='ocrx_word' id='word_1_431' title='bbox 3496 2801 3591 2853; x_wconf 89' lang='grc' dir='ltr'>τοῦ</span> 
     </span>
    </p>
   </div>
   <div class='ocr_carea' id='block_1_58' title="bbox 1999 2890 3592 2963">
    <p class='ocr_par' dir='ltr' id='par_1_58' title="bbox 1999 2890 3592 2963">
     <span class='ocr_line' id='line_1_58' title="bbox 1999 2890 3592 2963; baseline 0.004 -20"><span class='ocrx_word' id='word_1_432' title='bbox 1999 2890 2321 2960; x_wconf 83' lang='grc' dir='ltr'>Πνεύματος</span> <span class='ocrx_word' id='word_1_433' title='bbox 2374 2891 2466 2945; x_wconf 83' lang='grc' dir='ltr'>τὸν</span> <span class='ocrx_word' id='word_1_434' title='bbox 2507 2891 2665 2958; x_wconf 80' lang='grc' dir='ltr'>λόγον</span> <span class='ocrx_word' id='word_1_435' title='bbox 2704 2893 3057 2955; x_wconf 82' lang='grc' dir='ltr'>ποιούμενος,</span> <span class='ocrx_word' id='word_1_436' title='bbox 3092 2893 3207 2946; x_wconf 86' lang='grc' dir='ltr'>ἀλλ’</span> <span class='ocrx_word' id='word_1_437' title='bbox 3240 2896 3315 2957; x_wconf 84' lang='grc' dir='ltr'>ῶς</span> <span class='ocrx_word' id='word_1_438' title='bbox 3364 2894 3592 2963; x_wconf 63' lang='grc' dir='ltr'>συναῖη-</span> 
     </span>
    </p>
   </div>
   <div class='ocr_carea' id='block_1_59' title="bbox 1998 2981 3585 3054">
    <p class='ocr_par' dir='ltr' id='par_1_59' title="bbox 1998 2981 3585 3054">
     <span class='ocr_line' id='line_1_59' title="bbox 1998 2981 3585 3054; baseline 0.003 -21"><span class='ocrx_word' id='word_1_439' title='bbox 1998 2981 2198 3036; x_wconf 76' lang='grc' dir='ltr'>θεύεινο</span> <span class='ocrx_word' id='word_1_440' title='bbox 2234 2983 2559 3053; x_wconf 75' lang='grc' dir='ltr'>χωρίζονται</span> <span class='ocrx_word' id='word_1_441' title='bbox 2582 2982 2638 3035; x_wconf 85' lang='grc' dir='ltr'>δὲ</span> <span class='ocrx_word' id='word_1_442' title='bbox 2663 2982 2885 3035; x_wconf 74' lang='grc' dir='ltr'>ἐπειδὰν</span> <span class='ocrx_word' id='word_1_443' title='bbox 2913 2985 3279 3054; x_wconf 81' lang='grc' dir='ltr'>ἀναφέρωμεν</span> <span class='ocrx_word' id='word_1_444' title='bbox 3314 2985 3375 3039; x_wconf 82' lang='grc' dir='ltr'>τὸ</span> <span class='ocrx_word' id='word_1_445' title='bbox 3409 2987 3585 3039; x_wconf 90' lang='grc' dir='ltr'>Πνεῦ-</span> 
     </span>
    </p>
   </div>
   <div class='ocr_carea' id='block_1_60' title="bbox 2000 3075 3587 3147">
    <p class='ocr_par' dir='ltr' id='par_1_60' title="bbox 2000 3075 3587 3147">
     <span class='ocr_line' id='line_1_60' title="bbox 2000 3075 3587 3147; baseline 0.002 -19"><span class='ocrx_word' id='word_1_446' title='bbox 2000 3093 2075 3145; x_wconf 92' lang='grc' dir='ltr'>μα</span> <span class='ocrx_word' id='word_1_447' title='bbox 2122 3076 2259 3145; x_wconf 81' lang='grc' dir='ltr'>πρδς</span> <span class='ocrx_word' id='word_1_448' title='bbox 2288 3075 2380 3129; x_wconf 80' lang='grc' dir='ltr'>τὸν</span> <span class='ocrx_word' id='word_1_449' title='bbox 2406 3076 2551 3139; x_wconf 74' lang='grc' dir='ltr'>Υἰδν,</span> <span class='ocrx_word' id='word_1_450' title='bbox 2591 3076 2713 3129; x_wconf 85' lang='grc' dir='ltr'>ὅθεν</span> <span class='ocrx_word' id='word_1_451' title='bbox 2756 3075 2851 3128; x_wconf 75' lang='grc' dir='ltr'>καὶ</span> <span class='ocrx_word' id='word_1_452' title='bbox 2888 3076 2935 3127; x_wconf 91' lang='grc' dir='ltr'>οἱ</span> <span class='ocrx_word' id='word_1_453' title='bbox 2987 3078 3087 3145; x_wconf 83' lang='grc' dir='ltr'>τῆς</span> <span class='ocrx_word' id='word_1_454' title='bbox 3133 3077 3175 3147; x_wconf 87' lang='grc' dir='ltr'>β’</span> <span class='ocrx_word' id='word_1_455' title='bbox 3213 3079 3431 3132; x_wconf 87' lang='grc' dir='ltr'>συνόδου</span> <span class='ocrx_word' id='word_1_456' title='bbox 3473 3080 3587 3131; x_wconf 77' lang='lat'>[11-</span> 
     </span>
    </p>
   </div>
   <div class='ocr_carea' id='block_1_61' title="bbox 300 3154 3593 3233">
    <p class='ocr_par' dir='ltr' id='par_1_61' title="bbox 300 3154 3593 3233">
     <span class='ocr_line' id='line_1_61' title="bbox 300 3154 3593 3233; baseline 0.003 -24"><span class='ocrx_word' id='word_1_457' title='bbox 300 3155 590 3225; x_wconf 85' lang='grc' dir='ltr'>ἀρνεῖσθαι</span> <span class='ocrx_word' id='word_1_458' title='bbox 631 3154 804 3208; x_wconf 87' lang='grc' dir='ltr'>ταῦτα</span> <span class='ocrx_word' id='word_1_459' title='bbox 833 3158 1077 3217; x_wconf 78' lang='grc' dir='ltr'>ἐκείνους</span> <span class='ocrx_word' id='word_1_460' title='bbox 1105 3170 1120 3187; x_wconf 78' lang='grc' dir='ltr'>ο</span> <span class='ocrx_word' id='word_1_461' title='bbox 1151 3155 1418 3225; x_wconf 79' lang='grc' dir='ltr'>ἠρνοῦντο</span> <span class='ocrx_word' id='word_1_462' title='bbox 1448 3156 1526 3211; x_wconf 86' lang='grc' dir='ltr'>δέ.</span> <span class='ocrx_word' id='word_1_463' title='bbox 1556 3157 1672 3210; x_wconf 85' lang='grc' dir='ltr'>Οὐκ</span> <span class='ocrx_word' id='word_1_464' title='bbox 1701 3159 1891 3209; x_wconf 73' lang='grc' dir='ltr'>ἔπεισε</span> <span class='ocrx_word' id='word_1_465' title='bbox 1923 3172 1964 3228; x_wconf 78' lang='lat' dir='ltr'>c</span> <span class='ocrx_word' id='word_1_466' title='bbox 1997 3161 2157 3232; x_wconf 83' lang='grc' dir='ltr'>τέρες</span> <span class='ocrx_word' id='word_1_467' title='bbox 2206 3164 2306 3232; x_wconf 81' lang='grc' dir='ltr'>τῆς</span> <span class='ocrx_word' id='word_1_468' title='bbox 2357 3163 2747 3231; x_wconf 83' lang='grc' dir='ltr'>ἁπαρτισάσης</span> <span class='ocrx_word' id='word_1_469' title='bbox 2792 3164 2851 3219; x_wconf 81' lang='grc' dir='ltr'>τὸ</span> <span class='ocrx_word' id='word_1_470' title='bbox 2896 3165 3172 3233; x_wconf 76' lang='grc' dir='ltr'>Σύμϐολον</span> <span class='ocrx_word' id='word_1_471' title='bbox 3193 3208 3207 3231; x_wconf 83' lang='grc'>,</span> <span class='ocrx_word' id='word_1_472' title='bbox 3268 3168 3346 3219; x_wconf 75' lang='grc' dir='ltr'>διδ</span> <span class='ocrx_word' id='word_1_473' title='bbox 3396 3168 3490 3220; x_wconf 73' lang='grc' dir='ltr'>καὶ</span> <span class='ocrx_word' id='word_1_474' title='bbox 3535 3169 3593 3220; x_wconf 82' lang='grc' dir='ltr'>οἱ</span> 
     </span>
    </p>
   </div>
   <div class='ocr_carea' id='block_1_62' title="bbox 300 3246 1896 3317">
    <p class='ocr_par' dir='ltr' id='par_1_62' title="bbox 300 3246 1896 3317">
     <span class='ocr_line' id='line_1_62' title="bbox 300 3246 1896 3317; baseline 0 -16"><span class='ocrx_word' id='word_1_475' title='bbox 300 3250 434 3312; x_wconf 83' lang='grc' dir='ltr'>τοὺς</span> <span class='ocrx_word' id='word_1_476' title='bbox 474 3248 722 3311; x_wconf 75' lang='grc' dir='ltr'>εὐσεδεῖς</span> <span class='ocrx_word' id='word_1_477' title='bbox 759 3248 1150 3317; x_wconf 80' lang='grc' dir='ltr'>προσήκασοαι</span> <span class='ocrx_word' id='word_1_478' title='bbox 1201 3246 1302 3317; x_wconf 81' lang='grc' dir='ltr'>τὴν</span> <span class='ocrx_word' id='word_1_479' title='bbox 1346 3246 1455 3300; x_wconf 90' lang='grc' dir='ltr'>τῶν</span> <span class='ocrx_word' id='word_1_480' title='bbox 1492 3247 1715 3301; x_wconf 85' lang='grc' dir='ltr'>ἀτόπων</span> <span class='ocrx_word' id='word_1_481' title='bbox 1769 3248 1896 3301; x_wconf 80' lang='grc' dir='ltr'>τού-</span> 
     </span>
    </p>
   </div>
   <div class='ocr_carea' id='block_1_63' title="bbox 302 3338 1891 3411">
    <p class='ocr_par' dir='ltr' id='par_1_63' title="bbox 302 3338 1891 3411">
     <span class='ocr_line' id='line_1_63' title="bbox 302 3338 1891 3411; baseline -0.002 -17"><span class='ocrx_word' id='word_1_482' title='bbox 302 3358 414 3394; x_wconf 85' lang='grc' dir='ltr'>των</span> <span class='ocrx_word' id='word_1_483' title='bbox 445 3340 641 3411; x_wconf 82' lang='grc' dir='ltr'>ἀρχὴν,</span> <span class='ocrx_word' id='word_1_484' title='bbox 672 3338 791 3393; x_wconf 85' lang='grc' dir='ltr'>ἀλλ’</span> <span class='ocrx_word' id='word_1_485' title='bbox 820 3339 995 3410; x_wconf 78' lang='grc' dir='ltr'>αὐτὴν</span> <span class='ocrx_word' id='word_1_486' title='bbox 1028 3340 1235 3409; x_wconf 80' lang='grc' dir='ltr'>μᾶλλον</span> <span class='ocrx_word' id='word_1_487' title='bbox 1273 3338 1531 3409; x_wconf 79' lang='grc' dir='ltr'>ἀπῄτουν</span> <span class='ocrx_word' id='word_1_488' title='bbox 1574 3339 1891 3410; x_wconf 81' lang='grc' dir='ltr'>ἀρνεῖσθαι,</span> 
     </span>
    </p>
   </div>
   <div class='ocr_carea' id='block_1_64' title="bbox 299 3431 1895 3503">
    <p class='ocr_par' dir='ltr' id='par_1_64' title="bbox 299 3431 1895 3503">
     <span class='ocr_line' id='line_1_64' title="bbox 299 3431 1895 3503; baseline -0.001 -16"><span class='ocrx_word' id='word_1_489' title='bbox 299 3434 581 3487; x_wconf 81' lang='grc' dir='ltr'>τουτέστιν</span> <span class='ocrx_word' id='word_1_490' title='bbox 608 3433 889 3502; x_wconf 71' lang='grc' dir='ltr'>ἀρνεῖσθαι</span> <span class='ocrx_word' id='word_1_491' title='bbox 934 3432 1033 3502; x_wconf 75' lang='grc' dir='ltr'>μὲν</span> <span class='ocrx_word' id='word_1_492' title='bbox 1064 3431 1231 3500; x_wconf 89' lang='grc' dir='ltr'>φύσιν</span> <span class='ocrx_word' id='word_1_493' title='bbox 1268 3432 1403 3503; x_wconf 91' lang='grc' dir='ltr'>μίαν</span> <span class='ocrx_word' id='word_1_494' title='bbox 1436 3435 1496 3485; x_wconf 88' lang='grc' dir='ltr'>ἐν</span> <span class='ocrx_word' id='word_1_495' title='bbox 1523 3431 1602 3503; x_wconf 83' lang='grc' dir='ltr'>τῷ</span> <span class='ocrx_word' id='word_1_496' title='bbox 1632 3433 1895 3503; x_wconf 81' lang='grc' dir='ltr'>ἡμετέρῳ</span> 
     </span>
    </p>
   </div>
   <div class='ocr_carea' id='block_1_65' title="bbox 306 3523 1896 3596">
    <p class='ocr_par' dir='ltr' id='par_1_65' title="bbox 306 3523 1896 3596">
     <span class='ocr_line' id='line_1_65' title="bbox 306 3523 1896 3596; baseline -0.001 -18"><span class='ocrx_word' id='word_1_497' title='bbox 306 3525 593 3593; x_wconf 84' lang='grc' dir='ltr'>γεγονέναι</span> <span class='ocrx_word' id='word_1_498' title='bbox 658 3524 911 3596; x_wconf 78' lang='grc' dir='ltr'>Δεσπότῃ</span> <span class='ocrx_word' id='word_1_499' title='bbox 974 3523 1113 3590; x_wconf 85' lang='grc' dir='ltr'>μετά</span> <span class='ocrx_word' id='word_1_500' title='bbox 1162 3527 1264 3593; x_wconf 80' lang='grc' dir='ltr'>την</span> <span class='ocrx_word' id='word_1_501' title='bbox 1333 3524 1445 3578; x_wconf 88' lang='grc' dir='ltr'>τῶν</span> <span class='ocrx_word' id='word_1_502' title='bbox 1512 3524 1607 3578; x_wconf 86' lang='grc' dir='ltr'>δύο</span> <span class='ocrx_word' id='word_1_503' title='bbox 1676 3525 1896 3593; x_wconf 84' lang='grc' dir='ltr'>φύσεων</span> 
     </span>
    </p>
   </div>
   <div class='ocr_carea' id='block_1_66' title="bbox 308 3615 1894 3687">
    <p class='ocr_par' dir='ltr' id='par_1_66' title="bbox 308 3615 1894 3687">
     <span class='ocr_line' id='line_1_66' title="bbox 308 3615 1894 3687; baseline -0.001 -17"><span class='ocrx_word' id='word_1_504' title='bbox 308 3618 525 3682; x_wconf 74' lang='grc' dir='ltr'>ἕνωσιν,</span> <span class='ocrx_word' id='word_1_505' title='bbox 554 3617 845 3687; x_wconf 83' lang='grc' dir='ltr'>ὁμολογεῖν</span> <span class='ocrx_word' id='word_1_506' title='bbox 873 3616 952 3681; x_wconf 79' lang='grc' dir='ltr'>δὲ,</span> <span class='ocrx_word' id='word_1_507' title='bbox 991 3618 1075 3670; x_wconf 82' lang='grc' dir='ltr'>ὅτι</span> <span class='ocrx_word' id='word_1_508' title='bbox 1105 3615 1200 3670; x_wconf 75' lang='grc' dir='ltr'>καὶ</span> <span class='ocrx_word' id='word_1_509' title='bbox 1234 3616 1501 3686; x_wconf 81' lang='grc' dir='ltr'>συνῆλθον</span> <span class='ocrx_word' id='word_1_510' title='bbox 1542 3618 1602 3670; x_wconf 78' lang='grc' dir='ltr'>ἐν</span> <span class='ocrx_word' id='word_1_511' title='bbox 1631 3616 1710 3686; x_wconf 84' lang='grc' dir='ltr'>τῷ</span> <span class='ocrx_word' id='word_1_512' title='bbox 1758 3618 1894 3686; x_wconf 82' lang='grc' dir='ltr'>Χρι-</span> 
     </span>
    </p>
   </div>
   <div class='ocr_carea' id='block_1_67' title="bbox 308 3707 1893 3778">
    <p class='ocr_par' dir='ltr' id='par_1_67' title="bbox 308 3707 1893 3778">
     <span class='ocr_line' id='line_1_67' title="bbox 308 3707 1893 3778; baseline -0.003 -17"><span class='ocrx_word' id='word_1_513' title='bbox 308 3709 417 3778; x_wconf 77' lang='grc' dir='ltr'>στῶ</span> <span class='ocrx_word' id='word_1_514' title='bbox 467 3708 567 3761; x_wconf 87' lang='grc' dir='ltr'>δύο</span> <span class='ocrx_word' id='word_1_515' title='bbox 619 3709 814 3777; x_wconf 82' lang='grc' dir='ltr'>φύσεις</span> <span class='ocrx_word' id='word_1_516' title='bbox 865 3707 941 3770; x_wconf 85' lang='grc' dir='ltr'>ὡς</span> <span class='ocrx_word' id='word_1_517' title='bbox 990 3708 1229 3777; x_wconf 85' lang='grc' dir='ltr'>ἀληθῶς,</span> <span class='ocrx_word' id='word_1_518' title='bbox 1289 3708 1385 3763; x_wconf 78' lang='grc' dir='ltr'>καὶ</span> <span class='ocrx_word' id='word_1_519' title='bbox 1442 3708 1538 3762; x_wconf 81' lang='grc' dir='ltr'>δύο</span> <span class='ocrx_word' id='word_1_520' title='bbox 1593 3708 1735 3777; x_wconf 80' lang='grc' dir='ltr'>μετὰ</span> <span class='ocrx_word' id='word_1_521' title='bbox 1792 3710 1893 3777; x_wconf 79' lang='grc' dir='ltr'>τὴν</span> 
     </span>
    </p>
   </div>
   <div class='ocr_carea' id='block_1_68' title="bbox 307 3799 1894 3871">
    <p class='ocr_par' dir='ltr' id='par_1_68' title="bbox 307 3799 1894 3871">
     <span class='ocr_line' id='line_1_68' title="bbox 307 3799 1894 3871; baseline 0.001 -19"><span class='ocrx_word' id='word_1_522' title='bbox 307 3800 499 3853; x_wconf 72' lang='grc' dir='ltr'>ἕνωσιν</span> <span class='ocrx_word' id='word_1_523' title='bbox 524 3799 890 3870; x_wconf 76' lang='grc' dir='ltr'>ἐμειναν,.ἀτε</span> <span class='ocrx_word' id='word_1_524' title='bbox 919 3802 999 3864; x_wconf 88' lang='grc' dir='ltr'>εἰς</span> <span class='ocrx_word' id='word_1_525' title='bbox 1022 3800 1081 3853; x_wconf 86' lang='grc' dir='ltr'>ἓν</span> <span class='ocrx_word' id='word_1_526' title='bbox 1114 3800 1413 3871; x_wconf 81' lang='grc' dir='ltr'>πρόσωπον</span> <span class='ocrx_word' id='word_1_527' title='bbox 1460 3800 1555 3856; x_wconf 72' lang='grc' dir='ltr'>καὶ</span> <span class='ocrx_word' id='word_1_528' title='bbox 1588 3802 1721 3869; x_wconf 90' lang='grc' dir='ltr'>μίαν</span> <span class='ocrx_word' id='word_1_529' title='bbox 1760 3800 1894 3854; x_wconf 79' lang='grc' dir='ltr'>ὑπό-</span> 
     </span>
    </p>
   </div>
   <div class='ocr_carea' id='block_1_69' title="bbox 317 3893 1673 3964">
    <p class='ocr_par' dir='ltr' id='par_1_69' title="bbox 317 3893 1673 3964">
     <span class='ocr_line' id='line_1_69' title="bbox 317 3893 1673 3964; baseline 0.004 -19"><span class='ocrx_word' id='word_1_530' title='bbox 317 3909 512 3946; x_wconf 88' lang='grc' dir='ltr'>στασιν</span> <span class='ocrx_word' id='word_1_531' title='bbox 541 3893 963 3960; x_wconf 78' lang='grc' dir='ltr'>συνεληλυθυῖαι</span> <span class='ocrx_word' id='word_1_532' title='bbox 989 3893 1278 3964; x_wconf 83' lang='grc' dir='ltr'>ἀτρέπτως</span> <span class='ocrx_word' id='word_1_533' title='bbox 1310 3894 1405 3948; x_wconf 80' lang='grc' dir='ltr'>καὶ</span> <span class='ocrx_word' id='word_1_534' title='bbox 1432 3893 1673 3963; x_wconf 81' lang='grc' dir='ltr'>ἀμιγῶς.</span> 
     </span>
    </p>
   </div>
   <div class='ocr_carea' id='block_1_70' title="bbox 376 3984 1893 4057">
    <p class='ocr_par' dir='ltr' id='par_1_70' title="bbox 376 3984 1893 4057">
     <span class='ocr_line' id='line_1_70' title="bbox 376 3984 1893 4057; baseline 0 -19"><span class='ocrx_word' id='word_1_535' title='bbox 376 3985 560 4038; x_wconf 81' lang='grc' dir='ltr'>Ταυτὺ</span> <span class='ocrx_word' id='word_1_536' title='bbox 581 3984 637 4037; x_wconf 86' lang='grc' dir='ltr'>δὲ</span> <span class='ocrx_word' id='word_1_537' title='bbox 663 3987 800 4039; x_wconf 81' lang='grc' dir='ltr'>πᾶσι</span> <span class='ocrx_word' id='word_1_538' title='bbox 840 3986 1175 4055; x_wconf 74' lang='grc' dir='ltr'>συμϐέϐηκε·</span> <span class='ocrx_word' id='word_1_539' title='bbox 1188 3988 1303 4051; x_wconf 90' lang='grc' dir='ltr'>τοῖς</span> <span class='ocrx_word' id='word_1_540' title='bbox 1332 3986 1583 4041; x_wconf 81' lang='grc' dir='ltr'>ὁπωσοῦν</span> <span class='ocrx_word' id='word_1_541' title='bbox 1621 3986 1758 4057; x_wconf 81' lang='grc' dir='ltr'>πρὸς</span> <span class='ocrx_word' id='word_1_542' title='bbox 1788 3984 1893 4055; x_wconf 81' lang='grc' dir='ltr'>τὴν</span> 
     </span>
    </p>
   </div>
   <div class='ocr_carea' id='block_1_71' title="bbox 305 4075 1890 4149">
    <p class='ocr_par' dir='ltr' id='par_1_71' title="bbox 305 4075 1890 4149">
     <span class='ocr_line' id='line_1_71' title="bbox 305 4075 1890 4149; baseline 0.001 -20"><span class='ocrx_word' id='word_1_543' title='bbox 305 4076 570 4145; x_wconf 85' lang='grc' dir='ltr'>ἀλήθειαν</span> <span class='ocrx_word' id='word_1_544' title='bbox 601 4076 696 4129; x_wconf 82' lang='grc' dir='ltr'>καὶ</span> <span class='ocrx_word' id='word_1_545' title='bbox 723 4076 823 4145; x_wconf 79' lang='grc' dir='ltr'>τὴν</span> <span class='ocrx_word' id='word_1_546' title='bbox 871 4075 1061 4146; x_wconf 81' lang='grc' dir='ltr'>κοινὴν</span> <span class='ocrx_word' id='word_1_547' title='bbox 1106 4076 1294 4131; x_wconf 85' lang='grc' dir='ltr'>πίστιν</span> <span class='ocrx_word' id='word_1_548' title='bbox 1348 4077 1794 4149; x_wconf 84' lang='grc' dir='ltr'>διενηνεγμένοις</span> <span class='ocrx_word' id='word_1_549' title='bbox 1830 4079 1890 4131; x_wconf 84' lang='grc' dir='ltr'>ἐν</span> 
     </span>
    </p>
   </div>
   <div class='ocr_carea' id='block_1_72' title="bbox 306 4165 1890 4239">
    <p class='ocr_par' dir='ltr' id='par_1_72' title="bbox 306 4165 1890 4239">
     <span class='ocr_line' id='line_1_72' title="bbox 306 4165 1890 4239; baseline -0.001 -19"><span class='ocrx_word' id='word_1_550' title='bbox 306 4167 512 4221; x_wconf 90' lang='grc' dir='ltr'>πλείονί</span> <span class='ocrx_word' id='word_1_551' title='bbox 536 4184 596 4221; x_wconf 91' lang='grc' dir='ltr'>τε</span> <span class='ocrx_word' id='word_1_552' title='bbox 629 4168 723 4220; x_wconf 80' lang='grc' dir='ltr'>καὶ</span> <span class='ocrx_word' id='word_1_553' title='bbox 763 4167 977 4237; x_wconf 79' lang='grc' dir='ltr'>μείζονι</span> <span class='ocrx_word' id='word_1_554' title='bbox 1007 4165 1313 4233; x_wconf 74' lang='grc' dir='ltr'>ἀποστάσει</span> <span class='ocrx_word' id='word_1_555' title='bbox 1339 4168 1567 4239; x_wconf 87' lang='grc' dir='ltr'>ὁμοίως,</span> <span class='ocrx_word' id='word_1_556' title='bbox 1592 4166 1691 4222; x_wconf 72' lang='grc' dir='ltr'>καὶ</span> <span class='ocrx_word' id='word_1_557' title='bbox 1719 4167 1890 4221; x_wconf 78' lang='grc' dir='ltr'>πᾶσιν</span> 
     </span>
    </p>
   </div>
   <div class='ocr_carea' id='block_1_73' title="bbox 302 4262 1889 4336">
    <p class='ocr_par' dir='ltr' id='par_1_73' title="bbox 302 4262 1889 4336">
     <span class='ocr_line' id='line_1_73' title="bbox 302 4262 1889 4336; baseline -0.001 -19"><span class='ocrx_word' id='word_1_558' title='bbox 302 4266 533 4328; x_wconf 82' lang='grc' dir='ltr'>ἐκείνοις</span> <span class='ocrx_word' id='word_1_559' title='bbox 582 4264 633 4317; x_wconf 87' lang='grc' dir='ltr'>οἱ</span> <span class='ocrx_word' id='word_1_560' title='bbox 692 4265 804 4319; x_wconf 87' lang='grc' dir='ltr'>τῶν</span> <span class='ocrx_word' id='word_1_561' title='bbox 846 4262 1096 4336; x_wconf 84' lang='grc' dir='ltr'>ἀρχαίων</span> <span class='ocrx_word' id='word_1_562' title='bbox 1150 4264 1442 4334; x_wconf 77' lang='grc' dir='ltr'>δογμάτων</span> <span class='ocrx_word' id='word_1_563' title='bbox 1489 4264 1763 4334; x_wconf 90' lang='grc' dir='ltr'>ἐχόμενοι,</span> <span class='ocrx_word' id='word_1_564' title='bbox 1795 4266 1889 4317; x_wconf 80' lang='grc' dir='ltr'>τὸν</span> 
     </span>
    </p>
   </div>
   <div class='ocr_carea' id='block_1_74' title="bbox 301 4356 1933 4428">
    <p class='ocr_par' dir='ltr' id='par_1_74' title="bbox 301 4356 1933 4428">
     <span class='ocr_line' id='line_1_74' title="bbox 301 4356 1933 4428; baseline 0.002 -18"><span class='ocrx_word' id='word_1_565' title='bbox 301 4359 418 4411; x_wconf 87' lang='grc' dir='ltr'>ῐσον</span> <span class='ocrx_word' id='word_1_566' title='bbox 452 4358 565 4419; x_wconf 88' lang='grc' dir='ltr'>τοῖς</span> <span class='ocrx_word' id='word_1_567' title='bbox 590 4356 911 4427; x_wconf 76' lang='grc' dir='ltr'>εἰρημένοις</span> <span class='ocrx_word' id='word_1_568' title='bbox 950 4357 1177 4428; x_wconf 90' lang='grc' dir='ltr'>τρόποις</span> <span class='ocrx_word' id='word_1_569' title='bbox 1222 4357 1552 4428; x_wconf 83' lang='grc' dir='ltr'>ἐχρήσαντο.</span> <span class='ocrx_word' id='word_1_570' title='bbox 1581 4358 1708 4412; x_wconf 82' lang='grc' dir='ltr'>Οὐδ’</span> <span class='ocrx_word' id='word_1_571' title='bbox 1739 4359 1888 4428; x_wconf 79' lang='grc' dir='ltr'>ἡμᾶς</span> <span class='ocrx_word' id='word_1_572' title='bbox 1932 4420 1933 4423; x_wconf 27' lang='grc' dir='ltr'>η</span> 
     </span>
    </p>
   </div>
   <div class='ocr_carea' id='block_1_75' title="bbox 300 4449 1887 4521">
    <p class='ocr_par' dir='ltr' id='par_1_75' title="bbox 300 4449 1887 4521">
     <span class='ocr_line' id='line_1_75' title="bbox 300 4449 1887 4521; baseline 0.001 -19"><span class='ocrx_word' id='word_1_573' title='bbox 300 4450 481 4503; x_wconf 82' lang='grc' dir='ltr'>τοίνυν</span> <span class='ocrx_word' id='word_1_574' title='bbox 507 4450 558 4503; x_wconf 87' lang='grc' dir='ltr'>οἱ</span> <span class='ocrx_word' id='word_1_575' title='bbox 593 4449 689 4503; x_wconf 79' lang='grc' dir='ltr'>καὶ</span> <span class='ocrx_word' id='word_1_576' title='bbox 722 4450 815 4503; x_wconf 87' lang='grc' dir='ltr'>τὸν</span> <span class='ocrx_word' id='word_1_577' title='bbox 842 4450 973 4504; x_wconf 84' lang='grc' dir='ltr'>Υἱδν</span> <span class='ocrx_word' id='word_1_578' title='bbox 1002 4451 1100 4505; x_wconf 87' lang='grc' dir='ltr'>τοῦ</span> <span class='ocrx_word' id='word_1_579' title='bbox 1138 4450 1461 4521; x_wconf 86' lang='grc' dir='ltr'>Πνεύματος</span> <span class='ocrx_word' id='word_1_580' title='bbox 1489 4450 1667 4505; x_wconf 82' lang='grc' dir='ltr'>αἴτιον</span> <span class='ocrx_word' id='word_1_581' title='bbox 1701 4451 1887 4519; x_wconf 81' lang='grc' dir='ltr'>λέγον-</span> 
     </span>
    </p>
   </div>
   <div class='ocr_carea' id='block_1_76' title="bbox 299 4541 1886 4612">
    <p class='ocr_par' dir='ltr' id='par_1_76' title="bbox 299 4541 1886 4612">
     <span class='ocr_line' id='line_1_76' title="bbox 299 4541 1886 4612; baseline 0.001 -19"><span class='ocrx_word' id='word_1_582' title='bbox 299 4558 391 4603; x_wconf 85' lang='grc' dir='ltr'>τες</span> <span class='ocrx_word' id='word_1_583' title='bbox 433 4541 572 4609; x_wconf 82' lang='grc' dir='ltr'>μετὰ</span> <span class='ocrx_word' id='word_1_584' title='bbox 621 4541 715 4595; x_wconf 89' lang='grc' dir='ltr'>τοῦ</span> <span class='ocrx_word' id='word_1_585' title='bbox 770 4542 985 4612; x_wconf 68' lang='grc' dir='ltr'>Πατρός</span> <span class='ocrx_word' id='word_1_586' title='bbox 1016 4542 1275 4598; x_wconf 81' lang='grc' dir='ltr'>δύνανται</span> <span class='ocrx_word' id='word_1_587' title='bbox 1325 4543 1555 4608; x_wconf 82' lang='grc' dir='ltr'>πείθειν,</span> <span class='ocrx_word' id='word_1_588' title='bbox 1589 4543 1622 4609; x_wconf 77' lang='grc' dir='ltr'>ἢ</span> <span class='ocrx_word' id='word_1_589' title='bbox 1670 4545 1770 4609; x_wconf 82' lang='grc' dir='ltr'>τὴν</span> <span class='ocrx_word' id='word_1_590' title='bbox 1797 4542 1886 4594; x_wconf 86' lang='grc' dir='ltr'>δό-</span> 
     </span>
    </p>
   </div>
   <div class='ocr_carea' id='block_1_77' title="bbox 301 4634 1888 4706">
    <p class='ocr_par' dir='ltr' id='par_1_77' title="bbox 301 4634 1888 4706">
     <span class='ocr_line' id='line_1_77' title="bbox 301 4634 1888 4706; baseline 0.001 -21"><span class='ocrx_word' id='word_1_591' title='bbox 301 4636 399 4700; x_wconf 81' lang='grc' dir='ltr'>ξαν</span> <span class='ocrx_word' id='word_1_592' title='bbox 447 4635 832 4704; x_wconf 83' lang='grc' dir='ltr'>προσήκασθαι</span> <span class='ocrx_word' id='word_1_593' title='bbox 858 4674 875 4701; x_wconf 92' lang='grc'>,</span> <span class='ocrx_word' id='word_1_594' title='bbox 909 4634 944 4706; x_wconf 75' lang='grc' dir='ltr'>ἢ</span> <span class='ocrx_word' id='word_1_595' title='bbox 992 4635 1081 4704; x_wconf 82' lang='grc' dir='ltr'>ἐφ’</span> <span class='ocrx_word' id='word_1_596' title='bbox 1126 4636 1252 4688; x_wconf 82' lang='grc' dir='ltr'>ὅσον</span> <span class='ocrx_word' id='word_1_597' title='bbox 1290 4634 1663 4705; x_wconf 79' lang='grc' dir='ltr'>διαφερόμεθα</span> <span class='ocrx_word' id='word_1_598' title='bbox 1693 4651 1888 4688; x_wconf 79' lang='grc' dir='ltr'>κοινωο</span> 
     </span>
    </p>
   </div>
   <div class='ocr_carea' id='block_1_78' title="bbox 300 4724 1885 4796">
    <p class='ocr_par' dir='ltr' id='par_1_78' title="bbox 300 4724 1885 4796">
     <span class='ocr_line' id='line_1_78' title="bbox 300 4724 1885 4796; baseline 0 -19"><span class='ocrx_word' id='word_1_599' title='bbox 300 4727 413 4778; x_wconf 86' lang='grc' dir='ltr'>νεῖν</span> <span class='ocrx_word' id='word_1_600' title='bbox 451 4726 670 4791; x_wconf 78' lang='grc' dir='ltr'>αὐτοῖς,</span> <span class='ocrx_word' id='word_1_601' title='bbox 704 4726 811 4781; x_wconf 83' lang='grc' dir='ltr'>κάν</span> <span class='ocrx_word' id='word_1_602' title='bbox 842 4726 1110 4796; x_wconf 81' lang='grc' dir='ltr'>μυριάκις</span> <span class='ocrx_word' id='word_1_603' title='bbox 1138 4726 1209 4779; x_wconf 87' lang='grc' dir='ltr'>τά</span> <span class='ocrx_word' id='word_1_604' title='bbox 1237 4724 1417 4779; x_wconf 83' lang='grc' dir='ltr'>ἄτοπα</span> <span class='ocrx_word' id='word_1_605' title='bbox 1451 4725 1885 4796; x_wconf 86' lang='grc' dir='ltr'>ἐκκηρύττωσιν,</span> 
     </span>
    </p>
   </div>
   <div class='ocr_carea' id='block_1_79' title="bbox 303 4815 1885 4889">
    <p class='ocr_par' dir='ltr' id='par_1_79' title="bbox 303 4815 1885 4889">
     <span class='ocr_line' id='line_1_79' title="bbox 303 4815 1885 4889; baseline -0.001 -19"><span class='ocrx_word' id='word_1_606' title='bbox 303 4818 386 4885; x_wconf 82' lang='grc' dir='ltr'>ἐφ’</span> <span class='ocrx_word' id='word_1_607' title='bbox 416 4817 453 4872; x_wconf 82' lang='grc' dir='ltr'>ἀ</span> <span class='ocrx_word' id='word_1_608' title='bbox 498 4818 726 4889; x_wconf 90' lang='grc' dir='ltr'>οἰόμεθα</span> <span class='ocrx_word' id='word_1_609' title='bbox 758 4818 823 4871; x_wconf 84' lang='grc' dir='ltr'>τὸ</span> <span class='ocrx_word' id='word_1_610' title='bbox 859 4818 1040 4888; x_wconf 89' lang='grc' dir='ltr'>δόγμα</span> <span class='ocrx_word' id='word_1_611' title='bbox 1088 4818 1283 4888; x_wconf 88' lang='grc' dir='ltr'>φέρειν</span> <span class='ocrx_word' id='word_1_612' title='bbox 1341 4816 1524 4871; x_wconf 77' lang='grc' dir='ltr'>αὐτῶν</span> <span class='ocrx_word' id='word_1_613' title='bbox 1548 4833 1561 4848; x_wconf 89' lang='grc'><strong>·</strong></span> <span class='ocrx_word' id='word_1_614' title='bbox 1594 4815 1721 4871; x_wconf 76' lang='grc' dir='ltr'>οὔτε</span> <span class='ocrx_word' id='word_1_615' title='bbox 1758 4819 1885 4879; x_wconf 72' lang='grc' dir='ltr'>τοὺς</span> 
     </span>
    </p>
   </div>
   <div class='ocr_carea' id='block_1_80' title="bbox 307 4908 1887 4981">
    <p class='ocr_par' dir='ltr' id='par_1_80' title="bbox 307 4908 1887 4981">
     <span class='ocr_line' id='line_1_80' title="bbox 307 4908 1887 4981; baseline -0.001 -20"><span class='ocrx_word' id='word_1_616' title='bbox 307 4909 557 4979; x_wconf 82' lang='grc' dir='ltr'>Πατέρας</span> <span class='ocrx_word' id='word_1_617' title='bbox 583 4910 743 4979; x_wconf 77' lang='grc' dir='ltr'>ἡμῶν</span> <span class='ocrx_word' id='word_1_618' title='bbox 774 4908 1021 4975; x_wconf 77' lang='grc' dir='ltr'>ἐπειθον,</span> <span class='ocrx_word' id='word_1_619' title='bbox 1061 4909 1121 4974; x_wconf 83' lang='grc' dir='ltr'>ἐξ</span> <span class='ocrx_word' id='word_1_620' title='bbox 1156 4908 1339 4963; x_wconf 82' lang='grc' dir='ltr'>αὐτῶν</span> <span class='ocrx_word' id='word_1_621' title='bbox 1369 4909 1612 4981; x_wconf 70' lang='grc' dir='ltr'>τῶνζτῆς</span> <span class='ocrx_word' id='word_1_622' title='bbox 1647 4908 1887 4981; x_wconf 85' lang='grc' dir='ltr'>προσθή-</span> 
     </span>
    </p>
   </div>
   <div class='ocr_carea' id='block_1_81' title="bbox 303 5000 1888 5072">
    <p class='ocr_par' dir='ltr' id='par_1_81' title="bbox 303 5000 1888 5072">
     <span class='ocr_line' id='line_1_81' title="bbox 303 5000 1888 5072; baseline 0.002 -19"><span class='ocrx_word' id='word_1_623' title='bbox 303 5019 403 5071; x_wconf 90' lang='grc' dir='ltr'>κης</span> <span class='ocrx_word' id='word_1_624' title='bbox 457 5001 674 5072; x_wconf 88' lang='grc' dir='ltr'>καιρῶν</span> <span class='ocrx_word' id='word_1_625' title='bbox 715 5000 893 5065; x_wconf 80' lang='grc' dir='ltr'>οὕτως</span> <span class='ocrx_word' id='word_1_626' title='bbox 937 5000 1325 5071; x_wconf 79' lang='grc' dir='ltr'>ἐξαιτιώμενοι</span> <span class='ocrx_word' id='word_1_627' title='bbox 1369 5003 1512 5071; x_wconf 78' lang='grc' dir='ltr'>σφᾶς</span> <span class='ocrx_word' id='word_1_628' title='bbox 1542 5003 1764 5064; x_wconf 74' lang='grc' dir='ltr'>αὐτοὺς,</span> <span class='ocrx_word' id='word_1_629' title='bbox 1791 5002 1888 5056; x_wconf 78' lang='grc' dir='ltr'>καὶ</span> 
     </span>
    </p>
   </div>
   <div class='ocr_carea' id='block_1_82' title="bbox 304 5092 1885 5165">
    <p class='ocr_par' dir='ltr' id='par_1_82' title="bbox 304 5092 1885 5165">
     <span class='ocr_line' id='line_1_82' title="bbox 304 5092 1885 5165; baseline -0.001 -18"><span class='ocrx_word' id='word_1_630' title='bbox 304 5093 403 5163; x_wconf 79' lang='grc' dir='ltr'>τὴν</span> <span class='ocrx_word' id='word_1_631' title='bbox 454 5094 747 5147; x_wconf 80' lang='grc' dir='ltr'>κοινωνίαν</span> <span class='ocrx_word' id='word_1_632' title='bbox 798 5094 932 5165; x_wconf 83' lang='grc' dir='ltr'>παρ’</span> <span class='ocrx_word' id='word_1_633' title='bbox 988 5092 1171 5148; x_wconf 79' lang='grc' dir='ltr'>αὐτῶν</span> <span class='ocrx_word' id='word_1_634' title='bbox 1214 5094 1579 5157; x_wconf 85' lang='grc' dir='ltr'>ἀπαιτοῦντες</span> <span class='ocrx_word' id='word_1_635' title='bbox 1608 5109 1623 5125; x_wconf 75' lang='grc' dir='ltr'>ο</span> <span class='ocrx_word' id='word_1_636' title='bbox 1662 5092 1784 5147; x_wconf 81' lang='grc' dir='ltr'>οῦτε</span> <span class='ocrx_word' id='word_1_637' title='bbox 1822 5092 1885 5145; x_wconf 79' lang='grc' dir='ltr'>τὸ</span> 
     </span>
    </p>
   </div>
   <div class='ocr_carea' id='block_1_83' title="bbox 308 5185 1886 5257">
    <p class='ocr_par' dir='ltr' id='par_1_83' title="bbox 308 5185 1886 5257">
     <span class='ocr_line' id='line_1_83' title="bbox 308 5185 1886 5257; baseline -0.001 -16"><span class='ocrx_word' id='word_1_638' title='bbox 308 5188 546 5257; x_wconf 86' lang='grc' dir='ltr'>μάλιστα</span> <span class='ocrx_word' id='word_1_639' title='bbox 604 5186 891 5257; x_wconf 69' lang='grc' dir='ltr'>κινητικὸν</span> <span class='ocrx_word' id='word_1_640' title='bbox 945 5187 1166 5255; x_wconf 77' lang='grc' dir='ltr'>αὐτῶν,</span> <span class='ocrx_word' id='word_1_641' title='bbox 1199 5187 1249 5256; x_wconf 78' lang='grc' dir='ltr'>ἡ·</span> <span class='ocrx_word' id='word_1_642' title='bbox 1279 5186 1371 5239; x_wconf 86' lang='grc' dir='ltr'>τοῦ</span> <span class='ocrx_word' id='word_1_643' title='bbox 1426 5185 1561 5239; x_wconf 88' lang='grc' dir='ltr'>Υἱοῦ</span> <span class='ocrx_word' id='word_1_644' title='bbox 1606 5186 1745 5256; x_wconf 70' lang='grc' dir='ltr'>πρὸς</span> <span class='ocrx_word' id='word_1_645' title='bbox 1793 5186 1886 5239; x_wconf 72' lang='grc' dir='ltr'>τὸν</span> 
     </span>
    </p>
   </div>
   <div class='ocr_carea' id='block_1_84' title="bbox 304 5277 1887 5351">
    <p class='ocr_par' dir='ltr' id='par_1_84' title="bbox 304 5277 1887 5351">
     <span class='ocr_line' id='line_1_84' title="bbox 304 5277 1887 5351; baseline -0.003 -17"><span class='ocrx_word' id='word_1_646' title='bbox 304 5281 524 5351; x_wconf 86' lang='grc' dir='ltr'>Πατέρα</span> <span class='ocrx_word' id='word_1_647' title='bbox 553 5280 701 5334; x_wconf 85' lang='grc' dir='ltr'>κατά</span> <span class='ocrx_word' id='word_1_648' title='bbox 722 5280 885 5349; x_wconf 81' lang='grc' dir='ltr'>φύσιν</span> <span class='ocrx_word' id='word_1_649' title='bbox 915 5279 1226 5350; x_wconf 80' lang='grc' dir='ltr'>ἀκραιφνὴς</span> <span class='ocrx_word' id='word_1_650' title='bbox 1248 5278 1529 5350; x_wconf 90' lang='grc' dir='ltr'>ὁμοιότης,</span> <span class='ocrx_word' id='word_1_651' title='bbox 1546 5278 1583 5349; x_wconf 77' lang='grc' dir='ltr'><strong>ἡ</strong></span> <span class='ocrx_word' id='word_1_652' title='bbox 1603 5277 1887 5348; x_wconf 85' lang='grc' dir='ltr'>όμοουσιό-</span> 
     </span>
    </p>
   </div>
   <div class='ocr_carea' id='block_1_85' title="bbox 303 5369 1881 5443">
    <p class='ocr_par' dir='ltr' id='par_1_85' title="bbox 303 5369 1881 5443">
     <span class='ocr_line' id='line_1_85' title="bbox 303 5369 1881 5443; baseline -0.003 -15"><span class='ocrx_word' id='word_1_653' title='bbox 303 5391 400 5443; x_wconf 86' lang='grc' dir='ltr'>της</span> <span class='ocrx_word' id='word_1_654' title='bbox 447 5373 818 5443; x_wconf 84' lang='grc' dir='ltr'>πιστευομένη</span> <span class='ocrx_word' id='word_1_655' title='bbox 843 5416 858 5439; x_wconf 94' lang='grc'>,</span> <span class='ocrx_word' id='word_1_656' title='bbox 888 5373 985 5427; x_wconf 68' lang='grc' dir='ltr'>καὶ</span> <span class='ocrx_word' id='word_1_657' title='bbox 1018 5372 1149 5442; x_wconf 83' lang='grc' dir='ltr'>παρ’</span> <span class='ocrx_word' id='word_1_658' title='bbox 1181 5372 1387 5443; x_wconf 89' lang='grc' dir='ltr'>ἀμφοῖν</span> <span class='ocrx_word' id='word_1_659' title='bbox 1426 5370 1632 5442; x_wconf 89' lang='grc' dir='ltr'>ὁμοίως</span> <span class='ocrx_word' id='word_1_660' title='bbox 1670 5373 1736 5442; x_wconf 77' lang='grc' dir='ltr'>τῇ</span> <span class='ocrx_word' id='word_1_661' title='bbox 1786 5369 1881 5425; x_wconf 75' lang='grc' dir='ltr'>τοῦ</span> 
     </span>
    </p>
   </div>
   <div class='ocr_carea' id='block_1_86' title="bbox 305 5462 1883 5536">
    <p class='ocr_par' dir='ltr' id='par_1_86' title="bbox 305 5462 1883 5536">
     <span class='ocr_line' id='line_1_86' title="bbox 305 5462 1883 5536; baseline -0.003 -17"><span class='ocrx_word' id='word_1_662' title='bbox 305 5462 539 5535; x_wconf 76' lang='grc' dir='ltr'>Χριστοῦ</span> <span class='ocrx_word' id='word_1_663' title='bbox 578 5465 762 5536; x_wconf 80' lang='grc' dir='ltr'>χάριτι</span> <span class='ocrx_word' id='word_1_664' title='bbox 812 5465 1039 5519; x_wconf 85' lang='grc' dir='ltr'>δύναται</span> <span class='ocrx_word' id='word_1_665' title='bbox 1078 5463 1289 5518; x_wconf 88' lang='grc' dir='ltr'>πείθειν</span> <span class='ocrx_word' id='word_1_666' title='bbox 1329 5464 1477 5534; x_wconf 80' lang='grc' dir='ltr'>ἡμᾶς</span> <span class='ocrx_word' id='word_1_667' title='bbox 1505 5463 1606 5534; x_wconf 82' lang='grc' dir='ltr'>τὴν</span> <span class='ocrx_word' id='word_1_668' title='bbox 1637 5478 1883 5516; x_wconf 79' lang='grc' dir='ltr'>καινοτο-</span> 
     </span>
    </p>
   </div>
   <div class='ocr_carea' id='block_1_87' title="bbox 305 5557 1882 5630">
    <p class='ocr_par' dir='ltr' id='par_1_87' title="bbox 305 5557 1882 5630">
     <span class='ocr_line' id='line_1_87' title="bbox 305 5557 1882 5630; baseline -0.003 -19"><span class='ocrx_word' id='word_1_669' title='bbox 305 5560 434 5630; x_wconf 75' lang='grc' dir='ltr'>μίαν</span> <span class='ocrx_word' id='word_1_670' title='bbox 473 5559 686 5630; x_wconf 87' lang='grc' dir='ltr'>ταύτην</span> <span class='ocrx_word' id='word_1_671' title='bbox 719 5558 1143 5629; x_wconf 83' lang='grc' dir='ltr'>προσήκασθαι,</span> <span class='ocrx_word' id='word_1_672' title='bbox 1195 5557 1272 5620; x_wconf 87' lang='grc' dir='ltr'>ὼς</span> <span class='ocrx_word' id='word_1_673' title='bbox 1324 5557 1645 5624; x_wconf 83' lang='grc' dir='ltr'>ἀναγκαίως</span> <span class='ocrx_word' id='word_1_674' title='bbox 1672 5572 1882 5626; x_wconf 82' lang='grc' dir='ltr'>συνημ-</span> 
     </span>
    </p>
   </div>
   <div class='ocr_carea' id='block_1_88' title="bbox 301 5643 1882 5724">
    <p class='ocr_par' dir='ltr' id='par_1_88' title="bbox 301 5643 1882 5724">
     <span class='ocr_line' id='line_1_88' title="bbox 301 5643 1882 5724; baseline -0.003 -20"><span class='ocrx_word' id='word_1_675' title='bbox 301 5652 473 5721; x_wconf 83' lang='grc' dir='ltr'>μένην</span> <span class='ocrx_word' id='word_1_676' title='bbox 519 5650 681 5721; x_wconf 74' lang='grc' dir='ltr'>αὑτῇ.</span> <span class='ocrx_word' id='word_1_677' title='bbox 730 5650 1053 5724; x_wconf 76' lang='grc' dir='ltr'>Ὀμοούσιον</span> <span class='ocrx_word' id='word_1_678' title='bbox 1101 5648 1202 5718; x_wconf 84' lang='grc' dir='ltr'>μὲν</span> <span class='ocrx_word' id='word_1_679' title='bbox 1230 5648 1341 5721; x_wconf 86' lang='grc' dir='ltr'>γάρ</span> <span class='ocrx_word' id='word_1_680' title='bbox 1376 5646 1710 5720; x_wconf 81' lang='grc' dir='ltr'>πιστεύομεν</span> <span class='ocrx_word' id='word_1_681' title='bbox 1738 5643 1882 5701; x_wconf 74' lang='grc' dir='ltr'>εἶναι</span> 
     </span>
    </p>
   </div>
   <div class='ocr_carea' id='block_1_89' title="bbox 296 5738 1883 5811">
    <p class='ocr_par' dir='ltr' id='par_1_89' title="bbox 296 5738 1883 5811">
     <span class='ocr_line' id='line_1_89' title="bbox 296 5738 1883 5811; baseline -0.001 -18"><span class='ocrx_word' id='word_1_682' title='bbox 296 5742 386 5794; x_wconf 76' lang='grc' dir='ltr'>τὸν</span> <span class='ocrx_word' id='word_1_683' title='bbox 414 5741 546 5794; x_wconf 82' lang='grc' dir='ltr'>Υἰὺν</span> <span class='ocrx_word' id='word_1_684' title='bbox 588 5740 667 5811; x_wconf 84' lang='grc' dir='ltr'>τῷ</span> <span class='ocrx_word' id='word_1_685' title='bbox 710 5743 902 5811; x_wconf 81' lang='grc' dir='ltr'>Πατρὶ,</span> <span class='ocrx_word' id='word_1_686' title='bbox 950 5740 1087 5795; x_wconf 80' lang='grc' dir='ltr'>ἀλλά</span> <span class='ocrx_word' id='word_1_687' title='bbox 1137 5740 1230 5795; x_wconf 89' lang='grc' dir='ltr'>τοῦ</span> <span class='ocrx_word' id='word_1_688' title='bbox 1267 5738 1541 5811; x_wconf 83' lang='grc' dir='ltr'>πατρικοῦ</span> <span class='ocrx_word' id='word_1_689' title='bbox 1569 5738 1883 5807; x_wconf 80' lang='grc' dir='ltr'>ἀξιώματος</span> 
     </span>
    </p>
   </div>
   <div class='ocr_carea' id='block_1_90' title="bbox 295 5832 1870 5907">
    <p class='ocr_par' dir='ltr' id='par_1_90' title="bbox 295 5832 1870 5907">
     <span class='ocr_line' id='line_1_90' title="bbox 295 5832 1870 5907; baseline 0.001 -20"><span class='ocrx_word' id='word_1_690' title='bbox 295 5832 556 5907; x_wconf 82' lang='grc' dir='ltr'>διείργειν</span> <span class='ocrx_word' id='word_1_691' title='bbox 590 5835 751 5890; x_wconf 68' lang='grc' dir='ltr'>αὐτὸν</span> <span class='ocrx_word' id='word_1_692' title='bbox 772 5836 1141 5906; x_wconf 83' lang='grc' dir='ltr'>διδασκόμεθα</span> <span class='ocrx_word' id='word_1_693' title='bbox 1173 5832 1305 5907; x_wconf 82' lang='grc' dir='ltr'>παρ’</span> <span class='ocrx_word' id='word_1_694' title='bbox 1332 5832 1502 5889; x_wconf 80' lang='grc' dir='ltr'>αὐτοῦ</span> <span class='ocrx_word' id='word_1_695' title='bbox 1530 5850 1589 5887; x_wconf 93' lang='grc' dir='ltr'>τε</span> <span class='ocrx_word' id='word_1_696' title='bbox 1631 5833 1729 5888; x_wconf 73' lang='grc' dir='ltr'>καὶ</span> <span class='ocrx_word' id='word_1_697' title='bbox 1758 5833 1870 5889; x_wconf 90' lang='grc' dir='ltr'>τῶν</span> 
     </span>
    </p>
   </div>
   <div class='ocr_carea' id='block_1_91' title="bbox 1924 4503 1966 4559">
    <p class='ocr_par' dir='ltr' id='par_1_91' title="bbox 1924 4503 1966 4559">
     <span class='ocr_line' id='line_1_91' title="bbox 1924 4503 1966 4559; baseline 0 0"><span class='ocrx_word' id='word_1_698' title='bbox 1924 4503 1966 4559; x_wconf 87' lang='lat' dir='ltr'><strong>D</strong></span> 
     </span>
    </p>
   </div>
   <div class='ocr_carea' id='block_1_92' title="bbox 2001 3255 3700 3328">
    <p class='ocr_par' dir='ltr' id='par_1_92' title="bbox 2001 3255 3700 3328">
     <span class='ocr_line' id='line_1_92' title="bbox 2001 3255 3700 3328; baseline 0.002 -22"><span class='ocrx_word' id='word_1_699' title='bbox 2001 3255 2212 3308; x_wconf 72' lang='grc' dir='ltr'>λοιπαὶ⁹</span> <span class='ocrx_word' id='word_1_700' title='bbox 2244 3255 2453 3307; x_wconf 84' lang='grc' dir='ltr'>σύνοδοι</span> <span class='ocrx_word' id='word_1_701' title='bbox 2509 3255 2865 3323; x_wconf 74' lang='grc' dir='ltr'>ἐφησύχασαν</span> <span class='ocrx_word' id='word_1_702' title='bbox 2909 3258 2983 3320; x_wconf 89' lang='grc' dir='ltr'>ώς</span> <span class='ocrx_word' id='word_1_703' title='bbox 3046 3259 3309 3321; x_wconf 83' lang='grc' dir='ltr'>ἀνενδεῶς</span> <span class='ocrx_word' id='word_1_704' title='bbox 3354 3259 3590 3328; x_wconf 74' lang='grc' dir='ltr'>ἔχοντες,</span> <span class='ocrx_word' id='word_1_705' title='bbox 3694 3298 3700 3305; x_wconf 87' lang='grc'><strong>.</strong></span> 
     </span>
    </p>
   </div>
   <div class='ocr_carea' id='block_1_93' title="bbox 1999 3344 3592 3416">
    <p class='ocr_par' dir='ltr' id='par_1_93' title="bbox 1999 3344 3592 3416">
     <span class='ocr_line' id='line_1_93' title="bbox 1999 3344 3592 3416; baseline 0.003 -21"><span class='ocrx_word' id='word_1_706' title='bbox 1999 3344 2289 3413; x_wconf 84' lang='grc' dir='ltr'>ὁμοούσιον</span> <span class='ocrx_word' id='word_1_707' title='bbox 2324 3344 2421 3413; x_wconf 77' lang='grc' dir='ltr'>μὲν</span> <span class='ocrx_word' id='word_1_708' title='bbox 2474 3344 2686 3397; x_wconf 86' lang='grc' dir='ltr'>τιθέασι</span> <span class='ocrx_word' id='word_1_709' title='bbox 2732 3345 2808 3414; x_wconf 82' lang='grc' dir='ltr'>τῷ</span> <span class='ocrx_word' id='word_1_710' title='bbox 2859 3348 3031 3416; x_wconf 77' lang='grc' dir='ltr'>Πατρὶ</span> <span class='ocrx_word' id='word_1_711' title='bbox 3089 3349 3179 3398; x_wconf 68' lang='grc' dir='ltr'>τὶν</span> <span class='ocrx_word' id='word_1_712' title='bbox 3221 3348 3348 3399; x_wconf 81' lang='grc' dir='ltr'>Υἱδν</span> <span class='ocrx_word' id='word_1_713' title='bbox 3385 3348 3478 3401; x_wconf 74' lang='grc' dir='ltr'>καὶ</span> <span class='ocrx_word' id='word_1_714' title='bbox 3532 3349 3592 3401; x_wconf 80' lang='grc' dir='ltr'>τὸ</span> 
     </span>
    </p>
   </div>
   <div class='ocr_carea' id='block_1_94' title="bbox 2003 3434 3588 3506">
    <p class='ocr_par' dir='ltr' id='par_1_94' title="bbox 2003 3434 3588 3506">
     <span class='ocr_line' id='line_1_94' title="bbox 2003 3434 3588 3506; baseline 0.001 -18"><span class='ocrx_word' id='word_1_715' title='bbox 2003 3434 2226 3504; x_wconf 88' lang='grc' dir='ltr'>Πνεῦμα</span> <span class='ocrx_word' id='word_1_716' title='bbox 2254 3438 2460 3504; x_wconf 87' lang='grc' dir='ltr'>ἀμφοῖν</span> <span class='ocrx_word' id='word_1_717' title='bbox 2506 3438 2938 3506; x_wconf 82' lang='grc' dir='ltr'>προσκυνεῖσθαι</span> <span class='ocrx_word' id='word_1_718' title='bbox 2988 3440 3085 3490; x_wconf 75' lang='grc' dir='ltr'>καὶ</span> <span class='ocrx_word' id='word_1_719' title='bbox 3142 3438 3588 3501; x_wconf 76' lang='grc' dir='ltr'>συνδοξάζεσθαι,</span> 
     </span>
    </p>
   </div>
   <div class='ocr_carea' id='block_1_95' title="bbox 1997 3527 3585 3597">
    <p class='ocr_par' dir='ltr' id='par_1_95' title="bbox 1997 3527 3585 3597">
     <span class='ocr_line' id='line_1_95' title="bbox 1997 3527 3585 3597; baseline 0.002 -16"><span class='ocrx_word' id='word_1_720' title='bbox 1997 3530 2063 3581; x_wconf 81' lang='grc' dir='ltr'>ἐκ</span> <span class='ocrx_word' id='word_1_721' title='bbox 2087 3527 2143 3581; x_wconf 81' lang='grc' dir='ltr'>δὲ</span> <span class='ocrx_word' id='word_1_722' title='bbox 2174 3527 2266 3581; x_wconf 86' lang='grc' dir='ltr'>τοῦ</span> <span class='ocrx_word' id='word_1_723' title='bbox 2302 3528 2431 3581; x_wconf 82' lang='grc' dir='ltr'>Υἱοῦ</span> <span class='ocrx_word' id='word_1_724' title='bbox 2480 3529 2541 3580; x_wconf 83' lang='grc' dir='ltr'>οὐ</span> <span class='ocrx_word' id='word_1_725' title='bbox 2600 3528 2853 3595; x_wconf 85' lang='grc' dir='ltr'>λέγουσιν</span> <span class='ocrx_word' id='word_1_726' title='bbox 2901 3529 3337 3597; x_wconf 73' lang='grc' dir='ltr'>ἐκπορεύεσθαι,</span> <span class='ocrx_word' id='word_1_727' title='bbox 3376 3530 3492 3583; x_wconf 80' lang='grc' dir='ltr'>ἀλλ’</span> <span class='ocrx_word' id='word_1_728' title='bbox 3522 3535 3585 3584; x_wconf 84' lang='grc' dir='ltr'>ἐκ</span> 
     </span>
    </p>
   </div>
   <div class='ocr_carea' id='block_1_96' title="bbox 1997 3615 3589 3689">
    <p class='ocr_par' dir='ltr' id='par_1_96' title="bbox 1997 3615 3589 3689">
     <span class='ocr_line' id='line_1_96' title="bbox 1997 3615 3589 3689; baseline 0.003 -20"><span class='ocrx_word' id='word_1_729' title='bbox 1997 3615 2091 3669; x_wconf 87' lang='grc' dir='ltr'>τοῦ</span> <span class='ocrx_word' id='word_1_730' title='bbox 2124 3617 2336 3686; x_wconf 74' lang='grc' dir='ltr'>Πατρδς</span> <span class='ocrx_word' id='word_1_731' title='bbox 2373 3617 2593 3683; x_wconf 86' lang='grc' dir='ltr'>λέγουσι</span> <span class='ocrx_word' id='word_1_732' title='bbox 2637 3617 2819 3686; x_wconf 90' lang='grc' dir='ltr'>μόνον.</span> <span class='ocrx_word' id='word_1_733' title='bbox 2876 3619 2986 3670; x_wconf 74' lang='grc' dir='ltr'>Καὶ</span> <span class='ocrx_word' id='word_1_734' title='bbox 3016 3618 3045 3668; x_wconf 87' lang='grc' dir='ltr'>ὁ</span> <span class='ocrx_word' id='word_1_735' title='bbox 3088 3618 3183 3670; x_wconf 76' lang='grc' dir='ltr'>τοῦ</span> <span class='ocrx_word' id='word_1_736' title='bbox 3235 3619 3372 3671; x_wconf 87' lang='grc' dir='ltr'>Θεοῦ</span> <span class='ocrx_word' id='word_1_737' title='bbox 3412 3619 3589 3689; x_wconf 87' lang='grc' dir='ltr'>Λόγος</span> 
     </span>
    </p>
   </div>
   <div class='ocr_carea' id='block_1_97' title="bbox 1996 3709 3593 3781">
    <p class='ocr_par' dir='ltr' id='par_1_97' title="bbox 1996 3709 3593 3781">
     <span class='ocr_line' id='line_1_97' title="bbox 1996 3709 3593 3781; baseline 0.002 -19"><span class='ocrx_word' id='word_1_738' title='bbox 1996 3709 2195 3772; x_wconf 81' lang='grc' dir='ltr'>αὐτὸς,</span> <span class='ocrx_word' id='word_1_739' title='bbox 2254 3712 2349 3761; x_wconf 77' lang='grc' dir='ltr'>καὶ</span> <span class='ocrx_word' id='word_1_740' title='bbox 2422 3710 2452 3762; x_wconf 78' lang='grc' dir='ltr'>ὁ</span> <span class='ocrx_word' id='word_1_741' title='bbox 2520 3710 2787 3781; x_wconf 80' lang='grc' dir='ltr'>μακάριος</span> <span class='ocrx_word' id='word_1_742' title='bbox 2842 3710 3010 3763; x_wconf 80' lang='grc' dir='ltr'>αὐτοῦ</span> <span class='ocrx_word' id='word_1_743' title='bbox 3075 3710 3327 3781; x_wconf 72' lang='grc' dir='ltr'>μαθητὴς</span> <span class='ocrx_word' id='word_1_744' title='bbox 3411 3712 3593 3768; x_wconf 83' lang='grc' dir='ltr'>Ἰωάν-</span> 
     </span>
    </p>
   </div>
   <div class='ocr_carea' id='block_1_98' title="bbox 1997 3799 3589 3871">
    <p class='ocr_par' dir='ltr' id='par_1_98' title="bbox 1997 3799 3589 3871">
     <span class='ocr_line' id='line_1_98' title="bbox 1997 3799 3589 3871; baseline 0.003 -19"><span class='ocrx_word' id='word_1_745' title='bbox 1997 3816 2117 3869; x_wconf 87' lang='grc' dir='ltr'>νης,</span> <span class='ocrx_word' id='word_1_746' title='bbox 2166 3799 2391 3871; x_wconf 82' lang='grc' dir='ltr'>Πνεῦμα</span> <span class='ocrx_word' id='word_1_747' title='bbox 2439 3800 2539 3869; x_wconf 70' lang='grc' dir='ltr'>μὲν</span> <span class='ocrx_word' id='word_1_748' title='bbox 2569 3799 2829 3869; x_wconf 88' lang='grc' dir='ltr'>ἀληθείας</span> <span class='ocrx_word' id='word_1_749' title='bbox 2880 3802 3182 3863; x_wconf 86' lang='grc' dir='ltr'>ἀποκαλεῖ,</span> <span class='ocrx_word' id='word_1_750' title='bbox 3216 3804 3390 3857; x_wconf 86' lang='grc' dir='ltr'>εῐτουν</span> <span class='ocrx_word' id='word_1_751' title='bbox 3422 3805 3589 3857; x_wconf 85' lang='grc' dir='ltr'>αὐτοῦ</span> 
     </span>
    </p>
   </div>
   <div class='ocr_carea' id='block_1_99' title="bbox 1995 3892 3592 3965">
    <p class='ocr_par' dir='ltr' id='par_1_99' title="bbox 1995 3892 3592 3965">
     <span class='ocr_line' id='line_1_99' title="bbox 1995 3892 3592 3965; baseline 0.003 -19"><span class='ocrx_word' id='word_1_752' title='bbox 1995 3892 2091 3946; x_wconf 88' lang='grc' dir='ltr'>τοῦ</span> <span class='ocrx_word' id='word_1_753' title='bbox 2137 3894 2311 3961; x_wconf 80' lang='grc' dir='ltr'>Λόγου</span> <span class='ocrx_word' id='word_1_754' title='bbox 2340 3892 2784 3964; x_wconf 87' lang='grc' dir='ltr'>,ἐκπορεύεσθαι</span> <span class='ocrx_word' id='word_1_755' title='bbox 2834 3893 2936 3961; x_wconf 83' lang='grc' dir='ltr'>μὲν</span> <span class='ocrx_word' id='word_1_756' title='bbox 2979 3894 3039 3958; x_wconf 82' lang='grc' dir='ltr'>ἐξ</span> <span class='ocrx_word' id='word_1_757' title='bbox 3088 3893 3253 3948; x_wconf 84' lang='grc' dir='ltr'>αὐτοῦ</span> <span class='ocrx_word' id='word_1_758' title='bbox 3299 3896 3592 3965; x_wconf 70' lang='grc' dir='ltr'>διωρίσατο</span> 
     </span>
    </p>
   </div>
   <div class='ocr_carea' id='block_1_100' title="bbox 1994 3986 3591 4061">
    <p class='ocr_par' dir='ltr' id='par_1_100' title="bbox 1994 3986 3591 4061">
     <span class='ocr_line' id='line_1_100' title="bbox 1994 3986 3591 4061; baseline 0.001 -20"><span class='ocrx_word' id='word_1_759' title='bbox 1994 3987 2087 4041; x_wconf 90' lang='grc' dir='ltr'>τοῦ</span> <span class='ocrx_word' id='word_1_760' title='bbox 2120 3987 2356 4058; x_wconf 87' lang='grc' dir='ltr'>Πατρός.</span> <span class='ocrx_word' id='word_1_761' title='bbox 2384 3988 2495 4040; x_wconf 79' lang='grc' dir='ltr'>Καὶ</span> <span class='ocrx_word' id='word_1_762' title='bbox 2533 3986 2743 4047; x_wconf 80' lang='grc' dir='ltr'>Παῦλο;</span> <span class='ocrx_word' id='word_1_763' title='bbox 2784 3986 2848 4039; x_wconf 84' lang='grc' dir='ltr'>τὸ</span> <span class='ocrx_word' id='word_1_764' title='bbox 2882 3987 3121 4055; x_wconf 83' lang='grc' dir='ltr'>Χριστοῦ</span> <span class='ocrx_word' id='word_1_765' title='bbox 3156 3988 3335 4058; x_wconf 89' lang='grc' dir='ltr'>στόμα</span> <span class='ocrx_word' id='word_1_766' title='bbox 3341 4029 3369 4061; x_wconf 59' lang='grc' dir='ltr'><em>δ</em></span> <span class='ocrx_word' id='word_1_767' title='bbox 3402 3991 3465 4060; x_wconf 75' lang='grc' dir='ltr'>ἐκ</span> <span class='ocrx_word' id='word_1_768' title='bbox 3492 3989 3591 4043; x_wconf 89' lang='grc' dir='ltr'>τοῦ</span> 
     </span>
    </p>
   </div>
   <div class='ocr_carea' id='block_1_101' title="bbox 1994 4075 3591 4154">
    <p class='ocr_par' dir='ltr' id='par_1_101' title="bbox 1994 4075 3591 4154">
     <span class='ocr_line' id='line_1_101' title="bbox 1994 4075 3591 4154; baseline 0.002 -20"><span class='ocrx_word' id='word_1_769' title='bbox 1994 4079 2131 4134; x_wconf 84' lang='grc' dir='ltr'>Θεοῦ</span> <span class='ocrx_word' id='word_1_770' title='bbox 2162 4080 2262 4148; x_wconf 73' lang='grc' dir='ltr'>μὲν</span> <span class='ocrx_word' id='word_1_771' title='bbox 2278 4075 2417 4133; x_wconf 75' lang='grc' dir='ltr'>εἶναι</span> <span class='ocrx_word' id='word_1_772' title='bbox 2438 4078 2612 4148; x_wconf 83' lang='grc' dir='ltr'>λέγων</span> <span class='ocrx_word' id='word_1_773' title='bbox 2629 4079 2689 4133; x_wconf 81' lang='grc' dir='ltr'>τὸ</span> <span class='ocrx_word' id='word_1_774' title='bbox 2718 4078 2943 4150; x_wconf 87' lang='grc' dir='ltr'>Πνεῦμα</span> <span class='ocrx_word' id='word_1_775' title='bbox 2971 4080 3065 4134; x_wconf 73' lang='grc' dir='ltr'>καὶ</span> <span class='ocrx_word' id='word_1_776' title='bbox 3089 4079 3184 4134; x_wconf 89' lang='grc' dir='ltr'>τοῦ</span> <span class='ocrx_word' id='word_1_777' title='bbox 3208 4081 3368 4148; x_wconf 86' lang='grc' dir='ltr'>Θεοῦ,</span> <span class='ocrx_word' id='word_1_778' title='bbox 3385 4082 3463 4153; x_wconf 83' lang='grc' dir='ltr'>τῷ</span> <span class='ocrx_word' id='word_1_779' title='bbox 3490 4085 3591 4154; x_wconf 76' lang='grc' dir='ltr'>μὲν</span> 
     </span>
    </p>
   </div>
   <div class='ocr_carea' id='block_1_102' title="bbox 1994 4171 3591 4246">
    <p class='ocr_par' dir='ltr' id='par_1_102' title="bbox 1994 4171 3591 4246">
     <span class='ocr_line' id='line_1_102' title="bbox 1994 4171 3591 4246; baseline 0.001 -17"><span class='ocrx_word' id='word_1_780' title='bbox 1994 4175 2093 4244; x_wconf 83' lang='grc' dir='ltr'>τὴν</span> <span class='ocrx_word' id='word_1_781' title='bbox 2114 4174 2295 4228; x_wconf 89' lang='grc' dir='ltr'>αἰτίαν</span> <span class='ocrx_word' id='word_1_782' title='bbox 2320 4173 2625 4244; x_wconf 86' lang='grc' dir='ltr'>σημαίνων,</span> <span class='ocrx_word' id='word_1_783' title='bbox 2655 4171 2733 4242; x_wconf 78' lang='grc' dir='ltr'>τῷ</span> <span class='ocrx_word' id='word_1_784' title='bbox 2762 4174 2819 4227; x_wconf 82' lang='grc' dir='ltr'>δὲ</span> <span class='ocrx_word' id='word_1_785' title='bbox 2848 4173 2948 4244; x_wconf 82' lang='grc' dir='ltr'>τὴν</span> <span class='ocrx_word' id='word_1_786' title='bbox 2995 4175 3230 4246; x_wconf 82' lang='grc' dir='ltr'>φυσικὴν</span> <span class='ocrx_word' id='word_1_787' title='bbox 3262 4177 3591 4246; x_wconf 78' lang='grc' dir='ltr'>συγγένειαν</span> 
     </span>
    </p>
   </div>
   <div class='ocr_carea' id='block_1_103' title="bbox 1992 4264 3589 4337">
    <p class='ocr_par' dir='ltr' id='par_1_103' title="bbox 1992 4264 3589 4337">
     <span class='ocr_line' id='line_1_103' title="bbox 1992 4264 3589 4337; baseline 0.002 -17"><span class='ocrx_word' id='word_1_788' title='bbox 1992 4269 2094 4337; x_wconf 74' lang='grc' dir='ltr'>τῆς</span> <span class='ocrx_word' id='word_1_789' title='bbox 2144 4266 2396 4337; x_wconf 86' lang='grc' dir='ltr'>θεότητος</span> <span class='ocrx_word' id='word_1_790' title='bbox 2419 4302 2435 4332; x_wconf 89' lang='grc'>,</span> <span class='ocrx_word' id='word_1_791' title='bbox 2463 4267 2528 4320; x_wconf 77' lang='grc' dir='ltr'>ἐκ</span> <span class='ocrx_word' id='word_1_792' title='bbox 2563 4264 2658 4319; x_wconf 90' lang='grc' dir='ltr'>τοῦ</span> <span class='ocrx_word' id='word_1_793' title='bbox 2692 4265 2821 4319; x_wconf 85' lang='grc' dir='ltr'>Υἱοῦ</span> <span class='ocrx_word' id='word_1_794' title='bbox 2867 4266 2921 4319; x_wconf 75' lang='grc' dir='ltr'>δέ</span> <span class='ocrx_word' id='word_1_795' title='bbox 2952 4267 3207 4337; x_wconf 75' lang='grc' dir='ltr'>οὐδαμῶς</span> <span class='ocrx_word' id='word_1_796' title='bbox 3255 4268 3450 4337; x_wconf 87' lang='grc' dir='ltr'>λέγων,</span> <span class='ocrx_word' id='word_1_797' title='bbox 3475 4270 3589 4323; x_wconf 87' lang='grc' dir='ltr'>ἀλλ’</span> 
     </span>
    </p>
   </div>
   <div class='ocr_carea' id='block_1_104' title="bbox 1992 4357 3589 4433">
    <p class='ocr_par' dir='ltr' id='par_1_104' title="bbox 1992 4357 3589 4433">
     <span class='ocr_line' id='line_1_104' title="bbox 1992 4357 3589 4433; baseline 0.001 -20"><span class='ocrx_word' id='word_1_798' title='bbox 1992 4361 2026 4433; x_wconf 77' lang='grc' dir='ltr'>ἢ</span> <span class='ocrx_word' id='word_1_799' title='bbox 2063 4359 2224 4431; x_wconf 87' lang='grc' dir='ltr'>μόνον</span> <span class='ocrx_word' id='word_1_800' title='bbox 2252 4358 2478 4427; x_wconf 81' lang='grc' dir='ltr'>Πνεῦμα</span> <span class='ocrx_word' id='word_1_801' title='bbox 2508 4357 2640 4411; x_wconf 81' lang='grc' dir='ltr'>Υἱοῦ</span> <span class='ocrx_word' id='word_1_802' title='bbox 2666 4358 2759 4410; x_wconf 74' lang='grc' dir='ltr'>καὶ</span> <span class='ocrx_word' id='word_1_803' title='bbox 2792 4357 3019 4426; x_wconf 85' lang='grc' dir='ltr'>Πνεῦμα</span> <span class='ocrx_word' id='word_1_804' title='bbox 3045 4360 3315 4429; x_wconf 74' lang='grc' dir='ltr'>Χριστοῦ,</span> <span class='ocrx_word' id='word_1_805' title='bbox 3335 4362 3430 4413; x_wconf 72' lang='grc' dir='ltr'>καὶ</span> <span class='ocrx_word' id='word_1_806' title='bbox 3452 4362 3589 4425; x_wconf 79' lang='grc' dir='ltr'>ὅλως</span> 
     </span>
    </p>
   </div>
   <div class='ocr_carea' id='block_1_105' title="bbox 1992 4449 3587 4521">
    <p class='ocr_par' dir='ltr' id='par_1_105' title="bbox 1992 4449 3587 4521">
     <span class='ocr_line' id='line_1_105' title="bbox 1992 4449 3587 4521; baseline -0.002 -13"><span class='ocrx_word' id='word_1_807' title='bbox 1992 4455 2052 4508; x_wconf 80' lang='grc' dir='ltr'>τὸ</span> <span class='ocrx_word' id='word_1_808' title='bbox 2080 4449 2221 4507; x_wconf 72' lang='grc' dir='ltr'>εἶναι</span> <span class='ocrx_word' id='word_1_809' title='bbox 2254 4452 2314 4505; x_wconf 84' lang='grc' dir='ltr'>τὸ</span> <span class='ocrx_word' id='word_1_810' title='bbox 2343 4451 2633 4521; x_wconf 85' lang='grc' dir='ltr'>ὁμοούσιον</span> <span class='ocrx_word' id='word_1_811' title='bbox 2660 4450 2832 4520; x_wconf 72' lang='grc' dir='ltr'>ἑτέρῳ</span> <span class='ocrx_word' id='word_1_812' title='bbox 2865 4453 2974 4503; x_wconf 75' lang='grc' dir='ltr'>τινὶ</span> <span class='ocrx_word' id='word_1_813' title='bbox 2994 4450 3096 4503; x_wconf 83' lang='grc' dir='ltr'>οῦκ</span> <span class='ocrx_word' id='word_1_814' title='bbox 3127 4451 3187 4514; x_wconf 81' lang='grc' dir='ltr'>ἐξ</span> <span class='ocrx_word' id='word_1_815' title='bbox 3217 4451 3465 4519; x_wconf 86' lang='grc' dir='ltr'>ἀνάγκης</span> <span class='ocrx_word' id='word_1_816' title='bbox 3491 4455 3587 4505; x_wconf 78' lang='grc' dir='ltr'>καὶ</span> 
     </span>
    </p>
   </div>
   <div class='ocr_carea' id='block_1_106' title="bbox 1993 4538 3583 4612">
    <p class='ocr_par' dir='ltr' id='par_1_106' title="bbox 1993 4538 3583 4612">
     <span class='ocr_line' id='line_1_106' title="bbox 1993 4538 3583 4612; baseline -0.004 -13"><span class='ocrx_word' id='word_1_817' title='bbox 1993 4546 2164 4599; x_wconf 84' lang='grc' dir='ltr'>αῖτιον</span> <span class='ocrx_word' id='word_1_818' title='bbox 2186 4542 2413 4612; x_wconf 86' lang='grc' dir='ltr'>θάτερον</span> <span class='ocrx_word' id='word_1_819' title='bbox 2434 4540 2665 4609; x_wconf 86' lang='grc' dir='ltr'>θατέρου</span> <span class='ocrx_word' id='word_1_820' title='bbox 2702 4538 2840 4592; x_wconf 81' lang='grc' dir='ltr'>εῖναι</span> <span class='ocrx_word' id='word_1_821' title='bbox 2862 4541 3095 4605; x_wconf 76' lang='grc' dir='ltr'>εἰσάγει,</span> <span class='ocrx_word' id='word_1_822' title='bbox 3124 4540 3206 4593; x_wconf 72' lang='grc' dir='ltr'>διδ</span> <span class='ocrx_word' id='word_1_823' title='bbox 3237 4542 3335 4593; x_wconf 80' lang='grc' dir='ltr'>καὶ</span> <span class='ocrx_word' id='word_1_824' title='bbox 3374 4544 3442 4610; x_wconf 79' lang='grc' dir='ltr'>τῇ</span> <span class='ocrx_word' id='word_1_825' title='bbox 3483 4542 3583 4609; x_wconf 80' lang='grc' dir='ltr'>μέν</span> 
     </span>
    </p>
   </div>
   <div class='ocr_carea' id='block_1_107' title="bbox 1991 4632 3579 4706">
    <p class='ocr_par' dir='ltr' id='par_1_107' title="bbox 1991 4632 3579 4706">
     <span class='ocr_line' id='line_1_107' title="bbox 1991 4632 3579 4706; baseline -0.004 -16"><span class='ocrx_word' id='word_1_826' title='bbox 1991 4638 2204 4706; x_wconf 86' lang='grc' dir='ltr'>ἐνότητι</span> <span class='ocrx_word' id='word_1_827' title='bbox 2247 4635 2345 4703; x_wconf 86' lang='grc' dir='ltr'>τῆς</span> <span class='ocrx_word' id='word_1_828' title='bbox 2380 4633 2570 4697; x_wconf 82' lang='grc' dir='ltr'>οὐσίας</span> <span class='ocrx_word' id='word_1_829' title='bbox 2593 4636 2651 4686; x_wconf 93' lang='grc' dir='ltr'>ἐν</span> <span class='ocrx_word' id='word_1_830' title='bbox 2684 4634 2861 4700; x_wconf 72' lang='grc' dir='ltr'>Πατρὶ</span> <span class='ocrx_word' id='word_1_831' title='bbox 2891 4634 2983 4685; x_wconf 68' lang='grc' dir='ltr'>καὶ</span> <span class='ocrx_word' id='word_1_832' title='bbox 3018 4632 3133 4700; x_wconf 85' lang='grc' dir='ltr'>Υἱῷ</span> <span class='ocrx_word' id='word_1_833' title='bbox 3167 4633 3264 4685; x_wconf 70' lang='grc' dir='ltr'>καὶ</span> <span class='ocrx_word' id='word_1_834' title='bbox 3295 4632 3579 4700; x_wconf 81' lang='grc' dir='ltr'>Πνεύματι</span> 
     </span>
    </p>
   </div>
   <div class='ocr_carea' id='block_1_108' title="bbox 1989 4724 3585 4798">
    <p class='ocr_par' dir='ltr' id='par_1_108' title="bbox 1989 4724 3585 4798">
     <span class='ocr_line' id='line_1_108' title="bbox 1989 4724 3585 4798; baseline -0.004 -16"><span class='ocrx_word' id='word_1_835' title='bbox 1989 4733 2048 4782; x_wconf 87' lang='grc' dir='ltr'>ού</span> <span class='ocrx_word' id='word_1_836' title='bbox 2081 4728 2429 4798; x_wconf 88' lang='grc' dir='ltr'>λυμαίνεται,</span> <span class='ocrx_word' id='word_1_837' title='bbox 2460 4726 2523 4779; x_wconf 81' lang='grc' dir='ltr'>τὸ</span> <span class='ocrx_word' id='word_1_838' title='bbox 2574 4726 2648 4797; x_wconf 84' lang='grc' dir='ltr'>μὴ</span> <span class='ocrx_word' id='word_1_839' title='bbox 2676 4725 2771 4779; x_wconf 73' lang='grc' dir='ltr'>καὶ</span> <span class='ocrx_word' id='word_1_840' title='bbox 2800 4729 2858 4777; x_wconf 75' lang='grc' dir='ltr'>ὲκ</span> <span class='ocrx_word' id='word_1_841' title='bbox 2888 4726 2983 4778; x_wconf 91' lang='grc' dir='ltr'>τοῦ</span> <span class='ocrx_word' id='word_1_842' title='bbox 3013 4724 3145 4778; x_wconf 86' lang='grc' dir='ltr'>Υἱοῦ</span> <span class='ocrx_word' id='word_1_843' title='bbox 3174 4725 3479 4793; x_wconf 84' lang='grc' dir='ltr'>ὑφεστάναι</span> <span class='ocrx_word' id='word_1_844' title='bbox 3524 4727 3585 4776; x_wconf 77' lang='grc' dir='ltr'>τδ</span> 
     </span>
    </p>
   </div>
   <div class='ocr_carea' id='block_1_109' title="bbox 1991 4816 3584 4892">
    <p class='ocr_par' dir='ltr' id='par_1_109' title="bbox 1991 4816 3584 4892">
     <span class='ocr_line' id='line_1_109' title="bbox 1991 4816 3584 4892; baseline -0.004 -17"><span class='ocrx_word' id='word_1_845' title='bbox 1991 4820 2238 4892; x_wconf 83' lang='grc' dir='ltr'>Πνεῦμα,</span> <span class='ocrx_word' id='word_1_846' title='bbox 2270 4821 2302 4891; x_wconf 83' lang='grc' dir='ltr'><strong>ἢ</strong></span> <span class='ocrx_word' id='word_1_847' title='bbox 2339 4820 2627 4892; x_wconf 89' lang='grc' dir='ltr'>προελθεῖν</span> <span class='ocrx_word' id='word_1_848' title='bbox 2654 4818 2916 4882; x_wconf 88' lang='grc' dir='ltr'>αἱτιατῶς</span> <span class='ocrx_word' id='word_1_849' title='bbox 2948 4817 3226 4888; x_wconf 85' lang='grc' dir='ltr'>ἐγχωροῦν</span> <span class='ocrx_word' id='word_1_850' title='bbox 3248 4856 3264 4881; x_wconf 92' lang='grc'>,</span> <span class='ocrx_word' id='word_1_851' title='bbox 3298 4816 3584 4887; x_wconf 88' lang='grc' dir='ltr'>ὁμοούσιόν</span> 
     </span>
    </p>
   </div>
   <div class='ocr_carea' id='block_1_110' title="bbox 1989 4908 3579 4983">
    <p class='ocr_par' dir='ltr' id='par_1_110' title="bbox 1989 4908 3579 4983">
     <span class='ocr_line' id='line_1_110' title="bbox 1989 4908 3579 4983; baseline -0.004 -16"><span class='ocrx_word' id='word_1_852' title='bbox 1989 4930 2049 4967; x_wconf 88' lang='grc' dir='ltr'>τε</span> <span class='ocrx_word' id='word_1_853' title='bbox 2076 4909 2215 4967; x_wconf 73' lang='grc' dir='ltr'>εῖναι</span> <span class='ocrx_word' id='word_1_854' title='bbox 2253 4912 2425 4983; x_wconf 82' lang='grc' dir='ltr'>αὐτῷ,</span> <span class='ocrx_word' id='word_1_855' title='bbox 2469 4912 2544 4975; x_wconf 87' lang='grc' dir='ltr'>ώς</span> <span class='ocrx_word' id='word_1_856' title='bbox 2570 4911 2671 4981; x_wconf 81' lang='grc' dir='ltr'>τὴν</span> <span class='ocrx_word' id='word_1_857' title='bbox 2724 4910 2875 4980; x_wconf 83' lang='grc' dir='ltr'>αὐτῷ</span> <span class='ocrx_word' id='word_1_858' title='bbox 2907 4909 3125 4981; x_wconf 82' lang='grc' dir='ltr'>ἀριθμῷ</span> <span class='ocrx_word' id='word_1_859' title='bbox 3174 4909 3259 4978; x_wconf 75' lang='grc' dir='ltr'>λα;</span> <span class='ocrx_word' id='word_1_860' title='bbox 3288 4908 3454 4963; x_wconf 79' lang='grc' dir='ltr'>σάνον</span> <span class='ocrx_word' id='word_1_861' title='bbox 3490 4911 3579 4962; x_wconf 76' lang='grc' dir='ltr'>οὐ·</span> 
     </span>
    </p>
   </div>
   <div class='ocr_carea' id='block_1_111' title="bbox 1997 5002 3583 5077">
    <p class='ocr_par' dir='ltr' id='par_1_111' title="bbox 1997 5002 3583 5077">
     <span class='ocr_line' id='line_1_111' title="bbox 1997 5002 3583 5077; baseline -0.002 -19"><span class='ocrx_word' id='word_1_862' title='bbox 1997 5006 2118 5060; x_wconf 89' lang='grc' dir='ltr'>σὶαν</span> <span class='ocrx_word' id='word_1_863' title='bbox 2149 5007 2213 5060; x_wconf 90' lang='grc' dir='ltr'>ἐκ</span> <span class='ocrx_word' id='word_1_864' title='bbox 2251 5005 2348 5059; x_wconf 91' lang='grc' dir='ltr'>τοῦ</span> <span class='ocrx_word' id='word_1_865' title='bbox 2382 5005 2600 5077; x_wconf 73' lang='grc' dir='ltr'>Πατρδς</span> <span class='ocrx_word' id='word_1_866' title='bbox 2628 5004 3095 5074; x_wconf 88' lang='grc' dir='ltr'>ἐκπορευόμενον,</span> <span class='ocrx_word' id='word_1_867' title='bbox 3126 5003 3193 5073; x_wconf 78' lang='grc' dir='ltr'>ἢν</span> <span class='ocrx_word' id='word_1_868' title='bbox 3223 5004 3251 5055; x_wconf 88' lang='grc' dir='ltr'>ὁ</span> <span class='ocrx_word' id='word_1_869' title='bbox 3284 5002 3412 5066; x_wconf 68' lang='grc' dir='ltr'>Υἱὸς</span> <span class='ocrx_word' id='word_1_870' title='bbox 3440 5002 3583 5055; x_wconf 81' lang='grc' dir='ltr'>ἐκεῖ·</span> 
     </span>
    </p>
   </div>
   <div class='ocr_carea' id='block_1_112' title="bbox 1994 5093 3583 5170">
    <p class='ocr_par' dir='ltr' id='par_1_112' title="bbox 1994 5093 3583 5170">
     <span class='ocr_line' id='line_1_112' title="bbox 1994 5093 3583 5170; baseline -0.001 -17"><span class='ocrx_word' id='word_1_871' title='bbox 1994 5102 2087 5154; x_wconf 90' lang='grc' dir='ltr'>θεν</span> <span class='ocrx_word' id='word_1_872' title='bbox 2120 5098 2389 5170; x_wconf 77' lang='grc' dir='ltr'>λαμϐάνει</span> <span class='ocrx_word' id='word_1_873' title='bbox 2426 5095 2793 5167; x_wconf 82' lang='grc' dir='ltr'>γεννώμενος,</span> <span class='ocrx_word' id='word_1_874' title='bbox 2828 5096 2907 5165; x_wconf 84' lang='grc' dir='ltr'>τῷ</span> <span class='ocrx_word' id='word_1_875' title='bbox 2940 5112 3024 5148; x_wconf 89' lang='grc' dir='ltr'>τοι</span> <span class='ocrx_word' id='word_1_876' title='bbox 3070 5096 3166 5148; x_wconf 70' lang='grc' dir='ltr'>καὶ</span> <span class='ocrx_word' id='word_1_877' title='bbox 3197 5093 3329 5148; x_wconf 86' lang='grc' dir='ltr'>Υἰοῦ</span> <span class='ocrx_word' id='word_1_878' title='bbox 3356 5094 3583 5166; x_wconf 88' lang='grc' dir='ltr'>Πνεῦμα</span> 
     </span>
    </p>
   </div>
   <div class='ocr_carea' id='block_1_113' title="bbox 1992 5182 3583 5258">
    <p class='ocr_par' dir='ltr' id='par_1_113' title="bbox 1992 5182 3583 5258">
     <span class='ocr_line' id='line_1_113' title="bbox 1992 5182 3583 5258; baseline -0.003 -15"><span class='ocrx_word' id='word_1_879' title='bbox 1992 5189 2210 5258; x_wconf 88' lang='grc' dir='ltr'>λέγεται</span> <span class='ocrx_word' id='word_1_880' title='bbox 2244 5184 2403 5255; x_wconf 73' lang='grc' dir='ltr'>εἶναι,</span> <span class='ocrx_word' id='word_1_881' title='bbox 2440 5188 2536 5240; x_wconf 74' lang='grc' dir='ltr'>καὶ</span> <span class='ocrx_word' id='word_1_882' title='bbox 2588 5186 2664 5256; x_wconf 81' lang='grc' dir='ltr'>μὴ</span> <span class='ocrx_word' id='word_1_883' title='bbox 2706 5182 2848 5239; x_wconf 76' lang='grc' dir='ltr'>εἶναι</span> <span class='ocrx_word' id='word_1_884' title='bbox 2899 5184 3067 5239; x_wconf 81' lang='grc' dir='ltr'>αὑτοῦ</span> <span class='ocrx_word' id='word_1_885' title='bbox 3100 5184 3400 5256; x_wconf 80' lang='grc' dir='ltr'>πρόϐλημα</span> <span class='ocrx_word' id='word_1_886' title='bbox 3428 5184 3461 5255; x_wconf 78' lang='grc' dir='ltr'>ἢ</span> <span class='ocrx_word' id='word_1_887' title='bbox 3491 5186 3583 5238; x_wconf 83' lang='grc' dir='ltr'>ἐκ-</span> 
     </span>
    </p>
   </div>
   <div class='ocr_carea' id='block_1_114' title="bbox 1996 5273 3580 5350">
    <p class='ocr_par' dir='ltr' id='par_1_114' title="bbox 1996 5273 3580 5350">
     <span class='ocr_line' id='line_1_114' title="bbox 1996 5273 3580 5350; baseline -0.001 -19"><span class='ocrx_word' id='word_1_888' title='bbox 1996 5280 2274 5350; x_wconf 57' lang='grc' dir='ltr'>πλιρευμω</span> <span class='ocrx_word' id='word_1_889' title='bbox 2305 5276 2367 5332; x_wconf 83' lang='grc' dir='ltr'>τὸ</span> <span class='ocrx_word' id='word_1_890' title='bbox 2396 5276 2453 5330; x_wconf 79' lang='grc' dir='ltr'>δὲ</span> <span class='ocrx_word' id='word_1_891' title='bbox 2492 5278 2588 5331; x_wconf 75' lang='grc' dir='ltr'>καὶ</span> <span class='ocrx_word' id='word_1_892' title='bbox 2630 5278 2692 5330; x_wconf 88' lang='grc' dir='ltr'>ἐκ</span> <span class='ocrx_word' id='word_1_893' title='bbox 2725 5273 2821 5329; x_wconf 89' lang='grc' dir='ltr'>τοῦ</span> <span class='ocrx_word' id='word_1_894' title='bbox 2859 5275 2989 5329; x_wconf 90' lang='grc' dir='ltr'>Υἰοῦ</span> <span class='ocrx_word' id='word_1_895' title='bbox 3025 5274 3328 5345; x_wconf 84' lang='grc' dir='ltr'>ὑφεστάναι</span> <span class='ocrx_word' id='word_1_896' title='bbox 3359 5276 3426 5330; x_wconf 83' lang='grc' dir='ltr'>ἂν</span> <span class='ocrx_word' id='word_1_897' title='bbox 3450 5278 3580 5331; x_wconf 68' lang='grc' dir='ltr'>πολι</span> 
     </span>
    </p>
   </div>
   <div class='ocr_carea' id='block_1_115' title="bbox 1992 5365 3579 5440">
    <p class='ocr_par' dir='ltr' id='par_1_115' title="bbox 1992 5365 3579 5440">
     <span class='ocr_line' id='line_1_115' title="bbox 1992 5365 3579 5440; baseline -0.004 -17"><span class='ocrx_word' id='word_1_898' title='bbox 1992 5370 2112 5434; x_wconf 87' lang='grc' dir='ltr'>λαῖς</span> <span class='ocrx_word' id='word_1_899' title='bbox 2155 5369 2445 5440; x_wconf 87' lang='grc' dir='ltr'>ἀληθείαις</span> <span class='ocrx_word' id='word_1_900' title='bbox 2495 5368 2844 5438; x_wconf 78' lang='grc' dir='ltr'>λυμαίνεται,</span> <span class='ocrx_word' id='word_1_901' title='bbox 2893 5367 2969 5431; x_wconf 84' lang='grc' dir='ltr'>ὡς</span> <span class='ocrx_word' id='word_1_902' title='bbox 3020 5365 3117 5421; x_wconf 89' lang='grc' dir='ltr'>νῦν</span> <span class='ocrx_word' id='word_1_903' title='bbox 3142 5385 3201 5422; x_wconf 92' lang='grc' dir='ltr'>τε</span> <span class='ocrx_word' id='word_1_904' title='bbox 3241 5368 3458 5438; x_wconf 77' lang='grc' dir='ltr'>εἴρηται</span> <span class='ocrx_word' id='word_1_905' title='bbox 3488 5370 3579 5419; x_wconf 77' lang='grc' dir='ltr'>καὶ</span> 
     </span>
    </p>
   </div>
   <div class='ocr_carea' id='block_1_116' title="bbox 2000 5456 3578 5529">
    <p class='ocr_par' dir='ltr' id='par_1_116' title="bbox 2000 5456 3578 5529">
     <span class='ocr_line' id='line_1_116' title="bbox 2000 5456 3578 5529; baseline -0.004 -17"><span class='ocrx_word' id='word_1_906' title='bbox 2000 5461 2058 5513; x_wconf 82' lang='grc' dir='ltr'>ἐν</span> <span class='ocrx_word' id='word_1_907' title='bbox 2086 5458 2269 5522; x_wconf 79' lang='grc' dir='ltr'>ἄλλοις</span> <span class='ocrx_word' id='word_1_908' title='bbox 2302 5457 2393 5512; x_wconf 89' lang='grc' dir='ltr'>διά</span> <span class='ocrx_word' id='word_1_909' title='bbox 2428 5456 2693 5512; x_wconf 87' lang='grc' dir='ltr'>πλειόνων</span> <span class='ocrx_word' id='word_1_910' title='bbox 2721 5476 2779 5511; x_wconf 88' lang='grc' dir='ltr'>τε</span> <span class='ocrx_word' id='word_1_911' title='bbox 2813 5460 2910 5513; x_wconf 76' lang='grc' dir='ltr'>καὶ</span> <span class='ocrx_word' id='word_1_912' title='bbox 2958 5459 3358 5529; x_wconf 88' lang='grc' dir='ltr'>ἐναργέστερον</span> <span class='ocrx_word' id='word_1_913' title='bbox 3386 5456 3578 5509; x_wconf 77' lang='grc' dir='ltr'>ἀποδέο</span> 
     </span>
    </p>
   </div>
   <div class='ocr_carea' id='block_1_117' title="bbox 1991 5545 3574 5621">
    <p class='ocr_par' dir='ltr' id='par_1_117' title="bbox 1991 5545 3574 5621">
     <span class='ocr_line' id='line_1_117' title="bbox 1991 5545 3574 5621; baseline -0.004 -16"><span class='ocrx_word' id='word_1_914' title='bbox 1991 5551 2220 5617; x_wconf 85' lang='grc' dir='ltr'>δεικται,</span> <span class='ocrx_word' id='word_1_915' title='bbox 2258 5545 2336 5608; x_wconf 81' lang='grc' dir='ltr'>ὧν</span> <span class='ocrx_word' id='word_1_916' title='bbox 2364 5550 2472 5621; x_wconf 78' lang='grc' dir='ltr'>χρὴ</span> <span class='ocrx_word' id='word_1_917' title='bbox 2507 5552 2923 5621; x_wconf 80' lang='grc' dir='ltr'>ἀναιρουμένων</span> <span class='ocrx_word' id='word_1_918' title='bbox 2951 5552 3039 5605; x_wconf 90' lang='grc' dir='ltr'>διά</span> <span class='ocrx_word' id='word_1_919' title='bbox 3076 5551 3239 5605; x_wconf 89' lang='grc' dir='ltr'>τοῦτο</span> <span class='ocrx_word' id='word_1_920' title='bbox 3281 5548 3356 5618; x_wconf 82' lang='grc' dir='ltr'>μὴ</span> <span class='ocrx_word' id='word_1_921' title='bbox 3386 5564 3574 5617; x_wconf 78' lang='grc' dir='ltr'>περιο-</span> 
     </span>
    </p>
   </div>
   <div class='ocr_carea' id='block_1_118' title="bbox 1993 5646 2296 5717">
    <p class='ocr_par' dir='ltr' id='par_1_118' title="bbox 1993 5646 2296 5717">
     <span class='ocr_line' id='line_1_118' title="bbox 1993 5646 2296 5717; baseline 0 0"><span class='ocrx_word' id='word_1_922' title='bbox 1993 5646 2095 5717; x_wconf 66' lang='grc' dir='ltr'>ρᾷν</span> <span class='ocrx_word' id='word_1_923' title='bbox 2124 5646 2296 5717; x_wconf 72' lang='grc' dir='ltr'>ἡμᾶςο</span> 
     </span>
    </p>
   </div>
   <div class='ocr_carea' id='block_1_119' title="bbox 2073 5734 3568 5809">
    <p class='ocr_par' dir='ltr' id='par_1_119' title="bbox 2073 5734 3568 5809">
     <span class='ocr_line' id='line_1_119' title="bbox 2073 5734 3568 5809; baseline -0.004 -16"><span class='ocrx_word' id='word_1_924' title='bbox 2073 5737 2421 5809; x_wconf 78' lang='grc' dir='ltr'>Ἐφρόντιζον</span> <span class='ocrx_word' id='word_1_925' title='bbox 2448 5736 2496 5791; x_wconf 87' lang='grc' dir='ltr'>δ’</span> <span class='ocrx_word' id='word_1_926' title='bbox 2520 5736 2587 5791; x_wconf 75' lang='grc' dir='ltr'>ἀν</span> <span class='ocrx_word' id='word_1_927' title='bbox 2612 5737 2707 5789; x_wconf 78' lang='grc' dir='ltr'>καὶ</span> <span class='ocrx_word' id='word_1_928' title='bbox 2738 5738 2979 5801; x_wconf 88' lang='grc' dir='ltr'>Λατῖνοι,</span> <span class='ocrx_word' id='word_1_929' title='bbox 3013 5738 3062 5789; x_wconf 92' lang='grc' dir='ltr'>εἰ</span> <span class='ocrx_word' id='word_1_930' title='bbox 3091 5735 3166 5808; x_wconf 84' lang='grc' dir='ltr'>μὴ</span> <span class='ocrx_word' id='word_1_931' title='bbox 3194 5737 3261 5808; x_wconf 74' lang='grc' dir='ltr'>τῇ</span> <span class='ocrx_word' id='word_1_932' title='bbox 3291 5734 3568 5806; x_wconf 79' lang='grc' dir='ltr'>προλήψει</span> 
     </span>
    </p>
   </div>
   <div class='ocr_carea' id='block_1_120' title="bbox 1990 5829 3574 5907">
    <p class='ocr_par' dir='ltr' id='par_1_120' title="bbox 1990 5829 3574 5907">
     <span class='ocr_line' id='line_1_120' title="bbox 1990 5829 3574 5907; baseline -0.003 -22"><span class='ocrx_word' id='word_1_933' title='bbox 1990 5830 2269 5889; x_wconf 79' lang='grc' dir='ltr'>ἐδούλευον</span> <span class='ocrx_word' id='word_1_934' title='bbox 2324 5832 2445 5887; x_wconf 78' lang='grc' dir='ltr'>ἀντὶ</span> <span class='ocrx_word' id='word_1_935' title='bbox 2482 5833 2582 5905; x_wconf 78' lang='grc' dir='ltr'>τῆς</span> <span class='ocrx_word' id='word_1_936' title='bbox 2632 5829 2920 5901; x_wconf 78' lang='grc' dir='ltr'>ἀκριϐείας</span> <span class='ocrx_word' id='word_1_937' title='bbox 2967 5830 3059 5884; x_wconf 72' lang='grc' dir='ltr'>καὶ</span> <span class='ocrx_word' id='word_1_938' title='bbox 3113 5831 3213 5903; x_wconf 83' lang='grc' dir='ltr'>τῆς</span> <span class='ocrx_word' id='word_1_939' title='bbox 3250 5829 3462 5907; x_wconf 85' lang='grc' dir='ltr'>δικαίας</span> <span class='ocrx_word' id='word_1_940' title='bbox 3516 5845 3574 5881; x_wconf 84' lang='grc' dir='ltr'>τε</span> 
     </span>
    </p>
   </div>
  </div>
