4118 6280
506 341 610 410 7H

1612 334 1996 396 GENNADII
2029 333 2147 396 (ΞΡ.
2191 329 2715 395 ΡΔῚἯΙΑΠΟΠᾸζ

3667 310 3772 373 ’ἱὶὲ

511 455 607 510 καὶ
629 452 1052 525 προχειροτάτης
1084 452 1306 522 εἰρήνης
1337 450 1444 505 τῶν
1480 449 1816 518 Ἐκκλησιῶν
1847 449 1940 502 τοῦ
1964 451 2094 517 Χρι-
2129 463 2170 515 Α
2203 449 2366 501 αὑτὸν
2399 441 2558 506 εἶναι,
2588 444 2681 496 τοῦ
2719 445 2775 494 ἐν
2825 437 2997 508 Πατρὶ
3036 435 3350 505 Πνεύματος
3382 431 3559 485 αἴτιον
3609 431 3774 487 bna:

516 547 666 600 στοῦ.
713 545 854 599 Ἀλλ’
888 546 1048 615 ἡμεῖς
1081 545 1173 597 τόν
1203 561 1262 597 τε
1297 542 1427 597 Υἰδν
1460 541 1747 610 ὀμοούσιον
1782 541 1859 611 τῷ
1895 541 2090 610 Πατρὶ,

514 638 609 690 καὶ
638 637 699 689 τὸ
727 635 953 704 Πνεῦμα
983 635 1274 704 όμοούσιον
1306 635 1382 712 τῷ
1411 634 1526 703 Υἱῷ
1554 631 1905 693 πιστεύοντες
1928 628 2094 692 εἶναι.

515 729 610 782 καὶ
673 727 901 797 Πνεῦμα
963 725 1097 780 Υίοῦ
1142 727 1203 780 τὸ
1247 725 1340 780 τοῦ
1385 727 1602 797 Πατρός
1666 724 1809 779 εἶναι
1868 724 2097 795 Πνεῦμα

517 817 866 884 πιστεύοντες
887 859 902 884 ,
934 819 1029 872 καί⁵
1076 817 1340 881 ὡσαύτως
1391 819 1452 872 τό
1505 835 1578 885 γε.
1609 817 1688 880 είς
1740 817 1839 886 τὴν
1867 817 1964 884 τῆς
1997 816 2098 885 φύ-

521 928 660 974 σεως
697 907 834 984 ἧκον
882 911 1150 982 ἑνότητα,
1204 909 1312 962 τῶν
1359 912 1426 979 τῇ
1484 910 1724 978 πατρικῇ
1795 909 1976 977 μέντοι
2033 925 2096 974 γε

525 1003 826 1056 ὑποστάσει
855 1001 1242 1070 προσηκόντων
1282 999 1674 1068 διαφερόντως,
1716 998 1899 1051 εῖτουν
1928 1015 2101 1068 προσ-

521 1094 747 1157 ωπικῶς
779 1092 1199 1164 ἁρμοττόντων,
1252 1089 1449 1156 ἐπίσης
1507 1095 1567 1144 τό
1623 1106 1682 1143 τε
1728 1088 1953 1156 Πνεῦμα
2007 1089 2101 1143 καὶ

521 1186 612 1237 τὸν
646 1185 774 1236 Υἱὸν
807 1181 1047 1244 εὐσεϐῶς
1075 1179 1460 1248 ἀποκλείομεν,
1493 1178 1572 1248 τῷ
1600 1178 1954 1250 ἀκοινωνήτῳ
1985 1179 2110 1238 τῶν,

525 1280 838 1341 ίδιαζόντων
872 1276 1330 1348 ὲνθεωρουμένων
1375 1276 1619 1346 ἑκάστῳ,
1649 1277 1744 1330 καὶ
1772 1277 1870 1348 τὴν
1908 1277 2102 1345 ἀληθι-

521 1372 620 1441 νήν
677 1358 884 1438 Τριάδα
919 1367 1234 1431 δεικνύντες
1264 1408 1279 1432 ,
1330 1367 1426 1421 καὶ
1474 1369 1574 1438 τὴν
1626 1369 2104 1439 ἁκραιφνεστάτην

523 1462 702 1515 αὐτῶν
733 1461 961 1530 ἑνότητα
992 1456 1408 1531 ὖπερσέϐοντες,
1439 1459 1514 1521 ὡς
1557 1459 1644 1512 διὰ
1695 1459 1900 1528 ταύτην
1930 1458 2102 1512 οὖσαν

527 1552 786 1621 τοιαύτην
837 1553 938 1605 οὐκ
993 1551 1058 1605 ἂν
1105 1553 1201 1619 τῆς
1229 1549 1461 1619 Τριάδος
1497 1547 1915 1618 σωθησομένης,
1952 1551 2000 1601 εἰ
2029 1550 2103 1619 μὴ

525 1643 586 1696 τὸ
620 1642 728 1697 τῶν
765 1635 1072 1711 ἰδιωμάτων
1101 1639 1303 1708 ἀμιγὲς
1339 1640 1512 1708 παρὸν
1544 1637 1838 1707 διακρίνοι.

602 1727 790 1790 Ταῦτα
812 1735 870 1789 δέ
902 1736 1042 1788 εἰσιν
1072 1735 1165 1786 ἐπὶ
1195 1732 1287 1784 τοῦ
1325 1730 1558 1800 Πατρὸς,
1586 1730 1679 1783 τόν
1707 1747 1764 1782 τε
1788 1729 1958 1798 Λόγον
1985 1745 2105 1797 γεν-

526 1829 647 1898 νᾷν,
674 1828 768 1880 καὶ
807 1827 867 1880 τὸ
895 1824 1124 1894 Πνεῦμα
1170 1823 1515 1895 προϐάλλειν,
1541 1823 1637 1875 καὶ
1661 1821 1736 1885 ὡς
1769 1823 1945 1874 εἰπεῖν
1981 1839 2106 1874 συν-

526 1918 764 1980 ελόντες,
795 1916 829 1988 ἦ
878 1917 1021 1988 ἀρχὴ
1047 1956 1063 1980 ,
1100 1915 1134 1985 ἢ
1183 1914 1242 1967 τὸ
1289 1915 1544 1983 πηγαῖον,
1578 1911 1610 1981 ἢ
1643 1911 1705 1964 τὸ
1751 1911 1947 1973 αἴτιον,
1981 1912 2014 1980 ἢ
2046 1912 2106 1964 τὸ

528 2008 870 2081 καρπογόνον
893 2046 909 2071 ,
944 2006 977 2074 ἢ
1008 2006 1068 2060 τὸ
1098 2005 1343 2075 γόνιμον·
1379 2004 1551 2056 ταῦτα
1587 2003 1694 2071 γάρ
1723 2004 1831 2055 εἰσι
1881 2003 1942 2056 τὸ
1975 2003 2107 2056 αὐτὸ

527 2105 806 2172 δυνάμενα
835 2105 1018 2158 πάντα
1057 2101 1114 2155 ἐν
1140 2117 1204 2171 γε
1232 2101 1309 2153 τῶ
1341 2098 1718 2168 προκειμένῳ,
1751 2099 1844 2153 καὶ
1867 2097 1942 2162 ὡς
1972 2114 2108 2150 ταυ-

529 2197 592 2251 τὺ
641 2195 998 2264 δυναμένοις,
1033 2195 1082 2246 οί
1130 2193 1444 2246 διδάσκαλοι
1495 2193 1798 2262 κέχρηνται
1852 2191 1998 2260 μόνῳ
2026 2190 2105 2260 τῷ

535 2289 714 2358 Πατρὶ
744 2288 915 2342 ταῦτα
931 2285 1231 2357 διαρρήδην
1255 2285 1518 2350 διδόντες,
1555 2287 1648 2337 καί¹
1691 2283 1818 2337 οὕτε
1849 2285 1945 2338 τὸν
1980 2285 2108 2338 Υἱὺν

535 2381 854 2451 προϐολέα,
885 2378 1009 2433 οὕτε
1063 2378 1126 2432 τὸ
1175 2377 1406 2447 Πνεῦμα
1463 2377 1796 2447 πιστεύομεν
1847 2379 2110 2446 ἐγχωρεῖν

535 2474 826 2544 τυγχάνειν
861 2473 1186 2543 γεννήτορά,
1213 2471 1320 2536 ἕως
1351 2471 1420 2526 ἂν
1449 2473 1477 2524 6
1507 2473 1697 2541 Πατὴρ
1727 2472 1887 2540 μόνος
1922 2472 2112 2543 Πατὴρ

535 2562 594 2637 ᾖ,
623 2565 866 2621 τουτέστι
899 2565 1179 2636 γεννήτωρ
1208 2548 1303 2617 καῖι
1342 2563 1670 2634 προϐολεύς.
1709 2564 1973 2616 Κοινωνεῖ
2002 2567 2111 2634 γὰρ

534 2661 562 2710 ὁ
592 2655 780 2727 Πατὴρ
835 2655 911 2726 τῷ
958 2654 1075 2724 ἰδίῳ
1119 2653 1235 2724 Υἰῴ
1268 2653 1378 2707 τῶν
1431 2655 1578 2706 ἰδίων
1628 2652 1873 2720 ἀγαθῶν,
1919 2653 1980 2705 οὐ
2013 2653 2112 2722 τῆς

537 2753 596 2803 ὲν
628 2749 813 2812 αὐτοῖς
844 2746 1011 2799 αὑτοῦ
1045 2737 1332 2813 ἰδιότητος,
1363 2744 1434 2814 ἢν
1463 2744 1598 2814 ἔχει,
1634 2743 1712 2814 τῷ
1741 2742 1948 2796 τούτων
1972 2738 2112 2796 εἶναι

538 2843 754 2896 πάντων
789 2837 930 2907 ἁρχὴ
967 2837 1065 2890 καὶ
1095 2835 1245 2905 πηγὴ
1271 2837 1379 2897 τοῖς
1407 2835 1464 2899 ἐξ
1503 2833 1668 2888 αὒτοῦ
1705 2833 2107 2904 προεληλυθόσι

541 2931 805 3002 συμφυῶς
855 2930 949 2982 καὶ
989 2927 1302 2992 συναῖδίως,
1352 2927 1428 2990 ὡς
1468 2926 1525 2978 δὲ
1569 2926 1770 2995 καὶτῷ
1807 2925 2114 2996 Πνεύματι.

541 3024 680 3078 Οὔτε
716 3023 896 3076 τοίνυν
928 3023 1023 3074 καὶ
1070 3019 1166 3071 τοῦ
1225 3016 1544 3086 Πνεύματος
1596 3019 1849 3070 κοινωνεῖ
1878 3017 1953 3088 τῷ
1983 3018 2116 3088 Υἱῷ,

541 3114 634 3166 καὶ
668 3113 744 3172 ὡς
793 3112 940 3164 ἔστιν
988 3111 1046 3161 ὲν
1079 3107 1156 3178 τῷ
1197 3107 1369 3177 Πατρὶ
1405 3107 1670 3178 συμφυῶς
1698 3109 1793 3161 καὶ
1832 3109 2123 3179 ὑπερηνωυ

546 3207 726 3276 μένως
780 3205 841 3257 τὸ
875 3202 1098 3272 Πνεῦμα
1159 3203 1220 3255 τὸ
1275 3202 1455 3270 ἆγιον,
1503 3202 1681 3256 καίτοι
1716 3218 1781 3270 γε
1835 3202 1896 3268 ἐξ
1954 3201 2122 3255 αὑτοῦ

544 3298 797 3368 προϊέναι
827 3297 1109 3367 ἀρρήτως,
1149 3296 1245 3349 καὶ
1274 3294 1653 3365 διακρίνεσθαι
1684 3294 2082 3362 πιστευόμενον
2107 3308 2121 3324 ο

543 3389 689 3444 οῦτω
737 3389 834 3441 καὶ
893 3389 921 3440 6
981 3387 1106 3449 Υἱὸς
1167 3384 1438 3454 λαμϐάνει
1468 3384 1632 3438 τοῦτο
1669 3383 2013 3452 γεννώμενος
2061 3387 2126 3437 ὲκ

551 3480 767 3550 Πατρὸς
823 3482 892 3550 τῇ
929 3478 1092 3547 φύσει
1147 3476 1308 3530 συνὸν
1337 3515 1352 3539 ,
1391 3475 1488 3529 ἆτε
1537 3475 1638 3544 τήν
1687 3475 1858 3545 αὐτὴν
1908 3475 2128 3546 ἀριθμῷ

547 3573 712 3642 φύσιν
760 3571 908 3641 ἔχον,
944 3570 1063 3624 ἀλλ’
1106 3569 1166 3623 ού
1203 3569 1473 3639 λαμϐάνει
1503 3568 1654 3639 παρὰ
1683 3565 1778 3621 τοῦ
1825 3567 2038 3638 Πατρδς
2069 3567 2131 3621 τὸ

551 3664 879 3736 προϐάλλειν
930 3662 989 3715 τὸ
1023 3661 1245 3732 Πνεῦμα
1266 3701 1282 3726 ,
1322 3662 1418 3714 καί
1450 3661 1786 3732 ὲφιστάνεινι
1830 3659 1990 3723 τοῦτο
2017 3659 2128 3730 γάρ

547 3755 847 3827 λαμϐάνειν
887 3755 953 3810 ἂν
991 3749 1060 3825 ἦν
1090 3737 1190 3825 τὴν
1229 3755 1507 3825 πατρικὴν
1533 3755 1794 3826 ίδιότητα·
1833 3753 1958 3808 οὔτε
1989 3755 2132 3824 λαμ-

550 3850 706 3906 ϐάνει
757 3848 1223 3920 προϐεϐλημένον.
1265 3847 1420 3915 Ἀμα
1474 3848 1584 3916 γάρ
1640 3853 1820 3902 πάντα
1869 3848 1988 3900 ἐκεῖ
2033 3847 2131 3901 καὶ

552 3942 836 4004 συναῖδίως
867 3941 1006 4003 ἐστὶ,
1040 3940 1136 3992 καὶ
1161 3941 1224 3992 τὸ
1253 3938 1556 4007 λαμϐάνειν
1588 3941 1678 3992 τὸν
1707 3941 1832 3992 Υἱὸν
1861 3940 2039 3994 ὁτιοῦν
2068 3941 2134 3994 ἐκ

550 4034 645 4089 τοῦ
675 4017 914 4103 Πατρὸς,
947 4033 1007 4084 τὺ
1032 4032 1374 4100 γεννώμενον
1423 4031 1590 4100 ἔχειν,
1633 4031 1666 4100 ἦ
1703 4031 1897 4101 ἔχοντα
1939 4048 2133 4099 γεγεν-

553 4123 784 4194 νῆσθαιῆ
830 4125 879 4174 οἰ
929 4122 1238 4174 διδάσκαλοι
1275 4121 1457 4183 καλῶς
1501 4119 1830 4189 φρονοῦντες
1872 4122 2128 4192 ἐνόησαν.

559 4219 669 4270 Καὶ
710 4217 771 4269 τὸ
798 4215 890 4268 τὸν
922 4214 1148 4284 Πατέρα
1186 4213 1336 4283 ἔχειν
1367 4213 1464 4265 τοῦ
1513 4215 1604 4264 τὸν
1641 4214 1769 4266 Υίδν
1797 4214 1942 4284 ἔχειν
1974 4215 2133 4268 οὐδα-

564 4310 681 4378 μῶς
713 4310 829 4361 ἐστι
857 4306 1143 4376 πρότερονο
1180 4305 1304 4359 οὐδὲ
1339 4306 1448 4375 γάρ
1478 4306 1512 4375 ή
1548 4305 1642 4359 τοῦ
1677 4307 1951 4376 προτέρου
1983 4307 2136 4370 τάξις

559 4405 621 4455 έν
672 4402 781 4463 τοῖς
831 4398 1121 4463 συναῖδίοις
1172 4414 1233 4450 τε
1273 4401 1369 4454 καὶ
1403 4398 1709 4466 συμφυέσιν
1758 4400 1925 4464 ἐστὶν,
1959 4399 2135 4471 ἀλλ’ἢ

2196 540 2317 594 οὔτε
2367 541 2475 609 γάρ
2505 535 2616 592 οἰόν
2659 555 2717 589 τε
2773 535 2954 602 λέγειν
2983 531 3204 595 αὐτοὺς,
3232 529 3313 582 ὅτι
3353 526 3461 580 τῶν
3493 526 3552 576 ὲν
3601 524 3774 591 Πατρὶ

2197 649 2341 694 τινος
2374 633 2544 692 αἴτιος
2599 627 2696 692 ὢν,
2747 627 2849 679 οὐκ
2881 626 3030 677 ἔσται
3081 623 3174 674 καὶ
3229 617 3394 674 αὑτοῦ
3429 615 3527 671 τοῦ
3568 615 3778 686 Πατρδς

2197 727 2397 790 αἰτιος,
2431 721 2725 792 εἰργούσης
2765 718 2965 780 αὐτοὺς
2999 715 3100 783 τῆς
3131 713 3317 768 ἁπλῶς
3349 711 3657 776 ἁπλότητος
3687 706 3777 759 τοῦ

2201 815 2418 884 Πατρός
2439 831 2453 844 ο
2485 813 2611 866 οὔτε
2651 811 2910 866 δύνανται
2934 807 3136 876 λέγειν.
3174 805 3248 876 μὴ
3277 803 3473 858 ταυτὸν
3509 797 3654 854 εἶναι
3681 814 3781 851 κα-

2201 907 2382 974 θάπαξ
2417 906 2478 959 τὸ
2505 907 2562 958 ὲν
2587 905 2761 975 Πατρὶ
2789 903 2883 955 καὶ
2914 900 3030 969 Υίῷ
3061 897 3286 967 Πνεῦμα
3319 899 3470 964 άγιον
3492 912 3504 924 ·
3546 892 3671 945 οὕτε
3697 909 3785 944 πι-

2203 999 2455 1054 στεύουσι
2495 997 2668 1066 δήπου
2702 997 2777 1066 μὴ
2824 994 3076 1056 ἑνοειδῶς
3107 991 3201 1045 καὶ
3236 991 3405 1060 ἄμφω
3453 986 3785 1057 προϐάλλειν

2201 1095 2263 1148 τὸ
2299 1090 2554 1162 Πνεῦμα,
2587 1090 2642 1143 οῖ
2661 1106 2724 1158 γε
2751 1089 2846 1142 καὶ
2871 1085 2958 1141 διὰ
2988 1083 3147 1139 τοῦτο
3170 1079 3629 1152 διισχυρίζονται,
3662 1077 3786 1147 μίαν

2203 1188 2374 1256 ἄμφω
2396 1183 2492 1238 τοῦ
2543 1181 2862 1250 Πνεύματος
2905 1179 3080 1248 ἀρχὴν
3117 1170 3278 1229 εἴναι.
3315 1173 3529 1227 υὺκοῦν
3573 1170 3787 1237 ἀνάγκη

2205 1277 2419 1334 καὶτοῦ
2446 1276 2660 1349 Πατρός
2702 1273 2878 1330 αἴτιον
2914 1268 3055 1326 εἶναι
3085 1269 3175 1323 τὸν
3222 1267 3350 1321 Υἰδν
3395 1265 3491 1320 τοῦ
3529 1268 3589 1318 έν
3615 1262 3788 1332 Πατρὶ

2207 1372 2534 1445 Πνεύματος
2561 1371 2734 1424 αἰτιον
2769 1367 2924 1432 ὅντα,
2951 1365 3028 1427 ὡς
3051 1364 3288 1435 εἴρηται.
3321 1360 3494 1415 Τοῦτο
3523 1359 3582 1412 δὲ
3603 1357 3664 1411 οὐ
3690 1355 3795 1426 χρὴ

2210 1465 2340 1535 περί
2374 1481 2437 1531 γε
2478 1463 2573 1515 τοῦ
2614 1459 2831 1529 Πατρδς
2864 1459 3001 1529 πρὸς
3051 1457 3143 1510 τὸν
3185 1454 3316 1508 Υἱὺν
3369 1452 3632 1506 δεδιέναι.
3664 1451 3792 1515 Φρο-

2209 1558 2322 1608 νεῖν
2354 1554 2454 1623 μὲν
2483 1551 2579 1607 οῦν
2601 1551 2804 1606 οὑτωσὶ
2833 1551 2930 1604 καὶ
2955 1549 3104 1601 πᾶσα
3124 1546 3362 1614 ἀνάγκη,
3394 1543 3477 1596 ϐτι
3513 1541 3610 1595 τοῦ
3633 1543 3798 1594 Πνεύ-

2219 1652 2388 1713 ματος
2420 1644 2515 1696 τοῦ
2547 1644 2604 1696 ὲν
2641 1642 2720 1712 τῷ
2752 1638 2866 1710 Υἰῷ
2895 1639 3064 1701 αἰτιος
3099 1637 3174 1690 ῶν
3208 1639 3302 1690 καὶ
3333 1634 3501 1688 αὐτοῦ
3535 1630 3631 1686 τοῦ
3669 1630 3822 1683 Υίοῦ

2213 1740 2386 1800 αἴτιός
2419 1739 2585 1800 ἐστιν,
2618 1737 2693 1798 ὡς
2724 1735 2772 1787 εἰ
2800 1733 2892 1786 καὶ
2929 1732 3004 1800 μὴ
3036 1729 3104 1783 δι’
3133 1729 3289 1783 οὐδὲν
3323 1727 3539 1795 ἕτερον,
3567 1724 3638 1777 δι’
3664 1723 3796 1776 αὐτό

2144 1798 2185 1853 Β
2218 1848 2278 1896 γε
2306 1798 2486 1894 τοῦτο,
2519 1798 2620 1881 ούκ
2649 1826 2819 1896 ἐχρῆν
2850 1798 3060 1877 οἴεσθαι
3099 1820 3192 1876 τὸν
3217 1821 3348 1874 Υἰὺν
3391 1817 3486 1874 τοῦ
3523 1817 3674 1889 Θεοῦ,
3705 1816 3796 1869 τοῦ

2217 1921 2536 1987 Πνεύματος
2589 1921 2785 1982 αἴτιον,
2825 1917 2914 1970 ἶνα
2944 1915 3021 1986 μὴ
3074 1915 3143 1969 τὰ
3176 1911 3277 1983 τῆς
3324 1911 3609 1980 Θεογονίας
3656 1912 3801 1963 ἀντι·

2218 2013 2542 2083 στρέφεσθαι
2571 2009 2918 2081 κινδυνεύσῃ.
2944 2010 3018 2062 Τὸ
3044 2008 3101 2062 δὲ
3125 2007 3265 2070 ὅλως
3289 2003 3478 2070 ἀξιοῦν
3509 1999 3800 2072 συμπροά-

2217 2124 2336 2175 γειν
2368 2104 2444 2175 τῷ
2472 2104 2649 2175 Πατρὶ
2695 2103 2785 2156 τὸν
2816 2103 2968 2166 Υίὶν,
3011 2102 3071 2154 τὸ
3107 2099 3350 2170 φυσικῶς
3383 2098 3519 2151 αὐτὸ
3542 2097 3639 2152 καὶ
3669 2113 3800 2160 συν-

2219 2197 2404 2259 αἳδίως
2455 2199 2519 2250 ὲκ
2561 2192 2775 2264 Πατρδς
2840 2191 3144 2261 συμπροῖδν
3190 2179 3412 2258 Πνεῦμα
3457 2188 3641 2256 ἅγιον,
3683 2185 3800 2237 τίνα

2221 2289 2332 2357 ἓξσι
2363 2289 2737 2361 εύπρέπειαν;
2777 2288 2991 2356 Ὥσπερ
3019 2285 3129 2355 γὰρ
3161 2286 3219 2337 ὲν
3249 2283 3436 2346 πᾶσιν,
3469 2284 3529 2334 ὲν
3563 2277 3645 2345 οἷς
3688 2283 3798 2331 ἐστι

2221 2384 2283 2436 τὸ
2313 2383 2452 2437 κατὰ
2479 2382 2668 2453 χρόνον
2693 2381 2982 2450 πρότερον,
3011 2380 3079 2449 τῇ
3105 2377 3204 2445 τῆς
3228 2377 3408 2439 αἰτίας
3435 2375 3594 2440 τάξει
3625 2371 3798 2434 συνὸν,

2222 2477 2486 2531 ἀδύνατόν
2519 2477 2637 2529 ἐστι
2676 2473 2836 2528 τοῦτο
2874 2472 2969 2526 καὶ
2996 2471 3359 2525 άνακόλιευθον
3382 2481 3396 2502 ⁸
3442 2469 3620 2530 οὕτως
3653 2467 3800 2519 οὐδὲν

2223 2564 2386 2640 ἦττον
2423 2569 2518 2621 καὶ
2547 2569 2602 2620 ὲν
2637 2563 2720 2630 οἷς
2751 2568 2784 2635 ή
2815 2565 2955 2620 κατὰ
2985 2565 3086 2634 τήν
3113 2563 3294 2616 αἰτίαν
3319 2561 3469 2627 τάξις
3495 2563 3647 2614 ὲστῖν
3675 2562 3798 2614 ἄνευ

2223 2661 2325 2729 τῆς
2356 2659 2613 2731 χρονικῆς
2648 2659 3033 2729 προηγήσεως,
3066 2654 3348 2725 ἀνατροπὴ
3378 2653 3584 2722 γένοιτ’
3611 2656 3676 2708 ἂν
3702 2652 3796 2720 τῆς

2223 2752 2482 2822 τοιαύτης
2518 2749 2726 2815 τάξεως
2766 2751 2878 2812 τοῖς
2919 2749 3096 2818 ὀρθῶς
3129 2745 3442 2817 λογίζεσθαι
3479 2747 3800 2814 δυναμένοις

2224 2846 2286 2896 τὸ
2321 2843 2380 2895 τὸ
2413 2842 2657 2896 αἰτιατόν
2678 2844 2743 2911 τῇ
2769 2839 2964 2894 ἑαυτοῦ
2986 2842 3133 2910 αἰτία
3157 2839 3577 2907 συνυφιστάνειν
3597 2837 3657 2890 τὸ
3683 2853 3802 2888 συνδ

2228 2933 2470 2987 αιτιατὺν
2516 2933 2612 2985 καὶ
2651 2932 2745 2984 τοῦ
2806 2931 3153 2985 συναιτιατοῦ
3197 2931 3276 3000 τῷ
3328 2931 3486 3000 αἰτίῳ
3531 2930 3612 2997 τῷ
3647 2924 3804 2995 κοινῷ

2231 3024 2505 3078 συναίτιον
2564 3023 2838 3092 γίνεσθαι,
2889 3023 3292 3092 συμπροῖόντος
3339 3039 3399 3074 τε
3455 3020 3667 3085 άῖδίως,
3713 3020 3807 3072 καὶ

2232 3117 2372 3186 πρὸς
2399 3117 2500 3186 τὴν
2531 3114 2716 3186 κοινὴν
2741 3115 2922 3169 αἰτίαν
2947 3114 3231 3184 προσεχῶς
3259 3113 3626 3182 τεταγμένου,
3655 3111 3713 3165 τό
3747 3125 3807 3177 γε

2231 3209 2312 3271 εἰς
2340 3206 2440 3276 τὴν
2497 3207 2714 3276 ἐκείνης
2754 3206 2984 3275 δύναμιν
3025 3199 3160 3275 ἦκον
3211 3203 3562 3273 τούλάχιστον
3599 3220 3612 3232 ·
3660 3199 3810 3254 τοῦτο

2230 3299 2338 3372 γὰρ
2363 3299 2458 3355 καὶ
2479 3299 2702 3354 Λατῖνοι
2731 3299 2958 3352 διδόασι.
2989 3298 3275 3350 Τοσούτων
3311 3297 3494 3348 τοίνυν
3525 3293 3810 3364 ἑπομένων

2228 3394 2296 3464 τῇ
2340 3392 2486 3446 θέσει
2522 3392 2790 3455 Λατίνων,
2817 3392 2899 3445 δεῖ
2924 3389 3034 3459 γὰρ
3065 3389 3134 3442 δι’
3160 3388 3480 3451 ἐλαττόνων,
3516 3387 3600 3450 ὡς
3632 3385 3689 3453 ἐξ
3711 3386 3807 3452 ἀρ-

2230 3483 2333 3554 χῆς
2363 3483 2740 3553 προύθέμεθα,
2787 3481 3205 3552 συμπεραίνειν,
3242 3481 3274 3552 ἢ
3324 3481 3504 3534 πάντα
3533 3481 3714 3534 ταῦτα
3735 3479 3810 3530 δεῖ

2230 3578 2594 3646 ὲκκηρύττειν
2629 3577 2825 3638 αὐτοὺς
2856 3576 2914 3628 ὲν
2943 3575 3020 3644 τῷ
3055 3573 3318 3644 Συμϐόλῳ
3345 3566 3407 3627 οῦ
3440 3573 3532 3627 καὶ
3563 3573 3669 3646 τὴν
3697 3588 3811 3624 καιδ

2232 3669 2486 3738 νοτομίαν
2525 3668 2873 3736 πεποίηνται.
2910 3667 3103 3719 Καίτοι
3133 3667 3288 3736 λήσει
3315 3683 3368 3720 τι
3402 3667 3498 3720 καὶ
3525 3667 3640 3719 τῶν
3687 3663 3809 3718 άτό·

2235 3779 2354 3815 πων
2384 3759 2682 3831 σιωπηθὲν,
2731 3759 2862 3823 ἴσως
2903 3761 3056 3829 παρά
3085 3776 3146 3812 τε
3177 3757 3337 3828 ήμῶν
3369 3759 3464 3812 καὶ
3510 3758 3694 3811 αὐτῶν
3720 3757 3810 3812 δυτ

2231 3853 2468 3923 νάμενον
2499 3853 2708 3907 πλείονι
2745 3850 2812 3905 ἂν
2844 3852 3141 3922 ἐπιστασίᾳ
3165 3850 3516 3921 εὑρίσκεσθαι
3545 3865 3556 3880 ’
3595 3849 3674 3920 τῷ
3707 3847 3811 3916 γὰρ

2233 3945 2422 4015 ψεύδει
2467 3945 2637 3998 πλείω
2670 3946 2740 3998 τά
2793 3943 2971 3998 ἄτοπα
3023 3942 3245 4007 ἕπεται,
3279 3942 3313 4013 ἢ
3354 3943 3450 3996 καὶ
3496 3942 3598 4014 τὴν
3630 3940 3806 4011 πηγήν

2236 4038 2418 4092 αὐτῶν
2449 4039 2514 4091 ὲκ
2546 4038 2716 4107 μέσου
2744 4035 2943 4090 ποιεῖν.
2975 4035 3164 4088 Καίτοι
3194 4035 3288 4090 καὶ
3315 4034 3375 4088 τὸ
3424 4037 3692 4106 πρότερον
3713 4033 3808 4084 οὐκ

2237 4131 2421 4200 ἀρκεῖ,
2450 4130 2499 4183 εί
2530 4131 2624 4182 καὶ
2651 4125 2764 4182 οἷόν
2788 4130 2837 4182 τ’
2868 4123 2938 4196 ἦν
2965 4127 3239 4196 γίνεσθαι,
3271 4127 3380 4181 τῶν
3403 4145 3477 4187 Δ,τις
3507 4127 3812 4198 εἰρημένων

2238 4223 2333 4274 καὶ
2364 4221 2574 4274 πολλῶν
2605 4220 2779 4275 ἄλλων
2805 4219 2969 4272 ἕνεκα
2993 4234 3006 4251 °
3037 4219 3232 4273 οὐκοῦν
3269 4218 3378 4273 δέοι
3405 4221 3459 4288 γ’
3505 4219 3571 4274 ἂν
3605 4220 3666 4274 τὸ
3695 4215 3810 4271 δεύ-

2239 4330 2396 4379 τερον
2423 4313 2704 4382 πράττειν.

2312 4404 2386 4456 Τὸ
2432 4404 2489 4456 δὲ
2548 4404 2644 4471 τὴν
2697 4405 3023 4458 Σαϐέλλειον
3078 4403 3410 4474 συναλοιφὴν
3462 4403 3816 4476 ἔκκηρῦττειν

560 4497 724 4568 μόνον
751 4495 785 4566 ὴ
812 4495 913 4565 τῆς
952 4494 1155 4559 αἰτίας,
1187 4495 1285 4577 καλ
1332 4492 1422 4548 διὰ
1454 4496 1556 4561 τὴν
1593 4494 1773 4547 αἰτίαν
1803 4494 1956 4559 τάξις
1999 4494 2137 4548 ἐστί·
2172 4482 2222 4542 Β
2249 4495 2344 4546 καὶ
2381 4494 2444 4546 τὸ
2471 4493 2652 4546 διττὸν
2689 4495 2788 4559 τῆς
2824 4494 2999 4563 ἀρχῆς
3031 4495 3126 4548 καὶ
3153 4494 3221 4547 τὰ
3259 4493 3484 4548 τοιαῦτα
3515 4495 3612 4548 καὶ
3643 4496 3702 4545 ἐκ
3729 4485 3815 4541 τοῦ

555 4591 834 4644 τουτέστιν
867 4587 900 4659 ἢ
935 4588 998 4641 τὸ
1035 4588 1368 4657 προαγαγεῖν
1409 4603 1468 4640 τε
1527 4586 1622 4638 καὶ
1682 4585 2135 4656 προεληλυθέναι,

555 4681 592 4752 ἢ
635 4680 693 4732 τὲ
737 4678 1006 4748 διαφόρως
1062 4677 1486 4746 προεληλυθέναι
1513 4692 1526 4706 ⁸
1554 4670 1628 4729 ὧν
1651 4676 1881 4746 θάτερον
1909 4677 2008 4752 μὲν
2060 4676 2138 4746 τῷ

560 4769 736 4837 Πατρί⁵
762 4769 899 4835 πρὸς
932 4767 999 4818 τά
1049 4765 1109 4829 ἐξ
1160 4764 1348 4829 αὑτοῦ,
1402 4765 1628 4836 θάτερον
1679 4765 1736 4825 δὲ
1785 4747 2016 4826 τοῖξὲκ
2042 4765 2137 4818 τοῦ

559 4860 773 4929 Πατρδς
809 4858 1076 4929 ἁρμόττει
1124 4857 1262 4926 πρὸς
1314 4856 1541 4926 ἄλληλα.

631 4951 842 5020 ’Ὠσπερ
882 4949 974 5002 οὖν
998 4950 1109 5018 ἕχει
1137 4949 1195 4999 τὺ
1226 4943 1367 5000 εἶναι
1397 4947 1550 5017 παρὰ
1575 4949 1668 5000 τοῦ
1698 4949 1909 5019 Πατρός
1943 4953 1970 5004 6
2008 4949 2139 5014 Υἱὸς

562 5048 655 5098 καὶ
691 5044 788 5096 σὺν
837 5041 986 5112 αύτῷ
1020 5041 1220 5105 πάντα,
1258 5038 1374 5093 ἀλλ’
1419 5040 1520 5092 οὐκ
1565 5039 1678 5092 ἐστι
1718 5042 1922 5094 τούτων
1965 5043 2140 5106 αἴτιος

563 5135 740 5204 ἑαυτῷ
778 5135 885 5187 οὐδ’
916 5135 1074 5197 ὅλως,
1116 5132 1290 5200 τούτῳ
1331 5131 1438 5201 γάρ
1479 5133 1626 5200 μόνῳ
1673 5132 2010 5202 διακρίνεται
2045 5133 2140 5186 τοῦ

567 5225 801 5296 Πατρδς,
830 5226 954 5276 ἐπεὶ
995 5225 1071 5293 τῷ
1107 5225 1253 5291 ἔχειν
1284 5223 1461 5276 πάντα
1492 5225 1586 5277 καὶ
1626 5224 1887 5284 ὡσαύτως
1925 5224 2002 5292 τῷ
2034 5226 2143 5277 Πα-

564 5321 658 5390 τρὶ
687 5318 803 5377 πῶς
842 5317 907 5371 ἂν
933 5316 1262 5386 διακρίνοιτο
1290 5331 1304 5380 ;
1339 5313 1480 5367 οῦτω
1515 5315 1610 5367 καὶ
1639 5316 1699 5368 τὸ
1742 5315 1968 5384 Πνεῦμα
1999 5315 2142 5384 ἔχειν

564 5416 627 5465 ἐκ
662 5408 758 5463 τοῦ
789 5408 1003 5480 Πατρὸς
1035 5405 1479 5476 ἀπαραλλάκτως
1511 5406 1584 5467 ὡς
1622 5408 1650 5458 6
1686 5405 1893 5477 Πατὴρ,
1927 5422 2142 5475 συμπε-

562 5506 730 5574 φυκός
760 5520 820 5555 τε
851 5502 946 5556 καὶ
978 5499 1268 5570 συνδιῆκον
1299 5498 1449 5568 αὐτῷ
1479 5498 1633 5568 παρὰ
1656 5499 1748 5552 τοῦ
1781 5499 2014 5568 Πατρός,
2054 5499 2142 5552 ού-

561 5599 648 5650 δὲν
707 5592 871 5667 ἧττον
930 5596 1029 5648 οὐκ
1083 5593 1199 5646 ἔστι
1273 5591 1366 5644 τοῦ
1421 5591 1739 5660 Πνεύματος
1789 5591 1980 5656 αἴτιος,
2031 5592 2147 5644 οὗθ’

563 5686 782 5752 ἑαυτοῦ,
825 5684 936 5738 οὗθ’
970 5685 1127 5748 ὅλως.
1164 5683 1221 5735 ΕΞ
1265 5682 1320 5735 δὲ
1353 5682 1524 5744 αἴτιος
1555 5677 1624 5752 ἦν
1671 5682 1808 5743 ὅλως
1840 5680 1935 5733 τοῦ
1973 5681 2144 5734 Πνεύο

567 5791 758 5844 ματος,
783 5780 834 5829 τί
865 5779 996 5846 γοῦν
1036 5777 1240 5830 ἐκώλυε
1275 5775 1449 5844 ταύτῃ
1492 5775 1584 5826 καὶ
1610 5773 1702 5828 τοῦ
1736 5773 1945 5843 Πατρδς
1977 5774 2148 5828 αἴτιον

2248 4584 2380 4638 Υἱοῦ
2404 4585 2466 4638 τὸ
2500 4585 2725 4654 Πνεῦμα
2765 4584 3170 4655 προϐάλλεσθαι
3214 4584 3587 4654 κηρύττοντας
3615 4585 3710 4639 καὶ
3735 4580 3818 4634 τὸν

2248 4680 2377 4734 Υίὸν
2403 4679 2578 4749 ἀρχὴν
2607 4673 2748 4732 εἶναι
2778 4677 2898 4731 κατ’
2928 4678 3128 4740 αὐτοὺς
3151 4678 3245 4730 τοῦ
3279 4677 3621 4747 Πνεύματος,
3651 4676 3814 4728 αἰτιον

2246 4769 2325 4831 δὲ,
2358 4769 2432 4832 ὡς
2467 4768 2532 4822 ἂν
2585 4769 2816 4838 Γραικοὶ
2852 4771 3030 4837 φαῖεν,
3081 4768 3236 4821 αὐτοί
3275 4786 3432 4836 φασι,
3471 4769 3566 4822 καὶ
3616 4770 3678 4822 ὲκ
3728 4761 3816 4816 τοῦ

2249 4856 2380 4911 Υίοῦ
2418 4857 2479 4910 τὸ
2514 4859 2734 4926 Πνεῦμα
2766 4857 2826 4908 τὸ
2857 4857 3198 4926 ὐπαρκτικὺν
3239 4853 3380 4910 εἰναι
3409 4856 3442 4927 ἢ
3475 4857 3537 4909 τὸ
3577 4851 3815 4924 ὑφεστὼς

2245 4947 2384 5002 εἶναι
2417 4949 2585 5021 ἔχειν,
2635 4950 2682 5000 εἰ
2715 4950 2810 5003 καὶ
2852 4949 3047 5003 ταῦτα
3079 4947 3507 5017 ἐπαγγέλλονται
3553 4945 3814 5014 ἐξιᾶσθαι,

2247 5041 2571 5110 σοφιστικῶς
2601 5045 2697 5093 καὶ
2727 5040 3204 5112 παρακρουόμενοι
3233 5039 3358 5104 τοὺς
3390 5039 3644 5092 ἐνοῦσθαι
3684 5050 3812 5103 προσ

2247 5134 2622 5203 θυμουμένους
2647 5133 2832 5196 αὐτοῖς
2856 5132 3065 5199 ἀλόγως
3083 5148 3140 5184 τε
3165 5132 3258 5184 καὶ
3277 5129 3611 5193 άνευλαϐῶς,
3638 5129 3815 5190 ὥσπερ

2244 5223 2310 5291 δὴ
2341 5223 2437 5276 καί
2473 5225 2600 5286 τοὺς
2633 5221 2895 5276 τάναντία
2928 5220 3136 5275 τούτων
3178 5221 3440 5289 λέγοντας
3473 5218 3817 5274 διδασκάλους

2247 5311 2327 5378 οἷς
2385 5318 2548 5385 ήμεῖς
2597 5315 2920 5386 ὲρειὸόμεθα
2981 5311 3422 5384 παρεξηγοῦνται
3475 5306 3816 5379 σοφιστικῶς.

2245 5407 2480 5476 πρᾶγμα
2509 5408 2643 5459 πᾶσι
2670 5409 2781 5468 τοῖς
2813 5407 3017 5472 ὁμοίως
3047 5405 3346 5459 πεπονθόσι
3376 5400 3781 5471 συνειθισμένον
3801 5408 3813 5422 ·

2243 5498 2402 5552 τοῦτο
2470 5499 2654 5551 τοίνυν
2718 5500 2908 5552 οὐδένα
2957 5498 3066 5552 τῶν
3126 5498 3253 5552 νοῦν
3307 5497 3542 5566 ἑχόντων
3611 5495 3703 5547 καὶ
3751 5485 3820 5539 ει-

2244 5591 2416 5643 δότων
2461 5591 2554 5642 καὶ
2595 5591 3076 5660 ὲκκλησιαστικυῖς
3122 5588 3582 5658 ὲντεθραμμένων
3630 5585 3818 5652 δογμα-

2248 5683 2299 5734 σὶ
2323 5700 2379 5735 τε
2406 5684 2500 5735 καὶ
2539 5682 2864 5752 πράγμασιν
2882 5682 3254 5735 ἐπισπάσεται
3289 5679 3489 5751 βελτίω
3521 5679 3678 5745 δόξαν
3700 5666 3818 5738 περὶ

2247 5757 2427 5836 αὐτῶν
2459 5773 2629 5845 ἔχειν,
2662 5774 2694 5845 ἢ
2727 5775 2797 5844 ἢν
2831 5773 2879 5826 οἰ
2913 5773 3153 5844 Πατέρες
3190 5771 3346 5842 ἡμῶν
3375 5771 3505 5839 περὶ
3547 5766 3718 5823 αὐτῶν
3742 5761 3816 5814 δι·
