4118 6280
286 354 397 416 ’113

1296 356 1395 413 DE
1458 353 1897 417 ADDLTIONE
1940 356 2045 416 AD
2081 356 2527 417 SYMBOLUM.

3447 348 3551 413 τιι
3642 298 3645 299 ν

286 471 452 531 καίως
486 468 778 537 ἐσχήκασι,
813 469 908 519 καὶ
962 467 1133 535 φειδοῖ
1192 467 1457 533 σιγάσθω.
1491 469 1570 521 Τὰ
1595 469 1654 520 δὲ
1692 467 1871 537 βιϐλία
1904 478 1947 536 Α
1977 469 2240 537 ρεύσεως,
2275 461 2319 535 ᾧ
2357 468 2485 532 δόξα
2521 470 2612 521 καὶ
2642 466 2718 537 τῷ
2750 466 3023 536 όμοουσίῳ
3054 464 3166 534 Υίῴ
3197 464 3290 518 καὶ
3333 465 3410 534 τῷ
3444 466 3528 518 Πα
3550 497 3563 504 -

286 562 587 633 κηρύττει·
648 562 807 628 ἡμεῖς
858 559 912 611 δέ
976 559 1138 629 χάριν
1198 558 1394 629 ἔχομεν
1445 560 1522 629 τῷ
1574 563 1873 627 φωτίσαντι
1981 563 2190 629 τρῆτῇ
2243 559 2488 629 μακαρίᾳ
2533 558 2725 628 Τριάδι
2756 559 2815 611 ἐν
2856 558 3067 627 ἐνότητι
3120 556 3339 622 φύσεως
3387 556 3556 626 ἄκρᾳ.

286 655 431 724 ἡμᾶς
462 652 604 723 ἁγίῳ
632 652 915 722 Πνεύματι
946 652 1078 720 περ).
1110 652 1207 720 τῆς
1238 654 1302 705 ἐκ
1332 651 1427 703 τοῦ
1456 653 1670 722 Πατρὸς
1702 654 1870 706 ἐκπο-
1980 650 2075 703 νῦν
2106 667 2165 702 τε
2198 650 2294 703 καὶ
2328 652 2412 713 είς
2441 652 2566 713 τοὺς
2600 650 2801 713 αίῶνας
2831 650 2937 702 τῶν
2977 646 3209 702 αίώνων.
3250 646 3448 716 Ἀμήν.

3196 842 3491 855 —_

291 844 3492 878 W

1473 1012 1774 1127 ΤΟΥ
1890 1010 2390 1126 ΑΥΤΟΥ

327 1263 365 1303 ⁸
398 1236 1519 1414 ΓΕΩΡΓΙΟΥ
1625 1240 2069 1410 ΤΟΥ
2153 1234 3476 1412 ΣΧΟΛΑΡΙΟΥ

1397 1510 1633 1564 ΚΑΤΑ
1682 1510 1850 1563 ΤΗΣ
1902 1506 2472 1563 ΠΡΟΣΘΗΚΙΙΣ

828 1622 925 1682 HN
959 1626 1049 1680 EN
1091 1626 1180 1695 Τῼ
1234 1598 1569 1695 ΣΥΜΒΟΑῼ
1594 1624 1732 1678 ΤΗΣ
1764 1623 2059 1679 ΠΙΣΤΕΩΣ
2089 1621 2555 1677 ΠΡΟΣΕΘΗΚΛΝ
2596 1624 2661 1676 οι
2723 1621 3031 1677 ΛΑΤΙΝΟΙ.

1900 1814 1970 1824 ...-

362 1916 532 2001 Ὅθεν
563 1948 661 2017 μὲν
692 1948 786 1998 καὶ
811 1946 959 2008 ὅπως
993 1946 1083 1996 ἐπὶ
1112 1946 1209 2014 τὴν
1235 1945 1293 1997 ὲν
1311 1945 1389 2014 τῷ
1422 1947 1679 2017 συμϐόλῳ
1716 1964 1883 2017 προσ-
1916 1956 1957 2014 Β
1989 1968 2083 2023 ρον
2122 1951 2332 2011 πλάσας
2356 1942 2474 2000 εἶτα
2504 1944 2837 2017 προσετίθει,
2877 1943 3064 2011 σχῆμα
3090 1940 3219 2009 γοῦν
3261 1942 3569 2008 οίκουμενιο

289 2042 473 2113 θήκην
501 2041 550 2093 οἱ
584 2040 801 2093 Λατῖνοι
823 2039 1158 2107 κεκίνηνται,
1182 2037 1347 2106 ἄλλης
1366 2038 1432 2091 ἂν
1453 2038 1664 2106 γένοιτο
1686 2040 1877 2108 χρείας

290 2134 576 2199 ἐξετάζειν
602 2149 661 2185 τε
696 2132 790 2185 καὶ⁵
817 2133 1041 2203 σκοπεῖν
1063 2146 1078 2161 ·
1120 2128 1457 2201 προσέθεσαν
1488 2130 1545 2185 δὲ
1569 2132 1719 2192 ὅπως
1746 2133 1877 2184 ποτὲ

288 2228 472 2295 δόγμα
508 2224 587 2293 τῷ
617 2224 871 2293 συμϐόλῳ
901 2223 998 2292 τῆς
1027 2222 1267 2284 πίστεως
1294 2222 1355 2273 ού
1390 2223 1607 2293 μικρὸν,
1642 2224 1763 2276 ούδέ
1794 2242 1880 2292 μι-

286 2320 433 2385 κράς
462 2317 693 2385 ἐρεύνης
720 2313 1001 2383 δεόμενον.
1020 2313 1093 2367 Οὐ
1125 2314 1232 2382 γὰρ
1262 2312 1482 2383 μικρὸν,
1514 2314 1623 2366 είτε
1650 2315 1881 2383 προάγει

286 2415 313 2463 ό
348 2410 446 2463 τοῦ
479 2408 615 2461 Θεοῦ
656 2408 827 2475 Λόγος
869 2408 1063 2475 ἑτέραν
1097 2405 1249 2458 θείαν
1296 2405 1619 2469 ὑπόστασιν,
1649 2405 1726 2468 ὡς
1782 2408 1879 2459 αύ-

288 2502 381 2563 τδς
407 2502 472 2551 ἐκ
496 2500 591 2553 τοῦ
626 2499 766 2550 Θεοῦ
801 2498 1103 2567 προάγεται
1133 2495 1429 2557 ὑπόστασις
1457 2496 1550 2547 καὶ
1592 2495 1732 2561 θεία,
1766 2499 1876 2550 είτε

289 2594 382 2645 καὶ
417 2593 491 2661 μή
521 2607 533 2619 ·
570 2591 665 2643 καὶ
710 2589 800 2642 διὰ
828 2588 985 2641 τοῦτο
1015 2587 1113 2654 τῆς
1155 2586 1262 2638 τῶν
1311 2585 1555 2639 Λατίνων
1610 2587 1881 2655 ἀπέσχετο

292 2682 649 2751 κοινωνίαςή
694 2681 796 2750 τῆς
839 2680 1026 2740 Ἀσίας
1075 2677 1339 2746 σύμπασα
1386 2678 1713 2739 καθοσίωσις
1740 2694 1753 2707 '
1780 2678 1881 2730 οὐκ

294 2776 457 2838 εὐθὺς
491 2774 609 2843 μὲν,
639 2756 760 2825 ούδὲ
794 2770 1069 2834 καθάπαξ,
1120 2770 1235 2822 ἀλλ’
1272 2770 1365 2821 ἐπὶ
1401 2770 1623 2832 πολλαῖς
1659 2772 1879 2822 ἐπιστο-

294 2869 436 2931 λαῖς,
456 2868 552 2921 καὶ
578 2864 922 2933 πρεσϐείαις,
953 2864 1043 2916 ἐπὶ
1074 2863 1285 2926 πολλοῖς
1309 2864 1453 2915 ἔτεσι
1481 2861 1882 2931 διορθώσασθαι

302 2959 678 3031 πειραθέντες,
726 2957 1014 3026 ἀπέκαμόν
1060 2974 1118 3009 τε
1174 2957 1398 3025 καὶτῆς
1454 2956 1697 3026 ἰατρείας
1745 2955 1883 3008 ἀπέ-

294 3071 531 3122 γνωσαν.
565 3053 760 3105 Καίτοι
792 3051 886 3103 καὶ
922 3050 1100 3102 ἄλλων
1123 3048 1284 3101 ἕνεκα
1319 3049 1611 3101 ἐνεκάλουν
1651 3047 1883 3109 ἐκείνοις

300 3149 569 3219 πρότερον
621 3147 671 3199 οί
724 3145 967 3213 Πατέρες
999 3144 1179 3213 ἡμῶν,
1228 3140 1339 3196 οἷόν
1372 3143 1490 3197 ἐστι
1539 3145 1634 3198 καὶ
1684 3144 1745 3195 τὸ
1774 3142 1883 3195 τῶν

297 3241 525 3311 ἀζύμων
555 3240 960 3307 καινοτόμημα.
1007 3237 1144 3289 Ἀλλ’
1174 3236 1363 3305 ὥσπερ
1394 3239 1646 3306 κορωνὶς,
1685 3237 1779 3288 καὶ
1808 3236 1877 3287 δι’

298 3332 362 3401 ἣν
384 3332 486 3384 οὐκ
514 3330 595 3382 ἔτι
628 3324 768 3399 ἦσαν
818 3326 1036 3381 ἀνεκτοὶ
1084 3326 1192 3379 τῶν
1224 3326 1607 3393 καινοτομιῶν,
1641 3328 1672 3394 ή
1722 3327 1777 3376 ἐν
1804 3326 1883 3393 τῷ

301 3421 558 3492 συμϐόλῳ
588 3421 857 3489 γενομένη
894 3418 1181 3488 προσθήκη
1214 3417 1311 3486 τὴν
1347 3416 1631 3469 διάστασιν
1674 3415 1881 3468 δικαιό-

298 3531 454 3584 τερον
479 3513 860 3582 ἐπηνάγκασε.

371 3608 513 3678 Τρία
560 3608 616 3658 δὲ
666 3605 837 3660 ταῦτα
883 3606 1034 3659 δεινά
1063 3608 1177 3669 τοῖς
1218 3608 1276 3659 ἐν
1318 3607 1477 3675 ’Λσία
1514 3604 1882 3674 πατριάρχαις

303 3705 477 3757 ἐδόκει
509 3703 635 3771 περὶ
672 3701 939 3763 Λατίνων,
976 3700 1136 3765 εὐθὺς
1160 3704 1258 3769 τὴν
1299 3700 1620 3769 προσθήκην
1649 3714 1881 3763 πεποιη-

304 3798 482 3866 μένων
506 3813 520 3826 ’
552 3796 634 3847 ὄτι
661 3811 721 3846 τε
751 3793 1103 3863 προσετίθουν
1129 3793 1209 3862 τῷ
1236 3792 1492 3861 συμϐόλῳ
1518 3792 1619 3859 τῆς
1646 3792 1882 3850 πίστεως

302 3893 535 3960 πρᾶγμα
565 3888 856 3955 τέσσαρσιν
890 3885 1296 3953 οίκουμενικαῖς
1328 3882 1567 3944 συνόδοις
1616 3882 1754 3951 μετά
1785 3881 1885 3948 τὴν

299 3984 493 4052 τρίτην
524 3977 970 4049 πεφυλαγμένον,
1004 3979 1097 4028 καὶ
1130 3977 1255 4039 τοὺς
1286 3975 1503 4043 ἐκείνης
1539 3971 1879 4041 διορισμούςο

302 4076 394 4126 κοιλ⁵
423 4073 505 4124 ὅτι
544 4073 696 4139 μόνοι
724 4068 881 4123 τοῦτο
930 4068 1174 4136 ἐτόλμων
1199 4084 1212 4098 ⁸
1246 4067 1339 4120 καὶ
1379 4066 1460 4118 ὃτι
1490 4064 1650 4128 δόξαν
1688 4080 1887 4133 προσε-

299 4163 482 4215 τίθουν
532 4162 735 4230 ἣκιστα
782 4158 1077 4228 γνώριμον.
1127 4159 1308 4226 Μέχρι
1358 4156 1541 4208 τοίνυν
1584 4155 1774 4207 τούτου
1826 4155 1887 4208 τὸ

305 4257 557 4322 πταῖσμα
600 4252 708 4304 τῶν
736 4250 984 4304 Λατίνων
1034 4250 1173 4304 ἐστί.
1205 4249 1313 4303 Καὶ
1338 4248 1428 4302 τον
1460 4248 1614 4315 λόγον
1641 4246 1735 4300 τοῦ
1770 4248 1887 4317 σχί-

304 4362 507 4413 σμα-τος
538 4345 586 4396 οί
622 4341 1072 4412 καινοτομοῦντες
1108 4341 1235 4394 ἄνευ
1266 4339 1361 4393 τοῦ
1402 4339 1649 4406 μείζονος
1684 4339 1889 4407 μέρους

302 4438 399 4505 τῆς
444 4434 796 4505 Ἐκκλησίας,
825 4435 925 4503 οὐχ
965 4434 1013 4485 οί
1052 4434 1125 4502 μὴ
1166 4432 1481 4501 βουλόμενοι
1534 4446 1887 4497 συγκαινοτο-

306 4532 428 4597 μεῖν
461 4527 553 4579 καὶ
587 4526 1027 4594 συγκινδυνεύειν
1059 4524 1392 4592 ὀφείλουσιν.
1434 4524 1554 4576 Ὅτι
1584 4522 1639 4574 δὲ
1668 4522 1761 4573 καὶ
1789 4522 1887 4572 αύ-

1986 2043 2081 2095 κδν
2164 2039 2309 2110 εἶχεν
2380 2040 2447 2094 ἂν
2526 2041 2558 2095 ἡ
2612 2037 2935 2107 προσθήκη⁸
2992 2034 3085 2088 νῦν
3156 2034 3215 2088 δὲ
3267 2035 3405 2102 μετά
3467 2034 3567 2103 τὴν

1987 2137 2307 2207 προσθήκην
2338 2134 2431 2187 καὶ
2456 2133 2555 2202 τὴν
2581 2132 2847 2201 διαίρεσιν
2892 2131 3021 2191 τοὺς
3056 2130 3403 2199 πατριάρχας
3437 2146 3565 2196 χει-

1992 2228 2245 2299 ροτονῶν,
2279 2228 2326 2278 εἱ
2374 2224 2447 2295 μὴ
2482 2224 2658 2293 μάτην
2686 2221 2847 2275 τοῦτο
2900 2223 3063 2287 ποιεῖ,
3096 2220 3195 2289 τῆς
3245 2220 3568 2290 προσθήκης

1985 2322 2059 2382 ὠς
2092 2319 2293 2379 ἀδίκως
2335 2318 2642 2385 γενομένης
2689 2312 3158 2382 καταψηφίζεται.
3192 2312 3303 2365 Καὶ
3346 2311 3479 2364 αὐτὸ
3510 2311 3568 2364 δὲ

1986 2414 2046 2465 τὸ
2076 2412 2420 2479 πατριάρχας
2445 2409 2772 2478 χειροτονεῖν
2800 2408 2924 2459 ὅσον
2951 2406 3096 2457 ἐστὶν
3123 2407 3205 2467 εἰς
3234 2404 3570 2473 φιλονεικίας

1987 2504 2265 2569 ἀπόδειξιν
2289 2505 2397 2565 πᾶς
2431 2501 2556 2554 νοῦν
2606 2498 2750 2571 ἔχων
2789 2500 3062 2553 σκοπείτω
3091 2515 3104 2530 ο
3140 2499 3244 2551 ποῦ
3284 2498 3392 2567 γὰρ
3435 2497 3566 2566 ἐξῆν

1986 2597 2064 2663 τῷ
2102 2595 2325 2663 Ῥώμης
2356 2595 2604 2663 ἀρχιερεῖ
2635 2593 2982 2662 πατριάρχας
3007 2593 3369 2661 χειροτονεῖν;
3400 2592 3573 2643 υύδα-

1992 2686 2097 2756 μοῦ
2134 2688 2333 2756 δήπου,
2388 2686 2495 2738 οὐδ’
2532 2686 2595 2736 ἐκ
2624 2684 2717 2737 τοῦ
2772 2685 2845 2754 μὴ
2896 2686 3210 2753 συμφωνεῖν
3258 2683 3572 2754 αύτῷ“τοὺς

1986 2780 2208 2841 λοιποὺς
2258 2779 2627 2847 πατριάρχας,
2662 2776 2773 2829 εἴτε
2817 2776 3041 2840 δικαίως
3072 2778 3184 2829 είτε
3225 2777 3318 2830 καὶ
3350 2776 3571 2844 φαύλως

1988 2870 2211 2939 εὔλογον
2266 2870 2331 2923 ἂν
2372 2871 2455 2939 εῐη
2514 2870 2777 2937 πράττειν
2831 2869 2996 2921 αὐτὸν
3050 2869 3189 2934 ὅπερ
3219 2868 3570 2935 ούκζέξεστι.

1988 2960 2210 3015 Μᾶλλον
2242 2962 2351 3031 γάρ
2386 2961 2451 3014 ἂν
2481 2956 2549 3029 ἦν
2594 2958 2977 3029 οίκουμενικὸς
3012 2960 3377 3030 πατριάρχης,
3414 2962 3573 3030 εἴπερ

1992 3054 2275 3107 συνέϐαινε
2312 3054 2438 3115 τοὺς
2472 3053 2665 3116 ἄλλους
2699 3053 2906 3116 πάντας
2936 3055 3271 3122 κακοδοξεῖν,
3313 3055 3385 3117 ὡς
3414 3058 3575 3117 αύτός

1991 3164 2153 3215 φησι,
2194 3148 2351 3213 μόνος
2378 3148 2503 3208 τοὺς
2535 3146 2857 3215 όρθοδόεους
2909 3148 3238 3216 ποιμαίνων,
3286 3150 3379 3201 καὶ
3415 3150 3577 3218 μόνος

1992 3240 2345 3309 πατριάρχης
2374 3239 2449 3291 ὢν
2474 3240 2531 3291 ἐν
2560 3240 2767 3301 αὐτοῖς,
2803 3239 2835 3306 ἢ
2865 3241 3256 3308 συναριθμίους
3287 3241 3425 3311 ἔχων
3450 3242 3576 3305 τοὺς

1990 3333 2410 3399 πεπλασμένους
2442 3349 2455 3364 ο
2487 3332 2676 3399 ἕτερον
2712 3331 2819 3399 γάρ
2852 3347 2975 3383 τινα
3009 3332 3213 3398 τρόπον
3258 3334 3576 3403 ἁμαρτήσε-

1988 3443 2077 3477 ται
2115 3427 2205 3477 και
2232 3426 2327 3494 τῆς
2353 3423 2615 3492 ἀληθείας
2639 3423 2977 3477 διαπεσεῖται
3007 3426 3034 3477 ό
3064 3426 3131 3476 τά
3158 3426 3233 3495 μὴ
3256 3425 3383 3479 διτα
3405 3428 3577 3482 πλάτ-

1989 3533 2107 3569 τειν
2139 3516 2484 3586 βούλομενος.

2074 3608 2429 3678 Ἀντίρῤοπον
2466 3608 2522 3661 δέ
2554 3608 2652 3677 τῆς
2681 3608 2775 3662 τοῦ
2812 3609 3017 3663 πάππα
3052 3610 3386 3679 φιλονεικίας
3414 3613 3446 3682 ἢ
3475 3616 3573 3685 ῥᾳο

1994 3697 2195 3766 θυμίας
2242 3698 2290 3749 οί
2341 3698 2437 3765 τῆς
2466 3696 2735 3767 ἀνατολῆς
2786 3701 3147 3771 πατριάρχαι.
3188 3704 3282 3755 καὶ
3317 3704 3573 3773 βασιλεὺς

1992 3790 2249 3843 ἑκάστοτε
2288 3792 2384 3842 σὺν
2408 3788 2612 3854 αὐτοῖς,
2649 3792 2750 3861 τὴν
2776 3791 3036 3859 ἀλήθειαν
3070 3794 3163 3845 καὶ
3200 3794 3299 3865 τὴν
3333 3798 3573 3862 μεγαλο-

1990 3882 2193 3951 ψυχίαν
2222 3882 2566 3946 ἐπεδείξαντο
2605 3883 2710 3937 κάν
2735 3884 2911 3953 τούτῳ
2940 3883 3016 3953 τῷ
3067 3886 3243 3955 μέρει.
3276 3889 3573 3957 Δυνάμενοι

1991 3972 2101 4041 γὰρ
2124 3972 2485 4025 ἀναπλάττειν
2512 3972 2697 4043 πολλῷ
2726 3974 2856 4045 ῥᾷον
2889 3974 2983 4026 καὶ
3010 3975 3346 4044 δικαιότερον
3381 3978 3570 4048 ἢέκεῖε

1992 4081 2080 4127 νος
2112 4066 2241 4129 τοὺς
2267 4065 2559 4136 τέσσαρας,
2588 4062 2713 4117 οὔτε
2745 4064 2902 4118 τοῦτο
2932 4065 3172 4131 ἐποίουν,
3200 4066 3326 4120 οὔτε
3356 4067 3573 4121 σύνοδον

1993 4158 2355 4228 συνεκρότουν
2395 4158 2526 4212 ἄνευ
2566 4156 2795 4222 ἐκείνου,
2830 4156 2899 4210 δι’
2929 4154 2998 4230 ἦς
3041 4157 3106 4211 ἂν
3141 4156 3365 4227 ἔμελλον
3405 4157 3577 4228 ψηφί-

1992 4249 2183 4313 ζεσθαι
2230 4250 2488 4303 τάναντία
2527 4250 2669 4303 πάνυ
2702 4250 2859 4303 τοῦτο
2908 4251 3231 4319 δυνάμενοι·
3264 4250 3399 4305 ἀλλὰ
3442 4251 3578 4321 μᾶλ-

1992 4343 2081 4395 λον
2120 4344 2324 4413 συνόδῳ
2353 4346 2508 4412 κοινῇ
2537 4343 2636 4414 τὴν
2672 4343 2991 4413 προσθήκην
3019 4343 3251 4413 ἐζήτουν
3279 4345 3575 4414 ἐξετασυῆ-

1993 4454 2105 4501 vat,
2148 4436 2344 4505 σχολῆς
2407 4436 2542 4504 αὐτῇ
2574 4434 2865 4505 δεδομένης
2892 4436 3171 4505 πρότερον,
3211 4437 3287 4496 ὡς
3331 4438 3474 4499 εἰκὸς
3508 4436 3576 4507 ἦν

1994 4530 2088 4579 καὶ
2119 4528 2350 4582 δίκαιον.
2378 4529 2441 4579 Ol
2475 4527 2551 4591 δὲ,
2586 4528 2749 4596 μέχρι
2782 4527 2880 4594 μὲν
2926 4527 3125 4596 ᾔδεσαν
3152 4528 3252 4596 τὴν
3282 4529 3575 4600 καθολικὴν

302 4621 381 4670 τυι
413 4620 630 4671 Λατῖνοι
681 4620 802 4670 τότε
839 4615 1139 4684 συνῄδεσαν
1171 4617 1385 4676 ἑαυτοῖς
1418 4614 1727 4683 ἠδικηκόσι,
1759 4628 1884 4663 τεκσ-
1919 4631 1963 4685 D
2006 4619 2339 4689 Ἰ-Ῑκκλησίαν
2372 4618 2464 4670 καὶ
2514 4618 2677 4685 σοφίᾳ
2710 4618 2803 4669 καὶ
2838 4620 2950 4679 τοῖς
2982 4617 3164 4680 άιλλοις
3201 4620 3369 4670 πᾶσιν
3425 4621 3576 4689 ἰσχύ-

308 4714 499 4779 μῆριον
534 4710 786 4778 ἐναργὲς,
831 4709 913 4761 ὅτι
964 4706 1321 4776 πατριαρχῶν
1355 4703 1569 4771 ξεῖδωλα
1604 4701 1887 4770 τεσσάρων

306 4802 465 4864 εὐθὺς
511 4802 1057 4869 κεχειροτονήκεσαν,
1089 4798 1265 4851 ἄλλων
1317 4798 1444 4858 τοὺς
1489 4795 1714 4863 ἀληθεῖς
1761 4794 1887 4862 Θρό-

308 4913 426 4957 νους
453 4895 709 4963 ἐχόντων,
745 4892 1039 4953 ἀνθοῦντας
1083 4891 1311 4959 δυνάμει
1348 4892 1443 4943 καὶ
1476 4888 1674 4957 πλήθει
1706 4888 1799 4955 τῆς
1830 4903 1890 4937 τε

310 4988 498 5055 σοφίας
530 4989 617 5039 καὶ
651 4985 758 5038 τῶν
809 4986 983 5039 ἄλλων
1031 4984 1251 5036 πάντων
1295 4981 1501 5034 καλῶν.
1544 4982 1603 5032 Ei
1641 4980 1741 5047 μὲν
1784 4979 1890 5044 γάρ

306 5077 537 5141 ἠδύνατο
588 5077 747 5144 μόνος
795 5078 823 5127 ό
863 5075 1082 5143 Ῥώμης
1138 5074 1506 5139 καινοτομεῖν,
1543 5070 1625 5129 τίς
1680 5065 1747 5139 ἦν
1782 5070 1891 5119 τῶν

308 5167 721 5236 πατριάρχικῶν
743 5167 978 5219 εἰδώλων
1005 5167 1036 5235 ή
1065 5164 1224 5235 χρεία
1252 5180 1266 5226 ;
1297 5163 1404 5215 Καὶ
1430 5164 1479 5214 εί
1511 5162 1667 5231 μόνος
1695 5162 1721 5212 ό
1758 5159 1889 5213 Ῥώ-

311 5278 413 5327 μης
458 5260 846 5330 οἱκουμενικὴν
897 5260 1219 5328 συγκροτεῖν
1249 5256 1471 5309 δύναται
1523 5254 1764 5316 σύνοδον,
1796 5254 1890 5305 καὶ

306 5353 371 5403 τὰ
406 5352 532 5419 περὶ
559 5350 656 5419 τὴν
688 5351 869 5402 πίστιν
903 5348 1129 5419 ὁρίζειν,
1162 5347 1214 5401 τί
1245 5347 1451 5410 ταύτης
1478 5347 1587 5399 ἔδει
1616 5346 1716 5415 τῆς
1748 5345 1887 5397 πλά-

310 5457 484 5505 σεως;
520 5442 580 5493 Et
618 5440 662 5493 δ’
688 5443 960 5507 ἀπογνοὺς
990 5443 1091 5509 τῆς
1132 5439 1241 5493 τῶν
1281 5436 1497 5506 ἀληθῶν
1530 5435 1886 5507 πατριαρχῶν

311 5534 629 5603 συνεργείας
673 5540 767 5586 καὶ
821 5532 1108 5594 κοινωνίας
1156 5533 1503 5600 πατριάρχας
1536 5532 1887 5599 δημιουργεῖ,

309 5625 381 5687 ὡς
408 5629 505 5677 ούκ
532 5624 597 5677 ἂν
624 5625 799 5686 ἄλλως
826 5626 1213 5694 οίκουμενικὴν
1236 5624 1372 5687 ἕξων
1404 5624 1657 5692 δύναμιν,
1689 5619 1889 5675 οὐκοῦν

309 5719 402 5770 καὶ
434 5717 535 5783 τὴν
593 5716 914 5785 προσθήκην
966 5716 1184 5783 φαύλως
1236 5717 1432 5780 ἐποίει,
1493 5713 1891 5784 οίκουμενικῶς

308 5807 510 5879 ταύτην
547 5808 890 5877 ποιούμενος.
926 5809 987 5859 Εἰ
1024 5810 1129 5878 γὰρ
1166 5811 1288 5871 τοῗις
1321 5806 1667 5877 πατριάρχας
1696 5808 1893 5876 πρότε-

625 5905 900 5965 ΡΑτιιυι..
947 5907 1061 5964 Gn.
1103 5905 1260 5967 CLX

1989 4727 2179 4773 ουσαν,
2214 4711 2315 4763 οὑκ
2339 4710 2609 4780 ἐθάρρουν
2639 4710 2737 4778 τὴν
2771 4708 2952 4779 κρίσιν
2974 4726 2987 4738 ·
3018 4710 3140 4760 ἐπεὶ
3171 4710 3226 4762 δὲ
3257 4707 3396 4764 εἶδον
3426 4715 3574 4781 ἡμᾶς

1996 4804 2173 4856 πάντα
2216 4801 2666 4870 ἀποϐεϐληκότας
2708 4802 2914 4871 σχεδὸν,
2956 4802 3185 4865 ἑαυτοὺς
3237 4803 3292 4855 δὲ
3328 4804 3573 4873 ηὐξημέ.

1991 4914 2113 4958 νους
2144 4899 2256 4959 τοῖς
2288 4897 2484 4959 ἆπασι,
2515 4897 2604 4947 καὶ
2638 4896 2728 4948 τὸν
2753 4896 2982 4964 οὐρανὸν
3018 4896 3302 4962 οίομένους
3336 4901 3399 4967 τῇ
3431 4901 3573 4967 χειρὶ

1992 4993 2313 5055 κρατήσειν,
2350 4986 2572 5040 ἐπειδὰν
2624 4986 2948 5055 βουληθῶσι,
2984 4985 3105 5037 τότε
3136 4986 3190 5038 δὲ
3241 4990 3574 5058 προσωπείῳ

1993 5079 2351 5148 δικαστηρίου
2402 5081 2495 5132 καὶ
2549 5080 2722 5146 λόγων
2771 5077 3168 5147 οἰκουμενικῶς
3222 5078 3577 5151 ἐπεθύμησαν

1998 5168 2299 5238 ἐπικυροῦν
2320 5170 2420 5234 τὴν
2452 5169 2788 5237 προσθήκην,
2813 5171 2888 5231 ὡς
2910 5170 2977 5222 ἂν
3006 5169 3310 5223 παύσαιντο
3340 5177 3434 5226 καὶ
3458 5177 3575 5236 ταῖς

1997 5263 2209 5315 ἐαυτῶν
2244 5262 2588 5332 συνειδήσεσι
2632 5264 2840 5333 πικρῶς
2872 5263 3243 5335 ἐλεγχόμενοι.
3286 5268 3422 5322 Ούτε
3466 5272 3575 5341 γάρ

1997 5350 2217 5416 ἀφελεῖν
2254 5350 2534 5404 ἐϐούλοντο
2576 5351 2673 5421 τὴν
2702 5353 3046 5424 προσθήκην,
3093 5357 3145 5408 εί
3181 5374 3243 5425 γε
3289 5359 3576 5429 δυνηθείη-

1999 5459 2098 5511 μεν
2124 5440 2405 5509 φαυλίζειν
2437 5443 2629 5513 αὐτὴν,
2658 5443 2769 5496 οὔτ’
2802 5446 3057 5516 ἐνόμισάν
3093 5465 3223 5501 ποτε
3250 5450 3574 5519 δυνήσεσθαι

1994 5537 2093 5603 τῆς
2115 5526 2393 5602 ἡμετέροίς
2421 5534 2580 5605 δόξης
2602 5536 3100 5606 ὑπεραγωνιεῖσθαι
3123 5542 3385 5607 γενναίως
3405 5542 3573 5611 ἡμᾶς,

1995 5626 2132 5680 ἀλλὰ
2160 5626 2221 5687 τὸ
2272 5623 2457 5696 αἶσχος
2489 5628 2707 5694 ἀφελεῖν
2743 5628 3029 5682 ἐϐούλοντο
3060 5631 3221 5698 μόνον
3266 5633 3361 5701 τῆς
3394 5650 3575 5686 καινο-

1998 5718 2191 5786 τομίας
2245 5718 2461 5786 ἐκείνης
2513 5717 2617 5769 ὑπὸ
2649 5718 2869 5769 πάντων
2922 5720 3072 5783 σφίσι
3123 5722 3570 5789 προφερομέντ,ς’

2002 5810 2099 5862 καὶ
2122 5808 2207 5863 διά
2238 5808 2382 5862 τοῦτ’
2411 5810 2600 5880 ἤθελον
2636 5808 2730 5862 καὶ
2757 5811 2875 5873 ταῖς
2898 5794 3196 5881 ήμετέραις
3219 5813 3457 5869 ἐνδόσεσι
3482 5824 3577 5869 και

3183 5905 3259 5967 23
