4118 6280
318 372 419 431 Ἶὶῗ

315 483 472 551 ἡμεῖς

314 576 470 627 αὐτοὶ
519 572 681 627 τοῦτο
724 575 1008 638 ποιοῦντες
1043 576 1138 642 ἀφ’
1166 574 1397 637 ἑαυτῶν,
1429 573 1562 626 ἀλλά
1600 574 1727 633 τοὺς
1750 569 1895 623 διδαο

315 664 552 729 σκάλους
578 667 674 717 καὶ
702 666 910 728 πάντας
939 666 1132 728 αὐτοὺς
1159 666 1468 733 ἀληθινοὺς,
1490 664 1661 724 οὕτως
1688 660 1897 724 ἀξιοῦν-

312 774 406 817 τας
438 756 815 825 εὑρίσκοντες.
859 756 969 816 Καὶ
1004 756 1137 808 διότι
1169 758 1286 817 ταῖς
1322 754 1453 823 παρ’
1494 756 1628 823 ἡμῖν
1654 751 1898 806 ἀναπτύ-

316 850 461 911 ξεσιν
510 850 841 901 ἐπεϐάλοντο
884 848 1134 917 φανερῶς
1165 887 1179 910 ,
1220 848 1306 899 διά
1338 846 1495 899 τοῦτο
1533 844 1630 912 τὴν
1662 846 1901 897 ἀνάπτυ-

317 940 397 1003 ξιν
430 940 618 992 αὐτῶν
674 938 792 993 οίδτ⁹
837 940 1183 1010 ἐπῃνέσαμεν
1233 938 1344 991 οὔτ’
1403 936 1749 1005 ἐπαινοῦμεν.
1785 934 1901 988 Νῦν

313 1032 405 1086 οῦν
431 1033 780 1095 ὑποτιθέντες
832 1033 881 1085 οἱ
932 1032 1173 1094 Λατῖνοι,
1222 1033 1301 1084 ὃτι
1351 1032 1448 1099 τὴν
1475 1031 1583 1083 τῶν
1615 1029 1901 1099 ἡμετέρων

315 1122 657 1176 διδασκάλων
699 1122 1000 1187 ἀνάπτυξιν
1035 1121 1374 1193 ἁκυροῦμεν,
1462 1119 1740 1181 τοσούτοις
1777 1121 1903 1172 ἐπι-

319 1214 586 1285 στεύομεν
620 1215 787 1277 ἔτεσι,
832 1215 1097 1284 τιθέμεθα
1132 1214 1187 1268 δὲ
1243 1217 1305 1281 τῇ
1340 1213 1520 1267 αὐτῶν
1578 1210 1899 1276 ἀναπτύξει,

316 1307 461 1360 οὕτω
519 1306 688 1374 φασὶν
740 1309 987 1360 ἐπαινεῖν
1018 1306 1124 1374 τὴν
1174 1305 1453 1377 ἡμετέραν
1500 1305 1707 1368 πίστιν,
1742 1306 1773 1373 ἢ
1810 1321 1901 1356 πι-

320 1399 536 1451 στεύειν
563 1399 753 1468 ῶσπερ
783 1400 966 1467 ἡμεῖς.
1001 1398 1207 1451 Τούτου
1237 1398 1295 1450 δὲ
1328 1397 1389 1450 τὸ
1423 1398 1665 1450 ἐναντίον
1703 1395 1904 1465 μᾶλλόν

319 1491 437 1543 ἐστι
488 1492 585 1544 καὶ
626 1490 776 1543 δοκεῖ
831 1493 943 1554 τοῖς
984 1490 1164 1559 έχουσι
1224 1488 1374 1555 νοῦν,
1424 1489 1506 1542 ὃτι
1539 1487 1904 1557 πιστεύσομεν

318 1581 551 1643 ἐκείνοις
581 1583 783 1650 ὁμοίως
814 1582 912 1648 τὴν
940 1581 1223 1650 ἡμετέραν
1273 1579 1431 1645 δόξαν
1482 1578 1904 1643 ἀπολελοιπότες

318 1673 599 1739 καθάπαξ,
633 1675 693 1727 ού
724 1676 783 1726 τὸ
806 1676 870 1727 ἐκ
904 1674 1117 1743 Πατρδς
1148 1672 1570 1741 ἐκπορεύεσθαι,
1608 1668 1767 1722 τοῦτο
1797 1671 1905 1737 γὰρ

319 1767 497 1819 κοινόν
527 1768 677 1819 ἐστιν
716 1767 940 1835 ἀμφοῖν,
975 1766 1109 1819 ἀλλά
1138 1766 1199 1818 τὸ
1229 1765 1329 1817 οὐκ
1359 1766 1419 1818 ἐκ
1462 1763 1554 1817 τοῦ
1586 1761 1715 1815 Υίοῦ
1739 1780 1753 1794 ·
1778 1762 1907 1831 περὶ

1357 370 1452 429 DE
1496 367 1929 429 ADDITIONE
1962 368 2063 428 AD
2102 370 2551 431 SYMBOLUM.

512 482 563 531 Si;
616 482 719 543 ἔξω
764 483 853 535 τοῦ
904 483 1173 553 συμϐόλου
1233 481 1391 535 τοῦτο
1448 481 1707 551 ποιοῦμεν
1742 522 1753 543 ,
1788 478 1896 531 οὐδ’
1926 485 1971 541 Α
2006 482 2186 548 φικοῖς
2220 482 2441 551 χωρίοις
2494 482 2706 544 τούτοις
2755 483 3046 537 ἀπέδωκαν
3097 482 3195 551 τὴν
3230 482 3327 551 τῆς
3380 488 3427 535 α’
3464 499 3588 537 συν-

3487 369 3587 431 718

2002 572 2121 629 όδου
2156 573 2609 639 διδασκαλίαν,ἐν
2717 575 3003 645 προδήλως
3032 575 3218 645 σχεδὸν
3252 576 3313 627 ὲκ
3349 573 3445 627 τοῦ
3480 576 3589 626 Πα-

2003 666 2131 734 τρδς
2166 666 2329 735 μόνου
2360 667 2455 736 τὴν
2487 666 2720 737 ὕπαρξιν
2778 670 2923 737 ἔχειν
2976 668 3038 720 τὸ
3084 668 3310 737 Πνεῦμα
3341 667 3401 720 τὸ
3434 669 3593 732 ἅγιον

2005 758 2430 826 καταφαίνεται,
2481 758 2580 828 τὴν
2638 758 2944 823 ἀνάπτυξιν
2975 759 3069 829 τῆς
3122 759 3165 828 β’
3204 758 3422 812 συνόδου
3452 799 3468 825 ,
3497 760 3585 811 ὅτε

2004 852 2066 903 τὸ
2094 852 2224 920 περὶ
2255 851 2349 903 τοῦ
2383 852 2703 920 Πνεύματος
2733 852 2997 921 ἐζήτηται
3034 850 3314 921 προύργου
3343 852 3440 904 καὶ
3467 852 3590 904 ίκα-

2007 942 2229 996 νώτατα
2257 943 2545 1012 διωρίσθη,
2586 944 2708 995 ὅσον
2740 960 2799 995 τε
2854 944 2933 1005 είς
2979 942 3075 1013 τὴν
3111 942 3301 997 οὐσίαν
3331 944 3458 1013 ἥκει
3494 944 3590 997 τοῦ

2011 1031 2347 1100 Πνεύματος,
2384 1034 2475 1085 καὶ
2510 1033 2634 1085 ὅσον
2668 1034 2749 1097 εἰς
2787 1033 2888 1102 τὴν
2919 1033 3013 1086 τοῦ
3061 1033 3183 1088 ὅθεν
3209 1035 3358 1089 ἐστὶν
3386 1036 3589 1097 αἰτίαν,

2007 1126 2103 1187 τας
2128 1125 2235 1177 τῶν
2261 1124 2439 1178 ἄλλων
2486 1126 2729 1179 συνόδων
2765 1125 3136 1193 ἐπικυρώσεις
3172 1127 3273 1197 τῆς
3307 1127 3589 1199 ἀληθείας,

2008 1214 2116 1268 τῶν
2163 1217 2449 1287 ἡμετέρων
2510 1216 2851 1271 διδασκάλων
2922 1218 3144 1271 πάντων
3194 1219 3294 1281 τάς
3339 1220 3593 1288 ἐναργεῖς

2008 1308 2334 1375 ἀποφάσεις,
2392 1308 2490 1362 καὶ
2547 1309 2684 1379 πρὸς
2742 1309 2957 1372 τούτοις
3010 1310 3207 1379 λόγους
3242 1311 3465 1370 ἱκανοὺς
3498 1312 3594 1363 καὶ

2014 1400 2296 1465 γενναίους
2352 1400 2415 1452 ἐκ
2458 1399 2565 1452 τῶν
2623 1401 2810 1469 ἀρχῶν
2869 1400 3321 1471 λαμϐανομένους
3364 1402 3464 1469 τῆς
3504 1402 3593 1453 πί-

2015 1504 2224 1554 στεωςο
2275 1490 2336 1544 ού
2387 1491 2597 1545 δίκαιον
2646 1492 2827 1546 τοίνυν
2879 1492 3052 1546 ταῦτα
3102 1492 3282 1547 πάντα
3332 1492 3594 1562 ἀφέντας,

2011 1582 2170 1646 δόξαν
2201 1583 2604 1653 προσήκασθαι,
2629 1583 2766 1653 μήτε
2794 1585 2859 1637 ἐκ
2882 1584 2992 1637 τῶν
3018 1585 3317 1637 κανονικῶν
3342 1583 3591 1654 γραφῶν,

2015 1675 2154 1743 μήτε
2184 1677 2248 1727 ἐκ
2277 1674 2388 1730 τῶν
2414 1674 2509 1727 τοῦ
2546 1677 2743 1744 χρόνου
2787 1675 3097 1745 πρεσϐείων
3123 1676 3221 1747 τὴν
3252 1677 3406 1746 ίσχὺν
3437 1678 3594 1746 ἔχου·

2013 1784 2136 1831 σαν,
2178 1768 2318 1836 μήτε
2373 1768 2437 1821 ἐκ
2489 1768 2597 1820 τῶν
2649 1767 2782 1837 παρ’
2827 1769 2959 1837 ἡμῖν
3010 1768 3345 1825 διδασκάλων
3379 1764 3455 1825 ὧν
3497 1772 3597 1830 τάς

320 1858 479 1911 τοῦτο
541 1859 651 1927 γάρ
703 1828 1050 1927 διιστάμεθα.
1118 1856 1191 1910 Ἦ
1250 1856 1358 1909 ίδοὺ
1426 1856 1657 1924 λέγομεν
1718 1828 2478 1927 αύτοίςΒβίὸλούςνέχομεν,
2539 1861 2632 1910 καὶ
2692 1828 2803 1913 τῶν
2841 1828 3038 1927 φωνῶν
3093 1862 3402 1931 ἐπαΐομεν,
3455 1828 3595 1933 μήτε

320 1954 467 2015 ὅπως
493 1952 721 2021 νοοῦμεν
751 1950 813 2004 τὸ
854 1953 917 2004 ἐκ
943 1949 1036 2002 τοῦ
1078 1950 1291 2020 Πατρὸς
1316 1950 1777 2018 ἐκπορευόμενον,
1810 1946 1904 1999 καὶ

322 2047 470 2107 ὅπως
510 2044 693 2097 ἐνόουν
738 2046 787 2098 οί
825 2047 1085 2115 ἡμέτεροι
1131 2046 1390 2113 πρόγονοι
1424 2042 1520 2094 καὶ
1563 2041 1900 2105 διδάσκαλοι,

320 2139 395 2205 ὡς
440 2140 541 2192 οὐκ
594 2140 659 2192 ἐκ
687 2136 783 2190 τοῦ
836 2136 967 2191 Υίοῦ
1021 2136 1303 2207 δηλονότι·
1345 2136 1473 2204 περὶ
1502 2132 1663 2187 τοῦτο
1699 2135 1809 2202 γὰρ
1838 2129 1905 2202 ἦν

324 2234 455 2302 ἡμῖν
486 2230 581 2284 καὶ
615 2230 869 2291 Λατίνοις
898 2230 932 2298 ἡ
967 2227 1235 2297 σύμπασα
1273 2227 1443 2296 μάχη.

395 2324 459 2376 EE
512 2322 695 2375 τοίνυν
727 2322 884 2389 φαῖεν
911 2321 1004 2372 καὶ
1036 2319 1191 2371 αὐτοὶ
1218 2317 1363 2369 οῦτω
1400 2318 1701 2381 πιστεύειν,
1740 2322 1909 2385 σήμε-

330 2430 420 2482 ρον
447 2413 634 2473 αῦτοῖς
667 2410 958 2480 ἐνούμεθαο
1012 2409 1128 2461 ἀλλ’
1152 2412 1250 2461 οὐκ
1284 2410 1349 2463 ἂν
1375 2408 1515 2462 ούτω
1562 2414 1739 2479 φαῖεν·
1777 2410 1905 2463 οὑκ-

329 2504 423 2557 οῦν
472 2508 521 2558 εἰ
571 2504 790 2571 λέγουσι
846 2500 1124 2554 πιστεύειν
1188 2501 1391 2568 ὁμοίως
1442 2503 1575 2570 ἡμῖν
1643 2503 1769 2571 περὶ
1812 2503 1907 2553 τοῦ

334 2595 672 2663 Πνεύματος,
709 2595 1024 2661 σοφίζονται
1053 2598 1181 2657 τοὺς
1214 2594 1623 2663 ἁπλουστέρους
1668 2595 1765 2645 καὶ
1806 2609 1910 2644 πα·

334 2686 691 2756 ρασύρουσιν.
736 2685 797 2736 Εἰ
827 2685 884 2737 δὲ
913 2683 1087 2737 δεινὸν
1118 2686 1266 2736 δοκεῖ
1313 2684 1501 2745 αὐτοῖς
1543 2682 1603 2733 τὸ
1628 2683 1727 2733 καὶ
1762 2684 1909 2749 ἡμᾶς

331 2779 698 2832 ἀναπτύσσειν
724 2820 737 2842 ,
776 2779 954 2830 καίτοι
1011 2778 1134 2846 μετ’
1163 2776 1447 2836 εύσεὸείας
1488 2774 1648 2826 τοῦτο
1699 2772 1914 2825 ποιούν-

333 2888 461 2929 των,
506 2872 603 2923 καὶ
660 2870 758 2937 τῆς
817 2869 1004 2937 κοινῆς
1052 2867 1344 2937 ὁμολογίας
1386 2866 1637 2935 οὐδαμῶς
1672 2866 1913 2933 ἁπτομέ-

335 2981 460 3026 νων,
498 2963 733 3030 ὲχόντων
788 2961 844 3013 δὲ
899 2952 1248 3029 παράδειγμα
1281 2960 1405 3020 τοὺς
1440 2957 1693 3027 πρώτους
1728 2959 1914 3010 τετολ-

339 3054 581 3122 μηκότας
635 3051 786 3115 αὐτὸ,
827 3054 921 3104 καὶ
962 3050 1037 3113 ὡς
1088 3049 1302 3118 ἀληθῶς
1349 3048 1440 3101 ὑπ’
1492 3048 1736 3116 ἀνάγκης
1787 3050 1916 3100 ἀνα-

2009 1948 2187 2016 λόγοις
2227 1950 2687 2019 μαρτυρουμένην
2714 1987 2731 2014 ,
2765 1952 2813 2002 εί
2850 1951 2924 2021 μὴ
2965 1955 3303 2018 σοφιστικοῖς
3325 1994 3337 2017 ,
3372 1954 3465 2006 καὶ
3494 1954 3595 2007 οὐκ

2010 2041 2074 2090 ἐκ
2106 2038 2216 2091 τῶν
2265 2039 2462 2092 κοινῶν
2512 2038 2699 2108 ἀρχῶν
2747 2038 3131 2110 ὡρμημένοις,
3191 2042 3306 2094 ἀλλ’
3339 2041 3401 2095 ἐκ
3432 2060 3595 2097 τινων

2010 2130 2103 2191 οὓς
2135 2131 2233 2182 οὐκ
2276 2129 2454 2197 ἴσμεν,
2484 2130 2647 2183 πόθεν
2676 2130 2836 2183 εἰσίν.

2100 2222 2263 2274 ’Λλλά
2318 2237 2483 2288 φασιν
2532 2223 2616 2273 ὅτι
2656 2221 2799 2275 τοῦτ’
2830 2222 3196 2289 ᾼύγουστῖνος
3249 2230 3277 2279 6
3319 2228 3592 2299 μακάριος

2013 2314 2181 2377 λέγει.
2230 2312 2371 2363 Ἀλλ’
2402 2315 2562 2383 ἡμεῖς
2598 2316 2677 2377 είς
2718 2316 2819 2385 τὴν
2861 2316 3191 2386 Ἐκκλησίαν
3224 2319 3588 2388 πιστεύομεν,

2013 2406 2078 2474 ἣν
2110 2407 2161 2456 αἱ
2193 2407 2480 2458 κανονικαὶ
2509 2407 2719 2473 γραφαὶ
2748 2408 3039 2460 συνιστῶσι
3067 2409 3161 2462 καὶ
3192 2410 3245 2462 αί
3275 2412 3456 2464 κοιναὶ
3484 2411 3593 2464 τῶν

2020 2494 2227 2547 πιστῶν
2264 2494 2471 2547 σύνοδοι
2505 2495 2604 2565 τὴν
2648 2498 2979 2566 Ἐκκλησίαν
3030 2500 3272 2569 Χριστοῦ
3324 2505 3596 2571 παριστά-

2014 2604 2227 2650 νουσαι,
2273 2591 2373 2639 οὐκ
2408 2590 2487 2649 είς
2532 2588 2923 2657 Αύγουστῖνον,
2963 2591 3063 2643 οὐκ
3093 2592 3173 2654 είς
3201 2595 3593 2663 Δαμασκηνὸν,

2015 2675 2124 2729 οὐδ’
2153 2676 2298 2745 αύτῷ
2332 2676 2409 2745 τῷ
2436 2678 2790 2748 Δαμασκηνῷ
2830 2681 3211 2751 προσέσχομεν
3242 2682 3308 2736 ἂν
3337 2685 3395 2735 ὲν
3423 2686 3597 2753 τούτῳ

2015 2766 2093 2835 τῷ
2142 2771 2321 2836 μέρει,
2373 2770 2420 2821 εἰ
2470 2772 2544 2837 μὴ
2586 2770 2682 2839 τῆς
2750 2772 2935 2840 κοινῆς
2985 2775 3161 2842 εἴχετο
3197 2775 3376 2845 δόξης,
3408 2776 3599 2847 ῶσπερ

2020 2861 2076 2910 ἐν
2102 2862 2214 2923 τοῖς
2241 2860 2420 2924 ἀλλοις
2446 2864 2653 2916 ἅπασιν
2678 2864 2882 2934 ἔχεται.

2104 2951 2246 3003 Ἀλλ’
2276 2952 2385 3004 οὐδ’
2419 2952 2634 3005 εύθιινεῖ
2683 2952 2896 3015 δίκαιος
2945 2955 3022 3007 ὣν
3058 2957 3205 3023 ἡμᾶς
3247 2960 3278 3010 6
3313 2957 3470 3020 Θεὸς,
3500 2958 3599 3027 τὴν

2019 3044 2205 3113 κοινὴν
2259 3047 2350 3097 καί
2395 3044 2829 3117 ὡμολογημένην
2880 3046 2941 3100 οὐ
2993 3047 3356 3118 βουλομένους
3413 3049 3599 3103 πίστιν

336 3147 708 3209 πτυσσόντων,
738 3146 892 3198 αὐτοί
916 3162 973 3198 τε
1012 3142 1375 3196 παυέσθωσαν
1410 3142 1914 3206 ἁναπτύσσειν,καλ
1942 3165 1985 3224 c
2027 3138 2243 3203 ἀφεῖναι
2277 3138 2374 3190 καὶ
2421 3139 2614 3209 γνώμῃ
2657 3140 2803 3197 τινὸς
2844 3139 3266 3210 προστεθεῖσθαι
3309 3142 3421 3196 τῶν
3448 3143 3597 3197 διδα-

335 3242 496 3309 ἡμεῖς
546 3238 741 3308 σχολὴν
796 3239 918 3299 ταῖς
968 3234 1305 3300 ἀναπτύξεσι
1339 3233 1587 3303 δώσομεν
1626 3234 1793 3286 ἕνεκα
1820 3232 1912 3286 τοῦ

340 3333 437 3398 τῆς
474 3330 700 3399 ἀγάπης
737 3328 925 3383 καλοῦ.
959 3330 1066 3381 Καὶ
1093 3327 1153 3379 τὸ
1184 3330 1279 3395 μὲν
1306 3327 1527 3395 πότερον
1567 3327 1736 3386 αἴτιός
1769 3329 1915 3377 ἐστιν

338 3429 364 3477 6
390 3425 515 3488 Υἱὸς
546 3424 641 3475 τοῦ
690 3424 1007 3492 Πνεῦματος
1043 3420 1077 3490 ἢ
1116 3422 1213 3489 μὴ,
1243 3420 1275 3489 ἢ
1323 3417 1593 3488 ζητείσθω
1631 3420 1782 3487 παρὰ
1809 3416 1915 3467 τῶν

341 3516 687 3587 βουλομένων
740 3513 1007 3577 ἐνδόξως,
1074 3513 1106 3581 ἢ
1183 3510 1429 3579 σιγάσθω
1485 3508 1638 3577 παρά
1696 3510 1914 3560 πάντων

339 3610 565 3680 ὁμοίως.
607 3610 671 3660 Ἥ
704 3608 747 3659 δ’
778 3605 1078 3675 Ἐκκλησία
1130 3607 1283 3672 κοινῇ
1332 3603 1421 3655 τὸν
1455 3602 1583 3654 Υίδν
1626 3600 1786 3651 αὑτὸν
1821 3599 1912 3651 τοῦ

340 3703 472 3757 Θεοῦ
507 3699 838 3769 διαλλακτὴν
886 3697 1140 3750 ποιείσθω
1190 3696 1395 3761 ταύτης
1427 3694 1529 3763 τῆς
1565 3692 1740 3762 ἔριδος
1770 3733 1783 3756 ,
1816 3693 1914 3741 οῦκ

339 3796 543 3866 ἔχουσά
584 3812 638 3845 τι
684 3794 791 3845 τῶν
840 3792 1048 3843 ἐκείνου
1092 3787 1376 3857 φωνῶν,ἣ
1420 3786 1825 3852 ἀσφαλέστερον
1881 3782 1912 3847 ἢ

341 3888 653 3957 ἱερώτερον.
687 3885 902 3938 Μᾶλλον
936 3884 991 3935 δὲ
1030 3884 1127 3952 τῆς
1173 3879 1497 3948 Ἐκκλησίας
1532 3878 1691 3929 τοῦτο
1737 3876 1915 3935 καλῶς

341 3980 712 4050 πεποιηκυίας
748 3979 804 4029 ἐν
834 3978 899 4046 τῇ
932 3975 1163 4042 δευτέρᾳ
1207 3970 1411 4039 συνόδῳ
1454 3970 1549 4023 καὶ
1586 3968 1745 4036 ἡμῶν
1780 3968 1917 4036 αὐτῇ

342 4073 685 4142 πειθομένων
706 4114 719 4137 ,
755 4068 852 4123 καὶ
880 4069 979 4137 τὴν
1020 4064 1351 4133 Ἐκκλησίαν
1383 4063 1481 4130 τῆς
1527 4061 1744 4128 Ῥώμης
1777 4061 1919 4111 οὕτω

344 4170 608 4235 πράττειν
660 4164 850 4234 ἐχρῆν,
907 4161 1002 4212 καὶ
1059 4158 1201 4209 οὕτω
1242 4174 1303 4223 γε
1359 4155 1580 4225 πράξει,
1621 4152 1919 4221 βουλομένη

346 4264 610 4331 πράττειν
645 4260 712 4308 τὰ
742 4256 953 4308 δέοντα.

415 4348 764 4418 Πανταχόθεν
794 4346 890 4398 οῦν
934 4344 1142 4405 αἰτίους
1196 4344 1295 4411 τῆς
1350 4341 1531 4411 μάχης
1566 4340 1767 4405 ταύτης
1796 4340 1921 4400 τοὺς

344 4446 608 4505 Λατίνους
641 4440 883 4510 δρῶντες
915 4438 1009 4490 νῦν
1059 4454 1116 4489 τε
1171 4435 1577 4502 καὶπρότερον,
1612 4432 1730 4499 μεθ’
1765 4431 1921 4499 ἡμῶν

2025 3229 2242 3283 σκάλων
2294 3230 2504 3299 χωρὶς,
2542 3233 2591 3283 εἰ
2625 3232 2719 3283 καὶ
2777 3231 2867 3285 διὰ
2918 3233 3078 3287 τοῦτο
3138 3235 3597 3306 κολασθησόμεθα

2018 3325 2216 3392 δήπου,
2246 3322 2330 3377 δτι
2366 3325 2439 3393 μὴ
2490 3323 2833 3394 προσέχομεν
2900 3325 3187 3397 Γρηγορίῳ
3228 3328 3306 3397 τῷ
3352 3329 3598 3401 Νύσσηςς

2018 3418 2167 3478 τῦος
2223 3417 2501 3479 κολάσεως
2567 3417 2957 3487 δογματίζοντι
2989 3461 3002 3480 ,
3044 3420 3403 3492 ἀξιωματικῷ
3459 3425 3598 3485 ὄντι,

2020 3508 2327 3562 καὶταῦτα
2387 3510 2482 3562 καὶ
2532 3509 2638 3562 ὑπὸ
2692 3510 2925 3564 συνόδων
2977 3515 3455 3583 μαρτυρουμένῳο
3508 3521 3601 3570 καὶ

2020 3594 2174 3660 δίκας
2220 3598 2377 3661 αὖθις
2432 3597 2744 3667 ύφέξομεν,
2777 3599 2860 3652 ὅτι
2914 3601 2990 3670 μὴ
3039 3603 3459 3673 παραιτούμεθα
3503 3607 3601 3671 μὲν

2020 3690 2117 3752 τὰς
2156 3689 2407 3750 συνόδους
2448 3688 2543 3741 καὶ
2588 3690 2689 3751 τὰς
2717 3689 2963 3760 Γραφάς,
3008 3693 3353 3761 προσέχομεν
3386 3696 3444 3747 δέ
3476 3698 3602 3749 Διο-

2022 3781 2187 3849 νυσίῳ
2218 3780 2298 3849 τῷ
2332 3780 2739 3851 Ἀλεξανδρείας
2764 3782 2857 3834 καὶ
2887 3782 3151 3851 μάρτυρι,
3177 3783 3274 3836 καὶ
3308 3784 3601 3857 Γρηγορίῳ

2020 3875 2098 3943 τῷ
2154 3874 2593 3943 Νεοκαισαρείας
2644 3874 2722 3945 τῷ
2785 3876 3009 3946 μεγάλῳ
3052 3874 3463 3951 θαυματουργῷ
3500 3882 3599 3933 καὶ

2022 3966 2331 4037 διδασκάλῳ
2382 3968 2481 4036 τῆς
2540 3969 2822 4035 πίστεως,
2854 3969 3053 4033 οῖτινες
3092 3970 3319 4041 ἡχοῦσιν
3371 3975 3433 4026 ἐν
3486 3976 3600 4038 τοῖς

2030 4061 2183 4123 ἰδίοις
2240 4059 2422 4130 λόγοις
2472 4065 2725 4134 αίρετικά
2752 4080 2875 4119 τινα
2903 4065 3149 4134 δόγματα
3190 4066 3295 4119 ὑπὸ
3343 4068 3445 4137 τῆς
3492 4069 3601 4122 τῶν

2024 4151 2200 4217 λόγων
2229 4153 2501 4224 ἀνάγκης,
2551 4153 2737 4218 καθὼς
2783 4154 2982 4218 αὐτοὺς
3027 4156 3054 4207 6
3089 4154 3272 4225 μέγας
3299 4156 3599 4222 ἐξαιτιᾶται

2028 4241 2327 4305 Βασίλειος.

2100 4337 2207 4387 Καὶ
2256 4338 2624 4402 Δύγουστῖνος
2660 4338 2716 4389 δὲ
2771 4338 2933 4400 αὐτὸς
2971 4340 3103 4406 ἡμῖν
3135 4341 3163 4391 6
3198 4340 3471 4409 μακάριος
3500 4341 3592 4393 τὸν

2028 4428 2275 4480 τοιοῦτον
2307 4428 2645 4497 παραδίδωσι
2685 4423 2888 4481 κανόνα
2943 4429 3148 4497 σαφῶς,
3191 4433 3288 4484 καὶ
3324 4431 3470 4485 οὕτω
3513 4451 3603 4485 κε-

343 4537 399 4587 δὲ
452 4535 548 4585 καὶ
753 4524 1039 4597 ήμέτέρων
1085 4526 1343 4594 Πατέρων
1394 4523 1596 4581 εἰδότες
1631 4520 1809 4572 πάντα
1851 4519 1920 4571 τά
1955 4502 1999 4557 D
2026 4518 2267 4587 χρῆσθαι
2317 4518 2690 4585 παραγγέλλει
2751 4521 2865 4580 τοῖς
2915 4519 3081 4571 αὑτοῦ
3125 4521 3222 4572 καὶ
3266 4520 3377 4572 τῶν
3429 4522 3603 4575 ἄλλων

342 4626 550 4687 δίκαια,
583 4621 801 4682 πολλαῖς
854 4618 1031 4671 ἐλπίσι
1086 4615 1352 4682 σύνεσμεν
1393 4610 1486 4662 τοῦ
1524 4610 1726 4679 μηδένα
1765 4609 1923 4673 λόγον

344 4717 605 4785 ὀφλήσειν
638 4715 729 4765 ἐπὶ
787 4711 881 4763 τοῦ
938 4708 1223 4780 μέλλοντος
1261 4705 1505 4773 βήματος
1538 4703 1679 4769 ὑπὲρ
1721 4702 1810 4751 τοῦ
1848 4700 1923 4769 μὴ

351 4807 641 4877 βούλεσθαι
688 4806 798 4867 τοῖς
847 4802 1041 4862 αἰτίοις
1089 4798 1182 4851 τοῦ
1230 4796 1405 4848 δεινοῦ
1458 4794 1761 4845 κοινωνεῖν.
1795 4790 1924 4844 Εἶτα

349 4899 580 4959 κανόνας
614 4899 811 4963 ἔχομεν
842 4895 905 4945 ἐκ
936 4892 1042 4943 τῶν
1074 4890 1243 4956 ἀγίων
1288 4889 1382 4940 καὶ
1419 4887 1648 4945 τύπους,
1695 4886 1812 4947 πῶς
1847 4886 1928 4936 δεῖ

348 4990 641 5059 προσέχειν
673 4988 739 5057 τῇ
780 4984 961 5036 πίστει
1008 4980 1099 5042 οὓς
1135 4981 1234 5031 οὐκ
1287 4978 1432 5029 ἐστιν
1465 4979 1610 5029 ὅσιον
1654 4974 1925 5043 ὑπερϐαί-

352 5103 485 5136 νειν.
520 5080 657 5135 Κατ’
688 5078 931 5138 ἐκείνους
978 5072 1108 5141 γοῦν
1156 5073 1281 5134 τοὺς
1320 5072 1547 5132 κανόνας
1582 5068 1926 5120 ἐπικίνδυνον

351 5179 488 5247 ἡμῖν
532 5172 678 5227 δοκεῖ
724 5171 818 5222 καὶ
850 5168 1057 5235 πλάνης
1092 5166 1314 5234 μεστὸν,
1352 5164 1590 5232 ἀφέντας
1628 5162 1728 5229 τὴν
1762 5162 1929 5225 εὐαγ-

351 5264 578 5334 γελικὴν
612 5257 981 5320 διδασκαλίαν,
1031 5258 1087 5307 ἐν
1228 5254 1446 5319 λέγεται
1496 5252 1557 5304 τὸ
1610 5250 1836 5319 Πνεῦμα
1868 5253 1931 5302 ἐκ

350 5358 442 5413 τοῦ
489 5355 699 5424 Πατρὸς
734 5348 1154 5423 ἐκπορεύεσθαι,
1193 5345 1419 5413 Πνεῦμα
1448 5344 1502 5396 δὲ
1539 5346 1634 5413 τῆς
1668 5343 1929 5413 ἀληθείας

352 5454 448 5505 καὶ
498 5450 630 5519 παρ’
684 5444 851 5500 αὐτοῦ
910 5442 1234 5513 πέμπεσθαι
1266 5480 1278 5502 ,
1314 5443 1407 5491 καλ⁸
1437 5439 1532 5505 τὴν
1564 5435 1930 5504 ἀποστολικὴν

350 5544 554 5611 ὁμοίιος
603 5536 954 5593 διδασκαλίαν
1001 5528 1126 5605 ἐνῇ
1178 5533 1398 5596 λέγεται
1450 5532 1510 5581 τὸ
1572 5528 1793 5597 Πνεῦμα
1836 5526 1929 5578 τοῦ

352 5635 485 5687 Θεοῦ
532 5635 631 5703 μὲν
660 5630 805 5683 εῖναι
854 5631 950 5682 καὶ
980 5629 1042 5680 ἐκ
1095 5625 1188 5677 τοῦ
1225 5623 1388 5688 Θεοῦ,
1420 5621 1514 5673 τοῦ
1546 5621 1602 5673 δὲ
1634 5620 1762 5671 Υἱοῦ
1793 5614 1932 5670 εἶναι

355 5729 517 5795 μόνον
553 5726 798 5793 λέγεται,
833 5722 932 5774 οὐκ
978 5722 1041 5771 ἐκ
1074 5719 1171 5770 τοῦ
1205 5712 1361 5778 Υίοῦ,
1392 5715 1488 5776 τὰς
1531 5714 1637 5766 τῶν
1671 5711 1929 5779 Πατέρων

354 5819 661 5889 ἐξηγήσεις,
696 5816 761 5879 ἃς
810 5814 1060 5883 ἐπίτηδες
1089 5812 1181 5863 καὶ
1207 5808 1599 5875 ἀπεξεσμένως
1638 5808 1751 5868 τοῖς
1782 5821 1925 5874 γρχ-

2028 4600 2263 4658 έκοῖῖἓτου
2320 4606 2660 4659 διδασκάλων
2739 4611 3190 4677 συγγράμμασιν.
3267 4611 3392 4663 Οὐδ’
3450 4614 3601 4680 αύτῷ

2029 4698 2161 4765 γοῦν
2214 4699 2521 4767 φανείημεν
2554 4700 2906 4769 Αύγουστίνῳ
2945 4699 3132 4768 βαρεῖς
3163 4703 3257 4757 ἐπὶΙ
3293 4702 3388 4755 τοῦ
3435 4708 3600 4772 χοροῦ

2031 4790 2139 4842 τῶν
2170 4790 2341 4856 ἀγίων
2371 4791 2427 4841 ἐν
2460 4791 2654 4860 ἐκείνῳ
2689 4791 2765 4859 τῷ
2802 4790 2923 4860 βίῳ,
2957 4793 3116 4863 εἴπερ
3155 4795 3214 4846 δν
3245 4796 3377 4863 ἡμῖν
3406 4797 3603 4849 δέδωκε

2032 4883 2236 4935 κανόνα
2268 4881 2567 4951 τηροῦμεν,
2597 4884 2690 4934 καὶ
2721 4884 2878 4936 ταῦθ’
2908 4885 3115 4938 ἕκαστα
3147 4885 3395 4955 δείξομεν
3429 4889 3604 4952 οὕτως

2032 4973 2225 5043 ἔχοντα
2260 4973 2331 5041 μὴ
2373 4973 2534 5041 μόνον
2580 4976 2695 5035 τοῖς
2753 4973 2813 5037 ἐξ
2863 4975 3020 5043 ἡμῶν
3074 4977 3431 5046 ἀμφιϐόλοις,
3470 4983 3605 5035 ἀλλά

2035 5065 2130 5115 καὶ
2160 5064 2415 5124 Λατίνοις
2455 5065 2641 5125 αὐτοῖς
2684 5066 2781 5115 καὶ
2817 5068 2983 5117 πᾶσιν
3040 5068 3371 5137 ἀνθρώποις,
3422 5073 3605 5128 καίτοι

2035 5155 2129 5205 καὶ
2156 5152 2248 5203 τὸν
2289 5153 2655 5218 Αύγουστίνον
2682 5152 2847 5205 αὑτὸν
2892 5156 3129 5223 συνῳδὸν
3171 5159 3284 5221 τοῖς
3316 5161 3607 5233 ἡμετέροις

2032 5244 2375 5303 διδασκάλοις
2429 5239 2571 5296 εἶναι
2624 5245 2995 5315 πεπείσμεθα.
3053 5250 3120 5301 ’Ἀ
3160 5251 3217 5304 δὲ
3254 5252 3365 5306 τῶν
3398 5257 3607 5309 ἐκείνου

2038 5336 2223 5406 ῥητῶν
2272 5338 2652 5405 ἐκγράφοντες
2692 5339 2740 5389 οί
2772 5339 2998 5391 Λατῖνοι
3033 5340 3378 5397 δεικνύουσιν
3412 5386 3425 5409 ,
3457 5351 3607 5401 αὐτοὶ

2036 5431 2128 5481 καὶ
2160 5428 2551 5497 ἐκγράφουσιν,
2608 5429 2684 5492 ὥς
2732 5448 2890 5499 φασι,
2934 5435 3031 5487 καὶ
3092 5436 3487 5504 ἑρμηνεύουσιν
3532 5440 3611 5499 ὡς

2036 5521 2191 5588 σφίσι
2238 5520 2531 5588 συμφέρει,
2572 5521 2670 5572 καὶ
2726 5522 3050 5589 ἐξηγοῦνται
3081 5525 3266 5586 καθὼς
3297 5526 3450 5578 αὐτοὶ
3487 5527 3611 5596 βού-

2034 5613 2243 5667 λονται.
2279 5613 2375 5674 Τίς
2408 5610 2501 5664 οῦν
2524 5614 2653 5679 ἡμῖν
2685 5613 2839 5666 ἔσται
2863 5615 2999 5684 πρὸς
3028 5615 3119 5668 τὸν
3152 5610 3284 5667 Θέδν
3316 5617 3608 5687 ἀπολογία,

2037 5708 2105 5758 τὰ
2145 5706 2245 5773 μὲν
2295 5708 2448 5756 κοινὰ
2497 5708 2590 5756 καὶ
2628 5708 2832 5772 συνήθη
2869 5709 3329 5776 παραιτουμένοις
3364 5750 3377 5773 ,
3422 5712 3504 5765 ὅτι
3557 5713 3614 5766 δὲ

2038 5804 2263 5867 Λατῖνος
2290 5802 2421 5871 ἡμῖν
2446 5802 2470 5852 ό
2500 5801 2643 5854 δ;ῖνα
2681 5801 2981 5870 προσφέρει
3035 5801 3128 5854 τοῦ
3158 5805 3427 5874 μακαρίου
3456 5808 3614 5874 ῥῆσιν
