  <div class='ocr_page' id='page_1' title='image "/cluster/home/n/w/nwhite01/storage/ocr_20150623/160/mdp.39015078384693/367.png"; bbox 0 0 4118 6280; ppageno 0'>
   <div class='ocr_carea' id='block_1_1' title="bbox 468 303 581 366">
    <p class='ocr_par' dir='ltr' id='par_1_1' title="bbox 468 303 581 366">
     <span class='ocr_line' id='line_1_1' title="bbox 468 303 581 366; baseline -0.009 -1"><span class='ocrx_word' id='word_1_1' title='bbox 468 303 581 366; x_wconf 75' lang='lat'>719</span> 
     </span>
    </p>
   </div>
   <div class='ocr_carea' id='block_1_2' title="bbox 1580 292 2639 359">
    <p class='ocr_par' dir='ltr' id='par_1_2' title="bbox 1580 292 2639 359">
     <span class='ocr_line' id='line_1_2' title="bbox 1580 292 2639 359; baseline 0.004 -5"><span class='ocrx_word' id='word_1_2' title='bbox 1580 302 1625 354; x_wconf 73' lang='grc' dir='ltr'>υ</span> <span class='ocrx_word' id='word_1_3' title='bbox 1639 301 1725 356; x_wconf 76' lang='grc' dir='ltr'>ΕΝ</span> <span class='ocrx_word' id='word_1_4' title='bbox 1739 302 1781 355; x_wconf 82' lang='grc' dir='ltr'><strong>Ν</strong></span> <span class='ocrx_word' id='word_1_5' title='bbox 1796 301 1835 353; x_wconf 78' lang='grc' dir='ltr'>Α</span> <span class='ocrx_word' id='word_1_6' title='bbox 1849 299 1949 355; x_wconf 85' lang='lat' dir='ltr'>Dll</span> <span class='ocrx_word' id='word_1_7' title='bbox 1979 297 2087 355; x_wconf 70' lang='lat' dir='ltr'>UP.</span> <span class='ocrx_word' id='word_1_8' title='bbox 2132 292 2639 359; x_wconf 69' lang='lat' dir='ltr'>I’ATHIARCILE</span> 
     </span>
    </p>
   </div>
   <div class='ocr_carea' id='block_1_3' title="bbox 3631 296 3740 359">
    <p class='ocr_par' dir='ltr' id='par_1_3' title="bbox 3631 296 3740 359">
     <span class='ocr_line' id='line_1_3' title="bbox 3631 296 3740 359; baseline -0.037 0"><span class='ocrx_word' id='word_1_9' title='bbox 3631 296 3740 359; x_wconf 77' lang='lat'>720</span> 
     </span>
    </p>
   </div>
   <div class='ocr_carea' id='block_1_4' title="bbox 468 414 3738 495">
    <p class='ocr_par' dir='ltr' id='par_1_4' title="bbox 468 414 3738 495">
     <span class='ocr_line' id='line_1_4' title="bbox 468 414 3738 495; baseline -0.002 -22"><span class='ocrx_word' id='word_1_10' title='bbox 468 418 850 495; x_wconf 55' lang='lat' dir='ltr'>ﬁbyouotfvou</span> <span class='ocrx_word' id='word_1_11' title='bbox 875 414 950 486; x_wconf 82' lang='grc' dir='ltr'>τῷ</span> <span class='ocrx_word' id='word_1_12' title='bbox 978 415 1344 486; x_wconf 75' lang='grc' dir='ltr'>προσφέροντι</span> <span class='ocrx_word' id='word_1_13' title='bbox 1382 414 1658 468; x_wconf 74' lang='grc' dir='ltr'>πιστεύειν</span> <span class='ocrx_word' id='word_1_14' title='bbox 1692 414 2061 478; x_wconf 75' lang='grc' dir='ltr'>ἀνεξετάστως</span> <span class='ocrx_word' id='word_1_15' title='bbox 2091 415 2139 473; x_wconf 77' lang='grc' dir='ltr'><strong>Α</strong></span> <span class='ocrx_word' id='word_1_16' title='bbox 2168 417 2234 469; x_wconf 82' lang='grc' dir='ltr'>ἂν</span> <span class='ocrx_word' id='word_1_17' title='bbox 2262 416 2370 471; x_wconf 81' lang='grc' dir='ltr'>ἔδει</span> <span class='ocrx_word' id='word_1_18' title='bbox 2409 419 2536 480; x_wconf 82' lang='grc' dir='ltr'>τοὺς</span> <span class='ocrx_word' id='word_1_19' title='bbox 2570 417 2665 471; x_wconf 88' lang='grc' dir='ltr'>νῦν</span> <span class='ocrx_word' id='word_1_20' title='bbox 2688 415 2932 488; x_wconf 78' lang='grc' dir='ltr'>ἔχοντας,</span> <span class='ocrx_word' id='word_1_21' title='bbox 2972 416 3067 470; x_wconf 68' lang='grc' dir='ltr'>καὶ</span> <span class='ocrx_word' id='word_1_22' title='bbox 3103 416 3360 488; x_wconf 86' lang='grc' dir='ltr'>γνησίους</span> <span class='ocrx_word' id='word_1_23' title='bbox 3399 415 3499 485; x_wconf 84' lang='grc' dir='ltr'>τῆς</span> <span class='ocrx_word' id='word_1_24' title='bbox 3534 416 3738 487; x_wconf 77' lang='grc' dir='ltr'>μητρὸς</span> 
     </span>
    </p>
   </div>
   <div class='ocr_carea' id='block_1_5' title="bbox 474 507 2052 577">
    <p class='ocr_par' dir='ltr' id='par_1_5' title="bbox 474 507 2052 577">
     <span class='ocr_line' id='line_1_5' title="bbox 474 507 2052 577; baseline -0.003 -15"><span class='ocrx_word' id='word_1_25' title='bbox 474 513 748 564; x_wconf 77' lang='grc' dir='ltr'>ἐθέλουσιν</span> <span class='ocrx_word' id='word_1_26' title='bbox 777 508 942 563; x_wconf 83' lang='grc' dir='ltr'>αὐτοῦ</span> <span class='ocrx_word' id='word_1_27' title='bbox 978 525 1035 561; x_wconf 90' lang='grc' dir='ltr'>τε</span> <span class='ocrx_word' id='word_1_28' title='bbox 1062 508 1156 563; x_wconf 84' lang='grc' dir='ltr'>τοῦ</span> <span class='ocrx_word' id='word_1_29' title='bbox 1189 508 1419 561; x_wconf 78' lang='grc' dir='ltr'>Λατίνου</span> <span class='ocrx_word' id='word_1_30' title='bbox 1452 508 1550 577; x_wconf 82' lang='grc' dir='ltr'>τὴν</span> <span class='ocrx_word' id='word_1_31' title='bbox 1582 507 1764 576; x_wconf 70' lang='grc' dir='ltr'>βίϐλον</span> <span class='ocrx_word' id='word_1_32' title='bbox 1814 508 2052 576; x_wconf 75' lang='grc' dir='ltr'>ἔχοντος,</span> 
     </span>
    </p>
   </div>
   <div class='ocr_carea' id='block_1_6' title="bbox 473 596 2056 669">
    <p class='ocr_par' dir='ltr' id='par_1_6' title="bbox 473 596 2056 669">
     <span class='ocr_line' id='line_1_6' title="bbox 473 596 2056 669; baseline -0.002 -17"><span class='ocrx_word' id='word_1_33' title='bbox 473 600 574 669; x_wconf 80' lang='grc' dir='ltr'>οὐχ</span> <span class='ocrx_word' id='word_1_34' title='bbox 601 599 781 668; x_wconf 75' lang='grc' dir='ltr'>ἡμῶν,</span> <span class='ocrx_word' id='word_1_35' title='bbox 822 598 986 651; x_wconf 88' lang='grc' dir='ltr'>αὐτοῦ</span> <span class='ocrx_word' id='word_1_36' title='bbox 1015 598 1216 668; x_wconf 84' lang='grc' dir='ltr'>ταύτην</span> <span class='ocrx_word' id='word_1_37' title='bbox 1247 596 1615 669; x_wconf 75' lang='grc' dir='ltr'>ἐξηγουμένου</span> <span class='ocrx_word' id='word_1_38' title='bbox 1664 600 1758 652; x_wconf 74' lang='grc' dir='ltr'>καὶ</span> <span class='ocrx_word' id='word_1_39' title='bbox 1802 596 1899 667; x_wconf 82' lang='grc' dir='ltr'>τὴν</span> <span class='ocrx_word' id='word_1_40' title='bbox 1930 600 2056 668; x_wconf 78' lang='grc' dir='ltr'>ἐξή-</span> 
     </span>
    </p>
   </div>
   <div class='ocr_carea' id='block_1_7' title="bbox 474 691 2056 761">
    <p class='ocr_par' dir='ltr' id='par_1_7' title="bbox 474 691 2056 761">
     <span class='ocr_line' id='line_1_7' title="bbox 474 691 2056 761; baseline -0.002 -17"><span class='ocrx_word' id='word_1_41' title='bbox 474 711 635 761; x_wconf 87' lang='grc' dir='ltr'>γησιν</span> <span class='ocrx_word' id='word_1_42' title='bbox 664 691 1081 760; x_wconf 80' lang='grc' dir='ltr'>δοκιμάζοντος,</span> <span class='ocrx_word' id='word_1_43' title='bbox 1136 693 1230 745; x_wconf 66' lang='grc' dir='ltr'>καὶ</span> <span class='ocrx_word' id='word_1_44' title='bbox 1278 692 1390 743; x_wconf 88' lang='grc' dir='ltr'>τῶν</span> <span class='ocrx_word' id='word_1_45' title='bbox 1444 693 1794 761; x_wconf 75' lang='grc' dir='ltr'>πραγμάτων</span> <span class='ocrx_word' id='word_1_46' title='bbox 1835 692 1896 743; x_wconf 86' lang='grc' dir='ltr'>οὺ</span> <span class='ocrx_word' id='word_1_47' title='bbox 1926 706 2056 742; x_wconf 83' lang='grc' dir='ltr'>συν-</span> 
     </span>
    </p>
   </div>
   <div class='ocr_carea' id='block_1_8' title="bbox 473 776 2055 854">
    <p class='ocr_par' dir='ltr' id='par_1_8' title="bbox 473 776 2055 854">
     <span class='ocr_line' id='line_1_8' title="bbox 473 776 2055 854; baseline -0.001 -18"><span class='ocrx_word' id='word_1_48' title='bbox 473 785 819 854; x_wconf 65' lang='grc' dir='ltr'>ηγορούντων</span> <span class='ocrx_word' id='word_1_49' title='bbox 850 784 1105 838; x_wconf 82' lang='grc' dir='ltr'>ἁπάντων</span> <span class='ocrx_word' id='word_1_50' title='bbox 1127 825 1143 849; x_wconf 89' lang='grc'>,</span> <span class='ocrx_word' id='word_1_51' title='bbox 1175 783 1605 851; x_wconf 71' lang='grc' dir='ltr'>ἐναντιουμένων</span> <span class='ocrx_word' id='word_1_52' title='bbox 1642 783 1739 850; x_wconf 82' lang='grc' dir='ltr'>μὲν</span> <span class='ocrx_word' id='word_1_53' title='bbox 1781 776 1896 846; x_wconf 82' lang='grc' dir='ltr'>οὖν,</span> <span class='ocrx_word' id='word_1_54' title='bbox 1929 798 2055 834; x_wconf 67' lang='grc' dir='ltr'>σκοο</span> 
     </span>
    </p>
   </div>
   <div class='ocr_carea' id='block_1_9' title="bbox 476 875 2051 947">
    <p class='ocr_par' dir='ltr' id='par_1_9' title="bbox 476 875 2051 947">
     <span class='ocr_line' id='line_1_9' title="bbox 476 875 2051 947; baseline -0.001 -18"><span class='ocrx_word' id='word_1_55' title='bbox 476 878 644 930; x_wconf 78' lang='grc' dir='ltr'>πείτω</span> <span class='ocrx_word' id='word_1_56' title='bbox 670 877 781 930; x_wconf 71' lang='grc' dir='ltr'>τδν“</span> <span class='ocrx_word' id='word_1_57' title='bbox 797 877 957 944; x_wconf 86' lang='grc' dir='ltr'>λόγον</span> <span class='ocrx_word' id='word_1_58' title='bbox 1001 878 1110 940; x_wconf 84' lang='grc' dir='ltr'>πᾶς</span> <span class='ocrx_word' id='word_1_59' title='bbox 1161 879 1191 930; x_wconf 86' lang='grc' dir='ltr'>ὁ</span> <span class='ocrx_word' id='word_1_60' title='bbox 1225 876 1468 941; x_wconf 78' lang='grc' dir='ltr'>δικάζειν</span> <span class='ocrx_word' id='word_1_61' title='bbox 1500 875 1679 947; x_wconf 80' lang='grc' dir='ltr'>ὀρθῶς</span> <span class='ocrx_word' id='word_1_62' title='bbox 1712 875 2051 945; x_wconf 84' lang='grc' dir='ltr'>βουλόμενος.</span> 
     </span>
    </p>
   </div>
   <div class='ocr_carea' id='block_1_10' title="bbox 555 964 2056 1037">
    <p class='ocr_par' dir='ltr' id='par_1_10' title="bbox 555 964 2056 1037">
     <span class='ocr_line' id='line_1_10' title="bbox 555 964 2056 1037; baseline -0.001 -16"><span class='ocrx_word' id='word_1_63' title='bbox 555 968 679 1021; x_wconf 75' lang='grc' dir='ltr'>Ἐπὶ</span> <span class='ocrx_word' id='word_1_64' title='bbox 726 966 908 1020; x_wconf 77' lang='grc' dir='ltr'>τοίνυν</span> <span class='ocrx_word' id='word_1_65' title='bbox 945 971 1202 1020; x_wconf 72' lang='grc' dir='ltr'>τοιούτων</span> <span class='ocrx_word' id='word_1_66' title='bbox 1255 966 1524 1037; x_wconf 88' lang='grc' dir='ltr'>θεμελίων</span> <span class='ocrx_word' id='word_1_67' title='bbox 1568 966 1665 1037; x_wconf 82' lang='grc' dir='ltr'>τὴν</span> <span class='ocrx_word' id='word_1_68' title='bbox 1708 966 1847 1036; x_wconf 79' lang='grc' dir='ltr'>πρὸς</span> <span class='ocrx_word' id='word_1_69' title='bbox 1891 964 2056 1019; x_wconf 84' lang='grc' dir='ltr'>Λατί-</span> 
     </span>
    </p>
   </div>
   <div class='ocr_carea' id='block_1_11' title="bbox 473 1056 2055 1129">
    <p class='ocr_par' dir='ltr' id='par_1_11' title="bbox 473 1056 2055 1129">
     <span class='ocr_line' id='line_1_11' title="bbox 473 1056 2055 1129; baseline -0.003 -16"><span class='ocrx_word' id='word_1_70' title='bbox 473 1078 598 1123; x_wconf 83' lang='grc' dir='ltr'>νους</span> <span class='ocrx_word' id='word_1_71' title='bbox 655 1061 849 1113; x_wconf 76' lang='grc' dir='ltr'>ἕνωσιν</span> <span class='ocrx_word' id='word_1_72' title='bbox 894 1059 1054 1129; x_wconf 81' lang='grc' dir='ltr'>εἴπερ</span> <span class='ocrx_word' id='word_1_73' title='bbox 1098 1059 1300 1129; x_wconf 85' lang='grc' dir='ltr'>ίδρύειν</span> <span class='ocrx_word' id='word_1_74' title='bbox 1345 1057 1680 1127; x_wconf 79' lang='grc' dir='ltr'>ἐϐουλόμεθα</span> <span class='ocrx_word' id='word_1_75' title='bbox 1714 1057 1937 1120; x_wconf 84' lang='grc' dir='ltr'>πάντες,</span> <span class='ocrx_word' id='word_1_76' title='bbox 1964 1056 2055 1119; x_wconf 75' lang='grc' dir='ltr'>,τίς</span> 
     </span>
    </p>
   </div>
   <div class='ocr_carea' id='block_1_12' title="bbox 473 1143 2053 1221">
    <p class='ocr_par' dir='ltr' id='par_1_12' title="bbox 473 1143 2053 1221">
     <span class='ocr_line' id='line_1_12' title="bbox 473 1143 2053 1221; baseline -0.004 -17"><span class='ocrx_word' id='word_1_77' title='bbox 473 1153 541 1204; x_wconf 79' lang='grc' dir='ltr'>ἂν</span> <span class='ocrx_word' id='word_1_78' title='bbox 592 1151 740 1221; x_wconf 82' lang='grc' dir='ltr'>ἡμᾶς</span> <span class='ocrx_word' id='word_1_79' title='bbox 774 1149 1011 1217; x_wconf 79' lang='grc' dir='ltr'>ἐξείλετο</span> <span class='ocrx_word' id='word_1_80' title='bbox 1064 1148 1222 1216; x_wconf 79' lang='grc' dir='ltr'>λόγος</span> <span class='ocrx_word' id='word_1_81' title='bbox 1253 1148 1345 1201; x_wconf 86' lang='grc' dir='ltr'>τοῦ</span> <span class='ocrx_word' id='word_1_82' title='bbox 1406 1147 1481 1218; x_wconf 83' lang='grc' dir='ltr'>μὴ</span> <span class='ocrx_word' id='word_1_83' title='bbox 1526 1146 1863 1219; x_wconf 83' lang='grc' dir='ltr'>μητραλοίας</span> <span class='ocrx_word' id='word_1_84' title='bbox 1915 1143 2053 1199; x_wconf 77' lang='grc' dir='ltr'>εἶναι</span> 
     </span>
    </p>
   </div>
   <div class='ocr_carea' id='block_1_13' title="bbox 471 1237 2055 1310">
    <p class='ocr_par' dir='ltr' id='par_1_13' title="bbox 471 1237 2055 1310">
     <span class='ocr_line' id='line_1_13' title="bbox 471 1237 2055 1310; baseline -0.002 -17"><span class='ocrx_word' id='word_1_85' title='bbox 471 1243 651 1296; x_wconf 78' lang='grc' dir='ltr'>δοκεῖν</span> <span class='ocrx_word' id='word_1_86' title='bbox 677 1242 771 1295; x_wconf 72' lang='grc' dir='ltr'>καὶ</span> <span class='ocrx_word' id='word_1_87' title='bbox 798 1240 1036 1308; x_wconf 77' lang='grc' dir='ltr'>φαύλους</span> <span class='ocrx_word' id='word_1_88' title='bbox 1062 1242 1393 1310; x_wconf 69' lang='grc' dir='ltr'>ἐπιτρόπους</span> <span class='ocrx_word' id='word_1_89' title='bbox 1426 1241 1538 1302; x_wconf 83' lang='grc' dir='ltr'>τοῖς</span> <span class='ocrx_word' id='word_1_90' title='bbox 1590 1238 1713 1307; x_wconf 86' lang='grc' dir='ltr'>μεθ’</span> <span class='ocrx_word' id='word_1_91' title='bbox 1747 1240 1915 1309; x_wconf 72' lang='grc' dir='ltr'>ἡμᾶς,</span> <span class='ocrx_word' id='word_1_92' title='bbox 1957 1237 2055 1290; x_wconf 80' lang='grc' dir='ltr'>καὶ</span> 
     </span>
    </p>
   </div>
   <div class='ocr_carea' id='block_1_14' title="bbox 474 1329 2053 1403">
    <p class='ocr_par' dir='ltr' id='par_1_14' title="bbox 474 1329 2053 1403">
     <span class='ocr_line' id='line_1_14' title="bbox 474 1329 2053 1403; baseline -0.002 -17"><span class='ocrx_word' id='word_1_93' title='bbox 474 1335 584 1395; x_wconf 80' lang='grc' dir='ltr'>τοῖς</span> <span class='ocrx_word' id='word_1_94' title='bbox 619 1334 752 1402; x_wconf 84' lang='grc' dir='ltr'>ἡμῖν</span> <span class='ocrx_word' id='word_1_95' title='bbox 788 1329 882 1384; x_wconf 86' lang='grc' dir='ltr'>νῦν</span> <span class='ocrx_word' id='word_1_96' title='bbox 920 1331 1274 1403; x_wconf 80' lang='grc' dir='ltr'>προσέχουσι,</span> <span class='ocrx_word' id='word_1_97' title='bbox 1315 1330 1412 1400; x_wconf 84' lang='grc' dir='ltr'>τῆς</span> <span class='ocrx_word' id='word_1_98' title='bbox 1442 1330 1573 1399; x_wconf 84' lang='grc' dir='ltr'>ἡμῖν</span> <span class='ocrx_word' id='word_1_99' title='bbox 1610 1329 2053 1399; x_wconf 80' lang='grc' dir='ltr'>παραδεδομένης</span> 
     </span>
    </p>
   </div>
   <div class='ocr_carea' id='block_1_15' title="bbox 473 1418 2054 1490">
    <p class='ocr_par' dir='ltr' id='par_1_15' title="bbox 473 1418 2054 1490">
     <span class='ocr_line' id='line_1_15' title="bbox 473 1418 2054 1490; baseline -0.004 -13"><span class='ocrx_word' id='word_1_100' title='bbox 473 1425 711 1486; x_wconf 87' lang='grc' dir='ltr'>πίστεως</span> <span class='ocrx_word' id='word_1_101' title='bbox 743 1422 1028 1490; x_wconf 86' lang='grc' dir='ltr'>γίνεσθαι;</span> <span class='ocrx_word' id='word_1_102' title='bbox 1088 1421 1224 1473; x_wconf 82' lang='grc' dir='ltr'>ὅπου</span> <span class='ocrx_word' id='word_1_103' title='bbox 1259 1436 1324 1488; x_wconf 86' lang='grc' dir='ltr'>γε</span> <span class='ocrx_word' id='word_1_104' title='bbox 1380 1422 1473 1473; x_wconf 79' lang='grc' dir='ltr'>καὶ</span> <span class='ocrx_word' id='word_1_105' title='bbox 1507 1418 1706 1489; x_wconf 83' lang='grc' dir='ltr'>θνητοῦ</span> <span class='ocrx_word' id='word_1_106' title='bbox 1735 1437 1879 1482; x_wconf 89' lang='grc' dir='ltr'>τινος</span> <span class='ocrx_word' id='word_1_107' title='bbox 1933 1422 2054 1473; x_wconf 75' lang='grc' dir='ltr'>ἑπι-</span> 
     </span>
    </p>
   </div>
   <div class='ocr_carea' id='block_1_16' title="bbox 473 1506 2054 1583">
    <p class='ocr_par' dir='ltr' id='par_1_16' title="bbox 473 1506 2054 1583">
     <span class='ocr_line' id='line_1_16' title="bbox 473 1506 2054 1583; baseline -0.004 -17"><span class='ocrx_word' id='word_1_108' title='bbox 473 1512 881 1583; x_wconf 84' lang='grc' dir='ltr'>τροπεύσαντος</span> <span class='ocrx_word' id='word_1_109' title='bbox 912 1512 1238 1580; x_wconf 87' lang='grc' dir='ltr'>πράγματος</span> <span class='ocrx_word' id='word_1_110' title='bbox 1270 1507 1416 1562; x_wconf 75' lang='grc' dir='ltr'>οὕτω</span> <span class='ocrx_word' id='word_1_111' title='bbox 1451 1510 1658 1573; x_wconf 82' lang='grc' dir='ltr'>κακῶς,</span> <span class='ocrx_word' id='word_1_112' title='bbox 1694 1508 1961 1578; x_wconf 81' lang='grc' dir='ltr'>ὲμέλομεν</span> <span class='ocrx_word' id='word_1_113' title='bbox 1986 1506 2054 1561; x_wconf 86' lang='grc' dir='ltr'>ἂν</span> 
     </span>
    </p>
   </div>
   <div class='ocr_carea' id='block_1_17' title="bbox 473 1600 2052 1677">
    <p class='ocr_par' dir='ltr' id='par_1_17' title="bbox 473 1600 2052 1677">
     <span class='ocr_line' id='line_1_17' title="bbox 473 1600 2052 1677; baseline -0.004 -18"><span class='ocrx_word' id='word_1_114' title='bbox 473 1607 585 1668; x_wconf 73' lang='grc' dir='ltr'>τοῖς</span> <span class='ocrx_word' id='word_1_115' title='bbox 624 1606 754 1677; x_wconf 76' lang='grc' dir='ltr'>περὶ</span> <span class='ocrx_word' id='word_1_116' title='bbox 778 1606 985 1658; x_wconf 80' lang='grc' dir='ltr'>τούτων</span> <span class='ocrx_word' id='word_1_117' title='bbox 1011 1602 1219 1670; x_wconf 89' lang='grc' dir='ltr'>νόμοις,</span> <span class='ocrx_word' id='word_1_118' title='bbox 1242 1604 1337 1655; x_wconf 71' lang='grc' dir='ltr'>καὶ</span> <span class='ocrx_word' id='word_1_119' title='bbox 1367 1604 1484 1664; x_wconf 87' lang='grc' dir='ltr'>ταῖς</span> <span class='ocrx_word' id='word_1_120' title='bbox 1508 1601 1620 1655; x_wconf 88' lang='grc' dir='ltr'>τῶν</span> <span class='ocrx_word' id='word_1_121' title='bbox 1652 1600 1778 1654; x_wconf 92' lang='grc' dir='ltr'>νοῦν</span> <span class='ocrx_word' id='word_1_122' title='bbox 1814 1600 2052 1672; x_wconf 77' lang='grc' dir='ltr'>ἐχόντων</span> 
     </span>
    </p>
   </div>
   <div class='ocr_carea' id='block_1_18' title="bbox 2160 498 3740 583">
    <p class='ocr_par' dir='ltr' id='par_1_18' title="bbox 2160 498 3740 583">
     <span class='ocr_line' id='line_1_18' title="bbox 2160 498 3740 583; baseline 0.002 -20"><span class='ocrx_word' id='word_1_123' title='bbox 2160 510 2320 577; x_wconf 87' lang='grc' dir='ltr'>ἡμῶν</span> <span class='ocrx_word' id='word_1_124' title='bbox 2347 511 2449 580; x_wconf 83' lang='grc' dir='ltr'>τῆς</span> <span class='ocrx_word' id='word_1_125' title='bbox 2488 511 2815 580; x_wconf 87' lang='grc' dir='ltr'>Ἐκκλησίας</span> <span class='ocrx_word' id='word_1_126' title='bbox 2847 512 2996 575; x_wconf 75' lang='grc' dir='ltr'>υἱοὺς</span> <span class='ocrx_word' id='word_1_127' title='bbox 3026 498 3230 582; x_wconf 71' lang='grc' dir='ltr'>λήρους</span> <span class='ocrx_word' id='word_1_128' title='bbox 3281 513 3432 582; x_wconf 84' lang='grc' dir='ltr'>ἡμᾶς</span> <span class='ocrx_word' id='word_1_129' title='bbox 3486 513 3740 583; x_wconf 80' lang='grc' dir='ltr'>ἡγεῖσθαι</span> 
     </span>
    </p>
   </div>
   <div class='ocr_carea' id='block_1_19' title="bbox 2161 602 3741 673">
    <p class='ocr_par' dir='ltr' id='par_1_19' title="bbox 2161 602 3741 673">
     <span class='ocr_line' id='line_1_19' title="bbox 2161 602 3741 673; baseline 0.001 -19"><span class='ocrx_word' id='word_1_130' title='bbox 2161 603 2257 654; x_wconf 59' lang='grc' dir='ltr'>καί⁵</span> <span class='ocrx_word' id='word_1_131' title='bbox 2290 603 2627 673; x_wconf 80' lang='grc' dir='ltr'>μητραλοίας</span> <span class='ocrx_word' id='word_1_132' title='bbox 2648 608 2677 669; x_wconf 78' lang='grc' dir='ltr'>ς’</span> <span class='ocrx_word' id='word_1_133' title='bbox 2694 603 2819 667; x_wconf 88' lang='grc' dir='ltr'>Πῶς</span> <span class='ocrx_word' id='word_1_134' title='bbox 2845 602 2902 656; x_wconf 77' lang='grc' dir='ltr'>δὲ</span> <span class='ocrx_word' id='word_1_135' title='bbox 2926 603 3021 656; x_wconf 76' lang='grc' dir='ltr'>καὶ</span> <span class='ocrx_word' id='word_1_136' title='bbox 3047 603 3109 656; x_wconf 82' lang='grc' dir='ltr'>οῦ</span> <span class='ocrx_word' id='word_1_137' title='bbox 3133 603 3559 673; x_wconf 86' lang='grc' dir='ltr'>κατακρινοῦσιν</span> <span class='ocrx_word' id='word_1_138' title='bbox 3592 604 3741 673; x_wconf 77' lang='grc' dir='ltr'>ἡμᾶς</span> 
     </span>
    </p>
   </div>
   <div class='ocr_carea' id='block_1_20' title="bbox 2158 692 3740 766">
    <p class='ocr_par' dir='ltr' id='par_1_20' title="bbox 2158 692 3740 766">
     <span class='ocr_line' id='line_1_20' title="bbox 2158 692 3740 766; baseline 0 -20"><span class='ocrx_word' id='word_1_139' title='bbox 2158 694 2214 746; x_wconf 72' lang='lat' dir='ltr'><strong><em>al</em></strong></span> <span class='ocrx_word' id='word_1_140' title='bbox 2260 692 2548 753; x_wconf 79' lang='grc' dir='ltr'>σύμπασαι</span> <span class='ocrx_word' id='word_1_141' title='bbox 2597 697 2786 761; x_wconf 74' lang='grc' dir='ltr'>γενεαὶ</span> <span class='ocrx_word' id='word_1_142' title='bbox 2839 696 2982 748; x_wconf 80' lang='grc' dir='ltr'>κατὰ</span> <span class='ocrx_word' id='word_1_143' title='bbox 3021 696 3123 766; x_wconf 82' lang='grc' dir='ltr'>τὴν</span> <span class='ocrx_word' id='word_1_144' title='bbox 3167 693 3472 764; x_wconf 80' lang='grc' dir='ltr'>μέλλουσαν</span> <span class='ocrx_word' id='word_1_145' title='bbox 3522 695 3740 765; x_wconf 78' lang='grc' dir='ltr'>κρίσιν,</span> 
     </span>
    </p>
   </div>
   <div class='ocr_carea' id='block_1_21' title="bbox 2159 775 3742 857">
    <p class='ocr_par' dir='ltr' id='par_1_21' title="bbox 2159 775 3742 857">
     <span class='ocr_line' id='line_1_21' title="bbox 2159 775 3742 857; baseline 0.001 -20"><span class='ocrx_word' id='word_1_146' title='bbox 2159 784 2253 837; x_wconf 77' lang='grc' dir='ltr'>ἐπὶ</span> <span class='ocrx_word' id='word_1_147' title='bbox 2275 786 2376 855; x_wconf 81' lang='grc' dir='ltr'>τῆς</span> <span class='ocrx_word' id='word_1_148' title='bbox 2403 785 2616 856; x_wconf 80' lang='grc' dir='ltr'>πλάνης</span> <span class='ocrx_word' id='word_1_149' title='bbox 2648 787 2812 840; x_wconf 83' lang='grc' dir='ltr'>αὐταὶ</span> <span class='ocrx_word' id='word_1_150' title='bbox 2852 788 3134 857; x_wconf 81' lang='grc' dir='ltr'>μένουσαι,</span> <span class='ocrx_word' id='word_1_151' title='bbox 3168 785 3295 848; x_wconf 80' lang='grc' dir='ltr'>τοὺς</span> <span class='ocrx_word' id='word_1_152' title='bbox 3340 785 3451 839; x_wconf 83' lang='grc' dir='ltr'>άπδ</span> <span class='ocrx_word' id='word_1_153' title='bbox 3481 787 3579 854; x_wconf 74' lang='grc' dir='ltr'>τῆς</span> <span class='ocrx_word' id='word_1_154' title='bbox 3606 775 3742 856; x_wconf 83' lang='grc' dir='ltr'>άλη-</span> 
     </span>
    </p>
   </div>
   <div class='ocr_carea' id='block_1_22' title="bbox 2159 860 3742 948">
    <p class='ocr_par' dir='ltr' id='par_1_22' title="bbox 2159 860 3742 948">
     <span class='ocr_line' id='line_1_22' title="bbox 2159 860 3742 948; baseline 0.001 -18"><span class='ocrx_word' id='word_1_155' title='bbox 2159 860 2313 939; x_wconf 86' lang='grc' dir='ltr'>θείας</span> <span class='ocrx_word' id='word_1_156' title='bbox 2360 876 2783 947; x_wconf 78' lang='grc' dir='ltr'>σαλευομένους,</span> <span class='ocrx_word' id='word_1_157' title='bbox 2826 879 2903 942; x_wconf 86' lang='grc' dir='ltr'>ὡς</span> <span class='ocrx_word' id='word_1_158' title='bbox 2938 877 3072 931; x_wconf 76' lang='grc' dir='ltr'>ἔνιοι</span> <span class='ocrx_word' id='word_1_159' title='bbox 3119 876 3402 948; x_wconf 83' lang='grc' dir='ltr'>βούλονται</span> <span class='ocrx_word' id='word_1_160' title='bbox 3450 879 3543 931; x_wconf 73' lang='grc' dir='ltr'>καὶ</span> <span class='ocrx_word' id='word_1_161' title='bbox 3573 894 3742 931; x_wconf 87' lang='grc' dir='ltr'>κατα-</span> 
     </span>
    </p>
   </div>
   <div class='ocr_carea' id='block_1_23' title="bbox 2160 966 3743 1039">
    <p class='ocr_par' dir='ltr' id='par_1_23' title="bbox 2160 966 3743 1039">
     <span class='ocr_line' id='line_1_23' title="bbox 2160 966 3743 1039; baseline 0.001 -19"><span class='ocrx_word' id='word_1_162' title='bbox 2160 966 2564 1034; x_wconf 82' lang='grc' dir='ltr'>ναγκάζουσιν;</span> <span class='ocrx_word' id='word_1_163' title='bbox 2606 967 2801 1039; x_wconf 80' lang='grc' dir='ltr'>Ἡμεῖς</span> <span class='ocrx_word' id='word_1_164' title='bbox 2834 967 2890 1021; x_wconf 81' lang='grc' dir='ltr'>δὲ</span> <span class='ocrx_word' id='word_1_165' title='bbox 2922 967 3046 1021; x_wconf 78' lang='grc' dir='ltr'>οὐδὲ</span> <span class='ocrx_word' id='word_1_166' title='bbox 3098 970 3165 1038; x_wconf 75' lang='grc' dir='ltr'>τῇ</span> <span class='ocrx_word' id='word_1_167' title='bbox 3201 968 3589 1037; x_wconf 77' lang='grc' dir='ltr'>κεχωρισμένῃ</span> <span class='ocrx_word' id='word_1_168' title='bbox 3631 967 3743 1021; x_wconf 87' lang='grc' dir='ltr'>τῶν</span> 
     </span>
    </p>
   </div>
   <div class='ocr_carea' id='block_1_24' title="bbox 2156 1056 3743 1130">
    <p class='ocr_par' dir='ltr' id='par_1_24' title="bbox 2156 1056 3743 1130">
     <span class='ocr_line' id='line_1_24' title="bbox 2156 1056 3743 1130; baseline 0.001 -19"><span class='ocrx_word' id='word_1_169' title='bbox 2156 1056 2441 1127; x_wconf 75' lang='grc' dir='ltr'>ἡμετέρων</span> <span class='ocrx_word' id='word_1_170' title='bbox 2493 1060 2724 1113; x_wconf 76' lang='grc' dir='ltr'>ἑκάστου</span> <span class='ocrx_word' id='word_1_171' title='bbox 2781 1059 3042 1130; x_wconf 88' lang='grc' dir='ltr'>Πατέρων</span> <span class='ocrx_word' id='word_1_172' title='bbox 3094 1059 3449 1127; x_wconf 80' lang='grc' dir='ltr'>ὲπερείδομεν</span> <span class='ocrx_word' id='word_1_173' title='bbox 3515 1059 3743 1130; x_wconf 89' lang='grc' dir='ltr'>κρίσει,</span> 
     </span>
    </p>
   </div>
   <div class='ocr_carea' id='block_1_25' title="bbox 2156 1148 3735 1224">
    <p class='ocr_par' dir='ltr' id='par_1_25' title="bbox 2156 1148 3735 1224">
     <span class='ocr_line' id='line_1_25' title="bbox 2156 1148 3735 1224; baseline 0.002 -22"><span class='ocrx_word' id='word_1_174' title='bbox 2156 1148 2297 1202; x_wconf 83' lang='grc' dir='ltr'>ἀλλὰ</span> <span class='ocrx_word' id='word_1_175' title='bbox 2329 1149 2422 1203; x_wconf 75' lang='grc' dir='ltr'>καὶ</span> <span class='ocrx_word' id='word_1_176' title='bbox 2453 1150 2519 1218; x_wconf 75' lang='grc' dir='ltr'>ἣν</span> <span class='ocrx_word' id='word_1_177' title='bbox 2551 1148 2689 1220; x_wconf 78' lang='grc' dir='ltr'>ὁμοῦ</span> <span class='ocrx_word' id='word_1_178' title='bbox 2722 1148 2985 1214; x_wconf 79' lang='grc' dir='ltr'>πολλάκις</span> <span class='ocrx_word' id='word_1_179' title='bbox 3013 1150 3360 1214; x_wconf 80' lang='grc' dir='ltr'>συνελθόντες</span> <span class='ocrx_word' id='word_1_180' title='bbox 3388 1154 3735 1224; x_wconf 76' lang='grc' dir='ltr'>πεποίηνται.</span> 
     </span>
    </p>
   </div>
   <div class='ocr_carea' id='block_1_26' title="bbox 2160 1241 3744 1314">
    <p class='ocr_par' dir='ltr' id='par_1_26' title="bbox 2160 1241 3744 1314">
     <span class='ocr_line' id='line_1_26' title="bbox 2160 1241 3744 1314; baseline 0.002 -22"><span class='ocrx_word' id='word_1_181' title='bbox 2160 1241 2443 1311; x_wconf 86' lang='grc' dir='ltr'>Παρίεμεν</span> <span class='ocrx_word' id='word_1_182' title='bbox 2477 1242 2577 1311; x_wconf 83' lang='grc' dir='ltr'>τὴν</span> <span class='ocrx_word' id='word_1_183' title='bbox 2603 1241 2799 1311; x_wconf 81' lang='grc' dir='ltr'>ὀγδόην</span> <span class='ocrx_word' id='word_1_184' title='bbox 2836 1244 3227 1314; x_wconf 74' lang='grc' dir='ltr'>οίκουμενικὴν</span> <span class='ocrx_word' id='word_1_185' title='bbox 3267 1243 3486 1298; x_wconf 87' lang='grc' dir='ltr'>σύνοδον</span> <span class='ocrx_word' id='word_1_186' title='bbox 3514 1247 3615 1311; x_wconf 78' lang='grc' dir='ltr'>τὴν</span> <span class='ocrx_word' id='word_1_187' title='bbox 3651 1245 3744 1296; x_wconf 70' lang='grc' dir='ltr'>ἐπὶ</span> 
     </span>
    </p>
   </div>
   <div class='ocr_carea' id='block_1_27' title="bbox 2163 1332 3743 1406">
    <p class='ocr_par' dir='ltr' id='par_1_27' title="bbox 2163 1332 3743 1406">
     <span class='ocr_line' id='line_1_27' title="bbox 2163 1332 3743 1406; baseline 0.002 -21"><span class='ocrx_word' id='word_1_188' title='bbox 2163 1332 2373 1386; x_wconf 79' lang='grc' dir='ltr'>Φωτίου</span> <span class='ocrx_word' id='word_1_189' title='bbox 2404 1333 2531 1405; x_wconf 76' lang='grc' dir='ltr'>ἡτις</span> <span class='ocrx_word' id='word_1_190' title='bbox 2558 1332 2658 1402; x_wconf 79' lang='grc' dir='ltr'>τὴν</span> <span class='ocrx_word' id='word_1_191' title='bbox 2694 1334 2739 1399; x_wconf 79' lang='grc' dir='ltr'>ζ’</span> <span class='ocrx_word' id='word_1_192' title='bbox 2769 1333 3019 1405; x_wconf 76' lang='grc' dir='ltr'>ἐκύρωσε</span> <span class='ocrx_word' id='word_1_193' title='bbox 3048 1336 3191 1389; x_wconf 81' lang='grc' dir='ltr'>κατὰ</span> <span class='ocrx_word' id='word_1_194' title='bbox 3215 1335 3312 1406; x_wconf 77' lang='grc' dir='ltr'>τὴν</span> <span class='ocrx_word' id='word_1_195' title='bbox 3345 1337 3455 1391; x_wconf 88' lang='grc' dir='ltr'>τῶν</span> <span class='ocrx_word' id='word_1_196' title='bbox 3487 1337 3743 1405; x_wconf 74' lang='grc' dir='ltr'>οἰκοῦμε-</span> 
     </span>
    </p>
   </div>
   <div class='ocr_carea' id='block_1_28' title="bbox 2158 1422 3743 1499">
    <p class='ocr_par' dir='ltr' id='par_1_28' title="bbox 2158 1422 3743 1499">
     <span class='ocr_line' id='line_1_28' title="bbox 2158 1422 3743 1499; baseline 0.003 -21"><span class='ocrx_word' id='word_1_197' title='bbox 2158 1422 2331 1478; x_wconf 90' lang='grc' dir='ltr'>νικῶν</span> <span class='ocrx_word' id='word_1_198' title='bbox 2356 1425 2592 1479; x_wconf 88' lang='grc' dir='ltr'>συνόδων</span> <span class='ocrx_word' id='word_1_199' title='bbox 2625 1426 2939 1496; x_wconf 83' lang='grc' dir='ltr'>συνήθειαν,</span> <span class='ocrx_word' id='word_1_200' title='bbox 2973 1427 3069 1480; x_wconf 75' lang='grc' dir='ltr'>καὶ</span> <span class='ocrx_word' id='word_1_201' title='bbox 3117 1428 3283 1482; x_wconf 82' lang='grc' dir='ltr'>αὑτὸν</span> <span class='ocrx_word' id='word_1_202' title='bbox 3326 1428 3420 1481; x_wconf 65' lang='grc' dir='ltr'>τὸν</span> <span class='ocrx_word' id='word_1_203' title='bbox 3468 1429 3743 1499; x_wconf 84' lang='grc' dir='ltr'>μακάριον</span> 
     </span>
    </p>
   </div>
   <div class='ocr_carea' id='block_1_29' title="bbox 2154 1515 3734 1591">
    <p class='ocr_par' dir='ltr' id='par_1_29' title="bbox 2154 1515 3734 1591">
     <span class='ocr_line' id='line_1_29' title="bbox 2154 1515 3734 1591; baseline 0.003 -23"><span class='ocrx_word' id='word_1_204' title='bbox 2154 1515 2502 1585; x_wconf 82' lang='grc' dir='ltr'>άνεστὴλωσε</span> <span class='ocrx_word' id='word_1_205' title='bbox 2535 1519 2761 1582; x_wconf 78' lang='grc' dir='ltr'>Φώτιον,</span> <span class='ocrx_word' id='word_1_206' title='bbox 2800 1518 2897 1574; x_wconf 74' lang='grc' dir='ltr'>καὶ</span> <span class='ocrx_word' id='word_1_207' title='bbox 2946 1518 3128 1590; x_wconf 90' lang='grc' dir='ltr'>πάσης</span> <span class='ocrx_word' id='word_1_208' title='bbox 3184 1520 3506 1591; x_wconf 74' lang='grc' dir='ltr'>προσθήκης</span> <span class='ocrx_word' id='word_1_209' title='bbox 3532 1522 3565 1590; x_wconf 80' lang='grc' dir='ltr'><strong>ἢ</strong></span> <span class='ocrx_word' id='word_1_210' title='bbox 3595 1524 3734 1575; x_wconf 76' lang='grc' dir='ltr'>κατὶ</span> 
     </span>
    </p>
   </div>
   <div class='ocr_carea' id='block_1_30' title="bbox 2155 1606 3740 1680">
    <p class='ocr_par' dir='ltr' id='par_1_30' title="bbox 2155 1606 3740 1680">
     <span class='ocr_line' id='line_1_30' title="bbox 2155 1606 3740 1680; baseline 0.003 -20"><span class='ocrx_word' id='word_1_211' title='bbox 2155 1606 2398 1660; x_wconf 88' lang='grc' dir='ltr'>διάνοιαν</span> <span class='ocrx_word' id='word_1_212' title='bbox 2427 1608 2457 1676; x_wconf 83' lang='grc' dir='ltr'><strong>ἦ</strong></span> <span class='ocrx_word' id='word_1_213' title='bbox 2489 1609 2631 1663; x_wconf 78' lang='grc' dir='ltr'>κατὰ</span> <span class='ocrx_word' id='word_1_214' title='bbox 2668 1609 2814 1675; x_wconf 81' lang='grc' dir='ltr'>λέξιν</span> <span class='ocrx_word' id='word_1_215' title='bbox 2843 1610 3281 1680; x_wconf 71' lang='grc' dir='ltr'>κατεψηφίσατο,</span> <span class='ocrx_word' id='word_1_216' title='bbox 3313 1613 3410 1665; x_wconf 74' lang='grc' dir='ltr'>καὶ</span> <span class='ocrx_word' id='word_1_217' title='bbox 3458 1613 3586 1675; x_wconf 77' lang='grc' dir='ltr'>τοὺς</span> <span class='ocrx_word' id='word_1_218' title='bbox 3618 1612 3740 1665; x_wconf 86' lang='grc' dir='ltr'>τότε</span> 
     </span>
    </p>
   </div>
   <div class='ocr_carea' id='block_1_31' title="bbox 471 1689 3739 1773">
    <p class='ocr_par' dir='ltr' id='par_1_31' title="bbox 471 1689 3739 1773">
     <span class='ocr_line' id='line_1_31' title="bbox 471 1689 3739 1773; baseline 0.001 -17"><span class='ocrx_word' id='word_1_219' title='bbox 471 1699 775 1768; x_wconf 74' lang='grc' dir='ltr'>ἀνθρώπων</span> <span class='ocrx_word' id='word_1_220' title='bbox 809 1699 1012 1770; x_wconf 74' lang='grc' dir='ltr'>ψήφοις</span> <span class='ocrx_word' id='word_1_221' title='bbox 1047 1697 1386 1752; x_wconf 76' lang='grc' dir='ltr'>ἁλίσκεσθαι.</span> <span class='ocrx_word' id='word_1_222' title='bbox 1425 1695 1681 1758; x_wconf 72' lang='grc' dir='ltr'>Ἔπειτα.</span> <span class='ocrx_word' id='word_1_223' title='bbox 1717 1693 1768 1745; x_wconf 79' lang='grc' dir='ltr'>εῑ</span> <span class='ocrx_word' id='word_1_224' title='bbox 1819 1692 1919 1771; x_wconf 79' lang='grc' dir='ltr'>μὲν</span> <span class='ocrx_word' id='word_1_225' title='bbox 1955 1689 2051 1745; x_wconf 70' lang='grc' dir='ltr'>νῦν</span> <span class='ocrx_word' id='word_1_226' title='bbox 2084 1743 2127 1773; x_wconf 62' lang='grc' dir='ltr'>ι,</span> <span class='ocrx_word' id='word_1_227' title='bbox 2156 1702 2290 1755; x_wconf 83' lang='grc' dir='ltr'>ποτὲ</span> <span class='ocrx_word' id='word_1_228' title='bbox 2312 1701 2689 1772; x_wconf 81' lang='grc' dir='ltr'>τολμήσοντας</span> <span class='ocrx_word' id='word_1_229' title='bbox 2721 1704 2778 1756; x_wconf 79' lang='grc' dir='ltr'>ὲν</span> <span class='ocrx_word' id='word_1_230' title='bbox 2801 1702 2879 1773; x_wconf 84' lang='grc' dir='ltr'>τῷ</span> <span class='ocrx_word' id='word_1_231' title='bbox 2910 1704 3166 1773; x_wconf 84' lang='grc' dir='ltr'>συμϐόλῳ</span> <span class='ocrx_word' id='word_1_232' title='bbox 3192 1707 3385 1769; x_wconf 85' lang='grc' dir='ltr'>ποιεῖν,</span> <span class='ocrx_word' id='word_1_233' title='bbox 3415 1704 3739 1759; x_wconf 87' lang='grc' dir='ltr'>κατεδίκασε</span> 
     </span>
    </p>
   </div>
   <div class='ocr_carea' id='block_1_32' title="bbox 472 1779 2054 1862">
    <p class='ocr_par' dir='ltr' id='par_1_32' title="bbox 472 1779 2054 1862">
     <span class='ocr_line' id='line_1_32' title="bbox 472 1779 2054 1862; baseline -0.007 -16"><span class='ocrx_word' id='word_1_234' title='bbox 472 1793 689 1861; x_wconf 87' lang='grc' dir='ltr'>πρῶτον</span> <span class='ocrx_word' id='word_1_235' title='bbox 717 1793 919 1862; x_wconf 74' lang='grc' dir='ltr'>ἤρχετο</span> <span class='ocrx_word' id='word_1_236' title='bbox 960 1793 1028 1846; x_wconf 84' lang='grc' dir='ltr'>τά</span> <span class='ocrx_word' id='word_1_237' title='bbox 1066 1790 1294 1843; x_wconf 87' lang='grc' dir='ltr'>τοιαῦτα</span> <span class='ocrx_word' id='word_1_238' title='bbox 1320 1787 1625 1857; x_wconf 78' lang='grc' dir='ltr'>ζητεῖσθαι,</span> <span class='ocrx_word' id='word_1_239' title='bbox 1659 1784 1836 1846; x_wconf 87' lang='grc' dir='ltr'>καλῶς</span> <span class='ocrx_word' id='word_1_240' title='bbox 1873 1782 1939 1836; x_wconf 86' lang='grc' dir='ltr'>ἂν</span> <span class='ocrx_word' id='word_1_241' title='bbox 1975 1779 2054 1836; x_wconf 79' lang='grc' dir='ltr'>εί-</span> 
     </span>
    </p>
   </div>
   <div class='ocr_carea' id='block_1_33' title="bbox 471 1876 2052 1956">
    <p class='ocr_par' dir='ltr' id='par_1_33' title="bbox 471 1876 2052 1956">
     <span class='ocr_line' id='line_1_33' title="bbox 471 1876 2052 1956; baseline -0.006 -17"><span class='ocrx_word' id='word_1_242' title='bbox 471 1905 565 1956; x_wconf 85' lang='grc' dir='ltr'>χεν</span> <span class='ocrx_word' id='word_1_243' title='bbox 615 1888 759 1956; x_wconf 78' lang='grc' dir='ltr'>ἡμᾶς</span> <span class='ocrx_word' id='word_1_244' title='bbox 796 1883 1118 1938; x_wconf 88' lang='grc' dir='ltr'>σκοπεῖσθαι</span> <span class='ocrx_word' id='word_1_245' title='bbox 1151 1884 1266 1943; x_wconf 87' lang='grc' dir='ltr'>τοῖς</span> <span class='ocrx_word' id='word_1_246' title='bbox 1315 1880 1570 1950; x_wconf 81' lang='grc' dir='ltr'>ἀρχαίοις</span> <span class='ocrx_word' id='word_1_247' title='bbox 1616 1876 1957 1938; x_wconf 75' lang='grc' dir='ltr'>διδασκάλοις</span> <span class='ocrx_word' id='word_1_248' title='bbox 2000 1876 2052 1929; x_wconf 89' lang='grc' dir='ltr'>τί</span> 
     </span>
    </p>
   </div>
   <div class='ocr_carea' id='block_1_34' title="bbox 472 1969 2053 2052">
    <p class='ocr_par' dir='ltr' id='par_1_34' title="bbox 472 1969 2053 2052">
     <span class='ocr_line' id='line_1_34' title="bbox 472 1969 2053 2052; baseline -0.008 -17"><span class='ocrx_word' id='word_1_249' title='bbox 472 1982 600 2052; x_wconf 78' lang='grc' dir='ltr'>περὶ</span> <span class='ocrx_word' id='word_1_250' title='bbox 622 1980 830 2034; x_wconf 84' lang='grc' dir='ltr'>τούτων</span> <span class='ocrx_word' id='word_1_251' title='bbox 850 1979 1000 2035; x_wconf 86' lang='grc' dir='ltr'>δοκεῖ</span> <span class='ocrx_word' id='word_1_252' title='bbox 1026 1994 1040 2009; x_wconf 89' lang='grc'><strong>·</strong></span> <span class='ocrx_word' id='word_1_253' title='bbox 1070 1977 1165 2031; x_wconf 91' lang='grc' dir='ltr'>νῦν</span> <span class='ocrx_word' id='word_1_254' title='bbox 1190 1975 1249 2029; x_wconf 80' lang='grc' dir='ltr'>δὲ</span> <span class='ocrx_word' id='word_1_255' title='bbox 1271 1970 1650 2034; x_wconf 81' lang='grc' dir='ltr'>πεντακοσίοις</span> <span class='ocrx_word' id='word_1_256' title='bbox 1687 1970 1874 2041; x_wconf 81' lang='grc' dir='ltr'>σχεδὸν</span> <span class='ocrx_word' id='word_1_257' title='bbox 1907 1969 2053 2023; x_wconf 76' lang='grc' dir='ltr'>ἔτεσι</span> 
     </span>
    </p>
   </div>
   <div class='ocr_carea' id='block_1_35' title="bbox 469 2062 2053 2144">
    <p class='ocr_par' dir='ltr' id='par_1_35' title="bbox 469 2062 2053 2144">
     <span class='ocr_line' id='line_1_35' title="bbox 469 2062 2053 2144; baseline -0.01 -15"><span class='ocrx_word' id='word_1_258' title='bbox 469 2077 562 2130; x_wconf 84' lang='grc' dir='ltr'>τοῦ</span> <span class='ocrx_word' id='word_1_259' title='bbox 622 2068 924 2144; x_wconf 84' lang='grc' dir='ltr'>σχίσματος</span> <span class='ocrx_word' id='word_1_260' title='bbox 978 2073 1154 2134; x_wconf 84' lang='grc' dir='ltr'>δντος,</span> <span class='ocrx_word' id='word_1_261' title='bbox 1188 2071 1239 2123; x_wconf 87' lang='grc' dir='ltr'>οί</span> <span class='ocrx_word' id='word_1_262' title='bbox 1269 2069 1543 2123; x_wconf 80' lang='grc' dir='ltr'>τοσούτων</span> <span class='ocrx_word' id='word_1_263' title='bbox 1577 2067 1784 2138; x_wconf 83' lang='grc' dir='ltr'>χρόνων</span> <span class='ocrx_word' id='word_1_264' title='bbox 1806 2062 2053 2131; x_wconf 85' lang='grc' dir='ltr'>Πατέρες</span> 
     </span>
    </p>
   </div>
   <div class='ocr_carea' id='block_1_36' title="bbox 471 2148 2053 2235">
    <p class='ocr_par' dir='ltr' id='par_1_36' title="bbox 471 2148 2053 2235">
     <span class='ocr_line' id='line_1_36' title="bbox 471 2148 2053 2235; baseline -0.009 -13"><span class='ocrx_word' id='word_1_265' title='bbox 471 2169 628 2235; x_wconf 74' lang='grc' dir='ltr'>ἡμῶν</span> <span class='ocrx_word' id='word_1_266' title='bbox 656 2169 751 2222; x_wconf 75' lang='grc' dir='ltr'>καὶ</span> <span class='ocrx_word' id='word_1_267' title='bbox 798 2165 1114 2220; x_wconf 85' lang='grc' dir='ltr'>διδάσκαλοι</span> <span class='ocrx_word' id='word_1_268' title='bbox 1148 2164 1309 2218; x_wconf 68' lang='grc' dir='ltr'>ταυτὶ</span> <span class='ocrx_word' id='word_1_269' title='bbox 1357 2161 1543 2224; x_wconf 85' lang='grc' dir='ltr'>καλῶς</span> <span class='ocrx_word' id='word_1_270' title='bbox 1572 2158 1924 2229; x_wconf 83' lang='grc' dir='ltr'>ὲξητάκασιν,</span> <span class='ocrx_word' id='word_1_271' title='bbox 1979 2148 2053 2210; x_wconf 83' lang='grc' dir='ltr'>ὧν</span> 
     </span>
    </p>
   </div>
   <div class='ocr_carea' id='block_1_37' title="bbox 468 2247 2052 2330">
    <p class='ocr_par' dir='ltr' id='par_1_37' title="bbox 468 2247 2052 2330">
     <span class='ocr_line' id='line_1_37' title="bbox 468 2247 2052 2330; baseline -0.01 -16"><span class='ocrx_word' id='word_1_272' title='bbox 468 2263 566 2324; x_wconf 71' lang='grc' dir='ltr'>τὰς</span> <span class='ocrx_word' id='word_1_273' title='bbox 628 2260 852 2330; x_wconf 74' lang='grc' dir='ltr'>ψήφους</span> <span class='ocrx_word' id='word_1_274' title='bbox 884 2258 957 2312; x_wconf 86' lang='grc' dir='ltr'>τά</span> <span class='ocrx_word' id='word_1_275' title='bbox 987 2275 1048 2310; x_wconf 89' lang='grc' dir='ltr'>τε</span> <span class='ocrx_word' id='word_1_276' title='bbox 1102 2255 1245 2322; x_wconf 77' lang='grc' dir='ltr'>ἔργα</span> <span class='ocrx_word' id='word_1_277' title='bbox 1277 2251 1573 2323; x_wconf 84' lang='grc' dir='ltr'>μαρτυρεῖ,</span> <span class='ocrx_word' id='word_1_278' title='bbox 1603 2251 1697 2303; x_wconf 70' lang='grc' dir='ltr'>καὶ</span> <span class='ocrx_word' id='word_1_279' title='bbox 1745 2248 1814 2302; x_wconf 85' lang='grc' dir='ltr'>τά</span> <span class='ocrx_word' id='word_1_280' title='bbox 1841 2247 2052 2316; x_wconf 82' lang='grc' dir='ltr'>αἵματα</span> 
     </span>
    </p>
   </div>
   <div class='ocr_carea' id='block_1_38' title="bbox 468 2337 2053 2420">
    <p class='ocr_par' dir='ltr' id='par_1_38' title="bbox 468 2337 2053 2420">
     <span class='ocr_line' id='line_1_38' title="bbox 468 2337 2053 2420; baseline -0.011 -12"><span class='ocrx_word' id='word_1_281' title='bbox 468 2355 506 2409; x_wconf 79' lang='grc' dir='ltr'>ἂ</span> <span class='ocrx_word' id='word_1_282' title='bbox 533 2351 721 2407; x_wconf 76' lang='grc' dir='ltr'>πολλοὶ</span> <span class='ocrx_word' id='word_1_283' title='bbox 774 2351 909 2419; x_wconf 83' lang='grc' dir='ltr'>πρὸς</span> <span class='ocrx_word' id='word_1_284' title='bbox 963 2348 1061 2420; x_wconf 83' lang='grc' dir='ltr'>τὴν</span> <span class='ocrx_word' id='word_1_285' title='bbox 1091 2343 1387 2416; x_wconf 83' lang='grc' dir='ltr'>Λατινικὴν</span> <span class='ocrx_word' id='word_1_286' title='bbox 1434 2342 1846 2414; x_wconf 80' lang='grc' dir='ltr'>ἀπομαχόμενοι</span> <span class='ocrx_word' id='word_1_287' title='bbox 1891 2337 2053 2407; x_wconf 82' lang='grc' dir='ltr'>κεχύ⁶</span> 
     </span>
    </p>
   </div>
   <div class='ocr_carea' id='block_1_39' title="bbox 470 2432 2050 2513">
    <p class='ocr_par' dir='ltr' id='par_1_39' title="bbox 470 2432 2050 2513">
     <span class='ocr_line' id='line_1_39' title="bbox 470 2432 2050 2513; baseline -0.011 -12"><span class='ocrx_word' id='word_1_288' title='bbox 470 2466 599 2501; x_wconf 86' lang='grc' dir='ltr'>κασι</span> <span class='ocrx_word' id='word_1_289' title='bbox 631 2446 811 2511; x_wconf 80' lang='grc' dir='ltr'>δόξαν,</span> <span class='ocrx_word' id='word_1_290' title='bbox 850 2443 944 2498; x_wconf 78' lang='grc' dir='ltr'>καὶ</span> <span class='ocrx_word' id='word_1_291' title='bbox 1004 2441 1179 2513; x_wconf 83' lang='grc' dir='ltr'>βίϐλοι</span> <span class='ocrx_word' id='word_1_292' title='bbox 1231 2440 1328 2494; x_wconf 75' lang='grc' dir='ltr'>καὶ</span> <span class='ocrx_word' id='word_1_293' title='bbox 1386 2436 1807 2508; x_wconf 85' lang='grc' dir='ltr'>συγγράμματα</span> <span class='ocrx_word' id='word_1_294' title='bbox 1838 2434 1930 2486; x_wconf 75' lang='grc' dir='ltr'>καὶ</span> <span class='ocrx_word' id='word_1_295' title='bbox 1967 2432 2050 2485; x_wconf 90' lang='grc' dir='ltr'>δι-</span> 
     </span>
    </p>
   </div>
   <div class='ocr_carea' id='block_1_40' title="bbox 466 2525 2051 2606">
    <p class='ocr_par' dir='ltr' id='par_1_40' title="bbox 466 2525 2051 2606">
     <span class='ocr_line' id='line_1_40' title="bbox 466 2525 2051 2606; baseline -0.009 -15"><span class='ocrx_word' id='word_1_296' title='bbox 466 2536 762 2592; x_wconf 83' lang='grc' dir='ltr'>δασκαλίαι</span> <span class='ocrx_word' id='word_1_297' title='bbox 818 2534 1131 2606; x_wconf 87' lang='grc' dir='ltr'>παριστῶσι</span> <span class='ocrx_word' id='word_1_298' title='bbox 1165 2531 1381 2602; x_wconf 89' lang='grc' dir='ltr'>μυρίαι.</span> <span class='ocrx_word' id='word_1_299' title='bbox 1446 2530 1525 2581; x_wconf 89' lang='grc' dir='ltr'>Ού</span> <span class='ocrx_word' id='word_1_300' title='bbox 1558 2528 1640 2581; x_wconf 89' lang='grc' dir='ltr'>δεῖ</span> <span class='ocrx_word' id='word_1_301' title='bbox 1670 2526 1853 2580; x_wconf 83' lang='grc' dir='ltr'>τοίνυν</span> <span class='ocrx_word' id='word_1_302' title='bbox 1905 2525 2051 2597; x_wconf 81' lang='grc' dir='ltr'>ἡμᾶς</span> 
     </span>
    </p>
   </div>
   <div class='ocr_carea' id='block_1_41' title="bbox 467 2618 2051 2701">
    <p class='ocr_par' dir='ltr' id='par_1_41' title="bbox 467 2618 2051 2701">
     <span class='ocr_line' id='line_1_41' title="bbox 467 2618 2051 2701; baseline -0.006 -18"><span class='ocrx_word' id='word_1_303' title='bbox 467 2630 743 2701; x_wconf 76' lang='grc' dir='ltr'>ἐξηγητὰς</span> <span class='ocrx_word' id='word_1_304' title='bbox 796 2628 906 2682; x_wconf 86' lang='grc' dir='ltr'>τῶν</span> <span class='ocrx_word' id='word_1_305' title='bbox 938 2626 1190 2697; x_wconf 77' lang='grc' dir='ltr'>ἀρχαίων</span> <span class='ocrx_word' id='word_1_306' title='bbox 1219 2622 1468 2693; x_wconf 88' lang='grc' dir='ltr'>γίνεσθαι</span> <span class='ocrx_word' id='word_1_307' title='bbox 1520 2621 1878 2685; x_wconf 79' lang='grc' dir='ltr'>διδασκάλων,</span> <span class='ocrx_word' id='word_1_308' title='bbox 1914 2618 2051 2673; x_wconf 81' lang='grc' dir='ltr'>ἀλλὰ</span> 
     </span>
    </p>
   </div>
   <div class='ocr_carea' id='block_1_42' title="bbox 471 2712 2052 2793">
    <p class='ocr_par' dir='ltr' id='par_1_42' title="bbox 471 2712 2052 2793">
     <span class='ocr_line' id='line_1_42' title="bbox 471 2712 2052 2793; baseline -0.008 -14"><span class='ocrx_word' id='word_1_309' title='bbox 471 2724 674 2793; x_wconf 79' lang='grc' dir='ltr'>μᾶλλον</span> <span class='ocrx_word' id='word_1_310' title='bbox 725 2720 968 2790; x_wconf 77' lang='grc' dir='ltr'>ἀγαθοὺς</span> <span class='ocrx_word' id='word_1_311' title='bbox 1022 2717 1166 2772; x_wconf 79' lang='grc' dir='ltr'>εἶναι</span> <span class='ocrx_word' id='word_1_312' title='bbox 1228 2712 1478 2786; x_wconf 81' lang='grc' dir='ltr'>μαθητάς</span> <span class='ocrx_word' id='word_1_313' title='bbox 1540 2716 1636 2768; x_wconf 78' lang='grc' dir='ltr'>καὶ</span> <span class='ocrx_word' id='word_1_314' title='bbox 1699 2713 2052 2782; x_wconf 79' lang='grc' dir='ltr'>εὐγνώμονας</span> 
     </span>
    </p>
   </div>
   <div class='ocr_carea' id='block_1_43' title="bbox 466 2803 2050 2882">
    <p class='ocr_par' dir='ltr' id='par_1_43' title="bbox 466 2803 2050 2882">
     <span class='ocr_line' id='line_1_43' title="bbox 466 2803 2050 2882; baseline -0.008 -16"><span class='ocrx_word' id='word_1_315' title='bbox 466 2815 577 2868; x_wconf 87' lang='grc' dir='ltr'>τῶν</span> <span class='ocrx_word' id='word_1_316' title='bbox 610 2814 898 2882; x_wconf 76' lang='grc' dir='ltr'>ἡμετέρων</span> <span class='ocrx_word' id='word_1_317' title='bbox 950 2809 1239 2878; x_wconf 82' lang='grc' dir='ltr'>Πατέρων,</span> <span class='ocrx_word' id='word_1_318' title='bbox 1279 2808 1329 2860; x_wconf 83' lang='grc' dir='ltr'>οἳ</span> <span class='ocrx_word' id='word_1_319' title='bbox 1379 2808 1494 2869; x_wconf 84' lang='grc' dir='ltr'>τοῖς</span> <span class='ocrx_word' id='word_1_320' title='bbox 1529 2805 1641 2859; x_wconf 84' lang='grc' dir='ltr'>τῶν</span> <span class='ocrx_word' id='word_1_321' title='bbox 1675 2803 2050 2874; x_wconf 84' lang='grc' dir='ltr'>ἀρχαιοτέρων</span> 
     </span>
    </p>
   </div>
   <div class='ocr_carea' id='block_1_44' title="bbox 468 2895 2051 2972">
    <p class='ocr_par' dir='ltr' id='par_1_44' title="bbox 468 2895 2051 2972">
     <span class='ocr_line' id='line_1_44' title="bbox 468 2895 2051 2972; baseline -0.006 -13"><span class='ocrx_word' id='word_1_322' title='bbox 468 2904 652 2968; x_wconf 85' lang='grc' dir='ltr'>καλῶς</span> <span class='ocrx_word' id='word_1_323' title='bbox 683 2902 998 2972; x_wconf 76' lang='grc' dir='ltr'>ἐπέστησαν</span> <span class='ocrx_word' id='word_1_324' title='bbox 1050 2902 1337 2969; x_wconf 78' lang='grc' dir='ltr'>δόγμασιν.</span> <span class='ocrx_word' id='word_1_325' title='bbox 1375 2900 1437 2952; x_wconf 75' lang='lat' dir='ltr'>El</span> <span class='ocrx_word' id='word_1_326' title='bbox 1484 2899 1594 2967; x_wconf 84' lang='grc' dir='ltr'>γὰρ</span> <span class='ocrx_word' id='word_1_327' title='bbox 1626 2897 1785 2966; x_wconf 79' lang='grc' dir='ltr'>ἡμῶν</span> <span class='ocrx_word' id='word_1_328' title='bbox 1814 2898 1926 2950; x_wconf 90' lang='grc' dir='ltr'>τῶν</span> <span class='ocrx_word' id='word_1_329' title='bbox 1956 2895 2051 2950; x_wconf 87' lang='grc' dir='ltr'>νῦν</span> 
     </span>
    </p>
   </div>
   <div class='ocr_carea' id='block_1_45' title="bbox 464 2987 2051 3065">
    <p class='ocr_par' dir='ltr' id='par_1_45' title="bbox 464 2987 2051 3065">
     <span class='ocr_line' id='line_1_45' title="bbox 464 2987 2051 3065; baseline -0.007 -15"><span class='ocrx_word' id='word_1_330' title='bbox 464 2998 636 3052; x_wconf 75' lang='grc' dir='ltr'>ὅντων</span> <span class='ocrx_word' id='word_1_331' title='bbox 670 2998 764 3065; x_wconf 86' lang='grc' dir='ltr'>ῐση</span> <span class='ocrx_word' id='word_1_332' title='bbox 798 2992 1060 3057; x_wconf 80' lang='grc' dir='ltr'>καθάπαξ</span> <span class='ocrx_word' id='word_1_333' title='bbox 1088 2987 1158 3063; x_wconf 80' lang='grc' dir='ltr'>ἦν</span> <span class='ocrx_word' id='word_1_334' title='bbox 1181 2990 1217 3061; x_wconf 79' lang='grc' dir='ltr'><strong>ἧ</strong></span> <span class='ocrx_word' id='word_1_335' title='bbox 1247 3008 1307 3044; x_wconf 86' lang='grc' dir='ltr'>τε</span> <span class='ocrx_word' id='word_1_336' title='bbox 1364 2990 1528 3058; x_wconf 66' lang='grc' dir='ltr'>σοφία</span> <span class='ocrx_word' id='word_1_337' title='bbox 1558 2989 1651 3042; x_wconf 81' lang='grc' dir='ltr'>καὶ</span> <span class='ocrx_word' id='word_1_338' title='bbox 1703 2987 1873 3057; x_wconf 85' lang='grc' dir='ltr'>ἀρετὴ</span> <span class='ocrx_word' id='word_1_339' title='bbox 1931 2987 2051 3050; x_wconf 87' lang='grc' dir='ltr'>ταῖς</span> 
     </span>
    </p>
   </div>
   <div class='ocr_carea' id='block_1_46' title="bbox 2161 1791 3740 1869">
    <p class='ocr_par' dir='ltr' id='par_1_46' title="bbox 2161 1791 3740 1869">
     <span class='ocr_line' id='line_1_46' title="bbox 2161 1791 3740 1869; baseline 0.003 -22"><span class='ocrx_word' id='word_1_340' title='bbox 2161 1794 2451 1864; x_wconf 85' lang='grc' dir='ltr'>πρέσϐεων</span> <span class='ocrx_word' id='word_1_341' title='bbox 2477 1795 2587 1849; x_wconf 91' lang='grc' dir='ltr'>τῶν</span> <span class='ocrx_word' id='word_1_342' title='bbox 2609 1796 2701 1849; x_wconf 85' lang='grc' dir='ltr'>τοῦ</span> <span class='ocrx_word' id='word_1_343' title='bbox 2739 1797 2941 1851; x_wconf 81' lang='grc' dir='ltr'>πάππα</span> <span class='ocrx_word' id='word_1_344' title='bbox 2970 1799 3278 1868; x_wconf 72' lang='grc' dir='ltr'>παρόντων,</span> <span class='ocrx_word' id='word_1_345' title='bbox 3318 1791 3386 1869; x_wconf 81' lang='grc' dir='ltr'>ἧς</span> <span class='ocrx_word' id='word_1_346' title='bbox 3423 1799 3486 1865; x_wconf 82' lang='grc' dir='ltr'>δὴ</span> <span class='ocrx_word' id='word_1_347' title='bbox 3519 1798 3740 1852; x_wconf 84' lang='grc' dir='ltr'>συνόδου</span> 
     </span>
    </p>
   </div>
   <div class='ocr_carea' id='block_1_47' title="bbox 2160 1886 3741 1959">
    <p class='ocr_par' dir='ltr' id='par_1_47' title="bbox 2160 1886 3741 1959">
     <span class='ocr_line' id='line_1_47' title="bbox 2160 1886 3741 1959; baseline 0.001 -20"><span class='ocrx_word' id='word_1_348' title='bbox 2160 1886 2255 1940; x_wconf 81' lang='grc' dir='ltr'>καὶ</span> <span class='ocrx_word' id='word_1_349' title='bbox 2308 1887 2533 1951; x_wconf 87' lang='grc' dir='ltr'>κανόνες</span> <span class='ocrx_word' id='word_1_350' title='bbox 2588 1890 2647 1941; x_wconf 82' lang='grc' dir='ltr'>ὲν</span> <span class='ocrx_word' id='word_1_351' title='bbox 2704 1891 2817 1952; x_wconf 86' lang='grc' dir='ltr'>τοῖς</span> <span class='ocrx_word' id='word_1_352' title='bbox 2869 1887 2980 1941; x_wconf 89' lang='grc' dir='ltr'>τῶν</span> <span class='ocrx_word' id='word_1_353' title='bbox 3012 1889 3175 1957; x_wconf 80' lang='grc' dir='ltr'>ἱερῶν</span> <span class='ocrx_word' id='word_1_354' title='bbox 3229 1890 3471 1942; x_wconf 86' lang='grc' dir='ltr'>κανόνων</span> <span class='ocrx_word' id='word_1_355' title='bbox 3523 1890 3741 1959; x_wconf 84' lang='grc' dir='ltr'>τεύχεσι</span> 
     </span>
    </p>
   </div>
   <div class='ocr_carea' id='block_1_48' title="bbox 2158 1977 3740 2050">
    <p class='ocr_par' dir='ltr' id='par_1_48' title="bbox 2158 1977 3740 2050">
     <span class='ocr_line' id='line_1_48' title="bbox 2158 1977 3740 2050; baseline 0.002 -21"><span class='ocrx_word' id='word_1_356' title='bbox 2158 1977 2366 2030; x_wconf 83' lang='grc' dir='ltr'>κεῖνταί</span> <span class='ocrx_word' id='word_1_357' title='bbox 2399 1994 2565 2044; x_wconf 87' lang='grc' dir='ltr'>τινες,</span> <span class='ocrx_word' id='word_1_358' title='bbox 2603 1977 2707 2030; x_wconf 74' lang='grc' dir='ltr'>ὑπὸ</span> <span class='ocrx_word' id='word_1_359' title='bbox 2738 1979 2837 2047; x_wconf 82' lang='grc' dir='ltr'>τῆς</span> <span class='ocrx_word' id='word_1_360' title='bbox 2872 1977 3201 2048; x_wconf 85' lang='grc' dir='ltr'>Ἐκκλησίας</span> <span class='ocrx_word' id='word_1_361' title='bbox 3234 1979 3419 2049; x_wconf 82' lang='grc' dir='ltr'>πάσης</span> <span class='ocrx_word' id='word_1_362' title='bbox 3448 1979 3557 2034; x_wconf 88' lang='grc' dir='ltr'>τῶν</span> <span class='ocrx_word' id='word_1_363' title='bbox 3583 1978 3740 2050; x_wconf 78' lang='grc' dir='ltr'>ὀρθο-</span> 
     </span>
    </p>
   </div>
   <div class='ocr_carea' id='block_1_49' title="bbox 2162 2068 3743 2145">
    <p class='ocr_par' dir='ltr' id='par_1_49' title="bbox 2162 2068 3743 2145">
     <span class='ocr_line' id='line_1_49' title="bbox 2162 2068 3743 2145; baseline 0.003 -23"><span class='ocrx_word' id='word_1_364' title='bbox 2162 2068 2332 2133; x_wconf 74' lang='grc' dir='ltr'>δόξων</span> <span class='ocrx_word' id='word_1_365' title='bbox 2369 2072 2747 2141; x_wconf 74' lang='grc' dir='ltr'>στεργόμενσι.</span> <span class='ocrx_word' id='word_1_366' title='bbox 2778 2072 3058 2142; x_wconf 85' lang='grc' dir='ltr'>Παρίεμεν</span> <span class='ocrx_word' id='word_1_367' title='bbox 3087 2073 3157 2126; x_wconf 70' lang='grc' dir='ltr'>τά</span> <span class='ocrx_word' id='word_1_368' title='bbox 3182 2074 3276 2126; x_wconf 71' lang='grc' dir='ltr'>ἐπὶ</span> <span class='ocrx_word' id='word_1_369' title='bbox 3302 2073 3413 2127; x_wconf 86' lang='grc' dir='ltr'>τῶν</span> <span class='ocrx_word' id='word_1_370' title='bbox 3437 2073 3743 2145; x_wconf 78' lang='grc' dir='ltr'>Κομνηνῶν</span> 
     </span>
    </p>
   </div>
   <div class='ocr_carea' id='block_1_50' title="bbox 2158 2160 3741 2238">
    <p class='ocr_par' dir='ltr' id='par_1_50' title="bbox 2158 2160 3741 2238">
     <span class='ocr_line' id='line_1_50' title="bbox 2158 2160 3741 2238; baseline 0.004 -25"><span class='ocrx_word' id='word_1_371' title='bbox 2158 2160 2465 2230; x_wconf 84' lang='grc' dir='ltr'>λαληθέντα</span> <span class='ocrx_word' id='word_1_372' title='bbox 2498 2164 2592 2215; x_wconf 78' lang='grc' dir='ltr'>καὶ</span> <span class='ocrx_word' id='word_1_373' title='bbox 2649 2165 3037 2234; x_wconf 85' lang='grc' dir='ltr'>πεπραγμένα,</span> <span class='ocrx_word' id='word_1_374' title='bbox 3090 2170 3159 2218; x_wconf 85' lang='grc' dir='ltr'>τὰ</span> <span class='ocrx_word' id='word_1_375' title='bbox 3208 2166 3303 2219; x_wconf 75' lang='grc' dir='ltr'>ἐπὶ</span> <span class='ocrx_word' id='word_1_376' title='bbox 3357 2167 3607 2238; x_wconf 87' lang='grc' dir='ltr'>Λάσκαρι</span> <span class='ocrx_word' id='word_1_377' title='bbox 3647 2167 3741 2222; x_wconf 69' lang='grc' dir='ltr'>καῖ</span> 
     </span>
    </p>
   </div>
   <div class='ocr_carea' id='block_1_51' title="bbox 2158 2251 3737 2328">
    <p class='ocr_par' dir='ltr' id='par_1_51' title="bbox 2158 2251 3737 2328">
     <span class='ocr_line' id='line_1_51' title="bbox 2158 2251 3737 2328; baseline 0.006 -24"><span class='ocrx_word' id='word_1_378' title='bbox 2158 2251 2445 2323; x_wconf 82' lang='grc' dir='ltr'>Γερμανοῦ</span> <span class='ocrx_word' id='word_1_379' title='bbox 2481 2254 2728 2307; x_wconf 85' lang='grc' dir='ltr'>Λατίνων</span> <span class='ocrx_word' id='word_1_380' title='bbox 2765 2254 2899 2308; x_wconf 85' lang='grc' dir='ltr'>ποτὲ</span> <span class='ocrx_word' id='word_1_381' title='bbox 2935 2255 3035 2325; x_wconf 80' lang='grc' dir='ltr'>τὴν</span> <span class='ocrx_word' id='word_1_382' title='bbox 3065 2257 3220 2310; x_wconf 85' lang='grc' dir='ltr'>πόλιν</span> <span class='ocrx_word' id='word_1_383' title='bbox 3253 2257 3458 2327; x_wconf 87' lang='grc' dir='ltr'>ταύτην</span> <span class='ocrx_word' id='word_1_384' title='bbox 3483 2259 3737 2328; x_wconf 73' lang='grc' dir='ltr'>ἐχόντων.</span> 
     </span>
    </p>
   </div>
   <div class='ocr_carea' id='block_1_52' title="bbox 2170 2345 3739 2417">
    <p class='ocr_par' dir='ltr' id='par_1_52' title="bbox 2170 2345 3739 2417">
     <span class='ocr_line' id='line_1_52' title="bbox 2170 2345 3739 2417; baseline 0.003 -19"><span class='ocrx_word' id='word_1_385' title='bbox 2170 2345 2309 2398; x_wconf 83' lang='grc' dir='ltr'>Ἀλλ’</span> <span class='ocrx_word' id='word_1_386' title='bbox 2344 2347 2437 2399; x_wconf 76' lang='grc' dir='ltr'>ἐπὶ</span> <span class='ocrx_word' id='word_1_387' title='bbox 2476 2345 2820 2414; x_wconf 85' lang='grc' dir='ltr'>’Λνδρονῑκου</span> <span class='ocrx_word' id='word_1_388' title='bbox 2850 2346 2944 2400; x_wconf 92' lang='grc' dir='ltr'>τοῦ</span> <span class='ocrx_word' id='word_1_389' title='bbox 2985 2347 3096 2402; x_wconf 89' lang='grc' dir='ltr'>τῶν</span> <span class='ocrx_word' id='word_1_390' title='bbox 3143 2348 3524 2417; x_wconf 88' lang='grc' dir='ltr'>Παλαιολόγων</span> <span class='ocrx_word' id='word_1_391' title='bbox 3556 2350 3739 2403; x_wconf 75' lang='grc' dir='ltr'>δευτέ-</span> 
     </span>
    </p>
   </div>
   <div class='ocr_carea' id='block_1_53' title="bbox 2158 2436 3739 2509">
    <p class='ocr_par' dir='ltr' id='par_1_53' title="bbox 2158 2436 3739 2509">
     <span class='ocr_line' id='line_1_53' title="bbox 2158 2436 3739 2509; baseline 0.004 -24"><span class='ocrx_word' id='word_1_392' title='bbox 2158 2450 2254 2504; x_wconf 88' lang='grc' dir='ltr'>ρου</span> <span class='ocrx_word' id='word_1_393' title='bbox 2289 2436 2507 2498; x_wconf 70' lang='grc' dir='ltr'>σύνοδος</span> <span class='ocrx_word' id='word_1_394' title='bbox 2545 2436 2906 2506; x_wconf 76' lang='grc' dir='ltr'>οἰκουμενικὴ</span> <span class='ocrx_word' id='word_1_395' title='bbox 2943 2438 3188 2491; x_wconf 82' lang='grc' dir='ltr'>συστᾶσα</span> <span class='ocrx_word' id='word_1_396' title='bbox 3232 2438 3377 2492; x_wconf 74' lang='grc' dir='ltr'>κατὰ</span> <span class='ocrx_word' id='word_1_397' title='bbox 3411 2439 3511 2509; x_wconf 84' lang='grc' dir='ltr'>τῆς</span> <span class='ocrx_word' id='word_1_398' title='bbox 3561 2456 3739 2492; x_wconf 89' lang='grc' dir='ltr'>καινο-</span> 
     </span>
    </p>
   </div>
   <div class='ocr_carea' id='block_1_54' title="bbox 2153 2523 3741 2594">
    <p class='ocr_par' dir='ltr' id='par_1_54' title="bbox 2153 2523 3741 2594">
     <span class='ocr_line' id='line_1_54' title="bbox 2153 2523 3741 2594; baseline 0.002 -16"><span class='ocrx_word' id='word_1_399' title='bbox 2153 2523 2352 2594; x_wconf 85' lang='grc' dir='ltr'>τομίας</span> <span class='ocrx_word' id='word_1_400' title='bbox 2384 2524 2451 2593; x_wconf 82' lang='grc' dir='ltr'>ἢν</span> <span class='ocrx_word' id='word_1_401' title='bbox 2479 2526 2507 2577; x_wconf 86' lang='grc' dir='ltr'>ὁ</span> <span class='ocrx_word' id='word_1_402' title='bbox 2555 2523 2746 2593; x_wconf 76' lang='grc' dir='ltr'>Πατὴρ</span> <span class='ocrx_word' id='word_1_403' title='bbox 2774 2525 3066 2594; x_wconf 71' lang='grc' dir='ltr'>ἐπενόησε,</span> <span class='ocrx_word' id='word_1_404' title='bbox 3103 2528 3194 2579; x_wconf 77' lang='grc' dir='ltr'>καὶ</span> <span class='ocrx_word' id='word_1_405' title='bbox 3226 2527 3445 2589; x_wconf 81' lang='grc' dir='ltr'>πολλοῖς</span> <span class='ocrx_word' id='word_1_406' title='bbox 3474 2527 3741 2582; x_wconf 81' lang='grc' dir='ltr'>ἐσπούδα-</span> 
     </span>
    </p>
   </div>
   <div class='ocr_carea' id='block_1_55' title="bbox 2157 2612 3739 2688">
    <p class='ocr_par' dir='ltr' id='par_1_55' title="bbox 2157 2612 3739 2688">
     <span class='ocr_line' id='line_1_55' title="bbox 2157 2612 3739 2688; baseline 0.003 -22"><span class='ocrx_word' id='word_1_407' title='bbox 2157 2630 2250 2666; x_wconf 89' lang='grc' dir='ltr'>σεν</span> <span class='ocrx_word' id='word_1_408' title='bbox 2286 2612 2611 2683; x_wconf 75' lang='grc' dir='ltr'>ἱδρύσασθαι</span> <span class='ocrx_word' id='word_1_409' title='bbox 2638 2612 2889 2681; x_wconf 87' lang='grc' dir='ltr'>τρόποις,</span> <span class='ocrx_word' id='word_1_410' title='bbox 2920 2614 3041 2669; x_wconf 87' lang='grc' dir='ltr'>ἀλλ’</span> <span class='ocrx_word' id='word_1_411' title='bbox 3069 2616 3171 2669; x_wconf 86' lang='grc' dir='ltr'>οὐκ</span> <span class='ocrx_word' id='word_1_412' title='bbox 3212 2618 3424 2688; x_wconf 85' lang='grc' dir='ltr'>ίσχυσε,</span> <span class='ocrx_word' id='word_1_413' title='bbox 3454 2618 3547 2672; x_wconf 85' lang='grc' dir='ltr'>τοῦ</span> <span class='ocrx_word' id='word_1_414' title='bbox 3599 2618 3739 2672; x_wconf 84' lang='grc' dir='ltr'>Θεοῦ</span> 
     </span>
    </p>
   </div>
   <div class='ocr_carea' id='block_1_56' title="bbox 2156 2705 3742 2780">
    <p class='ocr_par' dir='ltr' id='par_1_56' title="bbox 2156 2705 3742 2780">
     <span class='ocr_line' id='line_1_56' title="bbox 2156 2705 3742 2780; baseline 0.001 -20"><span class='ocrx_word' id='word_1_415' title='bbox 2156 2705 2372 2768; x_wconf 82' lang='grc' dir='ltr'>πολλοῖς</span> <span class='ocrx_word' id='word_1_416' title='bbox 2398 2706 2644 2775; x_wconf 86' lang='grc' dir='ltr'>σημείοις</span> <span class='ocrx_word' id='word_1_417' title='bbox 2673 2707 2766 2760; x_wconf 81' lang='grc' dir='ltr'>καὶ</span> <span class='ocrx_word' id='word_1_418' title='bbox 2811 2706 2997 2775; x_wconf 75' lang='grc' dir='ltr'>ἔργοις</span> <span class='ocrx_word' id='word_1_419' title='bbox 3040 2708 3138 2779; x_wconf 83' lang='grc' dir='ltr'>τὴν</span> <span class='ocrx_word' id='word_1_420' title='bbox 3181 2709 3445 2780; x_wconf 81' lang='grc' dir='ltr'>ἀλήθειαν</span> <span class='ocrx_word' id='word_1_421' title='bbox 3494 2710 3742 2780; x_wconf 85' lang='grc' dir='ltr'>φανερώ-</span> 
     </span>
    </p>
   </div>
   <div class='ocr_carea' id='block_1_57' title="bbox 2157 2796 3742 2872">
    <p class='ocr_par' dir='ltr' id='par_1_57' title="bbox 2157 2796 3742 2872">
     <span class='ocr_line' id='line_1_57' title="bbox 2157 2796 3742 2872; baseline 0.001 -21"><span class='ocrx_word' id='word_1_422' title='bbox 2157 2814 2347 2861; x_wconf 87' lang='grc' dir='ltr'>σαντος</span> <span class='ocrx_word' id='word_1_423' title='bbox 2376 2813 2390 2827; x_wconf 72' lang='grc' dir='ltr'><strong><em>ο</em></strong></span> <span class='ocrx_word' id='word_1_424' title='bbox 2413 2798 2448 2869; x_wconf 86' lang='grc' dir='ltr'>ἡ</span> <span class='ocrx_word' id='word_1_425' title='bbox 2477 2796 2693 2858; x_wconf 86' lang='grc' dir='ltr'>σύνοδος</span> <span class='ocrx_word' id='word_1_426' title='bbox 2735 2798 2917 2851; x_wconf 86' lang='grc' dir='ltr'>τοίνυν</span> <span class='ocrx_word' id='word_1_427' title='bbox 2964 2799 3144 2869; x_wconf 78' lang='grc' dir='ltr'>ἐκείνη</span> <span class='ocrx_word' id='word_1_428' title='bbox 3175 2840 3191 2866; x_wconf 93' lang='grc'>,</span> <span class='ocrx_word' id='word_1_429' title='bbox 3228 2800 3449 2872; x_wconf 81' lang='grc' dir='ltr'>ἀριθμῷ</span> <span class='ocrx_word' id='word_1_430' title='bbox 3480 2801 3742 2871; x_wconf 85' lang='grc' dir='ltr'>Πατέρων</span> 
     </span>
    </p>
   </div>
   <div class='ocr_carea' id='block_1_58' title="bbox 2156 2888 3738 2964">
    <p class='ocr_par' dir='ltr' id='par_1_58' title="bbox 2156 2888 3738 2964">
     <span class='ocr_line' id='line_1_58' title="bbox 2156 2888 3738 2964; baseline 0 -21"><span class='ocrx_word' id='word_1_431' title='bbox 2156 2890 2324 2961; x_wconf 79' lang='grc' dir='ltr'>ίκανῷ</span> <span class='ocrx_word' id='word_1_432' title='bbox 2357 2888 2869 2959; x_wconf 84' lang='grc' dir='ltr'>συγκεκροτημένη,</span> <span class='ocrx_word' id='word_1_433' title='bbox 2905 2891 3067 2945; x_wconf 91' lang='grc' dir='ltr'>ποίαν</span> <span class='ocrx_word' id='word_1_434' title='bbox 3097 2891 3159 2946; x_wconf 86' lang='grc' dir='ltr'>ού</span> <span class='ocrx_word' id='word_1_435' title='bbox 3197 2892 3291 2946; x_wconf 72' lang='grc' dir='ltr'>καὶ</span> <span class='ocrx_word' id='word_1_436' title='bbox 3322 2893 3530 2964; x_wconf 85' lang='grc' dir='ltr'>λιθίνην</span> <span class='ocrx_word' id='word_1_437' title='bbox 3555 2894 3738 2964; x_wconf 66' lang='grc' dir='ltr'>ψυχὴν</span> 
     </span>
    </p>
   </div>
   <div class='ocr_carea' id='block_1_59' title="bbox 2155 2983 3737 3059">
    <p class='ocr_par' dir='ltr' id='par_1_59' title="bbox 2155 2983 3737 3059">
     <span class='ocr_line' id='line_1_59' title="bbox 2155 2983 3737 3059; baseline 0.001 -20"><span class='ocrx_word' id='word_1_438' title='bbox 2155 2985 2367 3054; x_wconf 84' lang='grc' dir='ltr'>κινήσει</span> <span class='ocrx_word' id='word_1_439' title='bbox 2393 2983 2732 3052; x_wconf 77' lang='grc' dir='ltr'>ἀποσχέσθαι</span> <span class='ocrx_word' id='word_1_440' title='bbox 2764 2985 2865 3053; x_wconf 78' lang='grc' dir='ltr'>τῆς</span> <span class='ocrx_word' id='word_1_441' title='bbox 2893 2986 3101 3055; x_wconf 85' lang='grc' dir='ltr'>ἀρτίως</span> <span class='ocrx_word' id='word_1_442' title='bbox 3145 2988 3310 3042; x_wconf 87' lang='grc' dir='ltr'>τινῶν</span> <span class='ocrx_word' id='word_1_443' title='bbox 3361 2990 3737 3059; x_wconf 81' lang='grc' dir='ltr'>γεγενημένης</span> 
     </span>
    </p>
   </div>
   <div class='ocr_carea' id='block_1_60' title="bbox 466 3074 3735 3160">
    <p class='ocr_par' dir='ltr' id='par_1_60' title="bbox 466 3074 3735 3160">
     <span class='ocr_line' id='line_1_60' title="bbox 466 3074 3735 3160; baseline -0.003 -17"><span class='ocrx_word' id='word_1_444' title='bbox 466 3090 576 3143; x_wconf 87' lang='grc' dir='ltr'>τῶν</span> <span class='ocrx_word' id='word_1_445' title='bbox 625 3086 912 3160; x_wconf 77' lang='grc' dir='ltr'>ἡμετέρων</span> <span class='ocrx_word' id='word_1_446' title='bbox 979 3085 1362 3155; x_wconf 76' lang='grc' dir='ltr'>Πατέρων.....</span> <span class='ocrx_word' id='word_1_447' title='bbox 1404 3081 1604 3154; x_wconf 87' lang='grc' dir='ltr'>χρόνῳ,</span> <span class='ocrx_word' id='word_1_448' title='bbox 1658 3080 1933 3152; x_wconf 76' lang='grc' dir='ltr'>τολμηρὸν</span> <span class='ocrx_word' id='word_1_449' title='bbox 1978 3082 2045 3135; x_wconf 84' lang='grc' dir='ltr'>ἂν</span> <span class='ocrx_word' id='word_1_450' title='bbox 2070 3079 2116 3142; x_wconf 86' lang='lat' dir='ltr'><strong><em>C</em></strong></span> <span class='ocrx_word' id='word_1_451' title='bbox 2148 3075 2393 3137; x_wconf 83' lang='grc' dir='ltr'>ένώσεως</span> <span class='ocrx_word' id='word_1_452' title='bbox 2418 3092 2433 3140; x_wconf 85' lang='grc'><strong>;</strong></span> <span class='ocrx_word' id='word_1_453' title='bbox 2459 3075 2576 3128; x_wconf 81' lang='grc' dir='ltr'>τίνα</span> <span class='ocrx_word' id='word_1_454' title='bbox 2606 3074 2868 3147; x_wconf 78' lang='grc' dir='ltr'>λογισμὸν</span> <span class='ocrx_word' id='word_1_455' title='bbox 2893 3077 3091 3148; x_wconf 77' lang='grc' dir='ltr'>εὐσεϐῆ</span> <span class='ocrx_word' id='word_1_456' title='bbox 3123 3079 3216 3133; x_wconf 77' lang='grc' dir='ltr'>καὶ</span> <span class='ocrx_word' id='word_1_457' title='bbox 3251 3079 3510 3150; x_wconf 84' lang='grc' dir='ltr'>Πατέρων</span> <span class='ocrx_word' id='word_1_458' title='bbox 3556 3081 3735 3135; x_wconf 77' lang='grc' dir='ltr'>εἰδότα</span> 
     </span>
    </p>
   </div>
   <div class='ocr_carea' id='block_1_61' title="bbox 466 3169 2048 3253">
    <p class='ocr_par' dir='ltr' id='par_1_61' title="bbox 466 3169 2048 3253">
     <span class='ocr_line' id='line_1_61' title="bbox 466 3169 2048 3253; baseline -0.008 -19"><span class='ocrx_word' id='word_1_459' title='bbox 466 3178 536 3253; x_wconf 84' lang='grc' dir='ltr'>ἦν</span> <span class='ocrx_word' id='word_1_460' title='bbox 573 3181 669 3234; x_wconf 76' lang='grc' dir='ltr'>καὶ</span> <span class='ocrx_word' id='word_1_461' title='bbox 713 3178 888 3240; x_wconf 74' lang='grc' dir='ltr'>οὕτως</span> <span class='ocrx_word' id='word_1_462' title='bbox 936 3174 1115 3238; x_wconf 80' lang='grc' dir='ltr'>ἄλλως</span> <span class='ocrx_word' id='word_1_463' title='bbox 1158 3173 1474 3243; x_wconf 75' lang='grc' dir='ltr'>ἐξηγεῖσθαι</span> <span class='ocrx_word' id='word_1_464' title='bbox 1516 3171 1615 3233; x_wconf 82' lang='grc' dir='ltr'>τάς</span> <span class='ocrx_word' id='word_1_465' title='bbox 1659 3169 1905 3241; x_wconf 78' lang='grc' dir='ltr'>Γραφὰς,</span> <span class='ocrx_word' id='word_1_466' title='bbox 1952 3169 2048 3223; x_wconf 78' lang='grc' dir='ltr'>καὶ</span> 
     </span>
    </p>
   </div>
   <div class='ocr_carea' id='block_1_62' title="bbox 465 3258 2046 3341">
    <p class='ocr_par' dir='ltr' id='par_1_62' title="bbox 465 3258 2046 3341">
     <span class='ocr_line' id='line_1_62' title="bbox 465 3258 2046 3341; baseline -0.01 -14"><span class='ocrx_word' id='word_1_467' title='bbox 465 3273 591 3335; x_wconf 84' lang='grc' dir='ltr'>τοὺς</span> <span class='ocrx_word' id='word_1_468' title='bbox 620 3267 1011 3341; x_wconf 78' lang='grc' dir='ltr'>ἀρχαιοτέρους</span> <span class='ocrx_word' id='word_1_469' title='bbox 1049 3264 1324 3335; x_wconf 76' lang='grc' dir='ltr'>Πατέρας,</span> <span class='ocrx_word' id='word_1_470' title='bbox 1370 3263 1518 3332; x_wconf 89' lang='grc' dir='ltr'>λέγω</span> <span class='ocrx_word' id='word_1_471' title='bbox 1545 3262 1609 3332; x_wconf 78' lang='grc' dir='ltr'>δὴ</span> <span class='ocrx_word' id='word_1_472' title='bbox 1645 3261 1774 3323; x_wconf 85' lang='grc' dir='ltr'>τοὺς</span> <span class='ocrx_word' id='word_1_473' title='bbox 1815 3260 1924 3330; x_wconf 84' lang='grc' dir='ltr'>πρὸ</span> <span class='ocrx_word' id='word_1_474' title='bbox 1950 3258 2046 3312; x_wconf 90' lang='grc' dir='ltr'>τοῦ</span> 
     </span>
    </p>
   </div>
   <div class='ocr_carea' id='block_1_63' title="bbox 473 3350 2048 3432">
    <p class='ocr_par' dir='ltr' id='par_1_63' title="bbox 473 3350 2048 3432">
     <span class='ocr_line' id='line_1_63' title="bbox 473 3350 2048 3432; baseline -0.008 -16"><span class='ocrx_word' id='word_1_475' title='bbox 473 3363 801 3432; x_wconf 87' lang='grc' dir='ltr'>σχίσματος,</span> <span class='ocrx_word' id='word_1_476' title='bbox 834 3358 866 3425; x_wconf 80' lang='grc' dir='ltr'>ἢ</span> <span class='ocrx_word' id='word_1_477' title='bbox 898 3359 973 3422; x_wconf 84' lang='grc' dir='ltr'>ὡς</span> <span class='ocrx_word' id='word_1_478' title='bbox 1000 3358 1049 3410; x_wconf 87' lang='grc' dir='ltr'>οἱ</span> <span class='ocrx_word' id='word_1_479' title='bbox 1103 3355 1244 3426; x_wconf 85' lang='grc' dir='ltr'>μετὰ</span> <span class='ocrx_word' id='word_1_480' title='bbox 1272 3354 1334 3408; x_wconf 78' lang='grc' dir='ltr'>τὸ</span> <span class='ocrx_word' id='word_1_481' title='bbox 1363 3353 1571 3425; x_wconf 86' lang='grc' dir='ltr'>σχίσμα</span> <span class='ocrx_word' id='word_1_482' title='bbox 1617 3351 1857 3422; x_wconf 81' lang='grc' dir='ltr'>Πατέρες</span> <span class='ocrx_word' id='word_1_483' title='bbox 1887 3350 2048 3421; x_wconf 84' lang='grc' dir='ltr'>ἡμῶν</span> 
     </span>
    </p>
   </div>
   <div class='ocr_carea' id='block_1_64' title="bbox 464 3443 2046 3524">
    <p class='ocr_par' dir='ltr' id='par_1_64' title="bbox 464 3443 2046 3524">
     <span class='ocr_line' id='line_1_64' title="bbox 464 3443 2046 3524; baseline -0.007 -17"><span class='ocrx_word' id='word_1_484' title='bbox 464 3453 810 3524; x_wconf 75' lang='grc' dir='ltr'>ἐξηγοῦνται,</span> <span class='ocrx_word' id='word_1_485' title='bbox 845 3449 946 3504; x_wconf 81' lang='grc' dir='ltr'>οὐκ</span> <span class='ocrx_word' id='word_1_486' title='bbox 995 3448 1176 3503; x_wconf 74' lang='grc' dir='ltr'>αὐτῶν</span> <span class='ocrx_word' id='word_1_487' title='bbox 1230 3445 1421 3502; x_wconf 83' lang='grc' dir='ltr'>αἰτίων</span> <span class='ocrx_word' id='word_1_488' title='bbox 1455 3444 1624 3499; x_wconf 75' lang='grc' dir='ltr'>όντων</span> <span class='ocrx_word' id='word_1_489' title='bbox 1663 3443 1758 3497; x_wconf 88' lang='grc' dir='ltr'>τοῦ</span> <span class='ocrx_word' id='word_1_490' title='bbox 1814 3443 2046 3513; x_wconf 86' lang='grc' dir='ltr'>σχίσμα-</span> 
     </span>
    </p>
   </div>
   <div class='ocr_carea' id='block_1_65' title="bbox 462 3524 2048 3613">
    <p class='ocr_par' dir='ltr' id='par_1_65' title="bbox 462 3524 2048 3613">
     <span class='ocr_line' id='line_1_65' title="bbox 462 3524 2048 3613; baseline -0.009 -15"><span class='ocrx_word' id='word_1_491' title='bbox 462 3562 553 3608; x_wconf 89' lang='grc' dir='ltr'>τος</span> <span class='ocrx_word' id='word_1_492' title='bbox 579 3557 596 3575; x_wconf 77' lang='grc' dir='ltr'><strong>ο</strong></span> <span class='ocrx_word' id='word_1_493' title='bbox 630 3524 677 3613; x_wconf 68' lang='grc' dir='ltr'>ἡ</span> <span class='ocrx_word' id='word_1_494' title='bbox 703 3540 813 3610; x_wconf 83' lang='grc' dir='ltr'>γὰρ</span> <span class='ocrx_word' id='word_1_495' title='bbox 843 3539 937 3593; x_wconf 91' lang='grc' dir='ltr'>τοῦ</span> <span class='ocrx_word' id='word_1_496' title='bbox 979 3538 1175 3610; x_wconf 86' lang='grc' dir='ltr'>χρόνου</span> <span class='ocrx_word' id='word_1_497' title='bbox 1216 3535 1532 3608; x_wconf 83' lang='grc' dir='ltr'>προσθήκη,</span> <span class='ocrx_word' id='word_1_498' title='bbox 1575 3532 1805 3595; x_wconf 78' lang='grc' dir='ltr'>πολλοὺς</span> <span class='ocrx_word' id='word_1_499' title='bbox 1854 3532 2048 3601; x_wconf 77' lang='grc' dir='ltr'>ἐκφαί-</span> 
     </span>
    </p>
   </div>
   <div class='ocr_carea' id='block_1_66' title="bbox 466 3617 2048 3699">
    <p class='ocr_par' dir='ltr' id='par_1_66' title="bbox 466 3617 2048 3699">
     <span class='ocr_line' id='line_1_66' title="bbox 466 3617 2048 3699; baseline -0.005 -10"><span class='ocrx_word' id='word_1_500' title='bbox 466 3654 637 3691; x_wconf 79' lang='grc' dir='ltr'>νουσα</span> <span class='ocrx_word' id='word_1_501' title='bbox 693 3617 1200 3696; x_wconf 77' lang='grc' dir='ltr'>διδασκάλους,καὶ</span> <span class='ocrx_word' id='word_1_502' title='bbox 1248 3624 1424 3699; x_wconf 76' lang='grc' dir='ltr'>μείζω</span> <span class='ocrx_word' id='word_1_503' title='bbox 1477 3628 1580 3699; x_wconf 79' lang='grc' dir='ltr'>τὴν</span> <span class='ocrx_word' id='word_1_504' title='bbox 1608 3628 1811 3699; x_wconf 81' lang='grc' dir='ltr'>ἀρετὴν</span> <span class='ocrx_word' id='word_1_505' title='bbox 1868 3627 2048 3681; x_wconf 83' lang='grc' dir='ltr'>αὐτῶν</span> 
     </span>
    </p>
   </div>
   <div class='ocr_carea' id='block_1_67' title="bbox 461 3718 2046 3799">
    <p class='ocr_par' dir='ltr' id='par_1_67' title="bbox 461 3718 2046 3799">
     <span class='ocr_line' id='line_1_67' title="bbox 461 3718 2046 3799; baseline -0.008 -15"><span class='ocrx_word' id='word_1_506' title='bbox 461 3731 560 3784; x_wconf 79' lang='grc' dir='ltr'>καὶ</span> <span class='ocrx_word' id='word_1_507' title='bbox 588 3728 687 3799; x_wconf 86' lang='grc' dir='ltr'>τὴν</span> <span class='ocrx_word' id='word_1_508' title='bbox 717 3726 909 3797; x_wconf 80' lang='grc' dir='ltr'>σοφίαν</span> <span class='ocrx_word' id='word_1_509' title='bbox 942 3724 1217 3780; x_wconf 77' lang='grc' dir='ltr'>ἐδείκνυεν</span> <span class='ocrx_word' id='word_1_510' title='bbox 1248 3722 1337 3788; x_wconf 83' lang='grc' dir='ltr'>ἂν,</span> <span class='ocrx_word' id='word_1_511' title='bbox 1363 3722 1474 3789; x_wconf 82' lang='grc' dir='ltr'>ὅσῳ</span> <span class='ocrx_word' id='word_1_512' title='bbox 1499 3721 1613 3776; x_wconf 89' lang='grc' dir='ltr'>τῶν</span> <span class='ocrx_word' id='word_1_513' title='bbox 1656 3721 1852 3774; x_wconf 76' lang='grc' dir='ltr'>ἑκατὸν</span> <span class='ocrx_word' id='word_1_514' title='bbox 1882 3718 2046 3789; x_wconf 82' lang='grc' dir='ltr'>τυχδν</span> 
     </span>
    </p>
   </div>
   <div class='ocr_carea' id='block_1_68' title="bbox 460 3805 2046 3880">
    <p class='ocr_par' dir='ltr' id='par_1_68' title="bbox 460 3805 2046 3880">
     <span class='ocr_line' id='line_1_68' title="bbox 460 3805 2046 3880; baseline -0.009 -8"><span class='ocrx_word' id='word_1_515' title='bbox 460 3822 515 3872; x_wconf 87' lang='grc' dir='ltr'>οι</span> <span class='ocrx_word' id='word_1_516' title='bbox 543 3817 766 3879; x_wconf 85' lang='grc' dir='ltr'>δεκάκις</span> <span class='ocrx_word' id='word_1_517' title='bbox 814 3812 1062 3867; x_wconf 88' lang='grc' dir='ltr'>τοσοῦτοι</span> <span class='ocrx_word' id='word_1_518' title='bbox 1091 3810 1338 3880; x_wconf 80' lang='grc' dir='ltr'>μείζονός</span> <span class='ocrx_word' id='word_1_519' title='bbox 1361 3811 1500 3862; x_wconf 84' lang='grc' dir='ltr'>εἰσιν</span> <span class='ocrx_word' id='word_1_520' title='bbox 1552 3809 1885 3878; x_wconf 78' lang='grc' dir='ltr'>ἀξιώματος,</span> <span class='ocrx_word' id='word_1_521' title='bbox 1927 3805 2046 3872; x_wconf 78' lang='grc' dir='ltr'>ἆμα</span> 
     </span>
    </p>
   </div>
   <div class='ocr_carea' id='block_1_69' title="bbox 460 3898 2040 3980">
    <p class='ocr_par' dir='ltr' id='par_1_69' title="bbox 460 3898 2040 3980">
     <span class='ocr_line' id='line_1_69' title="bbox 460 3898 2040 3980; baseline -0.012 -12"><span class='ocrx_word' id='word_1_522' title='bbox 460 3915 555 3968; x_wconf 68' lang='grc' dir='ltr'>καὶ</span> <span class='ocrx_word' id='word_1_523' title='bbox 582 3911 677 3965; x_wconf 87' lang='grc' dir='ltr'>τοῦ</span> <span class='ocrx_word' id='word_1_524' title='bbox 709 3908 905 3980; x_wconf 88' lang='grc' dir='ltr'>χρόνου</span> <span class='ocrx_word' id='word_1_525' title='bbox 937 3906 1169 3975; x_wconf 85' lang='grc' dir='ltr'>δύναμίν</span> <span class='ocrx_word' id='word_1_526' title='bbox 1192 3921 1315 3958; x_wconf 85' lang='grc' dir='ltr'>τινα</span> <span class='ocrx_word' id='word_1_527' title='bbox 1339 3901 1448 3957; x_wconf 86' lang='grc' dir='ltr'>τῶν</span> <span class='ocrx_word' id='word_1_528' title='bbox 1474 3902 1717 3971; x_wconf 74' lang='grc' dir='ltr'>ἀρίστων</span> <span class='ocrx_word' id='word_1_529' title='bbox 1744 3898 2040 3971; x_wconf 82' lang='grc' dir='ltr'>εὑρετικὴν</span> 
     </span>
    </p>
   </div>
   <div class='ocr_carea' id='block_1_70' title="bbox 460 3990 2046 4075">
    <p class='ocr_par' dir='ltr' id='par_1_70' title="bbox 460 3990 2046 4075">
     <span class='ocr_line' id='line_1_70' title="bbox 460 3990 2046 4075; baseline -0.011 -17"><span class='ocrx_word' id='word_1_530' title='bbox 460 4006 700 4075; x_wconf 77' lang='grc' dir='ltr'>ἔχοντος.</span> <span class='ocrx_word' id='word_1_531' title='bbox 733 3999 799 4052; x_wconf 67' lang='lat' dir='ltr'>Et</span> <span class='ocrx_word' id='word_1_532' title='bbox 859 3998 966 4066; x_wconf 84' lang='grc' dir='ltr'>γὰρ</span> <span class='ocrx_word' id='word_1_533' title='bbox 997 3997 1122 4060; x_wconf 78' lang='grc' dir='ltr'>τοὺς</span> <span class='ocrx_word' id='word_1_534' title='bbox 1182 3995 1381 4056; x_wconf 79' lang='grc' dir='ltr'>αὐτοὺς</span> <span class='ocrx_word' id='word_1_535' title='bbox 1423 3993 1687 4053; x_wconf 83' lang='grc' dir='ltr'>πολλάκις</span> <span class='ocrx_word' id='word_1_536' title='bbox 1736 3992 1872 4061; x_wconf 75' lang='grc' dir='ltr'>περὶ</span> <span class='ocrx_word' id='word_1_537' title='bbox 1936 3990 2046 4043; x_wconf 79' lang='grc' dir='ltr'>τῶν</span> 
     </span>
    </p>
   </div>
   <div class='ocr_carea' id='block_1_71' title="bbox 452 4081 2045 4161">
    <p class='ocr_par' dir='ltr' id='par_1_71' title="bbox 452 4081 2045 4161">
     <span class='ocr_line' id='line_1_71' title="bbox 452 4081 2045 4161; baseline -0.009 -13"><span class='ocrx_word' id='word_1_538' title='bbox 452 4093 641 4147; x_wconf 82' lang='grc' dir='ltr'>αὐτῶν</span> <span class='ocrx_word' id='word_1_539' title='bbox 684 4086 1156 4161; x_wconf 81' lang='grc' dir='ltr'>βουλευσαμένους</span> <span class='ocrx_word' id='word_1_540' title='bbox 1180 4086 1400 4155; x_wconf 84' lang='grc' dir='ltr'>ὁρῶμεν</span> <span class='ocrx_word' id='word_1_541' title='bbox 1435 4085 1660 4154; x_wconf 82' lang='grc' dir='ltr'>ἄμεινον</span> <span class='ocrx_word' id='word_1_542' title='bbox 1704 4081 2045 4151; x_wconf 80' lang='grc' dir='ltr'>ἐξευρίσκειν</span> 
     </span>
    </p>
   </div>
   <div class='ocr_carea' id='block_1_72' title="bbox 459 4172 2043 4249">
    <p class='ocr_par' dir='ltr' id='par_1_72' title="bbox 459 4172 2043 4249">
     <span class='ocr_line' id='line_1_72' title="bbox 459 4172 2043 4249; baseline -0.011 -8"><span class='ocrx_word' id='word_1_543' title='bbox 459 4189 522 4241; x_wconf 74' lang='grc' dir='ltr'>τὺ</span> <span class='ocrx_word' id='word_1_544' title='bbox 544 4186 661 4238; x_wconf 84' lang='grc' dir='ltr'>δέον</span> <span class='ocrx_word' id='word_1_545' title='bbox 687 4182 796 4237; x_wconf 88' lang='grc' dir='ltr'>τῶν</span> <span class='ocrx_word' id='word_1_546' title='bbox 826 4179 976 4244; x_wconf 81' lang='grc' dir='ltr'>ἆπαξ</span> <span class='ocrx_word' id='word_1_547' title='bbox 1003 4177 1479 4249; x_wconf 82' lang='grc' dir='ltr'>βουλευσαμένων,</span> <span class='ocrx_word' id='word_1_548' title='bbox 1512 4175 1665 4245; x_wconf 87' lang='grc' dir='ltr'>πόσῳ</span> <span class='ocrx_word' id='word_1_549' title='bbox 1708 4172 1912 4244; x_wconf 81' lang='grc' dir='ltr'>μᾶλλον</span> <span class='ocrx_word' id='word_1_550' title='bbox 1944 4172 2043 4225; x_wconf 65' lang='grc' dir='ltr'>καλ⁵</span> 
     </span>
    </p>
   </div>
   <div class='ocr_carea' id='block_1_73' title="bbox 458 4265 2045 4344">
    <p class='ocr_par' dir='ltr' id='par_1_73' title="bbox 458 4265 2045 4344">
     <span class='ocr_line' id='line_1_73' title="bbox 458 4265 2045 4344; baseline -0.01 -12"><span class='ocrx_word' id='word_1_551' title='bbox 458 4283 535 4341; x_wconf 83' lang='grc' dir='ltr'>ὡς</span> <span class='ocrx_word' id='word_1_552' title='bbox 566 4279 711 4331; x_wconf 77' lang='grc' dir='ltr'>ἐστιν</span> <span class='ocrx_word' id='word_1_553' title='bbox 763 4278 821 4329; x_wconf 76' lang='grc' dir='ltr'>ἐν</span> <span class='ocrx_word' id='word_1_554' title='bbox 852 4273 1064 4327; x_wconf 88' lang='grc' dir='ltr'>πλείονι</span> <span class='ocrx_word' id='word_1_555' title='bbox 1110 4272 1288 4344; x_wconf 86' lang='grc' dir='ltr'>χρόνῳ</span> <span class='ocrx_word' id='word_1_556' title='bbox 1331 4270 1430 4339; x_wconf 81' lang='grc' dir='ltr'>τὴν</span> <span class='ocrx_word' id='word_1_557' title='bbox 1481 4268 1700 4339; x_wconf 76' lang='grc' dir='ltr'>εὕρεσιν</span> <span class='ocrx_word' id='word_1_558' title='bbox 1730 4265 2045 4319; x_wconf 79' lang='grc' dir='ltr'>ἐπεκτείνε-</span> 
     </span>
    </p>
   </div>
   <div class='ocr_carea' id='block_1_74' title="bbox 460 4359 2043 4438">
    <p class='ocr_par' dir='ltr' id='par_1_74' title="bbox 460 4359 2043 4438">
     <span class='ocr_line' id='line_1_74' title="bbox 460 4359 2043 4438; baseline -0.009 -14"><span class='ocrx_word' id='word_1_559' title='bbox 460 4376 625 4438; x_wconf 72' lang='grc' dir='ltr'>σθαις</span> <span class='ocrx_word' id='word_1_560' title='bbox 676 4367 790 4422; x_wconf 86' lang='grc' dir='ltr'>Νῦν</span> <span class='ocrx_word' id='word_1_561' title='bbox 825 4367 883 4419; x_wconf 87' lang='grc' dir='ltr'>δὲ</span> <span class='ocrx_word' id='word_1_562' title='bbox 929 4363 1142 4419; x_wconf 84' lang='grc' dir='ltr'>πολλῶν</span> <span class='ocrx_word' id='word_1_563' title='bbox 1175 4364 1278 4434; x_wconf 81' lang='grc' dir='ltr'>μὲν</span> <span class='ocrx_word' id='word_1_564' title='bbox 1319 4362 1527 4432; x_wconf 83' lang='grc' dir='ltr'>γενεῶν</span> <span class='ocrx_word' id='word_1_565' title='bbox 1559 4359 2043 4433; x_wconf 83' lang='grc' dir='ltr'>παραδραμουσῶν</span> 
     </span>
    </p>
   </div>
   <div class='ocr_carea' id='block_1_75' title="bbox 409 4429 2117 4533">
    <p class='ocr_par' dir='ltr' id='par_1_75' title="bbox 409 4429 2117 4533">
     <span class='ocr_line' id='line_1_75' title="bbox 409 4429 2117 4533; baseline -0.008 -18"><span class='ocrx_word' id='word_1_566' title='bbox 409 4484 411 4486; x_wconf 88' lang='grc'><strong>·</strong></span> <span class='ocrx_word' id='word_1_567' title='bbox 461 4429 692 4533; x_wconf 50' lang='grc' dir='ltr'>μετάπδ</span> <span class='ocrx_word' id='word_1_568' title='bbox 725 4459 1014 4532; x_wconf 81' lang='grc' dir='ltr'>σχισθῆναι</span> <span class='ocrx_word' id='word_1_569' title='bbox 1049 4429 1316 4518; x_wconf 86' lang='grc' dir='ltr'>Λατίνους</span> <span class='ocrx_word' id='word_1_570' title='bbox 1332 4429 1510 4526; x_wconf 67' lang='grc' dir='ltr'>⁷μέχρι</span> <span class='ocrx_word' id='word_1_571' title='bbox 1539 4429 1653 4507; x_wconf 67' lang='grc' dir='ltr'>καὶ⁷</span> <span class='ocrx_word' id='word_1_572' title='bbox 1675 4451 1792 4514; x_wconf 82' lang='grc' dir='ltr'>νῦν,</span> <span class='ocrx_word' id='word_1_573' title='bbox 1822 4453 1880 4504; x_wconf 77' lang='grc' dir='ltr'>ὲν</span> <span class='ocrx_word' id='word_1_574' title='bbox 1909 4451 2041 4504; x_wconf 80' lang='grc' dir='ltr'>έκά-</span> <span class='ocrx_word' id='word_1_575' title='bbox 2071 4429 2117 4486; x_wconf 77' lang='lat' dir='ltr'><strong>D</strong></span> 
     </span>
    </p>
   </div>
   <div class='ocr_carea' id='block_1_76' title="bbox 461 4541 2040 4625">
    <p class='ocr_par' dir='ltr' id='par_1_76' title="bbox 461 4541 2040 4625">
     <span class='ocr_line' id='line_1_76' title="bbox 461 4541 2040 4625; baseline -0.009 -18"><span class='ocrx_word' id='word_1_576' title='bbox 461 4571 565 4625; x_wconf 76' lang='grc' dir='ltr'>στῃ</span> <span class='ocrx_word' id='word_1_577' title='bbox 613 4553 670 4606; x_wconf 81' lang='grc' dir='ltr'>δὲ</span> <span class='ocrx_word' id='word_1_578' title='bbox 708 4552 919 4622; x_wconf 80' lang='grc' dir='ltr'>μυρίων</span> <span class='ocrx_word' id='word_1_579' title='bbox 952 4549 1262 4618; x_wconf 78' lang='grc' dir='ltr'>γενομένων</span> <span class='ocrx_word' id='word_1_580' title='bbox 1295 4547 1570 4616; x_wconf 79' lang='grc' dir='ltr'>ὲναρέτων</span> <span class='ocrx_word' id='word_1_581' title='bbox 1599 4562 1660 4598; x_wconf 88' lang='grc' dir='ltr'>τε</span> <span class='ocrx_word' id='word_1_582' title='bbox 1711 4544 1809 4597; x_wconf 75' lang='grc' dir='ltr'>καὶ</span> <span class='ocrx_word' id='word_1_583' title='bbox 1861 4541 2040 4609; x_wconf 60' lang='grc' dir='ltr'>σοῷν</span> 
     </span>
    </p>
   </div>
   <div class='ocr_carea' id='block_1_77' title="bbox 457 4633 2040 4725">
    <p class='ocr_par' dir='ltr' id='par_1_77' title="bbox 457 4633 2040 4725">
     <span class='ocr_line' id='line_1_77' title="bbox 457 4633 2040 4725; baseline -0.01 -24"><span class='ocrx_word' id='word_1_584' title='bbox 457 4647 695 4725; x_wconf 41' lang='grc' dir='ltr'>ὲνθγένει</span> <span class='ocrx_word' id='word_1_585' title='bbox 725 4644 949 4716; x_wconf 86' lang='grc' dir='ltr'>μεγάλῳ</span> <span class='ocrx_word' id='word_1_586' title='bbox 982 4640 1059 4712; x_wconf 84' lang='grc' dir='ltr'>τῷ</span> <span class='ocrx_word' id='word_1_587' title='bbox 1106 4640 1389 4721; x_wconf 74' lang='grc' dir='ltr'>ἡμετέρῳ,</span> <span class='ocrx_word' id='word_1_588' title='bbox 1425 4638 1522 4691; x_wconf 76' lang='grc' dir='ltr'>καὶ</span> <span class='ocrx_word' id='word_1_589' title='bbox 1568 4636 1770 4725; x_wconf 82' lang='grc' dir='ltr'>πολλὴν</span> <span class='ocrx_word' id='word_1_590' title='bbox 1794 4635 1912 4725; x_wconf 86' lang='grc' dir='ltr'>τότε</span> <span class='ocrx_word' id='word_1_591' title='bbox 1944 4633 2040 4725; x_wconf 47' lang='grc' dir='ltr'>δότ</span> 
     </span>
    </p>
   </div>
   <div class='ocr_carea' id='block_1_78' title="bbox 459 4721 2041 4807">
    <p class='ocr_par' dir='ltr' id='par_1_78' title="bbox 459 4721 2041 4807">
     <span class='ocr_line' id='line_1_78' title="bbox 459 4721 2041 4807; baseline -0.011 -16"><span class='ocrx_word' id='word_1_592' title='bbox 459 4721 627 4807; x_wconf 80' lang='grc' dir='ltr'>ναμιν</span> <span class='ocrx_word' id='word_1_593' title='bbox 653 4736 854 4806; x_wconf 78' lang='grc' dir='ltr'>ἔχοντι,</span> <span class='ocrx_word' id='word_1_594' title='bbox 908 4732 1005 4787; x_wconf 74' lang='grc' dir='ltr'>καὶ</span> <span class='ocrx_word' id='word_1_595' title='bbox 1051 4730 1291 4800; x_wconf 80' lang='grc' dir='ltr'>σπουδὴν</span> <span class='ocrx_word' id='word_1_596' title='bbox 1315 4729 1444 4799; x_wconf 73' lang='grc' dir='ltr'>περὶ</span> <span class='ocrx_word' id='word_1_597' title='bbox 1488 4727 1556 4780; x_wconf 81' lang='grc' dir='ltr'>τά</span> <span class='ocrx_word' id='word_1_598' title='bbox 1580 4724 1745 4788; x_wconf 79' lang='grc' dir='ltr'>καλά,</span> <span class='ocrx_word' id='word_1_599' title='bbox 1780 4724 1941 4793; x_wconf 80' lang='grc' dir='ltr'>ἡμεῖς</span> <span class='ocrx_word' id='word_1_600' title='bbox 1988 4721 2041 4774; x_wconf 74' lang='grc' dir='ltr'>οἱ</span> 
     </span>
    </p>
   </div>
   <div class='ocr_carea' id='block_1_79' title="bbox 455 4815 2039 4893">
    <p class='ocr_par' dir='ltr' id='par_1_79' title="bbox 455 4815 2039 4893">
     <span class='ocr_line' id='line_1_79' title="bbox 455 4815 2039 4893; baseline -0.009 -13"><span class='ocrx_word' id='word_1_601' title='bbox 455 4828 551 4883; x_wconf 85' lang='grc' dir='ltr'>νῦν</span> <span class='ocrx_word' id='word_1_602' title='bbox 581 4827 734 4891; x_wconf 83' lang='grc' dir='ltr'>δντες</span> <span class='ocrx_word' id='word_1_603' title='bbox 777 4827 871 4878; x_wconf 72' lang='grc' dir='ltr'>καὶ</span> <span class='ocrx_word' id='word_1_604' title='bbox 906 4824 1037 4893; x_wconf 77' lang='grc' dir='ltr'>περὶ</span> <span class='ocrx_word' id='word_1_605' title='bbox 1066 4820 1274 4873; x_wconf 83' lang='grc' dir='ltr'>τούτων</span> <span class='ocrx_word' id='word_1_606' title='bbox 1300 4816 1631 4887; x_wconf 83' lang='grc' dir='ltr'>τολμῶντες,</span> <span class='ocrx_word' id='word_1_607' title='bbox 1668 4815 1721 4869; x_wconf 79' lang='grc' dir='ltr'>οἳ</span> <span class='ocrx_word' id='word_1_608' title='bbox 1753 4816 1847 4867; x_wconf 79' lang='grc' dir='ltr'>καὶ</span> <span class='ocrx_word' id='word_1_609' title='bbox 1870 4815 2039 4879; x_wconf 84' lang='grc' dir='ltr'>ἀναγ-</span> 
     </span>
    </p>
   </div>
   <div class='ocr_carea' id='block_1_80' title="bbox 456 4906 2038 4990">
    <p class='ocr_par' dir='ltr' id='par_1_80' title="bbox 456 4906 2038 4990">
     <span class='ocr_line' id='line_1_80' title="bbox 456 4906 2038 4990; baseline -0.011 -18"><span class='ocrx_word' id='word_1_610' title='bbox 456 4920 755 4990; x_wconf 74' lang='grc' dir='ltr'>καζόμενοι</span> <span class='ocrx_word' id='word_1_611' title='bbox 792 4916 1024 4986; x_wconf 84' lang='grc' dir='ltr'>κρίνειν,</span> <span class='ocrx_word' id='word_1_612' title='bbox 1055 4913 1176 4965; x_wconf 78' lang='grc' dir='ltr'>οὐδὲ</span> <span class='ocrx_word' id='word_1_613' title='bbox 1222 4908 1515 4965; x_wconf 75' lang='grc' dir='ltr'>πολλοστὸν</span> <span class='ocrx_word' id='word_1_614' title='bbox 1537 4910 1708 4976; x_wconf 75' lang='grc' dir='ltr'>ἐσμεν</span> <span class='ocrx_word' id='word_1_615' title='bbox 1746 4908 1911 4975; x_wconf 85' lang='grc' dir='ltr'>μέρος</span> <span class='ocrx_word' id='word_1_616' title='bbox 1947 4906 2038 4956; x_wconf 86' lang='grc' dir='ltr'>δυ-</span> 
     </span>
    </p>
   </div>
   <div class='ocr_carea' id='block_1_81' title="bbox 455 4998 2040 5078">
    <p class='ocr_par' dir='ltr' id='par_1_81' title="bbox 455 4998 2040 5078">
     <span class='ocr_line' id='line_1_81' title="bbox 455 4998 2040 5078; baseline -0.009 -17"><span class='ocrx_word' id='word_1_617' title='bbox 455 5012 620 5078; x_wconf 72' lang='grc' dir='ltr'>νάμει</span> <span class='ocrx_word' id='word_1_618' title='bbox 654 5010 751 5061; x_wconf 77' lang='grc' dir='ltr'>καὶ</span> <span class='ocrx_word' id='word_1_619' title='bbox 781 5007 977 5075; x_wconf 71' lang='grc' dir='ltr'>πλήθει</span> <span class='ocrx_word' id='word_1_620' title='bbox 999 5004 1109 5056; x_wconf 88' lang='grc' dir='ltr'>τῶν</span> <span class='ocrx_word' id='word_1_621' title='bbox 1143 5005 1200 5056; x_wconf 86' lang='grc' dir='ltr'>ἐν</span> <span class='ocrx_word' id='word_1_622' title='bbox 1226 5002 1432 5072; x_wconf 78' lang='grc' dir='ltr'>ἐσχάτῃ</span> <span class='ocrx_word' id='word_1_623' title='bbox 1472 4998 1646 5068; x_wconf 74' lang='grc' dir='ltr'>ταύτῃ</span> <span class='ocrx_word' id='word_1_624' title='bbox 1675 5001 1742 5068; x_wconf 82' lang='grc' dir='ltr'>τῇ</span> <span class='ocrx_word' id='word_1_625' title='bbox 1780 4998 2040 5065; x_wconf 85' lang='grc' dir='ltr'>προσεχεῖ</span> 
     </span>
    </p>
   </div>
   <div class='ocr_carea' id='block_1_82' title="bbox 454 5085 2036 5171">
    <p class='ocr_par' dir='ltr' id='par_1_82' title="bbox 454 5085 2036 5171">
     <span class='ocr_line' id='line_1_82' title="bbox 454 5085 2036 5171; baseline -0.009 -16"><span class='ocrx_word' id='word_1_626' title='bbox 454 5103 642 5171; x_wconf 80' lang='grc' dir='ltr'>γενεᾷ.</span> <span class='ocrx_word' id='word_1_627' title='bbox 675 5101 768 5163; x_wconf 78' lang='grc' dir='ltr'>οὒς</span> <span class='ocrx_word' id='word_1_628' title='bbox 792 5100 1007 5168; x_wconf 82' lang='grc' dir='ltr'>είδομεν</span> <span class='ocrx_word' id='word_1_629' title='bbox 1039 5097 1134 5150; x_wconf 73' lang='grc' dir='ltr'>καὶ</span> <span class='ocrx_word' id='word_1_630' title='bbox 1167 5089 1247 5156; x_wconf 78' lang='grc' dir='ltr'>οἷς</span> <span class='ocrx_word' id='word_1_631' title='bbox 1290 5093 1677 5162; x_wconf 87' lang='grc' dir='ltr'>ὼμιλήσαμεν.</span> <span class='ocrx_word' id='word_1_632' title='bbox 1713 5090 1834 5151; x_wconf 87' lang='grc' dir='ltr'>Πῶς</span> <span class='ocrx_word' id='word_1_633' title='bbox 1862 5085 1955 5141; x_wconf 80' lang='grc' dir='ltr'>οὖν</span> <span class='ocrx_word' id='word_1_634' title='bbox 1975 5089 2036 5140; x_wconf 85' lang='grc' dir='ltr'>ού</span> 
     </span>
    </p>
   </div>
   <div class='ocr_carea' id='block_1_83' title="bbox 454 5179 2039 5261">
    <p class='ocr_par' dir='ltr' id='par_1_83' title="bbox 454 5179 2039 5261">
     <span class='ocr_line' id='line_1_83' title="bbox 454 5179 2039 5261; baseline -0.01 -17"><span class='ocrx_word' id='word_1_635' title='bbox 454 5192 556 5261; x_wconf 83' lang='grc' dir='ltr'>τῆς</span> <span class='ocrx_word' id='word_1_636' title='bbox 587 5190 831 5259; x_wconf 70' lang='grc' dir='ltr'>ἐσχάτης</span> <span class='ocrx_word' id='word_1_637' title='bbox 860 5184 1272 5256; x_wconf 85' lang='grc' dir='ltr'>ύπερηφανείας</span> <span class='ocrx_word' id='word_1_638' title='bbox 1308 5184 1374 5236; x_wconf 82' lang='grc' dir='ltr'>ἂν</span> <span class='ocrx_word' id='word_1_639' title='bbox 1401 5182 1487 5253; x_wconf 79' lang='grc' dir='ltr'>εἴη</span> <span class='ocrx_word' id='word_1_640' title='bbox 1521 5184 1616 5236; x_wconf 74' lang='grc' dir='ltr'>καὶ</span> <span class='ocrx_word' id='word_1_641' title='bbox 1647 5179 1858 5251; x_wconf 84' lang='grc' dir='ltr'>μωρίας</span> <span class='ocrx_word' id='word_1_642' title='bbox 1885 5179 2039 5243; x_wconf 80' lang='grc' dir='ltr'>εὑρέ-</span> 
     </span>
    </p>
   </div>
   <div class='ocr_carea' id='block_1_84' title="bbox 458 5272 2033 5349">
    <p class='ocr_par' dir='ltr' id='par_1_84' title="bbox 458 5272 2033 5349">
     <span class='ocr_line' id='line_1_84' title="bbox 458 5272 2033 5349; baseline -0.01 -11"><span class='ocrx_word' id='word_1_643' title='bbox 458 5302 542 5338; x_wconf 87' lang='grc' dir='ltr'>σει</span> <span class='ocrx_word' id='word_1_644' title='bbox 575 5283 672 5336; x_wconf 81' lang='grc' dir='ltr'>καὶ</span> <span class='ocrx_word' id='word_1_645' title='bbox 718 5280 921 5349; x_wconf 87' lang='grc' dir='ltr'>κρίσει,</span> <span class='ocrx_word' id='word_1_646' title='bbox 956 5276 1214 5329; x_wconf 82' lang='grc' dir='ltr'>τοσούτου</span> <span class='ocrx_word' id='word_1_647' title='bbox 1261 5273 1628 5344; x_wconf 67' lang='grc' dir='ltr'>διαμάχεσθαι</span> <span class='ocrx_word' id='word_1_648' title='bbox 1666 5273 1858 5343; x_wconf 68' lang='grc' dir='ltr'>χρόνου</span> <span class='ocrx_word' id='word_1_649' title='bbox 1906 5272 2033 5333; x_wconf 75' lang='grc' dir='ltr'>τοὺς</span> 
     </span>
    </p>
   </div>
   <div class='ocr_carea' id='block_1_85' title="bbox 457 5363 2036 5450">
    <p class='ocr_par' dir='ltr' id='par_1_85' title="bbox 457 5363 2036 5450">
     <span class='ocr_line' id='line_1_85' title="bbox 457 5363 2036 5450; baseline -0.013 -17"><span class='ocrx_word' id='word_1_650' title='bbox 457 5378 697 5450; x_wconf 82' lang='grc' dir='ltr'>μηδένας</span> <span class='ocrx_word' id='word_1_651' title='bbox 745 5374 894 5444; x_wconf 82' lang='grc' dir='ltr'>ἡμᾶς</span> <span class='ocrx_word' id='word_1_652' title='bbox 931 5366 1291 5443; x_wconf 70' lang='grc' dir='ltr'>ἡπειρᾶσθαί</span> <span class='ocrx_word' id='word_1_653' title='bbox 1339 5384 1392 5418; x_wconf 92' lang='grc' dir='ltr'>τι</span> <span class='ocrx_word' id='word_1_654' title='bbox 1454 5367 1664 5433; x_wconf 87' lang='grc' dir='ltr'>κρίνειν</span> <span class='ocrx_word' id='word_1_655' title='bbox 1711 5363 2036 5417; x_wconf 81' lang='grc' dir='ltr'>ὑπεναντίον</span> 
     </span>
    </p>
   </div>
   <div class='ocr_carea' id='block_1_86' title="bbox 450 5457 2032 5539">
    <p class='ocr_par' dir='ltr' id='par_1_86' title="bbox 450 5457 2032 5539">
     <span class='ocr_line' id='line_1_86' title="bbox 450 5457 2032 5539; baseline -0.01 -17"><span class='ocrx_word' id='word_1_656' title='bbox 450 5466 530 5533; x_wconf 75' lang='grc' dir='ltr'>οἷς</span> <span class='ocrx_word' id='word_1_657' title='bbox 560 5467 1009 5539; x_wconf 77' lang='grc' dir='ltr'>ὲντεθράμμεθα,</span> <span class='ocrx_word' id='word_1_658' title='bbox 1031 5461 1388 5532; x_wconf 81' lang='grc' dir='ltr'>κεκριμένοις</span> <span class='ocrx_word' id='word_1_659' title='bbox 1420 5457 1526 5511; x_wconf 82' lang='grc' dir='ltr'>ὑπὸ</span> <span class='ocrx_word' id='word_1_660' title='bbox 1563 5457 1834 5510; x_wconf 84' lang='grc' dir='ltr'>τοσούτων</span> <span class='ocrx_word' id='word_1_661' title='bbox 1860 5457 1918 5507; x_wconf 81' lang='grc' dir='ltr'>ἐν</span> <span class='ocrx_word' id='word_1_662' title='bbox 1946 5472 2032 5507; x_wconf 84' lang='grc' dir='ltr'>το-</span> 
     </span>
    </p>
   </div>
   <div class='ocr_carea' id='block_1_87' title="bbox 450 5558 1176 5631">
    <p class='ocr_par' dir='ltr' id='par_1_87' title="bbox 450 5558 1176 5631">
     <span class='ocr_line' id='line_1_87' title="bbox 450 5558 1176 5631; baseline -0.008 -18"><span class='ocrx_word' id='word_1_663' title='bbox 450 5564 628 5631; x_wconf 80' lang='grc' dir='ltr'>σούτῳ</span> <span class='ocrx_word' id='word_1_664' title='bbox 651 5562 832 5631; x_wconf 82' lang='grc' dir='ltr'>χρόνῳ</span> <span class='ocrx_word' id='word_1_665' title='bbox 869 5558 1133 5629; x_wconf 83' lang='grc' dir='ltr'>Πατέρων</span> <span class='ocrx_word' id='word_1_666' title='bbox 1158 5573 1176 5623; x_wconf 66' lang='grc' dir='ltr'>ς</span> 
     </span>
    </p>
   </div>
   <div class='ocr_carea' id='block_1_88' title="bbox 524 5640 2025 5722">
    <p class='ocr_par' dir='ltr' id='par_1_88' title="bbox 524 5640 2025 5722">
     <span class='ocr_line' id='line_1_88' title="bbox 524 5640 2025 5722; baseline -0.009 -18"><span class='ocrx_word' id='word_1_667' title='bbox 524 5656 582 5705; x_wconf 76' lang='grc' dir='ltr'>Εἰ</span> <span class='ocrx_word' id='word_1_668' title='bbox 612 5657 669 5706; x_wconf 82' lang='grc' dir='ltr'>δὲ</span> <span class='ocrx_word' id='word_1_669' title='bbox 716 5659 812 5707; x_wconf 80' lang='grc' dir='ltr'>καὶ</span> <span class='ocrx_word' id='word_1_670' title='bbox 845 5650 1182 5722; x_wconf 77' lang='grc' dir='ltr'>ἐϐουλόμεθα</span> <span class='ocrx_word' id='word_1_671' title='bbox 1226 5648 1439 5717; x_wconf 83' lang='grc' dir='ltr'>φαύλην</span> <span class='ocrx_word' id='word_1_672' title='bbox 1469 5644 1612 5698; x_wconf 80' lang='grc' dir='ltr'>οὕτω</span> <span class='ocrx_word' id='word_1_673' title='bbox 1650 5642 1777 5711; x_wconf 72' lang='grc' dir='ltr'>περὶ</span> <span class='ocrx_word' id='word_1_674' title='bbox 1810 5640 2025 5694; x_wconf 83' lang='grc' dir='ltr'>πάντων</span> 
     </span>
    </p>
   </div>
   <div class='ocr_carea' id='block_1_89' title="bbox 450 5734 2019 5813">
    <p class='ocr_par' dir='ltr' id='par_1_89' title="bbox 450 5734 2019 5813">
     <span class='ocr_line' id='line_1_89' title="bbox 450 5734 2019 5813; baseline -0.007 -15"><span class='ocrx_word' id='word_1_675' title='bbox 450 5746 657 5812; x_wconf 69' lang='grc' dir='ltr'>εἰδησιν</span> <span class='ocrx_word' id='word_1_676' title='bbox 702 5746 915 5813; x_wconf 79' lang='grc' dir='ltr'>ἔχοντες</span> <span class='ocrx_word' id='word_1_677' title='bbox 947 5748 1058 5809; x_wconf 81' lang='grc' dir='ltr'>τοῖς</span> <span class='ocrx_word' id='word_1_678' title='bbox 1093 5742 1234 5809; x_wconf 73' lang='grc' dir='ltr'>ὑπὲρ</span> <span class='ocrx_word' id='word_1_679' title='bbox 1262 5742 1407 5811; x_wconf 75' lang='grc' dir='ltr'>ἡμᾶς</span> <span class='ocrx_word' id='word_1_680' title='bbox 1437 5738 1734 5807; x_wconf 71' lang='grc' dir='ltr'>ἐγχειρεῖν,</span> <span class='ocrx_word' id='word_1_681' title='bbox 1771 5734 1887 5798; x_wconf 83' lang='grc' dir='ltr'>πῶς</span> <span class='ocrx_word' id='word_1_682' title='bbox 1920 5734 2019 5787; x_wconf 71' lang='grc' dir='ltr'>οὐκ</span> 
     </span>
    </p>
   </div>
   <div class='ocr_carea' id='block_1_90' title="bbox 2152 3166 3730 3243">
    <p class='ocr_par' dir='ltr' id='par_1_90' title="bbox 2152 3166 3730 3243">
     <span class='ocr_line' id='line_1_90' title="bbox 2152 3166 3730 3243; baseline 0.003 -22"><span class='ocrx_word' id='word_1_683' title='bbox 2152 3168 2345 3233; x_wconf 76' lang='grc' dir='ltr'>σώζειν</span> <span class='ocrx_word' id='word_1_684' title='bbox 2371 3166 2610 3237; x_wconf 80' lang='grc' dir='ltr'>θεσμοὺς</span> <span class='ocrx_word' id='word_1_685' title='bbox 2657 3168 2942 3240; x_wconf 89' lang='grc' dir='ltr'>προσέχειν</span> <span class='ocrx_word' id='word_1_686' title='bbox 2971 3169 3170 3240; x_wconf 86' lang='grc' dir='ltr'>ἀφήσει</span> <span class='ocrx_word' id='word_1_687' title='bbox 3220 3170 3334 3231; x_wconf 89' lang='grc' dir='ltr'>τοῖς</span> <span class='ocrx_word' id='word_1_688' title='bbox 3382 3171 3442 3225; x_wconf 81' lang='grc' dir='ltr'>ὲν</span> <span class='ocrx_word' id='word_1_689' title='bbox 3487 3171 3730 3243; x_wconf 82' lang='grc' dir='ltr'>Φλωρεν-</span> 
     </span>
    </p>
   </div>
   <div class='ocr_carea' id='block_1_91' title="bbox 2150 3260 2853 3331">
    <p class='ocr_par' dir='ltr' id='par_1_91' title="bbox 2150 3260 2853 3331">
     <span class='ocr_line' id='line_1_91' title="bbox 2150 3260 2853 3331; baseline 0 -18"><span class='ocrx_word' id='word_1_690' title='bbox 2150 3261 2239 3330; x_wconf 81' lang='grc' dir='ltr'>τίᾳ</span> <span class='ocrx_word' id='word_1_691' title='bbox 2274 3260 2749 3331; x_wconf 86' lang='grc' dir='ltr'>συντεθειμένοις;</span> <span class='ocrx_word' id='word_1_692' title='bbox 2844 3296 2853 3304; x_wconf 67' lang='grc' dir='ltr'>ε</span> 
     </span>
    </p>
   </div>
   <div class='ocr_carea' id='block_1_92' title="bbox 2238 3351 3736 3426">
    <p class='ocr_par' dir='ltr' id='par_1_92' title="bbox 2238 3351 3736 3426">
     <span class='ocr_line' id='line_1_92' title="bbox 2238 3351 3736 3426; baseline 0.002 -18"><span class='ocrx_word' id='word_1_693' title='bbox 2238 3354 2303 3408; x_wconf 76' lang='lat' dir='ltr'>El</span> <span class='ocrx_word' id='word_1_694' title='bbox 2332 3353 2389 3407; x_wconf 78' lang='grc' dir='ltr'>δὲ</span> <span class='ocrx_word' id='word_1_695' title='bbox 2428 3353 2663 3424; x_wconf 75' lang='grc' dir='ltr'>μερικὴν</span> <span class='ocrx_word' id='word_1_696' title='bbox 2705 3354 2921 3426; x_wconf 76' lang='grc' dir='ltr'>ἐκείνην</span> <span class='ocrx_word' id='word_1_697' title='bbox 2956 3357 3117 3425; x_wconf 85' lang='grc' dir='ltr'>φήσει</span> <span class='ocrx_word' id='word_1_698' title='bbox 3154 3373 3241 3420; x_wconf 88' lang='grc' dir='ltr'>τις</span> <span class='ocrx_word' id='word_1_699' title='bbox 3289 3351 3432 3409; x_wconf 78' lang='grc' dir='ltr'>εἶναι</span> <span class='ocrx_word' id='word_1_700' title='bbox 3467 3357 3567 3424; x_wconf 83' lang='grc' dir='ltr'>τὴν</span> <span class='ocrx_word' id='word_1_701' title='bbox 3612 3357 3736 3411; x_wconf 82' lang='grc' dir='ltr'>σύν-</span> 
     </span>
    </p>
   </div>
   <div class='ocr_carea' id='block_1_93' title="bbox 2148 3443 3735 3520">
    <p class='ocr_par' dir='ltr' id='par_1_93' title="bbox 2148 3443 3735 3520">
     <span class='ocr_line' id='line_1_93' title="bbox 2148 3443 3735 3520; baseline 0.003 -23"><span class='ocrx_word' id='word_1_702' title='bbox 2148 3445 2289 3511; x_wconf 84' lang='grc' dir='ltr'>οδον,</span> <span class='ocrx_word' id='word_1_703' title='bbox 2326 3448 2375 3499; x_wconf 87' lang='grc' dir='ltr'>εί</span> <span class='ocrx_word' id='word_1_704' title='bbox 2431 3447 2528 3517; x_wconf 78' lang='grc' dir='ltr'>μὲν</span> <span class='ocrx_word' id='word_1_705' title='bbox 2567 3448 2632 3501; x_wconf 79' lang='grc' dir='ltr'>ἐκ</span> <span class='ocrx_word' id='word_1_706' title='bbox 2687 3447 2937 3501; x_wconf 81' lang='grc' dir='ltr'>Λατίνων</span> <span class='ocrx_word' id='word_1_707' title='bbox 2969 3443 3123 3513; x_wconf 64' lang='grc' dir='ltr'>οὗτός</span> <span class='ocrx_word' id='word_1_708' title='bbox 3170 3449 3308 3515; x_wconf 72' lang='grc' dir='ltr'>ἐστι,</span> <span class='ocrx_word' id='word_1_709' title='bbox 3352 3450 3575 3520; x_wconf 80' lang='grc' dir='ltr'>πτεροῖς</span> <span class='ocrx_word' id='word_1_710' title='bbox 3622 3450 3735 3512; x_wconf 85' lang='grc' dir='ltr'>τοῖς</span> 
     </span>
    </p>
   </div>
   <div class='ocr_carea' id='block_1_94' title="bbox 2153 3537 3733 3610">
    <p class='ocr_par' dir='ltr' id='par_1_94' title="bbox 2153 3537 3733 3610">
     <span class='ocr_line' id='line_1_94' title="bbox 2153 3537 3733 3610; baseline 0 -19"><span class='ocrx_word' id='word_1_711' title='bbox 2153 3537 2304 3601; x_wconf 81' lang='grc' dir='ltr'>ἰδίοις</span> <span class='ocrx_word' id='word_1_712' title='bbox 2326 3538 2623 3592; x_wconf 65' lang='grc' dir='ltr'>άλώσεταιυ</span> <span class='ocrx_word' id='word_1_713' title='bbox 2665 3539 2782 3602; x_wconf 89' lang='grc' dir='ltr'>πῶς</span> <span class='ocrx_word' id='word_1_714' title='bbox 2808 3539 2918 3610; x_wconf 87' lang='grc' dir='ltr'>γάρ</span> <span class='ocrx_word' id='word_1_715' title='bbox 2952 3540 3338 3609; x_wconf 84' lang='grc' dir='ltr'>οίκουμενικάς</span> <span class='ocrx_word' id='word_1_716' title='bbox 3359 3539 3733 3610; x_wconf 72' lang='grc' dir='ltr'>ἡγοῦνταικαὶ</span> 
     </span>
    </p>
   </div>
   <div class='ocr_carea' id='block_1_95' title="bbox 2149 3628 3736 3707">
    <p class='ocr_par' dir='ltr' id='par_1_95' title="bbox 2149 3628 3736 3707">
     <span class='ocr_line' id='line_1_95' title="bbox 2149 3628 3736 3707; baseline -0.001 -23"><span class='ocrx_word' id='word_1_717' title='bbox 2149 3628 2379 3684; x_wconf 88' lang='grc' dir='ltr'>καλοῦσι</span> <span class='ocrx_word' id='word_1_718' title='bbox 2436 3630 2658 3683; x_wconf 81' lang='grc' dir='ltr'>Λατῖνοι</span> <span class='ocrx_word' id='word_1_719' title='bbox 2710 3630 2812 3693; x_wconf 80' lang='grc' dir='ltr'>τὰς</span> <span class='ocrx_word' id='word_1_720' title='bbox 2877 3629 3018 3700; x_wconf 69' lang='grc' dir='ltr'>μετὰ</span> <span class='ocrx_word' id='word_1_721' title='bbox 3045 3630 3107 3684; x_wconf 75' lang='grc' dir='ltr'>τὸ</span> <span class='ocrx_word' id='word_1_722' title='bbox 3166 3630 3378 3707; x_wconf 88' lang='grc' dir='ltr'>σχίσμα</span> <span class='ocrx_word' id='word_1_723' title='bbox 3428 3631 3736 3700; x_wconf 71' lang='grc' dir='ltr'>γενομένας</span> 
     </span>
    </p>
   </div>
   <div class='ocr_carea' id='block_1_96' title="bbox 2150 3722 3731 3794">
    <p class='ocr_par' dir='ltr' id='par_1_96' title="bbox 2150 3722 3731 3794">
     <span class='ocr_line' id='line_1_96' title="bbox 2150 3722 3731 3794; baseline 0 -19"><span class='ocrx_word' id='word_1_724' title='bbox 2150 3722 2303 3791; x_wconf 87' lang='grc' dir='ltr'>σφίσι</span> <span class='ocrx_word' id='word_1_725' title='bbox 2335 3722 2610 3789; x_wconf 89' lang='grc' dir='ltr'>συνόδους,</span> <span class='ocrx_word' id='word_1_726' title='bbox 2638 3722 2736 3787; x_wconf 81' lang='grc' dir='ltr'>τάς</span> <span class='ocrx_word' id='word_1_727' title='bbox 2772 3724 2830 3777; x_wconf 72' lang='grc' dir='ltr'>ὲν</span> <span class='ocrx_word' id='word_1_728' title='bbox 2863 3723 3113 3794; x_wconf 84' lang='grc' dir='ltr'>Τολλέτῳ</span> <span class='ocrx_word' id='word_1_729' title='bbox 3154 3725 3248 3777; x_wconf 73' lang='grc' dir='ltr'>καὶ</span> <span class='ocrx_word' id='word_1_730' title='bbox 3283 3724 3609 3793; x_wconf 86' lang='grc' dir='ltr'>Λουγδούνφ</span> <span class='ocrx_word' id='word_1_731' title='bbox 3634 3723 3731 3776; x_wconf 75' lang='grc' dir='ltr'>καὶ</span> 
     </span>
    </p>
   </div>
   <div class='ocr_carea' id='block_1_97' title="bbox 2148 3815 3728 3886">
    <p class='ocr_par' dir='ltr' id='par_1_97' title="bbox 2148 3815 3728 3886">
     <span class='ocr_line' id='line_1_97' title="bbox 2148 3815 3728 3886; baseline 0 -16"><span class='ocrx_word' id='word_1_732' title='bbox 2148 3815 2337 3879; x_wconf 81' lang='grc' dir='ltr'>ἄλλαις</span> <span class='ocrx_word' id='word_1_733' title='bbox 2385 3815 2594 3880; x_wconf 85' lang='grc' dir='ltr'>πόλεσι,</span> <span class='ocrx_word' id='word_1_734' title='bbox 2654 3815 2939 3885; x_wconf 85' lang='grc' dir='ltr'>κρείττους</span> <span class='ocrx_word' id='word_1_735' title='bbox 2995 3815 3161 3877; x_wconf 74' lang='grc' dir='ltr'>οὔσας</span> <span class='ocrx_word' id='word_1_736' title='bbox 3213 3815 3396 3886; x_wconf 74' lang='grc' dir='ltr'>σχεδὸν</span> <span class='ocrx_word' id='word_1_737' title='bbox 3454 3815 3728 3886; x_wconf 86' lang='grc' dir='ltr'>άριθμοῦ;</span> 
     </span>
    </p>
   </div>
   <div class='ocr_carea' id='block_1_98' title="bbox 2150 3906 3726 3980">
    <p class='ocr_par' dir='ltr' id='par_1_98' title="bbox 2150 3906 3726 3980">
     <span class='ocr_line' id='line_1_98' title="bbox 2150 3906 3726 3980; baseline -0.001 -21"><span class='ocrx_word' id='word_1_738' title='bbox 2150 3907 2331 3961; x_wconf 86' lang='grc' dir='ltr'>καίτοι</span> <span class='ocrx_word' id='word_1_739' title='bbox 2384 3906 2493 3961; x_wconf 86' lang='grc' dir='ltr'>τῶν</span> <span class='ocrx_word' id='word_1_740' title='bbox 2548 3907 2831 3977; x_wconf 84' lang='grc' dir='ltr'>τεσσάρων</span> <span class='ocrx_word' id='word_1_741' title='bbox 2884 3907 3242 3977; x_wconf 87' lang='grc' dir='ltr'>πατριαρχῶν</span> <span class='ocrx_word' id='word_1_742' title='bbox 3300 3906 3362 3960; x_wconf 79' lang='grc' dir='ltr'>ού</span> <span class='ocrx_word' id='word_1_743' title='bbox 3420 3908 3726 3980; x_wconf 83' lang='grc' dir='ltr'>παρόντων,</span> 
     </span>
    </p>
   </div>
   <div class='ocr_carea' id='block_1_99' title="bbox 2148 3995 3727 4070">
    <p class='ocr_par' dir='ltr' id='par_1_99' title="bbox 2148 3995 3727 4070">
     <span class='ocr_line' id='line_1_99' title="bbox 2148 3995 3727 4070; baseline -0.002 -17"><span class='ocrx_word' id='word_1_744' title='bbox 2148 3995 2269 4053; x_wconf 67' lang='grc' dir='ltr'>οῦδὲ</span> <span class='ocrx_word' id='word_1_745' title='bbox 2331 3997 2918 4069; x_wconf 80' lang='grc' dir='ltr'>συνεπιψηφιζομένων</span> <span class='ocrx_word' id='word_1_746' title='bbox 2976 3997 3055 4070; x_wconf 81' lang='grc' dir='ltr'>τῷ</span> <span class='ocrx_word' id='word_1_747' title='bbox 3108 3999 3332 4063; x_wconf 86' lang='grc' dir='ltr'>πάππα,</span> <span class='ocrx_word' id='word_1_748' title='bbox 3365 3998 3499 4068; x_wconf 85' lang='grc' dir='ltr'>φαίη</span> <span class='ocrx_word' id='word_1_749' title='bbox 3562 3998 3615 4066; x_wconf 85' lang='grc' dir='ltr'>γ’</span> <span class='ocrx_word' id='word_1_750' title='bbox 3641 3997 3727 4060; x_wconf 84' lang='grc' dir='ltr'>ἂν,</span> 
     </span>
    </p>
   </div>
   <div class='ocr_carea' id='block_1_100' title="bbox 2148 4086 3727 4162">
    <p class='ocr_par' dir='ltr' id='par_1_100' title="bbox 2148 4086 3727 4162">
     <span class='ocr_line' id='line_1_100' title="bbox 2148 4086 3727 4162; baseline -0.001 -19"><span class='ocrx_word' id='word_1_751' title='bbox 2148 4092 2225 4152; x_wconf 87' lang='grc' dir='ltr'>ὡς</span> <span class='ocrx_word' id='word_1_752' title='bbox 2289 4093 2713 4161; x_wconf 85' lang='grc' dir='ltr'>άπεσχισμένων</span> <span class='ocrx_word' id='word_1_753' title='bbox 2775 4090 2976 4162; x_wconf 81' lang='grc' dir='ltr'>ἡμῶν,</span> <span class='ocrx_word' id='word_1_754' title='bbox 3053 4091 3116 4144; x_wconf 79' lang='grc' dir='ltr'>τὸ</span> <span class='ocrx_word' id='word_1_755' title='bbox 3177 4090 3500 4160; x_wconf 88' lang='grc' dir='ltr'>λειπόμενον</span> <span class='ocrx_word' id='word_1_756' title='bbox 3564 4086 3727 4160; x_wconf 71' lang='grc' dir='ltr'>μέρος</span> 
     </span>
    </p>
   </div>
   <div class='ocr_carea' id='block_1_101' title="bbox 2147 4175 3725 4252">
    <p class='ocr_par' dir='ltr' id='par_1_101' title="bbox 2147 4175 3725 4252">
     <span class='ocr_line' id='line_1_101' title="bbox 2147 4175 3725 4252; baseline -0.003 -17"><span class='ocrx_word' id='word_1_757' title='bbox 2147 4183 2247 4248; x_wconf 79' lang='grc' dir='ltr'>τῆς</span> <span class='ocrx_word' id='word_1_758' title='bbox 2300 4182 2625 4250; x_wconf 84' lang='grc' dir='ltr'>Ἑκκλησίας</span> <span class='ocrx_word' id='word_1_759' title='bbox 2685 4181 3067 4252; x_wconf 76' lang='grc' dir='ltr'>οίκουμενικδν</span> <span class='ocrx_word' id='word_1_760' title='bbox 3135 4175 3204 4251; x_wconf 77' lang='grc' dir='ltr'>ἦν</span> <span class='ocrx_word' id='word_1_761' title='bbox 3260 4179 3356 4234; x_wconf 82' lang='grc' dir='ltr'>καὶ</span> <span class='ocrx_word' id='word_1_762' title='bbox 3400 4180 3725 4245; x_wconf 77' lang='grc' dir='ltr'>καθολικόνς</span> 
     </span>
    </p>
   </div>
   <div class='ocr_carea' id='block_1_102' title="bbox 2148 4272 3730 4344">
    <p class='ocr_par' dir='ltr' id='par_1_102' title="bbox 2148 4272 3730 4344">
     <span class='ocr_line' id='line_1_102' title="bbox 2148 4272 3730 4344; baseline -0.002 -18"><span class='ocrx_word' id='word_1_763' title='bbox 2148 4275 2182 4343; x_wconf 87' lang='grc' dir='ltr'>ἡ</span> <span class='ocrx_word' id='word_1_764' title='bbox 2239 4275 2348 4342; x_wconf 87' lang='grc' dir='ltr'>γὰρ</span> <span class='ocrx_word' id='word_1_765' title='bbox 2410 4272 2646 4343; x_wconf 70' lang='grc' dir='ltr'>ἔλλειψις</span> <span class='ocrx_word' id='word_1_766' title='bbox 2708 4274 2816 4326; x_wconf 89' lang='grc' dir='ltr'>τῶν</span> <span class='ocrx_word' id='word_1_767' title='bbox 2887 4272 3265 4344; x_wconf 88' lang='grc' dir='ltr'>σχισματικῶν</span> <span class='ocrx_word' id='word_1_768' title='bbox 3331 4273 3431 4344; x_wconf 82' lang='grc' dir='ltr'>οὐχ</span> <span class='ocrx_word' id='word_1_769' title='bbox 3500 4273 3730 4342; x_wconf 79' lang='grc' dir='ltr'>ὑφαίρε-</span> 
     </span>
    </p>
   </div>
   <div class='ocr_carea' id='block_1_103' title="bbox 2150 4363 3724 4435">
    <p class='ocr_par' dir='ltr' id='par_1_103' title="bbox 2150 4363 3724 4435">
     <span class='ocr_line' id='line_1_103' title="bbox 2150 4363 3724 4435; baseline 0 -19"><span class='ocrx_word' id='word_1_770' title='bbox 2150 4381 2232 4417; x_wconf 92' lang='grc' dir='ltr'>σιν</span> <span class='ocrx_word' id='word_1_771' title='bbox 2274 4367 2509 4418; x_wconf 87' lang='grc' dir='ltr'>ποιεῖται</span> <span class='ocrx_word' id='word_1_772' title='bbox 2570 4363 2665 4416; x_wconf 86' lang='grc' dir='ltr'>τοῦ</span> <span class='ocrx_word' id='word_1_773' title='bbox 2718 4363 3139 4435; x_wconf 87' lang='grc' dir='ltr'>οίκουμενικοῦ·</span> <span class='ocrx_word' id='word_1_774' title='bbox 3194 4364 3372 4425; x_wconf 87' lang='grc' dir='ltr'>καλῶς</span> <span class='ocrx_word' id='word_1_775' title='bbox 3419 4380 3483 4431; x_wconf 89' lang='grc' dir='ltr'>γε</span> <span class='ocrx_word' id='word_1_776' title='bbox 3525 4363 3724 4417; x_wconf 76' lang='grc' dir='ltr'>οὐκοῦν</span> 
     </span>
    </p>
   </div>
   <div class='ocr_carea' id='block_1_104' title="bbox 2144 4454 3730 4526">
    <p class='ocr_par' dir='ltr' id='par_1_104' title="bbox 2144 4454 3730 4526">
     <span class='ocr_line' id='line_1_104' title="bbox 2144 4454 3730 4526; baseline -0.001 -18"><span class='ocrx_word' id='word_1_777' title='bbox 2144 4457 2237 4508; x_wconf 70' lang='grc' dir='ltr'>καὶ</span> <span class='ocrx_word' id='word_1_778' title='bbox 2268 4458 2375 4526; x_wconf 79' lang='grc' dir='ltr'>μὴν</span> <span class='ocrx_word' id='word_1_779' title='bbox 2438 4457 2817 4526; x_wconf 88' lang='grc' dir='ltr'>σχισματικῶν</span> <span class='ocrx_word' id='word_1_780' title='bbox 2875 4456 3047 4510; x_wconf 73' lang='grc' dir='ltr'>ὄντων</span> <span class='ocrx_word' id='word_1_781' title='bbox 3103 4455 3211 4509; x_wconf 88' lang='grc' dir='ltr'>τῶν</span> <span class='ocrx_word' id='word_1_782' title='bbox 3255 4454 3613 4508; x_wconf 76' lang='grc' dir='ltr'>ἐλλειπόντων</span> <span class='ocrx_word' id='word_1_783' title='bbox 3641 4454 3730 4521; x_wconf 84' lang='grc' dir='ltr'>δη-</span> 
     </span>
    </p>
   </div>
   <div class='ocr_carea' id='block_1_105' title="bbox 2143 4545 3728 4618">
    <p class='ocr_par' dir='ltr' id='par_1_105' title="bbox 2143 4545 3728 4618">
     <span class='ocr_line' id='line_1_105' title="bbox 2143 4545 3728 4618; baseline -0.002 -18"><span class='ocrx_word' id='word_1_784' title='bbox 2143 4547 2276 4616; x_wconf 78' lang='grc' dir='ltr'>λαδὴ</span> <span class='ocrx_word' id='word_1_785' title='bbox 2310 4548 2418 4600; x_wconf 86' lang='grc' dir='ltr'>τῶν</span> <span class='ocrx_word' id='word_1_786' title='bbox 2448 4547 2716 4613; x_wconf 85' lang='grc' dir='ltr'>Λατίνων,</span> <span class='ocrx_word' id='word_1_787' title='bbox 2740 4549 2773 4617; x_wconf 89' lang='grc' dir='ltr'>ἡ</span> <span class='ocrx_word' id='word_1_788' title='bbox 2798 4546 3150 4618; x_wconf 78' lang='grc' dir='ltr'>οἰκουμενικὴ</span> <span class='ocrx_word' id='word_1_789' title='bbox 3185 4545 3529 4617; x_wconf 83' lang='grc' dir='ltr'>προσηγορία</span> <span class='ocrx_word' id='word_1_790' title='bbox 3562 4562 3728 4616; x_wconf 74' lang='grc' dir='ltr'>προσ-</span> 
     </span>
    </p>
   </div>
   <div class='ocr_carea' id='block_1_106' title="bbox 2145 4630 3729 4711">
    <p class='ocr_par' dir='ltr' id='par_1_106' title="bbox 2145 4630 3729 4711">
     <span class='ocr_line' id='line_1_106' title="bbox 2145 4630 3729 4711; baseline -0.001 -20"><span class='ocrx_word' id='word_1_791' title='bbox 2145 4640 2214 4703; x_wconf 69' lang='grc' dir='ltr'>ῆν</span> <span class='ocrx_word' id='word_1_792' title='bbox 2245 4640 2331 4693; x_wconf 79' lang='grc' dir='ltr'>διὰ</span> <span class='ocrx_word' id='word_1_793' title='bbox 2364 4641 2466 4709; x_wconf 78' lang='grc' dir='ltr'>τὴν</span> <span class='ocrx_word' id='word_1_794' title='bbox 2516 4640 2685 4711; x_wconf 79' lang='grc' dir='ltr'>αὐτὴν</span> <span class='ocrx_word' id='word_1_795' title='bbox 2716 4630 2919 4710; x_wconf 70' lang='grc' dir='ltr'>ταύτην</span> <span class='ocrx_word' id='word_1_796' title='bbox 2971 4639 3175 4693; x_wconf 84' lang='grc' dir='ltr'>αἰτίαν.</span> <span class='ocrx_word' id='word_1_797' title='bbox 3211 4638 3560 4707; x_wconf 90' lang='grc' dir='ltr'>Δικαιότερον</span> <span class='ocrx_word' id='word_1_798' title='bbox 3600 4638 3729 4708; x_wconf 84' lang='grc' dir='ltr'>ἡμῖν</span> 
     </span>
    </p>
   </div>
   <div class='ocr_carea' id='block_1_107' title="bbox 2144 4728 3729 4801">
    <p class='ocr_par' dir='ltr' id='par_1_107' title="bbox 2144 4728 3729 4801">
     <span class='ocr_line' id='line_1_107' title="bbox 2144 4728 3729 4801; baseline -0.001 -19"><span class='ocrx_word' id='word_1_799' title='bbox 2144 4729 2286 4783; x_wconf 78' lang='grc' dir='ltr'>οὓτω</span> <span class='ocrx_word' id='word_1_800' title='bbox 2317 4731 2486 4784; x_wconf 86' lang='grc' dir='ltr'>ταῦτα</span> <span class='ocrx_word' id='word_1_801' title='bbox 2520 4732 2729 4801; x_wconf 87' lang='grc' dir='ltr'>κρίνειν</span> <span class='ocrx_word' id='word_1_802' title='bbox 2763 4731 3036 4801; x_wconf 86' lang='grc' dir='ltr'>προσήκει</span> <span class='ocrx_word' id='word_1_803' title='bbox 3067 4730 3177 4785; x_wconf 88' lang='grc' dir='ltr'>τῶν</span> <span class='ocrx_word' id='word_1_804' title='bbox 3228 4729 3472 4798; x_wconf 74' lang='grc' dir='ltr'>έξαρχῆς</span> <span class='ocrx_word' id='word_1_805' title='bbox 3502 4728 3729 4799; x_wconf 72' lang='grc' dir='ltr'>εἰρημέ-</span> 
     </span>
    </p>
   </div>
   <div class='ocr_carea' id='block_1_108' title="bbox 2146 4818 3739 4891">
    <p class='ocr_par' dir='ltr' id='par_1_108' title="bbox 2146 4818 3739 4891">
     <span class='ocr_line' id='line_1_108' title="bbox 2146 4818 3739 4891; baseline 0 -20"><span class='ocrx_word' id='word_1_806' title='bbox 2146 4839 2250 4872; x_wconf 89' lang='grc' dir='ltr'>νων</span> <span class='ocrx_word' id='word_1_807' title='bbox 2299 4820 2478 4874; x_wconf 78' lang='grc' dir='ltr'>ἕνεκα.</span> <span class='ocrx_word' id='word_1_808' title='bbox 2533 4820 2596 4873; x_wconf 78' lang='grc' dir='ltr'>ΕΞ</span> <span class='ocrx_word' id='word_1_809' title='bbox 2648 4821 2692 4874; x_wconf 79' lang='grc' dir='ltr'>δ’</span> <span class='ocrx_word' id='word_1_810' title='bbox 2727 4821 3016 4883; x_wconf 85' lang='grc' dir='ltr'>όπάππας</span> <span class='ocrx_word' id='word_1_811' title='bbox 3075 4820 3146 4873; x_wconf 83' lang='grc' dir='ltr'>τὰ</span> <span class='ocrx_word' id='word_1_812' title='bbox 3203 4820 3319 4875; x_wconf 88' lang='grc' dir='ltr'>τῶν</span> <span class='ocrx_word' id='word_1_813' title='bbox 3370 4818 3739 4891; x_wconf 75' lang='grc' dir='ltr'>πατριαρχῶν</span> 
     </span>
    </p>
   </div>
   <div class='ocr_carea' id='block_1_109' title="bbox 2146 4911 3729 4984">
    <p class='ocr_par' dir='ltr' id='par_1_109' title="bbox 2146 4911 3729 4984">
     <span class='ocr_line' id='line_1_109' title="bbox 2146 4911 3729 4984; baseline 0 -22"><span class='ocrx_word' id='word_1_814' title='bbox 2146 4912 2287 4980; x_wconf 76' lang='grc' dir='ltr'>ἔχων</span> <span class='ocrx_word' id='word_1_815' title='bbox 2322 4912 2537 4975; x_wconf 75' lang='grc' dir='ltr'>εἴδωλα,</span> <span class='ocrx_word' id='word_1_816' title='bbox 2588 4913 2689 4980; x_wconf 84' lang='grc' dir='ltr'>τὴν</span> <span class='ocrx_word' id='word_1_817' title='bbox 2734 4911 3118 4984; x_wconf 78' lang='grc' dir='ltr'>οίκουμενικὴν</span> <span class='ocrx_word' id='word_1_818' title='bbox 3158 4912 3401 4980; x_wconf 76' lang='grc' dir='ltr'>ἁρπάζει</span> <span class='ocrx_word' id='word_1_819' title='bbox 3454 4926 3729 4983; x_wconf 87' lang='grc' dir='ltr'>προσηγο-</span> 
     </span>
    </p>
   </div>
   <div class='ocr_carea' id='block_1_110' title="bbox 2147 5002 3727 5074">
    <p class='ocr_par' dir='ltr' id='par_1_110' title="bbox 2147 5002 3727 5074">
     <span class='ocr_line' id='line_1_110' title="bbox 2147 5002 3727 5074; baseline 0.002 -21"><span class='ocrx_word' id='word_1_820' title='bbox 2147 5004 2291 5073; x_wconf 85' lang='grc' dir='ltr'>ρίαν.</span> <span class='ocrx_word' id='word_1_821' title='bbox 2329 5003 2475 5055; x_wconf 86' lang='grc' dir='ltr'>διατί</span> <span class='ocrx_word' id='word_1_822' title='bbox 2517 5002 2597 5073; x_wconf 79' lang='grc' dir='ltr'>μὴ</span> <span class='ocrx_word' id='word_1_823' title='bbox 2653 5003 2754 5066; x_wconf 86' lang='grc' dir='ltr'>τὰς</span> <span class='ocrx_word' id='word_1_824' title='bbox 2805 5004 3062 5066; x_wconf 87' lang='grc' dir='ltr'>συνόδους</span> <span class='ocrx_word' id='word_1_825' title='bbox 3117 5004 3279 5074; x_wconf 81' lang='grc' dir='ltr'>ἡμῶν</span> <span class='ocrx_word' id='word_1_826' title='bbox 3335 5004 3727 5073; x_wconf 80' lang='grc' dir='ltr'>οίκουμενικάς</span> 
     </span>
    </p>
   </div>
   <div class='ocr_carea' id='block_1_111' title="bbox 2144 5090 3729 5165">
    <p class='ocr_par' dir='ltr' id='par_1_111' title="bbox 2144 5090 3729 5165">
     <span class='ocr_line' id='line_1_111' title="bbox 2144 5090 3729 5165; baseline -0.001 -17"><span class='ocrx_word' id='word_1_827' title='bbox 2144 5094 2444 5164; x_wconf 84' lang='grc' dir='ltr'>νομιοῦμεν</span> <span class='ocrx_word' id='word_1_828' title='bbox 2486 5097 2582 5147; x_wconf 77' lang='grc' dir='ltr'>καὶ</span> <span class='ocrx_word' id='word_1_829' title='bbox 2616 5094 2962 5165; x_wconf 77' lang='grc' dir='ltr'>ὀνομάσομεν</span> <span class='ocrx_word' id='word_1_830' title='bbox 3016 5091 3105 5159; x_wconf 79' lang='grc' dir='ltr'>αἶς</span> <span class='ocrx_word' id='word_1_831' title='bbox 3138 5098 3170 5164; x_wconf 89' lang='grc' dir='ltr'><strong>ή</strong></span> <span class='ocrx_word' id='word_1_832' title='bbox 3208 5090 3319 5148; x_wconf 86' lang='grc' dir='ltr'>τῶν</span> <span class='ocrx_word' id='word_1_833' title='bbox 3371 5093 3729 5165; x_wconf 72' lang='grc' dir='ltr'>πατριαρχῶι</span> 
     </span>
    </p>
   </div>
   <div class='ocr_carea' id='block_1_112' title="bbox 2144 5180 3729 5256">
    <p class='ocr_par' dir='ltr' id='par_1_112' title="bbox 2144 5180 3729 5256">
     <span class='ocr_line' id='line_1_112' title="bbox 2144 5180 3729 5256; baseline 0.001 -19"><span class='ocrx_word' id='word_1_834' title='bbox 2144 5188 2354 5255; x_wconf 76' lang='grc' dir='ltr'>προσῆν</span> <span class='ocrx_word' id='word_1_835' title='bbox 2385 5190 2444 5239; x_wconf 80' lang='grc' dir='ltr'>ἐν</span> <span class='ocrx_word' id='word_1_836' title='bbox 2473 5188 2642 5240; x_wconf 83' lang='grc' dir='ltr'>πᾶσιν</span> <span class='ocrx_word' id='word_1_837' title='bbox 2684 5186 2954 5255; x_wconf 58' lang='lat' dir='ltr'>amem;</span> <span class='ocrx_word' id='word_1_838' title='bbox 2990 5188 3051 5239; x_wconf 78' lang='lat' dir='ltr'>El</span> <span class='ocrx_word' id='word_1_839' title='bbox 3100 5180 3145 5240; x_wconf 82' lang='grc' dir='ltr'>δ’</span> <span class='ocrx_word' id='word_1_840' title='bbox 3185 5189 3249 5241; x_wconf 74' lang='grc' dir='ltr'>ἐκ</span> <span class='ocrx_word' id='word_1_841' title='bbox 3298 5182 3404 5240; x_wconf 86' lang='grc' dir='ltr'>τῶν</span> <span class='ocrx_word' id='word_1_842' title='bbox 3446 5189 3729 5256; x_wconf 75' lang='grc' dir='ltr'>ἡμετέρων</span> 
     </span>
    </p>
   </div>
   <div class='ocr_carea' id='block_1_113' title="bbox 2148 5277 3728 5348">
    <p class='ocr_par' dir='ltr' id='par_1_113' title="bbox 2148 5277 3728 5348">
     <span class='ocr_line' id='line_1_113' title="bbox 2148 5277 3728 5348; baseline 0.001 -19"><span class='ocrx_word' id='word_1_843' title='bbox 2148 5278 2296 5329; x_wconf 75' lang='grc' dir='ltr'>ἐστὶν</span> <span class='ocrx_word' id='word_1_844' title='bbox 2318 5278 2346 5329; x_wconf 86' lang='grc' dir='ltr'>ὁ</span> <span class='ocrx_word' id='word_1_845' title='bbox 2372 5279 2546 5329; x_wconf 87' lang='grc' dir='ltr'>ταῦτα</span> <span class='ocrx_word' id='word_1_846' title='bbox 2591 5277 2842 5347; x_wconf 82' lang='grc' dir='ltr'>φάσκων,</span> <span class='ocrx_word' id='word_1_847' title='bbox 2880 5280 2977 5331; x_wconf 77' lang='grc' dir='ltr'>καὶ</span> <span class='ocrx_word' id='word_1_848' title='bbox 3006 5277 3190 5347; x_wconf 82' lang='grc' dir='ltr'>πολλῷ</span> <span class='ocrx_word' id='word_1_849' title='bbox 3215 5280 3401 5348; x_wconf 86' lang='grc' dir='ltr'>χεῖρον</span> <span class='ocrx_word' id='word_1_850' title='bbox 3431 5279 3542 5331; x_wconf 83' lang='grc' dir='ltr'>τῶν</span> <span class='ocrx_word' id='word_1_851' title='bbox 3567 5279 3728 5332; x_wconf 85' lang='grc' dir='ltr'>Λατί-</span> 
     </span>
    </p>
   </div>
   <div class='ocr_carea' id='block_1_114' title="bbox 2145 5365 3729 5437">
    <p class='ocr_par' dir='ltr' id='par_1_114' title="bbox 2145 5365 3729 5437">
     <span class='ocr_line' id='line_1_114' title="bbox 2145 5365 3729 5437; baseline 0 -18"><span class='ocrx_word' id='word_1_852' title='bbox 2145 5383 2254 5419; x_wconf 89' lang='grc' dir='ltr'>νων</span> <span class='ocrx_word' id='word_1_853' title='bbox 2294 5366 2601 5431; x_wconf 82' lang='grc' dir='ltr'>άλίσκεται,</span> <span class='ocrx_word' id='word_1_854' title='bbox 2640 5365 2781 5437; x_wconf 80' lang='grc' dir='ltr'>ἆπερ</span> <span class='ocrx_word' id='word_1_855' title='bbox 2810 5368 3009 5419; x_wconf 79' lang='grc' dir='ltr'>ἐκεῖνοι</span> <span class='ocrx_word' id='word_1_856' title='bbox 3058 5366 3299 5419; x_wconf 85' lang='grc' dir='ltr'>διδόασιν</span> <span class='ocrx_word' id='word_1_857' title='bbox 3348 5368 3584 5431; x_wconf 58' lang='grc' dir='ltr'>ἑαυτοῖς,</span> <span class='ocrx_word' id='word_1_858' title='bbox 3610 5367 3729 5420; x_wconf 79' lang='grc' dir='ltr'>τού·</span> 
     </span>
    </p>
   </div>
   <div class='ocr_carea' id='block_1_115' title="bbox 2144 5457 3721 5529">
    <p class='ocr_par' dir='ltr' id='par_1_115' title="bbox 2144 5457 3721 5529">
     <span class='ocr_line' id='line_1_115' title="bbox 2144 5457 3721 5529; baseline 0 -20"><span class='ocrx_word' id='word_1_859' title='bbox 2144 5474 2251 5509; x_wconf 85' lang='grc' dir='ltr'>των</span> <span class='ocrx_word' id='word_1_860' title='bbox 2280 5457 2597 5529; x_wconf 83' lang='grc' dir='ltr'>ἀποστερῶν</span> <span class='ocrx_word' id='word_1_861' title='bbox 2631 5459 2795 5521; x_wconf 74' lang='grc' dir='ltr'>αὐτὸς</span> <span class='ocrx_word' id='word_1_862' title='bbox 2834 5460 2932 5528; x_wconf 83' lang='grc' dir='ltr'>τὴν</span> <span class='ocrx_word' id='word_1_863' title='bbox 2985 5458 3202 5527; x_wconf 79' lang='grc' dir='ltr'>μητέρα</span> <span class='ocrx_word' id='word_1_864' title='bbox 3224 5475 3237 5489; x_wconf 87' lang='grc'><strong>·</strong></span> <span class='ocrx_word' id='word_1_865' title='bbox 3275 5458 3458 5512; x_wconf 85' lang='grc' dir='ltr'>καίτοι</span> <span class='ocrx_word' id='word_1_866' title='bbox 3489 5458 3721 5511; x_wconf 87' lang='grc' dir='ltr'>καθόλου</span> 
     </span>
    </p>
   </div>
   <div class='ocr_carea' id='block_1_116' title="bbox 2148 5547 3728 5616">
    <p class='ocr_par' dir='ltr' id='par_1_116' title="bbox 2148 5547 3728 5616">
     <span class='ocr_line' id='line_1_116' title="bbox 2148 5547 3728 5616; baseline 0.003 -17"><span class='ocrx_word' id='word_1_867' title='bbox 2148 5548 2246 5616; x_wconf 82' lang='grc' dir='ltr'>μὲν</span> <span class='ocrx_word' id='word_1_868' title='bbox 2271 5547 2514 5612; x_wconf 81' lang='grc' dir='ltr'>ἀξιοῦσιν</span> <span class='ocrx_word' id='word_1_869' title='bbox 2545 5552 2595 5601; x_wconf 83' lang='grc' dir='ltr'>οί</span> <span class='ocrx_word' id='word_1_870' title='bbox 2621 5550 2839 5602; x_wconf 81' lang='grc' dir='ltr'>Λατῖνοι</span> <span class='ocrx_word' id='word_1_871' title='bbox 2861 5548 3068 5615; x_wconf 87' lang='grc' dir='ltr'>καλῶς,</span> <span class='ocrx_word' id='word_1_872' title='bbox 3111 5551 3328 5613; x_wconf 76' lang='grc' dir='ltr'>ἑαυτοῖς</span> <span class='ocrx_word' id='word_1_873' title='bbox 3361 5550 3416 5601; x_wconf 68' lang='grc' dir='ltr'>δὲ</span> <span class='ocrx_word' id='word_1_874' title='bbox 3448 5550 3511 5604; x_wconf 73' lang='grc' dir='ltr'>οὗ</span> <span class='ocrx_word' id='word_1_875' title='bbox 3542 5550 3728 5612; x_wconf 84' lang='grc' dir='ltr'>καλῶς</span> 
     </span>
    </p>
   </div>
   <div class='ocr_carea' id='block_1_117' title="bbox 2139 5642 3723 5713">
    <p class='ocr_par' dir='ltr' id='par_1_117' title="bbox 2139 5642 3723 5713">
     <span class='ocr_line' id='line_1_117' title="bbox 2139 5642 3723 5713; baseline 0.001 -20"><span class='ocrx_word' id='word_1_876' title='bbox 2139 5643 2548 5711; x_wconf 76' lang='grc' dir='ltr'>ὲφαρμόττουσι</span> <span class='ocrx_word' id='word_1_877' title='bbox 2582 5642 2643 5694; x_wconf 82' lang='grc' dir='ltr'>τὸ</span> <span class='ocrx_word' id='word_1_878' title='bbox 2672 5642 2983 5711; x_wconf 80' lang='grc' dir='ltr'>λεγόμενον.</span> <span class='ocrx_word' id='word_1_879' title='bbox 3015 5642 3087 5695; x_wconf 81' lang='grc' dir='ltr'>Τὸ</span> <span class='ocrx_word' id='word_1_880' title='bbox 3125 5644 3233 5713; x_wconf 80' lang='grc' dir='ltr'>γάρ</span> <span class='ocrx_word' id='word_1_881' title='bbox 3266 5645 3392 5704; x_wconf 62' lang='grc' dir='ltr'>τοὺς</span> <span class='ocrx_word' id='word_1_882' title='bbox 3424 5644 3565 5712; x_wconf 70' lang='grc' dir='ltr'>ὀρθὰ</span> <span class='ocrx_word' id='word_1_883' title='bbox 3594 5661 3723 5712; x_wconf 84' lang='grc' dir='ltr'>φρο-</span> 
     </span>
    </p>
   </div>
   <div class='ocr_carea' id='block_1_118' title="bbox 2138 5732 3725 5806">
    <p class='ocr_par' dir='ltr' id='par_1_118' title="bbox 2138 5732 3725 5806">
     <span class='ocr_line' id='line_1_118' title="bbox 2138 5732 3725 5806; baseline 0.001 -19"><span class='ocrx_word' id='word_1_884' title='bbox 2138 5732 2363 5797; x_wconf 79' lang='grc' dir='ltr'>νοῦντας</span> <span class='ocrx_word' id='word_1_885' title='bbox 2388 5735 2517 5804; x_wconf 69' lang='grc' dir='ltr'>περὶ</span> <span class='ocrx_word' id='word_1_886' title='bbox 2552 5734 2813 5789; x_wconf 79' lang='grc' dir='ltr'>ἁπάντων</span> <span class='ocrx_word' id='word_1_887' title='bbox 2844 5734 3068 5798; x_wconf 86' lang='grc' dir='ltr'>τούτους</span> <span class='ocrx_word' id='word_1_888' title='bbox 3096 5732 3237 5789; x_wconf 72' lang='grc' dir='ltr'>εἶναι</span> <span class='ocrx_word' id='word_1_889' title='bbox 3266 5736 3460 5805; x_wconf 83' lang='grc' dir='ltr'>μόνους</span> <span class='ocrx_word' id='word_1_890' title='bbox 3494 5734 3725 5806; x_wconf 76' lang='grc' dir='ltr'>Ἐκκλη-</span> 
     </span>
    </p>
   </div>
  </div>
