4118 6280
331 479 431 534 '1'31

1381 476 1479 535 DE
1538 475 1963 538 ADDITI‘ONE
2005 478 2103 537 AD
2139 480 2571 543 SYMBOLUM.

2893 427 2958 437 ν’.-

3499 481 3606 546 722

321 590 443 640 σίαν
479 584 748 654 Χριστοῦ,
787 584 889 639 κᾶν
916 583 1202 638 ὁποσοιοῦν
1234 579 1369 640 ὦσιν
1417 591 1466 642 οἱ
1501 591 1707 645 τούτων
1747 593 1921 664 ἀπεῤ-
1950 597 1991 652 Α
2026 593 2434 662 μαρτύρεσθαι;
2469 596 2570 649 οὐκ
2601 595 2658 646 ἐν
2682 595 2798 657 ταῖς
2826 593 3057 662 τριόδοις
3103 595 3195 649 καὶ
3223 597 3340 656 ταῖς
3376 596 3602 665 ἀγοραῖς

322 681 578 748 ρωγότες,
611 680 758 732 τοῦτ’
809 679 1008 750 ἀληθὲς
1051 680 1153 748 μὲν
1199 680 1470 748 λέγουσιν,
1499 683 1682 746 αὐτοῖς
1732 685 1788 738 δὲ
1841 686 1901 738 ού

319 773 622 841 προσῆκον,
660 771 795 824 ἀλλὰ
841 772 1041 841 μᾶλλον
1066 774 1218 843 ἡμῖν.
1248 771 1386 826 Οὔτε
1422 774 1532 844 γὰρ
1563 778 1666 829 ἀπε
1676 777 1910 846 ρῤώγει-

324 883 444 934 μεν,
475 865 590 916 ἀλλ’
623 864 776 918 αὐτοί
804 881 934 917 ποτε
966 867 1144 934 χεῖρον
1171 865 1434 936 ἐφρόνουν
1455 867 1550 919 καὶ
1568 867 1906 937 ὡμολόγουν,

322 959 352 1026 ἢ
385 958 482 1010 νῦν
505 958 920 1027 πεφρονήκασιν
943 957 1194 1029 ὕστερον,
1225 960 1365 1028 μετὰ
1406 959 1498 1012 τὸν
1528 960 1629 1027 τῆς
1656 960 1904 1032 προσθὴ-

322 1067 424 1118 κης
449 1052 664 1120 καιρόν.

404 1143 548 1195 Ἀλλ’
575 1143 708 1196 ἑνιοι
733 1142 843 1194 τῶν
873 1142 1160 1212 ἡμετέρων
1212 1143 1357 1195 οῦτω
1394 1143 1584 1206 δεινῶς
1611 1145 1910 1214 ἀναισχυν-

321 1234 474 1286 τοῦσι
499 1235 645 1288 κατὰ
677 1233 776 1302 τῆς
811 1233 1017 1303 μητρὸς
1043 1233 1242 1300 αὐτῶν,
1269 1236 1363 1287 καὶ
1399 1237 1732 1304 μεμήνασιν,
1767 1236 1908 1290 ὥστε

324 1325 590 1387 Λατίνους
621 1323 730 1377 τῶν
768 1324 945 1377 ἄλλων
997 1323 1185 1377 εἵνεκα
1217 1325 1638 1394 ὑπερσέϐοντες,
1693 1327 1822 1380 ἔνθα
1857 1346 1908 1381 τι

323 1419 414 1469 καὶ
468 1416 753 1484 ώφελοῖντ*
803 1416 892 1480 ἂν,
921 1416 1000 1484 τῷ
1055 1419 1176 1470 κατ’
1207 1418 1450 1480 ἐκείνους
1499 1415 1907 1489 παραδείγματι

323 1512 483 1565 τοῦτο
518 1514 963 1582 παρατρέχουσιν
1001 1513 1077 1576 ὡς
1131 1515 1350 1583 μικρὶν,
1392 1515 1450 1566 ἐν
1507 1513 1682 1583 τούτῳ
1721 1513 1908 1581 σχεδον

325 1605 422 1670 τῆς
459 1604 756 1674 συμπάσης
810 1605 1048 1674 κρίσεως
1103 1604 1274 1674 οῦσης
1335 1605 1428 1658 καὶ¹
1461 1603 1675 1665 πολλοῖς
1728 1604 1910 1665 ἀλλοις

327 1696 554 1763 τρόποις
601 1694 1012 1766 ἀληθεστάτοις,
1073 1696 1464 1767 οίκουμενικὴν
1526 1695 1746 1764 ἐκείνην
1805 1693 1905 1764 τὴν

331 1785 551 1839 σύνοδον
577 1787 860 1856 γεγονέναι
891 1788 1224 1856 πιστεύομεν
1263 1791 1362 1857 τὴν
1407 1789 1544 1840 κατά
1575 1787 1668 1840 τοῦ
1696 1788 1906 1840 Βέκκου

327 1879 724 1948 γεγενημένην.
786 1879 898 1950 Τὴν
958 1880 1004 1933 δ’
1053 1882 1109 1933 ἐν
1170 1881 1484 1950 Φλωρεντία
1532 1883 1762 1951 ταυτηνὶ
1810 1881 1910 1951 τὴν

329 1970 588 2038 ὑστέραν,
611 1970 720 2022 οὐδ’
739 1970 1016 2049 ἐξῆνὴμῖν
1041 1972 1299 2042 πράττειν
1323 1972 1428 2024 ὑπὸ
1443 1972 1540 2040 τῆς
1561 1973 1782 2026 συνόδου
1804 1989 1912 2025 κω-

328 2061 598 2130 λυομένης
645 2061 864 2130 ἐκείνης
916 2065 1013 2115 καὶ
1080 2063 1191 2116 τῶν
1246 2063 1590 2133 πραγμάτων
1658 2063 1911 2133 φανερῶς

331 2149 627 2206 πειθόντων
671 2151 960 2222 ἡσυχάζειν
999 2154 1188 2222 ἡμᾶς,
1236 2155 1332 2206 καὶ
1385 2154 1478 2206 τοῦ
1522 2153 1658 2206 Θεοῦ
1707 2156 1912 2223 σημεῖα

329 2243 500 2295 πολλὰ
555 2244 1032 2312 καταπέμποντος,
1109 2243 1251 2297 ὥστε
1319 2243 1443 2297 νοῦν
1516 2246 1665 2314 ἡμᾶς
1725 2244 1914 2308 λαϐεῖν

331 2338 425 2388 καὶ
453 2334 551 2399 τῆς
583 2334 882 2404 μελλούσης
905 2334 1165 2405 αἰσχύνης
1188 2335 1281 2387 καὶ
1313 2333 1517 2403 βλάϐης
1553 2335 1780 2398 ἑαυτοὺς
1811 2335 1915 2388 ἀπ-

333 2429 649 2483 αλλάττειν·
702 2423 778 2484 ὧν
837 2430 901 2498 δὴ
958 2429 1202 2498 σημείων
1258 2431 1507 2500 φανερῶν
1572 2431 1781 2493 ὄντοιν,
1843 2431 1907 2482 ού

333 2520 633 2589 ποιούμεθα
675 2521 897 2590 μνήμην
948 2521 1008 2572 ἐν
1054 2519 1132 2588 τῷ
1167 2521 1422 2588 παρόντι.
1462 2519 1658 2590 Ἡμεῖς
1683 2519 1739 2574 δέ
1778 2522 1914 2592 πρὸς

335 2612 511 2664 πάντα
559 2610 625 2680 δὴ
682 2610 949 2678 λογισμὸν
1006 2609 1136 2678 ὑγιᾶ
1194 2611 1288 2662 καὶ
1342 2611 1568 2679 σημεῖον
1602 2610 1752 2664 ἅπαν
1806 2611 1915 2664 άπὸ

333 2702 491 2763 Θεοῦ,
517 2703 611 2754 καὶ
640 2702 826 2754 πᾶσαν
862 2699 1222 2770 προφυλακὴν
1258 2699 1321 2753 ἐκ
1347 2699 1458 2753 τῶν
1497 2702 1760 2770 Πατέρων
1785 2701 1918 2770 ἡμῖν

336 2789 841 2861 προγεγενημένην,
897 2789 1288 2858 ἀνεπίστροφοι
1333 2789 1660 2858 γεγονότες,
1727 2789 1916 2858 ὥσπερ

336 2881 808 2948 ἀμϐλυώττοντες,
839 2880 872 2948 ἢ
915 2879 1257 2948 κωφεύοντες
1292 2881 1430 2950 πρὸς
1469 2882 1577 2934 πᾶν
1608 2879 1788 2934 ότιοῦν
1819 2879 1918 2950 τὴν

340 2969 555 3022 σύνοδον
595 2970 812 3038 ἐκείνην
858 2970 1349 3040 συνεστησάμεθα·
1380 2969 1442 3022 τδ
1478 2970 1580 3038 μὲν
1605 2971 1918 3040 σωματικὸν

337 3059 440 3112 τῶν
474 3059 872 3128 οίκουμενικῶν
928 3059 1164 3112 συνόδων
1215 3059 1447 3129 ἔχουσαν
1490 3060 1657 3130 ίχνος,
1721 3061 1770 3112 εί
1825 3059 1918 3112 καὶ

341 3150 473 3219 μηδὲ
513 3150 662 3202 τοῦτ’
693 3150 958 3220 ἀκριϐῶς,
990 3150 1155 3220 ἄλλης
1205 3152 1425 3204 συνόδου
1479 3151 1603 3204 τότε
1655 3167 1918 3219 συνεστηο

2015 684 2135 744 ταῖς
2168 685 2286 736 ἐκεῖ
2328 684 2722 752 ἀναγινώσκειν
2767 688 2971 751 ἐκεῖνα,
3008 685 3168 754 εἴπερ
3203 685 3503 754 ἐμέλλομεν
3533 686 3600 738 δι’

2017 772 2240 826 ἐκείνων
2285 775 2474 843 ἄγχειν
2525 776 2652 836 τοὺς
2687 776 2907 845 ἄνδρας,
2963 777 3055 827 καὶ
3100 773 3483 842 καταισχύνειν
3524 773 3602 837 ώς

2018 861 2502 932 παραϐεϐηκότας,
2562 863 2657 918 καὶ
2709 863 2852 916 οὕτω
2916 865 3092 934 νικᾷν,
3141 865 3236 915 καὶ
3293 864 3352 916 τὸ
3397 863 3602 930 πλῆθος

2018 954 2164 1006 ἅπαν
2195 954 2439 1007 Λατίνων
2470 954 2616 1025 ἔχειν
2648 956 2971 1026 συμμάχους
2997 973 3010 1021 ;
3049 955 3191 1008 ’Λλλ’
3221 954 3601 1025 ἐχαρισάμεθα

2014 1043 2200 1106 αὐτοῖς
2249 1042 2308 1096 τὸ
2363 1043 2530 1113 μηδὲν
2568 1043 2793 1096 ἐκείνων
2844 1046 2926 1106 εἰς
2961 1045 3124 1111 μέσον
3162 1044 3462 1113 προθεῖναι,
3507 1044 3602 1095 καὶ

2016 1135 2472 1200 άποκλεισθέντος
2496 1135 2590 1188 τοῦ
2620 1136 2877 1204 πλήθους,
2906 1134 3105 1204 ὀλίγοις
3136 1136 3320 1199 αὐτοῖς
3354 1137 3467 1198 τοῖς
3494 1135 3600 1188 τῶν

2011 1225 2201 1278 δεινῶν
2234 1227 2426 1289 αἰτίοις
2469 1227 2561 1279 ὑπ’
2586 1227 2775 1280 όδόντα
2811 1229 2989 1295 μάτην
3028 1228 3449 1294 ἀνεγινώσκετο.
3512 1222 3601 1288 Ὠς

2013 1313 2080 1367 ἂν
2107 1314 2160 1366 εί
2196 1331 2279 1378 τις
2337 1319 2449 1378 τοῖς
2483 1317 2762 1386 πολεμίοις
2814 1317 3099 1387 χαρίσαιτο
3151 1317 3375 1384 ζητοῦσι
3428 1316 3490 1370 τὸ
3523 1306 3600 1387 pi;

2013 1404 2193 1474 ψαντα
2224 1406 2324 1474 τὴν
2353 1407 2460 1461 τῶν
2505 1408 2685 1461 ὃπλων
2737 1410 2893 1478 ἰσχὺν
2927 1411 3135 1478 γυμνόν
3180 1409 3366 1471 αὐτοῖς
3413 1408 3600 1462 δοῦναι

2013 1499 2075 1550 τὸ
2109 1500 2268 1568 σῶμα
2304 1500 2438 1568 πρδς
2471 1499 2568 1562 τάς
2600 1500 2782 1570 βολάς,
2817 1501 2958 1554 οῦτω
2987 1504 3078 1555 καὶ
3111 1504 3272 1572 ἡμεῖς
3301 1505 3412 1561 τοῖς
3439 1503 3602 1572 Λατί-

2013 1608 2120 1644 νων
2155 1591 2472 1654 ἐπισκόποις
2515 1593 2736 1661 ἐτοιμον
2775 1593 3041 1661 ἐδόθημεν
3093 1593 3311 1664 βρῶμα,
3338 1595 3461 1657 τοὺς
3495 1594 3602 1646 τῶν

2015 1683 2252 1736 συνόδων
2269 1685 2629 1754 ἀφορισμοῦς,
2655 1685 2876 1740 ἐκείνων
2905 1686 3226 1755 δεηθέντων,
3255 1687 3600 1756 σιγήσαντες.

2025 1775 2166 1828 Ἀλλ’
2196 1775 2306 1828 οὐδ’
2330 1775 2471 1829 οὕτω
2503 1777 2599 1847 τὴν
2630 1779 2869 1831 νικῶσαν
2913 1777 3071 1848 ἑσχον
3115 1779 3335 1841 ἐκεῖνοι,
3384 1778 3603 1831 τούναν-

2013 1866 2128 1917 τίον
2166 1865 2267 1932 μὲν
2299 1865 2396 1918 οῦν
2439 1867 2464 1918 ό
2491 1867 2590 1935 τῆς
2628 1867 2905 1936 μακαρίας
2949 1869 3171 1937 μνήμης
3198 1867 3430 1936 Ἐφέσου
3479 1885 3601 1936 γενο

2015 1959 2179 2022 ναίως
2233 1959 2530 2028 ἠγώνισται
2576 1961 2670 2013 καὶ
2729 1959 2931 2023 καλῶς,
2961 1965 3055 2013 καὶ
3095 1961 3163 2013 τά
3195 1960 3328 2030 παρ’
3373 1961 3599 2013 ἐκείνων

2013 2047 2192 2099 πάντα
2245 2047 2576 2116 σοφιστικῶς
2638 2047 3096 2117 ἐπικεχρωσμένα
3138 2048 3451 2118 ἠλέγχοντο.
3489 2047 3601 2100 Καὶ

2013 2137 2174 2190 τοῦτο
2208 2137 2410 2200 πάντες
2443 2138 2618 2201 οὕτως
2649 2139 2908 2209 ἐφρόνουν
2936 2141 2985 2192 οί
3012 2139 3110 2207 τῆς
3141 2138 3382 2190 συνόδου.

2085 2228 2208 2292 Πῶς
2240 2231 2420 2282 τοίνυν
2454 2230 2691 2299 εὐλόγως
2742 2232 2835 2284 καὶ
2896 2230 3138 2301 θεμιτῶς
3183 2229 3444 2297 γενέσθαι
3499 2227 3601 2296 τὴν

2015 2309 2334 2392 προσθήκην
2366 2323 2732 2392 ψηφίζονται;
2789 2324 3006 2377 Μᾶλλον
3063 2323 3121 2376 δέ
3177 2324 3273 2391 οὐχ
3315 2322 3491 2384 οῦτως
3533 2321 3600 2374 ἂν

2017 2414 2353 2484 ἐψηφίσαντο
2378 2415 2531 2467 αὐτοὶ
2569 2416 2663 2468 καὶ
2693 2415 3164 2485 προστεθεικότες,
3196 2413 3291 2468 καὶ
3323 2413 3419 2466 νῦν
3445 2413 3599 2474 ὄντες

2021 2505 2203 2575 κύριοι
2225 2505 2443 2574 ψήφου’
2481 2507 2826 2576 συνθεμένων
2870 2506 2977 2576 γὰρ
3018 2505 3246 2558 ἐκείνων
3287 2504 3386 2574 τὴν
3419 2504 3604 2573 ψῆφον

2015 2597 2092 2662 ὡς
2116 2597 2184 2651 ἂν
2219 2597 2404 2665 σφίσιν
2435 2599 2691 2669 ἤρεσκεν,
2735 2601 2781 2652 οί
2829 2599 3086 2669 ἡμέτεροι
3137 2601 3414 2668 πρόμαχοι
3466 2597 3602 2666 πρὸς

2018 2691 2118 2752 τὰς
2165 2690 2495 2759 ὑπογραφάς
2526 2690 2838 2755 ἐκαλοῦντο,
2875 2693 3143 2760 μηχαναῖς
3173 2691 3437 2762 ἀρρήτοις
3483 2708 3605 2742 πει-

2019 2781 2258 2852 θόμενοι.
2295 2781 2399 2835 Τὸν
2429 2782 2486 2836 δὲ
2515 2782 2645 2836 Υίὸν
2675 2781 2768 2835 τοῦ
2801 2782 2936 2836 Θεοῦ
2980 2783 3084 2836 ποῦ
3120 2801 3204 2847 τις
3236 2783 3480 2852 εὑρίσκοι
3507 2783 3604 2835 τοῦ

2020 2873 2342 2942 Πνεύματος
2394 2874 2567 2927 αῐτιον
2618 2874 2712 2926 καὶ
2764 2873 2939 2942 ἀρχὴν
2981 2873 3132 2937 ὄντα,
3165 2873 3261 2927 καὶ
3291 2873 3460 2927 τᾶλλα
3505 2873 3607 2925 ὅσα

2019 2959 2138 3016 ἐκεῖ
2173 2963 2556 3032 προστίθενται
2583 2980 2596 3029 ;
2638 2963 2738 3016 ποῦ
2768 2965 2867 3033 τῆς
2892 2963 3116 3034 Γραφῆς
3145 2966 3177 3034 ἡ
3207 2965 3317 3017 τῶν
3346 2964 3606 3018 διδασκάο

2019 3053 2128 3106 λων
2185 3052 2418 3124 εὓρηται
2472 3055 2734 3123 κείμενα,
2771 3056 2846 3108 Οῦ
2885 3057 2989 3124 γὰρ
3051 3055 3265 3109 οἴκοθεν
3322 3057 3487 3127 ἐχρῆν
3536 3057 3608 3108 τά

2021 3143 2247 3198 τοιαῦτα.
2315 3145 2606 3216 ὁροθετεῖν,
2673 3147 2874 3216 μᾶλλον
2931 3147 2988 3200 δέ
3051 3149 3194 3202 κατὰ
3249 3148 3377 3211 τοὺς
3439 3150 3606 3220 Γραι-

339 3244 515 3304 κυίας,
560 3241 862 3294 ὑπεύθυνον
906 3242 1150 3312 ἀγούσης
1199 3243 1291 3294 τὸν
1333 3243 1586 3307 πάππαν,
1619 3243 1712 3295 καὶ
1743 3242 1810 3314 ἡν
1841 3241 1917 3304 ὡς
1945 3245 1988 3305 c
2025 3237 2155 3298 κούς
2183 3253 2372 3305 φασιν,
2402 3239 2580 3289 αἰτίαν
2605 3238 2696 3288 τον
2723 3239 2850 3290 Υίὸν
2877 3237 2972 3290 τοῦ
3002 3238 3140 3290 Θεοῦ
3167 3241 3260 3292 τοῦ
3286 3240 3606 3308 Πνεύματος

273 3400 284 3406 ,
341 3335 697 3402 βεϐαιοτέραν
757 3333 1003 3402 ἑλόμενοι
1053 3334 1218 3386 παντὶ
1269 3333 1463 3403 δικαίῳ
1509 3334 1602 3386 καὶ
1644 3332 1788 3402 λόγῳ
1822 3333 1918 3395 τὰς

341 3423 590 3493 περὶτοῦ
627 3423 865 3477 συνιέναι
933 3422 1236 3492 συμϐάσεις
1285 3422 1406 3492 μετ’
1439 3423 1611 3491 αὐτῆς
1657 3423 1920 3492 ἐπεποιή-

343 3515 481 3582 μεθα
524 3514 814 3584 πρότερον,
845 3515 903 3566 τὸ
928 3515 985 3566 δέ
1017 3515 1388 3582 πνευματικὸν
1430 3514 1532 3566 οῦκ
1567 3515 1800 3582 ἔχουσαν
1829 3515 1921 3566 ού-

248 3633 256 3642 ·
339 3605 546 3674 δαμῶς.
577 3607 859 3675 Ιῐαρίεμεν
888 3605 1095 3660 τάλλα·
1143 3606 1205 3658 οὐ
1255 3605 1365 3674 γάρ
1397 3605 1652 3676 πρόθεσις
1688 3607 1819 3675 ἡμῖν
1864 3607 1922 3659 ἐν

339 3699 472 3768 τῷδε
511 3700 588 3769 τῷ
610 3699 755 3768 λόγῳ
781 3699 888 3750 τῶν
923 3698 1232 3769 προσώπων
1264 3700 1620 3766 κατηγορεῖν.
1645 3698 1789 3749 Ἀλλ’
1824 3699 1922 3749 ούκ

339 3785 406 3858 ἦν
463 3789 848 3858 ὑπεσχημένον
897 3789 960 3841 ἐκ
1016 3789 1126 3840 τῶν
1163 3787 1457 3855 βασιλικῶν
1509 3787 1919 3856 πρέσϐεων,ὂτι

345 3882 483 3951 μετά
511 3882 572 3932 τὸ
602 3881 870 3949 Γραικοὺς
896 3881 1014 3933 ἐκεῖ
1045 3877 1452 3947 παραγενέσθαι
1498 3879 1641 3932 κατὰ
1676 3879 1741 3931 τὰ
1794 3895 1919 3931 συν-

341 3974 632 4042 τεθειμένα
659 3973 812 4034 ἐντδς
851 3971 946 4025 δύο
976 3971 1162 4040 μηνῶν
1203 3972 1237 4040 ἡ
1265 3969 1464 4032 ἓνωσις
1489 3969 1793 4034 ἐξάπαντος
1831 3988 1920 4038 γε-

343 4064 585 4132 νήσεται.
605 4062 716 4116 Καὶ
737 4061 926 4113 τούτου
951 4063 1041 4113 τοῦ
1067 4060 1364 4127 κεφαλαίου
1390 4060 1922 4130 προῦποτεθειμένου

344 4157 401 4206 ἐν
443 4155 521 4222 τῷ
549 4153 811 4221 δεκρέτῳ,
842 4153 911 4204 τά
946 4152 1080 4206 ἀλλα
1110 4151 1560 4221 προσηρμόττετο
1595 4152 1793 4204 πάντα.
1828 4153 1924 4215 Τίς

345 4246 464 4298 νοῦν
488 4248 628 4315 ἐχων
659 4246 717 4298 οὐ
749 4246 950 4314 συνορᾷ
982 4245 1156 4302 ταῦτα
1180 4245 1231 4296 τί
1262 4261 1323 4312 γε
1352 4245 1606 4297 ἐϐούλετο
1631 4262 1646 4312 ;
1685 4246 1806 4298 Οὐδ’
1837 4245 1926 4296 οῦ-

344 4356 449 4400 τως
484 4335 626 4408 ἦσαν
661 4337 826 4391 ἁπλοῖ
855 4338 1102 4400 Λατῖνοι,
1131 4335 1271 4388 ὥστε
1307 4337 1374 4388 τὰ
1405 4338 1668 4406 χρήματα
1697 4336 1924 4388 ἀναλοῦν

348 4429 522 4494 μάτην
571 4427 770 4490 αὐτῶν,
812 4427 886 4495 μὴ
941 4426 1162 4496 βεϐαίας
1205 4427 1372 4496 οῦσης
1432 4430 1619 4492 αὐτοῖς
1678 4431 1775 4496 τῆς
1827 4429 1922 4480 τοῦ

345 4516 503 4569 πάνθ’
530 4517 667 4582 ὑπὲρ
698 4514 908 4568 ἑαυτῶν
939 4517 1168 4585 πράξειν
1197 4516 1427 4579 ἐλπίδος.
1456 4516 1598 4569 Ἀλλ’
1624 4518 1714 4570 ἐπὶ
1745 4517 1805 4568 τὸ
1832 4534 1923 4568 τε-

2025 3321 2186 3378 εἷναι.
2227 3327 2288 3378 El
2321 3327 2422 3395 μὲν
2455 3322 2549 3379 οὖν
2607 3328 2732 3389 τοὺς
2797 3328 2905 3380 τῶν
2948 3329 3202 3399 Γραικῶν
3247 3330 3603 3395 διδασκάλους

2026 3417 2306 3487 βούλονται
2341 3417 2542 3484 λέγειν,
2585 3417 2953 3472 δεικνύτωσαν
3005 3419 3210 3484 αὐτοῖς,
3243 3421 3336 3474 καὶ
3388 3417 3603 3486 ἕξουσιν

2023 3509 2187 3566 εὐθὺς
2221 3508 2584 3578 πειθομένους
2617 3511 2764 3579 ἡμᾶς
2789 3526 2805 3541 ο
2841 3512 2890 3562 εἰ
2920 3511 2976 3562 δέ
3003 3529 3148 3574 τινες
3177 3515 3285 3564 τῶν
3311 3512 3406 3566 νῦν
3430 3513 3602 3566 όντων

2023 3595 2298 3664 Γραικῶν,
2356 3595 2456 3648 εἴτ’
2500 3600 2559 3649 ἐν
2609 3601 2673 3666 τῇ
2742 3599 2942 3669 συνόδῳ
3012 3603 3299 3669 παρόντες,
3336 3603 3448 3657 εῖτε
3509 3607 3604 3659 καὶ

2027 3686 2167 3754 μετά
2219 3686 2412 3749 ταῦτα,
2477 3687 2613 3757 παρ’
2673 3688 2884 3741 ἑαυτῶν
2938 3693 3096 3742 ταυτὶ
3160 3691 3601 3761 δογματίζουσιν,

2023 3777 2242 3842 ἀνάξιον
2265 3779 2653 3849 οίκουμενικῆς
2687 3780 2904 3834 συνόδου
2954 3783 3053 3850 τῆς
3087 3782 3369 3850 θεολογίας
3398 3785 3605 3859 ταύτης

2023 3870 2082 3922 τὸ
2120 3869 2341 3936 βάθρον.

2097 3961 2206 4014 Ποῦ
2243 3961 2297 4014 δὲ
2330 3965 2424 4016 καὶ
2452 3967 2701 4031 φαίνεται
2729 3967 2998 4037 γενομένη
3028 3969 3387 4038 περὶτούτων
3421 3971 3608 4037 ἐξέτα-

2025 4074 2108 4119 σις
2135 4059 2192 4108 ἐν
2219 4059 2286 4127 τῇ
2322 4057 2524 4128 συνόδῳ
2556 4062 2654 4129 τῆς
2681 4060 3021 4129 Φλωρεντίας
3051 4077 3066 4127 ;
3101 4061 3302 4130 μᾶλλον
3335 4062 3394 4114 δὲ
3417 4063 3477 4115 τὸ
3510 4063 3605 4116 τοῦ

2025 4151 2226 4204 πάππα
2265 4151 2540 4220 δεκρέτον.
2567 4151 2738 4214 Αὐτὸς
2774 4140 2882 4220 γάρ
2928 4154 3044 4204 ἐστι
3083 4153 3414 4221 νομοθετῶν,
3442 4157 3540 4224 οὐχ
3571 4158 3605 4226 ἡ

2026 4242 2264 4306 σύνοδος,
2328 4243 2385 4300 ὃς
2443 4244 2536 4294 καὶ
2594 4243 2858 4315 πρότερον
2908 4246 3070 4311 μόνος
3125 4245 3223 4314 τὴν
3287 4247 3607 4316 προσθήκην

2025 4334 2222 4388 ἐποίει.
2261 4333 2370 4385 ΙΙοῦ
2419 4339 2702 4402 συμφωνεῖ
2749 4337 2873 4398 ταῖς
2924 4337 3160 4405 Πράξεσι
3205 4341 3305 4407 τῆς
3339 4340 3602 4402 συνόδου;

2026 4425 2150 4486 Πῶς
2180 4427 2242 4477 ἐκ
2281 4425 2392 4476 τῶν
2427 4425 2826 4495 ἀγωνισμάτων
2857 4428 3081 4479 ἐκείνων
3126 4429 3460 4498 ἀθροίζεται,
3496 4432 3606 4483 είτε

2025 4517 2136 4569 τῶν
2167 4520 2222 4569 ἐν
2243 4518 2489 4587 Φεραρία
2519 4518 2808 4587 πρότερον,
2839 4518 2949 4570 εἴτε
2981 4519 3088 4569 τῶν
3115 4519 3340 4586 ὕστερον
3379 4523 3437 4572 ἐν
3462 4522 3608 4573 Φλωο

345 4611 588 4662 λευταῖον
619 4579 891 4678 ἐρχόμεθα
917 4623 932 4639 ⁸
962 4579 1030 4660 τὰ
1061 4608 1169 4678 γὰρ
1197 4610 1402 4678 μεταξὺ
1439 4609 1729 4677 παρίεμεν,
1753 4609 1923 4661 ἀπάν-
1951 4579 2003 4639 D
2031 4609 2215 4678 ρεντίᾳ
2243 4579 2642 4677 γεγενημένων,
2671 4579 2719 4661 εί
2753 4608 2825 4680 μὴ
2851 4610 2945 4661 καὶ
2968 4609 3034 4662 τὰ
3063 4579 3608 4680 ἀπομνημονεύματα

347 4719 453 4754 των
509 4702 728 4754 εἰδότων
757 4700 854 4763 τὰς
890 4702 1139 4772 μηχανὰς
1173 4700 1406 4763 ἐκείνας,
1434 4700 1531 4763 τὰς
1589 4701 1694 4751 ὑπὸ
1732 4703 1926 4754 σκότον

351 4793 755 4862 ρεταχειρίσεις
817 4795 914 4846 καὶ
971 4793 1378 4860 πραγματείας,
1417 4792 1543 4853 τοὺς
1588 4792 1794 4856 δόλους,
1825 4794 1922 4855 τὰς

349 4888 649 4955 περιόδους,
686 4886 786 4948 τὰς
821 4885 1160 4945 ἐκτοπίσεις.
1205 4884 1373 4938 ’Λλλά
1398 4884 1579 4952 ψῆφον
1613 4885 1920 4952 συνέθεντο,

349 4980 438 5028 καὶ
478 4977 920 5045 δογματίζουσιν,
961 4976 1044 5029 ὅτι
1091 4976 1120 5027 ὁ
1162 4975 1289 5036 Υἱὸς
1318 4975 1410 5028 τοῦ
1443 4975 1580 5028 Θεοῦ
1619 4977 1712 5029 τοῦ
1748 4977 1921 5029 Ηνεύ-

347 5069 514 5135 ματός
581 5070 738 5120 ἐστιν
786 5066 960 5126 αἴτιος
1004 5065 1099 5119 τοῦ
1151 5065 1307 5129 Υίοῦ,
1359 5066 1441 5120 ὅτι
1502 5066 1665 5137 ἁρχὴ,
1719 5068 1800 5120 ὅτι
1857 5067 1918 5120 τὸ

346 5161 565 5228 Πνεῦμα
595 5161 695 5223 τὴν
730 5159 967 5228 ὕπαρξιν
996 5159 1062 5210 ἐκ
1094 5157 1189 5210 τοῦ
1226 5157 1358 5211 Υίοῦ
1394 5157 1531 5227 ἔχει,
1567 5159 1648 5211 ὅτι
1679 5158 1918 5231 θεμιτῶς

343 5254 429 5302 καὶ
459 5251 702 5316 εὐλόγως
732 5251 766 5318 ἡ
814 5247 1104 5318 προσθήκη
1137 5246 1276 5318 αῦτη
1306 5248 1382 5319 τῷ
1423 5248 1676 5319 συμϐόλῳ
1717 5265 1918 5318 προσε-

339 5340 469 5410 τέθη
501 5341 601 5408 τῆς
632 5341 892 5403 πίστεως.

421 5432 528 5484 Ποῦ
560 5433 770 5485 τούτων
808 5432 1155 5502 δειχθέντων,
1188 5434 1289 5487 οῦκ
1325 5434 1385 5485 ἐν
1409 5436 1485 5502 τῇ
1509 5433 1747 5504 Φεραρία
1789 5433 1919 5503 περὶ

341 5525 439 5592 τῆς
470 5524 814 5596 προσθήκης,
842 5526 1154 5578 τούναντίον
1182 5527 1330 5580 ἇπαν
1368 5525 1582 5592 ἐδείχθη
1611 5544 1624 5590 ;
1653 5527 1728 5578 Οὐ
1749 5525 1918 5578 πολλὰ

343 5633 402 5668 π·
426 5619 688 5687 ρεκάλουν
726 5619 776 5672 οἱ
811 5619 1050 5682 Λατῖνοι,
1082 5617 1208 5680 τοὺς
1233 5618 1361 5686 περὶ
1382 5616 1475 5669 τοῦ
1514 5619 1588 5686 μὴ
1619 5617 1727 5669 δεῖν
1754 5634 1919 5686 προσ-

341 5725 369 5760 τ
397 5710 547 5761 θέναι
578 5709 893 5782 διορισμοὺς
935 5708 1009 5777 μὴ
1063 5710 1142 5770 είς
1172 5709 1412 5778 ὑπήκοον
1452 5709 1917 5772 ἀναγινώσκεσθαι

346 5799 557 5849 πάντων
591 5798 680 5849 καὶ
709 5799 807 5858 τὰς
837 5799 927 5849 ἐπὶ
951 5797 1156 5849 τἰύτων
1190 5797 1407 5858 ποινάς;
1447 5797 1622 5863 Ἠμᾶς
1654 5797 1708 5848 δὲ
1738 5796 1787 5848 τί
1813 5797 1919 5848 ἔδει

347 5890 462 5944 τότε
499 5891 705 5955 ποιεῖν;
736 5889 794 5942 οὔ
831 5891 1091 5961 ρηγνύναι
1135 5891 1401 5961 palmi;
1438 5890 1496 5942 οὑ
1535 5890 1776 5962 βῖᾷ.-;ο·ἓ
1809 5890 1922 5946 δια-

2026 4701 2211 4752 ἐκεῖνα
2253 4701 2723 4767 μεταποιήσαντες
2770 4701 2905 4769 πρὸς
2938 4702 2998 4754 τὸ
3031 4703 3181 4770 σφίσι
3215 4702 3428 4767 δοκοῦν,
3458 4705 3602 4758 οῖον-

2025 4805 2116 4840 ται
2139 4789 2548 4859 διαφευξεῖσθαι
2577 4792 2674 4852 τὰς
2704 4790 2935 4858 μέμψεις
2963 4807 2979 4853 ς
3010 4792 3123 4860 Τὴν
3148 4793 3203 4845 δὲ
3229 4793 3408 4862 ψῆφον
3435 4797 3605 4866 αὐτὴν

2025 4881 2156 4934 πότε
2217 4879 2560 4944 συνελθόντες
2612 4881 2902 4944 συνοδικῶς
2934 4882 3309 4951 ἐψηφίσαντος
3369 4885 3513 4939 Ἀλλ’
3547 4890 3603 4938 ἐν

2027 4972 2202 5041 γωνίᾳ
2243 4972 2445 5039 μᾶλλον
2491 4975 2961 5042 συσκευασάμενοι
3001 4975 3230 5028 ἑκαστον
3259 4977 3427 5047 χωρὶς
3458 4977 3607 5030 ἐπει-

2027 5062 2118 5114 θον
2149 5063 2506 5131 ὑπογράφειν,
2538 5067 2612 5127 ὠς
2645 5066 2881 5134 εἴρηται,
2919 5066 3141 5136 τρόποις
3169 5062 3250 5130 οἷς
3279 5068 3456 5136 λέγειν
3503 5071 3606 5122 οὐκ

2027 5153 2320 5225 εὐπρεπὲς,
2353 5156 2772 5224 ὑπουργούντων
2793 5155 2899 5208 τῶν
2924 5159 3208 5228 ἡμετέρων
3239 5159 3316 5230 τῷ
3343 5145 3603 5231 δράμάτι.

2029 5246 2091 5298 EE
2149 5247 2254 5316 γὰρ
2320 5246 2528 5314 τάληθῆ
2587 5247 2786 5315 λέγειν,
2839 5251 2898 5302 ἐν
2925 5251 3058 5319 ἡμῖν
3095 5250 3278 5315 αὐτοῖς
3319 5251 3381 5304 τὸ
3433 5253 3606 5306 δεινόν

2028 5337 2175 5391 ἅπαν
2209 5339 2530 5407 ἐπράττετο,
2580 5343 2694 5403 τοῖς
2749 5341 2804 5392 δέ
2840 5343 3092 5405 Λατίνοις
3136 5343 3371 5412 ήρκεσεν
3419 5347 3450 5412 ἡ
3496 5345 3602 5394 τῶν

2029 5431 2371 5499 πραγμάτων
2415 5431 2628 5502 ἀνάγκη
2671 5435 2764 5485 καὶ
2800 5433 2861 5485 τὸ
2894 5435 3261 5503 συγκεχύσθαι
3309 5436 3435 5495 τοὺς
3465 5436 3602 5502 ἡμε-

2029 5523 2221 5586 τέρους
2250 5522 2600 5591 προμάχους’
2625 5524 2721 5574 καὶ
2750 5523 2874 5584 τοὺς
2903 5525 3001 5592 μὲν
3037 5525 3204 5593 ’ᾍδου
3239 5525 3404 5591 κυνῆν
3437 5523 3603 5575 ὑπελ-

2029 5614 2164 5676 θεῖν,
2201 5615 2300 5666 οὐκ
2327 5615 2530 5685 ἀπορίᾳ
2553 5615 2724 5684 λόγων
2759 5617 2959 5685 μᾶλλον
2985 5616 3017 5686 ἡ
3051 5617 3160 5670 δέει
3187 5615 3277 5668 τοῦ
3306 5615 3482 5668 δοκεῖν
3510 5619 3607 5668 αύ-

2027 5709 2149 5769 τοῦς
2176 5707 2381 5772 αἰτίους
2410 5706 2552 5760 εἶναι
2586 5707 2678 5760 τοῦ
2712 5709 3012 5777 σχίσματος
3044 5709 3151 5759 τῶν
3188 5709 3456 5760 πλείστων
3500 5728 3606 5762 πα-

2034 5800 2419 5868 ριδεδομένων,
2439 5802 2561 5862 τοὺς
2588 5801 2641 5851 δὲ
2669 5801 2742 5852 πά
2759 5815 2844 5850 ιτα
2869 5799 3129 5868 προέσθαι
3149 5801 3396 5862 Λατίνοις
3421 5803 3604 5868 εὐθὺς,

2037 5892 2200 5962 μηδὲν
2237 5893 2647 5970 προειδομένονς
2679 5894 2781 5945 τῶν
2812 5894 3101 5962 ἐσομένων,
3138 5892 3252 5947 ἀλλ’
3281 5892 3608 5958 ἐλπίσαντας
3695 5961 3700 5966 _
