4118 6280
492 383 601 449 727

1614 370 1989 448 ᾱΕΝΝΑοιι
2031 381 2142 444 CP.
2185 383 2696 450 PATRIARCH/E

3652 392 3765 457 728

490 506 688 578 νῆεθαι
715 506 1037 577 νομίζομεν,
1078 505 1173 561 καὶ
1201 505 1339 577 πρὸς
1378 503 1592 568 τούτοις
1627 502 1922 571 θεοφιλεῖς,
1945 516 2069 565 γεν-
2105 499 2148 557 Α
2180 503 2417 568 πίστεως
2452 506 2776 576 ἱδρυμένους
2803 507 2866 562 οὑ
2896 508 2978 563 δεῖ
3018 506 3341 579 τηλικοῦτον
3364 507 3590 570 ἑκόντας
3619 511 3748 564 ἀναο

491 597 659 661 ναίως
681 595 972 666 ίστάμεθα,
1000 596 1054 651 τί
1085 597 1161 668 μὴ
1187 597 1283 652 καὶ
1314 596 1450 668 πρὸς
1479 595 1649 666 ἀλλην
1677 595 1857 648 πᾶσαν
1887 592 2075 660 διαφοο

495 687 597 758 ράν
648 688 823 758 μείζω
856 704 916 741 τε
967 688 1067 743 καὶ
1126 689 1339 744 ἐλάττω
1396 686 1489 742 τδν
1549 685 1714 741 αὑτὸν
1755 683 2074 755 στησόμεθα

488 779 716 850 τρόπον,
747 780 879 849 περὶ
904 774 975 853 ῆς
1008 781 1173 850 ίσμεν
1207 780 1488 843 τοσούτοις
1518 778 1664 832 ἔτεσι
1712 776 1843 839 τοὺς
1870 774 2073 846 ἡμετέ-

493 884 621 941 ρους
659 870 916 941 “acim;
941 871 1036 925 zeal
1067 870 1451 935 διδασκάλους,
1489 869 1632 940 μετά
1677 866 1881 934 πολλῆς
1913 862 2072 934 ἱρεύ-

418 948 423 954 ’
487 979 588 1031 νης
623 962 693 1017 τὰ
718 963 848 1016 ὄντα
882 962 1238 1030 δοξάσαντας,
1272 963 1369 1017 zeal
1396 963 1624 1031 γνώμην
1668 958 1795 1031 περὶ
1821 956 2072 1012 Λατίνων

490 1053 813 1124 εἰληφότας,
864 1054 933 1125 ῆν
988 1071 1119 1109 ποτε
1160 1055 1320 1126 έσχον
1354 1055 1452 1109 zeal
1501 1053 1611 1116 τοῖς
1676 1049 2072 1121 ὑπομνήμασιν

488 1146 624 1216 ημῖν
684 1146 1007 1218 καταλεῖψαι
1045 1142 1252 1219 τα’ύτην
1305 1147 1762 1209 σπουδάσαντας,
1809 1142 1959 1204 ὅπως
2003 1141 2072 1194 ἂν

488 1237 881 1307 συμφωνῶμεν
930 1239 1143 1306 αὐτοῖς,
1180 1240 1276 1292 καὶ
1338 1237 1509 1309 μηδὲν
1555 1235 1712 1305 παρά
1752 1235 1921 1305 μέλος
1970 1232 2070 1301 τῆς

485 1326 669 1380 αὐτῶν
718 1328 955 1393 πίστεως
1005 1330 1270 1401 ᾇδωμενς
1326 1329 1470 1383 Ἀλλ’
1520 1327 1642 1381 οὑδὲ
1702 1326 1866 1397 χάριν
1921 1324 2072 1393 ἔχειν

487 1417 785 1488 ὀφείλομεν
841 1420 1045 1490 μᾶλλον
1105 1421 1222 1483 τοῖς
1281 1421 1410 1483 τοὺς
1461 1418 1790 1490 περιϐόλους
1841 1419 2072 1475 τούτους

488 1508 870 1580 ίδρυσαμένοις
935 1513 1093 1581 ἡμῖν,
1150 1511 1242 1580 ὑφ’
1292 1505 1371 1564 ὧν
1428 1508 1832 1580 φυλαττόμεθα,
1877 1506 1911 1575 ἢ
1958 1507 2072 1567 τοῖς

485 1600 616 1663 τοὺς
659 1600 922 1671 θριγγοὺς
950 1599 1728 1673 πηξαμένοις-τῆς-εύσεσείας
1776 1596 1870 1651 καὶ
1904 1612 2074 1665 προσ·

487 1691 630 1745 θεῖσι
680 1694 874 1758 ποινάς
951 1694 1307 1766 ὑπερϐαίνειν
1373 1692 1828 1765 βουλησομένοιςο
1873 1689 2071 1744 ἐκεῖνοί

489 1798 553 1834 τε
603 1784 714 1854 γὰρ
741 1784 885 1853 ὑπὲρ
925 1786 1023 1855 τῆς
1066 1786 1177 1840 τῶν
1205 1785 1477 1854 ὀψιγόνων
1527 1783 1846 1853 ἐλευθερίας
1891 1782 2071 1836 πάντα

487 1872 710 1927 ἐποίουν
730 1890 745 1905 ο
790 1876 885 1929 zeal
918 1869 1065 1931 οὗτοι
1090 1876 1291 1945 πολλὴν
1317 1875 1418 1946 τὴν
1463 1874 1675 1945 πλάνην
1700 1873 1798 1927 zeal
1825 1873 1925 1943 τὴν
1947 1873 2070 1936 ἐξα-

489 1964 673 2035 πάτην
703 1968 763 2020 έν
789 1968 905 2031 τοῖς
936 1967 1047 2022 τῶν
1068 1966 1373 2036 ἀνθρώπων
1400 1966 1581 2034 λόγοις
1608 1962 1775 2020 οὖσαν
1806 1964 2065 2036 ὁρῶντες,

488 2057 729 2122 ἀπαθεῖς
767 2057 917 2128 ἡμᾶς
949 2057 1294 2113 δσπούδασαν
1328 2055 1389 2122 ἐξ
1435 2056 1620 2111 αὐτῶν
1665 2053 2065 2110 διασώσασθαι.

492 2147 710 2219 Ὠσπερ
753 2148 849 2202 οὖν
913 2150 1265 2219 ἀνοητότατοι
1298 2149 1519 2205 πάντων
1572 2148 1640 2202 ἀν
1665 2144 1830 2218 ἦμεν,
1865 2145 1935 2200 τά
1968 2146 2068 2214 τὴν

487 2239 796 2308 ἀσφάλειαν
843 2241 976 2311 ἡμῖν
1010 2241 1106 2297 zeal
1159 2240 1259 2310 τὴν
1309 2238 1630 2309 έλευθερίαν
1677 2236 1888 2290 διδόντα
1913 2236 2070 2304 τείχη

488 2333 654 2389 ταυτὶ
701 2332 1114 2404 καθαιροῦντες,
1172 2331 1315 2386 οὑτω
1371 2332 1467 2386 καὶ
1524 2329 1710 2400 πολλῷ
1754 2328 1955 2400 μᾶλλον
2000 2327 2070 2379 τὰ

487 2422 844 2492 πνευματικά
888 2423 1043 2495 τείχη
1067 2428 1229 2478 ταυτὶ
1257 2423 1626 2493 προδιδόντες,
1657 2422 1770 2491 ὅσῳ
1802 2420 1893 2473 zeal
1938 2417 2070 2488 περὶ

489 2515 760 2585 μειζόνων
791 2517 821 2569 6
859 2516 1107 2581 κίνδυνος
1134 2516 1312 2581 ἔσται,
1344 2518 1405 2570 τδ
1439 2516 1592 2580 τέλος
1617 2515 1800 2570 είτουν
1831 2510 1864 2583 ἡ
1901 2529 2069 2578 μετα-

485 2605 620 2677 ϐολὴ
646 2606 804 2662 τοῦδε
826 2607 923 2661 τοῦ
955 2609 1163 2679 κόσμου
1195 2608 1384 2677 ιγγὺς,
1401 2606 1476 2671 ώς
1502 2608 1565 2661 ὲκ
1591 2606 1699 2660 τῶν
1724 2604 2069 2673 πραγμάτων

485 2698 634 2752 ἔστιν
665 2700 818 2771 όρᾷν.
844 2701 907 2753 El
936 2700 992 2753 δδ
1010 2700 1106 2754 zeal
1142 2699 1217 2771 μὴ
1262 2700 1358 2752 τοῦ
1386 2698 1707 2768 σύμπαντος
1737 2697 1965 2764 κόσμον,
2000 2694 2064 2767 τδ

488 2793 621 2860 γοῦν
649 2792 927 2862 ἡμέτερον
979 2791 1137 2859 γένος
1191 2791 1287 2845 zeal
1343 2791 1375 2859 ή
1433 2789 1633 2859 πατρὶς
1662 2788 1805 2858 αῦτη
1836 2788 1894 2839 ὲν
1944 2786 2067 2848 ταῖς

484 2884 744 2953 ἰσχάταις
792 2882 1093 2944 ἀναπνοαῖς
1126 2881 1313 2951 σχεδόν
1343 2882 1512 2945 ἑστιν,
1562 2879 1631 2933 ἂν
1681 2879 1756 2948 μὴ
1808 2878 1869 2931 τὸ
1900 2877 2056 2931 Θεῖον

486 2979 648 3047 χεῖρα
681 2977 952 3049 ὑπερέχῃ.
988 2976 1064 3029 Ού
1101 2973 1407 3045 βουλόμεθα
1446 2956 1627 3025 τοίνυν
1655 2969 1978 3042 ῥιψάσπιδες
2008 2970 2068 3023 έν

485 3071 567 3140 τῷ
597 3071 742 3124 τέλει
792 3070 1056 3140 φανῆναι,
1105 3069 1202 3123 zeal
1251 3066 1362 3119 τῶν
1414 3066 1698 3136 προγόνων
1740 3063 2061 3135 δειλότεροι.

486 3165 907 3234 Γενναιοτὲρους
952 3163 1053 3233 μὲν
1100 3161 1194 3216 οὖν
1234 3155 1382 3232 ,εἶναι
1426 3160 1521 3213 zeal
1583 3156 1873 3227 φαίνεσθαι
1904 3157 2004 3224 δεῖ,
2039 3155 2067 3209 δ
2096 3152 2138 3211 C

486 3258 611 3311 κάνκ
649 3258 851 3310 ἐκεῖνοι
888 3257 1020 3325 περὶ
1051 3255 1210 3327 ἡμῶν
1245 3254 1495 3322 εὔξαιντο
1531 3250 1873 3322 τηλικούτων
1934 3252 2070 3321 ἡμῖν

485 3350 740 3405 ἑστώτων
785 3350 1270 3420 παραδειγμάτων,
1331 3348 1426 3400 zeal
1481 3346 1580 3417 τὴν
1638 3344 1823 3399 πίστιν
1864 3344 2068 3414 ὁμοίως

485 3442 866 3512 διαφυλάττειν
892 3443 950 3495 έν
981 3441 1163 3511 πολλῷ
1190 3438 1430 3510 ,μείζοσι
1458 3437 1827 3509 δυσχερείαις.
1862 3437 1973 3490 Kal
2019 3436 2075 3488 εί

488 3553 575 3598 τις
608 3536 753 3588 δυοῖν
780 3528 1160 3606 προκειμένων
1198 3532 1387 3586 κακῶν
1419 3531 1528 3583 δεῖν
1561 3528 1780 3582 ἑλέσθαι
1806 3528 1869 3580 τδ
1914 3527 2070 3580 ἐλατ-

487 3644 581 3681 τον
632 3627 815 3696 λέγοι,
880 3626 1023 3681 οὕτω
1053 3627 1154 3696 τῆς
1211 3622 1323 3678 τῶν
1379 3622 1730 3694 πραγμάτων
1777 3619 2070 3682 δυσκολίας

494 3719 808 3791 πειθούσης,
828 3721 921 3774 zeal
943 3719 1021 3789 τῷ
1050 3719 1159 3773 δέει
1192 3721 1290 3789 τῆς
1313 3718 1573 3781 ἀπιστίας
1599 3716 1796 3787 μικρόν
1827 3732 1880 3768 τι
1912 3731 2062 3785 παρ-

489 3813 735 3866 εκκλῖναι
763 3811 863 3880 τῆς
910 3810 1080 3881 ὀρθῆς
1148 3808 1294 3875 ἀξιοῖ
1329 3808 1594 3872 πίστεως,
1625 3807 1654 3858 ὀ
1688 3806 1787 3876 μὲν
1840 3805 2065 3873 ἀδιαφό-

494 3920 601 3971 ρως
629 3903 742 3971 ἔχει
778 3905 914 3974 πρνις
955 3902 1136 3955 πάντα
1178 3900 1486 3971 προδήλως,
1523 3898 1635 3952 τῶν
1674 3898 1786 3969 γὰρ
1810 3898 2069 3952 τοιούτων

491 3998 522 4064 ἡ
576 4013 635 4048 το
661 3995 799 4063 αύτη
842 3994 1025 4062 κρίσις
1081 3992 1272 4045 ἐστίν*
1305 3994 1468 4062 ἡμεῖς
1526 3991 1583 4043 δὲ
1639 3991 1818 4061 ίσμεν,
1846 3991 1928 4043 ὅτι
1975 3990 2070 4042 zeal

494 4087 689 4154 μικρόν
719 4102 774 4137 τι
800 4085 902 4152 τῆς
947 4084 1116 4154 ὀρθῆς
1148 4083 1468 4141 ἐκκλίνοντα
1484 4080 1755 4145 πίστεως,
1786 4081 1933 4146 ἄπας
1979 4082 2071 4134 νό-

494 4195 592 4248 μος
622 4177 899 4246 αἱρετικὸν
949 4170 1090 4227 εἶναι
1125 4174 1397 4243 βούλεται,
1447 4176 1522 4236 ώς
1555 4175 1669 4236 τοῖς
1732 4173 1861 4243 περὶ
1896 4171 2071 4226 ταῦτα

492 4265 924 4337 πεπειραμένοις
955 4267 1071 4319 ἐστὶ
1103 4265 1273 4334 σαφές
1295 4282 1308 4297 ⁸
1336 4266 1429 4318 zeal
1453 4265 1536 4319 δτι
1560 4264 1659 4335 τῆς
1691 4265 1787 4331 μὲν
1810 4264 2071 4334 ἀληθείας

491 4360 660 4429 οὑσης
690 4360 820 4429 μιᾶς
844 4357 902 4411 ἔν
941 4375 1002 4412 τε
1041 4361 1106 4429 τῇ
1141 4359 1269 4427 περὶ
1316 4358 1376 4410 τδ
1423 4357 1580 4410 Θεῖον
1626 4356 1753 4429 δόξῃ
1804 4359 1895 4410 zeal
1932 4358 2069 4411 πᾶσι

489 4454 803 4524 πράγμασι,
839 4454 938 4517 τὰς
974 4453 1103 4522 περὶ
1151 4451 1382 4505 ἕκαστον
1415 4450 1627 4512 πλάνας
1660 4450 2068 4521 ἀναριθμήτους

489 4550 630 4601 εἶναι
667 4545 1010 4617 συμϐέϐηκε,
1061 4543 1259 4615 βαθμῷ
1296 4561 1403 4598 τινι
1450 4544 1547 4597 zeal
1581 4543 1732 4608 τάξει
1785 4543 1887 4613 τῆς
1937 4544 2070 4613 ἀλη-

489 4641 641 4704 θείας
671 4638 1093 4711 ἀπῳκισμένας.
1135 4638 1228 4689 Δεῖ
1256 4635 1314 4689 δὲ
1374 4635 1515 4702 μετά
1570 4635 1671 4703 τῆς
1706 4634 1967 4704 ἀληθείας
1991 4637 2072 4698 είς

486 4734 585 4801 τὴν
628 4731 850 4787 αίώνιον
892 4728 1118 4783 είσιέναι
1155 4727 1335 4796 ζωήν’
1365 4725 1677 4798 ἀκάθαρτος
1715 4726 1845 4795 γάρ,
1880 4728 2070 4795 φησὶν,

484 4825 547 4875 ού
593 4823 669 4895 μὴ
709 4821 893 4892 διέλθῃ
932 4820 1003 4873 δι’
1029 4817 1222 4888 αὐτῆς,
1262 4818 1371 4870 εἴτε
1425 4816 1568 4870 κατά
1601 4816 1747 4881 νοῦν,
1782 4819 1892 4870 εἴτε
1926 4818 2071 4871 κατά

489 4918 709 4984 θέλησιν
739 4914 801 4968 τὸ
848 4909 1039 4982 αἶσχος
1065 4910 1181 4982 ἔχοι
1219 4910 1315 4992 καὶ
1356 4910 1457 4979 τὴν
1519 4909 1888 4979 ἀκαθαρσίαν.
1925 4912 1986 4963 Et
2014 4912 2070 4963 δὲ

491 5009 675 5077 μέλλοι
702 5008 802 5077 τῆς
827 5005 1051 5059 αἰωνίου
1083 5003 1371 5072 τυγχάνειν
1405 5001 1554 5070 ζωῆς
1598 5003 1626 5053 6
1662 5003 1861 5070 μικρόν
1891 5019 1943 5054 τι
1972 5004 2071 5072 τῆς

487 5100 655 5170 ὀρθῆς
685 5100 844 5167 δόξης
867 5097 1150 5159 ἐκκλίνων,
1195 5098 1291 5148 zeal
1322 5097 1349 5146 6
1382 5097 1502 5161 μετ’
1535 5095 1747 5148 ἐκεῖνον
1796 5095 1960 5157 εὐθὺς
1990 5095 2070 5163 τῷ

489 5192 637 5259 αὑτῷ
684 5190 831 5257 λόγῳ
890 5187 1166 5253 τεύξεται,
1220 5186 1320 5256 τῆς
1376 5186 1497 5254 ῐσης
1559 5185 1921 5247 ἀποστάσεως
1978 5184 2072 5238 οὓς

491 5301 588 5353 σηε
625 5281 761 5353 πρὸς
792 5281 884 5332 τὸν
922 5278 1058 5348 μετά
1085 5278 1261 5347 ῥύπου
1312 5278 1515 5346 ταύτης
1552 5278 1879 5346 ἠξιωμένον,
1915 5278 2009 5332 καὶ
2039 5279 2068 5329 ό

491 5375 612 5445 μετ’
641 5375 846 5429 ἐκεῖνον
896 5371 1098 5441 ὁμοίως
1127 5387 1141 5401 ο
1181 5367 1276 5423 zeal
1308 5370 1451 5422 οὕτω
1479 5371 1756 5433 τεύξονται
1785 5370 1884 5439 τῆς
1934 5372 2067 5422 αίω-

379 5506 387 5518 .
489 5470 602 5521 νίου
638 5467 779 5533 ζωῆς
834 5464 883 5516 οἱ
940 5462 1040 5532 τὴν
1086 5458 1390 5531 ὁποσηνοῦν
1442 5459 1783 5528 πλανώμενοι
1835 5461 2065 5524 πλάνην,

490 5562 689 5619 πάντες
723 5557 925 5627 ὁμοίως
956 5556 1099 5609 κατὰ
1125 5570 1183 5607 τε
1225 5551 1451 5620 μέγεθος
1482 5553 1573 5605 καὶ
1606 5552 1967 5621 σμικρότητα.
2006 5553 2066 5603 Et

489 5650 545 5699 ἑὲ
584 5647 744 5701 τοῦτο
802 5647 1085 5711 ἀδύνατον,
1121 5646 1321 5698 οὖκοῦν
1368 5647 1464 5698 zeal
1520 5646 1612 5696 τὶν
1648 5643 1843 5712 μικρόν
1878 5660 1929 5694 τι
1967 5648 2065 5710 τῆς

490 5740 748 5806 ἀληθείας
776 5744 837 5790 ἐκ
868 5742 1243 5808 προαιρέσεως
1266 5738 1634 5789 ἀποκλίναντα
1664 5734 1935 5794 σώζεσθαι
1958 5737 2064 5786 τῶν

491 5828 788 5903 ἀμηχάνων
822 5831 989 5884 ἐστίν.
1030 5830 1207 5897 Ἠμᾶς
1236 5829 1327 5880 οὖν
1362 5830 1414 5880 ἐκ
1446 5829 1521 5895 τῷ
1550 5825 1940 5894 ἀσφαλεστάτῳ
1970 5829 2061 5894 τῆς

2101 4511 2149 4569 D

2175 596 2429 667 δέχεσθαι
2457 597 2726 667 κίνδυνον,
2756 601 2804 654 εί
2844 602 2939 654 zeal
2973 602 3171 671 μικρόν
3200 617 3255 655 τι
3301 599 3597 670 μέλλοιμεν
3646 619 3752 656 πα-

2177 688 2563 755 ρατρέπεσθαι.

2253 774 2315 829 El
2358 775 2416 828 δέ
2448 794 2536 838 τις
2578 770 2753 848 ἠμῶν
2808 779 3153 850 πυνθάνοιτο,
3215 780 3470 853 καθάπερ
3526 781 3750 838 είώθασι

2176 864 2366 919 πολλοὶ
2410 866 2801 951 τοῦτοποιεῖν,
2846 874 2897 926 εί
2951 875 3081 937 τοὺς
3131 875 3396 938 Λατίνους
3436 876 3747 947 αίρετικοὺς

2178 957 2487 1028 ἡγούμεθα,
2526 961 2729 1031 φαμὶν,
2758 962 2873 1017 Ούκ
2921 965 3072 1019 ἔστιν
3106 965 3375 1036 ἡμέτερον
3405 968 3466 1021 ιν
3506 967 3749 1041 τοσαύτῃ

2178 1050 2340 1121 πενίᾳ
2374 1051 2466 1104 καὶ
2498 1052 2755 1125 ἀσθενείᾳ
2791 1056 3139 1125 πραγμάτων
3167 1056 3542 1127 προσηγορίας
3571 1060 3750 1113 ἐπιτι-

2176 1138 2328 1192 θέναι
2358 1141 2618 1206 τοιαύτας
2664 1142 2969 1215 Ἐκκλησία
2999 1143 3258 1198 τοσοῦτον
3293 1147 3496 1218 ἐχούσῃ
3526 1148 3750 1216 κράτος,

2176 1232 2271 1283 zeal
2297 1231 2432 1302 μηδὲ
2459 1234 2571 1295 τοῖς
2604 1233 2762 1303 ἡμῶν
2790 1235 3040 1290 ὑπείκειν
3062 1235 3292 1310 ἀξιούσῃ
3317 1240 3529 1307 νόμοις,
3563 1238 3712 1291 ὥσπε
3723 1258 3753 1307 ρ

2174 1321 2284 1375 οὐδ’
2317 1323 2484 1392 ἡμεῖς
2515 1321 2613 1377 νῦν
2660 1327 2774 1388 τοῖς
2803 1326 2975 1395 αὐτῆς
2997 1342 3015 1359 ο
3043 1327 3160 1381 ἀλλ’
3185 1328 3390 1399 ἀρκοῦν
3436 1332 3588 1383 ἔστιν
3620 1330 3753 1399 ἡμῖν

2174 1414 2283 1466 τῶν
2316 1414 2570 1483 πατρίων
2603 1416 2831 1486 ἔχεσθαι
2859 1417 3212 1495 διδαγμάτοξν
3244 1418 3342 1473 zeal
3366 1420 3572 1489 νόμων,
3616 1418 3753 1488 πρὸς

2174 1504 2366 1559 οὐδένα
2411 1506 2469 1560 δὲ
2499 1509 2609 1560 τῶν
2642 1509 2825 1564 ἀλλων
2870 1510 3387 1579 διαπληκτίζεσθαι.
3432 1511 3668 1566 Ἐκεῖνοι
3704 1510 3753 1566 δ’

2172 1597 2348 1650 ὁποῖοί
2391 1598 2525 1654 ποτέ
2560 1600 2722 1668 είσιν,
2765 1596 2879 1654 οῐδέ
2913 1617 2973 1654 τε
3008 1602 3038 1654 ὀ
3083 1601 3219 1665 Θεδς
3273 1603 3370 1656 zeal
3407 1603 3440 1672 ἡ
3473 1602 3751 1672 μέλλουσα
3824 1641 3826 1644 μ

2173 1688 2517 1760 ἀποκαλύψει
2576 1691 2762 1763 ἡμέρα
2786 1732 2803 1758 ,
2853 1692 2949 1745 zeal
3004 1692 3166 1765 είπερ
3222 1693 3491 1763 ἐνδέχοιτο
3553 1693 3752 1757 αὑτοὺς

2099 1825 2147 1886 Β
2177 1778 2318 1850 μετά
2349 1778 2453 1886 τῆς
2484 1779 2744 1848 ἀληθείας
2793 1779 3020 1835 ἑστάναι
3052 1782 3118 1852 τῇ
3145 1780 3328 1834 πίστει
3360 1777 3751 1850 προστεθεικό·

2178 1885 2274 1931 τας
2301 1885 2316 1900 ⁸
2352 1868 2472 1922 ἀλλ’
2502 1868 2625 1924 οὑδὲ
2650 1870 2715 1923 τὸ
2742 1871 3014 1942 ἡμέτερον
3042 1872 3192 1940 ἀξιον
3218 1870 3373 1924 ἔσται
3400 1869 3574 1940 ψόγου
3599 1870 3753 1939 παρὶ

2173 1959 2293 2030 Θεῷ
2336 1960 2573 2031 δικαστῇ
2602 1960 2882 2022 τοσούτοις
2936 1960 3285 2031 πειθομένων
3312 1960 3569 2022 δικαίοις.
3606 1960 3670 2011 El
3700 1958 3755 2010 δὲ

2170 2054 2272 2124 τὴν
2300 2052 2523 2107 ἐκείνων
2543 2052 2704 2118 δόξαν
2724 2052 2827 2123 τῆς
2853 2053 3118 2124 ἀληθείας
3149 2052 3453 2121 ἀφεστάναι
3483 2049 3752 2119 συμϐαἷη,

2172 2146 2365 2214 ὥσπερ
2394 2141 2489 2200 οῦν
2518 2147 2652 2218 ἡμῖν
2683 2146 3076 2209 ὑποπτεύεται,
3114 2146 3280 2199 πόσον
3324 2145 3437 2206 τοῖς
3460 2141 3754 2196 κοινωνοῦ-

2174 2256 2259 2293 σιν
2287 2238 2436 2309 ἔχειν
2459 2238 2551 2293 τὸν
2577 2236 2824 2292 κίνδυνον
2849 2238 2883 2308 ἡ
2916 2239 3016 2309 τῆς
3041 2236 3417 2305 ἀληθεστέρας
3449 2235 3546 2288 zeal
3566 2232 3756 2301 κοινῆς

2175 2333 2271 2384 καὶ
2315 2329 2546 2401 πατρίου
2588 2328 2745 2398 δόξης
2776 2328 3061 2394 ἀπόθεσις,
3097 2328 3227 2383 ἀνευ
3259 2325 3418 2393 λόγου
3449 2326 3547 2379 καὶ
3579 2323 3757 2377 ταῦτα

2172 2420 2554 2493 γεγενημένη;
2592 2418 2690 2483 Τίς
2720 2418 2831 2489 γὰρ
2864 2417 3021 2486 λόγος
3056 2417 3165 2471 ύπδ
3212 2417 3324 2471 τῶν
3368 2415 3470 2470 νῦν
3507 2415 3759 2468 Λατίνων

2171 2521 2535 2592 ἔξευρημένος
2563 2517 2747 2572 ἔπεισέ
2778 2534 2931 2582 τινας
2949 2518 3061 2572 τῶν
3085 2515 3372 2587 ἡμετέρων
3395 2515 3552 2584 σφίσι
3580 2529 3755 2581 προσ-

2172 2614 2398 2681 θέσθαις
2440 2614 2601 2668 Ἀλλά
2633 2613 2703 2668 τά
2756 2610 2963 2666 παλαιὰ
3008 2612 3196 2665 ἐκεῖνα
3226 2610 3323 2662 καὶ
3368 2609 3475 2662 ὑπὸ
3508 2607 3756 2661 Λατίνων

2169 2706 2260 2761 ἀεὶ
2305 2708 2675 2778 περιᾳδόμενα
2710 2705 2808 2759 zeal
2835 2705 2992 2759 αύτοὶ
3037 2704 3298 2773 φέρουσιν
3324 2701 3408 2763 είς
3439 2698 3607 2769 μέσον
3656 2699 3758 2752 zeal

2171 2799 2265 2852 ὑπ’
2288 2799 2468 2853 αὐτῶν
2499 2797 2795 2852 πεπεῖσθαί
2826 2815 2983 2867 φασι.
3015 2795 3201 2850 Ταῦτα
3228 2795 3286 2848 δὲ
3318 2792 3425 2846 ὑπὸ
3463 2790 3574 2846 τῶν
3619 2791 3759 2860 ἠμε-

2170 2890 2346 2960 τέρων
2375 2889 2557 2952 καλῶς
2581 2889 2938 2957 έξελήλεκται
2967 2887 3115 2942 Πατέ
3124 2904 3236 2957 ρων
3262 2889 3359 2941 zeal
3382 2885 3752 2941 διδασκάλων.

2175 2982 2401 3051 Πρῶτον
2461 2980 2564 3051 μὲν
2611 2976 2728 3046 οὖν,
2764 2980 2904 3051 ὅπερ
2956 2979 3196 3051 εἴρηται,
3239 2979 3332 3031 zeal
3362 2978 3423 3031 τδ
3468 2977 3668 3048 μικρόν
3698 2995 3752 3031 τι

2172 3076 2273 3146 τῆς
2331 3070 2602 3144 ἀληθείας
2641 3074 3110 3128 ἀποπεπτωκέναι
3151 3073 3380 3138 ἑκόντας
3415 3072 3474 3126 ἑν
3521 3072 3623 3140 ῐσῳ
3656 3070 3751 3125 τοῦ

2173 3169 2269 3222 καὶ
2324 3167 2464 3237 πρὸς
2503 3166 2603 3239 τὴν
2659 3166 2929 3238 μεγίστην
2980 3164 3304 3219 δυσσέϐειαν
3358 3161 3753 3231 έκκυλισθῆναι

2174 3256 2472 3328 νομίζομεν
2494 3274 2511 3290 ·
2540 3259 2704 3328 εἰπερ
2726 3257 2774 3310 δ’
2802 3256 3131 3327 ἀμφοτέρων
3153 3257 3378 3328 ὁμοίως,
3412 3258 3629 3325 ἀνάγκη
3657 3258 3753 3325 τῆς

2172 3350 2437 3421 ἀληθινῆς
2486 3352 2779 3404 ἐκπίπτειν
2810 3349 2984 3418 ζωῆς.
3019 3350 3256 3403 Ἔπειτα
3315 3351 3415 3417 τῆς
3477 3349 3577 3418 μὲν
3621 3347 3750 3416 ὅλης

2174 3444 2411 3505 πίστεως
2438 3442 2468 3496 6
2495 3443 2630 3507 Θεὸς
2661 3442 3052 3511 προνοήσεταιο
3081 3442 3143 3495 οὑ
3172 3440 3282 3509 γὰρ
3304 3441 3574 3512 ἡμέτερόν
3601 3444 3752 3493 ἐστιν

2173 3536 2343 3604 αὑτῇς
2374 3535 2626 3604 προνοεῖν
2654 3573 2671 3601 ,
2699 3534 2920 3604 ἑκάστῳ
2952 3534 3011 3586 δὲ
3037 3535 3069 3604 ἡ
3079 3531 3195 3602 μῶν
3219 3533 3318 3603 τῆς
3352 3532 3548 3587 ἑαυτοῦ
3573 3549 3749 3601 σωτη-

2176 3626 2299 3698 ρίας
2329 3625 2694 3696 ἐπιμελητέον
2725 3625 2896 3679 ιστίν.

2244 3719 2306 3772 Εί
2351 3718 2409 3772 δὲ
2443 3719 2538 3772 καὶ
2566 3716 2862 3788 μέλλοιμεν
2905 3717 3006 3787 τὴν
3038 3716 3225 3771 πίστιν
3277 3716 3455 3787 ἔργοις
3495 3718 3642 3780 ὅπως
3688 3716 3753 3769 ἀν

2174 3810 2507 3880 περισωθείη
2539 3810 2652 3871 τοῖς
2694 3809 2874 3872 ἀλλοις
2920 3810 3316 3879 ἐπιμελεῖσθαι,
3359 3809 3624 3863 δεικνύτω
3668 3825 3751 3871 τις

2174 3904 2308 3972 ἡμῖν
2339 3903 2369 3954 ὀ
2396 3901 2720 3971 βουλόμενος
2752 3902 2843 3954 zeal
2868 3901 3020 3970 ξίφη,
3057 3903 3152 3954 zeal
3185 3902 3485 3971 κρημνοὺς,
3514 3901 3607 3954 zeal
3646 3901 3753 3953 πᾶν

2174 3992 2375 4056 ὁτιοῦν,
2403 3994 2502 4047 zeal
2545 3993 2644 4063 τὴν
2689 3993 2998 4063 προθυμίαν
3044 3992 3205 4063 ἡμῶν
3243 3992 3415 4055 οὕτως
3460 3990 3672 4059 δψεται,
3703 3992 3752 4043 εί

2179 4086 2340 4155 μόνον
2371 4084 2617 4154 ὀψόμεθα
2645 4084 2915 4154 φανερῶς,
2947 4085 3030 4137 ὅτι
3052 4085 3164 4146 τοῖς
3197 4087 3531 4153 σωματικοῖς
3575 4085 3753 4137 κινδύ-

2175 4194 2285 4240 νοις
2327 4178 2487 4246 ήμῶν
2531 4179 2565 4247 ἡ
2601 4176 2754 4239 πόλις
2800 4174 2942 4244 αῦτη
2990 4174 3092 4245 τῆς
3129 4174 3238 4227 τῶν
3266 4175 3478 4246 ἐχθρῶν
3509 4176 3753 4237 δουλείας

2173 4268 2651 4337 ἀπαλλαγήσεται.
2691 4269 2761 4320 Ἦ
2812 4268 2868 4319 τί
2919 4265 3327 4336 βουλευομένων
3375 4267 3484 4320 τῶν
3541 4269 3755 4337 ἐπιτρο-

2175 4363 2453 4415 πευόντων
2476 4363 2683 4431 ταύτης
2726 4360 2825 4429 τῆς
2855 4360 3064 4423 πόλεως
3092 4360 3233 4430 ὑπὲρ
3276 4360 3553 4430 σωτηρίας
3585 4363 3754 4432 αὐτῆς

2174 4454 2510 4525 ώκνήσαμέν
2544 4470 2695 4518 ποτε,
2737 4452 2854 4505 ἀλλ’
2880 4450 3004 4521 οὐχὶ
3034 4454 3130 4505 zeal
3166 4451 3330 4506 πλέον
3364 4454 3583 4507 πάντων
3631 4472 3754 4523 σχε-

2173 4549 2261 4602 δὸν
2314 4550 2394 4610 εἰς
2442 4548 2543 4617 τὴν
2604 4544 2796 4615 χρείαν
2848 4544 3058 4612 ἕτοιμοι
3113 4544 3542 4614 παριστάμεθα;
3587 4544 3662 4598 Τδ
3697 4543 3755 4597 δὲ

2174 4639 2482 4709 προδιδόναι
2518 4655 2571 4691 τι
2602 4637 2700 4706 τῆς
2733 4636 2973 4699 πίστεως
3006 4634 3190 4700 ἀξιοῦν
3222 4635 3468 4700 ἑκόντας,
3498 4637 3575 4699 ώς
3607 4637 3675 4689 ἀν
3722 4638 3753 4706 ή

2173 4732 2329 4795 πόλις
2355 4731 2519 4799 αὕτη,
2552 4730 2646 4783 zeal
2672 4729 2740 4781 δι’
2766 4728 2939 4795 αὐτῆς
2971 4728 3005 4797 ἡ
3036 4726 3270 4780 καθόλου
3292 4726 3518 4791 σώζοιτο
3548 4727 3752 4792 πίστις,

2171 4829 2199 4878 ὁ
2247 4823 2573 4894 βουλόμενος
2630 4817 2941 4872 ἐπαινείτω.
2986 4817 3207 4871 Μᾶλλον
3247 4816 3305 4869 δὲ
3344 4815 3619 4886 εὐχόμεθα
3659 4818 3754 4869 καὶ

2172 4918 2299 4977 τοὺς
2360 4912 2454 4966 νῦν
2507 4911 2867 4973 ἐπαινοῦντας
2916 4906 3095 4977 τοῦτο,
3144 4908 3616 4979 μεταϐαλομένους
3657 4907 3755 4976 τὴν

2173 5006 2342 5077 ὀρθὴν
2394 5004 2579 5057 λαϐεῖν
2627 5004 2877 5072 γνώμην.
2914 5003 2977 5056 Εί
3015 5003 3071 5055 δὲ
3106 5001 3200 5054 καὶ
3234 4993 3381 5053 οὗτοι
3410 5001 3525 5061 τοῖς
3571 5000 3753 5059 αὐτοῖς

2174 5097 2539 5166 έπιμείνειαν,
2570 5093 2683 5144 ἀλλ’
2715 5095 2812 5163 οὐχ
2843 5095 3002 5163 ἡμεῖς
3033 5110 3096 5160 γε
3120 5094 3186 5163 τῇ
3211 5090 3403 5161 γνώμῃ
3426 5090 3600 5159 ταύτῃ
3626 5090 3752 5143 ποτὲ

2175 5188 2473 5258 θησόμεθα,
2508 5185 2627 5238 οὑδὲ
2661 5185 3039 5255 βουλησόμεθα
3060 5183 3159 5253 τὴν
3181 5183 3536 5252 οἰκουμένην,
3562 5184 3609 5234 εἰ
3640 5177 3753 5234 οἷόν

2176 5297 2234 5332 τε
2283 5278 2370 5345 εἴη
2418 5277 2714 5345 σύμπασαν
2754 5277 2817 5329 εὖ
2860 5277 3057 5342 ποιεῖν,
3102 5276 3255 5329 αὐτοὶ
3298 5275 3375 5343 τῷ
3405 5275 3524 5342 Θεῷ
3567 5278 3661 5329 καὶ
3687 5279 3752 5345 τῇ

2178 5373 2406 5440 ἀληθείᾳ
2436 5365 2866 5439 προσκρούοντες
2905 5369 3245 5436 θανασίμως,
3277 5366 3373 5421 zeal
3409 5367 3509 5435 τὴν
3535 5367 3755 5421 αίώνιον

2178 5465 2398 5517 κόσασιν
2422 5464 2540 5523 ταῖς
2563 5462 2759 5530 ψυχαῖς
2781 5460 2939 5530 ἡμῶν
2965 5458 3367 5528 προξενοῦντες.
3388 5456 3519 5511 Εἶτα
3546 5460 3641 5512 zeal
3658 5460 3755 5528 τὴν

2177 5554 2329 5606 πόλιν
2359 5550 2514 5621 ἡμῶν
2549 5552 2840 5619 σύμπασαν
2866 5549 3080 5617 ὁρῶμεν
3112 5547 3473 5600 κοινωνοῦσαν
3506 5550 3638 5617 ἡμῖν
3659 5550 3754 5617 τῆς

2178 5644 2401 5711 γνώμης
2427 5640 2648 5707 ταύτης,
2686 5639 2822 5708 πλὴν
2853 5641 3049 5705 ὀλίγων
3084 5639 3182 5706 τῆς
3211 5638 3485 5698 ἀναιδείας
3513 5640 3748 5706 μεστῶν.

2174 5740 2308 5792 Φασὶ
2334 5757 2354 5802 ε,
2369 5738 2439 5807 ἀρ
2466 5736 2637 5787 πάντα
2662 5735 2729 5788 ἂν
2756 5736 3053 5803 ὑποστῆναι
3087 5732 3307 5801 μᾶλλον,
3332 5732 3363 5800 ἢ
3390 5732 3488 5801 τὴν
3526 5731 3754 5800 πάτριον

2176 5829 2513 5902 ἀρνήσασθαι
2548 5829 2729 5894 δόξαν,
2772 5829 2859 5879 καὶ
2896 5826 2952 5878 τὸ
2995 5826 3101 5877 τῶν
3132 5822 3405 5892 πολεμίων
3433 5823 3551 5885 δέος
3576 5822 3750 5883 ,οὐδὲν
