4118 6280
371 409 478 474 729'

1395 401 1493 461 DE
1538 399 1980 462 ADDITIONE
2026 402 2130 460 AD
2165 399 2614 463 SYMBOLUM.

3529 389 3644 455 730’

369 523 552 584 αὐτοῖς
584 519 719 591 πρὸς
748 520 846 590 τὴν
875 517 1058 571 πίστιν
1094 512 1232 568 εἶναι
1268 515 1434 568 δοκεῖ.
1469 516 1530 568 Εἰ
1571 516 1678 582 γὰρ
1713 515 1808 568 καὶ
1839 531 1944 583 μη·
1973 511 2020 569 Δ
2048 514 2158 567 τῶν
2184 515 2478 586 βαρϐάρων
2501 515 2647 583 χειρὶ
2674 511 2772 582 τὴν
2802 510 2954 564 πόλιν
2985 508 3199 576 ἐκείνην
3226 507 3254 559 6
3283 504 3416 569 Θεδς
3458 521 3636 576 παρα·

369 617 455 667 δὲν
483 613 592 666 τῶν
627 611 804 666 ἄλλων
846 610 1110 678 ἠδύναντο
1155 606 1405 675 συνορᾷν,
1436 605 1472 659 ἀ
1524 605 1606 657 δεῖ
1647 605 1774 666 τοὺς
1828 604 1953 656 νοῦν

370 705 598 774 ἔχοντας
649 700 746 756 καὶ
803 699 972 767 ὑγιῶς
1020 697 1298 750 πιστεύειν
1351 695 1580 759 είδότας,
1612 695 1770 748 τοῦτο
1822 693 1954 761 γοῦν

370 797 469 848 οὐκ
496 793 563 848 ἄν
592 809 721 846 ποτε
755 789 1090 861 βουληθεῖεν,
1117 788 1336 860 χείρους
1365 787 1622 840 ἁπάντων
1649 785 1954 856 ἀνθρώπων

377 888 433 940 ἐν
459 884 636 953 τούτῳ
662 883 738 953 τῷ
779 881 936 953 μέρει
963 880 1270 950 φαίνεσθαι.
1302 880 1462 932 Ποῖον
1484 877 1592 948 γὰρ
1620 877 1774 940 ἔθνος
1802 877 1956 930 ἐϐου-

375 977 602 1031 λεύσατό
628 993 780 1041 ποτε,
814 975 1038 1043 σύμπαν
1063 971 1200 1044 ὁμοῦ
1232 972 1331 1042 τὴν
1355 973 1541 1024 πίστιν
1570 971 1664 1024 καὶ
1691 969 1789 1039 τὴν
1823 969 1949 1037 θρη-

376 1069 564 1122 σκείαν
613 1065 846 1137 ἀμεῖψαι
894 1064 997 1136 τὴν
1043 1062 1262 1130 ἑαυτοῦ,
1299 1064 1455 1130 μόνον
1497 1062 1582 1115 ἵνα
1611 1062 1723 1121 τοῖς
1755 1060 1954 1125 ἔξωθεν

375 1161 538 1230 εὐροῇ
563 1176 580 1226 ;
613 1156 975 1227 καταγνόντες
1004 1155 1104 1226 μὲν
1134 1152 1226 1209 οῦν
1259 1155 1356 1224 τῆς
1389 1154 1526 1216 ἰδίας
1555 1153 1791 1214 πίστεως
1819 1151 1956 1220 πρὶς

373 1247 471 1320 τὴν
505 1250 680 1320 ἀληθῆ
715 1249 1111 1321 μετετέθησαν,
1142 1249 1281 1315 μετὰ
1310 1245 1560 1301 κινδύνου
1591 1245 1684 1298 καὶ
1728 1244 1954 1313 σφαγῶν

375 1341 522 1395 τοῦθ’
570 1341 924 1410 αἱρούμενοι,
976 1341 1072 1392 καὶ
1131 1338 1310 1392 πάντα
1390 1336 1702 1406 προϊέμενοι
1757 1335 1955 1404 ῥᾳδίως

377 1433 519 1500 ὑπὲρ
554 1430 648 1486 τοῦ
679 1432 778 1500 τῆς
809 1430 1066 1500 ἀληθείας
1094 1430 1296 1500 τυχεῖν.
1325 1427 1542 1483 Μᾶλλον
1575 1427 1659 1494 δέ,
1696 1427 1744 1478 εἰ
1763 1427 1844 1478 δεῖ
1858 1427 1954 1479 τά-

374 1524 510 1593 ληθῆ
542 1524 744 1591 λέγειν,
780 1521 865 1586 τίς
891 1524 951 1576 ἐν
991 1520 1198 1593 ὁτῳοῦν
1241 1521 1409 1589 γένει,
1439 1518 1682 1573 τοιοῦτον
1719 1518 1956 1588 προϐαλ-

375 1614 601 1682 λόμενος
630 1613 944 1684 πρόϐλημα,
972 1613 1035 1668 οὐ
1083 1615 1256 1683 πυρὸς
1313 1613 1380 1666 ἂν
1423 1612 1633 1679 γένοιτο
1662 1612 1756 1664 καὶ
1791 1610 1957 1664 λίθων

375 1705 537 1774 ἔργον
588 1706 791 1772 εὐθύς;
827 1706 990 1758 Ὠστε
1037 1707 1131 1760 καὶ
1187 1707 1350 1776 ἡμεῖς
1402 1705 1546 1758 πάνυ
1583 1704 1818 1772 δέδιμεν,
1879 1702 1956 1772 μὴ

373 1798 522 1852 τουτὶ
569 1797 783 1850 πολλῶν
822 1799 955 1868 ήμῖν
998 1797 1292 1868 συμφορῶν
1319 1797 1492 1850 αἴτιον
1525 1797 1589 1849 ἐκ
1619 1794 1756 1848 Θεοῦ
1787 1811 1959 1848 κατα-

377 1891 532 1958 σταίη
561 1907 575 1920 ·
607 1893 702 1944 καὶ
752 1891 820 1960 ἣν
856 1891 922 1944 ἂν
957 1891 1238 1962 ἐπήγαγον
1283 1892 1461 1959 δίκην,
1494 1890 1692 1952 οἵτινες
1725 1885 1866 1958 ἦσαν
1906 1889 1956 1941 οἱ

378 1980 788 2047 σωφρονοῦντες
841 1982 899 2034 ἐν
951 1983 1064 2044 τοῖς
1119 1980 1440 2050 δυναμένοις
1487 1979 1660 2033 ταῦτα
1685 1978 1954 2043 εὐθύνειν,

375 2070 579 2140 ταύτην
613 2072 884 2142 ἐπενέγκῃ
904 2073 1217 2143 χαλεπῆναν
1242 2071 1302 2125 τὸ
1329 2072 1508 2125 Θεῖον.
1538 2070 1699 2123 Ἀλλὰ
1725 2069 1786 2123 τὸ
1811 2070 1951 2123 πάνυ

341 2211 346 2216 .
377 2161 602 2230 βραχεῖς
641 2160 779 2216 εἶναι
823 2164 950 2226 τούς
996 2163 1172 2216 ταῦτα
1204 2162 1770 2234 παρρησιαζομένους,
1807 2161 1868 2215 τὸ
1899 2161 1957 2215 δὲ

375 2254 632 2307 πλεῖστον
656 2254 761 2323 τῆς
788 2255 994 2320 πόλεως
1028 2260 1332 2325 σωφρονεῖν
1363 2257 1577 2324 καὶτῆς
1601 2255 1838 2316 πίστεως
1869 2255 1958 2308 εὐ·-

374 2344 556 2406 λαϐῶς
607 2345 730 2399 λίαν
775 2347 1120 2418 ἀντέχεσθαι,
1171 2349 1264 2402 καὶ
1308 2350 1486 2404 πάντα
1535 2347 1770 2418 ἑτοίμως
1807 2345 1959 2416 ἔχειν

375 2436 513 2504 ὐπέρ
583 2436 757 2506 αὐτῆς
830 2438 1173 2506 προδιδόναι,
1204 2439 1352 2510 τοῦθ’
1403 2442 1537 2510 ἡμῖν
1590 2441 1690 2503 τὰς
1746 2441 1959 2508 ἀγαθὰς

375 2521 440 2579 αὖ
477 2528 705 2591 ἐλπίδας
743 2531 1070 2601 παρέχεται.
1108 2529 1222 2586 Εἶτ’
1253 2533 1374 2586 οὐδὲ
1404 2532 1742 2603 συνορῶμεν,
1771 2532 1856 2594 τίς
1890 2531 1958 2584 ἂν

376 2617 590 2680 γένοιτο
637 2619 770 2687 ἡμῖν
821 2620 884 2673 ἐκ
935 2619 1178 2674 Λατίνων
1207 2621 1435 2693 διαρκὴς
1465 2621 1558 2674 καὶ
1588 2620 1674 2673 ἀεὶ
1707 2617 1960 2688 παροῦσα

378 2705 624 2773 βοήθεια,
674 2709 725 2761 εί
765 2726 828 2777 γε
875 2711 971 2762 καὶ
1018 2710 1319 2780 ἐμέλλομεν
1364 2709 1584 2765 πάντων
1622 2709 1793 2764 ἐθνῶν
1828 2711 1958 2781 περὶ

267 2840 272 2845 .
375 2797 548 2850 ταῦτα
593 2799 882 2868 φαίνεσθαι
923 2801 1160 2873 χείρους,
1198 2803 1306 2857 τῶν
1341 2802 1695 2872 προσκαίρων
1734 2800 1832 2871 τὴν
1872 2803 1960 2854 πί-

379 2904 498 2940 στιν
527 2888 960 2960 διαμειϐόμενοι.
1001 2895 1071 2946 Ἦ
1095 2894 1358 2946 δεικνύτω
1383 2910 1464 2955 τις
1497 2895 1631 2962 ήμῖν
1666 2891 1962 2963 προφανῶς

378 2977 598 3043 οὑτωσὶ,
631 2981 706 3051 μὴ
740 2983 901 3046 σκιὰς
932 2982 1025 3036 καὶ.
1055 2984 1298 3054 ὀνείρους
1339 2985 1566 3052 λεγέτω.
1599 2986 1672 3037 Τὸ
1709 2985 1807 3051 μέν
1851 2985 1960 3056 γὰρ

382 3071 676 3142 πεισθῆναι
711 3075 896 3138 κακῶς
927 3077 1056 3146 ἴσως
1088 3077 1154 3130 ἄν
1189 3093 1321 3130 ποτε
1359 3079 1453 3130 καὶ
1487 3075 1798 3130 συνέϐαινεν
1828 3077 1961 3146 ἡμῖν

2059 606 2206 669 δοὺς,
2239 606 2318 676 τῷ
2344 606 2444 676 μὲν
2473 605 2715 677 ἤμϐλυνε
2745 603 2843 674 τὴν
2869 601 3058 674 ὀργὴν,
3094 603 3205 664 τοῖς
3237 599 3295 654 δὲ
3326 597 3507 660 κακῶς
3544 597 3638 648 θε-

2061 699 2360 767 ραπεύουσι
2389 697 2534 764 νοῦν,
2568 699 2644 759 ὡς
2685 692 2860 766 οἶμαι,
2894 694 3169 762 ἐνέθηκεν,
3207 691 3282 754 ὡς
3329 689 3530 758 μᾶλλον
3569 688 3637 742 ἂν

2057 789 2142 857 εἴη
2190 787 2459 855 φοϐητέον
2499 785 2592 838 τὸν
2622 784 2755 838 Θεὸν
2800 782 2894 837 καὶ
2925 780 3286 847 θεραπευτέον
3314 775 3348 845 ἢ
3381 776 3484 838 τὰς
3526 773 3641 826 τῶν

2058 877 2365 946 ἀνθρώπων
2417 875 2672 940 ἀπειλὰς,
2703 875 2752 926 εί
2797 873 2946 942 παρά
2981 872 3092 924 πᾶν
3135 870 3370 936 γίνοιντο
3400 865 3632 932 δίκαιον.

2061 967 2267 1032 Ἕωλος
2302 961 2397 1022 οῦν
2427 969 2543 1021 ἐστι
2574 967 2669 1020 καὶ
2707 967 2735 1019 6
2771 967 2868 1029 τῆς
2914 965 2978 1016 ἐκ
3003 961 3250 1015 Λατίνων
3276 956 3632 1026 ἐλπιζομένης

2061 1057 2316 1126 βοηθείας
2357 1058 2490 1126 ἡμῖν
2534 1055 2816 1125 λογισμός.
2865 1051 3005 1108 Ἀλλ’
3051 1052 3098 1104 εί
3140 1049 3425 1120 μέλλοιμεν
3457 1045 3631 1113 ἀπηλ-

2058 1149 2254 1218 λάχθαι
2288 1147 2553 1213 δουλείας,
2592 1145 2898 1215 φυλακτέον
2929 1143 3028 1213 τὴν
3053 1141 3237 1196 πίστιν
3270 1141 3340 1209 ἢν
3376 1136 3630 1206 παρειλή-

2061 1257 2262 1308 φαμεν,
2291 1239 2384 1293 καὶ
2403 1241 2526 1302 -τοῖς
2560 1239 2741 1300 ἄλλοις
2785 1237 2966 1307 ἔργοις
3016 1231 3328 1299 ἐξιλεωτέον
3354 1229 3414 1283 τὸ
3443 1229 3599 1282 Θεῖον
3619 1240 3632 1257 ·

2061 1328 2386 1400 συμϐούλοις
2451 1328 2660 1381 πλείοσι
2717 1325 2961 1381 καλλίοσι
3021 1323 3286 1393 χρηστέον
3341 1321 3471 1391 περὶ
3526 1316 3636 1372 τῶν

2059 1422 2216 1487 ὅλων,
2253 1419 2371 1488 μετ’
2405 1419 2650 1488 ἰσότητος
2679 1418 2774 1471 καὶ
2803 1415 3146 1485 δικαιοσύνης
3179 1417 3271 1466 καὶ
3301 1411 3462 1477 λόγου
3503 1426 3636 1465 πανι-

2059 1513 2151 1576 τδς
2197 1512 2267 1564 τὰ
2308 1511 2466 1564 κοινὰ
2521 1511 2745 1564 διοικεῖν
2776 1507 3028 1576 ἀρκτέον,
3060 1505 3154 1558 καὶ
3181 1500 3550 1557 ἀπολειπτέον
3577 1501 3636 1552 ἐν

2060 1607 2266 1659 τούτων
2301 1602 2577 1665 ἐκάστοις,
2610 1600 2712 1653 ὅσα
2741 1599 2822 1651 δεῖ
2854 1597 2947 1651 καὶ
2972 1595 3177 1650 δίκαιόν
3210 1594 3350 1657 ἐστι,
3377 1591 3472 1644 καὶ
3504 1589 3636 1660 πρὸς

2061 1696 2156 1758 τὰς
2193 1695 2382 1756 κοινὰς
2424 1693 2622 1763 χρείας.
2642 1691 2846 1760 ἐπίσης
2881 1685 3240 1758 χορηγητέον,
3275 1682 3368 1736 καὶ
3399 1681 3508 1734 τῶν
3551 1682 3639 1732 δυ·

2063 1785 2313 1853 ναμένων
2346 1780 2542 1847 σώζειν
2573 1782 2720 1851 ἡμᾶς
2751 1777 3134 1848 ἐπιμελητέον,
3156 1769 3640 1844 ἐπαγρυπνοῦντας

2059 1876 2128 1943 τῇ
2154 1873 2362 1926 τούτων
2397 1870 2611 1940 εὑρέσει
2660 1885 2717 1920 τε
2781 1865 2878 1919 καὶ
2915 1865 3153 1933 ποιήσει.
3193 1860 3307 1931 Πρὸ
3332 1858 3389 1911 δὲ
3425 1857 3640 1912 πάντων

2062 1965 2336 2034 συνέδριον
2409 1960 2698 2031 ποιητέον,
2739 1953 2783 2026 ᾧ
2848 1958 3070 2030 μελήσει
3127 1953 3264 2024 μετὰ
3317 1949 3454 2003 Θεοῦ
3513 1947 3639 2016 περὶ

2061 2058 2318 2112 ἁπάντων
2347 2055 2550 2118 καλῶς.
2580 2051 2799 2106 Τούτων
2829 2035 2884 2103 δέ
2925 2041 3493 2118 προύποτεθειμένων,
3546 2037 3637 2091 καὶ

2059 2150 2160 2220 τὴν
2191 2147 2329 2216 πρὸς
2358 2145 2622 2208 Λατίνους
2661 2144 2886 2212 εἰρήνην
2925 2133 3401 2209 πραγματευτέον,
3437 2131 3534 2185 καὶ⁵
3568 2129 3640 2182 εί-

2063 2259 2178 2312 περ,
2203 2233 2316 2293 οἷόν
2339 2256 2400 2291 τε
2426 2239 2536 2308 εῖη,
2564 2236 2659 2290 καὶ
2698 2234 2796 2300 τὴν
2831 2230 2969 2302 μετὰ
3001 2230 3218 2284 πάντων
3252 2221 3558 2293 ἀνθρώπων
3581 2235 3642 2273 τε

2061 2335 2156 2388 καὶ
2201 2330 2393 2396 ἐθνῶν,
2427 2329 2524 2398 οὐχ
2564 2326 2714 2397 ἡμᾶς
2750 2318 3256 2389 συνεξαδικοῦντας,
3284 2316 3644 2384 ἢ-συμπαρα-

2061 2421 2364 2492 νομοῦντας
2411 2419 2508 2473 καὶ
2541 2418 2678 2480 ὅλως
2710 2416 2847 2486 πρὸς
2882 2414 2950 2466 τὰ
2983 2411 3152 2482 χείρω
3185 2403 3644 2492 μεθισταμένους,

2061 2491 2199 2568 ἀλλά
2229 2514 2364 2581 πρὸς
2409 2511 2480 2562 τὰ
2511 2509 2642 2578 παρ’
2677 2508 2808 2577 ήμῖν
2858 2504 3058 2570 εὐσεϐῆ
3091 2519 3148 2553 τε
3196 2501 3290 2553 καὶ
3333 2497 3515 2550 δίκαια
3551 2491 3643 2545 καὶ

2061 2605 2190 2668 τοὺς
2220 2584 2413 2665 ἄλλους
2445 2601 2728 2663 ἕλκοντας,
2756 2597 2874 2665 εἴγε
2911 2594 3182 2664 βούλοιντο
3209 2586 3514 2648 πείθεσθαι,
3550 2583 3644 2636 καὶ

2064 2702 2140 2770 μὴ
2177 2695 2557 2768 βουλομένους,
2589 2694 2669 2754 εἰς
2715 2692 2817 2760 τὴν
2870 2687 3028 2756 δίκην
3077 2685 3293 2751 ἐκείνην
3340 2691 3641 2770 παραπεμ-

2062 2766 2248 2845 πτέον.
2285 2788 2453 2842 Αὐτοὶ
2485 2787 2542 2840 δέ
2583 2785 2721 2854 πρὸς
2761 2784 2908 2852 ἡμᾶς
2941 2779 3137 2839 αὐτοῦς
3169 2773 3392 2832 δικαίως
3430 2766 3644 2821 συνθώ-

2066 2882 2208 2953 μεθα
2241 2881 2336 2934 καὶ
2367 2877 2571 2938 καλῶς.
2602 2876 2712 2938 τοῖς
2747 2874 2852 2926 τῶν
2883 2870 3143 2939 Πατέρων
3174 2862 3517 2931 συνδεόμενοι
3557 2856 3646 2953 νόῖ

2066 2948 2211 3046 μοις,
2246 2973 2342 3025 καὶ
2394 2971 2470 3042 μὴ
2508 2969 2754 3037 ποιῶμεν
2802 2964 3088 3034 ἀλλήλους,
3138 2960 3276 3028 ὅπερ
3327 2955 3378 3009 οί
3426 2948 3644 3046 Λατῖνοί

2063 3084 2197 3122 ποτε
2226 3065 2586 3133 πεποιήκασι.
2617 3061 2728 3113 Καὶ
2779 3057 3087 3126 ζητούντων
3134 3049 3292 3123 ὴμῶν
3340 3041 3647 3133 καταθεμέ·

380 3132 1156 3228 ἐγκαταλείποντοςντοῦῐΘεοῦ
1183 3183 1199 3200 ο
1250 3167 1312 3219 τὸ
1343 3167 1399 3218 δὲ
1438 3167 1566 3236 περὶ
1610 3168 1708 3238 τῆς
1744 3132 1958 3220 ἐκεῖθεν
1986 3166 2030 3226 C
2063 3175 2188 3220 νους
2237 3156 2335 3225 τὴν
2386 3132 2727 3226 ἀρυσθήκηνο
2775 3144 2895 3201 εἶτα
2955 3141 3284 3207 δικάζεσθαι
3341 3139 3441 3238 οὐξι
3494 3132 3642 3238 ἐξοῶ

381 3249 750 3322 ἐλπιζομένης
783 3253 1035 3323 βοηθείας
1077 3254 1322 3327 θαρρεῖν,
1352 3256 1388 3309 ἃ
1441 3256 1534 3311 καὶ
1577 3257 1626 3309 οἱ
1661 3256 1833 3310 ταῦτα
1870 3257 1959 3311 λέ-

380 3359 570 3409 γοντες
609 3346 962 3400 πιστεύουσιν
994 3347 1025 3416 ἢ
1069 3346 1495 3416 προσποιοῦνται
1536 3349 1835 3412 πιστεύειν,
1874 3349 1960 3402 ἵνα

383 3434 511 3496 τούς
539 3434 734 3499 ἄλλους
766 3437 1134 3505 ἐξαπατῶσιν,
1171 3441 1454 3511 ἀμήχανον
1478 3441 1545 3494 ἂν
1576 3437 1645 3510 ἦν
1686 3443 1820 3511 ἡμῖν
1848 3443 1960 3506 τοῖς

380 3519 646 3580 τάκείνων
677 3529 838 3582 πάντ’
858 3530 1025 3584 εἰδόσι
1052 3532 1234 3594 καλῶς
1270 3532 1362 3585 καὶ
1393 3534 1489 3603 τήν
1525 3533 1780 3604 βοήθειαν
1811 3534 1960 3600 λογι-

384 3617 653 3685 ζομένοις,
689 3622 860 3692 ὁπόση
887 3640 974 3686 τις
1006 3623 1073 3676 ἂν
1105 3624 1313 3691 γένοιτο
1344 3627 1505 3698 ἱκανὴ
1539 3626 1835 3689 διαπαντὸς
1865 3629 1958 3681 τοῦ

384 3709 647 3777 διηνεκῶς
691 3715 842 3781 ἡμᾶς
873 3713 1150 3778 πιέζοντος
1179 3717 1348 3779 δέους.
1387 3717 1550 3770 Ὅθεν
1590 3720 1638 3770 εί
1673 3720 1765 3772 καὶ
1792 3721 1961 3789 μηδὲν

384 3799 514 3852 ἄλλο
545 3796 690 3854 τοὰτ’
721 3805 889 3874 ἐχρῆν
919 3806 1171 3870 δεδιέναι,
1199 3808 1272 3877 μὴ
1290 3809 1392 3884 ,καὶ
1412 3808 1472 3861 τὸ
1493 3809 1665 3862 δεινὸν
1694 3810 1958 3880 ὑποσταίη

385 3908 489 3955 τις,
526 3895 745 3948 καὶτοῦ
798 3897 963 3950 καλοῦ
1003 3899 1318 3970 διαμάρτοι,
1371 3899 1419 3952 εἰ
1471 3901 1565 3954 καὶ
1607 3901 1772 3955 καλὸν
1823 3897 1962 3956 εἶναι

385 3983 571 4051 μέλλοι
603 3984 658 4038 τὸ
689 3986 966 4050 δυσσεϐῶς
1000 3990 1376 4059 ποριζόμενον,
1407 3990 1435 4043 ὃ
1467 3993 1602 4046 πᾶσι
1641 3992 1963 4062 συμϐαίνειν

385 4075 530 4139 εἰκὸς
558 4079 668 4141 τοῖς
694 4079 768 4150 μὴ
804 4081 941 4149 μετὰ
972 4081 1106 4134 Θεοῦ
1128 4084 1197 4135 τά
1219 4083 1314 4135 τοῦ
1341 4083 1476 4137 Θεοῦ
1501 4086 1856 4156 πράττουσιν.

468 4169 664 4238 Ὅρᾶτε
714 4171 770 4224 δὲ
817 4173 911 4225 καὶ
962 4173 1061 4236 τὰς
1107 4174 1378 4243 βοηθείας,
1411 4175 1477 4240 ἃς
1507 4178 1640 4247 ἡμῖν
1676 4180 1703 4230 ὁ
1733 4178 1966 4241 πάππας

390 4261 697 4330 παρέσχετο
729 4263 868 4329 μετὰ
897 4265 958 4316 τὸ
981 4267 1156 4319 κλῖναι
1187 4267 1314 4334 γόνυ
1344 4268 1472 4329 τοὺς
1506 4268 1812 4340 ἡμετέρους
1842 4272 1966 4324 ἐπι-

393 4351 624 4415 σκόπους
654 4353 790 4418 ἐκεῖ,
818 4354 867 4406 εί
898 4355 990 4407 καὶ
1021 4354 1096 4425 μὴ
1128 4357 1260 4425 παρ’
1283 4356 1498 4422 ἑαυτοῦ,
1517 4357 1582 4410 ἐκ
1605 4374 1668 4425 γε
1691 4359 1801 4411 τῶν
1829 4359 1966 4428 ἡμῖν

397 4461 522 4496 ποτε
549 4447 962 4515 προσηκόντων,
984 4422 1129 4514 ἆπερ
1152 4422 1586 4518 ἐπαναστρέφειν
1610 4422 1771 4503 αὐτὸν
1799 4422 1964 4520 ἐχρῆν
2001 4495 2043 4520 η
2069 4435 2418 4509 Χριστιανοῖς
2459 4431 2564 4484 ὖπδ
2616 4431 2828 4498 μητέρα
2875 4428 3008 4495 μίαν
3051 4422 3290 4520 τξλοῦσιο

2063 3247 2215 3302 λοντό
2243 3262 2372 3298 ποτε
2406 3225 2710 3313 συγχωρεῖν
2751 3239 2858 3300 ἕως
2887 3236 2988 3306 τῆς
3025 3237 3055 3302 ή
3067 3234 3184 3301 μῶν
3206 3227 3490 3288 ἀσθενείας
3512 3225 3643 3293 δρα-

2063 3341 2309 3410 ξάμενοι,
2344 3337 2601 3404 καθάπερ
2631 3330 2979 3402 ὑποχειρίους
3007 3328 3117 3388 τοῖς
3147 3323 3357 3377 ἑαυτῶν
3383 3320 3643 3384 πεποίην-

2062 3407 2151 3487 ται
2193 3431 2398 3499 νόμοις.
2443 3426 2584 3480 Ἀλλ’
2621 3425 2680 3477 ἓν
2713 3421 2999 3490 γεγονότες
3045 3417 3225 3483 σῶμα,
3262 3411 3356 3464 καὶ
3398 3409 3504 3462 ὐπὸ
3546 3407 3646 3476 μιᾷ

2063 3521 2272 3593 κεφαλῇ
2295 3521 2372 3590 τῷ
2402 3516 2640 3588 Χριστῷ,
2673 3515 2733 3566 ὃν
2760 3513 2921 3582 μέχρι
2954 3509 3046 3562 καὶ
3071 3506 3196 3577 χθὲς
3223 3503 3420 3563 πάντες
3445 3499 3643 3567 ὁμοίως

2064 3590 2349 3682 ἐσέϐομεν,
2389 3609 2484 3663 καὶ
2520 3607 2627 3660 τῶν
2658 3606 2719 3658 οὐ
2773 3602 2955 3664 καλῶς
2983 3598 3292 3667 γενομένων
3318 3590 3648 3682 ἀναντιῤῥή-

2061 3722 2191 3767 τως,
2222 3681 2269 3754 εἰ
2296 3701 2371 3771 μή
2400 3717 2486 3761 τις
2516 3695 2840 3766 φιλονεικεῖν
2868 3692 3042 3746 ἐθέλοι
3071 3687 3203 3757 πρὸς
3232 3685 3301 3737 τὰ
3323 3681 3643 3750 φαινόμενα,

2063 3795 2269 3849 τούτων
2310 3791 2650 3852 ἀποστάντες
2696 3788 2896 3848 πάντες
2929 3782 3087 3854 ὁμοῦ,
3119 3781 3215 3832 καὶ
3242 3775 3501 3843 τοιαύτην
3528 3773 3646 3824 δόν-

2065 3905 2154 3948 τες
2187 3881 2564 3953 πληροφορίαν
2619 3877 2872 3948 ἀλλήλοις
2917 3874 2990 3938 ὼς
3033 3873 3114 3926 δεῖ
3158 3869 3363 3938 ταύτην
3410 3862 3650 3917 δίδοσθαι

2066 3975 2337 4047 φανερῶς,
2380 3974 2440 4026 οὐ
2481 3967 2981 4039 συνεσκιασμένως,
3022 3961 3260 4032 ἀληθῶς,
3293 3960 3390 4028 οὐχ
3419 3957 3646 4025 ὐποκρι-

2064 4069 2257 4134 τικῶς,
2289 4066 2433 4122 οὑτω
2483 4065 2593 4135 γὰρ
2637 4065 2687 4115 οἱ
2717 4062 2822 4131 τῆς
2866 4056 3189 4128 Ἑκκλησίας
3232 4050 3512 4123 βούλονται
3562 4047 3648 4099 νόμ-

2070 4179 2182 4233 μοι,
2209 4159 2334 4214 τότε
2364 4158 2428 4229 δὴ
2473 4157 2569 4210 καὶ
2612 4154 2740 4226 περὶ
2785 4152 2894 4207 τῶν
2940 4150 3075 4220 πρὸς
3105 4145 3371 4206 Λατίνους
3407 4141 3540 4233 ἡμῖν
3568 4137 3648 4233 δι-

2066 4229 2238 4308 καίων
2273 4249 2589 4320 σκεψόμεθα
2610 4265 2625 4280 ο
2671 4247 2765 4299 καὶ
2798 4245 2998 4305 πάντες
3024 4240 3162 4309 ὁμοῦ
3196 4237 3294 4308 τὴν
3332 4232 3468 4304 πρδς
3500 4229 3646 4282 ἐκεί-

2066 4363 2191 4408 νους
2250 4341 2549 4409 ἀπολογίαν
2603 4335 3048 4405 ὐποστησόμεθα,
3088 4329 3338 4395 καθάπερ
3392 4323 3650 4394 ἁρμόττει

3324 4417 3433 4470 Καὶ
3472 4416 3650 4468 πάντα

391 4536 552 4598 εὐθὺς
605 4495 859 4600 λυθέντος
913 4539 1007 4591 τοῦ
1057 4495 1374 4609 σχίσματος,
1399 4495 1496 4604 ⁵ῶςῐ
1511 4539 1656 4609 εἶχεν
1697 4495 1964 4606 ἐλπίέἔιν,
2001 4495 2043 4550 D
2073 4495 2204 4600 ἡελῖν
2233 4527 2406 4587 οὕτως
2440 4495 2746 4591 ἀπαντήῆέει
2798 4517 2952 4586 πεπιρδι
2982 4513 3120 4567 θεοῦ
3171 4513 3239 4564 τὰ
3270 4509 3444 4607 “am:
3463 4508 3556 4558 καὶ
3590 4507 3650 4556 ἐν

392 4629 482 4679 καὶ
535 4631 583 4681 εἰ
644 4629 718 4698 μὴ
750 4630 874 4692 τοὺς
907 4631 1100 4694 ἄλλους
1139 4632 1356 4685 ἔπεισεν
1388 4631 1696 4684 ἀποδιδόναι
1723 4633 1824 4694 τὰς
1869 4634 1965 4701 νή-

393 4736 517 4782 σους
545 4721 696 4790 ἡμῖν,
734 4723 823 4775 καὶ
855 4723 954 4784 τὰς
979 4723 1163 4786 πόλεις
1185 4724 1282 4786 τὰς
1311 4724 1368 4776 ἐν
1401 4723 1516 4775 Ἑλ)
1529 4723 1659 4787 άδιρ
1679 4722 1772 4776 καὶ
1802 4725 1966 4786 αὐτὸς

390 4812 486 4875 τὰς
535 4813 995 4882 ἐκκλησιαστικὰς
1031 4815 1269 4878 εἰσόδους
1299 4815 1524 4868 ἀπέτισε
1549 4817 1674 4875 τοὺς
1703 4816 1836 4883 παρ’
1869 4816 1965 4868 αὐ-

388 4904 482 4954 τοῦ
518 4904 907 4972 πεμπομένους
937 4905 1196 4968 ἐξελάσας
1230 4907 1514 4974 ποιμένας.
1555 4905 1748 4959 Καίτοι
1799 4907 1966 4975 σαφές

390 4997 556 5060 ἐστιν,
588 4995 664 5059 ὡς
699 4998 748 5050 εί
778 4999 942 5067 μηδὲν
979 4998 1167 5068 ἕτερον
1199 4996 1374 5049 ἐποίει
1421 4995 1579 5049 τοῦτο
1622 4993 1753 5063 γοῦν
1796 4998 1969 5065 πράτ-

391 5104 519 5152 των,
549 5087 856 5158 ήδύνατ’ἂν
897 5091 966 5143 τὰ
1011 5093 1247 5157 μέγιστα
1289 5087 1505 5158 βιηθεῖν
1538 5088 1630 5150 τὰς
1670 5088 1967 5157 προσόδους

390 5177 497 5230 τῶν
525 5180 834 5248 ἐκκλησιῶν
871 5183 1168 5248 συμπάσας
1199 5179 1482 5242 ἀποδιδοὺς
1513 5182 1612 5248 τῆς
1652 5181 1710 5231 ὲν
1754 5178 1967 5249 Κερκύ-

393 5285 484 5339 PQ"
512 5269 613 5338 τῆς
662 5273 719 5324 ἐν
762 5272 1000 5342 Σικελίᾳ,
1030 5272 1129 5342 τῆς
1162 5274 1219 5323 ἐν
1262 5273 1477 5342 Κρήτῃ,
1511 5273 1620 5323 τῶν
1651 5271 1825 5324 ἄλλων
1868 5271 1964 5339 νή-

393 5358 521 5427 σων,
555 5362 620 5426 ἃς
670 5363 730 5428 ἐξ
763 5365 918 5433 ήμῶν
964 5365 1121 5434 ἔσχεν
1175 5365 1451 5431 ἁρπάσας,
1512 5364 1765 5434 καθάπερ
1818 5363 1965 5416 ἄλλοι

392 5453 489 5522 τὴν
546 5454 656 5504 τῶν
704 5455 881 5522 νήσων
938 5456 1133 5524 ἀρχήν.
1188 5454 1331 5507 Ἀλλ’
1377 5453 1500 5505 οὐτε
1561 5454 1714 5506 οὐδὲν
1763 5452 1966 5504 τούτων

393 5545 616 5615 ἐποίησε
642 5546 834 5616 δήπου,
865 5549 957 5601 καὶ
981 5547 1071 5600 τοῦ
1107 5547 1204 5615 τὴν
1238 5547 1389 5598 πόλιν
1420 5545 1528 5598 τῶν
1554 5545 1812 5614 Πατρέων
1839 5545 1968 5596 ἀνα-

2073 4620 2286 4680 έαυτοῖς
2337 4615 2433 4669 καὶ
2468 4613 2604 4682 πρὸς
2635 4613 2748 4671 τοῖς
2777 4610 2882 4672 ἔξω
2909 4625 2922 4637 ·
2954 4606 3118 4675 ἀρκεῖ
3144 4603 3252 4670 γὰρ
3288 4596 3544 4652 τοσοῦτον
3574 4597 3652 4646 εἰ-

2071 4716 2212 4766 πεῖν.
2259 4707 2400 4762 Ἀλλ’
2433 4703 2654 4759 ἐπειδὰν
2689 4704 2920 4756 ἑκάστου
2969 4697 3094 4758 τοὺς
3132 4695 3322 4761 λόγους
3369 4707 3448 4749 τις
3499 4688 3648 4756 ἡμᾶς

2069 4801 2364 4868 ἀπαντοίη,
2396 4798 2493 4850 καὶ
2523 4797 2640 4856 πῶς
2688 4792 2757 4847 ’ἂν
2787 4793 2995 4844 ἕκαστα
3023 4785 3294 4850 διατεθείη
3338 4781 3514 4842 καλῶς
3552 4779 3648 4837 σὺν

2072 4895 2216 4964 θεῷ,
2250 4892 2344 4945 καὶ
2377 4892 2542 4959 ἡμεῖς
2571 4888 2784 4955 ἕτοιμοι
2811 4883 3010 4936 διδόναι
3053 4881 3145 4932 καὶ
3183 4877 3288 4946 ἰδίᾳ
3309 4873 3404 4964 καὶ
3433 4873 3648 4964 τῗοὶῤῥη·

2075 4960 2185 5055 σία,
2233 4983 2328 5038 καὶ
2363 4984 2549 5034 πεῖσαι
2589 4977 2730 5048 μετὰ
2775 4973 2910 5028 Θεοῦ
2962 4971 3164 5030 πάντας
3222 4965 3348 5026 τοὺς
3379 4960 3553 5030 ὀρθῶς
3585 4976 3646 5017 τε

2071 5078 2166 5131 καὶ
2209 5075 2356 5128 κατά
2408 5072 2540 5125 Θεὸν
2567 5067 2796 5130 ἐἰδότας
2846 5067 2978 5136 περὶ
3010 5065 3229 5117 πάντων
3257 5059 3464 5111 τούτων
3503 5053 3649 5122 λογι-

2071 5167 2281 5232 ζεσθαι.

2141 5260 2328 5313 Ταῦτα
2350 5256 2618 5318 πολλάκις
2641 5255 3022 5321 ἀνηνέγκαμεν
3056 5249 3151 5302 καὶ
3177 5245 3252 5315 τῷ
3289 5243 3519 5314 βασιλεῖ,
3547 5239 3651 5292 κά-

2073 5353 2270 5414 κεῖνος,
2308 5350 2465 5418 ἴσμεν
2514 5345 2712 5412 καλῶς,
2741 5345 2792 5397 τί
2825 5341 2954 5411 περὶ
2989 5341 3095 5393 τῶν
3129 5341 3185 5391 ἐν
3218 5333 3528 5404 Ψλωρεντίᾳ
3558 5326 3650 5380 ὐπ’

2074 5444 2239 5500 αὐτοῦ
2280 5443 2582 5513 γεγονότων
2627 5441 2864 5510 ἐφρόνει,
2899 5440 2991 5491 καὶ
3037 5436 3152 5498 πῶς
3203 5435 3322 5494 ταῖς
3355 5427 3649 5499 ἡμετέραις

2073 5532 2368 5604 ἡσμένιζεν
2419 5531 2767 5598 ἀποκρίσεσι,
2799 5528 2890 5582 καὶ
2925 5529 3073 5588 ὅπως
3118 5523 3228 5576 οὐτ’
3273 5513 3648 5587 ἐπηνάγκαζε,

393 5608 662 5707 ὶηφθήναι
692 5608 857 5692 πάλιν
903 5642 1034 5709 ἡμῖν
1073 5608 1274 5708 σφόδρα
1307 5608 1706 5708 ,ἐμνησικάκεμ
1741 5637 1848 5689 Καὶ
1879 5637 1971 5689 τὸν
2080 5629 2171 5681 καὶ
2217 5626 2469 5678 ἐϐούλετο
2511 5625 2572 5676 τὸ
2611 5624 2840 5691 πάτριον
2880 5622 3025 5689 ἡμᾶς
3055 5613 3433 5683 διαφυλάττειν
3471 5608 3650 5676 δόγμα

395 5730 564 5799 θυμὸν
600 5732 766 5784 αὐτοῦ
803 5731 1217 5802 θεραπεύοντες,
1250 5732 1377 5793 ἴσως
1424 5749 1476 5783 τι
1522 5730 1615 5782 καὶ
1655 5728 1968 5799 ἐχαρὲξοντο

401 5828 501 5879 τῶν
534 5826 593 5879 οὐ
630 5825 950 5895 πρεπίντων
982 5826 1024 5877 οἱ
1068 5824 1159 5894 τῆς
1193 5824 1395 5887 πόλεως
1433 5822 1711 5893 ἄρχοντες,
1749 5820 1852 5882 ἕως
1900 5824 1963 5890 τῇ

2083 5719 2284 5784 καλῶς,
2316 5719 2406 5772 καὶ
2437 5719 2626 5788 ἐπῄνει
2653 5715 2776 5774 τοὺς
2811 5713 2964 5764 τοῦτο
2992 5711 3353 5781 πράττοντας,
3383 5702 3561 5773 ἐμίσει
3592 5718 3649 5754 τε

2077 5815 2200 5877 τους
2233 5814 2403 5877 ἄλλως
2439 5809 2834 5882 διακειμένους.
2885 5810 3073 5877 Ἡμεῖς
3115 5803 3316 5858 τούτων
3369 5803 3648 5873 μάρτυρες
