  <div class='ocr_page' id='page_1' title='image "/cluster/home/n/w/nwhite01/storage/ocr_20150623/160/mdp.39015078384693/374.png"; bbox 0 0 4118 6280; ppageno 0'>
   <div class='ocr_carea' id='block_1_1' title="bbox 357 404 467 465">
    <p class='ocr_par' dir='ltr' id='par_1_1' title="bbox 357 404 467 465">
     <span class='ocr_line' id='line_1_1' title="bbox 357 404 467 465; baseline -0.018 0"><span class='ocrx_word' id='word_1_1' title='bbox 357 404 467 465; x_wconf 74' lang='grc'>⁵133</span> 
     </span>
    </p>
   </div>
   <div class='ocr_carea' id='block_1_2' title="bbox 1449 388 2451 468">
    <p class='ocr_par' dir='ltr' id='par_1_2' title="bbox 1449 388 2451 468">
     <span class='ocr_line' id='line_1_2' title="bbox 1449 388 2451 468; baseline 0.007 -7"><span class='ocrx_word' id='word_1_2' title='bbox 1449 388 1464 405; x_wconf 89' lang='lat'><strong>‘</strong></span> <span class='ocrx_word' id='word_1_3' title='bbox 1526 404 1623 462; x_wconf 87' lang='lat' dir='ltr'>DE</span> <span class='ocrx_word' id='word_1_4' title='bbox 1660 402 1968 462; x_wconf 45' lang='lat'>11/381251</span> <span class='ocrx_word' id='word_1_5' title='bbox 1998 402 2451 468; x_wconf 76' lang='lat' dir='ltr'>SIMONIACA.</span> 
     </span>
    </p>
   </div>
   <div class='ocr_carea' id='block_1_3' title="bbox 3505 408 3613 473">
    <p class='ocr_par' dir='ltr' id='par_1_3' title="bbox 3505 408 3613 473">
     <span class='ocr_line' id='line_1_3' title="bbox 3505 408 3613 473; baseline 0 -1"><span class='ocrx_word' id='word_1_6' title='bbox 3505 408 3613 473; x_wconf 59' lang='lat'>736</span> 
     </span>
    </p>
   </div>
   <div class='ocr_carea' id='block_1_4' title="bbox 352 517 3612 592">
    <p class='ocr_par' dir='ltr' id='par_1_4' title="bbox 352 517 3612 592">
     <span class='ocr_line' id='line_1_4' title="bbox 352 517 3612 592; baseline 0.001 -22"><span class='ocrx_word' id='word_1_7' title='bbox 352 520 599 587; x_wconf 80' lang='grc' dir='ltr'>γνώμης,</span> <span class='ocrx_word' id='word_1_8' title='bbox 627 518 785 588; x_wconf 78' lang='grc' dir='ltr'>εἴπερ</span> <span class='ocrx_word' id='word_1_9' title='bbox 812 518 908 590; x_wconf 89' lang='grc' dir='ltr'>οὐχ</span> <span class='ocrx_word' id='word_1_10' title='bbox 939 517 1049 573; x_wconf 80' lang='grc' dir='ltr'>οἷόν</span> <span class='ocrx_word' id='word_1_11' title='bbox 1089 522 1146 573; x_wconf 80' lang='grc' dir='ltr'>τέ</span> <span class='ocrx_word' id='word_1_12' title='bbox 1178 523 1323 574; x_wconf 81' lang='grc' dir='ltr'>ἐστιν</span> <span class='ocrx_word' id='word_1_13' title='bbox 1363 522 1420 573; x_wconf 83' lang='grc' dir='ltr'>ἐν</span> <span class='ocrx_word' id='word_1_14' title='bbox 1461 523 1653 590; x_wconf 77' lang='grc' dir='ltr'>μηδενὶ</span> <span class='ocrx_word' id='word_1_15' title='bbox 1680 522 1926 588; x_wconf 81' lang='grc' dir='ltr'>ἁμαρτά·</span> <span class='ocrx_word' id='word_1_16' title='bbox 1958 522 2001 575; x_wconf 80' lang='grc' dir='ltr'>Α</span> <span class='ocrx_word' id='word_1_17' title='bbox 2031 537 2110 573; x_wconf 84' lang='grc' dir='ltr'>τει</span> <span class='ocrx_word' id='word_1_18' title='bbox 2144 520 2200 573; x_wconf 78' lang='grc' dir='ltr'>δὲ</span> <span class='ocrx_word' id='word_1_19' title='bbox 2249 522 2422 575; x_wconf 86' lang='grc' dir='ltr'>ταῦτα</span> <span class='ocrx_word' id='word_1_20' title='bbox 2458 523 2571 586; x_wconf 90' lang='grc' dir='ltr'>τοῖς</span> <span class='ocrx_word' id='word_1_21' title='bbox 2613 520 2757 575; x_wconf 74' lang='grc' dir='ltr'>οὕτω</span> <span class='ocrx_word' id='word_1_22' title='bbox 2797 519 3092 589; x_wconf 75' lang='grc' dir='ltr'>φρονοῦσιν</span> <span class='ocrx_word' id='word_1_23' title='bbox 3123 520 3293 585; x_wconf 79' lang='grc' dir='ltr'>ἄπας,</span> <span class='ocrx_word' id='word_1_24' title='bbox 3333 520 3612 592; x_wconf 85' lang='grc' dir='ltr'>ἀνευλαϐἦ</span> 
     </span>
    </p>
   </div>
   <div class='ocr_carea' id='block_1_5' title="bbox 356 604 1931 683">
    <p class='ocr_par' dir='ltr' id='par_1_5' title="bbox 356 604 1931 683">
     <span class='ocr_line' id='line_1_5' title="bbox 356 604 1931 683; baseline 0.001 -21"><span class='ocrx_word' id='word_1_25' title='bbox 356 627 463 662; x_wconf 79' lang='grc' dir='ltr'>νειν</span> <span class='ocrx_word' id='word_1_26' title='bbox 492 604 667 669; x_wconf 64' lang='grc' dir='ltr'>δεκάς⁹</span> <span class='ocrx_word' id='word_1_27' title='bbox 688 608 1035 679; x_wconf 79' lang='grc' dir='ltr'>ἀνθρώπους,</span> <span class='ocrx_word' id='word_1_28' title='bbox 1063 613 1238 681; x_wconf 84' lang='grc' dir='ltr'>τούτῳ</span> <span class='ocrx_word' id='word_1_29' title='bbox 1276 612 1547 675; x_wconf 66' lang='grc' dir='ltr'>δυσσεϐῶς</span> <span class='ocrx_word' id='word_1_30' title='bbox 1581 614 1931 683; x_wconf 79' lang='grc' dir='ltr'>διακηρυττό-</span> 
     </span>
    </p>
   </div>
   <div class='ocr_carea' id='block_1_6' title="bbox 360 699 1931 773">
    <p class='ocr_par' dir='ltr' id='par_1_6' title="bbox 360 699 1931 773">
     <span class='ocr_line' id='line_1_6' title="bbox 360 699 1931 773; baseline 0.003 -22"><span class='ocrx_word' id='word_1_31' title='bbox 360 699 521 767; x_wconf 85' lang='grc' dir='ltr'>μεθα,</span> <span class='ocrx_word' id='word_1_32' title='bbox 558 699 618 751; x_wconf 88' lang='grc' dir='ltr'>ού</span> <span class='ocrx_word' id='word_1_33' title='bbox 651 699 833 768; x_wconf 88' lang='grc' dir='ltr'>νόμων</span> <span class='ocrx_word' id='word_1_34' title='bbox 877 700 1192 772; x_wconf 71' lang='grc' dir='ltr'>ἐλευθερίαν</span> <span class='ocrx_word' id='word_1_35' title='bbox 1238 701 1564 771; x_wconf 73' lang='grc' dir='ltr'>πατοῦντες,</span> <span class='ocrx_word' id='word_1_36' title='bbox 1611 703 1677 755; x_wconf 75' lang='grc' dir='ltr'>τὰ</span> <span class='ocrx_word' id='word_1_37' title='bbox 1723 703 1830 773; x_wconf 72' lang='grc' dir='ltr'>γάρ</span> <span class='ocrx_word' id='word_1_38' title='bbox 1864 704 1931 756; x_wconf 76' lang='grc' dir='ltr'>τά</span> 
     </span>
    </p>
   </div>
   <div class='ocr_carea' id='block_1_7' title="bbox 358 789 1934 865">
    <p class='ocr_par' dir='ltr' id='par_1_7' title="bbox 358 789 1934 865">
     <span class='ocr_line' id='line_1_7' title="bbox 358 789 1934 865; baseline 0.004 -24"><span class='ocrx_word' id='word_1_39' title='bbox 358 790 538 859; x_wconf 86' lang='grc' dir='ltr'>νόμων</span> <span class='ocrx_word' id='word_1_40' title='bbox 561 789 767 861; x_wconf 86' lang='grc' dir='ltr'>ῦστερα</span> <span class='ocrx_word' id='word_1_41' title='bbox 790 792 982 860; x_wconf 75' lang='grc' dir='ltr'>δήπου,</span> <span class='ocrx_word' id='word_1_42' title='bbox 1011 792 1147 846; x_wconf 82' lang='grc' dir='ltr'>ἀλλά</span> <span class='ocrx_word' id='word_1_43' title='bbox 1173 794 1452 857; x_wconf 88' lang='grc' dir='ltr'>δυσσεϐεῖς</span> <span class='ocrx_word' id='word_1_44' title='bbox 1480 794 1776 865; x_wconf 75' lang='grc' dir='ltr'>λογισμοὺς</span> <span class='ocrx_word' id='word_1_45' title='bbox 1804 796 1934 864; x_wconf 74' lang='grc' dir='ltr'>περὶ</span> 
     </span>
    </p>
   </div>
   <div class='ocr_carea' id='block_1_8' title="bbox 318 882 1933 958">
    <p class='ocr_par' dir='ltr' id='par_1_8' title="bbox 318 882 1933 958">
     <span class='ocr_line' id='line_1_8' title="bbox 318 882 1933 958; baseline 0.004 -23"><span class='ocrx_word' id='word_1_46' title='bbox 318 930 323 935; x_wconf 86' lang='grc'><strong><em>,</em></strong></span> <span class='ocrx_word' id='word_1_47' title='bbox 358 882 452 934; x_wconf 83' lang='grc' dir='ltr'>τοῦ</span> <span class='ocrx_word' id='word_1_48' title='bbox 502 882 648 935; x_wconf 81' lang='grc' dir='ltr'>θείου</span> <span class='ocrx_word' id='word_1_49' title='bbox 695 883 1096 953; x_wconf 85' lang='grc' dir='ltr'>λαμϐάνοντες,</span> <span class='ocrx_word' id='word_1_50' title='bbox 1133 885 1225 940; x_wconf 76' lang='grc' dir='ltr'>καὶ</span> <span class='ocrx_word' id='word_1_51' title='bbox 1278 886 1613 957; x_wconf 74' lang='grc' dir='ltr'>πληροῦντες</span> <span class='ocrx_word' id='word_1_52' title='bbox 1649 890 1748 957; x_wconf 84' lang='grc' dir='ltr'>μὲν</span> <span class='ocrx_word' id='word_1_53' title='bbox 1784 887 1933 958; x_wconf 78' lang='grc' dir='ltr'>ἔργῳ</span> 
     </span>
    </p>
   </div>
   <div class='ocr_carea' id='block_1_9' title="bbox 359 974 1931 1045">
    <p class='ocr_par' dir='ltr' id='par_1_9' title="bbox 359 974 1931 1045">
     <span class='ocr_line' id='line_1_9' title="bbox 359 974 1931 1045; baseline 0.001 -18"><span class='ocrx_word' id='word_1_54' title='bbox 359 974 476 1045; x_wconf 84' lang='grc' dir='ltr'>μετ’</span> <span class='ocrx_word' id='word_1_55' title='bbox 501 975 773 1038; x_wconf 84' lang='grc' dir='ltr'>ἀναιδείας</span> <span class='ocrx_word' id='word_1_56' title='bbox 801 976 980 1041; x_wconf 78' lang='grc' dir='ltr'>αὐτοὶ,</span> <span class='ocrx_word' id='word_1_57' title='bbox 1013 975 1287 1040; x_wconf 87' lang='grc' dir='ltr'>πείθοντες</span> <span class='ocrx_word' id='word_1_58' title='bbox 1322 979 1378 1030; x_wconf 81' lang='grc' dir='ltr'>δὲ</span> <span class='ocrx_word' id='word_1_59' title='bbox 1422 980 1514 1031; x_wconf 73' lang='grc' dir='ltr'>καὶ</span> <span class='ocrx_word' id='word_1_60' title='bbox 1571 980 1699 1032; x_wconf 78' lang='grc' dir='ltr'>τούς</span> <span class='ocrx_word' id='word_1_61' title='bbox 1743 979 1931 1033; x_wconf 86' lang='grc' dir='ltr'>συνόν-</span> 
     </span>
    </p>
   </div>
   <div class='ocr_carea' id='block_1_10' title="bbox 357 1064 1934 1138">
    <p class='ocr_par' dir='ltr' id='par_1_10' title="bbox 357 1064 1934 1138">
     <span class='ocr_line' id='line_1_10' title="bbox 357 1064 1934 1138; baseline 0.003 -21"><span class='ocrx_word' id='word_1_62' title='bbox 357 1084 455 1127; x_wconf 89' lang='grc' dir='ltr'>τας</span> <span class='ocrx_word' id='word_1_63' title='bbox 511 1064 1030 1136; x_wconf 74' lang='grc' dir='ltr'>συνεξαμαρτάνειν,</span> <span class='ocrx_word' id='word_1_64' title='bbox 1091 1068 1183 1120; x_wconf 78' lang='grc' dir='ltr'>καὶ</span> <span class='ocrx_word' id='word_1_65' title='bbox 1234 1068 1299 1120; x_wconf 77' lang='grc' dir='ltr'>τὰ</span> <span class='ocrx_word' id='word_1_66' title='bbox 1327 1069 1575 1138; x_wconf 76' lang='grc' dir='ltr'>χείριστα</span> <span class='ocrx_word' id='word_1_67' title='bbox 1626 1070 1811 1122; x_wconf 82' lang='grc' dir='ltr'>κακῶν</span> <span class='ocrx_word' id='word_1_68' title='bbox 1856 1072 1934 1133; x_wconf 84' lang='grc' dir='ltr'>είς</span> 
     </span>
    </p>
   </div>
   <div class='ocr_carea' id='block_1_11' title="bbox 359 1156 1670 1229">
    <p class='ocr_par' dir='ltr' id='par_1_11' title="bbox 359 1156 1670 1229">
     <span class='ocr_line' id='line_1_11' title="bbox 359 1156 1670 1229; baseline 0.004 -20"><span class='ocrx_word' id='word_1_69' title='bbox 359 1158 457 1224; x_wconf 77' lang='grc' dir='ltr'>τὴν</span> <span class='ocrx_word' id='word_1_70' title='bbox 481 1156 590 1209; x_wconf 89' lang='grc' dir='ltr'>τῶν</span> <span class='ocrx_word' id='word_1_71' title='bbox 620 1157 967 1227; x_wconf 82' lang='grc' dir='ltr'>Χριστιανῶν</span> <span class='ocrx_word' id='word_1_72' title='bbox 1000 1158 1304 1229; x_wconf 83' lang='grc' dir='ltr'>θρησκείαν</span> <span class='ocrx_word' id='word_1_73' title='bbox 1331 1162 1670 1229; x_wconf 83' lang='grc' dir='ltr'>εἰσάγοντες.</span> 
     </span>
    </p>
   </div>
   <div class='ocr_carea' id='block_1_12' title="bbox 428 1246 1930 1324">
    <p class='ocr_par' dir='ltr' id='par_1_12' title="bbox 428 1246 1930 1324">
     <span class='ocr_line' id='line_1_12' title="bbox 428 1246 1930 1324; baseline 0.006 -27"><span class='ocrx_word' id='word_1_74' title='bbox 428 1246 539 1298; x_wconf 74' lang='grc' dir='ltr'>Καὶ</span> <span class='ocrx_word' id='word_1_75' title='bbox 562 1247 867 1311; x_wconf 81' lang='grc' dir='ltr'>κτείνοντος</span> <span class='ocrx_word' id='word_1_76' title='bbox 892 1251 993 1318; x_wconf 82' lang='grc' dir='ltr'>μέν</span> <span class='ocrx_word' id='word_1_77' title='bbox 1019 1266 1163 1311; x_wconf 92' lang='grc' dir='ltr'>τινος</span> <span class='ocrx_word' id='word_1_78' title='bbox 1184 1250 1407 1317; x_wconf 79' lang='grc' dir='ltr'>ἀδίκως,</span> <span class='ocrx_word' id='word_1_79' title='bbox 1436 1252 1468 1324; x_wconf 83' lang='grc' dir='ltr'>ῆ</span> <span class='ocrx_word' id='word_1_80' title='bbox 1502 1252 1930 1320; x_wconf 86' lang='grc' dir='ltr'>ἀσελγαίνοντος,</span> 
     </span>
    </p>
   </div>
   <div class='ocr_carea' id='block_1_13' title="bbox 363 1336 1937 1413">
    <p class='ocr_par' dir='ltr' id='par_1_13' title="bbox 363 1336 1937 1413">
     <span class='ocr_line' id='line_1_13' title="bbox 363 1336 1937 1413; baseline 0.006 -24"><span class='ocrx_word' id='word_1_81' title='bbox 363 1336 394 1405; x_wconf 82' lang='grc' dir='ltr'>ἢ</span> <span class='ocrx_word' id='word_1_82' title='bbox 452 1337 938 1404; x_wconf 79' lang='grc' dir='ltr'>συκοφαντοῦντος.</span> <span class='ocrx_word' id='word_1_83' title='bbox 985 1338 1017 1410; x_wconf 74' lang='grc' dir='ltr'>ἢ</span> <span class='ocrx_word' id='word_1_84' title='bbox 1053 1340 1469 1411; x_wconf 79' lang='grc' dir='ltr'>διαρπάζοντος,</span> <span class='ocrx_word' id='word_1_85' title='bbox 1503 1344 1566 1398; x_wconf 85' lang='grc' dir='ltr'>οῦ</span> <span class='ocrx_word' id='word_1_86' title='bbox 1614 1345 1673 1397; x_wconf 81' lang='grc' dir='ltr'>τὸ</span> <span class='ocrx_word' id='word_1_87' title='bbox 1713 1345 1937 1413; x_wconf 79' lang='grc' dir='ltr'>σύμπαν</span> 
     </span>
    </p>
   </div>
   <div class='ocr_carea' id='block_1_14' title="bbox 360 1428 1938 1503">
    <p class='ocr_par' dir='ltr' id='par_1_14' title="bbox 360 1428 1938 1503">
     <span class='ocr_line' id='line_1_14' title="bbox 360 1428 1938 1503; baseline 0.006 -22"><span class='ocrx_word' id='word_1_88' title='bbox 360 1428 459 1498; x_wconf 82' lang='grc' dir='ltr'>τῆς</span> <span class='ocrx_word' id='word_1_89' title='bbox 507 1430 789 1494; x_wconf 81' lang='grc' dir='ltr'>πολιτείας</span> <span class='ocrx_word' id='word_1_90' title='bbox 822 1433 981 1503; x_wconf 88' lang='grc' dir='ltr'>σῶμα</span> <span class='ocrx_word' id='word_1_91' title='bbox 1009 1436 1175 1502; x_wconf 81' lang='grc' dir='ltr'>νοσεῖ,</span> <span class='ocrx_word' id='word_1_92' title='bbox 1205 1434 1381 1489; x_wconf 91' lang='grc' dir='ltr'>καίτοι</span> <span class='ocrx_word' id='word_1_93' title='bbox 1412 1437 1504 1489; x_wconf 79' lang='grc' dir='ltr'>καὶ</span> <span class='ocrx_word' id='word_1_94' title='bbox 1532 1436 1704 1491; x_wconf 86' lang='grc' dir='ltr'>ταῦτα</span> <span class='ocrx_word' id='word_1_95' title='bbox 1742 1437 1823 1490; x_wconf 86' lang='grc' dir='ltr'>δεῖ</span> <span class='ocrx_word' id='word_1_96' title='bbox 1860 1456 1938 1490; x_wconf 90' lang='grc' dir='ltr'>τι-</span> 
     </span>
    </p>
   </div>
   <div class='ocr_carea' id='block_1_15' title="bbox 363 1523 1937 1599">
    <p class='ocr_par' dir='ltr' id='par_1_15' title="bbox 363 1523 1937 1599">
     <span class='ocr_line' id='line_1_15' title="bbox 363 1523 1937 1599; baseline 0.004 -25"><span class='ocrx_word' id='word_1_97' title='bbox 363 1523 667 1589; x_wconf 81' lang='grc' dir='ltr'>μωρεῖσθαι</span> <span class='ocrx_word' id='word_1_98' title='bbox 715 1526 841 1588; x_wconf 77' lang='grc' dir='ltr'>τοὺς</span> <span class='ocrx_word' id='word_1_99' title='bbox 904 1526 1238 1594; x_wconf 77' lang='grc' dir='ltr'>ἐφεστῶτας,</span> <span class='ocrx_word' id='word_1_100' title='bbox 1269 1528 1373 1581; x_wconf 76' lang='grc' dir='ltr'>κᾶν</span> <span class='ocrx_word' id='word_1_101' title='bbox 1426 1531 1500 1599; x_wconf 81' lang='grc' dir='ltr'>μὴ</span> <span class='ocrx_word' id='word_1_102' title='bbox 1552 1529 1937 1599; x_wconf 75' lang='grc' dir='ltr'>φροντίζωσιν,</span> 
     </span>
    </p>
   </div>
   <div class='ocr_carea' id='block_1_16' title="bbox 362 1612 1940 1691">
    <p class='ocr_par' dir='ltr' id='par_1_16' title="bbox 362 1612 1940 1691">
     <span class='ocr_line' id='line_1_16' title="bbox 362 1612 1940 1691; baseline 0.006 -26"><span class='ocrx_word' id='word_1_103' title='bbox 362 1612 451 1665; x_wconf 77' lang='grc' dir='ltr'>ἐπ’</span> <span class='ocrx_word' id='word_1_104' title='bbox 481 1614 683 1677; x_wconf 81' lang='grc' dir='ltr'>αὐτοὺς</span> <span class='ocrx_word' id='word_1_105' title='bbox 720 1618 753 1686; x_wconf 85' lang='grc' dir='ltr'><strong>ἡ</strong></span> <span class='ocrx_word' id='word_1_106' title='bbox 784 1617 904 1687; x_wconf 79' lang='grc' dir='ltr'>δίκη</span> <span class='ocrx_word' id='word_1_107' title='bbox 937 1617 1031 1671; x_wconf 86' lang='grc' dir='ltr'>τοῦ</span> <span class='ocrx_word' id='word_1_108' title='bbox 1060 1618 1194 1673; x_wconf 88' lang='grc' dir='ltr'>Θεοῦ</span> <span class='ocrx_word' id='word_1_109' title='bbox 1233 1620 1493 1683; x_wconf 76' lang='grc' dir='ltr'>πολλάκις</span> <span class='ocrx_word' id='word_1_110' title='bbox 1516 1621 1717 1691; x_wconf 78' lang='grc' dir='ltr'>ἠνέχθη</span> <span class='ocrx_word' id='word_1_111' title='bbox 1737 1637 1753 1653; x_wconf 86' lang='grc'><strong>·</strong></span> <span class='ocrx_word' id='word_1_112' title='bbox 1795 1621 1858 1674; x_wconf 77' lang='grc' dir='ltr'>τδ</span> <span class='ocrx_word' id='word_1_113' title='bbox 1883 1622 1940 1674; x_wconf 80' lang='grc' dir='ltr'>δὲ</span> 
     </span>
    </p>
   </div>
   <div class='ocr_carea' id='block_1_17' title="bbox 362 1702 1940 1783">
    <p class='ocr_par' dir='ltr' id='par_1_17' title="bbox 362 1702 1940 1783">
     <span class='ocr_line' id='line_1_17' title="bbox 362 1702 1940 1783; baseline 0.006 -28"><span class='ocrx_word' id='word_1_114' title='bbox 362 1702 459 1772; x_wconf 82' lang='grc' dir='ltr'>τῆς</span> <span class='ocrx_word' id='word_1_115' title='bbox 519 1703 793 1775; x_wconf 91' lang='grc' dir='ltr'>Σιμωνίας</span> <span class='ocrx_word' id='word_1_116' title='bbox 856 1708 1111 1779; x_wconf 92' lang='grc' dir='ltr'>ἀσέϐημα</span> <span class='ocrx_word' id='word_1_117' title='bbox 1166 1710 1448 1777; x_wconf 82' lang='grc' dir='ltr'>πάνδεινός</span> <span class='ocrx_word' id='word_1_118' title='bbox 1501 1714 1648 1767; x_wconf 75' lang='grc' dir='ltr'>ἐστιν</span> <span class='ocrx_word' id='word_1_119' title='bbox 1695 1713 1940 1783; x_wconf 74' lang='grc' dir='ltr'>ὄλεθρος,</span> 
     </span>
    </p>
   </div>
   <div class='ocr_carea' id='block_1_18' title="bbox 361 1797 1940 1876">
    <p class='ocr_par' dir='ltr' id='par_1_18' title="bbox 361 1797 1940 1876">
     <span class='ocr_line' id='line_1_18' title="bbox 361 1797 1940 1876; baseline 0.005 -26"><span class='ocrx_word' id='word_1_120' title='bbox 361 1797 455 1851; x_wconf 78' lang='grc' dir='ltr'>καὶ</span> <span class='ocrx_word' id='word_1_121' title='bbox 516 1800 772 1869; x_wconf 84' lang='grc' dir='ltr'>συμφορὰ</span> <span class='ocrx_word' id='word_1_122' title='bbox 825 1801 1136 1873; x_wconf 84' lang='grc' dir='ltr'>κοινοτάτη,</span> <span class='ocrx_word' id='word_1_123' title='bbox 1180 1802 1431 1874; x_wconf 84' lang='grc' dir='ltr'>καθάπερ</span> <span class='ocrx_word' id='word_1_124' title='bbox 1462 1806 1571 1859; x_wconf 91' lang='grc' dir='ltr'>τῶν</span> <span class='ocrx_word' id='word_1_125' title='bbox 1615 1810 1940 1876; x_wconf 84' lang='grc' dir='ltr'>νοσημάτων</span> 
     </span>
    </p>
   </div>
   <div class='ocr_carea' id='block_1_19' title="bbox 359 1888 1941 1965">
    <p class='ocr_par' dir='ltr' id='par_1_19' title="bbox 359 1888 1941 1965">
     <span class='ocr_line' id='line_1_19' title="bbox 359 1888 1941 1965; baseline 0.004 -25"><span class='ocrx_word' id='word_1_126' title='bbox 359 1888 535 1941; x_wconf 76' lang='grc' dir='ltr'>ὀπόσα</span> <span class='ocrx_word' id='word_1_127' title='bbox 568 1890 679 1951; x_wconf 86' lang='grc' dir='ltr'>τοῖς</span> <span class='ocrx_word' id='word_1_128' title='bbox 715 1893 1093 1962; x_wconf 84' lang='grc' dir='ltr'>καιριωτέροις</span> <span class='ocrx_word' id='word_1_129' title='bbox 1132 1893 1479 1965; x_wconf 74' lang='grc' dir='ltr'>ἐνσκήψαντα</span> <span class='ocrx_word' id='word_1_130' title='bbox 1528 1895 1591 1948; x_wconf 84' lang='grc' dir='ltr'>τὸ</span> <span class='ocrx_word' id='word_1_131' title='bbox 1636 1897 1745 1949; x_wconf 78' lang='grc' dir='ltr'>πᾶν</span> <span class='ocrx_word' id='word_1_132' title='bbox 1781 1896 1941 1964; x_wconf 88' lang='grc' dir='ltr'>σῶμα</span> 
     </span>
    </p>
   </div>
   <div class='ocr_carea' id='block_1_20' title="bbox 363 1980 1945 2054">
    <p class='ocr_par' dir='ltr' id='par_1_20' title="bbox 363 1980 1945 2054">
     <span class='ocr_line' id='line_1_20' title="bbox 363 1980 1945 2054; baseline 0.006 -23"><span class='ocrx_word' id='word_1_133' title='bbox 363 1980 787 2050; x_wconf 84' lang='grc' dir='ltr'>συνδιαφθείρει.</span> <span class='ocrx_word' id='word_1_134' title='bbox 826 1983 939 2053; x_wconf 85' lang='grc' dir='ltr'>Τῆς</span> <span class='ocrx_word' id='word_1_135' title='bbox 972 1982 1080 2054; x_wconf 82' lang='grc' dir='ltr'>γάρ</span> <span class='ocrx_word' id='word_1_136' title='bbox 1126 1983 1521 2054; x_wconf 83' lang='grc' dir='ltr'>Χριστιανικῆς</span> <span class='ocrx_word' id='word_1_137' title='bbox 1562 1986 1833 2049; x_wconf 85' lang='grc' dir='ltr'>πολιτείας</span> <span class='ocrx_word' id='word_1_138' title='bbox 1875 1991 1945 2040; x_wconf 77' lang='grc' dir='ltr'>τὰ</span> 
     </span>
    </p>
   </div>
   <div class='ocr_carea' id='block_1_21' title="bbox 362 2069 1943 2146">
    <p class='ocr_par' dir='ltr' id='par_1_21' title="bbox 362 2069 1943 2146">
     <span class='ocr_line' id='line_1_21' title="bbox 362 2069 1943 2146; baseline 0.004 -23"><span class='ocrx_word' id='word_1_139' title='bbox 362 2069 756 2139; x_wconf 82' lang='grc' dir='ltr'>θεοφιλέστατα</span> <span class='ocrx_word' id='word_1_140' title='bbox 806 2073 1027 2141; x_wconf 77' lang='grc' dir='ltr'>φθεῖρον</span> <span class='ocrx_word' id='word_1_141' title='bbox 1073 2072 1161 2127; x_wconf 78' lang='grc' dir='ltr'>διὰ</span> <span class='ocrx_word' id='word_1_142' title='bbox 1204 2075 1312 2127; x_wconf 89' lang='grc' dir='ltr'>τῶν</span> <span class='ocrx_word' id='word_1_143' title='bbox 1347 2075 1552 2130; x_wconf 81' lang='grc' dir='ltr'>λοιπῶν</span> <span class='ocrx_word' id='word_1_144' title='bbox 1584 2075 1689 2145; x_wconf 81' lang='grc' dir='ltr'>ὀδῷ</span> <span class='ocrx_word' id='word_1_145' title='bbox 1725 2077 1943 2146; x_wconf 76' lang='grc' dir='ltr'>βαδίζον</span> 
     </span>
    </p>
   </div>
   <div class='ocr_carea' id='block_1_22' title="bbox 365 2160 1943 2236">
    <p class='ocr_par' dir='ltr' id='par_1_22' title="bbox 365 2160 1943 2236">
     <span class='ocr_line' id='line_1_22' title="bbox 365 2160 1943 2236; baseline 0.004 -23"><span class='ocrx_word' id='word_1_146' title='bbox 365 2160 618 2223; x_wconf 82' lang='grc' dir='ltr'>ἐίσδύνει,</span> <span class='ocrx_word' id='word_1_147' title='bbox 654 2162 749 2214; x_wconf 69' lang='grc' dir='ltr'>καὶ</span> <span class='ocrx_word' id='word_1_148' title='bbox 780 2164 958 2217; x_wconf 77' lang='grc' dir='ltr'>πάντα</span> <span class='ocrx_word' id='word_1_149' title='bbox 989 2164 1189 2234; x_wconf 74' lang='grc' dir='ltr'>ἰφεξῆς</span> <span class='ocrx_word' id='word_1_150' title='bbox 1220 2164 1485 2236; x_wconf 79' lang='grc' dir='ltr'>ἀφίστησι</span> <span class='ocrx_word' id='word_1_151' title='bbox 1520 2164 1613 2219; x_wconf 91' lang='grc' dir='ltr'>τοῦ</span> <span class='ocrx_word' id='word_1_152' title='bbox 1646 2166 1801 2220; x_wconf 88' lang='grc' dir='ltr'>Θεοῦ.</span> <span class='ocrx_word' id='word_1_153' title='bbox 1836 2166 1943 2219; x_wconf 76' lang='grc' dir='ltr'>Καὶ</span> 
     </span>
    </p>
   </div>
   <div class='ocr_carea' id='block_1_23' title="bbox 367 2251 1945 2326">
    <p class='ocr_par' dir='ltr' id='par_1_23' title="bbox 367 2251 1945 2326">
     <span class='ocr_line' id='line_1_23' title="bbox 367 2251 1945 2326; baseline 0.002 -21"><span class='ocrx_word' id='word_1_154' title='bbox 367 2251 520 2305; x_wconf 80' lang='grc' dir='ltr'>οὐδὲν</span> <span class='ocrx_word' id='word_1_155' title='bbox 541 2252 715 2317; x_wconf 76' lang='grc' dir='ltr'>οὕτως</span> <span class='ocrx_word' id='word_1_156' title='bbox 742 2253 1031 2326; x_wconf 74' lang='grc' dir='ltr'>ἐπιδήμιον</span> <span class='ocrx_word' id='word_1_157' title='bbox 1056 2256 1271 2326; x_wconf 86' lang='grc' dir='ltr'>νόσημα</span> <span class='ocrx_word' id='word_1_158' title='bbox 1313 2257 1409 2321; x_wconf 80' lang='grc' dir='ltr'>τὰς</span> <span class='ocrx_word' id='word_1_159' title='bbox 1436 2258 1617 2320; x_wconf 82' lang='grc' dir='ltr'>πόλεις</span> <span class='ocrx_word' id='word_1_160' title='bbox 1651 2257 1758 2311; x_wconf 83' lang='grc' dir='ltr'>τῶν</span> <span class='ocrx_word' id='word_1_161' title='bbox 1786 2276 1945 2326; x_wconf 75' lang='grc' dir='ltr'>νοση-</span> 
     </span>
    </p>
   </div>
   <div class='ocr_carea' id='block_1_24' title="bbox 373 2341 1945 2418">
    <p class='ocr_par' dir='ltr' id='par_1_24' title="bbox 373 2341 1945 2418">
     <span class='ocr_line' id='line_1_24' title="bbox 373 2341 1945 2418; baseline 0.004 -23"><span class='ocrx_word' id='word_1_162' title='bbox 373 2341 559 2410; x_wconf 80' lang='grc' dir='ltr'>μάτων</span> <span class='ocrx_word' id='word_1_163' title='bbox 614 2345 763 2397; x_wconf 85' lang='grc' dir='ltr'>κενοῖ</span> <span class='ocrx_word' id='word_1_164' title='bbox 807 2344 880 2407; x_wconf 82' lang='grc' dir='ltr'>ὡς</span> <span class='ocrx_word' id='word_1_165' title='bbox 938 2347 971 2415; x_wconf 73' lang='grc' dir='ltr'>ἡ</span> <span class='ocrx_word' id='word_1_166' title='bbox 1028 2344 1240 2417; x_wconf 81' lang='grc' dir='ltr'>χαλεπὴ</span> <span class='ocrx_word' id='word_1_167' title='bbox 1304 2348 1457 2411; x_wconf 75' lang='grc' dir='ltr'>νόσος</span> <span class='ocrx_word' id='word_1_168' title='bbox 1511 2349 1651 2418; x_wconf 89' lang='grc' dir='ltr'>αῦτη</span> <span class='ocrx_word' id='word_1_169' title='bbox 1700 2351 1797 2411; x_wconf 86' lang='grc' dir='ltr'>τάς</span> <span class='ocrx_word' id='word_1_170' title='bbox 1835 2349 1945 2402; x_wconf 89' lang='grc' dir='ltr'>τῶν</span> 
     </span>
    </p>
   </div>
   <div class='ocr_carea' id='block_1_25' title="bbox 367 2434 1943 2509">
    <p class='ocr_par' dir='ltr' id='par_1_25' title="bbox 367 2434 1943 2509">
     <span class='ocr_line' id='line_1_25' title="bbox 367 2434 1943 2509; baseline 0.006 -22"><span class='ocrx_word' id='word_1_171' title='bbox 367 2434 687 2488; x_wconf 70' lang='grc' dir='ltr'>ὶαλωκότων</span> <span class='ocrx_word' id='word_1_172' title='bbox 729 2436 910 2507; x_wconf 71' lang='grc' dir='ltr'>ψυχὰς</span> <span class='ocrx_word' id='word_1_173' title='bbox 957 2437 1067 2491; x_wconf 89' lang='grc' dir='ltr'>τῶν</span> <span class='ocrx_word' id='word_1_174' title='bbox 1122 2440 1511 2507; x_wconf 85' lang='grc' dir='ltr'>πνευματικῶν</span> <span class='ocrx_word' id='word_1_175' title='bbox 1562 2442 1943 2509; x_wconf 84' lang='grc' dir='ltr'>χαρισμάτων.</span> 
     </span>
    </p>
   </div>
   <div class='ocr_carea' id='block_1_26' title="bbox 368 2526 1945 2601">
    <p class='ocr_par' dir='ltr' id='par_1_26' title="bbox 368 2526 1945 2601">
     <span class='ocr_line' id='line_1_26' title="bbox 368 2526 1945 2601; baseline 0.004 -22"><span class='ocrx_word' id='word_1_176' title='bbox 368 2526 698 2597; x_wconf 82' lang='grc' dir='ltr'>Προαίρεσις</span> <span class='ocrx_word' id='word_1_177' title='bbox 741 2529 849 2597; x_wconf 90' lang='grc' dir='ltr'>γάρ</span> <span class='ocrx_word' id='word_1_178' title='bbox 909 2530 1024 2582; x_wconf 76' lang='grc' dir='ltr'>ἐστι</span> <span class='ocrx_word' id='word_1_179' title='bbox 1086 2531 1183 2583; x_wconf 78' lang='grc' dir='ltr'>καὶ</span> <span class='ocrx_word' id='word_1_180' title='bbox 1241 2530 1441 2600; x_wconf 80' lang='grc' dir='ltr'>πρᾶξις</span> <span class='ocrx_word' id='word_1_181' title='bbox 1490 2533 1608 2601; x_wconf 82' lang='grc' dir='ltr'>μετ’</span> <span class='ocrx_word' id='word_1_182' title='bbox 1658 2532 1945 2596; x_wconf 76' lang='grc' dir='ltr'>αὐθαδείας</span> 
     </span>
    </p>
   </div>
   <div class='ocr_carea' id='block_1_27' title="bbox 370 2617 1948 2692">
    <p class='ocr_par' dir='ltr' id='par_1_27' title="bbox 370 2617 1948 2692">
     <span class='ocr_line' id='line_1_27' title="bbox 370 2617 1948 2692; baseline 0.003 -21"><span class='ocrx_word' id='word_1_183' title='bbox 370 2618 737 2688; x_wconf 80' lang='grc' dir='ltr'>ἀνθισταμένη</span> <span class='ocrx_word' id='word_1_184' title='bbox 768 2617 844 2688; x_wconf 84' lang='grc' dir='ltr'>τῷ</span> <span class='ocrx_word' id='word_1_185' title='bbox 871 2619 1033 2691; x_wconf 84' lang='grc' dir='ltr'>Θείῳ,</span> <span class='ocrx_word' id='word_1_186' title='bbox 1067 2622 1162 2675; x_wconf 70' lang='grc' dir='ltr'>καὶ</span> <span class='ocrx_word' id='word_1_187' title='bbox 1206 2621 1294 2674; x_wconf 89' lang='grc' dir='ltr'>διά</span> <span class='ocrx_word' id='word_1_188' title='bbox 1324 2621 1482 2676; x_wconf 78' lang='grc' dir='ltr'>τοῦτο</span> <span class='ocrx_word' id='word_1_189' title='bbox 1514 2622 1843 2692; x_wconf 80' lang='grc' dir='ltr'>συγγνώμης</span> <span class='ocrx_word' id='word_1_190' title='bbox 1891 2626 1948 2676; x_wconf 80' lang='grc' dir='ltr'>ἐν</span> 
     </span>
    </p>
   </div>
   <div class='ocr_carea' id='block_1_28' title="bbox 370 2709 1948 2786">
    <p class='ocr_par' dir='ltr' id='par_1_28' title="bbox 370 2709 1948 2786">
     <span class='ocr_line' id='line_1_28' title="bbox 370 2709 1948 2786; baseline 0.006 -25"><span class='ocrx_word' id='word_1_191' title='bbox 370 2709 638 2780; x_wconf 82' lang='grc' dir='ltr'>οὐδετέρῳ</span> <span class='ocrx_word' id='word_1_192' title='bbox 670 2711 780 2764; x_wconf 89' lang='grc' dir='ltr'>τῶν</span> <span class='ocrx_word' id='word_1_193' title='bbox 814 2710 947 2781; x_wconf 86' lang='grc' dir='ltr'>βίων</span> <span class='ocrx_word' id='word_1_194' title='bbox 978 2713 1323 2783; x_wconf 80' lang='grc' dir='ltr'>τυγχάνουσα</span> <span class='ocrx_word' id='word_1_195' title='bbox 1354 2715 1556 2783; x_wconf 83' lang='grc' dir='ltr'>ὁμοίως</span> <span class='ocrx_word' id='word_1_196' title='bbox 1591 2709 1670 2778; x_wconf 75' lang='grc' dir='ltr'>οἷς</span> <span class='ocrx_word' id='word_1_197' title='bbox 1707 2717 1740 2785; x_wconf 82' lang='grc' dir='ltr'>ὴ</span> <span class='ocrx_word' id='word_1_198' title='bbox 1773 2714 1948 2786; x_wconf 82' lang='grc' dir='ltr'>φθορά</span> 
     </span>
    </p>
   </div>
   <div class='ocr_carea' id='block_1_29' title="bbox 371 2801 1946 2877">
    <p class='ocr_par' dir='ltr' id='par_1_29' title="bbox 371 2801 1946 2877">
     <span class='ocr_line' id='line_1_29' title="bbox 371 2801 1946 2877; baseline 0.003 -21"><span class='ocrx_word' id='word_1_199' title='bbox 371 2801 468 2868; x_wconf 82' lang='grc' dir='ltr'>τῆς</span> <span class='ocrx_word' id='word_1_200' title='bbox 526 2802 764 2866; x_wconf 84' lang='grc' dir='ltr'>πίστεως</span> <span class='ocrx_word' id='word_1_201' title='bbox 799 2804 992 2861; x_wconf 76' lang='grc' dir='ltr'>ἔνεστι.</span> <span class='ocrx_word' id='word_1_202' title='bbox 1026 2807 1225 2875; x_wconf 71' lang='grc' dir='ltr'>Διόπερ</span> <span class='ocrx_word' id='word_1_203' title='bbox 1269 2808 1367 2877; x_wconf 91' lang='grc' dir='ltr'>οὐχ</span> <span class='ocrx_word' id='word_1_204' title='bbox 1396 2808 1471 2869; x_wconf 89' lang='grc' dir='ltr'>ώς</span> <span class='ocrx_word' id='word_1_205' title='bbox 1516 2808 1946 2877; x_wconf 83' lang='grc' dir='ltr'>ἁμαρτάνουσιν,</span> 
     </span>
    </p>
   </div>
   <div class='ocr_carea' id='block_1_30' title="bbox 374 2893 1952 2969">
    <p class='ocr_par' dir='ltr' id='par_1_30' title="bbox 374 2893 1952 2969">
     <span class='ocr_line' id='line_1_30' title="bbox 374 2893 1952 2969; baseline 0.004 -23"><span class='ocrx_word' id='word_1_206' title='bbox 374 2893 487 2946; x_wconf 84' lang='grc' dir='ltr'>ἀλλ’</span> <span class='ocrx_word' id='word_1_207' title='bbox 520 2894 594 2957; x_wconf 87' lang='grc' dir='ltr'>ώς</span> <span class='ocrx_word' id='word_1_208' title='bbox 623 2894 845 2947; x_wconf 81' lang='grc' dir='ltr'>ἀσεϐέσι</span> <span class='ocrx_word' id='word_1_209' title='bbox 874 2896 934 2948; x_wconf 79' lang='grc' dir='ltr'>τὸ</span> <span class='ocrx_word' id='word_1_210' title='bbox 961 2896 1115 2951; x_wconf 85' lang='grc' dir='ltr'>Θεῖον</span> <span class='ocrx_word' id='word_1_211' title='bbox 1147 2898 1371 2961; x_wconf 80' lang='grc' dir='ltr'>εἰκότως</span> <span class='ocrx_word' id='word_1_212' title='bbox 1397 2899 1664 2969; x_wconf 86' lang='grc' dir='ltr'>κέχρηται</span> <span class='ocrx_word' id='word_1_213' title='bbox 1698 2902 1812 2963; x_wconf 88' lang='grc' dir='ltr'>τοῖς</span> <span class='ocrx_word' id='word_1_214' title='bbox 1832 2900 1952 2953; x_wconf 88' lang='grc' dir='ltr'>τολ-</span> 
     </span>
    </p>
   </div>
   <div class='ocr_carea' id='block_1_31' title="bbox 377 2986 1953 3060">
    <p class='ocr_par' dir='ltr' id='par_1_31' title="bbox 377 2986 1953 3060">
     <span class='ocr_line' id='line_1_31' title="bbox 377 2986 1953 3060; baseline 0.004 -22"><span class='ocrx_word' id='word_1_215' title='bbox 377 2986 543 3055; x_wconf 89' lang='grc' dir='ltr'>μῶσι,</span> <span class='ocrx_word' id='word_1_216' title='bbox 569 2988 663 3039; x_wconf 72' lang='grc' dir='ltr'>καὶ</span> <span class='ocrx_word' id='word_1_217' title='bbox 697 2987 838 3041; x_wconf 81' lang='grc' dir='ltr'>κατὰ</span> <span class='ocrx_word' id='word_1_218' title='bbox 867 2988 967 3052; x_wconf 79' lang='grc' dir='ltr'>τὰς</span> <span class='ocrx_word' id='word_1_219' title='bbox 986 2990 1285 3059; x_wconf 75' lang='grc' dir='ltr'>ἐπιθυμίας</span> <span class='ocrx_word' id='word_1_220' title='bbox 1316 2991 1497 3044; x_wconf 88' lang='grc' dir='ltr'>αὐτῶν</span> <span class='ocrx_word' id='word_1_221' title='bbox 1527 2993 1723 3060; x_wconf 81' lang='grc' dir='ltr'>ἐπάγει</span> <span class='ocrx_word' id='word_1_222' title='bbox 1752 2995 1851 3056; x_wconf 81' lang='grc' dir='ltr'>τάς</span> <span class='ocrx_word' id='word_1_223' title='bbox 1876 2992 1953 3044; x_wconf 67' lang='grc' dir='ltr'>δίο</span> 
     </span>
    </p>
   </div>
   <div class='ocr_carea' id='block_1_32' title="bbox 377 3079 1949 3153">
    <p class='ocr_par' dir='ltr' id='par_1_32' title="bbox 377 3079 1949 3153">
     <span class='ocr_line' id='line_1_32' title="bbox 377 3079 1949 3153; baseline 0.004 -24"><span class='ocrx_word' id='word_1_224' title='bbox 377 3096 495 3144; x_wconf 87' lang='grc' dir='ltr'>κας,</span> <span class='ocrx_word' id='word_1_225' title='bbox 522 3080 618 3133; x_wconf 74' lang='grc' dir='ltr'>καὶ</span> <span class='ocrx_word' id='word_1_226' title='bbox 644 3079 1011 3149; x_wconf 88' lang='grc' dir='ltr'>παραδίδωσιν</span> <span class='ocrx_word' id='word_1_227' title='bbox 1043 3083 1294 3148; x_wconf 84' lang='grc' dir='ltr'>ἀπίστοις</span> <span class='ocrx_word' id='word_1_228' title='bbox 1318 3082 1408 3136; x_wconf 74' lang='grc' dir='ltr'>καὶ</span> <span class='ocrx_word' id='word_1_229' title='bbox 1437 3085 1655 3153; x_wconf 77' lang='grc' dir='ltr'>μιαροῖς</span> <span class='ocrx_word' id='word_1_230' title='bbox 1679 3084 1820 3153; x_wconf 85' lang='grc' dir='ltr'>μετὰ</span> <span class='ocrx_word' id='word_1_231' title='bbox 1840 3084 1949 3137; x_wconf 86' lang='grc' dir='ltr'>τῶν</span> 
     </span>
    </p>
   </div>
   <div class='ocr_carea' id='block_1_33' title="bbox 2039 610 3614 681">
    <p class='ocr_par' dir='ltr' id='par_1_33' title="bbox 2039 610 3614 681">
     <span class='ocr_line' id='line_1_33' title="bbox 2039 610 3614 681; baseline 0.002 -19"><span class='ocrx_word' id='word_1_232' title='bbox 2039 612 2175 679; x_wconf 78' lang='grc' dir='ltr'>πρὸς</span> <span class='ocrx_word' id='word_1_233' title='bbox 2198 611 2288 663; x_wconf 73' lang='grc' dir='ltr'>τὸν</span> <span class='ocrx_word' id='word_1_234' title='bbox 2316 610 2414 664; x_wconf 70' lang='grc' dir='ltr'>ἕνα</span> <span class='ocrx_word' id='word_1_235' title='bbox 2436 610 2569 664; x_wconf 66' lang='grc' dir='ltr'>Θεὸν</span> <span class='ocrx_word' id='word_1_236' title='bbox 2591 612 2683 664; x_wconf 79' lang='grc' dir='ltr'>καὶ</span> <span class='ocrx_word' id='word_1_237' title='bbox 2710 612 2939 681; x_wconf 84' lang='grc' dir='ltr'>γνώμην</span> <span class='ocrx_word' id='word_1_238' title='bbox 2967 612 3059 663; x_wconf 77' lang='grc' dir='ltr'>καὶ</span> <span class='ocrx_word' id='word_1_239' title='bbox 3080 612 3282 680; x_wconf 75' lang='grc' dir='ltr'>πρᾶξιν</span> <span class='ocrx_word' id='word_1_240' title='bbox 3308 610 3614 666; x_wconf 69' lang='grc' dir='ltr'>ἐπιδεικνύ-</span> 
     </span>
    </p>
   </div>
   <div class='ocr_carea' id='block_1_34' title="bbox 2040 702 3614 773">
    <p class='ocr_par' dir='ltr' id='par_1_34' title="bbox 2040 702 3614 773">
     <span class='ocr_line' id='line_1_34' title="bbox 2040 702 3614 773; baseline 0.003 -19"><span class='ocrx_word' id='word_1_241' title='bbox 2040 719 2201 770; x_wconf 83' lang='grc' dir='ltr'>μενος</span> <span class='ocrx_word' id='word_1_242' title='bbox 2227 718 2240 731; x_wconf 82' lang='lat'><strong>&#39;</strong></span> <span class='ocrx_word' id='word_1_243' title='bbox 2278 702 2359 755; x_wconf 78' lang='grc' dir='ltr'>διὸ</span> <span class='ocrx_word' id='word_1_244' title='bbox 2387 703 2516 773; x_wconf 74' lang='grc' dir='ltr'>περὶ</span> <span class='ocrx_word' id='word_1_245' title='bbox 2546 703 2643 773; x_wconf 83' lang='grc' dir='ltr'>τὴν</span> <span class='ocrx_word' id='word_1_246' title='bbox 2674 703 2975 773; x_wconf 82' lang='grc' dir='ltr'>θρησκείαν</span> <span class='ocrx_word' id='word_1_247' title='bbox 3018 703 3219 772; x_wconf 79' lang='grc' dir='ltr'>μᾶλλον</span> <span class='ocrx_word' id='word_1_248' title='bbox 3251 704 3285 773; x_wconf 82' lang='grc' dir='ltr'><strong>ἢ</strong></span> <span class='ocrx_word' id='word_1_249' title='bbox 3318 704 3420 771; x_wconf 76' lang='grc' dir='ltr'>τὴν</span> <span class='ocrx_word' id='word_1_250' title='bbox 3453 704 3614 769; x_wconf 73' lang='grc' dir='ltr'>δόξαν</span> 
     </span>
    </p>
   </div>
   <div class='ocr_carea' id='block_1_35' title="bbox 2039 794 3613 865">
    <p class='ocr_par' dir='ltr' id='par_1_35' title="bbox 2039 794 3613 865">
     <span class='ocr_line' id='line_1_35' title="bbox 2039 794 3613 865; baseline 0.001 -19"><span class='ocrx_word' id='word_1_251' title='bbox 2039 795 2188 847; x_wconf 76' lang='grc' dir='ltr'>ἐστὶν</span> <span class='ocrx_word' id='word_1_252' title='bbox 2216 795 2615 865; x_wconf 85' lang='grc' dir='ltr'>ἀμαρτητικός.</span> <span class='ocrx_word' id='word_1_253' title='bbox 2646 794 2758 863; x_wconf 87' lang='grc' dir='ltr'>Τῆς</span> <span class='ocrx_word' id='word_1_254' title='bbox 2814 794 2914 864; x_wconf 79' lang='grc' dir='ltr'>μὲν</span> <span class='ocrx_word' id='word_1_255' title='bbox 2958 796 3070 863; x_wconf 86' lang='grc' dir='ltr'>γὰρ</span> <span class='ocrx_word' id='word_1_256' title='bbox 3116 796 3418 865; x_wconf 82' lang='grc' dir='ltr'>θρησκείας</span> <span class='ocrx_word' id='word_1_257' title='bbox 3458 796 3613 848; x_wconf 72' lang='grc' dir='ltr'>ἐστὶν</span> 
     </span>
    </p>
   </div>
   <div class='ocr_carea' id='block_1_36' title="bbox 2037 887 3615 958">
    <p class='ocr_par' dir='ltr' id='par_1_36' title="bbox 2037 887 3615 958">
     <span class='ocr_line' id='line_1_36' title="bbox 2037 887 3615 958; baseline 0.001 -19"><span class='ocrx_word' id='word_1_258' title='bbox 2037 887 2337 957; x_wconf 85' lang='grc' dir='ltr'>ἀπονέμειν</span> <span class='ocrx_word' id='word_1_259' title='bbox 2368 888 2443 958; x_wconf 81' lang='grc' dir='ltr'>τῷ</span> <span class='ocrx_word' id='word_1_260' title='bbox 2472 887 2589 956; x_wconf 85' lang='grc' dir='ltr'>Θεῷ</span> <span class='ocrx_word' id='word_1_261' title='bbox 2627 888 2724 957; x_wconf 82' lang='grc' dir='ltr'>τὴν</span> <span class='ocrx_word' id='word_1_262' title='bbox 2764 887 3123 956; x_wconf 72' lang='grc' dir='ltr'>ὀφειλομένην</span> <span class='ocrx_word' id='word_1_263' title='bbox 3177 887 3486 956; x_wconf 85' lang='grc' dir='ltr'>εὐλάϐειαν,</span> <span class='ocrx_word' id='word_1_264' title='bbox 3538 890 3615 953; x_wconf 88' lang='grc' dir='ltr'>ώς</span> 
     </span>
    </p>
   </div>
   <div class='ocr_carea' id='block_1_37' title="bbox 2039 979 3616 1051">
    <p class='ocr_par' dir='ltr' id='par_1_37' title="bbox 2039 979 3616 1051">
     <span class='ocr_line' id='line_1_37' title="bbox 2039 979 3616 1051; baseline -0.001 -21"><span class='ocrx_word' id='word_1_265' title='bbox 2039 979 2119 1031; x_wconf 73' lang='grc' dir='ltr'>ἐνὶ</span> <span class='ocrx_word' id='word_1_266' title='bbox 2176 980 2272 1032; x_wconf 73' lang='grc' dir='ltr'>καὶ</span> <span class='ocrx_word' id='word_1_267' title='bbox 2325 980 2472 1048; x_wconf 85' lang='grc' dir='ltr'>μόνῳ</span> <span class='ocrx_word' id='word_1_268' title='bbox 2528 979 2747 1032; x_wconf 86' lang='grc' dir='ltr'>πάντων</span> <span class='ocrx_word' id='word_1_269' title='bbox 2789 979 2986 1051; x_wconf 81' lang='grc' dir='ltr'>αἰτίῳ·</span> <span class='ocrx_word' id='word_1_270' title='bbox 3020 981 3092 1033; x_wconf 73' lang='lat' dir='ltr'><em>El</em></span> <span class='ocrx_word' id='word_1_271' title='bbox 3128 979 3242 1048; x_wconf 70' lang='grc' dir='ltr'>γὰρ</span> <span class='ocrx_word' id='word_1_272' title='bbox 3285 979 3420 1047; x_wconf 75' lang='grc' dir='ltr'>ἐγὼ,</span> <span class='ocrx_word' id='word_1_273' title='bbox 3459 982 3616 1048; x_wconf 77' lang='grc' dir='ltr'>φησὶ,</span> 
     </span>
    </p>
   </div>
   <div class='ocr_carea' id='block_1_38' title="bbox 2033 1070 3617 1139">
    <p class='ocr_par' dir='ltr' id='par_1_38' title="bbox 2033 1070 3617 1139">
     <span class='ocr_line' id='line_1_38' title="bbox 2033 1070 3617 1139; baseline 0 -17"><span class='ocrx_word' id='word_1_274' title='bbox 2033 1070 2258 1139; x_wconf 77' lang='grc' dir='ltr'>Πατὴρ,</span> <span class='ocrx_word' id='word_1_275' title='bbox 2290 1070 2409 1123; x_wconf 81' lang='grc' dir='ltr'>ποῦ</span> <span class='ocrx_word' id='word_1_276' title='bbox 2442 1070 2615 1123; x_wconf 78' lang='grc' dir='ltr'>ἐστιν</span> <span class='ocrx_word' id='word_1_277' title='bbox 2667 1070 2704 1138; x_wconf 81' lang='grc' dir='ltr'><strong><em>ἠ</em></strong></span> <span class='ocrx_word' id='word_1_278' title='bbox 2754 1070 2893 1138; x_wconf 81' lang='grc' dir='ltr'>τιμή</span> <span class='ocrx_word' id='word_1_279' title='bbox 2952 1086 3113 1139; x_wconf 78' lang='grc' dir='ltr'>μους</span> <span class='ocrx_word' id='word_1_280' title='bbox 3155 1072 3265 1124; x_wconf 77' lang='grc' dir='ltr'>Καὶ</span> <span class='ocrx_word' id='word_1_281' title='bbox 3322 1070 3479 1123; x_wconf 84' lang='grc' dir='ltr'>τοῦτο</span> <span class='ocrx_word' id='word_1_282' title='bbox 3529 1070 3617 1122; x_wconf 65' lang='grc' dir='ltr'>λό»</span> 
     </span>
    </p>
   </div>
   <div class='ocr_carea' id='block_1_39' title="bbox 2039 1160 3617 1229">
    <p class='ocr_par' dir='ltr' id='par_1_39' title="bbox 2039 1160 3617 1229">
     <span class='ocr_line' id='line_1_39' title="bbox 2039 1160 3617 1229; baseline 0.001 -16"><span class='ocrx_word' id='word_1_283' title='bbox 2039 1178 2131 1228; x_wconf 87' lang='grc' dir='ltr'>γος</span> <span class='ocrx_word' id='word_1_284' title='bbox 2182 1160 2301 1213; x_wconf 68' lang='grc' dir='ltr'>ἐστὶ</span> <span class='ocrx_word' id='word_1_285' title='bbox 2329 1161 2427 1229; x_wconf 86' lang='grc' dir='ltr'>τῆς</span> <span class='ocrx_word' id='word_1_286' title='bbox 2466 1161 2635 1229; x_wconf 81' lang='grc' dir='ltr'>ὀρθῆς</span> <span class='ocrx_word' id='word_1_287' title='bbox 2692 1162 2951 1225; x_wconf 81' lang='grc' dir='ltr'>πίστεως,</span> <span class='ocrx_word' id='word_1_288' title='bbox 2978 1162 3040 1214; x_wconf 79' lang='grc' dir='ltr'>τὸ</span> <span class='ocrx_word' id='word_1_289' title='bbox 3071 1162 3251 1215; x_wconf 80' lang='grc' dir='ltr'>σέϐειν</span> <span class='ocrx_word' id='word_1_290' title='bbox 3287 1162 3528 1223; x_wconf 85' lang='grc' dir='ltr'>εὐλαϐῶς</span> <span class='ocrx_word' id='word_1_291' title='bbox 3556 1178 3617 1214; x_wconf 90' lang='grc' dir='ltr'>τε</span> 
     </span>
    </p>
   </div>
   <div class='ocr_carea' id='block_1_40' title="bbox 2040 1248 3615 1322">
    <p class='ocr_par' dir='ltr' id='par_1_40' title="bbox 2040 1248 3615 1322">
     <span class='ocr_line' id='line_1_40' title="bbox 2040 1248 3615 1322; baseline 0.002 -20"><span class='ocrx_word' id='word_1_292' title='bbox 2040 1253 2136 1304; x_wconf 70' lang='grc' dir='ltr'>καὶ</span> <span class='ocrx_word' id='word_1_293' title='bbox 2168 1251 2462 1319; x_wconf 78' lang='grc' dir='ltr'>ὀρθοδόξως</span> <span class='ocrx_word' id='word_1_294' title='bbox 2491 1253 2581 1304; x_wconf 78' lang='grc' dir='ltr'>τὸν</span> <span class='ocrx_word' id='word_1_295' title='bbox 2609 1252 2707 1304; x_wconf 74' lang='grc' dir='ltr'>ἕνα</span> <span class='ocrx_word' id='word_1_296' title='bbox 2746 1251 2899 1306; x_wconf 80' lang='grc' dir='ltr'>Θεόν.</span> <span class='ocrx_word' id='word_1_297' title='bbox 2930 1248 3036 1317; x_wconf 79' lang='grc' dir='ltr'>Εἷς</span> <span class='ocrx_word' id='word_1_298' title='bbox 3063 1253 3228 1318; x_wconf 81' lang='grc' dir='ltr'>Θεὸς,</span> <span class='ocrx_word' id='word_1_299' title='bbox 3253 1254 3364 1322; x_wconf 78' lang='grc' dir='ltr'>μία</span> <span class='ocrx_word' id='word_1_300' title='bbox 3386 1254 3615 1317; x_wconf 79' lang='grc' dir='ltr'>πίστις,</span> 
     </span>
    </p>
   </div>
   <div class='ocr_carea' id='block_1_41' title="bbox 2038 1341 3620 1414">
    <p class='ocr_par' dir='ltr' id='par_1_41' title="bbox 2038 1341 3620 1414">
     <span class='ocr_line' id='line_1_41' title="bbox 2038 1341 3620 1414; baseline -0.003 -16"><span class='ocrx_word' id='word_1_301' title='bbox 2038 1345 2066 1398; x_wconf 86' lang='grc' dir='ltr'>ὀ</span> <span class='ocrx_word' id='word_1_302' title='bbox 2096 1344 2303 1407; x_wconf 85' lang='grc' dir='ltr'>Παῦλός</span> <span class='ocrx_word' id='word_1_303' title='bbox 2330 1361 2485 1413; x_wconf 87' lang='grc' dir='ltr'>φησι.</span> <span class='ocrx_word' id='word_1_304' title='bbox 2529 1344 2589 1396; x_wconf 89' lang='lat'>&#39;0</span> <span class='ocrx_word' id='word_1_305' title='bbox 2620 1344 2664 1396; x_wconf 89' lang='grc' dir='ltr'>δ’</span> <span class='ocrx_word' id='word_1_306' title='bbox 2690 1345 2772 1407; x_wconf 87' lang='grc' dir='ltr'>είς</span> <span class='ocrx_word' id='word_1_307' title='bbox 2804 1344 2949 1414; x_wconf 84' lang='grc' dir='ltr'>ὠνήν</span> <span class='ocrx_word' id='word_1_308' title='bbox 2975 1361 3034 1398; x_wconf 88' lang='grc' dir='ltr'>τε</span> <span class='ocrx_word' id='word_1_309' title='bbox 3062 1345 3160 1397; x_wconf 72' lang='grc' dir='ltr'>καὶ</span> <span class='ocrx_word' id='word_1_310' title='bbox 3184 1346 3392 1411; x_wconf 81' lang='grc' dir='ltr'>πρᾶσιν</span> <span class='ocrx_word' id='word_1_311' title='bbox 3420 1344 3479 1396; x_wconf 75' lang='grc' dir='ltr'>τὸ</span> <span class='ocrx_word' id='word_1_312' title='bbox 3508 1341 3620 1394; x_wconf 84' lang='grc' dir='ltr'>τῶν</span> 
     </span>
    </p>
   </div>
   <div class='ocr_carea' id='block_1_42' title="bbox 2042 1433 3616 1503">
    <p class='ocr_par' dir='ltr' id='par_1_42' title="bbox 2042 1433 3616 1503">
     <span class='ocr_line' id='line_1_42' title="bbox 2042 1433 3616 1503; baseline -0.001 -18"><span class='ocrx_word' id='word_1_313' title='bbox 2042 1433 2427 1503; x_wconf 82' lang='grc' dir='ltr'>πνευματικῶν</span> <span class='ocrx_word' id='word_1_314' title='bbox 2462 1434 2806 1502; x_wconf 83' lang='grc' dir='ltr'>πραγμάτων</span> <span class='ocrx_word' id='word_1_315' title='bbox 2829 1434 3046 1503; x_wconf 78' lang='grc' dir='ltr'>ἀξίωμα</span> <span class='ocrx_word' id='word_1_316' title='bbox 3077 1434 3357 1501; x_wconf 87' lang='grc' dir='ltr'>καθαιρῶν</span> <span class='ocrx_word' id='word_1_317' title='bbox 3389 1433 3616 1486; x_wconf 79' lang='grc' dir='ltr'>ἀνευλα-</span> 
     </span>
    </p>
   </div>
   <div class='ocr_carea' id='block_1_43' title="bbox 2043 1524 3621 1595">
    <p class='ocr_par' dir='ltr' id='par_1_43' title="bbox 2043 1524 3621 1595">
     <span class='ocr_line' id='line_1_43' title="bbox 2043 1524 3621 1595; baseline -0.002 -19"><span class='ocrx_word' id='word_1_318' title='bbox 2043 1525 2145 1595; x_wconf 87' lang='grc' dir='ltr'>ϐής</span> <span class='ocrx_word' id='word_1_319' title='bbox 2186 1527 2302 1577; x_wconf 78' lang='grc' dir='ltr'>ἐστι</span> <span class='ocrx_word' id='word_1_320' title='bbox 2343 1526 2474 1593; x_wconf 72' lang='grc' dir='ltr'>περὶ</span> <span class='ocrx_word' id='word_1_321' title='bbox 2495 1526 2584 1578; x_wconf 80' lang='grc' dir='ltr'>τὸν</span> <span class='ocrx_word' id='word_1_322' title='bbox 2618 1525 2773 1590; x_wconf 74' lang='grc' dir='ltr'>Θεὸν,</span> <span class='ocrx_word' id='word_1_323' title='bbox 2813 1525 2972 1579; x_wconf 88' lang='grc' dir='ltr'>τοῦτο</span> <span class='ocrx_word' id='word_1_324' title='bbox 3018 1525 3064 1577; x_wconf 79' lang='grc' dir='ltr'>δ’</span> <span class='ocrx_word' id='word_1_325' title='bbox 3094 1526 3212 1577; x_wconf 73' lang='grc' dir='ltr'>ἐστὶ</span> <span class='ocrx_word' id='word_1_326' title='bbox 3244 1524 3305 1576; x_wconf 80' lang='grc' dir='ltr'>τδ</span> <span class='ocrx_word' id='word_1_327' title='bbox 3341 1524 3621 1592; x_wconf 87' lang='grc' dir='ltr'>Σιμωνίαν</span> 
     </span>
    </p>
   </div>
   <div class='ocr_carea' id='block_1_44' title="bbox 2044 1613 3622 1687">
    <p class='ocr_par' dir='ltr' id='par_1_44' title="bbox 2044 1613 3622 1687">
     <span class='ocr_line' id='line_1_44' title="bbox 2044 1613 3622 1687; baseline -0.004 -17"><span class='ocrx_word' id='word_1_328' title='bbox 2044 1619 2290 1687; x_wconf 86' lang='grc' dir='ltr'>νοσῆσαι.</span> <span class='ocrx_word' id='word_1_329' title='bbox 2330 1619 2393 1670; x_wconf 76' lang='grc' dir='ltr'>ΕΞ</span> <span class='ocrx_word' id='word_1_330' title='bbox 2418 1617 2475 1671; x_wconf 80' lang='grc' dir='ltr'>δὲ</span> <span class='ocrx_word' id='word_1_331' title='bbox 2507 1619 2565 1670; x_wconf 83' lang='grc' dir='ltr'>ὲν</span> <span class='ocrx_word' id='word_1_332' title='bbox 2618 1617 2885 1687; x_wconf 76' lang='grc' dir='ltr'>θρησκείᾳ</span> <span class='ocrx_word' id='word_1_333' title='bbox 2922 1616 3022 1686; x_wconf 82' lang='grc' dir='ltr'>μὲν</span> <span class='ocrx_word' id='word_1_334' title='bbox 3059 1616 3206 1669; x_wconf 75' lang='grc' dir='ltr'>ἐστιν</span> <span class='ocrx_word' id='word_1_335' title='bbox 3236 1617 3486 1683; x_wconf 80' lang='grc' dir='ltr'>ἐνέργεια</span> <span class='ocrx_word' id='word_1_336' title='bbox 3530 1613 3622 1664; x_wconf 78' lang='grc' dir='ltr'>πί-</span> 
     </span>
    </p>
   </div>
   <div class='ocr_carea' id='block_1_45' title="bbox 2045 1704 3623 1783">
    <p class='ocr_par' dir='ltr' id='par_1_45' title="bbox 2045 1704 3623 1783">
     <span class='ocr_line' id='line_1_45' title="bbox 2045 1704 3623 1783; baseline -0.004 -22"><span class='ocrx_word' id='word_1_337' title='bbox 2045 1725 2239 1783; x_wconf 78' lang='grc' dir='ltr'>στεως,</span> <span class='ocrx_word' id='word_1_338' title='bbox 2272 1708 2400 1778; x_wconf 77' lang='grc' dir='ltr'>περὶ</span> <span class='ocrx_word' id='word_1_339' title='bbox 2428 1708 2485 1762; x_wconf 73' lang='grc' dir='ltr'>δὲ</span> <span class='ocrx_word' id='word_1_340' title='bbox 2512 1708 2717 1778; x_wconf 87' lang='grc' dir='ltr'>ταύτην</span> <span class='ocrx_word' id='word_1_341' title='bbox 2749 1708 2985 1778; x_wconf 77' lang='grc' dir='ltr'>πονηρὸς</span> <span class='ocrx_word' id='word_1_342' title='bbox 3035 1709 3063 1761; x_wconf 98' lang='lat'>6</span> <span class='ocrx_word' id='word_1_343' title='bbox 3106 1706 3348 1768; x_wconf 88' lang='grc' dir='ltr'>τοιοῦτος</span> <span class='ocrx_word' id='word_1_344' title='bbox 3368 1721 3382 1735; x_wconf 88' lang='grc'><strong>·</strong></span> <span class='ocrx_word' id='word_1_345' title='bbox 3422 1706 3477 1757; x_wconf 89' lang='grc' dir='ltr'>τί</span> <span class='ocrx_word' id='word_1_346' title='bbox 3511 1704 3623 1756; x_wconf 90' lang='grc' dir='ltr'>λοι-</span> 
     </span>
    </p>
   </div>
   <div class='ocr_carea' id='block_1_46' title="bbox 2045 1798 3622 1871">
    <p class='ocr_par' dir='ltr' id='par_1_46' title="bbox 2045 1798 3622 1871">
     <span class='ocr_line' id='line_1_46' title="bbox 2045 1798 3622 1871; baseline -0.003 -18"><span class='ocrx_word' id='word_1_347' title='bbox 2045 1801 2144 1853; x_wconf 81' lang='grc' dir='ltr'>πδν</span> <span class='ocrx_word' id='word_1_348' title='bbox 2186 1800 2219 1871; x_wconf 84' lang='grc' dir='ltr'>ἢ</span> <span class='ocrx_word' id='word_1_349' title='bbox 2276 1801 2403 1869; x_wconf 77' lang='grc' dir='ltr'>περὶ</span> <span class='ocrx_word' id='word_1_350' title='bbox 2433 1800 2531 1870; x_wconf 80' lang='grc' dir='ltr'>τὴν</span> <span class='ocrx_word' id='word_1_351' title='bbox 2578 1800 2761 1854; x_wconf 88' lang='grc' dir='ltr'>πίστιν</span> <span class='ocrx_word' id='word_1_352' title='bbox 2788 1799 3190 1870; x_wconf 80' lang='grc' dir='ltr'>ἐξαμαρτάνειν</span> <span class='ocrx_word' id='word_1_353' title='bbox 3233 1798 3326 1851; x_wconf 87' lang='grc' dir='ltr'>τόν</span> <span class='ocrx_word' id='word_1_354' title='bbox 3354 1814 3420 1867; x_wconf 90' lang='grc' dir='ltr'>γε</span> <span class='ocrx_word' id='word_1_355' title='bbox 3444 1799 3622 1849; x_wconf 85' lang='grc' dir='ltr'>τοιοῦ-</span> 
     </span>
    </p>
   </div>
   <div class='ocr_carea' id='block_1_47' title="bbox 2046 1890 3625 1963">
    <p class='ocr_par' dir='ltr' id='par_1_47' title="bbox 2046 1890 3625 1963">
     <span class='ocr_line' id='line_1_47' title="bbox 2046 1890 3625 1963; baseline -0.004 -17"><span class='ocrx_word' id='word_1_356' title='bbox 2046 1911 2135 1948; x_wconf 93' lang='grc' dir='ltr'>τον</span> <span class='ocrx_word' id='word_1_357' title='bbox 2168 1894 2259 1947; x_wconf 76' lang='grc' dir='ltr'>καὶ</span> <span class='ocrx_word' id='word_1_358' title='bbox 2288 1895 2403 1956; x_wconf 86' lang='grc' dir='ltr'>τοῖς</span> <span class='ocrx_word' id='word_1_359' title='bbox 2436 1894 2544 1945; x_wconf 86' lang='grc' dir='ltr'>τῶν</span> <span class='ocrx_word' id='word_1_360' title='bbox 2578 1893 2874 1963; x_wconf 83' lang='grc' dir='ltr'>αίρετικῶν</span> <span class='ocrx_word' id='word_1_361' title='bbox 2908 1893 3003 1944; x_wconf 80' lang='grc' dir='ltr'>καὶ</span> <span class='ocrx_word' id='word_1_362' title='bbox 3030 1890 3437 1945; x_wconf 86' lang='grc' dir='ltr'>δυσσεϐούντων</span> <span class='ocrx_word' id='word_1_363' title='bbox 3473 1890 3625 1957; x_wconf 79' lang='grc' dir='ltr'>ὅροις</span> 
     </span>
    </p>
   </div>
   <div class='ocr_carea' id='block_1_48' title="bbox 2045 1980 3621 2054">
    <p class='ocr_par' dir='ltr' id='par_1_48' title="bbox 2045 1980 3621 2054">
     <span class='ocr_line' id='line_1_48' title="bbox 2045 1980 3621 2054; baseline -0.005 -15"><span class='ocrx_word' id='word_1_364' title='bbox 2045 1986 2385 2054; x_wconf 79' lang='grc' dir='ltr'>ὲγκλείεσθαι</span> <span class='ocrx_word' id='word_1_365' title='bbox 2412 2003 2428 2053; x_wconf 88' lang='lat'><strong>;</strong></span> <span class='ocrx_word' id='word_1_366' title='bbox 2463 1985 2637 2040; x_wconf 85' lang='grc' dir='ltr'>Τοῦτο</span> <span class='ocrx_word' id='word_1_367' title='bbox 2673 1987 2773 2054; x_wconf 75' lang='grc' dir='ltr'>μὲν</span> <span class='ocrx_word' id='word_1_368' title='bbox 2808 1984 2902 2039; x_wconf 84' lang='grc' dir='ltr'>οῦν</span> <span class='ocrx_word' id='word_1_369' title='bbox 2936 1985 3030 2038; x_wconf 85' lang='grc' dir='ltr'>καί</span> <span class='ocrx_word' id='word_1_370' title='bbox 3061 1984 3173 2045; x_wconf 88' lang='grc' dir='ltr'>τοῖς</span> <span class='ocrx_word' id='word_1_371' title='bbox 3196 1982 3321 2051; x_wconf 79' lang='grc' dir='ltr'>ἑξῆς</span> <span class='ocrx_word' id='word_1_372' title='bbox 3344 1980 3621 2049; x_wconf 72' lang='grc' dir='ltr'>ἐκδηλότεο</span> 
     </span>
    </p>
   </div>
   <div class='ocr_carea' id='block_1_49' title="bbox 2047 2075 2348 2145">
    <p class='ocr_par' dir='ltr' id='par_1_49' title="bbox 2047 2075 2348 2145">
     <span class='ocr_line' id='line_1_49' title="bbox 2047 2075 2348 2145; baseline 0.003 -17"><span class='ocrx_word' id='word_1_373' title='bbox 2047 2093 2139 2145; x_wconf 90' lang='grc' dir='ltr'>ρον</span> <span class='ocrx_word' id='word_1_374' title='bbox 2172 2075 2348 2129; x_wconf 84' lang='grc' dir='ltr'>ἔσται.</span> 
     </span>
    </p>
   </div>
   <div class='ocr_carea' id='block_1_50' title="bbox 2116 2162 3626 2239">
    <p class='ocr_par' dir='ltr' id='par_1_50' title="bbox 2116 2162 3626 2239">
     <span class='ocr_line' id='line_1_50' title="bbox 2116 2162 3626 2239; baseline -0.007 -18"><span class='ocrx_word' id='word_1_375' title='bbox 2116 2168 2257 2239; x_wconf 83' lang='grc' dir='ltr'>’Ύλη</span> <span class='ocrx_word' id='word_1_376' title='bbox 2288 2167 2345 2221; x_wconf 80' lang='grc' dir='ltr'>δέ</span> <span class='ocrx_word' id='word_1_377' title='bbox 2372 2183 2434 2233; x_wconf 91' lang='grc' dir='ltr'>γε</span> <span class='ocrx_word' id='word_1_378' title='bbox 2459 2167 2559 2235; x_wconf 84' lang='grc' dir='ltr'>τῆς</span> <span class='ocrx_word' id='word_1_379' title='bbox 2590 2164 2849 2234; x_wconf 82' lang='grc' dir='ltr'>τοιαύτης</span> <span class='ocrx_word' id='word_1_380' title='bbox 2878 2164 3242 2225; x_wconf 82' lang='grc' dir='ltr'>κακοπιστίας</span> <span class='ocrx_word' id='word_1_381' title='bbox 3274 2162 3343 2215; x_wconf 80' lang='grc' dir='ltr'>τὰ.</span> <span class='ocrx_word' id='word_1_382' title='bbox 3376 2176 3626 2227; x_wconf 85' lang='grc' dir='ltr'>πνευμα-</span> 
     </span>
    </p>
   </div>
   <div class='ocr_carea' id='block_1_51' title="bbox 2046 2250 3628 2327">
    <p class='ocr_par' dir='ltr' id='par_1_51' title="bbox 2046 2250 3628 2327">
     <span class='ocr_line' id='line_1_51' title="bbox 2046 2250 3628 2327; baseline -0.009 -11"><span class='ocrx_word' id='word_1_383' title='bbox 2046 2264 2176 2317; x_wconf 89' lang='grc' dir='ltr'>τικά</span> <span class='ocrx_word' id='word_1_384' title='bbox 2211 2279 2271 2314; x_wconf 89' lang='grc' dir='ltr'>τε</span> <span class='ocrx_word' id='word_1_385' title='bbox 2308 2262 2406 2313; x_wconf 71' lang='grc' dir='ltr'>καὶ</span> <span class='ocrx_word' id='word_1_386' title='bbox 2435 2259 2559 2327; x_wconf 85' lang='grc' dir='ltr'>ίερά</span> <span class='ocrx_word' id='word_1_387' title='bbox 2584 2259 2832 2326; x_wconf 88' lang='grc' dir='ltr'>γίγνεται</span> <span class='ocrx_word' id='word_1_388' title='bbox 2858 2257 3058 2321; x_wconf 89' lang='grc' dir='ltr'>πάντα,</span> <span class='ocrx_word' id='word_1_389' title='bbox 3086 2250 3163 2308; x_wconf 85' lang='grc' dir='ltr'>ῶν</span> <span class='ocrx_word' id='word_1_390' title='bbox 3187 2255 3284 2322; x_wconf 83' lang='grc' dir='ltr'>τὴν</span> <span class='ocrx_word' id='word_1_391' title='bbox 3313 2252 3628 2319; x_wconf 76' lang='grc' dir='ltr'>ἐλευθερίαν</span> 
     </span>
    </p>
   </div>
   <div class='ocr_carea' id='block_1_52' title="bbox 2048 2342 3627 2421">
    <p class='ocr_par' dir='ltr' id='par_1_52' title="bbox 2048 2342 3627 2421">
     <span class='ocr_line' id='line_1_52' title="bbox 2048 2342 3627 2421; baseline -0.009 -12"><span class='ocrx_word' id='word_1_392' title='bbox 2048 2355 2279 2415; x_wconf 84' lang='grc' dir='ltr'>ἀναιδῶς</span> <span class='ocrx_word' id='word_1_393' title='bbox 2335 2352 2678 2421; x_wconf 84' lang='grc' dir='ltr'>προδιδόασιν</span> <span class='ocrx_word' id='word_1_394' title='bbox 2722 2351 2773 2403; x_wconf 84' lang='grc' dir='ltr'>οἱ</span> <span class='ocrx_word' id='word_1_395' title='bbox 2809 2348 3109 2419; x_wconf 87' lang='grc' dir='ltr'>χρημάτων</span> <span class='ocrx_word' id='word_1_396' title='bbox 3156 2346 3296 2399; x_wconf 82' lang='grc' dir='ltr'>ὥνια</span> <span class='ocrx_word' id='word_1_397' title='bbox 3346 2342 3627 2405; x_wconf 87' lang='grc' dir='ltr'>ποιοῦντες</span> 
     </span>
    </p>
   </div>
   <div class='ocr_carea' id='block_1_53' title="bbox 2047 2435 3628 2511">
    <p class='ocr_par' dir='ltr' id='par_1_53' title="bbox 2047 2435 3628 2511">
     <span class='ocr_line' id='line_1_53' title="bbox 2047 2435 3628 2511; baseline -0.007 -15"><span class='ocrx_word' id='word_1_398' title='bbox 2047 2447 2114 2498; x_wconf 82' lang='grc' dir='ltr'>τὰ</span> <span class='ocrx_word' id='word_1_399' title='bbox 2146 2445 2329 2511; x_wconf 84' lang='grc' dir='ltr'>πάσης</span> <span class='ocrx_word' id='word_1_400' title='bbox 2356 2442 2500 2511; x_wconf 82' lang='grc' dir='ltr'>ὠνῆς</span> <span class='ocrx_word' id='word_1_401' title='bbox 2530 2457 2591 2493; x_wconf 84' lang='grc' dir='ltr'>τε</span> <span class='ocrx_word' id='word_1_402' title='bbox 2617 2441 2709 2492; x_wconf 58' lang='grc' dir='ltr'>καὶ⁵</span> <span class='ocrx_word' id='word_1_403' title='bbox 2746 2440 3001 2508; x_wconf 85' lang='grc' dir='ltr'>πράσεως</span> <span class='ocrx_word' id='word_1_404' title='bbox 3037 2439 3445 2505; x_wconf 75' lang='grc' dir='ltr'>ὑπερκειμένην</span> <span class='ocrx_word' id='word_1_405' title='bbox 3473 2435 3628 2504; x_wconf 78' lang='grc' dir='ltr'>ἕχον-</span> 
     </span>
    </p>
   </div>
   <div class='ocr_carea' id='block_1_54' title="bbox 2047 2524 3630 2606">
    <p class='ocr_par' dir='ltr' id='par_1_54' title="bbox 2047 2524 3630 2606">
     <span class='ocr_line' id='line_1_54' title="bbox 2047 2524 3630 2606; baseline -0.009 -14"><span class='ocrx_word' id='word_1_406' title='bbox 2047 2556 2115 2592; x_wconf 86' lang='grc' dir='ltr'>τα</span> <span class='ocrx_word' id='word_1_407' title='bbox 2145 2537 2306 2606; x_wconf 82' lang='grc' dir='ltr'>φύσιν</span> <span class='ocrx_word' id='word_1_408' title='bbox 2330 2554 2345 2567; x_wconf 91' lang='grc'><strong>·</strong></span> <span class='ocrx_word' id='word_1_409' title='bbox 2381 2534 2453 2588; x_wconf 88' lang='grc' dir='ltr'>τά</span> <span class='ocrx_word' id='word_1_410' title='bbox 2507 2534 2606 2603; x_wconf 75' lang='grc' dir='ltr'>μὲν</span> <span class='ocrx_word' id='word_1_411' title='bbox 2633 2532 2744 2603; x_wconf 78' lang='grc' dir='ltr'>γὰρ</span> <span class='ocrx_word' id='word_1_412' title='bbox 2791 2532 2855 2585; x_wconf 72' lang='grc' dir='ltr'>ἐκ</span> <span class='ocrx_word' id='word_1_413' title='bbox 2901 2531 2999 2600; x_wconf 86' lang='grc' dir='ltr'>τῆς</span> <span class='ocrx_word' id='word_1_414' title='bbox 3045 2530 3154 2600; x_wconf 84' lang='grc' dir='ltr'>γῆς</span> <span class='ocrx_word' id='word_1_415' title='bbox 3199 2532 3316 2583; x_wconf 75' lang='grc' dir='ltr'>ἐστι</span> <span class='ocrx_word' id='word_1_416' title='bbox 3338 2546 3352 2560; x_wconf 76' lang='grc' dir='ltr'><strong><em>ο</em></strong></span> <span class='ocrx_word' id='word_1_417' title='bbox 3385 2527 3549 2595; x_wconf 84' lang='grc' dir='ltr'>σοφία</span> <span class='ocrx_word' id='word_1_418' title='bbox 3571 2524 3630 2578; x_wconf 61' lang='grc' dir='ltr'>δὲ</span> 
     </span>
    </p>
   </div>
   <div class='ocr_carea' id='block_1_55' title="bbox 2051 2615 3629 2697">
    <p class='ocr_par' dir='ltr' id='par_1_55' title="bbox 2051 2615 3629 2697">
     <span class='ocr_line' id='line_1_55' title="bbox 2051 2615 3629 2697; baseline -0.008 -17"><span class='ocrx_word' id='word_1_419' title='bbox 2051 2630 2144 2681; x_wconf 76' lang='grc' dir='ltr'>καὶ</span> <span class='ocrx_word' id='word_1_420' title='bbox 2187 2627 2333 2697; x_wconf 77' lang='grc' dir='ltr'>ψυχὴ</span> <span class='ocrx_word' id='word_1_421' title='bbox 2375 2626 2469 2679; x_wconf 78' lang='grc' dir='ltr'>καὶ</span> <span class='ocrx_word' id='word_1_422' title='bbox 2522 2623 2576 2676; x_wconf 87' lang='grc' dir='ltr'>εῐ</span> <span class='ocrx_word' id='word_1_423' title='bbox 2607 2641 2659 2675; x_wconf 88' lang='grc' dir='ltr'>τι</span> <span class='ocrx_word' id='word_1_424' title='bbox 2708 2622 3078 2691; x_wconf 76' lang='grc' dir='ltr'>πνευματικδν</span> <span class='ocrx_word' id='word_1_425' title='bbox 3121 2619 3326 2689; x_wconf 82' lang='grc' dir='ltr'>ἀγαθὸν</span> <span class='ocrx_word' id='word_1_426' title='bbox 3376 2618 3472 2671; x_wconf 69' lang='grc' dir='ltr'>καὶ</span> <span class='ocrx_word' id='word_1_427' title='bbox 3523 2615 3629 2669; x_wconf 83' lang='grc' dir='ltr'>δώ-</span> 
     </span>
    </p>
   </div>
   <div class='ocr_carea' id='block_1_56' title="bbox 2052 2709 3631 2791">
    <p class='ocr_par' dir='ltr' id='par_1_56' title="bbox 2052 2709 3631 2791">
     <span class='ocr_line' id='line_1_56' title="bbox 2052 2709 3631 2791; baseline -0.008 -18"><span class='ocrx_word' id='word_1_428' title='bbox 2052 2738 2203 2791; x_wconf 86' lang='grc' dir='ltr'>ρημα</span> <span class='ocrx_word' id='word_1_429' title='bbox 2232 2720 2459 2785; x_wconf 84' lang='grc' dir='ltr'>τέλειον,</span> <span class='ocrx_word' id='word_1_430' title='bbox 2506 2716 2715 2770; x_wconf 78' lang='grc' dir='ltr'>ἄνωθεν</span> <span class='ocrx_word' id='word_1_431' title='bbox 2764 2715 3027 2769; x_wconf 85' lang='grc' dir='ltr'>κάτεισ.ν.</span> <span class='ocrx_word' id='word_1_432' title='bbox 3063 2713 3200 2769; x_wconf 77' lang='grc' dir='ltr'>Οὔτε</span> <span class='ocrx_word' id='word_1_433' title='bbox 3235 2711 3488 2775; x_wconf 81' lang='grc' dir='ltr'>δεσπόζει</span> <span class='ocrx_word' id='word_1_434' title='bbox 3520 2709 3631 2762; x_wconf 86' lang='grc' dir='ltr'>τῶν</span> 
     </span>
    </p>
   </div>
   <div class='ocr_carea' id='block_1_57' title="bbox 2053 2801 3633 2878">
    <p class='ocr_par' dir='ltr' id='par_1_57' title="bbox 2053 2801 3633 2878">
     <span class='ocr_line' id='line_1_57' title="bbox 2053 2801 3633 2878; baseline -0.005 -15"><span class='ocrx_word' id='word_1_435' title='bbox 2053 2808 2440 2878; x_wconf 85' lang='grc' dir='ltr'>πνευματικῶν</span> <span class='ocrx_word' id='word_1_436' title='bbox 2473 2807 2648 2869; x_wconf 74' lang='grc' dir='ltr'>οὐδεὶς</span> <span class='ocrx_word' id='word_1_437' title='bbox 2692 2808 2751 2858; x_wconf 78' lang='grc' dir='ltr'>ὲν</span> <span class='ocrx_word' id='word_1_438' title='bbox 2796 2805 3134 2876; x_wconf 82' lang='grc' dir='ltr'>ἀνθρώποις,</span> <span class='ocrx_word' id='word_1_439' title='bbox 3165 2803 3294 2857; x_wconf 81' lang='grc' dir='ltr'>ὥστ’</span> <span class='ocrx_word' id='word_1_440' title='bbox 3325 2804 3393 2857; x_wconf 80' lang='grc' dir='ltr'>ἂν</span> <span class='ocrx_word' id='word_1_441' title='bbox 3437 2801 3633 2870; x_wconf 83' lang='grc' dir='ltr'>δεηθῆ-</span> 
     </span>
    </p>
   </div>
   <div class='ocr_carea' id='block_1_58' title="bbox 2052 2887 3635 2969">
    <p class='ocr_par' dir='ltr' id='par_1_58' title="bbox 2052 2887 3635 2969">
     <span class='ocr_line' id='line_1_58' title="bbox 2052 2887 3635 2969; baseline -0.006 -16"><span class='ocrx_word' id='word_1_442' title='bbox 2052 2920 2140 2955; x_wconf 87' lang='grc' dir='ltr'>ναι</span> <span class='ocrx_word' id='word_1_443' title='bbox 2174 2899 2353 2953; x_wconf 87' lang='grc' dir='ltr'>αὐτῶν</span> <span class='ocrx_word' id='word_1_444' title='bbox 2404 2898 2703 2969; x_wconf 86' lang='grc' dir='ltr'>χρημάτων</span> <span class='ocrx_word' id='word_1_445' title='bbox 2756 2896 3037 2950; x_wconf 84' lang='grc' dir='ltr'>διαθέσθαι</span> <span class='ocrx_word' id='word_1_446' title='bbox 3073 2894 3327 2966; x_wconf 83' lang='grc' dir='ltr'>καθάπερ</span> <span class='ocrx_word' id='word_1_447' title='bbox 3352 2887 3429 2947; x_wconf 79' lang='grc' dir='ltr'>ὧν</span> <span class='ocrx_word' id='word_1_448' title='bbox 3463 2894 3635 2961; x_wconf 69' lang='grc' dir='ltr'>ἔσμεν</span> 
     </span>
    </p>
   </div>
   <div class='ocr_carea' id='block_1_59' title="bbox 2054 2982 3633 3062">
    <p class='ocr_par' dir='ltr' id='par_1_59' title="bbox 2054 2982 3633 3062">
     <span class='ocr_line' id='line_1_59' title="bbox 2054 2982 3633 3062; baseline -0.007 -16"><span class='ocrx_word' id='word_1_449' title='bbox 2054 2994 2256 3062; x_wconf 85' lang='grc' dir='ltr'>κύριοι.</span> <span class='ocrx_word' id='word_1_450' title='bbox 2279 2987 2467 3045; x_wconf 90' lang='grc' dir='ltr'>Ταῦτα</span> <span class='ocrx_word' id='word_1_451' title='bbox 2484 2988 2894 3059; x_wconf 90' lang='grc' dir='ltr'>πιπράσκουσιν</span> <span class='ocrx_word' id='word_1_452' title='bbox 2911 2988 3089 3051; x_wconf 74' lang='grc' dir='ltr'>οὐδεὶς</span> <span class='ocrx_word' id='word_1_453' title='bbox 3104 2989 3235 3058; x_wconf 85' lang='grc' dir='ltr'>ἡμῖν</span> <span class='ocrx_word' id='word_1_454' title='bbox 3253 2989 3310 3053; x_wconf 79' lang='grc' dir='ltr'>ὲγ</span> <span class='ocrx_word' id='word_1_455' title='bbox 3319 2986 3493 3047; x_wconf 87' lang='grc' dir='ltr'>καλεῖ,</span> <span class='ocrx_word' id='word_1_456' title='bbox 3513 2982 3633 3037; x_wconf 74' lang='grc' dir='ltr'>ἀλλ’</span> 
     </span>
    </p>
   </div>
   <div class='ocr_carea' id='block_1_60' title="bbox 2054 3075 3637 3155">
    <p class='ocr_par' dir='ltr' id='par_1_60' title="bbox 2054 3075 3637 3155">
     <span class='ocr_line' id='line_1_60' title="bbox 2054 3075 3637 3155; baseline -0.008 -15"><span class='ocrx_word' id='word_1_457' title='bbox 2054 3086 2329 3155; x_wconf 78' lang='grc' dir='ltr'>οἰκονόμοι</span> <span class='ocrx_word' id='word_1_458' title='bbox 2360 3083 2522 3153; x_wconf 88' lang='grc' dir='ltr'>μόνον</span> <span class='ocrx_word' id='word_1_459' title='bbox 2555 3083 2693 3136; x_wconf 76' lang='grc' dir='ltr'>είσὶν</span> <span class='ocrx_word' id='word_1_460' title='bbox 2725 3083 2776 3134; x_wconf 87' lang='grc' dir='ltr'>οί</span> <span class='ocrx_word' id='word_1_461' title='bbox 2801 3081 2911 3135; x_wconf 85' lang='grc' dir='ltr'>τῶν</span> <span class='ocrx_word' id='word_1_462' title='bbox 2944 3078 3335 3150; x_wconf 82' lang='grc' dir='ltr'>πνευματικῶν</span> <span class='ocrx_word' id='word_1_463' title='bbox 3359 3075 3637 3149; x_wconf 83' lang='grc' dir='ltr'>προεστῶ-</span> 
     </span>
    </p>
   </div>
   <div class='ocr_carea' id='block_1_61' title="bbox 376 3168 3639 3248">
    <p class='ocr_par' dir='ltr' id='par_1_61' title="bbox 376 3168 3639 3248">
     <span class='ocr_line' id='line_1_61' title="bbox 376 3168 3639 3248; baseline 0.002 -26"><span class='ocrx_word' id='word_1_464' title='bbox 376 3170 643 3242; x_wconf 88' lang='grc' dir='ltr'>σωμάτων</span> <span class='ocrx_word' id='word_1_465' title='bbox 669 3172 766 3225; x_wconf 77' lang='grc' dir='ltr'>καὶ</span> <span class='ocrx_word' id='word_1_466' title='bbox 782 3172 877 3234; x_wconf 67' lang='grc' dir='ltr'>τὰς</span> <span class='ocrx_word' id='word_1_467' title='bbox 903 3171 1077 3243; x_wconf 73' lang='grc' dir='ltr'>ψυχὰς</span> <span class='ocrx_word' id='word_1_468' title='bbox 1100 3174 1418 3242; x_wconf 87' lang='grc' dir='ltr'>λυμαίνουσι</span> <span class='ocrx_word' id='word_1_469' title='bbox 1437 3174 1546 3228; x_wconf 90' lang='grc' dir='ltr'>τῶν</span> <span class='ocrx_word' id='word_1_470' title='bbox 1566 3174 1947 3230; x_wconf 86' lang='grc' dir='ltr'>δουλευόντων.</span> <span class='ocrx_word' id='word_1_471' title='bbox 1980 3194 2021 3248; x_wconf 79' lang='lat' dir='ltr'><strong>C</strong></span> <span class='ocrx_word' id='word_1_472' title='bbox 2056 3194 2178 3239; x_wconf 81' lang='grc' dir='ltr'>τεςο</span> <span class='ocrx_word' id='word_1_473' title='bbox 2210 3177 2357 3230; x_wconf 72' lang='grc' dir='ltr'>οὕτω</span> <span class='ocrx_word' id='word_1_474' title='bbox 2389 3176 2498 3245; x_wconf 86' lang='grc' dir='ltr'>γάρ</span> <span class='ocrx_word' id='word_1_475' title='bbox 2534 3192 2700 3244; x_wconf 81' lang='grc' dir='ltr'>φησιν</span> <span class='ocrx_word' id='word_1_476' title='bbox 2726 3177 2753 3228; x_wconf 93' lang='lat'>6</span> <span class='ocrx_word' id='word_1_477' title='bbox 2784 3174 3016 3237; x_wconf 87' lang='grc' dir='ltr'>Παῦλος,</span> <span class='ocrx_word' id='word_1_478' title='bbox 3057 3194 3076 3227; x_wconf 80' lang='grc' dir='ltr'>ι</span> <span class='ocrx_word' id='word_1_479' title='bbox 3126 3173 3305 3243; x_wconf 84' lang='grc' dir='ltr'>Ἥμᾶς</span> <span class='ocrx_word' id='word_1_480' title='bbox 3336 3168 3639 3238; x_wconf 77' lang='grc' dir='ltr'>λογιζέσθω</span> 
     </span>
    </p>
   </div>
   <div class='ocr_carea' id='block_1_62' title="bbox 377 3261 1949 3341">
    <p class='ocr_par' dir='ltr' id='par_1_62' title="bbox 377 3261 1949 3341">
     <span class='ocr_line' id='line_1_62' title="bbox 377 3261 1949 3341; baseline 0.003 -26"><span class='ocrx_word' id='word_1_481' title='bbox 377 3261 773 3332; x_wconf 71' lang='grc' dir='ltr'>Παρώργισὰν</span> <span class='ocrx_word' id='word_1_482' title='bbox 796 3264 1111 3341; x_wconf 11' lang='grc' dir='ltr'>με,ῇφησὶν,</span> <span class='ocrx_word' id='word_1_483' title='bbox 1149 3264 1218 3317; x_wconf 85' lang='grc' dir='ltr'>ἐν</span> <span class='ocrx_word' id='word_1_484' title='bbox 1252 3262 1377 3329; x_wconf 85' lang='grc' dir='ltr'>τοῖς</span> <span class='ocrx_word' id='word_1_485' title='bbox 1409 3264 1680 3328; x_wconf 75' lang='grc' dir='ltr'>εἰδώλοις</span> <span class='ocrx_word' id='word_1_486' title='bbox 1725 3264 1949 3330; x_wconf 82' lang='grc' dir='ltr'>αὐτῶν,</span> 
     </span>
    </p>
   </div>
   <div class='ocr_carea' id='block_1_63' title="bbox 376 3351 1954 3422">
    <p class='ocr_par' dir='ltr' id='par_1_63' title="bbox 376 3351 1954 3422">
     <span class='ocr_line' id='line_1_63' title="bbox 376 3351 1954 3422; baseline 0.004 -17"><span class='ocrx_word' id='word_1_487' title='bbox 376 3351 539 3421; x_wconf 78' lang='grc' dir='ltr'>κάγὼ</span> <span class='ocrx_word' id='word_1_488' title='bbox 587 3352 995 3422; x_wconf 76' lang='grc' dir='ltr'>παραζηλώσω</span> <span class='ocrx_word' id='word_1_489' title='bbox 1054 3354 1278 3422; x_wconf 83' lang='grc' dir='ltr'>αὐτοὺς</span> <span class='ocrx_word' id='word_1_490' title='bbox 1335 3355 1429 3408; x_wconf 77' lang='grc' dir='ltr'>ἐπ’</span> <span class='ocrx_word' id='word_1_491' title='bbox 1475 3357 1587 3410; x_wconf 75' lang='grc' dir='ltr'>οὐκ</span> <span class='ocrx_word' id='word_1_492' title='bbox 1637 3358 1817 3422; x_wconf 72' lang='grc' dir='ltr'>ἔθνει,</span> <span class='ocrx_word' id='word_1_493' title='bbox 1852 3356 1954 3411; x_wconf 76' lang='grc' dir='ltr'>ἐπὶ</span> 
     </span>
    </p>
   </div>
   <div class='ocr_carea' id='block_1_64' title="bbox 375 3443 1439 3515">
    <p class='ocr_par' dir='ltr' id='par_1_64' title="bbox 375 3443 1439 3515">
     <span class='ocr_line' id='line_1_64' title="bbox 375 3443 1439 3515; baseline 0.003 -18"><span class='ocrx_word' id='word_1_494' title='bbox 375 3445 534 3498; x_wconf 80' lang='grc' dir='ltr'>ἔθνει</span> <span class='ocrx_word' id='word_1_495' title='bbox 560 3444 838 3512; x_wconf 81' lang='grc' dir='ltr'>ἀσυνέτῳ</span> <span class='ocrx_word' id='word_1_496' title='bbox 863 3443 1162 3515; x_wconf 76' lang='grc' dir='ltr'>παροργιῶ</span> <span class='ocrx_word' id='word_1_497' title='bbox 1195 3447 1439 3512; x_wconf 84' lang='grc' dir='ltr'>αὐτούς.</span> 
     </span>
    </p>
   </div>
   <div class='ocr_carea' id='block_1_65' title="bbox 462 3536 1953 3610">
    <p class='ocr_par' dir='ltr' id='par_1_65' title="bbox 462 3536 1953 3610">
     <span class='ocr_line' id='line_1_65' title="bbox 462 3536 1953 3610; baseline 0 -20"><span class='ocrx_word' id='word_1_498' title='bbox 462 3536 606 3590; x_wconf 84' lang='grc' dir='ltr'>Ἀλλ’</span> <span class='ocrx_word' id='word_1_499' title='bbox 631 3539 714 3591; x_wconf 85' lang='grc' dir='ltr'>ὅτι</span> <span class='ocrx_word' id='word_1_500' title='bbox 754 3542 854 3604; x_wconf 79' lang='grc' dir='ltr'>μὲν</span> <span class='ocrx_word' id='word_1_501' title='bbox 888 3538 1147 3606; x_wconf 82' lang='grc' dir='ltr'>μέγιστόν</span> <span class='ocrx_word' id='word_1_502' title='bbox 1190 3540 1307 3592; x_wconf 78' lang='grc' dir='ltr'>ἐστι</span> <span class='ocrx_word' id='word_1_503' title='bbox 1340 3538 1449 3592; x_wconf 86' lang='grc' dir='ltr'>τῶν</span> <span class='ocrx_word' id='word_1_504' title='bbox 1476 3538 1890 3610; x_wconf 78' lang='grc' dir='ltr'>ἁμαρτημάτων</span> <span class='ocrx_word' id='word_1_505' title='bbox 1920 3542 1953 3609; x_wconf 85' lang='grc' dir='ltr'><strong>ἡ</strong></span> 
     </span>
    </p>
   </div>
   <div class='ocr_carea' id='block_1_66' title="bbox 378 3629 1955 3701">
    <p class='ocr_par' dir='ltr' id='par_1_66' title="bbox 378 3629 1955 3701">
     <span class='ocr_line' id='line_1_66' title="bbox 378 3629 1955 3701; baseline 0.001 -18"><span class='ocrx_word' id='word_1_506' title='bbox 378 3629 623 3699; x_wconf 84' lang='grc' dir='ltr'>Σιμωνία</span> <span class='ocrx_word' id='word_1_507' title='bbox 653 3632 747 3685; x_wconf 73' lang='grc' dir='ltr'>καὶ</span> <span class='ocrx_word' id='word_1_508' title='bbox 776 3631 1019 3701; x_wconf 86' lang='grc' dir='ltr'>ἀτεχνῶς</span> <span class='ocrx_word' id='word_1_509' title='bbox 1047 3632 1302 3700; x_wconf 82' lang='grc' dir='ltr'>ἀσέϐημα</span> <span class='ocrx_word' id='word_1_510' title='bbox 1328 3632 1632 3700; x_wconf 85' lang='grc' dir='ltr'>πάνδεινον,</span> <span class='ocrx_word' id='word_1_511' title='bbox 1663 3634 1757 3685; x_wconf 76' lang='grc' dir='ltr'>καὶ</span> <span class='ocrx_word' id='word_1_512' title='bbox 1787 3633 1859 3694; x_wconf 86' lang='grc' dir='ltr'>ὼς</span> <span class='ocrx_word' id='word_1_513' title='bbox 1886 3632 1955 3684; x_wconf 76' lang='grc' dir='ltr'>δι’</span> 
     </span>
    </p>
   </div>
   <div class='ocr_carea' id='block_1_67' title="bbox 380 3722 1958 3795">
    <p class='ocr_par' dir='ltr' id='par_1_67' title="bbox 380 3722 1958 3795">
     <span class='ocr_line' id='line_1_67' title="bbox 380 3722 1958 3795; baseline 0.002 -20"><span class='ocrx_word' id='word_1_514' title='bbox 380 3724 438 3776; x_wconf 78' lang='grc' dir='ltr'>ἓν</span> <span class='ocrx_word' id='word_1_515' title='bbox 466 3742 519 3777; x_wconf 89' lang='grc' dir='ltr'>τι</span> <span class='ocrx_word' id='word_1_516' title='bbox 548 3722 708 3777; x_wconf 89' lang='grc' dir='ltr'>τοῦτο</span> <span class='ocrx_word' id='word_1_517' title='bbox 739 3723 918 3776; x_wconf 86' lang='grc' dir='ltr'>πάντα</span> <span class='ocrx_word' id='word_1_518' title='bbox 951 3725 1150 3792; x_wconf 66' lang='grc' dir='ltr'>ἐπῆλθε</span> <span class='ocrx_word' id='word_1_519' title='bbox 1189 3729 1295 3788; x_wconf 85' lang='grc' dir='ltr'>τοῖς</span> <span class='ocrx_word' id='word_1_520' title='bbox 1327 3727 1677 3795; x_wconf 79' lang='grc' dir='ltr'>Χριστιανοῖς</span> <span class='ocrx_word' id='word_1_521' title='bbox 1707 3726 1775 3778; x_wconf 70' lang='grc' dir='ltr'>τὰ</span> <span class='ocrx_word' id='word_1_522' title='bbox 1808 3726 1958 3779; x_wconf 82' lang='grc' dir='ltr'>δεινὰ</span> 
     </span>
    </p>
   </div>
   <div class='ocr_carea' id='block_1_68' title="bbox 381 3815 1957 3887">
    <p class='ocr_par' dir='ltr' id='par_1_68' title="bbox 381 3815 1957 3887">
     <span class='ocr_line' id='line_1_68' title="bbox 381 3815 1957 3887; baseline 0 -19"><span class='ocrx_word' id='word_1_523' title='bbox 381 3816 473 3868; x_wconf 69' lang='grc' dir='ltr'>καὶ</span> <span class='ocrx_word' id='word_1_524' title='bbox 522 3815 593 3870; x_wconf 89' lang='grc' dir='ltr'>τά</span> <span class='ocrx_word' id='word_1_525' title='bbox 633 3819 733 3886; x_wconf 81' lang='grc' dir='ltr'>τῆς</span> <span class='ocrx_word' id='word_1_526' title='bbox 774 3816 1099 3886; x_wconf 79' lang='grc' dir='ltr'>Ἑκκλησίας</span> <span class='ocrx_word' id='word_1_527' title='bbox 1130 3818 1288 3887; x_wconf 75' lang='grc' dir='ltr'>ἡμῶν</span> <span class='ocrx_word' id='word_1_528' title='bbox 1329 3817 1424 3869; x_wconf 72' lang='grc' dir='ltr'>καὶ</span> <span class='ocrx_word' id='word_1_529' title='bbox 1452 3816 1522 3871; x_wconf 78' lang='grc' dir='ltr'>τὰ</span> <span class='ocrx_word' id='word_1_530' title='bbox 1548 3818 1646 3884; x_wconf 84' lang='grc' dir='ltr'>τῆς</span> <span class='ocrx_word' id='word_1_531' title='bbox 1676 3816 1957 3887; x_wconf 84' lang='grc' dir='ltr'>βασιλείας</span> 
     </span>
    </p>
   </div>
   <div class='ocr_carea' id='block_1_69' title="bbox 379 3903 1959 3979">
    <p class='ocr_par' dir='ltr' id='par_1_69' title="bbox 379 3903 1959 3979">
     <span class='ocr_line' id='line_1_69' title="bbox 379 3903 1959 3979; baseline 0.001 -19"><span class='ocrx_word' id='word_1_532' title='bbox 379 3911 457 3972; x_wconf 84' lang='grc' dir='ltr'>είς</span> <span class='ocrx_word' id='word_1_533' title='bbox 491 3909 729 3978; x_wconf 78' lang='grc' dir='ltr'>ἐσχάτην</span> <span class='ocrx_word' id='word_1_534' title='bbox 756 3903 888 3979; x_wconf 83' lang='grc' dir='ltr'>ἦλθε</span> <span class='ocrx_word' id='word_1_535' title='bbox 919 3910 1213 3979; x_wconf 89' lang='grc' dir='ltr'>στενότητα</span> <span class='ocrx_word' id='word_1_536' title='bbox 1239 3910 1489 3978; x_wconf 87' lang='grc' dir='ltr'>πρώταις</span> <span class='ocrx_word' id='word_1_537' title='bbox 1521 3910 1711 3973; x_wconf 87' lang='grc' dir='ltr'>αὐταῖς</span> <span class='ocrx_word' id='word_1_538' title='bbox 1748 3910 1959 3979; x_wconf 80' lang='grc' dir='ltr'>ἐμφάν-</span> 
     </span>
    </p>
   </div>
   <div class='ocr_carea' id='block_1_70' title="bbox 380 4000 1960 4071">
    <p class='ocr_par' dir='ltr' id='par_1_70' title="bbox 380 4000 1960 4071">
     <span class='ocr_line' id='line_1_70' title="bbox 380 4000 1960 4071; baseline -0.001 -18"><span class='ocrx_word' id='word_1_539' title='bbox 380 4017 471 4064; x_wconf 89' lang='grc' dir='ltr'>τος</span> <span class='ocrx_word' id='word_1_540' title='bbox 500 4000 594 4053; x_wconf 89' lang='grc' dir='ltr'>τοῦ</span> <span class='ocrx_word' id='word_1_541' title='bbox 627 4000 833 4065; x_wconf 88' lang='grc' dir='ltr'>πάθους</span> <span class='ocrx_word' id='word_1_542' title='bbox 853 4000 920 4064; x_wconf 83' lang='grc' dir='ltr'>ἀς</span> <span class='ocrx_word' id='word_1_543' title='bbox 944 4002 1129 4063; x_wconf 89' lang='grc' dir='ltr'>κακῶς</span> <span class='ocrx_word' id='word_1_544' title='bbox 1163 4002 1424 4071; x_wconf 89' lang='grc' dir='ltr'>πράττειν</span> <span class='ocrx_word' id='word_1_545' title='bbox 1454 4000 1543 4055; x_wconf 86' lang='grc' dir='ltr'>διὰ</span> <span class='ocrx_word' id='word_1_546' title='bbox 1571 4002 1729 4054; x_wconf 86' lang='grc' dir='ltr'>τοῦτο</span> <span class='ocrx_word' id='word_1_547' title='bbox 1756 4001 1960 4067; x_wconf 86' lang='grc' dir='ltr'>δεῆσαν</span> 
     </span>
    </p>
   </div>
   <div class='ocr_carea' id='block_1_71' title="bbox 383 4092 1960 4165">
    <p class='ocr_par' dir='ltr' id='par_1_71' title="bbox 383 4092 1960 4165">
     <span class='ocr_line' id='line_1_71' title="bbox 383 4092 1960 4165; baseline 0.001 -21"><span class='ocrx_word' id='word_1_548' title='bbox 383 4092 492 4144; x_wconf 75' lang='grc' dir='ltr'>ἔδει</span> <span class='ocrx_word' id='word_1_549' title='bbox 526 4092 587 4147; x_wconf 80' lang='grc' dir='ltr'>τὸ</span> <span class='ocrx_word' id='word_1_550' title='bbox 612 4092 834 4160; x_wconf 84' lang='grc' dir='ltr'>σύμπαν</span> <span class='ocrx_word' id='word_1_551' title='bbox 864 4092 1035 4157; x_wconf 83' lang='grc' dir='ltr'>ἔθνος,</span> <span class='ocrx_word' id='word_1_552' title='bbox 1060 4092 1234 4165; x_wconf 60' lang='grc' dir='ltr'>ἄλλως</span> <span class='ocrx_word' id='word_1_553' title='bbox 1265 4110 1323 4146; x_wconf 88' lang='grc' dir='ltr'>τε</span> <span class='ocrx_word' id='word_1_554' title='bbox 1352 4093 1446 4147; x_wconf 78' lang='grc' dir='ltr'>καὶ</span> <span class='ocrx_word' id='word_1_555' title='bbox 1479 4096 1545 4161; x_wconf 82' lang='grc' dir='ltr'>τῇ</span> <span class='ocrx_word' id='word_1_556' title='bbox 1579 4092 1835 4162; x_wconf 71' lang='grc' dir='ltr'>κοινωνία</span> <span class='ocrx_word' id='word_1_557' title='bbox 1865 4092 1960 4145; x_wconf 88' lang='grc' dir='ltr'>τοῦ</span> 
     </span>
    </p>
   </div>
   <div class='ocr_carea' id='block_1_72' title="bbox 385 4174 1965 4251">
    <p class='ocr_par' dir='ltr' id='par_1_72' title="bbox 385 4174 1965 4251">
     <span class='ocr_line' id='line_1_72' title="bbox 385 4174 1965 4251; baseline -0.003 -17"><span class='ocrx_word' id='word_1_558' title='bbox 385 4183 578 4251; x_wconf 88' lang='grc' dir='ltr'>μίσους</span> <span class='ocrx_word' id='word_1_559' title='bbox 604 4180 753 4233; x_wconf 85' lang='grc' dir='ltr'>τοῦδε</span> <span class='ocrx_word' id='word_1_560' title='bbox 776 4174 1133 4250; x_wconf 78' lang='grc' dir='ltr'>δυσπραγεῖν,</span> <span class='ocrx_word' id='word_1_561' title='bbox 1160 4179 1292 4232; x_wconf 85' lang='grc' dir='ltr'>αὐτὸ</span> <span class='ocrx_word' id='word_1_562' title='bbox 1324 4182 1385 4232; x_wconf 82' lang='grc' dir='ltr'>τὸ</span> <span class='ocrx_word' id='word_1_563' title='bbox 1417 4180 1591 4243; x_wconf 85' lang='grc' dir='ltr'>πάθος</span> <span class='ocrx_word' id='word_1_564' title='bbox 1618 4179 1796 4233; x_wconf 87' lang='grc' dir='ltr'>πείθει</span> <span class='ocrx_word' id='word_1_565' title='bbox 1828 4179 1965 4233; x_wconf 87' lang='grc' dir='ltr'>πάν-</span> 
     </span>
    </p>
   </div>
   <div class='ocr_carea' id='block_1_73' title="bbox 381 4268 1964 4341">
    <p class='ocr_par' dir='ltr' id='par_1_73' title="bbox 381 4268 1964 4341">
     <span class='ocr_line' id='line_1_73' title="bbox 381 4268 1964 4341; baseline -0.003 -16"><span class='ocrx_word' id='word_1_566' title='bbox 381 4290 478 4336; x_wconf 88' lang='grc' dir='ltr'>τας</span> <span class='ocrx_word' id='word_1_567' title='bbox 512 4270 816 4341; x_wconf 82' lang='grc' dir='ltr'>ίοτορηθὲν,</span> <span class='ocrx_word' id='word_1_568' title='bbox 843 4271 919 4334; x_wconf 87' lang='grc' dir='ltr'>ὡς</span> <span class='ocrx_word' id='word_1_569' title='bbox 954 4269 1146 4340; x_wconf 75' lang='grc' dir='ltr'>μηκέτ’</span> <span class='ocrx_word' id='word_1_570' title='bbox 1180 4270 1245 4323; x_wconf 83' lang='grc' dir='ltr'>ἂν</span> <span class='ocrx_word' id='word_1_571' title='bbox 1285 4270 1393 4324; x_wconf 83' lang='grc' dir='ltr'>δεῖν</span> <span class='ocrx_word' id='word_1_572' title='bbox 1420 4270 1570 4339; x_wconf 83' lang='grc' dir='ltr'>ἡμᾶς</span> <span class='ocrx_word' id='word_1_573' title='bbox 1596 4268 1695 4340; x_wconf 80' lang='grc' dir='ltr'>τὴν</span> <span class='ocrx_word' id='word_1_574' title='bbox 1731 4268 1964 4340; x_wconf 85' lang='grc' dir='ltr'>ὑπερϐο-</span> 
     </span>
    </p>
   </div>
   <div class='ocr_carea' id='block_1_74' title="bbox 382 4360 1965 4434">
    <p class='ocr_par' dir='ltr' id='par_1_74' title="bbox 382 4360 1965 4434">
     <span class='ocr_line' id='line_1_74' title="bbox 382 4360 1965 4434; baseline -0.003 -19"><span class='ocrx_word' id='word_1_575' title='bbox 382 4364 480 4434; x_wconf 81' lang='grc' dir='ltr'>λὴν</span> <span class='ocrx_word' id='word_1_576' title='bbox 507 4360 675 4417; x_wconf 85' lang='grc' dir='ltr'>αὐτοῦ</span> <span class='ocrx_word' id='word_1_577' title='bbox 700 4362 798 4430; x_wconf 85' lang='grc' dir='ltr'>τῆς</span> <span class='ocrx_word' id='word_1_578' title='bbox 828 4362 1093 4431; x_wconf 79' lang='grc' dir='ltr'>πονηρίας</span> <span class='ocrx_word' id='word_1_579' title='bbox 1128 4360 1306 4429; x_wconf 84' lang='grc' dir='ltr'>λόγοις</span> <span class='ocrx_word' id='word_1_580' title='bbox 1338 4360 1516 4423; x_wconf 77' lang='grc' dir='ltr'>ἄλλοις</span> <span class='ocrx_word' id='word_1_581' title='bbox 1541 4360 1837 4424; x_wconf 84' lang='grc' dir='ltr'>δεικνύναι,</span> <span class='ocrx_word' id='word_1_582' title='bbox 1870 4362 1965 4411; x_wconf 83' lang='grc' dir='ltr'>καὶ</span> 
     </span>
    </p>
   </div>
   <div class='ocr_carea' id='block_1_75' title="bbox 384 4446 1965 4521">
    <p class='ocr_par' dir='ltr' id='par_1_75' title="bbox 384 4446 1965 4521">
     <span class='ocr_line' id='line_1_75' title="bbox 384 4446 1965 4521; baseline -0.005 -16"><span class='ocrx_word' id='word_1_583' title='bbox 384 4455 503 4516; x_wconf 87' lang='grc' dir='ltr'>ταῖς</span> <span class='ocrx_word' id='word_1_584' title='bbox 548 4452 684 4521; x_wconf 66' lang='grc' dir='ltr'>πρὸς</span> <span class='ocrx_word' id='word_1_585' title='bbox 722 4452 790 4505; x_wconf 79' lang='grc' dir='ltr'>τά</span> <span class='ocrx_word' id='word_1_586' title='bbox 816 4451 979 4503; x_wconf 83' lang='grc' dir='ltr'>λοιπά</span> <span class='ocrx_word' id='word_1_587' title='bbox 1022 4450 1130 4503; x_wconf 88' lang='grc' dir='ltr'>τῶν</span> <span class='ocrx_word' id='word_1_588' title='bbox 1184 4448 1375 4503; x_wconf 89' lang='grc' dir='ltr'>παθῶν</span> <span class='ocrx_word' id='word_1_589' title='bbox 1422 4448 1813 4516; x_wconf 81' lang='grc' dir='ltr'>παραθέσεσιν,</span> <span class='ocrx_word' id='word_1_590' title='bbox 1846 4446 1965 4498; x_wconf 88' lang='grc' dir='ltr'>ἀλλ’</span> 
     </span>
    </p>
   </div>
   <div class='ocr_carea' id='block_1_76' title="bbox 2056 3264 3639 3339">
    <p class='ocr_par' dir='ltr' id='par_1_76' title="bbox 2056 3264 3639 3339">
     <span class='ocr_line' id='line_1_76' title="bbox 2056 3264 3639 3339; baseline -0.008 -15"><span class='ocrx_word' id='word_1_591' title='bbox 2056 3271 2343 3339; x_wconf 82' lang='grc' dir='ltr'>ἄνθρωπος</span> <span class='ocrx_word' id='word_1_592' title='bbox 2375 3268 2449 3330; x_wconf 85' lang='grc' dir='ltr'>ὡς</span> <span class='ocrx_word' id='word_1_593' title='bbox 2478 3266 2759 3327; x_wconf 86' lang='grc' dir='ltr'>διακόνους</span> <span class='ocrx_word' id='word_1_594' title='bbox 2777 3264 3018 3335; x_wconf 84' lang='grc' dir='ltr'>Χριστοῦ</span> <span class='ocrx_word' id='word_1_595' title='bbox 3048 3266 3144 3318; x_wconf 78' lang='grc' dir='ltr'>καὶ</span> <span class='ocrx_word' id='word_1_596' title='bbox 3183 3264 3503 3330; x_wconf 79' lang='grc' dir='ltr'>οἰκονόμους</span> <span class='ocrx_word' id='word_1_597' title='bbox 3536 3276 3639 3328; x_wconf 84' lang='grc' dir='ltr'>μυ-</span> 
     </span>
    </p>
   </div>
   <div class='ocr_carea' id='block_1_77' title="bbox 2058 3351 3639 3431">
    <p class='ocr_par' dir='ltr' id='par_1_77' title="bbox 2058 3351 3639 3431">
     <span class='ocr_line' id='line_1_77' title="bbox 2058 3351 3639 3431; baseline -0.006 -18"><span class='ocrx_word' id='word_1_598' title='bbox 2058 3358 2296 3431; x_wconf 85' lang='grc' dir='ltr'>στηρίων</span> <span class='ocrx_word' id='word_1_599' title='bbox 2342 3357 2503 3411; x_wconf 83' lang='grc' dir='ltr'>Θεοῦ.</span> <span class='ocrx_word' id='word_1_600' title='bbox 2537 3374 2556 3408; x_wconf 76' lang='grc' dir='ltr'>ι</span> <span class='ocrx_word' id='word_1_601' title='bbox 2590 3357 2875 3419; x_wconf 88' lang='grc' dir='ltr'>Διακονίας</span> <span class='ocrx_word' id='word_1_602' title='bbox 2928 3356 2989 3409; x_wconf 76' lang='grc' dir='ltr'>δὲ</span> <span class='ocrx_word' id='word_1_603' title='bbox 3044 3356 3140 3409; x_wconf 80' lang='grc' dir='ltr'>καὶ</span> <span class='ocrx_word' id='word_1_604' title='bbox 3184 3352 3505 3414; x_wconf 78' lang='grc' dir='ltr'>δεσποτείας</span> <span class='ocrx_word' id='word_1_605' title='bbox 3537 3351 3639 3403; x_wconf 85' lang='grc' dir='ltr'>οὐκ</span> 
     </span>
    </p>
   </div>
   <div class='ocr_carea' id='block_1_78' title="bbox 2057 3442 3638 3519">
    <p class='ocr_par' dir='ltr' id='par_1_78' title="bbox 2057 3442 3638 3519">
     <span class='ocr_line' id='line_1_78' title="bbox 2057 3442 3638 3519; baseline -0.009 -13"><span class='ocrx_word' id='word_1_606' title='bbox 2057 3453 2236 3518; x_wconf 88' lang='grc' dir='ltr'>ὀλίγον</span> <span class='ocrx_word' id='word_1_607' title='bbox 2263 3450 2323 3503; x_wconf 82' lang='grc' dir='ltr'>τὸ</span> <span class='ocrx_word' id='word_1_608' title='bbox 2351 3450 2536 3519; x_wconf 73' lang='grc' dir='ltr'>μέσον.</span> <span class='ocrx_word' id='word_1_609' title='bbox 2570 3448 2710 3502; x_wconf 80' lang='grc' dir='ltr'>υῦτε</span> <span class='ocrx_word' id='word_1_610' title='bbox 2740 3451 2807 3519; x_wconf 80' lang='grc' dir='ltr'>τῇ</span> <span class='ocrx_word' id='word_1_611' title='bbox 2830 3449 2941 3500; x_wconf 88' lang='grc' dir='ltr'>τῶν</span> <span class='ocrx_word' id='word_1_612' title='bbox 2979 3444 3367 3517; x_wconf 85' lang='grc' dir='ltr'>πνευματικῶν</span> <span class='ocrx_word' id='word_1_613' title='bbox 3395 3442 3638 3513; x_wconf 82' lang='grc' dir='ltr'>χαρίτων</span> 
     </span>
    </p>
   </div>
   <div class='ocr_carea' id='block_1_79' title="bbox 2060 3534 3638 3615">
    <p class='ocr_par' dir='ltr' id='par_1_79' title="bbox 2060 3534 3638 3615">
     <span class='ocr_line' id='line_1_79' title="bbox 2060 3534 3638 3615; baseline -0.011 -16"><span class='ocrx_word' id='word_1_614' title='bbox 2060 3546 2200 3615; x_wconf 81' lang='grc' dir='ltr'>ἀρχῇ</span> <span class='ocrx_word' id='word_1_615' title='bbox 2240 3543 2459 3612; x_wconf 83' lang='grc' dir='ltr'>συνᾴδει</span> <span class='ocrx_word' id='word_1_616' title='bbox 2491 3539 2550 3593; x_wconf 81' lang='grc' dir='ltr'>τὸ</span> <span class='ocrx_word' id='word_1_617' title='bbox 2586 3541 2888 3610; x_wconf 85' lang='grc' dir='ltr'>χρημάτων</span> <span class='ocrx_word' id='word_1_618' title='bbox 2936 3539 3104 3600; x_wconf 75' lang='grc' dir='ltr'>αὑτάς</span> <span class='ocrx_word' id='word_1_619' title='bbox 3146 3534 3638 3591; x_wconf 78' lang='grc' dir='ltr'>ἀντικαταλλάττε-</span> 
     </span>
    </p>
   </div>
   <div class='ocr_carea' id='block_1_80' title="bbox 2062 3626 3641 3700">
    <p class='ocr_par' dir='ltr' id='par_1_80' title="bbox 2062 3626 3641 3700">
     <span class='ocr_line' id='line_1_80' title="bbox 2062 3626 3641 3700; baseline -0.006 -11"><span class='ocrx_word' id='word_1_620' title='bbox 2062 3636 2206 3689; x_wconf 87' lang='grc' dir='ltr'>σθαι.</span> <span class='ocrx_word' id='word_1_621' title='bbox 2242 3636 2441 3700; x_wconf 87' lang='grc' dir='ltr'>Διόπερ</span> <span class='ocrx_word' id='word_1_622' title='bbox 2468 3632 2829 3699; x_wconf 79' lang='grc' dir='ltr'>Αὐγουστίνος</span> <span class='ocrx_word' id='word_1_623' title='bbox 2852 3631 3013 3699; x_wconf 78' lang='grc' dir='ltr'>χάριν</span> <span class='ocrx_word' id='word_1_624' title='bbox 3039 3631 3139 3691; x_wconf 77' lang='grc' dir='ltr'>τὴν</span> <span class='ocrx_word' id='word_1_625' title='bbox 3171 3627 3245 3697; x_wconf 81' lang='grc' dir='ltr'>μὴ</span> <span class='ocrx_word' id='word_1_626' title='bbox 3278 3630 3477 3695; x_wconf 84' lang='grc' dir='ltr'>προῖκα</span> <span class='ocrx_word' id='word_1_627' title='bbox 3506 3626 3641 3679; x_wconf 74' lang='grc' dir='ltr'>διδο-</span> 
     </span>
    </p>
   </div>
   <div class='ocr_carea' id='block_1_81' title="bbox 2063 3718 3639 3797">
    <p class='ocr_par' dir='ltr' id='par_1_81' title="bbox 2063 3718 3639 3797">
     <span class='ocr_line' id='line_1_81' title="bbox 2063 3718 3639 3797; baseline -0.008 -19"><span class='ocrx_word' id='word_1_628' title='bbox 2063 3728 2229 3797; x_wconf 85' lang='grc' dir='ltr'>μένην</span> <span class='ocrx_word' id='word_1_629' title='bbox 2261 3724 2369 3777; x_wconf 82' lang='grc' dir='ltr'>οὐδ’</span> <span class='ocrx_word' id='word_1_630' title='bbox 2400 3719 2540 3777; x_wconf 73' lang='grc' dir='ltr'>εἶναι</span> <span class='ocrx_word' id='word_1_631' title='bbox 2574 3724 2732 3791; x_wconf 84' lang='grc' dir='ltr'>χάριν</span> <span class='ocrx_word' id='word_1_632' title='bbox 2765 3721 2918 3790; x_wconf 79' lang='grc' dir='ltr'>φησί.</span> <span class='ocrx_word' id='word_1_633' title='bbox 2944 3722 3057 3773; x_wconf 75' lang='grc' dir='ltr'>Καὶ</span> <span class='ocrx_word' id='word_1_634' title='bbox 3089 3722 3115 3772; x_wconf 91' lang='lat'>6</span> <span class='ocrx_word' id='word_1_635' title='bbox 3146 3721 3428 3786; x_wconf 75' lang='grc' dir='ltr'>Δεσπότης</span> <span class='ocrx_word' id='word_1_636' title='bbox 3458 3718 3639 3785; x_wconf 83' lang='grc' dir='ltr'>ἡμῶν,</span> 
     </span>
    </p>
   </div>
   <div class='ocr_carea' id='block_1_82' title="bbox 2060 3807 3647 3884">
    <p class='ocr_par' dir='ltr' id='par_1_82' title="bbox 2060 3807 3647 3884">
     <span class='ocr_line' id='line_1_82' title="bbox 2060 3807 3647 3884; baseline -0.008 -13"><span class='ocrx_word' id='word_1_637' title='bbox 2060 3816 2314 3884; x_wconf 77' lang='grc' dir='ltr'>Δωρεὰν,</span> <span class='ocrx_word' id='word_1_638' title='bbox 2374 3816 2563 3883; x_wconf 81' lang='grc' dir='ltr'>φησὶν,</span> <span class='ocrx_word' id='word_1_639' title='bbox 2612 3813 2877 3873; x_wconf 77' lang='grc' dir='ltr'>ἐλάϐετε,</span> <span class='ocrx_word' id='word_1_640' title='bbox 2931 3811 3159 3878; x_wconf 83' lang='grc' dir='ltr'>δωρεὰν</span> <span class='ocrx_word' id='word_1_641' title='bbox 3208 3810 3369 3863; x_wconf 83' lang='grc' dir='ltr'>δότε.</span> <span class='ocrx_word' id='word_1_642' title='bbox 3427 3808 3515 3870; x_wconf 81' lang='grc' dir='ltr'>Ὠς</span> <span class='ocrx_word' id='word_1_643' title='bbox 3562 3807 3647 3878; x_wconf 81' lang='grc' dir='ltr'>τῷ</span> 
     </span>
    </p>
   </div>
   <div class='ocr_carea' id='block_1_83' title="bbox 2062 3885 3638 3975">
    <p class='ocr_par' dir='ltr' id='par_1_83' title="bbox 2062 3885 3638 3975">
     <span class='ocr_line' id='line_1_83' title="bbox 2062 3885 3638 3975; baseline -0.006 -14"><span class='ocrx_word' id='word_1_644' title='bbox 2062 3910 2260 3975; x_wconf 80' lang='grc' dir='ltr'>προῖκα</span> <span class='ocrx_word' id='word_1_645' title='bbox 2307 3904 2491 3959; x_wconf 88' lang='grc' dir='ltr'>λαϐεῖν</span> <span class='ocrx_word' id='word_1_646' title='bbox 2540 3902 2601 3956; x_wconf 82' lang='grc' dir='ltr'>τὸ</span> <span class='ocrx_word' id='word_1_647' title='bbox 2636 3901 2729 3956; x_wconf 74' lang='grc' dir='ltr'>καὶ</span> <span class='ocrx_word' id='word_1_648' title='bbox 2775 3903 2981 3971; x_wconf 86' lang='grc' dir='ltr'>προῖκα</span> <span class='ocrx_word' id='word_1_649' title='bbox 3024 3901 3205 3954; x_wconf 90' lang='grc' dir='ltr'>δοῦναι</span> <span class='ocrx_word' id='word_1_650' title='bbox 3251 3885 3638 3968; x_wconf 70' lang='grc' dir='ltr'>συμϐαίνετάι.</span> 
     </span>
    </p>
   </div>
   <div class='ocr_carea' id='block_1_84' title="bbox 2061 3990 3645 4064">
    <p class='ocr_par' dir='ltr' id='par_1_84' title="bbox 2061 3990 3645 4064">
     <span class='ocr_line' id='line_1_84' title="bbox 2061 3990 3645 4064; baseline -0.007 -12"><span class='ocrx_word' id='word_1_651' title='bbox 2061 4000 2202 4052; x_wconf 81' lang='grc' dir='ltr'>Ἀλλ’</span> <span class='ocrx_word' id='word_1_652' title='bbox 2233 4000 2283 4050; x_wconf 89' lang='grc' dir='ltr'>οί</span> <span class='ocrx_word' id='word_1_653' title='bbox 2315 3997 2423 4050; x_wconf 85' lang='grc' dir='ltr'>τῶν</span> <span class='ocrx_word' id='word_1_654' title='bbox 2457 3994 2621 4064; x_wconf 89' lang='grc' dir='ltr'>ίερῶν</span> <span class='ocrx_word' id='word_1_655' title='bbox 2649 4011 2710 4047; x_wconf 88' lang='grc' dir='ltr'>τε</span> <span class='ocrx_word' id='word_1_656' title='bbox 2742 3994 2836 4047; x_wconf 75' lang='grc' dir='ltr'>καὶ</span> <span class='ocrx_word' id='word_1_657' title='bbox 2867 3990 3253 4061; x_wconf 88' lang='grc' dir='ltr'>πνευματικῶν</span> <span class='ocrx_word' id='word_1_658' title='bbox 3284 3990 3510 4059; x_wconf 84' lang='grc' dir='ltr'>ἀγαθῶν</span> <span class='ocrx_word' id='word_1_659' title='bbox 3545 3990 3645 4059; x_wconf 79' lang='grc' dir='ltr'>τὴν</span> 
     </span>
    </p>
   </div>
   <div class='ocr_carea' id='block_1_85' title="bbox 2064 4076 3646 4162">
    <p class='ocr_par' dir='ltr' id='par_1_85' title="bbox 2064 4076 3646 4162">
     <span class='ocr_line' id='line_1_85' title="bbox 2064 4076 3646 4162; baseline -0.007 -18"><span class='ocrx_word' id='word_1_660' title='bbox 2064 4094 2269 4162; x_wconf 81' lang='grc' dir='ltr'>πρᾶσιν</span> <span class='ocrx_word' id='word_1_661' title='bbox 2302 4090 2633 4159; x_wconf 87' lang='grc' dir='ltr'>τολμῶντες,</span> <span class='ocrx_word' id='word_1_662' title='bbox 2654 4086 2752 4140; x_wconf 79' lang='grc' dir='ltr'>καὶ</span> <span class='ocrx_word' id='word_1_663' title='bbox 2783 4086 3051 4157; x_wconf 88' lang='grc' dir='ltr'>ἀτίμητον</span> <span class='ocrx_word' id='word_1_664' title='bbox 3082 4084 3214 4156; x_wconf 82' lang='grc' dir='ltr'>ὓλην</span> <span class='ocrx_word' id='word_1_665' title='bbox 3249 4085 3342 4136; x_wconf 73' lang='grc' dir='ltr'>καὶ</span> <span class='ocrx_word' id='word_1_666' title='bbox 3364 4076 3431 4154; x_wconf 83' lang='grc' dir='ltr'>ἦς</span> <span class='ocrx_word' id='word_1_667' title='bbox 3454 4081 3646 4134; x_wconf 81' lang='grc' dir='ltr'>οὐδένα</span> 
     </span>
    </p>
   </div>
   <div class='ocr_carea' id='block_1_86' title="bbox 2063 4173 3648 4254">
    <p class='ocr_par' dir='ltr' id='par_1_86' title="bbox 2063 4173 3648 4254">
     <span class='ocr_line' id='line_1_86' title="bbox 2063 4173 3648 4254; baseline -0.009 -17"><span class='ocrx_word' id='word_1_668' title='bbox 2063 4185 2171 4239; x_wconf 86' lang='grc' dir='ltr'>τῶν</span> <span class='ocrx_word' id='word_1_669' title='bbox 2202 4182 2508 4254; x_wconf 86' lang='grc' dir='ltr'>ἀνθρώπων</span> <span class='ocrx_word' id='word_1_670' title='bbox 2553 4178 2671 4233; x_wconf 75' lang='grc' dir='ltr'>ἔστι</span> <span class='ocrx_word' id='word_1_671' title='bbox 2713 4180 2810 4232; x_wconf 82' lang='grc' dir='ltr'>σὺν</span> <span class='ocrx_word' id='word_1_672' title='bbox 2839 4178 3096 4249; x_wconf 82' lang='grc' dir='ltr'>εὐσεϐείᾳ</span> <span class='ocrx_word' id='word_1_673' title='bbox 3124 4176 3405 4240; x_wconf 80' lang='grc' dir='ltr'>δεσπόσαι,</span> <span class='ocrx_word' id='word_1_674' title='bbox 3437 4173 3648 4242; x_wconf 82' lang='grc' dir='ltr'>γηῖνοις</span> 
     </span>
    </p>
   </div>
   <div class='ocr_carea' id='block_1_87' title="bbox 2064 4263 3650 4343">
    <p class='ocr_par' dir='ltr' id='par_1_87' title="bbox 2064 4263 3650 4343">
     <span class='ocr_line' id='line_1_87' title="bbox 2064 4263 3650 4343; baseline -0.007 -17"><span class='ocrx_word' id='word_1_675' title='bbox 2064 4274 2336 4343; x_wconf 87' lang='grc' dir='ltr'>τιμήμασι</span> <span class='ocrx_word' id='word_1_676' title='bbox 2375 4269 2826 4342; x_wconf 83' lang='grc' dir='ltr'>παραϐάλλοντες</span> <span class='ocrx_word' id='word_1_677' title='bbox 2874 4271 2970 4322; x_wconf 76' lang='grc' dir='ltr'>καὶ</span> <span class='ocrx_word' id='word_1_678' title='bbox 2999 4271 3064 4338; x_wconf 78' lang='grc' dir='ltr'>τῇ</span> <span class='ocrx_word' id='word_1_679' title='bbox 3116 4266 3264 4334; x_wconf 74' lang='grc' dir='ltr'>σφῶν</span> <span class='ocrx_word' id='word_1_680' title='bbox 3296 4263 3475 4317; x_wconf 80' lang='grc' dir='ltr'>αὐτῶν</span> <span class='ocrx_word' id='word_1_681' title='bbox 3518 4263 3650 4315; x_wconf 83' lang='grc' dir='ltr'>ὐπο-</span> 
     </span>
    </p>
   </div>
   <div class='ocr_carea' id='block_1_88' title="bbox 2067 4355 3651 4432">
    <p class='ocr_par' dir='ltr' id='par_1_88' title="bbox 2067 4355 3651 4432">
     <span class='ocr_line' id='line_1_88' title="bbox 2067 4355 3651 4432; baseline -0.007 -15"><span class='ocrx_word' id='word_1_682' title='bbox 2067 4367 2353 4426; x_wconf 83' lang='grc' dir='ltr'>ϐάλλοντες</span> <span class='ocrx_word' id='word_1_683' title='bbox 2399 4362 2644 4432; x_wconf 77' lang='grc' dir='ltr'>ἐξουσία,</span> <span class='ocrx_word' id='word_1_684' title='bbox 2681 4361 2733 4413; x_wconf 89' lang='grc' dir='ltr'>τί</span> <span class='ocrx_word' id='word_1_685' title='bbox 2766 4377 2829 4426; x_wconf 89' lang='grc' dir='ltr'>γε</span> <span class='ocrx_word' id='word_1_686' title='bbox 2859 4361 2989 4414; x_wconf 81' lang='grc' dir='ltr'>ἄλλο</span> <span class='ocrx_word' id='word_1_687' title='bbox 3021 4360 3054 4429; x_wconf 83' lang='grc' dir='ltr'>ἢ</span> <span class='ocrx_word' id='word_1_688' title='bbox 3090 4360 3187 4429; x_wconf 78' lang='grc' dir='ltr'>τὴν</span> <span class='ocrx_word' id='word_1_689' title='bbox 3220 4357 3391 4409; x_wconf 83' lang='grc' dir='ltr'>Ἰούδα</span> <span class='ocrx_word' id='word_1_690' title='bbox 3433 4355 3651 4408; x_wconf 84' lang='grc' dir='ltr'>νοσοῦσι</span> 
     </span>
    </p>
   </div>
   <div class='ocr_carea' id='block_1_89' title="bbox 2068 4447 3653 4522">
    <p class='ocr_par' dir='ltr' id='par_1_89' title="bbox 2068 4447 3653 4522">
     <span class='ocr_line' id='line_1_89' title="bbox 2068 4447 3653 4522; baseline -0.009 -12"><span class='ocrx_word' id='word_1_691' title='bbox 2068 4456 2412 4516; x_wconf 77' lang='grc' dir='ltr'>δυσσέϐειαν,</span> <span class='ocrx_word' id='word_1_692' title='bbox 2444 4454 2494 4505; x_wconf 88' lang='grc' dir='ltr'>εί</span> <span class='ocrx_word' id='word_1_693' title='bbox 2531 4456 2606 4522; x_wconf 84' lang='grc' dir='ltr'>μὴ</span> <span class='ocrx_word' id='word_1_694' title='bbox 2635 4454 2731 4506; x_wconf 73' lang='grc' dir='ltr'>καὶ</span> <span class='ocrx_word' id='word_1_695' title='bbox 2753 4453 2933 4521; x_wconf 90' lang='grc' dir='ltr'>χεῖρον</span> <span class='ocrx_word' id='word_1_696' title='bbox 2969 4451 3034 4504; x_wconf 82' lang='grc' dir='ltr'>ἀν</span> <span class='ocrx_word' id='word_1_697' title='bbox 3077 4468 3162 4512; x_wconf 86' lang='grc' dir='ltr'>τις</span> <span class='ocrx_word' id='word_1_698' title='bbox 3188 4449 3321 4516; x_wconf 77' lang='grc' dir='ltr'>φαίη</span> <span class='ocrx_word' id='word_1_699' title='bbox 3364 4447 3653 4514; x_wconf 80' lang='grc' dir='ltr'>μαίνεσθαι</span> 
     </span>
    </p>
   </div>
   <div class='ocr_carea' id='block_1_90' title="bbox 378 4534 3653 4616">
    <p class='ocr_par' dir='ltr' id='par_1_90' title="bbox 378 4534 3653 4616">
     <span class='ocr_line' id='line_1_90' title="bbox 378 4534 3653 4616; baseline -0.007 -9"><span class='ocrx_word' id='word_1_700' title='bbox 378 4544 637 4616; x_wconf 64' lang='grc' dir='ltr'>ἐξαρκεῖν</span> <span class='ocrx_word' id='word_1_701' title='bbox 664 4543 830 4597; x_wconf 66' lang='grc' dir='ltr'>ιπιῦτπ)ὖ</span> <span class='ocrx_word' id='word_1_702' title='bbox 869 4542 969 4611; x_wconf 78' lang='grc' dir='ltr'>τὴν</span> <span class='ocrx_word' id='word_1_703' title='bbox 1006 4542 1169 4610; x_wconf 69' lang='grc' dir='ltr'>φύσιν</span> <span class='ocrx_word' id='word_1_704' title='bbox 1193 4538 1594 4609; x_wconf 79' lang='grc' dir='ltr'>ἐπιδειχθεῖσαν</span> <span class='ocrx_word' id='word_1_705' title='bbox 1619 4538 1726 4589; x_wconf 74' lang='grc' dir='ltr'>τῶν</span> <span class='ocrx_word' id='word_1_706' title='bbox 1758 4535 1963 4602; x_wconf 78' lang='grc' dir='ltr'>ἑπομέ-</span> <span class='ocrx_word' id='word_1_707' title='bbox 1998 4542 2041 4596; x_wconf 82' lang='lat' dir='ltr'><strong>D</strong></span> <span class='ocrx_word' id='word_1_708' title='bbox 2068 4547 2313 4607; x_wconf 85' lang='grc' dir='ltr'>τούτους,</span> <span class='ocrx_word' id='word_1_709' title='bbox 2344 4544 2428 4594; x_wconf 85' lang='grc' dir='ltr'>ὅτι</span> <span class='ocrx_word' id='word_1_710' title='bbox 2464 4543 2559 4595; x_wconf 72' lang='grc' dir='ltr'>καὶ</span> <span class='ocrx_word' id='word_1_711' title='bbox 2591 4540 2731 4609; x_wconf 84' lang='grc' dir='ltr'>μετά</span> <span class='ocrx_word' id='word_1_712' title='bbox 2765 4540 2995 4601; x_wconf 74' lang='grc' dir='ltr'>πολλοὺς</span> <span class='ocrx_word' id='word_1_713' title='bbox 3016 4539 3143 4600; x_wconf 83' lang='grc' dir='ltr'>τοὺς</span> <span class='ocrx_word' id='word_1_714' title='bbox 3174 4537 3305 4605; x_wconf 78' lang='grc' dir='ltr'>περὶ</span> <span class='ocrx_word' id='word_1_715' title='bbox 3326 4534 3534 4587; x_wconf 86' lang='grc' dir='ltr'>τούτων</span> <span class='ocrx_word' id='word_1_716' title='bbox 3564 4553 3653 4585; x_wconf 72' lang='grc' dir='ltr'>τε·¹</span> 
     </span>
    </p>
   </div>
   <div class='ocr_carea' id='block_1_91' title="bbox 386 4628 1965 4698">
    <p class='ocr_par' dir='ltr' id='par_1_91' title="bbox 386 4628 1965 4698">
     <span class='ocr_line' id='line_1_91' title="bbox 386 4628 1965 4698; baseline -0.007 -7"><span class='ocrx_word' id='word_1_717' title='bbox 386 4655 491 4691; x_wconf 90' lang='grc' dir='ltr'>νων</span> <span class='ocrx_word' id='word_1_718' title='bbox 526 4636 785 4690; x_wconf 83' lang='grc' dir='ltr'>ἁπάντων</span> <span class='ocrx_word' id='word_1_719' title='bbox 813 4636 923 4697; x_wconf 86' lang='grc' dir='ltr'>τοῖς</span> <span class='ocrx_word' id='word_1_720' title='bbox 948 4636 1041 4688; x_wconf 68' lang='grc' dir='ltr'>καὶ</span> <span class='ocrx_word' id='word_1_721' title='bbox 1070 4632 1319 4685; x_wconf 80' lang='grc' dir='ltr'>ὁπωσοῦν</span> <span class='ocrx_word' id='word_1_722' title='bbox 1357 4629 1620 4698; x_wconf 85' lang='grc' dir='ltr'>συνορῶσι</span> <span class='ocrx_word' id='word_1_723' title='bbox 1648 4628 1965 4681; x_wconf 84' lang='grc' dir='ltr'>διδάσκαλον</span> 
     </span>
    </p>
   </div>
   <div class='ocr_carea' id='block_1_92' title="bbox 384 4717 1965 4797">
    <p class='ocr_par' dir='ltr' id='par_1_92' title="bbox 384 4717 1965 4797">
     <span class='ocr_line' id='line_1_92' title="bbox 384 4717 1965 4797; baseline -0.007 -16"><span class='ocrx_word' id='word_1_724' title='bbox 384 4729 669 4797; x_wconf 87' lang='grc' dir='ltr'>γίγνεσθαι</span> <span class='ocrx_word' id='word_1_725' title='bbox 695 4743 710 4759; x_wconf 79' lang='grc'><strong><em>⁸</em></strong></span> <span class='ocrx_word' id='word_1_726' title='bbox 750 4725 846 4779; x_wconf 91' lang='grc' dir='ltr'>νῦν</span> <span class='ocrx_word' id='word_1_727' title='bbox 893 4724 950 4778; x_wconf 75' lang='grc' dir='ltr'>δὲ</span> <span class='ocrx_word' id='word_1_728' title='bbox 996 4724 1089 4778; x_wconf 74' lang='grc' dir='ltr'>ἐπὶ</span> <span class='ocrx_word' id='word_1_729' title='bbox 1144 4725 1256 4785; x_wconf 89' lang='grc' dir='ltr'>τοῖς</span> <span class='ocrx_word' id='word_1_730' title='bbox 1292 4722 1535 4774; x_wconf 83' lang='grc' dir='ltr'>πλείοσιν</span> <span class='ocrx_word' id='word_1_731' title='bbox 1590 4721 1865 4786; x_wconf 84' lang='grc' dir='ltr'>ἀγνοεῖται</span> <span class='ocrx_word' id='word_1_732' title='bbox 1906 4717 1965 4771; x_wconf 80' lang='grc' dir='ltr'>τὸ</span> 
     </span>
    </p>
   </div>
   <div class='ocr_carea' id='block_1_93' title="bbox 382 4808 1965 4887">
    <p class='ocr_par' dir='ltr' id='par_1_93' title="bbox 382 4808 1965 4887">
     <span class='ocr_line' id='line_1_93' title="bbox 382 4808 1965 4887; baseline -0.007 -16"><span class='ocrx_word' id='word_1_733' title='bbox 382 4819 701 4887; x_wconf 76' lang='grc' dir='ltr'>δυσσέϐημα</span> <span class='ocrx_word' id='word_1_734' title='bbox 738 4815 899 4870; x_wconf 83' lang='grc' dir='ltr'>τοῦτο</span> <span class='ocrx_word' id='word_1_735' title='bbox 948 4815 1037 4869; x_wconf 83' lang='grc' dir='ltr'>διὰ</span> <span class='ocrx_word' id='word_1_736' title='bbox 1085 4814 1145 4865; x_wconf 77' lang='grc' dir='ltr'>τὸ</span> <span class='ocrx_word' id='word_1_737' title='bbox 1201 4814 1276 4884; x_wconf 81' lang='grc' dir='ltr'>μὴ</span> <span class='ocrx_word' id='word_1_738' title='bbox 1337 4812 1623 4883; x_wconf 85' lang='grc' dir='ltr'>βούλεσθαι</span> <span class='ocrx_word' id='word_1_739' title='bbox 1673 4812 1845 4880; x_wconf 73' lang='grc' dir='ltr'>δήπου</span> <span class='ocrx_word' id='word_1_740' title='bbox 1896 4808 1965 4861; x_wconf 77' lang='grc' dir='ltr'>τὰ</span> 
     </span>
    </p>
   </div>
   <div class='ocr_carea' id='block_1_94' title="bbox 385 4908 863 4961">
    <p class='ocr_par' dir='ltr' id='par_1_94' title="bbox 385 4908 863 4961">
     <span class='ocr_line' id='line_1_94' title="bbox 385 4908 863 4961; baseline -0.002 0"><span class='ocrx_word' id='word_1_741' title='bbox 385 4908 609 4961; x_wconf 85' lang='grc' dir='ltr'>τοιαῦτα</span> <span class='ocrx_word' id='word_1_742' title='bbox 644 4908 863 4960; x_wconf 82' lang='grc' dir='ltr'>εἰδέναι.</span> 
     </span>
    </p>
   </div>
   <div class='ocr_carea' id='block_1_95' title="bbox 455 4993 1968 5067">
    <p class='ocr_par' dir='ltr' id='par_1_95' title="bbox 455 4993 1968 5067">
     <span class='ocr_line' id='line_1_95' title="bbox 455 4993 1968 5067; baseline -0.002 -18"><span class='ocrx_word' id='word_1_743' title='bbox 455 4996 702 5067; x_wconf 86' lang='grc' dir='ltr'>Σιμωνία</span> <span class='ocrx_word' id='word_1_744' title='bbox 752 4997 932 5049; x_wconf 83' lang='grc' dir='ltr'>τοίνυν</span> <span class='ocrx_word' id='word_1_745' title='bbox 970 4994 1177 5065; x_wconf 76' lang='grc' dir='ltr'>αἵρεσις</span> <span class='ocrx_word' id='word_1_746' title='bbox 1211 4994 1337 5065; x_wconf 77' lang='grc' dir='ltr'>περὶ</span> <span class='ocrx_word' id='word_1_747' title='bbox 1378 4994 1437 5047; x_wconf 86' lang='grc' dir='ltr'>τὸ</span> <span class='ocrx_word' id='word_1_748' title='bbox 1483 4993 1699 5063; x_wconf 79' lang='grc' dir='ltr'>πρῶτον</span> <span class='ocrx_word' id='word_1_749' title='bbox 1738 4994 1837 5062; x_wconf 73' lang='grc' dir='ltr'>τῆς</span> <span class='ocrx_word' id='word_1_750' title='bbox 1878 4994 1968 5046; x_wconf 88' lang='grc' dir='ltr'>πί-</span> 
     </span>
    </p>
   </div>
   <div class='ocr_carea' id='block_1_96' title="bbox 359 5086 1967 5160">
    <p class='ocr_par' dir='ltr' id='par_1_96' title="bbox 359 5086 1967 5160">
     <span class='ocr_line' id='line_1_96' title="bbox 359 5086 1967 5160; baseline -0.002 -17"><span class='ocrx_word' id='word_1_751' title='bbox 359 5086 557 5153; x_wconf 75' lang='grc' dir='ltr'>’στεώς</span> <span class='ocrx_word' id='word_1_752' title='bbox 585 5092 733 5143; x_wconf 77' lang='grc' dir='ltr'>ἐστιν</span> <span class='ocrx_word' id='word_1_753' title='bbox 755 5089 981 5160; x_wconf 81' lang='grc' dir='ltr'>ἄρθρον,</span> <span class='ocrx_word' id='word_1_754' title='bbox 1016 5091 1071 5140; x_wconf 83' lang='grc' dir='ltr'>ἐν</span> <span class='ocrx_word' id='word_1_755' title='bbox 1100 5091 1175 5157; x_wconf 80' lang='grc' dir='ltr'>τῷ</span> <span class='ocrx_word' id='word_1_756' title='bbox 1202 5086 1577 5157; x_wconf 79' lang='grc' dir='ltr'>θυσιαστηρίῳ</span> <span class='ocrx_word' id='word_1_757' title='bbox 1604 5087 1699 5138; x_wconf 75' lang='grc' dir='ltr'>καὶ</span> <span class='ocrx_word' id='word_1_758' title='bbox 1724 5087 1967 5156; x_wconf 65' lang='grc' dir='ltr'>βαθμοὺς</span> 
     </span>
    </p>
   </div>
   <div class='ocr_carea' id='block_1_97' title="bbox 386 5178 1966 5253">
    <p class='ocr_par' dir='ltr' id='par_1_97' title="bbox 386 5178 1966 5253">
     <span class='ocr_line' id='line_1_97' title="bbox 386 5178 1966 5253; baseline -0.003 -18"><span class='ocrx_word' id='word_1_759' title='bbox 386 5184 589 5253; x_wconf 78' lang='grc' dir='ltr'>ἱεροὺς,</span> <span class='ocrx_word' id='word_1_760' title='bbox 618 5185 714 5235; x_wconf 73' lang='grc' dir='ltr'>καὶ</span> <span class='ocrx_word' id='word_1_761' title='bbox 760 5183 997 5243; x_wconf 80' lang='grc' dir='ltr'>είσόδους</span> <span class='ocrx_word' id='word_1_762' title='bbox 1035 5180 1135 5244; x_wconf 74' lang='grc' dir='ltr'>τὰς</span> <span class='ocrx_word' id='word_1_763' title='bbox 1168 5180 1229 5233; x_wconf 79' lang='grc' dir='ltr'>ἐκ</span> <span class='ocrx_word' id='word_1_764' title='bbox 1260 5181 1368 5232; x_wconf 82' lang='grc' dir='ltr'>τῶν</span> <span class='ocrx_word' id='word_1_765' title='bbox 1402 5178 1761 5249; x_wconf 85' lang='grc' dir='ltr'>ἀνθρωπίνων</span> <span class='ocrx_word' id='word_1_766' title='bbox 1795 5181 1874 5241; x_wconf 85' lang='grc' dir='ltr'>εἰς</span> <span class='ocrx_word' id='word_1_767' title='bbox 1906 5179 1966 5231; x_wconf 67' lang='grc' dir='ltr'>τὸ</span> 
     </span>
    </p>
   </div>
   <div class='ocr_carea' id='block_1_98' title="bbox 388 5268 1967 5345">
    <p class='ocr_par' dir='ltr' id='par_1_98' title="bbox 388 5268 1967 5345">
     <span class='ocr_line' id='line_1_98' title="bbox 388 5268 1967 5345; baseline -0.003 -20"><span class='ocrx_word' id='word_1_768' title='bbox 388 5274 529 5326; x_wconf 89' lang='grc' dir='ltr'>θεῖον</span> <span class='ocrx_word' id='word_1_769' title='bbox 560 5272 940 5345; x_wconf 85' lang='grc' dir='ltr'>λειτουργιῶν,</span> <span class='ocrx_word' id='word_1_770' title='bbox 972 5273 1063 5324; x_wconf 70' lang='grc' dir='ltr'>καὶ</span> <span class='ocrx_word' id='word_1_771' title='bbox 1093 5270 1411 5339; x_wconf 83' lang='grc' dir='ltr'>ιίνεύματος</span> <span class='ocrx_word' id='word_1_772' title='bbox 1450 5270 1611 5340; x_wconf 86' lang='grc' dir='ltr'>χάριν</span> <span class='ocrx_word' id='word_1_773' title='bbox 1651 5268 1907 5323; x_wconf 81' lang='grc' dir='ltr'>ὠνεῖσθαι</span> <span class='ocrx_word' id='word_1_774' title='bbox 1933 5268 1967 5337; x_wconf 82' lang='grc' dir='ltr'>ἢ</span> 
     </span>
    </p>
   </div>
   <div class='ocr_carea' id='block_1_99' title="bbox 387 5362 1968 5433">
    <p class='ocr_par' dir='ltr' id='par_1_99' title="bbox 387 5362 1968 5433">
     <span class='ocr_line' id='line_1_99' title="bbox 387 5362 1968 5433; baseline -0.002 -18"><span class='ocrx_word' id='word_1_775' title='bbox 387 5362 736 5415; x_wconf 81' lang='grc' dir='ltr'>ἀποδίδοσθαι</span> <span class='ocrx_word' id='word_1_776' title='bbox 774 5364 1165 5433; x_wconf 72' lang='grc' dir='ltr'>συνισταμένη,</span> <span class='ocrx_word' id='word_1_777' title='bbox 1191 5364 1477 5431; x_wconf 81' lang='grc' dir='ltr'>Αἱρετικδς</span> <span class='ocrx_word' id='word_1_778' title='bbox 1512 5363 1609 5430; x_wconf 79' lang='grc' dir='ltr'>μὲν</span> <span class='ocrx_word' id='word_1_779' title='bbox 1640 5363 1787 5415; x_wconf 76' lang='grc' dir='ltr'>ἔστιν</span> <span class='ocrx_word' id='word_1_780' title='bbox 1824 5362 1968 5423; x_wconf 78' lang='grc' dir='ltr'>ἄπας</span> 
     </span>
    </p>
   </div>
   <div class='ocr_carea' id='block_1_100' title="bbox 389 5452 1968 5524">
    <p class='ocr_par' dir='ltr' id='par_1_100' title="bbox 389 5452 1968 5524">
     <span class='ocr_line' id='line_1_100' title="bbox 389 5452 1968 5524; baseline -0.002 -18"><span class='ocrx_word' id='word_1_781' title='bbox 389 5456 416 5506; x_wconf 90' lang='grc' dir='ltr'>ὀ</span> <span class='ocrx_word' id='word_1_782' title='bbox 451 5456 578 5524; x_wconf 90' lang='grc' dir='ltr'>περί</span> <span class='ocrx_word' id='word_1_783' title='bbox 613 5472 666 5506; x_wconf 87' lang='grc' dir='ltr'>τι</span> <span class='ocrx_word' id='word_1_784' title='bbox 702 5456 809 5508; x_wconf 67' lang='grc' dir='ltr'>τῶν</span> <span class='ocrx_word' id='word_1_785' title='bbox 838 5459 936 5524; x_wconf 69' lang='grc' dir='ltr'>τῆς</span> <span class='ocrx_word' id='word_1_786' title='bbox 966 5457 1199 5517; x_wconf 80' lang='grc' dir='ltr'>πίστεως</span> <span class='ocrx_word' id='word_1_787' title='bbox 1232 5455 1449 5524; x_wconf 77' lang='grc' dir='ltr'>ἄρθρων</span> <span class='ocrx_word' id='word_1_788' title='bbox 1479 5454 1511 5524; x_wconf 79' lang='grc' dir='ltr'>ἢ</span> <span class='ocrx_word' id='word_1_789' title='bbox 1541 5454 1660 5507; x_wconf 81' lang='grc' dir='ltr'>κατ’</span> <span class='ocrx_word' id='word_1_790' title='bbox 1687 5454 1906 5507; x_wconf 84' lang='grc' dir='ltr'>εὐθεῖαν</span> <span class='ocrx_word' id='word_1_791' title='bbox 1935 5452 1968 5521; x_wconf 83' lang='grc' dir='ltr'>ἢ</span> 
     </span>
    </p>
   </div>
   <div class='ocr_carea' id='block_1_101' title="bbox 390 5546 1972 5616">
    <p class='ocr_par' dir='ltr' id='par_1_101' title="bbox 390 5546 1972 5616">
     <span class='ocr_line' id='line_1_101' title="bbox 390 5546 1972 5616; baseline -0.001 -17"><span class='ocrx_word' id='word_1_792' title='bbox 390 5548 631 5616; x_wconf 73' lang='grc' dir='ltr'>πλαγίως</span> <span class='ocrx_word' id='word_1_793' title='bbox 685 5547 888 5615; x_wconf 76' lang='grc' dir='ltr'>πλανὼ¹</span> <span class='ocrx_word' id='word_1_794' title='bbox 921 5567 1037 5612; x_wconf 77' lang='lat' dir='ltr'>evo;</span> <span class='ocrx_word' id='word_1_795' title='bbox 1066 5565 1078 5577; x_wconf 85' lang='lat'><strong>&#39;</strong></span> <span class='ocrx_word' id='word_1_796' title='bbox 1129 5550 1156 5599; x_wconf 86' lang='lat'>6</span> <span class='ocrx_word' id='word_1_797' title='bbox 1202 5547 1258 5598; x_wconf 81' lang='grc' dir='ltr'>δὲ</span> <span class='ocrx_word' id='word_1_798' title='bbox 1317 5548 1657 5615; x_wconf 65' lang='grc' dir='ltr'>Σιμωνιακὲς</span> <span class='ocrx_word' id='word_1_799' title='bbox 1705 5549 1836 5616; x_wconf 71' lang='grc' dir='ltr'>περὶ</span> <span class='ocrx_word' id='word_1_800' title='bbox 1874 5546 1972 5613; x_wconf 74' lang='grc' dir='ltr'>τὴν</span> 
     </span>
    </p>
   </div>
   <div class='ocr_carea' id='block_1_102' title="bbox 389 5639 1966 5709">
    <p class='ocr_par' dir='ltr' id='par_1_102' title="bbox 389 5639 1966 5709">
     <span class='ocr_line' id='line_1_102' title="bbox 389 5639 1966 5709; baseline -0.001 -18"><span class='ocrx_word' id='word_1_801' title='bbox 389 5640 619 5709; x_wconf 74' lang='grc' dir='ltr'>ἑνότητα</span> <span class='ocrx_word' id='word_1_802' title='bbox 650 5642 742 5694; x_wconf 87' lang='grc' dir='ltr'>τοῦ</span> <span class='ocrx_word' id='word_1_803' title='bbox 770 5640 904 5692; x_wconf 85' lang='grc' dir='ltr'>Θεοῦ</span> <span class='ocrx_word' id='word_1_804' title='bbox 954 5642 1049 5693; x_wconf 77' lang='grc' dir='ltr'>καὶ</span> <span class='ocrx_word' id='word_1_805' title='bbox 1094 5639 1193 5707; x_wconf 79' lang='grc' dir='ltr'>τῆς</span> <span class='ocrx_word' id='word_1_806' title='bbox 1226 5641 1462 5700; x_wconf 71' lang='grc' dir='ltr'>πίστεως</span> <span class='ocrx_word' id='word_1_807' title='bbox 1508 5640 1741 5707; x_wconf 75' lang='grc' dir='ltr'>πονηρός</span> <span class='ocrx_word' id='word_1_808' title='bbox 1780 5642 1927 5691; x_wconf 72' lang='grc' dir='ltr'>ἐστιν</span> <span class='ocrx_word' id='word_1_809' title='bbox 1954 5655 1966 5667; x_wconf 75' lang='grc' dir='ltr'><strong><em>ο</em></strong></span> 
     </span>
    </p>
   </div>
   <div class='ocr_carea' id='block_1_103' title="bbox 388 5731 1965 5809">
    <p class='ocr_par' dir='ltr' id='par_1_103' title="bbox 388 5731 1965 5803">
     <span class='ocr_line' id='line_1_103' title="bbox 388 5731 1965 5803; baseline 0.001 -21"><span class='ocrx_word' id='word_1_810' title='bbox 388 5731 581 5785; x_wconf 76' lang='grc' dir='ltr'>οὐκοῦν</span> <span class='ocrx_word' id='word_1_811' title='bbox 612 5732 885 5801; x_wconf 79' lang='grc' dir='ltr'>αἱρετικὸς</span> <span class='ocrx_word' id='word_1_812' title='bbox 916 5734 1191 5803; x_wconf 72' lang='grc' dir='ltr'>προδήλως</span> <span class='ocrx_word' id='word_1_813' title='bbox 1223 5732 1357 5782; x_wconf 74' lang='grc' dir='ltr'>ἐστί.</span> <span class='ocrx_word' id='word_1_814' title='bbox 1384 5732 1487 5783; x_wconf 70' lang='grc' dir='ltr'>Καὶ</span> <span class='ocrx_word' id='word_1_815' title='bbox 1524 5738 1711 5799; x_wconf 69' lang='grc' dir='ltr'>φρον;ῐ</span> <span class='ocrx_word' id='word_1_816' title='bbox 1744 5734 1841 5800; x_wconf 73' lang='grc' dir='ltr'>μὲν</span> <span class='ocrx_word' id='word_1_817' title='bbox 1866 5734 1965 5783; x_wconf 77' lang='grc' dir='ltr'>οὐκ</span> 
     </span>
    </p>
   </div>
   <div class='ocr_carea' id='block_1_104' title="bbox 392 5823 1965 5894">
    <p class='ocr_par' dir='ltr' id='par_1_104' title="bbox 392 5823 1965 5894">
     <span class='ocr_line' id='line_1_104' title="bbox 392 5823 1965 5894; baseline 0 -19"><span class='ocrx_word' id='word_1_818' title='bbox 392 5824 608 5878; x_wconf 72' lang='grc' dir='ltr'>ἐναντία</span> <span class='ocrx_word' id='word_1_819' title='bbox 632 5826 695 5892; x_wconf 68' lang='grc' dir='ltr'>τῇ</span> <span class='ocrx_word' id='word_1_820' title='bbox 725 5824 935 5894; x_wconf 64' lang='grc' dir='ltr'>ἐνῦτητι</span> <span class='ocrx_word' id='word_1_821' title='bbox 967 5826 1053 5877; x_wconf 65' lang='grc' dir='ltr'>τοῦ</span> <span class='ocrx_word' id='word_1_822' title='bbox 1089 5823 1222 5877; x_wconf 74' lang='grc' dir='ltr'>Θεοῦ</span> <span class='ocrx_word' id='word_1_823' title='bbox 1257 5823 1347 5874; x_wconf 62' lang='grc' dir='ltr'>καὶ</span> <span class='ocrx_word' id='word_1_824' title='bbox 1382 5824 1473 5889; x_wconf 70' lang='grc' dir='ltr'>τῆς</span> <span class='ocrx_word' id='word_1_825' title='bbox 1505 5826 1761 5890; x_wconf 57' lang='grc' dir='ltr'>πίετεωρ,</span> <span class='ocrx_word' id='word_1_826' title='bbox 1798 5827 1965 5891; x_wconf 63' lang='grc' dir='ltr'>πράτ-</span> 
     </span>
    </p>
   </div>
   <div class='ocr_carea' id='block_1_105' title="bbox 2067 4626 3655 4707">
    <p class='ocr_par' dir='ltr' id='par_1_105' title="bbox 2067 4626 3655 4707">
     <span class='ocr_line' id='line_1_105' title="bbox 2067 4626 3655 4707; baseline -0.009 -17"><span class='ocrx_word' id='word_1_827' title='bbox 2067 4639 2261 4697; x_wconf 80' lang='grc' dir='ltr'>θέντας</span> <span class='ocrx_word' id='word_1_828' title='bbox 2290 4636 2514 4704; x_wconf 87' lang='grc' dir='ltr'>νόμους,</span> <span class='ocrx_word' id='word_1_829' title='bbox 2542 4633 2639 4685; x_wconf 71' lang='grc' dir='ltr'>καὶ</span> <span class='ocrx_word' id='word_1_830' title='bbox 2670 4631 2808 4707; x_wconf 79' lang='grc' dir='ltr'>μετά</span> <span class='ocrx_word' id='word_1_831' title='bbox 2837 4631 2936 4700; x_wconf 86' lang='grc' dir='ltr'>τὴν</span> <span class='ocrx_word' id='word_1_832' title='bbox 2962 4628 3105 4683; x_wconf 84' lang='grc' dir='ltr'>οῦτω</span> <span class='ocrx_word' id='word_1_833' title='bbox 3128 4626 3369 4696; x_wconf 78' lang='grc' dir='ltr'>φανερὰν</span> <span class='ocrx_word' id='word_1_834' title='bbox 3396 4630 3495 4694; x_wconf 86' lang='grc' dir='ltr'>τῆς</span> <span class='ocrx_word' id='word_1_835' title='bbox 3522 4626 3655 4695; x_wconf 79' lang='grc' dir='ltr'>ἀλη-</span> 
     </span>
    </p>
   </div>
   <div class='ocr_carea' id='block_1_106' title="bbox 2069 4717 3654 4792">
    <p class='ocr_par' dir='ltr' id='par_1_106' title="bbox 2069 4717 3654 4792">
     <span class='ocr_line' id='line_1_106' title="bbox 2069 4717 3654 4792; baseline -0.011 -9"><span class='ocrx_word' id='word_1_836' title='bbox 2069 4729 2215 4790; x_wconf 83' lang='grc' dir='ltr'>θείας</span> <span class='ocrx_word' id='word_1_837' title='bbox 2240 4726 2537 4792; x_wconf 78' lang='grc' dir='ltr'>ἀπόδειξιν,</span> <span class='ocrx_word' id='word_1_838' title='bbox 2569 4725 2663 4778; x_wconf 65' lang='grc' dir='ltr'>καὶ</span> <span class='ocrx_word' id='word_1_839' title='bbox 2682 4726 2740 4778; x_wconf 70' lang='grc' dir='ltr'>ὲν</span> <span class='ocrx_word' id='word_1_840' title='bbox 2767 4723 2979 4790; x_wconf 73' lang='grc' dir='ltr'>καιροῖς</span> <span class='ocrx_word' id='word_1_841' title='bbox 3016 4721 3115 4789; x_wconf 82' lang='grc' dir='ltr'>τὴν</span> <span class='ocrx_word' id='word_1_842' title='bbox 3149 4717 3435 4787; x_wconf 82' lang='grc' dir='ltr'>ἀκρίϐειαν</span> <span class='ocrx_word' id='word_1_843' title='bbox 3470 4718 3654 4783; x_wconf 79' lang='grc' dir='ltr'>ἀπαρ-</span> 
     </span>
    </p>
   </div>
   <div class='ocr_carea' id='block_1_107' title="bbox 2072 4802 3656 4891">
    <p class='ocr_par' dir='ltr' id='par_1_107' title="bbox 2072 4802 3656 4891">
     <span class='ocr_line' id='line_1_107' title="bbox 2072 4802 3656 4891; baseline -0.01 -16"><span class='ocrx_word' id='word_1_844' title='bbox 2072 4823 2345 4891; x_wconf 78' lang='grc' dir='ltr'>ραιτήτως</span> <span class='ocrx_word' id='word_1_845' title='bbox 2383 4802 2910 4885; x_wconf 76' lang='grc' dir='ltr'>εἰσπραττομένοιςς</span> <span class='ocrx_word' id='word_1_846' title='bbox 2954 4813 3029 4865; x_wconf 90' lang='grc' dir='ltr'>Οὐ</span> <span class='ocrx_word' id='word_1_847' title='bbox 3061 4811 3222 4881; x_wconf 88' lang='grc' dir='ltr'>μόνον</span> <span class='ocrx_word' id='word_1_848' title='bbox 3264 4810 3319 4861; x_wconf 82' lang='grc' dir='ltr'>δὲ</span> <span class='ocrx_word' id='word_1_849' title='bbox 3352 4809 3442 4860; x_wconf 75' lang='grc' dir='ltr'>τὸν</span> <span class='ocrx_word' id='word_1_850' title='bbox 3484 4808 3656 4860; x_wconf 80' lang='grc' dir='ltr'>Ἰούδα</span> 
     </span>
    </p>
   </div>
   <div class='ocr_carea' id='block_1_108' title="bbox 2069 4902 3656 4977">
    <p class='ocr_par' dir='ltr' id='par_1_108' title="bbox 2069 4902 3656 4977">
     <span class='ocr_line' id='line_1_108' title="bbox 2069 4902 3656 4977; baseline -0.009 -11"><span class='ocrx_word' id='word_1_851' title='bbox 2069 4912 2341 4977; x_wconf 79' lang='grc' dir='ltr'>ἐξισοῦται</span> <span class='ocrx_word' id='word_1_852' title='bbox 2376 4914 2403 4965; x_wconf 94' lang='lat'>6</span> <span class='ocrx_word' id='word_1_853' title='bbox 2448 4910 2712 4974; x_wconf 86' lang='grc' dir='ltr'>τοιοῦτος,</span> <span class='ocrx_word' id='word_1_854' title='bbox 2748 4908 2885 4959; x_wconf 80' lang='grc' dir='ltr'>ἀλλά</span> <span class='ocrx_word' id='word_1_855' title='bbox 2914 4904 3013 4974; x_wconf 75' lang='grc' dir='ltr'>τὴν</span> <span class='ocrx_word' id='word_1_856' title='bbox 3046 4903 3142 4956; x_wconf 89' lang='grc' dir='ltr'>τοῦ</span> <span class='ocrx_word' id='word_1_857' title='bbox 3180 4904 3424 4971; x_wconf 71' lang='grc' dir='ltr'>Σίμωνος</span> <span class='ocrx_word' id='word_1_858' title='bbox 3461 4902 3656 4967; x_wconf 82' lang='grc' dir='ltr'>Μάγου</span> 
     </span>
    </p>
   </div>
   <div class='ocr_carea' id='block_1_109' title="bbox 2071 4991 3654 5075">
    <p class='ocr_par' dir='ltr' id='par_1_109' title="bbox 2071 4991 3654 5075">
     <span class='ocr_line' id='line_1_109' title="bbox 2071 4991 3654 5075; baseline -0.01 -17"><span class='ocrx_word' id='word_1_859' title='bbox 2071 5004 2415 5075; x_wconf 86' lang='grc' dir='ltr'>προαίρεσιν,</span> <span class='ocrx_word' id='word_1_860' title='bbox 2449 4996 2518 5072; x_wconf 80' lang='grc' dir='ltr'>ἦς</span> <span class='ocrx_word' id='word_1_861' title='bbox 2552 4999 2763 5070; x_wconf 87' lang='grc' dir='ltr'>καρπός</span> <span class='ocrx_word' id='word_1_862' title='bbox 2794 4999 2914 5050; x_wconf 68' lang='grc' dir='ltr'>ἐστι</span> <span class='ocrx_word' id='word_1_863' title='bbox 2945 4996 3006 5048; x_wconf 82' lang='grc' dir='ltr'>τὸ</span> <span class='ocrx_word' id='word_1_864' title='bbox 3032 4996 3323 5063; x_wconf 78' lang='grc' dir='ltr'>θεοστυγὲς</span> <span class='ocrx_word' id='word_1_865' title='bbox 3352 4992 3513 5044; x_wconf 87' lang='grc' dir='ltr'>τοῦτο</span> <span class='ocrx_word' id='word_1_866' title='bbox 3551 4991 3654 5043; x_wconf 79' lang='grc' dir='ltr'>πά-</span> 
     </span>
    </p>
   </div>
   <div class='ocr_carea' id='block_1_110' title="bbox 2072 5082 3659 5161">
    <p class='ocr_par' dir='ltr' id='par_1_110' title="bbox 2072 5082 3659 5161">
     <span class='ocr_line' id='line_1_110' title="bbox 2072 5082 3659 5161; baseline -0.005 -18"><span class='ocrx_word' id='word_1_867' title='bbox 2072 5095 2183 5156; x_wconf 88' lang='grc' dir='ltr'>θος,</span> <span class='ocrx_word' id='word_1_868' title='bbox 2229 5094 2324 5145; x_wconf 75' lang='grc' dir='ltr'>καὶ</span> <span class='ocrx_word' id='word_1_869' title='bbox 2365 5092 2493 5161; x_wconf 80' lang='grc' dir='ltr'>παρ’</span> <span class='ocrx_word' id='word_1_870' title='bbox 2521 5084 2602 5152; x_wconf 70' lang='grc' dir='ltr'>οἷς</span> <span class='ocrx_word' id='word_1_871' title='bbox 2650 5089 2750 5158; x_wconf 84' lang='grc' dir='ltr'>τὴν</span> <span class='ocrx_word' id='word_1_872' title='bbox 2786 5088 2963 5158; x_wconf 74' lang='grc' dir='ltr'>ἀρχὴν</span> <span class='ocrx_word' id='word_1_873' title='bbox 3012 5087 3108 5138; x_wconf 77' lang='grc' dir='ltr'>καὶ</span> <span class='ocrx_word' id='word_1_874' title='bbox 3134 5084 3231 5155; x_wconf 80' lang='grc' dir='ltr'>τὴν</span> <span class='ocrx_word' id='word_1_875' title='bbox 3259 5082 3577 5151; x_wconf 74' lang='grc' dir='ltr'>ἐπωνυμίαν</span> <span class='ocrx_word' id='word_1_876' title='bbox 3608 5085 3659 5135; x_wconf 76' lang='grc' dir='ltr'>οί</span> 
     </span>
    </p>
   </div>
   <div class='ocr_carea' id='block_1_111' title="bbox 2074 5171 3663 5254">
    <p class='ocr_par' dir='ltr' id='par_1_111' title="bbox 2074 5171 3663 5254">
     <span class='ocr_line' id='line_1_111' title="bbox 2074 5171 3663 5254; baseline -0.009 -16"><span class='ocrx_word' id='word_1_877' title='bbox 2074 5185 2146 5254; x_wconf 84' lang='grc' dir='ltr'>τῷ</span> <span class='ocrx_word' id='word_1_878' title='bbox 2178 5183 2341 5237; x_wconf 88' lang='grc' dir='ltr'>πάθει</span> <span class='ocrx_word' id='word_1_879' title='bbox 2371 5183 2505 5251; x_wconf 80' lang='grc' dir='ltr'>τῷδε</span> <span class='ocrx_word' id='word_1_880' title='bbox 2539 5179 2883 5242; x_wconf 80' lang='grc' dir='ltr'>δουλεύοντες</span> <span class='ocrx_word' id='word_1_881' title='bbox 2912 5178 3151 5249; x_wconf 76' lang='grc' dir='ltr'>ἔχουσιν,</span> <span class='ocrx_word' id='word_1_882' title='bbox 3188 5175 3426 5247; x_wconf 80' lang='grc' dir='ltr'>ἐραστὴς</span> <span class='ocrx_word' id='word_1_883' title='bbox 3452 5171 3663 5240; x_wconf 82' lang='grc' dir='ltr'>ἀγαθοῦ</span> 
     </span>
    </p>
   </div>
   <div class='ocr_carea' id='block_1_112' title="bbox 2077 5268 3663 5345">
    <p class='ocr_par' dir='ltr' id='par_1_112' title="bbox 2077 5268 3663 5345">
     <span class='ocr_line' id='line_1_112' title="bbox 2077 5268 3663 5345; baseline -0.008 -16"><span class='ocrx_word' id='word_1_884' title='bbox 2077 5277 2427 5345; x_wconf 84' lang='grc' dir='ltr'>πράγματος,</span> <span class='ocrx_word' id='word_1_885' title='bbox 2453 5273 2567 5325; x_wconf 82' lang='grc' dir='ltr'>ἀλλ’</span> <span class='ocrx_word' id='word_1_886' title='bbox 2604 5274 2668 5326; x_wconf 78' lang='grc' dir='ltr'>ἐκ</span> <span class='ocrx_word' id='word_1_887' title='bbox 2704 5271 3031 5340; x_wconf 69' lang='grc' dir='ltr'>διαστρόφου</span> <span class='ocrx_word' id='word_1_888' title='bbox 3086 5268 3314 5339; x_wconf 80' lang='grc' dir='ltr'>γνώμης</span> <span class='ocrx_word' id='word_1_889' title='bbox 3358 5268 3663 5336; x_wconf 72' lang='grc' dir='ltr'>γεγενημέ-</span> 
     </span>
    </p>
   </div>
   <div class='ocr_carea' id='block_1_113' title="bbox 2077 5358 3665 5435">
    <p class='ocr_par' dir='ltr' id='par_1_113' title="bbox 2077 5358 3665 5435">
     <span class='ocr_line' id='line_1_113' title="bbox 2077 5358 3665 5435; baseline -0.008 -16"><span class='ocrx_word' id='word_1_890' title='bbox 2077 5385 2187 5430; x_wconf 84' lang='grc' dir='ltr'>νος.</span> <span class='ocrx_word' id='word_1_891' title='bbox 2224 5367 2299 5420; x_wconf 84' lang='grc' dir='ltr'>Οὐ</span> <span class='ocrx_word' id='word_1_892' title='bbox 2335 5366 2443 5435; x_wconf 79' lang='grc' dir='ltr'>γὰρ</span> <span class='ocrx_word' id='word_1_893' title='bbox 2482 5366 2646 5434; x_wconf 80' lang='grc' dir='ltr'>ἀρετῇ</span> <span class='ocrx_word' id='word_1_894' title='bbox 2682 5367 2775 5418; x_wconf 77' lang='grc' dir='ltr'>καὶ</span> <span class='ocrx_word' id='word_1_895' title='bbox 2808 5363 3267 5432; x_wconf 75' lang='grc' dir='ltr'>πίστειῆλπισεν,</span> <span class='ocrx_word' id='word_1_896' title='bbox 3298 5360 3414 5415; x_wconf 78' lang='grc' dir='ltr'>ἁλλ’</span> <span class='ocrx_word' id='word_1_897' title='bbox 3450 5361 3510 5410; x_wconf 83' lang='grc' dir='ltr'>ἐκ</span> <span class='ocrx_word' id='word_1_898' title='bbox 3540 5358 3665 5408; x_wconf 79' lang='grc' dir='ltr'>τού-</span> 
     </span>
    </p>
   </div>
   <div class='ocr_carea' id='block_1_114' title="bbox 2080 5449 3665 5543">
    <p class='ocr_par' dir='ltr' id='par_1_114' title="bbox 2080 5449 3665 5543">
     <span class='ocr_line' id='line_1_114' title="bbox 2080 5449 3665 5543; baseline -0.007 -31"><span class='ocrx_word' id='word_1_899' title='bbox 2080 5477 2187 5512; x_wconf 88' lang='grc' dir='ltr'>των</span> <span class='ocrx_word' id='word_1_900' title='bbox 2213 5456 2416 5543; x_wconf 76' lang='grc' dir='ltr'>ἕρημος</span> <span class='ocrx_word' id='word_1_901' title='bbox 2440 5457 2537 5519; x_wconf 81' lang='grc' dir='ltr'>ὢν,</span> <span class='ocrx_word' id='word_1_902' title='bbox 2566 5454 2841 5523; x_wconf 71' lang='grc' dir='ltr'>ἠϐουλήθη</span> <span class='ocrx_word' id='word_1_903' title='bbox 2867 5454 3137 5521; x_wconf 85' lang='grc' dir='ltr'>οὐρανίων</span> <span class='ocrx_word' id='word_1_904' title='bbox 3158 5453 3317 5521; x_wconf 87' lang='grc' dir='ltr'>χάριν</span> <span class='ocrx_word' id='word_1_905' title='bbox 3344 5450 3432 5502; x_wconf 70' lang='grc' dir='ltr'>διὰ</span> <span class='ocrx_word' id='word_1_906' title='bbox 3457 5449 3665 5516; x_wconf 74' lang='grc' dir='ltr'>γηΐνων</span> 
     </span>
    </p>
   </div>
   <div class='ocr_carea' id='block_1_115' title="bbox 2081 5539 3661 5621">
    <p class='ocr_par' dir='ltr' id='par_1_115' title="bbox 2081 5539 3661 5621">
     <span class='ocr_line' id='line_1_115' title="bbox 2081 5539 3661 5621; baseline -0.009 -17"><span class='ocrx_word' id='word_1_907' title='bbox 2081 5539 2396 5621; x_wconf 68' lang='grc' dir='ltr'>ὠνήσασθαι</span> <span class='ocrx_word' id='word_1_908' title='bbox 2436 5548 2737 5617; x_wconf 83' lang='grc' dir='ltr'>μετάλλων.</span> <span class='ocrx_word' id='word_1_909' title='bbox 2764 5542 2947 5598; x_wconf 65' lang='grc' dir='ltr'>Ἦσαν</span> <span class='ocrx_word' id='word_1_910' title='bbox 2999 5544 3046 5596; x_wconf 89' lang='grc' dir='ltr'>δ’</span> <span class='ocrx_word' id='word_1_911' title='bbox 3082 5544 3150 5596; x_wconf 86' lang='grc' dir='ltr'>ἂν</span> <span class='ocrx_word' id='word_1_912' title='bbox 3191 5542 3281 5593; x_wconf 71' lang='grc' dir='ltr'>καὶ</span> <span class='ocrx_word' id='word_1_913' title='bbox 3325 5542 3373 5591; x_wconf 87' lang='grc' dir='ltr'>οί</span> <span class='ocrx_word' id='word_1_914' title='bbox 3423 5539 3661 5605; x_wconf 71' lang='grc' dir='ltr'>μαθηταὶ</span> 
     </span>
    </p>
   </div>
   <div class='ocr_carea' id='block_1_116' title="bbox 2082 5631 3671 5711">
    <p class='ocr_par' dir='ltr' id='par_1_116' title="bbox 2082 5631 3671 5711">
     <span class='ocr_line' id='line_1_116' title="bbox 2082 5631 3671 5711; baseline -0.008 -16"><span class='ocrx_word' id='word_1_915' title='bbox 2082 5643 2176 5695; x_wconf 86' lang='grc' dir='ltr'>τοῦ</span> <span class='ocrx_word' id='word_1_916' title='bbox 2211 5639 2448 5711; x_wconf 82' lang='grc' dir='ltr'>Χριστοῦ</span> <span class='ocrx_word' id='word_1_917' title='bbox 2486 5639 2582 5705; x_wconf 77' lang='grc' dir='ltr'>τῆς</span> <span class='ocrx_word' id='word_1_918' title='bbox 2622 5638 2865 5704; x_wconf 70' lang='grc' dir='ltr'>Σὲμωνος</span> <span class='ocrx_word' id='word_1_919' title='bbox 2910 5634 3139 5701; x_wconf 76' lang='grc' dir='ltr'>γνώμης</span> <span class='ocrx_word' id='word_1_920' title='bbox 3174 5633 3285 5699; x_wconf 77' lang='grc' dir='ltr'>εἴγε</span> <span class='ocrx_word' id='word_1_921' title='bbox 3319 5631 3671 5698; x_wconf 65' lang='grc' dir='ltr'>συνεχώρουν-</span> 
     </span>
    </p>
   </div>
   <div class='ocr_carea' id='block_1_117' title="bbox 2082 5721 3663 5799">
    <p class='ocr_par' dir='ltr' id='par_1_117' title="bbox 2082 5721 3663 5799">
     <span class='ocr_line' id='line_1_117' title="bbox 2082 5721 3663 5799; baseline -0.006 -19"><span class='ocrx_word' id='word_1_922' title='bbox 2082 5734 2228 5799; x_wconf 55' lang='lat' dir='ltr'>astu}</span> <span class='ocrx_word' id='word_1_923' title='bbox 2257 5732 2451 5785; x_wconf 86' lang='grc' dir='ltr'>ταῦτα.</span> <span class='ocrx_word' id='word_1_924' title='bbox 2504 5725 2641 5781; x_wconf 81' lang='grc' dir='ltr'>Ἀλλ’</span> <span class='ocrx_word' id='word_1_925' title='bbox 2666 5726 2726 5776; x_wconf 75' lang='grc' dir='ltr'>οὐ</span> <span class='ocrx_word' id='word_1_926' title='bbox 2767 5724 2922 5776; x_wconf 77' lang='grc' dir='ltr'>τοῦτο</span> <span class='ocrx_word' id='word_1_927' title='bbox 2950 5740 2960 5751; x_wconf 84' lang='grc'><strong>·</strong></span> <span class='ocrx_word' id='word_1_928' title='bbox 3015 5724 3077 5774; x_wconf 81' lang='grc' dir='ltr'>ἐκ</span> <span class='ocrx_word' id='word_1_929' title='bbox 3124 5722 3233 5791; x_wconf 68' lang='grc' dir='ltr'>γάρ</span> <span class='ocrx_word' id='word_1_930' title='bbox 3261 5721 3481 5789; x_wconf 66' lang='grc' dir='ltr'>ἀγάπης</span> <span class='ocrx_word' id='word_1_931' title='bbox 3514 5722 3663 5779; x_wconf 72' lang='grc' dir='ltr'>θείας</span> 
     </span>
    </p>
   </div>
   <div class='ocr_carea' id='block_1_118' title="bbox 2085 5812 3657 5887">
    <p class='ocr_par' dir='ltr' id='par_1_118' title="bbox 2085 5812 3657 5887">
     <span class='ocr_line' id='line_1_118' title="bbox 2085 5812 3657 5887; baseline -0.002 -19"><span class='ocrx_word' id='word_1_932' title='bbox 2085 5824 2174 5887; x_wconf 42' lang='lat' dir='ltr'>ri;</span> <span class='ocrx_word' id='word_1_933' title='bbox 2222 5825 2364 5886; x_wconf 61' lang='grc' dir='ltr'>θείας</span> <span class='ocrx_word' id='word_1_934' title='bbox 2422 5823 2630 5880; x_wconf 47' lang='lat' dir='ltr'>Exin;</span> <span class='ocrx_word' id='word_1_935' title='bbox 2668 5816 3106 5884; x_wconf 63' lang='grc' dir='ltr'>ἐγγεγενημένας</span> <span class='ocrx_word' id='word_1_936' title='bbox 3139 5814 3401 5882; x_wconf 67' lang='grc' dir='ltr'>δυνάμῖις</span> <span class='ocrx_word' id='word_1_937' title='bbox 3451 5812 3657 5883; x_wconf 68' lang='grc' dir='ltr'>ἐώρων.</span> 
     </span>
    </p>
   </div>
  </div>
