4118 6280
381 320 485 381 737

1551 318 1647 377 DE
1690 315 2013 377 JEJUNII)
2044 318 2493 379 SABBA'I'INO.

3538 326 3657 388 Ἴτε
3690 300 3695 305 ’

381 427 587 482 αὐτῶν
614 426 862 489 ταύτην.
913 426 1073 480 Ἀλλὰ
1100 426 1305 481 τούτων
1344 426 1492 480 οὐδὲν
1524 422 1685 496 ἧττον
1719 428 1963 496 βλάσφη-
1994 433 2037 488 Λ
2069 427 2585 497 ἀναισχυντοῦντας,
2616 430 2706 481 καὶ
2758 430 2856 499 τῆς
2904 429 2998 481 τοῦ
3050 430 3367 498 Πνεύματος
3415 432 3654 493 ἀναιδῶς

384 535 473 586 μοι
518 519 614 570 καὶ
642 519 871 586 πονηροὶ
916 519 1042 588 περὶ
1074 518 1132 571 τὸ
1171 519 1313 570 θεῖον
1344 520 1622 587 φαίνονται
1663 520 1883 577 Πνεῦμα
1912 522 1961 571 οί

379 609 684 677 χρημάτων
720 607 851 659 αὐτὸ
880 607 1194 677 νομίζοντες
1228 604 1394 661 εἶναι.
1432 608 1597 660 Ὥστε
1634 610 1729 659 καὶ
1759 609 1836 675 τῷ
1867 610 1962 677 μέκ

376 716 494 769 τρῳ
527 699 635 751 τῶν
664 699 944 770 ἀργυρίων
973 699 1033 750 τὸ
1071 698 1273 767 μέτρον
1302 702 1401 767 τῆς
1426 698 1631 766 δωρεᾶς
1664 702 1823 753 ἐπακι
1840 702 1962 754 λου-

378 791 478 844 θεῖ.
529 792 695 844 Ὀθεν
755 789 1030 844 κάνταῦθα
1098 791 1262 844 κάκεῖ
1320 791 1418 854 τάς
1469 791 1698 860 ἐσχάτας
1758 794 1959 846 τίνουσι

374 882 556 944 δίκας.
1856 880 1865 887 ’

444 974 569 1024 Ὀτι
602 973 659 1025 δὲ
690 973 929 1041 χαλεπόν
960 973 1110 1026 ἐστιν
1148 973 1502 1043 ίατρευθῆναι
1547 975 1663 1027 τόδε
1693 978 1751 1028 τὸ
1786 978 1956 1041 πάθος

371 1059 511 1112 ὥστε
541 1062 637 1113 καὶ
672 1062 1006 1132 συγγνώμης
1029 1066 1235 1133 τυχεῖν,
1268 1065 1495 1133 ἐναργές
1519 1066 1631 1118 ἐστι
1658 1066 1735 1135 τῷ
1772 1067 1958 1136 βουλο-

377 1155 527 1222 μένῳ
552 1158 798 1207 σκοπεῖν·
835 1155 1299 1225 ἐναποθνήσκουσι
1333 1159 1458 1227 γὰρ,
1493 1158 1588 1211 καὶ
1643 1159 1754 1212 οὔθ’
1794 1163 1843 1214 οί
1888 1163 1956 1216 τὰ

371 1245 632 1313 χρήματα
700 1244 955 1308 λαϐόντες
1001 1245 1370 1310 ἀναδιδόασιν,
1402 1247 1519 1302 οὗθ’
1559 1252 1608 1303 οί
1652 1251 1955 1316 δεδωκότες

376 1336 828 1403 παραιτούμενοι,
887 1335 1004 1387 ἀλλ’
1048 1336 1256 1405 ἀνίεροι
1298 1338 1393 1390 καὶ
1434 1342 1499 1409 τῇ
1547 1340 1814 1409 βαρύτητι
1844 1343 1954 1396 τῶν

368 1424 609 1476 κανόνων
652 1426 754 1477 ὑπὸ
806 1427 1007 1478 κανόνα
1058 1425 1215 1495 δίκην
1258 1428 1382 1492 τοὺς
1414 1431 1737 1499 προσιόντας
1769 1433 1953 1501 σφίσιν

367 1516 755 1579 ἐξαπατῶντες
788 1518 882 1570 ἐπὶ
910 1518 1002 1569 τὸν
1033 1518 1198 1571 αὐτὸν
1228 1520 1473 1588 κρημνὸν
1500 1521 1771 1577 ἕλκουσιν.
1806 1525 1868 1575 Ol
1894 1524 1951 1576 δὲ

369 1606 707 1675 ἱεροσυλοῦσι
734 1607 801 1660 τά
848 1608 1032 1671 κακῶς
1067 1608 1169 1677 μὲν
1209 1612 1544 1679 συνηγμένα,
1580 1611 1861 1675 δυσσεϐῶς
1895 1615 1951 1666 δὲ

363 1697 787 1761 ἐξαναλωθέντα,
825 1697 1246 1769 δυσσεϐέστερον
1280 1698 1436 1757 αὖθις
1482 1704 1575 1755 καὶ
1612 1704 1793 1772 χεῖρον
1834 1706 1949 1757 ἐπι-

2068 521 2474 590 ἑπιφυομένους
2507 523 2575 575 τά
2603 521 2713 573 τῶν
2747 521 2909 591 ίερῶν
2944 524 3186 577 κανόνων
3207 524 3367 591 ἔτεμε
3393 524 3521 592 ξίφη
3548 542 3562 556 ·
3592 528 3653 576 τὸ

2064 614 2120 665 δὲ
2178 612 2364 666 λοιπὸν
2419 613 2565 667 ἅπαν
2615 615 2914 683 ἐσωφρόνει
2958 632 3017 667 τε
3074 615 3171 668 καὶ
3215 616 3349 669 Θεοῦ
3402 620 3497 669 καὶ
3541 619 3651 669 τῶν

2066 704 2223 758 θείων
2255 705 2437 773 νόμων
2472 705 2760 772 ὑπέρδικον
2795 704 2861 775 ἦν
2888 722 2905 739 ο
2943 708 3036 759 καὶ
3066 707 3182 769 πῶς
3219 708 3285 761 ἂν
3314 704 3427 778 εἷχε
3454 710 3647 777 λόγονς

2063 796 2261 848 οὐκοῦν
2288 796 2406 848 οὐδὲ
2436 796 2733 865 περιεώρα.
2775 799 2911 850 Ἀλλ’
2941 795 3109 867 ἦρχον
3138 799 3238 868 μὲν
3264 800 3357 852 τοῦ
3384 800 3643 853 πλείστου

2060 888 2160 954 τῆς
2205 888 2530 956 οίκουμένης
2569 889 2618 941 οί
2665 889 2795 957 παρ’
2826 890 2955 959 ήμῖν
2997 890 3251 958 ἄρχοντες
3277 904 3291 918 ⁸
3330 889 3398 942 τὰ
3442 891 3498 943 δὲ
3542 893 3643 960 τῆς

2073 976 2403 1044 Ἐκκλησίας
2456 978 2608 1045 ἤνθει
2660 979 2800 1030 πάνυ
2839 978 3069 1047 σεμνῶς.
3108 977 3167 1029 Et
3212 978 3269 1030 δὲ
3306 980 3403 1047 οὐχ
3444 964 3639 1044 οὕτως,

2060 1067 2148 1135 ἄρ’
2184 1062 2277 1120 οὖν
2310 1065 2409 1119 οὐκ
2440 1068 2607 1138 ἐχρῆν
2638 1068 2728 1121 τὸν
2769 1067 2901 1120 Θεὸν
2930 1068 3039 1122 τῶν
3071 1068 3221 1121 ἰδ’ων
3258 1069 3439 1137 νόμων
3473 1070 3640 1140 ὑπέρ-

2056 1152 2208 1205 δικον
2243 1153 2529 1220 γίγνεσθαι
2556 1169 2569 1183 ⁸
2601 1154 2833 1224 ἀρκοῦσι
2866 1156 2974 1225 γὰρ
3015 1158 3093 1218 είς
3118 1156 3311 1225 όδύνην
3345 1158 3437 1209 καὶ
3472 1158 3638 1222 ἄλγος

2058 1244 2154 1295 καὶ
2197 1244 2431 1313 δάκρυον
2480 1247 2593 1307 τοῖς
2632 1246 2738 1297 τῶν
2768 1245 3089 1315 δεινοτέρων
3121 1246 3634 1316 συναισθανομένοις

2057 1335 2114 1387 αἱ
2145 1336 2297 1403 παρά
2340 1338 2438 1405 τῆς
2471 1335 2583 1388 ἄνω
2617 1336 2773 1403 δίκης
2800 1338 2995 1401 αἰκίαι,
3024 1338 3057 1406 ἢ
3089 1337 3189 1400 τὰς
3219 1338 3450 1404 ἀνομίας
3480 1338 3639 1408 ἡμῶν

2056 1425 2114 1477 ἐν
2162 1425 2344 1495 ῥάϐδῳ
2372 1426 2466 1477 καὶ
2498 1426 2755 1495 μάστιξιν
2804 1426 3199 1494 ἐπισκέψεταιδ
3257 1426 3378 1479 ὅθεν
3420 1428 3514 1480 καὶ
3560 1428 3635 1489 ὡς

2057 1521 2341 1587 προεῖπεν,
2378 1518 2524 1571 οὕτω
2558 1520 2652 1572 καὶ
2694 1518 3058 1588 πεπλήρωκεν
3104 1518 3275 1587 ἔργῳ,
3298 1516 3441 1570 οὕτω
3477 1516 3634 1570 καθιο

2054 1610 2293 1674 κομένας
2365 1611 2522 1679 ήμῶν
2591 1611 2646 1662 έν
2714 1610 2869 1679 τάχει
2951 1609 3140 1673 καὶ,ὄ
3206 1625 3376 1675 φασι,
3441 1610 3633 1677 μέχρις

2055 1701 2231 1754 ὀστῶν
2272 1719 2330 1753 τε
2379 1703 2474 1754 καὶ
2511 1700 2744 1769 μυελῶν,
2784 1700 2859 1763 ὡς
2889 1695 3029 1753 εἶναι
3060 1700 3406 1768 παράδειγμα
3438 1700 3634 1759 δυστυ-

365 1790 695 1857 συνάγοντες
720 1788 813 1840 ἐπὶ
837 1790 955 1851 ταῖς
984 1768 1293 1857 συμφοραῖς
1315 1791 1503 1857 ᾁῖδίοις
1536 1768 1746 1846 ἐαυτιῦν
1767 1811 1825 1846 τε
1856 1798 1948 1848 καὶ
1983 1768 2023 1821 Β
2056 1794 2176 1863 χίας
2218 1794 2298 1855 είς
2338 1791 2430 1843 τὸν
2476 1768 2590 1860 βίον
2620 1791 2680 1842 τὸ
2712 1790 2868 1857 γένος
2896 1790 3058 1858 ἡμῶν
3094 1789 3232 1858 μετά
3258 1790 3365 1842 τῶν
3409 1789 3465 1840 ἐν
3492 1788 3635 1858 αὑτῇ

367 1880 655 1933 συναιτίων
699 1879 853 1932 τοῦδε
899 1879 993 1932 τοῦ
1031 1880 1246 1949 μίσους.
1278 1881 1399 1950 ’Ἆρ’
1430 1882 1521 1936 οῦν
1549 1882 1741 1952 ἔμελεν
1776 1886 1946 1953 ὑπερ-

363 1974 495 2042 ορᾷν
528 1973 684 2043 ἡμῶν
715 1975 742 2026 ό
777 1973 932 2039 Θεὸς,
969 1972 1073 2037 ἓως
1108 1974 1231 2036 τοὺς
1278 1974 1420 2028 κατά
1463 1975 1554 2029 τὸν
1595 1976 1737 2031 θεῖον
1784 1977 1946 2045 νόμον

650 2326 1115 2502 ΤΟΥ
1196 2335 1937 2507 ΑΥΤΟΥ

2054 1886 2252 1953 τιμίων
2279 1884 2538 1937 ἁπάντων
2570 1882 2662 1935 καὶ
2692 1880 2945 1951 δακρύων
2973 1883 3085 1944 τοῖς
3117 1880 3404 1951 πορρωθεν
3430 1879 3632 1949 ἐρῶσιν

2058 1977 2337 2032 ὑπόθεσιν.

2038 2336 3328 2509 ΓΕΝΝΑΔΙΟΥ

1284 2597 1633 2729 ΤΟΥ
1742 2598 2729 2733 ΣΧΟΑΑΡΙΟΥ

504 2821 797 2906 ΚΑΤΑ
902 2827 1120 2912 ΤΗΣ
1198 2828 1427 2913 ΤΩΝ
1518 2829 2015 2917 ΛΑΤΙΝΩΝ
2090 2834 2238 2918 ΕΝ
2324 2831 2818 2947 ΣΑΒΒΑΤῼ
2897 2834 3480 2921 ΝΗΣΤΕΙΑΣ.

1780 2999 1893 3053 Καὶ
1923 2999 2054 3068 περὶ
2086 2998 2180 3051 τοῦ

1063 3131 1175 3186 ΟΤΙ
1206 3133 1297 3185 ΟΥ
1330 3135 1435 3189 ΔΕΙ
1466 3135 1558 3188 EN
1589 3136 1657 3189 Μ’
1686 3137 1729 3188 Τ
1734 3134 1988 3190 EAEIAN
2026 3133 2362 3187 ΓΕΝΕΣΘΑῙ
2395 3132 2909 3200 ΜΥΣΤΑΓΩΓΙΑΝ,

1153 3272 1252 3340 Ὠς
1285 3274 1355 3329 ἐκ
1392 3272 1513 3328 τῶν
1546 3275 1719 3327 θείων
1749 3272 2031 3329 κανόνων
2082 3272 2117 3339 ἡ
2163 3270 2475 3338 ἀπόδειξις
2526 3272 2820 3341 πέφυκεν.

1371 3414 1481 3467 ETI
1513 3415 1597 3468 ΔΕ
1652 3415 1772 3468 ΚΑΙ
1823 3412 1981 3465 ΠΕΡΙ
2017 3411 2255 3465 ΓΑΜΩΝ
2292 3412 2565 3466 ΙΕΡΕΩΝ.

423 3683 486 3738 Ἦ
516 3685 650 3757 πρδς
681 3686 771 3739 τὶν
799 3685 1026 3757 πλησίον
1056 3685 1265 3758 ἀγάπη,
1299 3687 1443 3742 καθά
1476 3704 1643 3757 φησιν
1690 3689 1719 3741 6
1751 3688 1916 3740 Ἀπό-
1942 3687 1991 3752 c
2025 3686 2118 3754 κῇ.
2148 3684 2258 3738 Καὶ
2285 3684 2528 3753 πρῶτον,
2568 3682 2652 3735 ὅτι
2677 3681 2739 3734 οὐ
2770 3680 2875 3751 χρὴ
2899 3680 3179 3751 νηστεύειν
3219 3681 3280 3734 τὸ
3308 3676 3615 3738 Σάϐϐατονι

352 3779 553 3843 στολος,
611 3778 986 3851 μακροθυμεῖν
1045 3781 1193 3850 ἡμᾶς
1255 3780 1569 3834 ἐκπαιδεύει
1608 3796 1623 3811 ⁸
1680 3780 1803 3833 ἐπεὶ
1832 3781 1925 3833 καὶ

346 3869 769 3939 ἀπεργαζομένη
804 3871 930 3932 τοὺς
958 3869 1165 3939 ταύτην
1181 3869 1595 3938 ἀσπαζομένους
1630 3871 1922 3941 χρηστοὺς,

345 3961 405 4011 οὗ
430 3953 744 4026 λογίζεσθαί
784 3979 837 4014 τι
891 3961 1101 4027 κακδν,
1150 3961 1284 4014 ἀλλὰ
1338 3963 1403 4031 τῇ
1447 3961 1768 4035 δικαιοσύνῃ
1830 3964 1923 4016 καλ⁵

344 4051 572 4122 ἀληθείᾳ
602 4054 738 4121 μετὰ
786 4051 895 4103 τῶν
918 4052 1101 4113 αὐτοῖς
1129 4051 1451 4121 όμοφρόνων
1514 4056 1923 4124 συγχαίροντας

343 4141 605 4197 δείκνυσι.
640 4142 944 4212 Τοιγαροῦν
989 4144 1050 4195 οὐ
1099 4143 1205 4213 χρή
1258 4161 1384 4197 τινα
1431 4145 1778 4213 φυσιοῦσθαι,
1830 4148 1922 4200 καὶ

344 4234 484 4287 κατὰ
526 4236 635 4287 τῶν
667 4235 826 4288 θείων
864 4235 1103 4305 Γραφῶν
1155 4236 1612 4306 παροτρύνεσθαι,
1664 4239 1799 4291 ἀλλὰ
1850 4240 1919 4292 τὰ

341 4324 513 4392 ὀρθῶς
564 4328 657 4379 καὶ
720 4327 946 4390 δικαίως
1000 4328 1150 4397 παρά
1209 4344 1266 4378 τε
1316 4329 1425 4382 τῶν
1483 4331 1798 4384 ἀποστόλων
1825 4331 1920 4383 καὶ

347 4418 505 4471 θείων
534 4420 961 4488 δογματισθέντα
985 4424 1242 4492 Πατέρων
1271 4424 1494 4491 κρατεῖν
1528 4422 1917 4491 ἀπαρασαλεύ-

339 4527 444 4571 τως
480 4511 704 4578 ὀφείλει.
741 4513 914 4566 Πολλᾶ
938 4515 1035 4583 μὲν
1058 4514 1369 4583 θεαρέστως
1416 4516 1449 4584 ἠ
1500 4514 1608 4567 τῶν
1665 4515 1916 4584 Γραινῶν

352 4604 648 4674 Ἐκκλησία
682 4605 977 4675 κρατοῦσα,
1002 4607 1075 4669 ὼς
1112 4609 1215 4678 ήδη
1264 4610 1358 4661 καὶ
1411 4606 1643 4677 εἴρηται,
1677 4606 1711 4659 ἀ
1739 4609 1831 4659 καὶ
1861 4607 1917 4660 ἐν

339 4698 457 4757 ταῖς
494 4697 666 4763 ίεραῖς
700 4697 852 4765 ὑμῶν
881 4696 1086 4766 βίϐλοις
1135 4698 1468 4765 γέγραπται,
1503 4689 1550 4751 ὦ
1592 4696 1783 4766 ἀνδρες
1811 4700 1915 4750 Λα-

2028 3776 2231 3828 Κανὼν
2276 3771 2655 3833 ἀποστολικός.
2719 3791 2737 3824 ι
2776 3772 2841 3825 Εῖ
2883 3789 2968 3835 τις
3026 3772 3314 3842 κληρικὸς,
3357 3773 3613 3844 ἢλαῖκδς

2027 3868 2251 3937 εὑρεθῇ,
2281 3868 2378 3935 τὴν
2418 3863 2708 3934 Κυριακὴν
2749 3863 2978 3935 ἡμέραν,
3024 3863 3057 3931 ἢ
3090 3864 3156 3917 τὸ
3192 3863 3472 3917 Σάϐϐατον
3514 3880 3613 3933 νηί

2029 3958 2257 4024 στεύων,
2288 3958 2429 4027 πλὴν
2468 3956 2561 4009 τοῦ
2589 3955 2708 4018 ἐνὸς
2738 3954 3043 4022 Σαϐϐἀτου,
3101 3956 3150 4008 εί
3195 3954 3298 4024 μὲν
3345 3954 3609 4024 κληρικος

2027 4052 2133 4119 είη.
2170 4048 2564 4117 καθαιρείσθω,
2591 4048 2640 4098 εί
2668 4046 2725 4100 δὲ
2747 4046 2955 4109 λαῖκὸς,
2978 4044 3349 4115 ἀφοριζέσθω.
3388 4062 3407 4096 ι

2098 4144 2223 4196 Ὀτι
2247 4142 2304 4195 δὲ
2336 4142 2445 4194 τῶν
2470 4139 2786 4192 ἀποστόλων
2810 4139 2860 4191 οί
2893 4143 2981 4191 πε⁹
3007 4131 3156 4191 οὗτοι
3187 4137 3413 4199 κανόνες
3443 4136 3612 4201 εἰσὶν,

2026 4234 2204 4299 ἔξεστι
2226 4231 2387 4286 τοῦτο
2421 4231 2619 4301 μαθεῖν
2657 4230 2767 4284 ἀπό
2786 4247 2842 4282 τε
2870 4230 2980 4283 τῶν
3008 4229 3168 4282 θείων
3201 4227 3484 4299 Πατέρων,
3513 4226 3615 4279 καὶ

2021 4304 2132 4379 ἀπδ
2170 4324 2278 4379 τῶν
2325 4321 2725 4391 οίκουμενικῶν
2766 4321 2937 4388 ἁγίων
2976 4321 3233 4385 συνόδων,
3258 4320 3335 4383 ὡς
3391 4317 3611 4383 τούτοις

2021 4417 2296 4487 ἁρμοδίως
2361 4415 2741 4483 στοιχούντων,
2796 4408 2871 4466 ὧν
2939 4415 3032 4466 καὶ
3085 4416 3153 4465 τὰ
3193 4412 3442 4481 δόγματα
3474 4413 3613 4481 περὶ

2019 4507 2223 4560 τούτων
2278 4504 2741 4571 διαλαμϐάνοντα,
2798 4503 2908 4554 ίδυὺ
2971 4504 3062 4555 καὶ
3124 4502 3433 4570 γράφομεν.
3495 4504 3609 4555 Καὶ

2020 4597 2236 4667 πρῶτον
2270 4598 2298 4648 6
2328 4595 2470 4656 θεῖος
2505 4593 2808 4656 Βασίλειος,
2842 4592 2901 4645 ἐν
2930 4610 3039 4644 τινι
3070 4593 3177 4644 τῶν
3217 4590 3383 4643 αὑτοῦ
3407 4590 3600 4659 λόγων,

2016 4683 2135 4757 οῦή
2171 4687 2337 4757 ἀρχὴ,
2378 4703 2395 4737 ι
2436 4684 2835 4752 Παρακαλεῖτε,
2884 4684 3074 4752 φησὶν,
3128 4683 3316 4751 ἱερεῖς,
3347 4684 3375 4731 ἰ
3447 4698 3609 4748 φανε-

340 4788 490 4851 τῖνοε,
533 4786 634 4839 κᾶν
665 4788 759 4841 καὶ
793 4787 1042 4850 ἀτάκτως
1066 4788 1343 4855 ψέγωνται
1379 4788 1533 4857 παρά
1586 4804 1748 4840 τινων
1803 4788 1913 4840 τῶν
2018 4783 2110 4852 ρδν
2140 4780 2411 4832 δείκνυσιν
2434 4778 2515 4830 ὅτι
2562 4777 2624 4829 ού
2657 4774 2986 4845 νηστευτέον
3036 4775 3146 4837 τοῖς
3205 4772 3464 4836 Σάϐϐασι,
3509 4773 3609 4827 καί

338 4878 395 4942 ἐξ
428 4878 582 4947 ὑμῶν
604 4879 1000 4949 διαϐαλλόμενα
1054 4880 1129 4941 ὡς
1173 4879 1493 4947 ἁπόκρυφα,
1553 4880 1646 4931 καὶ
1696 4880 1753 4929 έν
1795 4879 1915 4939 ταῖς
2017 4891 2205 4943 φησιν,
2240 4891 2258 4922 ι
2302 4871 2441 4940 Ἤδη
2466 4864 2559 4922 οῦν
2590 4868 2786 4921 σαυτὸν
2828 4866 2979 4932 ἀξιον
3025 4865 3441 4936 παρασκεύασον
3500 4866 3600 4935 τῆς

347 4967 682 5038 Ῥωμαϊκαῖς
705 4970 857 5039 ὑμῶν
892 4969 1118 5039 βίϐλοις,
1152 4968 1217 5031 ἃς
1248 4969 1356 5021 ἀπὸ
1402 4968 1624 5036 Ῥώμης
1670 4969 1697 5019 ό
1728 4966 1913 5037 ῥηθεὶς
1946 5031 1981 5039 _
2020 4962 2355 5034 σεμνοτάτης
2390 4960 2669 5030 νηστείας,
2702 4961 2776 5027 μὴ
2812 4962 2875 5029 τῇ
2903 4959 3174 5028 σημερινῇ
3208 4957 3350 5029 μέθῃ
3370 4957 3467 5027 τὴν
3500 4959 3598 5010 αὑ-

338 5031 663 5129 καρδηνάλις
701 5031 758 5112 ἐν
797 5031 1361 5113 Κωνσταντινουπόλει
1410 5031 1652 5127 κομίζων
1700 5031 1914 5127 ﬁxa-ab-
1946 5031 1992 5092 υ
2024 5031 2177 5129 ρινὴν
2228 5055 2548 5127 διαφθείρῃς
2591 5053 2944 5121 ἐγκράτειαν.
3012 5050 3195 5113 Κακὺς
3243 5048 3270 5102 ό
3316 5050 3597 5120 λογισμὸς,

336 5152 423 5214 τὸς
448 5151 711 5211 πολλάκις
732 5152 1018 5217 ὲγκύπτων
1049 5146 1205 5219 εὗρον
1237 5150 1334 5202 σὺν
1370 5149 1550 5211 ἀλλοις
1577 5150 1757 5201 ἐκεῖσε
1786 5146 1913 5209 τοὺς
2012 5148 2280 5219 πονηράή
2310 5146 2603 5215 ἐπιθυμία.
2641 5144 2862 5214 Ἐπειδὴ
2895 5144 3059 5197 πέντε
3099 5143 3324 5215 ἡμερῶν
3373 5146 3600 5213 νηστεία

337 5244 442 5295 τῶν
478 5242 637 5294 θείων
664 5242 982 5294 ἀποστόλων
1010 5242 1103 5294 καὶ
1134 5242 1394 5310 Πατέρων
1418 5241 1669 5302 κανόνας,
1700 5237 1911 5306 οὕσπερ
2011 5241 2143 5310 ἡμῖν
2195 5239 2644 5310 προκεκήρυκται
2675 5277 2689 5302 ,
2742 5237 2985 5307 σήμερον
3039 5236 3269 5300 ἑαυτοὺς
3334 5238 3400 5307 τῇ
3455 5236 3598 5306 μέθῃ

336 5337 490 5403 ὑμεῖς
522 5336 579 5386 ἐν
618 5335 730 5395 τοῖς
756 5333 951 5385 νεωστὶ
977 5334 1289 5401 γενομένοις
1320 5332 1599 5400 δεκρέτοις
1664 5331 1909 5398 ἀποκρύ-
2011 5330 2545 5399 καταϐαπτίσωμεν.
2604 5328 2794 5390 Οὐδεὶς
2859 5329 3094 5396 γυναῖκα
3140 5327 3345 5398 σεμνὴν
3414 5330 3600 5397 νόμοις

336 5442 455 5492 φας
492 5425 843 5495 σημειοῦσθε,
890 5424 967 5485 ὡς
998 5423 1089 5475 καὶ
1121 5422 1291 5474 ταῦτα
1340 5421 1586 5490 ἔγνωμεν
1622 5436 1638 5451 ·
1702 5421 1911 5490 ἀπηγό-
2010 5426 2268 5494 γαμικοῖς
2294 5423 2601 5492 ἐπάγεσθαι
2638 5421 2871 5490 μέλλων,
2912 5422 3250 5484 παλλακίδας
3305 5421 3401 5473 καὶ
3446 5420 3599 5472 ἐταί-

336 5536 493 5590 ρευον
518 5520 572 5571 δὲ
603 5518 677 5589 μὴ
710 5518 992 5584 νηστεύειν
1024 5520 1135 5578 τοῖς
1169 5514 1465 5575 Σάϐϐασιν,
1502 5516 1547 5565 εἰ
1576 5514 1650 5583 μὴ
1701 5513 1783 5584 τῷ
1827 5516 1908 5567 ἐνὶ
2019 5528 2118 5581 ρας
2140 5511 2433 5581 προλαϐὼν
2462 5510 2754 5575 είσοικίζει
2791 5529 2806 5544 ’
2856 5513 2917 5565 οὑ
2948 5513 3059 5581 γὰρ
3087 5513 3336 5580 ἀνέχεται
3370 5511 3402 5580 ή
3448 5510 3604 5578 νόμι-

2020 5622 2120 5673 μος
2154 5605 2262 5671 τὴν
2286 5604 2424 5671 μετά
2445 5604 2554 5656 τῶν
2584 5605 2948 5673 ἐφθαρμένων
2980 5603 3321 5671 συνοίκησιν.
3358 5619 3377 5653 ι
3436 5600 3547 5652 Καὶ
3571 5601 3604 5651 6

335 5612 426 5663 καὶ
458 5611 623 5679 μόνῳ,
664 5610 800 5678 μήτε
825 5609 930 5677 μὴν
960 5608 1291 5676 προσφέρειν
1321 5606 1387 5673 τῇ
1432 5603 1565 5673 ἁγίᾳ
1619 5604 1907 5675 Τεσσαρα-

2019 5700 2162 5764 θεῖος
2199 5701 2583 5773 Χρυσόστομος
2612 5699 2668 5752 ἐν
2699 5701 2762 5767 τῇ
2804 5706 2871 5752 ια’
2899 5697 3085 5765 ὁμιλίᾳ
3111 5696 3210 5761 τῆς
3255 5694 3601 5761 Ἐξαημέρου

334 5703 496 5769 κοστῇ
528 5700 669 5754 θεῖον
695 5699 882 5768 ἄρτον,
924 5697 1038 5750 ἀλλ’
1070 5698 1099 5767 ἦ
1139 5699 1193 5749 ἐν
1226 5695 1489 5764 Σαϐϐάτῳ
1534 5695 1630 5747 καὶ
1697 5696 1907 5763 Κυρια-
