4118 6280
470 316 568 382 751

1568 316 1824 376 GENNA
1839 314 1943 375 DIl
1992 311 2100 370 CP.
2140 311 2656 375 PATRIABClI/E

3615 309 3718 372 ’752

471 430 564 483 καὶ
595 430 705 492 τοῖς
748 429 956 484 ὀδοῦσιν
988 401 1370 499 ἀντιπαταγεῖ,
1409 432 1502 483 καὶ
1548 431 1623 486 ὡς
1672 431 1786 501 πῦρ
1834 433 1898 482 ἐκ
1928 428 2039 481 τῶν
2067 427 2118 486 Α
2148 429 2344 500 εὐχῶν,
2377 433 2472 485 καὶ
2503 431 2597 485 τοῦ
2625 430 2774 498 παρά
2810 430 2922 491 τοῖς
2957 429 3174 483 πάντων
3201 425 3424 500 ᾄδεσθαι
3461 427 3717 497 στόμασι,

471 520 768 592 ὀφθαλμῶν
803 523 1018 592 ἀφίησι,
1057 523 1150 576 καὶ
1183 521 1257 586 ὥς
1286 523 1456 592 ἀφρὸς
1487 522 1636 591 αὐτῷ
1679 521 1915 589 περιζεί,
1952 522 2045 574 καλ.

473 611 548 673 ὡς
577 611 782 680 τραχύς
829 613 942 664 ἐστι
979 611 1117 684 πρὸς
1166 613 1358 683 ὀργὴν,
1395 612 1697 674 ἀκάθεκτος
1727 611 1818 664 τὸν
1853 609 2044 679 θυμδν,

472 703 769 773 δύσμαχος,
813 705 1148 769 δυσάλωτος,
1179 705 1707 774 δυσκαταγώνιστος,
1761 701 2046 772 προωθῶν,

477 798 1006 867 προσρηγνύμενος,
1070 797 1382 867 ἐμπίπτων,
1430 797 1774 866 ἀνατρέπων.
1836 793 2050 848 κόπτων

476 888 588 950 τοῖς
625 887 858 952 ὀδοῦσιν,
895 887 1262 960 ἀναρρηγνὺς,
1296 887 1446 958 ῥύμῃ
1471 885 1661 950 ἐπιὼν,
1695 885 1870 956 ρόθιος
1907 902 2052 952 συμ-

481 979 784 1049 προχωρῶν
807 1020 822 1044 ,
875 980 968 1032 καὶ
1018 979 1091 1041 ὡς
1122 979 1218 1050 τὴν
1253 977 1429 1048 ὁρμὴν
1464 976 1558 1030 καὶ
1601 976 1920 1045 δυσκίνητος
1949 975 2049 1045 (ί),

481 1068 576 1122 καὶ
609 1067 682 1130 ὡς
714 1068 813 1129 τὰς
844 1069 1017 1136 ἄρκυς
1061 1067 1373 1136 διακόψειεν
1405 1065 1492 1130 ἂν,
1526 1067 1622 1118 καὶ
1660 1064 1760 1127 τὰς
1793 1063 2054 1126 στάλικας

481 1157 824 1226 ἀνατρέψειε,
861 1157 1046 1210 καὶτὰ
1072 1157 1266 1227 δένδρα
1294 1154 1570 1228 πρόρριζα
1613 1153 1941 1224 ἐκτρίψειεν,
1973 1153 2055 1205 ἐτι

487 1248 605 1311 πῶς
629 1250 774 1300 ἐστιν
799 1247 1140 1318 ὑπέρθυμος,
1176 1248 1550 1317 δυσόργιστος,
1581 1245 1846 1316 ἔμπυρος,
1888 1243 2056 1313 ὑπέρ-

486 1343 720 1410 ασθμος,
739 1339 797 1392 ἐν
817 1339 874 1390 δέ
901 1338 1154 1408 πλαγίοις
1178 1341 1289 1404 τοῖς
1317 1339 1499 1393 ὀδοῦσι
1524 1341 1632 1394 τῶν
1663 1339 1838 1392 κυνῶν
1856 1336 1916 1389 τὸ
1939 1335 2055 1406 τρί-

483 1447 645 1499 χωμα
679 1429 1010 1499 ἐπιφλέγων,
1043 1429 1205 1497 ὥστε,
1239 1433 1288 1482 εί
1323 1431 1418 1487 καὶ
1449 1431 1775 1485 ἀποθανόντι
1817 1428 1895 1499 τῷ
1929 1444 2057 1498 χαυ-

483 1519 711 1573 λιόδοντι
728 1519 1088 1588 προσενέγκοι
1111 1537 1194 1583 τις
1211 1521 1426 1591 τρίχας,
1443 1521 1562 1584 πῶς
1583 1522 1658 1584 ὡς
1679 1521 1784 1575 ἀπὸ
1809 1520 1978 1588 πυρὸς
2003 1519 2056 1573 αἱ
2078 1535 2085 1542 ·

483 1615 670 1683 τρίχες
691 1615 1042 1686 συνέρχονται
1064 1616 1164 1685 (2)'
1185 1613 1330 1668 οὕτω
1353 1614 1487 1668 πολύ
1511 1614 1571 1667 τὸ
1590 1611 1859 1682 φλογῶδες
1888 1615 2058 1683 πρόσ-

485 1721 637 1760 εστιν
670 1707 736 1758 ἐκ
763 1707 856 1759 τοῦ
891 1705 1065 1776 θυμοῦ
1093 1705 1170 1777 τῷ
1201 1706 1411 1777 θηρίῳο
1444 1707 1472 1758 6
1505 1706 1562 1759 δέ
1609 1707 1916 1777 κυνηγέτης
1945 1698 2058 1766 οἷος

489 1798 578 1861 σὺ,
604 1795 722 1860 πῶς
758 1795 940 1867 ἐμϐοᾷ
968 1799 1078 1861 τοῖς
1108 1797 1285 1861 κυσὶν,
1317 1797 1617 1865 ἐγκελεύει,
1645 1798 2053 1866 ἐνσημαίνεται,

485 1887 793 1956 ἐποτρύνει,
827 1888 1240 1957 προσκαλεῖται,
1276 1891 1596 1958 προτρέπει,
1628 1890 1910 1959 παρορμᾷ,
1941 1889 2056 1952 πῶς

482 1993 544 2028 τε
581 1977 816 2030 συνθέων
848 1978 1079 2046 γίνεται,
1134 1978 1507 2048 μεταδιώκων,
1557 1981 1872 2049 συμπονῶν,
1923 1997 2058 2048 συμ-

487 2067 963 2138 προθυμούμενος,
1002 2069 1544 2140 συνδιερευνὼμενος.
1596 2069 1780 2126 Ταῦτα
1821 2073 1928 2141 γὰρ
1962 2088 2059 2124 κα-

486 2159 592 2219 λῶς
623 2159 948 2212 ἐπίστασθαί
992 2176 1050 2212 σε
1088 2160 1393 2230 πέπεισμαι
1433 2161 1490 2213 ἐν
1524 2161 1914 2233 Πελοποννήσῳ
1945 2163 2061 2216 δια-

484 2250 752 2319 τρίψαντα
809 2251 1004 2319 χρόνον
1035 2252 1230 2320 συχνὸν
1288 2253 1423 2322 μετά
1473 2253 1582 2305 τῶν
1629 2254 1962 2324 Ἰλλυρικῶν,
2009 2255 2058 2308 οἳ

486 2343 627 2413 πρὸς
651 2341 925 2412 διέγερσιν
969 2346 1063 2398 καὶ
1109 2347 1420 2415 γυμνασίαν
1457 2345 1635 2400 κυνῶν
1683 2349 1825 2400 εἰσιν
1871 2349 2063 2419 ἐπιτή-

485 2435 643 2488 δειοι.
678 2433 861 2498 Ἕξεις
913 2435 969 2489 δέ
1021 2435 1168 2505 κάμέ
1221 2437 1590 2508 συνεπόμενον
1639 2443 1732 2491 καὶ
1769 2439 2063 2508 συμπράτ-

486 2541 670 2589 τοντα,
703 2527 766 2579 οὐ
816 2531 976 2595 μόνον
1009 2528 1112 2598 ἤδη
1167 2529 1304 2598 πρὸς
1351 2530 1418 2584 τὰ
1468 2531 1561 2584 τοῦ
1597 2532 1742 2595 συὸς,
1790 2533 1926 2585 ἀλλά
1970 2534 2064 2586 καὶ

487 2617 625 2686 πρὸς
657 2617 728 2670 τὰ
757 2617 866 2672 τῶν
914 2617 1090 2672 ἀλλων
1123 2619 1348 2690 θηρίων.
1397 2622 1709 2675 Σπούδασον
1759 2625 1958 2690 τοίνυν,
1997 2625 2064 2678 ἵν’

487 2707 617 2777 ἔχῃς
680 2708 772 2762 καὶ
826 2710 917 2762 τὸν
982 2710 1212 2764 τεκόντα
1265 2712 1428 2782 χάριν
1470 2714 1645 2766 εἰδότα
1693 2734 1811 2779 σοι,
1853 2717 1926 2780 ὡς
1975 2720 2066 2773 τὸν

489 2798 674 2866 ἀμαθῆ
708 2799 827 2850 υἱον
864 2799 933 2852 τά
971 2803 1069 2866 τῆς
1101 2802 1272 2870 θήρας
1297 2801 1606 2868 διδάξαντα,
1647 2806 1790 2873 κάμέ
1819 2807 1908 2857 διὰ
1938 2825 2067 2861 παν-

490 2886 577 2951 τὸς
611 2887 703 2940 τοῦ
737 2887 855 2957 βίου
893 2889 992 2957 τὴν
1032 2889 1341 2960 διδασκάλῳ
1371 2874 1757 2962 προσήκουσαν
1791 2895 1925 2948 αἰδῶ
1972 2899 2068 2950 καὶ

392 3038 395 3039 ν
490 2978 659 3049 τιμὴν
689 2980 1053 3049 ἀπονέμοντα.

491 3089 569 3146 Γ.
612 3090 700 3170 ζῷ
743 3092 1144 3170 λαμπροζάτφ
1184 3093 1502 3170 μεςάζοῖτι
1548 3099 1644 3152 καί
1680 3102 1916 3170 γαμϐρῷ
1954 3105 2062 3159 τοῦ

610 3161 926 3226 βασιλέως
951 3161 1070 3215 τῶν
1104 3163 1346 3217 Δουκῶν
1378 3165 1477 3234 ('5),
1507 3170 1539 3220 ὁ
1584 3161 1931 3239 Σχόλᾶρῖοξι.

564 3254 631 3306 Σὲ
666 3254 761 3306 καὶ
790 3256 853 3324 τῇ
881 3254 1031 3306 πόλει
1054 3253 1228 3325 ταύτῃ
1253 3256 1546 3324 πάγκοινον
1570 3260 1772 3327 ἀγαθὸν
1793 3264 1851 3315 ἐν
1876 3252 2088 3337 ἀπάσης(

493 3349 653 3418 χρεία
688 3348 783 3400 καὶ
822 3351 999 3419 χρόνῳ
1027 3353 1212 3416 παντὶ,
1252 3353 1348 3404 καὶ
1381 3353 1528 3414 ίδίως
1561 3353 1814 3418 ἑκάστοις
1848 3357 2066 3428 πατέρα

493 3443 588 3494 καὶ
619 3441 911 3512 κηδεμόνα,
945 3445 1038 3496 καὶ
1071 3444 1227 3512 φίλον
1264 3445 1572 3515 πραότητος
1610 3447 1872 3516 γέμοντα,
1901 3449 2067 3502 δέδω-

492 3551 588 3586 κεν
612 3537 640 3587 6
665 3534 816 3599 Θεὸς,
849 3534 963 3604 ἅμα
996 3535 1095 3605 μὲν
1133 3536 1332 3600 αὐτοὺς
1368 3537 1615 3607 ὠφελῶν,
1655 3538 1845 3609 ὥσπερ
1876 3541 2066 3594 ἄλλοτε

495 3627 750 3690 πολλάκις
781 3628 868 3681 ἐπ’
899 3629 1078 3700 ἀγαθῇ
1125 3630 1232 3682 τῶν
1282 3621 1577 3700 Ῥωμαίων
1625 3633 1764 3704 τύχῃ
1808 3634 2065 3698 τοιαύτας

494 3721 686 3787 φύσεις
721 3719 1054 3790 ἀνέστησεν,
1101 3715 1176 3775 ὧν
1204 3723 1355 3776 οὐδὲν
1397 3723 1614 3778 ἔλαττον
1652 3730 1684 3794 ή
1724 3727 1815 3795 σὴ,
1864 3726 1982 3796 ἅμα
2010 3726 2068 3780 δὲ

494 3812 592 3863 καὶ
623 3811 682 3864 σὲ
717 3811 812 3880 τῆς
843 3812 1012 3875 ὅντως
1053 3813 1268 3884 χρυσῆς
1310 3817 1708 3885 προαιρέσεως,
1740 3817 1806 3888 ἢν
1846 3819 2068 3889 προῄδει

496 3898 802 3967 πόρρωθεν,
831 3901 1218 3970 ἀμειϐόμενος,
1253 3904 1350 3958 καὶ
1384 3903 1707 3972 βουλόμενός
1741 3925 1822 3960 σοι
1856 3910 2070 3977 μεγάλα

499 3988 595 4039 καὶ
637 3991 704 4057 τῇ
761 3991 827 4057 σῇ
885 3990 1082 4060 γνώμῃ
1139 3995 1491 4061 προσήκοντα
1544 4000 1963 4064 παρασκευάσαι
2003 4002 2105 4054 τὰ.

499 4072 660 4130 ἆθλα.
718 4079 994 4148 Γράψαιτο
1043 4081 1096 4133 δ’.
1126 4081 1192 4134 ἂν
1235 4083 1406 4146 οὐδείς
1461 4103 1529 4154 με
1580 4088 1807 4142 τοιαῦτα
1844 4092 2072 4158 λέγοντα

503 4165 814 4230 κολακείας.
851 4170 918 4221 Σὲ
951 4170 1058 4238 γὰρ
1109 4172 1272 4241 μόνον
1310 4175 1551 4228 ἐπαινῶν
1581 4195 1667 4240 τις
1714 4180 1814 4251 τὴν
1865 4182 2074 4252 μέμψιν

503 4255 710 4326 ταύτην
753 4259 813 4310 οὐ
864 4258 1002 4313 δέδιε
1030 4276 1044 4290 ’
1096 4263 1253 4330 κάγὼ
1289 4266 1452 4334 μόνου
1483 4267 1675 4322 τούτου
1709 4255 1815 4325 τῶν
1863 4272 2074 4344 ἀνθρω-

500 4349 676 4400 πίνων
726 4348 1124 4421 ἐλαττωμάτων
1173 4359 1560 4428 καυχησαίμην
1604 4361 1671 4414 ἂν
1721 4365 2067 4419 παντάπασιν

501 4438 869 4522 ἀπηλλάχθαι,
901 4442 1043 4498 ὥστε
1099 4447 1212 4509 καὶ,
1266 4447 1344 4518 τῷ
1396 4449 1470 4519 μὴ
1521 4451 1779 4505 δύνασθαι
1825 4456 2068 4525 χρῆσθαι

499 4529 669 4600 ταύτῃ
691 4532 754 4600 τῇ
781 4532 966 4603 τέχνῃ,
1003 4534 1166 4598 ἐνίοις
1185 4535 1296 4589 τῶν
1327 4538 1558 4606 ὠφελεῖν
1586 4541 1902 4612 δυναμένων
1931 4547 2074 4612 τίνος

499 4622 601 4674 οὐκ
635 4623 960 4692 ἀηδέστερος
993 4624 1174 4688 ἔδοξα.

582 4712 647 4764 Ἠ
687 4715 785 4782 μὲν
823 4713 916 4768 οὖν
971 4716 1127 4780 πόλις
1179 4721 1412 4788 χρυσοῦς
1472 4739 1557 4774 σοι
1599 4726 1727 4787 τοὺς
1777 4727 2073 4795 στεφάνους

500 4804 727 4872 ὀφείλει,
759 4804 1003 4876 δηλονότι
1032 4809 1234 4872 πολλὰς
1273 4812 1368 4864 καὶ
1400 4813 1644 4880 μεγάλας
1675 4815 1772 4878 τὰς
1807 4818 2065 4886 άμοιῦάς·

501 4893 552 4942 εί
585 4890 640 4943 δὲ
671 4892 798 4961 μήτ’
829 4896 1177 4962 ἀποδίδωσιν,
1231 4897 1342 4951 οὐτ’
1375 4900 1667 4966 ἀποδώσει,
1707 4908 1818 4967 τοῖς
1863 4913 2074 4975 καιροῖς

501 4979 657 5031 τοῦτο
699 4981 792 5034 καὶ
823 4985 935 5046 τοῖς
964 4985 1022 5037 ἐν
1049 4987 1186 5056 αὐτῇ
1222 4989 1564 5060 κρατήσασιν
1588 4991 1738 5044 ἔθεσι
1772 4994 2073 5062 λογιστέον.

505 5069 685 5122 Ἔστω
713 5072 770 5122 δέ
807 5089 888 5124 σοι
916 5075 1009 5126 καὶ
1031 5077 1151 5129 ἀντὶ
1186 5081 1469 5145 στεφάνων
1495 5082 1632 5154 αὐτὴ
1663 5084 1949 5156 σωζομένη
1979 5092 2075 5141 καὶ

505 5161 641 5225 μετά
686 5161 793 5212 τῶν
843 5164 1055 5234 ἐχθρῶν
1112 5170 1468 5240 είρηνεύουσα
1496 5212 1510 5238 ,
1567 5177 1662 5227 καὶ
1699 5177 1825 5229 ὅσον
1863 5179 2074 5245 ἔξεστιν

501 5248 913 5321 εὐθηνουμένη·
970 5257 1147 5310 ταῦτα
1199 5262 1305 5330 γὰρ
1356 5263 1535 5315 πάντα
1573 5263 1722 5334 δῶρα
1776 5267 1933 5333 Θεοῦ,
1978 5273 2072 5324 καὶ

499 5341 599 5405 τῆς
653 5341 754 5408 σῆς
791 5345 928 5411 μετὰ
979 5346 1068 5400 τὸν
1130 5350 1355 5416 ἄριστον
1415 5353 1640 5420 βασιλέα
1692 5360 1930 5428 σπουδῆς
1979 5363 2072 5414 καὶ

498 5429 797 5498 φροντίδος.
833 5430 957 5487 Τῶν
989 5434 1046 5488 δὲ
1095 5439 1248 5508 παρὰ
1288 5441 1508 5494 πάντων
1552 5445 1791 5498 ἐπαίνων
1829 5454 1923 5502 καὶ
1965 5453 2074 5503 τῶν

569 5595 644 5674 (ξ)
679 5593 903 5674 Υξάρμη
942 5602 1213 5674 esci¢_ljsse
1242 5605 1468 5674 aliquid.

781 5666 1209 5751 ’Χειιορίικνοω
1243 5691 1294 5740 x,
1325 5662 1411 5751 1'_'l_.

2149 522 2230 585 τίς
2258 523 2307 576 τ’
2355 523 2421 577 ἄν
2464 541 2550 577 σοι
2598 521 2825 592 βελτίων
2855 523 3054 591 ἀρετῆς
3098 539 3158 573 τε
3209 520 3302 574 καὶ
3337 521 3478 591 πρὸς
3517 521 3721 584 πάντας

2151 615 2478 685 κηδεμονίας
2508 615 2719 683 γένοιτο
2751 617 3068 685 μαρτυρία;
3105 614 3308 684 μᾶλλον
3335 614 3415 677 δὲ,
3444 613 3650 666 τούτων
3673 614 3724 666 τί

2153 707 2351 772 γένοιτ’
2389 705 2454 758 ἂν
2514 707 2937 774 εὐτυχέστερον;
2967 706 3101 774 Ζῆθι
3143 707 3341 772 τοίνυν,
3379 706 3476 760 καὶ
3523 707 3726 774 κόσμος

2155 795 2264 851 ῐσθι
2305 799 2502 859 κοινὸς,
2556 796 2650 850 καὶ
2696 798 2851 868 χαῖρε
2891 797 3104 849 πολλῶν
3143 797 3365 866 ἀγαθῶν
3411 796 3727 868 τετυχηκὼς

2153 887 2395 942 ἄνωθενο
2425 888 2476 940 εἰ
2508 889 2559 941 τί
2591 906 2672 942 σοι
2708 890 2800 942 καὶ
2830 887 3098 958 λυπηρὸν,
3134 884 3223 941 οἷα
3252 889 3316 958 δὴ
3350 888 3727 960 τάνθρώπινα,

2155 976 2440 1046 ἀπαντῴη,
2490 977 2721 1047 δοκιμήν
2757 995 2879 1030 τινα
2933 979 3034 1047 τῆς
3090 979 3356 1047 Προνοίας
3400 980 3496 1032 καὶ
3548 979 3729 1041 τοῦτο,

2135 1069 2250 1120 -καλ
2296 1068 2496 1140 μικρόν
2545 1085 2598 1120 τι
2633 1069 2727 1120 καὶ
2758 1069 2980 1132 ἀσθενὲς
3025 1069 3126 1135 τῆς
3169 1069 3298 1141 ὅλης
3338 1071 3591 1141 εὐτυχίας
3627 1071 3731 1124 κὼ-

2155 1161 2327 1229 λυμα,
2363 1160 2584 1229 κρίνων,
2610 1160 2705 1214 καὶ
2738 1159 2814 1230 τῷ
2842 1162 3057 1228 τάγαθά
3083 1161 3336 1216 δεδωκότι
3369 1165 3464 1216 καὶ
3497 1163 3598 1233 τῆς
3623 1163 3732 1216 τῶν

2155 1255 2419 1325 χειρόνων
2452 1252 2774 1324 ἀπαλλαγῆς
2807 1253 3045 1318 ἐλπίζων
3082 1255 3364 1325 μελήσειν.

2228 1389 2304 1443 Τδ
2331 1389 2376 1441 δ’
2415 1390 2548 1458 ἐμον
2577 1390 2694 1454 πῶς
2739 1388 2807 1442 ἂν
2853 1390 3104 1461 εῐποιμι;
3145 1391 3252 1446 κᾶν
3282 1391 3392 1462 γάρ
3424 1393 3605 1454 πάσας
3635 1392 3733 1451 τὰς

2159 1482 2517 1552 ἀνθρωπικὰς
2551 1483 3037 1554 ἀπαριθμήσωμαι
3091 1485 3338 1554 σχέσεις,
3399 1485 3593 1538 πασῶν
3644 1485 3732 1538 εὐ-

2165 1573 2315 1643 ρήσω
2346 1572 2519 1642 μείζω
2545 1573 2642 1642 τὴν
2670 1574 2808 1642 πρὸς
2833 1574 2933 1644 ἐμὲ
2966 1575 3059 1626 σοῦ
3091 1576 3185 1628 καὶ
3207 1575 3550 1646 θερμοτέραν
3571 1592 3586 1607 ·
3609 1577 3733 1630 ὅθεν

2166 1665 2410 1733 σιγάσθω
2442 1666 2543 1735 μέν
2576 1667 2604 1718 6
2633 1667 2835 1735 πατὴρ,
2865 1665 3110 1734 ἀφείσθω
3137 1666 3193 1719 δέ
3229 1669 3262 1738 ἡ
3297 1668 3498 1738 μήτηρ,
3523 1669 3576 1722 οἱ
3604 1686 3734 1737 συγ-

2087 1752 2134 1812 Β
2164 1757 2366 1825 γενεῖς,
2398 1757 2578 1810 πάντα
2604 1757 2670 1827 δὴ
2713 1757 2782 1810 τά
2820 1759 3077 1811 τοιαῦτα⁹
3112 1758 3354 1827 λεγέσθω
3394 1760 3450 1813 δὲ
3480 1761 3542 1812 τὸ
3577 1760 3734 1830 μάλι-

2162 1866 2260 1903 στα
2292 1847 2529 1917 πρέπον,
2573 1849 2680 1913 ὅτι,
2708 1849 2807 1918 τῆς
2850 1850 3191 1922 ὑψηλοτάτης
3243 1851 3512 1923 Προνοίας
3549 1853 3734 1906 είκόνα

2159 1940 2256 1993 καὶ
2285 1938 2478 2006 τύπον,
2511 1939 2588 2002 ὡς
2636 1941 2895 2010 ἐγχωρεῖ,
2941 1941 3082 2012 πρὸς
3119 1941 3220 2010 ἐμὲ
3269 1942 3594 2014 βουλόμενος
3629 1945 3734 1998 σώε-

2162 2030 2304 2095 ζειν,
2333 2031 2386 2084 τί
2415 2031 2516 2100 μέν
2544 2031 2605 2084 οὐ
2638 2031 2842 2098 λέγεις,
2870 2035 2924 2085 τί
2957 2032 3004 2086 δ’
3033 2033 3096 2086 οὐ
3125 2034 3384 2101 πράττεις
3411 2035 3552 2105 ὑπὲρ
3573 2037 3730 2107 ἐμοῦ,

2163 2125 2217 2176 τί
2249 2123 2296 2176 δ’
2326 2123 2532 2194 ἀναδύῃ
2559 2121 2744 2177 δοῦναι
2782 2124 3120 2192 δυνάμενος;
3159 2125 3376 2181 Τούτων
3405 2127 3472 2192 δ’,
3515 2129 3596 2191 είς
3637 2130 3735 2197 μὲν

2164 2218 2375 2280 εὐνοίας
2429 2217 2627 2284 λόγον,
2685 2218 2783 2270 καὶ
2839 2217 3002 2280 αὐτὸς
3059 2219 3127 2272 ἂν
3169 2218 3380 2287 εἴποιμι
3431 2220 3584 2290 παρὰ
3641 2219 3735 2274 σοῦ

2163 2309 2457 2380 τυγχάνειν
2489 2310 2698 2373 δίκαιος
2720 2304 2896 2364 εἶναι’
2926 2311 3025 2380 τῆς
3055 2310 3102 2363 δ’
3128 2310 3295 2376 ἄλλης
3329 2312 3483 2378 ἀξίας
3509 2312 3736 2377 οὕνεκα,

2166 2403 2262 2455 καὶ
2289 2403 2618 2471 αἰσχύνομαι
2648 2402 2835 2471 σαφῶς
2856 2403 3117 2472 ἐμαυτὸν,
3148 2403 3292 2457 οὕτω
3323 2405 3531 2477 σφόδρα
3565 2405 3738 2477 τιμὼ-

2171 2509 2352 2560 μενος.
2399 2493 2511 2545 Καὶ
2539 2493 2637 2562 τῆς
2680 2493 2760 2554 είς
2805 2493 2951 2562 ἡμᾶς
2982 2487 3074 2546 οὖν
3121 2495 3429 2563 εὐμενείας,
3463 2496 3620 2565 ἡμῶν
3664 2495 3738 2566 μὴ

2167 2581 2480 2651 δυναμένων
2509 2582 2858 2651 ἀμείϐεσθαι,
2891 2583 3032 2652 πλὴν
3063 2584 3248 2654 εὐχαῖς
3275 2601 3334 2636 τε
3371 2588 3466 2639 καὶ
3499 2586 3737 2656 χαρίτων

2167 2674 2506 2744 ὁμολογίαις,
2537 2675 2634 2728 καὶ
2659 2675 2735 2744 τῷ
2764 2676 2862 2746 τὴν
2885 2675 3069 2745 ψυχὴν
3103 2677 3168 2730 ἂν
3192 2677 3330 2745 ὑπὲρ
3360 2677 3454 2731 σοῦ
3480 2677 3737 2746 προέσθαι

2173 2767 2291 2836 μεθ’
2322 2766 2540 2835 ἡδονῆς,
2575 2766 2763 2831 ἀξίους
2795 2768 3005 2822 ἄνωθεν
3029 2769 3153 2832 τοὺς
3198 2769 3448 2839 μισθοὺς,
3479 2771 3606 2835 τοὺς
3639 2772 3740 2841 μὲν

2169 2861 2315 2924 ἔξεις
2346 2865 2404 2914 ἐν
2437 2863 2516 2933 τῷ
2549 2864 2801 2931 παρόντι,
2837 2867 2885 2917 οἱ
2929 2865 2986 2917 δέ
3019 2881 3101 2917 σοι
3139 2865 3275 2935 μετὰ
3314 2863 3486 2918 ταῦτα
3515 2863 3744 2935 τηροῦν-

2171 2971 2280 3007 ται.
2329 2955 2492 3009 Ὅθεν
2527 2957 2652 3018 ταῖς
2675 2959 2865 3026 τιμαῖς
2911 2957 3006 3010 καὶ
3040 2958 3154 3020 ταῖς
3191 2959 3376 3029 χάρισι
3419 2958 3741 3029 βουλόμενος

2091 3075 2134 3133 C
2174 3045 2550 3114 προστιθέναι,
2587 3047 2662 3114 μὴ
2684 3045 2784 3116 τὴν
2814 3047 2970 3118 ήμῶν
3005 3047 3221 3116 λογίζου
3250 3049 3584 3118 φαυλότητα,
3622 3049 3740 3118 μηδ’

2169 3138 2276 3191 ύπδ
2339 3137 2544 3202 ταύτης
2605 3138 2885 3208 εἴργεσθαι
2945 3140 3344 3211 συγχωρήσῃς,
3406 3141 3524 3194 ἀλλ’
3587 3139 3743 3203 εἰδὼς

2166 3229 2242 3293 ὡς
2283 3229 2396 3300 ἔχει
2441 3230 2533 3283 τὸν
2578 3231 2972 3302 ἀμειψόμενον,
3028 3233 3146 3302 χρῶ
3189 3234 3253 3302 τῇ
3303 3233 3503 3286 σαυτοῦ
3550 3235 3740 3303 φύσει,

2173 3321 2374 3391 μᾶλλον
2417 3323 2471 3374 δὲ
2509 3323 2631 3375 νίκα
2683 3325 2878 3377 σαυτὸν
2932 3325 3070 3396 πρός
3122 3316 3182 3378 τε
3231 3325 3356 3388 τοῦς
3402 3325 3600 3390 ἄλλους
3633 3329 3740 3380 ’καὶ

2170 3412 2306 3480 πρὸς
2339 3413 2464 3481 ἐμέ.

2243 3506 2406 3558 Ἦκει
2461 3521 2545 3558 σοι
2599 3508 2693 3560 καὶ
2724 3509 2752 3560 6
2801 3507 2970 3571 ἵππος
3029 3509 3123 3562 καὶ
3181 3509 3375 3562 πολλαὶ
3440 3511 3538 3564 σδν
3593 3511 3741 3578 αὐτῷ

2170 3595 2404 3666 χαρίτων
2435 3593 2718 3663 ὁμολογίαι
2743 3611 2758 3625 ·
2786 3595 2905 3648 οὐδὲ
2938 3596 3046 3666 γὰρ
3079 3596 3268 3668 χρῄζω
3309 3596 3502 3651 τούτου
3531 3596 3738 3656 λοιπδν,

2171 3688 2435 3756 πράττειν
2465 3703 2524 3738 τε
2572 3686 2724 3739 οὐδὲν
2778 3687 2937 3755 ἔχων,
2971 3690 3063 3741 καὶ
3101 3690 3160 3741 τὸ
3197 3689 3356 3757 σῶμα
3387 3689 3744 3744 διαναπαύειν
3779 3703 3791 3711 ”

2174 3777 2378 3848 σφόδρα
2401 3777 2709 3847 πεπονηκὸς
2737 3777 2844 3832 ὑπὸ
2872 3778 2971 3848 τῆς
3002 3783 3156 3832 νόσου
3186 3779 3536 3848 βουλόμενος.
3559 3778 3740 3842 Ἴσως,

2173 3870 2391 3922 ἐπειδὰν
2421 3870 2450 3922 6
2484 3862 2737 3937 βασιλεὺς
2773 3872 3047 3942 ἐπανήκῃ,
3086 3872 3183 3924 καὶ
3221 3871 3315 3943 δέῃ
3352 3888 3420 3939 με
3467 3888 3746 3939 προσαγο-

2177 3962 2354 4029 ρεύειν
2377 3962 2578 4014 ἐκεῖνον
2612 3959 2839 4030 (δίκαιον
2866 3963 3016 4031 γάρ),
3059 3961 3228 4027 ἀπαξ,
3262 3965 3328 4016 ἂν
3356 3965 3382 4016 6
3413 3963 3552 4027 θεὸς
3596 3963 3743 4034 θέλῃ,

2174 4053 2362 4106 τούτου
2391 4053 2679 4122 δεήσομαι,
2711 4055 2798 4107 ὅτε
2832 4056 2926 4108 καὶ
2955 4056 3166 4118 πείσεις
3206 4058 3298 4109 τὸν
3332 4057 3489 4110 πάντ’
3522 4057 3743 4126 ἄριστον

2178 4140 2402 4210 βασιλέα
2430 4143 2574 4212 άπερ
2605 4143 2671 4196 ἂν
2701 4143 2864 4206 αὐτὸς
2891 4147 3158 4214 πρότερος
3188 4146 3276 4212 ὐφ’
3311 4144 3474 4216 ἡμῶν
3508 4148 3746 4214 εὐλόγως

2177 4235 2481 4302 πεισθείης.
2517 4232 2683 4301 Οἶμαι
2723 4236 2780 4289 δὲ
2819 4236 2944 4306 μηδ’
2974 4238 3183 4289 ἐκεῖνον
3220 4238 3612 4323 άναΰαλεῑσθαι
3647 4239 3747 4308 τὴν
3855 4265 3860 4269 ·

2177 4323 2406 4394 δωρεὰν,
2433 4323 2528 4376 νῦν
2565 4325 2662 4394 ὀψὲ
2694 4326 2840 4396 σαφῆ
2869 4327 2965 4397 τῆς
2997 4327 3142 4395 ἐμῆς
3181 4327 3318 4397 προς
3349 4329 3510 4380 αὐτδν
3537 4329 3751 4389 εὐνοίας

2094 4392 2144 4450 Ῐ)
2174 4392 2371 4485 πείραν
2397 4392 2631 4468 λαϐόντα
2657 4415 2752 4468 καὶ
2775 4392 2945 4478 άλλως
2979 4392 3112 4486 ἡμῖν
3141 4392 3421 4470 συνειδότα
3455 4417 3616 4471 τοῦτο
3650 4419 3748 4486 μὲν

2172 4507 2381 4571 δίκαια,
2409 4506 2563 4559 τοῦτο
2592 4507 2648 4559 δὲ
2683 4510 3082 4577 προχειρότατα
3107 4509 3372 4576 ἀξιοῦσιν.

2257 4637 2419 4691 ’Λλλὰ
2445 4637 2618 4692 ταῦτα
2653 4639 2752 4708 μὲν
2783 4636 3012 4710 ὕστερον
3037 4658 3050 4672 ⁸
3085 4642 3181 4693 νῦν
3214 4641 3269 4694 δὲ
3294 4643 3440 4711 ἡμᾶς
3475 4642 3586 4696 ῐσθι
3611 4642 3750 4696 πάνυ

2179 4733 2358 4784 καλῶν
2381 4733 2492 4784 τῶν
2519 4733 2617 4802 τῆς
2664 4733 2893 4802 ἡσυχίας
2943 4734 3249 4804 προοιμίων
3301 4736 3752 4807 αἰσθανομένους,

2182 4825 2275 4876 καὶ
2311 4823 2480 4876 πολλά
2523 4826 2587 4892 τῇ
2617 4823 2711 4876 τοῦ
2742 4825 2908 4878 τόπου
2957 4826 3228 4898 μεταϐολῇ
3262 4829 3572 4897 χαίροντας,
3605 4831 3754 4882 ἐλπί-

2182 4916 2373 4978 ζοντας
2401 4916 2454 4968 δὲ
2478 4916 2573 4969 καὶ
2598 4917 2696 4985 τὴν
2721 4916 2812 4968 τοῦ
2843 4919 3149 4986 σχήματος,
3186 4920 3390 4989 μᾶλλον
3428 4921 3484 4974 δὲ
3525 4922 3626 4991 τὴν
3658 4921 3754 4974 τοῦ

2180 5008 2407 5073 τρόπου,
2437 5006 2574 5058 Θεοῦ
2601 5008 2858 5072 διδόντος,
2893 5009 3027 5078 ἡμῖν
3053 5009 3131 5062 ἔτι
3163 5010 3323 5081 πλέον
3355 5012 3588 5077 ἀρέσειν.
3627 5011 3754 5081 Ὑφ’

2179 5097 2296 5159 ἐνὸς
2327 5096 2511 5165 μόνου,
2548 5097 2642 5165 τῆς
2673 5100 2763 5150 τοῦ
2816 5101 3068 5168 σώματος
3108 5100 3472 5170 ἐνοχλούμεθα
3517 5101 3757 5172 δυσκρα-

2180 5188 2320 5252 σίας,
2353 5183 2419 5257 ἧς
2461 5189 2561 5242 οὐκ
2599 5189 2716 5242 ἐστι
2758 5191 2972 5260 μηχανὴ
3020 5191 3298 5258 θαύματος
3346 5193 3475 5246 ἄνευ
3509 5194 3758 5247 ἀπαλλα-

2181 5280 2340 5349 γῆναι
2355 5318 2368 5331 .

2266 5369 2509 5437 Ὑγίαινε
2558 5371 2652 5425 καὶ
2697 5372 2854 5442 χαῖρε
2888 5373 3126 5441 πανοικὶ,
3169 5373 3380 5444 ἀνδρῶν
3431 5373 3626 5444 ἄριστε
3665 5377 3758 5429 καὶ

2183 5460 2244 5512 λα
2259 5460 2557 5529 μπρότατε.

573 5733 649 5800 (5)
682 5734 882 5804 Codex,
909 5733 1018 5794 τῶν
1043 5743 1100 5796 δο
1129 5743 1185 5811 ἦ,
1213 5733 1358 5814 ῳίυιί
1383 5747 1484 5814 Ιιιίιὶ
1511 5747 1618 5799 τῶν
1641 5793 1660 5796 _
1681 5748 1909 5820 δονκῶν,
1959 5755 2121 5813 llasio
2144 5760 2302 5814 duce.
