4118 6280
485 429 590 488 737
1805 427 2064 489 GEORG
2076 425 2209 488 IUS
2245 422 2570 486 PLETIIO.
3574 431 3579 434 ’
3639 415 3754 479 788

486 545 712 598 invenire
762 558 867 613 qua
925 544 1132 599 ratione
1151 545 1205 599 hi
1257 554 1440 601 mutuo
1497 544 1865 615 respondeant,
1903 544 2166 613 inquirere
2224 539 2425 595 destitit
2470 554 2489 594 :
2530 540 2584 593 in
2615 536 3014 595 commentariis
3064 536 3128 590 de
3190 535 3360 605 legum
3402 532 3753 597 institutione,

487 649 601 686 cum
644 631 709 685 de
742 631 951 694 diebus,
1003 636 1297 703 mensibus,
1320 647 1368 691 et
1416 653 1557 692 anno
1616 638 1910 707 prwcipiat,
1956 652 2059 704 qua
2096 642 2274 688 tamen
2322 632 2528 686 ratione
2554 622 2891 686 Athenienses
2936 646 3139 685 menses
3193 641 3318 683 suos
3375 637 3620 695 agerent,
3684 641 3754 679 ne

487 721 691 770 verbum
713 717 919 784 quidem
957 717 1113 786 facit.
1145 717 1391 773 Primum
1429 718 1483 773 in
1519 729 1752 775 tractatu
1794 731 1983 777 nostro
2020 720 2093 778 De
2118 736 2365 775 mensura
2386 731 2684 785 temporum
2719 720 3089 788 antiquorum,
3144 727 3195 773 et
3226 717 3491 787 prtrcipue
3535 711 3756 769 (τητω-

472 808 602 857 ‘rum
646 804 1058 872 exscripsimus,
1098 820 1236 876 «cap.
1305 806 1371 860 ιε
1403 805 1482 880 [ν.
1549 808 1616 864 ad
1653 825 1709 862 ιι.
1765 807 1885 880 21].
1942 825 2065 865 cum
2128 809 2291 866 Gazm
2341 822 2439 878 pro
2491 806 2778 871 Plethone,
2842 820 3007 877 quem
3059 804 3148 861 ille
3196 804 3428 875 carptim
3486 802 3540 856 in
3588 815 3762 871 opus-

489 891 613 946 culo
664 891 732 947 de
766 893 1050 949 mensibus
1080 893 1461 964 reprehendit,
1516 897 1994 966 responderemus.
2058 897 2207 954 Libri
2260 897 2420 968 plane
2494 893 2814 950 Plethonico
2865 893 3025 965 genio
3083 906 3368 963 suppares,
3446 890 3617 945 tctius
3657 904 3763 943 an-

490 980 759 1049 tiquitatis
827 988 882 1036 et
953 983 1237 1053 theologia».
1316 984 1667 1054 antiquorum
1744 984 2197 1055 philosophorum
2272 982 2654 1053 promicoudi;
2722 981 2833 1037 rari
2890 991 3097 1046 tamen,
3167 989 3223 1035 et
3278 978 3412 1033 mihi
3478 978 3762 1033 incertum

492 1083 559 1122 an
615 1068 807 1140 integri
885 1069 1084 1126 alicubi
1141 1070 1490 1127 detineantur
1527 1071 1622 1144 (b),
1693 1071 1901 1143 indigni
1964 1074 2169 1131 tamdiu
2232 1071 2453 1138 lateant,
2510 1070 2655 1141 digni
2713 1069 2852 1136 luce,
2913 1080 2968 1127 et
3033 1067 3127 1139 qui
3196 1065 3444 1123 omnium
3498 1064 3764 1120 manibus

491 1158 761 1206 terantur.
1210 1188 1216 1195 -

562 1263 772 1320 [lorum
805 1266 1172 1334 publicatione
1201 1269 1364 1345 (c-d),
1396 1282 1453 1330 et
1475 1276 1619 1343 quod
1654 1278 1901 1352 plerique
1930 1295 2121 1350 parum
2150 1280 2204 1338 in
2235 1298 2359 1340 eum
2389 1292 2576 1341 essent
2606 1282 2744 1339 alias
2767 1282 2836 1339 ob
2864 1296 3065 1337 causas
3094 1279 3371 1350 propensi,
3397 1275 3766 1333 oll'ensionem

492 1352 791 1408 multorum
821 1356 1072 1423 incurrit,
1110 1359 1200 1428 qui
1231 1360 1286 1415 in
1313 1377 1438 1417 eum
1471 1365 1673 1421 acriter
1701 1366 1897 1423 invecti
1932 1384 2043 1425 non
2077 1370 2320 1425 ludibrio
2348 1378 2560 1426 tantum
2592 1371 2871 1425 hominem
2906 1369 3148 1422 habuere
3173 1377 3226 1420 et
3281 1364 3585 1423 maledictis
3629 1377 3764 1417 one—

493 1449 707 1508 rarunt,
738 1440 831 1496 sed
865 1443 1028 1499 etiam
1057 1460 1085 1499 a
1118 1446 1220 1502 fide
1249 1447 1584 1520 Christiana,
1612 1467 1723 1508 non
1750 1456 1994 1525 alterius,
2020 1472 2189 1528 quam
2216 1458 2412 1513 horum
2440 1458 2704 1513 librorum
2737 1456 3004 1513 doctrinm
3035 1453 3378 1525 probatione,
3435 1451 3501 1505 ad
3547 1451 3755 1520 gentili.

493 1543 669 1583 summ
699 1531 1013 1601 prolapsum
1037 1532 1331 1592 descivisse
1359 1537 1717 1605 alllrmarunt,
1749 1557 1813 1598 ac
1843 1553 2070 1600 caeteros
2090 1544 2421 1601 Christianae
2450 1544 2732 1616 religionis
2765 1544 3002 1600 asseclas
3040 1549 3378 1596 monuerunt
3411 1547 3469 1593 ut
3514 1554 3542 1592 a
3567 1538 3769 1593 simili-

495 1618 596 1672 bus
646 1617 801 1674 libris
828 1629 881 1673 et
912 1622 1132 1676 homine
1158 1622 1518 1689 abstinerent.
1538 1638 1907 1701 caverentque
1939 1632 2043 1689 sibi
2076 1648 2107 1687 a
2137 1648 2247 1688 non
2281 1635 2464 1689 minus
2494 1631 2877 1687 Mahumetana
2902 1630 3150 1685 doctrina
3180 1627 3505 1698 pernici'usis
3533 1627 3769 1695 dugsua-

496 1707 647 1762 ι’ῢιιδ
675 1724 689 1771 ς
726 1708 781 1763 in
819 1724 927 1780 quo
961 1711 1014 1763 in
1050 1710 1351 1781 iniquiores
1378 1729 1438 1771 se
1469 1717 1616 1786 aliis,
1650 1727 1704 1775 et
1727 1734 1889 1790 quam
1922 1737 2020 1793 par
2066 1730 2205 1789 erat,
2240 1720 2544 1791 prmsﬁtere
2576 1718 2845 1788 Georgius
2872 1716 3277 1788 Trapezuntius
3314 1715 3378 1787 jn
3440 1712 3769 1784 Comparat.

495 1792 738 1850 Platonis
765 1806 815 1850 et
839 1797 1161 1864 Aristotelis,
1193 1814 1314 1867 cap.
1346 1803 1670 1871 penultlmo,
1703 1806 1800 1862 lib.
1832 1823 1891 1861 ιιι
1981 1806 2227 1875 Μαηιιει,
2258 1807 2466 1878 Magna:
2499 1806 2764 1862 Ecclesiae
2795 1806 2983 1860 rhetor
3019 1805 3282 1860 adversus
3330 1801 3647 1857 Plethonem
3693 1801 3771 1856 de

496 1886 852 1951 processione
884 1884 1120 1955 Spiritus
1148 1888 1346 1954 sancti,
1382 1904 1449 1944 ex
1470 1895 1745 1948 sententia
1774 1909 1995 1965 quoque
2024 1894 2091 1952 Sc

2202 1895 2295 1950 arii
2327 1894 2690 1965 patriarchae:
2717 1892 2984 1962 Καθάπερ
3018 1889 3321 1959 τηνικαῦτα
3348 1888 3581 1942 τοιοῦτοί
3605 1904 3762 1948 τινες

495 1966 634 2038 ἦσαν
661 1972 882 2042 λογικῆς
915 1975 1014 2045 μὲν
1046 1975 1317 2040 παιδείας,
1349 1978 1385 2047 ἢ
1414 1979 1549 2048 πρὸς
1574 1978 1771 2052 βραχὺ,
1797 1982 1829 2053 ἢ
1858 1983 2091 2055 οὐδαμῶς

2202 1981 2524 2053 ιτασχόντες,
2555 1990 2666 2037 etc.
2696 1978 3159 2046 Quemadmodum
3192 1988 3316 2031 tunc
3362 1977 3611 2046 temporis
3631 1974 3770 2029 tales

496 2061 711 2128 quidam
747 2072 917 2120 erant.
947 2062 1137 2133 quibus
1164 2064 1349 2133 logica:
1381 2067 1514 2121 artis
1541 2079 1632 2123 aut
1658 2084 1849 2138 parum
1880 2079 1974 2125 aut
2022 2071 2162 2126 nihil
2196 2074 2390 2137 inerat,
2442 2071 2740 2126 inanissimi
2806 2086 2924 2124 vero
2978 2066 3209 2122 rumoris
3252 2085 3285 2120 a
3335 2067 3493 2136 plano
3548 2064 3771 2119 diabolo

498 2148 675 2216 sparsi
705 2149 1107 2209 inconsiderati.
1137 2153 1581 2222 quemadmodum
1604 2167 1662 2211 ut
1693 2156 1984 2227 plurimum
2008 2160 2290 2227 levissimae
2320 2161 2482 2215 veluti
2534 2159 2703 2229 palea:
2752 2159 3153 2213 homuncionem
3209 2154 3491 2223 plebecula
3549 2153 3771 2207 coutin-

499 2252 611 2305 θεῖε
640 2238 828 2304 suevit,
859 2248 1165 2294 sectatores.
1201 2240 1307 2295 Sed
1336 2259 1561 2313 magnus
1584 2247 1907 2317 grandisque
1935 2250 2220 2303 sanctitate
2252 2257 2301 2303 et
2325 2265 2442 2302 vere
2469 2246 2803 2301 beatissimus
2855 2244 3164 2315 patriarcha
3210 2241 3513 2300 Gennadius
3566 2254 3772 2309 cogno-

498 2335 670 2379 mento
695 2324 1008 2380 Scholarius
1031 2342 1133 2382 non
1165 2338 1374 2383 tantum
1401 2330 1457 2385 in
1481 2344 1718 2398 externa,
1745 2334 1836 2389 sed
1868 2346 2054 2391 nostra
2086 2336 2266 2390 diuina
2298 2334 2541 2389 doctrina
2572 2332 2866 2407 adﬂuenter
2921 2333 3102 2395 nimis,
3142 2330 3212 2383 ad
3267 2337 3560 2383 extremum
3602 2340 3777 2394 usque

500 2414 918 2481 perspicacitatis
943 2417 1265 2487 pertingens,
1294 2429 1350 2473 ut
1385 2421 1659 2489 utriusque
1685 2423 1962 2491 sapientia:
1988 2425 2229 2493 perennis
2256 2424 2449 2492 ﬂuvius
2473 2423 2707 2476 omnium
2737 2421 3037 2475 testintonio
3066 2417 3463 2490 comprobatus,
3515 2426 3571 2469 ut
3611 2414 3778 2482 plane

501 2505 685 2574 quibus
716 2503 919 2574 aliquid
950 2505 1242 2575 logicarnm
1272 2506 1677 2579 disciplinarum
1707 2513 1762 2565 in
1787 2525 1992 2581 pectore
2020 2522 2119 2579 est,
2153 2529 2218 2567 ea:
2247 2511 2392 2565 illius
2425 2500 2821 2565 commentariis
2856 2510 3197 2578 manifestum
3224 2515 3320 2561 est.
3353 2505 3456 2560 Hic
3488 2502 3769 2558 sanctissi-

499 2610 617 2646 mus
640 2594 743 2652 air.
772 2593 990 2661 perbelli
1012 2597 1180 2649 nostri
1211 2594 1433 2652 Gemisti
1468 2598 1618 2653 rebus
1652 2601 1992 2667 examinatis,
2024 2601 2320 2671 duplicique
2342 2599 2425 2654 illi
2441 2601 2627 2654 innata
2653 2600 2885 2670 pernicie
2914 2608 3071 2669 atque
3102 2594 3414 2651 hebetudine
3465 2598 3770 2661 perspecta.

502 2681 641 2736 hunc
672 2683 726 2736 in
754 2684 966 2736 modum
989 2683 1053 2738 de
1085 2700 1143 2738 eo
1169 2686 1485 2740 sententiam
1522 2687 1664 2740 tulit.
1701 2687 2019 2758 Quanquam
2044 2699 2169 2743 ante
2190 2689 2282 2741 hos
2307 2704 2504 2758 paucos
2563 2689 2675 2741 dies
2738 2686 2926 2740 Pletho
2978 2684 3253 2755 gentilium
3298 2683 3423 2735 deos
3470 2676 3770 2746 complures

501 2786 690 2824 rursus
721 2772 994 2824 restituere
1031 2781 1254 2825 conatus
1279 2775 1369 2836 sit,
1401 2774 1455 2827 id
1482 2773 1677 2828 hebetis
1707 2775 1851 2830 illius
1880 2775 2093 2831 consilii
2122 2793 2185 2830 ac
2211 2776 2505 2831 intellectus
2538 2775 2723 2830 vitium
2755 2774 2881 2844 fuit,
2908 2781 2959 2827 et
2987 2789 3081 2827 nos
3118 2773 3173 2825 in
3194 2770 3310 2840 ejus
3340 2767 3621 2822 amentiam
3649 2763 3781 2833 plu-

504 2858 643 2911 rima
674 2858 1004 2926 scripsimus,
1036 2874 1098 2913 ne
1134 2861 1250 2928 quis
1278 2875 1306 2914 e
1332 2860 1745 2928 simplicioribus
1771 2862 1921 2916 inani
1948 2864 2092 2918 illius
2122 2866 2394 2934 sapientia:
2419 2864 2577 2933 fama
2627 2863 2864 2930 credens,
2907 2862 3194 2916 discrimen
3243 2859 3421 2914 adeat.
3478 2854 3783 2911 Mathema-

507 2946 627 2998 ticis
657 2961 881 3015 namque
909 2945 1225 3015 disciplinis,
1253 2946 1344 3001 sed
1379 2947 1488 3002 illis
1518 2965 1635 3018 quae
1661 2965 1725 3003 ea:
1759 2950 1914 3003 trivio
1945 2963 2119 3019 erant,
2148 2953 2506 3024 inﬁciebatur,
2537 2970 2569 3007 a
2594 2951 2785 3023 quibus
2813 2950 3020 3005 nullum
3050 2950 3281 3019 fructum
3301 2952 3623 3015 perceperat.
3652 2940 3779 2994 Elo—

507 3034 734 3105 quentia:
765 3050 976 3102 operam
1007 3033 1176 3103 dedit,
1205 3036 1296 3090 sed
1324 3037 1380 3091 in
1418 3024 1751 3108 impiissimis
1800 3038 1863 3094 ac
1896 3040 2231 3096 stultissimis
2257 3041 2381 3107 scri;
2404 3040 2634 3095 tionibus
2662 3038 2859 3105 ;idque
2881 3040 3077 3108 optimo
3125 3034 3439 3090 Latinorum
3496 3028 3777 3099 proverbio

506 3121 847 3187 exprimitur,
880 3121 1055 3179 Purus
1088 3120 1504 3189 Grammaticus,
1533 3142 1698 3194 purus
1727 3128 2115 3183 Asinusrudis
2143 3131 2298 3194 adeo,
2324 3129 2557 3199 nihilque
2584 3146 2615 3184 a
2650 3128 2743 3183 uili
2772 3128 3078 3197 vulgat-ique
3104 3125 3379 3179 hominum
3408 3136 3591 3192 genere
3621 3116 3787 3184 di/fe-

509 3228 630 3264 iens
661 3213 715 3266 in
744 3213 962 3266 veritate
990 3229 1052 3267 ac
1083 3214 1357 3269 mendacio
1384 3214 1770 3283 dijudicandis,
1801 3217 1979 3283 Quare
2004 3217 2224 3284 quilibet
2253 3233 2371 3272 eum
2399 3216 2549 3287 facili
2583 3216 2789 3286 negotio
2824 3214 3118 3284 refellebat,
3159 3223 3206 3266 et
3257 3225 3441 3278 puero,
3496 3205 3784 3259 dummudo

507 3316 640 3370 puer
667 3301 871 3370 aliquid
905 3302 1143 3355 tentandi
1166 3318 1328 3357 causa
1363 3304 1696 3369 mentiretur,
1733 3305 2045 3373 respondere
2076 3305 2221 3359 haud
2248 3314 2473 3376 poterat.
2508 3305 2840 3373 Quapropter
2861 3311 3008 3357 tanta
3036 3316 3213 3354 errore
3247 3299 3370 3351 levis
3400 3295 3492 3349 ille
3533 3292 3782 3360 abreptus

507 3400 605 3445 est.
630 3387 952 3445 Theodorus
978 3388 1105 3444 item
1131 3389 1275 3445 Gaza
1304 3389 1396 3444 lib.
1429 3388 1504 3446 De
1532 3392 1818 3459 mensibus,
1846 3407 1965 3461 cap.
1993 3393 2059 3449 16

2202 3394 2308 3456 ius;
2335 3393 2380 3446 δ’
2414 3392 2480 3447 ἂν
2510 3393 2703 3464 εἴησαν
2736 3391 3068 3462 ἱερομηνίαι,
3104 3388 3354 3457 Πλήοωνι.
3390 3384 3490 3454 μὲν
3527 3382 3782 3452 ἥρμοττε

511 3479 700 3548 φάναι,
733 3480 807 3539 ὠς
829 3478 893 3549 δή
929 3495 1083 3542 τινας
1104 3479 1299 3549 ἑτέρας
1327 3478 1436 3533 τῶν
1472 3480 1606 3550 ἡμῖν
1640 3480 2020 3549 νομιζομένων
2053 3482 2461 3552 νομοθετοῦντι.
2498 3484 2665 3554 Ἦμῖν
2697 3484 2742 3536 δ’
2766 3485 2968 3553 ἦκιστα
2997 3482 3077 3534 δεῖ
3107 3477 3283 3540 ἄλλως
3322 3493 3382 3529 τε
3417 3475 3512 3526 καὶ
3544 3472 3616 3539 μὴ
3646 3468 3785 3535 περὶ

509 3568 706 3621 τούτου
735 3567 830 3621 νῦν
862 3568 1017 3631 ὄντος
1045 3566 1140 3621 τοῦ
1176 3567 1359 3637 λόγου.
1395 3567 1659 3623 Caeterum
1683 3572 1773 3639 qui
1794 3569 1903 3623 dies
1918 3569 2091 3639 forent

2202 3569 2345 3624 ebres
2372 3571 2678 3641 feriatique,
2716 3568 2956 3625 Plethoni
2986 3569 3200 3636 quidem
3228 3580 3333 3619 non
3364 3569 3478 3616 erat
3532 3558 3787 3612 indecens

511 3672 794 3721 recensere,
825 3664 882 3710 ut
908 3657 997 3725 qui
1028 3656 1164 3711 alios
1199 3656 1310 3711 dies
1338 3656 1527 3726 festos,
1559 3674 1718 3727 quam
1748 3659 1840 3729 qui
1877 3675 1909 3712 a
1937 3659 2087 3713 nobis
2111 3663 2300 3730 recepti
2319 3662 2449 3725 sint,
2480 3661 2792 3716 constituat.
2831 3658 3004 3713 Nobis
3032 3672 3154 3712 vero
3183 3654 3239 3708 id
3260 3652 3477 3708 minime
3511 3665 3641 3718 opus
3662 3656 3740 3700 est
3771 3665 3790 3702 :

511 3760 630 3800 cum
658 3743 723 3798 de
752 3746 832 3800 his
854 3744 909 3798 in
935 3746 1217 3814 praesentia
1251 3761 1420 3800 sermo
1450 3756 1720 3814 susceptus
1752 3763 1855 3802 non
1884 3748 1976 3809 sit,
2013 3757 2069 3802 et
2099 3747 2229 3803 alibi
2250 3750 2451 3818 salpius
2477 3748 2756 3804 hominem
2788 3748 3023 3803 latenter
3043 3744 3256 3814 carpit;
3294 3757 3362 3796 an
3399 3738 3619 3799 merito,
3639 3735 3787 3805 judi.

513 3842 640 3891 cent
669 3834 782 3889 alii.
813 3834 928 3905 Ego
956 3835 1186 3892 dixerim
1214 3836 1531 3891 Plethonem
1561 3836 1897 3906 eloquentia,
1923 3837 2125 3908 ingenii
2154 3836 2431 3903 acumine,
2464 3844 2519 3890 et
2541 3835 2850 3906 disciplinis
2876 3832 3136 3889 omnibus
3195 3827 3536 3887 execlluisse.
3565 3835 3618 3879 et
3645 3823 3790 3878 assi~

514 3931 625 3985 dua
651 3930 980 3998 scriptorum
1016 3929 1249 3985 lectione
1277 3931 1669 3996 supellectilem
1701 3933 1805 3988 sibi
1834 3933 2084 4000 inultam,
2127 3947 2195 3988 ac
2236 3940 2444 3987 tantam
2500 3943 2850 3999 comparasse
2902 3944 2917 3983 :
2987 3925 3119 3981 hinc
3165 3921 3423 3978 emendis
3483 3934 3515 3974 e
3559 3916 3792 3973 latebris

517 4018 999 4087 philosophorum,
1028 4025 1081 4071 et
1110 4018 1515 4073 Platonicorum
1547 4020 1893 4089 potissimum
1919 4022 2223 4085 sententiis,
2252 4022 2427 4092 iisque
2449 4019 2653 4088 scripto
2670 4015 2970 4078 tradendis.
2995 4014 3119 4087 plus
3146 4028 3308 4084 quam
3334 4027 3430 4079 par
3447 4014 3589 4073 erat,
3611 4014 3792 4061 mate-

517 4108 617 4159 riae
644 4106 920 4161 addictum
945 4105 1187 4159 animum
1220 4106 1544 4171 sdvertisse,
1573 4119 1631 4163 et
1661 4109 1844 4164 studio
1880 4110 2145 4179 pertinaci
2179 4119 2370 4165 contra
2410 4107 2770 4164 sentientium
2802 4105 3093 4177 opiniones
3130 4104 3294 4158 dente
3320 4103 3487 4155 etiam
3522 4097 3801 4152 maledico

520 4192 828 4256 vellicasse,
873 4206 1007 4252 non.
1055 4200 1112 4246 ut
1141 4206 1331 4246 eorum
1366 4208 1531 4263 prava
1559 4195 1817 4263 dogmata
1848 4198 1915 4251 de
1940 4211 2103 4265 novo,
2138 4211 2261 4265 qua:
2292 4194 2450 4251 docte
2486 4195 2604 4265 ipse
2632 4192 2855 4261 refellit,
2890 4193 2944 4247 in
2979 4190 3269 4246 hominum
3328 4189 3543 4242 animos
3591 4200 3690 4255 per
3732 4201 3796 4242 se

521 4280 691 4335 inﬁxa
726 4289 1067 4351 prorogaret,
1099 4280 1194 4336 sed
1228 4291 1285 4336 ut
1311 4298 1380 4337 ex
1434 4291 1544 4338 tam
1572 4295 1724 4340 vasto
1768 4300 1833 4340 ac
1866 4284 2211 4356 lacrymabili
2258 4283 2545 4353 naufragio
2589 4281 2806 4337 tabulas
2852 4280 3126 4337 discissas
3181 4292 3245 4332 ac
3296 4290 3461 4347 vagas
3516 4274 3573 4329 in
3619 4289 3795 4327 unum

520 4367 691 4423 veluti
721 4380 938 4439 portum
971 4383 1135 4425 sanas
1165 4380 1330 4439 atque
1360 4370 1666 4427 incolumes
1716 4372 2059 4443 recolligeret
2091 4389 2109 4442 ;
2135 4375 2371 4444 indeque
2401 4371 2667 4440 majeStas
2696 4370 3022 4426 christianae
3049 4367 3358 4439 religionis,
3391 4380 3456 4420 ac
3488 4364 3688 4418 veritas
3710 4363 3800 4417 di-

523 4457 762 4514 lucidior
821 4467 1129 4528 appareret,
1158 4459 1304 4530 quod
1334 4472 1388 4515 et
1419 4461 1766 4517 sanctissima
1807 4472 2009 4517 nostrae
2040 4462 2320 4534 religionis
2349 4460 2526 4530 capita
2558 4470 2685 4515 ante
2735 4469 2790 4514 et
2823 4467 2959 4530 post
2991 4457 3333 4524 Plethonem,
3382 4468 3490 4510 non
3542 4462 3796 4508 contem—

595 4664 667 4734 (ἁ)
695 4663 826 4718 Post
855 4662 1096 4734 auctoris
1116 4671 1342 4734 mortem
1359 4660 1503 4716 enim
1527 4660 2097 4734 exhibitnchnnadio

521 4732 678 4791 CPol.
708 4751 739 4789 a
770 4732 1045 4788 Demetrio
1070 4732 1392 4797 Palzcnlogo,
1427 4747 1492 4787 ac
1510 4748 1604 4799 per
1629 4746 1917 4787 censuram
1945 4732 2095 4789 Gen-

520 4805 667 4858 uadii
688 4806 1007 4859 combustos
1025 4812 1250 4857 testatur
1269 4802 1531 4857 Gennadii
1559 4802 1808 4872 epistola,
1840 4802 1904 4855 ad
1925 4799 2097 4856 Joan-

2209 4676 2370 4726 quem
2394 4661 2470 4715 ait
2489 4661 2666 4716 Allatii
2686 4662 2950 4716 beneﬂcio
2977 4662 3031 4716 in
3052 4659 3224 4730 lucem
3245 4658 3610 4730 proditurum,
3643 4654 3793 4724 quod

2209 4733 2352 4786 haud
2390 4732 2591 4785 factum
2622 4740 2729 4787 est.
2762 4729 2850 4800 [ν.
2881 4733 2948 4786 ad
2983 4748 3038 4786 ιι.
3068 4729 3183 4799 19.]

2281 4803 2419 4870 (c-d)
2454 4801 2733 4857 Laudatus
2760 4793 3020 4859 Boivinus
3052 4817 3119 4856 ex
3152 4793 3415 4856 Gennadii
3449 4795 3687 4870 Epistula
3723 4793 3795 4870 ad

522 4892 644 4928 nem
700 4874 998 4942 exarchum
1047 4883 1098 4927 et
1136 4875 1390 4942 anonymi
1444 4872 1614 4927 Graeci
1663 4872 1926 4940 scriptum
1954 4872 2097 4940 apud

524 4943 878 4999 Latulieciutn
915 4941 1023 5006 VII,
1069 4958 1125 5010 p.
1158 4941 1514 5003 i75,etu0ta
1535 4942 1816 4995 Barbcriui
1858 4944 2092 5009 codicis,

526 5031 688 5082 quem
717 5014 950 5068 Allatius
978 5019 1246 5065 memorat
1286 5010 1423 5065 infra
1461 5027 1513 5081 p.
1556 5013 1681 5078 39!,
1719 5014 1808 5064 lllll
1844 5026 1941 5066 sex
1970 5021 2091 5082 tan-

524 5081 639 5135 tum
668 5087 842 5152 capita
883 5082 1002 5136 litri
1028 5082 1190 5150 primi
1224 5083 1277 5135 in
1316 5082 1409 5152 illo
1433 5090 1921 5152 superessenotat.
1982 5081 2088 5136 Sed

526 5154 579 5221 in
612 5148 798 5208 codice
835 5148 1083 5221 Caesareo
1108 5153 1265 5221 apud
1327 5148 1695 5216 Lambetium,
1729 5148 1844 5210 VII.
1884 5167 1937 5218 p.
1991 5151 2083 5206 171

528 5218 603 5293 [ρ.
635 5222 743 5276 562
800 5239 921 5291 sqq.
958 5220 1127 5293 Koll.]
1161 5218 1469 5290 supersunt
1508 5223 1683 5293 capita
1718 5221 1927 5284 decem,
1964 5237 2088 5293 cum

527 5291 707 5345 iudice
733 5293 971 5361 capitum
1008 5291 1128 5361 libri
1152 5293 1298 5345 tertii
1323 5291 1593 5358 ninnium,
1622 5292 1725 5345 hoc
1740 5302 1823 5345 est
1860 5307 1889 5344 a
1913 5291 2091 5358 capite

526 5362 594 5417 29
631 5360 813 5416 totius
846 5365 1025 5429 operis
1051 5360 1118 5430 ad
1149 5360 1238 5415 45.
1286 5361 1537 5428 Ejusdem
1566 5365 1745 5430 operis
1776 5371 1940 5429 caput
1968 5375 2092 5414 sex-

528 5444 640 5486 tum
658 5443 737 5488 est
764 5431 1003 5487 Galirieli
1046 5429 1307 5492 Naudzro,
1338 5446 1458 5498 pag.
1488 5429 1613 5493 i60,
1658 5430 1910 5484 Pentadis
1945 5445 2092 5498 qna:-

528 5506 685 5558 stion.
708 5499 1292 5571 iatrophilologicarN.
1317 5503 1383 5555 tle
1402 5499 1519 5571 fato
1536 5502 1681 5555 l'atali
1703 5502 1822 5554 vitte
1852 5502 2087 5554 termino

529 5591 646 5644 pag.
709 5574 831 5638 160,
883 5582 1220 5628 tnemuratus
1282 5571 1561 5644 Ηυιῒιοιιὶε
1621 5579 1889 5644 tractatus
1956 5575 2089 5644 mira

529 5640 789 5700 brevitate
819 5644 1266 5712 circumscriptus
1296 5643 1432 5711 Περὶ
1456 5642 1825 5711 εἱμαρμένης,
1859 5640 1935 5694 De
1956 5643 2096 5708 fata,

2190 4866 2477 4945 Joannem
2509 4872 2806 4945 exarchnm
2843 4881 3023 4941 negat,
3061 4872 3229 4945 libros
3255 4871 3355 4945 bos
3386 4870 3454 4923 ab
3500 4868 3620 4936 ipso
3676 4866 3798 4945 vnl-

2206 4954 2364 5011 gatos
2395 4941 2660 4996 Plethone
2687 4943 2865 4996 adhuc
2886 4940 3204 5010 superstite,
3235 4940 3345 5011 sed
3362 4951 3586 5011 pressos
3602 4940 3797 5011 potius

2200 5004 2272 5086 et
2295 5012 2435 5086 claui
2471 5013 2712 5086 habitos,
2743 5012 2917 5066 donec
2947 5004 3068 5086 post
3093 5011 3268 5080 ipsius
3299 5004 3509 5086 obitum
3539 5021 3569 5060 a
3602 5004 3798 5086 pente-

2203 5082 2312 5136 triu
2341 5081 2648 5151 Palwologo
2675 5082 2899 5151 despota
2934 5077 3793 5151 proderentur.criminationem

2202 5163 2383 5227 tamen
2413 5152 2481 5205 de
2499 5148 2651 5227 mala
2676 5148 2960 5227 Pleihonis
2989 5152 3251 5227 adversus
3271 5148 3646 5227 _Christianam
3704 5160 3801 5227 re-

2200 5221 2458 5292 ligionem
2499 5222 2802 5276 intentione
2831 5236 2944 5292 non
2974 5230 3130 5292 putat
3155 5220 3511 5292 fundamenta
3531 5225 3628 5269 aut
3651 5220 3799 5292 vin-i—

2201 5283 2311 5344 ta'tc
2344 5290 2691 5356 destitutam,
2719 5293 2792 5345 ita
2825 5299 2885 5345 ut
2915 5283 3167 5347 Bessario
3193 5302 3435 5359 quoque,
3478 5286 3611 5341 licet
3660 5283 3797 5359 ‘Plej

2202 5362 2426 5415 thouem
2458 5364 2774 5430 magistrum
2808 5377 2968 5416 suum
3002 5356 3439 5426 coleret‘alioqui
3491 5364 3545 5410 ct
3609 5356 3797 5430 magni

2205 5432 2437 5494 laceret,
2470 5426 2650 5486 tamen
2683 5431 2922 5485 noluerit
2957 5433 3008 5482 iu
3039 5446 3205 5500 apere
3268 5430 3533 5500 adversus
3581 5426 3796 5500 calum-

2204 5504 2470 5625 nliatormu
2497 5501 2739 5556 Platonis
2761 5503 2842 5556 vel
2869 5493 3151 5556 verbulum
3179 5516 3280 5571 pro
3303 5496 3650 5553 defendendo
3674 5493 3795 5549 Ple-

2207 5581 2225 5623 t
2251 5586 2371 5624 ioue
2425 5586 2606 5625 acere.

2207 5581 2371 5624 ilione
2403 5581 2606 5627 tacere.

589 5854 613 5878 θ
639 5853 712 5900 De
748 5854 895 5907 huius
921 5852 1038 5903 libri
1061 5850 1171 5913 tatis
1197 5851 1308 5899 vid».
1342 5863 1490 5911 supra
1517 5848 1765 5913 Gennadii
1802 5850 2063 5913 epistolam
2088 5849 2146 5900 ad
2180 5848 2455 5912 .losephum
2485 5847 2781 5901 esarchum.
2811 5847 3111 5910 Fragmenta
3144 5858 3256 5909 quae
3279 5845 3551 5906 supersunt
3590 5837 3808 5894 Parisiis

533 5917 686 5967 edidit
710 5929 839 5965 anno
862 5914 978 5967 l858
1001 5914 1060 5966 γ.
1089 5912 1155 5965 CI.
1186 5913 1489 5971 Alexander,
1522 5911 1661 5962 Enn.
