4118 6280
301 430 410 491 739
1749 433 1798 494 N
1805 434 1927 495 OT]

1929 437 2089 497 ᾎΤΙΛ.
3459 434 3555 494 τοι

291 541 466 597 nendo
496 554 672 608 neque
704 540 968 598 illaudato
1001 542 1205 612 labore,
1236 545 1544 618 diligentia,
1577 557 1629 603 et
1654 549 1950 603 admodum
1986 552 2226 620 prolicuo
2257 556 2438 608 studio
2473 555 2857 618 conleccrtn‘tt,
2901 570 3080 624 neque
3114 555 3236 609 illos
3260 553 3550 622 quisquam

292 628 356 680 tle
379 625 658 694 impietate
725 630 1046 696 postulavit.
1079 632 1220 698 Quid
1251 633 1399 688 enim
1432 642 1576 689 vetat
1607 636 1959 704 antiquorum
1991 653 2196 692 arcana
2227 647 2282 693 et
2313 641 2660 696 acrimonias
2683 640 3114 708 comprobanda,
3177 640 3296 694 sine
3352 638 3550 693 cliens;

285 713 610 798 christiana;
641 715 739 776 rei,
767 718 1135 773 nescientibus
1166 721 1426 789 pandere.
1470 723 1538 776 At
1561 724 1827 791 hymnum
1858 725 2211 798 conscripsit,
2245 742 2484 797 eumque
2515 730 2569 781 in
2597 729 2790 793 solem,
2815 727 3310 798 elegantissimum.
3339 721 3557 778 Fateor.

287 797 484 851 ldeone
511 799 679 853 solem
711 808 968 869 tanquam
1009 802 1178 857 Deum
1213 805 1474 870 laudavit,
1508 808 1694 861 retulit
1733 809 1786 862 in
1818 809 1948 867 deos
1981 825 2040 866 ut
2069 797 2262 880 Deum,
2295 815 2360 866 ad
2389 830 2624 884 eumque
2653 797 2925 883 tanquam
2980 813 3046 866 ad
3109 811 3302 877 Deum,
3362 825 3550 864 manus

288 885 560 953 supplices
591 887 866 941 tetendit?
896 887 1137 947 Fabulae.
1171 891 1563 949 Admirandam
1602 895 1830 965 planetze
1866 899 2296 966 splendidissimi
2328 903 2460 966 vim,
2500 901 2723 971 profusa
2761 901 2814 955 in
2851 915 3022 970 genus
3047 898 3349 952 humanum
3388 897 3550 950 bene-

290 973 432 1033 ﬁcia,
464 971 559 1028 Dei
598 975 992 1044 omnipotentis
1024 981 1090 1032 ad
1125 974 1426 1049 quemlibet
1456 991 1645 1036 nutum
1668 1001 1887 1039 servum
1920 987 2294 1056 irrequietum,
2323 1007 2385 1045 ac
2406 991 2570 1045 lidum
2605 991 2916 1044 ministrum
2947 985 3242 1056 expressit.
3268 984 3444 1038 Aliam
3489 985 3552 1037 al‘

293 1059 631 1115 Christiana-
663 1079 772 1116 non
822 1077 943 1134 pOSt
997 1067 1202 1121 multos
1253 1069 1366 1123 dies
1427 1070 1742 1141 religionem
1804 1074 2038 1128 futuram
2094 1078 2448 1131 asseveravit.
2501 1080 2582 1130 An
2639 1078 2743 1131 hoc
2795 1076 2848 1130 in
2887 1075 3260 1146 gentilismum
3326 1074 3549 1141 degene-

294 1149 452 1236 rare?
525 1149 606 1204 An
668 1151 772 1206 hoc
831 1154 1086 1218 pietatem
1148 1155 1396 1230 deierare
1455 1157 1660 1212 fuerit?
1719 1161 1832 1216 lloc
1894 1177 2114 1232 quoque
2178 1179 2295 1219 aevo
2357 1182 2384 1218 ιι
2449 1165 2894 1236 prudentissimis
2945 1174 2999 1218 ct
3067 1161 3330 1231 piissimis
3389 1160 3545 1216 homi-

291 1233 474 1323 nibus,
507 1237 634 1291 dmn
695 1241 840 1307 pravi
876 1241 1158 1295 hominum
1195 1258 1374 1299 mores
1403 1246 1648 1314 quotidie
1685 1249 1734 1300 in
1771 1250 1952 1318 pejora
1985 1262 2228 1318 ruentes,
2262 1254 2335 1307 ita
2373 1264 2432 1309 ut
2450 1233 2667 1308 nullam
2732 1253 2976 1323 pietatis,
3029 1252 3236 1304 nullam
3291 1247 3552 1304 bonitatis

290 1321 610 1377 Christiana:
638 1325 875 1395 speciem
919 1343 1027 1396 pra:
1060 1344 1118 1382 se
1152 1330 1346 1396 lerant,
1380 1333 1812 1402 consttieiuutur,
1853 1338 2009 1392 ﬁdem
2059 1353 2122 1394 ac
2153 1341 2468 1410 religionem
2505 1321 2872 1395 Christianam
2907 1340 2961 1393 in
2988 1339 3149 1392 aliam
3199 1348 3362 1406 atque
3393 1337 3555 1390 aliam

293 1410 522 1464 formam
557 1423 975 1479 commutatam,
1005 1417 1272 1471 ruituram
1311 1423 1524 1474 tandem
1558 1422 1611 1474 in
1642 1432 1928 1479 externum
1959 1428 2237 1497 quippiam
2271 1430 2625 1483 adseveratur
2661 1429 2947 1490 continuo,
2981 1434 3035 1480 et
3063 1427 3213 1479 vultu
3266 1424 3407 1479 tristi
3436 1423 3552 1476 illa-

291 1506 588 1568 Crymatur.
619 1499 756 1566 Quid
793 1518 975 1559 mores
1011 1506 1078 1558 ad
1115 1506 1430 1572 religionem
1459 1507 1631 1574 ipsam
1663 1511 1686 1564 ?
1714 1510 1855 1577 Quid
1895 1530 2028 1569 usus
2060 1516 2127 1570 ad
2161 1515 2461 1586 dogmata?
2493 1517 2645 1572 Fidei
2679 1516 2840 1570 linem
2885 1531 2986 1585 ego
3038 1531 3144 1568 non
3202 1514 3383 1567 video.
3437 1510 3554 1564 Non

291 1587 476 1654 Ρτοῧοο
510 1590 587 1644 Ad
613 1591 820 1646 θῑίῑυπη
855 1608 1027 1662 "Sitne
1060 1597 1270 1657 mundi.
1300 1596 1422 1652 vita:
1450 1598 1734 1653 hominum
1766 1617 1969 1672 suppar
1998 1604 2332 1672 producctur
2362 1623 2376 1670 ;
2411 1604 2608 1659 ideone
2639 1613 2693 1659 et
2726 1605 2940 1674 probati
2973 1619 3034 1658 ac
3094 1602 3391 1655 Christiani
3440 1616 3554 1653 mo-

293 1688 379 1728 res
410 1691 628 1746 semper
661 1680 1002 1758 perstabunt,
1038 1698 1217 1752 neque
1254 1685 1307 1738 in
1334 1687 1462 1738 vitia
1490 1702 1518 1740 a
1556 1687 1758 1754 pietate
1791 1690 2104 1744 Christiana
2137 1701 2191 1746 et
2227 1692 2688 1763 religionislonge
2720 1694 2895 1746 aliena
2927 1691 3341 1762 degenerabunt
3375 1690 3552 1743 ?l|lnd

293 1777 480 1854 verum
505 1775 608 1828 est,
647 1766 932 1854 Plethonis
965 1769 1241 1841 ingenium
1278 1772 1405 1828 licet
1433 1775 1767 1830 adversariis
1791 1777 2185 1846 reprehensum
2215 1779 2308 1842 sit,
2344 1794 2625 1849 nunquam
2657 1790 2838 1834 tamen
2878 1780 2998 1847 ejus
3057 1779 3180 1832 vitae
3243 1771 3556 1832 iustituttim

291 1850 357 1903 ab
387 1852 496 1908 illis
521 1850 709 1921 etiam,
739 1858 832 1936 qui
870 1858 989 1924 ejus
1038 1859 1223 1913 omnia
1258 1874 1578 1930 arguerunt,
1619 1863 1790 1918 fuisse
1822 1864 2158 1920 damnatum.
2189 1864 2258 1920 Ut
2291 1867 2416 1921 hinc
2446 1882 2666 1936 arguas,
2702 1866 2795 1920 tali
2828 1867 2945 1918 viro
2969 1865 3148 1920 simile
3189 1864 3404 1918 facinus
3450 1881 3557 1916 nun

293 1942 560 2006 potuisse,
600 1941 704 1995 nisi
739 1958 834 2012 per
865 1944 1045 1998 scelus
1079 1959 1261 2011 omne,
1311 1949 1552 2016 appingi.
1589 1947 1723 2002 Dum
1752 1964 1882 2019 ergo
1905 1951 2325 2020 Trapezuntius,
2351 1953 2692 2016 Scholarius.
2718 1955 2923 2021 aliique
2960 1954 3013 2006 in
3065 1954 3372 2013 Platonem,
3438 1960 3558 2005 tan-

289 2041 452 2095 quam
482 2028 808 2097 scriptorum
837 2030 1080 2084 omnium
1112 2033 1662 2100 perniciosissimum,
1697 2035 2050 2106 invehuntur,
2083 2039 2294 2107 Plctho,
2327 2042 2540 2096 Platoni
2570 2042 3005 2105 addictissimus,
3029 2056 3135 2095 non
3167 2041 3348 2110 potuit
3380 2056 3558 2110 neque

291 2117 497 2169 crimen
530 2115 937 2186 inconstantiae,
971 2136 1150 2190 neque
1179 2123 1584 2178 calumniarum
1620 2124 1878 2195 effugere.
1915 2126 2036 2183 llazc
2068 2131 2136 2185 de
2166 2130 2451 2200 religione.
2489 2131 2630 2197 Quid
2664 2133 2729 2186 de
2784 2131 3061 2190 doctrina.
3115 2139 3169 2183 et
3213 2129 3557 2198 eloquentia.

290 2217 408 2271 quae
438 2203 584 2258 ineo
617 2203 959 2269 Scholarius,
997 2210 1092 2263 sed
1128 2210 1240 2264 fere
1267 2213 1416 2267 solus
1449 2212 1745 2268 desiderat.
1780 2213 1857 2267 Nc
1886 2219 2066 2273 verbis
2102 2235 2213 2272 rem
2250 2235 2410 2289 agere
2436 2221 2643 2286 videar,
2683 2219 2750 2275 ab
2781 2221 3036 2275 hostibus
3063 2219 3438 2275 testimonium
3469 2233 3557 2271 su-

290 2305 458 2345 mam.
497 2290 747 2347 Bessario
805 2296 871 2348 ad
923 2293 1285 2365 Apostolinm,
1343 2299 1512 2368 Σοφός
1557 2317 1614 2353 τε
1649 2301 1742 2354 καὶ
1769 2302 1916 2370 μεγάῖ

1930 2320 2010 2371 tn;
2041 2305 2118 2374 τῷ
2146 2307 2260 2358 δντι
2307 2307 2534 2374 εὐφυΐας
2564 2309 2593 2359 ὁ
2622 2308 2781 2376 ἁνήρ·
2824 2306 3074 2374 Sapiens,
3126 2317 3174 2360 et
3226 2321 3441 2374 magna,
3506 2313 3556 2356 ut

289 2397 464 2433 rerum
494 2381 686 2449 fatear,
717 2385 794 2439 vir
825 2386 915 2439 ille
945 2389 1260 2442 dexteritate
1295 2389 1491 2458 ingenii
1528 2389 1652 2457 fuit.
1692 2390 2114 2458 Trapezuntius.
2151 2395 2270 2448 loco
2325 2394 2471 2448 dicto
2504 2415 2519 2450 :
2558 2394 2825 2448 Gemistus
2885 2412 2985 2448 non
3031 2395 3202 2446 minor
3261 2393 3557 2461 eloquentia

293 2467 534 2534 Platone,
572 2488 672 2525 non
710 2474 935 2541 inferior
967 2476 1187 2530 scientia
1219 2478 1323 2534 illi.
1357 2479 1460 2532 Et:
1499 2477 1783 2542 Cemistus,
1815 2486 2026 2532 exstant
2067 2483 2204 2534 enim
2239 2483 2501 2548 nonnulli,
2536 2482 2814 2550 Roquue
2840 2483 3182 2536 inveniuntur
3225 2481 3423 2546 scripta
3471 2482 3556 2546 ips

288 2559 422 2622 sius,
490 2560 569 2613 sic
631 2572 818 2615 ornate
876 2563 1253 2634 eleganterque
1278 2568 1483 2629 scribit,
1533 2571 1611 2632 sic
1646 2566 1886 2620 Platonis
1919 2568 2166 2638 ﬁgmento
2199 2571 2419 2623 breviter
2466 2569 2817 2638 distincteque
2878 2572 3058 2640 refert,
3116 2571 3188 2621 sic
3243 2569 3558 2639 gentilitatis
3633 2566 3638 2571 ’

294 2649 561 2714 Opinioncs
585 2651 839 2720 defendit,
874 2654 950 2704 sic
983 2665 1198 2708 nostras
1232 2657 1548 2711 crediderim
1579 2660 1631 2712 in
1667 2658 1776 2712 illis
1810 2658 1873 2712 ab
1897 2674 1955 2710 eo
1987 2655 2136 2706 libris
2164 2655 2486 2722 oppugnari,
2539 2663 2597 2707 ut
2629 2671 2782 2709 nemo
2824 2656 2928 2708 nisi
2983 2655 3320 2707 doctissimus
3362 2653 3417 2705 in
3443 2669 3558 2704 eum

292 2735 483 2788 mutire
514 2741 700 2805 possit.
737 2739 802 2792 Et
840 2757 854 2792 :
891 2738 993 2794 llic
1022 2757 1259 2797 sermone
1293 2745 1664 2812 gravissimus,
1694 2745 1942 2798 doctrina
1968 2743 2374 2807 callidissimus,
2401 2758 2563 2794 causa
2593 2742 2744 2812 longe
2806 2741 3070 2808 superior,
3107 2758 3210 2794 non
3254 2739 3390 2793 enim
3433 2755 3559 2791 nova

291 2827 580 2890 excogitat,
609 2827 699 2878 sed
725 2836 895 2880 cetera
927 2831 1070 2882 novis
1100 2831 1396 2884 rationibus
1425 2844 1650 2885 revocat.
1718 2834 1779 2887 Et
1820 2832 2150 2887 Theodorus
2177 2830 2346 2895 Gaza,
2382 2845 2504 2900 cap.
2544 2832 2597 2893 l,
2637 2832 2703 2885 tle
2736 2831 3018 2885 mensibus
3052 2847 3065 2884 :
3099 2830 3207 2882 Καὶ
3252 2827 3482 2897 Πλήοων
3517 2827 3560 2879 δ’

267 2914 371 2980 ἐφ’
402 2914 562 2982 ἡμῶν
601 2915 742 2986 ἀνὴρ
777 2917 886 2969 τῶν
916 2918 1202 2985 ἐπιφανῶν
1232 2934 1246 2948 ·
1278 2918 1346 2971 Et
1387 2917 1607 2974 Pletlton
1643 2921 1739 2976 hoc
1761 2938 1893 2976 swcu

1935 2939 1954 2976 ο
1988 2923 2067 2977 rir
2107 2921 2350 2977 celebris.
2381 2923 2439 2974 Et
2481 2940 2496 2977 :
2523 2922 2633 2974 Kal
2668 2939 2752 2974 τοι
2790 2920 2960 2975 τᾶλλα
2991 2919 3061 2973 τὰ
3089 2921 3220 2989 περὶ
3253 2917 3352 2987 τὴν
3378 2916 3561 2985 φωνὴν

290 3001 524 3054 ἕπεσθαι
581 3004 1042 3075 προθυμούμενος
1084 3009 1377 3070 Ἀττικοῖς,
1435 3010 1529 3061 καὶ
1563 3011 1772 3080 σφόδρα
1831 3027 1916 3080 περ

1934 3014 1959 3065 ηὶ
1990 3009 2148 3063 τοῦτο
2190 3009 2536 3074 σπουδάζων
2567 3007 2802 3063 Tametsi
2831 3009 2884 3062 in
2903 3008 3112 3062 caeteris
3144 3006 3313 3060 rebus.
3346 3021 3463 3074 qua:
3494 3004 3560 3057 ad

290 3107 464 3143 rorem
485 3100 722 3158 spectant
750 3094 954 3146 Atticos
987 3094 1231 3146 cumulari
1266 3096 1468 3163 magnis
1503 3097 1635 3149 vatis
1658 3099 1876 3166 expetit,
1922 3101 1974 3150 in
1998 3115 2162 3170 eoque
2203 3099 2386 3151 sedulo
2411 3112 2626 3164 operam
2698 3106 2876 3151 naval.
2901 3095 3244 3151 Concludam
3313 3094 3562 3148 testimo-

292 3181 378 3229 nio
412 3176 694 3232 Michaelis
721 3177 1014 3249 Apostolii,
1043 3179 1136 3248 qui
1175 3181 1472 3250 aliquando
1493 3197 1557 3235 ex
1587 3182 1918 3240 Plethonisa:

1935 3200 2067 3239 norc
2097 3185 2319 3240 insaniit
2343 3202 2358 3239 :
2393 3183 2617 3252 Ἀνδρος
2643 3184 2704 3236 οὐ
2733 3186 2893 3252 μόνον
2920 3183 3034 3244 τοῖς
3061 3180 3155 3233 νῦν
3178 3180 3345 3243 ζῶσιν
3364 3179 3561 3231 αἰδεσί-

291 3282 419 3333 μου,
445 3266 580 3319 ἀλλὰ
609 3267 700 3320 καὶ
740 3267 891 3338 αὐτῷ
925 3268 1322 3336 Ἀριστοτέλει,
1356 3271 1449 3321 καὶ
1476 3271 1612 3321 πᾶσι
1657 3271 1771 3332 τοῖς
1841 3272 2115 3333 παλαιοῖς,
2149 3271 2265 3339 εἴγε
2299 3272 2420 3324 κατ’
2454 3271 2697 3332 ἑκείνους
2750 3269 2974 3337 ἐγένετο
3005 3271 3033 3321 ὁ
3067 3269 3227 3338 ἀνήρ.
3281 3265 3395 3320 Viri
3460 3282 3562 3319 non

290 3364 498 3406 tantum
530 3355 594 3408 iis
629 3357 721 3425 qui
747 3373 886 3410 nunc
924 3359 1124 3422 vivunt,
1154 3357 1246 3410 sed
1280 3357 1383 3427 ipsi
1404 3359 1564 3410 etiam
1601 3358 1899 3423 Aristoteli,
1933 3362 2274 3428 omnibusque
2298 3360 2580 3422 veteribus,
2603 3360 2650 3413 si
2679 3375 2859 3412 eorum
2883 3365 3041 3411 (etate
3060 3356 3266 3424 fuisset,
3311 3369 3562 3407 venerari»

288 3446 363 3496 di.
391 3447 476 3498 An
510 3459 647 3510 ergo
683 3446 979 3515 sapientia,
1015 3447 1096 3501 vel
1119 3447 1430 3516 eloquentia
1465 3445 1638 3502 deluit
1665 3446 1930 3515 Gemisto,
1956 3463 2119 3518 quam
2154 3449 2229 3502 illi
2263 3449 2562 3513 vindicant,
2591 3457 2645 3502 et
2677 3446 2852 3516 plenis
2926 3445 3118 3499 buccis
3145 3451 3405 3498 asserunt
3461 3443 3560 3494 ad-

292 3533 524 3584 versarii
561 3532 584 3585 ἰ
615 3531 675 3585 Et
718 3549 905 3587 revera
937 3529 1208 3589 Scholar'ii
1237 3544 1290 3589 et
1315 3533 1580 3589 Manuelis
1612 3537 1905 3603 sententia,
1938 3551 2045 3589 non
2076 3551 2142 3590 ex
2196 3536 2426 3603 judicio,
2461 3534 2555 3591 sed
2622 3535 2772 3588 rabie
2809 3543 2862 3587 et
2895 3530 3268 3588 calumniandi
3337 3530 3563 3583 libidine

291 3621 458 3673 t-ll'usa
487 3629 592 3673 cst.
621 3619 715 3674 Est
745 3621 889 3674 enim
922 3621 1134 3686 l’letho,
1160 3623 1299 3692 stylo
1325 3621 1546 3691 quidem
1584 3632 1868 3689 accurato,
1899 3623 2155 3691 eleganti,
2192 3639 2408 3693 presso,
2440 3623 2602 3677 Attici
2636 3621 2788 3676 succi
2827 3621 3007 3690 pleno,
3037 3618 3326 3674 sententiis
3387 3618 3560 3687 gravi,

294 3718 640 3771 argumentis
668 3709 1012 3772 vehemente,
1050 3710 1364 3764 eruditione
1394 3716 1545 3777 vero,
1581 3719 1635 3764 et
1667 3713 2023 3779 antiquarum
2062 3728 2242 3765 rerum
2274 3714 2534 3782 congerie
2563 3710 2896 3780 quandoque
2942 3708 3180 3762 obscuro
3219 3715 3383 3774 atque
3421 3705 3563 3759 dilli-

294 3810 322 3847 c
349 3796 379 3846 ‘-i
417 3811 431 3859 ;
470 3813 576 3845 ιιι-ιι
610 3803 789 3849 tamen
821 3796 891 3849 ob
924 3795 1142 3850 Gratias
1173 3813 1236 3874 ac
1266 3796 1531 3862 Veneres,
1572 3799 1772 3866 quibus
1814 3798 2015 3869 ubique
2055 3797 2352 3852 dictionem
2383 3799 2626 3867 aspergit
2664 3798 2899 3851 molesto
2936 3795 3112 3849 :adeo
3143 3804 3201 3847 ιιι
3258 3809 3384 3848 cum
3419 3795 3561 3847 anti-

296 3883 425 3948 quis
454 3897 556 3938 nec
584 3882 861 3937 immerito
887 3884 1278 3953 arquiparetur,
1302 3885 1387 3940 sui
1413 3886 1515 3939 aevi
1543 3886 1907 3954 scriptoribus
1932 3903 1962 3940 a
1993 3885 2269 3956 plerisque
2307 3893 2694 3955 anteponatur.
2733 3883 2844 3954 Ego
2876 3899 3011 3938 sane
3076 3899 3202 3937 cum
3252 3882 3396 3937 illius
3467 3881 3564 3934 ali-

305 3971 437 4040 quid
481 3971 620 4038 lego,
649 3972 1040 4026 vetustissima:
1072 3972 1417 4041 antiquitatis
1441 3987 1666 4027 succum
1697 3985 1750 4028 ct
1778 3984 2114 4029 venustatem
2148 3973 2306 4043 plane
2337 3973 2600 4038 Atticam;
2633 3971 2896 4042 quidquid
2955 3971 3047 4024 alii
3084 3986 3271 4039 parum
3304 3972 3442 4038 :equi
3486 3969 3566 4022 di-

300 4069 446 4119 cant,
483 4061 747 4114 admiror.
788 4059 842 4113 In
892 4059 1223 4113 bibliotheca
1246 4058 1564 4124 Barbcrina,
1601 4062 1722 4116 cod.
1749 4061 1874 4124 9.65,
1909 4061 1926 4114 l

1936 4061 2185 4116 labetur:
2245 4060 2540 4130 Πλήθωνος
2604 4059 2787 4130 νόμων
2851 4059 3178 4130 συγγραφῆς
3231 4058 3438 4127 βιϐλίον
3493 4064 3562 4110 α’·

303 4147 578 4202 Plcthunis
619 4146 691 4201 De
719 4146 922 4218 legibus
955 4148 1088 4201 liber
1119 4147 1491 4215 primus.Sunt
1515 4156 1723 4204 tantmn
1761 4149 1939 4218 capita
1967 4165 2084 4205 sex.
2127 4149 2185 4203 ln
2217 4149 2416 4219 quibus
2473 4149 2753 4205 adnotavit
2785 4151 2971 4205 nescio
3007 4149 3130 4218 quis
3161 4166 3173 4203 :
3211 4148 3324 4202 Hoc
3361 4157 3568 4200 tantum

293 4254 358 4291 ex
401 4239 576 4291 divino
602 4238 696 4290 illo
721 4239 982 4292 volumine
1034 4238 1398 4308 politicorum,
1434 4238 1541 4293 sive
1570 4239 1632 4292 de
1665 4238 1866 4308 legibus
1894 4237 2119 4294 Gemisti
2143 4239 2212 4290 ad
2244 4254 2339 4292 nos
2359 4239 2613 4306 pervenit,
2646 4239 2907 4308 reliquum
2942 4238 3230 4307 sacrilegus
3261 4236 3569 4291 Scholarius

294 4325 526 4393 [laritanis
553 4326 880 4394 consumpsit
915 4342 933 4390 ;
962 4327 1224 4395 veterique
1255 4325 1378 4378 odio
1404 4335 1452 4378 et
1491 4325 1790 4379 inimicitiis
1823 4326 1955 4379 adeo
1987 4327 2233 4391 indulsit,
2268 4335 2323 4378 ut
2347 4343 2409 4380 ne
2442 4328 2710 4380 communi
2739 4325 2945 4396 quidem
3005 4327 3226 4378 utilitati
3253 4328 3565 4394 pepercerit,

293 4432 509 4469 stertens
547 4417 598 4468 in
634 4415 820 4480 libros,
843 4416 1054 4485 quando
1083 4416 1137 4468 in
1167 4425 1440 4468 auctorem
1464 4417 1774 4480 nequiverit.
1828 4415 2085 4484 (Λιιηιτ.)
2121 4413 2332 4468 Monac.
2376 4415 2430 4467 in
2468 4415 2594 4467 cod.
2632 4412 2823 4468 Bavar.
2881 4413 2950 4465 48
3001 4414 3104 4465 sub
3159 4413 3318 4464 linem
3355 4423 3437 4465 est
3494 4431 3556 4465 ex

295 4503 558 4558 Pietltnne
612 4503 1021 4575 Fragmentum,
1055 4503 1198 4572 quod
1234 4503 1304 4557 cl.
1339 4501 1541 4556 llardio
1590 4503 1642 4555 in
1676 4503 1878 4556 Aretini
1912 4501 2238 4572 Begtrtcgen,
2265 4509 2371 4554 etc.
2411 4515 2542 4555 anu.
2579 4500 2739 4564 1805,
2797 4507 2938 4568 part.
3003 4515 3072 4560 vt,
3110 4513 3161 4566 p.
3211 4499 3295 4561 l8,
3350 4500 3563 4551 videtur

292 4609 415 4646 csse
447 4590 838 4660 Fragmentum
865 4591 986 4646 libri
1023 4591 1098 4644 De
1133 4590 1412 4660 legibus,et
1442 4589 1494 4642 in
1519 4605 1628 4657 quo
1657 4589 1790 4643 varii
1810 4591 1988 4644 coitus
2015 4589 2211 4655 illiciti,
2243 4587 2710 4657 etptenajcuilibet
2733 4595 2937 4642 statuta
2961 4595 3308 4640 enarrantur.
3343 4587 3562 4654 (llam..)

363 4705 456 4759 οι.
487 4706 546 4759 In
575 4707 736 4762 rebus
763 4714 967 4760 nostrae
1008 4704 1132 4758 lidci
1162 4704 1406 4774 scripsit,
1433 4703 1566 4773 Περὶ
1602 4702 1700 4772 τῆς
1726 4701 1982 4770 ἐνεαρκώ

1928 4701 2125 4762 ιώςεως
2154 4701 2247 4753 τοῦ
2275 4700 2405 4754 Υἱοῦ
2442 4698 2535 4752 τοῦ
2558 4699 2718 4750 Θεοῦ.
2757 4698 2829 4750 De
2869 4699 3235 4770 incarnatione
3267 4694 3399 4748 Filii
3445 4697 3554 4751 Dei.

295 4795 434 4862 Περὶ
461 4795 563 4863 τῆς
594 4793 972 4864 ὲκπορεύσεως
1005 4780 1098 4846 coit
1131 4792 1291 4861 ἁγίου
1324 4791 1664 4861 Πνεύματος.
1701 4792 1772 4844 De
1818 4807 1921 4859 prot

1931 4797 2148 4849 :essione
2181 4794 2422 4860 Spiritus
2485 4794 2658 4846 sancti
2692 4803 2880 4846 contra
2943 4790 3186 4852 Latinos,
3221 4790 3300 4842 vel
3331 4791 3429 4842 hac
3474 4791 3557 4841 iu—

291 4885 634 4953 smiptione:
703 4873 1110 4947 Ἀπόδειξις-ὃτι
1156 4884 1222 4935 ὲκ
1271 4882 1433 4952 μόνου
1460 4881 1555 4934 τοῦ
1623 4881 1830 4947 Πατρὸς
1897 4884 2259 4952 ἐκπορεύεται
2310 4883 2372 4934 τὸ
2429 4883 2653 4950 Πνεῦμα
2710 4882 2769 4933 το
2803 4882 2981 4946 ἅγιον,
3047 4881 3140 4930 xxi
3191 4879 3344 4931 οὐδὲν
3422 4880 3559 4938 ὅλως

291 4972 556 5026 ἀδύνατον
587 4974 804 5026 ἕπεται.
845 4972 1264 5035 Demonstratio,
1297 4969 1558 5041 Spiritum
1591 4981 1837 5023 sanctum
1877 4987 1940 5024 ea:
1965 4973 2125 5026 Patre
2150 4971 2260 5024 solo
2279 4971 2578 5040 procedere,
2610 4985 2770 5038 neque
2801 4969 2919 5020 inde
2946 4965 3161 5037 aliquod
3184 4967 3328 5030 sequi
3366 4967 3557 5019 absur-

289 5065 442 5116 dum.
481 5062 543 5116 P.
579 5061 640 5115 τὸ
674 5062 815 5132 ὑπὲρ
843 5047 1092 5115 Ᾰατινων
1134 5058 1362 5128 βιϐλίον,
1388 5060 1450 5112 τὸ
1477 5063 1532 5123 ἐς
1561 5060 1707 5130 ἡμᾶς
1737 5051 1872 5130 ἦιιον
1897 5060 1913 5126 (

1939 5060 1989 5127 ’).
2024 5059 2123 5124 Qui
2151 5074 2274 5112 cum
2306 5075 2370 5111 ex
2406 5055 2777 5112 fundamentis
2801 5053 3082 5124 gentilium
3108 5052 3467 5126 philosophia:
3500 5052 3565 5106 ad

291 5150 345 5204 id
382 5151 724 5218 probandum
747 5159 1070 5220 argumenta
1115 5147 1386 5217 petiissct,
1416 5164 1594 5217 neque
1635 5145 1839 5201 Graecis
1871 5146 2004 5216 ipsis
2027 5162 2089 5199 ex
2118 5146 2419 5200 schismate
2444 5145 2728 5213 satisfecit,
2779 5151 2910 5218 quin
2945 5163 3008 5202 ex
3040 5147 3109 5200 iis
3163 5142 3374 5196 Munuel
3411 5140 3563 5194 i'cl'v-

293 5238 620 5306 pontu-sius,
654 5235 863 5307 Magna:
889 5236 1147 5292 Ecclesia:
1185 5237 1392 5301 rhetor,
1424 5236 1519 5305 qui
1564 5236 1666 5289 sub
1693 5235 2003 5299 patriarcha
2037 5234 2328 5290 Pachomio
2365 5234 2430 5306 (fi
2460 5235 2697 5301 vivebat,
2737 5245 2796 5291 ut
2853 5236 2920 5291 de
2949 5251 3015 5291 eo
3057 5233 3226 5309 trudit
3248 5235 3301 5290 in
3337 5229 3570 5286 ΙΙιειοοὶιι

365 5458 435 5528 (ε)
470 5458 672 5536 Prtrtcr
697 5459 1005 5536 breviorem
1045 5459 1478 5536 l_tnnt:CC,_cl_i_=tm
1517 5459 1869 5536 alittgpppiq-
1970 5482 2024 5519 se
2051 5477 2374 5534 prn'pararet
2406 5466 2475 5518 ad
2499 5483 2754 5535 pugnant,
2795 5475 2849 5518 nt
2879 5464 3080 5536 aliquid
3094 5460 3309 5536 dixisse
3356 5457 3558 5510 videre-

289 5530 406 5605 siur
435 5530 678 5598 ejusdem
704 5533 1008 5605 argumenti
1050 5531 1329 5605 Plisthenis
1364 5532 1502 5605 liber
1531 5547 1594 5583 ex
1623 5529 1763 5584 Chio
1793 5535 1870 5583 :tl-
1974 5529 2082 5599 tur,
2111 5529 2417 5605 conceptum
2452 5529 2828 5600 ei‘clitsumque
2864 5529 3044 5602 fuisse.
3083 5529 3311 5605 tit-«uisu
3347 5541 3564 5605 seruio-

292 5601 438 5652 lattts
466 5595 818 5654 'tncmorattir
857 5604 924 5654 ab
957 5603 1177 5665 Allatin,
1212 5602 1304 5655 lib.
1353 5617 1440 5661 Ill,
1467 5601 1540 5653 De
1592 5617 1872 5664 consensu,

1975 5595 2078 5659 nes
2105 5609 2156 5660 in
2189 5595 2426 5661 concilio
2463 5595 2780 5660 Florentino
2809 5595 2974 5658 habiti
3015 5603 3327 5656 referuntur
3368 5611 3397 5647 a
3463 5595 3571 5648 Sil-

287 5688 316 5723 c
358 5672 413 5729 ὖ.
505 5670 679 5750 linqui
711 5672 900 5750 incipit
933 5672 1192 5750 :_lii6)iov
1237 5671 1399 5750 τιξχε
1428 5671 1508 5750 si;
1533 5672 1690 5750 fusci;
1722 5668 1874 5750 ﬁmo

1975 5687 2159 5750 vestro
2193 5679 2500 5750 Sgnropulo
2533 5679 2585 5732 in
2613 5675 2850 5732 Historia
2886 5677 3034 5732 illius
3064 5667 3306 5728 concilii,
3348 5683 3400 5737 p.
3443 5665 3563 5730 155,

288 5757 509 5808 πρωτο)
544 5741 773 5808 ἄρχεται
804 5742 897 5793 τοῦ
924 5747 990 5812 τῇ
1011 5746 1252 5811 σφετέρᾳ.
1279 5741 1407 5810 δόξῃ
1435 5741 1684 5806 ἀμύνειν.
1713 5741 1870 5804 Puto,
1981 5749 2104 5799 197.

289 5812 467 5887 inquit
501 5815 752 5887 Albitius,
780 5813 833 5863 id
865 5829 994 5879 opus
1017 5833 1047 5865 ιι
1077 5813 1331 5872 (ἱειιιιδιο,
1353 5823 1632 5880 antequam
1673 5813 1724 5864 in
1751 5828 1871 5864 con-

959 5832 994 5865 :s
1017 5833 1047 5865 ιι
1077 5813 1331 5887 (ientisto,
1353 5823 1632 5887 antequam
1673 5813 1871 5887 incon-
2054 5819 2117 5887 (ι’)
2154 5820 2309 5875 ρει-(τῃ
2340 5835 2389 5874 η,
2430 5818 2585 5873 ιδῃ),

285 5883 474 5934 ciluun
505 5881 902 5940 (Florentinum
929 5899 1057 5938 ann.
1091 5883 1247 5952 MSS)
1274 5883 1488 5951 veniret,
1517 5898 1632 5935 cum
1655 5884 1870 5948 quilibet
