4118 6280
490 394 587 455 791
674 347 684 357 .
1805 396 2092 456 GEORGI
2107 397 2200 456 US
2231 396 2552 460 PLETIIO.
3671 393 3785 460 792

495 506 868 561 ecclesiastica
923 505 1138 560 Manucl
1167 505 1409 563 Malaxus
1443 509 1541 579 (9),
1583 509 1655 563 ita
1680 517 1998 578 argumenta
2033 504 2314 566 Pletbonis
2340 511 2478 566 libro
2501 512 2568 566 de
2599 511 2702 567 hac
2729 527 2787 566 re
2817 510 2991 578 edito,
3015 511 3178 582 cujus
3229 510 3360 565 illud
3437 509 3773 580 principium

497 606 605 658 est,
637 593 880 662 Μηδέπω
908 593 1099 664 κρίνας
1131 594 1333 662 ἄνδρας
1364 596 1684 667 ὰδαήμονας
1729 598 1919 668 ἐάσῃς,
1962 597 2120 652 refrll

2153 606 2204 663 t;
2242 607 2432 652 utnon
2464 600 2650 654 minus
2697 614 2821 653 eum
2857 599 2912 653 in
2958 601 3060 652 hoc
3123 599 3334 664 libello,
3369 613 3534 667 quam
3576 599 3666 650 alii
3724 600 3779 651 in

506 681 664 736 libris
689 682 755 737 de
784 681 1020 752 legibus,
1057 681 1354 753 impietatis
1388 699 1452 740 ac
1477 685 1771 754 gentilismi
1807 693 2115 740 accusaret.
2158 683 2337 741 Verba
2371 686 2658 750 Manurlis,
2689 687 2818 758 quia
2857 703 2964 744 non
2989 692 3061 742 ita
3121 689 3377 743 omnibus
3435 690 3486 741 in
3524 698 3782 755 promptu

508 782 663 834 sunt,
696 772 789 826 sed
821 787 930 826 non
964 773 1168 838 omnia,
1226 772 1315 828 hic
1343 789 1616 845 apponam
1650 791 1665 829 :
1704 775 1850 846 Ὅρα
1883 777 1993 845 γάρ
2025 792 2117 845 μοι

2163 776 2258 829 τὸν
2291 776 2602 831 ἀθεώτατον
2651 777 2918 848 Γεμιστδν
2955 780 3012 830 ἐν
3034 776 3114 850 τῷ
3149 777 3401 846 σφετέρῳ
3456 774 3595 843 τῷδε
3647 791 3783 842 συγ-

500 861 795 931 γράμματι
833 861 1027 932 κριτὴν
1062 861 1414 918 καθιστῶντα
1449 864 1648 918 ὲαυτδν
1684 867 1742 916 ὲν
1775 865 2123 936 πράγμασιν,
2181 859 2258 917 ὧν
2313 865 2412 935 τῆς
2442 863 2718 936 ,ἀκριϐοῦς
2782 865 3154 935 καταλήψεως
3210 865 3411 934 ἐπίσης
3445 863 3783 932 φαινόμενον

503 945 969 1020 ὲπιτυγχάνονταί
992 951 1312 1020 Λελτβὸτως
1347 952 1404 1005 δὲ
1433 953 1530 1022 τὴν
1563 952 1664 1022 μὲν
1706 954 2107 1024 Χριστιανιχὴν
2145 953 2341 1022 σοφίαν
2379 954 2789 1024 διαχλευάζειν,
2817 955 2918 1024 τὴν
2943 955 2999 1008 δὲ
3036 953 3316 1022 Ἑλλήνων
3337 953 3549 1022 μιαρὰν
3571 952 3787 1018 δογμα-

503 1038 677 1102 τίζειν
712 1038 1076 1092 θεοπλαστίαν
1111 1039 1484 1109 πειρώμενον.
1511 1034 1612 1095 Ὧν
1660 1042 1770 1110 γὰρ
1797 1044 1850 1095 αἱ
1883 1041 2167 1110 δυνάμεις,
2204 1041 2358 1110 φησι,
2419 1040 2689 1110 διάφοροι,
2727 1042 2822 1096 καὶ
2856 1041 2998 1096 αὐτά
3040 1041 3107 1096 ἂν
3139 1040 3225 1112 εἴη
3261 1042 3386 1102 ταῖς
3417 1039 3633 1101 οὐσίαις
3665 1037 3788 1092 διά·

509 1143 669 1196 φορα.
705 1127 801 1180 Et'
841 1124 900 1178 '0
928 1125 983 1180 δὲ
1022 1127 1379 1198 ματαιόφρων
1412 1127 1639 1199 mi,va
1675 1131 1840 1200 μόνον
1884 1129 2140 1198 διασύραι
2172 1127 2498 1200 βουλόμενος
2531 1130 2600 1183 τὰ
2636 1130 2904 1201 ἡμέτερα,
2942 1129 3114 1200 αὐτὴν
3151 1130 3246 1197 τὴν
3295 1127 3392 1183 τοῦ
3420 1125 3786 1195 ίΕὺαγγελίου

512 1215 674 1286 ῥῆσιν
700 1214 917 1284 γυμνὴν
943 1215 1238 1285 λαμϐάνων
1291 1217 1370 1280 είς
1400 1217 1716 1272 τούναντίον
1736 1217 1909 1272 οἴεται
1938 1218 2176 1287 ἁπάγειν
2204 1219 2296 1270 τὸν
2331 1217 2493 1286 λόγον
2547 1219 2765 1272 λυσσῶν
2800 1217 3064 1289 ἀκρατῶς
3107 1219 3252 1272 κατὰ
3300 1216 3404 1286 τῆς
3445 1210 3609 1288 ἡμῶν
3656 1215 3774 1270 τῶν

509 1303 854 1374 Χριστιανῶν
903 1303 1217 1368 οεοσορίιις.
1267 1305 1377 1358 Καὶ
1408 1305 1595 1368 ἀτλῶς
1641 1305 1698 1358 δὲ
1736 1307 1915 1359 εἰπεῖν
1943 1307 2065 1358 ὅλον
2098 1306 2160 1360 τδ
2193 1305 2444 1360 τοιοῦτον
2480 1305 2832 1377 σύγγραμμα
2867 1306 2988 1360 καθ’
3041 1305 3205 1376 ἡμῶν
3266 1305 3521 1367 ὑπούλως
3585 1321 3788 1357 συντε-

510 1391 693 1462 salio;
725 1395 999 1460 φαίνεται,
1031 1390 1203 1460 οὗπερ
1233 1394 1264 1462 ὴ
1305 1393 1578 1465 caepim;
1622 1411 1679 1446 τε
1713 1395 1806 1446 καὶ
1836 1397 2087 1465 παχύτης
2124 1395 2260 1466 δήλη
2293 1395 2463 1448 παντὶ
2511 1394 2592 1465 τῷ
2621 1394 2854 1464 λογικῆς
2903 1393 3258 1464 εὖμσιροῦντι
3285 1393 3539 1455 παιδείας
3569 1391 3792 1463 ἀμηγέ-

514 1502 589 1550 ’πη
623 1483 961 1552 καθέστηκε,
990 1485 1102 1546 τοῖς
1139 1483 1195 1534 δὲ
1223 1483 1344 1534 κατ’
1368 1485 1603 1542 ἐκεῖνον,
1652 1483 1748 1535 καὶ
1789 1482 2026 1551 μάλιστα
2061 1485 2174 1546 τοῖς
2206 1484 2416 1537 ἐκείνου
2467 1483 2679 1550 ἀλόγως
2726 1499 2785 1535 τε
2838 1482 2935 1536 καὶ
2977 1481 3298 1550 κτηνωίὦς,
3359 1481 3564 1549 μᾶλλον
3599 1481 3655 1532 δὲ
3693 1481 3793 1531 καὶ

515 1572 942 1642 ἀνδραποδωδῶς
976 1573 1384 1641 παρεπομένοις
1414 1571 1587 1636 δόξειν
1639 1572 1962 1639 ἀντιλέγειν.
1999 1571 2137 1626 Cons

2165 1574 2253 1627 vice
2281 1589 2527 1642 namque,
2571 1587 2771 1640 quaeso,
2817 1572 3189 1638 impiissimum
3249 1569 3542 1625 Gemistnm
3581 1569 3636 1621 iu
3689 1583 3791 1620 suo

516 1666 898 1717 commentario
932 1664 1163 1732 iudicem
1200 1665 1536 1732 semetipsum
1590 1667 1999 1720 constituentent
2059 1665 2116 1718 in
2185 1666 2336 1718 rebus
2390 1679 2615 1734 quarum
2672 1663 2994 1732 exquisitam
3050 1661 3577 1731 comprehensionem.
3616 1659 3785 1727 plane

515 1748 724 1802 nullam
746 1751 1000 1820 possidet.
1040 1751 1138 1804 llic
1162 1750 1385 1806 latenter
1420 1753 1784 1808 Christianam
1807 1755 2123 1822 sapientiam
2159 1751 2600 1820 contemptimque
2625 1749 2860 1815 lacessit,
2896 1749 3183 1804 Gentilium
3210 1747 3593 1803 exsecrandam
3651 1747 3778 1798 deo-

518 1853 635 1890 rum
663 1839 1033 1907 con/ictionem
1063 1841 1215 1909 quasi
1239 1841 1429 1912 dOgma
1467 1842 1766 1896 hominibus
1795 1845 2077 1912 propinare
2111 1842 2400 1896 contendit.
2458 1841 2701 1908 Quorum
2759 1841 3071 1911 facultates,
3126 1842 3225 1904 ait,
3263 1840 3484 1894 diversae
3538 1845 3683 1900 sunt,
3729 1851 3799 1889 ea

517 1929 746 1982 essentia
775 1945 980 1996 quoque
1011 1929 1220 1984 diversa
1247 1940 1392 1986 sunt.
1424 1929 1522 1985 Et:
1552 1930 1726 1986 Mente
1755 1943 1941 2002 captus
1971 1930 2152 1986 Pletlto
2178 1939 2385 1984 tantum
2413 1937 2596 1983 nostra
2628 1940 2983 1991 contemnere,
3010 1945 3072 1982 ac
3092 1927 3326 1982 ludibrio
3353 1926 3568 1996 afﬁcere
3592 1927 3796 1986 volens,

518 2018 691 2083 ipsum
715 2015 991 2085 Evangelii
1015 2018 1216 2072 dictum
1242 2020 1442 2074 nudum
1474 2021 1734 2090 arripiens
1758 2021 1813 2074 in
1842 2021 2172 2075 contrarium
2191 2035 2374 2088 rapere
2405 2033 2699 2073 sermonem
2734 2017 3006 2084 opinatur,
3035 2017 3190 2086 eﬂuse
3209 2015 3387 2084 furens
3418 2024 3605 2067 contra
3637 2011 3804 2066 Chri-

520 2104 816 2158 stianorum
849 2105 1081 2158 divinam
1123 2107 1437 2175 sapientiam
1465 2125 1485 2173 ;
1510 2118 1580 2172 et,
1610 2118 1666 2162 ut
1697 2109 1850 2163 terbo
1877 2110 2076 2171 dicant,
2115 2119 2281 2162 totum
2317 2106 2754 2161 commentarium
2799 2114 2985 2160 contra
3030 2121 3122 2159 nos
3153 2103 3367 2158 subdole
3400 2102 3613 2157 videtur
3659 2101 3801 2154 scri-

523 2195 713 2261 psisse,
737 2192 889 2262 cujus
909 2193 1245 2249 imbecillitas
1276 2207 1324 2249 et
1351 2195 1609 2250 ltebetudo
1631 2197 1843 2250 cuilibet
1878 2197 2046 2268 logica
2079 2196 2326 2250 doctrina
2367 2195 2567 2248 imbuto
2586 2205 2855 2265 perspecta
2881 2203 2956 2248 est
2993 2213 3008 2260 ;
3040 2193 3354 2263 sequacibus
3385 2207 3504 2246 vero
3551 2189 3721 2254 illius,
3749 2198 3803 2243 et
3866 2210 3869 2211 ν

521 2282 588 2334 iis
607 2282 697 2350 qui
730 2282 842 2335 sine
868 2282 1088 2346 ratione,
1118 2281 1409 2337 bestiarum
1437 2285 1490 2338 in
1523 2286 1760 2353 modum,
1786 2286 1894 2339 imo
1920 2301 2192 2340 servarunt
2213 2285 2356 2338 dicta
2380 2294 2694 2354 sequuntur,
2728 2292 2913 2337 contra
2943 2283 3146 2353 aliquid
3165 2296 3426 2350 apponere
3439 2277 3798 2346 judicabitur.

525 2367 689 2424 Liber
719 2379 924 2439 prostat
953 2385 1056 2424 ms.
1094 2371 1147 2424 in
1183 2372 1316 2426 bibl.
1354 2372 1638 2436 Vaticana,
1681 2373 2026 2442 Augustana.
2060 2372 2448 2436 Ambrosiana,
2475 2382 2528 2427 et
2562 2372 2712 2426 alibi.
2746 2371 3001 2440 (Αιιιιτ.)
3036 2369 3111 2423 De
3141 2370 3304 2424 codd.
3335 2367 3513 2421 Vatic.
3547 2366 3803 2434 aliisque,

524 2457 592 2512 ν.
629 2473 772 2524 quos
803 2458 936 2511 citat
972 2457 1272 2514 Montiauc.
1307 2460 1450 2515 Bibl.
1487 2461 1739 2516 Biblioth.
1771 2478 1902 2516 mss.
1938 2461 1991 2516 in
2027 2461 2082 2515 d.
2112 2476 2236 2516 voc.
2270 2459 2536 2516 Gemistus
2566 2471 2619 2514 et
2645 2459 2901 2530 Georgius
2935 2458 3219 2515 Gemistus.
3257 2457 3330 2511 De
3357 2454 3480 2510 cod.
3512 2454 3641 2508 bibl.
3683 2454 3804 2507 Au-

539 2554 759 2612 gustan.
797 2543 858 2600 V.
884 2544 1074 2600 Rciser
1106 2547 1281 2603 Indic.
1316 2565 1450 2605 mss.
1487 2551 1619 2604 bibl.
1652 2553 1881 2617 August.
1918 2565 2038 2618 pag.
2067 2549 2158 2604 90.
2192 2578 2262 2588 —
2289 2547 2466 2602 Paris.
2501 2550 2554 2602 in
2588 2547 2721 2603 bibl.
2754 2549 2906 2617 publ.
2954 2546 3079 2601 cod.
3111 2546 3241 2610 949,
3282 2560 3338 2597 ιι.
3371 2543 3426 2607 6,
3457 2541 3620 2605 2M5,
3674 2556 3725 2593 ιι.
3753 2539 3808 2597 ,2

525 2633 862 2704 --Mosqua:,
891 2636 944 2690 in
980 2635 1110 2690 bibl.
1149 2637 1349 2708 synod.
1379 2639 1505 2694 cod.
1541 2638 1667 2700 511,
1697 2636 1928 2693 Gemisti
1958 2639 2094 2709 πρὸς
2116 2655 2145 2688 τ

2209 2638 2352 2706 ὑπὲρ
2381 2635 2476 2690 τοῦ
2507 2636 2788 2690 λατινικοῦ
2835 2637 3109 2704 δόγματος
3143 2633 3370 2703 βιϐλίον,
3405 2632 3516 2686 inc.
3554 2628 3625 2683 Τὸ
3657 2627 3804 2694 ὑπὲρ

529 2723 799 2779 Λατίνων.
834 2721 898 2776 ν.
940 2723 1172 2778 Mattbtei
1213 2724 1382 2778 Notit.
1413 2725 1574 2781 codd.
1601 2725 1695 2781 Gr.
1741 2724 1911 2796 Mosq.
1944 2741 1999 2796 p.
2029 2725 2155 2791 204,

2181 2741 2251 2780 -n.
2283 2724 2373 2779 44.
2405 2723 2549 2779 Idem
2576 2723 2799 2789 Matriti,
2824 2723 2877 2776 in
2905 2724 3038 2777 bibl.
3065 2723 3195 2790 lteg.
3251 2722 3376 2776 cod.
3414 2719 3534 2781 115,
3563 2735 3616 2771 ιι.
3671 2714 3804 2780 19.8,

533 2817 588 2864 et
617 2811 858 2878 ascripta
896 2810 1238 2865 Constantini
1275 2811 1530 2867 Lascaris
1555 2824 1676 2867 uota
1699 2814 1878 2879 docet,
1913 2817 2176 2885 scriptum
2210 2830 2332 2870 esse
2359 2824 2550 2869 contra
2588 2813 2920 2884 Argyropttli
2953 2813 3150 2866 librum
3196 2809 3270 2864 De
3299 2808 3621 2864 Latinorum
3677 2806 3808 2876 dog-

535 2910 679 2952 mate
703 2897 791 2967 (de
823 2915 934 2968 quo
969 2900 1092 2954 vide
1132 2915 1318 2967 supra,
1349 2901 1453 2954 vol.
1495 2900 1590 2969 XI,
1621 2917 1674 2972 p.
1703 2903 1809 2956 464
1837 2906 1970 2974 sq.).
2006 2903 2070 2959 V.
2105 2903 2282 2959 Iriart.
2311 2905 2432 2959 Cat.
2469 2905 2634 2960 codd.
2664 2905 2761 2960 Gr.
2811 2904 3016 2959 Matrit.
3075 2919 3128 2974 p.
3165 2903 3308 2968 459;
3369 2911 3423 2957 et
3460 2897 3707 2957 Taurini,
3752 2895 3810 2949 in

538 2987 674 3042 bibl.
713 2985 847 3051 Rea.
881 2991 1005 3042 cod.
1042 2988 1164 3042 161.
1200 2988 1266 3042 ν.
1297 2989 1418 3042 Cat.
1453 2991 1614 3045 codd.
1644 2989 1740 3045 Gr.
1766 2991 1932 3048 Taur.
1965 3009 2018 3062 p.
2043 2992 2169 3049 245.
2201 3023 2273 3032 -
2309 2992 2577 3054 Florent.,
2608 2993 2664 3046 in
2701 2993 2836 3048 bibl.
2886 2991 3149 3047 Laurent.
3216 2990 3304 3059 I8,
3341 3006 3394 3048 ιι.
3427 2987 3482 3053 8,
3520 2987 3660 3056 plut.
3715 2984 3808 3051 56.

539 3084 623 3131 est
651 3075 810 3138 liber,
845 3091 874 3130 a
904 3075 1155 3131 Fabricio
1188 3077 1240 3131 iu
1271 3085 1402 3132 nota
1428 3080 1493 3133 ad
1525 3079 1742 3133 initiqu
1775 3081 1970 3154 hujus§
1999 3093 2354 3148 memoratus,
2393 3090 2448 3136 at
2471 3081 2773 3150 inscriptus
2810 3099 2822 3136 :
2859 3079 3084 3135 Gemisti
3123 3082 3260 3150 πρὸς
3293 3077 3350 3130 τὸ
3382 3076 3524 3144 ὑπὲρ
3558 3072 3815 3126 Λατίνων

537 3163 634 3217 τοῦ
669 3163 904 3226 Νικαίας
937 3163 1165 3234 βιϐλίον.
1215 3167 1307 3218 καὶ
1337 3166 1430 3218 τοῦ
1464 3167 1701 3232 Νικαίας
1735 3169 2026 3238 ἁπολογίαι
2086 3171 2180 3222 καὶ
2207 3170 2301 3223 τοῦ
2334 3169 2502 3222 αὐτοῦ
2535 3169 2828 3241 Πλήθωνσς
2861 3169 2957 3222 ἐπὶ
2989 3167 3067 3238 τῷ
3099 3167 3247 3220 τέλει
3303 3165 3649 3233 ἀντίρρησις
3702 3159 3817 3212 Ad“

538 3271 719 3309 versus
750 3254 945 3309 librum
978 3256 1184 3308 ll'icreni
1205 3271 1300 3324 pro
1325 3256 1548 3322 Latinis,
1580 3275 1696 3312 cum
1720 3259 1960 3328 ejusdem
1995 3257 2207 3314 Nicwni
2238 3257 2689 3327 responsionibus,
2711 3267 2759 3311 et
2786 3259 2840 3311 in
2863 3257 2967 3326 ﬁne
2992 3257 3262 3325 ipsiusmet
3291 3251 3569 3308 Plethonis
3597 3257 3814 3302 contra-

541 3344 726 3398 dictio.
762 3343 932 3413 Incip.
971 3345 1045 3397 Τὸ
1073 3346 1214 3416 ὑπὲρ
1265 3345 1518 3401 Λατίνων
1545 3345 1774 3416 βιϐλίον,
1807 3348 1867 3400 τὸ
1891 3349 1946 3410 ἐς
2002 3348 2150 3418 ἡμᾶς
2183 3344 2339 3419 ἧκον,
2407 3349 2642 3421 ἄρχεται
2695 3349 2796 3420 μὲν
2846 3347 2943 3402 τοῦ
2975 3351 3042 3419 τῇ
3078 3347 3316 3419 σφετέρᾳ
3370 3345 3604 3416 ἀμύνειν
3659 3337 3814 3411 δόξῃ.

539 3429 756 3498 Nicaeni
778 3433 1022 3503 apologia
1067 3450 1114 3488 s.
1159 3434 1547 3504 responsiones
1579 3435 1645 3490 ad
1673 3437 1974 3507 marginem
2009 3446 2139 3492 sunt
2173 3440 2446 3510 ascripta.
2483 3439 2546 3494 ν.
2579 3439 2810 3496 Bandin.
2835 3437 2953 3495 Cat.
2984 3436 3147 3492 codd.
3180 3435 3277 3492 Gr.
3301 3434 3564 3490 Laurent.
3588 3430 3654 3493 ll.
3689 3442 3817 3499 pag.

541 3521 669 3577 518.
703 3521 920 3590 ("Am")

615 3639 708 3692 9.5.
745 3638 999 3710 Ejusdem
1049 3641 1200 3694 varia
1233 3642 1504 3694 asservari
1537 3641 1799 3694 dicuntur
1863 3641 1914 3696 in
2013 3640 2347 3697 bibliotheca
2376 3641 2692 3711 Auguslana
2727 3659 2741 3709 ;
2782 3641 2944 3695 index
2995 3638 3402 3707 manuscriptus
3457 3632 3551 3707 [ν.
3623 3629 3822 3686 Bciser

543 3727 718 3782 Indic.
746 3731 838 3782 cit.
870 3745 992 3798 pag.
1029 3728 1121 3801 85']
1162 3729 1360 3784 Veneta
1394 3729 1451 3784 S.
1489 3728 1675 3794 Marci,
1722 3745 1842 3800 qua:
1892 3729 1995 3784 fuit
2027 3728 2394 3792 Bessarionis.
2428 3745 2605 3786 scam.
2636 3729 2727 3789 52.
2769 3744 2920 3782 num.
2944 3727 3016 3781 22
3072 3726 3164 3799 [ν.
3196 3741 3359 3796 supra
3391 3723 3459 3778 ad
3505 3739 3560 3776 n.
3589 3721 3624 3773 2
3654 3730 3709 3774 et
3738 3717 3827 3793 8.]

545 3826 601 3871 et
631 3817 854 3885 Neapoli
885 3819 937 3871 in
971 3819 1225 3873 emnobio
1262 3819 1788 3888 Augustinianorum
1828 3819 2017 3874 Sancti
2045 3818 2272 3874 Joannis
2302 3819 2368 3872 dc
2417 3819 2757 3874 (Iarbonaria
2791 3814 2886 3888 [ν.
2937 3831 3102 3884 supra
3173 3817 3238 3868 ad
3279 3816 3384 3868 vol.
3422 3809 3486 3874 ν,
3520 3825 3571 3879 p.
3606 3809 3734 3873 797,
3763 3825 3822 3863 ιι.

545 3909 640 3970 2%,
677 3921 731 3964 et
768 3908 1068 3963 Montfauc.
1104 3908 1259 3962 Diar.
1302 3907 1434 3963 Ital.
1491 3925 1543 3978 p.
1582 3908 1751 3981 3H];
1783 3910 2167 3976 Arnbrosiana,
2201 3906 2740 3977 Prosphonematicus
2766 3908 2846 3975 (It)
2882 3907 2974 3974 qui
2999 3919 3068 3958 an
3105 3903 3274 3969 idem,
3307 3901 3388 3957 vel
3414 3900 3665 3954 diversus
3693 3912 3826 3950 cum

548 3999 736 4066 aliquo
774 4012 842 4050 ex
877 4011 1043 4066 supra
1073 3997 1361 4052 recensitis
1389 3998 1482 4061 sit,
1515 3997 1729 4067 ignoro.

619 4109 718 4165 26.
754 4108 1060 4176 Aliquando
1092 4111 1329 4163 versibus
1357 4109 1519 4163 etiam
1546 4109 1765 4174 lusisse,
1803 4110 1982 4181 dignis
2005 4110 2112 4164 illis
2141 4110 2358 4180 quidem
2397 4115 2549 4164 tanto
2577 4107 2932 4177 philosopho,
2971 4105 3066 4162 sed
3105 4103 3296 4176 paucis
3328 4101 3647 4166 admodum,
3712 4113 3829 4156 tra-

552 4203 634 4257 dit
665 4201 840 4256 Lilius
869 4200 1160 4272 Gyraldus,
1193 4202 1408 4271 dialogo
1441 4203 1496 4268 2,
1535 4203 1602 4257 de
1635 4203 1812 4272 poetis
1839 4206 1922 4258 sui
1953 4199 2236 4273 temporis.
2274 4196 2498 4251 Summa
2519 4204 2800 4252 senectute
2827 4195 3132 4254 confectus,
3167 4203 3428 4261 tanquam
3483 4191 3575 4257 qui
3605 4200 3832 4245 centum

553 4310 729 4348 annos
761 4303 944 4357 natus,
973 4293 1018 4349 si
1043 4281 1406 4364 Trapezuntio
1438 4295 1501 4364 (ἱ)
1541 4293 1840 4357 credimus,
1869 4295 2025 4350 obiit,
2060 4293 2246 4348 Funus
2297 4287 2370 4340 illi
2403 4285 2539 4340 satis
2563 4285 2804 4354 amplum
2833 4283 3086 4337 oratione
3111 4280 3500 4336 encomiastica
3528 4278 3838 4350 Ileri‘nouy-

552 4399 676 4437 mus
699 4381 1147 4454 Charitnnymus,
1175 4393 1228 4439 et
1255 4383 1553 4452 Gregorius
1579 4384 1884 4437 monachus
1911 4383 2111 4436 fecere.
2144 4381 2391 4448 Utraque
2437 4377 2490 4431 in
2524 4379 2842 4445 Attgustana
2876 4374 3212 4428 bibliotheca
3254 4382 3450 4426 exstat.
3485 4370 3571 4441 [ν.
3612 4369 3830 4425 Reiser.

551 4470 669 4525 Iml.
706 4471 801 4524 cit.
832 4486 885 4541 p.
931 4470 1045 4543 90.]
1083 4469 1323 4542 Reliquit
1357 4473 1690 4527 Demetrium
1723 4479 1776 4527 ct
1829 4471 2230 4535 Andronicum,
2277 4468 2436 4529 tllios,
2471 4474 2530 4520 ut
2591 4481 2652 4518 ex
2686 4463 2916 4534 epistola
2955 4465 3024 4517 ab
3070 4463 3260 4516 eodem
3296 4462 3360 4531 (j)
3405 4467 3523 4529 post
3550 4459 3839 4516 Plcthonis

551 4560 760 4614 obitum
817 4561 994 4614 amico
1049 4551 1373 4617 BesSarionc
1426 4561 1706 4616 caidEnale
1756 4562 1960 4616 inedita
2006 4561 2183 4615 adhuc.
2225 4555 2574 4611 ruanifcslum
2617 4556 2694 4606 lit.
2764 4551 2980 4623 [Exstat
3030 4553 3140 4605 Ιιαξρ
3172 4551 3411 4620 'epistola
3474 4547 3710 4601 Viudoh.
3779 4550 3838 4603 in

553 4648 678 4704 cod.
725 4650 864 4706 Cms.
915 4650 1042 4713 276,
1097 4668 1152 4705 η,
1218 4655 1272 4712 9,
1307 4663 1359 4706 et
1387 4653 1514 4720 257,
1549 4669 1608 4706 η,
1644 4655 1694 4707 ιι,
1737 4651 1796 4706 V,
1825 4652 2079 4706 La-nbcc.
2122 4669 2175 4710 ν,
2217 4662 2267 4715 ρ.
2299 4645 2400 4699 ’5ῢῖ
2433 4652 2486 4697 et
2518 4642 2644 4700 462,
2684 4639 2933 4704 Kollar.;
2972 4649 3026 4693 et
3089 4637 3335 4692 Venetiis
3377 4638 3429 4690 in
3467 4637 3600 4691 bibl.
3657 4635 3834 4689 Marc.

554 4739 683 4793 cod.
715 4739 846 4800 555,
880 4755 932 4793 γ.
963 4739 1083 4793 Cat.
1110 4741 1273 4796 codd.
1309 4741 1402 4794 Gr.
1445 4741 1613 4796 Marc.
1640 4757 1762 4812 pag.
1809 4742 1926 4806 152,
1963 4757 2088 4794 ‹-υιιι
2138 4755 2180 4809 p1

2211 4740 2330 4792 iuris
2361 4737 2432 4791 ci.
2479 4736 2689 4789 Morell.
2725 4735 2777 4787 in
2812 4733 2946 4788 bibl.
2973 4746 3074 4783 tus.
3103 4729 3198 4784 Gr.
3231 4737 3284 4781 ct
3313 4728 3430 4783 Lat.
3466 4744 3517 4796 [ι.
3557 4727 3664 4780 21⁸2
3688 4723 3837 4795 ;’qui

557 4831 823 4900 quoniam
847 4831 1056 4898 docuit,
1086 4833 1140 4885 in
1179 4833 1280 4886 hac
1314 4833 1500 4886 Allutii
1532 4833 1771 4886 editione
1805 4832 1988 4886 omnia
2021 4846 2145 4885 esse
2173 4825 2612 4893 corruptissima,
2648 4822 2799 4876 nolui
2835 4819 3121 4890 epistolam
3162 4816 3308 4870 illam
3344 4815 3688 4870 Bessarionis
3758 4815 3838 4865 uti

556 4920 790 4972 Allatius
814 4935 933 4971 eam
963 4920 1229 4985 ediderat,
1257 4920 1312 4972 h.
1349 4921 1385 4974 Ι.
1419 4929 1683 4988 repetere.
1725 4919 1916 4990 ΙιλιιιηῙ
1957 4920 2010 4972 In
2039 4919 2188 4973 calce
2227 4918 2472 4987 epistola:
2512 4915 2784 4970 distichon
2811 4929 2874 4968 ac
2905 4910 3261 4968 tetrastichon
3301 4909 3352 4962 in
3378 4906 3630 4961 eumdem
3653 4904 3811 4958 Genii

559 5021 702 5066 stum
735 5011 1058 5072 addebatur,
1091 5012 1356 5066 incultum
1390 5021 1707 5081 utrumque,
1748 5012 2065 5073 barbarum,
2097 5009 2246 5064 nullo
2279 5019 2509 5057 numero
2538 5004 2854 5058 confectum
2893 5018 2908 5066 ;
2944 4998 3207 5053 indicium
3242 5005 3423 5050 tamen
3445 4994 3639 5053 aIIiIIIi.
3676 5008 3825 5062 quer-

563 5114 630 5152 ne
663 5100 1001 5166 fraudemus,
1029 5109 1152 5153 utut
1187 5108 1294 5164 est,
1333 5111 1633 5170 utrumque
1665 5101 1750 5153 hic
1775 5101 2172 5155 exscribenzus.
2209 5096 2324 5151 Non
2355 5097 2540 5151 omnia
2585 5109 2883 5164 possumus
2915 5103 3148 5146 omnes:

1448 5241 1620 5294 Γαῖαν
1650 5235 1885 5305 σώματι,
1929 5236 2075 5306 ψυχῇ
2115 5234 2160 5288 δ’
2215 5235 2395 5303 ἄστρα
2419 5231 2695 5306 Γεὼργιος
2723 5229 2926 5300 ,ἷσχειέ

1629 5304 1904 5378 Παντοίης
1946 5304 2143 5374 σοφίης
2180 5307 2513 5374 σεμνότατον
2543 5304 2774 5374 τέμενος

636 5415 854 5473 Terram
887 5431 1125 5485 corpore,
1164 5415 1342 5472 animo
1366 5416 1549 5471 stellas
1577 5415 1831 5486 Georgius
1867 5416 2120 5486 possidet,
2159 5417 2414 5472 universa
2454 5414 2735 5485 sapientia:
2766 5411 3281 5468 venerabilissiinum
3305 5408 3577 5478 templum.
3603 5406 3694 5472 Et,

634 5597 709 5668 (θ)
745 5594 897 5668 A_pnd
926 5596 1207 5655 Crusium,
1241 5591 1294 5645 in
1327 5591 1755 5668 7:11_ftSO-_Grtttti{t,
1786 5607 1838 5661 p.
1882 5593 2002 5646 HG.
2263 5591 2592 5668 [ranciscus
2623 5590 2940 5662 Philelphus
2969 5589 3111 5645 libro
3155 5602 3207 5656 ν,
3241 5583 3416 5656 Epist.
3452 5582 3519 5638 ad
3579 5580 3857 5637 Sasolum

637 5661 1007 5740 (7:)_Ftiitjatii
1051 5682 1308 5736 supra,p.
1507 5662 1725 5740 [ρ.95.]
1770 5738 1778 5740 Α
1834 5734 1843 5740 _
2054 5732 2082 5740 ﬂ
2134 5731 2144 5740 _
2259 5709 2263 5714 .

2259 5661 2617 5740 Pristensem.“
2784 5661 2807 5740 ’ί
2881 5732 2890 5740 _
3024 5731 3034 5740 _
3130 5730 3142 5740 _
3316 5733 3384 5740 Ἀ
3453 5723 3488 5740 _.
3617 5723 3626 5732 .

641 5720 711 5800 iiii),
733 5720 1009 5802 Lil't'u'lﬁtt;
1045 5720 1349 5802 (ἶίιιίψιξιῗιιι.
1386 5720 1628 5788 Platonis
1658 5720 1725 5788 ρι’
1754 5734 1978 5788 Aristot.
2047 5731 2148 5786 Cui
2333 5738 2397 5805 ο)
2431 5734 2553 5788 llaec
2585 5731 2925 5788 Bessarionis
2953 5730 3178 5805 epistola
3213 5733 3390 5805 cgstat
3417 5723 3582 5780 etiam
3617 5723 3669 5777 in
3705 5720 3865 5777 Μια-

570 5797 726 5868 αιὶόέι,
760 5808 905 5874 quod
936 5797 1311 5876 magistratum
1344 5807 1394 5858 in
1436 5805 1813 5876 Pelopeuneso
1874 5818 2058 5876 gerere
2098 5813 2151 5876 ιιι
2260 5810 2316 5861 tit
2341 5797 2434 5862 lib.
2465 5822 2546 5871 Ill,
2589 5805 2660 5859 De
2687 5819 2962 5869 consensu,
2988 5797 3114 5866 es,
3149 5816 3201 5870 p.
3237 5797 3363 5853 937.

573 5873 863 5931 admodum
897 5873 1085 5933 senem
1120 5891 1237 5934 esse
1270 5874 1794 5933 I'lstboutm;crib.t
1825 5891 1950 5928 ann.
1993 5873 2148 5928 1131.
