4118 6280
456 318 565 385 8'39
1363 355 1369 362 -
1618 315 2048 390 ENCOMIUM.
2082 311 2429 375 PLETIION
2449 316 2533 372 IS.
3591 311 3701 374 810

449 449 558 486 των
589 424 706 498 εἶχε
735 431 928 499 λόγους
963 428 1091 500 παρ’
1145 427 1355 500 ἐαυτῷ.
1375 428 1566 484 Καίτοι
1598 432 1680 494 τίς
1723 432 1790 486 ἂν
1818 433 2026 499 γένοιτο
2055 435 2100 490 Α
2130 428 2469 498 ἀνθρώπινον
2495 424 2642 493 νοῦν,
2666 428 2763 497 τὴν
2790 428 2983 498 σοφίαν
3006 428 3104 497 τὴν
3129 427 3359 498 ὑψηλὴν,
3388 425 3476 480 τὸν
3505 425 3703 494 ὀφθαλ-

452 524 612 591 σοφία
643 519 846 590 ταύτης
898 519 1230 590 ὑψηλοτέρα,
1261 522 1428 590 ῆγουν
1457 522 1718 591 φρόνησις
1746 525 1856 585 τοῖς
1889 523 2023 575 πᾶσι
2134 522 2236 590 μὸν
2288 521 2442 574 τοῦδε
2503 519 2596 573 τοῦ
2652 521 2874 584 παντὸς,
2920 521 3013 575 τὸν
3069 522 3346 575 θειότατον
3397 521 3492 573 καὶ
3528 519 3703 588 μέγαν

449 611 760 682 τελεωτέρα
787 628 802 677 ;
837 613 980 665 Ὅσα
1017 629 1074 665 τε
1107 613 1188 675 είς
1231 612 1397 682 εὐχῆς
1425 611 1491 666 ἂν
1522 613 1609 683 εἴη
1635 613 1813 681 λόγον,
1846 615 2026 667 πάντα
2129 612 2469 666 διδάσκαλον.
2499 610 2840 676 Κεκλείσθω,
2866 609 2993 681 φεῦ,
3032 612 3284 681 μουσεῖα·
3319 608 3585 680 οίχέσθων
3613 609 3704 664 λό-

448 703 629 773 τούτῳ
678 703 916 772 προσ-ῆν.
982 703 1318 773 Ἡρακλέους
1373 705 1748 772 γενναιότερος
1787 700 1878 772 ἦν,
1932 705 2029 758 Al-
2129 721 2238 771 γοι⁹
2281 705 2588 771 σιγάτωσαν
2637 702 2830 772 βίϐλοι,
2867 703 3068 773 μᾶλλον
3095 703 3153 755 δὲ
3185 701 3704 771 διαγραφέσθωσαν.

455 791 593 845 ακδν
631 792 725 845 καὶ
757 791 1197 863 Βελλεροφόντην
1238 794 1318 856 είς
1339 792 1400 846 τὸ
1431 793 1646 863 σῶφρον
1671 794 2029 865 ὑπερηκόντι-
2133 795 2324 848 Κεῖται
2349 795 2457 863 γὰρ
2491 792 2662 861 σιγῶν
2684 793 2712 846 6
2735 792 3008 855 θειότατος
3039 794 3134 846 καὶ
3163 793 3335 862 μέγας
3359 792 3704 854 διδάσκαλος.

457 901 569 948 σεν,
599 883 872 954 Νέστορός
921 900 982 938 τε
1033 883 1364 956 σοφώτερος,
1402 885 1735 956 Παλαμήδου
1769 884 1816 938 δ’
1845 886 2024 955 εὐμη-
2133 881 2247 938 Εἶθ’
2276 886 2436 954 ἡμεῖς
2479 881 2580 953 ζῇν
2623 883 2764 947 ὅλως
2805 882 2897 936 καὶ
2927 885 3084 936 πνεῖν
3125 883 3221 936 καὶ
3251 883 3344 936 τὸν
3376 883 3528 952 ἥλιον
3573 886 3708 954 όρᾷν

455 979 760 1046 χανώτερος
795 973 934 1045 ὁμοῦ
992 977 1087 1029 καὶ
1147 977 1476 1048 σοφώτερος.
1537 976 1834 1031 Εὑϐουλίαν
1889 977 2028 1047 ὑπὲρ
2133 974 2460 1046 ἀνεξόμεθα,
2495 973 2765 1043 ὀρφανίας
2811 973 3026 1044 ἔχοντες
3073 972 3330 1041 τοιαύτης
3361 972 3524 1026 αὐτὸν
3561 973 3705 1044 μάρ-

456 1069 669 1130 πάντας
701 1066 992 1136 ἐκέκτητο,
1025 1067 1286 1136 ἀλήθειαν
1319 1067 1478 1140 εἴπερ
1507 1085 1613 1132 τις,
1647 1067 1959 1121 θεοσέϐειαν
1985 1068 2031 1120 δ’
2131 1079 2291 1137 τυρα.
2341 1065 2514 1134 Ὑπὲρ
2579 1061 2645 1133 ἧς
2698 1065 2877 1119 πάντα
2926 1064 3224 1135 προθύμως
3269 1064 3339 1118 ἂν
3383 1064 3710 1135 προϊέμεθα.

455 1157 529 1219 ὡς
559 1157 755 1221 οὐδείς.
800 1158 1030 1221 ’Ἄλλους
1072 1159 1130 1212 ἐν
1156 1157 1336 1222 ἀλλοις
1374 1159 1468 1212 καὶ
1500 1158 1709 1220 πάντας
1735 1159 1830 1210 ἐπὶ
1865 1159 2032 1210 πᾶσιν
2132 1157 2228 1210 καὶ
2266 1157 2374 1210 τῶν
2419 1157 2871 1225 ἀναγκαιοτάτων
2919 1155 2984 1226 δὴ
3043 1153 3225 1223 μελῶν
3263 1154 3523 1225 στέρησιν
3575 1155 3710 1209 ἐκαι-

467 1251 716 1318 ὲνίκησε.
777 1250 849 1303 Τὸ
880 1250 980 1320 μὲν
1009 1245 1106 1304 οῦν
1142 1249 1346 1303 τοιαῦτ’
1376 1250 1513 1304 ἄττα
1538 1250 1844 1321 κτήσασθαι
1875 1250 2032 1319 δυνη-
2135 1265 2259 1313 στος
2299 1249 2365 1304 ἂν
2399 1249 2745 1320 ἠνέγκαμεν,
2804 1250 2878 1311 ὡς
2930 1248 2997 1302 ἂν
3049 1248 3144 1302 ἕνα
3183 1246 3374 1302 τοῦτον
3414 1247 3710 1317 πριάμενοι

459 1339 638 1405 θῆναι,
673 1338 930 1410 εὔδαιμον
985 1343 1106 1408 μὲν,
1157 1340 1218 1393 οὐ
1260 1341 1443 1410 ῥᾴδιον
1493 1339 1568 1392 δέ·
1623 1343 1872 1410 κρεῖττον
1924 1343 2032 1412 γὰρ
2134 1343 2215 1402 είς
2243 1341 2427 1393 κοινὸν
2452 1340 2958 1409 ἁπαθανατίσωμεν
3006 1339 3212 1409 κόσμον
3243 1340 3311 1409 τῇ
3346 1339 3586 1408 πατρίδι,
3634 1339 3713 1408 τῷ

457 1429 623 1492 ὅντως
661 1428 694 1500 ἢ
729 1432 850 1484 κατ’
883 1430 1072 1500 εὐχήν.
1109 1431 1181 1484 Τὸ
1212 1432 1270 1484 δὲ
1301 1432 1542 1501 φανῆναι
1566 1433 1664 1502 μὲν
1695 1435 1787 1486 τὸν
1816 1434 2030 1502 ἔχοντα,
2136 1431 2308 1498 γένει,
2340 1433 2404 1498 τῇ
2441 1429 2621 1496 φύσει.
2649 1425 2721 1482 Ὦ
2749 1429 2947 1500 πατρὶς
2976 1430 3084 1498 ἐμὴ
3105 1430 3485 1499 κακοδαίμων,
3519 1431 3552 1498 ἡ
3581 1425 3715 1483 τᾶλ-

467 1516 567 1573 εἷτ⁹
602 1522 800 1592 αἴφνης
833 1520 976 1575 οὕτω
1024 1541 1140 1586 πως
1171 1525 1234 1575 ἐκ
1267 1524 1448 1592 μέσων
1479 1522 1668 1576 τοῦτον
1696 1524 2032 1591 ἀποπτῆναι,
2135 1522 2204 1574 λα
2251 1521 2351 1588 μὲν
2407 1520 2677 1590 δυστυχὴς
2706 1560 2720 1584 ,
2768 1521 2843 1582 ὡς
2895 1521 3114 1575 πάντων
3153 1521 3383 1589 ἄμοιρος
3432 1516 3566 1575 οὖσα
3605 1521 3716 1573 τῶν

478 1611 790 1681 Ἡράκλεις,
821 1613 897 1677 ὡς
945 1617 1142 1682 πικρόν
1184 1633 1241 1668 τε
1294 1619 1389 1670 καὶ
1440 1617 1622 1670 πᾶσαν
1679 1616 2036 1685 παραμυθίαν
2134 1610 2412 1681 χρηστῶν,
2447 1611 2527 1662 ἐνὶ
2546 1611 2601 1664 δὲ
2631 1609 2806 1681 τούτῳ
2838 1611 2986 1682 μόνῳ
3018 1611 3328 1682 ζηλουμένη
3353 1627 3413 1665 τε
3449 1613 3584 1666 πᾶσι
3617 1611 3714 1665 καὶ

466 1703 798 1773 ὑπερνικῶν.
829 1704 926 1766 Τίς
972 1704 1187 1770 τοίνυν,
1219 1705 1302 1768 τίς
1347 1704 1542 1776 Τελχὶν
1575 1705 1874 1775 ἐφθόνησεν
1903 1706 2034 1774 ἡμῖν
2139 1701 2396 1772 ᾁδομένη,
2423 1701 2451 1755 ὃ
2481 1701 2575 1754 νῦν
2616 1701 2891 1756 ἀπεϐάλου
2922 1703 3018 1755 καὶ
3066 1703 3208 1756 τόδε.
3246 1703 3320 1756 T6
3359 1703 3418 1756 δὲ
3465 1703 3530 1774 δὴ
3561 1703 3719 1773 χαλε-

466 1794 560 1849 τοῦ
606 1796 851 1851 τοιούτου
898 1795 1066 1849 καλοῦ
1093 1812 1110 1864 ;
1160 1796 1254 1858 Τίς
1289 1796 1389 1866 τῆς
1435 1797 1694 1866 τοιαύτης
1719 1795 1813 1848 τοῦ
1847 1797 2036 1863 γένους
2064 1776 2113 1836 Β
2142 1792 2393 1864 πώτερον
2423 1795 2517 1848 καὶ
2549 1794 2685 1862 ὅπερ
2732 1794 2914 1861 ἥκιστ’
2965 1793 3213 1860 ἀνεκτὸν,
3246 1794 3338 1848 ἐπὶ
3380 1794 3488 1848 τίνι
3516 1795 3719 1864 μᾶλλον

474 1888 678 1957 ζημίας
736 1887 834 1940 καὶ
884 1888 1307 1958 κακοδαιμονίας
1340 1889 1368 1941 6
1402 1888 1639 1957 μάλιστα
1673 1887 2032 1954 αίτιώτατος;
2141 1884 2566 1955 ἐκαυχησάμεθ’,
2602 1884 2880 1957 ἄνθρωποί
2929 1903 2987 1938 τε
3026 1885 3180 1948 ὄντες
3223 1888 3319 1940 καὶ
3367 1886 3513 1957 λόγῳ
3542 1886 3720 1957 τιμῶ·

477 1978 651 2047 ’Υπὲρ
685 1978 845 2047 λόγον
877 1977 940 2032 τὸ
962 1978 1152 2041 πάθος.
1198 1978 1370 2050 ’Υπὲρ
1398 1978 1754 2049 παραμυθίαν
1811 1980 1843 2048 ἡ
1901 1997 2038 2048 συμ-
2144 1993 2294 2042 μενοι
2321 1993 2336 2042 ;
2379 1976 2788 2054 Πλοῦτόνντινες
2813 1977 3151 2032 ἀπεϐάλοντο
3179 1996 3193 2044 ;
3239 1977 3408 2034 Ἀλλά
3445 1978 3717 2049 σφαλερόν

463 2068 626 2136 φορά.
667 2068 984 2136 Φιλοσοφεῖν
1021 2069 1120 2137 μὲν
1154 2069 1323 2137 ἡμᾶς,
1352 2061 1710 2140 ὧπαρόντες,
1738 2067 1907 2137 ἐχρῆν
1938 2069 2036 2121 καὶ
2140 2084 2204 2135 γε
2250 2068 2311 2120 τὸ
2361 2069 2567 2137 κτῆμα·
2621 2067 2855 2122 ἄστατον
2904 2071 3014 2137 γάρ
3076 2069 3172 2124 καὶ
3221 2069 3410 2125 δοῦλον
3453 2071 3518 2140 τῇ
3555 2068 3716 2140 τύχῃ,

463 2161 523 2211 τὸ
550 2157 723 2220 πάθος
766 2158 1033 2226 γενναίως
1077 2160 1323 2226 ἐνεγκεῖν
1356 2159 1670 2229 βιάσασθαι,
1705 2161 1800 2213 καὶ
1825 2160 2039 2223 πάντας
2141 2159 2365 2223 κακίας·
2393 2177 2454 2212 τε
2517 2160 2722 2230 μᾶλλον
2771 2159 2966 2226 αἴτιον,
3029 2160 3126 2216 καὶ
3181 2163 3296 2226 τοῖς
3349 2161 3576 2230 φαύλοις
3609 2161 3719 2218 τῶν

470 2249 604 2315 μὲν,
640 2247 874 2317 μάλιστα
896 2248 951 2302 δὲ
980 2251 1106 2311 τοὺς
1134 2250 1231 2316 τῆς
1263 2249 1471 2320 ὑψηλῆς
1499 2249 1592 2304 τοῦ
1626 2251 1820 2321 ἀνδρὸς
1846 2253 2044 2322 σοφίας
2143 2251 2446 2324 ἀνθρώπων
2504 2253 2923 2324 περιγινόμενον
2948 2295 2964 2317 ,
3019 2253 3375 2314 ἐπικίνδυνόν,
3420 2273 3480 2310 τε
3542 2255 3719 2326 ἐφάνη

467 2341 883 2411 ἀντεχομένους,
914 2341 964 2394 οἳ
1015 2344 1106 2395 καὶ
1153 2343 1214 2394 τὸ
1259 2343 1340 2405 είς
1382 2342 1575 2408 λόγους
1611 2344 1886 2415 ὁσημέραι
1919 2346 2042 2398 τούα
2142 2347 2253 2408 τοῖς
2283 2345 2468 2414 ἔχουσι
2496 2343 2645 2409 νοῦν,
2676 2346 2772 2400 καὶ
2805 2345 2999 2414 σοφίας
3024 2346 3302 2418 δεόμενον,
3325 2341 3396 2419 ἦς
3421 2349 3481 2416 ἐξ
3508 2349 3722 2418 ἀνθρώ·

469 2450 548 2503 τῳ
574 2433 829 2500 γενέσθαι
851 2432 1197 2504 εὐδαιμονίαν
1226 2435 1408 2501 σφίσιν
1439 2433 1696 2500 ἐτίθεντο,
1718 2435 2041 2505 προύργιαί-
2144 2454 2262 2491 πων
2293 2438 2703 2507 ἀπογενομένης
2736 2439 2833 2491 καὶ
2875 2437 3103 2502 πλοῦτος
3139 2438 3360 2508 ἀχρεῖος
3397 2439 3494 2494 καὶ⁷
3527 2436 3720 2504 τᾶλλα,

463 2542 621 2595 τερον
666 2524 823 2578 τοῦτο
854 2525 962 2579 τῶν
997 2525 1171 2579 ἄλλων
1199 2526 1458 2595 οἰόμενοι,
1492 2525 1685 2596 ἄνδρες
1713 2528 2039 2597 φιλομαθεῖς
2144 2529 2399 2598 καθάπερ
2466 2528 2598 2590 ναῦς
2649 2529 3019 2600 ἀκυϐέρνητος
3064 2528 3222 2585 οὖσα.
3285 2529 3460 2599 ’ἰσχὺν
3507 2529 3719 2600 ἕτεροις

466 2632 525 2668 τε
558 2616 650 2669 καὶ
679 2614 894 2684 φύσεως
921 2615 1100 2680 δεξιᾶς
1130 2617 1224 2669 καὶ
1255 2617 1480 2688 γνώμης
1514 2619 1788 2685 γενναίας,
1818 2621 1912 2673 καὶ
1942 2620 2042 2687 τῆς
2147 2620 2256 2672 Καὶ
2290 2620 2510 2689 πρῶτον
2554 2619 2653 2688 μὲν
2685 2619 2802 2686 εἴγε
2831 2637 2916 2683 τις
2949 2618 3193 2687 ἀκριϐῶς
3237 2619 3491 2684 ἐξετάσαι
3525 2620 3722 2689 βουλη-

469 2707 712 2778 μεγάλης
740 2707 834 2759 τοῦ
864 2707 1054 2778 ἀνδρὸς
1087 2709 1280 2776 σοφίας
1318 2711 1564 2778 ἐρασταί.
1612 2709 1751 2764 Ἀλλ’
1781 2711 1923 2780 ὑπὲρ
1957 2728 2045 2778 φι-
2147 2711 2287 2784 θείη,
2324 2711 2478 2764 οὐδὲν
2532 2711 2690 2764 τοῦτο
2746 2711 2912 2780 μέγα.
2966 2712 3026 2764 Et
3076 2713 3183 2782 γὰρ
3235 2711 3325 2765 διά
3370 2711 3563 2782 ῥώμην
3593 2712 3721 2774 τοὺς

466 2798 722 2867 λοσοφίαν
743 2798 804 2852 τὸ
828 2799 1015 2861 πάθος.
1035 2800 1220 2870 Μόνης
1246 2799 1344 2868 τῆς
1377 2801 1526 2864 θείας
1559 2802 1773 2853 ἐκείνου
1817 2801 2044 2873 γνώμης
2145 2799 2468 2870 ἀνθρώπους
2508 2803 2855 2874 τιμήσομεν,
2903 2803 3142 2874 λήσομεν
3175 2805 3316 2871 σφᾶς
3365 2803 3561 2867 αὐτοὺς
3596 2803 3725 2856 πολ-

469 2889 564 2943 καὶ
589 2891 843 2957 γενναίας
874 2891 1050 2961 ψυχῆς
1071 2893 1166 2944 καὶ
1198 2889 1358 2945 τοῦτο
1375 2892 1676 2964 τεκμήριον
1701 2893 1910 2962 γένοιτο
1941 2895 2042 2966 (1),
2149 2892 2225 2962 λῷ
2253 2891 2364 2945 τῶν
2403 2892 2615 2961 ἀλόγων
2647 2893 3012 2962 φαυλοτέρους
3041 2894 3513 2964 ἀπεργασάμενοι,
3543 2895 3579 2949 ἃ
3599 2895 3726 2948 πολ-

474 2981 532 3044 ὃς
558 2983 647 3034 ἴσα
682 2984 774 3037 καὶ
819 2984 1023 3037 ἀπαθεῖ
1069 2985 1292 3054 κάμνων
1321 2984 1504 3056 ἐῴκει,
1537 2987 1696 3040 ἄλλου
1723 2987 1780 3041 δέ
1806 2987 2041 3055 οὐδενός.
2149 2982 2229 3052 λῷ
2275 2984 2342 3053 τῇ
2391 2983 2552 3054 ῥώμῃ
2598 2984 2708 3037 τῶν
2752 2984 3059 3056 ἀνθρώπων
3109 2989 3456 3056 προέχουσιν.
3510 2986 3724 3040 Ἔπειθ’

468 3071 582 3129 Νῦν
609 3072 656 3128 δ’
687 3069 864 3144 οἶμαι,
915 3076 1008 3127 καὶ
1061 3075 1171 3128 τῶν
1209 3077 1552 3146 ἀναισθήτων
1607 3079 1640 3148 ὴ
1687 3078 1850 3147 φύσις
1889 3096 2030 3150 συμ-
2070 3114 2114 3174 c
2148 3077 2251 3140 ὅτι,
2291 3077 2339 3129 εί
2378 3077 2474 3130 καὶ
2528 3077 2691 3131 τοῦτο
2735 3077 2982 3147 δώσομεν
3037 3080 3172 3142 ἴσως
3224 3079 3572 3149 βιασθέντες,
3607 3079 3725 3132 ἀλλ’

474 3165 692 3236 πάσχει,
725 3165 978 3236 αἴσθησίν
1010 3183 1127 3220 τινα
1171 3166 1265 3219 τοῦ
1297 3167 1502 3230 πάθους
1533 3169 1906 3239 λαμϐάνουσα,
1939 3172 2034 3224 καὶ
2075 3165 2113 3174 ⁷
2145 3167 2267 3231 ένδς
2299 3167 2396 3238 μὲν
2437 3168 2568 3230 ἴσως
2627 3167 2786 3238 ῥώμῃ
2845 3186 2928 3231 τις
2981 3170 3012 3238 ἢ
3074 3171 3170 3222 καὶ
3227 3170 3445 3236 πλούτῳ
3479 3171 3721 3238 προέξει·

473 3255 571 3326 τὴν
601 3257 786 3326 κοινὴν
811 3257 919 3310 τῶν
953 3257 1257 3328 ἀνθρώπων
1288 3260 1717 3328 κακοδαιμονίαν
1744 3262 2039 3315 ἀποκλαιο-

473 3348 633 3418 μένη.
659 3349 728 3402 Ὢ
751 3345 862 3401 οἷον
887 3351 1021 3418 ἡμῖν
1055 3349 1356 3419 ὑποστῆναι
1385 3351 1583 3421 συνέϐη
1615 3352 1809 3405 δεινόν.
1847 3353 2040 3408 Ὅποία

471 3437 685 3508 θρήνων
721 3439 978 3500 ὑπόθεσις
1010 3442 1316 3510 πρόκειται,
1349 3440 1718 3510 ἐπιλησομένη
1743 3443 2039 3513 μηδέποτε.

481 3531 694 3584 Ὀποῖον
725 3532 858 3602 ὁρᾷν
903 3532 1210 3601 ἀνεχόμεθα
1247 3532 1425 3601 οέαμα
1474 3534 1584 3594 τοῖς
1618 3534 1756 3586 πᾶσι
1786 3534 2038 3603 φρικτὸν,

470 3619 516 3676 ὦ
543 3626 613 3694 γῆ
645 3625 736 3676 καὶ
767 3625 886 3693 ἥλιε
914 3626 1010 3678 καὶ
1039 3624 1255 3693 λογικαὶ
1289 3624 1595 3693 φροντίδες.
1622 3626 1800 3695 Ὀναρ
1849 3624 1950 3695 μὲν
1976 3625 2042 3678 ἄν

470 3733 553 3778 τις
592 3716 736 3778 ἰδὼν,
767 3717 885 3785 τάχ’
921 3718 985 3769 ἂν
1009 3716 1200 3785 ἐξέστη
1244 3717 1336 3768 τοῦ
1365 3716 1481 3779 νοῦ,
1521 3716 1617 3770 καὶ
1653 3717 1846 3770 οἰωνὸν
1877 3717 2043 3770 ἀπαί-

474 3826 588 3861 σιον
615 3809 852 3872 ⁸πάντως
888 3809 1064 3879 ᾠήθη.
1096 3809 1289 3879 ’Ύπαρ
1334 3810 1378 3862 δ’
1423 3810 1584 3880 ἡμεῖς
1637 3808 1731 3861 νῦν
1782 3811 2040 3878 ὁρῶντες,

473 3902 590 3963 πῶς
637 3902 903 3968 γενναίως
953 3902 1141 3969 φέρειν
1197 3899 1578 3970 ὑπομενοῦμεν
1607 3916 1622 3973 _;
1656 3902 1720 3952 Ὢ
1755 3897 1866 3952 οἷον
1908 3901 2044 3970 ἡμῖν

473 3995 732 4064 ἤνεγκας,
767 3993 948 4062 κρόνε,
977 3993 1214 4060 πρᾶγμα
1237 3991 1468 4045 ἀπιστον
1499 3993 1594 4044 καὶ
1629 3991 1771 4059 μετά
1794 3991 1892 4062 τὴν
1924 3992 2045 4044 πεῖ-

476 4103 597 4155 ραν.
632 4085 696 4136 Ὢ
719 4085 1033 4154 τραύματος
1062 4083 1384 4152 ἀνηκέστου.
1411 4084 1475 4134 Ὢ
1504 4083 1790 4153 συμφορᾶς
1822 4083 2047 4135 ἀνυποί-

477 4193 601 4230 στου
636 4177 733 4246 (2).
763 4177 956 4229 Καίτοι
1001 4175 1178 4244 ἔγωγε
1223 4173 1402 4245 ᾤμην,
1435 4177 1484 4228 εί
1527 4171 1638 4228 οἷόν
1680 4192 1736 4226 τε
1769 4171 1836 4246 ἦν
1863 4175 1922 4228 ἐν
1950 4175 2045 4226 ἀν-

475 4268 713 4339 θρώποις
739 4269 1039 4322 ἀθανασίαν
1075 4267 1330 4334 φανῆναι,
1361 4266 1462 4318 οὐκ
1491 4267 1557 4319 ἂν
1585 4266 1731 4337 ἄλλῳ
1777 4283 1855 4335 τῳ
1909 4264 2045 4334 μᾶλ-

475 4364 562 4412 λον
590 4361 622 4430 ἦ
659 4360 793 4428 τῷδε
824 4359 1164 4428 ἐγγενέσθαι.
1203 4357 1367 4410 Ταῦτ’
1391 4358 1735 4428 ἐπεπείσμην
1775 4357 1951 4426 ἔγωγε
1977 4361 2046 4428 τῇ

2142 3261 2292 3314 δυοῖν
2355 3260 2412 3313 δὲ
2470 3261 2723 3330 οὐδαμῶς
2745 3302 2760 3326 ,
2793 3261 2931 3314 ὅπου
2982 3277 3045 3327 γε
3091 3260 3202 3313 οὐδ’
3244 3260 3558 3330 Ἡρακλῆς·
3592 3263 3640 3313 εἰ
3668 3261 3726 3312 δὲ

2142 3347 2313 3413 δυοῖν,
2340 3348 2403 3402 οὐ
2437 3347 2612 3416 δήπου
2643 3347 2741 3401 καὶ
2779 3347 3088 3416 τεττάρωνο
3120 3347 3168 3398 εί
3215 3344 3272 3398 δὲ
3321 3345 3527 3399 τούτων
3569 3346 3725 3408 ἴσως,

2143 3441 2205 3495 οὐ
2254 3440 2320 3511 δή
2334 3457 2436 3495 που
2471 3440 2566 3494 καὶ
2611 3440 2765 3501 δέκα,
2809 3439 2902 3492 καὶ
2932 3439 3011 3492 ἔτι
3045 3437 3252 3501 πόλεως
3287 3438 3439 3508 ὅλης,
3468 3436 3562 3491 καὶ
3591 3436 3726 3505 πρὸς

2144 3533 2358 3598 τούτοις
2386 3534 2600 3597 ἔθνους,
2631 3535 2725 3586 καλ⁴
2773 3533 2955 3602 πολλῷ
2993 3551 3056 3601 γε
3089 3534 3292 3603 μᾶλλον
3340 3533 3557 3588 πάντων
3583 3550 3597 3564 ο
3633 3548 3724 3584 σο-

2147 3625 2390 3696 φώτερος
2427 3626 2485 3678 δέ
2530 3642 2614 3688 τις
2671 3625 2768 3694 οὐχ
2822 3625 2941 3682 ἑνός
2974 3641 3120 3688 τινος
3179 3625 3273 3678 καὶ
3319 3622 3412 3676 δύο
3464 3625 3562 3676 καὶ
3594 3624 3727 3676 δέκι

2150 3721 2332 3788 μόνον,
2372 3721 2484 3793 καὶ.
2512 3718 2740 3782 πόλεως,
2778 3718 2873 3770 καὶ
2929 3717 3139 3780 ἔθνους,
3188 3715 3325 3769 ἀλλά
3353 3715 3450 3769 καὶ
3493 3715 3602 3769 τῶν
3633 3716 3728 3767 ἐπὶ

2147 3813 2256 3879 γῆς
2297 3811 2537 3874 πάντων,
2572 3809 2798 3863 δυνατὸν
2838 3804 2999 3862 εἶναι.
3049 3805 3264 3870 Ὀποῖος
3316 3807 3382 3878 δὴ
3430 3811 3522 3860 καὶ
3557 3810 3586 3860 6
3632 3807 3727 3859 νῦν

2147 3904 2280 3973 ἡμῖν
2312 3903 2406 3956 ἐπὶ
2430 3901 2618 3956 πένθει
2655 3899 3044 3972 προκείμενοςο
3080 3899 3241 3967 μόνος
3269 3899 3381 3968 γάρ
3405 3892 3559 3962 οὗτος
3590 3900 3728 3970 ἔργα

2150 3994 2313 4062 λόγου
2354 3993 2594 4064 κρείττω
2643 3991 2977 4062 παρέσχετο,
3004 3990 3078 4053 ὼς
3111 3989 3402 4059 προλαϐὼν
3437 3992 3536 4060 μὲν
3565 3991 3728 4052 αὐτξς

2149 4089 2261 4148 τοῖς
2292 4085 2494 4155 ἐργοις,
2533 4082 2646 4153 ἐγὼ
2673 4084 2730 4138 δὲ
2773 4084 2888 4146 τοῖς
2943 4081 3127 4150 λόγοις
3183 4080 3486 4152 δεδήλωκα.
3539 4083 3727 4143 Οὕτως

2151 4177 2259 4231 οὐδ’
2285 4177 2334 4229 οἱ
2383 4176 2576 4246 ῥώμην
2619 4169 3027 4237 ἀποϐάλλοντες
3067 4173 3210 4243 μέγα
3252 4189 3308 4226 τι
3357 4171 3544 4227 λοιπὸν
3595 4175 3730 4226 ἀπο-

2155 4267 2369 4321 ϐάλλειν
2414 4265 2685 4333 δοκοῦσιν,
2735 4265 2860 4320 ἐπεὶ
2911 4264 3007 4317 καὶ
3058 4264 3203 4334 νόσῳ
3255 4263 3428 4333 ῥᾷστα
3470 4264 3729 4336 θηρᾶται,

2153 4363 2302 4432 γήρᾳ
2349 4376 2410 4410 τε
2472 4357 2796 4427 χαυνοῦται·
2833 4354 2997 4424 σοφία
3055 4355 3110 4406 δὲ
3165 4355 3306 4423 μόνη
3355 4354 3464 4406 τῶν
3510 4356 3732 4408 πάντων

477 4453 695 4522 ἀκριϐεῖ
745 4453 985 4521 προσοχῇ
1013 4449 1114 4520 τῆς
1163 4449 1374 4502 ἐκείνου
1409 4449 1642 4515 διαίτης,
1673 4449 2048 4518 τεκμαιρόμε-
2079 4455 2125 4510 ι)
2155 4451 2448 4502 ἀνάλωτον.
2511 4448 2574 4500 ΕΞ
2631 4447 2690 4499 δὲ
2748 4445 2845 4499 καὶ
2883 4441 3316 4512 περιγενοίμεθα
3349 4442 3465 4494 ἔσθ’
3501 4444 3590 4496 ὅτε
3624 4445 3732 4494 τῶν

480 4561 568 4608 νος
598 4543 718 4597 τόδε
750 4543 828 4613 τῷ
869 4541 1151 4612 μηδέποτ’,
1181 4540 1240 4604 ἐξ
1259 4541 1383 4592 ὅτου
1415 4538 1674 4608 τοιαύτην
1703 4539 1878 4592 εἵλετο
1904 4539 2046 4593 δίαι-

479 4654 600 4700 ταν,
650 4635 888 4706 ἀλγῆσαί
926 4651 982 4686 τι
1033 4633 1140 4684 τῶν
1194 4630 1381 4684 αὐτοῦ.
1431 4631 1490 4682 EE
1539 4629 1595 4682 δέ
1649 4630 1747 4700 μὴ,
1781 4632 1917 4682 ἀλλὰ
1946 4630 2050 4683 κᾶν

473 4729 609 4796 γοῦν
658 4728 751 4780 ἐπὶ
811 4727 1240 4796 μακροϐιότητος
1301 4722 1648 4774 ἐπιπλεῖστον
1705 4723 1917 4786 ἐλάσαι,
1954 4727 2050 4775 καὶ

480 4817 561 4870 ὅτι
606 4818 882 4886 ἐγγύτατα
926 4815 1170 4868 Τιθωνοῦ
1200 4832 1259 4866 τε
1288 4815 1380 4865 καὶ
1423 4813 1820 4883 Ἀργανθωνίου
1855 4815 2052 4884 βιῶσαι

483 4909 518 4979 ἢ
562 4909 656 4962 τοῦ
719 4909 847 4978 παρ’
888 4909 1020 4978 ἡμῖν
1068 4905 1424 4960 Μαθουσάλα.
1470 4905 1789 4959 Ἐλάνθανον
1836 4906 1891 4959 δὲ
1944 4907 2053 4976 ἄρα

481 5001 833 5072 ῆπατημένος
880 4999 1002 5054 κατ’
1049 4999 1238 5068 ἄμφω.
1273 4999 1381 5051 Καὶ
1427 4999 1487 5051 τὸ
1547 4999 1646 5068 μὲν
1699 4999 1810 5060 τοῖς
1871 4998 2052 5061 ἀλλοις

483 5089 654 5154 οὕτως
690 5091 908 5143 ἐπιέναι
952 5106 1011 5142 σε
1037 5128 1052 5154 ,
1103 5082 1147 5141 ὦ
1178 5088 1432 5153 θάνατος,
1469 5088 1638 5140 δεινὸν
1673 5088 1752 5154 ὃν,
1788 5088 1846 5142 οὐ
1877 5089 2050 5141 δεινδν

486 5183 638 5244 ἴσως.
673 5181 805 5235 Νυνὶ
845 5181 902 5233 δὲ
939 5180 991 5232 τί
1025 5179 1215 5233 παθὼν
1237 5179 1297 5232 τὸ
1333 5179 1510 5232 κοινὸν
1538 5181 1673 5248 ἡμῖν
1699 5178 1920 5248 ἀφείλου
1951 5197 2056 5231 xa-

485 5272 596 5336 λὸν,
628 5273 883 5342 ἀφορμήν
914 5289 972 5324 τε
1002 5272 1216 5341 θρήνων
1240 5273 1373 5340 ἡμῖν
1395 5271 1616 5342 ἐξεῦρες
1643 5272 1826 5333 πάσας
1851 5271 2053 5340 παρελ-

483 5363 684 5416 θοῦσαν
722 5365 820 5424 τὰς
867 5362 1113 5430 προτοῦ;
1165 5363 1262 5429 τὴν
1309 5361 1404 5413 τοῦ
1437 5368 1628 5429 γένους
1681 5362 2052 5431 εὐδαιμονίαν,

481 5458 595 5516 τοῖς
625 5453 683 5506 εὖ
710 5453 964 5523 φρονοῦσι
991 5453 1090 5521 τὴν
1115 5452 1404 5522 θυμηδίαν,
1429 5455 1489 5504 τὸ
1514 5452 1612 5521 τῆς
1644 5451 1860 5519 φύσεως
1885 5453 2054 5520 ἀγαλ-

486 5562 584 5611 μα,
617 5547 708 5598 τοῦ
742 5543 1084 5615 ἀνθρωπίνου
1139 5546 1330 5612 γένους
1389 5545 1490 5612 τὴν
1551 5544 1897 5612 εὐκοσμίαν,
1960 5543 2054 5598 τδν

555 5721 631 5791 (ί)
661 5719 1030 5789 Supplcndum
1065 5718 1274 5772 videtur
1322 5718 1408 5770 ἅν.

744 5824 1008 5879 ίέτιιοι..
1048 5820 1163 5874 (Ln.
1197 5816 1371 5876 (ILX.

2159 4539 2564 4604 ἀλκιμωτάτων
2601 4536 2830 4605 θηρίων,
2866 4535 2925 4586 οὐ
2972 4535 3038 4603 τῇ
3071 4531 3253 4602 ῥώμη,
3296 4531 3460 4604 σοφίᾳ
3498 4533 3554 4584 δὲ
3590 4533 3732 4602 μᾶλ-

2157 4631 2250 4684 λον
2307 4625 2722 4695 περιγινόμεθα.
2778 4625 2963 4676 Ἀλλοι
3015 4621 3239 4692 βασιλέα
3295 4621 3482 4673 λοιπον
3521 4623 3734 4676 ἀπεϐάο

2160 4725 2311 4776 λοντο
2344 4737 2357 4785 ;
2389 4718 2526 4770 Ἀλλ’
2556 4717 2678 4770 οὐδὲ
2706 4715 2866 4769 τοῦτο
2909 4713 3114 4768 δεινόν’
3151 4711 3346 4781 φαῦλοι
3393 4712 3504 4783 γάρ
3534 4712 3609 4776 ὡς
3645 4715 3735 4765 ἐπὶ

2160 4815 2221 4866 τὸ
2261 4811 2514 4864 πλεῖστον
2566 4810 2617 4861 οἱ
2669 4807 2892 4870 πλείους
2946 4806 3148 4866 αὐτῶν,
3200 4805 3293 4858 καὶ
3347 4804 3415 4856 δι’
3467 4806 3632 4876 εὐχῆς
3671 4808 3734 4858 τὸ

2161 4903 2406 4973 ὑπήκοον
2437 4899 2702 4962 πολλάκις
2731 4899 2873 4967 σφᾶς
2901 4896 3200 4951 ἀποϐαλεῖν
3233 4893 3358 4964 ἔχου
3370 4911 3441 4961 σι,
3474 4897 3574 4951 καὶ
3599 4895 3733 4949 πολ-

2160 4996 2268 5049 λῶν
2323 4994 2591 5054 πολλάκις
2641 4993 2754 5054 τοῖς
2807 4991 3071 5059 ὑπηκόοις
3125 4987 3318 5040 δεινῶν
3374 4985 3688 5041 αἰτιώτατοι
3717 5026 3733 5051 ,

2163 5084 2424 5146 πολλάκις
2461 5099 2521 5135 τε
2551 5081 2610 5134 ὃν
2633 5081 2851 5150 ἔχουσιν
2902 5075 3302 5141 ἀποϐαλόντες,
3328 5074 3545 5145 ἔχουσιν
3577 5075 3636 5129 ὃν
3669 5077 3735 5130 ἀν

2161 5175 2626 5244 προσκτήσαιντο.
2686 5169 2824 5236 Δόξα
2889 5170 2997 5238 μὴν
3056 5167 3276 5238 σεμνὸν,
3324 5165 3462 5221 ἀλλά
3519 5169 3737 5230 πάντως

2163 5267 2442 5332 ἀϐέϐαιον,
2470 5265 2564 5316 καὶ
2689 5277 2751 5330 γε
2797 5259 3047 5326 παριδεῖν
3082 5260 3287 5328 ταύτην
3315 5258 3550 5324 ἐγένετο,
3586 5257 3736 5324 δόξα.

2162 5357 2376 5419 Κάλλος
2429 5355 2486 5408 δέ
2531 5353 2914 5424 περιμάχητον
2969 5351 3090 5420 μὲν,
3139 5351 3274 5404 ἀλλὰ
3317 5350 3533 5410 πάντως
3564 5349 3740 5412 ὀλιγο-

2161 5447 2398 5521 χρόνιον.
2457 5449 2567 5500 Καὶ
2613 5443 2775 5513 ὑγεία
2833 5443 3019 5512 τίμιον
3071 5443 3191 5511 μὶν,
3247 5440 3362 5495 ἀλλ’
3399 5439 3740 5506 εὐμετάσταο

2163 5560 2275 5596 τον.
2339 5543 2400 5594 Εἰ
2445 5539 2578 5608 γοῦν
2607 5537 2779 5590 ταῦτα
2804 5536 3025 5588 τοιαῦτα
3055 5575 3069 5598 ,
3109 5531 3360 5601 χαλεπῶς
3389 5530 3436 5584 δ’
3467 5525 3566 5584 οὖν
3589 5529 3741 5598 ὅμως

2238 5717 2314 5786 (2)
2339 5716 2450 5781 Sic,
2481 5713 2908 5786 p2wsis'o.smusu,
2949 5709 3128 5761 ιιιὶ.ειιε
3164 5708 3372 5762 Cmam

3213 5799 3286 5860 ‘26
