4186 6290
393 339 504 404 823

1624 343 1946 404 GEORGII
1980 345 2410 408 PLETHONIS

3540 344 3643 410 824

397 452 607 506 insulae.
640 448 789 505 llanc
835 450 978 505 enim
1018 461 1216 508 terram
1277 464 1541 522 quantum
1584 456 1819 512 humana
1880 475 1971 527 po-

2106 459 2485 530 Ιελοπόννησός
2524 477 2606 527 τε,
2643 462 2737 513 καὶ
2784 461 2883 529 ὅση
2912 461 2974 528 δὴ
3010 460 3181 533 ταύτῃ
3225 459 3325 529 τῆς
3369 457 3645 529 Εὐρώπης

398 546 504 594 test
536 541 792 593 memoria
846 540 1109 608 recolere,
1150 540 1311 596 iidem
1349 558 1563 614 semper
1595 560 1624 598 a
1649 546 1810 602 nullis
1841 556 1968 601 ante

400 644 706 697 possessam
739 630 1086 686 incoluerunt
1147 632 1362 699 Graeci;
1423 649 1523 690 nec
1582 637 1806 693 advena:
1840 654 1960 693 eam

2081 549 2382 618 προσεχὴς,
2408 549 2517 602 τῶν
2546 567 2603 603 τε
2641 550 2710 604 αὖ
2740 552 2919 619 νήσων
2946 550 3001 602 αί
3030 548 3395 619 ἐπικείμεναι.
3424 548 3647 619 Ταύτην

2080 638 2192 707 γὰρ
2219 638 2283 695 δὴ
2316 639 2596 704 φαίνονται
2627 639 2725 707 τὴν
2746 640 2933 707 χώραν
2961 640 3223 709 ’Έλληνες
3255 640 3343 693 ἀεὶ
3372 640 3647 703 οἰκοῦντες

395 726 754 786 occuparunt,
805 721 992 789 ejectis
1033 721 1157 778 aliis
1205 723 1411 793 ipsique
1450 741 1847 796 nonnunquam
1901 731 1969 781 ab

2110 731 2126 780 ἱ
2168 730 2319 782 αὐτοὶ
2352 730 2648 798 ὲξότουπιρ
2675 730 2950 798 ἂνθρωποι
2980 728 3526 799 διαμνημονεύουσιν,
3559 729 3647 783 ού-

400 807 523 861 aliis
556 809 712 878 ejecti
744 825 760 877 ;
816 812 911 866 sed
939 822 1127 866 contra
1157 828 1370 882 semper
1414 817 1553 871 hanc
1581 819 1853 888 regionem
1890 828 1966 873 te-

398 910 635 955 nuerunt
677 901 872 968 Graeci,
903 918 1002 957 nec
1031 906 1393 961 deseruerunt
1426 922 1686 978 unquam.

2075 819 2243 870 δένων
2291 821 2467 873 ἄλλων
2516 822 2982 890 προενῳκηκότων
3029 820 3107 890 (2)
3135 835 3149 851 ⁸
3208 820 3329 873 οὐδὲ
3381 820 3648 890 ἐπήλυδες

2076 913 2466 981 κατασχόντες,
2511 912 2703 975 ἄλλους
2746 926 2805 964 τε
2853 911 3197 975 ἐκϐαλόντες,
3231 912 3325 965 κα)⁵
3377 912 3531 965 αὐτοὶ
3559 912 3649 979 ὑφ’

399 991 602 1059 ἐτέρων
636 992 696 1045 τὸ
725 993 857 1046 αὐτὸ
899 993 1046 1046 ἐστιν
1075 996 1164 1048 ὅτε
1220 998 1588 1061 πεπονθότες·
1617 1000 1735 1053 ἀλλ’
1768 999 2031 1070 Ἕλληνες
2062 1000 2223 1069 τήνδε
2274 1003 2373 1072 τὴν
2438 1003 2624 1073 χώραν
2672 1003 2984 1059 τούναντίον
3052 982 3207 1057 αύτοί
3262 1021 3325 1074 γε
3368 1006 3456 1060 ἀεὶ
3523 1003 3649 1073 φαί-

400 1103 581 1138 νονται
615 1087 960 1157 κατέχοντες,
991 1090 1116 1143 οὔτε
1150 1091 1355 1160 ταύτην
1396 1094 1738 1157 ἐκλιπόντες.

471 1202 527 1257 ‘5.
579 1203 698 1258 Iam
735 1204 876 1260 inter
903 1220 1092 1261 omnes
1144 1207 1307 1278 hujus
1347 1209 1587 1279 regionis
1644 1220 1829 1279 partes
1875 1212 1979 1266 Pe-

403 1293 761 1362 loponnesum
795 1296 1094 1366 pracipuas
1150 1313 1215 1353 ac
1267 1299 1634 1358 nobilissimas
1664 1302 1977 1358 Grmcorum

408 1392 597 1451 gentes
627 1386 921 1453 protulisse
948 1387 1203 1454 traditur,
1229 1405 1292 1443 ex
1319 1406 1492 1458 eaque
1520 1391 1738 1447 Grazcos
1777 1395 1986 1462 profec-

406 1484 490 1528 tos
520 1476 784 1530 niaximas
806 1492 867 1531 ac
894 1480 1331 1546 praeclarissimas
1359 1497 1599 1550 quasque
1631 1498 1716 1537 res
1729 1486 1983 1550 gessisse.

405 1560 543 1624 Quid
579 1563 725 1630 quod
761 1579 969 1633 magnae
992 1582 1211 1637 quoque
1238 1569 1394 1626 istius
1435 1572 1500 1624 ad
1527 1571 1825 1640 Bosporum
1864 1575 1983 1631 sita;

407 1652 584 1717 urbis,
623 1669 744 1723 quae
768 1664 948 1710 vestra
983 1673 1127 1712 nunc
1158 1668 1239 1714 est
1271 1663 1439 1731 regio,
1475 1676 1678 1720 terram
1710 1665 1851 1719 hanc
1887 1668 1981 1735 qui

410 1752 556 1798 recte
590 1760 699 1798 rem
730 1747 1055 1815 consideret,
1111 1753 1266 1820 quasi
1322 1764 1549 1809 matrem
1605 1772 1712 1810 non
1781 1759 1979 1827 injuria

410 1830 630 1884 dixerit.
665 1830 799 1885 Nam
856 1844 911 1889 et
957 1837 1049 1904 qui
1104 1847 1231 1893 ante
1264 1838 1578 1909 Byzantium
1614 1845 1978 1912 incoluerunt,

2162 1218 2239 1277 γ’..
2264 1211 2568 1279 Συμπάσης
2611 1209 2670 1263 δέ
2711 1208 2917 1278 ταύτης
2957 1208 3064 1277 τῆς·
3081 1207 3266 1280 χώρας
3313 1206 3451 1277 αύτὴ
3484 1206 3649 1259 Helo-

2085 1302 2356 1369 πόννησος
2381 1300 2727 1368 ὁμολογεῖται
2745 1300 2811 1353 τὰ
2842 1299 3031 1369 πρῶτά
3052 1317 3111 1351 τε
3136 1299 3230 1351 καὶ
3257 1296 3652 1369 γνωριμώτατα

2086 1394 2384 1461 ἐνεγκοῦσα
2435 1394 2543 1447 τῶν
2593 1392 2863 1463 Ἑλλήνων
2917 1394 3088 1462 γένη,
3138 1393 3232 1446 καὶ
3282 1392 3390 1447 ἀπὸ
3449 1391 3653 1461 ταύτης

2087 1486 2402 1554 ὁρμώμενοι
2437 1485 2507 1538 τὰ
2557 1488 2791 1553 μέγιστά
2832 1502 2890 1537 τε
2922 1486 3015 1538 καὶ
3047 1484 3365 1548 ἐνδοξότατα
3394 1483 3653 1552 Ἕλληνες

2089 1577 2228 1646 ἔργα
2261 1575 2614 1641 ἀπεδείξαντο
2644 1576 2740 1645 (5),
2781 1576 2891 1631 Kal
2927 1576 3025 1645 μὲν
3051 1575 3113 1646 δὴ
3158 1576 3376 1644 καὶτῆς
3412 1572 3654 1641 μεγάλης

2087 1665 2323 1733 ταυτησὶ
2367 1665 2580 1726 Πόλεως
2612 1663 2687 1734 (ό)
2726 1665 2826 1731 τῆς
2875 1648 3012 1733 πρὸς
3050 1663 3330 1733 Βοσπόρῳ,
3370 1662 3518 1731 ἢπερ
3556 1658 3653 1714 νῦν

2087 1756 2217 1824 ύμῖν
2251 1756 2521 1825 βασίλειόν
2553 1758 2686 1819 ἐστι,
2732 1755 2890 1825 τήνδε
2922 1753 3253 1824 τὴν“χὼραν
3294 1752 3380 1821 εἴη
3413 1752 3478 1805 ἂν
3510 1752 3655 1818 λογι-

2088 1850 2338 1919 ζομένοις
2386 1844 2499 1900 οἷον
2546 1847 2761 1917 μητέρα
2798 1865 2857 1899 τε
2901 1846 3065 1900 οὖσαν
3116 1847 3206 1900 καὶ
3249 1846 3505 1916 ἀφορμήν
3534 1861 3656 1897 τινα

411 1920 583 1977 Graeci
620 1921 834 1978 fuerunt
857 1942 919 1979 ac
942 1927 1109 1982 Dores
1133 1930 1327 1999 (nores
1355 1942 1536 1988 autem
1563 1933 1988 2004 Peloponnesios

2106 1941 2265 1993 εἰπεῖν
2290 1956 2303 1969 ⁸
2340 1938 2497 1991 τοῦτο
2531 1938 2630 2005 μέν
2680 1936 2868 2005 ἐπειδὴ
2921 1936 3216 1999 Βυζάντιον
3244 1936 3292 1988 oi
3340 1951 3655 2004 προενιρκη-

413 2026 534 2067 esse
568 2015 771 2069 nemini
805 2017 1027 2073 dubium
1049 2022 1155 2087 est)
1184 2030 1238 2076 et
1265 2026 1355 2091 qui
1394 2027 1792 2093 posterioribus
1820 2045 1992 2085 saecu-

418 2102 486 2153 lis
527 2102 793 2161 illustrem
833 2106 979 2162 illam
1009 2124 1075 2164 ex
1109 2111 1291 2167 Italica
1332 2113 1500 2171 Roma
1534 2118 1993 2176 deduxeruntco-

419 2192 643 2260 Ioniam,
667 2204 885 2267 tamque
939 2202 1200 2269 praeclaro
1228 2204 1551 2272 Byzantium
1586 2221 1857 2267 auxerunt
1895 2214 1991 2268 ad-

418 2284 739 2352 ditamento,
769 2305 877 2344 non
917 2302 1045 2348 sunt
1072 2308 1102 2348 a
1134 2296 1542 2367 Peloponnesiis
1592 2303 1776 2369 alieni,
1811 2305 1988 2374 siqui-

420 2374 541 2430 dem
564 2388 623 2432 ut
645 2377 902 2436 Eneadm
931 2394 983 2437 et
1008 2383 1195 2439 Sabini
1226 2390 1340 2456 pari
1359 2390 1481 2460 jure
1508 2394 1772 2462 permisti,
1793 2395 1989 2450 Roma-

420 2480 547 2521 nam
589 2470 774 2526 urbem
833 2472 1200 2533 felicissimam
1263 2482 1625 2550 incoluerunt,
1686 2489 1756 2539 ita
1802 2487 1991 2547 Sabini

419 2569 714 2617 censentur
771 2562 1189 2635 Peloponnesii.
1245 2573 1311 2627 de
1364 2573 1790 2636 Lacedaemoniis
1863 2596 1990 2651 pro-

423 2649 575 2707 fecti.
1372 2660 1375 2661 '

500 2832 556 2888 4.
587 2831 857 2899 Quocirca
891 2853 989 2893 nec
1020 2840 1101 2893 his
1135 2842 1201 2895 de
1224 2845 1405 2899 causis
1441 2849 1589 2914 parvi
1619 2847 1860 2903 facienda
1886 2860 1993 2904 tam

426 2922 776 2995 vobis'quam
810 2929 974 2986 nobis
1006 2939 1090 2986 est
1124 2932 1236 2987 haec
1268 2936 1439 3004 regio,
1468 2939 1912 3008 quandoquidem
1941 2950 1993 2994 et

428 3014 663 3069 maxime
700 3019 920 3088 propria
969 3023 1209 3077 curanda
1249 3036 1378 3080 sunt
1441 3030 1697 3095 maxime,
1758 3041 1813 3084 et
1884 3031 1997 3085 htrc

428 3105 670 3160 omniunt
704 3117 787 3163 est
809 3112 1050 3173 maxime
1070 3115 1330 3183 prop‘ria:
1360 3126 1414 3171 et
1448 3120 1492 3173 si
1541 3119 1608 3173 de
1657 3120 1829 3189 ipsius
1883 3122 1994 3176 vir-

2096 2029 2275 2091 κότες,
2306 2026 2568 2095 Ἕλληνές
2613 2044 2671 2079 τε
2706 2026 2797 2078 καὶ
2829 2027 3054 2092 Δωριεῖς
3105 2026 3350 2095 (Δωριεῖς
3406 2025 3464 2077 δέ
3497 2024 3659 2077 Πελο·

2094 2120 2375 2187 ποννήσιοι
2409 2116 2743 2187 περιφανῶς)
2766 2133 2781 2148 ο
2817 2116 2972 2169 τοῦτο
3003 2116 3048 2168 δ’
3077 2116 3263 2185 ἐπειδὴ
3298 2116 3392 2168 xal
3420 2116 3471 2169 οί
3519 2116 3659 2184 μετὰ

2094 2208 2265 2262 ταῦτα
2294 2208 2392 2278 τὴν
2420 2208 2682 2277 λαμπρὰν
2707 2206 2911 2276 ταύτην
2932 2206 3039 2258 ἀπὸ
3065 2207 3165 2274 τῆς
3188 2207 3245 2258 ἐν
3289 2206 3488 2275 Ἰταλίᾳ
3524 2205 3658 2259 Ῥώ-

2098 2316 2208 2370 μης
2236 2297 2495 2352 ἀποικίαν
2520 2298 2884 2367 στειλάμενοι,
2919 2300 3013 2351 καὶ
3040 2297 3329 2362 Βυζάντιον
3354 2297 3496 2351 οὕτω
3520 2298 3658 2368 καλῇ

2096 2390 2189 2446 καὶ
2226 2389 2441 2461 μεγάλῃ
2476 2387 2848 2458 ἐπηυξηκότες
2873 2390 2937 2457 τῇ
2974 2389 3281 2459 προσθήκῃ,
3315 2389 3657 2455 Πελοποννη-

2100 2487 2230 2537 σίων
2270 2484 2369 2535 οὐκ
2402 2482 2693 2552 ἀλλότριοι,
2730 2480 2847 2548 εἴγε
2889 2481 3134 2535 Δίνειᾶσι
3170 2482 3271 2550 μὲν
3322 2482 3536 2535 Σαϐῖνοι
3569 2484 3662 2536 ἐπὶ

2095 2577 2210 2636 τοῖς
2263 2573 2401 2635 ῐσοις
2446 2574 2539 2625 καὶ
2578 2571 2788 2641 ὁμοίοις
2820 2572 3211 2640 συνῳκισμένοι
3254 2570 3471 2641 Ῥώμην
3503 2573 3662 2625 εὐτυ-

2097 2665 2371 2735 χεστάτην
2403 2663 2614 2715 πόλεων
2647 2661 2977 2731 κατῴκησαν
3001 2677 3015 2691 ·
3056 2662 3271 2714 Σαϐῖνοι
3304 2662 3360 2716 δέ
3389 2663 3451 2714 ἐκ
3493 2662 3660 2715 Πελοο

2099 2756 2373 2823 ποννήσου
2410 2770 2492 2818 τε,
2527 2751 2622 2804 καὶ
2656 2752 3071 2821 Λακεδαιμόνιοι
3105 2752 3200 2822 (5).

2168 2846 2229 2901 δ’.
2258 2847 2480 2901 Τούτων
2502 2862 2563 2898 τε
2611 2841 2704 2899 οῦν
2732 2844 2893 2897 ἕνεκα
2924 2845 2982 2896 ού
3013 2847 3139 2913 περὶ
3170 2846 3405 2915 σμικροῦ
3436 2845 3663 2913 ποιητέα

2100 2942 2133 3010 ἡ
2181 2939 2334 3010 χώρα
2366 2937 2482 2991 οὗθ’
2510 2937 2640 3006 ύμῖν
2688 2939 2798 2997 τοῖς
2837 2936 3168 3006 βασιλεῦσιν,
3218 2936 3341 2989 οὔτε
3380 2938 3660 3005 τοῖςιύπη-

2100 3034 2249 3096 κόοις
2280 3032 2432 3101 ἡμῖν,
2481 3030 2597 3099 εῐγε
2627 3029 2731 3082 τῶν
2761 3030 2977 3083 οἰκείων
3008 3046 3067 3081 τε
3111 3029 3205 3083 καὶ
3236 3030 3466 3099 μάλιστα
3502 3046 3668 3098 προσ-

2098 3125 2366 3193 ηκόντων,
2431 3122 2668 3193 μάλιστα
2720 3122 2817 3174 καὶ
2868 3119 3252 3189 ἐπιμελητέον,
3308 3119 3404 3189 ἥδε
3438 3118 3483 3171 δ’
3532 3120 3667 3187 ἡμῖν

430 3205 578 3261 tute,
616 3214 720 3266 qua
755 3202 885 3256 ttulli
922 3212 1081 3260 terra:
1113 3208 1256 3262 cedit
1301 3211 1615 3266 dicendum'
1649 3220 1770 3279 est;
1832 3222 1891 3268 ut
1936 3230 1996 3270 ea

2106 3216 2409 3285 οἰκειοτάτη
2452 3213 2702 3269 ἁπασῶν.
2754 3211 2918 3266 Ἀλλά
2947 3213 3039 3265 καί
3082 3213 3251 3282 ἀρετῇ
3282 3210 3358 3273 ὡς
3384 3210 3505 3263 οὐδὲ
3538 3212 3665 3279 μιᾶς

427 3309 550 3361 quae
575 3295 642 3349 de
674 3298 802 3352 anni
833 3306 1137 3370 temporum
1176 3309 1454 3375 temperie,
1476 3309 1650 3377 deque
1684 3320 1827 3365 terra
1860 3325 1991 3366 nas-

430 3389 693 3455 ccntium,
742 3399 796 3445 et
829 3395 1072 3449 omnium
1113 3396 1181 3450 ad
1211 3397 1375 3453 vitam
1409 3401 1798 3469 pertinentium
1872 3417 1999 3472 pro-

432 3490 595 3532 ventu
647 3482 750 3535 dici
784 3495 1031 3551 possunt,
1058 3504 1204 3544 nunc
1244 3493 1518 3555 omittam,
1553 3493 1618 3548 ad
1648 3494 1998 3549 securitatem

434 3586 568 3628 sane
594 3575 794 3629 nullam
828 3593 934 3632 non
968 3582 1243 3649 regionem
1284 3583 1396 3637 haec
1428 3594 1671 3655 superat,
1694 3599 1818 3641 cum
1846 3584 1999 3639 etin-

433 3664 551 3722 sula
582 3669 785 3734 pariter
808 3679 955 3726 tanta
984 3674 1054 3726 sit
1089 3686 1140 3727 et
1171 3678 1487 3745 continens,
1540 3691 1642 3733 nec
1711 3676 2004 3732 diﬂlculter

436 3760 650 3824 possint
675 3763 794 3832 ejus
824 3764 1033 3834 incolae,
1061 3766 1107 3821 si
1141 3777 1287 3824 recte
1330 3770 1742 3837 suppetentibus
1783 3778 2006 3823 utantur

437 3854 760 3923 adjttmentis
788 3870 908 3911 cum
951 3869 1212 3927 apparatu
1270 3862 1517 3924 minimo,
1589 3861 1632 3916 si
1697 3861 1819 3929 quis
1858 3864 2008 3914 inva-

441 3955 551 4012 dat,
589 3952 867 4018 repellere,
904 3960 1017 4004 tum
1057 3952 1195 4007 alios
1218 3952 1308 4006 tthi
1345 3952 1588 4006 videatur
1624 3953 1749 4021 ipsi,
1786 3955 2010 4009 acceile-

442 4057 524 4101 re.
556 4041 740 4109 itaque
765 4041 1003 4110 regionis
1053 4043 1318 4095 terminos
1382 4057 1487 4095 non
1544 4042 1733 4095 leviter
1786 4057 2007 4111 augere.

442 4134 711 4186 Praeterea
737 4145 882 4185 nunc
922 4132 1185 4185 montium
1211 4143 1568 4197 muutntenta,
1599 4135 1691 4202 qui
1726 4148 1820 4202 per
1844 4145 2009 4189 totam

338 4256 341 4257 ν
448 4225 792 4291 porriguntur
822 4231 1018 4275 terram
1049 4233 1103 4277 ct
1137 4223 1337 4293 ubique
1368 4226 1575 4280 arcium
1634 4227 1802 4282 instar
1873 4229 2011 4282 enti-

448 4324 615 4381 nent;
643 4315 721 4369 sic
754 4325 812 4370 ut
845 4315 1049 4381 hostes,
1082 4317 1298 4371 etiamsi
1347 4320 1640 4387 campestri
1699 4322 1817 4376 solo
1877 4322 2015 4378 forte

449 4408 747 4477 potiuntur,
781 4418 889 4464 tota
918 4419 1098 4463 tamen
1128 4410 1379 4465 excidant
1403 4424 1642 4480 regione.

517 4683 706 4748 5.Quo
727 4683 804 4747 lit,
829 4696 887 4740 ut
911 4699 1016 4739 non
1038 4693 1146 4739 tam
1171 4684 1576 4750 familiaritatis.
1598 4699 1761 4753 quam
1786 4682 2003 4738 virtutis

498 4929 576 5001 (9)
595 4926 1237 5001 Ταύτην...οικοῦντες,
1264 4927 1449 4987 κ.τ.ηλ.
1474 4925 1591 5001 _Non
1617 4922 1830 5001 urgebit
1855 4921 2022 5001 lector

450 4989 572 5069 qusi
626 4989 849 5069 Pletlion
895 4999 1043 5052 hisce
1090 4989 1272 5069 verbis
1301 4996 1588 5069 enuntiare
1634 4989 1870 5047 videtur.
1902 4989 2020 5069 Quo

455 5065 597 5123 enim
631 5079 789 5140 pacto
820 5068 1073 5140 ignorare
1108 5068 1291 5140 potuit
1313 5076 1366 5121 et
1393 5065 1620 5132 antiquo
1662 5073 1925 5140 tempore,
1970 5068 2025 5113 et

452 5155 519 5192 eo
570 5137 802 5205 maxime.
862 5153 971 5204 quo
1026 5138 1141 5205 ipse
1187 5137 1344 5198 vixit,
1381 5144 1745 5205 externarum
1781 5137 2021 5205 gentium

456 5203 680 5273 vestigia
711 5220 816 5259 non
866 5198 1427 5282 pauca'remansisse?
1459 5203 1588 5282 Mihi
1618 5198 1835 5282 quidem
1871 5198 2029 5252 Pelo-

458 5290 759 5343 ponnesum
799 5273 1114 5344 regionibus
1161 5275 1227 5329 ad
1280 5274 1704 5344 septentrionem
1739 5273 1859 5344 sitis
1889 5282 2026 5344 quas

460 5340 728 5401 Barbaros
752 5340 1089 5413 frequentius
1131 5358 1293 5412 quam
1322 5343 1755 5408 Peloponnesum
1788 5340 2027 5391 invasise

458 5425 671 5469 constat
697 5412 970 5485 opponere
999 5412 1231 5485 voluisse
1264 5412 1496 5485 tjidetur.

534 5486 613 5556 (3)
632 5476 1079 5556 ’An'soslé'qrto.
1114 5478 1883 5556 Lacedtemoniorumhellicas
1911 5476 2027 5556 glo-

462 5548 557 5610 riai
597 5548 846 5609 'ltzeretles
909 5553 1115 5625 fuisse,
1175 5552 1605 5625 Pel0ponnesum
1662 5548 2029 5625 habitantibus

464 5626 610 5678 omni
660 5634 902 5691 tempore
936 5616 1220 5692 antiquum
1272 5616 1335 5673 ac
1384 5616 1854 5692 glOI‘iOs’ltnl_ftlit_,
1907 5617 2029 5692 livet

465 5704 657 5746 nostro
713 5685 954 5762 tempore
1005 5685 1250 5761 εμιῖεειειιη
1319 5685 1782 5762 pritttatttttt_ej_tts
1837 5686 2031 5762 insulae

467 5762 685 5815 l‘atniliuc
722 5755 882 5818 nimis
923 5762 986 5817 de
1009 5755 1069 5817 ea
1099 5778 1154 5816 rc
1184 5755 1526 5830 jar-tuttuudu:
1562 5755 1729 5811 viilcri
1765 5756 1994 5826 possint.

2101 3310 2168 3364 ἂν
2207 3310 2448 3362 λείποιτο
2495 3306 2605 3360 τῶν
2651 3306 2754 3358 ὑπὸ
2785 3304 2877 3357 cev
2905 3304 3079 3375 ἥλιον,
3124 3303 3224 3356 ὅσα
3273 3302 3369 3373 μὲν
3401 3303 3480 3363 είς
3509 3302 3671 3370 ὡρῶν

2105 3398 2475 3470 συμμετρίαν,
2503 3397 2599 3449 καὶ
2627 3395 2856 3465 καρπῶν
2883 3394 3076 3465 φοράν,
3105 3394 3199 3447 καὶ
3231 3392 3366 3454 ὅλως
3392 3391 3500 3443 τῶν
3533 3388 3670 3460 πρὸς

2101 3495 2192 3545 τόν
2235 3492 2346 3562 βίον
2389 3490 2674 3560 χρησίμων
2711 3488 2954 3540 τείνοντα
2989 3486 3138 3538 ἐστιν
3183 3485 3378 3547 εἰπεῖν,
3410 3484 3559 3536 ἐάσω
3612 3482 3672 3533 ἔν

2104 3601 2167 3653 γε
2218 3583 2294 3653 τῷ
2334 3580 2561 3649 παρόντι
2590 3595 2605 3610 ο
2641 3578 2760 3632 ἀλλ’
2803 3579 2882 3640 είς
2935 3577 3236 3645 ἀσφάλειαν
3280 3576 3424 3637 τίνος
3474 3574 3574 3627 οὐκ
3605 3573 3671 3626 ἂν

2107 3678 2191 3744 εἴη
2224 3676 2489 3745 κρείττων
2520 3671 2742 3742 χώρας;
2770 3670 2933 3739 νῆσός
2963 3686 3022 3721 τε
3049 3668 3184 3721 οὖσα
3203 3665 3508 3737 τηλικαύτη
3535 3662 3672 3731 ὁμοῦ

2108 3771 2201 3820 καὶ
2243 3768 2470 3836 ἡπειρος
2502 3767 2534 3834 ή
2573 3763 2710 3832 αὑτὴ
2763 3762 2857 3815 καὶ
2887 3761 3199 3830 παρέχουσα
3228 3761 3339 3821 τοῖς
3383 3757 3673 3820 ἐνοικοῦσι,

2110 3859 2252 3912 κατά
2281 3858 2483 3928 τρόπον
2504 3857 2808 3926 χρωμένοις
2836 3856 2959 3916 ταῖς
2982 3852 3352 3923 ὑπαρχούσαις
3376 3851 3671 3920 ἀφορμαῖς,

2110 3950 2205 4004 ἀπ’
2254 3949 2548 4017 ἐλαχίστης
2599 3946 2698 4018 μὲν
2730 3947 2828 4016 τῆς
2880 3945 3254 4016 παρασκευῆς,
3300 3944 3353 3996 εἴ
3388 3960 3471 4007 τις
3509 3942 3675 4003 ἐπίοι,

2112 4042 2435 4111 ἀμύνεσθαι,
2471 4040 2738 4109 ὑπάρχειν
2765 4040 2822 4091 δὲ
2854 4040 2947 4091 καὶ
2976 4037 3273 4103 ἐπεξιέναι,
3308 4039 3438 4091 ὃταν
3485 4035 3679 4089 ἐθέλω-

2115 4150 2221 4195 σιν,
2277 4134 2415 4187 ὥστε
2454 4133 2545 4185 καὶ
2594 4130 2760 4200 ἄλλης
2811 4131 2911 4183 ούκ
2948 4130 3136 4198 ὀλίγης
3182 4128 3247 4183 ἂν
3295 4129 3491 4200 ῥᾳδίως
3543 4129 3681 4197 πρὸς

2115 4226 2239 4294 τῇδε
2296 4227 2541 4293 κρατεῖν.
2591 4224 2701 4277 Καὶ
2736 4223 2963 4292 παρῆκα
3017 4222 3158 4292 δρῶν
3201 4223 3544 4291 ἐρυμνότητα
3595 4222 3683 4274 διὰ

2118 4318 2298 4386 πάσης
2340 4316 2655 4385 διηκόντων,
2690 4315 2784 4366 καὶ
2813 4313 2969 4383 δίκην
2998 4310 3350 4382 ἀκροπόλεων
3390 4313 3685 4379 ἀνεστηκό-

2119 4429 2225 4463 των
2256 4408 2505 4480 πανταχῆ
2542 4409 2654 4477 (ϐ)-
2693 4408 2858 4471 ὥστε,
2900 4407 3001 4460 κᾶν
3038 4406 3146 4459 τῶν
3179 4406 3375 4459 πεδίων
3409 4407 3684 4475 κρατῆσαι

2122 4503 2413 4573 πολεμίους
2470 4503 2650 4573 συμϐῇ
2706 4518 2856 4566 ποτε,
2911 4500 3012 4571 τῆς
3053 4515 3117 4568 γε
3161 4499 3455 4569 συμπάσης
3502 4501 3687 4571 χώρας

2050 4577 2093 4633 D
2122 4597 2316 4666 ἥττους
2355 4588 2511 4650 εἶναι.

2189 4694 2250 4740 ε’.
2284 4686 2450 4740 ’Ὥστε
2499 4686 2575 4757 μὴ
2602 4685 2933 4754 οἰκειότητος
2968 4685 3153 4752 μόνον,
3186 4684 3323 4738 ἀλλὰ
3366 4684 3456 4737 καὶ
3482 4680 3688 4754 ἀρετῆς

2194 4920 2272 4988 (ι)
2310 4917 2424 4985 Τῆς
2448 4915 2722 4988 μεγάλης
2747 4914 3001 4988 ταυτησί
3027 4913 3282 4977 Πόλεως,
3323 4929 3377 4966 κ.
3396 4929 3445 4965 τ.
3484 4908 3534 4962 λ.
3561 4987 3565 4988 ί
3590 4908 3695 4981 By-

2123 4985 2358 5043 zantium
2392 5003 2418 5037 a
2452 4986 2804 5040 Doricnsibus
2842 4985 3149 5046 conditum,
3207 4997 3300 5050 per
3347 4995 3508 5035 omne
3533 4987 3694 5050 tem-

2122 5074 2242 5127 pus,
2277 5056 2497 5127 Polyhio
2543 5063 2699 5117 tcsle,
2735 5054 3075 5127 conditorum
3106 5048 3303 5127 lno—res
3341 5064 3405 5104 ac
3454 5048 3693 5127 indolem

2122 5116 2501 5182 conservando
2548 5116 2703 5191 grato
2746 5138 2964 5188 semper
3022 5123 3073 5175 in
3106 5118 3539 5187 Peloponnesum
3594 5116 3699 5173 fuit

2121 5211 2327 5251 animo.

2199 5266 2276 5333 (5)
2296 5264 2772 5333 Λακεδαιμένίοι,
2798 5282 2846 5315 κ.
2879 5280 2928 5315 τ.
2956 5260 3007 5314 λ.
3033 5255 3265 5333 _l_)ionys.
3300 5257 3701 5333 Halic._at_tctor

2124 5326 2215 5389 cst‘
2260 5326 2501 5389 'Sahiuos
2551 5326 2603 5385 ἠ
2675 5326 3101 5387 ιαεεὼειιιοηίἰε
3157 5326 3366 5384 colonis
3428 5326 3692 5396 originem

2128 5405 2369 5457 duxisse.

2200 5473 2274 5542 (6)
2302 5471 2603 5539 Πανταχῆ,
2640 5490 2691 5526 κ.
2718 5489 2767 5525 τ.
2802 5473 2853 5524 λ.
2902 5471 3017 5525 Non
3050 5466 3406 5542 premendum
3439 5473 3525 5542 est
3557 5464 3700 5531 quod

2129 5535 2338 5609 antiqui
2366 5542 2475 5610 jam
2504 5535 2679 5609 inagis
2713 5542 2982 5596 rhetorice
3008 5535 3169 5608 quam
3194 5536 3405 5610 veredo
3440 5535 3732 5610 Pelopon-_

2133 5601 2799 5683 110δί’ἰιιὸχμιικιιίιῦἱιὶιλιιο
2835 5601 3110 5683 dixero-nt,
3152 5605 3372 5683 quando
3404 5619 3522 5657 eam
3547 5674 3555 5683 ‘
3578 5601 3702 5683 plus

2132 5683 2299 5734 semel
2329 5674 2689 5748 expugnatam
2732 5682 2979 5748 legimus,
3014 5679 3136 5731 licet
3162 5676 3356 5728 Strabo
3389 5687 3509 5727 cum
3536 5674 3696 5740 ἀκρό-

2135 5750 2287 5804 πολιν
2326 5755 2619 5820 supinam;
2659 5750 2905 5811 Ἑλλάδος
2939 5748 3325 5818 pronuntiarit.
