4186 6290
416 328 532 397 825

1290 336 1387 396 DE
1432 338 1684 398 uenus
1731 324 2425 405 PELODONNESIACIS
2454 344 2739 405 ORATIO
2772 347 2817 408 ῐ.

3565 344 3668 404 8:6

416 442 583 496 ἕνεκα
614 442 977 516 ἐπιμελητέον
1001 438 1143 504 εἶναι
1175 448 1275 520 τῆς
1304 432 1488 523 χώρας
1506 468 1521 483 ·
1551 453 1603 506 ετ
1629 470 1691 521 γε
1724 455 1854 525 περὶ
1881 454 1989 508 τῶν

2114 456 2265 526 psitts
2296 473 2463 514 causa
2508 461 2750 515 curanda
2791 459 3043 515 videatur
3077 460 3195 516 haec
3220 461 3390 533 regio,
3429 461 3672 531 quando-

418 533 720 601 κτημάτων
750 535 819 589 τὰ
861 539 1072 606 ἀμείνω
1107 541 1305 610 μᾶλλον
1349 559 1402 595 τι
1457 542 1553 595 καὶ
1608 544 1990 599 σπουδαστέον.

429 617 826 692 Ἐπιμελητέον
859 629 960 697 μιν
989 629 1063 706 δὴ,
1091 633 1185 685 καὶ
1214 633 1379 687 παντὶ
1412 636 1514 703 μὲν
1542 632 1747 701 ὁτῳοῦν
1773 634 1883 689 τῶν
1915 638 1995 698 είς

419 709 690 782 ’Ἕλληνας
720 715 1037 782 τελούντων,
1088 720 1325 790 μάλιστα
1352 722 1400 776 δ’
1445 724 1576 793 ὑμῖν
1602 726 1717 787 τοῖς
1745 725 1996 794 βασιλεῦ-

423 817 529 866 σιν,
561 803 780 877 ὅσῳπερ
823 808 916 861 καὶ
964 810 997 879 ἠ
1043 811 1152 864 τῶν
1200 812 1337 866 δλων
1368 814 1657 884 ἐπιμέλεια
1709 816 1837 884 ὑμῖν
1889 816 1997 887 πρὸ

422 892 679 947 ἁπάντων
728 896 1137 967 ὲγκεχείρισται
1164 918 1178 932 °
1215 903 1345 971 ὑμῖν
1372 904 1427 957 δὲ
1460 906 1556 958 καὶ
1584 905 1801 961 πάντων
1836 908 1996 976 μάλι-

422 1001 524 1038 στα
556 986 665 1038 τῶν
700 985 920 1041 πώποτε
949 992 1254 1056 γεγονότων
1306 993 1591 1062 βασιλέων.
1635 998 1995 1069 Κεκρατηκότ

418 1091 530 1127 των
571 1075 679 1144 γὰρ
721 1076 940 1131 Ἰταλῶν
976 1080 1136 1150 τῆσδε
1178 1083 1279 1152 τῆς
1308 1083 1511 1154 χώρας,
1556 1088 1653 1140 καὶ
1699 1088 1790 1141 ἐπὶ
1826 1090 1997 1144 πολύν

420 1181 543 1217 τινα
577 1167 769 1233 χρόνον
800 1172 1095 1237 συμπάσης
1123 1173 1578 1237 δυναστευόντων,
1607 1178 1823 1241 οὐδένες
1848 1180 1998 1234 ἄλλοι

422 1254 454 1323 ἢ
493 1257 543 1308 οί
578 1258 641 1310 ὲκ
674 1259 776 1327 τῆς
810 1258 1088 1330 ὑμετέρας
1138 1265 1314 1329 οἰκίας
1345 1267 1586 1337 βασιλεῖς
1636 1270 1843 1334 ταύτην
1874 1272 1999 1339 φαί-

422 1363 604 1398 νονται
666 1350 1020 1419 ἀνειληφότες
1050 1354 1124 1422 (7)
1153 1371 1168 1385 ·
1205 1357 1300 1409 καὶ
1357 1358 1519 1421 αὐτὸς
1566 1360 1633 1421 δ’,
1667 1357 1712 1411 ὦ
1746 1360 1994 1428 βασιλεῦ,

427 1437 564 1506 πρὸς
601 1439 819 1501 πολλαῖς
844 1459 901 1493 τε
925 1441 1115 1504 ἄλλαις
1142 1450 1236 1497 καὶ
1264 1446 1455 1507 καλαῖς
1482 1450 1602 1510 ταῖς
1632 1451 1995 1520 εὐεργεσίαις,

422 1528 600 1579 καὶτὸ
637 1528 779 1596 μέγα
823 1530 980 1585 τοῦτο
1020 1532 1180 1603 ἔργον
1208 1535 1303 1588 καὶ
1331 1535 1582 1606 λαμπρδν
1612 1538 1837 1608 ἔναγχος
1868 1541 2001 1592 ταύ-

421 1631 524 1684 της
552 1619 884 1691 προύϐάλου,
927 1623 1027 1693 τὴν
1069 1624 1162 1679 τοῦ
1209 1627 1422 1695 ’ἰσθμοῦ
1454 1628 1517 1698 δὴ
1565 1629 1770 1702 ταύτην
1797 1631 1998 1684 διατεί-

423 1725 568 1777 χισιν
594 1710 695 1779 (8),
721 1712 866 1783 ἥπερ
894 1714 959 1766 ἂν
992 1717 1130 1787 αὐτὴ
1160 1719 1334 1784 δόξειε
1386 1722 1616 1792 μεγίστη
1647 1739 1705 1774 τε
1738 1725 1833 1777 καὶ
1864 1741 2001 1794 κρα-

424 1797 579 1868 τίστη
643 1800 864 1857 ἔσεσθαί
916 1822 975 1859 τε
1030 1807 1121 1861 καὶ
1180 1807 1277 1861 νῦν
1324 1806 1464 1862 εἶναι
1528 1811 1667 1881 πρὸς
1724 1815 1997 1883 σωτηρίας

422 1894 705 1965 ἀφορμήν.
734 1897 888 1951 Ὠστ’
922 1901 988 1954 ἂν
1004 1901 1132 1970 ὑμῖν
1164 1904 1435 1973 προσήκοι
1481 1907 1600 1968 ταῖς
1647 1905 1755 1958 τῶν
1801 1910 1996 1976 προτέο

426 2001 535 2052 ρων
561 1985 895 2055 εὐεργεσιῶν
926 1992 1204 2055 ἐπιϐολαῖς
1243 1996 1335 2047 καὶ
1365 1997 1461 2055 τὰς
1495 1998 1635 2066 μετὰ
1661 1998 1836 2052 ταῦτα
1870 2002 2000 2053 ἐπο-

2095 549 2313 617 quidem
2379 552 2753 619 possessiones
2809 553 3051 621 potiores
3107 554 3285 622 potius
3331 553 3496 607 etiam
3553 563 3671 608 stu-

2095 638 2245 692 dium
2278 642 2455 693 solent
2493 642 2797 710 requirere.
2830 640 2946 696 1am
2981 659 3103 697 cum
3139 644 3395 699 omnibus
3418 642 3509 711 qui
3529 644 3673 698 inter

2095 730 2313 785 Grmcos
2340 745 2641 788 censentur
2679 734 3081 803 haieimpendit
3103 751 3259 801 cura,
3301 745 3415 792 tum
3443 738 3662 805 regibus

2097 822 2355 887 maxime,
2381 823 2583 891 quibus
2637 822 2893 879 Universi
2943 828 3109 881 tutela
3161 842 3272 896 prae
3323 828 3533 883 czeteris
3588 838 3674 882 est

2096 914 2414 968 commissa.
2438 911 2722 968 Neminem
2750 930 2921 982 porro
2952 918 3302 985 superiorum
3333 933 3521 987 regum
3545 932 3675 986 pro-

2098 1004 2221 1073 pius
2280 1019 2444 1073 quam
2504 1012 2556 1058 te
2588 1005 2704 1060 ha2c
2736 1021 2823 1062 res
2860 1007 3095 1076 attingit.
3128 1006 3265 1061 Nam
3311 1015 3518 1063 etcum
3553 1008 3670 1063 Itali

2098 1093 2359 1147 ditionem
2396 1094 2538 1149 hanc
2596 1104 2868 1158 tenerent.
2896 1097 2949 1151 in
2987 1113 3161 1165 eaque
3215 1099 3378 1166 longo
3418 1104 3667 1167 tempore

2099 1192 2445 1253 reguassent,
2479 1184 2579 1238 soli
2606 1200 2724 1239 eam
2757 1194 2948 1240 vestra:
2971 1188 3187 1241 familiae
3212 1188 3489 1258 principes
3518 1202 3674 1243 reen-

2099 1285 2361 1343 perarttnt
2393 1286 2443 1330 et
2494 1276 2607 1345 ipse
2633 1285 2688 1330 tu
2727 1286 2923 1346 prmter
2967 1279 3071 1333 alia
3106 1280 3275 1333 multa
3356 1295 3666 1349 magnaque

2101 1365 2391 1430 beneﬁcia,
2417 1369 2733 1436 praeclarum
2767 1370 2896 1422 illud
2923 1380 3086 1439 atque
3118 1372 3309 1438 ingens
3360 1386 3500 1439 opus
3572 1387 3677 1425 nu-

2100 1472 2198 1526 per
2235 1460 2674 1523 erexisthducto
2725 1477 2819 1529 per
2874 1463 3134 1516 isthmum
3194 1479 3377 1528 muro,
3443 1466 3675 1519 maxima

2110 1558 2167 1603 et
2199 1551 2653 1619 praestantissima
2683 1564 2957 1621 perpetua:
2982 1554 3173 1609 salutis
3194 1555 3502 1609 occasione.
3533 1553 3683 1619 Quo-

2104 1640 2249 1695 circa
2282 1657 2378 1695 vos
2403 1642 2565 1697 decet
2592 1659 2714 1697 cum
2744 1645 2991 1714 priorum
3026 1646 3413 1701 beneﬁciorum
3448 1648 3684 1701 colloca-

2104 1731 2251 1787 tione
2279 1734 2393 1788 haec
2415 1735 2578 1789 etiam
2605 1739 3003 1805 consequentia
3032 1739 3392 1809 conjungere,
3429 1752 3541 1806 quo
3602 1738 3682 1791 si-

2107 1823 2218 1876 mul
2248 1834 2301 1877 et
2334 1825 2433 1893 ipsi
2469 1841 2653 1879 rerum
2684 1827 3074 1896 praaelararum
3112 1838 3411 1897 augmento
3458 1829 3683 1883 studere

2106 1914 2423 1981 videamini,
2477 1929 2530 1972 et
2578 1917 2695 1986 ipsa
2754 1919 2912 1972 vobis
2965 1930 3092 1974 ante
3141 1920 3339 1973 collata
3398 1920 3681 1982 beneﬁcia,

2106 2008 2465 2077 perpetuitate
2537 2012 2987 2079 consequentium
3078 2012 3231 2065 salva
3327 2018 3684 2081 permaneant

432 2075 600 2174 μένας
639 2080 966 2174 άποδιδὸναι,
1001 2084 1069 2138 ἵν’
1100 2086 1218 2155 ἅμα
1247 2088 1344 2156 μὲν
1376 2092 1488 2151 τοῖς
1534 2091 1715 2154 καλοῖς
1749 2093 1836 2145 ἀεὶ
1866 2075 2144 2161 φαίνοισθε
2175 2075 2578 2169 προστιθέντες,
2634 2075 2750 2172 ἅμα
2782 2102 2830 2157 δ’
2892 2103 3020 2173 ὑμῖν
3076 2107 3171 2157 καὶ
3223 2103 3292 2157 τὰ
3327 2075 3683 2174 -ὑπηργμένα

430 2170 609 2238 ἀγαθὰ
638 2172 702 2225 ὲκ
721 2175 822 2244 τῆς
849 2174 959 2229 τῶν
982 2178 1038 2241 ἐς
1063 2177 1286 2250 ὕστερον
1310 2181 1636 2251 ἐνδελεχείας
1664 2184 1737 2246 ὡς
1764 2186 1999 2252 μάλιστα
2037 2190 2285 2258 σώζοιτο.

500 2289 573 2358 ς’.
608 2293 775 2363 Οἶμαι
798 2296 845 2349 δ’
876 2298 996 2353 οὐδὲ
1022 2303 1089 2370 τῇ
1124 2303 1334 2375 μεγάλῃ
1357 2305 1533 2376 ταύτῃ
1567 2308 1723 2360 "diu.
1755 2308 1831 2378 (9)
1861 2310 1995 2377 φαῦ-

424 2385 517 2439 λον
549 2386 613 2441 ἄν
641 2405 695 2441 τι
734 2390 922 2459 φέρειν
956 2393 1095 2461 πρὸς
1138 2395 1445 2463 ἀσφάλειάν
1469 2415 1526 2449 τε
1550 2399 1694 2471 ⁵ὁμοῦ
1730 2401 1820 2452 καὶ
1850 2401 1995 2469 ὼςρέ-

424 2477 575 2531 λειαν
602 2481 695 2532 καὶ
717 2480 876 2550 τήνδε
906 2484 1007 2553 τὴν
1031 2487 1217 2555 χώραν
1246 2489 1593 2555 πράττουσαν
1617 2489 1795 2553 καλῶς
1826 2507 1839 2519 ·
1870 2492 2009 2561 περὶ

428 2560 503 2622 ὧι
537 2570 714 2636 λέγειν
758 2574 898 2626 κατά
931 2575 1093 2643 μέρος
1134 2576 1191 2628 ἐν
1225 2593 1288 2645 γε
1334 2578 1412 2645 τῷ
1464 2580 1693 2647 παρόντι
1748 2560 2003 2650 περιττδν

428 2660 614 2729 ἔμοιγε
644 2661 809 2717 δοκεῖ.
850 2664 938 2728 Ὠς
972 2667 1070 2735 μὲν
1092 2664 1188 2721 οὖν
1228 2666 1487 2739 πλείστης
1511 2670 1606 2741 ἥδε
1637 2673 1670 2741 ἡ
1694 2670 1846 2742 χώρα
1875 2671 2004 2735 ἀξία

427 2754 530 2823 τῆς
561 2758 821 2826 σπουδῆς,
857 2760 1057 2821 ἱκανῶς
1092 2760 1390 2829 ἔμοιγόὒν
1416 2761 1489 2821 ὡς
1526 2761 1617 2815 διὰ
1646 2763 2003 2832 βραχυτάτων

425 2844 574 2899 δοκεῖ
602 2849 996 2918 ἀποδεδεῖχθαι.
1036 2854 1138 2904 Ἢν
1165 2853 1220 2904 δέ
1272 2871 1415 2922 φημι
1459 2856 1576 2916 ταῖς
1615 2854 1717 2924 ἠδη
1752 2855 1883 2923 ὑμῖν
1910 2871 2006 2923 γε-

426 2941 755 3010 γενημέναις
787 2944 1127 3012 εὐεργεσίαις·
1162 2945 1271 2997 δεῖν
1308 2945 1624 3013 προσθεῖναι
1657 2946 1999 3012 ἐπιμέλειαν,

430 3035 524 3087 καὶ
550 3034 587 3088 ὃ.
616 3037 853 3104 μάλιστα
894 3039 1277 3109 ἐπανορθωτέα
1317 3042 1426 3093 τῶν
1464 3041 1590 3109 τῇδε
1632 3043 2000 3111 πραγμάτων,

428 3127 522 3176 καὶ
565 3125 641 3188 ὡς
693 3127 962 3196 γενόμενα
1009 3128 1075 3180 ἂν
1132 3128 1372 3197 μάλιστα
1421 3128 1845 3197 λυσιτελήσειεν,
1901 3131 2001 3200 ἤδη

2175 2313 2229 2368 6.
2269 2313 2454 2386 Neque
2483 2330 2673 2386 parum
2705 2328 2819 2370 tum
2844 2317 3154 2373 securitatis
3192 2324 3304 2370 tttm
3333 2317 3685 2370 emolumenti

2108 2422 2315 2476 magnae
2333 2410 2659 2476 quoqueisti
2685 2410 2829 2476 urbi,
2859 2418 2913 2463 ut
2940 2412 3194 2474 arbitror,
3225 2409 3337 2462 lucc
3364 2410 3511 2477 regio
3538 2418 3691 2462 recte
3798 2468 3806 2475 _

2107 2502 2402 2555 constituta
2445 2502 2653 2556 adferet
2698 2516 2712 2553 :
2760 2502 2810 2555 id
2855 2502 2998 2569 quod
3036 2502 3138 2555 ltoc
3168 2501 3385 2571 quidem
3420 2502 3539 2555 loco
3568 2503 3691 2569 plu-

2112 2593 2266 2647 ribus
2297 2594 2574 2661 explieare
2606 2607 3073 2661 supervacaneum
3113 2592 3269 2647 nobis
3329 2593 3563 2647 videtur.
3614 2595 3691 2647 Ac

2111 2684 2351 2738 studium
2378 2685 2597 2752 quidem
2636 2700 2910 2739 summuut
2944 2684 3088 2737 banc
3138 2685 3333 2738 mereri
3386 2686 3690 2750 regiourtn,

2110 2772 2244 2831 satis
2289 2790 2318 2827 a
2369 2790 2453 2828 me
2499 2784 2765 2843 quantum
2821 2790 2909 2830 res
2948 2776 3207 2843 postulat,
3260 2776 3690 2829 demonstratum

2110 2867 2409 2921 existimo:
2468 2882 2633 2935 quam
2676 2875 2856 2919 autem
2914 2867 3130 2931 copiam
3181 2866 3513 2936 diligentiam
3563 2882 3689 2921 cum

2113 2961 2390 3029 prioribus
2442 2960 2636 3014 vestris
2671 2959 2929 3028 coniungi
2969 2957 3265 3021 beneﬁciis,
3310 2974 3540 3029 quaeque
3588 2959 3691 3013 ha-

2111 3066 2234 3104 rum
2298 3065 2483 3104 rerum
2561 3052 2898 3120 corrigendae
2958 3051 3302 3119 potissimum
3359 3051 3690 3114 videantur,

2110 3157 2329 3210 quoque
2382 3143 2489 3195 illze
2535 3152 2693 3210 pacto
2722 3143 3039 3208 compositae
3085 3144 3376 3209 plurimum
3428 3143 3539 3197 sint
3585 3141 3699 3196 [ru-

429 3215 574 3285 ἑρῶο
630 3219 813 3270 ἐκεῖνα
850 3220 1119 3287 πρότερον
1168 3217 1422 3272 ὑπειπὼν
1454 3219 1550 3272 καὶ
1601 3218 1925 3283 καταλέξας,
1969 3218 2004 3272 ἃ

2111 3243 2231 3286 ctus
2262 3234 2531 3294 allatum,
2574 3249 2723 3287 nunc
2776 3237 3041 3301 aperiam,
3076 3237 3121 3289 si
3160 3249 3221 3287 ea
3265 3235 3437 3302 prius,
3470 3248 3593 3303 quae
3644 3232 3699 3285 in

434 3307 668 3373 μάλιστα
718 3307 793 3380 μὴ
841 3308 1024 3371 καλῶς
1054 3309 1246 3379 ἔχοντα
1299 3307 1493 3362 ἐνιδεῖν
1549 3306 1667 3361 ἔστι
1721 3309 1835 3369 τοῖς
1881 3307 2009 3377 τῇδε

430 3398 774 3467 πράγμασιν.

504 3489 570 3553 ζ’.
609 3492 765 3544 Ἔστι
786 3492 967 3546 τοίνυν
990 3493 1206 3563 πρῶτον
1241 3493 1375 3546 ίδεϊν
1402 3492 1530 3562 τῇδε
1568 3488 2011 3559 Πελοποννησίων

2114 3322 2196 3374 Itis
2222 3321 2401 3376 minus
2432 3332 2579 3376 recte
2611 3338 2670 3377 se
2704 3323 2909 3376 habent
2936 3325 3271 3393 explicuere.

2180 3502 2237 3557 7.
2281 3502 2523 3556 Primum
2558 3502 2741 3571 itaque
2788 3518 2984 3571 magna
3021 3503 3544 3571 Poloponnesiorum
3573 3514 3702 3570 pars

431 3584 523 3635 τὸν
579 3583 746 3635 πολὺν
795 3583 932 3637 λεὼν
956 3585 1347 3654 γεωργοῦντας
1394 3600 1455 3636 τε
1504 3584 1536 3650 ἢ
1593 3583 1690 3636 καὶ
1746 3580 2006 3649 νέμοντας

2111 3593 2443 3660 agricultura
2496 3593 2577 3646 vel
2625 3595 2863 3661 pastioni
2914 3603 3092 3654 vacat,
3141 3609 3203 3645 ex
3258 3594 3435 3661 iisque
3487 3602 3539 3647 et
3579 3593 3704 3645 vita:

433 3672 631 3738 ὶνίους,
660 3675 753 3728 καὶ
784 3678 892 3730 ἀπὸ
932 3675 1141 3730 τούτων
1172 3677 1273 3737 τάς
1305 3692 1365 3727 τε
1395 3675 1531 3742 πρὸς
1562 3674 1655 3727 τὸν
1700 3673 1812 3741 βίον
1844 3674 2015 3741 ἀφορ-

438 3773 751 3844 μὰς¹σφίσιν
780 3775 965 3834 αὐτοῖς
992 3771 1388 3843 ποριζομένους
1412 3787 1427 3803 ο
1462 3771 1821 3840 είσφέροντάς
1851 3789 1912 3823 τε
1935 3770 2014 3840 τῷ

436 3864 621 3934 κοινῷ,
654 3865 749 3916 καὶ
774 3864 1241 3932 στρατευομένους
1271 3863 1399 3925 τοὺς
1424 3862 1622 3921 αὐτούς
1651 3861 1764 3932 (10)
1787 3876 1800 3891 ⁵
1832 3863 2015 3928 εἰσφέ-

436 3956 632 4024 ροντάς
678 3972 737 4008 τε
795 3956 939 4008 κατὰ
988 3956 1198 4027 σμικρὰ
1250 3955 1371 4025 μὲν,
1423 3955 1595 4024 συχνὰ
1626 3955 1703 4018 δὲ,
1762 3955 1858 4007 καὶ
1909 3954 2015 4006 ὑπὸ

439 4046 649 4116 συχνῶν
695 4047 1171 4116 εἰσπραττόμεναο
1220 4049 1316 4101 καὶ
1363 4049 1658 4116 νομίσματι
1703 4047 1813 4100 τῶν
1869 4047 2020 4099 πλεί-

441 4158 583 4193 στων
614 4140 980 4209 εἰσπράξεων.
1012 4141 1074 4193 οὐ
1117 4142 1363 4210 χρήμασι
1399 4140 1759 4208 γιγνομένων.
1816 4140 2015 4193 Ἐπειδ’

439 4232 507 4285 ἂν
533 4227 626 4284 οὖν
656 4232 735 4292 είς
771 4231 1062 4299 στρατείαν
1090 4231 1265 4292 οὓτως
1288 4230 1504 4301 ἔχοντες
1534 4232 2015 4300 παραγγελθῶσιν,

440 4323 608 4390 ὀλίγοι
634 4341 692 4375 τε
718 4322 926 4387 ἐξίασιν
952 4325 1015 4374 ὲκ
1046 4322 1280 4385 πολλῶν,
1311 4322 1422 4375 τῶν
1449 4340 1513 4375 τε
1548 4322 1805 4388 ἐξιόντων
1826 4323 2018 4376 ἄοπλοι

442 4417 491 4468 oi
524 4414 769 4468 πλεῖστοι
798 4414 1068 4485 ἔρχονται.
1100 4415 1470 4477 καταστάντες
1503 4416 1599 4470 ἐπὶ
1626 4415 2016 4484 στρατοπέδου,

442 4508 503 4559 οὗ
566 4509 706 4561 πάνυ
775 4525 857 4561 τοι
929 4507 1175 4562 ἐθέλουσι
1237 4509 1608 4578 παραμένειν,
1681 4510 1793 4561 τῶν
1841 4508 2017 4577 ἔργων

445 4599 588 4666 σφᾶς
618 4599 759 4651 οἶκοι
812 4598 1146 4659 καλούντων,
1200 4600 1296 4667 ἀφ’
1331 4594 1405 4654 ὧν
1444 4599 1539 4652 καὶ
1593 4598 1732 4651 οἴκοι
1780 4599 1877 4650 καὶ
1930 4597 2025 4650 ἐπὶ

444 4689 812 4760 στρατοπέδω
858 4691 1041 4761 δεήσει
1090 4692 1355 4762 δαπανᾷν,
1393 4693 1489 4743 καὶ
1511 4690 1649 4759 πρός
1696 4705 1760 4755 γε
1800 4690 1879 4741 ἔτι
1910 4689 2025 4740 εἰσ·

444 4781 659 4850 φέρειν.
732 4783 823 4851 Μὴ
881 4785 1311 4855 παραμενούσης
1367 4783 1426 4837 δὲ
1482 4782 1784 4852 στρατιᾶς,
1836 4778 1870 4850 ἢ
1932 4782 2028 4833 καὶ

445 4872 671 4937 ἁόπλου,
706 4875 1076 4944 σμικρότατον
1107 4875 1167 4927 τὸ
1194 4874 1409 4941 ὄφελος.

515 4970 586 5033 η’.
620 4964 806 5019 Ταῦτα
850 4966 907 5019 δὲ
946 4966 1023 5028 ὡς
1065 4967 1163 5035 μὲν
1191 4963 1366 5029 οὕτως
1395 4966 1533 5034 ἔχει,
1581 4965 1677 5018 καὶ
1708 4964 1786 5027 ὡς
1819 4963 2024 5031 σφαλε-

448 5056 666 5125 ρώτατά
714 5062 862 5113 ἐστιν
895 5060 1070 5125 οὕτως
1108 5061 1321 5130 ἔχοντα,
1356 5060 1500 5127 ἔξεις
1531 5058 1632 5128 μὲν
1664 5058 1759 5110 καὶ
1786 5056 1864 5126 τῷ
1907 5056 2027 5110 ἰθέ-

517 5265 592 5331 (7)
632 5242 1065 5331 'Arsrlngpdtsc.
1108 5260 1533 5330 Palaeologorum
1559 5260 1612 5314 in
1648 5258 1837 5328 primis
1863 5257 2024 5311 fami-

450 5334 548 5454 Ιὶιιιὴ
573 5333 952 5455 ςοεορυηηεεο
1005 5334 1393 5402 recuperanda:
1446 5331 1739 5384 maximam
1796 5342 2019 5398 operam

447 5418 491 5452 :it
597 5418 714 5457 Hlll.
1772 5421 1782 5438 '

2114 3684 2422 3738 necessaria
2454 3684 2556 3738 sibi
2598 3696 2947 3752 comparant,
2979 3693 3033 3738 et
3065 3685 3386 3736 cullatiunes
3424 3686 3701 3751 pendunt,

2114 3784 2169 3827 et
2205 3775 2457 3827 militiam
2499 3776 2661 3829 iidem
2698 3776 2927 3837 obeunt,
2957 3776 3276 3829 collationes
3310 3789 3474 3842 porro
3509 3788 3705 3843 parvas

2121 3868 2363 3934 quidem,
2406 3867 2501 3922 sed
2554 3868 2777 3931 multas,
2829 3876 2883 3919 et
2934 3882 2963 3921 a
3019 3867 3207 3920 multis
3258 3874 3484 3921 exactas
3541 3865 3706 3934 idque

2119 3962 2349 4029 pecunia
2387 3960 2753 4034 (είστψάξεων
2821 3959 2937 4029 lego
2987 3975 3084 4028 pro
3111 3957 3420 4027 ὕπὰρξεων)
3467 3958 3706 4026 plerum-

2119 4066 2225 4120 que
2256 4066 2363 4105 non
2402 4052 2678 4106 mercibus
2714 4050 2942 4105 faciunt.
2976 4048 3346 4117 Quamobrem
3392 4051 3437 4105 si
3467 4064 3574 4119 qua
3608 4048 3708 4103 de-

2123 4144 2409 4197 nuntiatur
2456 4143 2755 4211 expeditio,
2795 4153 2909 4197 tum
2968 4152 3020 4196 et
3061 4143 3219 4212 pauci
3266 4143 3332 4193 de
3364 4141 3551 4195 multis
3583 4155 3710 4209 pro-

2124 4237 2291 4290 deunt
2336 4245 2392 4289 et
2444 4237 2496 4288 hi
2530 4235 2644 4290 fere
2694 4235 2935 4289 inermes
2968 4241 3258 4305 apparent,
3294 4242 3347 4287 et
3371 4232 3424 4286 iu
3460 4229 3709 4287 exercitu

2120 4328 2371 4383 collocati
2399 4326 2685 4381 diﬁiculter
2719 4327 2896 4380 locutu
2923 4333 3164 4391 servant,
3183 4325 3311 4379 dum
3343 4340 3369 4376 a
3389 4321 3711 4377 domesticis

2122 4428 2423 4473 avocantur
2458 4419 2738 4487 operibus,
2774 4434 2837 4471 ex
2871 4418 3070 4485 quibus
3123 4426 3177 4469 et
3230 4416 3375 4468 domi
3423 4422 3477 4467 et
3506 4414 3714 4467 militia:

2130 4521 2383 4577 sumptus
2415 4509 2613 4572 facere,
2663 4517 2826 4577 atque
2863 4508 3087 4576 insuper
3116 4506 3436 4560 collatioues
3469 4505 3714 4575 pendere

2131 4608 2425 4671 coguntur.
2457 4599 2638 4668 Atque
2675 4599 2855 4651 locum
2888 4599 3145 4651 deserens
3179 4596 3258 4650 vel
3285 4596 3451 4649 etiam
3483 4594 3713 4651 inermis

2125 4692 2406 4750 exercitus
2435 4708 2540 4745 nou
2575 4690 2732 4744 valde
2766 4688 2951 4759 magni
2982 4697 3065 4744 est
3102 4688 3286 4758 pretii.

2205 4964 2260 5019 8.
2302 4964 2480 5032 Atque
2511 4962 2625 5017 base
2674 4961 2747 5016 ita
2779 4976 2838 5016 se
2865 4958 3088 5023 habere,
3117 4966 3173 5011 et
3203 4957 3309 5012 hoc
3354 4956 3513 5010 modo
3543 4954 3711 5009 mini-

2134 5069 2281 5108 mum
2314 5053 2630 5109 securitatis
2663 5050 2859 5107 adet-re
2892 5065 3019 5104 cum
3054 5065 3141 5105 res
3186 5050 3337 5117 ipsas
3370 5047 3551 5118 quivis
3581 5059 3713 5101 con-

2128 5254 2333 5310 smeulo
2388 5250 2869 5321 Constantinopoli
2920 5249 3111 5304 eadem
3165 5264 3290 5318 qua:
3345 5247 3529 5303 Sicilia
3579 5247 3710 5303 olim

2132 5324 2399 5380 Romanis
2434 5321 2765 5393 praestitisse
2791 5321 3024 5393 videtur.

2192 5396 2307 5466 (10)
2342 5385 2855 5466 Elésoéportac...
2884 5391 3106 5466 αυτούς
3135 5410 3188 5466 κ.
3222 5409 3272 5448 τ.
3377 5385 3713 5466 Certioribtts

518 5472 594 5535 (8)
617 5456 1003 5541 Διάτείχισιν.
1040 5470 1229 5525 Isthmi
1261 5470 1329 5523 ab
1356 5469 1550 5541 imper.
1584 5467 1831 5541 Manuelc
1859 5466 2018 5541 facta
2121 5456 2647 5541 qttam'clariori'bus
2679 5456 2859 5519 verbis
2904 5460 3128 5541 Pletbon
3162 5462 3264 5515 lroc
3296 5456 3510 5541 locode
3534 5456 3711 5541 Δνοοι-ἰτ

448 5533 754 5595 fortiﬁcatin
792 5533 965 5596 fusius
1003 5558 1029 5593 τι
1065 5543 1331 5593 Pbrautze
1368 5533 1620 5597 traditur.
1651 5538 1745 5591 lib.
1780 5554 1816 5592 ι.
1859 5537 2017 5592 Falso
2124 5533 2325 5605 iulium
2403 5535 2458 5590 in
2530 5533 2911 5601 Peloponneso
2968 5540 3283 5605 exactorttut
3346 5533 3555 5605 latione
3611 5539 3711 5605 pos

448 5628 677 5677 namque
710 5613 881 5666 Cra-ci
914 5611 1339 5678 Peloponnesum
1372 5618 1493 5677 post
1519 5608 1780 5661 istbutuut
1809 5608 1887 5661 sic
1909 5607 2013 5660 for-

449 5681 704 5734 illllnlllm
741 5681 1210 5749 iuespuguabileut
1245 5681 1357 5732 fore
1390 5678 1765 5749 :tututttabant.

520 5749 833 5826 (ωοηέλει.
871 5745 1297 5818 ⁷ί’ζευιεοιιιι)ευε
1351 5749 1472 5803 inde
1524 5762 1553 5800 a
1607 5745 1821 5802 decimo
1865 5747 2024 5804 tertio

2118 5594 2331 5673 Educet,
2376 5612 2435 5659 ut
2489 5618 2555 5660 ne
2586 5594 2730 5660 unus
2776 5619 2805 5659 e
2853 5602 3066 5657 caeteris
3102 5599 3167 5654 de
3206 5595 3519 5667 Byzantinis
3549 5594 3715 5649 rebus

2135 5676 2520 5748 scriptoribus.
