4186 6290
286 301 389 363 529
1158 295 1259 363 DE
1291 296 1552 356 BEBUS
1608 294 2334 358 PELOPONNESIACIS
2375 297 2668 360 ORATIO
2710 301 2755 361 Ι.
3450 301 3558 366 81ὶο

283 413 394 475 τοῖς
443 410 544 480 μὲν
599 407 1058 479 στρατευομένοις
1092 407 1232 476 πρὸς
1261 409 1323 460 τὸ
1380 411 1562 479 πάσης
1603 407 1870 478 εἰσφορᾶς
1901 419 1923 471 1

2033 407 2202 464 tidem
2232 408 2328 464 sed
2363 409 2566 465 multas
2614 421 2669 464 et
2702 424 2732 462 a
2762 409 2951 466 multis
2995 421 3228 467 exactas
3251 425 3426 481 neque
3469 428 3562 484 pe-

285 501 542 572 ἁφεῖσθαι
574 500 716 572 (15).
771 499 969 571 μηκέτι
1029 498 1214 567 μέντοι
1263 496 1410 552 οὕτω
1465 500 1608 552 κατὰ
1663 501 1874 570 σμικρὰ

2033 503 2138 556 mia
2195 511 2408 556 utentes
2458 505 2586 572 (hoc
2631 504 2780 559 cnim
2834 513 2996 572 pacto
3027 505 3188 572 longe
3236 506 3566 563 difﬁcillimae

290 593 632 665 ptv,Vuxv&
677 592 756 657 δὲ,
813 591 940 662 μηδ’
988 591 1094 644 ὑπὸ
1137 590 1353 664 πολλῶν
1399 590 1872 662 είσπραττόμενα,

2033 595 2298 650 dlationcs
2331 604 2442 649 tum
2474 596 2818 665 exigentibus
2851 606 2964 652 tum
3001 592 3362 666 pendentibus
3391 599 3567 652 exsis-

296 686 430 754 μηδέ
460 685 758 754 νομίσματι
792 683 1093 753 εἰσφέρειν.
1126 683 1528 736 Χαλεπὼταται
1556 683 1665 752 γὰρ
1695 681 1878 746 οὕτως.

2033 687 2146 753 ιιιι).
2168 687 2262 742 sed
2289 687 2452 740 unius
2471 688 2687 751 quidem
2719 689 2932 756 generis
2963 689 3302 743 collationem
3334 704 3567 759 eamque

293 779 348 831 αί
377 766 695 845 εἰσπράξεις
727 773 843 841 ἅμα
891 775 1098 842 ἀμφοῖν
1147 775 1244 826 καὶ
1286 775 1399 836 τοῖς
1437 776 1754 846 είσφέρουσι
1783 777 1878 829 καὶ

2040 779 2261 832 ercibus
2318 778 2601 847 pendant,
2656 779 2821 849 idque
2874 782 2968 835 uni
3016 782 3230 835 cuidam
3261 797 3292 836 a
3337 781 3569 850 singulis

295 873 404 933 τοῖς
431 868 826 938 είσπράττουσι
876 866 1275 919 καθίστανται·
1321 866 1460 920 ἀλλὰ
1497 868 1624 945 μίαν
1657 869 1758 938 μὲν
1800 869 1880 939 τῷ

2033 866 2260 939 Ligenti;
2297 867 2459 921 talem
2511 877 2694 922 autem
2740 884 2804 923 ac
2841 877 3092 933 tantam,
3128 871 3305 939 qualis
3367 870 3596 938 pariter.

298 961 424 1014 εῐδει
455 961 556 1030 τὴν
579 957 864 1026 εἰσφορὰν,
897 958 992 1010 καὶ
1023 957 1230 1025 ταύτην
1262 958 1367 1027 χρή
1381 975 1544 1025 μασιν
1577 959 1878 1028 εἰσφέρειν,

2033 958 2215 1026 Ljusta
2255 958 2327 1012 sit
2360 969 2410 1011 et
2438 960 2604 1014 rebus
2633 971 2924 1015 succurrat
2957 969 3012 1016 et
3043 961 3178 1030 ipsis
3206 959 3573 1032 pendentibus

301 1052 420 1115 ἐνός
446 1050 505 1102 τέ
534 1067 680 1113 τινος
712 1049 1132 1117 είσπράττοντος
1157 1051 1291 1118 παρ’
1312 1050 1546 1104 ἑκάστου
1573 1066 1588 1083 ο
1621 1051 1892 1122 τοιαύτην

2033 1064 2096 1105 on
2125 1049 2196 1104 sit
2227 1067 2319 1120 gra
2331 1051 2576 1106 viSsitna.

302 1146 354 1199 δὲ
407 1145 500 1197 καὶ
534 1142 898 1214 τηλικαύτην,
947 1140 1067 1196 οῖαν
1120 1142 1220 1214 τὴν
1255 1143 1426 1212 αὐτὴν
1475 1145 1536 1198 τό
1582 1161 1644 1196 τε
1675 1144 1889 1198 δίκαιον
1925 1144 2046 1212 ἅμα.
2094 1141 2262 1209 ἕξειν,
2294 1143 2388 1196 καὶ
2451 1146 2562 1206 τοῖς
2603 1144 2924 1214 πράγμασιν
2968 1143 3319 1214 ἐπαρκέσειν,
3388 1144 3576 1206 αὐτοῖς

303 1251 361 1290 τε
421 1236 537 1296 τοῖς
595 1236 927 1288 είσοίσουσιν
986 1234 1062 1297 ῶς
1128 1235 1474 1304 κουφοτάτην
1543 1236 1610 1289 ἂν
1672 1235 1894 1289 ἔσεσθαι
1921 1236 2134 1306 φέρειν.

378 1351 464 1421 ιβ’.
500 1350 596 1413 Τίς
650 1350 716 1402 ἂν
761 1350 856 1404 οὖν
885 1350 1118 1420 εἰσφορά
1173 1351 1267 1404 τοῦ
1304 1351 1520 1405 ἅπαντα
1561 1351 1714 1404 ταῦθ’
1774 1352 1895 1420 ἅμα

307 1443 562 1496 δύνασθαι
618 1440 691 1502 ὡς
748 1441 1032 1509 ἐγγυτάτω
1076 1441 1190 1509 εἴη,
1248 1439 1362 1509 ἐγὼ
1408 1441 1582 1508 δήπου
1621 1439 1893 1508 -δηλώσω,

178 1573 200 1592 .
311 1535 446 1596 Τοὺς
505 1532 863 1602 γιγνομένους
918 1531 1028 1585 τῶν
1095 1532 1272 1603 ἔργων
1328 1532 1577 1586 ἑκάστων
1641 1532 1900 1601 καρποὺς

312 1624 460 1693 τρισί
487 1640 634 1692 φημι
667 1624 966 1693 προσήκειν
994 1624 1136 1677 κατὰ
1162 1623 1224 1676 τὸ
1254 1623 1467 1678 δίκαιον
1497 1623 1646 1696 (16)·
1683 1617 1767 1677 ἐνὶ
1796 1623 1896 1692 μὲν

317 1714 470 1783 αὐτῷ
501 1712 578 1783 τῷ
602 1711 712 1766 τῶν
736 1713 912 1784 ἔργων
936 1714 1164 1788 ἐργάτῃ,
1191 1714 1438 1784 δευτέρῳ
1464 1714 1522 1768 δὲ
1552 1715 1630 1783 τῷ
1663 1715 1730 1768 τὰ
1761 1714 1892 1784 τέλη

317 1807 760 1876 συνεκπορίζοντι
788 1808 900 1870 τοῖς
929 1806 1134 1878 ἔργοις,
1166 1809 1261 1861 καὶ
1285 1807 1456 1876 τρίτῳ
1486 1807 1564 1875 τῷ
1594 1807 1691 1876 τὴν
1721 1808 1898 1876 ἀσφά-

314 1899 464 1950 λειαν
493 1899 605 1959 τοῖς
639 1896 782 1959 ὅλοις
832 1897 1332 1967 παρασκευάζοντι.
1383 1897 1646 1966 Ἐργάται
1671 1897 1793 1964 τμὲν
1824 1897 1892 1966 δὴ

316 1991 610 2060 ἀροτῆρες,
638 1989 978 2060 σκαπτῆρες,
1012 1992 1198 2060 νομεῖς
1222 2007 1239 2022 ’
1282 1991 1412 2060 τέλη
1445 1991 1501 2043 δὲ
1539 1989 1753 2044 τούτων
1782 1991 1896 2053 τοῖς

319 2081 500 2149 ἔργοις
551 2080 695 2150 βόες,
729 2080 1078 2151 ἀμπελῶνες,
1112 2080 1460 2163 βοσκήματα,
1493 2079 1547 2132 si
1585 2079 1647 2133 τέ
1673 2093 1729 2130 τι
1769 2077 1900 2132 ἄλλο

318 2171 426 2225 τῶν
477 2171 912 2241 τοιουτοτρόπων
937 2188 957 2206 ο
999 2173 1048 2224 oi
1101 2171 1157 2224 δὲ
1195 2170 1262 2240 δὴ
1305 2170 1413 2238 τὴν
1447 2169 1750 2239 ἀσφάλειαν
1787 2186 1900 2221 πα-

325 2262 762 2334 ρασκευάζοντες
815 2265 934 2328 τοῖς
978 2263 1150 2328 ὅλοις,
1196 2263 1248 2315 oi
1309 2263 1751 2332 στρατευόμενοι,
1803 2262 1899 2314 καὶ

322 2355 836 2426 προκινδυνεύοντες
883 2356 998 2408 τῶν
1028 2355 1192 2421 ὅλων,
1222 2354 1277 2408 οῖ
1315 2372 1378 2408 τε
1411 2354 1679 2424 ἄρχοντές
1716 2371 1776 2406 τε
1807 2353 1907 2406 καὶ

327 2447 752 2512 ἐπιστατούντες
784 2447 936 2501 ἄλλοι
967 2447 1149 2509 ἄλλοις
1178 2445 1294 2500 τῶν
1330 2447 1550 2512 κοινῶν,
1585 2447 1678 2499 καὶ
1707 2444 1908 2508 σώζον-

328 2556 422 2604 τες
444 2539 658 2594 ἕκαστα
695 2540 789 2593 καὶ
824 2538 998 2608 μείζω
1029 2539 1124 2592 καὶ
1167 2538 1394 2598 ἐλάττω.
1434 2536 1695 2606 βασιλεύς
1723 2555 1782 2588 τε
1815 2553 1908 2589 κο-

331 2634 558 2700 ρυφαῖος
589 2631 795 2685 ἅπασιν
839 2630 1152 2684 ἐπιστατῶν
1199 2631 1292 2683 καὶ
1326 2628 1510 2682 πάντα
1553 2622 1909 2682 κατευθύνων

332 2741 390 2777 τε
420 2727 519 2778 καὶ
549 2725 766 2788 σώζων..
794 2725 863 2778 ’Ὀ
902 2742 954 2777 τι
979 2727 1086 2792 γὰρ
1117 2723 1183 2776 ἂν
1217 2723 1424 2776 τούτων
1450 2722 1589 2792 ἀπῇ,
1620 2720 1776 2774 οὐδὲν
1801 2719 1912 2773 τῶν

2078 1352 2168 1406 12.
2206 1350 2322 1406 Jam
2359 1367 2481 1422 quae
2534 1351 2754 1407 collatio
2802 1353 2962 1406 simul
3013 1351 3124 1407 fere
3153 1352 3580 1423 comprehendat

2001 1445 2119 1499 haec
2147 1445 2354 1507 omnia,
2390 1459 2570 1499 meum
2602 1455 2685 1499 cst
2714 1445 3025 1498 ostendere.
3065 1443 3300 1514 Operum
3335 1446 3580 1498 omnium

2003 1537 2214 1592 fructus
2268 1535 2443 1590 tribus
2498 1537 2584 1590 aio
2649 1538 2997 1605 potissimum
3058 1537 3294 1601 deberit;
3349 1535 3582 1605 primum

2002 1627 2137 1697 ipsis
2164 1628 2368 1697 operis,
2400 1626 2598 1682 deinde
2634 1627 2708 1681 illi
2739 1627 2832 1697 qui
2863 1635 3111 1696 sttmptus
3139 1628 3291 1690 facit,
3339 1634 3454 1680 tum
3495 1625 3587 1696 qui

2005 1720 2356 1774 securitatem
2387 1718 2662 1772 universis
2698 1727 2941 1787 prwstat.
2965 1719 3145 1787 Atque
3175 1732 3352 1786 operae
3369 1715 3590 1786 quidem

2007 1820 2306 1866 censentur
2339 1821 2612 1875 aratores,
2677 1809 2954 1872 fossores,
3007 1810 3296 1879 pastores“:
3334 1815 3594 1875 sumptus

2005 1909 2186 1956 autem
2241 1902 2294 1954 in
2352 1902 2566 1967 bobus,
2605 1901 2778 1954 vineis
2811 1941 2825 1961 .
2887 1901 3174 1968 armentis,
3222 1915 3286 1954 ac
3321 1899 3594 1953 similibus

1988 1989 2324 2049 [consistunt
2359 2010 2374 2046 :
2408 1993 2757 2048 securitatem
2788 1993 3021 2061 denique
3043 1992 3313 2047 universis
3337 1999 3596 2060 praastant

2008 2085 2210 2140 milites
2255 2094 2308 2138 et
2342 2084 2621 2153 praefecti,
2656 2086 2858 2155 quique
2899 2085 2994 2139 alii
3058 2083 3194 2140 alias
3238 2084 3374 2152 reip.
3413 2093 3596 2150 partes

2011 2184 2247 2242 curant,
2278 2176 2602 2247 singulaque
2648 2188 2760 2234 tum
2790 2192 2954 2247 parva
2991 2186 3104 2231 tum
3142 2191 3335 2248 magna
3368 2189 3591 2230 conser-

2010 2276 2157 2330 vant,
2187 2278 2240 2321 et
2264 2269 2571 2339 praecipuus
2604 2285 2722 2334 rex,
2744 2270 3003 2324 omnibus
3035 2268 3336 2337 imperans,
3370 2266 3589 2321 omnia-

2012 2373 2118 2428 que
2155 2360 2470 2430 gubernans
2501 2370 2554 2415 et
2587 2375 2947 2415 conservans.
2975 2359 3030 2414 Si
3059 2359 3202 2429 quod
3234 2361 3380 2413 enim
3403 2357 3596 2411 horum

2018 2449 2185 2517 desit,
2245 2451 2456 2520 reliqua
2491 2451 2697 2507 nullius
2736 2453 2996 2506 momenti
3031 2459 3160 2506 sunt
3209 2449 3390 2504 futura
3420 2463 3435 2502 :
3470 2462 3597 2502 cum

2019 2549 2075 2594 et
2108 2554 2303 2608 operas
2347 2542 2584 2612 primum
2618 2551 2868 2612 oporteat
2900 2551 3218 2612 suppetere,
3259 2548 3314 2594 et
3346 2551 3602 2608 sumptus

2020 2632 2280 2700 operibus
2312 2635 2541 2702 praeberi
2578 2643 2632 2689 et
2660 2634 2820 2689 simul
2847 2634 3125 2700 custodes,
3159 2641 3218 2687 ut
3243 2647 3332 2686 res
3363 2631 3598 2701 alicujus

2022 2726 2093 2778 sit
2126 2723 2305 2793 pretii,
2339 2725 2556 2780 adesse.

333 2817 538 2870 λοιπῶν
565 2817 780 2884 ὄφελον
815 2816 952 2870 ἀλλὰ
981 2815 1108 2879 τούς
1136 2832 1194 2870 τε
1227 2817 1630 2885 ἐργασομένους
1651 2815 1733 2867 δεῖ
1757 2814 1976 2882 πρῶτον
2011 2815 2301 2887 ὑπάρχειν,
2334 2817 2464 2888 τέλη
2531 2835 2590 2871 τε
2663 2817 2801 2874 ἄττα
2867 2819 3016 2888 σ’ρῶν
3067 2821 3176 2882 τοῖς
3225 2818 3409 2889 ἔργοι;
3475 2833 3577 2870 πει-

339 2914 536 2982 ρεὶναι,
569 2910 665 2963 καὶ
692 2910 809 2976 ἅμα
837 2909 962 2970 τοὺς
994 2908 1358 2976 φυλάξοντας,
1391 2907 1443 2960 εί
1489 2907 1678 2976 μέλλοι
1708 2924 1761 2959 τι
1790 2906 1988 2975 ὅφελος
2012 2906 2257 2964 ἔσεσθαι.

409 3042 500 3105 ιγ’.
532 3035 630 3088 Διὰ
666 3033 840 3088 ταῦτα
883 3033 1066 3084 τοίνυν
1099 3031 1195 3082 καὶ
1223 3031 1385 3098 τριχῆ
1432 3044 1576 3098 φημι
1626 3028 1739 3080 δεῖν
1773 3043 1923 3080 νενε-

2103 3026 2192 3081 15.
2227 3025 2569 3097 Quapropter
2615 3027 2778 3081 etiam
2827 3040 3054 3093 eperum
3093 3026 3338 3079 omnium
3393 3024 3604 3077 fructus

342 3127 545 3200 μῆσθαι
577 3126 704 3186 τοὺς
732 3121 1093 3190 γιγνομένους
1139 3121 1393 3181 ἑκάστοις
1419 3119 1531 3172 τῶν
1561 3117 1740 3185 ἔργων
1781 3133 1918 3186 καρ-

342 3219 502 3281 ποὺς,
538 3218 650 3272 εῐτε
687 3216 835 3276 σῖτος
877 3211 1014 3276 εἷεν,
1045 3215 1158 3265 είτε
1202 3207 1364 3274 οἶνος,
1418 3209 1530 3264 εἴτε
1575 3209 1777 3269 ἔλαιον,
1811 3211 1922 3262 εἴτε

347 3309 678 3380 βαμδόκινα,
723 3304 802 3356 ἔτι
832 3321 889 3357 τε
941 3302 1307 3371 βοσκημάτων
1333 3301 1504 3362 τόκοι,
1553 3299 1716 3366 γάλα,
1755 3297 1924 3368 ἔριον,

347 3403 454 3454 εἴτε
481 3415 534 3451 τι
564 3396 696 3452 ἄλλο
720 3395 1110 3466 παραπλήσιον
1129 3407 1142 3421 ⁸
1170 3389 1538 3460 λογιζομένων
1561 3389 1672 3442 τῶν
1696 3387 1930 3457 καρπῶν

348 3490 615 3561 ἁροτῆρσι
655 3487 755 3553 μὲν
809 3485 948 3555 μετὰ
989 3483 1086 3554 τὴν
1109 3485 1216 3536 τῶν
1263 3482 1590 3550 σπερμάτων
1633 3480 1925 3549 ἐξαίρεσιν,

349 3581 574 3652 νομεῦσι
595 3580 652 3634 δέ·
671 3579 810 3649 μετά
831 3579 929 3649 τὴν
949 3577 1057 3631 τῶν
1076 3575 1322 3645 ἀρχαίων
1339 3571 1624 3626 ἀποκατάσ
1635 3587 1806 3623 τασινο
1835 3570 1930 3621 καὶ

354 3678 485 3746 μίαν
543 3673 642 3745 μέν
672 3670 819 3742 αύτῷ
850 3669 926 3740 τῷ
962 3669 1170 3742 ἐργάτῃ
1202 3665 1530 3735 γεγενῆσθαι
1567 3668 1782 3733 μοῖραν,
1808 3663 1928 3716 δευ-

351 3770 518 3838 τέραν
546 3783 604 3819 τε
637 3767 750 3828 τοῖς
781 3763 983 3826 τέλεσι,
1016 3762 1117 3830 τὴν
1155 3760 1343 3829 τρίτην
1373 3758 1431 3811 δὲ
1457 3752 1523 3810 αὖ
1557 3756 1636 3827 τῷ
1663 3755 1929 3824 δημοσίῳ.

354 3859 462 3914 τὸν
523 3859 624 3928 μέν
652 3851 746 3911 οὖν
792 3854 1018 3915 οἰκείοις
1063 3851 1435 3921 ἐργαζόμενον
1481 3847 1713 3909 τέλεσιν,
1744 3845 1935 3915 ἔχοντα

353 3954 454 4014 τὰς
479 3951 573 4006 δύο
607 3953 823 4020 μοίρας,
851 3947 952 4017 τὴν
983 3945 1176 4016 τρίτην
1203 3942 1283 4012 τῷ
1315 3943 1564 4012 δημοσίῳ
1593 3938 1897 4008 ἀποφέρειν
1918 3951 1934 3966 ο

355 4045 449 4099 τὸν
494 4043 538 4098 δ’
585 4041 657 4096 αὖ
713 4039 865 4110 παρὰ
893 4038 1000 4093 τῶν
1043 4037 1137 4090 ἐπὶ
1188 4036 1256 4105 τῇ
1308 4033 1546 4102 δημοσία
1577 4028 1938 4098 τεταγμένων

359 4133 774 4205 ἐκλαμϐάνοντα
796 4131 866 4185 τὰ
906 4131 1057 4198 τέλη,
1089 4126 1253 4181 αὑτὸν
1290 4126 1385 4178 ἐπὶ
1415 4127 1482 4194 τῇ
1518 4123 1678 4194 τρίτῃ
1708 4121 1937 4193 ἐργάζε-

363 4232 508 4292 σθαι,
540 4227 572 4289 ἢ
600 4227 652 4279 et
678 4241 796 4287 πως
826 4222 893 4277 ἂν
931 4221 1107 4283 ἄλλως
1133 4219 1286 4288 κοινῇ
1319 4216 1717 4283 συμϐαίνοντες
1745 4213 1940 4266 τούτου

362 4320 458 4375 τοῦ
491 4318 702 4373 δικαίου
740 4315 816 4386 μὴ
850 4312 984 4366 πολύ
1014 4329 1100 4365 τοι
1145 4307 1528 4363 ἀπολείποιντο
1551 4322 1577 4339 ν
1605 4306 1698 4358 τὸν
1737 4303 1795 4358 δὲ
1827 4318 1942 4357 κοι-

363 4418 472 4476 νοῖς
505 4409 874 4482 ἐργαζόμενον
903 4407 1018 4469 τοῖς
1059 4402 1274 4457 τέλεσιν
1301 4402 1392 4454 ἐπὶ
1424 4402 1490 4471 τῇ
1529 4400 1757 4470 ἡμισείᾳ
1780 4395 1946 4468 ἐργά-

364 4506 576 4573 ζεσθαι.
624 4503 786 4555 ’Ἄλλο
815 4500 877 4554 δὲ
905 4497 1034 4570 μηδ’
1055 4495 1235 4551 ὁτιοῦν
1267 4495 1443 4548 τελεῖν
1472 4492 1682 4546 τούτων
1712 4490 1944 4560 μηδένα,

366 4600 395 4652 ὅ
423 4613 478 4650 τι
509 4596 574 4665 δὴ
605 4592 756 4658 ἀξιον
778 4590 962 4658 λόγου.
992 4589 1134 4650 Τοὺς
1164 4586 1223 4639 δὲ
1252 4585 1460 4652 ταύτην
1489 4581 1825 4642 είσοίσοντας
1847 4579 1947 4645 τὴν

368 4685 634 4756 εἰσφορὰν
662 4683 916 4737 καλέσειε
953 4679 1050 4749 (al.
1074 4674 1376 4745 κελεύσειε)
1402 4674 1501 4743 μὲν
1535 4673 1600 4726 ἄν
1633 4685 1716 4734 τις
1747 4669 1953 4722 οὑτωσὶ·

369 4779 614 4838 Εἰλωτας
641 4775 774 4844 (i7),
809 4773 898 4826 διὰ
923 4773 984 4824 τὸ
1007 4769 1339 4839 ἀφειμένους
1376 4766 1476 4834 τῆς
1522 4762 1812 4832 στρατείας
1858 4760 1954 4813 ἐπϊ

369 4874 431 4926 τὸ
469 4871 746 4939 εἰσφέρειν
775 4863 1038 4933 τετάχθαι
1061 4877 1078 4892 ⁸
1111 4859 1363 4930 νομίζειν
1391 4858 1446 4911 δὲ
1479 4855 1677 4928 χρῆναι
1715 4852 1948 4915 κοινοὺς,

370 4963 593 5025 τούτους
619 4959 878 5030 τροφέας,
934 4954 1032 5007 καὶ
1093 4951 1261 5023 μηδὲν
1300 4949 1464 5002 πλέον
1515 4947 1655 5016 μήτε
1691 4942 1950 5010 εἰσπράτ-

373 5071 487 5107 τειν
544 5053 695 5122 παρὰ
736 5049 947 5120 ταύτην
997 5061 1102 5116 την
1144 5045 1428 5112 εἰσφορὰν,
1469 5041 1592 5112 μηδ’
1623 5040 1764 5106 ὑπὲρ
1811 5037 1953 5098 ἐνὸς.

379 5146 516 5210 μήτε
564 5142 830 5208 ἀγγάρῡις
889 5139 1088 5202 ἐξεῖναι
1140 5132 1377 5204 χρῆσθαι
1437 5131 1648 5202 μηδενὶ,
1706 5129 1821 5182 ἀλλ’
1878 5125 1954 5190 ὼς

380 5236 622 5302 μάλιστα
648 5235 934 5303 περιέπειν
958 5229 1066 5282 οὐδ’
1114 5224 1295 5281 ὁτιοῦν
1333 5223 1787 5294 ἁδικησομένους.

453 5440 565 5510 (⁸5)
617 5435 938 5506 Ἀεεεῖσθαη
956 5433 1231 5510 Lacunam
1257 5446 1286 5486 a
1311 5429 1951 5510 Canterorobservatam.

384 5500 508 5580 quia
550 5500 608 5563 in
659 5500 761 5562 :ns.
793 5521 1010 5576 quoque
1043 5505 1286 5558 Floreut.
1323 5500 1604 5564 subsistit,
1633 5513 1830 5553 sanare
1863 5513 1952 5552 su-

385 5599 468 5650 ιρυι
483 5586 759 5637 sedemus.

457 5651 567 5719 (IL)
599 5651 855 5719 Δίίιιιιρν.
1056 5642 1193 5699 Plui.
1268 5641 1337 5696 Dc
1395 5642 1494 5711 leg.
1547 5641 1642 5697 lib.
1709 5655 1842 5704 \‘lll,
1901 5646 1955 5692 cl.

386 5713 609 5775 Aristet.
659 5717 811 5770 l’ulit.
853 5729 886 5768 ι.
936 5713 1040 5767 Vll.

2036 3117 2305 3174 trifariam
2339 3120 2426 3172 aio
2447 3117 2614 3172 dividi
2648 3117 2869 3180 debere,
2890 3119 3007 3173 sire
3022 3117 3312 3183 frumento
3338 3124 3618 3180 constent,

2035 3207 2151 3261 sive
2183 3206 2334 3270 vino,
2367 3207 2486 3261 sive
2518 3207 2658 3270 oleo,
2695 3207 2809 3260 sive
2843 3206 3211 3276 bombycinis,
3248 3208 3363 3260 sive
3402 3221 3619 3260 armen-

2033 3306 2210 3350 torum
2253 3297 2390 3362 l‘etu,
2430 3297 2592 3360 lacte,
2650 3297 2772 3351 lana
2820 3297 2938 3351 sive
2988 3311 3096 3367 qua
3141 3313 3199 3350 re
3229 3297 3370 3362 alia;
3404 3297 3619 3350 emisti-

2030 3389 2170 3443 tutis
2193 3389 2399 3444 aratori
2434 3389 2655 3459 quidem
2692 3388 2966 3442 fructibus
2993 3397 3117 3456 post
3154 3388 3378 3442 seminis
3421 3386 3622 3442 collec-

2034 3483 2264 3545 tionem,
2329 3480 2537 3549 pasturi
2571 3495 2702 3534 vero
2735 3489 2860 3550 post
2893 3480 3297 3535 restitutionem
3326 3479 3565 3547 priorum
3599 3491 3619 3532 :

2040 3569 2226 3638 itaque
2260 3579 2466 3639 partem
2508 3571 2729 3640 quidem
2767 3585 2927 3623 unam
2963 3569 3126 3623 tribui
3163 3569 3365 3635 operis,
3394 3567 3620 3622 alteram

2033 3673 2170 3712 vero
2225 3658 2537 3727 sumptibus
2567 3699 2580 3723 ,
2619 3661 2834 3713 tertiam
2879 3659 3122 3726 denique
3178 3656 3530 3725 reipublicze,
3565 3661 3623 3708 et

2037 3765 2164 3803 eum
2222 3752 2466 3818 quidem,
2505 3751 2598 3820 qui
2652 3750 2765 3805 suis
2797 3751 3008 3804 laboret
3043 3749 3373 3818 sumptibus,
3407 3747 3624 3801 duabus

2040 3841 2313 3896 fruentem
2349 3844 2615 3910 partibus,
2647 3841 2860 3895 tertiam
2896 3841 3034 3912 reip.
3062 3850 3321 3911 priestare
3350 3855 3363 3893 :
3396 3837 3484 3893 cui
3527 3852 3625 3892 att-

2039 3945 2146 3990 tem
2172 3950 2202 3989 a
2235 3936 2550 4005 reipublicae
2576 3933 2851 4004 prmfectis
2891 3947 3142 4004 sumptus
3185 3931 3624 4001 suppeditentur,

2043 4027 2202 4082 tertia
2239 4037 2393 4097 parte
2440 4012 2758 4082 contentum
2797 4041 2940 4089 esse,
2991 4037 3084 4081 aut
3115 4025 3161 4079 si
3203 4039 3312 4094 quo
3357 4023 3499 4079 inter
3530 4036 3628 4078 eos

2044 4121 2155 4175 alio
2209 4128 2390 4189 pacto,
2427 4119 2677 4190 quod'ab
2708 4119 2810 4174 hac
2843 4118 3102 4188 aequitate
3130 4131 3237 4172 non
3286 4115 3515 4170 multum
3546 4129 3633 4168 re-

2047 4213 2229 4276 cedat,
2261 4211 2582 4267 convenerit
2614 4212 2739 4280 :qui
2782 4225 2914 4264 vero
2942 4206 3327 4262 communibus
3377 4212 3634 4276 operetur

2058 4305 2347 4376 impensis,
2378 4304 2602 4358 alteram
2639 4312 2850 4371 partem
2883 4300 3121 4365 auferre,
3144 4298 3288 4353 aliud
3313 4312 3475 4367 porro
3498 4295 3634 4350 nihil

2057 4396 2253 4449 horum
2279 4408 2612 4462 quemquam
2655 4391 2928 4455 conferre,
2954 4390 3096 4460 quod
3145 4389 3215 4442 sit
3241 4388 3473 4459 alicujus
3497 4403 3635 4456 pon-

2057 4485 2228 4541 deris.
2282 4483 2383 4549 Qui
2444 4497 2608 4548 porro
2673 4491 2804 4536 sunt
2856 4483 2970 4536 haec
3022 4479 3299 4543 collaturi,
3372 4493 3468 4533 eos
3523 4491 3634 4530 non

2063 4574 2259 4645 injuria
2308 4573 2530 4642 quidem
2568 4569 2775 4625 llilotas
2837 4571 2958 4640 quis
2996 4567 3636 4638 nuncuparit,quomam

2063 4675 2325 4720 vacantes
2353 4663 2570 4726 militia,
2593 4661 2871 4716 collationi
2901 4659 3270 4724 destinentur;
3328 4670 3425 4726 pro
3456 4653 3638 4724 publi-

2061 4757 2142 4811 cis
2193 4763 2371 4809 t'amen
2437 4769 2532 4808 eos
2590 4749 2879 4806 conveniet
2926 4749 3127 4804 habere
3154 4745 3428 4812 nutriciis,
3464 4759 3642 4820 neque

2062 4852 2143 4902 vel
2174 4853 2368 4916 prater
2391 4843 2733 4898 collationem
2763 4841 2906 4895 hanc
2944 4840 3014 4894 ab
3053 4839 3163 4893 illis
3196 4837 3493 4907 quidquam
3523 4833 3641 4890 cxi-

2063 4954 2188 5010 gere.
2218 4937 2301 4990 vel
2325 4935 2558 5004 amplius
2592 4948 2753 5004 quam
2793 4931 2986 4994 semel,
3026 4942 3128 4984 nec
3171 4927 3337 4982 ullam
3385 4927 3642 4996 cuiquam

2063 5031 2171 5085 rim
2207 5029 2451 5091 inferre,
2506 5041 2694 5081 verum
2753 5024 2890 5079 citra
2950 5035 3166 5077 onmem
3221 5021 3344 5077 illos
3383 5018 3642 5091 injuriam

2064 5121 2474 5195 diligentissime
2496 5119 2698 5175 fovere.
3004 5105 3005 5108 “

2145 5423 2259 5496 (l7)
2302 5423 2594 5496 Εἵλωτας.
2640 5417 2858 5496 Deliae
2892 5413 3183 5496 servitutis
3219 5423 3415 5496 genere
3442 5414 3647 5496 utrum

2068 5486 2274 5552 bonum
2299 5508 2364 5548 an
2397 5493 2600 5546 malum
2625 5491 2713 5554 sit,
2748 5487 2982 5541 Multum
3047 5486 3100 5554 in
3132 5491 3417 5554 utra-mque
3441 5486 3649 5554 partem

2067 5545 2425 5637 animum;
2446 5545 2948 5637 antiqui.’cr._pt_gt
2977 5555 3056 5637 ρε.
3082 5552 3214 5621 leg.,
3244 5550 3282 5602 ι.
3319 5545 3407 5610 Vt,
3443 5545 3648 5601 'ttém—

2064 5621 2175 5693 αυιῖ
2210 5631 2300 5703 tx,
2326 5635 2414 5700 es,
2449 5645 2502 5688 ct
2524 5621 2769 5702 Ttiucytt.
2812 5629 2844 5683 I.
2876 5621 2965 5690 tv,
2992 5625 3043 5677 ε.
