4186 6290
430 346 551 408 ³8Ὴ

1302 344 1400 407 DE
1445 348 1700 411 REBUS
1733 345 2445 411 PELOI‘ONNESIACIS
2478 318 2769 412 ORATIO
2808 352 2852 412 Ι.

3592 362 3701 426 834

443 462 659 532 ἑκάστῳ
701 460 953 530 δύναμις,
988 459 1164 524 οὕτως
1199 460 1345 523 ὅπως
1379 460 1445 514 διν
1493 462 1743 516 δύναιντο
1792 464 2022 532 suam,

2138 460 2269 515 bant
2307 478 2752 532 unumquemque
2785 470 2950 532 prout
2978 464 3123 520 vires
3154 477 3544 537 suppeterent,
3593 486 3703 524 non

443 556 603 626 μήτοι
630 570 694 621 γε
729 553 794 622 δὴ
842 553 1107 621 ἀγγάροις
1146 554 1485 622 χρωμένους.
1540 556 1651 607 Καὶ
1697 553 1786 607 διὰ
1818 554 2023 616 ταύτας

440 664 495 699 τε
524 646 632 715 γὰρ
658 644 756 707 τὰς
806 644 900 696 ἐπὶ
934 645 1003 697 τά
1032 645 1106 712 μὴ
1157 644 1502 713 προσήκοντα
1550 645 1797 708 δαπάνας
1847 648 2020 714 χείρω

432 738 511 789 τὰ
546 735 722 791 κοινά,
775 734 871 787 καὶ
914 733 1004 787 διὰ
1044 734 1169 794 τοὺς
1213 734 1502 799 ἀξιοῦντας
1549 734 1775 797 τούτους
1813 735 2022 804 δωρεὰς

443 829 655 891 ἀτελεῖς
683 826 1039 897 λειτουργιῶν
1067 828 1243 896 ῐσχειν
1275 829 1338 880 ἐκ
1369 826 1477 878 τῶν
1522 826 1737 890 κοινῶν,
1774 829 1867 879 καὶ
1895 827 2022 882 τάδε

440 920 597 973 κοινὰ
649 918 1012 989 βλάπτοντας,
1065 919 1159 971 καὶ
1205 918 1380 989 ἀρχὴν
1429 918 1524 972 καὶ
1573 920 1868 990 κηφηνώδη
1909 920 2022 984 ἒξιν

444 1013 629 1080 σφίσιν
662 1012 846 1075 αὐτοῖς
903 1011 1419 1076 κατασκευάζοντας
1462 1010 1598 1083 (20),
1656 1012 1751 1065 καὶ
1792 1012 1901 1065 οὐδ’
1937 1013 2022 1065 αῖ-

444 1119 607 1171 σχυνο
616 1103 811 1172 μένους
830 1103 922 1156 ἐπὶ
944 1102 1020 1173 τῷ
1047 1102 1141 1155 τοῦ
1167 1102 1492 1171 πράγματος
1514 1103 1748 1174 αἰσχρῷ.
1781 1104 2023 1157 Ἐκεῖθεν

437 1193 483 1246 δ’
515 1194 581 1247 άν
615 1212 701 1257 τις
736 1194 939 1247 συνίδοι
972 1196 1068 1249 καὶ
1097 1195 1194 1265 οἴῳ
1237 1194 1538 1264 ἀδικήματι
1566 1190 1717 1250 οὗτοί
1742 1214 1803 1249 τε
1831 1198 2024 1251 κάκεῖ·

440 1303 521 1338 νοι
548 1285 760 1352 δόξαιεν
792 1286 859 1340 ἂν
897 1280 1039 1338 εἶναι
1070 1286 1264 1355 ἔνοχοι,
1299 1288 1382 1339 ὅτι
1412 1285 1447 1339 ἃ
1496 1287 1733 1355 μάλιστα
1774 1289 1823 1341 οἱ
1853 1289 2020 1342 πολέ-

444 1397 558 1447 μιοι
583 1378 823 1444 εὖξαιντ’
851 1379 939 1445 ἂν,
970 1379 1068 1441 τὰς
1100 1378 1242 1449 ὑπὲρ
1410 1380 1688 1450 ἡμετέρας
1716 1380 2020 1448 ἀσφαλείας

438 1470 686 1531 δαπάνας
708 1471 834 1538 εἰκῇ
879 1467 1212 1533 διόλλυσθαι,
1250 1468 1408 1522 ταῦθ’
1437 1464 1586 1524 οὗτοι
1620 1471 1676 1523 ὲν
1708 1472 1892 1538 σφίσιν
1920 1470 2019 1522 αὑ-

439 1564 551 1623 τοῖς
580 1560 867 1628 γίγνεσθαι
895 1560 1175 1626 ἀξιοῦντες
1192 1560 1692 1629 οῦκαῐσχύνονται.
1728 1561 1799 1614 Οἵ
1822 1579 1880 1613 τε
1909 1561 2019 1632 γὰρ

440 1651 713 1720 ἐωνῆσθαι
752 1650 821 1705 τὰ
850 1650 1077 1705 τοιαῦτα
1111 1651 1432 1719 φάσκοντες,
1472 1652 1569 1704 καὶ
1597 1650 1646 1703 et
1675 1650 1887 1704 πολλῶν
1923 1650 2019 1703 καὶ

441 1743 717 1811 μεγάλων,
755 1742 831 1805 ὥς
876 1758 1033 1811 φασι,
1085 1742 1195 1795 τῶν
1232 1740 1477 1811 σφίσινῆ
1529 1741 1811 1811 προγόνοις
1846 1740 2016 1792 λελει-

2126 553 2502 610 exactionibus
2533 557 2805 612 victitare.
2840 554 3121 623 Siquidem
3160 568 3213 612 et
3248 571 3478 629 propter
3503 578 3701 631 super.-

2125 658 2330 698 vacuas
2370 645 2468 699 bas
2501 647 2777 715 impensas
2824 650 2965 703 male
3008 664 3066 703 se
3101 650 3263 705 habet
3298 656 3610 722 respublica
3643 669 3700 711 et

2127 744 2346 803 propter
2383 730 2536 797 istos,
2570 736 2659 804 qui
2709 736 3033 794 collationes
3088 741 3336 807 publicas
3368 745 3555 799 oneris
3608 760 3707 800 ex-

2125 835 2312 892 pertes
2354 824 2692 893 deposcunt,
2732 840 2794 879 ac
2830 835 2943 880 tum
2992 829 3311 900 reipublicae
3346 845 3543 888 nocent
3583 845 3697 890 tum

2123 914 2351 969 inertem
2380 924 2433 968 et
2461 915 2710 970 fucorum
2744 916 2981 972 similem
3012 922 3177 974 vitam
3209 923 3413 993 absque
3441 928 3549 980 ullo
3578 936 3695 981 tur-

2123 1007 2388 1076 pitudinis
2438 1008 2650 1075 pudore
2675 1009 2775 1060 sibi
2818 1009 3135 1066 conciliant.
3188 1013 3331 1079 Quin
3382 1026 3436 1069 et
3484 1019 3608 1073 bino
3643 1020 3705 1073 Ii-

2129 1108 2249 1154 ceat
2269 1099 2465 1161 cuivis,
2490 1112 2652 1167 quam
2684 1100 2919 1169 graviter
2942 1103 3159 1170 utrique
3183 1113 3426 1171 peccent,
3452 1108 3701 1161 animad-

2125 1194 2366 1252 vertere,
2404 1187 2551 1256 quod
2586 1202 2649 1241 ea
2698 1204 2819 1258 qum
2863 1190 3099 1246 maxime
3132 1192 3318 1248 hostes
3344 1195 3397 1248 in
3438 1196 3579 1251 votis
3614 1198 3710 1251 ba-

2129 1277 2289 1343 bent,
2322 1285 2382 1330 ut
2421 1277 2615 1332 salutis
2655 1280 2963 1334 communis
2993 1281 3250 1349 impensae
3300 1294 3503 1341 temere
3546 1288 3711 1343 dissi-

2127 1378 2351 1439 pentur,
2392 1370 2445 1423 bi
2483 1385 2607 1423 cum
2650 1371 2802 1425 omni
2841 1372 3173 1440 imprudentia
3223 1387 3533 1444 procurant.
3570 1376 3705 1443 Nam

2120 1469 2177 1515 et
2202 1461 2295 1530 qui
2331 1468 2445 1515 bare
2469 1462 2745 1531 redempta
2770 1464 3031 1531 clamant,
3057 1474 3111 1518 et
3137 1466 3231 1535 qui
3266 1469 3554 1522 multarum
3580 1486 3697 1523 nta-

2126 1566 2470 1623 gnarumque
2516 1567 2695 1607 rerum
2748 1554 3007 1623 prmclare
3045 1557 3129 1609 vel
3160 1572 3189 1609 a
3221 1573 3279 1612 se
3310 1559 3391 1613 vel
3425 1576 3451 1612 a
3489 1563 3708 1628 majori-

2122 1644 2229 1698 bus
2253 1645 2388 1708 suis,
2405 1650 2461 1695 nt
2493 1642 2667 1707 aiunt,
2691 1653 2965 1712 gestarum
2991 1646 3294 1701 mercedem
3329 1649 3471 1703 hanc
3497 1650 3696 1719 depos-

2125 1742 2286 1796 cunt,
2332 1744 2657 1802 praesentem
2690 1735 2944 1792 videlicet
2968 1752 3316 1793 communem
3348 1741 3639 1808 perniciem
3676 1780 3693 1805 ,

438 1830 835 1903 τουργημένων
858 1834 1065 1902 κμισθὸν
1096 1832 1287 1888 τοῦτον
1337 1838 1689 1902 προσήκοντα
1736 1832 2018 1899 ἀξιοῦντες

2125 1840 2224 1879 nec
2249 1825 2399 1894 justa
2431 1826 2564 1879 mibi
2594 1834 2778 1894 petere
2808 1826 3083 1891 videntur,
3120 1838 3174 1882 et
3215 1844 3381 1884 sensu
3414 1831 3573 1897 plane
3616 1847 3710 1886 ca-

436 1926 607 1991 ἔχειν,
634 1926 724 1977 τὸν
763 1927 820 1976 ὲν
861 1925 1108 1996 ὑπογυίῳ
1139 1925 1231 1978 τὸν
1280 1926 1459 1977 κοινὸν
1495 1924 1738 1993 ὀλεθρον,
1786 1923 1911 1978 οὔτε
1942 1925 2019 1978 δί-

441 2019 570 2083 καιά
630 2035 721 2087 μοι
773 2017 1030 2072 δοκοῦσιν
1091 2018 1301 2084 ἀξιοῦν,
1356 2020 1501 2071 πάνυ
1554 2035 1613 2070 τε
1672 2018 2019 2086 ἀναισθήτως

439 2110 605 2179 ἔχειν,
641 2110 692 2162 οἳ
733 2111 869 2179 μηδὲ
899 2110 1152 2163 τοσοῦτον
1181 2110 1310 2177 γοῦν
1340 2110 1662 2178 συνορῶσιν,
1694 2109 1767 2171 ὡς
1795 2112 1843 2162 εἰ
1871 2110 1933 2178 δή
1964 2126 2018 2163 τι

440 2203 508 2254 τὰ
538 2202 693 2254 κοινὰ
747 2202 1050 2263 πταίσειεν,
1085 2202 1112 2254 ὃ
1145 2203 1359 2272 μήποτε
1402 2204 1633 2270 γένοιτο,
1667 2203 1787 2256 οὐδὲ
1830 2203 2019 2270 σφίσιν

444 2294 509 2347 ἂν
543 2293 719 2363 δήπου
748 2310 808 2346 τε
842 2292 1271 2364 λυσιτελήσειεν.

511 2384 601 2447 ιζ’.
647 2386 790 2452 Ἐγὼ
836 2383 881 2437 δ’
913 2384 1058 2455 ἔχειν
1113 2385 1216 2454 μὲν
1248 2383 1453 2438 τούτων
1479 2382 1655 2445 ἐνίους
1698 2382 1817 2437 ἀντὶ
1851 2383 2023 2451 μεγά-

439 2475 546 2529 λων
577 2476 686 2529 τῶν
737 2477 1096 2545 λειτουργιῶν
1135 2475 1164 2546 ἢ
1220 2477 1317 2529 καὶ
1363 2474 1658 2529 ἐπιδόσεων
1707 2475 1814 2528 τῶν
1843 2477 1923 2540 είς
1958 2477 2020 2529 τὸ

442 2567 622 2620 κοινὸν
651 2565 686 2621 ἃ
717 2567 953 2637 ἔχουσιν,
991 2567 1019 2637 ἦ
1059 2569 1125 2620 τὰ
1159 2566 1363 2620 τούτων
1400 2567 1548 2633 ἄξια,
1576 2569 1668 2620 καὶ
1698 2567 1842 2620 πάνυ
1874 2571 2021 2637 φημὶ

441 2660 648 2711 δίκαιον
682 2654 845 2721 εἶναι,
883 2658 1215 2728 λειτουργεῖν
1250 2660 1437 2728 μέντοι
1466 2663 1560 2712 καὶ
1589 2659 1682 2713 ἐπὶ
1711 2659 1922 2722 τούτοις
1950 2660 2019 2713 τὰ

441 2756 813 2821 προσήκοντα,
849 2752 999 2822 αὑτῷ
1035 2755 1182 2824 μόνῳ
1220 2753 1298 2823 τῷ
1330 2753 1494 2806 πλέον
1544 2754 1651 2806 τῶν
1686 2754 1895 2808 πολλῶν
1932 2770 2021 2806 τε·

418 2845 704 2914 ’τιμῆσθαι
735 2845 874 2915 (2i),
929 2844 1260 2908 ἀγαπῶντος
1289 2845 1369 2914 τῷ
1418 2845 1592 2899 πλείω
1630 2844 1729 2915 μὲν
1772 2862 2021 2915 καρπου-

444 2936 662 3003 μένους,
689 2936 868 2988 πλείω
900 2937 958 2990 δὲ
987 2940 1081 2990 καὶ
1113 2937 1585 3008 λειτουργοῦντας,
1615 2939 1814 3007 μᾶλλόν
1849 2957 1902 2992 τι
1928 2942 2023 2994 καὶ

438 3030 743 3098 χρησίμους
779 3025 920 3082 εἶναι
959 3031 1069 3091 τοῖς
1117 3032 1337 3092 κοινοῖς,
1379 3031 1516 3083 ἀλλὰ
1550 3030 1626 3100 μὴ
1660 3031 1778 3100 ἅμα
1826 3032 1925 3100 μὲν
1962 3031 2053 3095 τὸν

437 3121 534 3189 τῆς
576 3120 696 3189 βοὸς
732 3122 929 3185 ποιεῖν,
964 3121 999 3190 ἢ
1032 3119 1096 3188 δὴ
1128 3120 1155 3172 ὃ
1180 3120 1427 3190 ἡμέλχθη
1464 3122 1627 3188 γάλα,
1658 3121 2021 3186 λακτίζουσάν
2043 3151 2093 3217 c

439 3230 602 3281 φασιν
631 3209 787 3276 αὖθις
818 3214 1023 3279 ἐκχεῖν,
1062 3213 1177 3282 ἅμα
1203 3213 1261 3265 δὲ
1290 3215 1511 3267 κάκεῖνο
1540 3214 1601 3265 τὸ
1628 3214 1721 3265 τοῦ
1765 3214 2015 3268 Ἡσιόδου

440 3306 743 3377 πάσχοντας
780 3305 1071 3374 φαίνεσθαι
1100 3320 1113 3333 ·

696 3396 840 3451 Ἔὸν
864 3398 1059 3449 κακὸν
1088 3394 1578 3464 ἀμφαγαπῶντας
1614 3397 1750 3467 (22).

439 3489 562 3542 Τῶν
601 3488 710 3560 γάρ
736 3504 820 3542 τοι
842 3487 1037 3541 κοινῶν
1061 3486 1268 3540 τούτων
1306 3486 1500 3540 πολλοῦ
1546 3487 1776 3541 δεόντων
1806 3487 1914 3542 κᾶν
1958 3490 2017 3556 ἐξ

436 3580 751 3651 ὁλοκλήρων
801 3580 922 3640 ταῖς
976 3578 1119 3648 ὑπὲρ
1163 3578 1263 3647 τῆς
1318 3579 1505 3645 κοινῆς
1539 3579 1836 3647 ἀσφαλείας
1873 3580 2019 3633 ἁπά-

439 3666 555 3736 σαις
592 3673 857 3735 δαπάναις
885 3670 1160 3741 ἐξαρκεῖν,
1197 3671 1250 3721 τί
1288 3687 1416 3723 ποτε
1440 3670 1686 3724 λείπεται
1712 3672 1841 3724 ὅταν
1881 3674 2018 3740 πρὸς

437 3767 553 3828 ταῖς
583 3764 693 3817 τῶν
724 3763 922 3817 κοινῶν
954 3761 1223 3829 ἀνάγκαις
1255 3764 1346 3814 καὶ
1375 3761 1630 3814 τοσοῦτόν
1654 3780 1707 3814 τι
1732 3763 1954 3833 τρέφειν

444 3852 651 3917 σμῆνος
702 3851 986 3920 κηφήνων,
1021 3849 1131 3903 τῶν
1176 3849 1276 3919 μὲν
1314 3851 1637 3920 φασκόντων
1686 3852 2019 3921 φιλοσοφεῖν,

441 3940 546 3993 τῶν
581 3939 626 3991 δ’
672 3940 845 4003 ἄλλως
881 3941 1092 4009 ἀργεῖν,
1123 3940 1156 4012 ἦ
1189 3942 1285 3995 καὶ
1333 3942 1442 3995 τῶν
1480 3944 1601 4005 ταῖς
1644 3944 2016 4011 λειτουργίαις

444 4031 833 4104 προσηκόντων
861 4032 1041 4103 πολλῷ
1075 4051 1177 4086 που
1208 4034 1381 4088 πλείω
1410 4035 1755 4105 καρποῦσθαι
1795 4036 2017 4103 ἀξιούν-

441 4140 595 4192 των;
639 4123 783 4179 Ἀλλ’
812 4124 971 4195 ὑμεῖς
1012 4129 1104 4178 καὶ
1126 4124 1298 4180 ταῦτά
1336 4144 1397 4179 τε
1432 4130 1662 4183 κάκεῖνα
1708 4128 2021 4199 ἐπανορθώ-

444 4231 618 4279 σαιτε,
645 4218 739 4267 καὶ
766 4214 865 4282 τήν
894 4230 954 4265 τε
980 4213 1190 4283 ἀμείνω
1233 4214 1346 4279 ἕξιν
1374 4213 1582 4268 ἅπασιν
1622 4215 1889 4285 ἐνθείητε,
1923 4219 2021 4270 καὶ

447 4308 513 4358 τὰ
566 4306 722 4358 κοινά
758 4303 955 4374 βελτίω
1003 4304 1244 4373 μάλιστα
1294 4306 1602 4374 ποιήσαιτε.
1652 4306 1795 4359 Ἀλλ’
1839 4311 2020 4362 ἐκεῖσε

446 4394 700 4462 ἐπάνειμι
733 4394 892 4447 πάλιν
918 4393 1151 4461 ὅθενπερ
1181 4393 1397 4463 ἐξέϐην.

2124 1933 2262 1981 rere,
2291 1917 2419 1971 dum
2443 1933 2511 1970 ne
2534 1918 2636 1971 hoc
2668 1919 2885 1986 quidem
2915 1920 3279 1988 perpendunt,
3313 1922 3359 1975 si
3383 1922 3511 1991 quid
3537 1921 3700 1988 forte,

2119 2008 2263 2078 quod
2296 2007 2438 2062 absit
2465 2048 2480 2071 ,
2529 2009 2770 2064 otTendat
2800 2009 3109 2080 respublica
3140 2011 3195 2067 id
3250 2026 3319 2068 ne
3346 2012 3450 2068 sibi
3485 2012 3705 2084 quidem

2124 2098 2472 2168 profuturum
2514 2114 2655 2155 esse.

2201 2368 2282 2421 l7.
2319 2368 2431 2437 Ego
2479 2384 2608 2425 vero
2644 2372 3106 2440 quemadmodum
3134 2376 3451 2433 nonnullos
3502 2377 3698 2433 borum

2121 2474 2220 2528 pro
2250 2461 2465 2529 magnis
2497 2462 2579 2515 vel
2613 2463 2895 2519 beneﬁciis
2924 2465 3006 2519 vel
3041 2467 3093 2521 in
3127 2468 3705 2537 rempublicaml‘aetis

2124 2552 2382 2620 impensis
2406 2568 2468 2605 ea
2502 2555 2704 2621 quibus
2736 2554 3016 2622 fruuntur,
3048 2560 3245 2614 merito
3275 2560 3523 2615 obtinere
3551 2562 3702 2616 dixe-

2123 2643 2250 2708 rim;
2279 2643 2352 2697 ita
2384 2659 2481 2712 pro
2507 2645 2593 2700 bis
2615 2661 2833 2715 quoque
2860 2646 3174 2705 functiones
3201 2664 3477 2720 congruas
3506 2653 3706 2707 debere

2122 2736 2409 2804 suscipere
2456 2739 2833 2793 contenderim
2884 2740 2997 2794 sola
3062 2740 3291 2795 honoris
3348 2742 3707 2809 amplitudine

2122 2836 2440 2893 contentos;
2478 2830 2559 2885 sic
2587 2837 2647 2884 ut
2684 2830 2890 2898 majore
2920 2840 3033 2885 tum
3069 2832 3245 2887 fructu
3280 2833 3541 2898 fruentes,
3583 2843 3696 2887 tum

2124 2933 2291 2974 onere
2325 2923 2557 2990 gravati,
2597 2922 2861 2989 majorem
2897 2923 3059 2976 etiam
3105 2924 3417 2991 reipublicze
3449 2933 3707 2994 praestent

2126 3024 2308 3070 usum,
2345 3025 2445 3063 nec
2492 3011 2576 3065 vel
2615 3012 2787 3067 instar
2842 3029 3019 3069 vacca:
3071 3016 3237 3078 illius.
3274 3032 3593 3086 espressum
3626 3021 3709 3072 lac

2126 3100 2322 3154 iterum
2355 3100 2597 3156 calcibus
2626 3103 2932 3166 ellundant,
2978 3106 3058 3158 vel
3096 3108 3258 3159 etiam
3293 3117 3354 3161 ut
3381 3106 3415 3161 ii
3440 3146 3454 3170 ,
3488 3108 3556 3161 de
3586 3109 3708 3177 qui-

2125 3188 2229 3244 bus
2261 3190 2502 3260 loquitur
2535 3190 2831 3259 Hesiodus,
2873 3196 3161 3257 videantur

2506 3386 2847 3441 Incommnda
2891 3390 3105 3454 propria
3148 3404 3350 3442 amare.

2134 3477 2349 3531 Etenim
2382 3490 2507 3531 cum
2568 3478 2873 3547 respublica
2913 3479 2999 3531 vix
3039 3481 3208 3547 possit
3240 3479 3323 3534 vel
3370 3480 3578 3549 integra
3610 3496 3706 3550 pro

2124 3569 2300 3621 salute
2330 3568 2544 3635 publica
2586 3566 2864 3623 faciendas
2893 3582 3086 3623 omnes
3124 3570 3399 3636 impensas
3447 3574 3701 3635 tolerare,

2123 3659 2254 3728 quid
2290 3659 2538 3713 futurum
2589 3660 2805 3714 tandem
2854 3660 3209 3721 arbitramur,
3240 3661 3285 3714 si
3319 3671 3514 3729 praeter
3551 3678 3704 3716 sum-

2126 3761 2249 3821 ptus
2285 3750 2625 3805 necessarios
2664 3757 2874 3804 tantum
2922 3750 3146 3820 insuper
3182 3749 3432 3805 fucorum
3474 3767 3701 3807 examen

2121 3842 2373 3895 alendum
2411 3841 2635 3904 veniat,
2666 3856 2898 3910 quorum
2933 3840 3012 3895 illi
3054 3840 3420 3912 philosophiae
3456 3843 3699 3897 studium

2121 3938 2224 3991 sibi
2256 3938 2518 4001 tribuant,
2550 3935 2642 3990 alii
2679 3944 2887 3990 tantum
2938 3935 3099 3991 otiari
3153 3949 3213 3990 se
3261 3942 3699 4003 asserantatque

2124 4029 2288 4085 etiam
2337 4031 2488 4098 plura
2540 4029 2732 4091 multo,
2766 4043 2929 4096 quam
2977 4028 3073 4097 qui
3125 4026 3357 4095 publicis
3403 4027 3703 4096 [eriguntur

2126 4122 2469 4183 muneribus,
2508 4121 2812 4191 postulent.
2841 4121 2947 4175 Sed
2977 4135 3072 4176 vos
3112 4120 3331 4188 quidem
3361 4129 3416 4175 et
3442 4136 3564 4174 cum
3591 4123 3705 4175 tunc

2128 4224 2238 4269 tum
2272 4214 2359 4267 illa
2395 4213 2703 4282 corrigetis,
2730 4221 2785 4267 et
2816 4222 2873 4267 ut
2907 4212 3138 4282 singulis
3180 4211 3459 4266 meliorem
3496 4222 3697 4267 statum

2131 4303 2611 4367 conciliabitis,ita
2639 4303 2952 4372 reipublicae
2972 4302 3229 4372 juvandre
3259 4301 3494 4357 maxime
3522 4304 3702 4358 stude-

2125 4398 2251 4452 bitis
2281 4411 2295 4448 :
2325 4411 2424 4463 ego
2454 4405 2632 4449 autem
2660 4396 2804 4449 unde
2834 4394 3043 4448 {ueram
3079 4395 3365 4463 digressus
3394 4396 3581 4450 redeo.

512 4484 601 4554 ιη’.
640 4484 799 4547 Ἴσως
828 4484 875 4537 δ’
897 4484 1194 4539 ἀκόλουθον
1222 4484 1290 4540 ἂν
1318 4485 1488 4551 δόξειε
1516 4488 1623 4550 τοῖς
1656 4488 1757 4558 ἤδη
1784 4487 2016 4557 εἰρημέ-

2196 4487 2283 4539 18.
2318 4483 2429 4538 Erit
2458 4499 2639 4539 autem
2677 4499 2890 4545 eorum,
2923 4498 3043 4551 quas
3074 4492 3198 4537 ante
3221 4484 3363 4537 dicta
3406 4496 3554 4549 sunt,
3584 4487 3696 4539 for-

451 4595 551 4638 νοις
603 4578 698 4631 καὶ
736 4576 894 4648 τήνδε
938 4577 1038 4648 τὴν
1086 4575 1315 4645 γνώμην
1372 4578 1730 4644 εἰσενεγκεῖν,
1773 4578 1873 4648 τὴν
1916 4580 2022 4646 γῆν

441 4667 679 4734 ἅπασαν,
714 4665 905 4737 ὥσπερ
934 4669 1066 4731 ῐσως
1099 4667 1214 4737 ἔχει
1250 4668 1395 4721 κατὰ
1419 4667 1601 4736 φύσιν,
1638 4670 1826 4738 κοινὴν
1851 4669 2025 4723 ἅπασι

441 4760 551 4819 τοῖς
584 4759 889 4812 ἐνοικοῦσιν
923 4753 1066 4811 εῖναι
1100 4757 1238 4827 (25),
1284 4760 1691 4812 ἀντιποιεῖσθαι
1725 4759 1783 4811 δὲ
1819 4761 2025 4829 μηδένα

443 4849 549 4921 ἰδίᾳ
582 4849 785 4920 χωρίου
819 4848 1051 4919 μηδενός
1078 4864 1091 4879 ·
1126 4848 1327 4915 ἐξεῖναι
1356 4848 1414 4902 δὲ
1458 4850 1621 4902 παντὶ
1655 4848 1734 4920 τῷ
1777 4850 2023 4905 ἐθέλοντι

441 4944 697 5011 φυτεύειν
734 4959 795 4994 τε
847 4942 955 5012 ὅπη
1005 4940 1281 5011 βούλεται,
1329 4930 1425 4995 καῖ
1474 4942 1873 5011 ἐποικοδομεῖν,
1926 4944 2023 4997 καὶ

442 5034 613 5105 ἀροῦν
652 5034 759 5104 γῆς
796 5052 850 5087 τι
884 5033 1141 5088 τοσοῦτον
1185 5035 1384 5088 ὁπόσον
1420 5033 1672 5105 βούλεταί
1712 5052 1771 5088 τε
1810 5037 1905 5091 καὶ
1936 5035 2025 5089 δύ-

442 5144 623 5180 ναται.
679 5126 768 5189 Ὠς
820 5127 1020 5181 τούτου
1061 5144 1121 5180 τε
1151 5125 1217 5197 δὴ
1270 5127 1365 5180 καὶ
1395 5124 1651 5180 τοσούτου
1692 5128 1786 5180 καὶ
1834 5127 2026 5199 κύριον

438 5218 676 5272 ἕκαστον
724 5218 984 5290 ἐσόμενον
1036 5220 1129 5272 ἐπὶ
1172 5218 1434 5271 τοσοῦτόν
1471 5235 1530 5271 τε
1577 5220 1665 5287 ἔφ’
1694 5221 1925 5289 ὅσονπερ
1958 5220 2025 5272 ἂν

443 5311 538 5364 καὶ
592 5312 841 5382 κατέχων
889 5311 967 5382 μὴ
1000 5310 1232 5382 ἀμελοίη
1281 5310 1373 5364 τοῦ
1425 5310 1780 5380 ἐργάζεσθαι,
1833 5312 2025 5383 μηδενὶ

513 5539 627 5609 (20)
660 5541 1251 5606 Κατασκευὰζοντας.
1285 5539 1369 5597 Cf.
1399 5542 1533 5597 l’lat.
1560 5542 1632 5596 De
1665 5540 1788 5612 leg.,
1824 5545 1858 5599 l.
1892 5560 1945 5610 κ,
1972 5552 2028 5601 et

445 5612 689 5683 IIesﬁiod”
732 5614 908 5683 Ἔργα
932 5614 1057 5666 502.

514 5682 631 5751 (2t)
677 5681 1055 5752 Τετψῆσθαί.
1118 5681 1404 5738 Consentit
1453 5683 1649 5739 Noster
1703 5701 1827 5739 cum
1886 5683 2024 5737 Plat.

447 5755 520 5810 De
554 5761 652 5826 leg.
692 5751 867 5811 Xll’et
903 5753 975 5808 Dc
1004 5751 1131 5823 ηιμ.
1166 5753 1205 5807 l.

2127 4590 2273 4635 tasse
2303 4594 2650 4648 consequens
2686 4577 2827 4631 hanc
2866 4591 3090 4645 quoque
3130 4578 3455 4631 sententiam
3493 4579 3703 4646 dicere,

2126 4681 2187 4727 ut
2215 4673 2363 4741 regio
2392 4680 2526 4735 tota,
2551 4668 3012 4739 quemadmodum
3049 4682 3077 4721 a
3112 4679 3307 4722 natura
3334 4668 3546 4722 videtur
3572 4684 3696 4725 esse

2136 4766 2463 4834 composita,
2503 4761 2815 4817 communis
2855 4760 3101 4816 omnium
3140 4760 3211 4814 sit
3249 4759 3571 4827 incolarum,
3606 4776 3704 4815 nec

2124 4838 2419 4926 quisquam
2452 4853 2729 4924 pr0prium
2757 4852 2860 4907 sibi
2909 4852 3040 4921 quid
3073 4852 3298 4916 tribuat,
3328 4851 3488 4906 liceat
3517 4864 3698 4907 autem

2134 4946 2309 5001 cuivis
2338 4960 2667 5015 quocunque
2717 4944 2840 4998 loco
2892 4954 3005 4997 tum
3057 4957 3241 4998 serere
3271 4951 3382 4995 tum
3411 4941 3701 5007 mdilii-are,

2136 5048 2249 5093 tum
2288 5053 2465 5105 arare,
2513 5046 2775 5106 quantum
2831 5034 3062 5102 poterit;
3116 5036 3196 5089 sic
3252 5045 3310 5088 ut
3363 5036 3463 5089 hoc
3518 5034 3699 5104 ipsum

2135 5131 2341 5185 Iamdiu
2376 5129 2674 5199 possideat,
2708 5126 2970 5195 quamdiu
3005 5125 3054 5179 id
3086 5124 3411 5195 occupando
3452 5126 3662 5179 excolat
3687 5168 3700 5188 ,

2132 5219 2508 5290 nec;cuiquam
2532 5216 2663 5287 quid
2688 5216 2908 5287 pendat,
2928 5231 3027 5271 nec
3046 5215 3329 5273 infestetur
3345 5234 3373 5270 ιι
3394 5232 3691 5286 quoquam,

2133 5314 2242 5371 nisi
2290 5314 2383 5383 qui
2415 5313 2686 5368 culturam
2722 5311 3141 5381 prawccuparit,
3172 5319 3335 5382 prout
3377 5309 3481 5365 fert
3524 5324 3701 5363 rerum

2197 5542 2311 5614 (2‘2)
2341 5542 2563 5614 Hesiodi
2600 5540 2802 5614 'Epyg,
2838 5539 3001 5614 V-5_8-
3127 5607 3147 5614 _
3391 5601 3423 5614 ..
3514 5600 3525 5614 .
3590 5597 3605 5611 .

2200 5600 2311 5683 (23)
2360 5613 2487 5678 Τοῖς
2528 5600 3083 5683 ἑνοιδὶόίύιν-εἷιςαι.
3127 5607 3307 5683 Longe
3356 5600 3703 5683 aliamltltjtts:

2132 5667 3036 5763 modi,[nimirumcommunionis
3085 5678 3223 5736 ratio
3246 5667 3412 5747 “apud
3464 5667 3605 5733 Plat,
3647 5675 3704 5727 et

2132 5754 2478 5815 Aristotelem
2517 5752 2727 5820 legéiur.
