4186 6290
506 342 619 409 8'39

1728 343 2043 404 GEORGll
2076 338 2503 426 l‘LETlIONlS

3651 328 3755 387 840

581 464 672 517 24.
710 463 814 516 Sed
850 464 961 515 haec
997 461 1213 528 quidem
1252 459 1413 527 paulo
1454 467 1574 526 post
1604 457 1835 511 fortasse
1884 457 2084 511 rectius

2261 456 2359 511 κδ’.
2403 454 2562 508 Ἀλλὰ
2587 454 2655 506 τὰ
2689 452 2788 522 μιν
2814 448 3041 503 τοιαῦτα
3070 445 3167 500 καὶ
3199 444 3255 506 ἐς
3283 440 3507 510 ὕστερον
3535 440 3664 502 ἴσως
3689 440 3756 494 ἂν

512 554 877 620 corrigentur,
934 551 1020 602 illa
1046 561 1248 613 autem,
1304 564 1423 618 quae
1448 548 1515 601 de
1546 550 1764 602 sincero
1804 549 2073 611 exercitu,

512 641 850 709 dequejusto
881 639 1043 692 simul
1069 645 1122 691 et
1153 637 1297 691 facili
1348 648 1511 706 atque
1545 638 1779 691 honesto
1806 638 1983 690 reditu
2014 651 2079 688 ex

514 733 581 787 iis
610 731 703 800 qui
741 729 1029 800 separatim
1086 730 1407 783 collationes
1473 729 1709 796 pendent
1754 726 2078 797 colligendo,

514 822 675 885 paulo
723 832 849 875 ante
880 821 1134 883 disserui,
1170 820 1348 887 primo
1381 821 1504 873 loco
1541 820 1736 874 salutis
1771 820 2082 873 communis

512 926 683 965 causa
719 912 899 965 curari
934 910 1160 965 debent.
1188 908 1343 976 Quod
1379 911 1421 965 si
1460 910 1587 978 quid
1619 924 1751 963 sane
1784 909 1929 962 aliud
1964 924 2081 960 tne-

514 1001 620 1055 lius
654 1003 855 1069 pariter
909 1010 963 1055 et
1020 1000 1236 1054 facilius
1287 1002 1355 1054 ab
1411 1001 1515 1054 alio
1546 1000 1889 1068 subjiciatur,
1946 998 2080 1052 illud

515 1093 848 1161 sequendum
878 1093 1007 1154 erit,
1042 1092 1438 1146 contemnenda
1473 1099 1620 1144 certe
1675 1107 1759 1145 res
1818 1090 1923 1143 ista
1974 1106 2081 1144 non

514 1193 618 1248 est,
647 1199 749 1237 nec
793 1184 849 1237 in
881 1184 983 1237 ltoc
1009 1193 1151 1237 statu
1192 1198 1356 1251 pravo
1392 1183 1551 1237 simul
1579 1192 1630 1235 et
1663 1182 1966 1249 periculoso
2000 1198 2086 1235 re-

518 1274 831 1342 linquenda.
864 1275 1024 1340 Atqui
1058 1288 1159 1326 nec
1187 1274 1380 1327 melius
1412 1288 1511 1327 nec
1539 1272 1730 1327 utilius
1752 1288 2079 1341 quemquam

514 1365 642 1434 quid
690 1364 833 1417 aliud
864 1378 929 1416 eo
958 1366 1102 1432 quod
1136 1377 1165 1414 a
1195 1378 1279 1415 me
1318 1363 1585 1430 prolatum
1619 1373 1703 1417 est
1746 1372 2081 1429 reperturum

514 1458 623 1523 aio,
655 1470 827 1524 neque
848 1454 1132 1507 difficulter
1166 1454 1229 1505 ad
1263 1452 1512 1505 effectum
1546 1452 1596 1504 id
1633 1452 1853 1519 perduci
1888 1468 2085 1521 posse;

515 1557 606 1601 aut
631 1548 807 1616 potius
841 1545 1126 1599 difﬁculter
1156 1546 1257 1598 hoc
1282 1546 1335 1598 iu
1366 1552 1510 1597 statu
1554 1559 1641 1597 res
1696 1546 1830 1598 istas
1878 1544 2085 1598 diutius

485 1653 492 1659 '
515 1639 721 1707 absque
740 1651 935 1705 magno
965 1636 1204 1704 periculo
1232 1645 1287 1687 et
1310 1634 1658 1687 incommodo
1681 1633 1879 1688 durare
1903 1648 2082 1702 posse.

516 1728 693 1781 Tuum
714 1741 876 1796 porro
917 1725 1202 1789 duntaxat,
1226 1725 1540 1789 imperator,
1571 1726 1900 1792 praecipuum
1926 1739 2085 1794 opor-

2178 547 2287 598 δέοι
2335 542 2693 613 ἐπανορθοῦν.
2728 541 2837 609 Τῆς
2866 539 2911 593 δ’
2961 540 3020 591 ιν
3051 537 3131 607 τῷ
3175 534 3405 605 παρόντι
3454 530 3758 600 ἀσφαλείας

2179 637 2343 689 ἓνεκα
2376 636 2601 688 ἐκείνων
2632 631 2864 703 μάλιστα
2898 630 2992 683 καὶ
3022 626 3239 698 πρῶτον
3265 624 3367 688 δεῖ,
3396 619 3472 677 ὧν
3502 623 3759 693 περὶτῆς

2180 742 2240 778 τε
2287 722 2627 794 ἀκραιφνοῦς
2660 724 2878 788 ἐκείνης
2925 719 3209 788 στρατιᾶς,
3240 716 3334 769 καὶ
3363 713 3458 769 τοῦ
3491 713 3602 777 ἀπὸ
3651 712 3762 765 τῶν

2183 819 2355 888 χωρὶς
2387 818 2488 887 ἤδη
2521 816 2876 869 συωισὸντων
2921 812 3130 865 δικαίου
3165 826 3225 862 τι
3260 807 3377 877 ἅμα
3424 807 3519 859 καὶ
3553 807 3760 872 κούφου

2184 912 2277 963 καὶ
2307 911 2367 964 ού
2408 911 2612 977 φαύλου
2658 909 2850 975 πόρου,
2886 902 3069 974 μικρῷ
3109 902 3341 971 πρόσθεν
3385 897 3696 965 διεξῆλθον·
3724 896 3759 966 ἢ

2182 1004 2235 1053 εῐ
2259 1020 2310 1054 τι
2341 1001 2551 1055 τούτων
2584 1000 2712 1054 ἄλλο
2740 998 2944 1062 δόξειεν
2966 997 3032 1049 ἂν
3061 996 3307 1055 εἰπόντος
3343 991 3437 1045 τοῦ
3464 990 3675 1060 βέλτιόν
3698 1006 3761 1042 τε

2185 1093 2303 1161 ἅμα
2335 1092 2431 1145 καὶ
2474 1092 2883 1160 εὐπετέστερον,
2917 1089 3092 1140 ἐκεῖνο
3121 1084 3412 1155 γιγνέσθω.
3465 1083 3686 1143 Πάντως
3712 1080 3761 1132 δ’

2184 1184 2242 1235 ού
2277 1183 2580 1250 περιοπτὲα
2620 1181 2728 1233 τῶν
2774 1181 3059 1248 παρόντων
3101 1177 3351 1245 οὐδαμῶς
3395 1174 3518 1227 οὐδὲ
3556 1171 3759 1241 ἀμελη-

2185 1274 2307 1337 τέα,
2339 1272 2461 1324 οὐδὲ
2489 1272 2654 1324 ὲατέα
2682 1273 2882 1323 οὑτωσὶ
2911 1269 3055 1336 ἔχειν
3090 1268 3162 1329 ὡς
3191 1267 3324 1335 ἔχει,
3356 1262 3607 1331 πονηρῶς
3649 1262 3761 1329 γὰρ

2184 1364 2296 1434 εχει
2324 1368 2417 1417 καὶ
2440 1363 2742 1433 σφαλερῶς.
2783 1361 2928 1415 Ἀλλ’
2954 1360 3062 1427 ἐγώ
3085 1377 3227 1427 φημι
3252 1356 3376 1410 οὔτε
3402 1356 3597 1425 βελτίω
3624 1354 3761 1407 ἄλλα

2187 1455 2306 1507 οὐδὲ
2333 1454 2753 1521 λυσιτελέστερα
2782 1453 2962 1521 εὑρεῖν
2993 1451 3057 1502 ἂν
3084 1468 3203 1503 τινα
3244 1447 3450 1501 τούτων
3490 1440 3565 1501 ὥν
3593 1444 3760 1511 διεξε-

2187 1543 2374 1611 λήλυθ’
2406 1546 2535 1608 ἐγὼ,
2581 1543 2819 1611 δυσχερῆ
2852 1542 2901 1594 0’
2943 1543 3147 1609 ἥκιστα
3176 1538 3327 1593 ταῦτ’
3355 1534 3495 1591 εἶναι
3526 1539 3621 1590 καὶ
3663 1554 3761 1603 χα-

2189 1633 2331 1687 λεπὰ
2392 1637 2473 1697 είς
2525 1634 2684 1703 ἔργον
2734 1636 3107 1703 προαγαγεῖνο
3156 1631 3462 1686 τῶνα-,τίον
3518 1631 3614 1699 μὲν
3668 1626 3763 1681 οὖν

2190 1728 2424 1796 χαλεπδιν
2457 1727 2524 1778 ἂν
2551 1723 2687 1778 εἶναι
2722 1728 2901 1794 μεῖναι
2932 1725 3027 1778 ἐπὶ
3058 1724 3157 1777 τοῦ
3188 1725 3455 1794 παρόντος
3484 1728 3761 1797 σχήματος

519 1826 594 1872 let
634 1786 892 1871 accedere
930 1816 1220 1869 calculum.
1242 1814 1425 1881 Neque
1456 1786 1749 1867 diliiculter-
1770 1786 1979 1881 facies;
2008 1822 2084 1878 ut,

2189 1786 2279 1871 gn‘:
2315 1817 2476 1869 πλέον
2506 1818 2606 1885 ἤδη
2650 1786 2734 1869 τὰ.
2771 1818 3073 1885 πράγματα
3111 1816 3240 1868 ἄνευ
3274 1786 3551 1883 ’μεγάλων
3574 1786 3759 1866 ’κινδύ-

514 1923 639 1961 cum
694 1909 811 1975 ipse
879 1906 1038 1959 rebus
1098 1906 1282 1972 pra-sis
1309 1903 1585 1966 omnibus,
1620 1918 1741 1971 quae
1764 1904 1966 1972 optima
2013 1905 2088 1958 si-

516 1998 627 2051 mul
679 2012 742 2050 ac
773 1996 1074 2066 justissima
1106 1994 1412 2052 videantur.
1468 2008 1532 2046 ac
1578 2002 1692 2046 tum
1723 1993 1934 2062 publice
1973 2002 2085 2051 turn

514 2088 767 2156 privatim
801 2085 1054 2139 omnibus
1080 2084 1387 2146 utilissima,
1412 2082 1734 2138 constituas.

584 2460 676 2514 25.
703 2459 855 2525 Quod
906 2460 951 2514 si
981 2458 1112 2513 illud
1143 2459 1372 2529 insuper
1416 2462 1701 2528 statueris,
1735 2470 1795 2517 ut
1834 2463 1951 2518 hac
1984 2478 2088 2533 ego

513 2553 617 2608 sim
646 2553 737 2619 qui
766 2566 831 2605 co
855 2568 1082 2621 t‘ponam
1102 2569 1115 2617 ;
1138 2554 1383 2619 equidem
1412 2553 1511 2606 hoc
1539 2564 1794 2622 suscepto
1827 2571 2083 2617 munere.

515 2644 732 2697 tametsi
765 2658 921 2695 nemo
978 2644 1175 2695 audeat
1224 2644 1381 2705 alius,
1410 2659 1534 2697 eum
1580 2646 1631 2697 in
1665 2654 1890 2710 statum,
1925 2662 2083 2715 quem

514 2738 617 2789 ltoc
674 2748 927 2787 sermone
974 2734 1273 2800 descripsi.
1316 2749 1405 2788 res
1457 2735 1946 2803 Peloponnesiacas
1999 2754 2085 2791 me

511 2825 853 2878 redacturum
914 2825 1236 2889 receperim.
1266 2823 1401 2877 Illud
1435 2825 1597 2878 modo
1647 2828 1952 2881 cavendum
1986 2832 2083 2895 sit,

510 2918 825 2984 imperator,
860 2928 927 2967 ne
962 2915 1063 2966 hoc
1113 2915 1393 2981 negotium
1461 2915 1546 2979 iis,
1588 2918 1676 2982 qui
1712 2920 2082 2986 nonjustissi-

510 3008 612 3061 mis
642 3006 707 3059 de
724 3005 906 3059 causis
936 3017 1149 3071 semper
1170 3004 1324 3057 vobis
1352 3006 1682 3072 supplicant,
1712 3010 2073 3064 concedatur.

2189 1926 2294 1961 νων
2327 1924 2385 1959 τε
2421 1908 2513 1960 καὶ
2550 1906 2772 1976 βλάϐης.
2818 1906 2926 1973 Τὴν
2953 1906 3057 1975 γὰρ
3109 1905 3207 1974 σὴν
3234 1907 3315 1958 δεῖ
3368 1905 3550 1971 μόνον,
3582 1898 3625 1956 ὦ
3666 1904 3762 1972 βα-

2189 1997 2365 2063 σιλεύ,
2400 1998 2599 2068 κυρίαν
2637 1998 2869 2067 μάλιστα
2902 1998 3082 2068 ψῆφον
3117 1996 3310 2050 ἑλοεῖν.
3340 1996 3509 2049 Τοῦτο
3536 1997 3578 2048 δ’
3610 1996 3761 2049 οὐδὲν

2189 2092 2371 2161 ἔργον,
2401 2092 2591 2161 κύριον
2635 2090 2797 2143 αὐτὸν
2832 2092 2959 2159 ἡμῖν
3007 2089 3139 2142 ὄντα
3171 2090 3279 2142 τῶν
3319 2089 3457 2142 ὅλων
3497 2090 3760 2159 πραγμά-

2191 2199 2321 2243 των,
2346 2183 2414 2235 τὰ
2446 2182 2715 2252 κράτιστά
2742 2198 2799 2233 τε
2840 2181 2955 2249 ἆμα
2987 2180 3083 2233 καὶ
3118 2179 3435 2234 δικαιότατα
3477 2179 3760 2244 δοκοῦντα,

2191 2278 2283 2327 καὶ
2321 2275 2579 2342 πᾶσακαὶ
2618 2277 2769 2342 κοινῇ
2800 2274 2891 2325 καὶ
2928 2273 3034 2342 ίδία
3078 2272 3497 2325 λυσιτελέστατα
3516 2272 3761 2339 ψηφίσα-

2191 2373 2334 2423 συαι.

2260 2468 2360 2516 κε’.
2397 2460 2625 2512 Ἔπειτα
2656 2460 2720 2529 ῆν
2744 2461 2836 2512 καὶ
2869 2458 2965 2513 τοῦ
3006 2459 3172 2512 τόπου
3213 2458 3545 2527 προστάτης,
3576 2457 3636 2510 τὸ
3665 2464 3760 2512 καὶ

2188 2553 2289 2622 ἐμὲ
2317 2554 2382 2623 δὴ
2410 2554 2501 2606 τὸν
2526 2554 2695 2605 ταῦτα
2730 2549 3061 2616 συντάξοντα
3106 2550 3266 2615 εῖναι,
3299 2552 3540 2614 ὑποστὰς
3567 2552 3632 2605 ἂν
3662 2553 3760 2605 αύ-

2186 2644 2276 2706 τὺς
2306 2644 2404 2713 τὴν
2429 2644 2772 2712 λειτουργίαν
2796 2644 3003 2713 ταύτην
3028 2643 3161 2711 (50),
3193 2644 3294 2696 κᾶν
3320 2645 3366 2695 εί
3393 2644 3581 2713 μηδεὶς
3602 2644 3759 2707 ἄλλος
3854 2710 3857 2711 ν

2187 2733 2442 2803 Θαρροίη,
2470 2736 2835 2805 ὑπισχνοίμην
2865 2733 2930 2787 ἂν
2958 2734 3241 2798 συντάξειν
3274 2735 3367 2787 καὶ
3391 2736 3758 2803 καταστήσειν

2188 2824 2335 2891 ἔργῳ
2369 2824 2859 2895 Πελοποννήσῳτά
2907 2827 3207 2893 πράγματα
3241 2825 3298 2889 ἐς
3334 2825 3451 2878 τόδε
3484 2826 3545 2879 τὸ
3571 2826 3758 2896 σχῆμα

2185 2913 2213 2965 δ
2247 2914 2340 2967 νῦν
2374 2915 2437 2984 δὴ
2471 2914 2613 2984 λόγῳ
2641 2915 3011 2986 διεξελήλυθα.
3050 2915 3259 2968 Ἐκεῖνο
3309 2917 3491 2986 μόνον,
3523 2911 3569 2970 ὧ
3604 2920 3758 2988 βασι-

2185 3004 2303 3068 λεῦ,
2335 3005 2479 3065 ὅπως
2510 3007 2570 3057 το
2613 3005 2933 3074 χαρίζεσθαί
2972 3023 3048 3076 πη
3081 3008 3238 3061 τοῦτο
3264 3010 3375 3071 τοῖς
3407 3012 3481 3079 μὴ
3532 3015 3668 3078 πρ³ις
3698 3016 3761 3065 τὸ

509 3097 719 3151 Etenim
749 3095 793 3149 si
822 3109 917 3148 vos
957 3093 1162 3161 absque
1192 3094 1297 3147 ulla
1336 3097 1659 3151 mutatione
1690 3101 1771 3151 vel
1835 3102 1885 3152 in
1931 3102 2081 3170 pejus

2187 3095 2463 3163 βέλτιστον
2491 3096 2644 3165 ὑμῶν
2666 3097 2756 3148 ἀεὶ
2786 3097 3059 3165 δεομένοις
3080 3101 3314 3167 πάμπαν
3344 3103 3533 3173 ἀπείη.
3571 3104 3759 3173 Ὕμῶν

510 3187 861 3240 inclinatione
895 3199 1110 3253 semper
1142 3185 1427 3253 imperium
1478 3189 1933 3255 gubernaveritis,
1964 3208 2069 3246 non

508 3278 793 3331 tlilliculter
838 3276 954 3330 lure
1009 3274 1188 3328 omnia
1249 3291 1371 3344 qua:
1415 3277 1524 3346 jam
1583 3281 1760 3335 verbis
1814 3298 2071 3351 expressa

513 3381 663 3433 sunt,
716 3367 1148 3436 reperlicientur.
1204 3368 1379 3436 Atque
1410 3384 1511 3437 ego
1541 3371 1758 3439 quidem
1795 3390 1916 3443 qua:
1958 3362 2075 3431 fore

516 3459 667 3513 utilia
699 3472 899 3513 censeo
950 3459 1261 3527 quibusque
1315 3460 1383 3514 de
1411 3464 1614 3527 causis,
1645 3465 1776 3527 dixi,
1809 3476 1861 3519 et
1891 3476 1950 3520 ιιι
1979 3483 2072 3520 ea-

510 3549 636 3601 dem
664 3550 825 3601 ctiam
855 3548 1321 3615 praestantissimis
1373 3550 1495 3605 filiis
1520 3553 1627 3606 tuis
1678 3554 1777 3608 hac
1808 3556 2074 3611 orationis

512 3643 684 3693 forma
710 3639 958 3707 οχνοευί,
986 3640 1058 3692 ita
1097 3651 1245 3694 tuum
1278 3643 1549 3711 praecipue
1584 3646 1867 3707 requirunt
1892 3648 2072 3701 calcu-

511 3732 644 3793 lum,
683 3746 845 3799 quem
882 3741 1144 3799 tauquam
1178 3732 1245 3784 ab
1279 3732 1459 3799 aliquo
1508 3734 1698 3787 sortita
1742 3739 1964 3790 nurnine
1993 3738 2066 3790 si-

512 3823 621 3875 mul
654 3831 708 3873 et
738 3822 964 3875 honesta
996 3822 1305 3885 vidcantur,
1360 3831 1412 3875 ct
1437 3824 1501 3875 ad
1530 3826 1737 3877 exitum
1771 3827 2074 3893 perducan-

514 3923 631 3977 tur;
668 3912 798 3966 faxit
832 3920 1013 3966 autem
1046 3912 1209 3974 Deus,
1246 3920 1303 3964 ut
1335 3927 1457 3965 eum
1491 3914 1580 3982 qui
1610 3923 1663 3967 et
1697 3917 1868 3983 prosit
1899 3927 1951 3971 et
1976 3934 2074 3971 un-

508 4006 809 4074 decumque
838 4011 985 4058 recte
1021 4016 1079 4057 se
1109 4002 1329 4067 habeat,
1356 4003 1623 4057 calculum
1656 4006 1819 4061 feras.

579 4351 689 4421 (50)
717 4351 836 4419 Τὴν
863 4355 1008 4407 λειτ.
1043 4354 1284 4433 ταύτην.
1334 4355 1451 4413 Non
1503 4359 1721 4433 divinus
1752 4359 1904 4417 Plato
1957 4364 2074 4433 ipse

507 4436 672 4497 regno
723 4440 840 4475 eam
896 4439 1058 4497 quam
1108 4425 1161 4478 in
1216 4436 1395 4481 tuente
1449 4430 1703 4497 gerebat.
1753 4425 2072 4486 felicitatem

506 4492 756 4570 conferre
777 4493 1021 4570 consiliis
1063 4509 1126 4548 ac
1167 4496 1383 4570 sc_ript_is
1434 4492 1645 4565 voluit;
1680 4502 1728 4555 id
1763 4504 1904 4570 quod
1952 4502 2073 4557 l’le-

508 4561 684 4614 tlmnis
744 4564 985 4617 animum
1042 4578 1149 4619 non
1209 4561 1368 4635 fregit
1421 4561 1802 4639 regenerandzé
1848 4571 2076 4629 Graecia:

2186 3186 2291 3255 γὰρ
2330 3186 2615 3256 ἀτρέπτως
2657 3204 2715 3240 τε
2747 3188 2843 3241 καὶ
2885 3189 3245 3243 ἀκλινέστατα
3290 3193 3428 3261 πρὸς
3468 3196 3528 3246 τὸ
3575 3198 3759 3266 χεῖρον

2186 3277 2629 3331 ἐπιστατούντων
2660 3279 2749 3332 διὰ
2782 3281 2970 3343 τέλους
2994 3284 3105 3344 τοῖς
3154 3283 3468 3352 πράγμασι,
3506 3288 3658 3356 ῥᾷστ’
3687 3288 3757 3340 ἂν

2184 3374 2277 3424 καὶ
2322 3375 2381 3425 οὐ
2426 3371 2680 3442 χαλεπῶς
2710 3373 2873 3425 αὑτὸν
2921 3372 3136 3427 ἅπαντα
3180 3374 3337 3427 ταῦθ’
3368 3375 3402 3429 ἃ
3437 3379 3531 3431 νῦν
3562 3380 3625 3444 δή
3664 3398 3758 3446 μοι

2181 3464 2257 3532 τῷ
2277 3464 2419 3532 λόγῳ
2450 3462 2867 3529 διατετύπωται,
2900 3464 3201 3529 συντάξειν.
3244 3466 3400 3533 Ἐμοὶ
3421 3468 3519 3535 μὲν
3544 3468 3608 3538 δὴ
3631 3470 3665 3523 ὅ.
3692 3488 3754 3523 τι

2183 3554 2483 3621 συμφέρειν
2507 3553 2770 3620 ἠγοῦμαι,
2801 3554 2892 3603 καὶ
2912 3551 2981 3605 δι’
3003 3552 3060 3616 ἃ,
3088 3552 3323 3623 εῐρηται.
3359 3554 3756 3613 Ἐπιδέδεικται

2179 3660 2240 3696 τε
2272 3644 2442 3696 ταῦτα
2468 3645 2567 3713 ήδη
2601 3645 2698 3712 μὲν
2730 3647 2823 3697 καὶ
2866 3647 2980 3706 τοῖς
3010 3646 3305 3708 θειοτάτοις
3356 3651 3470 3711 σοῖς
3497 3653 3664 3703 υἱέσιν
3696 3658 3755 3703 ἐν

2179 3737 2314 3802 τῇδε
2346 3736 2440 3788 τοῦ
2468 3737 2628 3802 λόγου
2679 3737 2754 3804 τῷ
2784 3740 3021 3806 σχήματι
3053 3738 3168 3807 (3i)
3197 3755 3211 3771 ο
3243 3739 3376 3792 ἀλλὰ
3403 3740 3497 3793 νῦν
3524 3742 3619 3806 τῆς
3652 3743 3757 3807 σῆς

2184 3829 2419 3895 μάλιστα
2466 3828 2647 3897 ψήφου
2680 3828 2890 3891 τούτοις
2917 3829 3017 3893 δεῖ,
3062 3824 3127 3899 ἦς
3176 3831 3242 3882 ἂν
3272 3831 3505 3901 τυχόντα
3556 3834 3631 3896 ὡς
3683 3834 3755 3888 ἂν

2183 3918 2288 3970 ὑπό
2327 3935 2422 3970 του
2450 3920 2558 3971 τῶν
2611 3918 2941 3989 κρειττόνων
2990 3921 3337 3989 ἐψηφισμένα
3385 3923 3523 3976 καλά
3566 3941 3627 3976 τε
3680 3926 3750 3978 ἂν

2183 4008 2301 4076 ἅμα
2340 4009 2625 4075 φανεῖσθαι
2680 4011 2775 4063 καὶ
2820 4011 2900 4073 είς
2946 4009 3107 4079 ἔργον
3160 4010 3472 4078 ἀφίξεσθαι.
3519 4014 3651 4075 Θεὸς
3696 4016 3755 4066 δὲ

2181 4100 2298 4167 δοίη
2329 4101 2429 4170 τὴν
2477 4100 2829 4153 συνοίσουσαν
2859 4104 2955 4155 καὶ
2992 4103 3104 4165 τοῖς
3134 4104 3270 4157 πᾶσι
3301 4104 3481 4168 καλῶς
3512 4106 3745 4172 ἒξουσαν

2181 4190 2362 4259 ψῆφον
2388 4191 2714 4258 ἐξενεγκεῖν.

2179 4383 2456 4424 summam
2491 4386 2710 4439 operam
2746 4376 2946 4435 dantis.

2252 4440 2361 4514 (βυ
2396 4439 2479 4514 Τῷ
2512 4443 2798 4514 (ζχήματι.
2835 4447 2906 4498 Ex
2953 4448 3053 4498 hoc
3079 4445 3200 4497 loco
3252 4453 3397 4514 patet
3442 4444 3658 4499 oration
3681 4464 3749 4496 \m

2182 4509 2330 4582 πρὸς
2360 4510 2479 4582 τὸν,
2514 4510 2826 4582 δεσπότην
2856 4524 2979 4568 ante
3023 4517 3161 4569 hanc
3217 4509 3458 4569 nostram
3508 4518 3655 4582 πίιὸς
3681 4518 3748 4578 β.

2185 4575 2431 4646 Ἐμμαν.
2465 4578 2705 4633 habitam
2739 4575 2882 4639 esse.
