4186 6290
500 430 652 511 _8t5

1360 418 1459 477 DE
1499 398 1755 478 nanus
1787 370 2495 478 PELoPONNESIACiS
2532 398 2823 479 ‘oitario
2867 416 2954 479 It.

3703 422 3807 483 R-ili

549 544 774 598 σκοπείν
803 539 992 612 ἁπάσῃ
1020 524 1087 610 τῇ
1125 538 1329 609 σπουδῇ
1368 539 1461 590 καὶ
1514 538 1890 606 βουλεύεσθαι,
1927 538 2048 589 ὅθεν
2076 555 2135 587 τε

2240 539 2420 605 gentia
2455 525 2846 607 considerare,
2888 540 3084 610 quibus
3114 540 3291 596 modis
3345 541 3410 595 ad
3464 544 3807 599 securitatem

548 635 643 687 καὶ
695 634 846 693 ὅπως
901 632 958 693 ὲς
988 629 1289 699 ἀσφάλειάν
1325 646 1448 682 τινα
1503 631 1640 697 ἡμῖν
1695 629 2003 696 κατασταίη
2064 629 2133 678 τὰ

547 726 873 796 πράγματα,
930 724 1021 775 καὶ
1065 724 1127 774 ὲκ
1181 721 1288 773 τῶν
1335 718 1577 772 δυνατῶν
1628 718 2021 787 εὐτυχέστερόν
2073 734 2131 768 τε

548 816 857 887 πράξαιμεν
894 814 987 866 καὶ
1016 814 1263 878 ἄμεινον.
1302 812 1462 863 Ἐστι
1508 808 1559 897 δ’.
1583 810 1681 863 οὐκ
1712 808 1872 871 ἄλλος
1896 826 1980 871 τις
2006 811 2132 879 τρό-

546 928 645 972 πος
677 908 769 961 τοῦ
806 913 867 960 ἐκ
912 906 1171 975 χειρόνων
1204 904 1430 972 ἄμεινον
1461 904 1670 974 πρᾶξαι
1702 903 1856 956 πόλιν
1895 902 1928 973 ἢ
1979 902 2131 958 ἔθνος

534 1002 780 1072 βεϐαίως
811 984 943 1068 γοῦν
972 1000 1066 1052 καὶ
1096 984 1352 1065 ἀσφαλῶς
1389 998 1488 1049 ὅσα
1520 1012 1583 1065 γε
1633 996 1702 1049 τὰ
1747 984 2065 1063 ἀνθρώπινα
2097 995 2128 1065 ἦ

542 1094 644 1161 τὴν
675 1090 951 1142 πολιτείαν
977 1084 1557 1155 ὲπανορθωσαμένους.
1586 1082 1664 1139 Οὐ
1688 1085 1797 1151 γὰρ
1821 1083 1959 1149 ἄλλη
1983 1084 2131 1137 αίτία

543 1183 641 1236 τοῦ
674 1181 857 1242 πόλεις
890 1176 948 1233 εὖ
985 1179 1018 1248 ἢ
1057 1177 1243 1240 κακῶς
1292 1177 1555 1246 πράττειν
1591 1176 1626 1248 ἢ
1677 1176 1924 1227 πολιτεία
1963 1182 2129 1227 σπον-

545 1275 669 1328 δαία
696 1274 730 1344 ἦ
766 1273 944 1341 φαύλη
992 1269 1424 1340 ὲγκαθεστηκυῖα
1447 1256 1584 1334 (57).
1633 1267 1787 1338 Τύχῃ
1814 1340 1817 1341 ν
1846 1266 1892 1317 δ’
1926 1266 1994 1336 ἦν
2046 1283 2126 1329 τις

546 1370 642 1421 καὶ
669 1367 811 1420 κατὰ
844 1359 1072 1434 γνώμην
1101 1362 1331 1432 πράξειε
1371 1361 1547 1423 πόλις,
1583 1359 1697 1411 ἀλλ’
1730 1358 2010 1422 ἁσέεαιον,
2036 1361 2131 1411 καὶ

545 1459 681 1527 ταχῦ
717 1458 865 1527 φιλεί
912 1474 1016 1508 που
1056 1455 1125 1508 τά
1161 1471 1225 1523 γε
1256 1452 1483 1505 τοιαῦτα
1530 1442 1967 1523 περιτρέπεσθαι
1996 1463 2009 1476 ·
2059 1448 2129 1499 τά

543 1550 598 1603 δὲ
629 1549 803 1601 πολλὰ
833 1548 902 1601 δι’
946 1546 1147 1617 ἀρετὴν
1187 1545 1471 1606 πολιτείας
1520 1543 1615 1594 καὶ
1650 1540 1919 1603 σώζονταί
1951 1557 2009 1592 τε
2038 1545 2130 1591 καὶ

544 1642 795 1711 αἴρονται
824 1643 880 1693 αί
918 1641 1136 1703 πόλεις·
1170 1641 1266 1691 καὶ
1300 1636 1615 1691 τούναντίον
1646 1632 1896 1702 φθίνουσι
1931 1648 1992 1684 τε
2034 1634 2129 1685 καὶ

543 1734 847 1786 διόλλυνται
896 1734 996 1802 τῆς
1057 1731 1335 1793 πολιτείας
1393 1728 1546 1797 σφίσι
1588 1728 1859 1799 πρότερον
1907 1727 2126 1796 διεφθο-

547 1842 610 1895 ρυ
621 1842 725 1887 ιας.

2237 630 2477 697 aliquam
2519 645 2608 683 res
2646 633 2851 685 nostrae
2910 635 3246 687 reducantur
3285 643 3339 688 et
3382 634 3661 688 meliorem
3715 652 3813 704 pm

2237 719 2496 774 facultate
2568 720 2754 775 nostra
2818 730 3021 776 statum
3070 726 3231 778 nobis
3283 740 3689 793 comparemus.
3742 726 3811 781 Ut

2234 818 2415 863 autem
2472 810 2753 890 meli‘ogem
2811 812 2915 865 sibi
2973 822 3173 867 statum
3209 815 3291 867 vel
3338 816 3533 870 civitas
3564 818 3646 870 vel
3675 833 3812 887 gens

2233 901 2412 968 aliqua
2470 900 2717 965 ﬁrmiter,
2780 910 3047 970 quantum
3115 906 3335 975 quidem
3403 923 3489 962 res
3562 909 3813 963 humanm

2235 992 2440 1054 lerunt,
2473 1002 2820 1061 comparent,
2852 1009 2962 1048 non
2997 996 3102 1049 alia
3143 1011 3228 1050 res
3263 996 3448 1061 ellicit,
3499 1016 3662 1068 quam
3704 1005 3811 1054 rei-

2235 1083 2464 1150 publicae
2495 1086 2830 1140 emendatio.
2862 1084 3018 1139 Nulla
3048 1086 3316 1154 siquidem
3356 1090 3461 1142 alia
3496 1090 3811 1146 civitatibus

2229 1186 2313 1228 est
2345 1175 2426 1227 vel
2452 1175 2727 1231 fclicitatis
2756 1178 2838 1231 vel
2882 1178 3220 1234 infelicitatis
3278 1195 3466 1245 causa,
3491 1197 3655 1250 quam
3700 1199 3814 1240 res-

2234 1266 2451 1334 publica
2472 1277 2621 1322 recte
2643 1269 2727 1322 Vel
2761 1284 2922 1324 secus
2944 1272 3263 1325 constituta.
3287 1270 3440 1338 Quod
3467 1276 3510 1327 si
3530 1290 3639 1342 quo
3668 1290 3803 1330 casu

2234 1370 2377 1413 recte
2402 1374 2461 1413 se
2481 1362 2672 1415 civitas
2696 1363 2911 1426 habeat,
2944 1363 2997 1416 id
3020 1362 3235 1417 ﬁrmum
3262 1380 3369 1417 non
3394 1375 3499 1428 est,
3523 1379 3587 1420 ac
3618 1366 3721 1420 levi
3743 1368 3813 1422 de

2229 1467 2397 1508 causa
2436 1463 2615 1522 potest
2644 1456 2920 1509 immutari
2948 1472 2963 1522 ;
2993 1457 3314 1525 plerumque
3343 1467 3523 1511 autem
3550 1458 3631 1512 vel
3668 1457 3811 1512 bona

2237 1543 2513 1611 republica
2566 1555 2973 1599 conservantur
3030 1556 3083 1600 et
3115 1558 3368 1601 crescunt
3412 1549 3695 1613 civitates,
3726 1551 3810 1602 vet

2230 1647 2420 1688 contra
2458 1645 2715 1705 corrupta
2743 1648 2797 1692 et
2824 1638 2952 1705 ipsae
2981 1638 3336 1695 conabuntur
3358 1654 3419 1694 ac
3460 1650 3713 1709 pereunt.
3808 1632 3824 1652 ”

614 1913 681 1971 ε’.
730 1917 899 1986 Κοινῇ
948 1932 1005 1968 τε
1039 1913 1147 1983 γὰρ
1195 1914 1244 1966 oi
1296 1900 1559 1983 Ἕλληνες
1606 1900 1666 1967 οὗ
1698 1912 1968 1983 πρότερον
2017 1912 2117 1983 τὴν

2294 1908 2346 1962 5.
2381 1905 2517 1963 Nam
2568 1909 3003 1982 etcommuniter
3049 1908 3224 1963 Graeci
3254 1924 3361 1963 non
3390 1917 3515 1963 ante
3543 1909 3805 1967 latissime

543 2008 687 2062 κατὰ
717 2008 817 2076 τὴν
846 2008 1177 2077 οἰκουμένην
1204 2005 1361 2071 δόξαν
1391 2008 1569 2076 ἔσχον,
1603 2008 1737 2076 πρὶν
1767 2008 1911 2073 σφᾶς
1948 2005 2121 2077 Ἦρα·

543 2100 677 2169 κλῆς
710 2102 737 2152 ό
779 2098 1213 2169 Ἀμφιτρύωνος,
1253 2099 1470 2161 ἀδικίας
1507 2098 1759 2167 καθάρας
1792 2098 1931 2166 (58),
1970 2099 2124 2152 εὐνο-

546 2191 677 2258 μίαν
700 2208 759 2242 τε
796 2190 894 2247 καὶ
933 2190 1096 2259 ζῆλον
1138 2190 1343 2260 ἀρετῆς
1381 2190 1769 2258 ἁντεισὴγαγε.
1803 2190 1884 2241 Τὰ
1911 2189 1968 2242 δὲ
2017 2189 2126 2257 πρὸ

560 2281 898 2352 Ἡρακλέους
943 2281 1004 2333 οὐ
1038 2281 1177 2334 πάνυ
1227 2274 1435 2346 ἔνδοξον
1469 2282 1527 2333 τ’»
1560 2282 1669 2333 τῶν
1714 2279 1984 2350 Ἑλλήνων
2034 2281 2126 2345 γέέ

542 2392 651 2440 νας,
688 2368 748 2428 οὗ
784 2375 979 2427 Δαναοί
1024 2393 1085 2427 τε
1116 2368 1211 2427 καὶ
1261 2374 1503 2440 Κάδμοι,
1535 2374 1600 2425 ὲκ
1638 2373 1932 2444 βαρϐάρων
1958 2373 2125 2443 ἥκον-

540 2485 631 2530 τες
663 2462 926 2538 ἐπήλυδες
978 2458 1173 2536 ἄνδρες
1220 2466 1529 2534 ἐκράτουνο
1564 2466 1703 2533 μετὰ
1750 2461 1808 2516 δὲ
1852 2465 2125 2533 Ἡρακλέα

542 2559 596 2611 αἱ
626 2559 815 2611 πολλαὶ
844 2558 937 2610 καὶ
972 2559 1206 2626 μεγάλαι
1246 2550 1517 2627 Ἑλλήνων
1541 2556 1692 2609 νῖκαι
1728 2556 1786 2609 ἐν
1814 2574 1871 2609 τε
1901 2559 1966 2626 τῇ
2005 2554 2125 2609 Ἐλ-

541 2651 660 2704 λάδι
694 2651 791 2702 καὶ
843 2642 1130 2720 βαρϐάρῳ,
1178 2650 1599 2717 Λακεδαιμόνιοί
1637 2665 1697 2701 τε
1748 2652 1810 2702 οὐ
1859 2652 2125 2721 πρότερον

540 2743 647 2795 τῶν
684 2742 957 2811 Ἐλλήνων
997 2741 1268 2811 ἡγεμόνες
1313 2742 1745 2811 ἀπεδείχθησαν,
1794 2742 1929 2805 πρὶν
1968 2743 2126 2812 σφίσι

541 2833 856 2900 Λυκοῦργος
886 2834 985 2903 τὴν
1016 2834 1420 2903 ἐπαινουμένην
1461 2833 1681 2904 ἐκείνην
1725 2833 2005 2887 πολιτείαν
2040 2850 2125 2885 νε-

540 2923 898 2993 νομοθετήκει
925 2940 941 2957 ο
975 2924 1099 2977 οὐδὲ
1128 2926 1398 2994 πρότερον
1429 2926 1793 2996 πεπλήγεσάν
1817 2942 1877 2977 τε
1906 2925 2121 2994 καὶτῆς

540 3016 869 3085 ἡγεμονείας
936 3016 1389 3078 ὲκπεπτώκεσαν,
1444 3020 1575 3085 πρὶν
1620 3019 1720 3085 τῆς
1760 3015 2124 3083 καθεστώσης

540 3103 821 3165 πολιτείας
873 3103 1348 3173 παρημιλὴκεσαν
1371 3120 1384 3135 ο
1424 3107 1518 3157 καὶ
1559 3108 1660 3174 τῆς
1700 3106 1801 3174 μὲν
1846 3109 1991 3162 κατὰ
2022 3109 2120 3161 θάο

541 3202 739 3247 λατταν
772 3194 1058 3263 δυνάμεως
1104 3195 1558 3265 ἁντιπεποίηντο,
1588 3198 1690 3257 τὰς
1744 3200 1918 3262 πεζὰς
1966 3200 2122 3253 αὐτοὶ

543 3288 675 3351 τέως
708 3286 1142 3356 θεραπεύοντες’
1175 3288 1237 3339 τὸ
1274 3287 1319 3340 δ’
1347 3288 1573 3340 ίππικδν
1617 3289 1857 3341 κάκιστα
1892 3291 2014 3341 τότε
2042 3288 2121 3343 εἷο

540 3395 632 3447 χεν
663 3379 847 3441 αὐτοῖς
896 3378 1033 3447 (59),
1062 3377 1375 3447 τρεφόντων
1428 3376 1530 3445 μὲν
1578 3379 1704 3439 τοὺς
1753 3380 1955 3442 ἵππους
2011 3379 2121 3431 τῶν

539 3470 989 3534 πλουσιωτάτων,
1018 3469 1112 3523 ἐπὶ
1152 3470 1210 3522 δὲ
1244 3470 1342 3538 τῆς
1379 3469 1571 3537 χρείας
1605 3471 1713 3521 τῶν
1745 3471 2117 3537 συντεταγμέ-

539 3580 644 3615 νων
670 3560 1233 3631 παραλαμὸανόντων,
1274 3560 1393 3630 μεθ’
1425 3560 1607 3615 ὅπλων
1646 3563 1809 3615 ὁποῖα
1838 3560 1950 3631 ἄρα
1972 3561 2113 3614 δοῖεν

539 3656 756 3716 αὐτοῖς·
815 3656 911 3707 καὶ
950 3654 1060 3706 τῶν
1110 3653 1421 3723 συμμάχων
1472 3654 1530 3707 δὲ
1578 3654 1681 3706 οὐκ
1734 3653 1818 3707 ἔτι
1881 3655 2116 3724 μετρίως

534 3745 853 3815 ἐξηγοῦντο.
887 3746 1184 3815 Τοιγάρτοι
1237 3746 1340 3797 ὑπὸ
1369 3745 1630 3814 Θηϐαίων
1674 3745 1908 3817 ἥττηντο
1950 3746 2117 3800 Ἐπαί

542 3837 802 3907 μινώνδου
849 3838 1157 3908 ἡγουμένου
1206 3838 1411 3903 αὐτῶν,
1461 3838 1651 3907 ἀνδρὸς
1710 3840 1810 3906 τῆς
1865 3838 2117 3907 Πυθαγο-

545 3931 703 3997 ρείων
746 3931 998 3993 παιδείας
1026 3932 1127 3983 οὐκ
1176 3932 1234 3983 ὲν
1282 3931 1544 4000 παρέργῳ
1581 3930 1958 3998 διακηκοότος.
2008 3931 2119 3984 Καὶ

539 4023 802 4084 Φίλιππος
846 4023 904 4075 δὲ
956 4024 1062 4077 ὑπὸ
1133 4023 1516 4093 Ἐπαμινώνδᾳ
1559 4023 1738 4089 τούτῳ
1779 4023 2010 4092 τραφείς
2054 4038 2115 4073 τε

544 4112 634 4162 καὶ
689 4113 1020 4174 παιδευθεὶς,
1070 4114 1232 4165 ὁπότε
1278 4114 1431 4183 παρὰ
1480 4112 1743 4183 Θηὸαίοις
1793 4114 2111 4183 ὡμήρευεν,

543 4202 765 4269 ἡγεμὼν
788 4204 895 4254 τῶν
937 4204 1211 4273 Ἑλλήνων
1235 4206 1555 4275 ἀπεδείχθη.
1590 4207 1697 4258 Καὶ
1738 4204 2111 4275 Ἀλέξανδρος,

2231 2010 2503 2070 patentem
2534 2002 2892 2055 obtinuerunt
2914 2003 3142 2071 gloriam
3179 2018 3343 2072 quam
3380 2003 3642 2060 Hercules
3677 2009 3805 2061 Am-

2229 2092 2533 2162 phitryonis
2573 2092 2716 2147 ﬁlius
2771 2092 3034 2161 injustitia
3096 2096 3336 2161 sublata,
3379 2096 3575 2149 bonam
3618 2100 3805 2168 reipu-

2231 2185 2384 2238 ωερε
2407 2184 2852 2238 constitutionem
2881 2186 3209 2254 virtutisque
3236 2186 3474 2241 studium
3508 2188 3641 2258 ipsis
3668 2205 3802 2245 con-

2226 2278 2432 2333 ciliavit
2461 2279 2753 2346 (siquidem
2789 2288 2915 2333 ante
2937 2276 3222 2334 Herculem
3253 2280 3472 2348 quidem
3507 2298 3616 2337 non
3645 2286 3804 2339 valde

2230 2368 2330 2421 fuit
2355 2368 2569 2423 celebre
2586 2368 2901 2423 Graecorum
2928 2384 3100 2438 genus
3131 2371 3219 2425 cui
3248 2370 3417 2426 Danai
3438 2372 3804 2440 etCadmi,ex

2231 2460 2480 2514 barbaria
2508 2460 2732 2515 advena:
2755 2462 3118 2528 imperarent;
3154 2472 3276 2531 post
3307 2461 3589 2519 Herculem
3615 2476 3801 2521 autem

2230 2554 2426 2608 multas
2474 2554 2646 2610 (ἓνωοὶ
2716 2568 3051 2624 magnasque
3108 2565 3223 2608 tum
3260 2569 3290 2608 ιι
3331 2554 3555 2623 Graecis,
3612 2568 3725 2613 tum
3771 2578 3800 2614 a

2230 2648 2475 2701 barbaris
2527 2648 2836 2701 retulerunt
2872 2648 3153 2717 victorias)
3189 2659 3245 2704 et
3273 2649 3669 2708 Lacedaemonii
3694 2667 3801 2706 non

2227 2749 2352 2793 ante
2373 2739 2459 2793 vel
2504 2740 2815 2794 Graacorum
2872 2740 2999 2794 facti
3035 2749 3165 2795 sunt
3223 2742 3522 2810 principes,
3574 2759 3739 2812 quam
3771 2764 3802 2799 ει

2229 2827 2471 2899 Lycurgo
2502 2829 2818 2898 praeclaram
2842 2829 2990 2883 illam
3014 2830 3329 2895 reipublicae
3353 2831 3801 2886 constitutionem

2227 2919 2539 2987 acciperent
2573 2937 2589 2983 ;
2629 2920 2713 2974 vel
2744 2921 3051 2989 principatu
3094 2918 3235 2990 pulsi
3267 2922 3801 2992 expulerunt,quain

2225 3010 2481 3063 eamdem
2515 3010 2872 3080 negligerent,
2911 3026 2975 3064 ac
3024 3020 3139 3065 tum
3176 3011 3279 3065 sibi
3325 3011 3494 3068 maris
3519 3013 3802 3079 imperium

2229 3100 2592 3162 vindicarent,
2621 3101 2713 3169 qui
2755 3112 2955 3157 terram
3009 3111 3241 3158 eatenus
3293 3110 3628 3172 tenuerant;
3685 3114 3799 3160 tum

2226 3187 2470 3254 equitatu
2497 3187 2785 3242 minimum
2812 3190 3078 3255 valerent,
3114 3206 3278 3259 quem
3307 3200 3365 3244 ut
3399 3193 3610 3249 alebant
3643 3193 3805 3247 ditis-

2228 3277 2353 3330 simi
2403 3277 2630 3347 quique,
2685 3277 2762 3332 ita
2798 3278 2923 3335 belli
2982 3289 3226 3349 tempore
3282 3280 3406 3335 aliis
3449 3296 3572 3336 cum
3632 3288 3803 3338 armis

2227 3366 2701 3437 qualibuscunque
2727 3370 3032 3433 tradebant,
3071 3380 3183 3424 tum
3225 3371 3390 3426 sociis
3418 3388 3525 3426 non
3566 3372 3806 3428 elemen-

2231 3473 2313 3515 ter
2343 3460 2579 3538 amplius
2614 3460 2969 3530 imperarent.
3004 3460 3275 3528 Quocirca
3306 3474 3435 3519 sunt
3467 3479 3499 3519 a
3527 3463 3803 3519 Thebanis

2229 3551 2429 3608 devicti
2461 3553 2631 3607 ductu
2662 3552 3073 3621 Epaminondae,
3105 3554 3200 3623 qui
3239 3554 3550 3609 doctrinam
3597 3555 3801 3628 Pytha-

2228 3645 2466 3715 goricam
2500 3659 2608 3699 non
2629 3644 2869 3714 segniter
2896 3652 3231 3715 perceperat.
3271 3644 3553 3716 Philippus
3583 3663 3801 3718 quoque

2225 3739 2293 3791 ab
2329 3738 2433 3793 hoc
2490 3736 2885 3808 Epaminonda,
2930 3753 3052 3793 eum
3110 3739 3319 3795 Thebis
3360 3740 3523 3795 obses
3579 3741 3798 3813 degeret

2225 3831 2528 3896 institutus,
2583 3831 2895 3887 Graecorum
2953 3833 3202 3903 princeps
3272 3834 3489 3901 evasit;
3541 3849 3639 3889 nec
3688 3850 3800 3888 non

2225 3922 2348 3990 ejus
2405 3922 2553 3978 illius
2609 3923 2914 3978 Alexander
2977 3940 3102 3978 cum
3154 3925 3384 3995 Philippi
3430 3926 3621 3995 patris,
3686 3934 3800 3980 tum

2225 4014 2539 4069 Aristotelis
2565 4014 2786 4083 insuper
2818 4014 3169 4071 institutione
3198 4027 3251 4070 et
3280 4015 3593 4071 Graecorum
3625 4015 3800 4085 impe-

2224 4114 2389 4178 rium,
2420 4121 2475 4168 et
2500 4111 2642 4167 Asiae
2681 4125 2905 4183 regnum
2937 4113 3208 4181 superatis
3267 4110 3451 4168 Persis
3502 4112 3606 4167 sibi
3655 4125 3807 4165 com-

2226 4206 2459 4272 paravit.

539 4298 731 4350 τούτου
768 4299 902 4359 υίὸς,
940 4298 1044 4350 ὑπὸ
1093 4301 1170 4370 τῷ
1208 4301 1357 4370 αὐτῷ
1389 4318 1445 4354 τε
1477 4303 1651 4371 πατρὶ
1695 4303 1949 4371 Φιλίππῳ
1985 4300 2325 4365 παιδευθεὶς,
2353 4301 2451 4354 καὶ
2515 4300 2597 4354 ἔτι
2653 4302 3037 4371 Ἀριστοτέλει,
3110 4301 3382 4373 Ἑλλήνων
3442 4319 3501 4358 τε
3556 4303 3799 4374 ἡγεμὼν,

539 4397 632 4446 καὶ
660 4396 757 4461 τῆς
805 4394 983 4459 Ἀσίας
1016 4395 1266 4464 βασιλεὺς
1309 4397 1571 4467 κατέστη,
1616 4402 1829 4469 Πέρσας
1866 4398 2242 4468 παρελόμενος
2278 4398 2379 4466 τὴν
2412 4399 2612 4468 ἀρχήν.

610 4493 685 4548 ς’.
731 4487 993 4555 Ῥωμαῖοί
1038 4504 1097 4539 τε
1127 4487 1224 4553 ξὺν
1261 4488 1433 4558 ἀρετῇ
1464 4490 1747 4553 πολιτείας
1794 4493 1851 4552 ἐς
1890 4493 1991 4559 τὴν
2021 4505 2116 4559 με·

2293 4488 2347 4539 6.
2369 4485 2513 4551 Qnin
2536 4487 2700 4540 etiam
2731 4486 2959 4540 Romani
2989 4486 3055 4540 ad
3094 4487 3393 4543 maximum
3429 4490 3798 4561 principatum

538 4577 709 4644 γάλτιν
742 4578 1069 4646 ήγεμονείαν
1102 4578 1384 4649 παρῄεσαν
1405 4596 1417 4609 ο
1450 4581 1511 4631 οὑ
1542 4583 1803 4651 πρότερόν
1838 4598 1897 4634 τε
1932 4584 2117 4649 σφίσιν

538 4664 711 4716 ἐκλινέ
737 4684 796 4718 τε
820 4668 887 4719 τὰ
914 4670 1222 4736 πράγματα
1252 4671 1344 4721 καὶ
1367 4672 1553 4739 χεῖρον
1579 4673 1728 4739 ἔσχε,
1759 4680 1889 4739 πρὶν
1924 4674 1994 4724 τὰ
2021 4691 2115 4725 κα-

538 4755 779 4810 θεστῶτα
802 4760 1219 4829 ὲκεκινήπεσαν.
1242 4764 1588 4833 Σαῤῥακηνοὶ
1620 4766 1732 4834 (40)
1760 4756 1906 4817 οὗτοι
1927 4765 1990 4817 τὸ
2016 4767 2114 4833 μὲν

545 4846 708 4899 πάλαι
739 4850 799 4899 οὐ
855 4852 1068 4927 μεγάλη
1111 4869 1198 4915 τις
1246 4849 1391 4923 ἦσαν
1442 4857 1612 4924 μοῖρα
1667 4856 1938 4925 Ἀράϐων,
1982 4857 2113 4909 Ῥω-

539 4936 717 5005 μαίων
776 4956 835 4991 τε
892 4944 1033 5002 τέως
1083 4943 1360 5010 ὑπήκουον
1420 4950 1485 4998 τὰ
1541 4946 1754 4999 πολλάσ
1817 4947 1931 4999 ἀλλ’
1963 4948 2112 5015 ὅμως

536 5026 723 5096 ἐπειδὴ
766 5028 951 5096 σφίσιν
994 5033 1177 5095 αὐτοῖς
1212 5036 1409 5102 νόμους
1442 5037 1592 5101 τινὰς
1630 5037 1836 5102 ἔθεντο,
1888 5045 1980 5091 καὶ
2014 5055 2111 5090 που

607 5249 718 5319 (⁸57)
735 5250 1264 5319 Ἐτκαθεστηκυῖα.
1285 5251 1339 5307 1η
1365 5252 1502 5309 hanc
1517 5260 1763 5312 eamdem
1790 5257 2114 5311 sententiam

535 5319 685 5397 Plato
849 5319 1107 5397 “inibit.
1157 5324 1339 5397 dicit:
1399 5327 1563 5397 Πρὸς
1599 5330 1759 5380 τοῦτο
1804 5328 2115 5397 βλέποντες,

556 5392 654 5460 τὴν
681 5390 837 5443 πόλιν
859 5390 1160 5459 οίκίζομεν,
1200 5394 1347 5456 ὅπως
1389 5390 1714 5465 ὁτίμάλιστα
1763 5390 1859 5465 ὅλη
1887 5400 1919 5466 ἠ
1964 5401 2116 5459 πόλις

551 5460 709 5511 ἔσται
741 5460 1040 5511 εὐδαίμων.

584 5478 646 5512 στ
658 5478 709 5511 αι
741 5475 889 5512 ευοαι
902 5477 1040 5515 μων.

601 5478 709 5512 πται
741 5478 1040 5527 ευοαιμων.

601 5530 715 5600 (58)
783 5530 1043 5594 Ἀδικίας
1072 5531 1355 5599 καθάρας.
1392 5534 1621 5588 Plethon
1676 5534 1743 5589 ad
1792 5535 2103 5592 Graecorum

530 5602 695 5676 medii
720 5600 819 5652 arvi
865 5601 1044 5676 instar
1094 5606 1469 5670 theologorum
1533 5620 1597 5658 ac
1655 5606 2105 5676 philoSOphoruin

530 5671 739 5747 priscos
768 5671 982 5747 mythos
1030 5671 1103 5724 ita
1132 5676 1442 5741 expunitut
1467 5671 1750 5728 meliorum
1799 5671 2105 5747 temporum

527 5752 652 5807 spes
690 5740 819 5793 inde
846 5740 1087 5796 eluceat.

598 5809 709 5875 (59)
746 5809 813 5862 Td
866 5807 920 5860 δ’
959 5812 1277 5868 ἱππικὸν...
1339 5814 1478 5868 Τότε
1533 5808 1697 5884 εἶχεν
1754 5815 1977 5883 αὐτοῖς
2024 5815 2109 5869 Cf.

2226 4582 2535 4650 reipubliea:
2593 4583 2837 4637 bonitate
2900 4594 3281 4650 pervenerunt,
3346 4601 3445 4640 nec
3494 4587 3646 4654 prius
3712 4603 3798 4643 res

2225 4674 2444 4728 illorum
2474 4673 2581 4728 labi
2609 4684 2912 4742 coeperant,
2965 4691 3129 4742 quam
3161 4678 3550 4746 rempublicam
3601 4679 3800 4732 immu-

2222 4775 2452 4821 tassent.
2488 4766 2748 4821 Saraceni
2780 4769 3019 4837 denique
3077 4770 3164 4824 isti
3201 4770 3327 4824 olim
3379 4771 3601 4839 quidem
3632 4787 3797 4840 parva

2222 4859 2469 4925 «praedam
2506 4867 2664 4913 erant
2694 4860 2932 4914 Arabum
2953 4876 3101 4930 pars,
3129 4871 3181 4914 et
3214 4860 3477 4916 Romanis
3506 4861 3617 4917 l‘ere
3642 4878 3798 4930 pare-

2224 4953 2353 5003 bant
2409 4968 2422 5015 ;
2485 4960 2773 5019 postquam
2847 4967 2974 5005 vero
3033 4964 3239 5006 mutata
3295 4952 3571 5021 republica
3653 4954 3797 5021 leges

2226 5042 2495 5110 quasdam
2532 5042 2663 5096 ferri
2692 5043 2793 5096 sibi
2826 5046 2970 5112 passi
3007 5053 3153 5107 sunt,
3188 5060 3309 5113 qua:
3339 5054 3397 5099 ut
3428 5060 3532 5098 non
3559 5043 3623 5099 ad
3650 5044 3797 5098 aliud

2232 5257 2529 5326 XenOphon
2569 5257 2779 5317 Hellen.
2814 5258 2902 5328 Vl,
2927 5265 2981 5326 4,
3018 5262 3106 5328 l0,
3139 5264 3228 5317 ubi
3262 5265 3325 5318 de
3353 5262 3795 5323 Lacedaemonio-

2230 5344 2347 5381 rum
2379 5334 2621 5395 equitatu
2651 5345 2839 5395 parum
2869 5335 3292 5388 commendabili
3317 5338 3551 5390 disserit.

2300 5396 2410 5465 (40)
2454 5398 2850 5466 Σαρῤακηνοι.
2887 5403 3275 5457 Saracenorum
3335 5420 3529 5459 nomen
3567 5421 3594 5458 a
3630 5406 3797 5460 verbo

2215 5466 2601 5540 at-:ib_.§araka
2641 5485 2850 5540 rapere,
2908 5474 3211 5525 derivatum
3270 5480 3502 5540 primum
3553 5480 3795 5530 oet-urrit

2217 5538 2359 5601 apud
2393 5536 2768 5591 Ptolemmuin.
2800 5539 2997 5595 deinde
3027 5546 3166 5609 apud
3192 5536 3314 5596 Ani.
3342 5544 3710 5597 Marcellinmn
3742 5562 3798 5598 et.

2216 5610 2558 5682 Marcianum
2578 5610 2941 5682 geographqu
2970 5611 3008 5663 ν
3044 5618 3224 5682 simul:
3284 5627 3425 5681 sche
3460 5612 3693 5682 legitur;
3725 5617 3794 5670 ad

2220 5682 2394 5751 tribus
2447 5654 2606 5751 amb?
2654 5654 2709 5731 in
2759 5654 2951 5746 prrimis
3010 5679 3244 5734 refertur
3284 5654 3417 5751 Qui»
3468 5654 3540 5735 δεῖ
3585 5654 3794 5740 Indian;

2217 5747 2426 5823 (ment.
2453 5757 2508 5800 et
2538 5742 2824 5823 Pyrenaeos
2870 5764 3044 5818 usque
3091 5753 3242 5804 Caede
3266 5742 3330 5805 ρι’
3354 5754 3565 5823 rapinis
3619 5765 3792 5809 totum

2219 5817 2567 5871 Urcidentem
2596 5817 3013 5874 terreteceruut.
