4186 6290
584 324 695 388 8i?

1404 330 1497 388 DE
1538 330 1786 390 llEBUS
1830 329 2525 392 PELOPONNESIACIS
2554 329 2839 388 ORATIO
2882 328 2961 392 Η.

3745 324 3851 389 ἑ50

582 436 785 489 κόντων
819 438 1069 507 πράξεών
1100 458 1159 492 τε
1192 443 1286 495 καὶ
1330 445 1805 516 ἐπιτηδευμάτων.
1846 448 2004 499 Ἐστι
2029 447 2074 501 δ’
2106 448 2164 499 ὲν

2274 462 2331 502 se
2369 447 2701 502 immiscere.
2740 446 2899 516 Atqui
2928 445 3161 500 inomni
3198 444 3309 499 fere
3362 443 3585 497 civitate
3615 442 3848 512 primmn

580 525 733 578 πόλει
763 527 950 596 σχεδὸν
982 531 1170 603 ἁπάσῃ
1207 535 1426 603 πρῶτον
1459 535 1559 605 μὲν
1590 536 1685 589 καὶ
1731 537 2165 604 ἀναγκαιότατον

582 616 752 688 μέρος
789 621 882 673 καὶ
911 622 1066 690 γένος
1096 630 1192 679 καὶ
1235 629 1489 680 πλεῖστον
1517 628 1579 680 τὸ
1626 629 2011 699 αύτουργικὸν,
2042 630 2173 682 ὅσον

578 711 848 779 γεωργῶν
870 730 928 764 τε
959 714 1051 766 καὶ
1081 716 1294 783 νομέων
1321 717 1417 771 καὶ
1448 720 1782 789 ξυμπάντων
1813 720 1920 774 τῶν
1947 722 2075 783 τοὺς
2104 722 2166 774 ἐκ

580 803 684 870 γῆς
716 803 899 857 αὐτῶν
924 806 994 858 δι’
1022 808 1203 861 αὐτῶν
1248 812 1628 881 ποριζομένων
1659 812 1909 881 καρπούς
1936 829 1949 844 ο
1977 813 2166 883 ἕτερον

576 895 633 950 δὲ
661 895 721 948 τὺ
751 897 964 961 τούτοις
995 899 1063 952 αὖ
1101 902 1197 954 καὶ
1226 901 1303 972 τῷ
1332 902 1478 974 ἄλλῳ
1508 905 1719 967 πόλεως
1754 903 1950 975 πλήθει
1977 905 2165 958 διακο-

577 989 753 1052 νικὸν,
800 991 925 1044 ὅσον
952 992 1422 1065 δημιουργητικόν
1466 1014 1523 1049 τε
1566 999 1661 1050 καὶ
1707 998 2038 1068 ἐμπορικὸν,
2073 1000 2166 1051 καὶ

577 1081 886 1152 καπηλικὸν
916 1084 1104 1153 φῦλον,
1160 1087 1254 1140 καὶ
1285 1089 1333 1141 sl
1363 1087 1425 1159 δή
1458 1107 1510 1143 τι
1539 1091 1669 1145 ἀλλο
1710 1091 1926 1153 τούτοις
1955 1092 2166 1161 προσῆ-

579 1190 675 1225 κον
701 1189 716 1203 '
747 1175 1099 1245 δημιουργῶν
1131 1178 1232 1247 μὲν
1256 1179 1323 1231 τά
1352 1180 1427 1251 μὴ
1455 1182 1583 1235 ὄντα
1606 1184 1716 1235 τῶν
1747 1186 1957 1239 σκευῶν
1981 1178 2165 1257 ὧνπερ

577 1266 858 1336 ἄνθρωποι
908 1271 965 1333 ἐς
990 1271 1084 1323 τὸν
1132 1271 1246 1342 βίον
1278 1274 1509 1339 δέονται,
1544 1278 1600 1339 ὲς
1644 1277 1834 1329 οὐσίαν
1880 1279 2123 1345 ἀγόντων
2148 1295 2163 1309 υ

581 1359 849 1428 ἐμπόρων
872 1361 929 1414 δὲ
960 1362 1027 1415 τὰ
1073 1364 1440 1429 πλεονάζοντα
1469 1383 1527 1418 τε
1560 1368 1654 1420 καὶ
1700 1369 2018 1429 ἐλλείποντα
2046 1373 2167 1433 ταῖς

576 1447 787 1519 χώραις
838 1452 1099 1516 ἑκάσταις
1146 1455 1492 1508 ἀπισούντων
1536 1459 1602 1527 τῇ
1635 1460 1699 1510 ἐκ
1739 1457 1839 1524 τῆς
1889 1459 2082 1527 ἑτέρας
2109 1461 2165 1522 ὲς

574 1538 674 1610 τὴν
708 1541 903 1611 ἑτέραν
930 1544 1297 1614 μετακομιδῇ.
1320 1546 1500 1599 αὐτῶν
1523 1548 1581 1611 ἐς
1608 1548 1708 1617 τὴν
1735 1550 2009 1602 διακονίαν
2039 1549 2167 1602 ταύ-

573 1648 673 1700 την
705 1636 1155 1689 καταταττόντων
1182 1638 1402 1703 αὐτοὺς,
1436 1639 1534 1692 an
1562 1641 1624 1692 οὐ
1654 1641 2028 1709 σχολαζόντων
2055 1644 2164 1694 τῶν

575 1720 921 1790 αύτουργῶν,
971 1724 1075 1777 ὑπὸ
1121 1726 1218 1779 τοῦ
1247 1730 1359 1790 τοῖς
1405 1729 1591 1781 αὐτῶν
1632 1730 1926 1798 πράγμασι
1959 1733 2160 1800 προσέ-

2270 549 2323 594 et
2386 539 2626 594 maxime
2666 537 3039 593 necessarium
3084 545 3167 592 est
3225 545 3281 592 et
3338 532 3847 589 numerosissimum

2271 629 2604 685 rusticorum
2631 645 2828 700 genus,
2849 628 3213 698 agricolarum
3238 627 3513 689 videlicet,
3535 631 3843 695 pastorum,

2268 719 2471 788 quique
2502 720 2595 773 alii
2643 731 2803 773 terra:
2858 720 3073 773 fructus
3103 717 3341 787 propriis
3379 716 3631 769 manibus
3698 714 3853 769 colli—

2269 820 2419 881 gunt.
2480 813 2727 867 Alterum
2760 821 2843 866 cst
2897 812 3153 879 opiﬁcum
3212 825 3408 879 genus,
3455 820 3847 873 mercatorum,

2270 905 2587 960 institorum
2613 915 2679 959 et~
2703 905 2965 959 similium
2987 903 3133 973 quod
3160 903 3355 973 primis
3378 902 3484 956 illis
3510 917 3574 957 ac
3627 902 3851 970 reliqua:

2268 997 2476 1052 civitati
2522 994 2941 1061 inseruit;dum
2985 996 3209 1065 opiiices
3251 993 3476 1063 quidem
3533 993 3850 1064 supellecti~

2270 1092 2375 1146 lem
2418 1091 2675 1145 humanae
2710 1089 2835 1144 vita:
2876 1088 3243 1144 necessariam
3278 1087 3330 1140 in
3367 1086 3607 1140 medium
3646 1086 3847 1154 produ-

2268 1192 2419 1248 cunt,
2464 1192 2793 1236 mercatores
2827 1191 3007 1235 autem
3078 1197 3201 1250 qua:
3233 1180 3467 1249 singulis
3537 1178 3849 1246 regionibus

2269 1274 2354 1328 vel
2418 1273 2599 1327 desint
2624 1273 2707 1326 vel
2738 1272 3038 1341 supersint,
3066 1273 3133 1326 de.
3166 1287 3272 1326 una
3306 1272 3361 1326 in
3419 1270 3581 1324 aliam
3616 1267 3850 1322 transte-

2268 1365 2439 1417 rendo
2474 1372 2782 1432 exmquant,
2810 1372 2863 1417 et
2890 1362 3150 1431 quoniam
3182 1360 3270 1415 alii
3305 1360 3419 1415 suis
3442 1367 3709 1428 coguntur
3764 1372 3848 1410 re-

2269 1454 2371 1509 bus
2412 1468 2625 1518 vacare,
2660 1455 2766 1524 ipsi
2823 1455 2962 1509 banc
2993 1453 3335 1523 provinciam
3368 1452 3698 1521 suspiciunt,
3761 1450 3847 1503 in-

2271 1547 2503 1599 stitores
2519 1545 2754 1614 denique
2792 1547 2857 1597 de
2901 1544 3130 1599 rusticis
3158 1544 3377 1614 quidem
3412 1544 3496 1597 vel
3528 1544 3848 1598 mercatori-

2271 1640 2377 1695 bus
2412 1648 2602 1693 emunt
2634 1640 2911 1700 universa,
2952 1638 3364 1707 requirentibus
3403 1647 3586 1692 autem
3620 1637 3852 1706 singulis

2271 1734 2712 1803 quandocumque
2751 1740 2805 1785 et
2835 1745 3166 1800 quocunque
3205 1728 3373 1783 velint
3394 1741 3622 1782 numero
3652 1727 3844 1782 diven-

573 1827 727 1880 χεινο
786 1814 1052 1883 καπήλων
1101 1815 1179 1881 δὲ,
1234 1817 1385 1887 παρά
1442 1817 1543 1885 μὲν
1588 1792 1699 1870 τῶν
1751 1792 2075 1887 αύτουργῶν
2122 1821 2155 1891 ἡ

2274 1823 2423 1883 dunt,
2490 1821 2742 1876 nonnulli
2802 1822 2968 1874 etiam
3030 1818 3279 1889 corporis
3342 1818 3486 1873 vires
3545 1818 3852 1882 elocantes.

572 1918 736 1959 τινων
765 1907 1026 1977 ἐμπόρων
1070 1907 1242 1978 ἁθρόα
1272 1909 1620 1979 ὠνουμένων,
1650 1913 1761 1965 τῶν
1801 1912 1858 1965 δὲ
1888 1913 2161 1981 δεομένων

534 2058 542 2065 ε
570 1999 826 2061 ἑκάστοις
857 2001 950 2052 ἐπὶ
980 2000 1080 2069 τῆς
1110 2002 1326 2070 χρείας,
1354 2002 1543 2066 όπότε,
1573 2004 1668 2056 καὶ
1695 2004 1908 2056 όπόσων
1934 2003 2161 2071 δέοιντο,

2270 1932 2415 1971 nunc
2476 1915 2563 1971 bis
2612 1930 2757 1969 nunc
2814 1914 2922 1971 illis
2957 1914 3325 1971 ministerium
3380 1914 3693 1975 exhibendo
3742 1914 3856 1970 vic-

2275 2008 2458 2062 titant.

574 2090 995 2162 ἀποδιδομένων.
1046 2093 1165 2146 Εἰσὶ
1194 2094 1241 2147 δ’
1270 2093 1319 2147 οἳ
1359 2094 1452 2146 καὶ
1497 2095 1599 2165 τὴν
1644 2096 1735 2148 τοῦ
1793 2098 2044 2168 σώματος
2116 2097 2305 2173 ῥώμην
2367 2101 2744 2171 μισθούμενοι,
2788 2099 3167 2163 διακονοῦντες
3226 2099 3421 2156 ἄλλοτε
3489 2100 3696 2164 ἀλλοις,
3738 2102 3856 2156 δια-

574 2183 765 2248 ζῶσιν.

648 2277 712 2330 0'.
761 2277 885 2330 Ἐπὶ
918 2279 977 2331 δὲ
1024 2278 1237 2342 τούτοις
1290 2280 1350 2333 τὸ
1397 2280 1625 2351 ἀρχικὸν
1661 2283 1848 2351 φῦλον,
1897 2286 2163 2356 σωτήρων

573 2370 633 2423 τέ
662 2387 825 2422 τινων
852 2370 952 2438 τῆς
982 2370 1111 2439 ὅλης
1144 2371 1351 2436 πόλεως
1379 2374 1412 2444 ἢ
1446 2374 1637 2441 γένους
1671 2377 1786 2446 (15)
1814 2377 1847 2446 ἢ
1875 2379 2054 2445 γενῶν
2098 2378 2167 2431 ἂν

576 2462 720 2516 οὕτω
745 2462 887 2535 τύχῃ
932 2465 1029 2518 καὶ
1075 2464 1369 2533 φυλάκων
1419 2460 1495 2519 ὧν
1542 2471 1841 2537 κορυφαῖος
1878 2471 1977 2539 μὲν
2010 2471 2165 2539 βασι-

577 2554 726 2619 λεὺς,
758 2556 791 2625 ἦ
822 2573 909 2619 τις
950 2557 1196 2626 ἡγεμὼν,
1234 2558 1353 2626 μεθ’
1379 2558 1439 2611 ὃν
1467 2559 1619 2612 ἄλλοι
1665 2560 1802 2614 ἀλλα
1830 2561 2166 2631 διειληφότες

577 2648 836 2718 γένουςῆ
886 2649 1094 2713 πόλεως
1151 2651 1313 2721 μέρη,
1360 2652 1722 2713 διασώζουσιν
1753 2652 1962 2708 ἕκαστα
2021 2654 2087 2708 ἀν
2116 2672 2168 2707 τι

584 2740 843 2811 γίγνηται
886 2741 998 2795 τῶν
1040 2743 1181 2795 κατὰ
1214 2745 1436 2811 τρόπον.
1497 2744 1651 2797 Ἐπεὶ
1684 2744 1793 2813 γὰρ
1846 2745 1943 2815 οἰχ
1973 2741 2083 2799 οἷόν
2108 2763 2169 2799 τε

580 2834 793 2897 πάντας
819 2833 1145 2903 ἀνθρώπους
1176 2834 1471 2906 πεισθῆναι
1517 2837 1591 2899 ὡς
1620 2838 1681 2890 τὸ
1718 2838 1832 2890 ῖσον
1862 2837 1969 2908 χρὴ
2000 2837 2167 2906 ἔχειν,

580 2929 676 2980 καὶ
715 2928 790 2998 μὴ
840 2929 1210 2997 πλεονεκτεῖν,
1264 2929 1403 3000 μηδὲ
1444 2932 1562 2995 τοῖς
1598 2930 1903 3002 ἀλλοτρίοις
1948 2932 2171 2988 ὲπισου-

580 3022 761 3074 λεύειν
786 3036 799 3050 ⁸
834 3022 949 3074 ἀλλ’
976 3023 1114 3075 εἰσὶν
1141 3024 1192 3076 οἳ
1218 3023 1314 3076 τοῦ
1342 3025 1665 3099 αςῦτουργεῖν
1706 3027 2109 3096 ἀμελήσαντες,
2134 3026 2168 3097 ἢ

578 3126 702 3166 τινα
730 3114 900 3182 ἀλλην
930 3114 1039 3167 τῶν
1065 3114 1122 3176 ές
1173 3114 1268 3167 τὸν
1320 3114 1434 3183 βίον
1463 3116 1653 3184 χρείαν
1700 3117 1999 3182 συντελεῖν,
2048 3121 2161 3181 τοῖς

2344 2287 2401 2341 9.
2440 2287 2783 2341 Postremum
2819 2294 2906 2341 est
2954 2284 3264 2355 principum
3299 2300 3492 2354 genus,
3527 2285 3619 2355 qui
3652 2286 3735 2341 vel
3764 2299 3857 2340 ur-

2276 2378 2396 2431 bem
2428 2377 2511 2432 vel
2535 2386 2749 2448 gentem
2779 2385 2947 2431 totam
2969 2388 3299 2430 conservant
3323 2384 3489 2447 atque
3509 2378 3853 2441 custodiunt,

2273 2482 2506 2537 quorum
2557 2476 2618 2521 ut
2666 2482 2958 2535 supremus
3008 2476 3095 2522 est
3125 2481 3242 2533 rex,
3281 2468 3354 2521 ita
3392 2476 3515 2537 post
3575 2469 3728 2523 illum
3762 2469 3853 2524 alii

2275 2559 2412 2612 alias
2443 2558 2599 2613 urbis
2638 2560 2720 2615 vel
2742 2559 2918 2628 gentis
2946 2560 3125 2614 sortiti
3159 2570 3345 2627 partes
3381 2560 3482 2614 rite
3502 2571 3852 2616 conservant.

2276 2650 2414 2705 Cum
2458 2650 2605 2705 enim
2645 2652 2749 2705 hoc
2779 2652 3039 2707 omnibus
3067 2653 3381 2722 persuaderi
3408 2664 3663 2724 nequeat,
3688 2653 3856 2722 arqui-

2276 2750 2443 2798 tatem
2472 2743 2683 2813 absque
2719 2743 2917 2813 injuria
2955 2747 3271 2801 sectandum
3304 2761 3447 2809 esse,
3483 2762 3583 2801 nec
3628 2746 3859 2801 tenden-

2273 2834 2373 2891 das
2414 2835 2737 2905 cujusquam
2768 2837 2928 2893 bonis
2984 2838 3215 2893 insidias
3245 2857 3259 2905 ;
3292 2832 3538 2895 n’ounulli
3570 2848 3750 2895 autem
3772 2840 3855 2893 vel

2272 2927 2437 2997 primi
2487 2930 2573 2982 vel
2604 2928 2830 2984 secundi
2894 2929 3110 2998 generis
3136 2930 3352 2985 omissis
3405 2931 3664 3001 operibus
3714 2930 3853 2991 suis.

2271 3020 2503 3075 aliorum
2529 3019 2740 3076 inhient
2778 3020 3056 3075 laboribus
3086 3038 3103 3089 ;
3136 3032 3327 3079 contra
3352 3022 3454 3077 bos
3475 3022 3705 3077 instituti
3730 3031 3859 3077 sunt

2269 3127 2335 3166 ex
2362 3112 2554 3167 amicis
2582 3112 3035 3183 quidemjudices
3065 3124 3120 3168 et
3145 3114 3337 3184 reliqui
3374 3114 3643 3184 praefecti,
3662 3130 3729 3168 ex
3755 3114 3842 3168 ini

581 3205 786 3275 ἑτέρων
822 3203 1005 3266 πόνοις
1033 3204 1378 3272 ἐπιφύονται.
1412 3205 1570 3258 Κατά
1594 3206 1658 3274 δὴ
1686 3206 1894 3261 τούτων
1922 3207 2156 3276 ἐτάχθη-

2274 3204 2422 3261 micis
2451 3220 2578 3259 vero
2603 3205 2803 3261 milites
2825 3217 2881 3260 et
2916 3206 3111 3259 borqu
3140 3208 3331 3269 duces,
3359 3209 3560 3276 quibus
3585 3222 3709 3262 cum
3740 3216 3858 3261 tan-

583 3311 709 3359 σαν,
743 3295 934 3362 φιλίων
961 3296 1059 3363 μὲν
1086 3295 1482 3365 νομιζομένων,
1506 3296 1762 3351 δικασταί
1784 3314 1865 3362 τε,
1894 3299 1987 3350 καὶ
2017 3297 2165 3350 ἄλλοι

581 3386 885 3455 ἄρχοντες·
942 3387 1223 3458 πολεμίων
1276 3388 1356 3453 δὲ,
1405 3388 1734 3458 στρατιῶταί
1772 3405 1855 3450 τε,
1908 3389 2003 3442 καὶ
2050 3389 2167 3442 ὅσοι

584 3481 846 3550 ἄρχοντες
877 3479 1107 3534 τούτων.
1159 3477 1255 3542 Οἷς
1284 3480 1712 3550 ἀσχολουμένοις
1753 3480 1883 3551 περὶ
1922 3479 2022 3551 τὴν
2060 3480 2169 3533 τῶν

582 3572 719 3625 ὅλων
740 3572 1013 3642 φυλακὴν,
1043 3571 1234 3643 ἐπειδὴ
1256 3571 1526 3641 ἑτέρωθεν
1550 3571 1656 3624 ἔδει
1686 3573 1796 3625 τῶν
1818 3572 2167 3640 ἐπιτηδείων,

584 3665 743 3732 φόροι
784 3664 937 3732 παρὰ
974 3664 1083 3717 τῶν
1129 3663 1451 3733 αύτουργῶν
1486 3662 1723 3730 μάλιστα
1756 3664 2002 3718 έκάστων
2049 3666 2169 3718 sti—

2272 3311 2430 3365 quam
2452 3298 2682 3367 publicai-
2701 3299 2925 3355 intentis
2944 3300 3202 3355 custodia:
3224 3301 3444 3355 aliunde
3462 3300 3856 3370 suppeditanda

2272 3398 2452 3443 essent
2518 3391 2849 3457 necessaria,
2914 3391 3118 3446 tributa
3168 3392 3393 3447 rusticis
3435 3392 3489 3445 in
3548 3392 3854 3447 dimensum

2274 3480 2618 3550 publicorum
2664 3483 2949 3537 custodum
3006 3484 3274 3554 imperata
3330 3494 3480 3548 sunt,
3516 3499 3728 3539 merces
3757 3501 3854 3555 pa-

2275 3572 2409 3627 riter
2463 3580 2517 3627 et
2548 3572 2833 3643 prtemium
2876 3576 3137 3631 custodire
3158 3577 3363 3639 futura.
3397 3586 3563 3646 atque
3605 3578 3719 3631 Laio
3762 3577 3860 3631 triv

2281 3667 2539 3722 butorum
2597 3677 2680 3723 cst
2715 3666 2898 3736 origo.

582 3758 796 3829 χθησαν
847 3756 1136 3829 φέρεσθαι,
1182 3756 1398 3833 σίτησις
1448 3760 1563 3822 τοῖς
1596 3759 1798 3821 κοινοῖς
1845 3758 2047 3827 φύλαξι
2081 3762 2178 3809 καὶ
2215 3759 2407 3827 μισθός
2432 3776 2515 3822 τις
2546 3764 2641 3812 καὶ
2669 3761 2786 3831 ἅμα
2815 3762 2984 3831 γέρας
3006 3761 3106 3830 τῆς
3135 3761 3403 3831 φυλακῆς.
3436 3763 3547 3815 Καὶ
3602 3763 3742 3834 αὕτη
3792 3766 3857 3835 δὴ

583 3857 798 3926 γένεσις
837 3857 1041 3924 φόρων.

659 3949 713 4004 ι’.
740 3949 925 4015 Τριῶν
957 3948 1021 4020 δὴ
1064 3950 1271 4005 τούτων
1299 3951 1469 4005 ὅντων
1495 3954 1553 4005 ὲν
1601 3952 1750 4005 πόλει
1782 3953 1891 4004 τῶν
1938 3951 2172 4023 πρώτων

587 4041 763 4110 γενῶν
786 4043 929 4095 κατά
957 4059 1021 4109 γε
1049 4043 1233 4111 φύσιν,
1266 4045 1355 4098 ῖδι⁹
1382 4046 1521 4099 ἅττα
1546 4046 1641 4097 καὶ
1664 4046 1731 4097 τὰ
1757 4044 2170 4114 ἐπιτηδεύματα

589 4133 683 4185 καὶ
706 4134 761 4186 αἱ
794 4133 1020 4202 πράξεις
1052 4135 1320 4195 ἑκάστων.
1355 4137 1449 4189 καὶ
1472 4139 1499 4189 ὁ
1526 4137 1817 4198 σπουδαῖος
1846 4139 2009 4205 νόμος
2040 4140 2172 4192 αὑτδι

584 4222 734 4277 τοῦθ’
783 4224 946 4290 ὀριεῖ,
1002 4224 1069 4275 τὰ
1100 4224 1266 4278 αὑτοῦ
1304 4225 1589 4294 πράττειν
1640 4226 1893 4288 ἕκαστον,
1941 4228 2037 4280 καὶ
2096 4228 2169 4294 μὴ

582 4314 953 4367 ἀπαλλάττειν
981 4314 1126 4385 ἄλλῳ
1154 4316 1302 4386 ἄλλῳ
1341 4317 1489 4384 γένει
1521 4318 1858 4385 ἐπιτήδευμα
1888 4319 1983 4370 καὶ
2027 4322 2166 4387 πρᾶ-

585 4406 685 4472 ξιν.
730 4407 939 4461 Αὐτίκα
984 4408 1112 4469 τοὺς
1167 4407 1437 4478 ἄρχοντας
1480 4409 1646 4477 μηδὲν
1701 4409 1808 4461 τῶν
1843 4410 2168 4463 διακονικῶν

583 4499 929 4571 ἐπιτηδεύειν
952 4516 967 4531 ⁸
1000 4497 1391 4552 ἐναντιώτατον
1422 4499 1531 4567 γάρ
1565 4516 1667 4552 που
1707 4499 1951 4552 διακονία
1981 4502 2123 4569 ἀρχῇ
2155 4518 2168 4531 ·

582 4592 869 4646 διακονικά
921 4593 967 4645 δ’
1001 4591 1436 4663 ἐπιτηδεύματα,
1492 4591 1629 4645 ἄλλα
1675 4608 1756 4654 τε,
1810 4591 1885 4654 ώς
1933 4592 2167 4660 ἔφαμεν,

2352 3948 2440 4001 10.
2484 3944 2619 4001 Cum
2658 3960 2821 4014 porro
2851 3944 2935 3997 via
2978 3946 3092 3999 inec
3130 3943 3302 4013 prima
3341 3946 3452 4001 sint
3494 3946 3775 4001 hominum
3802 3950 3854 4003 in

2279 4041 2413 4094 urbe
2450 4051 2675 4105 genera,
2703 4036 2921 4105 pronria
2956 4037 3204 4105 qu:edam
3234 4036 3573 4105 singulorum
3603 4053 3728 4094 esse
3758 4040 3853 4093 de-

2279 4129 2411 4184 bent
2442 4128 2641 4195 oliicia,
2672 4144 2793 4196 qua:
2831 4128 3055 4197 quidem
3089 4130 3258 4197 proba
3297 4130 3383 4184 lex
3409 4130 3564 4185 obire
3587 4146 3860 4202 quemque

2270 4222 2454 4291 jubet,
2511 4236 2610 4274 nec
2668 4221 2809 4273 inter
2864 4236 2923 4274 se
2981 4220 3343 4276 confundere.
3377 4219 3665 4293 Principes
3696 4225 3859 4293 igitur

2277 4315 2486 4368 nullum
2521 4313 2756 4367 subeant
2785 4312 3171 4378 ministerium,
3212 4315 3657 4383 quandoquidem
3689 4317 3860 4385 impe-

2279 4406 2361 4460 rio
2395 4405 2632 4459 maxime
2656 4407 2992 4457 contrarium
3030 4416 3113 4457 est
3142 4404 3480 4459 ministrare.
3514 4406 3655 4461 Sunt
3677 4418 3856 4461 autem

2278 4498 2423 4550 inter
2456 4497 2760 4549 ministeria
2816 4511 2939 4547 cum
2967 4496 3095 4556 alia,
3130 4511 3250 4563 qua:
3289 4500 3688 4561 recensuimus,
3746 4511 3857 4553 tum

2280 4586 2550 4639 insliloria
2590 4596 2639 4638 et
2686 4594 3015 4638 mercatura.
3062 4587 3131 4638 Λι
3192 4587 3491 4653 principem
3564 4588 3720 4655 jubet
3776 4592 3855 4643 lex

585 4684 679 4735 καὶ
719 4683 993 4753 ἐμπορεία
1044 4699 1102 4733 τε
1152 4682 1251 4734 καὶ
1304 4664 1605 4747 καπηλεία.
1645 4683 1905 4750 ’Λρχοντι
1933 4683 1987 4734 δὲ
2025 4684 2052 4735 ὅ
2109 4700 2171 4749 γε

2283 4690 2389 4729 non
2426 4683 2791 4727 mercaturam
2834 4688 2936 4725 nec
2968 4673 3293 4727 instituriam
3329 4674 3530 4735 facere,
3579 4692 3679 4730 nec
3712 4679 3855 4731 aliud

585 4774 874 4835 σπουδαῖος
928 4774 1091 4841 νόμος
1145 4776 1288 4844 όριεῖ
1339 4773 1414 4844 μὴ
1473 4774 1680 4841 ἐξεῖναι
1736 4773 2165 4843 ἐμπορεύεσθαι.

590 4864 725 4933 μηδὲ
760 4864 1118 4933 καπηλεύειν,
1153 4865 1276 4935 μηδ’
1307 4866 1469 4919 ἄλλου
1505 4866 1733 4933 μηδενὸς
1760 4865 2029 4918 ἅπτεσθαι
2059 4867 2169 4918 τῶν

587 4956 976 5023 ἀνελευθέρων.
1006 4954 1147 5019 Τούς
1177 4974 1235 5010 τε
1265 4958 1605 5027 στρατιώτας
1630 4957 2031 5025 ἀποκεκρίσθαι
2064 4959 2170 5010 τῶν

592 5045 822 5110 πολλῶν,
857 5045 950 5098 καὶ
985 5046 1122 5109 ὅλως
1167 5046 1297 5109 τοὺς
1341 5048 1615 5112 σώζοντας
1649 5047 1758 5099 τῶν
1805 5048 2132 5116 σωζομένων
2158 5065 2171 5079 ’

590 5138 686 5189 καὶ
715 5139 840 5200 τοὺς
868 5138 966 5207 μὲν
990 5138 1324 5207 ἀφειμένους
1352 5138 1554 5201 παντὸς
1581 5140 1747 5207 φόρον
1776 5138 2175 5208 στρατεύεσθαι

584 5245 647 5283 τε
671 5230 766 5283 καὶ
796 5230 1245 5299 προκινδυνεύειν
1278 5230 1388 5283 τῶν
1432 5230 1665 5293 πολλῶν,
1696 5231 1823 5292 τοὺς
1848 5230 1903 5283 δὲ
1942 5234 2053 5292 τοῖς
2081 5230 2175 5282 αύ-

588 5322 698 5376 τῶν
727 5323 1119 5391 προσέχοντας,
1158 5324 1375 5385 ἱκανούς
1424 5342 1482 5377 τε
1527 5324 1585 5385 ὲς
1630 5323 1884 5393 δύναμιν,
1919 5326 2013 5379 καὶ
2056 5325 2175 5395 ἅμα

590 5416 652 5468 οὐ
689 5414 877 5486 βαρεῖς
902 5431 1056 5477 τινας
1087 5415 1276 5485 φέρειν
1309 5416 1434 5477 τοὺς
1468 5417 1686 5484 φόρους,
1733 5415 1948 5483 σίτησιν
1979 5419 2091 5470 τοῖς
2118 5434 2176 5469 τε

591 5505 951 5577 ἄρχουσικαὶ
1000 5506 1350 5577 στρατιωτῶν
1396 5508 1509 5569 τοῖς
1564 5507 1777 5573 λογάσι.
1823 5507 1895 5560 Τὸ
1941 5508 2076 5560 πολὺ
2121 5508 2179 5561 δὲ

595 5600 694 5670 τῆς
732 5600 1015 5669 στρατιᾶς,
1058 5600 1154 5652 καὶ
1203 5601 1263 5651 τὸ
1313 5598 1766 5667 ἀναγκαιότατον,
1812 5599 2082 5667 ὁμόφυλόν
2122 5618 2179 5653 τε

2278 4766 2580 4835 quidquam
2620 4781 2724 4819 non
2762 4764 2985 4820 liberale
3038 4773 3293 4835 tractare.
3353 4764 3671 4822 Similitera
3702 4772 3860 4837 vulgo

2277 4869 2638 4913 sccernantur
2674 4858 2893 4922 milites,
2921 4872 2985 4911 ac
3021 4866 3325 4911 servatores
3359 4873 3389 4910 a
3444 4859 3763 4924 servandis;
3809 4872 3863 4914 et

2280 4956 2355 5010 illi
2394 4951 2613 5021 quidem
2644 4952 2712 5012 ab
2739 4950 2890 5005 omni
2948 4949 3239 5004 collatione
3296 4951 3450 5005 liberi
3485 4952 3739 5017 militent,
3797 4970 3860 5009 ac

2279 5046 2540 5119 populum
2579 5052 2835 5097 tueantur
2866 5058 2881 5100 ι
2917 5041 2971 5095 hi
2998 5057 3125 5095 vero
3161 5056 3291 5096 seas
3324 5058 3411 5096 res
3441 5054 3664 5112 agentes
3686 5046 3861 5099 idonei

2278 5147 2407 5195 sunt
2431 5134 2712 5205 regnando
2740 5150 2838 5189 nec
2868 5134 3049 5201 gravia
3075 5135 3275 5188 tributa
3308 5136 3610 5208 principum
3645 5148 3700 5193 et
3722 5140 3867 5193 mili-

2284 5231 2430 5286 tibus
2466 5228 2797 5282 nutrimenta
2841 5227 3100 5295 pendunt.
3135 5225 3306 5295 Major
3348 5244 3476 5285 vero
3510 5246 3635 5300 pars
3656 5242 3863 5287 excrci-

2287 5330 2371 5374 tus
2408 5327 2461 5372 et
2492 5316 2667 5386 potior
2696 5316 2896 5369 civium
2933 5315 3026 5378 sit,
3056 5331 3119 5369 ac
3146 5318 3605 5383 domesticorum,
3630 5338 3735 5375 non
3769 5339 3863 5390 pe-

2289 5411 2656 5480 regrinorum,
2724 5408 2989 5477 siquidem
3049 5424 3174 5463 raro
3229 5408 3352 5464 iidei
3416 5421 3544 5464 sunt
3596 5414 3863 5481 peregrini

2291 5502 2585 5573 multistu
2620 5500 3022 5555 mutationibus
3055 5500 3326 5567 interdum
3366 5517 3462 5570 pro
3493 5505 3778 5571 servatoril
3804 5522 3868 5559 us

2289 5606 2454 5667 atque
2486 5592 2811 5650 custodibus
2842 5591 3031 5646 hostes
3064 5592 3364 5657 cuistunt,
3402 5591 3692 5651 domestici
3739 5615 3870 5653 vero

671 5761 783 5831 (45)
815 5746 1050 5817 "dilator
1080 5761 1111 5821 ἱ)
1148 5762 1377 5831 porrige.
1442 5762 1556 5819 Vid.
1598 5764 1728 5820 l‘iut.
1761 5767 1797 5819 Ι.
1831 5766 1862 5817 ι·
1938 5763 1997 5816 Ἰιτ
2028 5761 2327 5831 Republica.
