  <div class='ocr_page' id='page_1' title='image "/cluster/home/n/w/nwhite01/storage/ocr_20150623/160/mdp.39015078384693/434.png"; bbox 0 0 4186 6290; ppageno 0'>
   <div class='ocr_carea' id='block_1_1' title="bbox 480 371 587 435">
    <p class='ocr_par' dir='ltr' id='par_1_1' title="bbox 480 371 587 435">
     <span class='ocr_line' id='line_1_1' title="bbox 480 371 587 435; baseline 0.037 -4"><span class='ocrx_word' id='word_1_1' title='bbox 480 371 587 435; x_wconf 77' lang='grc'>853</span> 
     </span>
    </p>
   </div>
   <div class='ocr_carea' id='block_1_2' title="bbox 1298 385 2893 502">
    <p class='ocr_par' dir='ltr' id='par_1_2' title="bbox 1298 385 2893 502">
     <span class='ocr_line' id='line_1_2' title="bbox 1298 385 2893 502; baseline 0.005 -58"><span class='ocrx_word' id='word_1_2' title='bbox 1298 385 1395 445; x_wconf 90' lang='lat' dir='ltr'>DE</span> <span class='ocrx_word' id='word_1_3' title='bbox 1433 389 1695 449; x_wconf 66' lang='grc' dir='ltr'>ΗΕΒυὸ</span> <span class='ocrx_word' id='word_1_4' title='bbox 1737 390 2438 502; x_wconf 49' lang='lat' dir='ltr'>I’EEOI‘ONNESIACIS</span> <span class='ocrx_word' id='word_1_5' title='bbox 2488 394 2774 453; x_wconf 61' lang='lat' dir='ltr'><strong>ORATlO</strong></span> <span class='ocrx_word' id='word_1_6' title='bbox 2817 392 2893 452; x_wconf 81' lang='grc' dir='ltr'>ΙΙ.</span> 
     </span>
    </p>
   </div>
   <div class='ocr_carea' id='block_1_3' title="bbox 3639 388 3743 455">
    <p class='ocr_par' dir='ltr' id='par_1_3' title="bbox 3639 388 3743 455">
     <span class='ocr_line' id='line_1_3' title="bbox 3639 388 3743 455; baseline -0.038 0"><span class='ocrx_word' id='word_1_7' title='bbox 3639 388 3743 455; x_wconf 71' lang='grc'>854</span> 
     </span>
    </p>
   </div>
   <div class='ocr_carea' id='block_1_4' title="bbox 484 491 2089 579">
    <p class='ocr_par' dir='ltr' id='par_1_4' title="bbox 484 491 2063 574">
     <span class='ocr_line' id='line_1_4' title="bbox 484 491 2063 574; baseline 0.016 -38"><span class='ocrx_word' id='word_1_8' title='bbox 484 504 615 554; x_wconf 78' lang='grc' dir='ltr'>ρων,</span> <span class='ocrx_word' id='word_1_9' title='bbox 665 506 809 559; x_wconf 78' lang='grc' dir='ltr'>προς</span> <span class='ocrx_word' id='word_1_10' title='bbox 827 491 982 557; x_wconf 81' lang='grc' dir='ltr'>λόγον</span> <span class='ocrx_word' id='word_1_11' title='bbox 1020 496 1128 548; x_wconf 79' lang='grc' dir='ltr'>αἰεὶ</span> <span class='ocrx_word' id='word_1_12' title='bbox 1157 498 1266 551; x_wconf 85' lang='grc' dir='ltr'>τῶν</span> <span class='ocrx_word' id='word_1_13' title='bbox 1297 501 1580 569; x_wconf 80' lang='grc' dir='ltr'>δυνάμεων</span> <span class='ocrx_word' id='word_1_14' title='bbox 1625 491 1900 574; x_wconf 73' lang='grc' dir='ltr'>φερόντῶν</span> <span class='ocrx_word' id='word_1_15' title='bbox 1934 508 2063 559; x_wconf 68' lang='grc' dir='ltr'>ἐκέ-</span> 
     </span>
    </p>
   </div>
   <div class='ocr_carea' id='block_1_5' title="bbox 2176 491 3746 579">
    <p class='ocr_par' dir='ltr' id='par_1_5' title="bbox 2176 507 3746 579">
     <span class='ocr_line' id='line_1_5' title="bbox 2176 507 3746 579; baseline 0.001 -19"><span class='ocrx_word' id='word_1_16' title='bbox 2176 508 2318 561; x_wconf 65' lang='grc' dir='ltr'>ιιιὶυω</span> <span class='ocrx_word' id='word_1_17' title='bbox 2382 511 2749 563; x_wconf 71' lang='lat' dir='ltr'><strong>utilissimum.</strong></span> <span class='ocrx_word' id='word_1_18' title='bbox 2780 513 2907 575; x_wconf 65' lang='lat' dir='ltr'><strong>Quae</strong></span> <span class='ocrx_word' id='word_1_19' title='bbox 2949 507 3359 579; x_wconf 69' lang='lat' dir='ltr'><strong>ponomquitas</strong></span> <span class='ocrx_word' id='word_1_20' title='bbox 3420 507 3506 561; x_wconf 87' lang='lat' dir='ltr'>hic</span> <span class='ocrx_word' id='word_1_21' title='bbox 3555 523 3653 576; x_wconf 85' lang='lat' dir='ltr'>pro</span> <span class='ocrx_word' id='word_1_22' title='bbox 3684 523 3746 562; x_wconf 86' lang='lat' dir='ltr'>re</span> 
     </span>
    </p>
   </div>
   <div class='ocr_carea' id='block_1_6' title="bbox 483 576 2058 661">
    <p class='ocr_par' dir='ltr' id='par_1_6' title="bbox 483 576 2058 661">
     <span class='ocr_line' id='line_1_6' title="bbox 483 576 2058 661; baseline 0.016 -36"><span class='ocrx_word' id='word_1_23' title='bbox 483 590 659 627; x_wconf 75' lang='grc' dir='ltr'>στωνο</span> <span class='ocrx_word' id='word_1_24' title='bbox 723 576 853 632; x_wconf 82' lang='grc' dir='ltr'>ὥστ’</span> <span class='ocrx_word' id='word_1_25' title='bbox 907 582 973 635; x_wconf 84' lang='grc' dir='ltr'>ἂν</span> <span class='ocrx_word' id='word_1_26' title='bbox 1030 586 1125 637; x_wconf 75' lang='grc' dir='ltr'>καὶ</span> <span class='ocrx_word' id='word_1_27' title='bbox 1188 588 1479 657; x_wconf 84' lang='grc' dir='ltr'>κράτιστος</span> <span class='ocrx_word' id='word_1_28' title='bbox 1528 594 1612 659; x_wconf 74' lang='grc' dir='ltr'>εἴη</span> <span class='ocrx_word' id='word_1_29' title='bbox 1670 592 1851 661; x_wconf 77' lang='grc' dir='ltr'>φόρων</span> <span class='ocrx_word' id='word_1_30' title='bbox 1904 597 2058 661; x_wconf 78' lang='grc' dir='ltr'>οὗτος</span> 
     </span>
    </p>
   </div>
   <div class='ocr_carea' id='block_1_7' title="bbox 2172 599 3392 664">
    <p class='ocr_par' dir='ltr' id='par_1_7' title="bbox 2172 599 3392 664">
     <span class='ocr_line' id='line_1_7' title="bbox 2172 599 3392 664; baseline -0.002 -11"><span class='ocrx_word' id='word_1_31' title='bbox 2172 600 2346 654; x_wconf 85' lang='lat' dir='ltr'><strong>locum</strong></span> <span class='ocrx_word' id='word_1_32' title='bbox 2379 601 2595 664; x_wconf 82' lang='lat' dir='ltr'><strong>haheat,</strong></span> <span class='ocrx_word' id='word_1_33' title='bbox 2647 601 2769 654; x_wconf 88' lang='lat' dir='ltr'><strong>hinc</strong></span> <span class='ocrx_word' id='word_1_34' title='bbox 2793 601 2917 655; x_wconf 83' lang='lat' dir='ltr'><strong>lieet</strong></span> <span class='ocrx_word' id='word_1_35' title='bbox 2942 599 3392 653; x_wconf 86' lang='lat' dir='ltr'><strong>animadvertere.</strong></span> 
     </span>
    </p>
   </div>
   <div class='ocr_carea' id='block_1_8' title="bbox 483 673 3751 768">
    <p class='ocr_par' dir='ltr' id='par_1_8' title="bbox 483 673 3751 768">
     <span class='ocr_line' id='line_1_8' title="bbox 483 673 3751 768; baseline -0 -27"><span class='ocrx_word' id='word_1_36' title='bbox 483 673 814 768; x_wconf 54' lang='grc' dir='ltr'>κρυφότατᾷς</span> <span class='ocrx_word' id='word_1_37' title='bbox 840 693 896 727; x_wconf 86' lang='grc' dir='ltr'>τε</span> <span class='ocrx_word' id='word_1_38' title='bbox 931 676 1030 768; x_wconf 64' lang='grc' dir='ltr'>ὢν.</span> <span class='ocrx_word' id='word_1_39' title='bbox 1070 678 1145 742; x_wconf 79' lang='grc' dir='ltr'>ὡς</span> <span class='ocrx_word' id='word_1_40' title='bbox 1173 681 1403 768; x_wconf 73' lang='grc' dir='ltr'>ἔφαμεν,</span> <span class='ocrx_word' id='word_1_41' title='bbox 1442 686 1535 736; x_wconf 71' lang='grc' dir='ltr'>καὶ</span> <span class='ocrx_word' id='word_1_42' title='bbox 1574 686 1944 755; x_wconf 77' lang='grc' dir='ltr'>ὀμαλὼτατος,</span> <span class='ocrx_word' id='word_1_43' title='bbox 2015 690 2462 755; x_wconf 85' lang='grc' dir='ltr'>λυσιτελέστατός</span> <span class='ocrx_word' id='word_1_44' title='bbox 2509 711 2567 745; x_wconf 89' lang='grc' dir='ltr'>τε</span> <span class='ocrx_word' id='word_1_45' title='bbox 2620 696 2731 754; x_wconf 83' lang='grc' dir='ltr'>τοῖς</span> <span class='ocrx_word' id='word_1_46' title='bbox 2800 694 3000 754; x_wconf 80' lang='grc' dir='ltr'>κοινοῖς</span> <span class='ocrx_word' id='word_1_47' title='bbox 3055 695 3118 761; x_wconf 87' lang='grc' dir='ltr'>τῇ</span> <span class='ocrx_word' id='word_1_48' title='bbox 3195 691 3509 761; x_wconf 80' lang='grc' dir='ltr'>δικαιοτάτῃ</span> <span class='ocrx_word' id='word_1_49' title='bbox 3586 689 3751 761; x_wconf 81' lang='grc' dir='ltr'>μοίρᾳ</span> 
     </span>
    </p>
   </div>
   <div class='ocr_carea' id='block_1_9' title="bbox 482 764 3252 851">
    <p class='ocr_par' dir='ltr' id='par_1_9' title="bbox 482 764 3252 851">
     <span class='ocr_line' id='line_1_9' title="bbox 482 764 3252 851; baseline 0.006 -36"><span class='ocrx_word' id='word_1_50' title='bbox 482 764 967 834; x_wconf 68' lang='grc' dir='ltr'>εἰσπραττόμενος.</span> <span class='ocrx_word' id='word_1_51' title='bbox 997 767 1155 830; x_wconf 85' lang='grc' dir='ltr'>ἹΙτις</span> <span class='ocrx_word' id='word_1_52' title='bbox 1180 770 1225 821; x_wconf 82' lang='grc' dir='ltr'>δ’</span> <span class='ocrx_word' id='word_1_53' title='bbox 1253 772 1318 823; x_wconf 76' lang='grc' dir='ltr'>ἂν</span> <span class='ocrx_word' id='word_1_54' title='bbox 1344 764 1661 845; x_wconf 69' lang='grc' dir='ltr'>δικαιοτάτη</span> <span class='ocrx_word' id='word_1_55' title='bbox 1691 776 1900 844; x_wconf 78' lang='grc' dir='ltr'>γένοιτο</span> <span class='ocrx_word' id='word_1_56' title='bbox 1923 780 2066 833; x_wconf 83' lang='grc' dir='ltr'>κατὰ</span> <span class='ocrx_word' id='word_1_57' title='bbox 2104 780 2261 849; x_wconf 84' lang='grc' dir='ltr'>λόγον</span> <span class='ocrx_word' id='word_1_58' title='bbox 2295 784 2481 851; x_wconf 83' lang='grc' dir='ltr'>μοῖρα,</span> <span class='ocrx_word' id='word_1_59' title='bbox 2512 782 2723 833; x_wconf 78' lang='grc' dir='ltr'>ἐνθένδε</span> <span class='ocrx_word' id='word_1_60' title='bbox 2764 780 2881 833; x_wconf 74' lang='grc' dir='ltr'>ἔστι</span> <span class='ocrx_word' id='word_1_61' title='bbox 2910 780 3252 847; x_wconf 75' lang='grc' dir='ltr'>λογίσασθαι.</span> 
     </span>
    </p>
   </div>
   <div class='ocr_carea' id='block_1_10' title="bbox 555 883 2064 966">
    <p class='ocr_par' dir='ltr' id='par_1_10' title="bbox 555 883 2064 966">
     <span class='ocr_line' id='line_1_10' title="bbox 555 883 2064 966; baseline 0.011 -32"><span class='ocrx_word' id='word_1_62' title='bbox 555 890 646 950; x_wconf 83' lang='grc' dir='ltr'>ιγ’.</span> <span class='ocrx_word' id='word_1_63' title='bbox 685 883 811 947; x_wconf 83' lang='grc' dir='ltr'>Τοῖς</span> <span class='ocrx_word' id='word_1_64' title='bbox 843 886 907 939; x_wconf 84' lang='grc' dir='ltr'>ὲκ</span> <span class='ocrx_word' id='word_1_65' title='bbox 953 891 1057 957; x_wconf 75' lang='grc' dir='ltr'>γῆς</span> <span class='ocrx_word' id='word_1_66' title='bbox 1096 894 1332 959; x_wconf 79' lang='grc' dir='ltr'>καρποῖς</span> <span class='ocrx_word' id='word_1_67' title='bbox 1373 893 1543 958; x_wconf 86' lang='grc' dir='ltr'>τριῶν</span> <span class='ocrx_word' id='word_1_68' title='bbox 1578 894 1659 946; x_wconf 86' lang='grc' dir='ltr'>δεῖ</span> <span class='ocrx_word' id='word_1_69' title='bbox 1689 894 1894 950; x_wconf 85' lang='grc' dir='ltr'>τούτων</span> <span class='ocrx_word' id='word_1_70' title='bbox 1926 897 2064 966; x_wconf 82' lang='grc' dir='ltr'>πρὸς</span> 
     </span>
    </p>
   </div>
   <div class='ocr_carea' id='block_1_11' title="bbox 481 975 2063 1060">
    <p class='ocr_par' dir='ltr' id='par_1_11' title="bbox 481 975 2063 1060">
     <span class='ocr_line' id='line_1_11' title="bbox 481 975 2063 1060; baseline 0.01 -33"><span class='ocrx_word' id='word_1_71' title='bbox 481 975 579 1045; x_wconf 79' lang='grc' dir='ltr'>τὴν</span> <span class='ocrx_word' id='word_1_72' title='bbox 610 977 805 1044; x_wconf 71' lang='grc' dir='ltr'>φορὰν,</span> <span class='ocrx_word' id='word_1_73' title='bbox 856 980 1145 1049; x_wconf 78' lang='grc' dir='ltr'>ἐργασίας,</span> <span class='ocrx_word' id='word_1_74' title='bbox 1194 983 1304 1035; x_wconf 89' lang='grc' dir='ltr'>τῶν</span> <span class='ocrx_word' id='word_1_75' title='bbox 1333 985 1525 1051; x_wconf 94' lang='grc' dir='ltr'>τελῶν,</span> <span class='ocrx_word' id='word_1_76' title='bbox 1584 988 1652 1039; x_wconf 85' lang='grc' dir='ltr'>δι’</span> <span class='ocrx_word' id='word_1_77' title='bbox 1679 979 1863 1058; x_wconf 83' lang='grc' dir='ltr'>ὧνπερ</span> <span class='ocrx_word' id='word_1_78' title='bbox 1894 990 2063 1060; x_wconf 77' lang='grc' dir='ltr'>ἔργά-</span> 
     </span>
    </p>
   </div>
   <div class='ocr_carea' id='block_1_12' title="bbox 483 1068 2059 1149">
    <p class='ocr_par' dir='ltr' id='par_1_12' title="bbox 483 1068 2059 1149">
     <span class='ocr_line' id='line_1_12' title="bbox 483 1068 2059 1149; baseline 0.009 -32"><span class='ocrx_word' id='word_1_79' title='bbox 483 1083 665 1119; x_wconf 89' lang='grc' dir='ltr'>σονται</span> <span class='ocrx_word' id='word_1_80' title='bbox 687 1068 738 1121; x_wconf 84' lang='grc' dir='ltr'>οί</span> <span class='ocrx_word' id='word_1_81' title='bbox 764 1069 1146 1139; x_wconf 78' lang='grc' dir='ltr'>ἐργασάμενοι,</span> <span class='ocrx_word' id='word_1_82' title='bbox 1176 1073 1335 1141; x_wconf 87' lang='grc' dir='ltr'>βοῶν,</span> <span class='ocrx_word' id='word_1_83' title='bbox 1361 1076 1642 1145; x_wconf 85' lang='grc' dir='ltr'>ἀμπέλων,</span> <span class='ocrx_word' id='word_1_84' title='bbox 1676 1079 2059 1149; x_wconf 76' lang='grc' dir='ltr'>βοσκημάτων,</span> 
     </span>
    </p>
   </div>
   <div class='ocr_carea' id='block_1_13' title="bbox 484 1158 2061 1236">
    <p class='ocr_par' dir='ltr' id='par_1_13' title="bbox 484 1158 2061 1236">
     <span class='ocr_line' id='line_1_13' title="bbox 484 1158 2061 1236; baseline 0.011 -27"><span class='ocrx_word' id='word_1_85' title='bbox 484 1158 577 1210; x_wconf 79' lang='grc' dir='ltr'>καὶ</span> <span class='ocrx_word' id='word_1_86' title='bbox 606 1159 714 1210; x_wconf 87' lang='grc' dir='ltr'>τῶν</span> <span class='ocrx_word' id='word_1_87' title='bbox 748 1159 923 1213; x_wconf 82' lang='grc' dir='ltr'>ἄλλων</span> <span class='ocrx_word' id='word_1_88' title='bbox 951 1163 1060 1214; x_wconf 90' lang='grc' dir='ltr'>τῶν</span> <span class='ocrx_word' id='word_1_89' title='bbox 1091 1169 1545 1236; x_wconf 78' lang='grc' dir='ltr'>τοιουτοτρόπων,</span> <span class='ocrx_word' id='word_1_90' title='bbox 1584 1172 1677 1233; x_wconf 70' lang='grc' dir='ltr'>καὶ</span> <span class='ocrx_word' id='word_1_91' title='bbox 1716 1172 1818 1236; x_wconf 81' lang='grc' dir='ltr'>τῆς</span> <span class='ocrx_word' id='word_1_92' title='bbox 1851 1173 2061 1227; x_wconf 84' lang='grc' dir='ltr'>τούτων</span> 
     </span>
    </p>
   </div>
   <div class='ocr_carea' id='block_1_14' title="bbox 484 1245 2062 1329">
    <p class='ocr_par' dir='ltr' id='par_1_14' title="bbox 484 1245 2062 1329">
     <span class='ocr_line' id='line_1_14' title="bbox 484 1245 2062 1329; baseline 0.011 -32"><span class='ocrx_word' id='word_1_93' title='bbox 484 1245 752 1316; x_wconf 81' lang='grc' dir='ltr'>φυλακῆς.</span> <span class='ocrx_word' id='word_1_94' title='bbox 784 1249 946 1303; x_wconf 81' lang='grc' dir='ltr'>Ὥστε</span> <span class='ocrx_word' id='word_1_95' title='bbox 988 1252 1084 1306; x_wconf 80' lang='grc' dir='ltr'>καὶ</span> <span class='ocrx_word' id='word_1_96' title='bbox 1126 1257 1307 1323; x_wconf 77' lang='grc' dir='ltr'>τρισὶν</span> <span class='ocrx_word' id='word_1_97' title='bbox 1341 1257 1408 1310; x_wconf 84' lang='grc' dir='ltr'>ἂν</span> <span class='ocrx_word' id='word_1_98' title='bbox 1458 1262 1788 1329; x_wconf 79' lang='grc' dir='ltr'>προσήκοιεν</span> <span class='ocrx_word' id='word_1_99' title='bbox 1828 1262 1971 1315; x_wconf 83' lang='grc' dir='ltr'>κατά</span> <span class='ocrx_word' id='word_1_100' title='bbox 2002 1263 2062 1315; x_wconf 76' lang='grc' dir='ltr'>τὸ</span> 
     </span>
    </p>
   </div>
   <div class='ocr_carea' id='block_1_15' title="bbox 483 1339 2061 1423">
    <p class='ocr_par' dir='ltr' id='par_1_15' title="bbox 483 1339 2061 1423">
     <span class='ocr_line' id='line_1_15' title="bbox 483 1339 2061 1423; baseline 0.009 -31"><span class='ocrx_word' id='word_1_101' title='bbox 483 1339 714 1406; x_wconf 88' lang='grc' dir='ltr'>δίκαιον,</span> <span class='ocrx_word' id='word_1_102' title='bbox 742 1344 859 1406; x_wconf 84' lang='grc' dir='ltr'>τοῖς</span> <span class='ocrx_word' id='word_1_103' title='bbox 901 1346 1311 1414; x_wconf 76' lang='grc' dir='ltr'>ἐργαζομένοις,</span> <span class='ocrx_word' id='word_1_104' title='bbox 1345 1351 1459 1413; x_wconf 93' lang='grc' dir='ltr'>τοῖς</span> <span class='ocrx_word' id='word_1_105' title='bbox 1492 1350 1560 1403; x_wconf 82' lang='grc' dir='ltr'>τὰ</span> <span class='ocrx_word' id='word_1_106' title='bbox 1589 1352 1717 1419; x_wconf 85' lang='grc' dir='ltr'>τέλη</span> <span class='ocrx_word' id='word_1_107' title='bbox 1750 1354 2061 1423; x_wconf 82' lang='grc' dir='ltr'>παρεχομέ-</span> 
     </span>
    </p>
   </div>
   <div class='ocr_carea' id='block_1_16' title="bbox 484 1435 2065 1510">
    <p class='ocr_par' dir='ltr' id='par_1_16' title="bbox 484 1435 2065 1510">
     <span class='ocr_line' id='line_1_16' title="bbox 484 1435 2065 1510; baseline 0.008 -27"><span class='ocrx_word' id='word_1_108' title='bbox 484 1450 597 1495; x_wconf 91' lang='grc' dir='ltr'>νοις</span> <span class='ocrx_word' id='word_1_109' title='bbox 628 1436 740 1497; x_wconf 88' lang='grc' dir='ltr'>τοῖς</span> <span class='ocrx_word' id='word_1_110' title='bbox 798 1435 1000 1504; x_wconf 80' lang='grc' dir='ltr'>ἔργοις,</span> <span class='ocrx_word' id='word_1_111' title='bbox 1054 1440 1147 1489; x_wconf 74' lang='grc' dir='ltr'>καὶ</span> <span class='ocrx_word' id='word_1_112' title='bbox 1201 1440 1408 1508; x_wconf 84' lang='grc' dir='ltr'>τρίτοις</span> <span class='ocrx_word' id='word_1_113' title='bbox 1457 1444 1567 1503; x_wconf 84' lang='grc' dir='ltr'>τοῖς</span> <span class='ocrx_word' id='word_1_114' title='bbox 1613 1443 1810 1510; x_wconf 77' lang='grc' dir='ltr'>φύλαξί</span> <span class='ocrx_word' id='word_1_115' title='bbox 1862 1461 1921 1495; x_wconf 89' lang='grc' dir='ltr'>τε</span> <span class='ocrx_word' id='word_1_116' title='bbox 1954 1444 2065 1496; x_wconf 86' lang='grc' dir='ltr'>τῶν</span> 
     </span>
    </p>
   </div>
   <div class='ocr_carea' id='block_1_17' title="bbox 485 1523 2061 1603">
    <p class='ocr_par' dir='ltr' id='par_1_17' title="bbox 485 1523 2061 1603">
     <span class='ocr_line' id='line_1_17' title="bbox 485 1523 2061 1603; baseline 0.008 -28"><span class='ocrx_word' id='word_1_117' title='bbox 485 1523 622 1577; x_wconf 78' lang='grc' dir='ltr'>ὅλων</span> <span class='ocrx_word' id='word_1_118' title='bbox 654 1527 747 1577; x_wconf 84' lang='grc' dir='ltr'>καὶ</span> <span class='ocrx_word' id='word_1_119' title='bbox 778 1530 1072 1597; x_wconf 72' lang='grc' dir='ltr'>σωτῆρσιν,</span> <span class='ocrx_word' id='word_1_120' title='bbox 1106 1528 1201 1592; x_wconf 84' lang='grc' dir='ltr'>οὓς</span> <span class='ocrx_word' id='word_1_121' title='bbox 1235 1530 1494 1600; x_wconf 75' lang='grc' dir='ltr'>βασιλέας</span> <span class='ocrx_word' id='word_1_122' title='bbox 1533 1551 1592 1585; x_wconf 88' lang='grc' dir='ltr'>τε</span> <span class='ocrx_word' id='word_1_123' title='bbox 1643 1536 1735 1587; x_wconf 74' lang='grc' dir='ltr'>καὶ</span> <span class='ocrx_word' id='word_1_124' title='bbox 1767 1535 2061 1603; x_wconf 78' lang='grc' dir='ltr'>ἡγεμόνας,</span> 
     </span>
    </p>
   </div>
   <div class='ocr_carea' id='block_1_18' title="bbox 486 1616 2066 1696">
    <p class='ocr_par' dir='ltr' id='par_1_18' title="bbox 486 1616 2066 1696">
     <span class='ocr_line' id='line_1_18' title="bbox 486 1616 2066 1696; baseline 0.006 -25"><span class='ocrx_word' id='word_1_125' title='bbox 486 1616 683 1682; x_wconf 72' lang='grc' dir='ltr'>άὶλους</span> <span class='ocrx_word' id='word_1_126' title='bbox 714 1637 774 1670; x_wconf 88' lang='grc' dir='ltr'>τε</span> <span class='ocrx_word' id='word_1_127' title='bbox 830 1620 1100 1690; x_wconf 80' lang='grc' dir='ltr'>ἄρχοντας</span> <span class='ocrx_word' id='word_1_128' title='bbox 1132 1624 1359 1691; x_wconf 73' lang='grc' dir='ltr'>ἔφαμεν.</span> <span class='ocrx_word' id='word_1_129' title='bbox 1400 1626 1539 1687; x_wconf 85' lang='grc' dir='ltr'>Τοὺς</span> <span class='ocrx_word' id='word_1_130' title='bbox 1589 1626 1682 1679; x_wconf 77' lang='grc' dir='ltr'>οὖν</span> <span class='ocrx_word' id='word_1_131' title='bbox 1728 1627 2066 1696; x_wconf 79' lang='grc' dir='ltr'>αὐτουργοὺς</span> 
     </span>
    </p>
   </div>
   <div class='ocr_carea' id='block_1_19' title="bbox 486 1709 2065 1785">
    <p class='ocr_par' dir='ltr' id='par_1_19' title="bbox 486 1709 2065 1785">
     <span class='ocr_line' id='line_1_19' title="bbox 486 1709 2065 1785; baseline 0.006 -26"><span class='ocrx_word' id='word_1_132' title='bbox 486 1709 613 1771; x_wconf 82' lang='grc' dir='ltr'>τοὺς</span> <span class='ocrx_word' id='word_1_133' title='bbox 653 1710 875 1774; x_wconf 78' lang='grc' dir='ltr'>οἰκείοις</span> <span class='ocrx_word' id='word_1_134' title='bbox 927 1715 1038 1777; x_wconf 90' lang='grc' dir='ltr'>τοῖς</span> <span class='ocrx_word' id='word_1_135' title='bbox 1082 1715 1293 1769; x_wconf 79' lang='grc' dir='ltr'>τέλεσιν</span> <span class='ocrx_word' id='word_1_136' title='bbox 1341 1717 1765 1785; x_wconf 74' lang='grc' dir='ltr'>ἐργαζομένους,</span> <span class='ocrx_word' id='word_1_137' title='bbox 1813 1718 2065 1785; x_wconf 79' lang='grc' dir='ltr'>ἐξουσίας</span> 
     </span>
    </p>
   </div>
   <div class='ocr_carea' id='block_1_20' title="bbox 396 1800 2064 1878">
    <p class='ocr_par' dir='ltr' id='par_1_20' title="bbox 396 1800 2064 1878">
     <span class='ocr_line' id='line_1_20' title="bbox 396 1800 2064 1878; baseline 0.006 -26"><span class='ocrx_word' id='word_1_138' title='bbox 396 1860 399 1861; x_wconf 21' lang='grc' dir='ltr'>ν</span> <span class='ocrx_word' id='word_1_139' title='bbox 484 1800 649 1869; x_wconf 78' lang='grc' dir='ltr'>οὔσης</span> <span class='ocrx_word' id='word_1_140' title='bbox 684 1804 868 1870; x_wconf 77' lang='grc' dir='ltr'>σφίσιν</span> <span class='ocrx_word' id='word_1_141' title='bbox 896 1806 1001 1874; x_wconf 81' lang='grc' dir='ltr'>ὅπη</span> <span class='ocrx_word' id='word_1_142' title='bbox 1049 1823 1106 1857; x_wconf 89' lang='grc' dir='ltr'>τε</span> <span class='ocrx_word' id='word_1_143' title='bbox 1137 1806 1240 1875; x_wconf 83' lang='grc' dir='ltr'>γῆς</span> <span class='ocrx_word' id='word_1_144' title='bbox 1269 1813 1365 1860; x_wconf 72' lang='grc' dir='ltr'>καὶ</span> <span class='ocrx_word' id='word_1_145' title='bbox 1396 1810 1543 1870; x_wconf 85' lang='grc' dir='ltr'>ὅπως</span> <span class='ocrx_word' id='word_1_146' title='bbox 1583 1808 1861 1876; x_wconf 85' lang='grc' dir='ltr'>βούλοιντο</span> <span class='ocrx_word' id='word_1_147' title='bbox 1893 1809 2064 1878; x_wconf 80' lang='grc' dir='ltr'>ἐργά-</span> 
     </span>
    </p>
   </div>
   <div class='ocr_carea' id='block_1_21' title="bbox 2239 897 3752 967">
    <p class='ocr_par' dir='ltr' id='par_1_21' title="bbox 2239 897 3752 967">
     <span class='ocr_line' id='line_1_21' title="bbox 2239 897 3752 967; baseline -0.001 -15"><span class='ocrx_word' id='word_1_148' title='bbox 2239 900 2324 953; x_wconf 79' lang='grc'>15.</span> <span class='ocrx_word' id='word_1_149' title='bbox 2351 897 2531 952; x_wconf 66' lang='lat' dir='ltr'><strong>Terra:</strong></span> <span class='ocrx_word' id='word_1_150' title='bbox 2555 898 2763 953; x_wconf 83' lang='lat' dir='ltr'><strong>fructus</strong></span> <span class='ocrx_word' id='word_1_151' title='bbox 2784 898 2881 952; x_wconf 86' lang='lat' dir='ltr'><strong>tria</strong></span> <span class='ocrx_word' id='word_1_152' title='bbox 2906 898 3247 967; x_wconf 87' lang='lat' dir='ltr'><strong>potissimum</strong></span> <span class='ocrx_word' id='word_1_153' title='bbox 3284 898 3591 965; x_wconf 88' lang='lat' dir='ltr'><strong>requirunt,</strong></span> <span class='ocrx_word' id='word_1_154' title='bbox 3619 913 3752 965; x_wconf 81' lang='lat' dir='ltr'><strong>ope-</strong></span> 
     </span>
    </p>
   </div>
   <div class='ocr_carea' id='block_1_22' title="bbox 2165 987 3752 1057">
    <p class='ocr_par' dir='ltr' id='par_1_22' title="bbox 2165 987 3752 1057">
     <span class='ocr_line' id='line_1_22' title="bbox 2165 987 3752 1057; baseline -0.003 -13"><span class='ocrx_word' id='word_1_155' title='bbox 2165 1006 2278 1055; x_wconf 88' lang='lat' dir='ltr'><strong>ras,</strong></span> <span class='ocrx_word' id='word_1_156' title='bbox 2303 999 2552 1057; x_wconf 85' lang='lat' dir='ltr'><strong>sumptus</strong></span> <span class='ocrx_word' id='word_1_157' title='bbox 2572 989 2752 1057; x_wconf 89' lang='lat' dir='ltr'><strong>operis</strong></span> <span class='ocrx_word' id='word_1_158' title='bbox 2781 987 3121 1057; x_wconf 68' lang='lat' dir='ltr'><strong>prasbendos,</strong></span> <span class='ocrx_word' id='word_1_159' title='bbox 3139 998 3197 1042; x_wconf 92' lang='lat' dir='ltr'>ut</span> <span class='ocrx_word' id='word_1_160' title='bbox 3224 989 3409 1051; x_wconf 85' lang='lat' dir='ltr'><strong>boves,</strong></span> <span class='ocrx_word' id='word_1_161' title='bbox 3431 989 3635 1051; x_wconf 85' lang='lat' dir='ltr'><strong>vineas,</strong></span> <span class='ocrx_word' id='word_1_162' title='bbox 3662 1004 3752 1041; x_wconf 84' lang='lat' dir='ltr'><strong>ar—</strong></span> 
     </span>
    </p>
   </div>
   <div class='ocr_carea' id='block_1_23' title="bbox 2167 1081 3753 1149">
    <p class='ocr_par' dir='ltr' id='par_1_23' title="bbox 2167 1081 3753 1149">
     <span class='ocr_line' id='line_1_23' title="bbox 2167 1081 3753 1149; baseline -0.003 -13"><span class='ocrx_word' id='word_1_163' title='bbox 2167 1092 2345 1136; x_wconf 87' lang='lat' dir='ltr'><strong>menta</strong></span> <span class='ocrx_word' id='word_1_164' title='bbox 2381 1093 2435 1136; x_wconf 90' lang='lat' dir='ltr'>et</span> <span class='ocrx_word' id='word_1_165' title='bbox 2481 1082 2776 1145; x_wconf 85' lang='lat' dir='ltr'><strong>similia,et</strong></span> <span class='ocrx_word' id='word_1_166' title='bbox 2819 1082 3014 1135; x_wconf 87' lang='lat' dir='ltr'><strong>horum</strong></span> <span class='ocrx_word' id='word_1_167' title='bbox 3053 1081 3378 1138; x_wconf 87' lang='lat' dir='ltr'><strong>custodiam.</strong></span> <span class='ocrx_word' id='word_1_168' title='bbox 3422 1090 3753 1149; x_wconf 75' lang='lat' dir='ltr'>quapropter</span> 
     </span>
    </p>
   </div>
   <div class='ocr_carea' id='block_1_24' title="bbox 2164 1173 3761 1244">
    <p class='ocr_par' dir='ltr' id='par_1_24' title="bbox 2164 1173 3761 1244">
     <span class='ocr_line' id='line_1_24' title="bbox 2164 1173 3761 1244; baseline -0.004 -15"><span class='ocrx_word' id='word_1_169' title='bbox 2164 1176 2325 1229; x_wconf 86' lang='lat' dir='ltr'><strong>etiam</strong></span> <span class='ocrx_word' id='word_1_170' title='bbox 2346 1175 2524 1229; x_wconf 89' lang='lat' dir='ltr'><strong>tribus</strong></span> <span class='ocrx_word' id='word_1_171' title='bbox 2548 1175 2671 1244; x_wconf 84' lang='lat' dir='ltr'>jure</span> <span class='ocrx_word' id='word_1_172' title='bbox 2692 1175 2979 1236; x_wconf 85' lang='lat' dir='ltr'><strong>debentur,</strong></span> <span class='ocrx_word' id='word_1_173' title='bbox 3002 1174 3205 1243; x_wconf 87' lang='lat' dir='ltr'><strong>operis,</strong></span> <span class='ocrx_word' id='word_1_174' title='bbox 3230 1182 3545 1242; x_wconf 76' lang='lat' dir='ltr'>sumptuum</span> <span class='ocrx_word' id='word_1_175' title='bbox 3570 1173 3761 1225; x_wconf 87' lang='lat' dir='ltr'><strong>domi--</strong></span> 
     </span>
    </p>
   </div>
   <div class='ocr_carea' id='block_1_25' title="bbox 2166 1264 3755 1335">
    <p class='ocr_par' dir='ltr' id='par_1_25' title="bbox 2166 1264 3755 1335">
     <span class='ocr_line' id='line_1_25' title="bbox 2166 1264 3755 1335; baseline -0.005 -14"><span class='ocrx_word' id='word_1_176' title='bbox 2166 1267 2272 1330; x_wconf 91' lang='lat' dir='ltr'><strong>nis,</strong></span> <span class='ocrx_word' id='word_1_177' title='bbox 2293 1281 2357 1320; x_wconf 79' lang='lat' dir='ltr'>ac</span> <span class='ocrx_word' id='word_1_178' title='bbox 2388 1267 2624 1335; x_wconf 84' lang='lat' dir='ltr'><strong>denique</strong></span> <span class='ocrx_word' id='word_1_179' title='bbox 2640 1265 2956 1321; x_wconf 69' lang='lat' dir='ltr'>custodibus</span> <span class='ocrx_word' id='word_1_180' title='bbox 2973 1266 3348 1319; x_wconf 88' lang='lat' dir='ltr'><strong>universorum</strong></span> <span class='ocrx_word' id='word_1_181' title='bbox 3369 1274 3422 1317; x_wconf 87' lang='lat' dir='ltr'>et</span> <span class='ocrx_word' id='word_1_182' title='bbox 3457 1264 3755 1318; x_wconf 84' lang='lat' dir='ltr'><strong>servatori-</strong></span> 
     </span>
    </p>
   </div>
   <div class='ocr_carea' id='block_1_26' title="bbox 2168 1356 3754 1426">
    <p class='ocr_par' dir='ltr' id='par_1_26' title="bbox 2168 1356 3754 1426">
     <span class='ocr_line' id='line_1_26' title="bbox 2168 1356 3754 1426; baseline -0.003 -15"><span class='ocrx_word' id='word_1_183' title='bbox 2168 1359 2271 1411; x_wconf 90' lang='lat' dir='ltr'>bus</span> <span class='ocrx_word' id='word_1_184' title='bbox 2293 1372 2429 1425; x_wconf 92' lang='lat' dir='ltr'><strong>quos</strong></span> <span class='ocrx_word' id='word_1_185' title='bbox 2468 1373 2642 1425; x_wconf 72' lang='lat' dir='ltr'><strong>reges,</strong></span> <span class='ocrx_word' id='word_1_186' title='bbox 2674 1358 2967 1426; x_wconf 88' lang='lat' dir='ltr'><strong>principes,</strong></span> <span class='ocrx_word' id='word_1_187' title='bbox 3005 1357 3253 1425; x_wconf 83' lang='lat' dir='ltr'><strong>aliosque</strong></span> <span class='ocrx_word' id='word_1_188' title='bbox 3288 1356 3569 1424; x_wconf 62' lang='lat' dir='ltr'><strong>praefectos</strong></span> <span class='ocrx_word' id='word_1_189' title='bbox 3614 1356 3754 1408; x_wconf 73' lang='grc' dir='ltr'><strong>(Ιὶκὶ-</strong></span> 
     </span>
    </p>
   </div>
   <div class='ocr_carea' id='block_1_27' title="bbox 2168 1448 3753 1517">
    <p class='ocr_par' dir='ltr' id='par_1_27' title="bbox 2168 1448 3753 1517">
     <span class='ocr_line' id='line_1_27' title="bbox 2168 1448 3753 1517; baseline -0.003 -15"><span class='ocrx_word' id='word_1_190' title='bbox 2168 1465 2312 1503; x_wconf 89' lang='lat' dir='ltr'><strong>mus.</strong></span> <span class='ocrx_word' id='word_1_191' title='bbox 2337 1448 2545 1503; x_wconf 81' lang='lat' dir='ltr'><strong>Rustici</strong></span> <span class='ocrx_word' id='word_1_192' title='bbox 2571 1463 2702 1513; x_wconf 82' lang='lat' dir='ltr'><strong>ergo</strong></span> <span class='ocrx_word' id='word_1_193' title='bbox 2734 1449 2827 1516; x_wconf 91' lang='lat' dir='ltr'><strong>qui</strong></span> <span class='ocrx_word' id='word_1_194' title='bbox 2851 1450 2966 1503; x_wconf 86' lang='lat' dir='ltr'>suis</span> <span class='ocrx_word' id='word_1_195' title='bbox 2996 1450 3245 1503; x_wconf 86' lang='lat' dir='ltr'><strong>labOrant</strong></span> <span class='ocrx_word' id='word_1_196' title='bbox 3282 1449 3609 1517; x_wconf 84' lang='lat' dir='ltr'><strong>sumptibus,</strong></span> <span class='ocrx_word' id='word_1_197' title='bbox 3629 1462 3753 1499; x_wconf 75' lang='lat' dir='ltr'>cum</span> 
     </span>
    </p>
   </div>
   <div class='ocr_carea' id='block_1_28' title="bbox 2169 1539 3759 1608">
    <p class='ocr_par' dir='ltr' id='par_1_28' title="bbox 2169 1539 3759 1608">
     <span class='ocr_line' id='line_1_28' title="bbox 2169 1539 3759 1608; baseline -0.001 -16"><span class='ocrx_word' id='word_1_198' title='bbox 2169 1541 2328 1593; x_wconf 83' lang='lat' dir='ltr'><strong>liceat</strong></span> <span class='ocrx_word' id='word_1_199' title='bbox 2361 1540 2495 1608; x_wconf 86' lang='lat' dir='ltr'><strong>ipsis</strong></span> <span class='ocrx_word' id='word_1_200' title='bbox 2528 1554 2855 1607; x_wconf 84' lang='lat' dir='ltr'><strong>quocunque</strong></span> <span class='ocrx_word' id='word_1_201' title='bbox 2883 1539 3003 1593; x_wconf 91' lang='lat' dir='ltr'><strong>loco</strong></span> <span class='ocrx_word' id='word_1_202' title='bbox 3035 1541 3455 1605; x_wconf 66' lang='lat' dir='ltr'><strong>terramquovis</strong></span> <span class='ocrx_word' id='word_1_203' title='bbox 3487 1552 3643 1606; x_wconf 79' lang='lat' dir='ltr'><strong>pacto</strong></span> <span class='ocrx_word' id='word_1_204' title='bbox 3664 1551 3759 1590; x_wconf 90' lang='lat' dir='ltr'><strong>co-</strong></span> 
     </span>
    </p>
   </div>
   <div class='ocr_carea' id='block_1_29' title="bbox 2172 1628 3756 1699">
    <p class='ocr_par' dir='ltr' id='par_1_29' title="bbox 2172 1628 3756 1699">
     <span class='ocr_line' id='line_1_29' title="bbox 2172 1628 3756 1699; baseline -0.003 -15"><span class='ocrx_word' id='word_1_205' title='bbox 2172 1631 2301 1695; x_wconf 76' lang='lat' dir='ltr'><strong>lere,</strong></span> <span class='ocrx_word' id='word_1_206' title='bbox 2354 1632 2566 1683; x_wconf 89' lang='lat' dir='ltr'><strong>duabus</strong></span> <span class='ocrx_word' id='word_1_207' title='bbox 2604 1628 2848 1686; x_wconf 81' lang='lat' dir='ltr'><strong>fruentes</strong></span> <span class='ocrx_word' id='word_1_208' title='bbox 2888 1630 3154 1698; x_wconf 89' lang='lat' dir='ltr'><strong>partibus,</strong></span> <span class='ocrx_word' id='word_1_209' title='bbox 3170 1631 3337 1685; x_wconf 88' lang='lat' dir='ltr'><strong>altera</strong></span> <span class='ocrx_word' id='word_1_210' title='bbox 3365 1631 3567 1699; x_wconf 85' lang='lat' dir='ltr'><strong>operis,</strong></span> <span class='ocrx_word' id='word_1_211' title='bbox 3591 1631 3756 1683; x_wconf 83' lang='lat' dir='ltr'><strong>altera</strong></span> 
     </span>
    </p>
   </div>
   <div class='ocr_carea' id='block_1_30' title="bbox 2172 1720 3757 1790">
    <p class='ocr_par' dir='ltr' id='par_1_30' title="bbox 2172 1720 3757 1790">
     <span class='ocr_line' id='line_1_30' title="bbox 2172 1720 3757 1790; baseline 0.001 -15"><span class='ocrx_word' id='word_1_212' title='bbox 2172 1721 2480 1790; x_wconf 83' lang='lat' dir='ltr'><strong>sumptibus</strong></span> <span class='ocrx_word' id='word_1_213' title='bbox 2524 1720 2729 1783; x_wconf 81' lang='lat' dir='ltr'>debila,</span> <span class='ocrx_word' id='word_1_214' title='bbox 2759 1722 2971 1774; x_wconf 86' lang='lat' dir='ltr'><strong>tertiam</strong></span> <span class='ocrx_word' id='word_1_215' title='bbox 3014 1720 3323 1788; x_wconf 80' lang='lat' dir='ltr'><strong>reipublica:</strong></span> <span class='ocrx_word' id='word_1_216' title='bbox 3348 1728 3404 1775; x_wconf 78' lang='lat' dir='ltr'>et</span> <span class='ocrx_word' id='word_1_217' title='bbox 3438 1723 3757 1776; x_wconf 75' lang='lat' dir='ltr'>custodibus</span> 
     </span>
    </p>
   </div>
   <div class='ocr_carea' id='block_1_31' title="bbox 2173 1807 3757 1881">
    <p class='ocr_par' dir='ltr' id='par_1_31' title="bbox 2173 1807 3757 1881">
     <span class='ocr_line' id='line_1_31' title="bbox 2173 1807 3757 1881; baseline 0.004 -22"><span class='ocrx_word' id='word_1_218' title='bbox 2173 1807 2552 1861; x_wconf 78' lang='lat' dir='ltr'><strong>universorum</strong></span> <span class='ocrx_word' id='word_1_219' title='bbox 2590 1815 2865 1875; x_wconf 85' lang='lat' dir='ltr'><strong>praestent,</strong></span> <span class='ocrx_word' id='word_1_220' title='bbox 2926 1809 3074 1862; x_wconf 88' lang='lat' dir='ltr'><strong>omni</strong></span> <span class='ocrx_word' id='word_1_221' title='bbox 3133 1808 3246 1862; x_wconf 80' lang='lat' dir='ltr'><strong>alia</strong></span> <span class='ocrx_word' id='word_1_222' title='bbox 3284 1811 3575 1864; x_wconf 86' lang='lat' dir='ltr'><strong>collatione</strong></span> <span class='ocrx_word' id='word_1_223' title='bbox 3621 1828 3757 1881; x_wconf 82' lang='lat' dir='ltr'><strong>qua-</strong></span> 
     </span>
    </p>
   </div>
   <div class='ocr_carea' id='block_1_32' title="bbox 485 1896 2089 1983">
    <p class='ocr_par' dir='ltr' id='par_1_32' title="bbox 485 1896 2061 1972">
     <span class='ocr_line' id='line_1_32' title="bbox 485 1896 2061 1972; baseline 0.004 -25"><span class='ocrx_word' id='word_1_224' title='bbox 485 1896 698 1962; x_wconf 83' lang='grc' dir='ltr'>ζεσθαι,</span> <span class='ocrx_word' id='word_1_225' title='bbox 729 1897 948 1967; x_wconf 79' lang='grc' dir='ltr'>ἔχοντας</span> <span class='ocrx_word' id='word_1_226' title='bbox 974 1900 1069 1961; x_wconf 83' lang='grc' dir='ltr'>τὰς</span> <span class='ocrx_word' id='word_1_227' title='bbox 1095 1901 1190 1953; x_wconf 74' lang='grc' dir='ltr'>δύο</span> <span class='ocrx_word' id='word_1_228' title='bbox 1224 1904 1441 1970; x_wconf 78' lang='grc' dir='ltr'>μοίρας,</span> <span class='ocrx_word' id='word_1_229' title='bbox 1470 1902 1567 1971; x_wconf 82' lang='grc' dir='ltr'>τὴν</span> <span class='ocrx_word' id='word_1_230' title='bbox 1597 1903 1698 1971; x_wconf 71' lang='grc' dir='ltr'>μὲν</span> <span class='ocrx_word' id='word_1_231' title='bbox 1727 1906 1791 1971; x_wconf 82' lang='grc' dir='ltr'>τῇ</span> <span class='ocrx_word' id='word_1_232' title='bbox 1826 1901 2061 1972; x_wconf 78' lang='grc' dir='ltr'>ἐργασίᾳ</span> 
     </span>
    </p>
   </div>
   <div class='ocr_carea' id='block_1_33' title="bbox 2176 1896 3760 1983">
    <p class='ocr_par' dir='ltr' id='par_1_33' title="bbox 2176 1898 3760 1969">
     <span class='ocr_line' id='line_1_33' title="bbox 2176 1898 3760 1969; baseline 0.001 -16"><span class='ocrx_word' id='word_1_233' title='bbox 2176 1914 2389 1969; x_wconf 86' lang='lat' dir='ltr'><strong>cunque</strong></span> <span class='ocrx_word' id='word_1_234' title='bbox 2436 1900 2693 1968; x_wconf 89' lang='lat' dir='ltr'><strong>omnique</strong></span> <span class='ocrx_word' id='word_1_235' title='bbox 2721 1898 3026 1952; x_wconf 88' lang='lat' dir='ltr'><strong>ministerio</strong></span> <span class='ocrx_word' id='word_1_236' title='bbox 3050 1908 3323 1963; x_wconf 87' lang='lat' dir='ltr'><strong>vacantes,</strong></span> <span class='ocrx_word' id='word_1_237' title='bbox 3357 1912 3519 1968; x_wconf 84' lang='lat' dir='ltr'><strong>atque</strong></span> <span class='ocrx_word' id='word_1_238' title='bbox 3553 1903 3654 1957; x_wconf 80' lang='lat' dir='ltr'>hoc</span> <span class='ocrx_word' id='word_1_239' title='bbox 3691 1906 3760 1956; x_wconf 91' lang='lat' dir='ltr'>sit</span> 
     </span>
    </p>
   </div>
   <div class='ocr_carea' id='block_1_34' title="bbox 488 1989 2065 2061">
    <p class='ocr_par' dir='ltr' id='par_1_34' title="bbox 488 1989 2065 2061">
     <span class='ocr_line' id='line_1_34' title="bbox 488 1989 2065 2061; baseline 0.003 -23"><span class='ocrx_word' id='word_1_240' title='bbox 488 1989 895 2055; x_wconf 69' lang='grc' dir='ltr'>προσήκουσαν,</span> <span class='ocrx_word' id='word_1_241' title='bbox 951 1992 1051 2059; x_wconf 81' lang='grc' dir='ltr'>τὴν</span> <span class='ocrx_word' id='word_1_242' title='bbox 1108 1993 1165 2045; x_wconf 81' lang='grc' dir='ltr'>δὲ</span> <span class='ocrx_word' id='word_1_243' title='bbox 1211 1994 1324 2055; x_wconf 77' lang='grc' dir='ltr'>τοῖς</span> <span class='ocrx_word' id='word_1_244' title='bbox 1377 1994 1570 2057; x_wconf 80' lang='grc' dir='ltr'>τέλεσι,</span> <span class='ocrx_word' id='word_1_245' title='bbox 1619 1994 1717 2059; x_wconf 78' lang='grc' dir='ltr'>τὴν</span> <span class='ocrx_word' id='word_1_246' title='bbox 1763 1994 1956 2061; x_wconf 75' lang='grc' dir='ltr'>τρίτην</span> <span class='ocrx_word' id='word_1_247' title='bbox 1986 1991 2065 2061; x_wconf 82' lang='grc' dir='ltr'>τῷ</span> 
     </span>
    </p>
   </div>
   <div class='ocr_carea' id='block_1_35' title="bbox 481 2076 2073 2151">
    <p class='ocr_par' dir='ltr' id='par_1_35' title="bbox 481 2076 2073 2151">
     <span class='ocr_line' id='line_1_35' title="bbox 481 2076 2073 2151; baseline 0.004 -23"><span class='ocrx_word' id='word_1_248' title='bbox 481 2076 732 2147; x_wconf 78' lang='grc' dir='ltr'>δημοσίῳ</span> <span class='ocrx_word' id='word_1_249' title='bbox 772 2097 831 2131; x_wconf 88' lang='grc' dir='ltr'>τε</span> <span class='ocrx_word' id='word_1_250' title='bbox 885 2084 977 2132; x_wconf 80' lang='grc' dir='ltr'>καὶ</span> <span class='ocrx_word' id='word_1_251' title='bbox 1011 2083 1124 2143; x_wconf 89' lang='grc' dir='ltr'>τοῖς</span> <span class='ocrx_word' id='word_1_252' title='bbox 1159 2080 1258 2151; x_wconf 76' lang='grc' dir='ltr'>τὴν</span> <span class='ocrx_word' id='word_1_253' title='bbox 1288 2082 1537 2150; x_wconf 79' lang='grc' dir='ltr'>φυλακὴν</span> <span class='ocrx_word' id='word_1_254' title='bbox 1576 2082 1683 2134; x_wconf 87' lang='grc' dir='ltr'>τῶν</span> <span class='ocrx_word' id='word_1_255' title='bbox 1721 2083 1860 2135; x_wconf 80' lang='grc' dir='ltr'>ὅλων</span> <span class='ocrx_word' id='word_1_256' title='bbox 1890 2084 2073 2135; x_wconf 75' lang='grc' dir='ltr'>ἐπιτε-</span> 
     </span>
    </p>
   </div>
   <div class='ocr_carea' id='block_1_36' title="bbox 484 2170 2072 2245">
    <p class='ocr_par' dir='ltr' id='par_1_36' title="bbox 484 2170 2072 2245">
     <span class='ocr_line' id='line_1_36' title="bbox 484 2170 2072 2245; baseline 0.004 -26"><span class='ocrx_word' id='word_1_257' title='bbox 484 2170 825 2237; x_wconf 76' lang='grc' dir='ltr'>τραμμένοις</span> <span class='ocrx_word' id='word_1_258' title='bbox 868 2173 1190 2241; x_wconf 61' lang='grc' dir='ltr'>ἀπορέρειν,</span> <span class='ocrx_word' id='word_1_259' title='bbox 1231 2173 1453 2242; x_wconf 84' lang='grc' dir='ltr'>ἀπάσης</span> <span class='ocrx_word' id='word_1_260' title='bbox 1496 2174 1662 2243; x_wconf 83' lang='grc' dir='ltr'>ἄλλης</span> <span class='ocrx_word' id='word_1_261' title='bbox 1702 2175 1962 2245; x_wconf 76' lang='grc' dir='ltr'>εἰσφορᾶς</span> <span class='ocrx_word' id='word_1_262' title='bbox 1989 2174 2072 2227; x_wconf 83' lang='grc' dir='ltr'>ὅτι</span> 
     </span>
    </p>
   </div>
   <div class='ocr_carea' id='block_1_37' title="bbox 2161 1990 3759 2059">
    <p class='ocr_par' dir='ltr' id='par_1_37' title="bbox 2161 1990 3759 2059">
     <span class='ocr_line' id='line_1_37' title="bbox 2161 1990 3759 2059; baseline 0.001 -15"><span class='ocrx_word' id='word_1_263' title='bbox 2161 1990 2526 2059; x_wconf 84' lang='lat' dir='ltr'><strong>justissimum</strong></span> <span class='ocrx_word' id='word_1_264' title='bbox 2590 1991 2875 2053; x_wconf 87' lang='lat' dir='ltr'><strong>tributum,</strong></span> <span class='ocrx_word' id='word_1_265' title='bbox 2913 1992 3199 2059; x_wconf 71' lang='lat' dir='ltr'><strong>praemium</strong></span> <span class='ocrx_word' id='word_1_266' title='bbox 3258 1991 3422 2045; x_wconf 89' lang='lat' dir='ltr'><strong>simul</strong></span> <span class='ocrx_word' id='word_1_267' title='bbox 3448 2007 3512 2045; x_wconf 85' lang='lat' dir='ltr'>ac</span> <span class='ocrx_word' id='word_1_268' title='bbox 3552 1995 3759 2045; x_wconf 74' lang='lat' dir='ltr'><strong>dimen-</strong></span> 
     </span>
    </p>
   </div>
   <div class='ocr_carea' id='block_1_38' title="bbox 2171 2082 3758 2151">
    <p class='ocr_par' dir='ltr' id='par_1_38' title="bbox 2171 2082 3758 2151">
     <span class='ocr_line' id='line_1_38' title="bbox 2171 2082 3758 2151; baseline -0.001 -13"><span class='ocrx_word' id='word_1_269' title='bbox 2171 2098 2290 2138; x_wconf 87' lang='lat' dir='ltr'><strong>Sltttt</strong></span> <span class='ocrx_word' id='word_1_270' title='bbox 2350 2082 2585 2151; x_wconf 86' lang='lat' dir='ltr'>publicis</span> <span class='ocrx_word' id='word_1_271' title='bbox 2637 2082 2908 2137; x_wconf 79' lang='lat' dir='ltr'><strong>ministris</strong></span> <span class='ocrx_word' id='word_1_272' title='bbox 2961 2082 3235 2138; x_wconf 83' lang='lat' dir='ltr'><strong>futurum.</strong></span> <span class='ocrx_word' id='word_1_273' title='bbox 3285 2082 3361 2137; x_wconf 86' lang='lat' dir='ltr'><strong>Ac</strong></span> <span class='ocrx_word' id='word_1_274' title='bbox 3411 2083 3479 2137; x_wconf 90' lang='lat' dir='ltr'>de</span> <span class='ocrx_word' id='word_1_275' title='bbox 3540 2084 3758 2137; x_wconf 81' lang='lat' dir='ltr'><strong>tributis</strong></span> 
     </span>
    </p>
   </div>
   <div class='ocr_carea' id='block_1_39' title="bbox 2124 2174 2747 2242">
    <p class='ocr_par' dir='ltr' id='par_1_39' title="bbox 2124 2174 2747 2242">
     <span class='ocr_line' id='line_1_39' title="bbox 2124 2174 2747 2242; baseline 0.003 -16"><span class='ocrx_word' id='word_1_276' title='bbox 2124 2230 2127 2233; x_wconf 8' lang='grc' dir='ltr'>ς</span> <span class='ocrx_word' id='word_1_277' title='bbox 2180 2174 2399 2242; x_wconf 88' lang='lat' dir='ltr'><strong>quidem</strong></span> <span class='ocrx_word' id='word_1_278' title='bbox 2462 2176 2747 2230; x_wconf 83' lang='lat' dir='ltr'><strong>hactenus.</strong></span> 
     </span>
    </p>
   </div>
   <div class='ocr_carea' id='block_1_40' title="bbox 488 2258 3759 2338">
    <p class='ocr_par' dir='ltr' id='par_1_40' title="bbox 488 2258 3759 2338">
     <span class='ocr_line' id='line_1_40' title="bbox 488 2258 3759 2338; baseline 0.004 -25"><span class='ocrx_word' id='word_1_279' title='bbox 488 2260 563 2329; x_wconf 82' lang='grc' dir='ltr'>μὴ</span> <span class='ocrx_word' id='word_1_280' title='bbox 618 2262 774 2326; x_wconf 80' lang='grc' dir='ltr'>ἀξίας</span> <span class='ocrx_word' id='word_1_281' title='bbox 824 2262 987 2330; x_wconf 80' lang='grc' dir='ltr'>λόγου</span> <span class='ocrx_word' id='word_1_282' title='bbox 1042 2258 1137 2319; x_wconf 74' lang='grc' dir='ltr'>καὶ</span> <span class='ocrx_word' id='word_1_283' title='bbox 1168 2266 1515 2336; x_wconf 79' lang='grc' dir='ltr'>λειτουργίας</span> <span class='ocrx_word' id='word_1_284' title='bbox 1571 2269 1923 2337; x_wconf 77' lang='grc' dir='ltr'>ἀφειμένους.</span> <span class='ocrx_word' id='word_1_285' title='bbox 1958 2268 2071 2320; x_wconf 70' lang='grc' dir='ltr'>Καὶ</span> <span class='ocrx_word' id='word_1_286' title='bbox 2107 2266 2297 2319; x_wconf 78' lang='grc' dir='ltr'>τοῦτον</span> <span class='ocrx_word' id='word_1_287' title='bbox 2331 2266 2676 2320; x_wconf 73' lang='grc' dir='ltr'>δικαιότατον</span> <span class='ocrx_word' id='word_1_288' title='bbox 2706 2267 2997 2335; x_wconf 86' lang='grc' dir='ltr'>γίγνεσθαι</span> <span class='ocrx_word' id='word_1_289' title='bbox 3027 2268 3218 2338; x_wconf 84' lang='grc' dir='ltr'>φόρον,</span> <span class='ocrx_word' id='word_1_290' title='bbox 3253 2268 3421 2338; x_wconf 84' lang='grc' dir='ltr'>γέρας</span> <span class='ocrx_word' id='word_1_291' title='bbox 3484 2286 3541 2322; x_wconf 88' lang='grc' dir='ltr'>τε</span> <span class='ocrx_word' id='word_1_292' title='bbox 3607 2269 3759 2334; x_wconf 81' lang='grc' dir='ltr'>ἄξιον</span> 
     </span>
    </p>
   </div>
   <div class='ocr_carea' id='block_1_41' title="bbox 489 2353 3436 2434">
    <p class='ocr_par' dir='ltr' id='par_1_41' title="bbox 489 2353 3436 2434">
     <span class='ocr_line' id='line_1_41' title="bbox 489 2353 3436 2434; baseline 0.003 -27"><span class='ocrx_word' id='word_1_293' title='bbox 489 2357 579 2409; x_wconf 74' lang='grc' dir='ltr'>καὶ</span> <span class='ocrx_word' id='word_1_294' title='bbox 635 2353 848 2424; x_wconf 81' lang='grc' dir='ltr'>σίτησιν</span> <span class='ocrx_word' id='word_1_295' title='bbox 889 2358 1006 2427; x_wconf 76' lang='grc' dir='ltr'>ἅμα</span> <span class='ocrx_word' id='word_1_296' title='bbox 1036 2360 1147 2421; x_wconf 86' lang='grc' dir='ltr'>τοῖς</span> <span class='ocrx_word' id='word_1_297' title='bbox 1196 2359 1428 2412; x_wconf 77' lang='grc' dir='ltr'>ἐπὶτῶν</span> <span class='ocrx_word' id='word_1_298' title='bbox 1470 2361 1668 2413; x_wconf 83' lang='grc' dir='ltr'>κοινῶν</span> <span class='ocrx_word' id='word_1_299' title='bbox 1713 2361 2071 2430; x_wconf 75' lang='grc' dir='ltr'>τεταγμένοις</span> <span class='ocrx_word' id='word_1_300' title='bbox 2110 2360 2484 2434; x_wconf 76' lang='grc' dir='ltr'>λειτουργιῶν.</span> <span class='ocrx_word' id='word_1_301' title='bbox 2526 2361 2633 2413; x_wconf 76' lang='grc' dir='ltr'>Καὶ</span> <span class='ocrx_word' id='word_1_302' title='bbox 2662 2362 2791 2430; x_wconf 78' lang='grc' dir='ltr'>περὶ</span> <span class='ocrx_word' id='word_1_303' title='bbox 2823 2364 2923 2431; x_wconf 81' lang='grc' dir='ltr'>μὲν</span> <span class='ocrx_word' id='word_1_304' title='bbox 2953 2364 3135 2431; x_wconf 86' lang='grc' dir='ltr'>φόρων</span> <span class='ocrx_word' id='word_1_305' title='bbox 3179 2363 3436 2417; x_wconf 67' lang='grc' dir='ltr'>τοσαῦτα.</span> 
     </span>
    </p>
   </div>
   <div class='ocr_carea' id='block_1_42' title="bbox 558 2470 2076 2542">
    <p class='ocr_par' dir='ltr' id='par_1_42' title="bbox 558 2470 2076 2542">
     <span class='ocr_line' id='line_1_42' title="bbox 558 2470 2076 2542; baseline 0.003 -20"><span class='ocrx_word' id='word_1_306' title='bbox 558 2470 643 2524; x_wconf 87' lang='grc' dir='ltr'>ιδ’.</span> <span class='ocrx_word' id='word_1_307' title='bbox 679 2470 790 2541; x_wconf 82' lang='grc' dir='ltr'>Τὴν</span> <span class='ocrx_word' id='word_1_308' title='bbox 823 2473 877 2524; x_wconf 81' lang='grc' dir='ltr'>δὲ</span> <span class='ocrx_word' id='word_1_309' title='bbox 920 2471 1014 2524; x_wconf 77' lang='grc' dir='ltr'>τοῦ</span> <span class='ocrx_word' id='word_1_310' title='bbox 1047 2472 1164 2542; x_wconf 86' lang='grc' dir='ltr'>βίου</span> <span class='ocrx_word' id='word_1_311' title='bbox 1197 2472 1409 2527; x_wconf 86' lang='grc' dir='ltr'>δίαιταν</span> <span class='ocrx_word' id='word_1_312' title='bbox 1444 2477 1559 2537; x_wconf 83' lang='grc' dir='ltr'>τοῖς</span> <span class='ocrx_word' id='word_1_313' title='bbox 1613 2492 1671 2526; x_wconf 90' lang='grc' dir='ltr'>τε</span> <span class='ocrx_word' id='word_1_314' title='bbox 1711 2474 1894 2533; x_wconf 71' lang='grc' dir='ltr'>ἄλλοις</span> <span class='ocrx_word' id='word_1_315' title='bbox 1926 2474 2076 2526; x_wconf 87' lang='grc' dir='ltr'>πολί-</span> 
     </span>
    </p>
   </div>
   <div class='ocr_carea' id='block_1_43' title="bbox 488 2563 2074 2634">
    <p class='ocr_par' dir='ltr' id='par_1_43' title="bbox 488 2563 2074 2634">
     <span class='ocr_line' id='line_1_43' title="bbox 488 2563 2074 2634; baseline 0.004 -22"><span class='ocrx_word' id='word_1_316' title='bbox 488 2579 633 2626; x_wconf 84' lang='grc' dir='ltr'>ταις,</span> <span class='ocrx_word' id='word_1_317' title='bbox 658 2563 755 2614; x_wconf 80' lang='grc' dir='ltr'>καὶ</span> <span class='ocrx_word' id='word_1_318' title='bbox 789 2563 1025 2630; x_wconf 82' lang='grc' dir='ltr'>μάλιστα</span> <span class='ocrx_word' id='word_1_319' title='bbox 1072 2564 1323 2633; x_wconf 80' lang='grc' dir='ltr'>ἄρχουσι,</span> <span class='ocrx_word' id='word_1_320' title='bbox 1358 2566 1433 2634; x_wconf 84' lang='grc' dir='ltr'>μὴ</span> <span class='ocrx_word' id='word_1_321' title='bbox 1481 2565 1772 2633; x_wconf 77' lang='grc' dir='ltr'>πολυτελῆ,</span> <span class='ocrx_word' id='word_1_322' title='bbox 1806 2565 1943 2618; x_wconf 81' lang='grc' dir='ltr'>ἀλλὰ</span> <span class='ocrx_word' id='word_1_323' title='bbox 1976 2581 2074 2629; x_wconf 85' lang='grc' dir='ltr'>με·</span> 
     </span>
    </p>
   </div>
   <div class='ocr_carea' id='block_1_44' title="bbox 488 2650 2073 2725">
    <p class='ocr_par' dir='ltr' id='par_1_44' title="bbox 488 2650 2073 2725">
     <span class='ocr_line' id='line_1_44' title="bbox 488 2650 2073 2725; baseline 0 -19"><span class='ocrx_word' id='word_1_324' title='bbox 488 2655 645 2724; x_wconf 87' lang='grc' dir='ltr'>τρίαν</span> <span class='ocrx_word' id='word_1_325' title='bbox 679 2650 817 2707; x_wconf 77' lang='grc' dir='ltr'>εἶναι</span> <span class='ocrx_word' id='word_1_326' title='bbox 847 2672 859 2685; x_wconf 81' lang='lat'><strong><em>‘</em></strong></span> <span class='ocrx_word' id='word_1_327' title='bbox 913 2656 1143 2720; x_wconf 83' lang='grc' dir='ltr'>ξενικῶν</span> <span class='ocrx_word' id='word_1_328' title='bbox 1174 2658 1273 2724; x_wconf 84' lang='grc' dir='ltr'>μὲν</span> <span class='ocrx_word' id='word_1_329' title='bbox 1313 2657 1561 2725; x_wconf 68' lang='grc' dir='ltr'>ἐσθήτων</span> <span class='ocrx_word' id='word_1_330' title='bbox 1599 2658 1775 2711; x_wconf 81' lang='grc' dir='ltr'>ἄλλων</span> <span class='ocrx_word' id='word_1_331' title='bbox 1825 2658 2073 2724; x_wconf 85' lang='grc' dir='ltr'>ματαίων</span> 
     </span>
    </p>
   </div>
   <div class='ocr_carea' id='block_1_45' title="bbox 490 2746 2073 2818">
    <p class='ocr_par' dir='ltr' id='par_1_45' title="bbox 490 2746 2073 2818">
     <span class='ocr_line' id='line_1_45' title="bbox 490 2746 2073 2818; baseline 0 -20"><span class='ocrx_word' id='word_1_332' title='bbox 490 2746 586 2799; x_wconf 83' lang='grc' dir='ltr'>καὶ</span> <span class='ocrx_word' id='word_1_333' title='bbox 615 2748 913 2815; x_wconf 79' lang='grc' dir='ltr'>ἀνωφελῶν</span> <span class='ocrx_word' id='word_1_334' title='bbox 939 2747 1286 2816; x_wconf 83' lang='grc' dir='ltr'>ὀλιγωροῦσι,</span> <span class='ocrx_word' id='word_1_335' title='bbox 1315 2750 1452 2818; x_wconf 82' lang='grc' dir='ltr'>πρὸς</span> <span class='ocrx_word' id='word_1_336' title='bbox 1480 2748 1536 2801; x_wconf 89' lang='grc' dir='ltr'>δὲ</span> <span class='ocrx_word' id='word_1_337' title='bbox 1560 2750 1652 2801; x_wconf 65' lang='grc' dir='ltr'>τὸν</span> <span class='ocrx_word' id='word_1_338' title='bbox 1680 2748 1912 2817; x_wconf 83' lang='grc' dir='ltr'>πόλεμον</span> <span class='ocrx_word' id='word_1_339' title='bbox 1940 2749 2073 2799; x_wconf 80' lang='grc' dir='ltr'>πᾶσι</span> 
     </span>
    </p>
   </div>
   <div class='ocr_carea' id='block_1_46' title="bbox 489 2840 2073 2909">
    <p class='ocr_par' dir='ltr' id='par_1_46' title="bbox 489 2840 2073 2909">
     <span class='ocr_line' id='line_1_46' title="bbox 489 2840 2073 2909; baseline -0.001 -19"><span class='ocrx_word' id='word_1_340' title='bbox 489 2841 863 2907; x_wconf 84' lang='grc' dir='ltr'>τεταγμένοις,</span> <span class='ocrx_word' id='word_1_341' title='bbox 892 2840 986 2891; x_wconf 76' lang='grc' dir='ltr'>καὶ</span> <span class='ocrx_word' id='word_1_342' title='bbox 1011 2840 1109 2901; x_wconf 72' lang='grc' dir='ltr'>τὰς</span> <span class='ocrx_word' id='word_1_343' title='bbox 1139 2840 1375 2893; x_wconf 75' lang='grc' dir='ltr'>ἐνταῦθα</span> <span class='ocrx_word' id='word_1_344' title='bbox 1402 2840 1675 2908; x_wconf 77' lang='grc' dir='ltr'>φερούσας</span> <span class='ocrx_word' id='word_1_345' title='bbox 1704 2841 2073 2909; x_wconf 84' lang='grc' dir='ltr'>θεραπεύουσι</span> 
     </span>
    </p>
   </div>
   <div class='ocr_carea' id='block_1_47' title="bbox 490 2928 2075 2999">
    <p class='ocr_par' dir='ltr' id='par_1_47' title="bbox 490 2928 2075 2999">
     <span class='ocr_line' id='line_1_47' title="bbox 490 2928 2075 2999; baseline 0.001 -21"><span class='ocrx_word' id='word_1_346' title='bbox 490 2930 872 2995; x_wconf 70' lang='grc' dir='ltr'>παρασκευὰς,</span> <span class='ocrx_word' id='word_1_347' title='bbox 923 2928 986 2988; x_wconf 78' lang='grc' dir='ltr'>ἃς</span> <span class='ocrx_word' id='word_1_348' title='bbox 1021 2929 1235 2999; x_wconf 81' lang='grc' dir='ltr'>ἀνάγκη</span> <span class='ocrx_word' id='word_1_349' title='bbox 1278 2929 1562 2999; x_wconf 81' lang='grc' dir='ltr'>μειοῦσθαί</span> <span class='ocrx_word' id='word_1_350' title='bbox 1611 2948 1669 2982; x_wconf 89' lang='grc' dir='ltr'>τε</span> <span class='ocrx_word' id='word_1_351' title='bbox 1725 2931 1819 2983; x_wconf 72' lang='grc' dir='ltr'>καὶ</span> <span class='ocrx_word' id='word_1_352' title='bbox 1850 2928 2075 2981; x_wconf 81' lang='grc' dir='ltr'>ἀσθενε·</span> 
     </span>
    </p>
   </div>
   <div class='ocr_carea' id='block_1_48' title="bbox 492 3018 2076 3091">
    <p class='ocr_par' dir='ltr' id='par_1_48' title="bbox 492 3018 2076 3091">
     <span class='ocr_line' id='line_1_48' title="bbox 492 3018 2076 3091; baseline 0.003 -22"><span class='ocrx_word' id='word_1_353' title='bbox 492 3018 701 3087; x_wconf 84' lang='grc' dir='ltr'>στέρως</span> <span class='ocrx_word' id='word_1_354' title='bbox 740 3018 936 3087; x_wconf 81' lang='grc' dir='ltr'>ίσχειν,</span> <span class='ocrx_word' id='word_1_355' title='bbox 976 3019 1171 3072; x_wconf 77' lang='grc' dir='ltr'>ἄλλοσέ</span> <span class='ocrx_word' id='word_1_356' title='bbox 1208 3030 1285 3090; x_wconf 83' lang='grc' dir='ltr'>πη</span> <span class='ocrx_word' id='word_1_357' title='bbox 1343 3022 1787 3091; x_wconf 77' lang='grc' dir='ltr'>ὲξαναλουμένων</span> <span class='ocrx_word' id='word_1_358' title='bbox 1828 3020 1936 3073; x_wconf 89' lang='grc' dir='ltr'>τῶν</span> <span class='ocrx_word' id='word_1_359' title='bbox 1982 3022 2076 3073; x_wconf 85' lang='grc' dir='ltr'>δα·</span> 
     </span>
    </p>
   </div>
   <div class='ocr_carea' id='block_1_49' title="bbox 490 3109 2074 3183">
    <p class='ocr_par' dir='ltr' id='par_1_49' title="bbox 490 3109 2074 3183">
     <span class='ocr_line' id='line_1_49' title="bbox 490 3109 2074 3183; baseline 0.004 -21"><span class='ocrx_word' id='word_1_360' title='bbox 490 3109 697 3163; x_wconf 82' lang='grc' dir='ltr'>πανῶν.</span> <span class='ocrx_word' id='word_1_361' title='bbox 752 3110 892 3172; x_wconf 80' lang='grc' dir='ltr'>Τοὺς</span> <span class='ocrx_word' id='word_1_362' title='bbox 948 3109 1012 3162; x_wconf 71' lang='grc' dir='ltr'>ἐκ</span> <span class='ocrx_word' id='word_1_363' title='bbox 1058 3110 1159 3178; x_wconf 75' lang='grc' dir='ltr'>τῆς</span> <span class='ocrx_word' id='word_1_364' title='bbox 1212 3111 1394 3181; x_wconf 84' lang='grc' dir='ltr'>χώρας</span> <span class='ocrx_word' id='word_1_365' title='bbox 1444 3114 1691 3182; x_wconf 76' lang='grc' dir='ltr'>καρποὺς</span> <span class='ocrx_word' id='word_1_366' title='bbox 1739 3114 1816 3183; x_wconf 84' lang='grc' dir='ltr'>μὴ</span> <span class='ocrx_word' id='word_1_367' title='bbox 1874 3112 2074 3177; x_wconf 72' lang='grc' dir='ltr'>ἐξεῖναι</span> 
     </span>
    </p>
   </div>
   <div class='ocr_carea' id='block_1_50' title="bbox 490 3200 2074 3272">
    <p class='ocr_par' dir='ltr' id='par_1_50' title="bbox 490 3200 2074 3272">
     <span class='ocr_line' id='line_1_50' title="bbox 490 3200 2074 3272; baseline 0.003 -21"><span class='ocrx_word' id='word_1_368' title='bbox 490 3200 731 3267; x_wconf 74' lang='grc' dir='ltr'>ἐξάγειν,</span> <span class='ocrx_word' id='word_1_369' title='bbox 763 3200 871 3268; x_wconf 81' lang='grc' dir='ltr'>ὅπη</span> <span class='ocrx_word' id='word_1_370' title='bbox 919 3217 975 3252; x_wconf 90' lang='grc' dir='ltr'>τε</span> <span class='ocrx_word' id='word_1_371' title='bbox 1008 3201 1101 3253; x_wconf 75' lang='grc' dir='ltr'>καὶ</span> <span class='ocrx_word' id='word_1_372' title='bbox 1131 3201 1282 3263; x_wconf 82' lang='grc' dir='ltr'>ὅπως</span> <span class='ocrx_word' id='word_1_373' title='bbox 1312 3219 1400 3263; x_wconf 86' lang='grc' dir='ltr'>τις</span> <span class='ocrx_word' id='word_1_374' title='bbox 1445 3201 1706 3271; x_wconf 82' lang='grc' dir='ltr'>βούλοιτο,</span> <span class='ocrx_word' id='word_1_375' title='bbox 1741 3204 1861 3255; x_wconf 85' lang='grc' dir='ltr'>ἀλλ’</span> <span class='ocrx_word' id='word_1_376' title='bbox 1896 3203 1930 3272; x_wconf 80' lang='grc' dir='ltr'>ἢ</span> <span class='ocrx_word' id='word_1_377' title='bbox 1981 3203 2074 3255; x_wconf 75' lang='grc' dir='ltr'>ἐπὶ</span> 
     </span>
    </p>
   </div>
   <div class='ocr_carea' id='block_1_51' title="bbox 488 3290 2073 3362">
    <p class='ocr_par' dir='ltr' id='par_1_51' title="bbox 488 3290 2073 3362">
     <span class='ocr_line' id='line_1_51' title="bbox 488 3290 2073 3362; baseline 0.001 -19"><span class='ocrx_word' id='word_1_378' title='bbox 488 3295 557 3362; x_wconf 83' lang='grc' dir='ltr'>τῇ</span> <span class='ocrx_word' id='word_1_379' title='bbox 588 3292 819 3362; x_wconf 73' lang='grc' dir='ltr'>ἡμισείᾳ</span> <span class='ocrx_word' id='word_1_380' title='bbox 852 3290 990 3360; x_wconf 84' lang='grc' dir='ltr'>πρός</span> <span class='ocrx_word' id='word_1_381' title='bbox 1030 3308 1093 3358; x_wconf 84' lang='grc' dir='ltr'>γε</span> <span class='ocrx_word' id='word_1_382' title='bbox 1129 3290 1453 3351; x_wconf 64' lang='grc' dir='ltr'>ὲνσπόνδους</span> <span class='ocrx_word' id='word_1_383' title='bbox 1485 3292 1592 3344; x_wconf 85' lang='grc' dir='ltr'>τῶν</span> <span class='ocrx_word' id='word_1_384' title='bbox 1628 3292 1793 3357; x_wconf 81' lang='grc' dir='ltr'>ξένων</span> <span class='ocrx_word' id='word_1_385' title='bbox 1823 3293 1917 3344; x_wconf 76' lang='grc' dir='ltr'>τὸν</span> <span class='ocrx_word' id='word_1_386' title='bbox 1948 3292 2073 3361; x_wconf 84' lang='grc' dir='ltr'>βου-</span> 
     </span>
    </p>
   </div>
   <div class='ocr_carea' id='block_1_52' title="bbox 489 3382 2071 3454">
    <p class='ocr_par' dir='ltr' id='par_1_52' title="bbox 489 3382 2071 3454">
     <span class='ocr_line' id='line_1_52' title="bbox 489 3382 2071 3454; baseline 0.001 -18"><span class='ocrx_word' id='word_1_387' title='bbox 489 3384 718 3454; x_wconf 89' lang='grc' dir='ltr'>λόμενον</span> <span class='ocrx_word' id='word_1_388' title='bbox 746 3383 985 3450; x_wconf 69' lang='grc' dir='ltr'>ἐξάγειν,</span> <span class='ocrx_word' id='word_1_389' title='bbox 1014 3383 1091 3444; x_wconf 84' lang='grc' dir='ltr'>ὡς</span> <span class='ocrx_word' id='word_1_390' title='bbox 1119 3383 1219 3434; x_wconf 75' lang='grc' dir='ltr'>οὐκ</span> <span class='ocrx_word' id='word_1_391' title='bbox 1262 3382 1327 3435; x_wconf 88' lang='grc' dir='ltr'>ἂν</span> <span class='ocrx_word' id='word_1_392' title='bbox 1358 3383 1534 3444; x_wconf 83' lang='grc' dir='ltr'>άλλως</span> <span class='ocrx_word' id='word_1_393' title='bbox 1577 3383 2071 3452; x_wconf 84' lang='grc' dir='ltr'>ὲξαχθησομένους,</span> 
     </span>
    </p>
   </div>
   <div class='ocr_carea' id='block_1_53' title="bbox 492 3469 2076 3547">
    <p class='ocr_par' dir='ltr' id='par_1_53' title="bbox 492 3469 2076 3547">
     <span class='ocr_line' id='line_1_53' title="bbox 492 3469 2076 3547; baseline -0.001 -19"><span class='ocrx_word' id='word_1_394' title='bbox 492 3476 523 3547; x_wconf 70' lang='grc' dir='ltr'>ἢ</span> <span class='ocrx_word' id='word_1_395' title='bbox 558 3477 607 3528; x_wconf 77' lang='grc' dir='ltr'>εί</span> <span class='ocrx_word' id='word_1_396' title='bbox 642 3476 703 3528; x_wconf 72' lang='grc' dir='ltr'>ἑν</span> <span class='ocrx_word' id='word_1_397' title='bbox 750 3476 825 3543; x_wconf 86' lang='grc' dir='ltr'>μὴ</span> <span class='ocrx_word' id='word_1_398' title='bbox 860 3476 1035 3545; x_wconf 80' lang='grc' dir='ltr'>μείονι</span> <span class='ocrx_word' id='word_1_399' title='bbox 1069 3475 1101 3543; x_wconf 84' lang='grc' dir='ltr'>ἢ</span> <span class='ocrx_word' id='word_1_400' title='bbox 1158 3474 1420 3545; x_wconf 72' lang='grc' dir='ltr'>διπλασία</span> <span class='ocrx_word' id='word_1_401' title='bbox 1460 3473 1643 3544; x_wconf 81' lang='grc' dir='ltr'>χρείᾳ,</span> <span class='ocrx_word' id='word_1_402' title='bbox 1685 3477 1733 3525; x_wconf 83' lang='grc' dir='ltr'>εἰ</span> <span class='ocrx_word' id='word_1_403' title='bbox 1771 3474 1913 3536; x_wconf 83' lang='grc' dir='ltr'>ξένοι</span> <span class='ocrx_word' id='word_1_404' title='bbox 1963 3469 2076 3527; x_wconf 76' lang='grc' dir='ltr'>εἷεν</span> 
     </span>
    </p>
   </div>
   <div class='ocr_carea' id='block_1_54' title="bbox 490 3565 2076 3636">
    <p class='ocr_par' dir='ltr' id='par_1_54' title="bbox 490 3565 2076 3636">
     <span class='ocr_line' id='line_1_54' title="bbox 490 3565 2076 3636; baseline 0 -17"><span class='ocrx_word' id='word_1_405' title='bbox 490 3568 603 3620; x_wconf 88' lang='grc' dir='ltr'>τῶν</span> <span class='ocrx_word' id='word_1_406' title='bbox 633 3568 891 3620; x_wconf 88' lang='grc' dir='ltr'>πολιτῶν.</span> <span class='ocrx_word' id='word_1_407' title='bbox 934 3567 1165 3636; x_wconf 81' lang='grc' dir='ltr'>Σιδήρου</span> <span class='ocrx_word' id='word_1_408' title='bbox 1196 3566 1253 3618; x_wconf 74' lang='grc' dir='ltr'>δὲ</span> <span class='ocrx_word' id='word_1_409' title='bbox 1298 3565 1486 3634; x_wconf 88' lang='grc' dir='ltr'>μόνου,</span> <span class='ocrx_word' id='word_1_410' title='bbox 1524 3566 1621 3619; x_wconf 75' lang='grc' dir='ltr'>καὶ</span> <span class='ocrx_word' id='word_1_411' title='bbox 1666 3565 1866 3627; x_wconf 76' lang='grc' dir='ltr'>ὅπλων,</span> <span class='ocrx_word' id='word_1_412' title='bbox 1906 3567 1999 3618; x_wconf 67' lang='grc' dir='ltr'>καὶ</span> <span class='ocrx_word' id='word_1_413' title='bbox 2026 3570 2076 3619; x_wconf 89' lang='grc' dir='ltr'>εί</span> 
     </span>
    </p>
   </div>
   <div class='ocr_carea' id='block_1_55' title="bbox 492 3656 2079 3729">
    <p class='ocr_par' dir='ltr' id='par_1_55' title="bbox 492 3656 2079 3729">
     <span class='ocr_line' id='line_1_55' title="bbox 492 3656 2079 3729; baseline -0.001 -18"><span class='ocrx_word' id='word_1_414' title='bbox 492 3660 558 3729; x_wconf 80' lang='grc' dir='ltr'>δή</span> <span class='ocrx_word' id='word_1_415' title='bbox 587 3677 639 3713; x_wconf 91' lang='grc' dir='ltr'>τι</span> <span class='ocrx_word' id='word_1_416' title='bbox 680 3660 812 3715; x_wconf 81' lang='grc' dir='ltr'>ἄλλο</span> <span class='ocrx_word' id='word_1_417' title='bbox 840 3660 950 3713; x_wconf 88' lang='grc' dir='ltr'>τῶν</span> <span class='ocrx_word' id='word_1_418' title='bbox 981 3660 1455 3726; x_wconf 80' lang='grc' dir='ltr'>ἀναγκαιοτάτων,</span> <span class='ocrx_word' id='word_1_419' title='bbox 1492 3658 1911 3726; x_wconf 83' lang='grc' dir='ltr'>ἀλλαττόμενον,</span> <span class='ocrx_word' id='word_1_420' title='bbox 1939 3656 2079 3721; x_wconf 81' lang='grc' dir='ltr'>ἐξεῖ-</span> 
     </span>
    </p>
   </div>
   <div class='ocr_carea' id='block_1_56' title="bbox 495 3750 2077 3823">
    <p class='ocr_par' dir='ltr' id='par_1_56' title="bbox 495 3750 2077 3823">
     <span class='ocr_line' id='line_1_56' title="bbox 495 3750 2077 3823; baseline -0.003 -18"><span class='ocrx_word' id='word_1_421' title='bbox 495 3770 583 3805; x_wconf 88' lang='grc' dir='ltr'>ναι</span> <span class='ocrx_word' id='word_1_422' title='bbox 615 3752 833 3820; x_wconf 69' lang='grc' dir='ltr'>ἐξάγειν</span> <span class='ocrx_word' id='word_1_423' title='bbox 867 3751 943 3823; x_wconf 81' lang='grc' dir='ltr'>μὴ</span> <span class='ocrx_word' id='word_1_424' title='bbox 976 3751 1237 3805; x_wconf 79' lang='grc' dir='ltr'>τελοῦντα</span> <span class='ocrx_word' id='word_1_425' title='bbox 1272 3751 1395 3820; x_wconf 77' lang='grc' dir='ltr'>μηδ’</span> <span class='ocrx_word' id='word_1_426' title='bbox 1423 3750 1624 3803; x_wconf 80' lang='grc' dir='ltr'>ὁτιοῦν.</span> <span class='ocrx_word' id='word_1_427' title='bbox 1655 3751 1971 3819; x_wconf 88' lang='grc' dir='ltr'>Νομίσματι</span> <span class='ocrx_word' id='word_1_428' title='bbox 2002 3750 2077 3819; x_wconf 81' lang='grc' dir='ltr'>μὴ</span> 
     </span>
    </p>
   </div>
   <div class='ocr_carea' id='block_1_57' title="bbox 493 3842 2073 3913">
    <p class='ocr_par' dir='ltr' id='par_1_57' title="bbox 493 3842 2073 3913">
     <span class='ocr_line' id='line_1_57' title="bbox 493 3842 2073 3913; baseline -0.001 -18"><span class='ocrx_word' id='word_1_429' title='bbox 493 3843 833 3913; x_wconf 80' lang='grc' dir='ltr'>εὐδιαφθόρῳ</span> <span class='ocrx_word' id='word_1_430' title='bbox 861 3844 1120 3913; x_wconf 75' lang='grc' dir='ltr'>χρῆσθαι,</span> <span class='ocrx_word' id='word_1_431' title='bbox 1156 3843 1292 3912; x_wconf 75' lang='grc' dir='ltr'>μηδὲ</span> <span class='ocrx_word' id='word_1_432' title='bbox 1327 3842 1545 3913; x_wconf 78' lang='grc' dir='ltr'>ξενικῷ,</span> <span class='ocrx_word' id='word_1_433' title='bbox 1582 3843 1615 3913; x_wconf 76' lang='grc' dir='ltr'><strong>ἢ</strong></span> <span class='ocrx_word' id='word_1_434' title='bbox 1649 3846 1824 3897; x_wconf 85' lang='grc' dir='ltr'>δοκεῖν</span> <span class='ocrx_word' id='word_1_435' title='bbox 1856 3844 1922 3896; x_wconf 82' lang='grc' dir='ltr'>ἂν</span> <span class='ocrx_word' id='word_1_436' title='bbox 1975 3860 2073 3894; x_wconf 64' lang='grc' dir='ltr'>που</span> 
     </span>
    </p>
   </div>
   <div class='ocr_carea' id='block_1_58' title="bbox 495 3936 2074 4008">
    <p class='ocr_par' dir='ltr' id='par_1_58' title="bbox 495 3936 2074 4008">
     <span class='ocr_line' id='line_1_58' title="bbox 495 3936 2074 4008; baseline -0.001 -20"><span class='ocrx_word' id='word_1_437' title='bbox 495 3937 635 4006; x_wconf 75' lang='grc' dir='ltr'>νηρᾷ</span> <span class='ocrx_word' id='word_1_438' title='bbox 670 3939 763 3988; x_wconf 72' lang='grc' dir='ltr'>καὶ</span> <span class='ocrx_word' id='word_1_439' title='bbox 794 3938 1053 4008; x_wconf 74' lang='grc' dir='ltr'>ἀλλοτρία</span> <span class='ocrx_word' id='word_1_440' title='bbox 1106 3936 1346 4005; x_wconf 81' lang='grc' dir='ltr'>χρῆσθαι</span> <span class='ocrx_word' id='word_1_441' title='bbox 1398 3937 1493 3988; x_wconf 71' lang='grc' dir='ltr'>καὶ</span> <span class='ocrx_word' id='word_1_442' title='bbox 1523 3939 1589 4006; x_wconf 81' lang='grc' dir='ltr'>τῇ</span> <span class='ocrx_word' id='word_1_443' title='bbox 1632 3937 1901 4007; x_wconf 74' lang='grc' dir='ltr'>πολιτεία.</span> <span class='ocrx_word' id='word_1_444' title='bbox 1939 3936 2074 3988; x_wconf 64' lang='grc' dir='ltr'>Οιδὲ</span> 
     </span>
    </p>
   </div>
   <div class='ocr_carea' id='block_1_59' title="bbox 496 4026 2074 4098">
    <p class='ocr_par' dir='ltr' id='par_1_59' title="bbox 496 4026 2074 4098">
     <span class='ocr_line' id='line_1_59' title="bbox 496 4026 2074 4098; baseline 0.001 -20"><span class='ocrx_word' id='word_1_445' title='bbox 496 4029 604 4096; x_wconf 76' lang='grc' dir='ltr'>γὰρ</span> <span class='ocrx_word' id='word_1_446' title='bbox 634 4026 841 4093; x_wconf 81' lang='grc' dir='ltr'>φαῦλον</span> <span class='ocrx_word' id='word_1_447' title='bbox 872 4028 951 4089; x_wconf 86' lang='grc' dir='ltr'>είς</span> <span class='ocrx_word' id='word_1_448' title='bbox 982 4046 1044 4092; x_wconf 90' lang='grc' dir='ltr'>γε</span> <span class='ocrx_word' id='word_1_449' title='bbox 1082 4027 1360 4090; x_wconf 87' lang='grc' dir='ltr'>πολιτείας</span> <span class='ocrx_word' id='word_1_450' title='bbox 1391 4028 1551 4093; x_wconf 85' lang='grc' dir='ltr'>λόγον</span> <span class='ocrx_word' id='word_1_451' title='bbox 1584 4030 1752 4098; x_wconf 84' lang='grc' dir='ltr'>μέρος</span> <span class='ocrx_word' id='word_1_452' title='bbox 1784 4028 1849 4081; x_wconf 82' lang='grc' dir='ltr'>ἂν</span> <span class='ocrx_word' id='word_1_453' title='bbox 1881 4028 1976 4080; x_wconf 70' lang='grc' dir='ltr'>καὶ</span> <span class='ocrx_word' id='word_1_454' title='bbox 2012 4028 2074 4080; x_wconf 76' lang='grc' dir='ltr'>τὸ</span> 
     </span>
    </p>
   </div>
   <div class='ocr_carea' id='block_1_60' title="bbox 496 4117 2071 4189">
    <p class='ocr_par' dir='ltr' id='par_1_60' title="bbox 496 4117 2071 4189">
     <span class='ocr_line' id='line_1_60' title="bbox 496 4117 2071 4189; baseline 0.001 -19"><span class='ocrx_word' id='word_1_455' title='bbox 496 4121 737 4187; x_wconf 90' lang='grc' dir='ltr'>νόμισμα</span> <span class='ocrx_word' id='word_1_456' title='bbox 772 4117 1198 4187; x_wconf 81' lang='grc' dir='ltr'>ξυμὸἀλλεσθαι.</span> <span class='ocrx_word' id='word_1_457' title='bbox 1230 4120 1342 4182; x_wconf 83' lang='grc' dir='ltr'>Τὰς</span> <span class='ocrx_word' id='word_1_458' title='bbox 1378 4119 1580 4189; x_wconf 82' lang='grc' dir='ltr'>ζημίας</span> <span class='ocrx_word' id='word_1_459' title='bbox 1618 4121 1693 4189; x_wconf 83' lang='grc' dir='ltr'>μὴ</span> <span class='ocrx_word' id='word_1_460' title='bbox 1746 4120 2071 4183; x_wconf 69' lang='grc' dir='ltr'>ἀλλοκότους</span> 
     </span>
    </p>
   </div>
   <div class='ocr_carea' id='block_1_61' title="bbox 498 4212 2070 4284">
    <p class='ocr_par' dir='ltr' id='par_1_61' title="bbox 498 4212 2070 4284">
     <span class='ocr_line' id='line_1_61' title="bbox 498 4212 2070 4284; baseline -0.001 -18"><span class='ocrx_word' id='word_1_461' title='bbox 498 4213 632 4284; x_wconf 73' lang='grc' dir='ltr'>μηδὲ</span> <span class='ocrx_word' id='word_1_462' title='bbox 664 4212 1009 4283; x_wconf 73' lang='grc' dir='ltr'>βαρϐαρικὰς</span> <span class='ocrx_word' id='word_1_463' title='bbox 1032 4213 1306 4266; x_wconf 80' lang='grc' dir='ltr'>ποιεῖσθαι</span> <span class='ocrx_word' id='word_1_464' title='bbox 1336 4213 1443 4265; x_wconf 86' lang='grc' dir='ltr'>τῶν</span> <span class='ocrx_word' id='word_1_465' title='bbox 1472 4212 1958 4281; x_wconf 80' lang='grc' dir='ltr'>ἐξαμαρτανόντων</span> <span class='ocrx_word' id='word_1_466' title='bbox 1983 4214 2070 4283; x_wconf 79' lang='grc' dir='ltr'>εἴη</span> 
     </span>
    </p>
   </div>
   <div class='ocr_carea' id='block_1_62' title="bbox 492 4299 2071 4372">
    <p class='ocr_par' dir='ltr' id='par_1_62' title="bbox 492 4299 2071 4372">
     <span class='ocr_line' id='line_1_62' title="bbox 492 4299 2071 4372; baseline 0 -18"><span class='ocrx_word' id='word_1_467' title='bbox 492 4306 606 4367; x_wconf 88' lang='grc' dir='ltr'>τοῖς</span> <span class='ocrx_word' id='word_1_468' title='bbox 640 4303 1061 4372; x_wconf 85' lang='grc' dir='ltr'>ἁμαρτήμασιν,</span> <span class='ocrx_word' id='word_1_469' title='bbox 1093 4299 1234 4352; x_wconf 83' lang='grc' dir='ltr'>ὥστε</span> <span class='ocrx_word' id='word_1_470' title='bbox 1265 4303 1361 4353; x_wconf 78' lang='grc' dir='ltr'>καὶ</span> <span class='ocrx_word' id='word_1_471' title='bbox 1389 4302 1831 4369; x_wconf 80' lang='grc' dir='ltr'>κεκολασμένους</span> <span class='ocrx_word' id='word_1_472' title='bbox 1869 4302 2071 4369; x_wconf 78' lang='grc' dir='ltr'>ἥκιστα</span> 
     </span>
    </p>
   </div>
   <div class='ocr_carea' id='block_1_63' title="bbox 2258 2473 3755 2545">
    <p class='ocr_par' dir='ltr' id='par_1_63' title="bbox 2258 2473 3755 2545">
     <span class='ocr_line' id='line_1_63' title="bbox 2258 2473 3755 2545; baseline 0.001 -17"><span class='ocrx_word' id='word_1_473' title='bbox 2258 2477 2344 2530; x_wconf 67' lang='grc'>14.</span> <span class='ocrx_word' id='word_1_474' title='bbox 2380 2473 2605 2529; x_wconf 85' lang='lat' dir='ltr'><strong>Vivendi</strong></span> <span class='ocrx_word' id='word_1_475' title='bbox 2638 2489 2803 2545; x_wconf 90' lang='lat' dir='ltr'><strong>porro</strong></span> <span class='ocrx_word' id='word_1_476' title='bbox 2834 2476 2976 2529; x_wconf 84' lang='lat' dir='ltr'><strong>ratio</strong></span> <span class='ocrx_word' id='word_1_477' title='bbox 3008 2491 3130 2530; x_wconf 91' lang='lat' dir='ltr'>cum</span> <span class='ocrx_word' id='word_1_478' title='bbox 3187 2477 3517 2545; x_wconf 81' lang='lat' dir='ltr'><strong>reliquorum</strong></span> <span class='ocrx_word' id='word_1_479' title='bbox 3553 2480 3755 2531; x_wconf 82' lang='lat' dir='ltr'><strong>civium</strong></span> 
     </span>
    </p>
   </div>
   <div class='ocr_carea' id='block_1_64' title="bbox 2182 2566 3757 2637">
    <p class='ocr_par' dir='ltr' id='par_1_64' title="bbox 2182 2566 3757 2637">
     <span class='ocr_line' id='line_1_64' title="bbox 2182 2566 3757 2637; baseline 0.001 -17"><span class='ocrx_word' id='word_1_480' title='bbox 2182 2578 2296 2620; x_wconf 90' lang='lat' dir='ltr'>tum</span> <span class='ocrx_word' id='word_1_481' title='bbox 2330 2566 2713 2636; x_wconf 80' lang='lat' dir='ltr'><strong>praefectorum</strong></span> <span class='ocrx_word' id='word_1_482' title='bbox 2749 2567 2986 2622; x_wconf 80' lang='lat' dir='ltr'><strong>maxime</strong></span> <span class='ocrx_word' id='word_1_483' title='bbox 3013 2582 3121 2621; x_wconf 87' lang='lat' dir='ltr'>non</span> <span class='ocrx_word' id='word_1_484' title='bbox 3144 2578 3485 2637; x_wconf 84' lang='lat' dir='ltr'><strong>sumptuosa,</strong></span> <span class='ocrx_word' id='word_1_485' title='bbox 3513 2570 3605 2623; x_wconf 86' lang='lat' dir='ltr'>scd</span> <span class='ocrx_word' id='word_1_486' title='bbox 3641 2587 3757 2622; x_wconf 86' lang='lat' dir='ltr'><strong>mo-</strong></span> 
     </span>
    </p>
   </div>
   <div class='ocr_carea' id='block_1_65' title="bbox 2182 2658 3760 2727">
    <p class='ocr_par' dir='ltr' id='par_1_65' title="bbox 2182 2658 3760 2727">
     <span class='ocr_line' id='line_1_65' title="bbox 2182 2658 3760 2727; baseline 0.002 -16"><span class='ocrx_word' id='word_1_487' title='bbox 2182 2658 2369 2711; x_wconf 87' lang='lat' dir='ltr'><strong>derata</strong></span> <span class='ocrx_word' id='word_1_488' title='bbox 2401 2658 2493 2725; x_wconf 85' lang='lat' dir='ltr'><strong>sit,</strong></span> <span class='ocrx_word' id='word_1_489' title='bbox 2528 2661 2609 2712; x_wconf 85' lang='lat' dir='ltr'>sic</span> <span class='ocrx_word' id='word_1_490' title='bbox 2640 2668 2695 2714; x_wconf 93' lang='lat' dir='ltr'>ut</span> <span class='ocrx_word' id='word_1_491' title='bbox 2729 2659 3052 2727; x_wconf 76' lang='lat' dir='ltr'><strong>peregrinas</strong></span> <span class='ocrx_word' id='word_1_492' title='bbox 3089 2661 3304 2727; x_wconf 82' lang='lat' dir='ltr'><strong>quidem</strong></span> <span class='ocrx_word' id='word_1_493' title='bbox 3345 2670 3523 2713; x_wconf 80' lang='lat' dir='ltr'><strong>vestes</strong></span> <span class='ocrx_word' id='word_1_494' title='bbox 3580 2671 3633 2713; x_wconf 88' lang='lat' dir='ltr'>et</span> <span class='ocrx_word' id='word_1_495' title='bbox 3660 2676 3760 2713; x_wconf 76' lang='lat' dir='ltr'>nu-</span> 
     </span>
    </p>
   </div>
   <div class='ocr_carea' id='block_1_66' title="bbox 2183 2747 3756 2818">
    <p class='ocr_par' dir='ltr' id='par_1_66' title="bbox 2183 2747 3756 2818">
     <span class='ocr_line' id='line_1_66' title="bbox 2183 2747 3756 2818; baseline 0.001 -18"><span class='ocrx_word' id='word_1_496' title='bbox 2183 2763 2282 2816; x_wconf 88' lang='lat' dir='ltr'>gas</span> <span class='ocrx_word' id='word_1_497' title='bbox 2312 2747 2448 2801; x_wconf 85' lang='lat' dir='ltr'><strong>alias</strong></span> <span class='ocrx_word' id='word_1_498' title='bbox 2484 2748 2777 2818; x_wconf 74' lang='lat' dir='ltr'><strong>negligent,</strong></span> <span class='ocrx_word' id='word_1_499' title='bbox 2821 2748 2887 2802; x_wconf 88' lang='lat' dir='ltr'>ad</span> <span class='ocrx_word' id='word_1_500' title='bbox 2929 2748 3131 2802; x_wconf 89' lang='lat' dir='ltr'><strong>bellum</strong></span> <span class='ocrx_word' id='word_1_501' title='bbox 3174 2757 3356 2802; x_wconf 78' lang='lat' dir='ltr'><strong>autent</strong></span> <span class='ocrx_word' id='word_1_502' title='bbox 3398 2750 3506 2803; x_wconf 86' lang='lat' dir='ltr'><strong>sint</strong></span> <span class='ocrx_word' id='word_1_503' title='bbox 3565 2765 3756 2802; x_wconf 82' lang='lat' dir='ltr'><strong>omnes</strong></span> 
     </span>
    </p>
   </div>
   <div class='ocr_carea' id='block_1_67' title="bbox 2183 2838 3759 2908">
    <p class='ocr_par' dir='ltr' id='par_1_67' title="bbox 2183 2838 3759 2908">
     <span class='ocr_line' id='line_1_67' title="bbox 2183 2838 3759 2908; baseline -0.001 -17"><span class='ocrx_word' id='word_1_504' title='bbox 2183 2838 2502 2906; x_wconf 71' lang='lat' dir='ltr'><strong>compositi,</strong></span> <span class='ocrx_word' id='word_1_505' title='bbox 2532 2839 2740 2908; x_wconf 79' lang='lat' dir='ltr'><strong>quique</strong></span> <span class='ocrx_word' id='word_1_506' title='bbox 2763 2839 2869 2891; x_wconf 89' lang='lat' dir='ltr'>huc</span> <span class='ocrx_word' id='word_1_507' title='bbox 2890 2843 3163 2907; x_wconf 88' lang='lat' dir='ltr'><strong>pertinent</strong></span> <span class='ocrx_word' id='word_1_508' title='bbox 3188 2850 3501 2907; x_wconf 76' lang='lat' dir='ltr'><strong>apparatus,</strong></span> <span class='ocrx_word' id='word_1_509' title='bbox 3528 2840 3759 2907; x_wconf 80' lang='lat' dir='ltr'><strong>diligen-</strong></span> 
     </span>
    </p>
   </div>
   <div class='ocr_carea' id='block_1_68' title="bbox 2184 2931 3759 3002">
    <p class='ocr_par' dir='ltr' id='par_1_68' title="bbox 2184 2931 3759 3002">
     <span class='ocr_line' id='line_1_68' title="bbox 2184 2931 3759 3002; baseline -0.001 -15"><span class='ocrx_word' id='word_1_510' title='bbox 2184 2942 2267 2987; x_wconf 86' lang='lat' dir='ltr'>ter</span> <span class='ocrx_word' id='word_1_511' title='bbox 2320 2942 2637 3001; x_wconf 87' lang='lat' dir='ltr'><strong>procurent,</strong></span> <span class='ocrx_word' id='word_1_512' title='bbox 2678 2947 2818 3002; x_wconf 88' lang='lat' dir='ltr'><strong>quos</strong></span> <span class='ocrx_word' id='word_1_513' title='bbox 2861 2931 3108 2999; x_wconf 87' lang='lat' dir='ltr'><strong>quidem,</strong></span> <span class='ocrx_word' id='word_1_514' title='bbox 3170 2949 3294 2986; x_wconf 87' lang='lat' dir='ltr'>cum</span> <span class='ocrx_word' id='word_1_515' title='bbox 3334 2932 3441 2986; x_wconf 86' lang='lat' dir='ltr'><strong>alio</strong></span> <span class='ocrx_word' id='word_1_516' title='bbox 3508 2941 3759 2997; x_wconf 87' lang='lat' dir='ltr'><strong>sumptus</strong></span> 
     </span>
    </p>
   </div>
   <div class='ocr_carea' id='block_1_69' title="bbox 2180 3024 3759 3093">
    <p class='ocr_par' dir='ltr' id='par_1_69' title="bbox 2180 3024 3759 3093">
     <span class='ocr_line' id='line_1_69' title="bbox 2180 3024 3759 3093; baseline -0.001 -16"><span class='ocrx_word' id='word_1_517' title='bbox 2180 3025 2611 3088; x_wconf 73' lang='lat' dir='ltr'><strong>transferuntur,</strong></span> <span class='ocrx_word' id='word_1_518' title='bbox 2667 3026 2897 3080; x_wconf 91' lang='lat' dir='ltr'><strong>diminui</strong></span> <span class='ocrx_word' id='word_1_519' title='bbox 2966 3035 3184 3093; x_wconf 85' lang='lat' dir='ltr'><strong>oportet</strong></span> <span class='ocrx_word' id='word_1_520' title='bbox 3242 3040 3305 3078; x_wconf 85' lang='lat' dir='ltr'>ac</span> <span class='ocrx_word' id='word_1_521' title='bbox 3344 3025 3535 3078; x_wconf 87' lang='lat' dir='ltr'><strong>deteri.</strong></span> <span class='ocrx_word' id='word_1_522' title='bbox 3576 3024 3759 3077; x_wconf 68' lang='lat' dir='ltr'><strong>Terra:</strong></span> 
     </span>
    </p>
   </div>
   <div class='ocr_carea' id='block_1_70' title="bbox 2177 3116 3759 3187">
    <p class='ocr_par' dir='ltr' id='par_1_70' title="bbox 2177 3116 3759 3187">
     <span class='ocr_line' id='line_1_70' title="bbox 2177 3116 3759 3187; baseline -0.004 -15"><span class='ocrx_word' id='word_1_523' title='bbox 2177 3117 2390 3173; x_wconf 76' lang='lat' dir='ltr'><strong>fructus</strong></span> <span class='ocrx_word' id='word_1_524' title='bbox 2429 3117 2635 3173; x_wconf 83' lang='lat' dir='ltr'><strong>nemini</strong></span> <span class='ocrx_word' id='word_1_525' title='bbox 2673 3118 2852 3182; x_wconf 88' lang='lat' dir='ltr'><strong>liceat,</strong></span> <span class='ocrx_word' id='word_1_526' title='bbox 2887 3131 3219 3187; x_wconf 85' lang='lat' dir='ltr'><strong>quocunque</strong></span> <span class='ocrx_word' id='word_1_527' title='bbox 3258 3117 3411 3180; x_wconf 88' lang='lat' dir='ltr'><strong>velit,</strong></span> <span class='ocrx_word' id='word_1_528' title='bbox 3486 3116 3588 3170; x_wconf 85' lang='lat' dir='ltr'><strong>nisi</strong></span> <span class='ocrx_word' id='word_1_529' title='bbox 3627 3116 3759 3168; x_wconf 87' lang='lat' dir='ltr'><strong>alte-</strong></span> 
     </span>
    </p>
   </div>
   <div class='ocr_carea' id='block_1_71' title="bbox 2178 3206 3756 3279">
    <p class='ocr_par' dir='ltr' id='par_1_71' title="bbox 2178 3206 3756 3279">
     <span class='ocr_line' id='line_1_71' title="bbox 2178 3206 3756 3279; baseline -0.003 -17"><span class='ocrx_word' id='word_1_530' title='bbox 2178 3225 2291 3264; x_wconf 81' lang='lat' dir='ltr'>ram</span> <span class='ocrx_word' id='word_1_531' title='bbox 2328 3218 2535 3278; x_wconf 87' lang='lat' dir='ltr'><strong>partem</strong></span> <span class='ocrx_word' id='word_1_532' title='bbox 2571 3223 2667 3277; x_wconf 91' lang='lat' dir='ltr'>pro</span> <span class='ocrx_word' id='word_1_533' title='bbox 2695 3210 2944 3279; x_wconf 81' lang='lat' dir='ltr'><strong>vectigali</strong></span> <span class='ocrx_word' id='word_1_534' title='bbox 2974 3209 3197 3276; x_wconf 79' lang='lat' dir='ltr'><strong>pendat,</strong></span> <span class='ocrx_word' id='word_1_535' title='bbox 3256 3208 3513 3271; x_wconf 82' lang='lat' dir='ltr'><strong>evehere,</strong></span> <span class='ocrx_word' id='word_1_536' title='bbox 3548 3206 3616 3260; x_wconf 87' lang='lat' dir='ltr'>ad</span> <span class='ocrx_word' id='word_1_537' title='bbox 3663 3217 3756 3260; x_wconf 85' lang='lat' dir='ltr'><strong>so-</strong></span> 
     </span>
    </p>
   </div>
   <div class='ocr_carea' id='block_1_72' title="bbox 2176 3294 3756 3367">
    <p class='ocr_par' dir='ltr' id='par_1_72' title="bbox 2176 3294 3756 3367">
     <span class='ocr_line' id='line_1_72' title="bbox 2176 3294 3756 3367; baseline -0.004 -16"><span class='ocrx_word' id='word_1_538' title='bbox 2176 3299 2291 3356; x_wconf 86' lang='lat' dir='ltr'><strong>cius</strong></span> <span class='ocrx_word' id='word_1_539' title='bbox 2328 3299 2545 3367; x_wconf 80' lang='lat' dir='ltr'><strong>quidem</strong></span> <span class='ocrx_word' id='word_1_540' title='bbox 2576 3299 2807 3352; x_wconf 83' lang='lat' dir='ltr'><strong>evehere</strong></span> <span class='ocrx_word' id='word_1_541' title='bbox 2832 3298 2989 3352; x_wconf 84' lang='lat' dir='ltr'><strong>liceat</strong></span> <span class='ocrx_word' id='word_1_542' title='bbox 3023 3314 3040 3361; x_wconf 90' lang='lat'><strong>;</strong></span> <span class='ocrx_word' id='word_1_543' title='bbox 3074 3297 3157 3351; x_wconf 79' lang='lat' dir='ltr'>sin</span> <span class='ocrx_word' id='word_1_544' title='bbox 3182 3296 3308 3365; x_wconf 73' lang='lat' dir='ltr'><strong>quis</strong></span> <span class='ocrx_word' id='word_1_545' title='bbox 3336 3294 3501 3356; x_wconf 76' lang='lat' dir='ltr'><strong>ferro,</strong></span> <span class='ocrx_word' id='word_1_546' title='bbox 3544 3294 3628 3347; x_wconf 89' lang='lat' dir='ltr'>vel</span> <span class='ocrx_word' id='word_1_547' title='bbox 3662 3308 3756 3347; x_wconf 82' lang='lat' dir='ltr'><strong>nr-</strong></span> 
     </span>
    </p>
   </div>
   <div class='ocr_carea' id='block_1_73' title="bbox 2187 3386 3761 3455">
    <p class='ocr_par' dir='ltr' id='par_1_73' title="bbox 2187 3386 3761 3455">
     <span class='ocr_line' id='line_1_73' title="bbox 2187 3386 3761 3455; baseline -0.005 -10"><span class='ocrx_word' id='word_1_548' title='bbox 2187 3392 2311 3455; x_wconf 88' lang='lat' dir='ltr'><strong>mis,</strong></span> <span class='ocrx_word' id='word_1_549' title='bbox 2346 3392 2425 3444; x_wconf 82' lang='lat' dir='ltr'>vel</span> <span class='ocrx_word' id='word_1_550' title='bbox 2451 3390 2556 3443; x_wconf 87' lang='lat' dir='ltr'><strong>alia</strong></span> <span class='ocrx_word' id='word_1_551' title='bbox 2589 3405 2648 3443; x_wconf 84' lang='lat' dir='ltr'>re</span> <span class='ocrx_word' id='word_1_552' title='bbox 2676 3390 2983 3444; x_wconf 83' lang='lat' dir='ltr'><strong>necessaria</strong></span> <span class='ocrx_word' id='word_1_553' title='bbox 3017 3390 3144 3443; x_wconf 76' lang='lat' dir='ltr'><strong>velit</strong></span> <span class='ocrx_word' id='word_1_554' title='bbox 3177 3397 3413 3449; x_wconf 76' lang='lat' dir='ltr'><strong>mutare,</strong></span> <span class='ocrx_word' id='word_1_555' title='bbox 3453 3386 3589 3440; x_wconf 87' lang='lat' dir='ltr'><strong>nihil</strong></span> <span class='ocrx_word' id='word_1_556' title='bbox 3626 3400 3761 3454; x_wconf 88' lang='lat' dir='ltr'><strong>pcn-</strong></span> 
     </span>
    </p>
   </div>
   <div class='ocr_carea' id='block_1_74' title="bbox 2182 3479 3759 3549">
    <p class='ocr_par' dir='ltr' id='par_1_74' title="bbox 2182 3479 3759 3549">
     <span class='ocr_line' id='line_1_74' title="bbox 2182 3479 3759 3549; baseline -0.006 -15"><span class='ocrx_word' id='word_1_557' title='bbox 2182 3484 2295 3537; x_wconf 88' lang='lat' dir='ltr'><strong>dat.</strong></span> <span class='ocrx_word' id='word_1_558' title='bbox 2325 3482 2539 3536; x_wconf 85' lang='lat' dir='ltr'><strong>Moneta</strong></span> <span class='ocrx_word' id='word_1_559' title='bbox 2567 3496 2668 3534; x_wconf 89' lang='lat' dir='ltr'>uec</span> <span class='ocrx_word' id='word_1_560' title='bbox 2704 3481 2950 3549; x_wconf 87' lang='lat' dir='ltr'><strong>improha</strong></span> <span class='ocrx_word' id='word_1_561' title='bbox 2976 3494 3079 3533; x_wconf 89' lang='lat' dir='ltr'>nec</span> <span class='ocrx_word' id='word_1_562' title='bbox 3113 3479 3399 3548; x_wconf 84' lang='lat' dir='ltr'><strong>peregrina</strong></span> <span class='ocrx_word' id='word_1_563' title='bbox 3423 3486 3667 3542; x_wconf 85' lang='lat' dir='ltr'><strong>utamur,</strong></span> <span class='ocrx_word' id='word_1_564' title='bbox 3693 3490 3759 3527; x_wconf 75' lang='lat' dir='ltr'>ne.</span> 
     </span>
    </p>
   </div>
   <div class='ocr_carea' id='block_1_75' title="bbox 2185 3568 3756 3641">
    <p class='ocr_par' dir='ltr' id='par_1_75' title="bbox 2185 3568 3756 3641">
     <span class='ocr_line' id='line_1_75' title="bbox 2185 3568 3756 3641; baseline -0.001 -16"><span class='ocrx_word' id='word_1_565' title='bbox 2185 3576 2466 3627; x_wconf 72' lang='lat' dir='ltr'><strong>videamur</strong></span> <span class='ocrx_word' id='word_1_566' title='bbox 2515 3574 2678 3627; x_wconf 82' lang='lat' dir='ltr'><strong>etiam</strong></span> <span class='ocrx_word' id='word_1_567' title='bbox 2730 3587 2897 3641; x_wconf 81' lang='lat' dir='ltr'><strong>prava</strong></span> <span class='ocrx_word' id='word_1_568' title='bbox 2951 3582 3005 3627; x_wconf 89' lang='lat' dir='ltr'>et</span> <span class='ocrx_word' id='word_1_569' title='bbox 3074 3573 3251 3625; x_wconf 82' lang='lat' dir='ltr'><strong>aliena</strong></span> <span class='ocrx_word' id='word_1_570' title='bbox 3319 3570 3397 3623; x_wconf 91' lang='lat' dir='ltr'>uti</span> <span class='ocrx_word' id='word_1_571' title='bbox 3453 3568 3756 3639; x_wconf 83' lang='lat' dir='ltr'><strong>republica.</strong></span> 
     </span>
    </p>
   </div>
   <div class='ocr_carea' id='block_1_76' title="bbox 2182 3661 3758 3733">
    <p class='ocr_par' dir='ltr' id='par_1_76' title="bbox 2182 3661 3758 3733">
     <span class='ocr_line' id='line_1_76' title="bbox 2182 3661 3758 3733; baseline -0.004 -16"><span class='ocrx_word' id='word_1_572' title='bbox 2182 3664 2450 3733; x_wconf 75' lang='lat' dir='ltr'><strong>siquidem</strong></span> <span class='ocrx_word' id='word_1_573' title='bbox 2509 3679 2616 3719; x_wconf 89' lang='lat' dir='ltr'>non</span> <span class='ocrx_word' id='word_1_574' title='bbox 2677 3680 2900 3732; x_wconf 81' lang='lat' dir='ltr'><strong>parvum</strong></span> <span class='ocrx_word' id='word_1_575' title='bbox 2963 3665 3015 3716; x_wconf 93' lang='lat' dir='ltr'>in</span> <span class='ocrx_word' id='word_1_576' title='bbox 3082 3661 3362 3731; x_wconf 76' lang='lat' dir='ltr'><strong>republica</strong></span> <span class='ocrx_word' id='word_1_577' title='bbox 3424 3670 3758 3714; x_wconf 81' lang='lat' dir='ltr'><strong>momentum</strong></span> 
     </span>
    </p>
   </div>
   <div class='ocr_carea' id='block_1_77' title="bbox 2186 3750 3761 3809">
    <p class='ocr_par' dir='ltr' id='par_1_77' title="bbox 2186 3750 3761 3809">
     <span class='ocr_line' id='line_1_77' title="bbox 2186 3750 3761 3809; baseline -0.004 -1"><span class='ocrx_word' id='word_1_578' title='bbox 2186 3755 2348 3809; x_wconf 84' lang='lat' dir='ltr'><strong>habet</strong></span> <span class='ocrx_word' id='word_1_579' title='bbox 2385 3764 2614 3809; x_wconf 77' lang='lat' dir='ltr'><strong>meuetze</strong></span> <span class='ocrx_word' id='word_1_580' title='bbox 2672 3754 2832 3808; x_wconf 84' lang='lat' dir='ltr'><strong>ratio.</strong></span> <span class='ocrx_word' id='word_1_581' title='bbox 2901 3752 3098 3806; x_wconf 87' lang='lat' dir='ltr'><strong>Sontes</strong></span> <span class='ocrx_word' id='word_1_582' title='bbox 3150 3766 3216 3806; x_wconf 82' lang='lat' dir='ltr'>ac</span> <span class='ocrx_word' id='word_1_583' title='bbox 3268 3750 3556 3805; x_wconf 85' lang='lat' dir='ltr'><strong>barbarico</strong></span> <span class='ocrx_word' id='word_1_584' title='bbox 3608 3764 3761 3802; x_wconf 88' lang='lat' dir='ltr'><strong>more</strong></span> 
     </span>
    </p>
   </div>
   <div class='ocr_carea' id='block_1_78' title="bbox 2183 3838 3761 3912">
    <p class='ocr_par' dir='ltr' id='par_1_78' title="bbox 2183 3838 3761 3912">
     <span class='ocr_line' id='line_1_78' title="bbox 2183 3838 3761 3912; baseline -0.004 -15"><span class='ocrx_word' id='word_1_585' title='bbox 2183 3844 2477 3898; x_wconf 65' lang='lat' dir='ltr'><strong>multantur</strong></span> <span class='ocrx_word' id='word_1_586' title='bbox 2532 3854 2589 3897; x_wconf 94' lang='lat' dir='ltr'>ut</span> <span class='ocrx_word' id='word_1_587' title='bbox 2646 3852 2767 3912; x_wconf 90' lang='lat' dir='ltr'><strong>post</strong></span> <span class='ocrx_word' id='word_1_588' title='bbox 2818 3841 3041 3894; x_wconf 72' lang='lat' dir='ltr'><strong>multant</strong></span> <span class='ocrx_word' id='word_1_589' title='bbox 3125 3840 3411 3894; x_wconf 88' lang='lat' dir='ltr'><strong>minimttm</strong></span> <span class='ocrx_word' id='word_1_590' title='bbox 3502 3838 3761 3903; x_wconf 78' lang='lat' dir='ltr'><strong>deinceps</strong></span> 
     </span>
    </p>
   </div>
   <div class='ocr_carea' id='block_1_79' title="bbox 2183 3932 3761 4005">
    <p class='ocr_par' dir='ltr' id='par_1_79' title="bbox 2183 3932 3761 4005">
     <span class='ocr_line' id='line_1_79' title="bbox 2183 3932 3761 4005; baseline -0.005 -15"><span class='ocrx_word' id='word_1_591' title='bbox 2183 3943 2406 4005; x_wconf 90' lang='lat' dir='ltr'><strong>peccent</strong></span> <span class='ocrx_word' id='word_1_592' title='bbox 2432 3952 2447 4002; x_wconf 86' lang='lat'>;</span> <span class='ocrx_word' id='word_1_593' title='bbox 2488 3951 2611 3989; x_wconf 89' lang='lat' dir='ltr'>nam</span> <span class='ocrx_word' id='word_1_594' title='bbox 2646 3936 2739 4003; x_wconf 88' lang='lat' dir='ltr'>qui</span> <span class='ocrx_word' id='word_1_595' title='bbox 2797 3933 3046 3987; x_wconf 86' lang='lat' dir='ltr'><strong>videntur</strong></span> <span class='ocrx_word' id='word_1_596' title='bbox 3075 3932 3404 3987; x_wconf 85' lang='lat' dir='ltr'><strong>insanabiles</strong></span> <span class='ocrx_word' id='word_1_597' title='bbox 3428 3948 3549 3987; x_wconf 80' lang='lat' dir='ltr'><strong>esse</strong></span> <span class='ocrx_word' id='word_1_598' title='bbox 3574 3948 3666 3986; x_wconf 81' lang='lat' dir='ltr'>eos</span> <span class='ocrx_word' id='word_1_599' title='bbox 3694 3934 3761 3983; x_wconf 80' lang='lat' dir='ltr'>de</span> 
     </span>
    </p>
   </div>
   <div class='ocr_carea' id='block_1_80' title="bbox 2183 4024 3755 4096">
    <p class='ocr_par' dir='ltr' id='par_1_80' title="bbox 2183 4024 3755 4096">
     <span class='ocr_line' id='line_1_80' title="bbox 2183 4024 3755 4096; baseline -0.001 -16"><span class='ocrx_word' id='word_1_600' title='bbox 2183 4027 2364 4082; x_wconf 81' lang='lat' dir='ltr'><strong>medio</strong></span> <span class='ocrx_word' id='word_1_601' title='bbox 2382 4025 2949 4096; x_wconf 71' lang='lat' dir='ltr'><strong>prmstataul‘erentes,</strong></span> <span class='ocrx_word' id='word_1_602' title='bbox 2982 4024 3221 4078; x_wconf 86' lang='lat' dir='ltr'><strong>animam</strong></span> <span class='ocrx_word' id='word_1_603' title='bbox 3256 4024 3755 4092; x_wconf 68' lang='lat' dir='ltr'><strong>corporeliberzirv.</strong></span> 
     </span>
    </p>
   </div>
   <div class='ocr_carea' id='block_1_81' title="bbox 2182 4114 3756 4188">
    <p class='ocr_par' dir='ltr' id='par_1_81' title="bbox 2182 4114 3756 4188">
     <span class='ocr_line' id='line_1_81' title="bbox 2182 4114 3756 4188; baseline -0.004 -15"><span class='ocrx_word' id='word_1_604' title='bbox 2182 4135 2290 4188; x_wconf 88' lang='lat' dir='ltr'>quo</span> <span class='ocrx_word' id='word_1_605' title='bbox 2333 4135 2442 4172; x_wconf 89' lang='lat' dir='ltr'>non</span> <span class='ocrx_word' id='word_1_606' title='bbox 2506 4128 2650 4172; x_wconf 89' lang='lat' dir='ltr'><strong>tecte</strong></span> <span class='ocrx_word' id='word_1_607' title='bbox 2710 4117 2857 4172; x_wconf 87' lang='lat' dir='ltr'><strong>novit</strong></span> <span class='ocrx_word' id='word_1_608' title='bbox 2913 4118 3012 4181; x_wconf 91' lang='lat' dir='ltr'><strong>uti,</strong></span> <span class='ocrx_word' id='word_1_609' title='bbox 3044 4131 3205 4185; x_wconf 87' lang='lat' dir='ltr'><strong>quam</strong></span> <span class='ocrx_word' id='word_1_610' title='bbox 3254 4115 3375 4169; x_wconf 90' lang='lat' dir='ltr'><strong>illos</strong></span> <span class='ocrx_word' id='word_1_611' title='bbox 3425 4114 3756 4175; x_wconf 75' lang='lat' dir='ltr'><strong>mutilautes,</strong></span> 
     </span>
    </p>
   </div>
   <div class='ocr_carea' id='block_1_82' title="bbox 2182 4206 3760 4278">
    <p class='ocr_par' dir='ltr' id='par_1_82' title="bbox 2182 4206 3760 4278">
     <span class='ocr_line' id='line_1_82' title="bbox 2182 4206 3760 4278; baseline -0.007 -14"><span class='ocrx_word' id='word_1_612' title='bbox 2182 4212 2323 4265; x_wconf 86' lang='lat' dir='ltr'><strong>hanc</strong></span> <span class='ocrx_word' id='word_1_613' title='bbox 2348 4219 2460 4265; x_wconf 90' lang='lat' dir='ltr'>tum</span> <span class='ocrx_word' id='word_1_614' title='bbox 2493 4209 2711 4278; x_wconf 87' lang='lat' dir='ltr'><strong>corpori</strong></span> <span class='ocrx_word' id='word_1_615' title='bbox 2752 4208 2943 4263; x_wconf 84' lang='lat' dir='ltr'><strong>tuutilo</strong></span> <span class='ocrx_word' id='word_1_616' title='bbox 2974 4206 3357 4276; x_wconf 79' lang='lat' dir='ltr'><strong>atqueinnttli,</strong></span> <span class='ocrx_word' id='word_1_617' title='bbox 3391 4221 3500 4260; x_wconf 91' lang='lat' dir='ltr'>tum</span> <span class='ocrx_word' id='word_1_618' title='bbox 3540 4206 3760 4265; x_wconf 66' lang='lat' dir='ltr'><strong>reliquus</strong></span> 
     </span>
    </p>
   </div>
   <div class='ocr_carea' id='block_1_83' title="bbox 2181 4302 2674 4375">
    <p class='ocr_par' dir='ltr' id='par_1_83' title="bbox 2181 4302 2674 4375">
     <span class='ocr_line' id='line_1_83' title="bbox 2181 4302 2674 4375; baseline -0.006 -18"><span class='ocrx_word' id='word_1_619' title='bbox 2181 4302 2391 4357; x_wconf 85' lang='lat' dir='ltr'><strong>civitati</strong></span> <span class='ocrx_word' id='word_1_620' title='bbox 2429 4302 2674 4375; x_wconf 76' lang='lat' dir='ltr'><strong>alligare.</strong></span> 
     </span>
    </p>
   </div>
   <div class='ocr_carea' id='block_1_84' title="bbox 494 4378 3759 4464">
    <p class='ocr_par' dir='ltr' id='par_1_84' title="bbox 494 4378 3759 4464">
     <span class='ocr_line' id='line_1_84' title="bbox 494 4378 3759 4464; baseline -0.003 -16"><span class='ocrx_word' id='word_1_621' title='bbox 494 4398 561 4452; x_wconf 83' lang='grc' dir='ltr'>ἂν</span> <span class='ocrx_word' id='word_1_622' title='bbox 601 4378 1005 4464; x_wconf 77' lang='grc' dir='ltr'>ἐξαμαρτάνειν</span> <span class='ocrx_word' id='word_1_623' title='bbox 1036 4390 1131 4445; x_wconf 74' lang='grc' dir='ltr'>τοῦ</span> <span class='ocrx_word' id='word_1_624' title='bbox 1159 4391 1371 4445; x_wconf 78' lang='grc' dir='ltr'>λοιποῦ.</span> <span class='ocrx_word' id='word_1_625' title='bbox 1415 4392 1570 4445; x_wconf 74' lang='grc' dir='ltr'>Ἐπεὶ</span> <span class='ocrx_word' id='word_1_626' title='bbox 1612 4394 1703 4445; x_wconf 82' lang='grc' dir='ltr'>τόν</span> <span class='ocrx_word' id='word_1_627' title='bbox 1736 4410 1799 4457; x_wconf 90' lang='grc' dir='ltr'>γε</span> <span class='ocrx_word' id='word_1_628' title='bbox 1837 4394 2074 4455; x_wconf 71' lang='grc' dir='ltr'>ἀνιάτως</span> <span class='ocrx_word' id='word_1_629' title='bbox 2112 4390 2545 4462; x_wconf 72' lang='grc' dir='ltr'>ἔχεινδοκοῦντα</span> <span class='ocrx_word' id='word_1_630' title='bbox 2574 4391 2706 4442; x_wconf 80' lang='grc' dir='ltr'>πολὺ</span> <span class='ocrx_word' id='word_1_631' title='bbox 2770 4390 2988 4442; x_wconf 83' lang='grc' dir='ltr'>κάλλιον</span> <span class='ocrx_word' id='word_1_632' title='bbox 3048 4389 3489 4443; x_wconf 67' lang='grc' dir='ltr'>ἀπαλλάττοντας</span> <span class='ocrx_word' id='word_1_633' title='bbox 3520 4384 3611 4438; x_wconf 68' lang='grc' dir='ltr'>τοῦ</span> <span class='ocrx_word' id='word_1_634' title='bbox 3644 4384 3759 4451; x_wconf 67' lang='grc' dir='ltr'>βίον</span> 
     </span>
    </p>
   </div>
   <div class='ocr_carea' id='block_1_85' title="bbox 493 4481 3757 4560">
    <p class='ocr_par' dir='ltr' id='par_1_85' title="bbox 493 4481 3757 4560">
     <span class='ocr_line' id='line_1_85' title="bbox 493 4481 3757 4560; baseline -0.006 -15"><span class='ocrx_word' id='word_1_635' title='bbox 493 4491 784 4560; x_wconf 75' lang='grc' dir='ltr'>ἐλευθέραν</span> <span class='ocrx_word' id='word_1_636' title='bbox 810 4488 1026 4557; x_wconf 68' lang='grc' dir='ltr'>ἀφιέναι</span> <span class='ocrx_word' id='word_1_637' title='bbox 1057 4488 1156 4556; x_wconf 70' lang='grc' dir='ltr'>τὴν</span> <span class='ocrx_word' id='word_1_638' title='bbox 1181 4487 1361 4556; x_wconf 73' lang='grc' dir='ltr'>ψυχὴν</span> <span class='ocrx_word' id='word_1_639' title='bbox 1396 4488 1671 4555; x_wconf 83' lang='grc' dir='ltr'>σώματος,</span> <span class='ocrx_word' id='word_1_640' title='bbox 1701 4482 1743 4553; x_wconf 76' lang='grc' dir='ltr'>ᾧ</span> <span class='ocrx_word' id='word_1_641' title='bbox 1776 4490 1851 4556; x_wconf 84' lang='grc' dir='ltr'>μὴ</span> <span class='ocrx_word' id='word_1_642' title='bbox 1896 4489 2077 4549; x_wconf 86' lang='grc' dir='ltr'>καλῶς</span> <span class='ocrx_word' id='word_1_643' title='bbox 2116 4487 2230 4555; x_wconf 70' lang='grc' dir='ltr'>ᾔδει</span> <span class='ocrx_word' id='word_1_644' title='bbox 2263 4485 2588 4555; x_wconf 77' lang='grc' dir='ltr'>κεχρῆσθαι,</span> <span class='ocrx_word' id='word_1_645' title='bbox 2622 4485 2655 4553; x_wconf 84' lang='grc' dir='ltr'>ἢ</span> <span class='ocrx_word' id='word_1_646' title='bbox 2691 4486 3049 4551; x_wconf 81' lang='grc' dir='ltr'>λωὸωμένους</span> <span class='ocrx_word' id='word_1_647' title='bbox 3098 4483 3364 4551; x_wconf 79' lang='grc' dir='ltr'>ἀναπήρῳ</span> <span class='ocrx_word' id='word_1_648' title='bbox 3430 4483 3523 4533; x_wconf 76' lang='grc' dir='ltr'>καὶ</span> <span class='ocrx_word' id='word_1_649' title='bbox 3590 4481 3757 4547; x_wconf 69' lang='grc' dir='ltr'>ἀχρήσ-</span> 
     </span>
    </p>
   </div>
   <div class='ocr_carea' id='block_1_86' title="bbox 494 4564 3079 4655">
    <p class='ocr_par' dir='ltr' id='par_1_86' title="bbox 494 4564 3079 4655">
     <span class='ocr_line' id='line_1_86' title="bbox 494 4564 3079 4655; baseline -0.005 -17"><span class='ocrx_word' id='word_1_650' title='bbox 494 4603 605 4655; x_wconf 85' lang='grc' dir='ltr'>στῳ</span> <span class='ocrx_word' id='word_1_651' title='bbox 635 4585 851 4654; x_wconf 77' lang='grc' dir='ltr'>σώματι</span> <span class='ocrx_word' id='word_1_652' title='bbox 881 4581 1031 4651; x_wconf 77' lang='grc' dir='ltr'>αὐτῷ</span> <span class='ocrx_word' id='word_1_653' title='bbox 1080 4598 1137 4632; x_wconf 89' lang='grc' dir='ltr'>τε</span> <span class='ocrx_word' id='word_1_654' title='bbox 1163 4581 1258 4633; x_wconf 75' lang='grc' dir='ltr'>καὶ</span> <span class='ocrx_word' id='word_1_655' title='bbox 1280 4584 1345 4650; x_wconf 77' lang='grc' dir='ltr'>τῇ</span> <span class='ocrx_word' id='word_1_656' title='bbox 1372 4580 1509 4650; x_wconf 82' lang='grc' dir='ltr'>ἄλλῃ</span> <span class='ocrx_word' id='word_1_657' title='bbox 1550 4580 1704 4632; x_wconf 88' lang='grc' dir='ltr'>πόλει</span> <span class='ocrx_word' id='word_1_658' title='bbox 1735 4581 2068 4647; x_wconf 75' lang='grc' dir='ltr'>ἀναγκάζειν</span> <span class='ocrx_word' id='word_1_659' title='bbox 2107 4578 2434 4632; x_wconf 78' lang='grc' dir='ltr'>ἐνδεδέσθαι.</span> <span class='ocrx_word' id='word_1_660' title='bbox 3070 4564 3079 4571; x_wconf 42' lang='grc'><strong>“</strong></span> 
     </span>
    </p>
   </div>
   <div class='ocr_carea' id='block_1_87' title="bbox 565 4695 2148 4764">
    <p class='ocr_par' dir='ltr' id='par_1_87' title="bbox 565 4695 2148 4764">
     <span class='ocr_line' id='line_1_87' title="bbox 565 4695 2148 4764; baseline -0.007 -9"><span class='ocrx_word' id='word_1_661' title='bbox 565 4703 644 4757; x_wconf 87' lang='grc' dir='ltr'>ιε’.</span> <span class='ocrx_word' id='word_1_662' title='bbox 680 4704 791 4756; x_wconf 74' lang='grc' dir='ltr'>Καὶ</span> <span class='ocrx_word' id='word_1_663' title='bbox 835 4697 1115 4758; x_wconf 81' lang='grc' dir='ltr'>πολιτείας</span> <span class='ocrx_word' id='word_1_664' title='bbox 1149 4698 1248 4764; x_wconf 77' lang='grc' dir='ltr'>μὲν</span> <span class='ocrx_word' id='word_1_665' title='bbox 1296 4696 1591 4757; x_wconf 81' lang='grc' dir='ltr'>σπουδαίας</span> <span class='ocrx_word' id='word_1_666' title='bbox 1628 4698 1783 4763; x_wconf 87' lang='grc' dir='ltr'>νόμοι</span> <span class='ocrx_word' id='word_1_667' title='bbox 1832 4695 1978 4747; x_wconf 73' lang='grc' dir='ltr'>οὗτοί</span> <span class='ocrx_word' id='word_1_668' title='bbox 2013 4712 2070 4745; x_wconf 86' lang='grc' dir='ltr'>τε</span> <span class='ocrx_word' id='word_1_669' title='bbox 2107 4697 2148 4750; x_wconf 84' lang='grc' dir='ltr'>ι)</span> 
     </span>
    </p>
   </div>
   <div class='ocr_carea' id='block_1_88' title="bbox 493 4780 2070 4855">
    <p class='ocr_par' dir='ltr' id='par_1_88' title="bbox 493 4780 2070 4855">
     <span class='ocr_line' id='line_1_88' title="bbox 493 4780 2070 4855; baseline -0.006 -8"><span class='ocrx_word' id='word_1_670' title='bbox 493 4797 585 4847; x_wconf 72' lang='grc' dir='ltr'>καὶ</span> <span class='ocrx_word' id='word_1_671' title='bbox 612 4794 844 4846; x_wconf 79' lang='grc' dir='ltr'>τοιοῦτοι</span> <span class='ocrx_word' id='word_1_672' title='bbox 873 4792 1073 4855; x_wconf 71' lang='grc' dir='ltr'>ἕτεροι,</span> <span class='ocrx_word' id='word_1_673' title='bbox 1106 4792 1198 4841; x_wconf 78' lang='grc' dir='ltr'>καὶ</span> <span class='ocrx_word' id='word_1_674' title='bbox 1246 4788 1463 4855; x_wconf 89' lang='grc' dir='ltr'>μείζους</span> <span class='ocrx_word' id='word_1_675' title='bbox 1496 4789 1590 4840; x_wconf 72' lang='grc' dir='ltr'>καὶ</span> <span class='ocrx_word' id='word_1_676' title='bbox 1638 4786 1895 4849; x_wconf 72' lang='grc' dir='ltr'>ἐλάττους</span> <span class='ocrx_word' id='word_1_677' title='bbox 1920 4802 1935 4815; x_wconf 89' lang='grc'><strong>·</strong></span> <span class='ocrx_word' id='word_1_678' title='bbox 1964 4780 2070 4838; x_wconf 82' lang='grc' dir='ltr'>ὧν·</span> 
     </span>
    </p>
   </div>
   <div class='ocr_carea' id='block_1_89' title="bbox 495 4877 2070 4951">
    <p class='ocr_par' dir='ltr' id='par_1_89' title="bbox 495 4877 2070 4951">
     <span class='ocr_line' id='line_1_89' title="bbox 495 4877 2070 4951; baseline -0.005 -16"><span class='ocrx_word' id='word_1_679' title='bbox 495 4902 596 4951; x_wconf 74' lang='grc' dir='ltr'>περ</span> <span class='ocrx_word' id='word_1_680' title='bbox 632 4896 925 4951; x_wconf 67' lang='grc' dir='ltr'>κεφαλαιον</span> <span class='ocrx_word' id='word_1_681' title='bbox 967 4883 1230 4935; x_wconf 77' lang='grc' dir='ltr'>απάντων</span> <span class='ocrx_word' id='word_1_682' title='bbox 1264 4882 1390 4947; x_wconf 68' lang='grc' dir='ltr'>περὶ</span> <span class='ocrx_word' id='word_1_683' title='bbox 1435 4879 1531 4946; x_wconf 78' lang='grc' dir='ltr'>τὴν</span> <span class='ocrx_word' id='word_1_684' title='bbox 1572 4878 1667 4931; x_wconf 81' lang='grc' dir='ltr'>τοῦ</span> <span class='ocrx_word' id='word_1_685' title='bbox 1713 4877 1857 4931; x_wconf 89' lang='grc' dir='ltr'>θείου</span> <span class='ocrx_word' id='word_1_686' title='bbox 1915 4878 2070 4941; x_wconf 82' lang='grc' dir='ltr'>δόξαν</span> 
     </span>
    </p>
   </div>
   <div class='ocr_carea' id='block_1_90' title="bbox 491 4970 2071 5043">
    <p class='ocr_par' dir='ltr' id='par_1_90' title="bbox 491 4970 2071 5043">
     <span class='ocr_line' id='line_1_90' title="bbox 491 4970 2071 5043; baseline -0.003 -17"><span class='ocrx_word' id='word_1_687' title='bbox 491 4975 831 5043; x_wconf 70' lang='grc' dir='ltr'>ἠκριῦῶσθαι</span> <span class='ocrx_word' id='word_1_688' title='bbox 852 4974 1121 5041; x_wconf 68' lang='grc' dir='ltr'>καὶκοινῇ</span> <span class='ocrx_word' id='word_1_689' title='bbox 1145 4972 1238 5024; x_wconf 76' lang='grc' dir='ltr'>καὶ</span> <span class='ocrx_word' id='word_1_690' title='bbox 1271 4971 1377 5041; x_wconf 76' lang='grc' dir='ltr'>ίδίᾳ</span> <span class='ocrx_word' id='word_1_691' title='bbox 1400 4972 1534 5041; x_wconf 69' lang='lat'>(48),</span> <span class='ocrx_word' id='word_1_692' title='bbox 1562 4970 1798 5039; x_wconf 86' lang='grc' dir='ltr'>μάλιστα</span> <span class='ocrx_word' id='word_1_693' title='bbox 1820 4971 1863 5022; x_wconf 81' lang='grc' dir='ltr'>δ’</span> <span class='ocrx_word' id='word_1_694' title='bbox 1891 4972 2071 5022; x_wconf 82' lang='grc' dir='ltr'>ἐκεῖνα</span> 
     </span>
    </p>
   </div>
   <div class='ocr_carea' id='block_1_91' title="bbox 489 5055 2071 5133">
    <p class='ocr_par' dir='ltr' id='par_1_91' title="bbox 489 5055 2071 5133">
     <span class='ocr_line' id='line_1_91' title="bbox 489 5055 2071 5133; baseline -0.005 -16"><span class='ocrx_word' id='word_1_695' title='bbox 489 5066 619 5133; x_wconf 72' lang='grc' dir='ltr'>τρία</span> <span class='ocrx_word' id='word_1_696' title='bbox 666 5082 724 5115; x_wconf 79' lang='grc' dir='ltr'>τε</span> <span class='ocrx_word' id='word_1_697' title='bbox 756 5065 849 5116; x_wconf 77' lang='grc' dir='ltr'>καὶ</span> <span class='ocrx_word' id='word_1_698' title='bbox 901 5063 1216 5130; x_wconf 81' lang='grc' dir='ltr'>κυριώτατα</span> <span class='ocrx_word' id='word_1_699' title='bbox 1242 5077 1256 5089; x_wconf 83' lang='grc'><strong>’</strong></span> <span class='ocrx_word' id='word_1_700' title='bbox 1298 5060 1355 5113; x_wconf 84' lang='grc' dir='ltr'>ἓν</span> <span class='ocrx_word' id='word_1_701' title='bbox 1395 5062 1515 5128; x_wconf 79' lang='grc' dir='ltr'>μὲν,</span> <span class='ocrx_word' id='word_1_702' title='bbox 1566 5055 1705 5112; x_wconf 86' lang='grc' dir='ltr'>εἷναί</span> <span class='ocrx_word' id='word_1_703' title='bbox 1737 5076 1788 5112; x_wconf 91' lang='grc' dir='ltr'>τι</span> <span class='ocrx_word' id='word_1_704' title='bbox 1824 5060 1964 5111; x_wconf 86' lang='grc' dir='ltr'>θεῖον</span> <span class='ocrx_word' id='word_1_705' title='bbox 2012 5061 2071 5110; x_wconf 80' lang='grc' dir='ltr'>ἐν</span> 
     </span>
    </p>
   </div>
   <div class='ocr_carea' id='block_1_92' title="bbox 490 5155 2073 5229">
    <p class='ocr_par' dir='ltr' id='par_1_92' title="bbox 490 5155 2073 5229">
     <span class='ocr_line' id='line_1_92' title="bbox 490 5155 2073 5229; baseline -0.002 -18"><span class='ocrx_word' id='word_1_706' title='bbox 490 5162 602 5222; x_wconf 86' lang='grc' dir='ltr'>τοῖς</span> <span class='ocrx_word' id='word_1_707' title='bbox 631 5155 751 5212; x_wconf 83' lang='grc' dir='ltr'>οὖσι</span> <span class='ocrx_word' id='word_1_708' title='bbox 790 5158 1135 5229; x_wconf 71' lang='grc' dir='ltr'>προθχουσάν</span> <span class='ocrx_word' id='word_1_709' title='bbox 1182 5176 1303 5211; x_wconf 87' lang='grc' dir='ltr'>τινα</span> <span class='ocrx_word' id='word_1_710' title='bbox 1331 5158 1440 5209; x_wconf 86' lang='grc' dir='ltr'>τῶν</span> <span class='ocrx_word' id='word_1_711' title='bbox 1468 5158 1607 5209; x_wconf 82' lang='grc' dir='ltr'>ὅλων</span> <span class='ocrx_word' id='word_1_712' title='bbox 1634 5156 1824 5209; x_wconf 80' lang='grc' dir='ltr'>οὐσίαν</span> <span class='ocrx_word' id='word_1_713' title='bbox 1844 5173 1857 5186; x_wconf 78' lang='grc'><strong><em>⁸</em></strong></span> <span class='ocrx_word' id='word_1_714' title='bbox 1891 5155 2073 5208; x_wconf 78' lang='grc' dir='ltr'>δεύτε-</span> 
     </span>
    </p>
   </div>
   <div class='ocr_carea' id='block_1_93' title="bbox 494 5244 2071 5317">
    <p class='ocr_par' dir='ltr' id='par_1_93' title="bbox 494 5244 2071 5317">
     <span class='ocr_line' id='line_1_93' title="bbox 494 5244 2071 5317; baseline -0.002 -16"><span class='ocrx_word' id='word_1_715' title='bbox 494 5266 584 5317; x_wconf 88' lang='grc' dir='ltr'>ρον</span> <span class='ocrx_word' id='word_1_716' title='bbox 637 5248 698 5300; x_wconf 79' lang='grc' dir='ltr'>τὸ</span> <span class='ocrx_word' id='word_1_717' title='bbox 731 5249 873 5301; x_wconf 85' lang='grc' dir='ltr'>θεῖον</span> <span class='ocrx_word' id='word_1_718' title='bbox 913 5247 1069 5301; x_wconf 79' lang='grc' dir='ltr'>τοῦτο</span> <span class='ocrx_word' id='word_1_719' title='bbox 1098 5249 1193 5300; x_wconf 69' lang='grc' dir='ltr'>καὶ</span> <span class='ocrx_word' id='word_1_720' title='bbox 1238 5248 1502 5315; x_wconf 74' lang='grc' dir='ltr'>ἐπιμελὲς</span> <span class='ocrx_word' id='word_1_721' title='bbox 1544 5244 1688 5299; x_wconf 68' lang='grc' dir='ltr'>εἶναι</span> <span class='ocrx_word' id='word_1_722' title='bbox 1744 5244 2071 5313; x_wconf 68' lang='grc' dir='ltr'>ἀνθρώπων,</span> 
     </span>
    </p>
   </div>
   <div class='ocr_carea' id='block_1_94' title="bbox 493 5338 2073 5409">
    <p class='ocr_par' dir='ltr' id='par_1_94' title="bbox 493 5338 2073 5409">
     <span class='ocr_line' id='line_1_94' title="bbox 493 5338 2073 5409; baseline -0.004 -14"><span class='ocrx_word' id='word_1_723' title='bbox 493 5341 710 5395; x_wconf 77' lang='grc' dir='ltr'>ἅπαντα</span> <span class='ocrx_word' id='word_1_724' title='bbox 735 5358 792 5393; x_wconf 87' lang='grc' dir='ltr'>τε</span> <span class='ocrx_word' id='word_1_725' title='bbox 823 5341 890 5393; x_wconf 73' lang='grc' dir='ltr'>τὰ</span> <span class='ocrx_word' id='word_1_726' title='bbox 924 5340 1240 5409; x_wconf 75' lang='grc' dir='ltr'>ἀνθρώπεια</span> <span class='ocrx_word' id='word_1_727' title='bbox 1276 5340 1378 5391; x_wconf 72' lang='grc' dir='ltr'>ὑπὸ</span> <span class='ocrx_word' id='word_1_728' title='bbox 1403 5339 1623 5403; x_wconf 83' lang='grc' dir='ltr'>τούτου,</span> <span class='ocrx_word' id='word_1_729' title='bbox 1658 5342 1749 5391; x_wconf 72' lang='grc' dir='ltr'>καὶ</span> <span class='ocrx_word' id='word_1_730' title='bbox 1782 5339 1954 5407; x_wconf 78' lang='grc' dir='ltr'>μείζω</span> <span class='ocrx_word' id='word_1_731' title='bbox 1979 5338 2073 5390; x_wconf 77' lang='grc' dir='ltr'>καὶ</span> 
     </span>
    </p>
   </div>
   <div class='ocr_carea' id='block_1_95' title="bbox 491 5427 2072 5501">
    <p class='ocr_par' dir='ltr' id='par_1_95' title="bbox 491 5427 2072 5501">
     <span class='ocr_line' id='line_1_95' title="bbox 491 5427 2072 5501; baseline -0.004 -15"><span class='ocrx_word' id='word_1_732' title='bbox 491 5434 720 5498; x_wconf 79' lang='grc' dir='ltr'>ἐλάττω,</span> <span class='ocrx_word' id='word_1_733' title='bbox 758 5431 1118 5485; x_wconf 85' lang='grc' dir='ltr'>διοικεῖσθαι·</span> <span class='ocrx_word' id='word_1_734' title='bbox 1158 5432 1340 5501; x_wconf 85' lang='grc' dir='ltr'>τρίτον</span> <span class='ocrx_word' id='word_1_735' title='bbox 1390 5431 1530 5482; x_wconf 70' lang='grc' dir='ltr'>κατὰ</span> <span class='ocrx_word' id='word_1_736' title='bbox 1581 5429 1802 5497; x_wconf 77' lang='grc' dir='ltr'>γνώμην</span> <span class='ocrx_word' id='word_1_737' title='bbox 1838 5430 1935 5495; x_wconf 81' lang='grc' dir='ltr'>τὴν</span> <span class='ocrx_word' id='word_1_738' title='bbox 1976 5427 2072 5479; x_wconf 79' lang='grc' dir='ltr'>αὖ·</span> 
     </span>
    </p>
   </div>
   <div class='ocr_carea' id='block_1_96' title="bbox 492 5520 2071 5591">
    <p class='ocr_par' dir='ltr' id='par_1_96' title="bbox 492 5520 2071 5591">
     <span class='ocr_line' id='line_1_96' title="bbox 492 5520 2071 5591; baseline -0.006 -13"><span class='ocrx_word' id='word_1_739' title='bbox 492 5525 585 5578; x_wconf 79' lang='grc' dir='ltr'>τοῦ</span> <span class='ocrx_word' id='word_1_740' title='bbox 637 5527 861 5579; x_wconf 82' lang='grc' dir='ltr'>διοικεῖν</span> <span class='ocrx_word' id='word_1_741' title='bbox 920 5524 1127 5575; x_wconf 79' lang='grc' dir='ltr'>ἕκαστα</span> <span class='ocrx_word' id='word_1_742' title='bbox 1179 5521 1357 5591; x_wconf 86' lang='grc' dir='ltr'>ὀρθῶς</span> <span class='ocrx_word' id='word_1_743' title='bbox 1407 5522 1517 5573; x_wconf 68' lang='lat' dir='ltr'><strong>alat</strong></span> <span class='ocrx_word' id='word_1_744' title='bbox 1571 5522 1661 5571; x_wconf 70' lang='grc' dir='ltr'>καὶ</span> <span class='ocrx_word' id='word_1_745' title='bbox 1719 5520 1959 5580; x_wconf 75' lang='grc' dir='ltr'>δικαίως,</span> <span class='ocrx_word' id='word_1_746' title='bbox 1998 5520 2071 5587; x_wconf 82' lang='grc' dir='ltr'>μὴ</span> 
     </span>
    </p>
   </div>
   <div class='ocr_carea' id='block_1_97' title="bbox 492 5608 2068 5685">
    <p class='ocr_par' dir='ltr' id='par_1_97' title="bbox 492 5608 2068 5685">
     <span class='ocr_line' id='line_1_97' title="bbox 492 5608 2068 5685; baseline -0.006 -16"><span class='ocrx_word' id='word_1_747' title='bbox 492 5616 848 5685; x_wconf 69' lang='grc' dir='ltr'>ἐξιστάμενον</span> <span class='ocrx_word' id='word_1_748' title='bbox 887 5614 1109 5682; x_wconf 82' lang='grc' dir='ltr'>μηδαμῆ</span> <span class='ocrx_word' id='word_1_749' title='bbox 1145 5610 1238 5663; x_wconf 74' lang='grc' dir='ltr'>τοῦ</span> <span class='ocrx_word' id='word_1_750' title='bbox 1278 5611 1406 5678; x_wconf 71' lang='grc' dir='ltr'>περὶ</span> <span class='ocrx_word' id='word_1_751' title='bbox 1443 5610 1677 5663; x_wconf 79' lang='grc' dir='ltr'>’ἑκαστον</span> <span class='ocrx_word' id='word_1_752' title='bbox 1714 5608 2068 5675; x_wconf 70' lang='grc' dir='ltr'>καθήκοντος,</span> 
     </span>
    </p>
   </div>
   <div class='ocr_carea' id='block_1_98' title="bbox 563 5812 1862 5893">
    <p class='ocr_par' dir='ltr' id='par_1_98' title="bbox 563 5812 1862 5893">
     <span class='ocr_line' id='line_1_98' title="bbox 563 5812 1862 5893; baseline -0.011 -14"><span class='ocrx_word' id='word_1_753' title='bbox 563 5827 675 5893; x_wconf 68' lang='lat' dir='ltr'><strong>(illi</strong></span> <span class='ocrx_word' id='word_1_754' title='bbox 716 5820 823 5877; x_wconf 77' lang='grc' dir='ltr'>Καὶ</span> <span class='ocrx_word' id='word_1_755' title='bbox 858 5815 1031 5871; x_wconf 69' lang='grc' dir='ltr'>κοινῆ</span> <span class='ocrx_word' id='word_1_756' title='bbox 1068 5815 1162 5870; x_wconf 71' lang='grc' dir='ltr'>καί</span> <span class='ocrx_word' id='word_1_757' title='bbox 1201 5816 1341 5893; x_wconf 46' lang='lat' dir='ltr'><strong>tam:</strong></span> <span class='ocrx_word' id='word_1_758' title='bbox 1375 5814 1460 5870; x_wconf 75' lang='lat' dir='ltr'><strong>Cl.</strong></span> <span class='ocrx_word' id='word_1_759' title='bbox 1489 5815 1521 5868; x_wconf 85' lang='grc' dir='ltr'>ι.</span> <span class='ocrx_word' id='word_1_760' title='bbox 1560 5830 1610 5867; x_wconf 80' lang='lat' dir='ltr'><strong>x.</strong></span> <span class='ocrx_word' id='word_1_761' title='bbox 1640 5813 1701 5866; x_wconf 82' lang='lat' dir='ltr'>dc</span> <span class='ocrx_word' id='word_1_762' title='bbox 1744 5812 1862 5881; x_wconf 61' lang='grc' dir='ltr'>[λθ.</span> 
     </span>
    </p>
   </div>
   <div class='ocr_carea' id='block_1_99' title="bbox 2256 4685 3759 4760">
    <p class='ocr_par' dir='ltr' id='par_1_99' title="bbox 2256 4685 3759 4760">
     <span class='ocr_line' id='line_1_99' title="bbox 2256 4685 3759 4760; baseline -0.007 -14"><span class='ocrx_word' id='word_1_763' title='bbox 2256 4692 2341 4746; x_wconf 82' lang='lat' dir='ltr'><strong>l5.</strong></span> <span class='ocrx_word' id='word_1_764' title='bbox 2397 4694 2573 4760; x_wconf 84' lang='lat' dir='ltr'><strong>Atque</strong></span> <span class='ocrx_word' id='word_1_765' title='bbox 2634 4692 2717 4744; x_wconf 62' lang='lat' dir='ltr'>hat</span> <span class='ocrx_word' id='word_1_766' title='bbox 2744 4692 2962 4759; x_wconf 86' lang='lat' dir='ltr'><strong>quidem</strong></span> <span class='ocrx_word' id='word_1_767' title='bbox 3022 4687 3204 4758; x_wconf 53' lang='lat' dir='ltr'><strong>proba</strong></span> <span class='ocrx_word' id='word_1_768' title='bbox 3258 4696 3388 4739; x_wconf 88' lang='lat' dir='ltr'><strong>sunt</strong></span> <span class='ocrx_word' id='word_1_769' title='bbox 3450 4685 3759 4753; x_wconf 70' lang='lat' dir='ltr'><strong>reipublime</strong></span> 
     </span>
    </p>
   </div>
   <div class='ocr_carea' id='block_1_100' title="bbox 2176 4781 3758 4853">
    <p class='ocr_par' dir='ltr' id='par_1_100' title="bbox 2176 4781 3758 4853">
     <span class='ocr_line' id='line_1_100' title="bbox 2176 4781 3758 4853; baseline -0.008 -13"><span class='ocrx_word' id='word_1_770' title='bbox 2176 4786 2347 4853; x_wconf 80' lang='lat' dir='ltr'><strong>leges,</strong></span> <span class='ocrx_word' id='word_1_771' title='bbox 2386 4783 2619 4852; x_wconf 66' lang='lat' dir='ltr'><strong>aliaeque</strong></span> <span class='ocrx_word' id='word_1_772' title='bbox 2650 4783 2881 4848; x_wconf 81' lang='lat' dir='ltr'><strong>similes,</strong></span> <span class='ocrx_word' id='word_1_773' title='bbox 2902 4790 3062 4850; x_wconf 85' lang='lat' dir='ltr'><strong>caput</strong></span> <span class='ocrx_word' id='word_1_774' title='bbox 3089 4789 3268 4849; x_wconf 87' lang='lat' dir='ltr'><strong>autem</strong></span> <span class='ocrx_word' id='word_1_775' title='bbox 3308 4781 3496 4832; x_wconf 81' lang='lat' dir='ltr'><strong>hotum</strong></span> <span class='ocrx_word' id='word_1_776' title='bbox 3529 4788 3611 4831; x_wconf 82' lang='lat' dir='ltr'>est</span> <span class='ocrx_word' id='word_1_777' title='bbox 3639 4793 3758 4828; x_wconf 85' lang='lat' dir='ltr'><strong>om-</strong></span> 
     </span>
    </p>
   </div>
   <div class='ocr_carea' id='block_1_101' title="bbox 2184 4867 3753 4940">
    <p class='ocr_par' dir='ltr' id='par_1_101' title="bbox 2184 4867 3753 4940">
     <span class='ocr_line' id='line_1_101' title="bbox 2184 4867 3753 4940; baseline -0.007 -13"><span class='ocrx_word' id='word_1_778' title='bbox 2184 4873 2332 4927; x_wconf 90' lang='lat' dir='ltr'><strong>nium</strong></span> <span class='ocrx_word' id='word_1_779' title='bbox 2360 4873 2426 4926; x_wconf 92' lang='lat' dir='ltr'>de</span> <span class='ocrx_word' id='word_1_780' title='bbox 2462 4869 2571 4927; x_wconf 87' lang='lat' dir='ltr'><strong>Deo</strong></span> <span class='ocrx_word' id='word_1_781' title='bbox 2600 4883 2746 4927; x_wconf 81' lang='lat' dir='ltr'><strong>recte</strong></span> <span class='ocrx_word' id='word_1_782' title='bbox 2794 4880 2847 4926; x_wconf 87' lang='lat' dir='ltr'>et</span> <span class='ocrx_word' id='word_1_783' title='bbox 2896 4870 3108 4940; x_wconf 87' lang='lat' dir='ltr'><strong>publice</strong></span> <span class='ocrx_word' id='word_1_784' title='bbox 3164 4877 3218 4923; x_wconf 88' lang='lat' dir='ltr'>et</span> <span class='ocrx_word' id='word_1_785' title='bbox 3250 4868 3500 4937; x_wconf 77' lang='lat' dir='ltr'><strong>privatim</strong></span> <span class='ocrx_word' id='word_1_786' title='bbox 3531 4867 3753 4930; x_wconf 70' lang='lat' dir='ltr'><strong>sentire,</strong></span> 
     </span>
    </p>
   </div>
   <div class='ocr_carea' id='block_1_102' title="bbox 2178 4961 3756 5033">
    <p class='ocr_par' dir='ltr' id='par_1_102' title="bbox 2178 4961 3756 5033">
     <span class='ocr_line' id='line_1_102' title="bbox 2178 4961 3756 5033; baseline -0.005 -16"><span class='ocrx_word' id='word_1_787' title='bbox 2178 4965 2412 5019; x_wconf 66' lang='lat' dir='ltr'><strong>maxime</strong></span> <span class='ocrx_word' id='word_1_788' title='bbox 2440 4974 2620 5019; x_wconf 84' lang='lat' dir='ltr'><strong>autem</strong></span> <span class='ocrx_word' id='word_1_789' title='bbox 2652 4965 2766 5019; x_wconf 65' lang='lat' dir='ltr'><strong>haec</strong></span> <span class='ocrx_word' id='word_1_790' title='bbox 2799 4964 2925 5030; x_wconf 87' lang='lat' dir='ltr'><strong>tria,</strong></span> <span class='ocrx_word' id='word_1_791' title='bbox 2946 4964 3337 5033; x_wconf 88' lang='lat' dir='ltr'><strong>primum,essc</strong></span> <span class='ocrx_word' id='word_1_792' title='bbox 3369 4961 3534 5015; x_wconf 86' lang='lat' dir='ltr'><strong>Deum</strong></span> <span class='ocrx_word' id='word_1_793' title='bbox 3566 4975 3756 5028; x_wconf 86' lang='lat' dir='ltr'><strong>quem-</strong></span> 
     </span>
    </p>
   </div>
   <div class='ocr_carea' id='block_1_103' title="bbox 2176 5052 3757 5126">
    <p class='ocr_par' dir='ltr' id='par_1_103' title="bbox 2176 5052 3757 5126">
     <span class='ocr_line' id='line_1_103' title="bbox 2176 5052 3757 5126; baseline -0.004 -14"><span class='ocrx_word' id='word_1_794' title='bbox 2176 5058 2324 5125; x_wconf 87' lang='lat' dir='ltr'><strong>dam,</strong></span> <span class='ocrx_word' id='word_1_795' title='bbox 2358 5067 2555 5126; x_wconf 68' lang='lat' dir='ltr'><strong>praesta</strong></span> <span class='ocrx_word' id='word_1_796' title='bbox 2577 5056 2888 5111; x_wconf 88' lang='lat' dir='ltr'><strong>ntissimam</strong></span> <span class='ocrx_word' id='word_1_797' title='bbox 2921 5056 3164 5110; x_wconf 90' lang='lat' dir='ltr'><strong>omnium</strong></span> <span class='ocrx_word' id='word_1_798' title='bbox 3230 5066 3503 5120; x_wconf 86' lang='lat' dir='ltr'><strong>naturam,</strong></span> <span class='ocrx_word' id='word_1_799' title='bbox 3538 5052 3757 5117; x_wconf 84' lang='lat' dir='ltr'><strong>deinde,</strong></span> 
     </span>
    </p>
   </div>
   <div class='ocr_carea' id='block_1_104' title="bbox 2179 5148 3757 5218">
    <p class='ocr_par' dir='ltr' id='par_1_104' title="bbox 2179 5148 3757 5218">
     <span class='ocr_line' id='line_1_104' title="bbox 2179 5148 3757 5218; baseline -0.003 -15"><span class='ocrx_word' id='word_1_800' title='bbox 2179 5151 2325 5204; x_wconf 91' lang='lat' dir='ltr'><strong>hunc</strong></span> <span class='ocrx_word' id='word_1_801' title='bbox 2382 5161 2437 5218; x_wconf 78' lang='lat' dir='ltr'>et</span> <span class='ocrx_word' id='word_1_802' title='bbox 2489 5149 2737 5203; x_wconf 83' lang='lat' dir='ltr'><strong>homines</strong></span> <span class='ocrx_word' id='word_1_803' title='bbox 2797 5164 3001 5203; x_wconf 87' lang='lat' dir='ltr'><strong>curare</strong></span> <span class='ocrx_word' id='word_1_804' title='bbox 3035 5161 3087 5202; x_wconf 86' lang='lat' dir='ltr'>et</span> <span class='ocrx_word' id='word_1_805' title='bbox 3126 5163 3211 5202; x_wconf 86' lang='lat' dir='ltr'>res</span> <span class='ocrx_word' id='word_1_806' title='bbox 3264 5161 3455 5201; x_wconf 85' lang='lat' dir='ltr'><strong>omnes</strong></span> <span class='ocrx_word' id='word_1_807' title='bbox 3491 5148 3757 5199; x_wconf 86' lang='lat' dir='ltr'><strong>humanas</strong></span> 
     </span>
    </p>
   </div>
   <div class='ocr_carea' id='block_1_105' title="bbox 2172 5240 3759 5310">
    <p class='ocr_par' dir='ltr' id='par_1_105' title="bbox 2172 5240 3759 5310">
     <span class='ocr_line' id='line_1_105' title="bbox 2172 5240 3759 5310; baseline -0.001 -16"><span class='ocrx_word' id='word_1_808' title='bbox 2172 5250 2281 5294; x_wconf 88' lang='lat' dir='ltr'>tum</span> <span class='ocrx_word' id='word_1_809' title='bbox 2315 5257 2539 5310; x_wconf 82' lang='lat' dir='ltr'><strong>magnas</strong></span> <span class='ocrx_word' id='word_1_810' title='bbox 2574 5250 2684 5295; x_wconf 86' lang='lat' dir='ltr'>tum</span> <span class='ocrx_word' id='word_1_811' title='bbox 2728 5255 2926 5309; x_wconf 86' lang='lat' dir='ltr'><strong>parvas</strong></span> <span class='ocrx_word' id='word_1_812' title='bbox 2979 5255 3184 5309; x_wconf 81' lang='lat' dir='ltr'><strong>regere,</strong></span> <span class='ocrx_word' id='word_1_813' title='bbox 3214 5248 3325 5294; x_wconf 87' lang='lat' dir='ltr'>tum</span> <span class='ocrx_word' id='word_1_814' title='bbox 3377 5240 3603 5292; x_wconf 87' lang='lat' dir='ltr'><strong>arbitrio</strong></span> <span class='ocrx_word' id='word_1_815' title='bbox 3655 5253 3759 5294; x_wconf 87' lang='lat' dir='ltr'>suo</span> 
     </span>
    </p>
   </div>
   <div class='ocr_carea' id='block_1_106' title="bbox 2174 5332 3755 5402">
    <p class='ocr_par' dir='ltr' id='par_1_106' title="bbox 2174 5332 3755 5402">
     <span class='ocr_line' id='line_1_106' title="bbox 2174 5332 3755 5402; baseline -0.001 -16"><span class='ocrx_word' id='word_1_816' title='bbox 2174 5342 2371 5386; x_wconf 85' lang='lat' dir='ltr'><strong>cuncta</strong></span> <span class='ocrx_word' id='word_1_817' title='bbox 2441 5332 2595 5385; x_wconf 86' lang='lat' dir='ltr'><strong>illum</strong></span> <span class='ocrx_word' id='word_1_818' title='bbox 2625 5332 3050 5401; x_wconf 88' lang='lat' dir='ltr'><strong>rectejusteque</strong></span> <span class='ocrx_word' id='word_1_819' title='bbox 3077 5348 3297 5402; x_wconf 84' lang='lat' dir='ltr'><strong>semper</strong></span> <span class='ocrx_word' id='word_1_820' title='bbox 3347 5332 3755 5393; x_wconf 82' lang='lat' dir='ltr'><strong>administrare.</strong></span> 
     </span>
    </p>
   </div>
   <div class='ocr_carea' id='block_1_107' title="bbox 2177 5424 3753 5492">
    <p class='ocr_par' dir='ltr' id='par_1_107' title="bbox 2177 5424 3753 5492">
     <span class='ocr_line' id='line_1_107' title="bbox 2177 5424 3753 5492; baseline -0.003 -15"><span class='ocrx_word' id='word_1_821' title='bbox 2177 5440 2446 5492; x_wconf 83' lang='lat' dir='ltr'><strong>nusquam</strong></span> <span class='ocrx_word' id='word_1_822' title='bbox 2474 5424 2541 5477; x_wconf 88' lang='lat' dir='ltr'>ab</span> <span class='ocrx_word' id='word_1_823' title='bbox 2571 5424 2750 5478; x_wconf 82' lang='lat' dir='ltr'><strong>ollieio</strong></span> <span class='ocrx_word' id='word_1_824' title='bbox 2785 5426 3163 5479; x_wconf 83' lang='lat' dir='ltr'><strong>deﬂectentem</strong></span> <span class='ocrx_word' id='word_1_825' title='bbox 3227 5425 3305 5475; x_wconf 84' lang='lat' dir='ltr'>vel</span> <span class='ocrx_word' id='word_1_826' title='bbox 3326 5425 3431 5477; x_wconf 82' lang='lat' dir='ltr'><strong>alia</strong></span> <span class='ocrx_word' id='word_1_827' title='bbox 3473 5426 3537 5474; x_wconf 86' lang='lat' dir='ltr'>de</span> <span class='ocrx_word' id='word_1_828' title='bbox 3567 5436 3753 5485; x_wconf 82' lang='lat' dir='ltr'><strong>causa,</strong></span> 
     </span>
    </p>
   </div>
   <div class='ocr_carea' id='block_1_108' title="bbox 2170 5512 3751 5585">
    <p class='ocr_par' dir='ltr' id='par_1_108' title="bbox 2170 5512 3751 5585">
     <span class='ocr_line' id='line_1_108' title="bbox 2170 5512 3751 5585; baseline -0.003 -16"><span class='ocrx_word' id='word_1_829' title='bbox 2170 5517 2252 5571; x_wconf 81' lang='lat' dir='ltr'>vel</span> <span class='ocrx_word' id='word_1_830' title='bbox 2286 5517 2573 5570; x_wconf 88' lang='lat' dir='ltr'><strong>hominum</strong></span> <span class='ocrx_word' id='word_1_831' title='bbox 2602 5517 2759 5570; x_wconf 89' lang='lat' dir='ltr'><strong>donis</strong></span> <span class='ocrx_word' id='word_1_832' title='bbox 2790 5516 3101 5582; x_wconf 75' lang='lat' dir='ltr'><strong>deliuitum,</strong></span> <span class='ocrx_word' id='word_1_833' title='bbox 3124 5516 3325 5585; x_wconf 86' lang='lat' dir='ltr'><strong>quibus</strong></span> <span class='ocrx_word' id='word_1_834' title='bbox 3362 5529 3466 5566; x_wconf 90' lang='lat' dir='ltr'>non</span> <span class='ocrx_word' id='word_1_835' title='bbox 3493 5512 3751 5580; x_wconf 83' lang='lat' dir='ltr'><strong>indigeat.</strong></span> 
     </span>
    </p>
   </div>
   <div class='ocr_carea' id='block_1_109' title="bbox 2172 5602 3755 5674">
    <p class='ocr_par' dir='ltr' id='par_1_109' title="bbox 2172 5602 3755 5674">
     <span class='ocr_line' id='line_1_109' title="bbox 2172 5602 3755 5674; baseline -0.003 -13"><span class='ocrx_word' id='word_1_836' title='bbox 2172 5608 2301 5674; x_wconf 74' lang='lat' dir='ltr'><strong>Quze</strong></span> <span class='ocrx_word' id='word_1_837' title='bbox 2362 5624 2485 5662; x_wconf 76' lang='lat' dir='ltr'>cum</span> <span class='ocrx_word' id='word_1_838' title='bbox 2529 5608 2597 5663; x_wconf 83' lang='lat' dir='ltr'>ita</span> <span class='ocrx_word' id='word_1_839' title='bbox 2662 5624 2720 5662; x_wconf 89' lang='lat' dir='ltr'>se</span> <span class='ocrx_word' id='word_1_840' title='bbox 2794 5607 2995 5662; x_wconf 87' lang='lat' dir='ltr'><strong>habent</strong></span> <span class='ocrx_word' id='word_1_841' title='bbox 3046 5602 3578 5672; x_wconf 75' lang='lat' dir='ltr'><strong>consequiturjllnd,</strong></span> <span class='ocrx_word' id='word_1_842' title='bbox 3609 5614 3665 5655; x_wconf 90' lang='lat' dir='ltr'>ut</span> <span class='ocrx_word' id='word_1_843' title='bbox 3700 5603 3755 5657; x_wconf 89' lang='lat' dir='ltr'>in</span> 
     </span>
    </p>
   </div>
  </div>
