4186 6290
471 386 578 450 857

2152 295 2175 316 ο

1286 392 1385 452 DE
1430 391 1689 454 REBUS
1745 398 2462 465 PELOPUNNESIACIS
2500 404 2787 467 ORATIO
2826 405 2903 466 II.

3645 408 3755 470 858

467 502 647 571 χρόνῳ
673 502 897 575 ὕστερον
925 504 1226 574 νομοθέτης
1262 506 1366 559 ὑπὸ
1400 510 1497 579 τῆς
1532 512 1741 576 πόλεως
1786 514 2046 584 αἱρεθεὶς,

2166 522 2543 578 :onstitutione
2609 523 2944 587 introducta,
2999 521 3411 577 celeberrimam
3448 519 3621 589 ipsam
3654 537 3753 574 ur-

468 593 563 645 καὶ
604 596 705 662 τὴν
753 594 859 646 ὑπὸ
910 595 1127 648 πάντων
1181 599 1583 670 ἐπαινουμένην
1636 604 2050 673 ἐγκαταστήσας

475 684 747 736 πολιτείαν
795 685 957 753 αὐτῇ,
992 686 1437 759 εὑδοκιμωτάτην
1492 693 1703 745 πόλεων
1747 695 1803 747 ἒν
1835 713 1894 747 τε
1928 698 2055 749 ’Έλ-

469 777 594 843 λησι
649 779 742 830 καὶ
778 778 1074 848 βαρὸάροις
1125 783 1419 851 ἀπέφηνεο
1467 788 1563 840 καὶ
1628 786 1977 858 Ἀλέξανδρος
2026 795 2052 846 ὁ

470 867 795 922 Μακεδόνων
822 872 1099 940 βασιλεὺς,
1135 874 1192 937 ὃς
1225 878 1293 928 δι’
1325 880 1531 947 ἀρετήν
1573 897 1631 932 τε
1664 885 1758 934 καὶ
1790 885 2050 954 φρόνημα

470 959 847 1026 ἡγεμονεύσας
884 962 1181 1034 Ἑλλήνων,
1210 969 1436 1039 Ἕλλησί
1463 989 1523 1025 τε
1554 973 1690 1041 ὁμοῦ
1738 977 1832 1028 καὶ
1864 978 2052 1029 Μακε-

470 1050 582 1102 δόσι
616 1051 715 1120 τὴν
758 1052 939 1117 Ἀσίας
973 1057 1305 1125 ὴγεμονείαν
1346 1063 1702 1135 περιεποίησε
1727 1080 1741 1095 ⁸
1776 1069 1871 1121 καὶ
1924 1069 2055 1138 βαρ⁶

471 1142 657 1204 δάρων
691 1145 747 1197 δὲ
791 1146 971 1217 Κῦρος
1011 1150 1037 1201 ὁ
1086 1151 1321 1221 Πέρσης,
1354 1154 1413 1213 ὃς
1468 1157 1679 1226 Πέρσας
1716 1161 1843 1221 τοὺς
1881 1161 2053 1216 αὐτοῦ

474 1234 695 1297 πολίτας
731 1236 801 1290 δι’
823 1240 1026 1309 ἀρετὴν
1055 1241 1220 1295 αὑτοῦ
1244 1245 1360 1314 ἆμα
1390 1247 1488 1315 μὲν
1513 1248 1615 1317 τῆς
1647 1252 1847 1318 Μήδων
1878 1254 2053 1322 ἀπήλ-

472 1325 597 1391 λαξε
633 1329 900 1393 δουλείας,
938 1331 1054 1402 ἅμα
1088 1335 1143 1387 δὲ
1172 1341 1264 1391 καὶ
1302 1338 1510 1393 τούτων
1541 1359 1601 1393 τε
1630 1344 1723 1396 καὶ
1753 1346 1856 1413 τῆς
1886 1347 2055 1417 ἄλλης

486 1417 669 1483 Ἀσίας
704 1422 981 1491 ἡγεμόνας
1011 1425 1285 1493 ἀπέφηνε.

547 1516 636 1580 ιη’.
664 1511 786 1565 Τῶν
828 1513 876 1566 δ’
918 1515 1122 1583 ἑτέρων
1156 1504 1330 1572 ’ἄλλοί
1381 1538 1439 1574 τε
1492 1523 1587 1575 και
1628 1524 1980 1591 Ἀλέξανδρος
2028 1527 2059 1578 ὁ

475 1603 730 1671 Πριάμου
782 1608 810 1657 ὁ
854 1606 1063 1670 Ἰλιεὺς,
1101 1608 1159 1672 ὃς
1205 1613 1279 1683 ὲν
1312 1615 1377 1681 τῇ
1432 1615 1608 1681 κρίσει
1661 1617 1769 1669 τῶν
1816 1617 1955 1670 θεῶν
1984 1621 2051 1687 τῇ

474 1694 687 1762 αἱρέσει
715 1698 782 1765 τῇ
810 1697 919 1749 τῶν
951 1698 1104 1765 βίων,
1136 1701 1411 1770 ὑπεριδὼν
1438 1704 1537 1772 μὲν
1572 1707 1776 1775 Ἥρας,
1804 1709 1902 1777 τῆς
1930 1708 2058 1777 ἀρε-

474 1783 574 1851 τῆς
629 1787 829 1857 ἐφόρου
859 1788 1019 1856 Θεοῦ,
1066 1793 1340 1863 ὑπεριδὼν
1373 1796 1427 1850 δὲ
1472 1797 1726 1867 Ἀθηνᾶς,
1760 1801 1861 1868 τῆς
1899 1800 2057 1868 δόξης

474 1873 544 1932 αὖ
583 1884 1013 1950 προεστηκυίας,
1064 1885 1411 1956 ’Λφροδίτην,
1442 1889 1518 1953 ὼς
1555 1891 1618 1959 δὴ
1666 1892 1857 1960 ἡδονῆς
1891 1892 2056 1945 οὖσαν

377 2008 383 2015 .
475 1968 635 2045 Gs‘v,
666 1973 967 2043 προῦκρινὲ
1014 1995 1072 2029 τε
1119 1981 1209 2030 καὶ
1240 1982 1546 2046 προείλετο.
1580 1983 1874 2053 Τοιγάρτοι
1905 1984 2057 2053 βασι-

398 2070 407 2076 “
473 2058 623 2123 λείας
656 2064 755 2130 μὲν
794 2065 901 2119 ὑπὸ
938 2067 1118 2133 Ἥρας
1147 2071 1432 2140 διδομένης
1456 2074 1802 2144 ὀλιγωρήσας
1829 2075 1923 2128 τοῦ
1954 2094 2061 2145 μα-

478 2156 823 2223 καριωτάτου
866 2159 981 2227 βίου
1035 2162 1129 2214 τοῦ
1166 2162 1288 2215 κατ’
1336 2165 1560 2235 ἀρετὴν,
1598 2171 1691 2220 καὶ
1724 2168 1959 2238 κράτους
1992 2165 2060 2221 αὖ

477 2243 736 2313 πολέμων
765 2247 871 2300 ὑπὸ
905 2249 1159 2319 Ἀθηνᾶς,
1185 2252 1280 2304 τοῦ
1315 2255 1596 2324 φιλοτίμου
1630 2256 1769 2326 βίου,
1812 2259 1906 2310 καὶ
1932 2259 2062 2329 περὶ

477 2333 574 2405 τὴν
605 2335 763 2400 δόξαν
791 2338 1029 2407 ἔχοντος,
1076 2341 1299 2412 Ἑλένην
1340 2344 1396 2397 δὲ
1442 2347 1542 2415 τὴν
1572 2348 1863 2417 Τυνδάρεω
1895 2349 2061 2417 θυγα-

476 2428 634 2497 τέρα,
669 2430 923 2485 Μενέλεω
951 2433 1006 2485 δὲ
1032 2437 1266 2501 γυναῖκα
1308 2438 1404 2490 τοῦ
1449 2439 1692 2508 ’Λτρέως
1725 2440 1825 2510 τὴν
1854 2444 2061 2497 Λάκαι-

477 2538 595 2584 ναν,
629 2522 803 2592 δῶρον
828 2524 921 2577 ἐπὶ
954 2527 1125 2597 ταύτῃ
1159 2531 1222 2597 τῇ
1258 2529 1431 2598 ἀδίκῳ
1468 2531 1647 2599 κρίσει
1688 2533 1950 2602 εἰληφὼς,
1986 2536 2061 2599 ὡς

477 2613 542 2683 δὴ
570 2614 865 2683 κεφάλαιον
896 2616 1062 2671 οὖσαν
1095 2618 1313 2689 ἡδονῆς.
1349 2622 1644 2693 καλλίστην
1678 2624 1778 2692 μὲν
1805 2624 1911 2678 τῶν
1939 2626 2061 2678 τότε

477 2704 743 2759 δοκοῦσαν
783 2709 883 2778 τὴν
927 2710 1092 2775 ἰδέαν,
1122 2713 1219 2781 τὴν
1255 2712 1311 2765 δὲ
1335 2711 1513 2783 ψυχὴν
1556 2715 1729 2777 ἄλλως
1774 2716 2062 2785 αἰσχίστην

482 2794 576 2847 καὶ
612 2796 993 2866 μοιχεύτριαν.
1025 2801 1163 2869 πρὸς
1190 2802 1365 2874 ταύτῃ
1396 2804 1557 2856 αὐτόν
1590 2822 1646 2856 τε
1675 2805 1812 2873 ὁμοῦ
1843 2808 1939 2859 καὶ
1965 2807 2062 2877 τὴ)

484 2888 717 2955 πατρίδα
758 2892 1171 2959 προσαπώλεσε.
1206 2895 1315 2947 Καὶ
1338 2897 1757 2965 Σαρδανάπαλος
1786 2898 1842 2950 δὲ
1872 2901 1898 2952 δ
1939 2900 2064 2951 Ἀσ-

483 2979 691 3047 σὺριος,
719 2981 777 3043 ὃς
804 2982 894 3036 διὰ
924 2975 1196 3052 μαλακίαν
1231 2990 1327 3040 καὶ
1355 2992 1569 3059 τρυφὴν
1617 2990 1930 3061 Ἀσσυρίοις
1962 2993 2062 3061 μὲν

478 3072 591 3133 τοῖς
624 3071 789 3124 αὑτοῦ
838 3075 1088 3138 πολίταις
1120 3078 1217 3144 τὴν
1248 3079 1347 3148 τῆς
1396 3081 1581 3143 ’Λσίας
1615 3080 1901 3136 ἀπώλεσεν
1933 3085 2064 3152 ἡγε-

481 3163 722 3229 μονείαν,
757 3166 963 3234 Μήδοις
988 3167 1045 3220 δὲ
1086 3172 1573 3240 παρακεχωρήκει.
1622 3174 1732 3227 Καὶ
1766 3173 2061 3244 Ῥωμαίων

2160 613 2280 665 bem
2316 626 2437 666 cum
2471 614 2611 667 inter
2647 613 2881 670 Graecos,
2921 624 3035 666 tum
3075 612 3216 665 inter
3263 610 3535 665 Barbaros
3569 611 3743 665 reddi~

2161 700 2260 756 dit.
2291 701 2599 755 Alexander
2662 718 2880 771 quoque
2912 718 3003 754 rex
3066 701 3421 755 Macedonum
3486 702 3580 769 qui
3650 718 3748 770 per

2160 794 2419 846 virtutem
2461 793 2626 847 simul
2657 803 2711 848 et
2735 794 2902 848 animi
2964 794 3398 860 magnitudinem
3429 793 3745 847 Cra-corum

2161 886 2416 954 princeps
2483 885 2735 952 eﬂ‘ectus,
2800 887 2934 956 ipsis
2993 887 3198 954 pariter
3246 894 3303 941 et
3361 886 3747 941 Macedonibus

2164 978 2303 1031 Asiae
2337 979 2669 1045 comparavit
2696 979 3003 1048 imper.um,
3038 994 3135 1033 nec
3167 994 3274 1032 non
3316 978 3459 1032 inter
3542 976 3747 1030 Barba-

2165 1086 2255 1125 ros
2288 1070 2451 1126 Persa
2488 1070 2663 1141 Cyrus
2693 1072 2784 1140 qui
2822 1074 3016 1128 Persas
3070 1088 3206 1129 suos
3267 1073 3466 1125 virtute
3529 1069 3745 1139 propria

2162 1178 2284 1216 cum
2324 1165 2537 1234 tyranni
2561 1167 2608 1218 le
2641 1164 2919 1217 Medorum
2984 1165 3263 1229 liberavit,
3296 1173 3407 1218 tum
3442 1173 3498 1218 et
3549 1164 3744 1217 horum

2162 1264 2216 1311 et
2244 1257 2386 1312 Asia:
2433 1257 2655 1324 reliquae
2695 1257 2947 1312 dominos
2975 1259 3281 1313 consxituit.

2239 1532 2325 1584 18.
2357 1532 2413 1583 In
2448 1531 2616 1583 altero
2647 1546 2776 1583 vero
2809 1547 3036 1585 numero
3088 1549 3211 1587 cum
3235 1533 3322 1585 alii
3366 1542 3738 1598 recensentur,

2166 1634 2277 1678 tum
2341 1622 2650 1675 Alexander
2705 1623 2999 1689 Trojanns,
3044 1624 3243 1677 Priami
3310 1625 3470 1686 lilius,
3532 1626 3625 1693 qui
3686 1626 3736 1677 iu

2166 1717 2391 1771 dearum
2430 1714 2659 1783 judicio,
2696 1716 2929 1783 vitaeque
2989 1732 3249 1784 generum
3307 1717 3593 1782 electione,
3632 1726 3745 1777 tum

2165 1806 2379 1861 Junone
2407 1814 2716 1872 Contempla
2774 1807 2997 1859 virtutis
3053 1806 3304 1873 prmside,
3354 1816 3463 1858 tum
3523 1814 3749 1858 auctore

2093 1932 2135 1986 Β
2166 1898 2350 1965 gloriae
2387 1897 2648 1961 Minerva,
2676 1895 2935 1950 Venerem
2974 1898 3269 1965 voluptatis
3301 1898 3455 1951 dcam
3493 1898 3747 1965 pnctulit.

2167 1988 2513 2056 Quapropter
2545 1987 2809 2054 neglectis
2850 1997 2958 2039 tum
2990 2004 3160 2056 regno
3200 2004 3227 2039 a
3268 1987 3482 2042 Junone
3523 2005 3751 2044 conces-

2165 2095 2247 2143 so,
2284 2081 2389 2133 vita
2423 2095 2542 2132 cum
2581 2081 2781 2133 virtute
2807 2089 2863 2133 et
2902 2078 3160 2132 felicitate
3221 2080 3540 2147 conjuncta,
3570 2089 3682 2133 tum
3715 2096 3746 2133 a

2170 2166 2415 2221 Minerva
2456 2170 2635 2222 oblata
2676 2167 2899 2223 victoria
2931 2169 3128 2223 bellica
3164 2170 3270 2223 vita
3296 2170 3556 2234 gloriosa,
3595 2169 3750 2223 llele-

2169 2280 2233 2315 na
2299 2280 2429 2317 vero
2484 2265 2707 2319 Larama
2766 2265 3034 2334 Tyndarei
3088 2266 3218 2323 lilia.
3281 2266 3503 2319 Menelai
3550 2266 3751 2319 Atridze

2166 2355 2416 2419 conjuge,
2452 2356 2673 2419 praemio
2712 2364 2820 2408 tam
2882 2356 3050 2420 iniqui
3102 2357 3290 2424 jndicii
3351 2346 3591 2423 accepta.
3622 2368 3747 2412 tan-

2166 2461 2329 2513 quam
2381 2446 2674 2515 voluptatis
2732 2447 3057 2515 colophonc,
3102 2458 3160 2500 ttt
3216 2466 3445 2516 corpore
3501 2452 3746 2502 ntnninm

2169 2537 2565 2606 pulcherrima,
2593 2538 2673 2591 sic
2704 2538 2887 2591 animo
2922 2540 3236 2605 turpissima
3269 2549 3321 2592 et
3347 2540 3589 2593 adultera
3624 2558 3748 2595 cum

2167 2634 2266 2683 hac
2333 2644 2455 2683 sese
2524 2628 2687 2682 simul
2755 2639 2808 2683 et
2860 2631 3088 2697 patriam
3153 2630 3565 2697 pessumdedit;
3627 2632 3754 2685 Sar-

2167 2722 2471 2789 danapalus
2498 2730 2625 2774 Item
2680 2720 2941 2789 Assyrius
2981 2722 3071 2788 qui
3112 2736 3207 2789 per
3267 2722 3544 2774 mollitiem
3578 2731 3629 2775 ct
3667 2722 3750 2775 lu-

2166 2827 2289 2864 xum
2320 2810 2458 2862 Asiae
2491 2808 2775 2874 imperium
2817 2808 3052 2878 Assyriis
3096 2809 3310 2876 quidem
3342 2810 3458 2861 suis
3502 2809 3727 2869 ademit,

2167 2898 2334 2951 Medis
2358 2906 2536 2949 autem
2579 2896 2875 2958 concessit,
2918 2913 3014 2949 nec
3047 2913 3153 2949 non
3203 2897 3268 2950 de
3296 2894 3553 2949 Rollianis
3588 2894 3750 2959 Nero,

2173 2991 2267 3060 qui
2306 3006 2425 3043 cum
2463 2988 2585 3042 aliis
2610 2988 2869 3056 gravibus
2900 2996 2953 3041 et
2981 2988 3231 3041 nefandis
3254 2988 3596 3057 perpetratis,
3626 2998 3736 3041 tum

2170 3079 2354 3135 occisa
2386 3089 2580 3142 matre,
2614 3078 2853 3146 seipsum
2888 3093 3108 3146 quoque
3139 3077 3354 3130 tandem
3386 3077 3583 3130 malum
3614 3078 3753 3131 male

2167 3170 2434 3240 perdidit;
2472 3184 2594 3221 nam
2655 3169 2884 3236 patriam
2941 3167 3196 3234 cupiebat
3224 3169 3466 3238 quidem,
3510 3170 3603 3222 sed
3638 3185 3745 3237 prze

479 3249 535 3303 δὲ
569 3251 782 3324 Νέρων,
810 3257 866 3319 ὃς
894 3256 1029 3312 ἄλλα
1062 3276 1121 3312 τε
1148 3260 1298 3314 δεινά
1323 3263 1417 3314 καὶ
1444 3264 1636 3317 ἀνόσια
1667 3268 2065 3336 ἐργασάμενος,

2180 3262 2550 3315 Romanorum
2578 3259 2778 3313 virtute
2806 3259 3045 3312 nondum
3075 3269 3285 3327 poterat
3311 3270 3572 3314 evertere.

479 3349 577 3403 καὶ
632 3349 728 3419 τὴν
780 3350 993 3419 μητέρα
1046 3352 1397 3420 ἀποκτείνας,
1450 3356 1718 3410 τελευτῶν
1750 3361 1845 3411 καὶ
1897 3360 2062 3412 αὐτὸν

2142 3356 2314 3408 κακὸν
2369 3354 2557 3416 κακῶς
2612 3350 3115 3424 προσαπολωλέκει.
3167 3351 3278 3423 Τὴν
3356 3353 3465 3423 γὰρ
3518 3356 3758 3424 πατρίδα.

478 3442 721 3512 ἠμέλησε
758 3440 877 3510 μὲν,
906 3441 995 3495 διά
1042 3443 1099 3496 δὲ
1127 3444 1225 3514 τὴν
1263 3445 1386 3498 τότε
1415 3445 1497 3498 ἔτι
1540 3446 1829 3517 Ῥωμαίων
1861 3451 2065 3520 ἀρετὴν
2102 3450 2201 3519 οὐχ
2231 3443 2340 3510 οἷός
2373 3463 2432 3498 τε
2462 3445 2772 3513 διαφθεῖραι
2806 3444 3047 3511 ἐγένετο.

558 3532 645 3587 ιθ’.
681 3535 790 3587 Καὶ
821 3532 868 3587 δ’
898 3533 1048 3587 ἄλλοι
1075 3534 1119 3587 δ’
1151 3535 1261 3587 nisi.
1304 3535 1583 3603 γίγνονται
1616 3539 1802 3609 συχνοὶ⁸
1845 3542 1940 3593 καὶ
1970 3542 2065 3592 δυ·

483 3624 693 3677 ναστῶν
722 3626 813 3679 καὶ
864 3627 1093 3679 ἰδιωτῶν
1121 3626 1313 3680 τούτου
1349 3627 1443 3683 τοῦ
1489 3628 1773 3698 κόμματος
1803 3630 1936 3700 (50),
1974 3631 2067 3686 καὶ

492 3719 665 3791 μείζω
696 3718 824 3780 ἴσως
859 3717 953 3772 καὶ
984 3718 1192 3771 ἐλάττω
1221 3720 1690 3789 ἐξαμαρτάνοντες
1716 3740 1729 3756 ο
1768 3716 1843 3776 ὧν
1875 3723 2066 3776 κάκεῖ-

487 3829 515 3867 ν
551 3829 590 3876 ι,
619 3810 669 3863 οἳ
697 3812 755 3863 τὸ
783 3810 884 3879 μὲν
912 3810 1121 3864 δίκαιον
1165 3810 1259 3861 καὶ
1298 3812 1397 3879 τὴν
1428 3811 1688 3880 ἀλήθειαν
1736 3816 1831 3867 καὶ
1860 3815 1919 3867 τὸ
1948 3831 2060 3865 κοι-

486 3903 574 3955 νδν
606 3902 811 3969 ἀγαθὸν
842 3900 999 3955 σκιὰν
1034 3904 1122 3953 καὶ
1157 3900 1382 3970 ὀνόματ’
1429 3903 1602 3966 ἄλλως
1635 3904 1893 3974 ἥγηνται,
1926 3906 2065 3973 πρὸς

481 3995 539 4048 δὲ
567 3997 628 4047 τὺ
677 3994 900 4064 χρυσίον
930 3994 1027 4047 καὶ
1069 3994 1239 4047 τᾶλλα
1280 3995 1350 4047 τά
1377 3995 1603 4049 τοιαῦτα
1647 3998 1928 4066 κεχήνασι,
1962 3998 2065 4066 τὴν

486 4085 838 4153 εὐδαιμονίαν
867 4085 1058 4153 ἐσθῆσι
1088 4086 1182 4138 καὶ
1209 4086 1438 4157 ἀργύρῳ
1466 4090 1558 4139 καὶ
1589 4088 1775 4157 χρυσῷ
1803 4090 2063 4158 μετροῦν-

486 4197 597 4244 τες,
626 4176 722 4229 καὶ
748 4180 815 4245 τῇ
846 4177 979 4245 παρ’
1008 4178 1222 4247 ἡμέραν
1254 4179 1509 4251 ῥᾳστώνῃ
1540 4180 1632 4232 καὶ
1660 4182 1863 4249 τρυφῇ,
1894 4181 1994 4251 τὴν
2019 4182 2063 4235 δ’

486 4271 789 4341 ἀσφάλειαν
821 4270 972 4338 σφῶν
998 4287 1057 4322 τε
1082 4270 1262 4322 αὐτῶν
1300 4270 1417 4338 ἅμα
1445 4274 1539 4323 καὶ
1574 4272 1776 4324 παίδων
1811 4274 1903 4325 καὶ
1935 4272 2064 4341 ὅλης

483 4366 580 4436 τῆς
616 4363 897 4435 πατρίδος,
948 4363 1044 4415 καὶ¹
1089 4362 1427 4430 ἐλευθερίαν,
1463 4362 1596 4431 παρ’
1625 4363 1777 4415 οὐδὲν
1825 4364 2067 4433 ἡγούμε-

484 4475 587 4512 νοι.
640 4456 760 4509 Εἰσὶ
789 4455 835 4506 δ’
862 4455 912 4507 οἳ
964 4455 1057 4507 καὶ
1083 4453 1190 4515 ἕως
1224 4453 1323 4522 μὲν
1354 4454 1420 4506 ἂν
1447 4454 1651 4523 χρυσοῦ
1679 4455 1772 4506 καὶ
1814 4454 1924 4506 τῶν
1957 4472 2068 4506 τοι-

482 4547 655 4599 ούτων
688 4546 746 4598 τὸ
773 4547 1010 4614 πρᾶγμα
1032 4544 1341 4614 καθαρεύῃ,
1365 4549 1455 4597 καὶ
1478 4545 1602 4596 καθ’
1627 4546 1761 4597 αὐτὸ
1793 4545 2063 4614 σκοπῶσι,

2243 3539 2328 3595 10.
2372 3538 2450 3590 Ac
2475 3552 2617 3605 saepe
2645 3536 2826 3604 plures
2862 3536 3131 3589 exsistunt
3182 3535 3342 3604 hujus
3370 3540 3588 3605 generis
3636 3551 3755 3595 tum

2172 3632 2314 3687 inter
2358 3628 2630 3699 principes
2666 3639 2776 3678 tum
2805 3626 2944 3678 inter
2968 3625 3229 3694 privatos,
3262 3626 3352 3680 alii
3382 3632 3600 3697 gravius
3629 3632 3757 3686 aliis

2172 3721 2565 3792 peceantibus;_
2595 3718 2648 3771 in
2682 3720 2765 3771 his
2819 3717 2986 3771 etiam
3038 3717 3137 3779 illi,
3175 3718 3563 3786 quijustitiam
3628 3725 3748 3790 qni-

2172 3812 2294 3864 dem
2326 3818 2379 3865 et
2416 3808 2697 3863 veritatem
2725 3816 2778 3859 et
2812 3806 3011 3858 bonum
3049 3818 3343 3858 commune
3403 3821 3501 3875 pro
3538 3812 3749 3863 umhris

2172 3904 2399 3965 ducunt,
2431 3917 2565 3955 auro
2614 3909 2795 3953 autem
2822 3912 2887 3951 ac
2923 3897 3197 3953 similibus
3232 3899 3464 3966 inhiant,
3515 3899 3751 3953 felicita-

2173 4006 2279 4050 tem
2334 3995 2552 4064 quidem
2598 3997 2651 4049 in
2702 3998 2964 4071 vestibus,
3007 4012 3164 4060 auro,
3222 4004 3448 4065 argento
3506 3996 3749 4062 limique

2172 4090 2495 4161 quotidiana
2548 4100 2830 4158 ponentes,
2870 4090 3146 4158 pr0priam
3182 4103 3309 4141 vero
3332 4087 3495 4140 simul
3536 4098 3589 4140 et
3617 4087 3752 4142 ltbc-

2176 4200 2361 4239 rorum
2404 4192 2458 4236 et
2492 4183 2681 4251 patriae
2730 4183 2901 4235 totius
2959 4183 3264 4235 libertatem
3303 4195 3367 4233 ac
3398 4180 3765 4249 securitatem,

2175 4276 2533 4344 negligentes.
2575 4274 2807 4339 Quidam
2830 4267 3015 4335 etiam,
3041 4274 3215 4325 donec
3239 4287 3374 4324 auro
3397 4279 3448 4323 et
3478 4270 3759 4325 similibus

2170 4383 2258 4421 res
2294 4375 2466 4431 caret,
2504 4380 2566 4418 ac
2594 4380 2689 4433 per
2718 4381 2777 4418 se
2829 4363 3235 4425 consideratur,
3274 4364 3752 4416 vehementissimo

2166 4457 2439 4523 justitiam
2472 4467 2524 4509 et
2557 4456 2836 4508 veritatem
2878 4453 3182 4506 defendunt
3218 4468 3231 4504 :
3269 4454 3360 4505 sed
3397 4454 3751 4518 simulatth

2172 4543 2253 4596 vel
2282 4559 2473 4596 aurum
2526 4542 2605 4593 vel
2660 4542 2778 4594 auri
2810 4541 2936 4609 quid
2998 4541 3175 4594 simile
3207 4540 3479 4603 micuerit,
3534 4556 3657 4592 mox
3692 4553 3753 4595 et.

482 4638 777 4690 δεινότατοι
808 4613 948 4704 ὑπὲρ
982 4634 1075 4687 τοῦ
1130 4636 1341 4687 δικαίου
1389 4636 1482 4688 καὶ
1520 4637 1619 4703 τῆς
1667 4637 1925 4704 ἀληθείας
1942 4613 2061 4706 ’ῥή-

2172 4631 2352 4698 lingua
2413 4632 2613 4699 ligatur
2665 4640 2717 4681 et
2748 4646 2810 4681 os
2849 4631 3161 4689 obturatur,
3194 4644 3258 4681 ac
3289 4629 3355 4680 de
3378 4628 3593 4693 justitia
3623 4630 3748 4696 qui~

482 4726 640 4796 τορές
666 4727 804 4779 εἰσιν
831 4741 846 4755 ⁸
878 4725 1100 4778 ἐπειδάν
1120 4724 1175 4777 δέ
1203 4741 1305 4775 που
1330 4726 1552 4793 χρυσίον
1581 4724 1763 4791 σφίσιν
1787 4726 2060 4795 ὑποφανῇ.

481 4820 514 4889 ἦ
544 4836 595 4871 τι
624 4818 752 4873 ἄλλο
780 4818 927 4881 ἄξιον
956 4816 1214 4885 χρυσίου,
1243 4817 1553 4885 πεπέδηται
1574 4816 1736 4880 εὐθὺς
1764 4819 1795 4885 ἠ
1822 4818 2061 4885 γλῶττα,

481 4913 868 4980 ἐμπέφρακται
897 4910 957 4961 τὸ
989 4908 1184 4971 στόμα,
1217 4909 1312 4960 καὶ
1342 4908 1478 4975 πρὸς
1511 4908 1609 4976 μὲν
1640 4910 1710 4962 τά
1756 4909 1941 4962 δίκαια
1979 4928 2063 4961 σε-

484 5004 799 5072 σιγήκασιν,
832 5005 920 5052 ὲπί
944 5002 999 5053 δὲ
1034 5001 1297 5054 τάναντία
1326 5002 1472 5052 πᾶσα
1513 5001 1697 5068 ἐκείνη
1730 5002 2064 5071 μεθέστηκεν

482 5094 516 5161 ἡ
547 5093 809 5163 δεινότης.
849 5093 986 5144 ’Υπδ
1017 5094 1122 5158 γὰρ
1152 5092 1357 5144 τούτων
1387 5094 1482 5143 καὶ
1505 5091 1613 5143 τῶν
1643 5092 1901 5145 τοιούτων
1933 5094 2062 5146 διοι-

483 5182 830 5248 κοὺμεναιαί
885 5183 1094 5246 πόλεις,
1154 5182 1341 5244 κακῶς
1398 5183 1727 5250 πράττουσιν
1776 5181 2061 5247 ἑκάστοτε,

481 5273 604 5325 οζδὲ
644 5274 752 5326 τῶν
808 5275 1250 5327 σπο-δαιοτὰτων
1293 5275 1361 5326 ἂν
1406 5272 1829 5339 ἐγκαθεστώτων
1882 5274 2063 5341 νόμων

483 5367 687 5436 κυρίων
735 5367 927 5432 ὄντων,
981 5367 1120 5418 ἀλλὰ
1157 5367 1379 5419 πάντων
1433 5365 1554 5433 εἰκῆ
1604 5365 1699 5416 καὶ
1734 5365 2062 5435 ἁδιακρίτων

485 5458 835 5525 φυρομένων.
875 5458 1029 5508 Ἐπεί
1072 5474 1154 5508 τοι
1196 5457 1256 5508 οὺ
1290 5456 1596 5506 σπουδαίων
1625 5453 1733 5522 ἄρα
1777 5453 1855 5506 δεῖ
1882 5456 2060 5524 νόμων

2171 4724 2295 4777 dent
2338 4723 2520 4785 silent,
2557 4720 2621 4772 ad
2656 4719 2929 4772 contraria
2975 4735 3102 4772 vero
3154 4718 3333 4771 omnis
3368 4718 3457 4771 illa
3515 4735 3749 4771 conver~

2176 4817 2305 4867 titur
2336 4810 2697 4865 vehementia.
2751 4809 3029 4878 Siquidem
3061 4809 3127 4862 ab
3160 4809 3243 4861 his
3272 4824 3318 4862 et
3344 4809 3503 4877 hujus
3533 4812 3756 4875 generis,

2176 4904 2490 4956 Immittide
2536 4918 2658 4955 cum
2690 4909 2954 4969 reguntur
3013 4899 3329 4968 respublice
3377 4914 3589 4967 semper
3619 4910 3751 4955 sunt

2175 4996 2442 5058 infelices,
2484 4993 2706 5063 quando
2740 5009 2803 5045 ac
2831 4993 3170 5061 probissima:
3205 4992 3418 5060 quidem
3452 4993 3570 5045 lata:
3604 4993 3747 5058 leges

2182 5089 2451 5141 habentur
2493 5097 2652 5148 ratze,
2706 5086 2802 5139 sed
2868 5086 3049 5138 omnia
3086 5094 3285 5139 temere
3324 5088 3747 5156 permiscentur.

2173 5179 2289 5231 Non
2347 5179 2492 5233 enim
2554 5188 2761 5230 tantum
2801 5178 2999 5244 probas
3056 5176 3201 5247 leges
3239 5179 3526 5246 requirunt
3555 5196 3747 5249 fdsptl-

2173 5271 2351 5330 blicm.
2381 5270 2475 5323 sed
2536 5269 2699 5322 etiam
2765 5279 2932 5331 ratas,
2963 5270 3149 5337 quales
3184 5272 3403 5338 quidem
3452 5287 3547 5340 per
3570 5276 3745 5325 virtu~

2170 5374 2278 5416 tem
2336 5362 2641 5432 principum
2693 5362 2988 5427 exsistunt,
3027 5378 3188 5432 quam
3221 5364 3322 5416 tria
3357 5364 3623 5432 praecipua
3658 5382 3751 5432 ge-

2174 5472 2301 5508 nera
2343 5455 2583 5507 diximus
2610 5454 2893 5521 conchui.

482 5551 647 5617 μόνον
693 5550 912 5601 πόλεσιν
948 5548 1230 5611 ἑκάστοτε,
1269 5546 1407 5598 ἀλλὰ
1459 5547 1551 5597 καὶ
1590 5546 1796 5614 κυρίων
1821 5560 1835 5571 ·
1874 5546 2056 5615 κύριοι
2094 5547 2140 5598 δ’
2171 5542 2239 5599 αὖ
2271 5546 2546 5614 γίγνονται
2577 5547 2625 5596 oi
2658 5546 2808 5612 νόμοι
2839 5545 2925 5597 διὰ
2956 5548 3052 5617 τὴν
3098 5546 3205 5598 τῶν
3271 5544 3548 5614 ἀρχόντων
3619 5547 3780 5617 ἁρε-,

479 5647 599 5719 τὴν,
628 5648 693 5717 ἢν
717 5645 775 5697 δὲ
797 5646 941 5713 τρισὶ
969 5645 1065 5712 τῆς
1106 5642 1416 5704 θεοσεϐείας
1456 5641 1687 5710 μάλιστα
1724 5642 1817 5693 καὶ
1849 5645 2212 5709 κυριωτάτοις
2241 5644 2440 5698 εἴδεσιν
2470 5645 2680 5712 ἔφαμεν
2720 5643 2969 5698 ἕπεσθαι.

555 5823 663 5891 (50)
700 5821 926 5876 Τούτου
956 5820 1059 5873 τοῦ
1097 5819 1413 5885 κέρματος.
1472 5817 1553 5873 (If.
1592 5817 1725 5870 l‘lat.
1772 5817 1847 5870 Dc
1906 5816 2003 5886 leg.
2035 5832 2149 5871 vnt.
