4186 6290
498 365 607 430 853
1693 368 2017 429 GEORGII
2047 373 2104 432 .P

2210 372 2410 432 THON
2422 373 2490 431 IS
3664 377 3771 439 804

500 483 1165 553 gerendumimpendunt,
1196 495 1263 535 eo
1288 480 1466 534 minus
1491 480 1741 548 spectati,
1767 480 1879 533 imo
1910 481 2082 549 magis

2210 483 2464 535 ,υτέλειαν
2484 500 2498 513 ·
2537 472 2627 535 ἐπὶ
2656 482 2712 534 δὲ
2744 483 2835 545 τὰς
2866 483 2997 551 πρὸς
3023 484 3114 535 τὸν
3146 484 3380 551 πιλεμον
3406 465 3763 553 παρασκεῖιάς

504 576 889 631 contemnendi
929 575 1203 635 hostibus,
1236 584 1287 626 et
1317 574 1506 627 amicis
1536 580 1722 626 erunt.

2210 574 2251 627 τὸ
2275 575 2421 627 ἅπαν
2472 573 2707 643 τρέψαιο
2756 574 2831 636 ὡς
2877 579 3037 627 παντὶ
3084 577 3283 641 μᾶλλον
3336 577 3367 643 ἢ
3421 577 3633 644 βασιλεῖ
3681 580 3773 630 καὶ

504 670 732 738 ἡγεμόνι
785 670 880 721 καὶ
914 671 1081 721 παντὶ
1130 668 1352 736 ἄρχοντι
1389 671 1655 739 προσήκει
1713 667 2035 721 πολυτέλεια
2062 683 2077 698 ’
2156 668 2283 719 ὅσον
2345 668 2454 735 γάρ
2501 667 2598 732 τῆς
2637 667 2773 733 πρὸς
2818 670 2910 720 τὸν
2962 670 3197 729 πόλεμον
3243 668 3547 721 ἀπολλύασι
3592 686 3772 738 παρα-

513 765 720 829 σκευῆς
748 765 942 818 ἄλλοσε
978 764 1355 826 δαπανῶντες,
1398 763 1651 817 τοσοῦτον
1694 766 1794 832 τῆς
1827 762 1977 831 σφῶν
2008 762 2188 814 αὐτῶν
2212 761 2370 827 ἀξίας
2404 761 2741 815 ἀπολλύασιν
2804 760 3426 832 εὐκαταφρονηῙτότεροι
3489 763 3601 831 (52)
3674 762 3773 829 μὲν

504 863 619 920 τοῖς
655 860 959 929 πολεμίοις,
995 859 1392 929 ἀχρηστότεροι
1437 859 1493 911 δὲ
1530 860 1641 921 τοῖς
1680 858 1879 925 φιλίοις
1904 855 2239 925 γιγνόμενοι.

573 956 666 1009 26.
704 956 828 1009 Ilaec
858 970 1077 1024 quoque
1130 966 1339 1008 natura:
1376 954 1694 1008 consideres
1729 953 1857 1007 licet
1889 966 2084 1005 exeni-

506 1048 622 1116 pla.
644 1049 837 1116 Aquila
874 1064 964 1100 rex
998 1045 1215 1113 quitle-n
1249 1054 1333 1098 est
1366 1051 1547 1099 avium
1579 1058 1632 1097 et
1662 1044 1783 1098 Jnvi
1832 1043 1930 1096 fuit
1961 1043 2089 1095 olim

508 1145 887 1198 consecratus,
926 1134 1148 1187 minime
1178 1144 1354 1187 tamen
1378 1135 1557 1188 varias
1583 1144 1674 1187 aut
1701 1132 1968 1203 fulgentes
2001 1136 2094 1184 ha-

507 1225 604 1279 bet
633 1226 765 1279 alas.
801 1224 949 1278 Pavo
980 1235 1171 1279 contra
1206 1226 1391 1280 varius
1420 1226 1639 1294 quidem
1676 1233 1757 1278 est
1782 1233 1836 1278 et
1859 1222 2093 1292 fulgens,

508 1316 605 1372 sed
637 1315 858 1369 minime
895 1317 1037 1385 regia
1069 1327 1281 1379 natura,
1328 1317 1629 1385 pluresque
1687 1330 1814 1370 aves
1854 1315 1970 1367 alim
2004 1328 2098 1380 pa-

510 1420 650 1461 vone
682 1407 837 1476 longe
867 1408 1090 1462 viliores
1125 1407 1369 1462 colorum
1414 1415 1544 1462 sunt
1597 1406 1861 1460 varietate
1895 1405 2091 1459 distin-

508 1509 629 1553 οιαὶ.
686 1498 865 1564 Quare
900 1499 1133 1564 videtur,
1170 1500 1263 1568 qui
1298 1500 1542 1554 Vestibus
1582 1497 1861 1568 prmtextis
1901 1510 1965 1549 ac
2012 1497 2087 1549 si-

2268 957 2382 1013 xg'.
2413 950 2623 1019 Σκέψαι
2653 949 2710 1002 δὲ
2746 950 2842 1002 καὶ
2883 951 2947 1002 ὲκ
2978 948 3195 1003 τοιῶνδε
3220 952 3319 1017 τῆς
3354 950 3569 1018 φύσεως
3600 967 3775 1017 παρα-

2185 1041 2526 1106 Βειγμάτων.
2570 1040 2759 1099 Ἀετὸς
2790 1042 2891 1108 μὲν
2926 1039 3182 1108 βασιλεὺς
3206 1040 3355 1093 δοκεῖ
3383 1058 3466 1103 τις
3496 1042 3646 1108 ὅρνις
3679 1043 3773 1093 καὶ

2197 1132 2548 1200 ἡγεμονικὸς,
2585 1132 2707 1193 Διός
2733 1148 2792 1183 τε
2831 1132 2976 1200 ἱερὸς
3018 1132 3187 1184 πάλαι
3216 1132 3501 1199 νενόμιστο
3524 1148 3538 1162 '
3573 1133 3775 1202 ἥκιστα

2201 1224 2387 1293 μέντοι
2413 1223 2680 1285 ποικίλος,
2712 1223 2835 1275 οὑδὶ
2859 1224 3175 1292 χρυσαυγὴς
3201 1223 3302 1291 ἔφυ
3330 1224 3428 1291 τὴν
3459 1224 3733 1292 πτέρωσιν
3756 1244 3771 1258 ο

2196 1312 2342 1373 ταὼς
2376 1312 2433 1365 δὶ
2485 1313 2731 1374 ποικίλος
2786 1312 2885 1380 μὲν
2940 1314 3034 1366 καὶ
3080 1314 3420 1382 χρυσαυγὴς,
3477 1313 3681 1382 ἥκιστα
3729 1314 3799 1376 δ’,

2191 1403 2521 1471 ἡγεμονικὸς
2543 1403 2643 1470 τὴν
2698 1403 2879 1469 φύσιν.
2936 1404 3116 1471 Συχνά
3161 1422 3219 1456 τε
3269 1404 3403 1457 ἄλλα
3451 1404 3614 1473 ὖρνεκ
3656 1404 3775 1459 ταὼ

2195 1493 2378 1559 πολλῷ
2435 1493 2745 1561 φαυλότερα
2792 1494 3143 1548 πεποίκιλται
3182 1512 3243 1547 τε
3293 1497 3390 1549 καὶ
3426 1496 3773 1564 διήνθισται’

516 1588 735 1640 milibus
773 1588 1041 1655 superbit,
1078 1597 1333 1654 tanquam
1390 1588 1618 1655 pavonis
1683 1586 2088 1656 pulchritudine

2210 1584 2333 1638 ὒστε
2371 1584 2675 1637 κινδυνεύει
2726 1586 2781 1637 εί
2806 1601 2894 1647 τις
2940 1573 3033 1637 sit
3072 1585 3305 1654 ποικίλῳ
3340 1603 3397 1638 τε
3440 1588 3533 1654 καί
3583 1603 3782 1678 χρυσοῖ

516 1678 755 1747 gloriari.
777 1679 893 1732 Jam
930 1679 1062 1731 illud
1096 1689 1303 1748 specta.
1336 1680 1478 1733 sitne
1502 1680 1785 1733 honestius
1806 1678 2088 1746 acjnt-un—

516 1769 665 1832 dius,
704 1770 807 1823 hnc
836 1772 1104 1837 praecipue
1156 1771 1501 1834 tendentem,
1538 1778 1594 1824 et
1642 1769 1784 1823 bello
1824 1777 2087 1837 quantum

515 1862 645 1917 licet
670 1862 1069 1926 consulentem,
1099 1861 1382 1915 moderato
1413 1869 1525 1913 tum
1567 1858 1785 1924 vestitu,
1826 1868 1938 1912 tum
1975 1857 2098 1911 reli-

515 1967 627 2019 quo
662 1950 875 2005 vivendi
927 1951 1110 2015 modo,
1151 1953 1339 2005 hostes
1375 1952 1592 2019 quidem
1620 1958 1995 2012 contemnere,
2031 1946 2099 2000 de

516 2042 748 2108 imperio
799 2051 981 2095 autem
1041 2058 1105 2097 ac
1155 2059 1319 2110 regno
1352 2058 1602 2097 securum
1665 2058 1807 2107 esse,
1846 2056 1912 2093 an
1950 2050 2100 2093 veste

517 2146 777 2206 prsetexta
844 2138 1152 2189 involutum
1216 2150 1448 2191 tremere
1497 2147 1548 2190 ct
1584 2137 1770 2190 hostes
1807 2144 2051 2187 nwtuere
2078 2137 2102 2186 Υ

522 2227 677 2293 Quod
723 2229 767 2281 si
801 2243 965 2296 porro
1003 2238 1245 2296 pastores
1276 2227 1492 2293 essetis,
1526 2234 1650 2281 utro
1680 2226 1838 2279 modo
1879 2226 1961 2277 lac
1996 2225 2099 2275 ini-

520 2316 812 2386 pendetis?
840 2325 1023 2370 utrum
1063 2327 1272 2383 partem
1303 2315 1521 2384 quidem
1557 2316 1783 2369 alteram
1835 2314 1935 2383 ipsi
1968 2329 2100 2367 con-

520 2408 836 2467 sutneretis,
872 2406 1038 2459 altera
1070 2422 1200 2459 vero
1238 2421 1402 2461 canes
1441 2406 1698 2459 robustos
1728 2404 1972 2463 aleretis.
2005 2405 2099 2473 qui

526 2515 557 2552 a
593 2498 831 2552 terarum
888 2498 1104 2553 insidiis
1161 2499 1305 2551 ovile
1356 2497 1735 2561 defenderent,
1778 2506 1835 2551 ut
1866 2513 1933 2551 eo
1966 2512 2102 2551 enn—

525 2605 742 2651 seerato
781 2604 895 2648 tum
926 2603 1174 2662 pastores
1205 2608 1349 2659 esse,
1383 2603 1498 2646 tum
1538 2592 1807 2646 fructibus
1853 2592 1945 2644 ditt
1990 2591 2097 2645 l'rui

520 2687 754 2754 possetis
783 2704 798 2740 :
832 2702 899 2738 an
940 2688 1042 2740 hoc
1085 2686 1359 2752 neglecto,
1396 2694 1601 2753 partem
1627 2684 1847 2753 quidem
1876 2684 2102 2737 alteram

519 2779 931 2847 Ingurgitaretis
960 2788 1013 2831 et
1042 2778 1365 2830 vestimenta
1396 2775 1743 2845 prolueretis,
1784 2775 1951 2828 altera
1977 2789 2105 2827 vero

520 2868 878 2923 robustorum
919 2868 1038 2920 loco
1074 2865 1329 2920 Melitzeos
1361 2866 1586 2920 catellus
1613 2874 1665 2917 et
1693 2866 1885 2933 vulpes
1927 2865 2104 2917 alere-

522 2960 618 3022 tis,
656 2967 753 3011 aut
788 2973 974 3021 ursos,
1012 2967 1071 3011 ut
1122 2951 1514 3012 voracissimas
1552 2958 1755 3012 bestias
1797 2957 1872 3010 ita
1913 2972 2104 3026 parum

520 3052 763 3105 intentas
789 3050 1068 3105 CilSlOtIIa‘.
1104 3050 1337 3104 Istorum
1368 3049 1513 3103 enim
1547 3048 1762 3104 insidiis
1794 3064 1922 3116 grex
1956 3049 2105 3102 brevi

2193 1676 2390 1745 πάστῳ
2444 1675 2775 1743 σεμνύνεται
2826 1676 3015 1744 ἐσθῆτι
3056 1679 3155 1730 καὶ
3198 1682 3313 1740 τοῖς
3354 1678 3639 1743 τοιούτοις,
3689 1680 3763 1732 ἐπ

2198 1766 2351 1820 οὐδὲν
2389 1768 2761 1838 σεμνοτέρῳῆ
2810 1769 2925 1821 ταὼ
2949 1768 3135 1822 κάλλει
3180 1770 3326 1837 μέγα
3356 1773 3593 1839 φρονεῖν.
3647 1771 3782 1823 Σκό-

2199 1870 2292 1907 πει
2323 1856 2379 1907 δὲ
2424 1857 2670 1917 κάκεῖνο,
2709 1857 2917 1927 πότερα
2969 1860 3299 1928 σεμνότερον
3330 1860 3363 1930 ἢ
3398 1862 3570 1930 ἥδιον,
3604 1860 3783 1935 ταύτῃ

2202 1948 2440 2016 μάλιστα
2471 1948 2844 2017 τραπόμενον,
2888 1950 2983 2002 καὶ
3014 1951 3152 2020 πρὸς
3179 1952 3271 2003 τὸν
3303 1952 3541 2022 πόλεμον
3569 1955 3637 2005 ὲκ
3670 1954 3781 2006 τῶν

2200 2040 2430 2091 ἐνόντων
2477 2039 2924 2108 ἀσφαλισάμενον
2970 2042 3028 2095 ιν
3063 2042 3260 2113 μετρίᾳ
3297 2046 3396 2113 μὲν
3438 2046 3654 2115 ἐσθῆτι,
3688 2064 3787 2116 με·

2201 2131 2327 2201 τρίᾳ
2349 2131 2407 2184 δὲ
2438 2134 2503 2201 τῇ
2534 2132 2669 2204 ἄλλῃ
2719 2133 2923 2205 διαίτῃ,
2953 2139 3317 2206 καταφρονεῖν
3348 2137 3446 2206 μὲν
3486 2138 3594 2191 τῶν
3624 2142 3787 2192 πολε-

2206 2225 2367 2293 μίων,
2405 2223 2632 2296 Θαρῤεῖν
2665 2226 2710 2277 δ’
2748 2226 2885 2293 ὑπὲρ
2930 2227 3029 2295 τῆς
3066 2229 3246 2298 ἀρχῆς
3282 2233 3375 2284 καὶ
3425 2232 3721 2300 βασιλείας,
3751 2234 3786 2301 ἦ

2201 2316 2574 2385 χρυσοπάστῳ
2628 2316 2816 2383 ἐσθῆτι
2867 2317 3238 2388 ὲνειλημένον,
3270 2321 3495 2391 τρέμειν
3552 2324 3646 2376 καὶ
3696 2312 3788 2376 Δδε.-

2201 2408 2374 2460 διέναι
2401 2407 2531 2468 τοὺς
2584 2408 2831 2477 ἐχθρούς.
2872 2409 2931 2462 Iit
2962 2409 3019 2463 δὲ
3050 2412 3145 2463 καὶ
3176 2415 3436 2482 ποιμένες
3477 2410 3595 2479 ἦτε,
3634 2418 3791 2477 ποτέτ-

2208 2516 2312 2569 pte;
2343 2498 2411 2552 ἂν
2460 2499 2539 2570 τῷ
2572 2500 2806 2568 γάλακτι
2864 2503 3214 2573 ὲπιχρῆσ6ε;
3271 2506 3478 2575 πότερα
3532 2506 3625 2559 τοῦ
3689 2508 3790 2577 μὲν

2203 2590 2359 2645 αὐτοὶ
2395 2590 2633 2660 μετρίως
2689 2591 3078 2658 ἀπολαύοντες,
3118 2594 3211 2647 τοῦ
3248 2596 3305 2649 δὲ
3357 2596 3527 2659 κύνας
3562 2598 3628 2651 ἂν
3660 2598 3790 2667 τρέ-

2206 2698 2402 2750 φοντες
2430 2681 2696 2749 ἀλκίμους
2716 2699 2776 2735 τε
2809 2684 2904 2737 καὶ
2928 2686 3415 2755 προϐατευτικοὶες,
3445 2688 3523 2759 τῷ
3549 2691 3791 2759 ποιμνίῳ

2207 2775 2304 2826 ἐπὶ
2331 2775 2399 2825 τὰ
2428 2774 2857 2827 ἐπιϐουλεύοντα
2899 2776 3009 2830 τῶν
3056 2776 3261 2848 θηρίων
3295 2779 3661 2848 ἀμυνοῦντας,
3702 2780 3791 2834 ἵνα

2207 2865 2273 2934 δὴ
2303 2866 2434 2932 ὑμῖν
2459 2866 2520 2918 τὸ
2572 2866 2829 2936 ποίμνιον
2866 2869 3177 2939 σωζόμενον
3218 2871 3533 2941 παρείχετο,
3570 2873 3790 2939 ποιμέσι

2208 2973 2269 3009 τε
2301 2954 2467 3022 εἶναι,
2498 2958 2593 3012 καὶ
2645 2958 2741 3012 ἐπὶ
2797 2959 2933 3015 πολὺ
2983 2961 3277 3015 ἀπολαύειν
3309 2963 3416 3017 τῶν
3452 2966 3680 3034 καρπῶν
3706 2980 3721 3031 ;
3756 2962 3788 3033 ἢ

2210 3048 2616 3118 ἀμελήσαντες,
2653 3051 2749 3105 τοῦ
2784 3052 2884 3119 μὲν
2915 3053 3170 3123 ἀμέτρως
3206 3056 3543 3127 ἑνεφορεῖσθ’
3578 3056 3665 3119 ἂν,
3699 3057 3792 3107 καὶ

525 3142 807 3195 dilabitur.
857 3141 982 3195 Mihi
1020 3142 1235 3209 quidem
1273 3141 1483 3195 similes
1528 3141 1739 3209 aliqum
1798 3140 1896 3192 viri
1951 3140 2106 3195 vobis

2214 3143 2357 3196 κατά
2400 3142 2512 3197 τῶν
2550 3144 2785 3214 ίματίων
2826 3146 3179 3215 κατεχεῖσθεδ
3216 3147 3310 3200 τοῦ
3359 3148 3407 3200 δ’
3454 3148 3575 3202 ἀντὶ⁵
3619 3149 3794 3201 κυνῶν

517 3234 751 3288 insidias
781 3250 842 3289 ac
874 3235 1117 3288 fraudem
1144 3244 1356 3289 struere
1388 3234 1664 3298 videntur,
1695 3233 1786 3303 qui
1815 3233 2103 3288 libidinum

2211 3234 2467 3304 ἀλκίμων
2500 3235 2775 3290 Μελιταῖα
2802 3253 2862 3290 τε
2895 3238 3105 3290 κυνίδια
3149 3240 3245 3292 καὶ
3278 3238 3571 3303 ἀλώπεκας
3609 3239 3797 3309 ἑντρέ·

524 3328 746 3380 nudum
787 3337 972 3381 tenent
1012 3329 1245 3381 nullum.

2212 3345 2365 3397 φετε,
2397 3328 2430 3399 ἢ
2463 3328 2726 3398 ἄρκτους,
2768 3328 3058 3399 βορώτατα
3110 3330 3210 3399 μὲν
3242 3330 3468 3400 Θηρίων,
3513 3332 3715 3401 ἥκιστα
3740 3329 3796 3382 δὲ

523 3420 877 3486 φυλακτικάς
921 3419 1044 3486 Ὑφ’
1091 3413 1167 3472 ὧν
1216 3421 1345 3489 ὑμῖν
1388 3422 1483 3473 καλ.
1524 3421 1633 3473 τῶν
1663 3420 1839 3474 ἄλλων
1890 3422 1956 3473 ἂν
1987 3419 2099 3473 τῶν
2138 3418 2361 3491 ἕξ[ωοεν
2390 3419 2857 3473 ἐπιϐουλευόντων
2882 3423 3021 3491 ταχὺ
3053 3421 3120 3475 ἂν
3147 3422 3343 3490 ἔμελλε
3420 3422 3480 3477 τὸ
3543 3422 3800 3492 ποίμνιον

520 3513 857 3565 διασπασοὲν
895 3514 1240 3581 οίχήσεσηαι.
1291 3514 1717 3584 Παραπλησῐους
1782 3515 1889 3582 γάρ
1938 3531 2028 3583 μοι
2095 3513 2306 3567 δοκεῖτε
2359 3513 2584 3584 τρέφειν
2622 3513 2831 3568 τούτων
2876 3516 3074 3579 ένίους,
3134 3516 3243 3570 τῶν
3291 3516 3428 3586 πρὸς
3509 3515 3799 3570 κολακείαν

526 3614 623 3664 καὶ
651 3611 803 3663 δόλον
840 3611 971 3679 ὑμῖν
1000 3612 1462 3682 προσφερομένων
1489 3611 1520 3663 ἢ
1553 3610 1854 3681 συλλήϐδην
1888 3610 2105 3664 ᾶπαντα
2145 3610 2513 3665 καταπίεσθαι
2565 3612 2877 3680 κεχηνότων
2921 3611 3160 3682 οὐδαμοῦ
3231 3630 3291 3666 τε
3358 3614 3460 3683 τῆς
3499 3613 3798 3682 ἐπιθυμίας

528 3702 722 3769 στῆναι
771 3702 1106 3771 δυναμένων.

595 3795 688 3848 27.
727 3794 808 3848 Tu
829 3810 979 3858 vero,
1001 3794 1327 3863 sijustitiam
1348 3812 1605 3852 exercere
1620 3808 1673 3853 et
1698 3798 1909 3853 cmtcris
1937 3807 1998 3852 ut
2021 3797 2114 3853 tibi

526 3887 633 3954 ipsi
673 3887 931 3955 prodesse
956 3889 1036 3939 vis
1060 3897 1111 3940 et
1133 3889 1463 3955 voluptatem
1496 3891 1721 3945 sectaris
1740 3890 1855 3945 viro
1880 3891 2114 3958 ingenuo

528 3979 775 4046 dignam,
803 3978 930 4031 illuc
955 3993 1118 4031 omne
1142 3980 1382 4032 studium
1408 3988 1683 4046 converte,
1708 3980 1837 4033 nihil
1858 3981 2116 4034 omittens

535 4085 715 4134 neque
735 4078 1057 4137 praetexens,
1081 4069 1193 4123 sive
1210 4068 1337 4137 quid
1356 4079 1449 4124 aut
1470 4071 1709 4139 priorum
1733 4086 1914 4139 regum
1935 4071 2116 4134 alicui,

530 4168 629 4212 aut
657 4158 758 4226 ipsi
792 4159 887 4211 tibi
931 4159 1089 4213 aliter
1110 4159 1239 4213 olim
1282 4160 1387 4213 fuit
1421 4144 1619 4226 visum;
1647 4160 1760 4215 sive
1784 4161 2107 4227 quibusdam

527 4260 744 4308 nonest
768 4267 853 4305 res
873 4251 1158 4321 placitura;
1181 4250 1274 4305 sed
1295 4266 1418 4303 cmn
1436 4252 1616 4304 omnia
1642 4265 1888 4314 movens,
1906 4260 2016 4303 tum
2033 4250 2116 4304 ni-

529 4344 609 4397 hil
646 4360 749 4397 non
784 4345 849 4398 ad
869 4358 1215 4397 communem
1245 4344 1471 4400 Salutem
1498 4343 1768 4412 pertinere
1795 4344 1969 4396 visum
1999 4351 2114 4396 ten-

528 4445 684 4497 tans,
709 4437 927 4506 quando
957 4450 1023 4487 ne
1057 4435 1252 4488 medici
1277 4434 1495 4504 quidem
1524 4449 1620 4487 sua
1651 4448 1865 4501 semper
1886 4442 2113 4501 possunt

530 4542 758 4583 scrvare
802 4527 1040 4587 decreta,
1071 4524 1164 4579 sed
1196 4540 1318 4579 cum
1353 4524 1539 4578 omnia
1568 4534 1809 4590 movent,
1840 4532 1951 4576 tum
1981 4522 2113 4576 nihil

2291 3791 2394 3859 κζ’.
2438 3792 2579 3844 ‘AD,’
2605 3793 2652 3844 εί
2684 3791 2865 3861 βούλει
2895 3793 2961 3845 τά
2988 3808 3047 3844 τε
3077 3791 3395 3845 δικαιότατα
3433 3795 3611 3845 ποιεῖν
3646 3791 3715 3845 τά
3740 3808 3798 3844 τε

2218 3884 2641 3939 λυσιτελέστατα
2682 3882 2864 3952 σαυτῷ
2902 3899 2962 3936 τε
3024 3885 3137 3953 ἃμα
3174 3882 3269 3935 καὶ
3319 3883 3398 3951 τῷ
3438 3884 3585 3952 ἄλλῳ
3623 3885 3795 3950 γένει,

2216 3980 2288 4033 τά.
2319 3978 2367 4031 θ’
2406 3977 2567 4047 ἡδονῇ
2626 3974 2865 4028 νικῶντα
2912 3979 2979 4045 τῇ
3022 3975 3235 4044 ἀλιθινῇ
3284 3977 3376 4029 καὶ
3408 3975 3648 4047 καθαρᾷ]
3703 3978 3798 4029 καὶ

2219 4071 2375 4138 ἀνῖρὶ
2408 4067 2761 4139 προσηκούσῃ
2811 4066 2961 4135 καλῷ
2989 4083 3049 4120 τε
3079 4066 3336 4136 κάγαθῷ,
3382 4069 3555 4139 ταύτῃ
3584 4069 3797 4138 τράπου

2222 4160 2426 4228 σπουδῇ
2482 4159 2656 4230 πάσῃ,
2702 4158 2859 4211 οὐδὲν
2906 4158 3223 4227 ὑφιέμενος,
3256 4160 3365 4211 οὐδ’
3404 4159 3797 4226 ὑπολογιζόμε-

2220 4269 2328 4314 νος,
2360 4250 2471 4303 οὖτ’
2498 4252 2549 4303 εί
2578 4268 2686 4303 τινι
2723 4252 2835 4304 τῶν
2863 4251 3129 4322 πρότερον
3172 4252 3459 4321 βασιλέων,
3505 4254 3537 4322 ἢ
3595 4254 3799 4323 ἡγεμό-

2218 4363 2347 4410 νων,
2377 4342 2491 4396 ούτ⁹
2518 4346 2572 4398 εἴ
2605 4361 2685 4396 σοι
2717 4342 2867 4411 αὐτῷ
2899 4343 3100 4414 ἑτέρως
3134 4361 3234 4396 που
3258 4344 3503 4397 δέδοκται
3532 4345 3630 4413 ἤδη
3670 4347 3803 4413 περὶ

2220 4437 2330 4490 τῶν
2358 4437 2560 4499 αὐτῶν,
2597 4434 2712 4488 οὔτ’
2740 4437 2794 4489 εί
2820 4452 2967 4488 τισιν
3002 4438 3061 4487 οὐ
3099 4434 3222 4487 καθ’
3262 4436 3457 4505 ἡδονήν
3500 4454 3553 4489 τι
3586 4436 3803 4503 μέλλεις

2222 4531 2397 4583 ποιεῖν
2419 4545 2432 4558 ·
2471 4528 2605 4582 ἀλλὰ
2639 4529 2816 4581 πάντα
2852 4528 3039 4591 κινῶν,
3074 4533 3169 4581 καὶ
3212 4529 3431 4582 πάντων
3460 4527 3804 4599 πειρώμενος

532 4618 600 4672 ad
622 4618 908 4673 sanitatem
936 4618 1215 4686 pertinens
1238 4617 1517 4679 omittunt,
1548 4630 1611 4669 ac
1633 4625 1821 4669 secant
1842 4616 2004 4668 etiam
2035 4614 2109 4666 vel

2220 4622 2327 4673 τῶν
2366 4621 2503 4689 πρὸς
2538 4620 2814 4690 σωτηρίαν
2863 4619 3053 4687 φέρειν
3085 4619 3392 4674 δοκούντων
3436 4622 3537 4689 τὴν
3574 4622 3764 4689 κοινήν
3788 4638 3801 4651 ·

535 4718 725 4772 urunt,
771 4723 1103 4775 unaeunque
1140 4708 1411 4760 interdum
1449 4708 1531 4760 vel
1569 4707 1755 4775 pedem
1797 4707 2021 4774 insuper
2045 4703 2114 4759 ob

533 4802 767 4856 salutem
813 4799 978 4853 totius
1014 4799 1259 4866 corporis
1290 4798 1645 4851 abscindunt.
1685 4798 1889 4850 lloruni
1943 4797 2117 4865 siqni-

536 4895 655 4947 dem
691 4895 805 4961 ipse
834 4891 1110 4958 qumdam,
1146 4890 1187 4943 si
1225 4890 1518 4949 videbitur,
1550 4904 1673 4942 cum
1707 4890 1870 4942 liceat
1904 4929 1916 4952 ,
1956 4905 2116 4957 pera-

535 5001 650 5054 ges,
688 4984 947 5037 nonnulla
974 4983 1042 5035 ab
1064 4983 1309 5051 Augusto
1343 4982 1671 5050 imperatore
1695 4990 1749 5033 et
1776 4979 1941 5034 Patre
1970 4981 2117 5035 salu-

538 5076 609 5126 tis
642 5075 873 5142 pnblicaa
918 5088 1085 5126 causa
1138 5073 1438 5142 postulabis
1464 5114 1479 5136 ,
1511 5089 1687 5142 neque
1719 5073 1816 5127 tibi
1849 5074 1936 5127 ille
1978 5075 2117 5127 ditii-

536 5167 713 5218 cnlter
744 5181 806 5218 ea
836 5166 1125 5229 concedet,
1157 5180 1282 5219 cum
1320 5166 1426 5220 huc
1465 5177 1717 5235 spectare
1754 5168 2075 5234 Cogunt-erit
2098 5210 2111 5232 ,

540 5259 817 5325 ingenium
871 5259 1030 5310 simul
1081 5269 1136 5310 et
1181 5260 1443 5324 impetum
1499 5259 1743 5313 divinum
1792 5260 2117 5314 admiratus.

535 5350 810 5406 Caeterum
846 5348 954 5411 his,
987 5364 1108 5415 quae
1135 5349 1370 5401 maxime
1400 5359 1450 5403 ct
1481 5351 1733 5416 proxime
1771 5350 2024 5404 videntur
2050 5351 2115 5404 ad

609 5526 721 5592 (5‘3)
753 5526 1564 5597 Ἑ[ξε.ὶθεῖν..,εὐκαταφοντη
1596 5527 1815 5591 τότεροι
1844 5528 1960 5579 κτλ.
1990 5529 2119 5590 Quae

539 5600 683 5652 inter
716 5615 885 5652 uncos
917 5599 1169 5663 leguntur
1203 5616 1231 5649 e
1286 5600 1406 5651 cod.
1447 5597 1577 5649 Tur.
1625 5600 1870 5647 instituta
1900 5598 2117 5649 damus.

543 5668 731 5719 Denuo
761 5669 1069 5737 inspicit'nli
1113 5668 1241 5720 mihi
1266 5667 1398 5721 Cod.
1461 5669 1673 5719 Monac.
1728 5666 1792 5715 atl
1823 5668 2120 5737 margin-fut

544 5754 594 5787 κ.
656 5736 859 5789 ΑιιεΙτβ
898 5737 1163 5790 υζΙΙΙΙΙὲΙΓίί
1219 5747 1379 5790 manu
1447 5737 1707 5802 scriptum
1768 5750 1823 5783 se
1889 5736 2118 5786 obtulit:

547 5804 693 5855 ἐστὶν
714 5806 957 5874 ἐξίτηλον
984 5807 1197 5877 ὑπὸτῆς
1220 5809 1593 5876 ἀρχαιότητος.
1624 5803 1753 5855 lltn':
1776 5805 1890 5855 cod.
1920 5805 2117 5857 .‘Ialt'it.

2219 4712 2377 4775 εἰδὼς
2405 4713 2499 4763 καὶ
2530 4713 2659 4773 τοὺς
2690 4711 2910 4780 ἰατροὺς
2937 4711 3283 4779 δεδογμένοις
3316 4710 3446 4763 οὔτε
3470 4714 3584 4772 τοῖς
3616 4713 3801 4777 σφίσιν

2218 4806 2320 4876 ἤδη
2352 4805 2535 4863 αὐτοῖς
2562 4804 2825 4872 ἐμμένειν
2846 4803 3104 4855 ἑκάστοτε
3132 4803 3632 4871 ἀναγκαζομένους,
3666 4802 3805 4852 ἀλλὰ

2222 4898 2401 4949 πάντα
2448 4894 2556 4965 μὲν
2591 4896 2898 4959 κινοῦντας,
2940 4896 3290 4963 φειδομένους
3329 4898 3384 4947 δὲ
3421 4897 3654 4956 οὐδενὸς,
3695 4895 3724 4946 ὃ
3751 4911 3805 4943 τι

2222 4987 2289 5043 ἂν
2322 4988 2458 5058 πρὸς
2491 4987 2552 5040 τὸ
2595 4988 2769 5057 παρὸν
2808 4988 3039 5055 ὠφελεῖν
3069 4989 3236 5058 δοκῇ’
3275 4987 3372 5041 καὶ
3421 4987 3717 5054 τέμνοντας
3748 4984 3808 5036 δὲ

2221 5082 2317 5135 καὶ
2348 5081 2629 5144 καίοντας,
2658 5084 2754 5133 καὶ
2805 5084 2966 5150 χεῖρα
2995 5082 3142 5134 εστιν
3176 5084 3264 5134 ὅτε
3303 5082 3398 5133 καὶ
3430 5079 3565 5132 πόδα
3603 5077 3808 5128 ἀποκό-

2224 5188 2456 5235 πτοντας
2503 5173 2645 5243 ὑπὲρ
2674 5173 2770 5240 τῆς
2815 5174 2910 5226 τοῦ
2944 5174 3066 5227 ὅλου
3102 5171 3354 5241 σώματος
3405 5169 3701 5237 σωτηρίας.
3735 5196 3804 5206 -

2223 5261 2444 5314 Ἰὀύτων
2496 5262 2606 5330 γὰρ
2658 5262 2726 5314 τὰ
2762 5263 2862 5330 μὲν
2911 5263 3072 5322 αὐτὸς
3125 5262 3246 5324 ἐξόν
3294 5278 3375 5313 σοι
3412 5261 3657 5327 ποιήσεις
3690 5258 3809 5322 εἴγε

2226 5352 2435 5422 βούλοιο
2460 5370 2475 5384 ο
2513 5352 2583 5405 τά
2615 5352 2672 5406 δὲ
2722 5353 2815 5407 καὶ
2865 5353 2960 5405 τοῦ
2994 5354 3272 5407 θειοτάτου
3317 5343 3582 5422 βασιλέως
3624 5366 3683 5400 τε
3715 5349 3811 5401 καὶ

2233 5529 2489 5584 idcntitas
2548 5546 2672 5583 cum
2735 5530 2993 5583 Sambuci
3048 5546 3159 5596 quo
3220 5530 3486 5583 Canterns
3543 5541 3675 5579 usus
3725 5538 3811 5581 est

2228 5612 2381 5653 extra
2424 5601 2649 5653 dubium
2691 5612 2772 5652 est
2811 5603 3004 5667 posita.
3048 5599 3174 5653 Item
3235 5599 3479 5649 \‘ItIl‘lllilS
3539 5597 3683 5667 loca
3713 5600 3809 5649 αἰο-

2231 5670 2403 5721 sentia
2434 5685 2559 5731 non,
2598 5678 2655 5720 ut
2676 5669 2727 5721 in
2754 5666 2875 5722 cod.
2905 5669 3112 5722 Monac.
3136 5686 3163 5721 ιι
3198 5668 3553 5719 librat-inesse
3579 5666 3809 5731 omissa,

2231 5741 2322 5793 SUiI
2360 5740 2425 5791 ob
2464 5749 2784 5793 vetustatem
2823 5739 3106 5793 oculorum
3141 5740 3309 5792 aciem
3342 5738 3539 5805 fugi-re.

4150 4796 4177 4827 ,1
