4186 6290
454 353 558 417 867
1656 337 1979 403 GEORGII
2020 335 2454 400 PLETHONIS
3607 314 3713 379 Μία

453 464 598 536 quod
628 460 906 527 convenit,
948 469 1111 531 prout
1148 458 1438 515 referimur
1487 455 1553 512 ad
1587 454 1809 526 quidvis
1850 451 2024 507 aliud.

2155 451 2326 515 ιύτοῦ,
2361 451 2495 519 περὶ
2530 447 2631 519 μὲν
2651 446 2719 501 τὰ
2754 445 2909 516 βίαια
2946 442 3054 496 τῶν
3086 436 3438 536 ιιιεὰ.1)τιμ.ιί·*.ςωνἱ
3456 431 3715 536 ἔχων-άν-

454 558 735 622 Quatenus
754 568 886 608 vero
902 567 1092 608 "secum
1119 554 1236 621 ipse
1254 557 1626 620 comparatur,
1653 549 1701 603 si
1720 562 1784 601 ea
1809 561 1898 602 res
1911 560 2030 599 ver-

453 658 610 700 setur
641 646 695 699 in
721 643 974 700 violentis
1008 644 1225 698 casibus
1249 685 1262 708 ,
1296 640 1560 696 fortitudo
1619 640 1673 693 in
1721 651 1789 692 eo
1823 634 2030 697 existit,

455 736 502 789 si
539 736 593 788 in
621 735 946 789 voluntariis
972 774 987 799 ,
1023 733 1407 803 temperantia.
1459 745 1692 801 quarum
1748 736 1809 781 ιιι
1855 740 2034 796 eaque

458 825 702 882 melioris
730 826 910 881 nostri
944 827 1115 895 partis
1161 824 1481 895 dignitatem
1510 822 1776 877 adversus
1805 819 2035 874 deterio-

458 926 575 964 rem
627 926 844 981 semper
898 920 1106 968 tuetur.
1160 911 1460 966 Dicendum
1494 919 1676 965 autem
1727 923 1920 963 rursus
1953 913 2036 961 est

457 1002 733 1071 exquisite
756 1004 933 1073 magis
964 1005 1031 1057 de
1063 1002 1195 1071 ipsis
1223 1001 1518 1055 virtutibus
1542 1000 1622 1055 sic
1652 1008 1712 1054 ut
1743 998 1811 1052 ab
1835 998 2036 1067 imper-

461 1094 759 1150 fectissima
794 1095 1147 1164 auspicemur
1175 1133 1193 1157 ,
1225 1101 1282 1148 et
1334 1093 1406 1147 ad
1450 1091 1902 1162 perfectissimam
1947 1104 2039 1143 se-

459 1187 701 1241 cundum
753 1195 1005 1240 naturam
1042 1169 1255 1240 ratione
1281 1183 1747 1260 progrediamur.
1784 1184 1864 1237 Ac
1899 1181 2041 1238 Deus

461 1277 681 1344 quidem
734 1291 920 1331 revera
958 1277 1160 1331 nullius
1197 1276 1277 1330 rei
1312 1283 1456 1344 eget,
1490 1289 1617 1329 cum
1650 1282 1706 1329 et
1753 1271 2042 1343 perfectis-

463 1371 642 1424 simus
657 1371 752 1437 sit,
771 1378 826 1426 et
851 1383 1014 1440 quam
1056 1369 1294 1423 maxime
1313 1369 1493 1438 seipso
1520 1364 2038 1423 contentusNerum

465 1469 524 1513 ut
564 1460 729 1514 homo
760 1461 970 1515 nullius
994 1475 1221 1529 prorsus
1243 1460 1321 1515 rei
1350 1467 1528 1529 egeat,
1559 1458 1675 1514 fieri
1704 1457 1855 1510 nullo
1879 1457 2044 1510 modo

464 1559 667 1619 potest,
707 1552 803 1607 sed
863 1553 958 1622 qui
1024 1553 1378 1619 paucioribus
1432 1560 1489 1606 et
1548 1550 1801 1620 pluribus
1853 1558 2042 1619 egeat,

467 1651 691 1713 propter
727 1645 979 1699 virtutem
1011 1653 1067 1698 et
1100 1645 1291 1699 vitium
1337 1644 1584 1698 invenire
1616 1642 1785 1709 licet;
1814 1642 1959 1711 quod
1994 1642 2041 1695 si

468 1736 821 1803 paucissimis
850 1745 1025 1806 egeat,
1052 1746 1165 1790 tum
1192 1734 1303 1790 Deo
1329 1734 1644 1790 simillimus
1679 1743 1785 1798 est,
1817 1743 1872 1786 et
1906 1733 1958 1786 in
1979 1746 2056 1787 eo

467 1830 551 1883 sui
608 1838 756 1883 statu
807 1828 1012 1897 optime
1046 1832 1422 1888 constitutus:
1465 1827 1548 1880 sin
1581 1825 1832 1896 pluribus
1877 1840 2040 1895 egere

468 1918 653 1987 ccepit,
683 1927 795 1971 tmn
822 1918 929 1970 Deo
955 1917 1190 1971 maxime
1219 1916 1504 1971 dissimilis
1527 1919 1613 1970 est
1638 1923 1695 1968 ct
1722 1914 1957 1983 pessime
1987 1928 2047 1969 se

469 2010 655 2065 liabet.
681 2008 779 2064 Est
817 2016 996 2062 autem
1027 2023 1090 2062 ea
1128 2006 1344 2061 virtutis
1378 2021 1504 2075 pars
1533 2021 1655 2075 quae
1683 2006 2045 2074 temperantia

469 2100 692 2164 dicitur,
726 2098 947 2153 habitus
975 2098 1165 2163 animi,
1193 2107 1487 2152 contentus
1516 2096 1885 2167 paucissimis,
1927 2110 2048 2165 quae

469 2191 539 2247 ad
570 2192 736 2246 vitam
787 2191 1088 2261 degendam
1134 2191 1513 2258 requiruntur.
1539 2188 1876 2243 Paucissima
1917 2200 2049 2242 vero

470 2274 656 2337 rerum
710 2282 779 2336 ad
834 2284 1004 2335 vitam
1050 2268 1354 2348 degendam
1428 2279 1893 2346 necessariarum,
1941 2278 2048 2333 alia

472 2376 733 2432 videlicet
751 2384 881 2429 sunt
899 2373 1268 2436 multitudine,
1291 2372 1395 2425 alia
1429 2370 1710 2437 facultate,
1734 2370 2047 2440 cujusmodi

475 2477 628 2534 sunt,
659 2467 859 2537 quibus
890 2452 1030 2520 citra
1063 2479 1318 2533 magnum
1357 2465 1636 2534 negotium
1677 2465 1841 2534 potiri
1867 2465 2048 2530 liceat,

478 2566 540 2611 ut
574 2556 749 2625 magis
798 2552 1127 2623 probabilia,
1163 2553 1353 2606 viliora
1388 2561 1443 2605 et
1491 2551 1757 2619 faciliora,
1794 2565 1935 2623 quas
1962 2567 2050 2608 res

473 2650 731 2719 amplecti
769 2648 954 2717 potius
979 2662 1141 2717 quam
1174 2661 1270 2700 eas
1301 2661 1422 2715 quae
1451 2645 1728 2701 difficilius
1761 2655 2050 2715 parantur,

472 2751 531 2797 et
561 2740 918 2811 pretiosiores
962 2749 1115 2804 sunt,
1153 2746 1207 2792 et
1244 2737 1604 2798 difficiliores.
1650 2737 1886 2794 ofﬁcium
1945 2740 2048 2793 viri

476 2831 829 2900 temperantis
854 2837 909 2883 et
937 2844 1036 2882 sua
1067 2835 1213 2883 sorte
1241 2829 1480 2882 contenti
1529 2828 1753 2885 fuerint.
1783 2828 1904 2885 lam
1924 2846 2053 2887 vero

475 2921 643 2975 etiam
695 2920 996 2974 immobilis
1051 2928 1136 2974 est
1169 2920 1351 2985 Deus,
1400 2920 1679 2974 hominem
1717 2932 1899 2976 autem
1939 2938 2051 2977 non

477 3014 687 3069 moveri
719 3012 825 3066 ulla
860 3028 943 3079 re,
972 3026 1072 3069 nec
1114 3012 1229 3066 fieri
1254 3021 1431 3082 potest
1463 3025 1564 3066 nec
1591 3014 1846 3083 expedit,
1875 3029 2053 3085 neque

475 3105 625 3160 enim
664 3103 916 3159 honestis
965 3103 1128 3158 etiam
1160 3103 1331 3160 rebus
1370 3118 1523 3173 atque
1560 3119 1669 3159 non
1722 3104 1930 3160 moveri
1960 3106 2053 3160 dc-

475 3197 692 3269 cuerit,
748 3201 841 3249 scd
894 3209 993 3249 nec
1048 3196 1382 3250 commoveri
1424 3195 1589 3251 rebus
1629 3195 1808 3262 malis,
1838 3204 1897 3252 et
1943 3212 2051 3252 non

475 3287 638 3356 dejici
661 3285 731 3341 de
768 3294 913 3340 statu
951 3285 1151 3341 mentis
1182 3286 1251 3341 ab
1280 3285 1613 3341 adversariis
1640 3275 1763 3341 vita:
1797 3288 2050 3353 casibus,

483 3393 664 3448 neque
696 3378 873 3449 ipSum
907 3377 978 3433 ab
1017 3377 1146 3433 ullis
1184 3393 1305 3447 quae
1332 3378 1578 3434 incidunt
1605 3379 1769 3434 rebus
1792 3395 1895 3434 una
1927 3395 2052 3436 cum

481 3470 756 3526 deteriore
789 3470 873 3525 sui
902 3478 1054 3538 parte
1091 3479 1148 3524 et
1180 3477 1374 3523 natura
1412 3468 1684 3524 imbecilla
1710 3510 1725 3535 ,
1753 3471 1907 3541 pejus
1967 3470 2055 3526 af-

480 3562 569 3616 flci
598 3601 615 3627 ,
663 3562 1179 3632 praestantissimum
1239 3560 1404 3617 fuerit
1448 3573 1501 3617 ct
1546 3560 1654 3627 Deo
1704 3563 1902 3618 simile.
1962 3562 2056 3618 Est

480 3665 663 3708 autem
687 3669 751 3707 ea
785 3653 1005 3708 virtutis
1027 3669 1150 3723 pars
1193 3669 1315 3723 quae
1345 3652 1605 3708 fortitudo
1646 3653 1870 3718 dicitur,
1900 3655 2055 3709 habi-

478 3756 568 3801 tus
595 3747 896 3817 animi,qui
922 3748 1223 3802 contrariis
1254 3749 1371 3801 vita:
1401 3747 1618 3803 casibus
1646 3763 1755 3801 non
1788 3757 2055 3803 movetur.

478 3839 750 3903 Quoniam
808 3849 995 3893 autem
1032 3839 1415 3910 unusquisque
1454 3849 1702 3894 nostrum
1770 3839 1844 3893 ita
1896 3850 2058 3895 natus

479 3938 566 3983 est
597 3937 657 3981 ut
695 3926 786 3981 Dei
820 3927 1098 3996 quoddam
1132 3928 1204 3981 sit
1227 3942 1387 3996 opus,
1414 3941 1522 3979 non
1564 3925 1724 3994 plane
1774 3925 2010 3978 alienum
2041 3962 2058 3988 ,

481 4020 577 4074 scd
610 4019 1013 4088 quodammodo
1064 4018 1424 4071 domesticum
1477 4015 2056 4086 atque‘conjunctum,

483 4112 682 4164 deinde
710 4109 876 4163 veluti
906 4107 1172 4177 particula
1196 4107 1426 4161 aliarum
1454 4108 1714 4175 partium,
1743 4120 1862 4175 quac.
1889 4106 2061 4175 majo-

484 4216 573 4255 res
603 4199 760 4253 nobis
795 4209 943 4265 sunt,
984 4198 1235 4253 videlicet
1269 4197 1432 4268 hujus
1490 4197 1891 4261 universitatis,
1938 4213 2061 4267 qua:

484 4300 569 4346 est
616 4297 791 4343 totum
829 4297 885 4342 et
907 4303 1074 4342 unum
1101 4287 1357 4357 quiddam
1392 4285 1684 4342 conflatum
1708 4302 1739 4341 e
1763 4287 1973 4351 multis,
2003 4296 2060 4340 ιιι

486 4382 692 4451 ubique
756 4380 1002 4435 obtineat
1060 4379 1236 4433 locum
1301 4378 1733 4448 qualemcunque
1786 4390 1845 4433 ut
1898 4394 2060 4448 quam

2129 544 2276 610 δρία,
2311 514 2450 612 περὶ.
2474 514 2630 595 δὲ’τὰ
2652 514 2879 593 ἑκούσια
2940 530 3292 603 σωφροσύνη,
3323 514 3563 589 σώζοντε
3591 524 3722 576 ἑκα-

2130 635 2279 705 τέρω
2294 635 2509 688 τούτοιν
2526 630 2748 700 τὴντοῦ
2777 628 3061 699 ἀμείνονος
3077 624 3188 678 τῶν
3211 621 3343 689 παρ’
3372 619 3507 705 ἡμῖν
3530 616 3722 676 αὺτοῖς

2132 704 2270 795 προς
2293 727 2355 780 τὸ
2395 727 2578 796 χεῖρον
2607 724 2869 777 ἑκάστοτε
2898 716 3076 784 ἀξίαν.
3115 715 3337 785 Ῥητέον
3367 711 3424 764 δὲ
3453 704 3616 769 αὖθις
3646 705 3723 757 δι’

2134 816 2423 888 ἀκριϐείας
2452 816 2657 887 μᾶλλον
2692 812 2825 880 περὶ
2871 809 3076 873 αὐτῶν,
3112 805 3444 876 ἀρξαμένοις
3474 799 3583 854 άπὸ
3619 796 3723 865 τῆς

2136 911 2635 980 ἀτελεστάτηςδὲπὶ
2659 908 2716 962 δὲ
2748 906 2849 976 τὴν
2873 902 3211 970 τελεωτάτην
3232 895 3564 980 κατάφύσιν
3583 889 3723 980 ίοῦσι

2135 1005 2216 1071 τῷ
2236 1004 2404 1073 λόγῳ.
2450 976 2509 1055 ’⁷0
2543 1001 2644 1071 μὲν
2668 998 2763 1053 οὖν
2791 997 2925 1057 Θεὸς
2954 995 3031 1063 τῷ
3068 993 3185 1046 ὄντι
3212 976 3500 1055 ἀνεπιδεὴς
3526 978 3722 1036 τελεώ-

2136 1096 2299 1158 τατός
2320 1112 2382 1148 τε
2411 1092 2512 1155 ὢν,
2539 1091 2638 1145 καὶ
2663 1089 2740 1153 ὡς
2766 1082 2881 1141 οἷον
2911 1103 2970 1140 τε
3024 1083 3262 1156 μάλιστα
3288 1079 3596 1148 αὐτάρκης·
3630 1074 3725 1128 άν-

2139 1189 2359 1259 θρωπον
2408 1186 2468 1239 δὲ
2530 1183 2822 1238 ἀνεπιδεέα
2878 1180 2977 1248 μὲν
3049 1174 3308 1242 γενέσθαι
3375 1170 3727 1226 παντάπασιν

2140 1281 2458 1349 ἁμήχανον’
2510 1275 2815 1330 δλαττζνων
2867 1273 3053 1342 μέντοι
3079 1269 3173 1322 καὶ
3201 1266 3444 1349 πλεόνων
3469 1263 3726 1331 δεόμενον

2141 1346 2210 1421 δέ·
2234 1346 2438 1437 άρετήν
2465 1381 2527 1418 τε
2553 1365 2650 1423 καὶ
2684 1364 2887 1416 κακίαν
2941 1360 3091 1413 ἐστιν
3139 1357 3344 1426 εὑρεῖν.
3390 1346 3726 1421 Ἒλαχίστων

2148 1462 2249 1529 μὲν
2273 1455 2369 1512 οὖν
2398 1457 2673 1525 δεόμενος,
2699 1454 2820 1521 Θεῷ
2847 1470 2907 1506 τε
2929 1451 3229 1521 ὁμοιότατα
3258 1448 3422 1517 ἴσχει,
3456 1445 3554 1498 καὶ
3585 1443 3728 1512 κράο

2144 1569 2305 1605 τιστα
2335 1550 2498 1612 αὐτὸς
2526 1547 2698 1604 αὐτοῦ
2719 1561 2736 1579 ·
2775 1545 3017 1599 πλεόνων
3047 1544 3102 1596 δὲ
3128 1541 3454 1611 γιγνόμενος
3482 1534 3727 1603 ἐπιδεὴς,

2145 1643 2266 1715 Θεῷ
2290 1660 2349 1695 τε
2377 1641 2768 1711 ἀνομοιότατα,
2820 1640 2917 1691 καὶ
2967 1636 3220 1707 χείριστα
3254 1632 3415 1703 ἴσχει.
3453 1632 3563 1685 Καὶ
3607 1629 3727 1682 ἔστι

2152 1732 2499 1803 σωφροσύνη,
2532 1732 2691 1785 τοῦτο
2713 1731 2778 1798 δὴ
2819 1729 2881 1783 τδ
2910 1729 3100 1800 μόριον
3136 1727 3361 1795 ἀρετῆς,
3408 1722 3522 1791 ἕξις
3549 1721 3730 1793 ψυχῆς

2149 1825 2431 1897 αὐτάρκης
2463 1823 2550 1878 ἐπ’
2581 1823 2889 1893 ἐλαχίστοις
2934 1822 3050 1883 τοῖς
3088 1818 3231 1890 πρὸς
3275 1818 3367 1870 τδν
3428 1815 3541 1885 βίον
3564 1817 3732 1881 ἀναγ-

2149 1919 2347 1980 καίοις,
2377 1917 2639 1986 ἐλάχιστα
2671 1908 2728 1969 δὲ
2758 1914 2868 1967 τῶν
2935 1911 3072 1979 προς
3105 1912 3199 1962 τὸν
3253 1908 3366 1979 βίον
3391 1905 3728 1974 ἀναγκαίων,

2148 2009 2219 2062 τὰ
2251 2011 2351 2078 μέν
2382 2019 2487 2061 που
2523 2006 2748 2075 πλήθει,
2771 2005 2840 2058 τὰ
2868 2004 2925 2056 δὲ
2952 2003 3050 2057 καὶ
3070 2001 3322 2070 δυνάμει.
3346 1996 3532 2051 Ταῦτα
3562 1995 3608 2048 δ’
3637 1997 3727 2066 εἴη

2147 2102 2235 2167 ἂν,
2264 2097 2341 2154 ὢν
2368 2099 2640 2170 δήπουθεν
2683 2098 2744 2149 ού
2797 2095 2971 2149 πολλὰ
3012 2094 3153 2149 άττα
3201 2089 3732 2161 πραγματευόμενον

2150 2192 2269 2246 ἔστι
2300 2191 2594 2262 τυγχάνειν
2616 2204 2634 2222 ο
2691 2182 2782 2241 οἷα
2833 2186 2900 2240 τὰ
2927 2184 3357 2256 εὐποριστότερα
3387 2181 3481 2234 καὶ
3512 2180 3732 2233 εὐτελέ-

2154 2300 2321 2357 στερα
2354 2283 2450 2335 καὶ
2475 2280 2589 2352 ῥᾴω
2631 2279 2888 2350 μάλιστα,
2922 2276 2959 2331 ἃ
2992 2277 3057 2345 δὴ
3089 2274 3196 2345 πρὸ
3227 2274 3339 2326 τῶν
3367 2268 3731 2336 δυσποριστοὲ

2150 2377 2324 2447 τέρων
2371 2368 2467 2428 καὶ
2513 2370 3011 2442 πολυτελεστέρων,
3066 2369 3162 2421 καὶ
3211 2365 3638 2436 χαλεπωτέρων,
3667 2365 3727 2416 ὲν

2150 2470 2263 2531 τοῖς
2286 2465 2552 2529 τοιούτοις
2603 2461 2881 2534 αἱρεῖσθαι
2930 2460 3068 2529 πρὸς
3095 2458 3191 2512 τοῦ
3223 2455 3501 2527 σώφρονός
3533 2473 3592 2509 τε
3634 2455 3735 2510 καὶ

2152 2560 2464 2631 αὐτάρκους
2506 2559 2575 2612 ἂν
2619 2555 2706 2627 εἴη
2737 2553 2955 2624 ἀνδρός.
2992 2551 3155 2605 Ἀλλὰ
3183 2551 3251 2621 δὴ
3277 2552 3376 2603 καὶ
3422 2549 3677 2617 ἀκίνητος
3704 2546 3743 2601 ὰ

2153 2654 2309 2716 Θεός.
2375 2651 2699 2720 Ἄνθρωπον
2738 2649 2795 2702 δὲ
2859 2646 3003 2718 πρὸς
3067 2645 3168 2714 μὲν
3213 2643 3397 2698 πάντα
3458 2643 3737 2712 ἀκινήτως

2153 2744 2319 2813 ἔχειν,
2354 2741 2470 2797 οὔθ’
2499 2738 2611 2795 οἷόν
2640 2757 2698 2793 τε
2725 2738 2850 2792 οὔτε
2901 2737 3128 2806 ἀγαθόν.
3176 2734 3313 2791 Οὐδὲ
3353 2733 3462 2804 γάρ
3498 2750 3602 2787 που
3633 2733 3731 2786 καὶ

2154 2836 2291 2903 πρὸς
2313 2832 2382 2886 τὰ
2412 2832 2553 2886 καλά
2575 2830 2748 2892 οὕτως
2792 2830 2877 2883 δεῖ
2896 2829 3044 2899 ἔχειν
3069 2827 3368 2898 ἀκινήτως,
3407 2825 3516 2879 ἀπὸ
3548 2827 3736 2895 μέντοι

2154 2927 2262 2979 τῶν
2287 2924 2466 2979 καλῶν
2494 2924 2755 2995 ἀκίνητόν
2788 2940 2849 2978 τε
2877 2920 3043 2986 εἶναι,
3072 2923 3167 2976 καὶ
3197 2922 3306 2975 ὑπὸ
3327 2920 3439 2973 τῶν
3471 2918 3615 2974 κατὰ
3646 2918 3739 2972 τὸν

2157 3013 2272 3085 βίον
2292 3012 2485 3086 βιαίων
2518 3012 2614 3067 τοῦ
2646 3000 3053 3082 καθεστηκότος
3079 3012 3158 3082 μὴ
3205 3009 3545 3077 ἐξίστασθαι,
3592 3009 3733 3079 μηδὲ

2155 3106 2235 3176 τῷ
2257 3107 2460 3178 χείρονι
2475 3105 2583 3162 τῶν
2603 3099 2802 3174 ἑαυτῷ,
2816 3105 2910 3158 καὶ
2941 3103 3208 3172 πεφυκότι
3231 3101 3484 3173 κάμνειν,
3506 3102 3611 3186 Qui:
3630 3100 3742 3154 τῶν

2160 3196 2621 3267 προσπιπτόντων
2648 3195 2920 3261 ἑκάστων,
2952 3195 3050 3248 καὶ
3091 3193 3257 3248 αὑτὸν
3301 3195 3485 3264 χεῖρόν
3523 3211 3577 3247 τι
3611 3210 3740 3246 συν-

2156 3287 2492 3344 διατίθεσθαι
2519 3287 2815 3359 κράτιστον
2836 3285 2904 3340 ἂν
2934 3284 3045 3356 εἴη,
3076 3285 3172 3338 καὶ
3191 3284 3312 3354 Θεῷ
3334 3283 3741 3354 παραπλήσιον.

2158 3383 2266 3436 Καὶ
2294 3381 2411 3437 ἐστι
2438 3381 2600 3435 τοῦτο
2626 3379 2818 3449 ἀνδρία
2845 3379 2908 3432 τὸ
2942 3379 3133 3449 μόριον
3166 3378 3387 3450 ἀρετῆς,
3417 3377 3534 3445 ἕξις
3561 3377 3746 3448 ψυχῆς

2158 3472 2413 3542 ἀκίνητος
2445 3470 2551 3524 ὑπὸ
2565 3469 2674 3524 τῶν
2702 3470 2846 3525 κατὰ
2877 3468 2970 3522 τὸν
3008 3467 3121 3540 βίον
3156 3467 3345 3539 βιαίων
3377 3468 3747 3537 παθημάτων.

2169 3556 2324 3616 Ἐπεὶ
2347 3562 2394 3616 δ’
2416 3560 2576 3631 ήμῶν
2626 3560 2858 3619 ἕκαστος
2895 3559 3090 3627 γέγονε
3125 3558 3344 3628 πρῶτον
3371 3558 3473 3627 μὲν
3505 3556 3644 3611 Θεοῦ
3689 3574 3747 3612 τι

2159 3652 2318 3721 ἔργον
2348 3652 2411 3704 οὐ
2470 3650 2613 3705 πάνυ
2652 3667 2736 3703 τοι
2774 3649 3077 3721 ἀλλότριον,
3115 3647 3254 3703 ἀλλά
3320 3664 3398 3716 πη
3428 3649 3630 3702 οἰκεῖόν
3680 3665 3745 3701 τε

2160 3747 2254 3799 καὶ
2281 3732 2564 3813 ξυγγενὲς,
2603 3743 2798 3796 ἔπειτα
2823 3743 3013 3812 μόριον
3051 3741 3230 3795 ἄλλων
3259 3758 3320 3796 τε
3356 3741 3517 3810 ἡμῶν
3557 3743 3747 3810 μειζό-

2162 3855 2269 3892 νων
2327 3836 2525 3907 μερῶν
2551 3835 2706 3889 τοῦδε
2749 3833 2845 3888 τοῦ
2874 3833 3095 3899 παντὸς,
3155 3833 3279 3887 ὅλου
3309 3850 3368 3886 τε
3406 3835 3501 3887 καὶ
3534 3834 3652 3895 sva;
3683 3835 3751 3887 ἐκ

2161 3929 2373 3984 πολλῶν
2418 3928 2592 3992 ὄντος,
2629 3926 2815 3998 χώραν
2865 3925 3120 3997 ἡντινοῦν
3163 3924 3587 3995 ἀποπληρὼσων
3615 3925 3751 3978 ἑκα-

2162 4021 2382 4092 σταχοῦ,
2419 4021 2492 4083 ὡς
2515 4023 2582 4075 ἂν
2597 4021 2680 4075 ὅτι
2715 4019 2949 4090 μάλιστα
2980 4018 3131 4088 αὐτῷ
3152 4035 3212 4071 τε
3239 4018 3333 4072 καὶ
3354 4018 3430 4086 τῷ
3453 4018 3558 4088 ὅλῳ
3588 4017 3752 4085 ἔμελ-

2159 4114 2219 4167 λε
2290 4113 2591 4166 συνοίσεινο
2624 4112 2705 4165 δεῖ
2730 4111 2903 4190 δήπου
2936 4111 3071 4182 μηδὲ
3095 4109 3303 4178 ταύτην
3333 4111 3573 4183 ἑκάστην
3604 4112 3744 4164 ἀπο-

2160 4202 2369 4256 λείπειν
2399 4205 2500 4272 τὴν
2548 4203 2755 4274 χώραν,
2783 4203 2843 4255 ὲν
2884 4195 2919 4276 ᾖ
2953 4203 2982 4255 ὁ
3012 4199 3147 4264 Θεὸς
3177 4199 3392 4266 ἔταξεν,
3425 4200 3542 4254 ἀλλ’
3568 4199 3746 4270 ἐμμέ-

2162 4311 2274 4347 νειν
2310 4296 2453 4347 κατὰ
2475 4293 2731 4365 δύναμιν,
2761 4296 2822 4347 τὸ
2859 4286 2925 4364 τῇ
2966 4293 3121 4365 χώρᾳ
3166 4295 3445 4363 προσῆκον
3473 4293 3751 4345 ἀποδιδόν-

2162 4398 2252 4450 τα,
2278 4385 2467 4456 μόριον
2495 4382 2554 4438 δὲ
2603 4388 2750 4439 ἆπαν
2777 4385 3075 4452 ὁμολογοῦν
3117 4402 3176 4437 τε
3231 4384 3429 4453 ἐκείνῳ
3463 4378 3638 4454 οὗπερ
3681 4385 3751 4439 ἂν

487 4475 721 4527 maxime
745 4488 870 4528 cum
897 4473 999 4543 ipsi
1035 4481 1148 4526 tum
1177 4469 1525 4526 universitati
1563 4470 1908 4537 profuturum
1947 4471 2013 4525 sit
2042 4508 2051 4532 ς

2168 4479 2355 4548 μόριον
2387 4464 2498 4547 εἴη,
2554 4480 2648 4532 καὶ
2684 4479 2761 4548 μὴ
2810 4476 3135 4544 διαφωνοῦν,
3190 4480 3331 4529 κατὰ
3364 4475 3529 4545 φύσιν
3555 4495 3616 4531 τε
3656 4480 3753 4531 καὶ

484 4565 616 4618 nulli
640 4566 800 4619 statio
825 4580 888 4619 ea
915 4564 1217 4619 deserenda
1246 4574 1351 4627 est,
1394 4564 1448 4617 in
1496 4578 1602 4633 qua
1646 4562 1788 4619 Deus
1815 4564 2054 4633 aliquem

486 4657 813 4723 constituit,
877 4656 972 4711 sed
1031 4656 1490 4726 perseverandum
1549 4670 1613 4710 ac
1661 4671 1758 4726 pro
1813 4656 1953 4710 virili
2013 4655 2064 4708 id

2168 4565 2229 4624 εὖ
2256 4569 2497 4639 μάλιστα
2535 4572 2785 4640 πράττοι.
2831 4569 2940 4620 Καὶ
2995 4568 3116 4621 ἐπεί
3146 4570 3297 4621 ὲστιν
3329 4568 3487 4639 ἡμῶν
3520 4568 3752 4631 ἕκαστος

2173 4664 2336 4734 μέρος
2365 4679 2416 4717 τι
2449 4662 2609 4716 τοῦτο
2646 4664 2744 4732 μὲν
2772 4661 2974 4724 οἰκίας,
3006 4660 3167 4714 τοῦτο
3198 4662 3253 4715 δὲ
3279 4661 3559 4731 ἑταιρείας
3604 4662 3754 4725 τινὸς

489 4748 882 4816 praestandum,
919 4747 1067 4817 quod
1102 4746 1191 4801 illa
1236 4749 1513 4817 postulare
1549 4747 2051 4813 Videllll'.Qll3-3libei

2170 4756 2407 4821 πόλεως,
2435 4755 2646 4817 ἔθνους,
2678 4755 2813 4815 ὅλως
2837 4754 2991 4806 τοῦδε
3017 4753 3112 4806 τοῦ
3141 4756 3344 4817 παντὸς
3372 4754 3657 4817 ἀποδιδοὺς
3687 4755 3755 4806 τὰ

492 4849 671 4894 autem
710 4855 860 4909 pars,
897 4839 943 4894 si
968 4854 1090 4894 cum
1123 4840 1215 4894 illo
1249 4840 1411 4910 cujus
1441 4854 1567 4909 pars
1596 4849 1702 4906 est,
1734 4841 2064 4903 consentiat,

490 4946 597 4984 non
633 4941 812 4985 autem
848 4929 1158 4997 dissentiat,
1190 4932 1261 4985 ita
1292 4943 1347 4987 et
1365 4932 1667 4987 rectissime
1687 4942 1741 4987 et
1763 4934 2064 4989 secundum

491 5033 740 5075 naturain
798 5036 858 5076 se
912 5022 1156 5078 habebit.
1231 5022 1403 5078 Porro
1474 5038 1599 5078 cum
1691 5025 2069 5095 unusquisque

489 5123 741 5166 nostrum
802 5129 928 5183 pars
955 5117 1200 5183 quaedam
1262 5117 1333 5170 sit
1393 5118 1590 5185 partim
1627 5117 1833 5172 domus
1866 5118 2065 5187 partim

489 5204 769 5258 societatis
792 5207 1044 5277 alicujus,
1069 5222 1192 5276 quae
1226 5207 1307 5262 vel
1353 5209 1404 5262 in
1427 5209 1581 5271 urbe,
1617 5209 1701 5264 vel
1725 5209 1778 5264 in
1810 5210 2066 5279 gente.iu

458 5304 610 5358 _toto
644 5296 877 5365 denique
911 5298 1167 5352 universo
1195 5300 1368 5367 posita
1397 5310 1503 5365 est,
1548 5301 1593 5354 si
1623 5316 1688 5355 ea
1729 5280 1919 5356 tribuit
1954 5303 2067 5355 sin-

489 5386 632 5452 gulis
659 5400 778 5455 qua:
803 5386 1107 5441 debentur:
1145 5389 1484 5456 parentibus,
1505 5392 1686 5460 qualia
1720 5393 1904 5447 liberis
1935 5408 2065 5462 erga

484 5489 747 5545 parentes
782 5479 1151 5545 conveniunt,
1203 5481 1411 5548 liberis,
1469 5482 1648 5550 qualia
1690 5499 1819 5554 erga
1864 5484 2067 5538 liberos

490 5569 726 5639 parenti,
755 5571 945 5635 sociis,
981 5569 1163 5639 qualia
1195 5585 1325 5641 erga
1362 5575 1540 5627 socios
1571 5573 1746 5637 socio,
1768 5575 2065 5628 convictori

490 5676 618 5729 erga
643 5662 1007 5729 convictores,
1047 5662 1227 5718 vicino
1270 5681 1398 5735 erga
1444 5666 1673 5730 vicinos,
1718 5668 1902 5720 (011ιίῑί
1940 5682 2067 5736 erga

404 5742 407 5745 “
490 5752 743 5818 comites,
785 5755 889 5807 civi
916 5769 1045 5823 erga
1082 5753 1382 5821 civitatem,
1422 5770 1683 5826 praeterea
1712 5771 1838 5827 erga
1874 5757 2062 5825 lientu,

2171 4849 2520 4921 προσήκοντα
2541 4848 2795 4909 ἑκάστοις
2816 4863 2831 4878 ο
2866 4846 3085 4914 γονεῦσι
3105 4848 3227 4915 μὲν,
3252 4848 3413 4901 ὁποῖα
3436 4845 3589 4900 παιδὶ
3617 4848 3755 4918 πρὸς

2168 4941 2364 5007 γονέας
2395 4939 2686 5010 προσήκει,
2744 4939 2899 4992 παιδὶ
2926 4939 2983 4992 δὲ
3007 4979 3023 5005 ,
3057 4941 3218 4992 ὁποῖα
3249 4939 3385 5006 πρὸς
3420 4940 3617 5002 παῖδας
3657 4955 3754 5005 γο-

2169 5032 2305 5095 νεῖς,
2333 5029 2566 5100 ἑτέροις,
2602 5031 2760 5083 ὁποῖα
2789 5016 2924 5099 πρὸς
2962 5031 3210 5099 ἑτέρους,
3249 5030 3472 5100 ὲεαίρῳ,
3509 5030 3754 5099 συσσίτῳ

2171 5123 2305 5190 προς
2337 5121 2611 5190 εταίρους,
2651 5121 2963 5187 συσσίτους,
3003 5122 3141 5194 πρὸς
3193 5122 3439 5191 γείτονας
3529 5122 3755 5189 γείτονι,

2173 5210 2383 5281 συνόδῳ
2436 5213 2571 5280 πρὸς
2640 5211 2915 5278 συνόδους,
2958 5213 3176 5282 πολίτῃ,
3211 5213 3349 5282 πρὸς
3396 5211 3641 5274 πολίτας,
3675 5209 3756 5263 ἔτι

2172 5317 2228 5351 τε
2258 5308 2393 5370 πρὸς
2426 5299 2583 5367 Θεὸν,
2637 5302 2797 5355 ὁποῖα
2827 5301 3145 5369 θεράποντι,
3190 5303 3285 5354 καὶ
3328 5301 3472 5372 ἔργῳ
3498 5300 3636 5371 πρὸς
3662 5301 3753 5352 δε-

2173 5393 2377 5462 σπότην
2409 5408 2468 5444 τε
2499 5394 2597 5446 καὶ
2623 5391 2966 5462 δημιουργόν
2993 5406 3009 5422 ·
3051 5389 3197 5445 οὕτω
3225 5391 3392 5446 ταῦτα
3445 5392 3756 5459 ἀποδιδοὺς,

2172 5484 2368 5536 ἑαυτοῦ
2396 5500 2456 5536 τε
2475 5482 2642 5536 σώσει
2668 5483 2830 5536 τοῦτο
2853 5483 2986 5536 αὐτὸ
3012 5483 3151 5553 ὅπερ
3185 5485 3301 5535 ἐστὶ
3336 5485 3471 5552 πρὸς
3500 5483 3757 5549 ἕκαστον,

2170 5573 2291 5643 Θεῴ
2313 5591 2374 5626 τε
2406 5573 2600 5644 ἕψεται
2703 5576 2965 5628 τέτακται
3011 5574 3166 5645 χώρᾳ
3212 5575 3451 5643 μάλιστα
3479 5570 3755 5643 ἐμμένων,

2175 5665 2381 5736 ἄριστά
2408 5683 2469 5718 τε
2494 5665 2628 5731 ἕξει,
2659 5667 2735 5729 ὡς
2773 5668 2838 5720 ἂν
2867 5668 2947 5736 τῷ
2998 5668 3208 5738 ἀρίστῳ
3236 5669 3525 5735 ἑπόμενος.
3556 5665 3653 5736 Εἴη
3693 5681 3756 5717 τε

2172 5758 2236 5809 ἂν
2268 5757 2605 5830 δικαιοσύνη,
2658 5759 2816 5814 τοῦτο
2883 5760 3072 5829 μόριον
3135 5760 3339 5831 ἀρετῆς
3365 5799 3381 5824 ,
3408 5758 3520 5825 ἕξις
3550 5757 3753 5828 ψυχῆς,
