4186 6290
532 366 641 429 869
1779 371 1880 431 DE
1916 372 2420 435 VIRTUTIBUS.
3694 382 3800 443 870

533 477 786 543 σώζουσα
834 491 889 531 το
953 479 1229 550 προσῆκον
1290 480 1439 548 αύτῷ
1491 482 1706 551 ἑκάστῳ
1763 484 1944 552 ἡμῶν,
1978 485 2112 554 ὅπερ

2220 484 2402 550 qualia
2442 499 2600 539 servo
2633 494 2688 539 ct
2721 486 2873 553 operi
2908 502 3036 556 erga
3067 485 3350 539 dominum
3402 496 3453 540 et
3502 486 3755 555 opificem

531 572 718 640 ἐσμὲν.
745 571 882 640 πρὸς
908 572 1157 628 ἕκαστον.
1205 574 1358 627 Ἐπεὶ
1404 574 1459 626 δὲ
1489 574 1611 627 καθ’
1635 576 1797 627 αὐτὸν
1823 577 2110 645 ἄνθρωπος

529 666 751 728 γέγονεν
782 663 882 715 οὐκ
914 664 1043 718 ἄλλο
1073 682 1124 716 τι
1161 664 1397 734 μάλιστα
1432 666 1462 734 ἢ
1498 666 1713 733 λογικόν
1743 685 1793 718 τι
1828 668 1988 732 ζῶον,
2021 670 2115 738 δῆ-

528 756 618 807 λον
637 755 701 824 δὴ
737 756 813 818 ὡς
844 757 1045 825 θεωρός
1083 774 1164 820 τις
1213 755 1436 828 οἷόνπερ
1476 761 1534 811 ἑν
1580 760 1914 828 πανηγύρει,
1977 761 2112 830 τῷδε

526 847 605 915 τῷ
636 848 801 899 παντὶ
830 848 1105 917 είσῆκται,
1159 850 1590 918 ἐπισκεψόμενος
1644 854 1723 913 εἰς
1756 852 1990 921 δύναμιν
2022 854 2114 905 καὶ

526 935 821 1005 θεωρήσων
879 936 932 989 τί
966 938 1025 989 τέ
1058 939 1177 989 ἑστι
1232 940 1340 991 τῶν
1381 939 1548 992 ὄντων
1583 940 1837 1007 ἕκαστον,
1904 940 2000 994 καὶ
2032 940 2110 1009 πῆ

528 1045 659 1082 ποτε
695 1032 832 1100 πρὶς
863 1029 1068 1095 ἄλληλα
1104 1031 1239 1099 ἔχει,
1283 1034 1377 1083 καὶ
1416 1033 1502 1085 διὰ
1534 1032 1586 1084 τί
1616 1032 1827 1087 ἕκαστα
1861 1034 2109 1102 γίγνεται

523 1119 634 1171 τῶν
662 1120 1021 1188 γιγνομὲνων.
1058 1119 1156 1189 Εἴη
1187 1136 1245 1172 τε
1281 1120 1346 1172 ἂν
1385 1123 1480 1173 καὶ
1517 1121 1674 1175 τοῦτο
1710 1124 1999 1192 φρόνησις,
2049 1124 2110 1176 τ’)

527 1211 712 1263 λοιπὸν
745 1210 839 1264 καὶ
863 1212 1194 1264 τελεώτατον
1245 1213 1435 1282 μόριον
1480 1216 1703 1283 ἀρετῆς,
1769 1216 1883 1280 ’ἐξις
1930 1216 2109 1285 ψυχῆς

528 1301 839 1371 θεωρητικὴ
884 1302 994 1354 τῶν
1019 1302 1213 1365 ὄντων,
1235 1298 1382 1376 ᾖπέρ
1414 1306 1562 1356 ἑστιν
1596 1305 1827 1359 ἕκαστα.
1862 1306 2013 1359 Εἴναί
2042 1323 2104 1359 τε

526 1393 758 1461 τέτταρα
787 1392 887 1461 μὲν
915 1393 982 1445 τὰ
1026 1393 1258 1462 μέγιστα
1318 1395 1485 1463 μόρια
1553 1395 1777 1463 ἀρετῆς.
1820 1397 2107 1465 σωφροσύ-

527 1502 644 1554 νην,
679 1485 920 1555 ἀνδρίαν,
956 1485 1332 1553 δικαιοσύνην.
1393 1486 1683 1555 φρόνησιν.
1718 1488 1942 1541 Τούτων
1976 1489 2019 1540 δ’
2042 1489 2109 1542 αὖ

529 1578 759 1629 ἑκάστου
788 1576 910 1648 τρία
945 1577 1112 1646 μόρια
1164 1577 1274 1629 δεῖν
1308 1574 1468 1641 εἶναι,
1500 1580 1718 1647 πρῶτον
1762 1576 1862 1645 μὲν
1898 1595 2118 1648 σωφρο-

530 1685 719 1737 συνης.

2225 577 2269 627 si
2298 575 2419 642 quis
2454 574 2674 642 inquam
2710 576 2822 629 haec
2856 576 2929 628 ita
2968 586 3216 643 pra-stet,
3240 583 3376 640 ;llllll
3432 576 3561 628 illud
3608 591 3797 628 secum

2225 681 2448 731 munus,
2481 682 2588 735 quo
2624 666 2925 735 unicuique
2952 667 3247 721 obstrictus
3277 676 3383 731 est,
3403 667 3660 730 tuebitur,
3684 676 3796 720 tum

2226 755 2390 809 Deum
2440 767 2719 825 sequetur,
2773 773 3129 826 perseverans
3193 760 3246 811 in
3307 772 3370 811 ea
3420 760 3656 813 statione
3688 772 3795 825 qua

2222 848 2452 901 collatus
2476 859 2582 913 est,
2604 857 2715 901 tum
2752 850 2804 901 in
2826 850 3030 917 optimo
3053 850 3151 902 erit
3185 858 3330 904 statu
3354 850 3497 903 vehit
3544 851 3589 903 is
3616 850 3708 917 qui
3744 849 3795 901 id

2218 940 2361 1005 Quod
2412 940 2675 1007 optimum
2712 952 2799 994 est
2864 940 3135 1007 sequitur.
3188 942 3301 995 Erit
3341 950 3519 995 autem
3558 956 3683 1007 pars
3733 956 3798 993 ea

2224 1032 2441 1085 virtutis
2468 1033 2708 1101 justitia,
2737 1049 2858 1102 qum
2892 1033 3111 1088 habitus
3143 1033 3311 1085 animi
3353 1044 3455 1096 est,
3486 1032 3538 1085 id
3573 1046 3799 1085 cense-r-

2222 1140 2356 1178 vans
2387 1124 2531 1193 quod
2560 1127 2814 1179 convenit
2854 1125 3151 1195 unicuique
3170 1125 3528 1189 nostrum,,in
3558 1138 3624 1177 eo
3652 1122 3797 1192 quod

2220 1229 2433 1281 smnus,
2470 1216 2736 1269 relatione
2773 1218 2837 1270 arl
2866 1215 3086 1283 quidvis
3120 1217 3291 1269 aliud.
3318 1216 3453 1269 Cum
3487 1224 3667 1268 autem
3702 1228 3800 1283 per

2220 1323 2279 1363 se
2311 1309 2474 1362 homo
2502 1324 2610 1363 non
2654 1309 2802 1364 aliud
2842 1309 2953 1363 fere
2981 1312 3053 1364 sit
3088 1325 3252 1379 quam
3284 1309 3486 1363 animal
3520 1308 3794 1379 quoddam

2220 1398 2449 1452 rationis
2469 1401 2761 1470 particeps,
2804 1402 3152 1469 perspicuum
3207 1409 3313 1465 est,
3354 1414 3478 1454 eum
3536 1408 3793 1467 tanquam

2220 1499 2583 1558 spectatorem
2624 1492 2916 1560 quemdam
2957 1493 3010 1543 in
3047 1492 3149 1545 hoc
3195 1492 3512 1546 universum
3545 1489 3693 1543 velut
3734 1488 3790 1540 in

2219 1582 2536 1635 celebritate
2571 1583 2943 1636 introductum
2971 1597 3111 1646 esse,
3148 1591 3206 1635 ut
3238 1580 3551 1635 consideret
3577 1587 3628 1632 et
3665 1594 3797 1632 cono

2220 1674 2512 1741 tompletur
2542 1689 2641 1742 pro
2677 1674 2852 1737 virili,
2885 1674 3146 1743 quidnam
3178 1673 3248 1727 sit
3276 1670 3711 1739 unumquidque,
3744 1676 3801 1722 et

528 1779 636 1833 quo
670 1777 824 1834 parto
867 1781 995 1837 erga
1020 1781 1077 1822 se
1102 1766 1333 1821 invicem
1366 1766 1477 1821 sint
1508 1764 1722 1830 aﬂ‘ecta,
1763 1773 1817 1819 et
1874 1778 2039 1834 quam
2094 1765 2164 1817 ob
2216 1779 2435 1818 causam
2466 1764 2679 1829 singula
2732 1783 2851 1836 qua:
2886 1769 3166 1833 eveniunt,
3218 1767 3491 1822 accidant.
3527 1765 3599 1820 Ea
3634 1776 3800 1833 porro

531 1863 817 1932 prudentia
877 1862 1041 1918 fuerit
1093 1863 1302 1931 reliqua
1361 1864 1579 1916 virtutis
1625 1877 1747 1931 pars
1786 1870 1841 1916 et
1889 1859 2312 1931 perfectissima,
2350 1875 2472 1927 qua:
2526 1870 2609 1914 est
2663 1862 2881 1916 habitus
2936 1863 3129 1926 animi,
3159 1864 3233 1916 ita
3282 1878 3369 1917 res
3414 1861 3795 1922 considerans,

529 1963 691 2025 prout
731 1971 962 2025 quaeque
1006 1965 1158 2011 sunt.
1210 1954 1465 2020 Quatuor
1508 1957 1692 2024 itaque
1755 1956 1974 2009 virtutis
2022 1955 2269 2008 maximze
2304 1964 2484 2020 partes
2530 1962 2657 2005 sunt
2710 1954 2998 2017 modestia,
3033 1954 3319 2018 fortitudo,
3357 1953 3585 2019 iustitia,
3662 1967 3794 2020 pru-

527 2051 726 2109 dentia.
774 2049 987 2104 Rursus
1026 2048 1461 2117 unimcujusque
1486 2048 1681 2101 harum
1718 2046 1985 2100 virtutum
2017 2054 2127 2098 tres
2183 2060 2303 2099 esse
2337 2054 2522 2113 partes
2572 2060 2794 2099 necesse
2828 2052 2933 2107 est,
2958 2061 3019 2100 ac
3048 2046 3278 2115 primam
3328 2045 3725 2114 temperantiae.

610 2145 762 2199 Ἐπεί
795 2144 911 2196 ἑστι
934 2142 1254 2213 σωφροσύνη
1287 2141 1587 2211 αὐτάρκεια
1608 2142 1717 2192 τῶν
1741 2140 1878 2209 πρδς
1898 2138 1990 2191 τὸν
2010 2138 2112 2208 βίοι

2299 2136 2567 2202 Quoniam
2598 2146 2778 2191 autem
2813 2138 3170 2206 temperantia
3227 2136 3280 2190 iu
3339 2137 3503 2190 rebus
3527 2137 3591 2189 ad
3619 2136 3788 2189 vitam

528 2237 863 2302 ἀναγκαίων,
885 2233 1051 2304 τριῶν
1079 2233 1135 2286 δὲ
1161 2233 1366 2286 τούτων
1394 2234 1532 2301 πρὸς
1575 2232 1667 2284 τὸν
1706 2230 1817 2301 βίον
1859 2231 2111 2299 δεόμεθα,

530 2328 753 2399 ἡδονῶν,
790 2328 1113 2397 χρημάτων,
1145 2326 1324 2395 δόξης·
1352 2326 1437 2394 ἐφ’
1459 2323 1675 2393 ἑκάστῳ
1697 2323 1900 2375 τούτων
1930 2323 2012 2392 εἴη
2048 2325 2113 2375 ἄν

530 2437 583 2472 τι
608 2419 795 2489 μόριον
818 2417 1188 2487 σωφροσύνης,
1205 2417 1472 2483 φυλάττον
1497 2416 1554 2467 τὸ
1575 2414 1845 2483 αὔταρκες
1866 2413 1956 2465 καὶ
1977 2415 2103 2483 χρήκ

534 2529 691 2580 σιμον
718 2511 970 2573 ἑκάστου,
987 2512 1077 2562 ἑπὶ
1102 2510 1198 2578 μὲν
1222 2509 1431 2579 ἡδοναῖς
1452 2510 1768 2576 κοσμιότης,
1793 2507 1883 2558 ἐπὶ
1900 2508 1956 2559 δὲ
1982 2508 2113 2575 χρή-

536 2619 698 2669 μασιν
728 2600 1125 2668 ἐλευθεριότης,
1152 2600 1242 2651 ἐπὶ
1262 2598 1316 2650 δὲ
1351 2597 1477 2669 δόξῃ
1507 2597 1819 2666 μετριότης.
1866 2595 2115 2664 Ἀνδρίας

531 2695 607 2757 δὲ,
632 2693 832 2763 ὁμοίως
853 2693 980 2762 τρία
1009 2692 1126 2745 ἐστὶ
1157 2693 1342 2761 μόρια.
1380 2692 1532 2742 Ἔπεὶ
1554 2692 1697 2742 ἑστιν
1728 2688 1963 2742 ἀπάθεια
2009 2688 2114 2741 ὑπο

531 2785 639 2837 τῶν
672 2785 812 2837 κατὰ
840 2787 931 2837 τὸν
957 2785 1071 2854 βίον
1098 2784 1289 2853 βιαίων
1317 2782 1680 2853 παθημάτων,
1720 2783 1927 2833 τούτων
1959 2780 2016 2832 δὲ
2040 2765 2112 2832 τί

537 2875 634 2943 μὲν
668 2874 819 2926 αὐτοί
861 2889 963 2925 που
1018 2871 1297 2925 ἑθελονταὶ
1328 2871 1696 2939 ύφιστά;ιεθα,
1737 2871 2005 2938 μειζόνων
2034 2871 2111 2922 εἴ·

533 2983 663 3018 νεκα
694 2966 935 3032 ἀγαθῶν,
976 2964 1051 3027 ὡς
1076 2966 1203 3018 ὅταν
1234 2966 1429 3027 πόνους
1456 2967 1484 3031 ἦ
1521 2963 1797 3026 κινδύνους
1826 2964 1859 3033 ἦ
1899 2980 1952 3015 τι
1982 2963 2113 3015 ἄλλο

534 3058 963 3128 προσαιρώμεθα.
991 3051 1065 3111 ὧν
1095 3059 1223 3111 ἄνευ
1262 3056 1337 3127 μὴ
1385 3052 1497 3109 οἷόν
1532 3074 1592 3109 τε
1630 3058 1717 3126 είη
1746 3057 1854 3109 τῶν
1879 3055 2113 3110 δεόντων

533 3168 627 3202 του
662 3152 843 3220 τυχεῖν
867 3164 885 3183 ·
947 3149 1015 3201 τὰ
1072 3148 1117 3199 δ’
1148 3147 1371 3201 ἑκούσια
1410 3149 1505 3200 καὶ
1545 3147 1607 3198 ού
1656 3148 2113 3217 προσδεχομένοις

534 3240 732 3293 ἔπεισι.
782 3240 1004 3291 Τούτων
1058 3255 1118 3290 τε
1173 3238 1242 3291 αὖ
1277 3238 1343 3290 τὰ
1378 3239 1497 3306 μὲν,
1531 3236 1606 3298 ὡς
1666 3237 1853 3298 ἁπλῶς
1910 3240 2108 3301 εἰπεῖν,

538 3333 691 3399 παρᾶ
713 3332 807 3384 τοῦ
855 3332 1003 3385 θείου
1036 3349 1116 3393 τε,
1144 3333 1239 3383 καὶ
1262 3334 1319 3382 τό
1357 3331 1477 3382 ὅλον
1506 3328 1665 3381 τοῦτο
1711 3329 2111 3391 διατάττοντος,

532 3420 750 3495 οἷαίπερ
790 3425 844 3476 αί
902 3424 1235 3494 καλούμεναι
1296 3421 1571 3491 ξυμφοραί
1600 3436 1616 3452 ⁶
1668 3422 1734 3473 τὰ
1777 3420 1820 3472 δ’
1863 3414 1929 3471 αὖ
1986 3420 2115 3489 παρ’

533 3516 855 3584 ἀνθρώπων,
883 3510 1104 3584 οἷαίπερ
1130 3516 1184 3567 αἱ
1225 3514 1353 3585 παρ’
1392 3516 1548 3566 ἐνίων
1581 3513 1717 3581 πρὸς
1744 3513 1893 3581 ἡμᾶς
1923 3512 2115 3564 δυσκο-

532 3607 643 3657 λίαι
676 3624 732 3658 τε
765 3608 860 3659 καὶ
892 3609 1228 3677 δυσχέρειαι,
1267 3608 1316 3657 εί
1363 3606 1467 3658 κᾶν
1500 3606 1594 3658 καὶ
1624 3604 1710 3674 ἐφ’
1750 3604 1966 3675 ἑκάστῳ
1990 3604 2115 3656 τού-

531 3714 639 3750 των
667 3699 801 3750 ἴδιόν
832 3717 881 3751 τι
924 3699 1114 3767 μόριον
1146 3697 1371 3767 ἀνδρίας
1416 3697 1591 3759 σῶζον
1621 3696 1681 3748 τὸ
1729 3697 1986 3765 ἀκίνητον
2022 3696 2117 3747 καὶ

532 3788 744 3850 ἀπαθὲς
769 3788 872 3839 ὑπὸ
919 3787 1027 3839 τῶν
1058 3786 1319 3856 χειρόνων
1352 3786 1620 3849 ἑκάστων,
1673 3787 1995 3855 γενναιότης
2017 3786 2116 3855 μὲν

533 3875 625 3925 ἐπὶ
654 3876 764 3936 τοῖς
792 3875 1050 3944 αίρετοῖς,
1086 3877 1177 3927 ἐπὶ
1201 3874 1257 3927 δὲ
1282 3877 1391 3937 τοῖς
1424 3876 1700 3939 ἑκουσίοις
1756 3876 1963 3945 ἀψυχία
2017 3876 2116 3945 μὲν

532 3968 621 4018 ἑπ¹ι
646 3970 759 4029 τοῖς
789 3967 940 4036 παρὰ
970 3966 1062 4019 τοῦ
1096 3967 1239 4020 θείου
1266 4008 1280 4031 ,
1323 3968 1568 4036 πραότης
1622 3969 1678 4021 δὲ
1718 3969 1812 4023 ἐπὶ
1835 3970 1948 4030 τοῖς
1983 3968 2115 4035 παρ’

534 4055 854 4124 ἀνθρώπων.
892 4055 1216 4124 Δικαιοσύνη
1249 4055 1304 4106 δὲ
1329 4056 1451 4107 ἑπεί
1490 4058 1606 4107 ἑστι
1634 4058 1878 4124 σωτηρία
1913 4057 2117 4125 ὁμοίων

535 4148 726 4198 τούτου
750 4146 938 4211 αὑτοῦ,
968 4141 1346 4218 οὒπέρηὲσμεν
1374 4148 1509 4217 πρὸς
1533 4147 1569 4201 ἃ
1595 4149 1845 4212 ἕκαστον,
1874 4149 2039 4218 ἑσμὲν
2060 4148 2114 4200 δὲ

533 4239 596 4308 δὴ
627 4238 760 4291 Θεοῦ
802 4238 899 4309 μὲν
926 4238 1063 4308 ἔργα
1116 4256 1174 4291 τε
1235 4241 1329 4292 καὶ
1366 4241 1649 4309 κτήματα,
1707 4240 2021 4310 ἀνθρώποις
2055 4239 2112 4293 δὲ

534 4330 812 4396 ξυγγενεῖς
833 4346 935 4382 που
952 4334 1108 4394 πᾶσι,
1142 4329 1244 4383 κᾶν
1272 4330 1406 4399 πρὸς
1438 4331 1629 4394 ἄλλους
1649 4330 1822 4394 ἄλλως
1846 4348 1960 4392 πως
1983 4331 2117 4401 ἔχω-

538 4439 656 4490 μεν,
715 4422 802 4488 εἴη
835 4423 900 4474 ἂν
930 4425 1023 4473 καὶ
1073 4421 1247 4489 αὐτῆς
1276 4423 1495 4489 ὁσιότης
1556 4422 1655 4489 μὲν
1704 4424 1798 4474 ἑπ)⁸
1828 4424 1939 4483 τοῖς
1976 4424 2115 4491 πρὸς

2227 2230 2554 2284 necessariis
2585 2239 2760 2284 status
2784 2241 2867 2285 est
2896 2232 3075 2300 scipso
3120 2238 3433 2291 contentus,
3490 2229 3663 2281 tribus
3694 2244 3794 2279 au-

2225 2333 2329 2375 tem
2377 2323 2460 2377 his
2494 2325 2557 2375 ad
2591 2323 2754 2376 vitam
2808 2322 3108 2393 degendam
3145 2336 3389 2390 egemus,
3420 2320 3793 2389 voluptatibus

2221 2414 2497 2474 nimirum,
2533 2414 2700 2481 gloria
2737 2423 2792 2467 et
2825 2413 3080 2482 pecunia,
3111 2414 3164 2466 in
3201 2427 3525 2480 unaquaque
3595 2413 3791 2463 barum

2220 2521 2399 2558 rermn
2455 2505 2770 2559 necessario
2835 2514 3090 2559 versatur
3159 2506 3338 2572 aliqua
3418 2500 3792 2570 temperantiae

2222 2613 2367 2666 pars.
2439 2612 2559 2667 qtae
2618 2605 2836 2652 tueatur
2871 2597 2919 2649 id
2954 2597 3100 2667 quod
3160 2597 3290 2649 satis
3332 2596 3427 2655 sit.
3458 2605 3512 2647 et
3537 2594 3585 2646 id
3642 2593 3788 2659 quod

2220 2686 2353 2740 utile
2400 2686 2455 2738 in
2506 2701 2832 2755 unaquaque
2892 2700 2966 2738 re.
3025 2684 3182 2738 Acin
3217 2682 3586 2750 voluptatibus
3614 2681 3794 2733 nomi-

2218 2786 2378 2829 netur
2428 2778 2714 2838 modestia.
2765 2778 2819 2829 in
2879 2778 3107 2845 pecunia
3160 2770 3478 2836 liberalit'as,
3542 2774 3594 2825 in
3618 2772 3791 2837 gloria

2216 2868 2586 2921 mediocritas.
2654 2867 3013 2921 Fortitudinis
3100 2867 3224 2919 item
3287 2874 3465 2933 partes
3498 2871 3791 2915 sunttres.

2214 2956 2349 3010 Nam
2408 2974 2530 3013 cum
2564 2958 2654 3011 illa
2711 2959 3086 3027 tranquillitas
3122 2958 3366 3025 quamam
3398 2955 3492 3015 sit,
3522 2968 3641 3023 quas
3666 2952 3795 3005 vitae

2216 3050 2435 3104 casibus
2466 3049 2719 3104 violentis
2753 3065 2858 3102 non
2913 3058 3312 3111 commovetur,
3368 3060 3559 3098 eorum
3609 3052 3791 3096 autem

2219 3158 2447 3196 casuum
2522 3142 2661 3195 alios
2741 3141 2845 3211 ipsi
2934 3140 3083 3194 ultro
3144 3138 3394 3193 subimus
3468 3136 3521 3190 in
3580 3135 3789 3204 appeti-

2220 3232 2366 3285 tione
2453 3233 2719 3299 majorum
2779 3232 3071 3292 bonorum,
3133 3229 3295 3284 veluti
3360 3242 3482 3283 cum
3545 3228 3781 3287 labores,

2218 3334 2309 3377 aut
2370 3323 2647 3393 pericula,
2726 3336 2821 3376 aut
2871 3322 3018 3376 aliud
3079 3321 3357 3390 quidpiam
3429 3319 3786 3386 suscipimus,

2216 3416 2334 3469 sine
2384 3416 2581 3484 quibus
2636 3413 2896 3480 consequi
2959 3427 3068 3465 non
3117 3411 3242 3465 licet
3275 3425 3336 3464 ea
3368 3424 3490 3479 quze
3566 3409 3788 3462 deside-

2220 3522 2426 3569 ramus,
2481 3505 2567 3559 alii
2622 3518 2748 3559 vero
2807 3518 2964 3558 casus
3029 3517 3134 3556 non
3195 3500 3489 3557 voluntarii
3552 3508 3675 3553 sunt
3736 3509 3791 3553 ct

2221 3598 2362 3651 ultra
2418 3597 2582 3650 etiam
2660 3611 2765 3649 non
2806 3593 3267 3665 exspectantibus,
3339 3592 3793 3654 olleruntur,eo-

2219 3707 2448 3762 rtnnqne
2505 3693 2585 3761 (ut
2656 3693 2890 3744 breviter
2965 3686 3169 3757 dicam)
3228 3686 3318 3740 alii
3355 3702 3382 3739 a
3453 3686 3677 3738 numine
3739 3691 3796 3736 et

2218 3786 2585 3855 gubernatore
2662 3782 2827 3850 hujus
2900 3780 3138 3835 universi
3209 3778 3538 3845 dependent,
3600 3777 3791 3846 cujus-

2220 3877 2363 3929 modi
2455 3881 2585 3929 sunt
2649 3889 2725 3927 ea:
2808 3887 2931 3943 qua:
3004 3871 3346 3924 calamitates
3422 3872 3796 3929 nominantur,

2219 3970 2309 4021 alii
2342 3967 2409 4020 ab
2448 3965 2784 4027 hominibus,
2818 3964 2980 4018 veluti
3041 3961 3540 4025 suntoﬂ‘ensioncs,
3578 3969 3630 4014 ct
3679 3975 3795 4012 mo-

2219 4059 2408 4121 lestiat,
2467 4072 2602 4126 quas
2651 4056 2817 4125 aliqui
2872 4056 3028 4109 nobis
3066 4053 3348 4117 exhibent,
3382 4054 3489 4106 erit
3537 4051 3700 4105 etiam
3740 4051 3793 4103 in

2220 4164 2557 4220 unoquoque
2579 4150 2771 4201 borum
2807 4147 3091 4218 peculiaris
3126 4144 3462 4199 fortitudinis
3490 4159 3639 4213 pars,
3671 4158 3792 4213 qua:

2221 4242 2274 4297 id
2306 4251 2555 4312 praestet,
2587 4240 2793 4308 nequis
2849 4248 3130 4294 moveatur
3161 4254 3189 4292 a
3226 4243 3390 4293 rebus
3422 4238 3692 4299 adversis,
3740 4244 3793 4289 et

2221 4333 2589 4403 perturbetur.
2638 4333 2715 4386 Ac
2763 4330 3100 4398 generositas
3132 4329 3351 4397 quidem
3387 4330 3687 4391 etiiducia,
3739 4328 3793 4380 in

2223 4428 2289 4479 iis
2325 4440 2451 4493 qua:
2498 4424 2671 4478 nostri
2732 4424 2947 4477 arbitrii
2997 4431 3148 4484 sunt,
3176 4423 3229 4474 in
3290 4436 3394 4473 non
3468 4420 3796 4474 voluntariis

533 4514 592 4563 τὸ
621 4514 780 4575 θεῖον,
819 4515 912 4567 ἐπὶ
950 4514 1002 4566 vt
1041 4517 1155 4573 τοῖς
1196 4514 1332 4583 πρὸς
1385 4514 1705 4583 ἀνθρώπους
1738 4514 1987 4567 πολιτεία
2015 4514 2112 4583 μὲν

2219 4526 2435 4579 autem,
2468 4513 2794 4575 constantia,
2830 4513 2881 4565 in
2947 4512 3015 4566 iis
3035 4526 3158 4581 quae
3186 4510 3450 4564 divinitus
3485 4509 3741 4561 accidunt
3773 4526 3789 4571 ;

534 4608 667 4673 πρὸς
696 4606 763 4658 τὰ
815 4606 992 4670 κοινὰ,
1028 4608 1333 4676 χρηστότης
1365 4605 1409 4657 δ’
1448 4604 1515 4659 αὖ
1572 4606 1708 4674 πρὶς
1736 4607 1803 4657 τὰ
1842 4606 2111 4658 ἰδιωτικὰ.

533 4695 800 4763 Φρόνησις
821 4695 875 4747 δὲ
910 4697 943 4763 ἡ
985 4697 1085 4764 μὲν
1129 4695 1257 4762 περὶ
1308 4695 1377 4747 τὰ
1406 4694 1527 4746 θεῖά
1556 4710 1616 4746 τε
1648 4697 1744 4745 καὶ
1773 4696 1859 4747 ἀεὶ
1891 4694 2042 4759 ὄντα,
2077 4697 2109 4764 ἡ

534 4785 588 4836 δὲ
623 4788 749 4856 περὶ
774 4786 935 4852 φύσιν
958 4804 1015 4839 τε
1049 4789 1143 4838 καὶ
1177 4787 1247 4838 τὰ
1277 4787 1557 4853 γινόμενα,
1586 4787 1618 4853 ἡ
1652 4786 1708 4837 δὲ
1740 4788 1869 4854 περὶ
1894 4788 1961 4839 τὰ
1980 4788 2113 4855 ἡμέ-

533 4880 669 4945 τερά
690 4895 747 4928 τε
783 4880 877 4929 καὶ
925 4878 1264 4949 ἀνθρώπεια.
1292 4877 1443 4929 ”Ωστ’
1493 4878 1580 4945 εἴη
1615 4879 1680 4928 ἂν
1734 4878 1828 4928 καὶ
1876 4878 2047 4944 αὐτῆς
2081 4881 2113 4947 ἡ

537 4972 633 5036 μὲν
660 4973 788 5039 περὶ
837 4969 1008 5023 ταῦτα
1056 4970 1119 5039 δὴ
1162 4970 1228 5022 τὰ
1283 4968 1619 5039 ἀνθρώπεια,
1678 4968 1954 5034 εὐϐουλία,
1991 4973 2022 5041 ἡ
2057 4972 2113 5022 δὲ

534 5061 664 5129 περὶ
697 5060 880 5127 φύσιν,
924 5062 1163 5129 φυσική·
1220 5063 1253 5129 ἡ
1292 5060 1336 5111 δ’
1384 5060 1450 5111 αὖ
1482 5063 1608 5128 περὶ
1659 5063 1727 5114 τὰ
1762 5061 1901 5124 θεῖα,
1928 5061 2113 5113 Θεοσέ-

535 5152 677 5204 ὅεια.
712 5153 775 5203 Ai.
813 5153 911 5218 μὲν
946 5152 1010 5221 δὴ
1037 5152 1146 5203 τῶν
1173 5154 1384 5221 ἀρετῶν
1412 5154 1547 5205 ἰδέαι
1575 5148 1759 5215 αὗται,
1800 5157 1892 5206 καὶ
1922 5154 2118 5206 τοσαῦ-

538 5261 661 5296 ται·
688 5244 803 5295 ἐνὸν
855 5246 953 5314 μὲν
1008 5246 1099 5297 καὶ
1135 5249 1213 5307 εἰς
1244 5246 1416 5299 πλείω
1468 5265 1525 5299 τε
1565 5251 1658 5299 καὶ
1694 5248 1760 5299 τὰ
1815 5248 2115 5315 μικρότερα

535 5335 748 5393 διελεῖν,
787 5336 1043 5403 ἀποχρῶν
1069 5336 1111 5387 δ’
1141 5336 1269 5399 ἴσως
1297 5339 1388 5389 καὶ
1413 5339 1541 5406 ἄχρι
1563 5339 1858 5391 τοσούτων.
1892 5339 2113 5390 Τούτων

536 5424 591 5476 δὲ
617 5427 759 5494 ἀρχὴ
799 5427 897 5495 μὲν
940 5428 1175 5494 μάλιστα
1211 5432 1328 5489 ταῖς
1380 5430 1565 5490 ἄλλαις
1603 5427 1834 5496 ὅθενπερ
1866 5430 2115 5498 ἀρξάμε-

537 5532 645 5577 νος,
678 5519 771 5569 καὶ
798 5518 903 5567 τῶν
937 5517 1138 5571 λοιπῶν
1174 5520 1411 5585 ἑκάστην
1469 5521 1598 5588 ῥᾷον
1632 5521 1881 5587 κτήσαιτ’
1914 5522 1977 5573 ἄν
2014 5537 2113 5583 τις,

535 5607 568 5675 ἦ
592 5624 653 5674 γε
688 5612 981 5678 κοσμιότης
1013 5611 1097 5677 εἴη
1117 5612 1200 5665 ἄν,
1229 5612 1347 5661 Τῶν
1380 5613 1488 5679 γάρ
1513 5627 1614 5661 που
1635 5611 1863 5679 ἡδονῶν,
1892 5612 1945 5661 οἳ
1971 5612 2117 5681 πρῶ.

535 5719 626 5754 τον
676 5704 828 5772 ἡμῶν
863 5708 953 5756 καὶ
986 5707 1046 5756 ἐκ
1076 5708 1195 5756 νέου
1241 5704 1590 5771 τυραννοῦσι,
1632 5707 1870 5773 μάλιστα
1913 5707 2119 5774 ἐπιχειε-

536 5796 622 5862 ρξῖ
654 5797 874 5864 κρατεῖν
909 5794 1044 5865 αὕτη
1078 5797 1322 5868 ἡάρετὴ,
1352 5795 1634 5866 διελομένη
1673 5795 1767 5857 τὰς
1800 5796 1897 5863 μὲν
1948 5797 2114 5863 ἀναγ-

2223 4607 2540 4668 clementia,
2571 4607 2624 4658 in
2675 4606 2742 4659 iis
2767 4619 2886 4671 quae
2944 4604 3012 4656 ab
3084 4602 3399 4656 hominibus
3456 4601 3792 4656 oin-runtur.

2216 4699 2447 4752 Justitia:
2492 4712 2655 4764 porro
2690 4697 2879 4751 eadem
2916 4696 3053 4749 ratio
3094 4702 3196 4759 est,
3257 4709 3376 4759 qua:
3419 4694 3795 4747 conservatrix

2216 4805 2297 4845 cst
2350 4792 2469 4859 ejus
2550 4789 2722 4844 nostri
2795 4789 3037 4843 muneris
3109 4802 3218 4855 quo
3294 4801 3417 4841 cum
3468 4798 3797 4853 unoquoque

2222 4897 2609 4951 comparamur
2641 4882 3046 4950 (comparamur
3094 4886 3274 4933 autem
3332 4892 3454 4932 cum
3514 4876 3642 4938 Deo,
3672 4885 3794 4927 tan-

2222 4988 2383 5038 quam
2415 4987 2579 5041 opera
2617 4970 2734 5039 ejus
2775 4980 2824 5024 et
2855 4972 3255 5039 possessiones,
3289 4986 3412 5023 cum
3475 4968 3790 5023 holuiuihns

2219 5077 2423 5130 autem,
2465 5067 2606 5119 sicut
2663 5064 2879 5132 cegnati
2909 5065 3082 5119 simus
3122 5062 3402 5125 omnibus,
3445 5064 3659 5119 tametsi
3687 5063 3792 5116 alia

2221 5158 2392 5211 nostri
2447 5171 2576 5225 erga
2616 5156 2754 5209 alios
2818 5157 2957 5207 ratio
3023 5155 3137 5223 sit).
3173 5155 3290 5208 Erit
3346 5156 3506 5221 igitur
3571 5169 3633 5214 ea
3672 5169 3796 5205 san-

2218 5249 2376 5303 ctitas
2405 5247 2456 5299 itt
2491 5250 2654 5301 rebus
2685 5246 2927 5311 divinis;
2974 5246 3026 5299 in
3064 5248 3317 5301 humanis
3353 5248 3676 5316 respublica,
3714 5262 3798 5297 ra-

2221 5340 2371 5393 tione
2398 5339 2635 5393 civitatis
2662 5356 2676 5405 ;
2705 5339 2921 5392 bonitas
2954 5350 3155 5403 autem,
3180 5342 3432 5409 respecm
3462 5343 3793 5409 privatorum

2220 5432 2526 5484 hominum.
2577 5430 2696 5483 Jam
2732 5430 3019 5498 prudentia
3054 5432 3157 5484 alia
3192 5440 3440 5485 versatur
3497 5431 3548 5482 in
3587 5430 3783 5481 divinis

2219 5532 2272 5575 ct
2304 5520 2607 5590 perpetuis,
2641 5523 2746 5574 alia
2788 5522 2839 5572 in
2875 5531 3068 5573 natura
3100 5530 3152 5572 et
3192 5521 3257 5573 iis
3309 5535 3429 5587 quae
3461 5524 3789 5579 nascuntur,

2221 5615 2322 5665 alia
2390 5613 2443 5664 in
2503 5600 2907 5665 rebus'nostris
2936 5622 2991 5662 et
3041 5611 3295 5662 humanis
3326 5624 3340 5670 ;
3376 5607 3599 5673 proinde
3627 5606 3790 5659 etiam

2221 5705 2338 5771 ejus
2380 5704 2543 5757 fuerit
2598 5718 2659 5756 ca
2692 5718 2834 5771 pars,
2880 5718 2996 5771 qua)
3023 5702 3185 5755 rebus
3244 5701 3497 5754 humanis
3562 5714 3799 5770 occupa-

2223 5807 2308 5850 tur
2360 5796 2570 5851 consilii
2622 5795 2867 5863 C'Ipit'titli
2927 5794 3170 5857 solertia,
3249 5808 3369 5854 qua:
3410 5809 3539 5846 vero
3591 5803 3795 5845 natura:
