4186 6290
489 347 594 411 8⁷⁷1

1701 340 2024 400 CEOllGll
2075 335 2502 394 PIETHONIS

3645 323 3752 386 872

489 458 879 514 «.~bscuritatcm
946 463 1161 516 tractat,
1242 454 1506 508 naturalis
1581 453 1885 520 sapientia;
1959 464 2058 518 qua

2184 446 2338 506 καῖας
2375 444 2576 507 αὐτῶν,
2609 442 2704 505 τὰς
2768 443 2821 494 δὲ
2868 442 2973 510 μὴ’
3027 441 3118 492 καὶ
3161 439 3268 491 τῶν
3310 436 3385 506 μὴ
3434 435 3754 501 ἀναγκαίων

493 559 673 604 autem
746 547 932 601 divina
1010 547 1413 615 contemplatur
1487 547 1682 614 pietas.
1735 545 1814 597 Ac
1896 543 2068 595 virtu-

488 648 608 691 tum
687 636 902 704 quidem
965 643 1046 688 bro
1122 643 1177 690 et
1231 645 1309 689 tot
1385 643 1514 689 sunt
1573 633 1782 697 formae,
1868 641 1929 686 ut
1975 647 2070 686 eas

493 725 659 778 dividi
715 737 812 792 par
851 731 962 777 est.
1035 723 1294 789 Quamvis
1352 726 1496 780 enim
1558 725 1610 778 iu
1670 725 1854 793 plures
1905 723 2063 783 liceat

492 814 730 866 tribuere
777 814 1006 881 species,
1041 823 1096 868 et
1150 815 1416 869 minutius
1451 814 1727 884 persequi,
1798 823 1979 866 tamen
2014 822 2069 865 ct

495 905 596 957 hac
628 905 920 972 partitione
988 907 1230 959 contenti
1263 921 1387 960 esse
1427 920 1744 975 possumus.
1771 903 1914 955 Inter
1965 902 2064 954 bas

495 1002 674 1045 autem
740 995 971 1048 virtutes
1024 995 1393 1062 principatum
1448 995 1970 1052 obtinetmodestia,
2031 1006 2061 1043 a

495 1095 601 1145 qua
663 1081 705 1132 si
761 1083 1032 1150 quispiam
1087 1085 1431 1148 auspicetur,
1509 1085 1674 1136 etiam
1727 1081 2062 1148 reliquarum

493 1171 736 1237 singulas
771 1186 963 1239 parare
989 1172 1088 1225 sibi
1119 1179 1279 1238 queat
1307 1172 1704 1240 voluptatibus,
1771 1173 1919 1223 enim
1956 1173 2066 1239 pri-

495 1277 642 1312 mum
670 1265 720 1313 in
748 1278 870 1323 nos,
926 1271 979 1315 et
1013 1264 1064 1317 in
1099 1255 1461 1318 adolescentia
1545 1263 1918 1332 potissimum.
1977 1271 2059 1332 ty-

491 1351 775 1403 rannidem
802 1361 1076 1417 exercent,
1132 1354 1368 1406 instituit
1405 1353 1676 1420 imperare
1713 1351 1831 1406 haec
1860 1352 2059 1412 virtus,

492 1451 546 1495 et
585 1457 676 1496 eas
746 1442 818 1496 ita
869 1444 1142 1512 distinguit
1191 1455 1244 1498 et
1302 1445 1497 1512 partim
1533 1444 1645 1498 sint
1697 1443 2058 1502 necessariae,

493 1533 690 1600 partim
749 1549 1192 1602 supervacanem,
1253 1550 1314 1587 ac
1342 1550 1536 1588 rursus
1575 1549 1681 1586 non
1723 1533 2062 1587 necessarias

493 1622 1012 1692 quasdam'partitur
1051 1623 1103 1676 in
1133 1623 1344 1690 legibus
1367 1624 1706 1686 contrarias,
1740 1633 1795 1675 et
1840 1623 2062 1689 nequis-

490 1713 660 1765 simas
703 1723 757 1767 et
815 1714 1024 1767 homini
1077 1715 1301 1768 minime
1358 1723 1744 1782 congruentes,
1830 1725 1884 1766 et
1960 1713 2057 1766 bas

491 1821 714 1875 proasus
748 1805 996 1873 repudiat
1051 1813 1104 1860 et
1141 1815 1348 1859 resecat
1373 1804 1710 1868 abomnino,
1741 1814 1921 1870 neque
1976 1805 2058 1871 ip-
2092 1793 2131 1848 Β

491 1913 584 1950 sas
630 1896 831 1960 solum,
863 1895 956 1948 sed
995 1905 1048 1949 et
1084 1907 1270 1948 carum
1328 1895 1709 1964 appetitiones,
1769 1909 1862 1948 eas
1927 1910 2056 1948 vero

487 2002 611 2056 qua!
651 1987 716 2039 ad
750 1986 915 2039 vitam
944 1989 1262 2040 necessaria:
1289 1994 1437 2049 sunt,
1491 1993 1607 2038 tum
1648 1985 1913 2055 cujusque
1945 1987 2058 2055 pri-

492 2086 695 2138 vatam,
731 2087 843 2129 tum
899 2076 1174 2146 publicam
1208 2077 1577 2146 amplectitur,
1606 2091 1699 2130 eas
1723 2085 1903 2130 autem
1937 2092 2058 2144 qua:

491 2181 615 2218 cum
643 2171 956 2220 necessaria.-
982 2181 1087 2220 non
1128 2167 1240 2223 sint
1271 2181 1376 2220 non
1405 2173 1587 2220 tamen
1615 2165 1877 2234 improbae
1907 2176 2053 2230 sunt,

493 2257 1094 2326 negligi’t,cnpiditatcs
1145 2267 1322 2311 autem
1357 2272 1546 2312 earum
1618 2257 1836 2326 penitus
1909 2271 2057 2310 rese-

495 2361 606 2412 cat,
643 2359 697 2401 ut
727 2350 974 2404 videlicet
999 2350 1272 2420 quispiam
1305 2350 1414 2404 ulla
1447 2363 1504 2402 re
1551 2356 1730 2418 egeat,
1788 2360 2052 2417 quantmn

486 2438 604 2491 fieri
650 2447 850 2504 potest,
914 2440 1010 2493 sed
1066 2449 1209 2495 statu
1293 2439 1439 2493 nulla
1492 2453 1550 2494 re
1615 2442 2059 2509 cgeut‘egaudezit

492 2529 683 2597 magis,
757 2544 919 2597 quam
966 2531 1102 2599 ipsis
1143 2532 1388 2599 corporis
1438 2530 1824 2599 voluptatibus.
1856 2530 2054 2584 Statim

487 2618 654 2686 igitur
703 2621 873 2673 virtus
933 2621 1022 2673 illa
1073 2636 1102 2674 a
1154 2622 1341 2676 bcsuis
1389 2628 1444 2674 et
1471 2621 1635 2675 rebus
1691 2621 2056 2675 deterioribus

485 2724 587 2762 nos
644 2725 899 2777 separate
941 2711 1154 2780 incipit,
1206 2727 1330 2780 qua!
1371 2713 1642 2766 suavitate
1703 2721 1754 2766 el
1781 2727 1846 2765 eo
1902 2711 2048 2780 quod

486 2814 654 2853 suave
693 2816 798 2852 non
830 2811 933 2863 est,
967 2802 1268 2855 metiuntur
1295 2801 1345 2855 id
1372 2801 1517 2871 quod
1567 2802 1929 2870 expetendum
1961 2805 2054 2870 sit,

485 2889 696 2955 etquod
722 2887 1060 2956 fugiendum.
1083 2888 1218 2942 Cum
1235 2897 1416 2942 autent
1447 2890 1642 2943 habeat
1670 2892 2052 2958 cognationem

483 2997 612 3050 erga
643 2983 1022 3051 praestantiora
1080 2997 1301 3051 genera,
1337 2991 1450 3036 tum
1511 2983 1650 3053 ipsis
1684 2984 2053 3054 voluptatibus

483 3072 729 3125 ordinem
776 3083 828 3124 et
861 3080 1112 3125 ornatum
1156 3072 1407 3140 imponit,
1439 3080 1549 3125 tum
1578 3073 1867 3140 expeditos
1921 3075 2048 3128 red—

484 3164 566 3216 dit
596 3170 650 3216 et
671 3161 816 3215 leves
846 3172 1060 3232 propter
1089 3162 1332 3217 animum
1366 3177 1463 3218 sua
1515 3173 1660 3218 sorte
1715 3170 2053 3220 contentum.

483 3255 656 3322 Atque
683 3253 797 3308 hac
820 3253 1039 3321 quidem
1091 3252 1354 3308 modestia
1398 3252 1732 3323 reliquarum
1789 3255 2050 3309 virtutum

482 3345 644 3399 veluti
673 3346 993 3416 principium
1024 3343 1298 3414 quoddam
1337 3354 1441 3410 est,
1487 3361 1613 3400 nam
1647 3356 1872 3402 caeteras
1913 3363 2047 3416 quo-

481 3439 988 3506 quetemperantia:
1017 3449 1198 3508 partes
1235 3438 1520 3492 universas
1569 3448 1830 3507 praeterea
1879 3449 1932 3494 et
1990 3441 2322 3500 fortitudinis
2379 3459 2432 3502 et
2489 3452 2713 3521 iustitiae
2774 3467 2827 3512 et
2871 3461 3170 3529 prudentia:
3233 3465 3471 3538 facilius,

2174 535 2240 591 αὖ
2273 538 2439 600 ἐνίας,
2477 536 2817 605 παρανόμους
2835 550 2916 595 τε,
2945 534 3039 586 καὶ
3066 531 3504 602 μοχθηρότητας,
3529 533 3622 581 καὶ
3648 531 3754 582 οὐκ

2170 631 2445 701 ἀνθρώπῳ
2507 628 2847 696 πρεπούσας,
2893 627 2987 678 καὶ
3033 625 3238 686 ταύτας
3273 624 3369 692 μὲι)
3399 626 3748 676 παντάπασιν

2170 724 2508 792 ἀπωσαμένη
2561 740 2619 775 τε
2676 723 2770 774 καὶ
2799 720 3084 787 ὲκκόψασα
3120 717 3221 788 τῆς
3251 718 3454 787 ψυχῆς,
3484 720 3652 779 αὑτάς
3687 732 3748 767 τε

2168 819 2264 869 καὶ
2315 815 2614 883 ἐπιθυμίας
2666 813 2880 866 αὐτῶν
2913 813 3016 875 τὰς
3047 811 3091 864 δ’
3128 812 3433 880 ἀναγκαίας
3470 809 3607 880 προς
3654 809 3748 860 τὶν

2171 904 2282 971 βίον
2315 903 2406 955 τόν
2432 919 2489 954 τε
2520 901 2650 954 ῐδιον
2681 900 2912 954 ἑκάστου
2945 901 3152 954 καὶτὸν
3202 901 3384 954 κοινὸν
3413 916 3745 969 προσαιρου-

2173 995 2333 1063 μένη,
2365 992 2473 1047 τῶν
2518 993 2575 1046 δέ
2609 1009 2674 1061 γε
2711 992 2786 1061 μὴ
2825 993 3142 1060 ἀναγκαίων
3183 993 3302 1061 μὲν,
3337 992 3397 1045 οὗ
3449 990 3743 1060 μοχθηρῶν

2167 1086 2247 1151 δὲ,
2273 1084 2458 1140 αὐτῶν
2492 1085 2592 1154 μὲν
2620 1084 2982 1154 ὀλιγωροῦσα,
3007 1086 3105 1148 τὰς
3140 1084 3184 1137 δ’
3219 1084 3513 1154 ἐπιθυμίας
3538 1085 3745 1139 παντά-

2168 1191 2335 1228 πασιν
2356 1175 2700 1229 ἐκκόπτουσα
2721 1192 2736 1207 ⁸
2767 1177 2854 1230 ἵνα
2889 1177 2955 1248 δὴ
2978 1180 3054 1240 εἰς
3080 1179 3310 1246 δύναμιν
3346 1177 3633 1248 ἀνεπιδεής
3661 1196 3744 1243 τις

2163 1261 2220 1336 ᾖ,
2275 1267 2342 1335 τῇ
2373 1266 2677 1336 αὐταρκείᾳ
2727 1267 2935 1336 χαίρων
2977 1268 3178 1336 μᾶλλον
3209 1269 3243 1338 ἢ
3284 1268 3475 1330 αὑταῖς
3505 1271 3624 1328 ταῖς
3653 1267 3746 1321 διά

2163 1356 2258 1407 τοῦ
2331 1356 2586 1426 σώματος
2659 1355 2892 1427 ἡδοναῖς.
2962 1359 3139 1422 Εὐθὺς
3201 1357 3297 1412 οὖν
3367 1359 3509 1428 αὕτη
3571 1359 3743 1429 ἀρετῆ

2162 1447 2272 1498 τῶν
2337 1447 2438 1516 μὲν
2491 1448 2694 1517 θηρίων
2761 1451 2852 1503 καὶ
2916 1452 3178 1520 χειρόνων
3237 1441 3464 1520 ἄρχεται
3532 1451 3745 1519 διιστᾷν

2163 1536 2320 1605 ἡμῶν
2390 1537 2428 1591 ἃ
2493 1539 2572 1608 τῷ
2638 1540 2882 1611 ᾐδεῖιτι
2946 1544 3039 1594 καὶ
3097 1542 3218 1611 μὴ,
3277 1543 3337 1594 τό
3399 1560 3458 1595 τε
3531 1544 3748 1612 αἱρετὸν

2163 1629 2256 1680 καὶ
2318 1630 2394 1698 μὴ
2458 1630 2703 1693 τοιοῦτο,
2775 1631 2948 1702 ὁρίζει
3019 1634 3110 1697 ἐστὶ
3184 1634 3240 1687 δὲ
3311 1634 3409 1704 τὴν
3476 1635 3610 1704 πρὸς
3676 1637 3748 1688 τά

2161 1718 2396 1783 κρείττω
2453 1721 2586 1790 γένη
2639 1721 2959 1791 ξυγγένειαν
3005 1725 3208 1794 ἀνέχει,
3246 1730 3367 1790 ταῖς
3424 1747 3480 1781 τε
3530 1731 3745 1798 ἡδοναῖς

2161 1809 2350 1870 αὑταῖς
2404 1809 2557 1874 τάξιν
2601 1829 2660 1864 τε
2703 1815 2796 1865 καὶ
2843 1815 3046 1883 κόσμον
3100 1815 3424 1881 ἐπιτιθεῖσα,
3476 1820 3572 1872 καὶ
3627 1819 3748 1886 ἅμα

2163 1901 2441 1964 εὐσταλεῖς
2508 1919 2568 1953 τε
2637 1904 2730 1957 καὶ
2790 1905 3024 1974 κούφους
3084 1908 3152 1960 δι’
3208 1910 3538 1979 αὐτάρκειαν
3611 1912 3748 1964 ἀπο-

2163 1993 2450 2057 φαίνουσα.
2514 1994 2662 2064 Αὕτη
2723 2001 2822 2067 μὲν
2880 1999 2995 2066 οὖν,
3062 1995 3279 2070 οἷόνπερ
3311 2003 3454 2073 ἀρχὴ
3480 2007 3600 2068 ταῖς
3652 2005 3766 2058 ἄλο·

2162 2083 2301 2148 λαις,
2337 2085 2459 2136 ἐπεὶ
2490 2087 2583 2138 καὶ
2617 2087 2782 2141 τάλλα
2810 2089 2876 2142 τὰ
2910 2089 3008 2160 τῆς
3033 2092 3390 2163 σωφροσύνης
3439 2095 3621 2164 μόρια.
3661 2096 3744 2149 ἔτι

2165 2192 2224 2227 τε
2251 2177 2319 2228 τὰ
2342 2178 2439 2243 τῆς
2465 2178 2706 2246 ἀνδρίας,
2745 2183 2838 2234 καὶ
2869 2181 3234 2254 δικαιοσύνης,
3266 2185 3360 2237 καὶ
3423 2188 3745 2257 φρονήσεως

2163 2266 2456 2336 σύμπαντα
2482 2270 2612 2339 ῥᾷον
2633 2271 2699 2324 άν
2723 2288 2806 2334 τις
2837 2273 2934 2324 σὺν
2977 2274 3149 2347 ταύτῃ
3189 2277 3383 2345 μετίοί.
3439 2277 3745 2344 Κεφάλαιον

2157 2349 2214 2410 δὲ
2245 2359 2468 2423 πάσαις,
2501 2353 2560 2412 οῖ
2590 2378 2649 2414 τε
2684 2362 2976 2432 ξυμπάσας
2997 2365 3076 2418 δεῖ
3117 2368 3333 2431 τείνειν,
3373 2369 3467 2423 καὶ
3519 2365 3586 2444 ἦς
3639 2389 3746 2440 χω-

2164 2451 2246 2515 ρὶς
2274 2449 2388 2502 οὐδ’
2420 2450 2488 2503 ἂν
2520 2452 2629 2506 τῶν
2655 2454 2830 2508 ἄλλων
2861 2473 2914 2508 τι
2951 2457 3140 2525 δφελος
3171 2460 3278 2528 εἴη,
3316 2461 3435 2532 ἦγε
3467 2462 3744 2517 θεοσέϐεια

2159 2540 2242 2608 εἴη
2275 2539 2340 2592 ἂν
2369 2541 2626 2611 μάλιστα.
2659 2538 2730 2615 ⁷ῼ
2756 2546 2862 2617 γάρ
2888 2564 2988 2600 που
3021 2549 3178 2618 ἡμεῖς
3211 2552 3320 2613 τοῖς
3379 2553 3476 2620 μὲν
3506 2553 3742 2622 κρείττο-

2163 2641 2217 2682 σι
2257 2633 2623 2710 κοινωνοῦμεν
2655 2637 2859 2703 γένεσι,
2909 2638 3019 2691 τῶν
3076 2639 3132 2692 δὲ
3187 2641 3446 2711 χειρόνων
3503 2645 3739 2711 μάλιστα

2159 2723 2564 2794 διενηνόχαμεν,
2640 2729 2928 2796 κράτιστόν
2999 2731 3056 2784 τέ
3116 2732 3230 2786 ἐστι
3296 2734 3404 2788 τῶν
3457 2735 3738 2804 ἡμετέρων

2158 2811 2308 2864 οὐδὲν
2336 2813 2464 2865 ἄλλο
2493 2815 2576 2882 είη
2612 2816 2772 2871 τοῦτό
2805 2836 2868 2886 γε
2970 2825 3151 2891 νόησις
3191 2839 3204 2853 ·
3235 2823 3344 2876 τῶν
3368 2824 3420 2877 δὲ
3471 2825 3534 2896 δὴ
3561 2827 3738 2878 νοούν-

2157 2916 2286 2968 των,
2307 2906 2402 2956 καὶ
2433 2907 2561 2974 περὶ
2588 2904 2623 2959 ἀ
2644 2908 2829 2978 νόησις
2852 2916 3318 2982 πραγματεύεται,
3351 2916 3460 2969 τῶν
3483 2935 3540 2970 τε
3566 2915 3737 2972 ὄντων

2160 2993 2516 3063 ξυμπάντων,
2544 2999 2570 3050 ὁ
2591 2998 2722 3062 Θεὸς
2743 3000 2804 3053 τὺ
2835 3001 3079 3072 ἄριστον.
3119 3006 3208 3074 Τῷ
3232 3007 3295 3079 δὴ
3323 3010 3599 3081 κρατίστῳ
3629 3012 3736 3065 τῶν

2165 3087 2450 3156 ἡμετέρων
2483 3087 2576 3142 τοῦ
2609 3093 2902 3161 κρατίστου
2961 3098 3070 3150 τῶν
3120 3099 3289 3153 ὄντων
3347 3103 3734 3173 ἀπολαύοντες,

2169 3177 2538 3248 μακαριώτατ’
2571 3181 2637 3235 ἂν
2667 3183 2810 3237 οὕτω
2840 3186 3073 3256 βιοῖμεν,
3108 3188 3239 3244 ὥστ’
3298 3195 3384 3265 εἴη
3439 3189 3505 3250 ἂν
3557 3200 3590 3268 ἠ
3641 3202 3736 3253 τοῦ

2160 3269 2509 3363 θεοῦ-νόησις
2536 3273 2595 3363 τὸ
2619 3278 3040 3346 μακαριώτατον
3073 3283 3168 3350 τῆς
3194 3285 3537 3360 ἀνθρωπίνης
3562 3289 3734 3363 ζωῆς,

2157 3355 2192 3423 ἢ
2231 3358 2324 3408 καὶ
2371 3360 2678 3427 θεοσεϐείας
2716 3369 2834 3420 ἐστὶ
2895 3369 2956 3421 τὸ
3003 3355 3322 3437 κεφάλαιονι

3522 3471 3567 3527 si
3629 3474 3731 3530 hac

486 3535 782 3638 instructqs
837 3531 1004 3638 tne-rit
1061 3548 1378 3636 comparare
1437 3533 1542 3589 sibi
1597 3535 1866 3638 quispiam
1921 3542 2114 3606 possit.
2176 3540 2431 3598 Omnium
2489 3557 2669 3605 autem
2710 3555 2976 3614 virtutum
3038 3574 3223 3633 caput,
3261 3565 3330 3620 ad
3385 3531 3548 3638 quam
3605 3573 3728 3626 uni-

485 3636 652 3674 versa.-
671 3621 858 3676 referri
905 3623 1123 3689 debent,
1157 3639 1222 3678 ac
1288 3624 1426 3679 citra,
1483 3638 1642 3692 quam
1689 3625 1871 3680 nullus
1923 3639 2243 3686 ccta-rarum
2299 3650 2432 3690 usus
2491 3652 2612 3695 esse
2663 3654 2859 3715 potest,
2914 3621 3120 3723 religio.
3155 3621 3501 3726 potissinmui

480 3712 600 3778 Quo
629 3716 776 3768 enim
821 3715 874 3769 in
928 3715 1244 3770 societatem
1304 3717 1743 3786 praestantiorem
1791 3733 2051 3788 generum
2092 3725 2358 3792 venimus,
2400 3743 2428 3781 a
2471 3712 2851 3794 deterioribus
2879 3712 3058 3799 autem
3106 3712 3338 3806 maxime
3388 3712 3729 3825 ὤθει-ἰαίνει

491 3804 733 3825 ,μ,,γ.,,,,
783 3806 833 3825 ,μ
871 3807 1028 3825 __L,_
1069 3823 1088 3825 η
1145 3818 1182 3825 κ-
1223 3809 1258 3825 .,
1323 3824 1340 3825 η
1406 3823 1419 3825 _
1560 3809 1722 3825 ν
1931 3821 1941 3825 -
2007 3813 2054 3825 -.
2169 3816 2219 3825 .-
2400 3819 2430 3825 μγ
2461 3822 2492 3825 --

482 3804 739 3874 quodque
783 3806 838 3859 in
870 3807 1034 3862 rebus
1066 3809 1268 3863 nostris
1319 3809 1828 3876 praestantissimum
1863 3821 1968 3877 est,
2006 3813 2054 3866 id
2091 3816 2307 3884 quidem
2358 3819 2494 3875 nihil
2552 3825 2697 3880 aliud
2757 3829 3103 3906 l'neritquam
3157 3804 3723 3908 ιηιειιὲειῖιξίξζὲξῖιξ

483 3917 646 3972 porro
675 3917 863 3957 earum
885 3920 1007 3973 quae
1038 3903 1433 3974 intelliguntur,
1470 3914 1524 3960 et
1563 3907 1616 3960 in
1644 3907 1844 3976 quibus
1904 3907 2211 3970 intellectus
2265 3928 2534 3985 versatur,
2567 3930 2728 3989 atque
2785 3928 2921 3984 adeo
2950 3903 3193 3990 {mnium
3221 3954 3400 3996 rerum
3431 3903 3728 4015 dua,

480 3996 624 4098 Dens
669 4008 749 4051 est
789 3998 1376 4104 przestantissimus..Si
1405 4000 1569 4067 igitur
1610 4015 1705 4102 per
1734 4001 1792 4104 id
1836 4007 1977 4072 quod
2004 4007 2055 4058 in
2093 4009 2292 4063 nostris
2340 4013 2500 4067 rebus
2530 4026 2614 4071 est
2639 4025 3139 4098 priestantissimus,
3177 4049 3243 4090 eo
3283 3996 3560 4104 quito'iiu;

478 4087 717 4141 versicst
741 4091 1276 4157 praestantissimum,
1304 4089 1566 4152 fruamur,
1589 4092 1670 4144 sic
1715 4091 1935 4146 demunt
1975 4095 2058 4148 be;

2156 4099 2286 4153 sime
2329 4103 2594 4166 vivemus.
2655 4111 2748 4167 Dei
2792 4115 2970 4187 itaque
3016 4127 3255 4193 cognitio
3300 4087 3714 4189 Ibeatisssimum

478 4186 732 4240 humana:
785 4189 912 4240 νὶιιιξ
961 4202 1162 4244 munus
1219 4192 1344 4256 erit,
1385 4205 1506 4257 quae
1554 4191 1744 4248 eadem
1809 4197 1971 4250 etiam
2028 4202 2310 4272 religionis
2355 4217 2516 4275 caput
2544 4207 2779 4264 exsistit.

555 4281 685 4335 Post
715 4283 1033 4336 modestiam
1081 4292 1259 4337 autem
1313 4289 1694 4356 consequenda
1741 4290 1848 4344 erit
1888 4308 2049 4362 gene-

476 4377 701 4436 rositas,
736 4376 850 4429 haec
879 4375 1080 4429 etenim
1117 4377 1291 4431 virtus
1313 4391 1435 4430 cum
1469 4390 1743 4448 praeparet
1794 4382 2046 4438 homines

2231 4302 2387 4356 Μετὰ
2415 4304 2471 4354 δὲ
2502 4305 2835 4375 κοσμιότητα
2863 4309 2895 4377 ἡ
2928 4314 3238 4381 γενναιότης
3257 4335 3356 4370 που
3385 4320 3452 4372 ἃν
3470 4321 3553 4391 εῖη
3579 4340 3730 4391 μετι-

2155 4395 2273 4453 τέαο
2299 4393 2492 4458 πόνους
2509 4411 2565 4447 τε
2588 4395 2694 4466 γὰρ
2715 4399 3086 4471 ἐγκαρτερεῖν,
3113 4408 3204 4459 καὶ
3219 4409 3491 4474 κινδύνους
3512 4414 3726 4478 ἑαυτοῖς

475 4473 536 4516 ιιι
593 4463 808 4517 labores
856 4462 1108 4527 tolerent,
1173 4474 1227 4518 et
1254 4467 1494 4533 pericula
1546 4467 1600 4521 in
1637 4483 1698 4522 se
1751 4473 2053 4541 suscipiant

2159 4487 2450 4555 αἱρεῖσθαι,
2473 4462 2606 4556 πρὸς
2651 4462 2822 4544 πολλὰ
2981 4462 3210 4550 δεόντων
3232 4462 3724 4570 neposne-uacci);

473 4556 541 4610 ad
575 4556 744 4609 multa
768 4554 938 4609 ollicia
972 4556 1253 4609 retinenda
1276 4557 1686 4614 ellicacissimos
1723 4561 1774 4614 in
1829 4565 2041 4631 agendo

471 4647 673 4711 reddit,
734 4655 897 4714 atque
951 4646 1016 4700 ad
1074 4647 1310 4712 reliquas
1342 4647 1575 4704 virtutes
1632 4654 2044 4720 consequendas

472 4739 924 4792 instructissinios
961 4739 1142 4792 ellicit.
1185 4737 1304 4792 Jam
1366 4756 1494 4794 vero
1547 4756 1613 4795 ue
1647 4742 1779 4796 illud
1821 4745 2040 4813 quidem

475 4829 839 4896 ignorandum
895 4837 978 4883 est
1004 4830 1146 4897 quod
1180 4829 1443 4885 modestis
1472 4838 1526 4886 et
1585 4837 1877 4902 generosis
1913 4836 2043 4890 viris

470 4920 686 4982 accidit,
742 4919 902 4986 quasi
964 4930 1164 4989 praeter
1209 4921 1333 4975 vitae
1365 4922 1701 4977 institutum.
1743 4924 1954 4980 Etenim
1995 4926 2042 4980 si

468 5009 590 5075 quis
641 5024 753 5063 rem
808 5021 956 5064 recte
1007 5011 1341 5079 consideret,
1381 5028 1483 5067 nec
1531 5015 1903 5070 modcsmrum
1933 5019 2041 5074 vita

472 5099 752 5164 pauciores
793 5099 956 5153 habet
991 5105 1316 5171 voluptates,
1378 5103 1470 5172 qui
1502 5104 1736 5159 modesti
1777 5120 1882 5160 non
1916 5119 2042 5161 sunt

472 5202 572 5241 nec
605 5190 852 5256 generosi
880 5191 948 5245 ab
986 5193 1052 5246 iis
1076 5195 1174 5262 qui
1208 5204 1335 5249 sunt
1369 5197 1694 5265 degeneres,
1737 5197 1789 5251 in
1832 5199 2038 5256 labori-

471 5285 572 5340 bus
610 5292 957 5352 superantur.
1018 5283 1152 5337 Nam
1181 5297 1235 5340 et
1271 5287 1612 5355 voluptatum
1651 5305 1714 5342 ea
1781 5290 1890 5344 fere
1947 5309 2042 5346 na-

467 5386 586 5430 tura
617 5389 736 5430 esse
758 5374 989 5440 videtur,
1031 5384 1090 5428 ut
1113 5389 1209 5429 eos
1239 5378 1332 5444 qui
1362 5377 1579 5432 labores
1617 5380 1860 5450 fugiunt,
1891 5383 2037 5452 ipsas

469 5479 594 5518 vero
647 5475 849 5528 amant,
875 5478 1177 5530 eorumque
1198 5481 1384 5520 amore
1419 5471 1640 5523 attoniti
1677 5483 1834 5538 sunt,
1869 5476 2038 5541 magis

465 5555 742 5620 deserant,
792 5563 954 5623 atque
995 5553 1230 5611 elliciant
1279 5568 1341 5611 ut
1391 5571 1613 5629 propter
1642 5564 1946 5618 satietatem
1979 5577 2030 5620 et

466 5646 938 5712 consuetudinem,
991 5649 1173 5702 minus
1219 5665 1406 5704 earum
1457 5667 1650 5706 sensus
1676 5655 2032 5723 percipiatur,

466 5736 561 5786 sed
599 5738 650 5787 in
722 5739 784 5790 iis
841 5743 1216 5808 assequendis,
1279 5744 1487 5800 viribus
1530 5746 1856 5815 plerumque
1894 5749 2033 5805 cele-

2149 4576 2291 4666 ‘aﬁsq
2313 4579 2347 4646 ἡ
2390 4577 2581 4648 ἀρετὴ,
2611 4579 3018 4648 δυνατωτάτους
3040 4603 3098 4640 τε
3125 4591 3383 4658 πράττειν
3401 4599 3722 4666 παρέχεται,

2146 4664 2404 4735 καὶπρὸς
2456 4668 2554 4729 τὰς
2599 4668 2766 4732 ἄλλας
2803 4673 3001 4741 ἀρετὰς
3025 4678 3387 4746 ἱκανωτάτους
3407 4664 3721 4753 ἀποφαίνει,

2144 4759 2234 4808 Δεῖ
2272 4759 2458 4826 μέντοι
2505 4757 2626 4827 μηδ’
2658 4761 2831 4815 ἐκεῖνο
2859 4765 3094 4832 ἀγνοεῖν,
3129 4769 3244 4835 βίου
3273 4773 3551 4844 πάρεργον
3587 4779 3725 4847 ξυμ.

2146 4848 2327 4899 ϐαῖνον
2354 4851 2465 4912 τοῖς
2493 4865 2552 4901 τε
2581 4854 2828 4920 κοσμίοις
2857 4857 2949 4907 καὶ
2979 4861 3249 4925 γενναίοις
3275 4865 3384 4916 τῶν
3405 4868 3635 4937 ἀνδρῶν.
3659 4873 3727 4924 υτ

2143 4953 2205 5004 γε
2235 4937 2344 5007 γὰρ
2384 4939 2601 5007 κόσμιοι
2651 4943 2759 4993 τῶν
2823 4945 2896 5014 μὴ
2943 4949 3202 5004 τοιούτων
3261 4955 3381 5008 οὐδὲ
3442 4962 3584 5013 κατά
3623 4963 3722 5023 τὰς

2142 5028 2334 5095 ἡδονὰς
2357 5068 2372 5094 ,
2402 5030 2622 5085 ἔλαττον
2648 5034 2714 5086 ἂν
2747 5035 2894 5100 δόξαι
2925 5039 3153 5109 ἐνέχειν,
3195 5046 3438 5114 ἀκριϐῶς
3492 5054 3724 5108 σκοποῦ-

2150 5135 2255 5184 σιν,
2291 5121 2422 5172 οῖτε
2480 5125 2718 5189 γενναῖοι
2765 5131 2890 5190 τοὺς
2950 5131 3162 5197 ἀγενεῖς
3223 5137 3345 5190 οὐδὲ
3387 5118 3538 5195 ’κατά
3593 5147 3720 5209 τοὺς

2144 5209 2332 5302 πόνους
2361 5212 2742 5280 ὑπερϐάλλειν
2760 5217 2818 5270 ατ
2837 5236 2894 5272 τε
2923 5223 3027 5292 γὰρ
3059 5225 3241 5293 ἡδοναὶ
3271 5235 3572 5300 πεφυκέναι
3604 5252 3722 5302 πως

2140 5301 2356 5394 δοκοῦσι
2384 5306 2509 5368 τοὺς
2575 5307 2675 5373 μὲν
2730 5310 2838 5363 τῶν
2901 5315 3079 5368 πόνων
3141 5321 3410 5388 φυγάδας,
3475 5330 3623 5394 σφῶν
3656 5301 3713 5382 δὲ

2141 5393 2398 5461 ἐραστὰς,
2431 5395 2526 5447 καὶ
2557 5399 2686 5468 περὶ
2709 5401 2877 5466 αὑτὰς
2909 5406 3300 5476 ἐπτοημένους,
3325 5393 3527 5481 μᾶλλον
3578 5419 3716 5471 ἀπο-

2141 5483 2372 5545 λείπειν,
2429 5487 2531 5538 ύπό
2556 5505 2614 5540 τε
2635 5491 2726 5542 τοῦ
2758 5492 2920 5561 κόρου
2957 5497 3050 5548 καὶ
3074 5497 3227 5562 ἔθους
3265 5505 3441 5558 αὐτῶν
3457 5509 3720 5582 ἀναισθη-

2139 5571 2371 5640 τοτέρως
2405 5576 2676 5646 ἴσχοντας,
2710 5585 2806 5636 καὶ
2836 5586 2972 5656 ταχὺ
3026 5589 3321 5659 ἀδυνάτους
3345 5598 3420 5660 ὡς
3451 5601 3519 5652 τὰ
3551 5571 3721 5658 πολλά

2138 5662 2541 5764 ἀιποφαίνουσαι
2565 5671 2698 5764 πρὸς
2729 5675 2917 5741 αύτάς,
2957 5681 3024 5732 τά
3062 5697 3119 5734 τε
3159 5684 3384 5754 σώματα
3408 5690 3524 5759 ἅμα
3551 5695 3717 5764 χείρω

2138 5753 2198 5804 τὸ
2255 5755 2388 5806 πολὺ
2443 5759 2886 5834 ἀπεργαζόμεναι
2919 5784 2934 5810 t
2972 5773 3083 5833 τοῖς
3103 5773 3158 5825 δὲ
3207 5753 3272 5845 δὴ
3325 5753 3580 5848 κοσμίοις.
3623 5753 3714 5836 1ῖοιι.
