4186 6290
400 376 506 437 873
908 398 915 402 ·
1700 369 1800 429 DE
1839 368 2053 430 VlRTl

1992 368 2149 429 I‘UTI
2166 367 2326 431 BUS.
3547 374 3645 435 874

398 484 665 552 γενναίοις
698 485 752 536 ἐν
776 479 905 550 γοῦν
933 483 1048 545 ταῖς
1076 481 1185 535 τῶν
1213 480 1345 553 πρὸς
1376 484 1465 536 τὸν
1496 482 1610 553 βίον
1655 485 1967 551 ἀναγκαίων
2002 486 2042 539 Α

2002 486 2042 539 Α
2076 481 2207 535 riter
2264 481 2662 543 destituautur,
2719 498 2781 536 ac
2819 497 3048 554 corpore
3098 485 3262 539 simul
3318 487 3481 541 etiam
3544 485 3650 540 fere

397 577 677 644 αἱρέσεσιν
708 573 1074 645 ἀκμαιότεραί
1098 591 1157 627 τε
1220 574 1490 645 ἀπαντᾷν,
1549 576 1641 635 καὶ
1695 576 1971 639 ἀϐλαϐεῖς.

2088 570 2502 627 labefactentur.
2540 572 2800 628 Modestis
2844 585 3109 630 autemet
3165 577 3469 645 generosis,
3522 593 3650 645 quo-

400 670 543 723 Οίιτε
580 668 733 721 πόνοι
764 670 876 729 τοῖς
910 668 1009 736 μὲν
1040 668 1180 735 σφᾶς
1204 666 1491 735 φεύγουσι,
1519 667 1627 719 τῶν
1656 668 1712 720 δὲ
1770 667 1977 737 ἡδονῶν

2094 662 2237 716 niam
2271 678 2364 716 eas
2389 665 2693 733 voluptates
2726 667 3134 735 amplectuntur
3187 684 3307 737 quze
3359 669 3425 721 ad
3489 671 3651 725 vitam

400 760 683 831 ἐρασταῖς,
704 758 800 829 καὶ
837 758 981 826 μάλα
1013 756 1371 826 ἐπικείμενοι,
1406 758 1529 819 τοίΐς
1559 757 1602 810 δ’
1650 757 1974 826 ὀλιγωροῦν-

2086 754 2406 809 necessaria:
2457 764 2605 821 sunt,
2667 763 2782 809 tum
2842 756 3047 825 majore
3077 759 3261 826 vigore
3311 766 3640 823 occurrunt,

398 854 497 914 τάς
518 868 577 904 τε
600 851 695 903 καὶ
716 848 1188 919 ὲγκαρτεροῦντας
1215 848 1367 916 σφίσι
1430 848 1631 915 μᾶλλόν
1655 865 1705 900 τι
1746 848 1976 916 φεῦγον·

2085 853 2196 897 tum
2252 844 2388 898 citra
2442 860 2637 897 noxam
2665 860 2903 913 quoque.
2958 847 3021 898 Et
3073 847 3316 901 laborum
3348 849 3561 916 quidem
3593 864 3652 902 ea

399 960 511 1007 τες,
532 941 637 995 ὑπό
661 958 720 993 τε
751 940 844 993 τοῦ
871 940 1023 1002 ἔθους
1049 939 1110 991 οὗ
1146 938 1287 992 πάνυ
1315 956 1394 992 τοι
1428 940 1610 992 αὐτῶν
1646 940 1976 1009 αἰσθανομέ-

2086 935 2297 988 videtur
2328 950 2448 989 esse
2476 946 2695 998 natura,
2754 936 2885 988 utin
2931 953 3027 992 eos
3053 927 3407 993 velteuenter
3441 935 3653 992 incum—

401 1051 543 1097 νους,
562 1034 655 1085 καὶ
690 1031 807 1099 ἅμα
826 1032 1273 1101 ἐρρωμενέστερα
1297 1033 1364 1101 τῇ
1384 1030 1519 1101 πρδς
1550 1030 1747 1093 αὐτοὺς
1774 1033 1973 1103 μελέτη

2086 1026 2236 1091 baut,
2266 1028 2357 1095 qui
2390 1026 2511 1082 illos
2542 1038 2932 1081 aversanturet
2970 1030 3274 1095 voluptates
3312 1045 3653 1099 persequun-

400 1123 471 1175 τὰ
496 1122 720 1190 σώματα
743 1120 1078 1189 κτωμένους.
1136 1122 1292 1175 Μετὰ
1328 1122 1383 1175 δὲ
1408 1123 1760 1192 γενναιότητα
1791 1123 1917 1191 ἑξῆς
1941 1126 1974 1193 ἡ

2084 1126 2194 1183 tur,
2219 1133 2314 1172 eos
2345 1130 2523 1171 autem
2555 1118 2646 1186 qui
2684 1117 2902 1171 labores
2934 1134 3275 1187 nequaquam
3344 1133 3559 1184 curant,
3601 1130 3651 1175 et

402 1212 606 1281 ἀψυχία
637 1211 1029 1282 παραλαϐοῦσα
1053 1213 1220 1281 ἡμᾶς,
1248 1212 1562 1282 ἠσκηκότας
1592 1214 1693 1283 ἤδη
1752 1215 1851 1283 τὴν
1917 1216 1978 1267 ὲν

2085 1208 2139 1261 in
2197 1208 2277 1263 eis
2300 1210 2611 1275 perdurant,
2646 1211 2817 1278 magis
2847 1210 3074 1278 fugiant,
3109 1227 3230 1265 cum
3260 1212 3330 1265 ob
3359 1222 3655 1267 consuetu-

402 1307 517 1367 τοῖς
537 1302 773 1373 αἱρετοῖς
794 1294 1093 1371 καρτερίαν
1116 1302 1226 1356 τῶν
1262 1303 1555 1373 δυσχερῶν,
1590 1307 1647 1357 ἐν
1709 1300 1790 1368 οἷς
1847 1305 1978 1368 ἴσως

2086 1300 2266 1351 dinem
2340 1316 2529 1353 earum
2604 1316 2828 1354 sensum
2885 1318 2989 1356 non
3049 1302 3167 1358 fere
3223 1304 3547 1374 percipiant,
3604 1315 3658 1358 et

404 1394 591 1449 αὐτῶν
625 1393 800 1459 ἔξεστι
850 1392 944 1470 κα)
989 1394 1076 1459 ἐφ’
1127 1394 1250 1446 ὅσον
1313 1393 1614 1463 βουλόμεθα
1663 1397 1972 1465 μετασχεῖν,

2085 1388 2248 1442 simul
2274 1389 2439 1442 etiam
2479 1390 2787 1444 robustiora
2824 1391 3060 1445 habeant
3089 1410 3341 1462 corpora,
3407 1411 3472 1448 eo
3510 1395 3653 1463 quod

406 1480 747 1535 παιδεύσειεν
775 1481 841 1534 ἂν
862 1482 955 1547 καὶ
983 1481 1091 1535 τῶν
1114 1480 1388 1534 ἀκουσίων
1424 1482 1532 1535 τῶν
1555 1482 1661 1535 ἀπὸ
1687 1483 1778 1535 τοῦ
1827 1482 1974 1535 θείου

2086 1480 2288 1532 multos
2339 1479 2556 1531 labores
2614 1481 3018 1537 sustinuerunt.
3056 1486 3187 1536 Post
3232 1488 3652 1553 generositatem

408 1573 646 1645 εὐχερῶς
677 1572 968 1642 ἀνέχεσθαι
994 1589 1007 1603 ·
1037 1574 1259 1643 πρῶτον
1291 1572 1392 1642 μὲν
1420 1574 1600 1627 ἐκεῖνο
1637 1574 1978 1628 διδάσκουσα

2084 1578 2265 1624 autem
2299 1570 2486 1624 statim
2530 1571 2732 1625 fiducia
2777 1588 2877 1627 nos
2906 1576 3155 1642 suscipit,
3184 1577 3516 1630 exercitatos
3539 1577 3651 1645 jam

407 1665 482 1728 ὡς
520 1664 676 1717 αὐτοὶ
722 1664 820 1733 μὲν
873 1665 933 1717 οὐ
983 1664 1249 1735 κρεαδίων
1293 1666 1566 1730 θυλάκιον,
1609 1668 1727 1721 οὐδὲ
1784 1668 1975 1737 ξέστης

2084 1662 2371 1717 tolerantia
2424 1678 2630 1729 rerum,
2679 1664 3136 1732 voluutariarum,
3183 1682 3245 1721 ac
3304 1668 3650 1722 molestarum

409 1755 660 1824 αἵματος,
686 1754 793 1807 οὐδ’
821 1754 948 1808 ἄλλο
976 1755 1217 1810 τοιοῦτον
1244 1757 1419 1824 οὐδὲν,
1448 1758 1585 1811 ἀλλὰ
1620 1758 1788 1829 ψυχαί
1809 1761 1975 1829 ἐσμεν

2089 1753 2232 1824 (qure
2264 1763 2442 1808 tamen
2480 1755 2663 1824 aliquo
2695 1757 2855 1811 modo
2902 1757 2955 1810 in
2983 1768 3167 1812 nostra
3220 1768 3486 1826 potestate
3531 1771 3658 1815 sunt

408 1846 645 1912 λογικαὶ,
693 1845 973 1911 ἀθάνατοι,
1018 1846 1192 1899 οὐδενὶ
1252 1848 1409 1919 κακῴ
1456 1848 1657 1916 ἔξωθεν
1711 1851 1978 1922 ἀλλοτρίῳ
2010 1837 2054 1897 Β

2010 1837 2054 1897 Β
2087 1856 2142 1897 ιιι
2181 1856 2386 1900 tzmtum
2420 1848 2713 1913 toleremus
2746 1858 3011 1916 quantum
3047 1851 3195 1916 libet)
3220 1862 3272 1905 et
3290 1868 3447 1920 aequo
3474 1853 3658 1908 animo

408 1936 738 2006 ἐκκείμενοι,
769 1938 817 1988 εί
846 1938 920 2006 μὴ
943 1937 968 1989 ὃ
990 1954 1039 1990 τι
1075 1937 1140 1991 ἂν
1174 1939 1323 2009 ἡμῖν,
1374 1940 1517 1993 κατά
1570 1941 1669 2004 τὰς»
1707 1942 1870 2011 ἡμετὲ
1882 1960 1980 2012 ρας

2084 1935 2226 1991 ferre
2261 1952 2358 1991 nos
2380 1938 2532 2002 jubet
2564 1954 2626 1993 ea
2654 1940 2821 1993 etiam
2856 1956 2976 2009 quae
3002 1942 3311 1996 voluntaria
3344 1960 3450 1997 non
3506 1956 3653 2007 sunt,

408 2028 589 2082 αὐτῶν
609 2029 785 2095 δόξας,
802 2028 891 2083 διὰ
922 2030 1118 2083 κακίαν
1149 2031 1476 2103 προστριϐῇ,
1518 2034 1591 2086 τὰ
1642 2034 1709 2087 δὲ’
1754 2038 1981 2103 σώματα

2082 2044 2312 2098 qumque
2343 2030 2604 2085 divinitus
2667 2031 2945 2086 accidunt.
2977 2033 3055 2085 Ae
3079 2035 3314 2101 primum
3370 2036 3502 2088 illud
3533 2036 3655 2104 qui-

358 2120 380 2137 ‘
406 2119 534 2172 τάδε
565 2120 944 2191 περικείμεθα,
981 2119 1068 2188 ἐφ’
1098 2122 1221 2174 ὅσον
1245 2122 1313 2175 ἂν
1357 2122 1488 2185 Θεὸς
1519 2122 1681 2194 διδῴη
1710 2126 1981 2195 χρησόμε-

2084 2119 2205 2173 dem
2261 2120 2437 2182 docet,
2505 2136 2605 2176 nos
2668 2138 2773 2175 non
2821 2124 3235 2177 caruncularum
3287 2141 3529 2190 saccum,
3560 2140 3659 2179 nec

409 2228 513 2277 νοι,
540 2212 598 2263 οὐ
624 2211 767 2265 πάνυ
801 2230 883 2265 τοι
922 2213 1235 2283 ἡμετέροις,
1265 2215 1386 2269 οὔτε
1418 2217 1618 2281 αὐτοῖς,
1651 2218 1785 2270 πολὺ
1815 2235 1873 2271 τε
1900 2218 1980 2271 ἔτι

2084 2211 2367 2280 sanguinis
2393 2214 2712 2279 sextarium,
2750 2225 2849 2267 aut
2880 2215 3175 2283 quidquam
3209 2218 3350 2270 aliud
3387 2217 3436 2270 id
3463 2233 3656 2286 genus.

405 2296 568 2372 ἦττον
589 2303 699 2366 τοῖς
722 2302 899 2365 ἄλλοις
931 2306 1040 2365 τοῖς
1060 2305 1127 2357 δι’
1157 2306 1296 2361 αὐτὰ
1321 2308 1563 2377 κτήμασι
1611 2325 1669 2362 τε
1700 2312 1795 2363 καὶ
1847 2313 1981 2382 χρή·

2083 2319 2268 2357 verum
2301 2306 2512 2358 animos
2553 2320 2670 2366 esse
2725 2307 2934 2359 ratione
2972 2307 3255 2377 perditos,
3310 2308 3643 2361 immortales

411 2410 579 2462 μασιν
602 2409 616 2425 ο
645 2392 844 2448 οὔκουν
875 2394 995 2448 οὐδὲ
1022 2395 1090 2448 τὰ
1122 2399 1253 2466 περὶ
1276 2399 1415 2452 αὐτὰ
1446 2399 1682 2471 δυσχερῆ
1733 2402 1827 2454 ἐπὶ
1879 2403 1980 2472 τὴν

2084 2395 2214 2448 nulli
2241 2395 2383 2448 malo
2407 2405 2632 2450 externo
2659 2406 2714 2451 et
2745 2397 2924 2452 alieno
2974 2399 3271 2467 expositos,
3298 2416 3360 2453 eo
3393 2401 3656 2454 duntaxat

406 2483 585 2553 ψυχὴν
604 2486 686 2539 δεῖ
713 2486 913 2552 ἕλκειν,
942 2486 1053 2540 οὐδ’
1082 2489 1214 2557 ἡμῖν
1250 2488 1437 2551 αὐτοῖς
1486 2491 1820 2558 λογίζεσθαι,
1866 2493 1981 2546 ἀλλ’

2083 2496 2333 2555 excepto,
2377 2487 2520 2556 quod
2586 2488 2746 2543 nobis
2825 2497 2986 2558 atque
3042 2489 3397 2558 opinionibus
3452 2495 3656 2547 nostris

406 2575 611 2637 εἰδότας
637 2576 712 2639 ὡς
737 2577 944 2631 τούτων
983 2578 1136 2631 οὐδὲν
1167 2579 1301 2648 πρὶς
1330 2581 1498 2649 ἡμᾶς,
1532 2581 1754 2645 εἰκότως
1789 2583 1983 2649 ὀλιγω-

2085 2587 2304 2646 propter
2328 2576 2730 2657 improbitatem
2761 2580 3107 2644 adbazresrit,
3139 2581 3461 2650 corporibus
3499 2583 3657 2637 deni-

410 2667 541 2736 ρεῖν.
580 2667 807 2720 Ἔπειτα
830 2671 903 2733 ὡς
929 2670 1103 2734 οὐδεὶς
1134 2672 1223 2723 τὸν
1282 2672 1406 2743 ἑξῆς
1461 2674 1654 2743 χρόνον
1691 2676 1844 2727 οὐδὲν
1899 2676 1971 2729 ἂν

2089 2682 2197 2736 que
2234 2668 2318 2721 his
2346 2683 2446 2722 nos
2475 2669 2847 2722 circumdatos
2899 2684 3021 2724 esse
3045 2673 3404 2738 demonstrat,
3461 2674 3660 2745 quibus

409 2759 1131 2829 προσχωροίηιάχθομένοις,
1190 2765 1239 2817 ει
1302 2764 1377 2834 μὴ
1431 2765 1527 2817 καὶ
1577 2766 1981 2833 ἐπιταράττοιτ’
2085 2758 2229 2826 quod
2276 2758 2420 2813 Deus
2448 2760 2605 2813 nobis
2645 2762 2998 2827 COItCCsStEl‘il,
3058 2771 3294 2828 utamur,
3329 2771 3510 2819 sedne
3542 2768 3657 2834 ipsa

411 2849 480 2904 ἂν
511 2848 667 2902 τοῦτο
696 2850 873 2919 ἡμῶν,
914 2844 959 2920 ᾧ
994 2852 1143 2922 μόνῳ
1178 2853 1422 2924 δεήσειεν
1458 2855 1523 2909 ἂν
1555 2856 1981 2926 ὲπανορθοῦντος

2086 2848 2304 2915 quidem
2330 2864 2557 2917 prorsus
2590 2861 2772 2903 nostra
2794 2867 2934 2913 esse,
2973 2856 3142 2907 multo
3178 2870 3304 2906 vero
3345 2856 3524 2911 minus
3556 2872 3662 2910 cm-

411 2942 645 2996 πταῖσάν
676 2958 734 2994 τε
764 2942 860 2995 καὶ
887 2945 1200 3007 πεπτωκὸς,
1234 2946 1378 3010 λέγω
1406 2946 1463 2998 δὲ
1518 2947 1580 3000 τὸ
1634 2948 1984 3016 λογιζόμενόν

2088 2950 2232 2994 teras
2267 2955 2349 2995 res
2398 2951 2452 2994 et
2485 2943 2766 3008 pecunias,
2797 2958 2915 3011 qute
2946 2944 3267 3012 corporibus
3292 2947 3660 3002 subserviunt.

407 3049 490 3096 τε,
521 3033 616 3086 καὶ
642 3033 741 3103 τὴν
775 3035 913 3106 ὑπὲρ
942 3036 1046 3087 τῶν
1079 3037 1370 3106 ἡμετέρων
1422 3038 1641 3092 πάντων
1701 3043 1978 3111 πρόνοιαν,

2088 3031 2323 3085 Proinde
2353 3048 2540 3085 earum
2574 3050 2748 3086 rerum
2789 3037 3064 3089 molestias
3122 3053 3229 3090 non
3288 3054 3408 3093 esse
3439 3039 3504 3092 ad
3547 3041 3664 3093 atti-

410 3128 653 3194 πεφυκδς
678 3128 969 3192 ποιεῖσθαι,
1003 3129 1199 3182 εἰδέναι
1225 3145 1280 3182 τε
1315 3128 1431 3198 ἅμα
1458 3130 1543 3183 ὅτι
1573 3130 1750 3186 ταῦτα
1800 3136 1898 3203 μὲν
2013 3171 2057 3209 η

2013 3171 2057 3209 ί,
2091 3140 2238 3177 tuum
2292 3125 2704 3192 pertraltcudas,
2762 3136 2936 3193 neque
2982 3129 3404 3183 existimandum
3467 3148 3563 3187 cas
3594 3134 3659 3187 ad

408 3217 615 3273 ἕκαστα
666 3220 804 3289 πρὸς
860 3222 956 3275 τοῦ
1016 3220 1159 3274 θείου
1218 3222 1591 3289 διατέτακται,
1664 3227 1836 3299 ταύτῃ
1893 3216 2056 3283 καὶν

2017 3216 2056 3230 "
2094 3231 2192 3268 nos
2222 3216 2515 3284 pertinere.
2579 3217 2712 3270 Cum
2732 3218 2906 3285 ‘igitur
2937 3234 3021 3271 res
3047 3220 3163 3273 illas
3191 3222 3321 3275 uifnl
3348 3225 3413 3277 ad
3447 3239 3543 3277 nos
3582 3238 3662 3281 at-

407 3310 639 3377 γίνεται,
673 3311 1019 3366 διατέτακται
1069 3313 1126 3366 δὲ
1184 3315 1320 3383 πρὸς
1374 3314 1468 3368 τοῦ
1518 3317 1727 3384 ἀγαθοῦ
1779 3315 1839 3373 εὖ
1893 3320 1987 3373 καὶ

2094 3306 2267 3358 linere
2315 3307 2574 3370 sciamus,
2618 3308 2891 3374 negligere
2920 3324 3013 3363 eas
3044 3325 3260 3377 acquum
3293 3328 3432 3379 esse,
3466 3316 3661 3371 deinde

407 3402 610 3479 καλῶς,
642 3404 735 3455 καὶ
758 3403 857 3455 οὐκ
889 3406 1089 3457 ἐνεῖναι
1117 3405 1289 3468 ἄλλως
1321 3408 1518 3470 εἰπεῖν,
1542 3409 1679 3478 ἡμῖν
1706 3426 1763 3461 τε
1801 3412 1989 3474 αὐτοῖς

2091 3408 2156 3448 ac
2188 3396 2240 3447 in
2277 3395 2543 3464 reliquum
2577 3398 2793 3465 quidem
2832 3408 3042 3467 tempus
3097 3392 3389 3470 quidquam
3436 3421 3534 3458 nos
3584 3409 3666 3460 lu-

410 3494 817 3563 συμφερόντως,
854 3495 983 3554 ἴσως
1007 3496 1109 3563 μὲν
1142 3496 1236 3549 καὶ
1263 3497 1381 3549 κατ’
1420 3498 1578 3553 ἄλλον
1604 3500 1669 3569 δή
1703 3517 1821 3553 τινα
1859 3504 1989 3570 ἡμῖν

2090 3485 2411 3540 crilarturos
2461 3488 2712 3551 dolenilo,
2775 3491 2874 3542 uisi
2928 3492 2978 3544 id
3024 3495 3166 3560 quod
3193 3509 3252 3546 ea
3302 3495 3465 3547 etiam
3488 3501 3657 3552 nostri

408 3586 565 3654 λόγον
585 3588 917 3657 ἀπόρρητον,
946 3588 1042 3657 οὔχ
1084 3583 1247 3658 ἦττον
1284 3589 1339 3641 δὲ
1375 3592 1465 3642 καὶ
1495 3591 1619 3661 τῇδε
1656 3608 1670 3622 ·
1723 3611 1831 3645 ειεν
1883 3597 1991 3664 γὰρ

2093 3589 2216 3642 pars
2251 3575 2617 3641 perturbetur,
2651 3592 2751 3645 qua
2786 3578 2901 3631 sola
2954 3580 3229 3647 corrigere
3288 3596 3580 3649 possumus
3611 3584 3661 3636 id

410 3679 474 3732 ἄν
501 3695 602 3731 που
635 3678 701 3730 τὰ
725 3677 969 3738 τοιαῦτα,
1000 3682 1114 3741 τοῖς
1145 3680 1243 3748 μὲν
1283 3680 1442 3748 ἡμῶν
1480 3684 1717 3736 παιδεῖαι
1782 3703 1839 3738 τε
1894 3689 1989 3738 καὶ

2092 3664 2143 3717 in
2201 3663 2346 3733 quod
2404 3666 2723 3735 impegimus
2783 3676 2945 3743 atque
2967 3660 3289 3735 cecidimus,
3324 3687 3385 3725 ea
3412 3674 3659 3727 videlicet

412 3767 662 3831 κολάσεις
692 3768 783 3820 ἐπὶ
817 3771 883 3838 τῇ
912 3768 1004 3836 τῆς
1040 3769 1239 3831 κακίας
1293 3768 1561 3840 θεραπεία
1623 3789 1683 3824 τε
1741 3776 1835 3827 καὶ
1895 3775 1989 3827 τοῦ

2092 3768 2213 3822 quae
2243 3754 2617 3817 ratiocinatur,
2654 3768 2701 3809 et
2736 3758 2893 3824 cujus
2931 3774 2992 3811 ea
3027 3769 3107 3812 est
3132 3771 3343 3826 natura,
3383 3772 3440 3816 ut
3498 3765 3662 3820 rebus

414 3858 530 3928 βίου
556 3858 951 3929 ἐπανορθώσει,
982 3862 1099 3922 ταῖς
1148 3860 1445 3929 ἡμετέραις
1505 3861 1726 3931 ψυχαῖς,
1771 3859 1989 3933 οἷόνπερ

2094 3845 2294 3898 nostris
2332 3846 2583 3899 omnibus
2612 3849 2881 3912 coasulat,
2922 3866 3084 3905 nosse
3117 3851 3350 3922 denique
3379 3863 3655 3923 oportere,

412 3953 754 4020 φαρμακεῖαι
789 3951 1004 4003 νοσοῦσι
1039 3952 1309 4021 σώμασιν,
1365 3955 1422 4005 ὲν
1450 3952 1747 4024 ἀλλοτρίοις
1797 3956 1988 4020 δεινοῖς

2093 3940 2304 4005 singula
2346 3948 2506 4007 prout
2535 3940 2830 3995 constituta
2884 3942 3010 4008 sint,
3052 3945 3122 3996 ita
3159 3945 3319 3998 etiam
3354 3946 3492 4011 fieri,
3526 3947 3660 4003 bene

412 4043 861 4112 Ξπιπεμπόμεναι
898 4058 913 4074 ⁸
981 4046 1093 4107 τοῖς
1168 4040 1449 4100 δὲ.ἇ’θλοί
1517 4065 1575 4101 τε
1642 4050 1735 4103 καὶ
1807 4052 1990 4119 πεῖραι

2092 4039 2268 4084 autrm
2319 4040 2372 4084 et
2404 4031 2660 4100 prmclare
2708 4043 2869 4100 atque
2915 4032 2966 4086 in
3022 4049 3134 4087 rem
3199 4044 3439 4090 nostram
3465 4038 3666 4107 (neque

410 4134 1211 4205 λαμπροτέρουςάποψαίνουσι
1240 4140 1343 4203 *καὶ
1391 4140 1828 4210 ἀνδρικωτέρους
1877 4146 1987 4206 τοῖς

2092 4123 2234 4176 enim
2263 4122 2419 4177 aliter
2442 4124 2621 4177 dicere
2656 4123 2738 4178 fas
2771 4125 2874 4193 est)
2916 4127 3206 4181 constituta
3238 4143 3360 4183 esse
3386 4144 3415 4183 a
3446 4145 3664 4185 suunuo

410 4227 639 4294 ἀγῶσιν,
670 4222 890 4296 οἷόνπερ
922 4222 1279 4295 σωμασκοῦσι
1307 4230 1608 4299 γυμνάσια.
1640 4231 1849 4286 Οὔκουν
1879 4234 1991 4286 δεῖν

2094 4213 2256 4280 bono,
2306 4229 2369 4270 ac
2400 4214 2631 4270 fortasse
2660 4224 2713 4270 et
2764 4218 2923 4269 altam
2954 4232 3173 4288 quoque
3230 4234 3449 4277 causam
3512 4224 3667 4279 nobis

412 4320 533 4370 κατ’
596 4319 878 4387 οὐδέτερον
936 4318 1063 4383 τῶν,
1104 4320 1321 4387 τρόπων
1385 4322 1478 4372 ἐπὶ
1546 4324 1655 4382 τοῖς
1725 4322 1991 4385 τοιούτοις

2094 4306 2357 4376 ignotam,
2388 4321 2495 4359 non
2526 4306 2709 4361 minus
2743 4315 2920 4360 tamen
2947 4310 3111 4362 etiam
3144 4324 3207 4364 ac
3259 4314 3488 4378 ratione,
3519 4319 3664 4383 quod

411 4412 738 4477 ἀγανακτεῖν
772 4425 785 4438 ·
820 4408 933 4461 ἀλλ’
966 4410 1029 4481 ἢν
1070 4413 1261 4479 ἐκείνῳ
1289 4412 1365 4481 τῷ
1396 4413 1587 4482 ἀληθεῖ
1621 4413 1764 4482 λόγῳ
1791 4414 1987 4468 ἐθέλοι-

2097 4398 2256 4451 nobis
2295 4412 2418 4451 esse
2444 4405 2678 4465 possunt
2705 4397 3008 4466 disciplinae
3039 4407 3094 4450 et
3132 4400 3515 4469 castigationes
3542 4406 3663 4459 des-

414 4518 511 4570 μεν
537 4500 784 4564 ἕπεσθαι,
820 4502 910 4552 καὶ
934 4501 1146 4570 χαίρειν
1173 4501 1604 4571 ὠφελουμένους,
1636 4504 1710 4567 ὡς
1734 4507 1792 4558 τὸ
1818 4505 1983 4570 εἰκὸς,
2023 4513 2063 4567 Ι)

2023 4513 2063 4567 ι)
2099 4490 2283 4544 tinatm
2315 4490 2382 4542 ad
2420 4490 2782 4553 curationem,
2814 4489 3072 4548 vitiorum
3132 4500 3187 4544 et
3215 4493 3335 4547 vita:
3372 4496 3668 4550 correctio-

410 4592 487 4659 τῷ
520 4609 574 4644 τε
603 4592 743 4661 Θεῷ,
785 4594 859 4660 μὴ
894 4593 972 4645 ὅτι
1016 4595 1125 4647 τῶν
1175 4610 1236 4661 γε
1294 4594 1469 4648 ἄλλων
1524 4596 1686 4648 ἕνεκα
1738 4597 1984 4663 ἀγαθῶν,

2093 4598 2238 4647 nem,
2276 4596 2396 4649 qua:
2429 4592 2684 4652 tanquam
2724 4581 3119 4636 medicamenta
3150 4585 3474 4654 corporibus
3493 4603 3660 4656 aegro-

410 4685 544 4737 ἀλλά
563 4687 656 4739 καὶ
676 4685 854 4738 αὐτῶν
877 4685 1083 4737 τούτων
1112 4686 1275 4755 χάριν
1311 4686 1673 4755 προσειδὲναι.
1730 4687 1884 4740 Μετὰ
1931 4688 1987 4741 δὲ

2092 4673 2332 4729 tantibus
2388 4674 2591 4727 animis
2648 4672 2852 4727 nostris
2903 4688 2999 4734 pro
3049 4675 3225 4729 alieno
3283 4677 3525 4746 periculo
3554 4680 3667 4735 sint

411 4775 605 4845 ἡδονὰς
663 4777 753 4829 καὶ
808 4776 1005 4837 πόνους
1058 4776 1367 4846 ὀψιαίτερον
1420 4777 1542 4845 μὲν,
1597 4776 1897 4847 βιαιότερον
1943 4779 1988 4831 δ’

2093 4765 2364 4830 immissa,
2394 4766 2516 4820 aliis
2548 4780 2674 4820 vero
2705 4775 2950 4820 nostrum
2989 4782 3111 4822 esse
3162 4768 3325 4823 veluti
3360 4773 3656 4827 certamina

411 4870 541 4935 ἴσως
564 4868 921 4937 τυραννοῦσιν
950 4868 1105 4936 ἡμῶν
1126 4870 1277 4932 δόξαι
1308 4884 1367 4919 τε
1396 4872 1486 4921 καὶ
1522 4870 1751 4937 ἀδοξίαι,
1780 4870 1989 4939 ἀνθρω-

2093 4868 2143 4911 et
2167 4857 2548 4920 oscitationes,
2585 4872 2705 4925 quae
2732 4872 2854 4911 cum
2882 4856 3205 4913 illustriores
3235 4867 3350 4913 tum
3406 4860 3660 4917 fortiores

409 4961 686 5030 πινὼτερα
721 4961 841 5030 ἤδη,
895 4962 987 5025 καὶ
1051 4960 1111 5012 οὐ
1165 4959 1405 5030 θηριώδη
1448 4959 1773 5029 παθήματα.
1824 4961 1989 5013 Οὐδὲν

2092 4962 2307 5013 quoque
2337 4946 2567 4999 reddunt
2592 4961 2686 5000 eos
2711 4946 2802 5015 qui
2854 4959 3081 5015 corpora
3120 4948 3185 4999 ad
3218 4946 3369 5019 ludos
3390 4946 3666 5009 exercent.

412 5051 593 5121 μέντοι
616 5044 777 5121 ἦττον
812 5054 907 5104 καὶ
942 5050 1070 5120 περὶ
1115 5050 1251 5102 αὐτὰ
1287 5049 1601 5117 ἐπιμελείας
1630 5051 1799 5103 δεῖται
1832 5050 1990 5119 ἡμῶν

2093 5036 2249 5097 Nulla
2306 5037 2469 5107 igitur
2524 5038 2735 5091 ratione
2781 5037 2968 5106 iniquo
2999 5038 3181 5091 animo
3236 5039 3513 5095 referenda
3546 5057 3668 5098 esse

409 5145 606 5212 τινοςὴ
645 5141 911 5211 ψυχὴ.ώς
937 5143 1165 5204 δεόντως
1226 5158 1307 5204 τε,
1375 5141 1470 5194 καὶ
1525 5142 1625 5194 οὐκ
1677 5143 1798 5211 εἰκῇ
1855 5141 1989 5208 np”;

2095 5130 2229 5195 haec,
2260 5130 2351 5183 sed
2387 5131 2675 5184 laetandum
2702 5130 2902 5198 potius,
2934 5130 2981 5184 si
3006 5144 3188 5184 veram
3209 5131 3353 5186 illam
3376 5134 3666 5205 rationem,

409 5235 547 5290 αὐτὰ
574 5233 951 5302 προσφέροιτο.
990 5232 1061 5284 ’Ἥ
1119 5249 1177 5284 τε
1223 5237 1526 5301 ¹μετριότης
1577 5236 1634 5284 ὲν
1684 5234 1887 5297 αὐτοῖς,
1932 5231 1991 5283 τὸ

2095 5233 2149 5275 ιιι
2179 5238 2274 5291 par
2303 5230 2405 5286 est,
2435 5223 2585 5290 sequi
2623 5221 2874 5285 velimus,
2924 5231 2981 5276 et
3011 5220 3121 5276 Deo
3150 5239 3259 5278 non
3293 5235 3513 5296 propter
3562 5244 3666 5283 ca:-

408 5324 617 5394 πρέπον
648 5339 706 5375 τε
741 5322 835 5375 καὶ
863 5323 1128 5390 ἁρμόττον
1158 5322 1406 5385 σώζουσα
1435 5324 1688 5387 ἑκάστοις
1720 5324 1987 5389 παιδεύει,

2095 5325 2205 5369 tera
2235 5324 2440 5368 tantum
2469 5314 2638 5379 bona,
2656 5314 2750 5370 sed
2770 5324 2824 5368 et
2850 5316 2923 5369 oli
2942 5316 3057 5370 liazc
3083 5317 3201 5385 ipsa
3228 5318 3530 5375 habendam
3547 5337 3669 5375 esse

408 5415 623 5487 πρῶτον
668 5414 765 5484 μὲν
797 5413 896 5480 τῆς
922 5414 1076 5479 ἀξίας
1109 5414 1182 5477 ὡς
1220 5415 1457 5483 μάλιστα
1509 5417 1740 5477 ἑαυτοὺς
1796 5417 1986 5484 τιμᾷν,

2092 5407 2346 5473 gratiam.
2374 5405 2503 5461 Post
2525 5410 2829 5477 voluptates
2850 5417 3032 5462 autem
3060 5418 3114 5462 et
3144 5408 3354 5464 labores
3382 5420 3439 5464 ut
3466 5413 3666 5481 serius,

408 5509 519 5563 τῶν
554 5508 651 5577 μὲν
706 5505 979 5561 ταπεινῶν
1037 5522 1095 5558 τε
1162 5507 1256 5558 καὶ
1308 5507 1467 5576 ἡμῶν
1526 5508 1706 5560 αὐτῶν
1753 5508 1990 5571 ἀναξίων

2092 5498 2166 5551 ita
2195 5496 2430 5552 fortasse
2454 5498 2744 5552 violentius
2778 5499 2828 5551 iu
2860 5513 2958 5554 nos
2993 5509 3331 5568 grassantur,
3392 5501 3561 5570 gloria
3615 5513 3670 5557 et

408 5597 908 5671 ὑπερφρονοῦντας,
949 5596 1017 5649 τὰ
1050 5596 1107 5649 δὲ
1161 5598 1333 5666 μείζω
1395 5599 1425 5667 ἢ
1488 5599 1626 5651 κατὰ
1677 5598 1775 5669 τὴν
1834 5599 1989 5664 ἀξίαν

2092 5590 2411 5658 ignominia,
2497 5607 2620 5658 qua:
2672 5591 2985 5644 affectiones
3040 5593 3253 5645 tametsi
3318 5592 3671 5649 humaniores

340 5708 345 5711 λ
406 5689 921 5758 διευλαϐουμένους·
975 5689 1166 5741 ἔπειτα
1224 5691 1314 5741 καὶ
1365 5690 1462 5758 τῆς
1521 5690 1619 5759 μὲν
1681 5692 1832 5760 παρὰ
1880 5692 1987 5743 τῶν

2093 5693 2245 5745 ειιιιῑ,
2269 5692 2323 5736 ct
2349 5695 2457 5736 non
2486 5680 2715 5743 feroces,
2750 5682 3110 5734 nihilominus
3145 5690 3322 5734 tamen
3348 5683 3400 5733 in
3431 5684 3493 5737 iis
3511 5687 3673 5741 etiam

406 5785 590 5841 καλῶν
620 5778 899 5851 κάγαθῶν,
934 5781 1027 5833 καὶ
1048 5780 1138 5833 ἐπὶ
1168 5783 1278 5843 τοῖς
1310 5783 1491 5846 καλοῖς
1516 5781 1695 5852 δόξης,
1734 5781 1809 5852 μὴ
1841 5782 1982 5836 πάνυ

2095 5789 2281 5829 curam
2307 5773 2595 5845 quamdam
2634 5763 2865 5841 requirit
2919 5772 3137 5827 animus
3167 5782 3380 5837 noster,
3457 5787 3514 5831 ιιι
3547 5794 3670 5830 cum

722 5876 1000 5937 ΡΑτιιοι.
1052 5874 1168 5936 Gn.
1217 5876 1358 5939 CLX

3204 5867 3275 5925 28

2000 5939 2051 5960 φα
