4186 6290
360 5242 381 5382 l

401 373 509 437 sse
526 346 529 347 ί

1092 369 1190 433 DE
1231 366 1663 431 PLATONICA
1691 365 1787 430 ET
1838 366 1975 464 ABI
1991 367 2410 430 STOTELICA
2442 367 2991 431 PHILOSOPHIA.

3565 365 3673 431 890

908 681 1761 814 ΓΕΩΡΓΙΟΥ
1873 679 2227 818 ΤΟΥ
2322 676 3191 811 ΓΕΜΙΣΤΟΥ

1214 922 1517 1077 ΤΟΥ
1592 922 1871 1037 ΚΑΙ
1986 916 2859 1040 ΠΛΗΘΩΝΟΣ

1887 1135 2049 1190 ΠΕΡΙ
2102 1136 2199 1192 0N

750 1301 1512 1396 ΑΡΙΣΤΟΤΕΛΗΣ
1608 1303 1903 1393 ΠΡΟΣ
1991 1295 2545 1391 ΠΑΑΤΩΝΑ
2654 1297 3338 1391 ΔΙΑΦΕΡΕΕΑΙ.

440 1806 443 1809 κ
574 1665 1387 1855 GEORGII
1498 1630 2300 1828 GEMIS’TI
2410 1660 3515 1824 PLETHONIS

682 2086 689 2095 ’
805 2081 1431 2166 PLATONICIE
1495 2080 1628 2162 ET
1682 2070 2491 2163 ABISTOTELICE
2560 2076 3295 2162 PHILOSOPHUS

1769 2260 2316 2328 DlFFERENTIA:

487 2575 552 2630 Οί
620 2576 718 2647 μὲν
784 2571 944 2645 ἡμῶν
998 2571 1346 2640 παλαιότεροι
1405 2570 1500 2623 καὶ
1567 2570 1837 2639 Ἑλλήνων
1889 2568 2040 2634 καὶε

2162 2569 2294 2625 Tam
2331 2567 2503 2625 Graeci
2528 2584 2690 2639 quam
2724 2569 2949 2625 Romani
2990 2578 3226 2639 veteres,
3265 2572 3361 2641 qu’
3429 2584 3678 2630 nostrum

428 2666 720 2737 Ῥωμαίων
751 2665 1020 2719 Πλάτωνα
1066 2661 1477 2733 Ἀριστοτέλους
1520 2661 1701 2730 πολλῷ
1732 2659 1809 2730 τῷ
1845 2660 1998 2731 μέσῳ

419 2759 735 2829 προετίμων
758 2771 771 2785 ·
797 2756 906 2809 τῶν
928 2755 985 2809 δὲ
1014 2754 1131 2817 νῦν,
1163 2754 1255 2808 καὶ
1286 2753 1521 2824 μάλιστα
1550 2752 1658 2806 τῶν
1682 2751 1817 2821 πρὸς
1841 2751 2001 2805 ἑσπέ-

419 2872 522 2928 ραν
555 2855 606 2907 οί
636 2852 849 2917 πολλοὶ,
894 2851 990 2905 ἅτε
1028 2850 1258 2904 ἐκείνων
1291 2850 1596 2920 σοφώτεροι
1634 2850 1871 2919 οἰόμενοι
1903 2865 1999 2915 γε-

418 2946 656 3016 γονέναι,
714 2943 1058 3015 Ἀριστοτέλη
1112 2944 1221 3014 πρὸ
1277 2942 1565 3007 Πλάτωνος
1596 2941 2000 3010 θαυμάζουσιν,

432 3026 678 3104 Ἀὁερόει
709 3034 816 3086 τινὶ
849 3030 1054 3102 Ἀραει
1086 3032 1400 3102 πειθόμενοι
1445 3032 1605 3103 μόνον
1652 3033 2000 3104 Ἀριστοτέλη

421 3127 685 3195 φάσκοντι
716 3124 922 3178 τέλειόν
959 3140 1013 3174 τι
1062 3124 1161 3192 τῆς
1213 3122 1428 3191 φύσεως
1484 3125 1541 3188 ἐς
1595 3125 1791 3190 σοφίαν
1842 3123 2003 3195 ἔργον
2048 3192 2051 3195 _

420 3215 823 3279 ἀποτελεῖσθαι,
865 3214 1020 3285 ἀνδρὶ
1048 3215 1095 3266 εί
1148 3214 1247 3283 μὲν
1276 3214 1444 3269 τᾶλλα
1483 3215 1758 3282 σπουδαίῳ
1799 3215 1899 3268 οὐκ
1933 3214 1999 3268 ἂν

421 3311 567 3365 οὕτω
617 3309 815 3381 ῥᾳδίως
848 3308 1024 3361 είπεῖν
1057 3307 1265 3379 ἔχοιμι,
1302 3308 1392 3359 τὸν
1430 3306 1614 3375 μέντοι
1659 3306 1789 3375 περὶ
1826 3305 2005 3376 ψυχῆς

422 3405 584 3470 λόγον
628 3399 772 3454 οὕτω
807 3398 998 3471 φαύλῳ
1031 3402 1108 3463 ὥς
1154 3397 1252 3452 καὶ
1294 3396 1495 3468 θνητὴν
1537 3397 1706 3466 αὐτὴν
1741 3396 2003 3453 τίθεσθαι.

423 3497 618 3550 Καίτοι
649 3478 706 3556 ὃς
734 3491 881 3559 γ’νᾶν
911 3491 1117 3562 ταύτην
1162 3490 1262 3561 τὴν
1291 3489 1531 3558 ἀμαθίαν
1561 3488 1818 3559 τυγχάνοι
1859 3491 2006 3556 ἀμαυ

427 3586 649 3649 θαίνων,
679 3583 826 3647 τίνος
868 3583 989 3637 ποτ’
1019 3583 1088 3637 ἄν
1122 3581 1415 3635 σπουδαίου
1452 3581 1776 3650 πράγματος
1815 3581 2007 3651 κριτὴς

425 3678 635 3748 γένοιτο
674 3674 862 3742 ἄξιος-ς
920 3672 1216 3731 καὶταῦτα
1265 3672 1377 3726 οὐδ’
1439 3671 1845 3743 Ἀριστοτέλους
1880 3673 2008 3725 ταῦ-

426 3788 527 3841 την
562 3769 849 3829 δοκοῦντος
898 3766 998 3837 τὴν
1033 3764 1275 3835 ἀμαθίαν
1324 3764 1691 3835 ἀμαθαίνειν;
1743 3764 1850 3835 χρὴ
1900 3764 2008 3837 γὰρ

426 3861 636 3931 τάληθῆ
665 3861 849 3928 λέγειν
880 3857 975 3913 καί⁵
1003 3858 1079 3929 μὴ
1107 3859 1468 3925 συκοφαντεῖν
1493 3856 1585 3909 τὸν
1612 3856 1802 3927 ἄνδρα,
1833 3856 2007 3909 καίτοι

428 3953 715 4016 πλείστους
768 3968 832 4021 γε
889 3950 998 4004 τῶν
1057 3949 1167 4020 πρδ
1223 3948 1391 4002 αὐτοῦ
1456 3946 2001 4017 σεσυκοφαντηκότα.

442 4045 583 4098 Ἀλλ’
618 4044 667 4096 εἰ
721 4043 798 4112 μὴ
836 4040 955 4094 οὐδὲ
1006 4039 1066 4092 τδ
1116 4038 1466 4106 συκοφάντην
1518 4039 2007 4104 ἂντισυκοφαντιϊν

433 4136 632 4201 εὐαγὲς
664 4131 806 4188 εἶναι
831 4133 998 4196 δοκεῖ,
1028 4131 1149 4184 ἐπεὶ
1177 4131 1233 4184 δὲ
1264 4131 1360 4184 καὶ
1388 4130 1481 4184 νῦν
1505 4132 1643 4183 εἰσιν
1672 4131 1721 4184 οἳ
1757 4131 2007 4186 Πλάτωνι

434 4227 636 4298 μᾶλλον
667 4226 767 4295 τὴν
795 4224 977 4295 ψῆφον
1011 4221 1270 4289 τίθενται,
1309 4222 1470 4292 ἡμεῖς
1501 4221 1719 4285 τούτοις
1749 4239 1807 4275 τε
1856 4239 2009 4293 χαρι-

431 4320 650 4390 ζόμενοι
681 4317 989 4378 κάκείνους,
1023 4317 1069 4368 εί
1105 4316 1180 4385 μὴ
1236 4314 1447 4383 σφόδρα
1494 4314 1819 4383 φιλονείκως
1854 4315 2010 4384 ἔχους-

433 4429 539 4475 σιν,
577 4408 1024 4479 ἐπανορθοῦντες,
1060 4406 1264 4476 βραχέα
1293 4406 1422 4475 περὶ
1450 4398 1526 4460 ὧν
1547 4405 1897 4476 διαφέρονται
1928 4404 2008 4458 τὼ

432 4503 594 4573 ἄνδρα
625 4500 878 4571 ἐροῦμεν,
916 4501 1010 4554 καὶ
1042 4498 1293 4568 δείξομεν
1329 4497 1422 4551 τὸν
1455 4496 1624 4566 ἄνδρα
1669 4497 1898 4566 τάνδρὸς
1944 4497 2007 4549 οὐ

434 4596 630 4665 μικρὸν
672 4593 1000 4662 λειπόμενον
1031 4590 1094 4644 οὐ
1145 4589 1365 4660 μακρὰς
1391 4588 1502 4641 οὐδ’
1547 4588 1851 4655 ἐριστικὰς,
1891 4586 2009 4640 ἀλλ’

430 4685 507 4750 ὼς
541 4682 653 4739 οἷόν
686 4679 876 4739 τε⁶διὰ
910 4681 1266 4755 βραχυτάτων
1309 4678 1625 4750 ποιούμενοι
1658 4678 1756 4743 τὰς
1794 4678 2010 4732 ἀποδεί-

320 4854 331 4867 1
433 4777 564 4843 ξεις.

2101 2663 2361 2718 saeculum
2418 2674 2856 2731 antecesserunt,
2887 2664 3169 2720 Platonem
3192 2666 3482 2722 Aristotele
3508 2669 3681 2722 multo

2102 2754 2532 2825 praestantiorem
2592 2753 2867 2821 fecerunt,
2902 2756 3079 2813 nostri
3109 2772 3239 2813 vero
3287 2739 3549 2827 temporis
3580 2758 3680 2815 ho-

2104 2846 2277 2901 mines
2301 2853 2357 2900 et
2386 2844 2658 2915 praecipue
2684 2846 2859 2916 major
2916 2861 3045 2916 pars
3088 2861 3279 2903 eorum
3310 2850 3404 2919 qui
3438 2848 3507 2904 ad
3536 2851 3681 2905 oeci-

2102 2938 2318 2993 dentem
2353 2936 2602 2992 habitant
2660 2936 2891 3007 reliquis
2945 2937 3313 3008 sapientiores
3355 2941 3682 3009 existimati,

2103 3027 2450 3101 Aristotelem
2479 3026 2653 3097 magis
2675 3040 2840 3097 quam
2873 3024 3151 3082 Platonem
3174 3012 3536 3084 admirantur
3565 3046 3689 3100 per-

2112 3102 2261 3173 suasi
2323 3117 2392 3172 ab
2451 3118 2696 3172 Averroe
2751 3116 2987 3186 quodam
3041 3116 3217 3172 Arabe
3245 3118 3338 3188 qui
3396 3121 3691 3176 maximam

2107 3210 2387 3264 Aristoteli
2422 3209 2640 3265 laudem
2694 3211 2909 3275 tribuit,
2953 3209 3224 3282 audetque
3278 3211 3569 3271 affirmare.
3625 3216 3691 3270 il-

2107 3305 2218 3359 lum
2253 3306 2369 3362 suis
2417 3307 2575 3363 libris
2632 3309 2962 3379 sapientiam
3017 3320 3227 3368 naturae
3285 3310 3692 3380 perfectissime

2107 3397 2451 3466 complexum
2479 3413 2623 3455 esse.
2681 3401 2746 3455 Et
2773 3402 2937 3458 fuerit
2986 3418 3119 3460 sane
3151 3402 3441 3465 Aristoles,
3466 3402 3549 3457 sie
3577 3418 3693 3457 ma-

2109 3502 2252 3557 gnus
2276 3496 2332 3541 et
2386 3488 2856 3561 incomparabilis,
2919 3494 3065 3565 quod
3101 3492 3169 3549 ad
3199 3491 3304 3548 alia
3370 3494 3587 3557 attinet,
3623 3493 3692 3549 de

2107 3596 2218 3651 quo
2245 3590 2428 3636 tamen
2458 3583 2576 3651 ipso
2611 3598 2718 3638 non
2773 3582 2931 3640 facile
3002 3584 3148 3641 ferre
3229 3585 3553 3642 sententiam
3592 3600 3691 3641 au-

2111 3677 2253 3741 sim;
2294 3684 2351 3729 at
2407 3675 2551 3747 quod
2585 3676 2651 3731 ad
2691 3676 3011 3747 opinionem
3036 3676 3211 3748 ipsius
3230 3677 3299 3734 de
3319 3678 3528 3742 animo,
3578 3685 3689 3732 tam

2116 3767 2355 3835 perversi
2388 3768 2490 3823 fuit
2514 3767 2718 3839 ingenii
2753 3775 2813 3823 ut
2848 3768 3028 3838 ipsum
3063 3770 3349 3825 mortalem
3419 3771 3692 3838 corrupti-

2114 3858 2386 3927 bilemque
2415 3856 2597 3914 facere
2622 3873 2729 3914 non
2762 3868 3037 3914 vereatur.
3094 3858 3164 3914 At
3224 3861 3319 3931 qui
3374 3860 3693 3930 bujnsmodi

2113 3947 2433 4017 ignorantiae
2466 3955 2630 4017 atque
2661 3946 2887 4003 insania
2934 3956 3200 4018 patronus
3227 3947 3414 4015 fuerit,
3467 3948 3695 4003 illumne

2113 4039 2344 4109 alicujus
2362 4041 2567 4111 egregii
2602 4040 2786 4110 operis
2825 4048 2921 4095 aut
2976 4040 3179 4110 negotii
3228 4040 3472 4112 judicem
3539 4040 3692 4095 arbi-

2115 4138 2313 4186 tratum
2353 4130 2471 4185 fore
2503 4129 2794 4185 idoneum?
2825 4129 2892 4186 Et
2926 4146 3032 4187 non
3068 4132 3258 4186 eodem
3331 4131 3496 4187 modo
3542 4130 3695 4185 insa-

2118 4222 2238 4276 nire
2269 4236 2395 4276 eum
2427 4235 2534 4293 quo
2556 4221 2899 4289 Aristoteles,
2925 4223 3018 4293 qui
3046 4223 3189 4279 hanc
3227 4223 3551 4280 sententiam
3577 4232 3696 4278 tue-

2117 4313 2242 4368 ter?
2281 4312 2395 4367 Non
2431 4329 2650 4383 possum
2682 4314 2827 4369 enim
2863 4330 2972 4369 non
3006 4316 3291 4371 veritatem
3320 4315 3478 4371 fateri
3512 4325 3697 4371 etnon

2116 4405 2515 4475 reprehendere
2537 4420 2685 4468 eum,
2716 4405 2810 4474 qui
2866 4407 3235 4476 antiquiores,
3291 4419 3698 4463 antecessores-

2115 4511 2220 4565 que
2255 4511 2386 4551 suos
2411 4495 2842 4564 reprehenderit.
2873 4495 3075 4552 Verum
3108 4500 3254 4554 enim
3285 4515 3414 4553 vero
3444 4514 3515 4553 ne
3559 4500 3694 4555 mihi

2116 4587 2336 4657 quidem
2373 4586 2633 4640 decorum
2665 4587 2942 4641 videretur
2959 4588 3163 4644 mutuis
3185 4590 3454 4645 conviciis
3487 4591 3695 4644 calum-

2117 4678 2382 4734 niatorem
2406 4675 2640 4738 allicere.
2668 4677 3039 4745 sedquoniam
3067 4687 3254 4734 nostro
3280 4679 3446 4735 etiam
3492 4680 3693 4735 eaet-uio

2117 4770 2462 4839 reperiuntur
2503 4767 2683 4831 multi,
2740 4768 2829 4837 qui
2893 4767 3111 4823 Platoni
3163 4769 3400 4838 palmam
3448 4770 3693 4834 tradunt,

431 4869 767 4940 nosquidem
791 4869 897 4925 illis
920 4869 1023 4929 hoc
1057 4840 1519 4921 instituto'nostro
1574 4837 1894 4932 gratificari,
1950 4868 2004 4913 et
2044 4860 2183 4915 alios
2207 4859 2310 4914 nisi
2337 4874 2525 4914 amore
2551 4860 2915 4937 contentionis
2986 4861 3353 4917 laboraverint
3424 4863 3697 4933 corrigere

430 4964 775 5028 conabimur,
806 4961 997 5033 paucis
1020 4959 1336 5029 explicando
1374 4956 1738 5012 diﬂ'erentiam
1813 4954 2076 5009 doctrinae
2136 4954 2420 5023 utriusque
2481 4952 2773 5009 Platonica:
2845 4955 3100 5010 nimirum
3176 4963 3233 5010 et
3314 4955 3695 5014 Aristotelicas»

364 5082 367 5085 ν
431 5067 487 5115 et
516 5055 871 5122 ostendendo,
898 5055 1123 5110 alteram
1153 5054 1221 5107 ab
1251 5051 1415 5107 altera
1446 5066 1555 5106 non
1586 5064 1778 5120 parum
1850 5046 2094 5112 differre,
2158 5049 2210 5104 in
2273 5063 2378 5120 qua
2447 5050 2810 5119 explicatione
2883 5068 2988 5107 non
3045 5052 3276 5123 prolixis
3366 5063 3418 5110 et
3471 5038 3696 5123 conten-

435 5149 615 5215 tiosis,
643 5149 759 5215 sed,
791 5157 849 5203 ut
868 5149 1046 5210 decet,
1086 5147 1425 5203 brevissimis
1458 5154 1675 5201 utemur
1700 5142 2283 5199 demonstrationibus.

1032 5241 1289 5295 ΚΕΦΑΛ.
1326 5243 1407 5297 A'.

510 5330 733 5400 Πρῶτον
783 5329 884 5398 μὲν
928 5328 1022 5383 οὖν
1067 5331 1162 5384 τὸν
1192 5331 1411 5385 πάντων
1443 5330 1671 5400 βασιλέα
1705 5331 1841 5385 Θεδν
1872 5328 2013 5383 Πλά-

438 5440 552 5477 των
581 5421 918 5493 δημιουργὸν
961 5421 1059 5490 τῆς
1081 5423 1275 5493 νοητῆς
1308 5439 1369 5475 τε
1403 5424 1497 5476 καὶ
1523 5426 1802 5494 χωριστῆς
1838 5422 2019 5492 πάντη

443 5516 656 5583 οὐσίας,
689 5515 785 5568 καὶ
839 5513 907 5568 δι’
961 5513 1136 5582 αὐτῆς
1183 5514 1279 5567 τοῦ
1335 5515 1532 5578 παντὸς
1585 5517 1735 5569 τοῦδε
1785 5513 2017 5584 οὐρανοῦ

442 5607 689 5661 τίθεται*
736 5605 1121 5676 Ἀριστοτέλης
1167 5606 1227 5659 δὲ
1275 5606 1610 5678 δημιουργὸν
1660 5608 1759 5677 μὲν
1805 5607 2020 5670 οὐδενὸς

442 5696 682 5770 οὐδαμοῦ
714 5698 876 5752 αὐτόν
904 5714 1071 5770 φησιν
1104 5693 1267 5764 εἷναι,
1296 5698 1435 5752 ἀλλὰ
1466 5700 1631 5770 μόνου
1662 5699 1754 5753 τοῦ
1783 5697 2014 5768 οὐρανοῦ

441 5792 597 5847 τοῦδε
629 5789 939 5861 κινητικόν
994 5788 1088 5844 καὶ
1136 5790 1186 5844 εί
1223 5790 1321 5862 μὲν
1358 5791 1607 5862 οἰόμενος
1654 5787 1793 5846 εἷναί
1825 5807 1885 5859 γε
1920 5791 2018 5860 6η-

2042 5244 2088 5302 C

2785 5238 2943 5298 CAP.
2992 5239 3034 5295 1.

2193 5328 2272 5383 Ae
2306 5328 2544 5399 primum
2574 5327 2820 5398 quidem,
2855 5330 3022 5385 Deum
3052 5338 3329 5387 summum
3372 5333 3520 5389 illum
3576 5349 3696 5389 om-

2122 5424 2269 5477 nium
2306 5424 2604 5493 principem
2638 5421 2791 5479 Plato
2828 5426 3008 5482 omnis
3040 5425 3441 5498 intelligibilis,‘
3480 5443 3699 5497 separa-

2122 5524 2294 5582 tzeque
2319 5522 2548 5577 natura},
2577 5524 2632 5568 et
2662 5530 2756 5584 per
2795 5516 2967 5585 ipsam
3023 5517 3163 5573 banc
3198 5528 3445 5571 naturam
3477 5519 3696 5571 univer-

2123 5605 2169 5660 si
2210 5604 2359 5669 coeli,
2393 5605 2733 5660 conditorem
2764 5608 3069 5665 constituit.
3121 5609 3443 5663 Aristoteles
3514 5623 3695 5664 autent

2126 5695 2301 5764 ipsum
2331 5695 2534 5751 nullius
2568 5697 2795 5749 omnino
2857 5698 2932 5751 rei
2983 5698 3317 5752 conditorem
3391 5701 3542 5765 facit,
3602 5704 3696 5758 sed

2123 5786 2297 5846 solius
2329 5788 2493 5859 ltujus
2527 5787 2672 5856 curii,
2704 5789 2848 5860 quod
2885 5790 3342 5861 contemplemur,
3408 5806 3696 5852 molerent.
