  <div class='ocr_page' id='page_1' title='image "/cluster/home/n/w/nwhite01/storage/ocr_20150623/160/mdp.39015078384693/456.png"; bbox 0 0 4186 6290; ppageno 0'>
   <div class='ocr_carea' id='block_1_1' title="bbox 425 379 532 443">
    <p class='ocr_par' dir='ltr' id='par_1_1' title="bbox 425 379 532 443">
     <span class='ocr_line' id='line_1_1' title="bbox 425 379 532 443; baseline -0.019 0"><span class='ocrx_word' id='word_1_1' title='bbox 425 379 532 443; x_wconf 77' lang='lat'><strong>897</strong></span> 
     </span>
    </p>
   </div>
   <div class='ocr_carea' id='block_1_2' title="bbox 1112 354 2966 437">
    <p class='ocr_par' dir='ltr' id='par_1_2' title="bbox 1112 354 2966 437">
     <span class='ocr_line' id='line_1_2' title="bbox 1112 354 2966 437; baseline -0.006 -1"><span class='ocrx_word' id='word_1_2' title='bbox 1112 376 1210 436; x_wconf 89' lang='lat' dir='ltr'><strong>DE</strong></span> <span class='ocrx_word' id='word_1_3' title='bbox 1233 375 1661 437; x_wconf 80' lang='lat' dir='ltr'><strong>PLATONICA</strong></span> <span class='ocrx_word' id='word_1_4' title='bbox 1707 375 1803 436; x_wconf 85' lang='lat' dir='ltr'><strong>ET</strong></span> <span class='ocrx_word' id='word_1_5' title='bbox 1840 354 2387 435; x_wconf 65' lang='lat' dir='ltr'><strong>ARISTOTELICA</strong></span> <span class='ocrx_word' id='word_1_6' title='bbox 2422 363 2966 430; x_wconf 79' lang='lat' dir='ltr'><strong>PHILOSOPHIA.</strong></span> 
     </span>
    </p>
   </div>
   <div class='ocr_carea' id='block_1_3' title="bbox 3589 353 3695 417">
    <p class='ocr_par' dir='ltr' id='par_1_3' title="bbox 3589 353 3695 417">
     <span class='ocr_line' id='line_1_3' title="bbox 3589 353 3695 417; baseline 0 -1"><span class='ocrx_word' id='word_1_7' title='bbox 3589 353 3695 417; x_wconf 82' lang='lat'><strong>898</strong></span> 
     </span>
    </p>
   </div>
   <div class='ocr_carea' id='block_1_4' title="bbox 423 474 2010 561">
    <p class='ocr_par' dir='ltr' id='par_1_4' title="bbox 423 486 2009 561">
     <span class='ocr_line' id='line_1_4' title="bbox 423 486 2009 561; baseline -0.003 -18"><span class='ocrx_word' id='word_1_8' title='bbox 423 504 550 544; x_wconf 79' lang='grc' dir='ltr'>τινα</span> <span class='ocrx_word' id='word_1_9' title='bbox 600 487 886 555; x_wconf 63' lang='grc' dir='ltr'>ἄνθρωπον</span> <span class='ocrx_word' id='word_1_10' title='bbox 922 488 1295 558; x_wconf 79' lang='grc' dir='ltr'>λαμϐάνοντα,</span> <span class='ocrx_word' id='word_1_11' title='bbox 1330 491 1468 561; x_wconf 78' lang='grc' dir='ltr'><strong>μηδὲ</strong></span> <span class='ocrx_word' id='word_1_12' title='bbox 1525 492 1634 543; x_wconf 79' lang='grc' dir='ltr'>πᾶν</span> <span class='ocrx_word' id='word_1_13' title='bbox 1680 488 1819 553; x_wconf 78' lang='grc' dir='ltr'>ζῶον</span> <span class='ocrx_word' id='word_1_14' title='bbox 1873 486 2009 541; x_wconf 83' lang='grc' dir='ltr'><strong>ἀλλά</strong></span> 
     </span>
    </p>
   </div>
   <div class='ocr_carea' id='block_1_5' title="bbox 2113 474 3696 561">
    <p class='ocr_par' dir='ltr' id='par_1_5' title="bbox 2130 474 3696 549">
     <span class='ocr_line' id='line_1_5' title="bbox 2130 474 3696 549; baseline -0.009 -9"><span class='ocrx_word' id='word_1_15' title='bbox 2130 495 2305 540; x_wconf 73' lang='lat' dir='ltr'><strong>tuere.</strong></span> <span class='ocrx_word' id='word_1_16' title='bbox 2342 483 2603 549; x_wconf 77' lang='lat' dir='ltr'><strong>Quamvis</strong></span> <span class='ocrx_word' id='word_1_17' title='bbox 2633 482 2675 536; x_wconf 90' lang='lat' dir='ltr'><strong>si</strong></span> <span class='ocrx_word' id='word_1_18' title='bbox 2705 480 2770 533; x_wconf 84' lang='lat' dir='ltr'><strong>de</strong></span> <span class='ocrx_word' id='word_1_19' title='bbox 2823 494 2889 532; x_wconf 72' lang='lat' dir='ltr'><strong>eo</strong></span> <span class='ocrx_word' id='word_1_20' title='bbox 2912 477 3226 545; x_wconf 73' lang='lat' dir='ltr'><strong>loqueretur</strong></span> <span class='ocrx_word' id='word_1_21' title='bbox 3252 474 3507 530; x_wconf 86' lang='lat' dir='ltr'><strong>universo</strong></span> <span class='ocrx_word' id='word_1_22' title='bbox 3537 480 3696 544; x_wconf 91' lang='lat' dir='ltr'><strong>prout</strong></span> 
     </span>
    </p>
   </div>
   <div class='ocr_carea' id='block_1_6' title="bbox 422 572 2002 649">
    <p class='ocr_par' dir='ltr' id='par_1_6' title="bbox 422 572 2002 649">
     <span class='ocr_line' id='line_1_6' title="bbox 422 572 2002 649; baseline -0.002 -13"><span class='ocrx_word' id='word_1_23' title='bbox 422 600 475 636; x_wconf 85' lang='grc' dir='ltr'><strong>τι</strong></span> <span class='ocrx_word' id='word_1_24' title='bbox 499 596 517 615; x_wconf 85' lang='grc'>⁶</span> <span class='ocrx_word' id='word_1_25' title='bbox 552 578 650 635; x_wconf 69' lang='grc' dir='ltr'>τῦν</span> <span class='ocrx_word' id='word_1_26' title='bbox 675 580 721 633; x_wconf 79' lang='grc' dir='ltr'><strong>δ’</strong></span> <span class='ocrx_word' id='word_1_27' title='bbox 749 572 808 633; x_wconf 77' lang='grc' dir='ltr'><strong>οὗ</strong></span> <span class='ocrx_word' id='word_1_28' title='bbox 843 580 973 649; x_wconf 82' lang='grc' dir='ltr'>περὶ</span> <span class='ocrx_word' id='word_1_29' title='bbox 1003 580 1361 649; x_wconf 80' lang='grc' dir='ltr'>τοῦ’καθόλου</span> <span class='ocrx_word' id='word_1_30' title='bbox 1393 581 1456 634; x_wconf 85' lang='grc' dir='ltr'><strong>οὐ</strong></span> <span class='ocrx_word' id='word_1_31' title='bbox 1488 581 1721 633; x_wconf 82' lang='grc' dir='ltr'><strong>καθόλου</strong></span> <span class='ocrx_word' id='word_1_32' title='bbox 1748 579 2002 649; x_wconf 82' lang='grc' dir='ltr'>φαίνεται</span> 
     </span>
    </p>
   </div>
   <div class='ocr_carea' id='block_1_7' title="bbox 420 671 2006 741">
    <p class='ocr_par' dir='ltr' id='par_1_7' title="bbox 420 671 2006 741">
     <span class='ocr_line' id='line_1_7' title="bbox 420 671 2006 741; baseline -0.002 -14"><span class='ocrx_word' id='word_1_33' title='bbox 420 673 515 727; x_wconf 73' lang='grc' dir='ltr'><strong>τὸν</strong></span> <span class='ocrx_word' id='word_1_34' title='bbox 542 671 704 740; x_wconf 90' lang='grc' dir='ltr'>λόγον</span> <span class='ocrx_word' id='word_1_35' title='bbox 754 671 1096 741; x_wconf 81' lang='grc' dir='ltr'>ποιούμενος,</span> <span class='ocrx_word' id='word_1_36' title='bbox 1126 672 1263 726; x_wconf 87' lang='grc' dir='ltr'><strong>ἀλλά</strong></span> <span class='ocrx_word' id='word_1_37' title='bbox 1310 673 1564 740; x_wconf 70' lang='grc' dir='ltr'>περὶτοῦ</span> <span class='ocrx_word' id='word_1_38' title='bbox 1613 672 1799 735; x_wconf 84' lang='grc' dir='ltr'>ἁπλῶς</span> <span class='ocrx_word' id='word_1_39' title='bbox 1836 673 2006 725; x_wconf 80' lang='grc' dir='ltr'>καθό-</span> 
     </span>
    </p>
   </div>
   <div class='ocr_carea' id='block_1_8' title="bbox 301 762 2007 831">
    <p class='ocr_par' dir='ltr' id='par_1_8' title="bbox 301 762 2007 831">
     <span class='ocr_line' id='line_1_8' title="bbox 301 762 2007 831; baseline -0.005 -13"><span class='ocrx_word' id='word_1_40' title='bbox 301 790 311 800; x_wconf 91' lang='grc'><strong>·</strong></span> <span class='ocrx_word' id='word_1_41' title='bbox 420 765 538 829; x_wconf 85' lang='grc' dir='ltr'>λου,</span> <span class='ocrx_word' id='word_1_42' title='bbox 571 765 668 817; x_wconf 75' lang='grc' dir='ltr'><strong>καὶ</strong></span> <span class='ocrx_word' id='word_1_43' title='bbox 697 762 805 816; x_wconf 78' lang='grc' dir='ltr'>τῶν</span> <span class='ocrx_word' id='word_1_44' title='bbox 851 762 1042 825; x_wconf 86' lang='grc' dir='ltr'>ἁπλῶς</span> <span class='ocrx_word' id='word_1_45' title='bbox 1090 764 1269 831; x_wconf 83' lang='grc' dir='ltr'>γενῶν</span> <span class='ocrx_word' id='word_1_46' title='bbox 1324 764 1422 815; x_wconf 75' lang='grc' dir='ltr'><strong>καὶ</strong></span> <span class='ocrx_word' id='word_1_47' title='bbox 1453 762 1633 825; x_wconf 72' lang='grc' dir='ltr'>εἱδῶν,</span> <span class='ocrx_word' id='word_1_48' title='bbox 1668 762 1759 814; x_wconf 79' lang='grc' dir='ltr'>ὑπ’</span> <span class='ocrx_word' id='word_1_49' title='bbox 1791 762 2007 829; x_wconf 76' lang='grc' dir='ltr'>ἐκείνης</span> 
     </span>
    </p>
   </div>
   <div class='ocr_carea' id='block_1_9' title="bbox 425 854 2007 924">
    <p class='ocr_par' dir='ltr' id='par_1_9' title="bbox 425 854 2007 924">
     <span class='ocr_line' id='line_1_9' title="bbox 425 854 2007 924; baseline -0.001 -16"><span class='ocrx_word' id='word_1_50' title='bbox 425 855 554 919; x_wconf 80' lang='grc' dir='ltr'>ίσως</span> <span class='ocrx_word' id='word_1_51' title='bbox 586 856 681 924; x_wconf 81' lang='grc' dir='ltr'>τῆς</span> <span class='ocrx_word' id='word_1_52' title='bbox 712 854 921 918; x_wconf 80' lang='grc' dir='ltr'>ἑννοίας</span> <span class='ocrx_word' id='word_1_53' title='bbox 961 854 1386 923; x_wconf 87' lang='grc' dir='ltr'>συναρπασθείς.</span> <span class='ocrx_word' id='word_1_54' title='bbox 1427 855 1576 908; x_wconf 74' lang='grc' dir='ltr'>Ἐκεῖ</span> <span class='ocrx_word' id='word_1_55' title='bbox 1606 858 1716 924; x_wconf 89' lang='grc' dir='ltr'><strong>γάρ</strong></span> <span class='ocrx_word' id='word_1_56' title='bbox 1743 856 1769 906; x_wconf 83' lang='grc' dir='ltr'>ὁ</span> <span class='ocrx_word' id='word_1_57' title='bbox 1797 854 2007 923; x_wconf 79' lang='grc' dir='ltr'>ἄνθρω-</span> 
     </span>
    </p>
   </div>
   <div class='ocr_carea' id='block_1_10' title="bbox 374 938 2009 1023">
    <p class='ocr_par' dir='ltr' id='par_1_10' title="bbox 374 938 2009 1023">
     <span class='ocr_line' id='line_1_10' title="bbox 374 938 2009 1023; baseline -0.002 -19"><span class='ocrx_word' id='word_1_58' title='bbox 374 1012 381 1023; x_wconf 43' lang='lat'><em>.</em></span> <span class='ocrx_word' id='word_1_59' title='bbox 425 967 525 1012; x_wconf 87' lang='grc' dir='ltr'><strong>πος</strong></span> <span class='ocrx_word' id='word_1_60' title='bbox 551 938 659 1002; x_wconf 71' lang='grc' dir='ltr'>τοῦ</span> <span class='ocrx_word' id='word_1_61' title='bbox 685 949 827 1011; x_wconf 83' lang='grc' dir='ltr'>τινὸς</span> <span class='ocrx_word' id='word_1_62' title='bbox 855 947 996 1012; x_wconf 82' lang='grc' dir='ltr'>ζώου</span> <span class='ocrx_word' id='word_1_63' title='bbox 1041 946 1158 1000; x_wconf 79' lang='grc' dir='ltr'>ἔσθ’</span> <span class='ocrx_word' id='word_1_64' title='bbox 1186 948 1276 1001; x_wconf 83' lang='grc' dir='ltr'>ὅτε</span> <span class='ocrx_word' id='word_1_65' title='bbox 1311 947 1560 1017; x_wconf 81' lang='grc' dir='ltr'><strong>βελτίων,</strong></span> <span class='ocrx_word' id='word_1_66' title='bbox 1587 947 1680 1001; x_wconf 73' lang='grc' dir='ltr'>καὶ</span> <span class='ocrx_word' id='word_1_67' title='bbox 1717 950 1744 1001; x_wconf 85' lang='grc' dir='ltr'><strong>ό</strong></span> <span class='ocrx_word' id='word_1_68' title='bbox 1779 946 2009 1016; x_wconf 82' lang='grc' dir='ltr'>Σωκράο</span> 
     </span>
    </p>
   </div>
   <div class='ocr_carea' id='block_1_11' title="bbox 420 1037 2008 1112">
    <p class='ocr_par' dir='ltr' id='par_1_11' title="bbox 420 1037 2008 1112">
     <span class='ocr_line' id='line_1_11' title="bbox 420 1037 2008 1112; baseline -0.002 -17"><span class='ocrx_word' id='word_1_69' title='bbox 420 1059 521 1112; x_wconf 86' lang='grc' dir='ltr'>της</span> <span class='ocrx_word' id='word_1_70' title='bbox 549 1040 642 1092; x_wconf 80' lang='grc' dir='ltr'>τοῦ</span> <span class='ocrx_word' id='word_1_71' title='bbox 682 1039 823 1103; x_wconf 79' lang='grc' dir='ltr'>τινὸς</span> <span class='ocrx_word' id='word_1_72' title='bbox 875 1038 1185 1108; x_wconf 84' lang='grc' dir='ltr'>ἀνθρώπου.</span> <span class='ocrx_word' id='word_1_73' title='bbox 1228 1038 1352 1092; x_wconf 77' lang='grc' dir='ltr'><strong>Ἐπὶ</strong></span> <span class='ocrx_word' id='word_1_74' title='bbox 1378 1039 1434 1092; x_wconf 77' lang='grc' dir='ltr'><strong>δὲ</strong></span> <span class='ocrx_word' id='word_1_75' title='bbox 1473 1039 1568 1093; x_wconf 82' lang='grc' dir='ltr'>τοῦ</span> <span class='ocrx_word' id='word_1_76' title='bbox 1598 1037 1829 1092; x_wconf 80' lang='grc' dir='ltr'><strong>καθόλου</strong></span> <span class='ocrx_word' id='word_1_77' title='bbox 1865 1038 2008 1106; x_wconf 85' lang='grc' dir='ltr'>λαμ-</span> 
     </span>
    </p>
   </div>
   <div class='ocr_carea' id='block_1_12' title="bbox 424 1128 2006 1199">
    <p class='ocr_par' dir='ltr' id='par_1_12' title="bbox 424 1128 2006 1199">
     <span class='ocr_line' id='line_1_12' title="bbox 424 1128 2006 1199; baseline -0.001 -16"><span class='ocrx_word' id='word_1_78' title='bbox 424 1130 725 1199; x_wconf 74' lang='grc' dir='ltr'>ϐανομένου</span> <span class='ocrx_word' id='word_1_79' title='bbox 782 1129 1012 1183; x_wconf 76' lang='grc' dir='ltr'>καθόλου</span> <span class='ocrx_word' id='word_1_80' title='bbox 1060 1130 1161 1182; x_wconf 84' lang='grc' dir='ltr'><strong>οὐκ</strong></span> <span class='ocrx_word' id='word_1_81' title='bbox 1196 1130 1313 1183; x_wconf 70' lang='grc' dir='ltr'>ἔστι</span> <span class='ocrx_word' id='word_1_82' title='bbox 1344 1129 1406 1183; x_wconf 83' lang='grc' dir='ltr'>τδ</span> <span class='ocrx_word' id='word_1_83' title='bbox 1436 1128 1682 1183; x_wconf 83' lang='grc' dir='ltr'>τοιοῦτον</span> <span class='ocrx_word' id='word_1_84' title='bbox 1706 1129 1905 1182; x_wconf 80' lang='grc' dir='ltr'>εἰπεῖν.</span> <span class='ocrx_word' id='word_1_85' title='bbox 1942 1129 2006 1182; x_wconf 80' lang='grc' dir='ltr'><strong>Εἰ</strong></span> 
     </span>
    </p>
   </div>
   <div class='ocr_carea' id='block_1_13' title="bbox 424 1219 2006 1291">
    <p class='ocr_par' dir='ltr' id='par_1_13' title="bbox 424 1219 2006 1291">
     <span class='ocr_line' id='line_1_13' title="bbox 424 1219 2006 1291; baseline -0.001 -16"><span class='ocrx_word' id='word_1_86' title='bbox 424 1222 536 1290; x_wconf 84' lang='grc' dir='ltr'>γὰρ</span> <span class='ocrx_word' id='word_1_87' title='bbox 567 1223 596 1274; x_wconf 88' lang='grc' dir='ltr'>ὁ</span> <span class='ocrx_word' id='word_1_88' title='bbox 628 1223 736 1284; x_wconf 78' lang='grc' dir='ltr'>πᾶς</span> <span class='ocrx_word' id='word_1_89' title='bbox 783 1220 1070 1291; x_wconf 79' lang='grc' dir='ltr'>ἄνθρωπος</span> <span class='ocrx_word' id='word_1_90' title='bbox 1100 1222 1253 1275; x_wconf 69' lang='grc' dir='ltr'>οὐδὲν</span> <span class='ocrx_word' id='word_1_91' title='bbox 1287 1219 1398 1275; x_wconf 85' lang='grc' dir='ltr'><strong>τῶν</strong></span> <span class='ocrx_word' id='word_1_92' title='bbox 1433 1221 1650 1274; x_wconf 68' lang='grc' dir='ltr'>πάντων</span> <span class='ocrx_word' id='word_1_93' title='bbox 1696 1220 2006 1289; x_wconf 86' lang='grc' dir='ltr'>ἀνθρώπων</span> 
     </span>
    </p>
   </div>
   <div class='ocr_carea' id='block_1_14' title="bbox 424 1306 2032 1384">
    <p class='ocr_par' dir='ltr' id='par_1_14' title="bbox 424 1306 2032 1384">
     <span class='ocr_line' id='line_1_14' title="bbox 424 1306 2032 1384; baseline -0.002 -17"><span class='ocrx_word' id='word_1_94' title='bbox 424 1313 694 1384; x_wconf 77' lang='grc' dir='ltr'><strong>διαφέρει,</strong></span> <span class='ocrx_word' id='word_1_95' title='bbox 722 1313 771 1366; x_wconf 83' lang='grc' dir='ltr'>οἱ</span> <span class='ocrx_word' id='word_1_96' title='bbox 821 1306 877 1366; x_wconf 79' lang='grc' dir='ltr'><strong>δὲ</strong></span> <span class='ocrx_word' id='word_1_97' title='bbox 936 1315 1136 1374; x_wconf 66' lang='grc' dir='ltr'>πάντες</span> <span class='ocrx_word' id='word_1_98' title='bbox 1183 1313 1463 1381; x_wconf 79' lang='grc' dir='ltr'>ἄνθρωποι</span> <span class='ocrx_word' id='word_1_99' title='bbox 1518 1312 1625 1365; x_wconf 80' lang='grc' dir='ltr'>τῶν</span> <span class='ocrx_word' id='word_1_100' title='bbox 1662 1308 2032 1366; x_wconf 80' lang='grc' dir='ltr'>καοέκαστον”</span> 
     </span>
    </p>
   </div>
   <div class='ocr_carea' id='block_1_15' title="bbox 427 1402 2008 1474">
    <p class='ocr_par' dir='ltr' id='par_1_15' title="bbox 427 1402 2008 1474">
     <span class='ocr_line' id='line_1_15' title="bbox 427 1402 2008 1474; baseline -0.003 -16"><span class='ocrx_word' id='word_1_101' title='bbox 427 1406 644 1461; x_wconf 76' lang='grc' dir='ltr'>στάντων</span> <span class='ocrx_word' id='word_1_102' title='bbox 690 1403 994 1474; x_wconf 71' lang='grc' dir='ltr'>ἀιθρὼπων</span> <span class='ocrx_word' id='word_1_103' title='bbox 1053 1402 1231 1456; x_wconf 77' lang='grc' dir='ltr'>οὐδενὶ</span> <span class='ocrx_word' id='word_1_104' title='bbox 1294 1402 1441 1470; x_wconf 77' lang='grc' dir='ltr'>ἄλλῳ</span> <span class='ocrx_word' id='word_1_105' title='bbox 1503 1402 1535 1471; x_wconf 81' lang='grc' dir='ltr'>ἢ</span> <span class='ocrx_word' id='word_1_106' title='bbox 1595 1402 1676 1473; x_wconf 80' lang='grc' dir='ltr'>τῷ</span> <span class='ocrx_word' id='word_1_107' title='bbox 1726 1402 1863 1470; x_wconf 77' lang='grc' dir='ltr'>ὁμοῦ</span> <span class='ocrx_word' id='word_1_108' title='bbox 1914 1402 2008 1455; x_wconf 76' lang='grc' dir='ltr'><strong>καὶ</strong></span> 
     </span>
    </p>
   </div>
   <div class='ocr_carea' id='block_1_16' title="bbox 424 1494 2007 1567">
    <p class='ocr_par' dir='ltr' id='par_1_16' title="bbox 424 1494 2007 1567">
     <span class='ocr_line' id='line_1_16' title="bbox 424 1494 2007 1567; baseline 0.001 -18"><span class='ocrx_word' id='word_1_109' title='bbox 424 1497 596 1567; x_wconf 80' lang='grc' dir='ltr'>χωρὶς</span> <span class='ocrx_word' id='word_1_110' title='bbox 646 1496 1006 1566; x_wconf 77' lang='grc' dir='ltr'>διαφέρουσι·</span> <span class='ocrx_word' id='word_1_111' title='bbox 1040 1495 1142 1549; x_wconf 84' lang='grc' dir='ltr'>τίν’</span> <span class='ocrx_word' id='word_1_112' title='bbox 1190 1494 1257 1548; x_wconf 85' lang='grc' dir='ltr'><strong>ἂν</strong></span> <span class='ocrx_word' id='word_1_113' title='bbox 1298 1494 1410 1566; x_wconf 78' lang='grc' dir='ltr'>ἔχοι</span> <span class='ocrx_word' id='word_1_114' title='bbox 1460 1494 1621 1563; x_wconf 86' lang='grc' dir='ltr'>λόγον</span> <span class='ocrx_word' id='word_1_115' title='bbox 1671 1495 1798 1559; x_wconf 84' lang='grc' dir='ltr'>τοὺς</span> <span class='ocrx_word' id='word_1_116' title='bbox 1842 1495 2007 1550; x_wconf 88' lang='grc' dir='ltr'>καθέ-</span> 
     </span>
    </p>
   </div>
   <div class='ocr_carea' id='block_1_17' title="bbox 423 1583 2005 1658">
    <p class='ocr_par' dir='ltr' id='par_1_17' title="bbox 423 1583 2005 1658">
     <span class='ocr_line' id='line_1_17' title="bbox 423 1583 2005 1658; baseline -0.001 -17"><span class='ocrx_word' id='word_1_117' title='bbox 423 1606 626 1644; x_wconf 85' lang='grc' dir='ltr'>καστον</span> <span class='ocrx_word' id='word_1_118' title='bbox 655 1589 979 1658; x_wconf 81' lang='grc' dir='ltr'>ἀνθρώπους</span> <span class='ocrx_word' id='word_1_119' title='bbox 1014 1588 1358 1657; x_wconf 82' lang='grc' dir='ltr'>κυριωτέρας</span> <span class='ocrx_word' id='word_1_120' title='bbox 1402 1603 1463 1639; x_wconf 85' lang='grc' dir='ltr'><strong>τε</strong></span> <span class='ocrx_word' id='word_1_121' title='bbox 1511 1587 1701 1651; x_wconf 74' lang='grc' dir='ltr'>οὐσίας</span> <span class='ocrx_word' id='word_1_122' title='bbox 1734 1583 1877 1641; x_wconf 84' lang='grc' dir='ltr'>εἶναι</span> <span class='ocrx_word' id='word_1_123' title='bbox 1909 1585 2005 1641; x_wconf 84' lang='grc' dir='ltr'>τοῦ</span> 
     </span>
    </p>
   </div>
   <div class='ocr_carea' id='block_1_18' title="bbox 424 1674 2006 1749">
    <p class='ocr_par' dir='ltr' id='par_1_18' title="bbox 424 1674 2006 1749">
     <span class='ocr_line' id='line_1_18' title="bbox 424 1674 2006 1749; baseline -0.001 -15"><span class='ocrx_word' id='word_1_124' title='bbox 424 1681 626 1744; x_wconf 78' lang='grc' dir='ltr'>παντὸς</span> <span class='ocrx_word' id='word_1_125' title='bbox 660 1679 972 1749; x_wconf 81' lang='grc' dir='ltr'>ἀνθρώπου,</span> <span class='ocrx_word' id='word_1_126' title='bbox 1007 1680 1103 1733; x_wconf 72' lang='grc' dir='ltr'><strong>καὶ</strong></span> <span class='ocrx_word' id='word_1_127' title='bbox 1136 1678 1339 1747; x_wconf 82' lang='grc' dir='ltr'>μᾶλλόν</span> <span class='ocrx_word' id='word_1_128' title='bbox 1376 1695 1440 1745; x_wconf 88' lang='grc' dir='ltr'><strong>γε</strong></span> <span class='ocrx_word' id='word_1_129' title='bbox 1492 1674 1653 1743; x_wconf 76' lang='grc' dir='ltr'>εἶναι,</span> <span class='ocrx_word' id='word_1_130' title='bbox 1702 1680 1749 1732; x_wconf 82' lang='grc' dir='ltr'><strong>εί</strong></span> <span class='ocrx_word' id='word_1_131' title='bbox 1781 1679 1855 1749; x_wconf 80' lang='grc' dir='ltr'>μὴ</span> <span class='ocrx_word' id='word_1_132' title='bbox 1894 1679 2006 1748; x_wconf 79' lang='grc' dir='ltr'><strong>ἀρα</strong></span> 
     </span>
    </p>
   </div>
   <div class='ocr_carea' id='block_1_19' title="bbox 422 1752 2010 1839">
    <p class='ocr_par' dir='ltr' id='par_1_19' title="bbox 422 1764 2007 1839">
     <span class='ocr_line' id='line_1_19' title="bbox 422 1764 2007 1839; baseline -0.001 -16"><span class='ocrx_word' id='word_1_133' title='bbox 422 1768 501 1839; x_wconf 80' lang='grc' dir='ltr'>τῷ</span> <span class='ocrx_word' id='word_1_134' title='bbox 529 1770 655 1831; x_wconf 72' lang='grc' dir='ltr'>τοὺς</span> <span class='ocrx_word' id='word_1_135' title='bbox 686 1766 786 1837; x_wconf 76' lang='grc' dir='ltr'>μὲν</span> <span class='ocrx_word' id='word_1_136' title='bbox 812 1767 981 1838; x_wconf 73' lang='grc' dir='ltr'>χωρὶς</span> <span class='ocrx_word' id='word_1_137' title='bbox 1003 1766 1092 1818; x_wconf 83' lang='grc' dir='ltr'><strong>τὸν</strong></span> <span class='ocrx_word' id='word_1_138' title='bbox 1119 1767 1165 1820; x_wconf 80' lang='grc' dir='ltr'><strong>δ’</strong></span> <span class='ocrx_word' id='word_1_139' title='bbox 1191 1764 1332 1835; x_wconf 79' lang='grc' dir='ltr'>ὁμοῦ</span> <span class='ocrx_word' id='word_1_140' title='bbox 1377 1765 1754 1835; x_wconf 77' lang='grc' dir='ltr'>λαμϐάνεσθαι</span> <span class='ocrx_word' id='word_1_141' title='bbox 1782 1785 1796 1833; x_wconf 86' lang='lat'><strong>;</strong></span> <span class='ocrx_word' id='word_1_142' title='bbox 1833 1766 2007 1821; x_wconf 82' lang='grc' dir='ltr'>Τοῦτο</span> 
     </span>
    </p>
   </div>
   <div class='ocr_carea' id='block_1_20' title="bbox 2113 1752 3835 1839">
    <p class='ocr_par' dir='ltr' id='par_1_20' title="bbox 2113 1752 3835 1817">
     <span class='ocr_line' id='line_1_20' title="bbox 2113 1752 3835 1817; baseline -0.009 -1"><span class='ocrx_word' id='word_1_143' title='bbox 2113 1762 2305 1816; x_wconf 90' lang='lat' dir='ltr'><strong>horum</strong></span> <span class='ocrx_word' id='word_1_144' title='bbox 2338 1759 2572 1815; x_wconf 88' lang='lat' dir='ltr'><strong>duorum</strong></span> <span class='ocrx_word' id='word_1_145' title='bbox 2599 1753 3022 1817; x_wconf 80' lang='lat' dir='ltr'><strong>estdiﬂerentia,</strong></span> <span class='ocrx_word' id='word_1_146' title='bbox 3046 1752 3227 1809; x_wconf 89' lang='lat' dir='ltr'><strong>omnis</strong></span> <span class='ocrx_word' id='word_1_147' title='bbox 3250 1752 3415 1806; x_wconf 88' lang='lat' dir='ltr'><strong>homo</strong></span> <span class='ocrx_word' id='word_1_148' title='bbox 3433 1760 3487 1805; x_wconf 90' lang='lat' dir='ltr'><strong>et</strong></span> <span class='ocrx_word' id='word_1_149' title='bbox 3506 1765 3695 1805; x_wconf 69' lang='lat' dir='ltr'><strong>omner</strong></span> <span class='ocrx_word' id='word_1_150' title='bbox 3833 1790 3835 1793; x_wconf 51' lang='grc' dir='ltr'><strong>τ</strong></span> 
     </span>
    </p>
   </div>
   <div class='ocr_carea' id='block_1_21' title="bbox 2108 567 3694 644">
    <p class='ocr_par' dir='ltr' id='par_1_21' title="bbox 2108 567 3694 644">
     <span class='ocr_line' id='line_1_21' title="bbox 2108 567 3694 644; baseline -0.005 -17"><span class='ocrx_word' id='word_1_151' title='bbox 2108 576 2420 629; x_wconf 86' lang='lat' dir='ltr'><strong>universum</strong></span> <span class='ocrx_word' id='word_1_152' title='bbox 2480 586 2853 644; x_wconf 65' lang='lat' dir='ltr'><strong>saepenumero</strong></span> <span class='ocrx_word' id='word_1_153' title='bbox 2902 569 3040 623; x_wconf 88' lang='lat' dir='ltr'><strong>solet</strong></span> <span class='ocrx_word' id='word_1_154' title='bbox 3094 567 3289 637; x_wconf 83' lang='lat' dir='ltr'><strong>accipi,</strong></span> <span class='ocrx_word' id='word_1_155' title='bbox 3347 574 3459 620; x_wconf 89' lang='lat' dir='ltr'><strong>tum</strong></span> <span class='ocrx_word' id='word_1_156' title='bbox 3532 580 3563 620; x_wconf 71' lang='grc' dir='ltr'><strong>α</strong></span> <span class='ocrx_word' id='word_1_157' title='bbox 3618 579 3694 619; x_wconf 87' lang='lat' dir='ltr'><strong>ra-</strong></span> 
     </span>
    </p>
   </div>
   <div class='ocr_carea' id='block_1_22' title="bbox 2108 659 3697 735">
    <p class='ocr_par' dir='ltr' id='par_1_22' title="bbox 2108 659 3697 735">
     <span class='ocr_line' id='line_1_22' title="bbox 2108 659 3697 735; baseline -0.006 -15"><span class='ocrx_word' id='word_1_158' title='bbox 2108 666 2250 720; x_wconf 71' lang='lat' dir='ltr'><strong>tione</strong></span> <span class='ocrx_word' id='word_1_159' title='bbox 2291 668 2417 719; x_wconf 86' lang='lat' dir='ltr'><strong>illud</strong></span> <span class='ocrx_word' id='word_1_160' title='bbox 2449 666 2593 735; x_wconf 91' lang='lat' dir='ltr'><strong>quod</strong></span> <span class='ocrx_word' id='word_1_161' title='bbox 2632 664 2761 719; x_wconf 84' lang='lat' dir='ltr'><strong>dicit</strong></span> <span class='ocrx_word' id='word_1_162' title='bbox 2818 677 2923 715; x_wconf 92' lang='lat' dir='ltr'><strong>non</strong></span> <span class='ocrx_word' id='word_1_163' title='bbox 2969 670 3116 716; x_wconf 71' lang='lat' dir='ltr'><strong>esset</strong></span> <span class='ocrx_word' id='word_1_164' title='bbox 3182 662 3446 714; x_wconf 90' lang='lat' dir='ltr'><strong>alienum.</strong></span> <span class='ocrx_word' id='word_1_165' title='bbox 3508 659 3697 714; x_wconf 80' lang='lat' dir='ltr'><strong>Potest</strong></span> 
     </span>
    </p>
   </div>
   <div class='ocr_carea' id='block_1_23' title="bbox 2104 751 3697 827">
    <p class='ocr_par' dir='ltr' id='par_1_23' title="bbox 2104 751 3697 827">
     <span class='ocr_line' id='line_1_23' title="bbox 2104 751 3697 827; baseline -0.005 -13"><span class='ocrx_word' id='word_1_166' title='bbox 2104 760 2251 814; x_wconf 87' lang='lat' dir='ltr'><strong>enim</strong></span> <span class='ocrx_word' id='word_1_167' title='bbox 2273 759 2437 827; x_wconf 86' lang='lat' dir='ltr'><strong>idque</strong></span> <span class='ocrx_word' id='word_1_168' title='bbox 2469 772 2573 811; x_wconf 90' lang='lat' dir='ltr'><strong>non</strong></span> <span class='ocrx_word' id='word_1_169' title='bbox 2609 771 2753 819; x_wconf 85' lang='lat' dir='ltr'><strong>raro,</strong></span> <span class='ocrx_word' id='word_1_170' title='bbox 2779 755 3094 807; x_wconf 86' lang='lat' dir='ltr'><strong>universum</strong></span> <span class='ocrx_word' id='word_1_171' title='bbox 3157 752 3425 804; x_wconf 89' lang='lat' dir='ltr'><strong>rationem</strong></span> <span class='ocrx_word' id='word_1_172' title='bbox 3454 751 3697 807; x_wconf 78' lang='lat' dir='ltr'><strong>universi</strong></span> 
     </span>
    </p>
   </div>
   <div class='ocr_carea' id='block_1_24' title="bbox 2106 831 3685 912">
    <p class='ocr_par' dir='ltr' id='par_1_24' title="bbox 2106 831 3685 912">
     <span class='ocr_line' id='line_1_24' title="bbox 2106 831 3685 912; baseline -0.006 -7"><span class='ocrx_word' id='word_1_173' title='bbox 2106 831 2378 912; x_wconf 79' lang='lat' dir='ltr'><strong>amittere,</strong></span> <span class='ocrx_word' id='word_1_174' title='bbox 2415 863 2541 901; x_wconf 92' lang='lat' dir='ltr'><strong>cum</strong></span> <span class='ocrx_word' id='word_1_175' title='bbox 2575 840 2687 900; x_wconf 84' lang='lat' dir='ltr'><strong>non</strong></span> <span class='ocrx_word' id='word_1_176' title='bbox 2733 859 2951 899; x_wconf 90' lang='lat' dir='ltr'><strong>omnem</strong></span> <span class='ocrx_word' id='word_1_177' title='bbox 2983 844 3077 899; x_wconf 84' lang='lat' dir='ltr'><strong>sed</strong></span> <span class='ocrx_word' id='word_1_178' title='bbox 3111 842 3346 912; x_wconf 83' lang='lat' dir='ltr'><strong>aliquem</strong></span> <span class='ocrx_word' id='word_1_179' title='bbox 3375 842 3685 908; x_wconf 83' lang='lat' dir='ltr'><strong>hominem,</strong></span> 
     </span>
    </p>
   </div>
   <div class='ocr_carea' id='block_1_25' title="bbox 2106 931 3692 1008">
    <p class='ocr_par' dir='ltr' id='par_1_25' title="bbox 2106 931 3692 1008">
     <span class='ocr_line' id='line_1_25' title="bbox 2106 931 3692 1008; baseline -0.004 -15"><span class='ocrx_word' id='word_1_180' title='bbox 2106 954 2285 1008; x_wconf 87' lang='lat' dir='ltr'><strong>neque</strong></span> <span class='ocrx_word' id='word_1_181' title='bbox 2332 953 2494 993; x_wconf 90' lang='lat' dir='ltr'><strong>omne</strong></span> <span class='ocrx_word' id='word_1_182' title='bbox 2547 936 2770 1000; x_wconf 87' lang='lat' dir='ltr'><strong>animal,</strong></span> <span class='ocrx_word' id='word_1_183' title='bbox 2830 933 2925 989; x_wconf 90' lang='lat' dir='ltr'><strong>sed</strong></span> <span class='ocrx_word' id='word_1_184' title='bbox 2985 933 3257 1002; x_wconf 78' lang='lat' dir='ltr'><strong>quoddam</strong></span> <span class='ocrx_word' id='word_1_185' title='bbox 3311 931 3692 1000; x_wconf 69' lang='lat' dir='ltr'><strong>intelligimus.</strong></span> 
     </span>
    </p>
   </div>
   <div class='ocr_carea' id='block_1_26' title="bbox 2108 1023 3693 1094">
    <p class='ocr_par' dir='ltr' id='par_1_26' title="bbox 2108 1023 3693 1094">
     <span class='ocr_line' id='line_1_26' title="bbox 2108 1023 3693 1094; baseline -0.006 -8"><span class='ocrx_word' id='word_1_186' title='bbox 2108 1032 2268 1088; x_wconf 80' lang='lat' dir='ltr'><strong>Nunc</strong></span> <span class='ocrx_word' id='word_1_187' title='bbox 2329 1041 2511 1085; x_wconf 86' lang='lat' dir='ltr'><strong>autem</strong></span> <span class='ocrx_word' id='word_1_188' title='bbox 2548 1044 2655 1084; x_wconf 90' lang='lat' dir='ltr'><strong>non</strong></span> <span class='ocrx_word' id='word_1_189' title='bbox 2682 1029 2747 1081; x_wconf 86' lang='lat' dir='ltr'><strong>de</strong></span> <span class='ocrx_word' id='word_1_190' title='bbox 2776 1027 2871 1081; x_wconf 89' lang='lat' dir='ltr'><strong>illo</strong></span> <span class='ocrx_word' id='word_1_191' title='bbox 2894 1026 3175 1089; x_wconf 78' lang='lat' dir='ltr'><strong>universo,</strong></span> <span class='ocrx_word' id='word_1_192' title='bbox 3225 1023 3370 1094; x_wconf 87' lang='lat' dir='ltr'><strong>quod</strong></span> <span class='ocrx_word' id='word_1_193' title='bbox 3423 1025 3693 1078; x_wconf 88' lang='lat' dir='ltr'><strong>rationem</strong></span> 
     </span>
    </p>
   </div>
   <div class='ocr_carea' id='block_1_27' title="bbox 2108 1111 3698 1184">
    <p class='ocr_par' dir='ltr' id='par_1_27' title="bbox 2108 1111 3698 1184">
     <span class='ocr_line' id='line_1_27' title="bbox 2108 1111 3698 1184; baseline -0.008 -7"><span class='ocrx_word' id='word_1_194' title='bbox 2108 1123 2353 1177; x_wconf 80' lang='lat' dir='ltr'><strong>universi</strong></span> <span class='ocrx_word' id='word_1_195' title='bbox 2386 1122 2591 1184; x_wconf 89' lang='lat' dir='ltr'><strong>amisit,</strong></span> <span class='ocrx_word' id='word_1_196' title='bbox 2630 1118 2847 1172; x_wconf 84' lang='lat' dir='ltr'><strong>videtur</strong></span> <span class='ocrx_word' id='word_1_197' title='bbox 2879 1130 3191 1171; x_wconf 80' lang='lat' dir='ltr'><strong>sermonem</strong></span> <span class='ocrx_word' id='word_1_198' title='bbox 3248 1112 3454 1176; x_wconf 79' lang='lat' dir='ltr'><strong>facere,</strong></span> <span class='ocrx_word' id='word_1_199' title='bbox 3509 1115 3602 1166; x_wconf 87' lang='lat' dir='ltr'><strong>sed</strong></span> <span class='ocrx_word' id='word_1_200' title='bbox 3630 1111 3698 1165; x_wconf 89' lang='lat' dir='ltr'><strong>de</strong></span> 
     </span>
    </p>
   </div>
   <div class='ocr_carea' id='block_1_28' title="bbox 2107 1204 3697 1283">
    <p class='ocr_par' dir='ltr' id='par_1_28' title="bbox 2107 1204 3697 1283">
     <span class='ocr_line' id='line_1_28' title="bbox 2107 1204 3697 1283; baseline -0.009 -14"><span class='ocrx_word' id='word_1_201' title='bbox 2107 1215 2429 1283; x_wconf 82' lang='lat' dir='ltr'><strong>simpliciter</strong></span> <span class='ocrx_word' id='word_1_202' title='bbox 2492 1222 2719 1280; x_wconf 79' lang='lat' dir='ltr'><strong>accepto</strong></span> <span class='ocrx_word' id='word_1_203' title='bbox 2768 1210 3022 1263; x_wconf 88' lang='lat' dir='ltr'><strong>universo</strong></span> <span class='ocrx_word' id='word_1_204' title='bbox 3058 1216 3112 1261; x_wconf 89' lang='lat' dir='ltr'><strong>et</strong></span> <span class='ocrx_word' id='word_1_205' title='bbox 3160 1207 3227 1261; x_wconf 85' lang='lat' dir='ltr'><strong>de</strong></span> <span class='ocrx_word' id='word_1_206' title='bbox 3257 1204 3571 1274; x_wconf 87' lang='lat' dir='ltr'><strong>simpliciter</strong></span> <span class='ocrx_word' id='word_1_207' title='bbox 3612 1204 3697 1256; x_wconf 92' lang='lat' dir='ltr'><strong>in-</strong></span> 
     </span>
    </p>
   </div>
   <div class='ocr_carea' id='block_1_29' title="bbox 2116 1293 3699 1375">
    <p class='ocr_par' dir='ltr' id='par_1_29' title="bbox 2116 1293 3699 1375">
     <span class='ocr_line' id='line_1_29' title="bbox 2116 1293 3699 1375; baseline -0.006 -16"><span class='ocrx_word' id='word_1_208' title='bbox 2116 1306 2351 1375; x_wconf 79' lang='lat' dir='ltr'><strong>tellecta</strong></span> <span class='ocrx_word' id='word_1_209' title='bbox 2372 1305 2580 1358; x_wconf 88' lang='lat' dir='ltr'><strong>ratione</strong></span> <span class='ocrx_word' id='word_1_210' title='bbox 2611 1317 2865 1372; x_wconf 78' lang='lat' dir='ltr'><strong>generum</strong></span> <span class='ocrx_word' id='word_1_211' title='bbox 2881 1311 2934 1354; x_wconf 90' lang='lat' dir='ltr'><strong>et</strong></span> <span class='ocrx_word' id='word_1_212' title='bbox 2957 1295 3411 1368; x_wconf 81' lang='lat' dir='ltr'><strong>specierum,—tali</strong></span> <span class='ocrx_word' id='word_1_213' title='bbox 3444 1293 3699 1350; x_wconf 79' lang='lat' dir='ltr'><strong>fortassis</strong></span> 
     </span>
    </p>
   </div>
   <div class='ocr_carea' id='block_1_30' title="bbox 2108 1384 3697 1464">
    <p class='ocr_par' dir='ltr' id='par_1_30' title="bbox 2108 1384 3697 1464">
     <span class='ocr_line' id='line_1_30' title="bbox 2108 1384 3697 1464; baseline -0.008 -13"><span class='ocrx_word' id='word_1_214' title='bbox 2108 1407 2429 1464; x_wconf 77' lang='lat' dir='ltr'><strong>argumento</strong></span> <span class='ocrx_word' id='word_1_215' title='bbox 2486 1395 2756 1448; x_wconf 84' lang='lat' dir='ltr'><strong>adductus</strong></span> <span class='ocrx_word' id='word_1_216' title='bbox 2809 1392 2876 1447; x_wconf 88' lang='lat' dir='ltr'><strong>ad</strong></span> <span class='ocrx_word' id='word_1_217' title='bbox 2950 1391 3092 1445; x_wconf 83' lang='lat' dir='ltr'><strong>hanc</strong></span> <span class='ocrx_word' id='word_1_218' title='bbox 3145 1385 3497 1443; x_wconf 86' lang='lat' dir='ltr'><strong>sententiam.</strong></span> <span class='ocrx_word' id='word_1_219' title='bbox 3563 1384 3697 1440; x_wconf 83' lang='lat' dir='ltr'><strong>Esse</strong></span> 
     </span>
    </p>
   </div>
   <div class='ocr_carea' id='block_1_31' title="bbox 2106 1479 3694 1551">
    <p class='ocr_par' dir='ltr' id='par_1_31' title="bbox 2106 1479 3694 1551">
     <span class='ocr_line' id='line_1_31' title="bbox 2106 1479 3694 1551; baseline -0.007 -10"><span class='ocrx_word' id='word_1_220' title='bbox 2106 1486 2251 1541; x_wconf 91' lang='lat' dir='ltr'><strong>enim</strong></span> <span class='ocrx_word' id='word_1_221' title='bbox 2289 1486 2559 1540; x_wconf 72' lang='lat' dir='ltr'><strong>interdum</strong></span> <span class='ocrx_word' id='word_1_222' title='bbox 2591 1484 2830 1551; x_wconf 87' lang='lat' dir='ltr'><strong>quodam</strong></span> <span class='ocrx_word' id='word_1_223' title='bbox 2861 1481 3084 1536; x_wconf 87' lang='lat' dir='ltr'><strong>homine</strong></span> <span class='ocrx_word' id='word_1_224' title='bbox 3114 1479 3396 1534; x_wconf 75' lang='lat' dir='ltr'><strong>Socratem</strong></span> <span class='ocrx_word' id='word_1_225' title='bbox 3427 1486 3694 1545; x_wconf 72' lang='lat' dir='ltr'><strong>praestan-</strong></span> 
     </span>
    </p>
   </div>
   <div class='ocr_carea' id='block_1_32' title="bbox 2110 1566 3697 1632">
    <p class='ocr_par' dir='ltr' id='par_1_32' title="bbox 2110 1566 3697 1632">
     <span class='ocr_line' id='line_1_32' title="bbox 2110 1566 3697 1632; baseline -0.008 -1"><span class='ocrx_word' id='word_1_226' title='bbox 2110 1579 2327 1632; x_wconf 89' lang='lat' dir='ltr'><strong>tiorem.</strong></span> <span class='ocrx_word' id='word_1_227' title='bbox 2362 1575 2431 1631; x_wconf 84' lang='lat' dir='ltr'><strong>At</strong></span> <span class='ocrx_word' id='word_1_228' title='bbox 2454 1589 2585 1629; x_wconf 88' lang='lat' dir='ltr'><strong>vero</strong></span> <span class='ocrx_word' id='word_1_229' title='bbox 2619 1574 2689 1628; x_wconf 90' lang='lat' dir='ltr'><strong>de</strong></span> <span class='ocrx_word' id='word_1_230' title='bbox 2714 1572 2975 1626; x_wconf 88' lang='lat' dir='ltr'><strong>universo</strong></span> <span class='ocrx_word' id='word_1_231' title='bbox 3010 1566 3278 1623; x_wconf 77' lang='lat' dir='ltr'><strong>rationem</strong></span> <span class='ocrx_word' id='word_1_232' title='bbox 3315 1567 3558 1622; x_wconf 89' lang='lat' dir='ltr'><strong>universi</strong></span> <span class='ocrx_word' id='word_1_233' title='bbox 3606 1579 3697 1619; x_wconf 83' lang='lat' dir='ltr'><strong>re-</strong></span> 
     </span>
    </p>
   </div>
   <div class='ocr_carea' id='block_1_33' title="bbox 2111 1657 3694 1737">
    <p class='ocr_par' dir='ltr' id='par_1_33' title="bbox 2111 1657 3694 1737">
     <span class='ocr_line' id='line_1_33' title="bbox 2111 1657 3694 1737; baseline -0.007 -13"><span class='ocrx_word' id='word_1_234' title='bbox 2111 1670 2339 1735; x_wconf 85' lang='lat' dir='ltr'><strong>tinente,</strong></span> <span class='ocrx_word' id='word_1_235' title='bbox 2367 1682 2477 1722; x_wconf 90' lang='lat' dir='ltr'><strong>non</strong></span> <span class='ocrx_word' id='word_1_236' title='bbox 2510 1673 2691 1737; x_wconf 88' lang='lat' dir='ltr'><strong>potest</strong></span> <span class='ocrx_word' id='word_1_237' title='bbox 2712 1664 2822 1719; x_wconf 84' lang='lat' dir='ltr'><strong>tale</strong></span> <span class='ocrx_word' id='word_1_238' title='bbox 2846 1663 3122 1731; x_wconf 81' lang='lat' dir='ltr'><strong>quippiam</strong></span> <span class='ocrx_word' id='word_1_239' title='bbox 3152 1660 3285 1715; x_wconf 90' lang='lat' dir='ltr'><strong>dici.</strong></span> <span class='ocrx_word' id='word_1_240' title='bbox 3308 1659 3443 1714; x_wconf 85' lang='lat' dir='ltr'><strong>Nam</strong></span> <span class='ocrx_word' id='word_1_241' title='bbox 3476 1658 3521 1713; x_wconf 88' lang='lat' dir='ltr'><strong>si</strong></span> <span class='ocrx_word' id='word_1_242' title='bbox 3548 1657 3694 1713; x_wconf 87' lang='lat' dir='ltr'><strong>nulla</strong></span> 
     </span>
    </p>
   </div>
   <div class='ocr_carea' id='block_1_34' title="bbox 420 1828 2010 1929">
    <p class='ocr_par' dir='ltr' id='par_1_34' title="bbox 420 1828 2004 1929">
     <span class='ocr_line' id='line_1_34' title="bbox 420 1828 2004 1929; baseline -0.001 -16"><span class='ocrx_word' id='word_1_243' title='bbox 420 1828 484 1914; x_wconf 66' lang='grc' dir='ltr'>δέ</span> <span class='ocrx_word' id='word_1_244' title='bbox 530 1828 699 1913; x_wconf 42' lang='grc' dir='ltr'>κατά.</span> <span class='ocrx_word' id='word_1_245' title='bbox 728 1828 845 1929; x_wconf 38' lang='grc' dir='ltr'>μὲν,</span> <span class='ocrx_word' id='word_1_246' title='bbox 875 1828 1036 1912; x_wconf 70' lang='grc' dir='ltr'>αὑτὸν</span> <span class='ocrx_word' id='word_1_247' title='bbox 1090 1857 1183 1912; x_wconf 78' lang='grc' dir='ltr'><strong>τὸν</strong></span> <span class='ocrx_word' id='word_1_248' title='bbox 1226 1828 1578 1927; x_wconf 46' lang='grc' dir='ltr'>ζΑριστοτέλη</span> <span class='ocrx_word' id='word_1_249' title='bbox 1622 1858 1709 1929; x_wconf 74' lang='grc' dir='ltr'><strong>εἴη</strong></span> <span class='ocrx_word' id='word_1_250' title='bbox 1758 1828 1825 1912; x_wconf 64' lang='grc' dir='ltr'><strong>ἀν</strong></span> <span class='ocrx_word' id='word_1_251' title='bbox 1874 1860 2004 1923; x_wconf 81' lang='grc' dir='ltr'>ἴσως</span> 
     </span>
    </p>
   </div>
   <div class='ocr_carea' id='block_1_35' title="bbox 2113 1828 3695 1929">
    <p class='ocr_par' dir='ltr' id='par_1_35' title="bbox 2115 1843 3695 1919">
     <span class='ocr_line' id='line_1_35' title="bbox 2115 1843 3695 1919; baseline -0.006 -9"><span class='ocrx_word' id='word_1_252' title='bbox 2115 1843 2401 1917; x_wconf 51' lang='lat' dir='ltr'><strong>homines:</strong></span> <span class='ocrx_word' id='word_1_253' title='bbox 2434 1866 2625 1906; x_wconf 90' lang='lat' dir='ltr'><strong>omnes</strong></span> <span class='ocrx_word' id='word_1_254' title='bbox 2677 1864 2841 1919; x_wconf 87' lang='lat' dir='ltr'><strong>porro</strong></span> <span class='ocrx_word' id='word_1_255' title='bbox 2889 1847 3142 1902; x_wconf 86' lang='lat' dir='ltr'><strong>homines</strong></span> <span class='ocrx_word' id='word_1_256' title='bbox 3181 1861 3211 1899; x_wconf 86' lang='lat' dir='ltr'><strong>a</strong></span> <span class='ocrx_word' id='word_1_257' title='bbox 3242 1844 3490 1915; x_wconf 82' lang='lat' dir='ltr'><strong>singulis,</strong></span> <span class='ocrx_word' id='word_1_258' title='bbox 3517 1843 3695 1914; x_wconf 76' lang='lat' dir='ltr'><strong>iisque</strong></span> 
     </span>
    </p>
   </div>
   <div class='ocr_carea' id='block_1_36' title="bbox 398 1948 2004 2019">
    <p class='ocr_par' dir='ltr' id='par_1_36' title="bbox 398 1948 2004 2019">
     <span class='ocr_line' id='line_1_36' title="bbox 398 1948 2004 2019; baseline -0.002 -14"><span class='ocrx_word' id='word_1_259' title='bbox 398 1951 567 2018; x_wconf 76' lang='grc' dir='ltr'>πρὸς</span> <span class='ocrx_word' id='word_1_260' title='bbox 614 1951 797 2018; x_wconf 82' lang='grc' dir='ltr'>λόγου,</span> <span class='ocrx_word' id='word_1_261' title='bbox 830 1949 918 2004; x_wconf 83' lang='grc' dir='ltr'><strong>διὰ</strong></span> <span class='ocrx_word' id='word_1_262' title='bbox 962 1952 1022 2004; x_wconf 70' lang='grc' dir='ltr'>τὺ</span> <span class='ocrx_word' id='word_1_263' title='bbox 1066 1950 1143 2019; x_wconf 85' lang='grc' dir='ltr'>τῷ</span> <span class='ocrx_word' id='word_1_264' title='bbox 1200 1948 1300 2019; x_wconf 68' lang='grc' dir='ltr'>μὲν</span> <span class='ocrx_word' id='word_1_265' title='bbox 1348 1950 1428 2003; x_wconf 73' lang='grc' dir='ltr'>ἑνὶ</span> <span class='ocrx_word' id='word_1_266' title='bbox 1475 1949 1551 2012; x_wconf 86' lang='grc' dir='ltr'><strong>ὡς</strong></span> <span class='ocrx_word' id='word_1_267' title='bbox 1603 1949 1673 2003; x_wconf 80' lang='grc' dir='ltr'><strong>τὰ</strong></span> <span class='ocrx_word' id='word_1_268' title='bbox 1708 1950 1882 2003; x_wconf 81' lang='grc' dir='ltr'>πολλὰ</span> <span class='ocrx_word' id='word_1_269' title='bbox 1912 1952 2004 2003; x_wconf 81' lang='grc' dir='ltr'><strong>τὸν</strong></span> 
     </span>
    </p>
   </div>
   <div class='ocr_carea' id='block_1_37' title="bbox 422 2038 2008 2110">
    <p class='ocr_par' dir='ltr' id='par_1_37' title="bbox 422 2038 2008 2110">
     <span class='ocr_line' id='line_1_37' title="bbox 422 2038 2008 2110; baseline 0.001 -17"><span class='ocrx_word' id='word_1_270' title='bbox 422 2040 592 2109; x_wconf 82' lang='grc' dir='ltr'>ἄνδρα</span> <span class='ocrx_word' id='word_1_271' title='bbox 624 2040 906 2108; x_wconf 82' lang='grc' dir='ltr'>πολεμεῖν,</span> <span class='ocrx_word' id='word_1_272' title='bbox 928 2041 995 2110; x_wconf 79' lang='grc' dir='ltr'>τῇ</span> <span class='ocrx_word' id='word_1_273' title='bbox 1032 2038 1089 2093; x_wconf 80' lang='grc' dir='ltr'><strong>δὲ</strong></span> <span class='ocrx_word' id='word_1_274' title='bbox 1121 2039 1214 2092; x_wconf 72' lang='grc' dir='ltr'>τοῦ</span> <span class='ocrx_word' id='word_1_275' title='bbox 1244 2038 1402 2103; x_wconf 78' lang='grc' dir='ltr'>ὄντος</span> <span class='ocrx_word' id='word_1_276' title='bbox 1444 2040 1734 2109; x_wconf 78' lang='grc' dir='ltr'>κατατομῇ</span> <span class='ocrx_word' id='word_1_277' title='bbox 1770 2039 2008 2109; x_wconf 82' lang='grc' dir='ltr'>μάλιστα.</span> 
     </span>
    </p>
   </div>
   <div class='ocr_carea' id='block_1_38' title="bbox 423 2129 2007 2202">
    <p class='ocr_par' dir='ltr' id='par_1_38' title="bbox 423 2129 2007 2202">
     <span class='ocr_line' id='line_1_38' title="bbox 423 2129 2007 2202; baseline 0.001 -20"><span class='ocrx_word' id='word_1_278' title='bbox 423 2130 636 2201; x_wconf 77' lang='grc' dir='ltr'>χαίρειν</span> <span class='ocrx_word' id='word_1_279' title='bbox 659 2147 675 2163; x_wconf 78' lang='grc' dir='ltr'><strong><em>ο</em></strong></span> <span class='ocrx_word' id='word_1_280' title='bbox 707 2132 868 2200; x_wconf 77' lang='grc' dir='ltr'>ἡμεῖς</span> <span class='ocrx_word' id='word_1_281' title='bbox 896 2130 939 2182; x_wconf 84' lang='grc' dir='ltr'>δ’</span> <span class='ocrx_word' id='word_1_282' title='bbox 972 2130 1071 2183; x_wconf 66' lang='grc' dir='ltr'><strong>οὐκ</strong></span> <span class='ocrx_word' id='word_1_283' title='bbox 1121 2130 1187 2184; x_wconf 85' lang='grc' dir='ltr'>ἂν</span> <span class='ocrx_word' id='word_1_284' title='bbox 1230 2129 1504 2200; x_wconf 76' lang='grc' dir='ltr'>ἑποίμεθα</span> <span class='ocrx_word' id='word_1_285' title='bbox 1559 2131 1749 2202; x_wconf 80' lang='grc' dir='ltr'>τάνδρὶ</span> <span class='ocrx_word' id='word_1_286' title='bbox 1794 2129 2007 2200; x_wconf 79' lang='grc' dir='ltr'>λογιζό-</span> 
     </span>
    </p>
   </div>
   <div class='ocr_carea' id='block_1_39' title="bbox 428 2221 2006 2294">
    <p class='ocr_par' dir='ltr' id='par_1_39' title="bbox 428 2221 2006 2294">
     <span class='ocr_line' id='line_1_39' title="bbox 428 2221 2006 2294; baseline 0.001 -20"><span class='ocrx_word' id='word_1_287' title='bbox 428 2238 582 2292; x_wconf 87' lang='grc' dir='ltr'>μενοι</span> <span class='ocrx_word' id='word_1_288' title='bbox 632 2221 729 2274; x_wconf 80' lang='grc' dir='ltr'>καὶ</span> <span class='ocrx_word' id='word_1_289' title='bbox 775 2222 865 2273; x_wconf 78' lang='grc' dir='ltr'><strong>τὸν</strong></span> <span class='ocrx_word' id='word_1_290' title='bbox 915 2221 1050 2274; x_wconf 62' lang='grc' dir='ltr'>Θεὸν</span> <span class='ocrx_word' id='word_1_291' title='bbox 1102 2222 1163 2274; x_wconf 79' lang='grc' dir='ltr'><strong>οὐ</strong></span> <span class='ocrx_word' id='word_1_292' title='bbox 1215 2221 1309 2275; x_wconf 71' lang='grc' dir='ltr'>τοῦ</span> <span class='ocrx_word' id='word_1_293' title='bbox 1345 2222 1489 2285; x_wconf 75' lang='grc' dir='ltr'>τινὸς</span> <span class='ocrx_word' id='word_1_294' title='bbox 1517 2222 1681 2276; x_wconf 73' lang='grc' dir='ltr'>ἕνεκα</span> <span class='ocrx_word' id='word_1_295' title='bbox 1716 2221 2006 2294; x_wconf 82' lang='grc' dir='ltr'>ἀνθρώπου</span> 
     </span>
    </p>
   </div>
   <div class='ocr_carea' id='block_1_40' title="bbox 422 2304 2007 2385">
    <p class='ocr_par' dir='ltr' id='par_1_40' title="bbox 422 2304 2007 2385">
     <span class='ocr_line' id='line_1_40' title="bbox 422 2304 2007 2385; baseline -0.001 -19"><span class='ocrx_word' id='word_1_296' title='bbox 422 2314 525 2383; x_wconf 84' lang='grc' dir='ltr'>τὴν</span> <span class='ocrx_word' id='word_1_297' title='bbox 555 2312 682 2382; x_wconf 83' lang='grc' dir='ltr'>ὅλην</span> <span class='ocrx_word' id='word_1_298' title='bbox 719 2304 1069 2381; x_wconf 79' lang='grc' dir='ltr'>ἀνθρωπείαν</span> <span class='ocrx_word' id='word_1_299' title='bbox 1097 2310 1282 2381; x_wconf 80' lang='grc' dir='ltr'>φύσιν,</span> <span class='ocrx_word' id='word_1_300' title='bbox 1314 2313 1453 2368; x_wconf 85' lang='grc' dir='ltr'><strong>ἀλλά</strong></span> <span class='ocrx_word' id='word_1_301' title='bbox 1482 2313 1580 2382; x_wconf 83' lang='grc' dir='ltr'>τῆς</span> <span class='ocrx_word' id='word_1_302' title='bbox 1624 2314 1756 2384; x_wconf 81' lang='grc' dir='ltr'>ὅλης</span> <span class='ocrx_word' id='word_1_303' title='bbox 1794 2314 2007 2385; x_wconf 80' lang='grc' dir='ltr'>ἀνθρω-</span> 
     </span>
    </p>
   </div>
   <div class='ocr_carea' id='block_1_41' title="bbox 425 2402 2009 2473">
    <p class='ocr_par' dir='ltr' id='par_1_41' title="bbox 425 2402 2009 2473">
     <span class='ocr_line' id='line_1_41' title="bbox 425 2402 2009 2473; baseline 0.001 -15"><span class='ocrx_word' id='word_1_304' title='bbox 425 2404 588 2468; x_wconf 88' lang='grc' dir='ltr'>πείας</span> <span class='ocrx_word' id='word_1_305' title='bbox 636 2403 852 2473; x_wconf 79' lang='grc' dir='ltr'>φύσεως</span> <span class='ocrx_word' id='word_1_306' title='bbox 904 2402 1070 2458; x_wconf 72' lang='grc' dir='ltr'>ἕνεκα</span> <span class='ocrx_word' id='word_1_307' title='bbox 1117 2405 1244 2467; x_wconf 81' lang='grc' dir='ltr'>τοὺς</span> <span class='ocrx_word' id='word_1_308' title='bbox 1294 2405 1635 2459; x_wconf 84' lang='grc' dir='ltr'>καθέκαστον</span> <span class='ocrx_word' id='word_1_309' title='bbox 1684 2406 2009 2473; x_wconf 81' lang='grc' dir='ltr'>ἀνθρώπους</span> 
     </span>
    </p>
   </div>
   <div class='ocr_carea' id='block_1_42' title="bbox 425 2494 2009 2568">
    <p class='ocr_par' dir='ltr' id='par_1_42' title="bbox 425 2494 2009 2568">
     <span class='ocr_line' id='line_1_42' title="bbox 425 2494 2009 2568; baseline 0.001 -18"><span class='ocrx_word' id='word_1_310' title='bbox 425 2494 756 2559; x_wconf 77' lang='grc' dir='ltr'>διατιθέντα,</span> <span class='ocrx_word' id='word_1_311' title='bbox 791 2495 965 2565; x_wconf 78' lang='grc' dir='ltr'>αὐτήν</span> <span class='ocrx_word' id='word_1_312' title='bbox 1017 2510 1076 2547; x_wconf 85' lang='grc' dir='ltr'><strong>τε</strong></span> <span class='ocrx_word' id='word_1_313' title='bbox 1123 2494 1223 2564; x_wconf 77' lang='grc' dir='ltr'>τὴν</span> <span class='ocrx_word' id='word_1_314' title='bbox 1287 2494 1639 2565; x_wconf 79' lang='grc' dir='ltr'>ἀνθρωπείαν</span> <span class='ocrx_word' id='word_1_315' title='bbox 1693 2496 1857 2565; x_wconf 81' lang='grc' dir='ltr'>φύσιν</span> <span class='ocrx_word' id='word_1_316' title='bbox 1909 2496 2009 2568; x_wconf 78' lang='grc' dir='ltr'>τῆς</span> 
     </span>
    </p>
   </div>
   <div class='ocr_carea' id='block_1_43' title="bbox 426 2586 2009 2659">
    <p class='ocr_par' dir='ltr' id='par_1_43' title="bbox 426 2586 2009 2659">
     <span class='ocr_line' id='line_1_43' title="bbox 426 2586 2009 2659; baseline 0.002 -19"><span class='ocrx_word' id='word_1_317' title='bbox 426 2586 556 2655; x_wconf 72' lang='grc' dir='ltr'>ὅλης</span> <span class='ocrx_word' id='word_1_318' title='bbox 600 2587 827 2657; x_wconf 80' lang='grc' dir='ltr'>λογικῆς</span> <span class='ocrx_word' id='word_1_319' title='bbox 865 2586 1031 2641; x_wconf 75' lang='grc' dir='ltr'>ἕνεκα</span> <span class='ocrx_word' id='word_1_320' title='bbox 1070 2586 1312 2655; x_wconf 75' lang='grc' dir='ltr'>φύσεως,</span> <span class='ocrx_word' id='word_1_321' title='bbox 1345 2588 1441 2639; x_wconf 81' lang='grc' dir='ltr'>καὶ</span> <span class='ocrx_word' id='word_1_322' title='bbox 1471 2586 1612 2651; x_wconf 83' lang='grc' dir='ltr'>ὅλως</span> <span class='ocrx_word' id='word_1_323' title='bbox 1645 2588 1814 2659; x_wconf 81' lang='grc' dir='ltr'>μέρος</span> <span class='ocrx_word' id='word_1_324' title='bbox 1842 2588 2009 2643; x_wconf 73' lang='grc' dir='ltr'>ἕνεκα</span> 
     </span>
    </p>
   </div>
   <div class='ocr_carea' id='block_1_44' title="bbox 427 2675 2011 2750">
    <p class='ocr_par' dir='ltr' id='par_1_44' title="bbox 427 2675 2011 2750">
     <span class='ocr_line' id='line_1_44' title="bbox 427 2675 2011 2750; baseline 0.003 -22"><span class='ocrx_word' id='word_1_325' title='bbox 427 2675 577 2742; x_wconf 75' lang='grc' dir='ltr'>ὅλου,</span> <span class='ocrx_word' id='word_1_326' title='bbox 611 2677 708 2746; x_wconf 75' lang='grc' dir='ltr'>οὐχ</span> <span class='ocrx_word' id='word_1_327' title='bbox 735 2676 858 2730; x_wconf 83' lang='grc' dir='ltr'>ὅλον</span> <span class='ocrx_word' id='word_1_328' title='bbox 880 2676 1045 2729; x_wconf 73' lang='grc' dir='ltr'>ἕνεκα</span> <span class='ocrx_word' id='word_1_329' title='bbox 1072 2676 1274 2746; x_wconf 80' lang='grc' dir='ltr'>μέρους</span> <span class='ocrx_word' id='word_1_330' title='bbox 1311 2676 1777 2747; x_wconf 78' lang='grc' dir='ltr'>ἀπεργαζόμενον.</span> <span class='ocrx_word' id='word_1_331' title='bbox 1818 2680 2011 2750; x_wconf 84' lang='grc' dir='ltr'>Ἰσμεν</span> 
     </span>
    </p>
   </div>
   <div class='ocr_carea' id='block_1_45' title="bbox 429 2765 2012 2839">
    <p class='ocr_par' dir='ltr' id='par_1_45' title="bbox 429 2765 2012 2839">
     <span class='ocr_line' id='line_1_45' title="bbox 429 2765 2012 2839; baseline 0.003 -19"><span class='ocrx_word' id='word_1_332' title='bbox 429 2765 488 2822; x_wconf 63' lang='grc' dir='ltr'><strong>δὲ</strong></span> <span class='ocrx_word' id='word_1_333' title='bbox 530 2769 623 2824; x_wconf 72' lang='grc' dir='ltr'><strong>καὶ</strong></span> <span class='ocrx_word' id='word_1_334' title='bbox 666 2767 763 2838; x_wconf 84' lang='grc' dir='ltr'>τὴν</span> <span class='ocrx_word' id='word_1_335' title='bbox 806 2768 901 2821; x_wconf 81' lang='grc' dir='ltr'>τοῦ</span> <span class='ocrx_word' id='word_1_336' title='bbox 948 2767 1179 2820; x_wconf 86' lang='grc' dir='ltr'>καθόλου</span> <span class='ocrx_word' id='word_1_337' title='bbox 1235 2767 1552 2838; x_wconf 81' lang='grc' dir='ltr'>ἐπιστήμην</span> <span class='ocrx_word' id='word_1_338' title='bbox 1596 2771 1695 2839; x_wconf 76' lang='grc' dir='ltr'><strong>τῆς</strong></span> <span class='ocrx_word' id='word_1_339' title='bbox 1739 2770 1833 2823; x_wconf 82' lang='grc' dir='ltr'>τοῦ</span> <span class='ocrx_word' id='word_1_340' title='bbox 1867 2772 2012 2825; x_wconf 86' lang='grc' dir='ltr'><strong>κατά</strong></span> 
     </span>
    </p>
   </div>
   <div class='ocr_carea' id='block_1_46' title="bbox 433 2852 2047 2932">
    <p class='ocr_par' dir='ltr' id='par_1_46' title="bbox 433 2852 2047 2932">
     <span class='ocr_line' id='line_1_46' title="bbox 433 2852 2047 2932; baseline 0.002 -19"><span class='ocrx_word' id='word_1_341' title='bbox 433 2859 600 2931; x_wconf 85' lang='grc' dir='ltr'>μέρος</span> <span class='ocrx_word' id='word_1_342' title='bbox 628 2860 825 2930; x_wconf 81' lang='grc' dir='ltr'>βελτίω</span> <span class='ocrx_word' id='word_1_343' title='bbox 850 2854 1035 2924; x_wconf 83' lang='grc' dir='ltr'>οὖσαν,</span> <span class='ocrx_word' id='word_1_344' title='bbox 1140 2860 1235 2912; x_wconf 75' lang='grc' dir='ltr'><strong>καὶ</strong></span> <span class='ocrx_word' id='word_1_345' title='bbox 1276 2859 1435 2921; x_wconf 69' lang='grc' dir='ltr'>αὐτὸς</span> <span class='ocrx_word' id='word_1_346' title='bbox 1465 2862 1493 2912; x_wconf 85' lang='grc' dir='ltr'><strong>ό</strong></span> <span class='ocrx_word' id='word_1_347' title='bbox 1536 2860 1915 2932; x_wconf 76' lang='grc' dir='ltr'>Ἀριστοτέλης</span> <span class='ocrx_word' id='word_1_348' title='bbox 1953 2864 2012 2917; x_wconf 81' lang='grc' dir='ltr'>ὲν</span> <span class='ocrx_word' id='word_1_349' title='bbox 2040 2892 2047 2900; x_wconf 85' lang='lat'><strong>-</strong></span> 
     </span>
    </p>
   </div>
   <div class='ocr_carea' id='block_1_47' title="bbox 427 2950 2011 3021">
    <p class='ocr_par' dir='ltr' id='par_1_47' title="bbox 427 2950 2011 3021">
     <span class='ocr_line' id='line_1_47' title="bbox 427 2950 2011 3021; baseline 0.004 -18"><span class='ocrx_word' id='word_1_350' title='bbox 427 2954 498 3021; x_wconf 77' lang='grc' dir='ltr'>τῇ</span> <span class='ocrx_word' id='word_1_351' title='bbox 531 2952 914 3019; x_wconf 76' lang='grc' dir='ltr'>ἀποδεικτικῇ,</span> <span class='ocrx_word' id='word_1_352' title='bbox 951 2950 1141 3021; x_wconf 84' lang='grc' dir='ltr'>ὥσπερ</span> <span class='ocrx_word' id='word_1_353' title='bbox 1175 2951 1373 3005; x_wconf 77' lang='grc' dir='ltr'>ἑαυτοῦ</span> <span class='ocrx_word' id='word_1_354' title='bbox 1414 2950 1809 3021; x_wconf 69' lang='grc' dir='ltr'>ἐκλαθόμενος,</span> <span class='ocrx_word' id='word_1_355' title='bbox 1844 2954 2011 3021; x_wconf 80' lang='grc' dir='ltr'>ἀξιοῖ.</span> 
     </span>
    </p>
   </div>
   <div class='ocr_carea' id='block_1_48' title="bbox 430 3039 2011 3114">
    <p class='ocr_par' dir='ltr' id='par_1_48' title="bbox 430 3039 2011 3114">
     <span class='ocr_line' id='line_1_48' title="bbox 430 3039 2011 3114; baseline 0.004 -19"><span class='ocrx_word' id='word_1_356' title='bbox 430 3046 544 3097; x_wconf 80' lang='grc' dir='ltr'>Οὐκ</span> <span class='ocrx_word' id='word_1_357' title='bbox 580 3043 645 3096; x_wconf 84' lang='grc' dir='ltr'>ἂν</span> <span class='ocrx_word' id='word_1_358' title='bbox 683 3044 740 3095; x_wconf 79' lang='grc' dir='ltr'><strong>δὲ</strong></span> <span class='ocrx_word' id='word_1_359' title='bbox 782 3043 1011 3112; x_wconf 84' lang='grc' dir='ltr'>βελτίων</span> <span class='ocrx_word' id='word_1_360' title='bbox 1043 3039 1132 3114; x_wconf 76' lang='grc' dir='ltr'>ἦν,</span> <span class='ocrx_word' id='word_1_361' title='bbox 1161 3045 1210 3097; x_wconf 82' lang='grc' dir='ltr'><strong>εί</strong></span> <span class='ocrx_word' id='word_1_362' title='bbox 1245 3044 1319 3114; x_wconf 85' lang='grc' dir='ltr'>μὴ</span> <span class='ocrx_word' id='word_1_363' title='bbox 1371 3043 1576 3113; x_wconf 77' lang='grc' dir='ltr'>μᾶλλόν</span> <span class='ocrx_word' id='word_1_364' title='bbox 1617 3063 1676 3098; x_wconf 89' lang='grc' dir='ltr'><strong>τε</strong></span> <span class='ocrx_word' id='word_1_365' title='bbox 1726 3047 1879 3111; x_wconf 81' lang='grc' dir='ltr'>ὗντος</span> <span class='ocrx_word' id='word_1_366' title='bbox 1915 3049 2011 3102; x_wconf 79' lang='grc' dir='ltr'><strong>καὶ</strong></span> 
     </span>
    </p>
   </div>
   <div class='ocr_carea' id='block_1_49' title="bbox 2111 1934 3698 2007">
    <p class='ocr_par' dir='ltr' id='par_1_49' title="bbox 2111 1934 3698 2007">
     <span class='ocr_line' id='line_1_49' title="bbox 2111 1934 3698 2007; baseline -0.008 -3"><span class='ocrx_word' id='word_1_367' title='bbox 2111 1946 2324 2004; x_wconf 81' lang='lat' dir='ltr'><strong>cunctis</strong></span> <span class='ocrx_word' id='word_1_368' title='bbox 2352 1934 2667 1999; x_wconf 86' lang='lat' dir='ltr'><strong>hominibus</strong></span> <span class='ocrx_word' id='word_1_369' title='bbox 2708 1940 2990 1995; x_wconf 85' lang='lat' dir='ltr'><strong>nullaalia</strong></span> <span class='ocrx_word' id='word_1_370' title='bbox 3028 1955 3085 1993; x_wconf 87' lang='lat' dir='ltr'><strong>re</strong></span> <span class='ocrx_word' id='word_1_371' title='bbox 3108 1938 3392 2004; x_wconf 80' lang='lat' dir='ltr'><strong>diﬂ&#39;erunt,</strong></span> <span class='ocrx_word' id='word_1_372' title='bbox 3431 1953 3596 2007; x_wconf 84' lang='lat' dir='ltr'><strong>quam</strong></span> <span class='ocrx_word' id='word_1_373' title='bbox 3629 1953 3698 1992; x_wconf 89' lang='lat' dir='ltr'><strong>eo</strong></span> 
     </span>
    </p>
   </div>
   <div class='ocr_carea' id='block_1_50' title="bbox 2110 2030 3695 2112">
    <p class='ocr_par' dir='ltr' id='par_1_50' title="bbox 2110 2030 3695 2112">
     <span class='ocr_line' id='line_1_50' title="bbox 2110 2030 3695 2112; baseline -0.006 -18"><span class='ocrx_word' id='word_1_374' title='bbox 2110 2039 2255 2112; x_wconf 87' lang='lat' dir='ltr'><strong>quod</strong></span> <span class='ocrx_word' id='word_1_375' title='bbox 2282 2038 2356 2092; x_wconf 93' lang='lat' dir='ltr'><strong>illi</strong></span> <span class='ocrx_word' id='word_1_376' title='bbox 2388 2034 2572 2100; x_wconf 88' lang='lat' dir='ltr'><strong>simul,</strong></span> <span class='ocrx_word' id='word_1_377' title='bbox 2606 2034 2658 2088; x_wconf 93' lang='lat' dir='ltr'><strong>hi</strong></span> <span class='ocrx_word' id='word_1_378' title='bbox 2697 2048 2824 2087; x_wconf 85' lang='lat' dir='ltr'><strong>vero</strong></span> <span class='ocrx_word' id='word_1_379' title='bbox 2849 2031 3079 2088; x_wconf 81' lang='lat' dir='ltr'><strong>seorsim</strong></span> <span class='ocrx_word' id='word_1_380' title='bbox 3103 2031 3273 2098; x_wconf 87' lang='lat' dir='ltr'><strong>accipi</strong></span> <span class='ocrx_word' id='word_1_381' title='bbox 3298 2030 3499 2096; x_wconf 86' lang='lat' dir='ltr'><strong>solent,</strong></span> <span class='ocrx_word' id='word_1_382' title='bbox 3529 2044 3695 2099; x_wconf 85' lang='lat' dir='ltr'><strong>quam</strong></span> 
     </span>
    </p>
   </div>
   <div class='ocr_carea' id='block_1_51' title="bbox 2113 2122 3691 2188">
    <p class='ocr_par' dir='ltr' id='par_1_51' title="bbox 2113 2122 3691 2188">
     <span class='ocr_line' id='line_1_51' title="bbox 2113 2122 3691 2188; baseline -0.007 -1"><span class='ocrx_word' id='word_1_383' title='bbox 2113 2131 2331 2187; x_wconf 83' lang='lat' dir='ltr'><strong>tandem</strong></span> <span class='ocrx_word' id='word_1_384' title='bbox 2388 2126 2611 2183; x_wconf 84' lang='lat' dir='ltr'><strong>habebit</strong></span> <span class='ocrx_word' id='word_1_385' title='bbox 2658 2124 2967 2188; x_wconf 87' lang='lat' dir='ltr'><strong>rationem,</strong></span> <span class='ocrx_word' id='word_1_386' title='bbox 3021 2132 3082 2177; x_wconf 89' lang='lat' dir='ltr'><strong>ut</strong></span> <span class='ocrx_word' id='word_1_387' title='bbox 3124 2123 3384 2177; x_wconf 81' lang='lat' dir='ltr'><strong>individui</strong></span> <span class='ocrx_word' id='word_1_388' title='bbox 3443 2122 3691 2177; x_wconf 85' lang='lat' dir='ltr'><strong>homines</strong></span> 
     </span>
    </p>
   </div>
   <div class='ocr_carea' id='block_1_52' title="bbox 2113 2214 3696 2291">
    <p class='ocr_par' dir='ltr' id='par_1_52' title="bbox 2113 2214 3696 2291">
     <span class='ocr_line' id='line_1_52' title="bbox 2113 2214 3696 2291; baseline -0.008 -12"><span class='ocrx_word' id='word_1_389' title='bbox 2113 2224 2224 2280; x_wconf 88' lang='lat' dir='ltr'><strong>sint</strong></span> <span class='ocrx_word' id='word_1_390' title='bbox 2277 2220 2597 2279; x_wconf 80' lang='lat' dir='ltr'><strong>substantiae</strong></span> <span class='ocrx_word' id='word_1_391' title='bbox 2639 2219 2785 2274; x_wconf 91' lang='lat' dir='ltr'><strong>omni</strong></span> <span class='ocrx_word' id='word_1_392' title='bbox 2840 2216 3062 2272; x_wconf 87' lang='lat' dir='ltr'><strong>homine</strong></span> <span class='ocrx_word' id='word_1_393' title='bbox 3110 2214 3546 2291; x_wconf 58' lang='lat' dir='ltr'><strong>principaliores,</strong></span> <span class='ocrx_word' id='word_1_394' title='bbox 3580 2229 3696 2268; x_wconf 63' lang='lat' dir='ltr'><strong>ma.</strong></span> 
     </span>
    </p>
   </div>
   <div class='ocr_carea' id='block_1_53' title="bbox 2112 2305 3698 2387">
    <p class='ocr_par' dir='ltr' id='par_1_53' title="bbox 2112 2305 3698 2387">
     <span class='ocr_line' id='line_1_53' title="bbox 2112 2305 3698 2387; baseline -0.006 -18"><span class='ocrx_word' id='word_1_395' title='bbox 2112 2316 2304 2387; x_wconf 75' lang='lat' dir='ltr'><strong>gisque</strong></span> <span class='ocrx_word' id='word_1_396' title='bbox 2334 2313 2446 2370; x_wconf 85' lang='lat' dir='ltr'><strong>sint</strong></span> <span class='ocrx_word' id='word_1_397' title='bbox 2478 2326 2543 2367; x_wconf 90' lang='lat' dir='ltr'><strong>ac</strong></span> <span class='ocrx_word' id='word_1_398' title='bbox 2576 2310 2780 2373; x_wconf 86' lang='lat' dir='ltr'><strong>verius,</strong></span> <span class='ocrx_word' id='word_1_399' title='bbox 2803 2322 2967 2378; x_wconf 87' lang='lat' dir='ltr'><strong>quam</strong></span> <span class='ocrx_word' id='word_1_400' title='bbox 2994 2307 3173 2361; x_wconf 90' lang='lat' dir='ltr'><strong>omnis</strong></span> <span class='ocrx_word' id='word_1_401' title='bbox 3212 2307 3395 2369; x_wconf 87' lang='lat' dir='ltr'><strong>homo,</strong></span> <span class='ocrx_word' id='word_1_402' title='bbox 3428 2305 3531 2360; x_wconf 86' lang='lat' dir='ltr'><strong>nisi</strong></span> <span class='ocrx_word' id='word_1_403' title='bbox 3564 2319 3698 2359; x_wconf 84' lang='lat' dir='ltr'><strong>sane</strong></span> 
     </span>
    </p>
   </div>
   <div class='ocr_carea' id='block_1_54' title="bbox 2113 2394 3699 2471">
    <p class='ocr_par' dir='ltr' id='par_1_54' title="bbox 2113 2394 3699 2471">
     <span class='ocr_line' id='line_1_54' title="bbox 2113 2394 3699 2471; baseline -0.006 -12"><span class='ocrx_word' id='word_1_404' title='bbox 2113 2404 2295 2459; x_wconf 88' lang='lat' dir='ltr'><strong>omnia</strong></span> <span class='ocrx_word' id='word_1_405' title='bbox 2319 2417 2438 2471; x_wconf 70' lang='lat' dir='ltr'><strong>quae</strong></span> <span class='ocrx_word' id='word_1_406' title='bbox 2466 2401 2697 2457; x_wconf 86' lang='lat' dir='ltr'><strong>seorsim</strong></span> <span class='ocrx_word' id='word_1_407' title='bbox 2731 2399 3031 2468; x_wconf 90' lang='lat' dir='ltr'><strong>capiuntur</strong></span> <span class='ocrx_word' id='word_1_408' title='bbox 3052 2395 3163 2451; x_wconf 87' lang='lat' dir='ltr'><strong>sint</strong></span> <span class='ocrx_word' id='word_1_409' title='bbox 3189 2395 3573 2465; x_wconf 83' lang='lat' dir='ltr'><strong>principaliora</strong></span> <span class='ocrx_word' id='word_1_410' title='bbox 3608 2394 3699 2461; x_wconf 87' lang='lat' dir='ltr'><strong>iis,</strong></span> 
     </span>
    </p>
   </div>
   <div class='ocr_carea' id='block_1_55' title="bbox 2114 2486 3697 2566">
    <p class='ocr_par' dir='ltr' id='par_1_55' title="bbox 2114 2486 3697 2566">
     <span class='ocr_line' id='line_1_55' title="bbox 2114 2486 3697 2566; baseline -0.007 -15"><span class='ocrx_word' id='word_1_411' title='bbox 2114 2511 2233 2566; x_wconf 64' lang='lat' dir='ltr'><strong>quae</strong></span> <span class='ocrx_word' id='word_1_412' title='bbox 2262 2494 2422 2550; x_wconf 85' lang='lat' dir='ltr'><strong>simul</strong></span> <span class='ocrx_word' id='word_1_413' title='bbox 2454 2501 2507 2549; x_wconf 89' lang='lat' dir='ltr'><strong>et</strong></span> <span class='ocrx_word' id='word_1_414' title='bbox 2559 2489 2934 2563; x_wconf 72' lang='lat' dir='ltr'><strong>coniunctim?</strong></span> <span class='ocrx_word' id='word_1_415' title='bbox 2969 2490 3146 2559; x_wconf 85' lang='lat' dir='ltr'><strong>Atque</strong></span> <span class='ocrx_word' id='word_1_416' title='bbox 3182 2488 3285 2541; x_wconf 87' lang='lat' dir='ltr'><strong>hoc</strong></span> <span class='ocrx_word' id='word_1_417' title='bbox 3343 2486 3566 2555; x_wconf 90' lang='lat' dir='ltr'><strong>quidem</strong></span> <span class='ocrx_word' id='word_1_418' title='bbox 3631 2501 3697 2540; x_wconf 77' lang='lat' dir='ltr'><strong>ex</strong></span> 
     </span>
    </p>
   </div>
   <div class='ocr_carea' id='block_1_56' title="bbox 2114 2575 3697 2660">
    <p class='ocr_par' dir='ltr' id='par_1_56' title="bbox 2114 2575 3697 2660">
     <span class='ocr_line' id='line_1_56' title="bbox 2114 2575 3697 2660; baseline -0.008 -16"><span class='ocrx_word' id='word_1_419' title='bbox 2114 2588 2287 2660; x_wconf 87' lang='lat' dir='ltr'><strong>ipsius</strong></span> <span class='ocrx_word' id='word_1_420' title='bbox 2312 2585 2624 2641; x_wconf 79' lang='lat' dir='ltr'><strong>Aristotelis</strong></span> <span class='ocrx_word' id='word_1_421' title='bbox 2646 2583 3044 2638; x_wconf 71' lang='lat' dir='ltr'><strong>sententia‘non</strong></span> <span class='ocrx_word' id='word_1_422' title='bbox 3071 2579 3237 2634; x_wconf 79' lang='lat' dir='ltr'><strong>fuerit</strong></span> <span class='ocrx_word' id='word_1_423' title='bbox 3260 2591 3365 2633; x_wconf 89' lang='lat' dir='ltr'><strong>non</strong></span> <span class='ocrx_word' id='word_1_424' title='bbox 3391 2575 3697 2648; x_wconf 76' lang='lat' dir='ltr'><strong>probabile,</strong></span> 
     </span>
    </p>
   </div>
   <div class='ocr_carea' id='block_1_57' title="bbox 2115 2668 3701 2751">
    <p class='ocr_par' dir='ltr' id='par_1_57' title="bbox 2115 2668 3701 2751">
     <span class='ocr_line' id='line_1_57' title="bbox 2115 2668 3701 2751; baseline -0.006 -19"><span class='ocrx_word' id='word_1_425' title='bbox 2115 2687 2405 2751; x_wconf 85' lang='lat' dir='ltr'><strong>propterea</strong></span> <span class='ocrx_word' id='word_1_426' title='bbox 2444 2675 2590 2746; x_wconf 84' lang='lat' dir='ltr'><strong>quod</strong></span> <span class='ocrx_word' id='word_1_427' title='bbox 2645 2675 2879 2730; x_wconf 87' lang='lat' dir='ltr'><strong>illecum</strong></span> <span class='ocrx_word' id='word_1_428' title='bbox 2915 2685 2981 2727; x_wconf 85' lang='lat' dir='ltr'><strong>eo</strong></span> <span class='ocrx_word' id='word_1_429' title='bbox 3006 2670 3150 2741; x_wconf 83' lang='lat' dir='ltr'><strong>quod</strong></span> <span class='ocrx_word' id='word_1_430' title='bbox 3181 2679 3268 2726; x_wconf 78' lang='lat' dir='ltr'><strong>est</strong></span> <span class='ocrx_word' id='word_1_431' title='bbox 3298 2684 3492 2733; x_wconf 91' lang='lat' dir='ltr'><strong>unum,</strong></span> <span class='ocrx_word' id='word_1_432' title='bbox 3526 2668 3701 2723; x_wconf 85' lang='lat' dir='ltr'><strong>liben-</strong></span> 
     </span>
    </p>
   </div>
   <div class='ocr_carea' id='block_1_58' title="bbox 2118 2760 3699 2842">
    <p class='ocr_par' dir='ltr' id='par_1_58' title="bbox 2118 2760 3699 2842">
     <span class='ocr_line' id='line_1_58' title="bbox 2118 2760 3699 2842; baseline -0.008 -14"><span class='ocrx_word' id='word_1_433' title='bbox 2118 2782 2201 2829; x_wconf 89' lang='lat' dir='ltr'><strong>ter</strong></span> <span class='ocrx_word' id='word_1_434' title='bbox 2239 2771 2432 2842; x_wconf 75' lang='lat' dir='ltr'><strong>litiget,</strong></span> <span class='ocrx_word' id='word_1_435' title='bbox 2469 2768 2702 2823; x_wconf 82' lang='lat' dir='ltr'><strong>multum</strong></span> <span class='ocrx_word' id='word_1_436' title='bbox 2750 2775 2931 2821; x_wconf 89' lang='lat' dir='ltr'><strong>autem</strong></span> <span class='ocrx_word' id='word_1_437' title='bbox 2965 2763 3199 2834; x_wconf 73' lang='lat' dir='ltr'><strong>gaudeat</strong></span> <span class='ocrx_word' id='word_1_438' title='bbox 3244 2760 3514 2815; x_wconf 69' lang='lat' dir='ltr'><strong>divisione</strong></span> <span class='ocrx_word' id='word_1_439' title='bbox 3552 2760 3699 2815; x_wconf 84' lang='lat' dir='ltr'><strong>eutis</strong></span> 
     </span>
    </p>
   </div>
   <div class='ocr_carea' id='block_1_59' title="bbox 2116 2852 3702 2937">
    <p class='ocr_par' dir='ltr' id='par_1_59' title="bbox 2116 2852 3702 2937">
     <span class='ocr_line' id='line_1_59' title="bbox 2116 2852 3702 2937; baseline -0.009 -14"><span class='ocrx_word' id='word_1_440' title='bbox 2116 2877 2279 2937; x_wconf 88' lang='lat' dir='ltr'><strong>atque</strong></span> <span class='ocrx_word' id='word_1_441' title='bbox 2324 2861 2773 2933; x_wconf 82' lang='lat' dir='ltr'><strong>muliplicatione.</strong></span> <span class='ocrx_word' id='word_1_442' title='bbox 2826 2856 3024 2912; x_wconf 83' lang='lat' dir='ltr'><strong>Verum</strong></span> <span class='ocrx_word' id='word_1_443' title='bbox 3058 2855 3340 2911; x_wconf 89' lang='lat' dir='ltr'><strong>enlmvero</strong></span> <span class='ocrx_word' id='word_1_444' title='bbox 3386 2852 3545 2909; x_wconf 76' lang='lat' dir='ltr'><strong>nobis</strong></span> <span class='ocrx_word' id='word_1_445' title='bbox 3597 2854 3702 2909; x_wconf 90' lang='lat' dir='ltr'><strong>hoc</strong></span> 
     </span>
    </p>
   </div>
   <div class='ocr_carea' id='block_1_60' title="bbox 2116 2941 3701 3029">
    <p class='ocr_par' dir='ltr' id='par_1_60' title="bbox 2116 2941 3701 3029">
     <span class='ocr_line' id='line_1_60' title="bbox 2116 2941 3701 3029; baseline -0.011 -16"><span class='ocrx_word' id='word_1_446' title='bbox 2116 2959 2334 3029; x_wconf 87' lang='lat' dir='ltr'><strong>placere</strong></span> <span class='ocrx_word' id='word_1_447' title='bbox 2369 2968 2476 3007; x_wconf 91' lang='lat' dir='ltr'><strong>non</strong></span> <span class='ocrx_word' id='word_1_448' title='bbox 2522 2958 2725 3021; x_wconf 86' lang='lat' dir='ltr'><strong>potest,</strong></span> <span class='ocrx_word' id='word_1_449' title='bbox 2759 2948 2887 3003; x_wconf 91' lang='lat' dir='ltr'><strong>dum</strong></span> <span class='ocrx_word' id='word_1_450' title='bbox 2932 2947 3239 3017; x_wconf 79' lang='lat' dir='ltr'><strong>cogitamus</strong></span> <span class='ocrx_word' id='word_1_451' title='bbox 3300 2942 3464 3010; x_wconf 70' lang='lat' dir='ltr'><strong>etiam</strong></span> <span class='ocrx_word' id='word_1_452' title='bbox 3507 2957 3537 2996; x_wconf 89' lang='lat' dir='ltr'><strong>a</strong></span> <span class='ocrx_word' id='word_1_453' title='bbox 3591 2941 3701 2997; x_wconf 88' lang='lat' dir='ltr'><strong>Deo</strong></span> 
     </span>
    </p>
   </div>
   <div class='ocr_carea' id='block_1_61' title="bbox 2119 3035 3793 3115">
    <p class='ocr_par' dir='ltr' id='par_1_61' title="bbox 2119 3035 3793 3115">
     <span class='ocr_line' id='line_1_61' title="bbox 2119 3035 3793 3115; baseline -0.008 -15"><span class='ocrx_word' id='word_1_454' title='bbox 2119 3064 2227 3104; x_wconf 87' lang='lat' dir='ltr'><strong>non</strong></span> <span class='ocrx_word' id='word_1_455' title='bbox 2283 3035 2516 3115; x_wconf 85' lang='lat' dir='ltr'><strong>alicujus</strong></span> <span class='ocrx_word' id='word_1_456' title='bbox 2574 3041 2782 3097; x_wconf 90' lang='lat' dir='ltr'><strong>homini</strong></span> <span class='ocrx_word' id='word_1_457' title='bbox 2821 3039 2993 3108; x_wconf 79' lang='lat' dir='ltr'><strong>gratia</strong></span> <span class='ocrx_word' id='word_1_458' title='bbox 3049 3040 3365 3093; x_wconf 82' lang='lat' dir='ltr'><strong>universam</strong></span> <span class='ocrx_word' id='word_1_459' title='bbox 3400 3036 3697 3090; x_wconf 84' lang='lat' dir='ltr'><strong>hominum</strong></span> <span class='ocrx_word' id='word_1_460' title='bbox 3782 3088 3793 3093; x_wconf 95' lang='lat'>_</span> 
     </span>
    </p>
   </div>
   <div class='ocr_carea' id='block_1_62' title="bbox 428 3127 2010 3224">
    <p class='ocr_par' dir='ltr' id='par_1_62' title="bbox 428 3128 2009 3207">
     <span class='ocr_line' id='line_1_62' title="bbox 428 3128 2009 3207; baseline 0.005 -23"><span class='ocrx_word' id='word_1_461' title='bbox 428 3132 517 3185; x_wconf 87' lang='grc' dir='ltr'>διά</span> <span class='ocrx_word' id='word_1_462' title='bbox 570 3132 731 3186; x_wconf 76' lang='grc' dir='ltr'>τοῦτο</span> <span class='ocrx_word' id='word_1_463' title='bbox 789 3132 1061 3201; x_wconf 80' lang='grc' dir='ltr'>βελτίονος</span> <span class='ocrx_word' id='word_1_464' title='bbox 1116 3128 1204 3204; x_wconf 77' lang='grc' dir='ltr'><strong>ἦν.</strong></span> <span class='ocrx_word' id='word_1_465' title='bbox 1271 3132 1413 3186; x_wconf 82' lang='grc' dir='ltr'>Ἀλλ’</span> <span class='ocrx_word' id='word_1_466' title='bbox 1482 3134 1845 3203; x_wconf 86' lang='grc' dir='ltr'>Ἀριστοτέλει</span> <span class='ocrx_word' id='word_1_467' title='bbox 1908 3138 2009 3207; x_wconf 80' lang='grc' dir='ltr'>μὲν</span> 
     </span>
    </p>
   </div>
   <div class='ocr_carea' id='block_1_63' title="bbox 2113 3127 3703 3224">
    <p class='ocr_par' dir='ltr' id='par_1_63' title="bbox 2121 3127 3703 3201">
     <span class='ocr_line' id='line_1_63' title="bbox 2121 3127 3703 3201; baseline -0.009 -6"><span class='ocrx_word' id='word_1_468' title='bbox 2121 3151 2394 3201; x_wconf 87' lang='lat' dir='ltr'><strong>naturam,</strong></span> <span class='ocrx_word' id='word_1_469' title='bbox 2417 3136 2513 3190; x_wconf 88' lang='lat' dir='ltr'><strong>sed</strong></span> <span class='ocrx_word' id='word_1_470' title='bbox 2537 3134 2806 3189; x_wconf 69' lang='lat' dir='ltr'><strong>universae</strong></span> <span class='ocrx_word' id='word_1_471' title='bbox 2834 3133 3112 3186; x_wconf 85' lang='lat' dir='ltr'><strong>hominum</strong></span> <span class='ocrx_word' id='word_1_472' title='bbox 3147 3140 3355 3185; x_wconf 69' lang='lat' dir='ltr'><strong>natura:</strong></span> <span class='ocrx_word' id='word_1_473' title='bbox 3381 3128 3551 3199; x_wconf 69' lang='lat' dir='ltr'><strong>gratia</strong></span> <span class='ocrx_word' id='word_1_474' title='bbox 3589 3127 3703 3184; x_wconf 60' lang='lat' dir='ltr'><strong>sis-</strong></span> 
     </span>
    </p>
   </div>
   <div class='ocr_carea' id='block_1_64' title="bbox 428 3220 2010 3302">
    <p class='ocr_par' dir='ltr' id='par_1_64' title="bbox 428 3223 2010 3296">
     <span class='ocr_line' id='line_1_64' title="bbox 428 3223 2010 3296; baseline 0.004 -22"><span class='ocrx_word' id='word_1_475' title='bbox 428 3223 584 3275; x_wconf 74' lang='grc' dir='ltr'>οὺδὲν</span> <span class='ocrx_word' id='word_1_476' title='bbox 628 3224 859 3292; x_wconf 72' lang='grc' dir='ltr'>πρᾶγμα</span> <span class='ocrx_word' id='word_1_477' title='bbox 905 3223 1144 3276; x_wconf 73' lang='grc' dir='ltr'>ἐνταῦθα</span> <span class='ocrx_word' id='word_1_478' title='bbox 1177 3240 1236 3276; x_wconf 88' lang='grc' dir='ltr'><strong>τε</strong></span> <span class='ocrx_word' id='word_1_479' title='bbox 1271 3226 1365 3277; x_wconf 80' lang='grc' dir='ltr'><strong>καὶ</strong></span> <span class='ocrx_word' id='word_1_480' title='bbox 1409 3224 1594 3278; x_wconf 77' lang='grc' dir='ltr'>ἄλλοθι</span> <span class='ocrx_word' id='word_1_481' title='bbox 1644 3226 1793 3295; x_wconf 79' lang='grc' dir='ltr'>αὐτῷ</span> <span class='ocrx_word' id='word_1_482' title='bbox 1827 3229 2010 3296; x_wconf 87' lang='grc' dir='ltr'>ἀσυμ-</span> 
     </span>
    </p>
   </div>
   <div class='ocr_carea' id='block_1_65' title="bbox 2113 3220 3706 3302">
    <p class='ocr_par' dir='ltr' id='par_1_65' title="bbox 2119 3220 3706 3302">
     <span class='ocr_line' id='line_1_65' title="bbox 2119 3220 3706 3302; baseline -0.007 -17"><span class='ocrx_word' id='word_1_483' title='bbox 2119 3232 2276 3302; x_wconf 81' lang='lat' dir='ltr'><strong>gulos</strong></span> <span class='ocrx_word' id='word_1_484' title='bbox 2298 3237 2510 3284; x_wconf 88' lang='lat' dir='ltr'><strong>creatos</strong></span> <span class='ocrx_word' id='word_1_485' title='bbox 2562 3225 2921 3293; x_wconf 85' lang='lat' dir='ltr'><strong>conditosque</strong></span> <span class='ocrx_word' id='word_1_486' title='bbox 2984 3224 3233 3279; x_wconf 88' lang='lat' dir='ltr'><strong>homines</strong></span> <span class='ocrx_word' id='word_1_487' title='bbox 3287 3223 3575 3291; x_wconf 87' lang='lat' dir='ltr'><strong>ipsamque</strong></span> <span class='ocrx_word' id='word_1_488' title='bbox 3607 3220 3706 3274; x_wconf 83' lang='lat' dir='ltr'><strong>ho-</strong></span> 
     </span>
    </p>
   </div>
   <div class='ocr_carea' id='block_1_66' title="bbox 430 3310 2015 3388">
    <p class='ocr_par' dir='ltr' id='par_1_66' title="bbox 430 3310 2015 3388">
     <span class='ocr_line' id='line_1_66' title="bbox 430 3310 2015 3388; baseline 0.004 -23"><span class='ocrx_word' id='word_1_489' title='bbox 430 3311 594 3382; x_wconf 79' lang='grc' dir='ltr'><strong>φώνῳ</strong></span> <span class='ocrx_word' id='word_1_490' title='bbox 638 3311 813 3366; x_wconf 74' lang='grc' dir='ltr'>εἶναι’</span> <span class='ocrx_word' id='word_1_491' title='bbox 856 3315 1017 3384; x_wconf 79' lang='grc' dir='ltr'>ἡμεῖς</span> <span class='ocrx_word' id='word_1_492' title='bbox 1064 3314 1109 3366; x_wconf 83' lang='grc' dir='ltr'><strong>δ’</strong></span> <span class='ocrx_word' id='word_1_493' title='bbox 1140 3313 1340 3368; x_wconf 73' lang='grc' dir='ltr'>οὔποτε</span> <span class='ocrx_word' id='word_1_494' title='bbox 1389 3314 1482 3367; x_wconf 79' lang='grc' dir='ltr'>τοῦ</span> <span class='ocrx_word' id='word_1_495' title='bbox 1537 3310 1678 3370; x_wconf 76' lang='grc' dir='ltr'><strong>κατά</strong></span> <span class='ocrx_word' id='word_1_496' title='bbox 1735 3318 1902 3388; x_wconf 82' lang='grc' dir='ltr'>μέρος</span> <span class='ocrx_word' id='word_1_497' title='bbox 1955 3322 2015 3373; x_wconf 73' lang='grc' dir='ltr'>τὸ</span> 
     </span>
    </p>
   </div>
   <div class='ocr_carea' id='block_1_67' title="bbox 431 3399 2012 3477">
    <p class='ocr_par' dir='ltr' id='par_1_67' title="bbox 431 3399 2012 3477">
     <span class='ocr_line' id='line_1_67' title="bbox 431 3399 2012 3477; baseline 0.004 -21"><span class='ocrx_word' id='word_1_498' title='bbox 431 3404 659 3458; x_wconf 82' lang='grc' dir='ltr'>καθόλου</span> <span class='ocrx_word' id='word_1_499' title='bbox 687 3399 850 3476; x_wconf 79' lang='grc' dir='ltr'>ἦττον</span> <span class='ocrx_word' id='word_1_500' title='bbox 887 3407 1153 3476; x_wconf 71' lang='grc' dir='ltr'>φήσομεν,</span> <span class='ocrx_word' id='word_1_501' title='bbox 1186 3406 1290 3469; x_wconf 70' lang='grc' dir='ltr'><strong>ἕως</strong></span> <span class='ocrx_word' id='word_1_502' title='bbox 1325 3407 1391 3459; x_wconf 86' lang='grc' dir='ltr'>ἂν</span> <span class='ocrx_word' id='word_1_503' title='bbox 1426 3407 1500 3475; x_wconf 77' lang='grc' dir='ltr'>μὴ</span> <span class='ocrx_word' id='word_1_504' title='bbox 1534 3408 1703 3477; x_wconf 74' lang='grc' dir='ltr'>μέρος</span> <span class='ocrx_word' id='word_1_505' title='bbox 1735 3408 1828 3462; x_wconf 83' lang='grc' dir='ltr'>τοῦ</span> <span class='ocrx_word' id='word_1_506' title='bbox 1868 3410 2012 3477; x_wconf 79' lang='grc' dir='ltr'>ὅλου,</span> 
     </span>
    </p>
   </div>
   <div class='ocr_carea' id='block_1_68' title="bbox 429 3493 1479 3571">
    <p class='ocr_par' dir='ltr' id='par_1_68' title="bbox 429 3493 1479 3571">
     <span class='ocr_line' id='line_1_68' title="bbox 429 3493 1479 3571; baseline 0.001 -21"><span class='ocrx_word' id='word_1_507' title='bbox 429 3495 566 3550; x_wconf 86' lang='grc' dir='ltr'>ἀλλὰ</span> <span class='ocrx_word' id='word_1_508' title='bbox 602 3496 662 3548; x_wconf 78' lang='grc' dir='ltr'>τὸ</span> <span class='ocrx_word' id='word_1_509' title='bbox 695 3498 814 3549; x_wconf 75' lang='grc' dir='ltr'>ὅλον</span> <span class='ocrx_word' id='word_1_510' title='bbox 848 3496 941 3549; x_wconf 84' lang='grc' dir='ltr'>τοῦ</span> <span class='ocrx_word' id='word_1_511' title='bbox 974 3498 1172 3567; x_wconf 88' lang='grc' dir='ltr'>μέρους</span> <span class='ocrx_word' id='word_1_512' title='bbox 1207 3498 1391 3566; x_wconf 74' lang='grc' dir='ltr'>μεῖζον</span> 
     </span>
    </p>
   </div>
   <div class='ocr_carea' id='block_1_69' title="bbox 2126 3311 3706 3382">
    <p class='ocr_par' dir='ltr' id='par_1_69' title="bbox 2126 3311 3706 3382">
     <span class='ocr_line' id='line_1_69' title="bbox 2126 3311 3706 3382; baseline -0.006 -7"><span class='ocrx_word' id='word_1_513' title='bbox 2126 3323 2336 3376; x_wconf 89' lang='lat' dir='ltr'><strong>minum</strong></span> <span class='ocrx_word' id='word_1_514' title='bbox 2378 3327 2632 3372; x_wconf 85' lang='lat' dir='ltr'><strong>naturam</strong></span> <span class='ocrx_word' id='word_1_515' title='bbox 2663 3316 2930 3371; x_wconf 80' lang='lat' dir='ltr'><strong>universae</strong></span> <span class='ocrx_word' id='word_1_516' title='bbox 2977 3314 3188 3368; x_wconf 89' lang='lat' dir='ltr'><strong>ratione</strong></span> <span class='ocrx_word' id='word_1_517' title='bbox 3227 3311 3464 3382; x_wconf 64' lang='lat' dir='ltr'><strong>praeditas</strong></span> <span class='ocrx_word' id='word_1_518' title='bbox 3493 3320 3706 3365; x_wconf 63' lang='lat' dir='ltr'><strong>naturae</strong></span> 
     </span>
    </p>
   </div>
   <div class='ocr_carea' id='block_1_70' title="bbox 2121 3402 3705 3483">
    <p class='ocr_par' dir='ltr' id='par_1_70' title="bbox 2121 3402 3705 3483">
     <span class='ocr_line' id='line_1_70' title="bbox 2121 3402 3705 3483; baseline -0.008 -20"><span class='ocrx_word' id='word_1_519' title='bbox 2121 3412 2296 3483; x_wconf 77' lang='lat' dir='ltr'><strong>gratia</strong></span> <span class='ocrx_word' id='word_1_520' title='bbox 2328 3408 2627 3471; x_wconf 80' lang='lat' dir='ltr'><strong>exstitisse,</strong></span> <span class='ocrx_word' id='word_1_521' title='bbox 2663 3412 2718 3459; x_wconf 90' lang='lat' dir='ltr'><strong>et</strong></span> <span class='ocrx_word' id='word_1_522' title='bbox 2783 3402 3007 3459; x_wconf 90' lang='lat' dir='ltr'><strong>omnino</strong></span> <span class='ocrx_word' id='word_1_523' title='bbox 3031 3412 3235 3469; x_wconf 88' lang='lat' dir='ltr'><strong>partem</strong></span> <span class='ocrx_word' id='word_1_524' title='bbox 3270 3410 3487 3469; x_wconf 82' lang='lat' dir='ltr'><strong>propter</strong></span> <span class='ocrx_word' id='word_1_525' title='bbox 3510 3405 3705 3464; x_wconf 84' lang='lat' dir='ltr'><strong>totum,</strong></span> 
     </span>
    </p>
   </div>
   <div class='ocr_carea' id='block_1_71' title="bbox 2124 3487 3705 3566">
    <p class='ocr_par' dir='ltr' id='par_1_71' title="bbox 2124 3487 3705 3566">
     <span class='ocr_line' id='line_1_71' title="bbox 2124 3487 3705 3566; baseline -0.009 -8"><span class='ocrx_word' id='word_1_526' title='bbox 2124 3518 2234 3559; x_wconf 89' lang='lat' dir='ltr'><strong>non</strong></span> <span class='ocrx_word' id='word_1_527' title='bbox 2265 3508 2446 3556; x_wconf 85' lang='lat' dir='ltr'><strong>autem</strong></span> <span class='ocrx_word' id='word_1_528' title='bbox 2486 3506 2656 3552; x_wconf 91' lang='lat' dir='ltr'><strong>totum</strong></span> <span class='ocrx_word' id='word_1_529' title='bbox 2688 3503 2907 3566; x_wconf 87' lang='lat' dir='ltr'><strong>propter</strong></span> <span class='ocrx_word' id='word_1_530' title='bbox 2948 3502 3159 3563; x_wconf 88' lang='lat' dir='ltr'><strong>partem</strong></span> <span class='ocrx_word' id='word_1_531' title='bbox 3191 3491 3417 3547; x_wconf 82' lang='lat' dir='ltr'><strong>factum.</strong></span> <span class='ocrx_word' id='word_1_532' title='bbox 3437 3487 3542 3545; x_wconf 78' lang='lat' dir='ltr'><strong>Pra</strong></span> <span class='ocrx_word' id='word_1_533' title='bbox 3557 3497 3705 3545; x_wconf 71' lang='lat' dir='ltr'><strong>terea</strong></span> 
     </span>
    </p>
   </div>
   <div class='ocr_carea' id='block_1_72' title="bbox 429 3584 3706 3666">
    <p class='ocr_par' dir='ltr' id='par_1_72' title="bbox 429 3584 3706 3666">
     <span class='ocr_line' id='line_1_72' title="bbox 429 3584 3706 3666; baseline -0.001 -24"><span class='ocrx_word' id='word_1_534' title='bbox 429 3588 637 3643; x_wconf 89' lang='lat' dir='ltr'><strong>scimus</strong></span> <span class='ocrx_word' id='word_1_535' title='bbox 725 3590 951 3645; x_wconf 87' lang='lat' dir='ltr'><strong>scientia</strong></span> <span class='ocrx_word' id='word_1_536' title='bbox 1029 3592 1198 3659; x_wconf 89' lang='lat' dir='ltr'><strong>partis</strong></span> <span class='ocrx_word' id='word_1_537' title='bbox 1283 3593 1564 3646; x_wconf 87' lang='lat' dir='ltr'><strong>scientiam</strong></span> <span class='ocrx_word' id='word_1_538' title='bbox 1635 3584 1870 3651; x_wconf 81' lang='lat' dir='ltr'><strong>universi</strong></span> <span class='ocrx_word' id='word_1_539' title='bbox 1928 3601 2102 3654; x_wconf 76' lang='lat' dir='ltr'><strong>multo</strong></span> <span class='ocrx_word' id='word_1_540' title='bbox 2146 3613 2269 3654; x_wconf 89' lang='lat' dir='ltr'><strong>esse</strong></span> <span class='ocrx_word' id='word_1_541' title='bbox 2330 3593 2786 3666; x_wconf 68' lang='lat' dir='ltr'><strong>praestantiorem,</strong></span> <span class='ocrx_word' id='word_1_542' title='bbox 2862 3588 3320 3655; x_wconf 85' lang='lat' dir='ltr'><strong>quemadmodum</strong></span> <span class='ocrx_word' id='word_1_543' title='bbox 3373 3587 3490 3656; x_wconf 89' lang='lat' dir='ltr'><strong>ipse</strong></span> <span class='ocrx_word' id='word_1_544' title='bbox 3538 3586 3706 3640; x_wconf 81' lang='lat' dir='ltr'><strong>etiam</strong></span> 
     </span>
    </p>
   </div>
   <div class='ocr_carea' id='block_1_73' title="bbox 428 3683 3064 3766">
    <p class='ocr_par' dir='ltr' id='par_1_73' title="bbox 428 3683 3064 3766">
     <span class='ocr_line' id='line_1_73' title="bbox 428 3683 3064 3766; baseline 0.002 -30"><span class='ocrx_word' id='word_1_545' title='bbox 428 3683 749 3740; x_wconf 84' lang='lat' dir='ltr'><strong>Aristoteles</strong></span> <span class='ocrx_word' id='word_1_546' title='bbox 800 3685 851 3739; x_wconf 88' lang='lat' dir='ltr'><strong>in</strong></span> <span class='ocrx_word' id='word_1_547' title='bbox 916 3686 1069 3741; x_wconf 81' lang='lat' dir='ltr'><strong>libris</strong></span> <span class='ocrx_word' id='word_1_548' title='bbox 1101 3687 1167 3741; x_wconf 88' lang='lat' dir='ltr'><strong>de</strong></span> <span class='ocrx_word' id='word_1_549' title='bbox 1212 3687 1697 3755; x_wconf 59' lang='lat' dir='ltr'><strong>demonstratione}</strong></span> <span class='ocrx_word' id='word_1_550' title='bbox 1754 3709 1781 3746; x_wconf 93' lang='lat' dir='ltr'><strong>a</strong></span> <span class='ocrx_word' id='word_1_551' title='bbox 1839 3684 2018 3766; x_wconf 79' lang='lat' dir='ltr'><strong>seipSo</strong></span> <span class='ocrx_word' id='word_1_552' title='bbox 2056 3696 2318 3751; x_wconf 78' lang='lat' dir='ltr'><strong>deﬁciens</strong></span> <span class='ocrx_word' id='word_1_553' title='bbox 2370 3690 2779 3754; x_wconf 79' lang='lat' dir='ltr'><strong>deﬂectensque</strong></span> <span class='ocrx_word' id='word_1_554' title='bbox 2811 3685 3064 3741; x_wconf 84' lang='lat' dir='ltr'><strong>allirmat.</strong></span> 
     </span>
    </p>
   </div>
   <div class='ocr_carea' id='block_1_74' title="bbox 3150 3682 3685 3753">
    <p class='ocr_par' dir='ltr' id='par_1_74' title="bbox 3150 3682 3685 3753">
     <span class='ocr_line' id='line_1_74' title="bbox 3150 3682 3685 3753; baseline -0.002 -14"><span class='ocrx_word' id='word_1_555' title='bbox 3150 3685 3208 3739; x_wconf 78' lang='grc' dir='ltr'>ω</span> <span class='ocrx_word' id='word_1_556' title='bbox 3257 3682 3405 3753; x_wconf 85' lang='lat' dir='ltr'><strong>quod</strong></span> <span class='ocrx_word' id='word_1_557' title='bbox 3463 3683 3685 3752; x_wconf 83' lang='lat' dir='ltr'><strong>probari</strong></span> 
     </span>
    </p>
   </div>
   <div class='ocr_carea' id='block_1_75' title="bbox 396 3776 3703 3853">
    <p class='ocr_par' dir='ltr' id='par_1_75' title="bbox 396 3776 3703 3853">
     <span class='ocr_line' id='line_1_75' title="bbox 396 3776 3703 3853; baseline 0.005 -21"><span class='ocrx_word' id='word_1_558' title='bbox 396 3776 757 3847; x_wconf 81' lang='lat' dir='ltr'><strong>~defendique</strong></span> <span class='ocrx_word' id='word_1_559' title='bbox 796 3794 903 3833; x_wconf 88' lang='lat' dir='ltr'><strong>non</strong></span> <span class='ocrx_word' id='word_1_560' title='bbox 934 3791 1138 3847; x_wconf 88' lang='lat' dir='ltr'><strong>posset,</strong></span> <span class='ocrx_word' id='word_1_561' title='bbox 1187 3781 1292 3834; x_wconf 75' lang='lat' dir='ltr'><strong>nisi</strong></span> <span class='ocrx_word' id='word_1_562' title='bbox 1335 3790 1510 3836; x_wconf 91' lang='lat' dir='ltr'><strong>totum</strong></span> <span class='ocrx_word' id='word_1_563' title='bbox 1544 3783 1660 3838; x_wconf 84' lang='lat' dir='ltr'><strong>sive</strong></span> <span class='ocrx_word' id='word_1_564' title='bbox 1732 3787 2051 3843; x_wconf 88' lang='lat' dir='ltr'><strong>universum</strong></span> <span class='ocrx_word' id='word_1_565' title='bbox 2097 3790 2182 3845; x_wconf 88' lang='lat' dir='ltr'><strong>de.</strong></span> <span class='ocrx_word' id='word_1_566' title='bbox 2233 3796 2359 3841; x_wconf 90' lang='lat' dir='ltr'><strong>ente</strong></span> <span class='ocrx_word' id='word_1_567' title='bbox 2404 3782 2579 3853; x_wconf 77' lang='lat' dir='ltr'><strong>magis</strong></span> <span class='ocrx_word' id='word_1_568' title='bbox 2632 3779 2986 3850; x_wconf 65' lang='grc' dir='ltr'><strong>ρδτιῖοῖρεπθι</strong></span> <span class='ocrx_word' id='word_1_569' title='bbox 3046 3792 3206 3845; x_wconf 62' lang='lat' dir='ltr'><strong>(Nam</strong></span> <span class='ocrx_word' id='word_1_570' title='bbox 3255 3791 3401 3847; x_wconf 62' lang='lat' dir='ltr'><strong>Pars»</strong></span> <span class='ocrx_word' id='word_1_571' title='bbox 3467 3777 3703 3847; x_wconf 72' lang='grc' dir='ltr'><strong>ίάοοψιθ</strong></span> 
     </span>
    </p>
   </div>
   <div class='ocr_carea' id='block_1_76' title="bbox 427 3868 3705 3947">
    <p class='ocr_par' dir='ltr' id='par_1_76' title="bbox 427 3868 3705 3947">
     <span class='ocr_line' id='line_1_76' title="bbox 427 3868 3705 3947; baseline -0.001 -24"><span class='ocrx_word' id='word_1_572' title='bbox 427 3869 608 3938; x_wconf 87' lang='lat' dir='ltr'><strong>ipsum</strong></span> <span class='ocrx_word' id='word_1_573' title='bbox 634 3878 781 3924; x_wconf 89' lang='lat' dir='ltr'><strong>esset</strong></span> <span class='ocrx_word' id='word_1_574' title='bbox 807 3873 1176 3940; x_wconf 63' lang='lat' dir='ltr'><strong>prmstantius.</strong></span> <span class='ocrx_word' id='word_1_575' title='bbox 1230 3871 1335 3926; x_wconf 88' lang='lat' dir='ltr'><strong>Sed</strong></span> <span class='ocrx_word' id='word_1_576' title='bbox 1378 3889 1485 3927; x_wconf 92' lang='lat' dir='ltr'><strong>non</strong></span> <span class='ocrx_word' id='word_1_577' title='bbox 1514 3884 1729 3931; x_wconf 83' lang='lat' dir='ltr'><strong>constat</strong></span> <span class='ocrx_word' id='word_1_578' title='bbox 1784 3878 1997 3947; x_wconf 84' lang='lat' dir='ltr'><strong>sibiipsi</strong></span> <span class='ocrx_word' id='word_1_579' title='bbox 2072 3879 2393 3934; x_wconf 84' lang='lat' dir='ltr'><strong>Aristoteles</strong></span> <span class='ocrx_word' id='word_1_580' title='bbox 2468 3876 2745 3930; x_wconf 84' lang='lat' dir='ltr'><strong>diversam</strong></span> <span class='ocrx_word' id='word_1_581' title='bbox 2803 3870 3058 3925; x_wconf 87' lang='lat' dir='ltr'><strong>nimirum</strong></span> <span class='ocrx_word' id='word_1_582' title='bbox 3109 3871 3212 3924; x_wconf 87' lang='lat' dir='ltr'><strong>hoc</strong></span> <span class='ocrx_word' id='word_1_583' title='bbox 3248 3868 3373 3923; x_wconf 87' lang='lat' dir='ltr'><strong>loco</strong></span> <span class='ocrx_word' id='word_1_584' title='bbox 3412 3869 3551 3922; x_wconf 89' lang='lat' dir='ltr'><strong>etin</strong></span> <span class='ocrx_word' id='word_1_585' title='bbox 3582 3868 3705 3923; x_wconf 85' lang='lat' dir='ltr'><strong>aliis</strong></span> 
     </span>
    </p>
   </div>
   <div class='ocr_carea' id='block_1_77' title="bbox 436 3954 3705 4041">
    <p class='ocr_par' dir='ltr' id='par_1_77' title="bbox 436 3954 3705 4041">
     <span class='ocr_line' id='line_1_77' title="bbox 436 3954 3705 4041; baseline 0.002 -24"><span class='ocrx_word' id='word_1_586' title='bbox 436 3972 661 4018; x_wconf 78' lang='lat' dir='ltr'><strong>secutus</strong></span> <span class='ocrx_word' id='word_1_587' title='bbox 717 3966 1054 4033; x_wconf 85' lang='lat' dir='ltr'><strong>opinionem.</strong></span> <span class='ocrx_word' id='word_1_588' title='bbox 1112 3963 1237 4019; x_wconf 88' lang='lat' dir='ltr'><strong>Nos.</strong></span> <span class='ocrx_word' id='word_1_589' title='bbox 1266 3966 1486 4034; x_wconf 79' lang='lat' dir='ltr'><strong>quidem</strong></span> <span class='ocrx_word' id='word_1_590' title='bbox 1556 3968 1699 4024; x_wconf 87' lang='lat' dir='ltr'><strong>haud</strong></span> <span class='ocrx_word' id='word_1_591' title='bbox 1782 3988 2024 4041; x_wconf 85' lang='lat' dir='ltr'><strong>unquam</strong></span> <span class='ocrx_word' id='word_1_592' title='bbox 2069 3989 2134 4027; x_wconf 90' lang='lat' dir='ltr'><strong>eo</strong></span> <span class='ocrx_word' id='word_1_593' title='bbox 2166 3954 2526 4035; x_wconf 81' lang='lat' dir='ltr'><strong>adducemur,</strong></span> <span class='ocrx_word' id='word_1_594' title='bbox 2564 3979 2623 4022; x_wconf 92' lang='lat' dir='ltr'><strong>ut</strong></span> <span class='ocrx_word' id='word_1_595' title='bbox 2646 3964 3028 4035; x_wconf 80' lang='lat' dir='ltr'><strong>singularibus</strong></span> <span class='ocrx_word' id='word_1_596' title='bbox 3100 3960 3429 4017; x_wconf 75' lang='lat' dir='ltr'><strong>universalia</strong></span> <span class='ocrx_word' id='word_1_597' title='bbox 3496 3961 3705 4022; x_wconf 77' lang='lat' dir='ltr'><strong>minora</strong></span> 
     </span>
    </p>
   </div>
   <div class='ocr_carea' id='block_1_78' title="bbox 431 4053 3176 4133">
    <p class='ocr_par' dir='ltr' id='par_1_78' title="bbox 431 4053 3176 4133">
     <span class='ocr_line' id='line_1_78' title="bbox 431 4053 3176 4133; baseline -0.001 -24"><span class='ocrx_word' id='word_1_598' title='bbox 431 4054 698 4120; x_wconf 77' lang='lat' dir='ltr'><strong>dicamus,</strong></span> <span class='ocrx_word' id='word_1_599' title='bbox 756 4056 928 4110; x_wconf 86' lang='lat' dir='ltr'><strong>donec</strong></span> <span class='ocrx_word' id='word_1_600' title='bbox 988 4071 1094 4109; x_wconf 89' lang='lat' dir='ltr'><strong>non</strong></span> <span class='ocrx_word' id='word_1_601' title='bbox 1130 4065 1304 4110; x_wconf 90' lang='lat' dir='ltr'><strong>totum</strong></span> <span class='ocrx_word' id='word_1_602' title='bbox 1337 4073 1439 4112; x_wconf 88' lang='lat' dir='ltr'><strong>sua</strong></span> <span class='ocrx_word' id='word_1_603' title='bbox 1473 4070 1625 4129; x_wconf 83' lang='lat' dir='ltr'><strong>parte</strong></span> <span class='ocrx_word' id='word_1_604' title='bbox 1677 4061 1871 4130; x_wconf 87' lang='lat' dir='ltr'><strong>majus,</strong></span> <span class='ocrx_word' id='word_1_605' title='bbox 1908 4062 2001 4117; x_wconf 88' lang='lat' dir='ltr'><strong>scd</strong></span> <span class='ocrx_word' id='word_1_606' title='bbox 2048 4073 2259 4133; x_wconf 86' lang='lat' dir='ltr'><strong>partem</strong></span> <span class='ocrx_word' id='word_1_607' title='bbox 2292 4074 2394 4117; x_wconf 88' lang='lat' dir='ltr'><strong>suo</strong></span> <span class='ocrx_word' id='word_1_608' title='bbox 2427 4067 2544 4114; x_wconf 89' lang='lat' dir='ltr'><strong>toto</strong></span> <span class='ocrx_word' id='word_1_609' title='bbox 2574 4057 2838 4126; x_wconf 83' lang='lat' dir='ltr'><strong>majorem</strong></span> <span class='ocrx_word' id='word_1_610' title='bbox 2872 4053 3176 4108; x_wconf 81' lang='lat' dir='ltr'><strong>videamus.</strong></span> 
     </span>
    </p>
   </div>
   <div class='ocr_carea' id='block_1_79' title="bbox 1034 4149 1404 4205">
    <p class='ocr_par' dir='ltr' id='par_1_79' title="bbox 1034 4149 1404 4205">
     <span class='ocr_line' id='line_1_79' title="bbox 1034 4149 1404 4205; baseline 0.011 -4"><span class='ocrx_word' id='word_1_611' title='bbox 1034 4149 1283 4203; x_wconf 81' lang='grc' dir='ltr'><strong>ΚΕΦΑΛ.</strong></span> <span class='ocrx_word' id='word_1_612' title='bbox 1328 4149 1404 4205; x_wconf 83' lang='lat' dir='ltr'><strong>E&#39;.</strong></span> 
     </span>
    </p>
   </div>
   <div class='ocr_carea' id='block_1_80' title="bbox 504 4237 2012 4312">
    <p class='ocr_par' dir='ltr' id='par_1_80' title="bbox 504 4237 2012 4312">
     <span class='ocr_line' id='line_1_80' title="bbox 504 4237 2012 4312; baseline 0.009 -21"><span class='ocrx_word' id='word_1_613' title='bbox 504 4237 899 4307; x_wconf 77' lang='grc' dir='ltr'>Παραπλήσιον</span> <span class='ocrx_word' id='word_1_614' title='bbox 928 4239 984 4291; x_wconf 85' lang='grc' dir='ltr'><strong>δὲ</strong></span> <span class='ocrx_word' id='word_1_615' title='bbox 1007 4238 1184 4309; x_wconf 76' lang='grc' dir='ltr'>τούτῳ</span> <span class='ocrx_word' id='word_1_616' title='bbox 1214 4243 1457 4306; x_wconf 72' lang='grc' dir='ltr'>κάκεῖνο,</span> <span class='ocrx_word' id='word_1_617' title='bbox 1488 4242 1628 4295; x_wconf 84' lang='grc' dir='ltr'>τὸτὸ</span> <span class='ocrx_word' id='word_1_618' title='bbox 1654 4244 1754 4312; x_wconf 86' lang='grc' dir='ltr'>μὲν</span> <span class='ocrx_word' id='word_1_619' title='bbox 1777 4247 2012 4304; x_wconf 86' lang='grc' dir='ltr'>καθόλου</span> 
     </span>
    </p>
   </div>
   <div class='ocr_carea' id='block_1_81' title="bbox 429 4330 2017 4410">
    <p class='ocr_par' dir='ltr' id='par_1_81' title="bbox 429 4330 2017 4410">
     <span class='ocr_line' id='line_1_81' title="bbox 429 4330 2017 4410; baseline 0.005 -26"><span class='ocrx_word' id='word_1_620' title='bbox 429 4334 497 4401; x_wconf 78' lang='grc' dir='ltr'>τῇ</span> <span class='ocrx_word' id='word_1_621' title='bbox 548 4330 648 4401; x_wconf 78' lang='grc' dir='ltr'>ὕλῃ</span> <span class='ocrx_word' id='word_1_622' title='bbox 695 4332 927 4397; x_wconf 73' lang='grc' dir='ltr'>φάσκειν</span> <span class='ocrx_word' id='word_1_623' title='bbox 964 4331 1229 4398; x_wconf 84' lang='grc' dir='ltr'>ἀνάλογον</span> <span class='ocrx_word' id='word_1_624' title='bbox 1264 4330 1442 4401; x_wconf 78' lang='grc' dir='ltr'>ἔχειν,</span> <span class='ocrx_word' id='word_1_625' title='bbox 1473 4334 1532 4386; x_wconf 80' lang='grc' dir='ltr'>τὸ</span> <span class='ocrx_word' id='word_1_626' title='bbox 1570 4334 1624 4387; x_wconf 81' lang='grc' dir='ltr'><strong>δὲ</strong></span> <span class='ocrx_word' id='word_1_627' title='bbox 1657 4339 1800 4390; x_wconf 87' lang='grc' dir='ltr'><strong>κατά</strong></span> <span class='ocrx_word' id='word_1_628' title='bbox 1850 4339 2017 4410; x_wconf 81' lang='grc' dir='ltr'>μέρος</span> 
     </span>
    </p>
   </div>
   <div class='ocr_carea' id='block_1_82' title="bbox 430 4421 2017 4498">
    <p class='ocr_par' dir='ltr' id='par_1_82' title="bbox 430 4421 2017 4498">
     <span class='ocr_line' id='line_1_82' title="bbox 430 4421 2017 4498; baseline 0.005 -23"><span class='ocrx_word' id='word_1_629' title='bbox 430 4422 560 4476; x_wconf 75' lang='grc' dir='ltr'>ἔδει.</span> <span class='ocrx_word' id='word_1_630' title='bbox 592 4421 919 4475; x_wconf 76' lang='grc' dir='ltr'>Τοὺναντίον</span> <span class='ocrx_word' id='word_1_631' title='bbox 946 4424 1056 4492; x_wconf 81' lang='grc' dir='ltr'><strong>γὰρ</strong></span> <span class='ocrx_word' id='word_1_632' title='bbox 1094 4422 1160 4475; x_wconf 78' lang='grc' dir='ltr'>ἂν</span> <span class='ocrx_word' id='word_1_633' title='bbox 1188 4422 1335 4477; x_wconf 84' lang='grc' dir='ltr'>ἆπαν</span> <span class='ocrx_word' id='word_1_634' title='bbox 1364 4424 1472 4493; x_wconf 77' lang='grc' dir='ltr'>εἴη,</span> <span class='ocrx_word' id='word_1_635' title='bbox 1506 4425 1621 4493; x_wconf 76' lang='grc' dir='ltr'>εἴγε</span> <span class='ocrx_word' id='word_1_636' title='bbox 1651 4427 1773 4481; x_wconf 81' lang='grc' dir='ltr'>ὅλον</span> <span class='ocrx_word' id='word_1_637' title='bbox 1808 4430 1908 4498; x_wconf 88' lang='grc' dir='ltr'><strong>μέν</strong></span> <span class='ocrx_word' id='word_1_638' title='bbox 1935 4448 2017 4483; x_wconf 86' lang='grc' dir='ltr'><strong>τοι</strong></span> 
     </span>
    </p>
   </div>
   <div class='ocr_carea' id='block_1_83' title="bbox 428 4513 2016 4585">
    <p class='ocr_par' dir='ltr' id='par_1_83' title="bbox 428 4513 2016 4585">
     <span class='ocr_line' id='line_1_83' title="bbox 428 4513 2016 4585; baseline 0.003 -18"><span class='ocrx_word' id='word_1_639' title='bbox 428 4513 492 4567; x_wconf 77' lang='grc' dir='ltr'>τὸ</span> <span class='ocrx_word' id='word_1_640' title='bbox 539 4513 797 4579; x_wconf 83' lang='grc' dir='ltr'>καθόλου,</span> <span class='ocrx_word' id='word_1_641' title='bbox 833 4513 999 4584; x_wconf 83' lang='grc' dir='ltr'>μέρος</span> <span class='ocrx_word' id='word_1_642' title='bbox 1050 4513 1108 4566; x_wconf 83' lang='grc' dir='ltr'><strong>δὲ</strong></span> <span class='ocrx_word' id='word_1_643' title='bbox 1164 4515 1225 4566; x_wconf 78' lang='grc' dir='ltr'>τὸ</span> <span class='ocrx_word' id='word_1_644' title='bbox 1276 4516 1425 4567; x_wconf 80' lang='grc' dir='ltr'><strong>κατά</strong></span> <span class='ocrx_word' id='word_1_645' title='bbox 1469 4514 1656 4585; x_wconf 88' lang='grc' dir='ltr'>μέρος,</span> <span class='ocrx_word' id='word_1_646' title='bbox 1689 4518 1750 4569; x_wconf 75' lang='grc' dir='ltr'>τὸ</span> <span class='ocrx_word' id='word_1_647' title='bbox 1797 4519 1844 4571; x_wconf 87' lang='grc' dir='ltr'>δ’</span> <span class='ocrx_word' id='word_1_648' title='bbox 1877 4515 2016 4583; x_wconf 78' lang='grc' dir='ltr'>εἶδος</span> 
     </span>
    </p>
   </div>
   <div class='ocr_carea' id='block_1_84' title="bbox 429 4605 2015 4678">
    <p class='ocr_par' dir='ltr' id='par_1_84' title="bbox 429 4605 2015 4678">
     <span class='ocr_line' id='line_1_84' title="bbox 429 4605 2015 4678; baseline 0.006 -20"><span class='ocrx_word' id='word_1_649' title='bbox 429 4606 685 4675; x_wconf 79' lang='grc' dir='ltr'>πανταχῆ</span> <span class='ocrx_word' id='word_1_650' title='bbox 724 4607 782 4659; x_wconf 81' lang='grc' dir='ltr'>ὲν</span> <span class='ocrx_word' id='word_1_651' title='bbox 830 4605 908 4675; x_wconf 85' lang='grc' dir='ltr'><strong>τῷ</strong></span> <span class='ocrx_word' id='word_1_652' title='bbox 957 4607 1063 4676; x_wconf 82' lang='grc' dir='ltr'>ὅλῳ</span> <span class='ocrx_word' id='word_1_653' title='bbox 1118 4606 1384 4677; x_wconf 83' lang='grc' dir='ltr'>μᾶλλονῆ</span> <span class='ocrx_word' id='word_1_654' title='bbox 1419 4607 1476 4661; x_wconf 74' lang='grc' dir='ltr'>ὲν</span> <span class='ocrx_word' id='word_1_655' title='bbox 1502 4610 1616 4670; x_wconf 84' lang='grc' dir='ltr'>τοῖς</span> <span class='ocrx_word' id='word_1_656' title='bbox 1654 4610 1869 4678; x_wconf 78' lang='grc' dir='ltr'>μέρεσι.</span> <span class='ocrx_word' id='word_1_657' title='bbox 1903 4613 2015 4668; x_wconf 77' lang='grc' dir='ltr'>Καὶ</span> 
     </span>
    </p>
   </div>
   <div class='ocr_carea' id='block_1_85' title="bbox 429 4696 2012 4771">
    <p class='ocr_par' dir='ltr' id='par_1_85' title="bbox 429 4696 2012 4771">
     <span class='ocr_line' id='line_1_85' title="bbox 429 4696 2012 4771; baseline 0.006 -21"><span class='ocrx_word' id='word_1_658' title='bbox 429 4696 683 4770; x_wconf 70' lang='grc' dir='ltr'>ἐνεργείᾳ</span> <span class='ocrx_word' id='word_1_659' title='bbox 714 4698 770 4751; x_wconf 84' lang='grc' dir='ltr'><strong>δὲ</strong></span> <span class='ocrx_word' id='word_1_660' title='bbox 805 4698 1009 4767; x_wconf 77' lang='grc' dir='ltr'>μᾶλλον</span> <span class='ocrx_word' id='word_1_661' title='bbox 1050 4698 1110 4750; x_wconf 81' lang='grc' dir='ltr'>τὸ</span> <span class='ocrx_word' id='word_1_662' title='bbox 1141 4698 1374 4753; x_wconf 87' lang='grc' dir='ltr'>καθόλου</span> <span class='ocrx_word' id='word_1_663' title='bbox 1410 4699 1560 4753; x_wconf 78' lang='grc' dir='ltr'>ἐστὶν</span> <span class='ocrx_word' id='word_1_664' title='bbox 1590 4700 1621 4769; x_wconf 83' lang='grc' dir='ltr'>ἢ</span> <span class='ocrx_word' id='word_1_665' title='bbox 1652 4700 1713 4752; x_wconf 82' lang='grc' dir='ltr'>τὸ</span> <span class='ocrx_word' id='word_1_666' title='bbox 1740 4704 1883 4757; x_wconf 87' lang='grc' dir='ltr'><strong>κατά</strong></span> <span class='ocrx_word' id='word_1_667' title='bbox 1912 4705 2012 4771; x_wconf 81' lang='grc' dir='ltr'>μέ-</span> 
     </span>
    </p>
   </div>
   <div class='ocr_carea' id='block_1_86' title="bbox 432 4788 2011 4860">
    <p class='ocr_par' dir='ltr' id='par_1_86' title="bbox 432 4788 2011 4860">
     <span class='ocr_line' id='line_1_86' title="bbox 432 4788 2011 4860; baseline 0.004 -19"><span class='ocrx_word' id='word_1_668' title='bbox 432 4807 525 4860; x_wconf 87' lang='grc' dir='ltr'><strong>ρος</strong></span> <span class='ocrx_word' id='word_1_669' title='bbox 549 4806 563 4820; x_wconf 89' lang='grc'>·</span> <span class='ocrx_word' id='word_1_670' title='bbox 602 4790 666 4842; x_wconf 74' lang='grc' dir='ltr'>τὸ</span> <span class='ocrx_word' id='word_1_671' title='bbox 714 4790 814 4859; x_wconf 83' lang='grc' dir='ltr'>μὲν</span> <span class='ocrx_word' id='word_1_672' title='bbox 842 4789 951 4860; x_wconf 77' lang='grc' dir='ltr'>γὰρ</span> <span class='ocrx_word' id='word_1_673' title='bbox 1003 4788 1262 4851; x_wconf 88' lang='grc' dir='ltr'>καθόλου,</span> <span class='ocrx_word' id='word_1_674' title='bbox 1295 4789 1527 4843; x_wconf 87' lang='grc' dir='ltr'>καθόλου</span> <span class='ocrx_word' id='word_1_675' title='bbox 1577 4789 1666 4843; x_wconf 65' lang='grc' dir='ltr'><strong>ἐπ’</strong></span> <span class='ocrx_word' id='word_1_676' title='bbox 1697 4791 1878 4845; x_wconf 83' lang='grc' dir='ltr'>αὐτῶν</span> <span class='ocrx_word' id='word_1_677' title='bbox 1900 4794 2011 4847; x_wconf 86' lang='grc' dir='ltr'><strong>τῶν</strong></span> 
     </span>
    </p>
   </div>
   <div class='ocr_carea' id='block_1_87' title="bbox 429 4880 2008 4954">
    <p class='ocr_par' dir='ltr' id='par_1_87' title="bbox 429 4880 2008 4954">
     <span class='ocr_line' id='line_1_87' title="bbox 429 4880 2008 4954; baseline 0.001 -21"><span class='ocrx_word' id='word_1_678' title='bbox 429 4881 780 4950; x_wconf 83' lang='grc' dir='ltr'>πραγμάτων</span> <span class='ocrx_word' id='word_1_679' title='bbox 829 4880 1273 4951; x_wconf 77' lang='grc' dir='ltr'>λαμϐανόμενον,</span> <span class='ocrx_word' id='word_1_680' title='bbox 1315 4881 1450 4933; x_wconf 75' lang='grc' dir='ltr'>αὑτό</span> <span class='ocrx_word' id='word_1_681' title='bbox 1481 4898 1540 4933; x_wconf 89' lang='grc' dir='ltr'><strong>τε</strong></span> <span class='ocrx_word' id='word_1_682' title='bbox 1574 4883 1830 4954; x_wconf 72' lang='grc' dir='ltr'>ἐνεργείᾳ</span> <span class='ocrx_word' id='word_1_683' title='bbox 1868 4886 2008 4952; x_wconf 76' lang='grc' dir='ltr'>ἐστὶ,</span> 
     </span>
    </p>
   </div>
   <div class='ocr_carea' id='block_1_88' title="bbox 420 4971 2009 5051">
    <p class='ocr_par' dir='ltr' id='par_1_88' title="bbox 420 4971 2009 5051">
     <span class='ocr_line' id='line_1_88' title="bbox 420 4971 2009 5051; baseline 0.004 -26"><span class='ocrx_word' id='word_1_684' title='bbox 420 4971 526 5025; x_wconf 77' lang='grc' dir='ltr'>καὶ</span> <span class='ocrx_word' id='word_1_685' title='bbox 548 4973 617 5025; x_wconf 81' lang='grc' dir='ltr'><strong>τά</strong></span> <span class='ocrx_word' id='word_1_686' title='bbox 646 4972 785 5025; x_wconf 81' lang='grc' dir='ltr'><strong>κατά</strong></span> <span class='ocrx_word' id='word_1_687' title='bbox 825 4973 989 5051; x_wconf 81' lang='grc' dir='ltr'>μέρος</span> <span class='ocrx_word' id='word_1_688' title='bbox 1017 4971 1236 5026; x_wconf 71' lang='grc' dir='ltr'>ἅπαντα</span> <span class='ocrx_word' id='word_1_689' title='bbox 1267 4973 1520 5045; x_wconf 58' lang='grc' dir='ltr'>ἐνεργείᾳ</span> <span class='ocrx_word' id='word_1_690' title='bbox 1555 4976 1825 5046; x_wconf 84' lang='grc' dir='ltr'>περιέχει·</span> <span class='ocrx_word' id='word_1_691' title='bbox 1857 4978 1918 5029; x_wconf 84' lang='grc' dir='ltr'><strong>τὸ</strong></span> <span class='ocrx_word' id='word_1_692' title='bbox 1951 4978 2009 5032; x_wconf 80' lang='grc' dir='ltr'><strong>δὲ</strong></span> 
     </span>
    </p>
   </div>
   <div class='ocr_carea' id='block_1_89' title="bbox 427 5063 2008 5140">
    <p class='ocr_par' dir='ltr' id='par_1_89' title="bbox 427 5063 2008 5140">
     <span class='ocr_line' id='line_1_89' title="bbox 427 5063 2008 5140; baseline 0.005 -25"><span class='ocrx_word' id='word_1_693' title='bbox 427 5063 660 5115; x_wconf 89' lang='grc' dir='ltr'>καθόλου</span> <span class='ocrx_word' id='word_1_694' title='bbox 690 5065 748 5116; x_wconf 82' lang='grc' dir='ltr'>ὲν</span> <span class='ocrx_word' id='word_1_695' title='bbox 772 5063 952 5132; x_wconf 80' lang='grc' dir='ltr'>ἐαυτῷ</span> <span class='ocrx_word' id='word_1_696' title='bbox 982 5064 1042 5116; x_wconf 79' lang='grc' dir='ltr'><strong>οὐ</strong></span> <span class='ocrx_word' id='word_1_697' title='bbox 1071 5064 1304 5117; x_wconf 87' lang='grc' dir='ltr'>καθόλου</span> <span class='ocrx_word' id='word_1_698' title='bbox 1340 5063 1478 5135; x_wconf 75' lang='grc' dir='ltr'>ἔχει,</span> <span class='ocrx_word' id='word_1_699' title='bbox 1526 5066 1644 5119; x_wconf 82' lang='grc' dir='ltr'>ἀλλ’</span> <span class='ocrx_word' id='word_1_700' title='bbox 1675 5068 1802 5121; x_wconf 80' lang='grc' dir='ltr'>ὅσον</span> <span class='ocrx_word' id='word_1_701' title='bbox 1841 5069 2008 5140; x_wconf 88' lang='grc' dir='ltr'>μόνον</span> 
     </span>
    </p>
   </div>
   <div class='ocr_carea' id='block_1_90' title="bbox 429 5153 2010 5231">
    <p class='ocr_par' dir='ltr' id='par_1_90' title="bbox 429 5153 2010 5231">
     <span class='ocr_line' id='line_1_90' title="bbox 429 5153 2010 5231; baseline 0.006 -24"><span class='ocrx_word' id='word_1_702' title='bbox 429 5153 690 5207; x_wconf 87' lang='grc' dir='ltr'>κάκείνου</span> <span class='ocrx_word' id='word_1_703' title='bbox 763 5170 813 5206; x_wconf 87' lang='grc' dir='ltr'><strong>τι</strong></span> <span class='ocrx_word' id='word_1_704' title='bbox 865 5154 1044 5224; x_wconf 79' lang='grc' dir='ltr'>ἑαυτῷ</span> <span class='ocrx_word' id='word_1_705' title='bbox 1107 5157 1401 5225; x_wconf 79' lang='grc' dir='ltr'>προσήκει.</span> <span class='ocrx_word' id='word_1_706' title='bbox 1480 5158 1590 5210; x_wconf 79' lang='grc' dir='ltr'>Καὶ</span> <span class='ocrx_word' id='word_1_707' title='bbox 1643 5159 1846 5213; x_wconf 85' lang='grc' dir='ltr'>τέλειον</span> <span class='ocrx_word' id='word_1_708' title='bbox 1911 5160 2010 5231; x_wconf 81' lang='grc' dir='ltr'><strong>μέν</strong></span> 
     </span>
    </p>
   </div>
   <div class='ocr_carea' id='block_1_91' title="bbox 427 5244 1656 5319">
    <p class='ocr_par' dir='ltr' id='par_1_91' title="bbox 427 5244 1656 5319">
     <span class='ocr_line' id='line_1_91' title="bbox 427 5244 1656 5319; baseline 0.002 -20"><span class='ocrx_word' id='word_1_709' title='bbox 427 5264 511 5299; x_wconf 85' lang='grc' dir='ltr'><strong>τοι</strong></span> <span class='ocrx_word' id='word_1_710' title='bbox 538 5244 857 5313; x_wconf 68' lang='grc' dir='ltr'>τὸκαθόλου,</span> <span class='ocrx_word' id='word_1_711' title='bbox 896 5246 1085 5309; x_wconf 77' lang='grc' dir='ltr'>ἀτελὲς</span> <span class='ocrx_word' id='word_1_712' title='bbox 1113 5246 1170 5299; x_wconf 86' lang='grc' dir='ltr'><strong>δὲ</strong></span> <span class='ocrx_word' id='word_1_713' title='bbox 1196 5247 1259 5299; x_wconf 80' lang='grc' dir='ltr'>τὸ</span> <span class='ocrx_word' id='word_1_714' title='bbox 1289 5248 1433 5301; x_wconf 86' lang='grc' dir='ltr'><strong>κατά</strong></span> <span class='ocrx_word' id='word_1_715' title='bbox 1468 5250 1656 5319; x_wconf 84' lang='grc' dir='ltr'>μέρος.</span> 
     </span>
    </p>
   </div>
   <div class='ocr_carea' id='block_1_92' title="bbox 2770 4145 3055 4205">
    <p class='ocr_par' dir='ltr' id='par_1_92' title="bbox 2770 4145 3055 4205">
     <span class='ocr_line' id='line_1_92' title="bbox 2770 4145 3055 4205; baseline -0.021 0"><span class='ocrx_word' id='word_1_716' title='bbox 2770 4146 2924 4205; x_wconf 82' lang='lat' dir='ltr'><strong>CAP.</strong></span> <span class='ocrx_word' id='word_1_717' title='bbox 2989 4145 3055 4200; x_wconf 85' lang='lat' dir='ltr'><strong>V.</strong></span> 
     </span>
    </p>
   </div>
   <div class='ocr_carea' id='block_1_93' title="bbox 2192 4235 3703 4305">
    <p class='ocr_par' dir='ltr' id='par_1_93' title="bbox 2192 4235 3703 4305">
     <span class='ocr_line' id='line_1_93' title="bbox 2192 4235 3703 4305; baseline -0.005 -7"><span class='ocrx_word' id='word_1_718' title='bbox 2192 4245 2329 4299; x_wconf 92' lang='lat' dir='ltr'><strong>lluic</strong></span> <span class='ocrx_word' id='word_1_719' title='bbox 2362 4252 2543 4298; x_wconf 86' lang='lat' dir='ltr'><strong>autem</strong></span> <span class='ocrx_word' id='word_1_720' title='bbox 2585 4242 2714 4296; x_wconf 74' lang='lat' dir='ltr'><strong>illul</strong></span> <span class='ocrx_word' id='word_1_721' title='bbox 2762 4256 2870 4295; x_wconf 88' lang='lat' dir='ltr'><strong>non</strong></span> <span class='ocrx_word' id='word_1_722' title='bbox 2929 4248 3012 4295; x_wconf 88' lang='lat' dir='ltr'><strong>est</strong></span> <span class='ocrx_word' id='word_1_723' title='bbox 3064 4237 3353 4299; x_wconf 89' lang='lat' dir='ltr'><strong>dissimile,</strong></span> <span class='ocrx_word' id='word_1_724' title='bbox 3388 4236 3531 4305; x_wconf 84' lang='lat' dir='ltr'><strong>quod</strong></span> <span class='ocrx_word' id='word_1_725' title='bbox 3565 4235 3703 4291; x_wconf 85' lang='lat' dir='ltr'><strong>idem</strong></span> 
     </span>
    </p>
   </div>
   <div class='ocr_carea' id='block_1_94' title="bbox 2116 4328 3705 4398">
    <p class='ocr_par' dir='ltr' id='par_1_94' title="bbox 2116 4328 3705 4398">
     <span class='ocr_line' id='line_1_94' title="bbox 2116 4328 3705 4398; baseline -0.005 -8"><span class='ocrx_word' id='word_1_726' title='bbox 2116 4337 2438 4391; x_wconf 86' lang='lat' dir='ltr'><strong>Aristoteles</strong></span> <span class='ocrx_word' id='word_1_727' title='bbox 2469 4337 2565 4398; x_wconf 89' lang='lat' dir='ltr'><strong>ait,</strong></span> <span class='ocrx_word' id='word_1_728' title='bbox 2597 4335 2909 4387; x_wconf 79' lang='lat' dir='ltr'><strong>universum</strong></span> <span class='ocrx_word' id='word_1_729' title='bbox 2957 4330 3223 4389; x_wconf 45' lang='lat' dir='ltr'><strong>materiae,</strong></span> <span class='ocrx_word' id='word_1_730' title='bbox 3257 4328 3588 4395; x_wconf 67' lang='lat' dir='ltr'><strong>panicnlare</strong></span> <span class='ocrx_word' id='word_1_731' title='bbox 3611 4344 3705 4382; x_wconf 83' lang='lat' dir='ltr'><strong>an-</strong></span> 
     </span>
    </p>
   </div>
   <div class='ocr_carea' id='block_1_95' title="bbox 2117 4422 3705 4486">
    <p class='ocr_par' dir='ltr' id='par_1_95' title="bbox 2117 4422 3705 4486">
     <span class='ocr_line' id='line_1_95' title="bbox 2117 4422 3705 4486; baseline -0.007 -2"><span class='ocrx_word' id='word_1_732' title='bbox 2117 4442 2220 4485; x_wconf 88' lang='lat' dir='ltr'><strong>tem</strong></span> <span class='ocrx_word' id='word_1_733' title='bbox 2246 4428 2434 4483; x_wconf 68' lang='lat' dir='ltr'><strong>formm</strong></span> <span class='ocrx_word' id='word_1_734' title='bbox 2468 4429 2665 4481; x_wconf 85' lang='lat' dir='ltr'><strong>habere</strong></span> <span class='ocrx_word' id='word_1_735' title='bbox 2694 4425 2985 4478; x_wconf 87' lang='lat' dir='ltr'><strong>rationem.</strong></span> <span class='ocrx_word' id='word_1_736' title='bbox 3022 4422 3375 4475; x_wconf 86' lang='lat' dir='ltr'><strong>Contrarium</strong></span> <span class='ocrx_word' id='word_1_737' title='bbox 3410 4422 3565 4486; x_wconf 82' lang='lat' dir='ltr'><strong>enim</strong></span> <span class='ocrx_word' id='word_1_738' title='bbox 3594 4437 3705 4473; x_wconf 84' lang='lat' dir='ltr'><strong>om-</strong></span> 
     </span>
    </p>
   </div>
   <div class='ocr_carea' id='block_1_96' title="bbox 2117 4511 3705 4581">
    <p class='ocr_par' dir='ltr' id='par_1_96' title="bbox 2117 4511 3705 4581">
     <span class='ocr_line' id='line_1_96' title="bbox 2117 4511 3705 4581; baseline -0.006 -6"><span class='ocrx_word' id='word_1_739' title='bbox 2117 4522 2250 4576; x_wconf 91' lang='lat' dir='ltr'><strong>nino</strong></span> <span class='ocrx_word' id='word_1_740' title='bbox 2301 4536 2487 4575; x_wconf 76' lang='lat' dir='ltr'><strong>verum</strong></span> <span class='ocrx_word' id='word_1_741' title='bbox 2534 4517 2695 4572; x_wconf 81' lang='lat' dir='ltr'><strong>fuerit</strong></span> <span class='ocrx_word' id='word_1_742' title='bbox 2726 4556 2740 4581; x_wconf 87' lang='lat'><strong>,</strong></span> <span class='ocrx_word' id='word_1_743' title='bbox 2798 4515 2843 4570; x_wconf 92' lang='lat' dir='ltr'><strong>si</strong></span> <span class='ocrx_word' id='word_1_744' title='bbox 2902 4512 3122 4581; x_wconf 89' lang='lat' dir='ltr'><strong>quidem</strong></span> <span class='ocrx_word' id='word_1_745' title='bbox 3165 4511 3477 4564; x_wconf 69' lang='lat' dir='ltr'><strong>universum</strong></span> <span class='ocrx_word' id='word_1_746' title='bbox 3535 4519 3705 4565; x_wconf 81' lang='lat' dir='ltr'><strong>totum</strong></span> 
     </span>
    </p>
   </div>
   <div class='ocr_carea' id='block_1_97' title="bbox 2117 4600 3703 4681">
    <p class='ocr_par' dir='ltr' id='par_1_97' title="bbox 2117 4600 3703 4681">
     <span class='ocr_line' id='line_1_97' title="bbox 2117 4600 3703 4681; baseline -0.008 -18"><span class='ocrx_word' id='word_1_747' title='bbox 2117 4612 2395 4681; x_wconf 84' lang='lat' dir='ltr'><strong>quippiam</strong></span> <span class='ocrx_word' id='word_1_748' title='bbox 2427 4618 2530 4671; x_wconf 88' lang='lat' dir='ltr'><strong>est,</strong></span> <span class='ocrx_word' id='word_1_749' title='bbox 2565 4608 2615 4662; x_wconf 89' lang='lat' dir='ltr'><strong>id</strong></span> <span class='ocrx_word' id='word_1_750' title='bbox 2642 4615 2822 4660; x_wconf 87' lang='lat' dir='ltr'><strong>autem</strong></span> <span class='ocrx_word' id='word_1_751' title='bbox 2855 4604 2999 4673; x_wconf 90' lang='lat' dir='ltr'><strong>quod</strong></span> <span class='ocrx_word' id='word_1_752' title='bbox 3030 4604 3081 4655; x_wconf 88' lang='lat' dir='ltr'><strong>in</strong></span> <span class='ocrx_word' id='word_1_753' title='bbox 3109 4613 3260 4671; x_wconf 88' lang='lat' dir='ltr'><strong>parte</strong></span> <span class='ocrx_word' id='word_1_754' title='bbox 3292 4600 3522 4654; x_wconf 69' lang='lat' dir='ltr'><strong>conside</strong></span> <span class='ocrx_word' id='word_1_755' title='bbox 3556 4607 3703 4664; x_wconf 87' lang='lat' dir='ltr'><strong>atur,</strong></span> 
     </span>
    </p>
   </div>
   <div class='ocr_carea' id='block_1_98' title="bbox 2116 4689 3702 4772">
    <p class='ocr_par' dir='ltr' id='par_1_98' title="bbox 2116 4689 3702 4772">
     <span class='ocr_line' id='line_1_98' title="bbox 2116 4689 3702 4772; baseline -0.013 -14"><span class='ocrx_word' id='word_1_756' title='bbox 2116 4718 2246 4772; x_wconf 88' lang='lat' dir='ltr'><strong>pars</strong></span> <span class='ocrx_word' id='word_1_757' title='bbox 2289 4700 2548 4771; x_wconf 82' lang='lat' dir='ltr'><strong>:species</strong></span> <span class='ocrx_word' id='word_1_758' title='bbox 2616 4712 2750 4752; x_wconf 86' lang='lat' dir='ltr'><strong>vero</strong></span> <span class='ocrx_word' id='word_1_759' title='bbox 2814 4696 2932 4765; x_wconf 88' lang='lat' dir='ltr'><strong>ipsa</strong></span> <span class='ocrx_word' id='word_1_760' title='bbox 2988 4694 3213 4747; x_wconf 87' lang='lat' dir='ltr'><strong>omnino</strong></span> <span class='ocrx_word' id='word_1_761' title='bbox 3252 4692 3303 4743; x_wconf 92' lang='lat' dir='ltr'><strong>in</strong></span> <span class='ocrx_word' id='word_1_762' title='bbox 3362 4700 3472 4743; x_wconf 86' lang='lat' dir='ltr'><strong>toto</strong></span> <span class='ocrx_word' id='word_1_763' title='bbox 3525 4689 3702 4756; x_wconf 80' lang='lat' dir='ltr'><strong>magis</strong></span> 
     </span>
    </p>
   </div>
   <div class='ocr_carea' id='block_1_99' title="bbox 2114 4783 3699 4860">
    <p class='ocr_par' dir='ltr' id='par_1_99' title="bbox 2114 4783 3699 4860">
     <span class='ocr_line' id='line_1_99' title="bbox 2114 4783 3699 4860; baseline -0.007 -17"><span class='ocrx_word' id='word_1_764' title='bbox 2114 4808 2277 4860; x_wconf 89' lang='lat' dir='ltr'><strong>quam</strong></span> <span class='ocrx_word' id='word_1_765' title='bbox 2311 4792 2364 4845; x_wconf 92' lang='lat' dir='ltr'><strong>in</strong></span> <span class='ocrx_word' id='word_1_766' title='bbox 2422 4789 2665 4858; x_wconf 85' lang='lat' dir='ltr'><strong>partibus</strong></span> <span class='ocrx_word' id='word_1_767' title='bbox 2701 4786 2934 4841; x_wconf 80' lang='lat' dir='ltr'><strong>exstitit.</strong></span> <span class='ocrx_word' id='word_1_768' title='bbox 2966 4783 3053 4837; x_wconf 65' lang='lat' dir='ltr'><strong>‘Et</strong></span> <span class='ocrx_word' id='word_1_769' title='bbox 3105 4783 3425 4836; x_wconf 69' lang='lat' dir='ltr'><strong>universum</strong></span> <span class='ocrx_word' id='word_1_770' title='bbox 3477 4788 3699 4847; x_wconf 85' lang='lat' dir='ltr'><strong>quoque</strong></span> 
     </span>
    </p>
   </div>
   <div class='ocr_carea' id='block_1_100' title="bbox 2115 4871 3699 4955">
    <p class='ocr_par' dir='ltr' id='par_1_100' title="bbox 2115 4871 3699 4955">
     <span class='ocr_line' id='line_1_100' title="bbox 2115 4871 3699 4955; baseline -0.009 -16"><span class='ocrx_word' id='word_1_771' title='bbox 2115 4886 2287 4955; x_wconf 75' lang='lat' dir='ltr'><strong>magis</strong></span> <span class='ocrx_word' id='word_1_772' title='bbox 2328 4894 2411 4940; x_wconf 87' lang='lat' dir='ltr'><strong>est</strong></span> <span class='ocrx_word' id='word_1_773' title='bbox 2469 4894 2524 4938; x_wconf 90' lang='lat' dir='ltr'><strong>et</strong></span> <span class='ocrx_word' id='word_1_774' title='bbox 2576 4883 2757 4937; x_wconf 82' lang='lat' dir='ltr'><strong>verius</strong></span> <span class='ocrx_word' id='word_1_775' title='bbox 2804 4880 2923 4950; x_wconf 92' lang='lat' dir='ltr'><strong>ipso</strong></span> <span class='ocrx_word' id='word_1_776' title='bbox 2972 4888 3120 4943; x_wconf 87' lang='lat' dir='ltr'><strong>actu,</strong></span> <span class='ocrx_word' id='word_1_777' title='bbox 3154 4889 3320 4944; x_wconf 89' lang='lat' dir='ltr'><strong>quam</strong></span> <span class='ocrx_word' id='word_1_778' title='bbox 3348 4873 3400 4928; x_wconf 89' lang='lat' dir='ltr'><strong>id</strong></span> <span class='ocrx_word' id='word_1_779' title='bbox 3439 4871 3584 4940; x_wconf 82' lang='lat' dir='ltr'><strong>quod</strong></span> <span class='ocrx_word' id='word_1_780' title='bbox 3646 4871 3699 4926; x_wconf 92' lang='lat' dir='ltr'><strong>in</strong></span> 
     </span>
    </p>
   </div>
   <div class='ocr_carea' id='block_1_101' title="bbox 2113 4963 3695 5048">
    <p class='ocr_par' dir='ltr' id='par_1_101' title="bbox 2113 4963 3695 5048">
     <span class='ocr_line' id='line_1_101' title="bbox 2113 4963 3695 5048; baseline -0.008 -18"><span class='ocrx_word' id='word_1_781' title='bbox 2113 4992 2269 5048; x_wconf 82' lang='lat' dir='ltr'><strong>parte</strong></span> <span class='ocrx_word' id='word_1_782' title='bbox 2319 4969 2645 5045; x_wconf 49' lang='lat' dir='ltr'><strong>spectatum</strong></span> <span class='ocrx_word' id='word_1_783' title='bbox 2674 4973 3002 5029; x_wconf 79' lang='lat' dir='ltr'><strong>Universum</strong></span> <span class='ocrx_word' id='word_1_784' title='bbox 3054 4983 3287 5037; x_wconf 88' lang='lat' dir='ltr'><strong>namque</strong></span> <span class='ocrx_word' id='word_1_785' title='bbox 3319 4966 3365 5020; x_wconf 91' lang='lat' dir='ltr'><strong>si</strong></span> <span class='ocrx_word' id='word_1_786' title='bbox 3400 4963 3695 5019; x_wconf 84' lang='lat' dir='ltr'><strong>universali</strong></span> 
     </span>
    </p>
   </div>
   <div class='ocr_carea' id='block_1_102' title="bbox 2112 5061 3701 5138">
    <p class='ocr_par' dir='ltr' id='par_1_102' title="bbox 2112 5061 3701 5138">
     <span class='ocr_line' id='line_1_102' title="bbox 2112 5061 3701 5138; baseline -0.01 -13"><span class='ocrx_word' id='word_1_787' title='bbox 2112 5070 2325 5125; x_wconf 89' lang='lat' dir='ltr'><strong>ratione</strong></span> <span class='ocrx_word' id='word_1_788' title='bbox 2357 5070 2426 5125; x_wconf 89' lang='lat' dir='ltr'><strong>de</strong></span> <span class='ocrx_word' id='word_1_789' title='bbox 2447 5070 2581 5138; x_wconf 85' lang='lat' dir='ltr'><strong>ipsis</strong></span> <span class='ocrx_word' id='word_1_790' title='bbox 2617 5069 2779 5122; x_wconf 80' lang='lat' dir='ltr'><strong>rebus</strong></span> <span class='ocrx_word' id='word_1_791' title='bbox 2809 5064 3113 5133; x_wconf 86' lang='lat' dir='ltr'><strong>accipiatur</strong></span> <span class='ocrx_word' id='word_1_792' title='bbox 3153 5070 3208 5115; x_wconf 81' lang='lat' dir='ltr'><strong>et</strong></span> <span class='ocrx_word' id='word_1_793' title='bbox 3238 5061 3416 5129; x_wconf 91' lang='lat' dir='ltr'><strong>ipsum</strong></span> <span class='ocrx_word' id='word_1_794' title='bbox 3443 5068 3565 5111; x_wconf 86' lang='lat' dir='ltr'><strong>actu</strong></span> <span class='ocrx_word' id='word_1_795' title='bbox 3594 5063 3701 5123; x_wconf 80' lang='lat' dir='ltr'><strong>est,</strong></span> 
     </span>
    </p>
   </div>
   <div class='ocr_carea' id='block_1_103' title="bbox 2111 5149 3679 5231">
    <p class='ocr_par' dir='ltr' id='par_1_103' title="bbox 2111 5149 3679 5231">
     <span class='ocr_line' id='line_1_103' title="bbox 2111 5149 3679 5231; baseline -0.009 -14"><span class='ocrx_word' id='word_1_796' title='bbox 2111 5171 2168 5217; x_wconf 87' lang='lat' dir='ltr'><strong>et</strong></span> <span class='ocrx_word' id='word_1_797' title='bbox 2194 5177 2255 5216; x_wconf 90' lang='lat' dir='ltr'><strong>ea</strong></span> <span class='ocrx_word' id='word_1_798' title='bbox 2289 5161 2495 5227; x_wconf 77' lang='lat' dir='ltr'><strong>onmia,</strong></span> <span class='ocrx_word' id='word_1_799' title='bbox 2530 5176 2651 5231; x_wconf 68' lang='lat' dir='ltr'><strong>qua:</strong></span> <span class='ocrx_word' id='word_1_800' title='bbox 2684 5160 2738 5213; x_wconf 90' lang='lat' dir='ltr'><strong>in</strong></span> <span class='ocrx_word' id='word_1_801' title='bbox 2780 5167 2935 5226; x_wconf 84' lang='lat' dir='ltr'><strong>parte</strong></span> <span class='ocrx_word' id='word_1_802' title='bbox 2976 5161 3318 5225; x_wconf 86' lang='lat' dir='ltr'><strong>spectantur,</strong></span> <span class='ocrx_word' id='word_1_803' title='bbox 3365 5162 3491 5206; x_wconf 85' lang='lat' dir='ltr'><strong>actu</strong></span> <span class='ocrx_word' id='word_1_804' title='bbox 3527 5149 3679 5204; x_wconf 91' lang='lat' dir='ltr'><strong>conti</strong></span> 
     </span>
    </p>
   </div>
   <div class='ocr_carea' id='block_1_104' title="bbox 2118 5241 3701 5320">
    <p class='ocr_par' dir='ltr' id='par_1_104' title="bbox 2118 5241 3701 5320">
     <span class='ocr_line' id='line_1_104' title="bbox 2118 5241 3701 5320; baseline -0.006 -16"><span class='ocrx_word' id='word_1_805' title='bbox 2118 5261 2228 5316; x_wconf 87' lang='lat' dir='ltr'><strong>net,</strong></span> <span class='ocrx_word' id='word_1_806' title='bbox 2268 5261 2620 5320; x_wconf 79' lang='lat' dir='ltr'><strong>coercetque,</strong></span> <span class='ocrx_word' id='word_1_807' title='bbox 2670 5252 2986 5303; x_wconf 87' lang='lat' dir='ltr'><strong>universum</strong></span> <span class='ocrx_word' id='word_1_808' title='bbox 3030 5259 3158 5299; x_wconf 88' lang='lat' dir='ltr'><strong>vero</strong></span> <span class='ocrx_word' id='word_1_809' title='bbox 3208 5244 3387 5313; x_wconf 87' lang='lat' dir='ltr'><strong>ipsum</strong></span> <span class='ocrx_word' id='word_1_810' title='bbox 3438 5241 3491 5293; x_wconf 94' lang='lat' dir='ltr'><strong>in</strong></span> <span class='ocrx_word' id='word_1_811' title='bbox 3520 5242 3701 5309; x_wconf 89' lang='lat' dir='ltr'><strong>seipso</strong></span> 
     </span>
    </p>
   </div>
   <div class='ocr_carea' id='block_1_105' title="bbox 2114 5334 3699 5405">
    <p class='ocr_par' dir='ltr' id='par_1_105' title="bbox 2114 5334 3699 5405">
     <span class='ocr_line' id='line_1_105' title="bbox 2114 5334 3699 5405; baseline -0.007 -11"><span class='ocrx_word' id='word_1_812' title='bbox 2114 5357 2223 5395; x_wconf 84' lang='lat' dir='ltr'><strong>non</strong></span> <span class='ocrx_word' id='word_1_813' title='bbox 2257 5353 2311 5395; x_wconf 89' lang='lat' dir='ltr'><strong>ut</strong></span> <span class='ocrx_word' id='word_1_814' title='bbox 2345 5342 2661 5396; x_wconf 79' lang='lat' dir='ltr'><strong>universum</strong></span> <span class='ocrx_word' id='word_1_815' title='bbox 2696 5338 2958 5403; x_wconf 82' lang='lat' dir='ltr'><strong>continet,</strong></span> <span class='ocrx_word' id='word_1_816' title='bbox 3019 5336 3113 5392; x_wconf 84' lang='lat' dir='ltr'><strong>sed</strong></span> <span class='ocrx_word' id='word_1_817' title='bbox 3143 5335 3321 5405; x_wconf 84' lang='lat' dir='ltr'><strong>quoad</strong></span> <span class='ocrx_word' id='word_1_818' title='bbox 3353 5351 3419 5389; x_wconf 80' lang='lat' dir='ltr'><strong>ex</strong></span> <span class='ocrx_word' id='word_1_819' title='bbox 3473 5334 3565 5386; x_wconf 88' lang='lat' dir='ltr'><strong>illo</strong></span> <span class='ocrx_word' id='word_1_820' title='bbox 3616 5346 3699 5384; x_wconf 85' lang='lat' dir='ltr'><strong>so-</strong></span> 
     </span>
    </p>
   </div>
   <div class='ocr_carea' id='block_1_106' title="bbox 424 5421 3699 5503">
    <p class='ocr_par' dir='ltr' id='par_1_106' title="bbox 424 5421 3699 5503">
     <span class='ocr_line' id='line_1_106' title="bbox 424 5421 3699 5503; baseline -0.004 -20"><span class='ocrx_word' id='word_1_821' title='bbox 424 5425 704 5483; x_wconf 88' lang='lat' dir='ltr'><strong>lummodo</strong></span> <span class='ocrx_word' id='word_1_822' title='bbox 738 5424 941 5495; x_wconf 85' lang='lat' dir='ltr'><strong>aliquid</strong></span> <span class='ocrx_word' id='word_1_823' title='bbox 995 5424 1097 5479; x_wconf 88' lang='lat' dir='ltr'><strong>sihi</strong></span> <span class='ocrx_word' id='word_1_824' title='bbox 1136 5426 1413 5495; x_wconf 88' lang='lat' dir='ltr'><strong>competit.</strong></span> <span class='ocrx_word' id='word_1_825' title='bbox 1451 5427 1626 5495; x_wconf 78' lang='lat' dir='ltr'><strong>Atque</strong></span> <span class='ocrx_word' id='word_1_826' title='bbox 1686 5427 2001 5484; x_wconf 84' lang='lat' dir='ltr'><strong>universum</strong></span> <span class='ocrx_word' id='word_1_827' title='bbox 2042 5434 2285 5501; x_wconf 62' lang='lat' dir='ltr'><strong>quidem,</strong></span> <span class='ocrx_word' id='word_1_828' title='bbox 2352 5432 2652 5503; x_wconf 62' lang='lat' dir='ltr'><strong>perfectum</strong></span> <span class='ocrx_word' id='word_1_829' title='bbox 2691 5431 2946 5502; x_wconf 72' lang='lat' dir='ltr'><strong>quiddam</strong></span> <span class='ocrx_word' id='word_1_830' title='bbox 2999 5438 3104 5493; x_wconf 74' lang='lat' dir='ltr'><strong>est,</strong></span> <span class='ocrx_word' id='word_1_831' title='bbox 3166 5429 3217 5483; x_wconf 75' lang='lat' dir='ltr'><strong>id</strong></span> <span class='ocrx_word' id='word_1_832' title='bbox 3246 5441 3371 5482; x_wconf 80' lang='lat' dir='ltr'><strong>vero</strong></span> <span class='ocrx_word' id='word_1_833' title='bbox 3439 5422 3585 5493; x_wconf 87' lang='lat' dir='ltr'><strong>quod</strong></span> <span class='ocrx_word' id='word_1_834' title='bbox 3646 5421 3699 5474; x_wconf 93' lang='lat' dir='ltr'><strong>in</strong></span> 
     </span>
    </p>
   </div>
   <div class='ocr_carea' id='block_1_107' title="bbox 423 5517 1460 5589">
    <p class='ocr_par' dir='ltr' id='par_1_107' title="bbox 423 5517 1460 5589">
     <span class='ocr_line' id='line_1_107' title="bbox 423 5517 1460 5589; baseline 0 -18"><span class='ocrx_word' id='word_1_835' title='bbox 423 5528 579 5589; x_wconf 87' lang='lat' dir='ltr'><strong>parte</strong></span> <span class='ocrx_word' id='word_1_836' title='bbox 605 5517 1011 5583; x_wconf 84' lang='lat' dir='ltr'><strong>consideratur,</strong></span> <span class='ocrx_word' id='word_1_837' title='bbox 1050 5518 1460 5585; x_wconf 77' lang='lat' dir='ltr'><strong>imperfectum.</strong></span> 
     </span>
    </p>
   </div>
   <div class='ocr_carea' id='block_1_108' title="bbox 1022 5610 1406 5676">
    <p class='ocr_par' dir='ltr' id='par_1_108' title="bbox 1022 5610 1406 5676">
     <span class='ocr_line' id='line_1_108' title="bbox 1022 5610 1406 5676; baseline -0.003 -13"><span class='ocrx_word' id='word_1_838' title='bbox 1022 5610 1277 5664; x_wconf 72' lang='grc' dir='ltr'>κΕφΑΑ.</span> <span class='ocrx_word' id='word_1_839' title='bbox 1314 5611 1406 5676; x_wconf 70' lang='grc' dir='ltr'><strong>ς’.</strong></span> 
     </span>
    </p>
   </div>
   <div class='ocr_carea' id='block_1_109' title="bbox 496 5700 2003 5775">
    <p class='ocr_par' dir='ltr' id='par_1_109' title="bbox 496 5700 2003 5775">
     <span class='ocr_line' id='line_1_109' title="bbox 496 5700 2003 5775; baseline 0.002 -19"><span class='ocrx_word' id='word_1_840' title='bbox 496 5702 610 5757; x_wconf 71' lang='grc' dir='ltr'><strong>Καὶ</strong></span> <span class='ocrx_word' id='word_1_841' title='bbox 648 5702 750 5772; x_wconf 79' lang='grc' dir='ltr'>μὲν</span> <span class='ocrx_word' id='word_1_842' title='bbox 777 5703 842 5775; x_wconf 81' lang='grc' dir='ltr'><strong>δὴ</strong></span> <span class='ocrx_word' id='word_1_843' title='bbox 878 5702 986 5757; x_wconf 85' lang='grc' dir='ltr'>οὐδ’</span> <span class='ocrx_word' id='word_1_844' title='bbox 1021 5702 1089 5757; x_wconf 82' lang='grc' dir='ltr'><strong>ἂν</strong></span> <span class='ocrx_word' id='word_1_845' title='bbox 1138 5704 1318 5758; x_wconf 72' lang='grc' dir='ltr'>ἐκεῖνο</span> <span class='ocrx_word' id='word_1_846' title='bbox 1360 5700 1511 5771; x_wconf 83' lang='grc' dir='ltr'>αὐτῷ</span> <span class='ocrx_word' id='word_1_847' title='bbox 1541 5702 1719 5773; x_wconf 83' lang='grc' dir='ltr'>ὀρθῶς</span> <span class='ocrx_word' id='word_1_848' title='bbox 1751 5704 2003 5774; x_wconf 85' lang='grc' dir='ltr'>λέγοιτο,</span> 
     </span>
    </p>
   </div>
   <div class='ocr_carea' id='block_1_110' title="bbox 421 5790 2007 5871">
    <p class='ocr_par' dir='ltr' id='par_1_110' title="bbox 421 5790 2007 5871">
     <span class='ocr_line' id='line_1_110' title="bbox 421 5790 2007 5871; baseline 0.003 -21"><span class='ocrx_word' id='word_1_849' title='bbox 421 5796 483 5851; x_wconf 73' lang='grc' dir='ltr'>τὸ</span> <span class='ocrx_word' id='word_1_850' title='bbox 512 5797 573 5850; x_wconf 85' lang='grc' dir='ltr'>τὸ</span> <span class='ocrx_word' id='word_1_851' title='bbox 609 5796 866 5870; x_wconf 70' lang='grc' dir='ltr'>αίσθητδν</span> <span class='ocrx_word' id='word_1_852' title='bbox 898 5798 1168 5869; x_wconf 84' lang='grc' dir='ltr'>πρότερον</span> <span class='ocrx_word' id='word_1_853' title='bbox 1228 5798 1418 5870; x_wconf 84' lang='grc' dir='ltr'>χρόνῳ</span> <span class='ocrx_word' id='word_1_854' title='bbox 1467 5790 1579 5853; x_wconf 76' lang='grc' dir='ltr'>οἷόν</span> <span class='ocrx_word' id='word_1_855' title='bbox 1628 5815 1686 5852; x_wconf 84' lang='grc' dir='ltr'><strong>τε</strong></span> <span class='ocrx_word' id='word_1_856' title='bbox 1740 5794 1879 5856; x_wconf 74' lang='grc' dir='ltr'>εἶναι</span> <span class='ocrx_word' id='word_1_857' title='bbox 1911 5800 2007 5871; x_wconf 85' lang='grc' dir='ltr'>τῆς</span> 
     </span>
    </p>
   </div>
   <div class='ocr_carea' id='block_1_111' title="bbox 2189 5610 3699 5777">
    <p class='ocr_par' dir='ltr' id='par_1_111' title="bbox 2189 5610 3699 5777">
     <span class='ocr_line' id='line_1_111' title="bbox 2189 5610 3699 5777; baseline -0.009 -14"><span class='ocrx_word' id='word_1_858' title='bbox 2189 5708 2382 5777; x_wconf 84' lang='lat' dir='ltr'><strong>Neque</strong></span> <span class='ocrx_word' id='word_1_859' title='bbox 2401 5708 2534 5762; x_wconf 89' lang='lat' dir='ltr'><strong>illud</strong></span> <span class='ocrx_word' id='word_1_860' title='bbox 2562 5707 2630 5761; x_wconf 88' lang='lat' dir='ltr'><strong>ab</strong></span> <span class='ocrx_word' id='word_1_861' title='bbox 2655 5610 3257 5760; x_wconf 35' lang='lat' dir='ltr'><strong>codtﬁiili‘ec‘tftihlicitur</strong></span> <span class='ocrx_word' id='word_1_862' title='bbox 3287 5695 3429 5767; x_wconf 88' lang='lat' dir='ltr'><strong>quod</strong></span> <span class='ocrx_word' id='word_1_863' title='bbox 3447 5694 3699 5749; x_wconf 81' lang='lat' dir='ltr'><strong>sensibile</strong></span> 
     </span>
    </p>
   </div>
   <div class='ocr_carea' id='block_1_112' title="bbox 2114 5790 3699 5870">
    <p class='ocr_par' dir='ltr' id='par_1_112' title="bbox 2114 5790 3699 5870">
     <span class='ocr_line' id='line_1_112' title="bbox 2114 5790 3699 5870; baseline -0.011 -13"><span class='ocrx_word' id='word_1_864' title='bbox 2114 5814 2279 5857; x_wconf 85' lang='lat' dir='ltr'><strong>sensu</strong></span> <span class='ocrx_word' id='word_1_865' title='bbox 2309 5800 2426 5869; x_wconf 88' lang='lat' dir='ltr'><strong>ipso</strong></span> <span class='ocrx_word' id='word_1_866' title='bbox 2461 5808 2643 5870; x_wconf 81' lang='lat' dir='ltr'><strong>posset</strong></span> <span class='ocrx_word' id='word_1_867' title='bbox 2677 5810 2798 5854; x_wconf 82' lang='lat' dir='ltr'><strong>esse</strong></span> <span class='ocrx_word' id='word_1_868' title='bbox 2823 5795 2975 5867; x_wconf 88' lang='lat' dir='ltr'><strong>prius</strong></span> <span class='ocrx_word' id='word_1_869' title='bbox 3006 5803 3057 5848; x_wconf 85' lang='lat' dir='ltr'><strong>et</strong></span> <span class='ocrx_word' id='word_1_870' title='bbox 3100 5790 3403 5862; x_wconf 85' lang='lat' dir='ltr'><strong>antiquius,</strong></span> <span class='ocrx_word' id='word_1_871' title='bbox 3444 5803 3555 5859; x_wconf 84' lang='lat' dir='ltr'><strong>quo</strong></span> <span class='ocrx_word' id='word_1_872' title='bbox 3579 5790 3699 5858; x_wconf 83' lang='lat' dir='ltr'><strong>opi-</strong></span> 
     </span>
    </p>
   </div>
  </div>
