4186 6290
545 356 653 417 903

1763 354 2087 415 GEORGII
2136 354 2563 417 [‘LETllO‘iIS

3680 353 3792 419 904

546 470 759 525 vivendi
815 469 1125 524 facultatem
1164 469 1519 538 adipiscatur.
1578 468 1750 537 Quam
1789 472 1858 523 oh
1888 484 2110 524 causam

2218 472 2316 540 τήν
2351 473 2449 523 καὶ
2491 471 2838 541 Ἀριστοτέλη
2876 471 2972 541 τὴν
3003 470 3183 543 ψυχὴν
3214 471 3311 540 τήν
3340 487 3400 538 γε
3436 468 3794 538 ἀνθρωπίνην

544 564 708 618 etiam
740 563 1045 615 Alexander
1089 562 1179 615 ille
1224 562 1670 631 Apltrodisiensis
1700 602 1715 625 ,
1765 562 2001 617 deducto
2048 563 2115 617 ad

2220 561 2513 625 δοξάζοντα
2549 562 2816 617 τίθεσθαι.
2875 564 2983 615 Καὶ
3038 564 3165 631 περὶ
3220 562 3319 633 μὲν
3368 560 3578 614 τούτων
3611 561 3668 623 ἐς
3702 575 3793 613 το-

544 669 699 709 suam
730 653 1135 720 improhilatam
1172 668 1428 709 sermone
1458 654 1570 719 illo,
1609 654 1737 707 inde
1766 654 2111 708 occasionem
2222 654 2434 709 σοῦτον.

543 747 795 815 sumpsit,
828 753 889 799 ut
917 745 1145 810 diceret,
1172 745 1239 799 ab
1269 745 1391 814 ipso
1422 758 1645 816 quoque
1682 744 1975 801 Aristotele
1997 746 2191 799 animae
2266 745 2523 802 humana
2552 744 2764 801 ‘immor
2779 745 3040 801 talitatem
3093 761 3236 802 .esse
3276 758 3544 817 negatam.
3615 748 3792 818 Atque

543 839 609 893 de
642 837 726 893 his
755 837 973 908 quidem
1008 839 1296 896 hactenus.

1176 930 1329 989 CAP.
1361 932 1479 988 ΧΠ.

620 1004 807 1079 Placet
833 1035 1015 1079 autem
1041 1025 1204 1078 etiam
1236 1025 1500 1093 quasdam
1535 1024 1706 1092 ipsius
1730 1023 1797 1077 de
1819 1022 2116 1077 virtutibus

546 1116 940 1185 disputationes
962 1116 1148 1183 paucis
1167 1116 1454 1183 attingere,
1478 1123 1640 1184 atque
1671 1114 1888 1182 planum
1916 1111 2115 1180 facere,

549 1223 713 1277 quam
744 1209 908 1261 etiam
944 1208 997 1259 in
1044 1206 1133 1259 his
1159 1206 1508 1261 sermonibus
1538 1220 1567 1257 a
1607 1205 1833 1259 veritate
1880 1204 2113 1257 alienam

546 1307 810 1366 sequatur
842 1296 1179 1366 opinionem.
1216 1294 1456 1349 Virtutes
1512 1297 1587 1349 ait
1640 1295 1729 1350 ille
1753 1310 1876 1349 csse
1908 1297 2117 1348 mediu-

544 1388 768 1442 critates
793 1424 809 1451 ,
867 1388 996 1440 vitia
1051 1394 1230 1439 autem
1266 1385 1690 1448 extremitates,
1736 1385 1826 1437 ubi
1863 1385 2121 1441 nimirum

545 1479 954 1534 mediocritates
1002 1477 1261 1545 intelligit
1307 1476 1659 1545 passionum,
1713 1491 1834 1543 qua:
1895 1485 2021 1531 sunt
2069 1475 2122 1528 in

550 1571 732 1624 anima
756 1580 811 1624 et
841 1578 1033 1623 contra
1079 1568 1133 1621 in
1192 1568 1337 1620 vitiis
1382 1566 1695 1621 earumdem
1725 1565 2122 1621 extremitates.

555 1659 629 1715 De
652 1674 765 1729 quo
799 1666 981 1713 autem
1018 1657 1408 1712 mediocritatis
1443 1670 1639 1725 genere
1671 1656 1885 1710 interim
1939 1654 2124 1724 loqua-

547 1762 637 1806 tur
682 1752 785 1821 (est
818 1752 961 1805 enim
1003 1750 1281 1820 multiplex
1316 1749 1700 1819 mediocritas)
1757 1758 1936 1803 utrum
1968 1748 2118 1803 vide-

546 1843 674 1897 licet
700 1842 765 1897 de
786 1857 848 1895 ea
869 1857 989 1911 qua:
1017 1843 1071 1895 iu
1093 1842 1377 1911 qualitate.
1402 1842 1485 1895 vel
1507 1854 1567 1894 ea
1589 1855 1712 1909 qua:
1738 1840 1791 1894 in
1813 1840 2117 1909 quantitate

2816 933 3071 986 ΚΕΦΔΛ.
3121 933 3223 987 ΙΒ’.

2294 1022 2563 1092 Βούλομαι
2594 1024 2651 1078 δέ
2680 1042 2731 1078 τι
2765 1026 2859 1079 καὶ
2888 1025 3017 1096 περὶ
3044 1027 3156 1080 τῶν
3184 1029 3239 1090 ἔς
3276 1029 3376 1090 τὰς
3409 1028 3614 1096 ἀρετὰς
3643 1027 3792 1097 αὖτῷ

2224 1112 2811 1182 πεπραγματευμένων
2840 1113 3015 1184 βραχὺ
3042 1116 3218 1169 εἰπεῖν
3244 1117 3338 1169 καὶ
3361 1117 3531 1181 δεῖξαι
3551 1118 3676 1170 ὅσον
3696 1117 3793 1171 καὶ

2214 1202 2282 1255 γὲν
2311 1204 2425 1265 τοῖς
2453 1202 2716 1266 τοιούτοις
2743 1204 2925 1271 λόγοις
2980 1203 3075 1257 τοῦ
3106 1205 3284 1267 καλῶς
3336 1205 3551 1275 ἔχοντος
3576 1206 3795 1260 ἀπολεί-

2224 1308 2414 1346 πεται.
2436 1292 2759 1362 Μεσότητας
2787 1294 2885 1355 τὰς
2912 1294 3111 1363 ἀρετὰς
3136 1291 3273 1360 εἷναί
3300 1313 3453 1365 φησι,
3484 1296 3581 1360 τὰς
3603 1297 3660 1349 δὲ
3689 1314 3794 1349 κει⁸

2223 1383 2349 1442 κίας
2389 1382 2724 1452 ἀκρότητας,
2763 1384 2883 1437 τῶν·
2925 1382 3115 1437 παθῶν
3159 1384 3222 1453 δὴ
3274 1384 3451 1452 λέγων
3486 1385 3793 1455 μεσότητας

2220 1470 2331 1524 τῶν
2367 1472 2467 1539 τῆς
2494 1472 2675 1541 ψυχῆς
2722 1474 2815 1527 καὶ
2840 1490 2944 1530 τ...
2978 1474 3157 1529 αὐτῶν
3200 1476 3510 1545 ἀκρότητας
3543 1475 3631 1529 αὖ.
3658 1475 3797 1529 Ἤν-

2221 1579 2344 1616 τινα
2374 1562 2429 1616 δὲ
2464 1563 2714 1633 βούλεται
2741 1566 2939 1635 ἀρετῆς
2961 1562 3100 1620 ιῐναι
3134 1567 3404 1636 μεσότητα
3430 1570 3662 1636 (γένοιτο
3682 1569 3791 1635 γὰρ

2224 1653 2292 1708 ἂν
2323 1654 2595 1725 πλεοναχῆ
2653 1656 2909 1725 μεσότης)
2948 1656 3069 1727 ἦτοι
3125 1655 3204 1727 τῷ
3241 1657 3383 1727 ποιῷ
3420 1658 3453 1726 ἢ
3514 1656 3593 1727 τῷ
3641 1655 3794 1725 ποσῷ

2222 1747 2422 1800 οὑτωσὶ
2448 1746 2549 1815 μὲν
2584 1746 2792 1809 ἁπλῶς,
2827 1748 2889 1801 οὐ
2919 1747 3138 1811 πάντως
3167 1747 3421 1815 διασαφεῖ
3443 1763 3457 1778 ·
3510 1750 3573 1801 ὲκ
3607 1747 3795 1817 μέντοι

2224 1835 2455 1905 βραχέος
2488 1835 2639 1906 αὑτῷ
2668 1836 2830 1905 λόγου
2873 1837 3167 1907 εἰρημένου
3198 1836 3321 1891 ἔστι
3354 1837 3548 1891 λαϐεῖν
3577 1839 3638 1893 δν
3664 1830 3708 1905 ᾧ
3728 1838 3792 1891 τὸ

545 1937 797 1993 consistit
832 1936 919 1990 ille
949 1952 1058 1989 non
1113 1934 1248 1989 satis
1283 1944 1470 2004 aperte
1497 1933 1729 2003 explicat
1765 1947 1780 1985 :
1815 1931 1918 1987 uisi
1968 1933 2113 2001 quod

2220 1929 2345 1990 τοὺς
2381 1925 2663 1996 σκηπτούς
2691 1944 2753 1981 τε
2803 1929 2899 1982 καὶ
2950 1931 3207 1998 σεισμοὺς
3235 1929 3298 1982 οὐ
3345 1929 3583 1983 δεδιέναι·
3606 1933 3664 1983 ἒν
3687 1947 3791 1983 κα-

553 2028 741 2099 paucis
790 2027 1116 2096 quihusbam
1165 2026 1337 2094 ipsius
1364 2025 1566 2091 verbis,
1601 2039 1722 2094 quae
1760 2023 1865 2078 alio
1912 2023 1964 2075 itt
1997 2023 2118 2079 loco

452 2102 473 2109 Χ
546 2120 701 2186 fecit,
760 2120 813 2174 id
846 2121 1026 2189 ipsum
1085 2118 1260 2187 possit
1300 2116 1679 2181 animadverti,
1734 2115 1824 2169 ubi
1861 2114 2118 2168 nimirum

545 2213 676 2269 vitio
708 2213 913 2278 vertit,
962 2212 1007 2267 si
1042 2213 1169 2280 quis
1211 2210 1440 2265 fulmina
1484 2219 1538 2264 et
1586 2216 1746 2264 terrve
1779 2217 1959 2263 motus
2011 2220 2118 2261 non

548 2314 775 2360 metuat.
831 2303 905 2357 Ex
964 2318 1077 2373 quo
1132 2311 1357 2373 apparet
1408 2302 1559 2355 illum
1607 2317 1715 2355 non
1783 2298 2025 2355 timenda
2064 2305 2120 2353 et

546 2395 785 2450 timenda
842 2408 949 2447 non
989 2392 1247 2462 qualitate
1306 2392 1487 2447 metiri
1538 2401 1704 2446 atoue
1759 2390 2117 2459 distinguere,

544 2484 639 2541 scd
668 2500 867 2555 magno
896 2492 949 2538 et
978 2498 1146 2555 parvo
1169 2482 1313 2553 quod
1346 2492 1428 2537 est
1454 2481 1784 2552 quantitate.
1820 2482 1890 2536 At
1940 2480 2122 2536 Plato-

542 2576 650 2631 nici
708 2591 813 2629 non
846 2576 944 2641 ita,
984 2588 1081 2630 nec
1116 2574 1208 2629 alii
1254 2574 1474 2644 quidem
1512 2573 1603 2644 qui
1652 2588 1763 2628 rem
1799 2573 2119 2629 accuratius

541 2668 880 2734 examinant,
912 2666 1006 2722 scd
1035 2680 1252 2720 omnem
1306 2664 1529 2736 quidem
1570 2665 1962 2735 turpitudinem
1997 2680 2119 2722 esse

541 2760 862 2825 timendam,
904 2760 1019 2814 sive
1078 2772 1330 2828 magnam
1368 2759 1484 2812 sive
1542 2771 1811 2827 parvam;
1856 2758 2116 2829 quidquid

541 2866 675 2907 vero
715 2854 886 2920 turpef
913 2864 1021 2905 non
1050 2850 1141 2916 sit,
1179 2864 1284 2903 non
1324 2848 1622 2903 timendum
1655 2850 1997 2917 existimant,
2034 2859 2118 2904 at-

542 2957 651 3013 que
678 2943 752 2997 ita
786 2942 1055 3012 qualitate
1115 2955 1225 2994 non
1283 2940 1586 3009 quantitate
1622 2941 1858 2995 timenda
1907 2949 1962 2995 et
2009 2957 2117 2995 non

546 3032 793 3086 timenda
830 3031 1153 3085 metiuntur.
1186 3030 1424 3085 Proinde
1460 3047 1565 3086 non
1597 3047 1717 3086 esse
1746 3033 1938 3102 dignos
1974 3043 2116 3087 metu

545 3131 886 3179 terratnotus
927 3133 981 3177 et
1022 3122 1247 3177 fulmina
1279 3163 1294 3188 ,
1344 3123 1388 3178 si
1435 3123 1651 3192 quidem
1707 3124 1823 3179 htcc
1865 3126 2118 3179 vitio'ca-

543 3221 720 3276 ruant,
757 3226 856 3265 ucc
898 3211 1138 3282 peiorem
1187 3212 1390 3266 faciant
1426 3214 1720 3267 hominem.
1760 3212 1823 3267 Et
1845 3215 2118 3284 quomodo

2222 2018 2348 2081 κίας
2378 2019 2537 2089 μέρει
2588 2019 2825 2075 τίθεται.
2856 2020 3116 2074 Φαίνεται
3145 2021 3255 2091 γὰρ
3284 2022 3347 2075 ὲκ
3381 2021 3573 2075 τούτου
3602 2023 3662 2073 οὐ
3708 2018 3789 2092 τῷ

2222 2109 2362 2178 ποιῷ
2390 2110 2458 2164 τά
2488 2126 2546 2164 τε
2578 2109 2860 2181 θαρραλέα
2916 2112 3011 2165 καὶ
3064 2111 3213 2166 δεινὰ
3244 2112 3489 2183 διαιρῶν,
3526 2112 3661 2166 ἀλλὰ
3689 2130 3792 2184 με·

2221 2202 2368 2270 γέοει
2420 2219 2479 2255 τε
2531 2205 2629 2255 καὶ
2673 2203 3026 2274 σμικρότητι,
3056 2206 3150 2258 καὶ
3195 2204 3370 2273 ποσῷ.
3421 2204 3561 2257 Ἀλλ’
3602 2205 3702 2273 οὐχ
3736 2203 3793 2257 οῖ

2221 2295 2350 2365 περὶ
2382 2293 2645 2349 Πλάτωνα
2678 2293 2846 2359 οὕτω,
2876 2294 2997 2347 οὐδέ
3025 2311 3089 2363 γε
3132 2295 3243 2349 τῶν
3272 2294 3447 2349 ἄλλων
3476 2296 3524 2347 οἱ
3567 2295 3637 2348 τὰ
3669 2296 3815 2364 βελο.

2219 2386 2322 2440 τίω
2353 2386 2553 2449 πάντες
2588 2385 2940 2457 φρονοῦντες,
2989 2387 3127 2441 ἀλλὰ
3161 2388 3222 2442 τὸ
3273 2387 3373 2458 μὲν
3419 2388 3647 2458 αἰσχρὸν
3678 2391 3791 2444 πᾶν

2220 2479 2485 2547 δεινὸν,ἄν
2516 2496 2575 2533 τε
2601 2482 2766 2550 μέγα,
2800 2481 2866 2536 ἄν
2892 2497 2952 2533 τε
2980 2482 3177 2551 μικρὸν
3293 2481 3356 2535 τὺ
3386 2481 3429 2534 δ’
3448 2483 3548 2535 οὐκ
3572 2482 3796 2552 αἰσχρὸν

2222 2573 2524 2645 θαρραλέον
2554 2574 2665 2627 πᾶν
2710 2572 2989 2638 ἀξιοῦντες
3044 2569 3209 2638 εἶναι,
3258 2578 3317 2627 ιν
3369 2576 3447 2645 τῷ
3484 2576 3650 2646 ποιῷ,
3682 2578 3784 2631 οὐκ

2221 2669 2280 2722 ἐν
2309 2668 2386 2737 τῷ
2422 2667 2602 2735 πόσῳ,
2630 2668 2692 2721 τό
2740 2683 2799 2721 τε
2839 2667 3011 2721 δεινὸν
3044 2669 3138 2721 καὶ
3185 2667 3486 2741 θαρραλέον
3523 2670 3793 2723 τίθενται.

2222 2760 2448 2829 Σεισμοὶ
2477 2760 2534 2813 δὲ
2594 2760 2690 2815 καὶ
2747 2762 2985 2831 σκηπτοὶ
3021 2761 3140 2824 πῶς
3174 2760 3302 2825 ἄξια
3332 2762 3508 2825 δέους,
3538 2761 3591 2815 εῐ
3615 2779 3678 2830 γε
3712 2764 3790 2832 μὴ

2221 2853 2444 2921 αἰσχρὰ,
2474 2852 2611 2922 μηδὲ
2638 2854 2818 2906 κακίω
2840 2851 3101 2906 ποιοῦντα
3133 2852 3225 2907 τὸν
3253 2852 3579 2922 ἄνθρωπονς
3611 2854 3793 2917 Ὀλως

2220 2961 2280 2997 τε
2315 2945 2374 2998 τὸ
2399 2945 2525 3007 τοὺς
2563 2946 2845 3014 σκηπτοὺς
2874 2944 3107 2999 δεδιέναι
3163 2946 3281 3009 πῶς
3323 2946 3423 3000 οὐκ
3456 2947 3702 3016 ἀνόητον,
3725 2946 3791 3001 οὗ

2224 3037 2386 3107 μόνον
2432 3035 2515 3089 ὅτι
2563 3037 2665 3090 οὐκ
2718 3039 2944 3107 αἰσχρὸν
3001 3037 3064 3089 τό
3112 3055 3175 3105 γε
3230 3039 3668 3109 κεραυνωθῆναι.
3697 3046 3795 3093 καὶ

2220 3125 2409 3181 τοῦτον
2462 3128 2552 3181 τὸν
2586 3128 2789 3197 τρόπον
2822 3128 2978 3181 τοῦδε
3026 3128 3122 3181 τοῦ
3168 3128 3367 3199 θνητοῦ
3408 3129 3795 3199 ἀπαλλαγῆναι
3860 3136 3867 3138 ⁷

2224 3219 2365 3288 (οὐδὲ
2397 3221 2507 3288 γὰρ
2537 3219 2647 3273 οὐδ’
2678 3219 2952 3289 ἡμέτερον
2986 3219 3215 3288 τοῦργον
3265 3221 3352 3274 ἵνα
3393 3221 3456 3291 δὴ
3509 3222 3603 3274 καὶ
3654 3224 3790 3291 ἡμῖν

545 3302 763 3356 tandem
822 3301 1069 3356 stultitia:
1111 3318 1217 3357 nou
1257 3304 1551 3369 tribuatur,
1606 3304 1651 3359 si
1688 3321 1849 3375 quem
1886 3315 2115 3360 terreant

2224 3306 2257 3383 ᾖ
2294 3311 2415 3380 ἦτοι
2449 3311 2615 3365 καλὸν
2647 3311 2679 3379 ἢ
2708 3312 2975 3384 αἰσχρὸν),
3010 3313 3142 3365 ἀλλὰ
3185 3312 3282 3365 καὶ
3323 3313 3403 3365 ὅτι
3435 3313 3653 3383 πρῶτον
3689 3314 3795 3383 μὲν

540 3394 770 3449 fulmina
797 3433 811 3457 ,
848 3392 1013 3462 idque
1072 3408 1180 3447 non
1240 3394 1308 3449 ob
1349 3394 1490 3448 hanc
1543 3395 1807 3449 duntaxat
1854 3411 2072 3451 causam
2099 3439 2113 3465 ,

542 3487 685 3552 quod
726 3494 884 3555 turpe
911 3500 1016 3541 non
1054 3488 1122 3540 sit
1160 3484 1311 3540 feriri
1346 3485 1594 3551 fulmine,
1627 3497 1791 3557 atque
1827 3488 1927 3542 hoc
1956 3490 2116 3543 modo

542 3578 824 3631 mortalem
897 3577 1061 3631 vitam
1121 3586 1461 3632 commutare
1492 3579 1690 3648 (neque
1723 3579 1867 3634 enim
1904 3579 2005 3633 hoc
2031 3581 2115 3649 ip-

540 3682 663 3721 smn
704 3668 974 3731 ~etiamin
1020 3677 1204 3723 nostra
1243 3670 1405 3722 situm
1467 3681 1546 3724 est
1591 3678 1887 3739 potestate,
1927 3680 1985 3724 ut
2038 3672 2117 3725 sic

542 3757 701 3812 nobis
753 3758 836 3812 vel
894 3758 1038 3813 laudi
1083 3758 1169 3813 vel
1206 3759 1335 3813 vitio
1381 3759 1541 3813 trihui
1576 3760 1797 3828 possit),
1830 3762 1930 3823 sed
1950 3763 2114 3818 etiam

538 3849 683 3915 quod
734 3850 849 3904 hmo
901 3850 1017 3919 ipsa
1051 3866 1136 3905 res
1186 3850 1404 3917 quidem
1460 3867 1524 3905 ex
1579 3852 1793 3906 illarum
1836 3870 2015 3908 rerum
2046 3856 2117 3910 sit

538 3956 792 4006 numero,
849 3957 970 4010 qua:
1021 3942 1303 3997 rarissime
1352 3944 1695 4012 contingunt,
1756 3960 1878 4014 quae
1934 3958 2113 4000 autem

538 4030 807 4098 ejustuodi
848 4040 997 4094 sunt,
1038 4038 1296 4084 extremae
1344 4040 1472 4084 sunt
1501 4032 1740 4088 stultitim
1767 4035 1855 4088 illa
1888 4052 2117 4104 exspec-

537 4132 653 4174 tare
685 4129 741 4174 ct
768 4133 913 4174 metu
974 4121 1193 4173 illorum
1229 4122 1443 4185 terreri,
1496 4123 1697 4179 deinde
1740 4125 1884 4192 quod
1917 4128 2115 4197 aliquis

538 4209 842 4263 formidans
867 4249 882 4275 ,
917 4224 1024 4264 non
1062 4211 1232 4280 magis
1289 4210 1557 4266 liberatur
1610 4230 1772 4283 quam
1810 4217 1857 4270 is
1886 4218 1976 4286 qui
2010 4234 2114 4274 non

539 4298 819 4355 formidat.
840 4300 1014 4370 Atque
1033 4300 1379 4371 ingruentem
1413 4303 1631 4372 quidem
1657 4305 1747 4373 qui
1776 4307 2117 4364 metuitteut-

535 4403 799 4464 pestatem
831 4400 885 4447 ct
919 4393 1174 4459 hiemem,
1213 4393 1258 4449 is
1307 4394 1547 4464 seipsum
1585 4395 1848 4453 adversus
1871 4398 1959 4453 illa
1983 4415 2116 4470 qua-

2219 3403 2327 3455 τῶν
2358 3419 2413 3455 τι
2466 3402 2554 3455 ἐπ’
2610 3402 2872 3472 ἐλάχιστα
2936 3404 3340 3473 συμϐαινόντων
3396 3404 3542 3456 εἰσί·
3602 3404 3673 3457 τὰ
3731 3407 3795 3459 δὲ

2219 3493 2442 3547 τοιαῦτα
2477 3493 2645 3564 πολλὴ
2684 3495 2864 3564 μωρία
2891 3494 3276 3565 προσδοκῶντα
3328 3494 3573 3549 δεδιέναιο
3618 3496 3797 3551 ἔπειθ’

2218 3584 2301 3638 ὅτι
2350 3585 2474 3639 οὐδὲ
2530 3584 2876 3655 περιγίνεται
2930 3602 3016 3647 τις
3062 3583 3251 3649 δεδιὼς
3307 3590 3383 3655 μὴ
3435 3584 3687 3639 δεδιόσιν.
3731 3585 3794 3640 ὐ

2221 3676 2324 3746 μὲν
2355 3677 2466 3747 γὰρ
2501 3676 2743 3746 χειμῶνα
2787 3674 2975 3738 δεδιὼς
3029 3675 3130 3729 κᾶν
3158 3676 3422 3747 φράξαιτο
3447 3676 3583 3746 πρὸς
3603 3678 3791 3742 αὐτὸν,

2218 3771 2311 3823 καὶ
2341 3773 2368 3821 ὁ
2403 3772 2615 3840 θηρίον,
2634 3771 2736 3825 κᾶν
2773 3771 3257 3839 φυλάξαιτο.“Ωστ’
3282 3771 3348 3826 ἂν
3379 3772 3559 3825 πάντα
3581 3774 3786 3843 τρίπον

2219 3862 2546 3917 ἀδεέστατον
2574 3861 2691 3925 δέος
2731 3865 2950 3933 φοϐοῖτο
2974 3865 3003 3917 ὁ
3045 3865 3290 3932 σκηπτὸν
3322 3863 3532 3928 δεδιώς.
3569 3866 3691 3920 Ἔτι
3719 3883 3785 3934 γε

2220 3954 2328 4025 μὴν
2359 3957 2581 4007 κάκεῖνο
2626 3955 2822 4024 ῥητέον
2851 3971 2865 3986 ο
2917 3955 3005 4007 διὰ
3044 3956 3103 4008 τὸ
3132 3956 3469 4027 ἀμφοτέροις
3501 3957 3594 4009 τὸν
3622 3958 3793 4011 καλὸν

2220 4045 2462 4113 κὰγαθὸν
2491 4045 2604 4109 τοῖς
2643 4045 2911 4109 ἐναντίοις
2945 4046 3141 4099 πάθεσι
3187 4047 3446 4117 χρῆσθαι,
3481 4047 3791 4120 θαρροῦντα

2218 4138 2451 4202 δεδιότα,
2489 4137 2865 4207 ἐπιθυμοῦντα
2898 4139 3289 4208 ὀλιγωροῦντα,
3326 4139 3406 4209 τῷ
3444 4142 3629 4210 μέντοι
3658 4143 3790 4196 αῖσ-

2217 4228 2335 4298 χρῷ
2376 4246 2437 4281 τε
2491 4229 2587 4282 καὶ
2610 4228 2711 4283 οὐκ
2746 4229 2977 4299 αἰσχρῷ,
3009 4231 3104 4284 καὶ
3128 4231 3280 4300 καλῷ
3308 4248 3367 4284 τε
3398 4234 3490 4285 καὶ
3513 4233 3575 4286 οὐ
3611 4233 3789 4303 καλῷ,

2216 4318 2421 4372 τούτων
2455 4320 2695 4389 ἑκάτερα
2740 4322 3018 4391 ὁρίζοντα,
3056 4324 3361 4393 φανήσεται
3393 4326 3489 4378 καὶ
3514 4326 3543 4380 ὁ
3581 4326 3791 4379 τούτων

2219 4410 2607 4476 ἐναντιώτατος
2641 4414 2670 4465 ὁ
2712 4414 3118 4483 παμμόχθηρος
3170 4415 3331 4467 οὐδὲν
3378 4409 3544 4486 ἦττον
3596 4417 3658 4474 έν
3693 4435 3791 4488 με·

534 4486 660 4539 dam
700 4486 910 4540 ratione
941 4485 1156 4539 munire
1187 4493 1388 4556 potest,
1417 4496 1472 4541 et
1494 4489 1585 4558 qui
1622 4489 1849 4544 bestiam
1877 4491 2114 4561 aliquam

2219 4502 2408 4571 σότητί
2438 4519 2545 4555 τινι
2591 4506 2685 4559 καὶ
2720 4504 2881 4568 αὐτὸς
2919 4504 3017 4571 ὢν,
3064 4485 3470 4576 Ἀριστοτέλους
3510 4510 3568 4561 ὲν
3600 4485 3794 4579 μόναις

532 4575 865 4646 pertimescit
902 4614 918 4638 ,
977 4576 1166 4629 tuendi
1227 4576 1467 4632 fortasse
1530 4578 1770 4647 seipsum
1807 4580 2113 4637 facultatem

2218 4595 2336 4654 ταῖς
2370 4596 2641 4665 ἀκρότησι
2696 4597 2795 4665 τὴν
2857 4596 3061 4650 κακίαν
3106 4575 3391 4667 τιθεμένου
3418 4614 3432 4629 ⁶
3477 4575 3655 4654 ἀλλ’-δ
3689 4601 3793 4672 μὲν

534 4670 718 4725 habet.
765 4675 833 4723 At
883 4682 1045 4738 quem
1080 4666 1285 4721 fulmen
1318 4678 1504 4731 terret,
1537 4671 1583 4723 is
1621 4671 1847 4725 omnino
1895 4672 2113 4728 firmare

2218 4685 2435 4739 πάντων
2466 4688 2754 4757 ἐπιθυμῶν
2791 4681 2867 4741 ὧν
2900 4705 2961 4741 τε
2984 4689 3111 4761 χρὴ,
3159 4666 3239 4743 ὦν
3264 4707 3323 4744 τε
3365 4692 3428 4744 οὐ
3478 4693 3607 4763 χρὴ,
3666 4666 3792 4748 οὐδέ

532 4761 788 4828 afficitur,
818 4774 928 4830 quo
978 4775 1204 4830 prorsus
1233 4758 1397 4814 afﬁci
1430 4774 1535 4814 non
1565 4761 1805 4818 deberet.
1843 4765 2110 4819 Praeterea

2218 4794 2333 4839 πως
2367 4780 2425 4831 ὲν
2458 4780 2534 4850 τῷ
2562 4776 2637 4834 ὧν
2670 4780 2777 4850 χρὴ
2809 4758 3129 4852 ἐπιθυμεῖν,
3164 4784 3442 4853 μοχθηρὸς
3570 4758 3657 4856 εἴη
3683 4804 3791 4854 τις,

534 4852 671 4906 illud
705 4866 928 4921 quoque
969 4851 1185 4904 silentio
1232 4851 1512 4919 praeterire
1540 4868 1647 4906 non
1704 4870 1948 4924 possum.
1971 4855 2108 4911 Cum

2218 4871 2331 4923 οὺδέ
2355 4889 2417 4939 γε
2443 4874 2471 4926 ὁ
2491 4873 2709 4925 πάντων
2737 4857 3041 4944 ὀλιγωρῶν,
3077 4877 3206 4929 ὅταν
3236 4851 3335 4930 καῖ
3349 4871 3424 4933 ὧν
3461 4879 3527 4932 ἂν
3557 4851 3664 4933 δέοι
3684 4851 3794 4932 6):;-

534 4944 736 4998 bonum
772 4950 826 4997 et
852 4942 1160 5011 sapientem
1189 4942 1364 4996 virum
1401 4944 1691 4997 contrariis
1729 4945 1921 5014 agitari
1942 4947 2107 5003 aitimi

531 5034 916 5089 atfectionihus
948 5034 1082 5087 nihsl
1112 5028 1421 5103 prohibeat,
1445 5033 1571 5088 dum
1594 5034 1710 5089 l‘tdit
1731 5037 1915 5104 modo,
1946 5040 2107 5095 modo

530 5127 745 5189 metuit,
782 5127 909 5180 dum
944 5129 1095 5197 cupit
1119 5127 1282 5180 modo
1308 5135 1362 5181 et
1382 5141 1576 5182 rursus
1614 5129 1940 5194 contemnit,
1963 5133 2105 5202 turpi

530 5227 712 5270 tamen
748 5232 805 5271 re
826 5228 1013 5272 etnon
1049 5219 1213 5287 turpi,
1246 5219 1374 5274 item
1409 5220 1550 5274 bona
1582 5231 1634 5275 et
1668 5237 1774 5276 non
1817 5223 1980 5290 bona,
2013 5226 2100 5280 illa

526 5306 711 5361 omnia
747 5308 1089 5373 metientem,
1120 5324 1182 5362 ex
1208 5311 1310 5363 hoc
1352 5321 1633 5379 sequetur,
1666 5317 1831 5368 etiam
1855 5331 1981 5370 eum
2011 5318 2106 5385 qui

529 5398 640 5450 lucc
674 5395 855 5450 omnia
885 5399 1158 5451 contraria
1192 5398 1340 5465 facit,
1369 5404 1573 5470 quique
1595 5405 1665 5459 sit
1696 5406 2107 5473 vitiosissimus,

527 5488 886 5557 nihilominus
941 5489 995 5541 in
1030 5490 1408 5546 mediocritate
1460 5494 1696 5562 quadam
1731 5498 1893 5550 etiam
1927 5499 2104 5567 ipsum

2210 4964 2388 5032 γωρῇ.
2415 4963 2576 5014 Ὥστε
2608 4963 2813 5016 τούτων
2852 4963 2952 5033 μὲν
2988 4965 3055 5017 ἂν
3105 4965 3362 5036 ἑκάτερος
3394 4968 3794 5038 παμμόχθηρός

2208 5067 2326 5114 πως
2354 5052 2462 5122 εἴη’
2492 5055 2519 5107 ὁ
2546 5054 2603 5107 δὲ
2631 5055 3031 5125 παμμόχθηρος
3071 5056 3360 5125 ἄνθρωπος
3401 5060 3496 5111 καὶ
3528 5058 3608 5130 τῷ
3639 5057 3793 5130 καλῷ

2207 5143 2434 5213 κάγαθῷ
2469 5146 2878 5212 ἐναντιώτατος,
2924 5150 3131 5211 ἐκεῖνος
3165 5147 3231 5201 ἂν
3260 5149 3368 5216 εῐη,
3412 5150 3442 5202 ὁ
3485 5143 3559 5203 ὧν
3592 5150 3692 5219 μὲν
3726 5150 3793 5206 ἂν

2204 5232 2315 5286 δέοι
2343 5233 2652 5304 ἐπιθυμεῖν,
2690 5237 2853 5301 αὐτὸς
2887 5238 3200 5307 ὀλιγωρῶν,
3236 5233 3313 5293 ὧν
3342 5241 3384 5293 δ’
3409 5241 3477 5293 ἂν
3502 5240 3790 5312 ὀλιγωρεῖν

2213 5324 2342 5390 δέοι,
2365 5325 2672 5396 ἐπιθυμῶν.
2692 5328 2878 5397 Ὥστε,
2908 5330 3005 5385 ἅτε
3027 5333 3360 5404 ἀμφοτέροις
3380 5336 3478 5403 μὲν
3506 5337 3613 5394 τοί,
3640 5337 3792 5388 ὲναν-

2224 5413 2361 5477 τίσις
2392 5417 2588 5471 πάθεσι
2622 5420 2902 5491 χρώμενος
2925 5424 3233 5494 ἀμφότερον
3257 5425 3322 5479 ἂν
3352 5427 3459 5494 εἴη,
3486 5427 3578 5479 καὶ
3613 5430 3667 5478 ἐν
3693 5442 3792 5490 με-

2228 5504 2415 5574 σότητί
2459 5524 2567 5561 τινι
2601 5511 2696 5562 καὶ
2742 5511 2905 5572 αὐτὸς
2929 5553 2943 5577 ,
2976 5514 3088 5565 xui
3116 5514 3233 5583 ἅμα
3264 5515 3339 5584 τῷ
3376 5518 3526 5586 καλῷ
3563 5515 3791 5587 κάγαθῷ

526 5580 850 5633 consistere.
880 5578 1175 5634 Aristotele
1204 5580 1422 5636 interim
1464 5599 1628 5639 omne
1661 5586 1851 5640 vitium
1881 5589 1936 5643 in
1975 5590 2108 5647 solis

2218 5595 2636 5663 ἐναντιώτατος.
2667 5602 2756 5663 Ἐς
2791 5603 3044 5656 τοσοῦτον
3078 5607 3177 5675 μὲν
3204 5606 3268 5676 δὴ
3304 5609 3549 5677 καὶπερὶ
3574 5607 3789 5664 τούτου.

526 5670 782 5724 extremis
820 5672 1144 5736 collocante,
1175 5682 1230 5728 et
1261 5674 1305 5728 is
1338 5676 1585 5745 quidem,
1615 5678 1707 5746 qui
1736 5682 1926 5735 omnia
1980 5686 2318 5754 concupiscit
2352 5696 2462 5743 tam
2499 5706 2559 5745 ea
2598 5709 2720 5763 quae
2804 5709 3038 5765 oportet,
3074 5670 3268 5766 quanu
3323 5703 3409 5755 illa
3480 5670 3600 5771 quae
3680 5717 3790 5757 non

522 5769 753 5827 oportet,
784 5776 1063 5832 nunquam
1093 5766 1297 5825 idcirco
1325 5771 1471 5841 quod
1514 5784 1576 5827 ea
1612 5770 1954 5841 concupiscit
1979 5790 2101 5846 quae
2139 5787 2355 5846 oportet
2384 5781 2615 5841 vitiosus
2647 5783 2834 5857 fuerit,
2870 5792 3113 5856 nequeis
3140 5794 3231 5859 qui
3302 5766 3513 5850 omnia-
3538 5803 3787 5851 contem-
