4186 6290
363 370 476 441 935

1046 378 1145 439 DE
1188 375 1617 439 PLATONICA
1654 370 1747 435 ET
1791 371 2351 436 ARISTOTELICA
2385 370 2928 434 PHILOSOPHIA.

3512 373 3619 434 905

369 486 472 553 nit,
497 501 559 542 ea
591 486 849 542 nimirum
871 501 992 557 quae
1015 494 1070 542 et
1088 488 1309 559 quando
1332 495 1552 556 oportet
1583 493 1958 540 contemnere.
2000 483 2177 553 Atque
2208 482 2282 537 ita
2313 484 2507 538 horum
2551 484 2771 553 quidem
2799 492 3027 553 uterque
3058 480 3430 538 semivitiosus
3488 497 3624 551 quo.

365 579 663 634 dammodo
688 579 872 636 fuerit.
904 580 973 635 At
1004 580 1095 635 ille
1123 582 1275 635 omni
1301 594 1367 635 ex
1394 591 1548 648 parte
1581 580 1812 635 vitiosus
1840 579 1955 635 sive
1990 577 2407 643 vitiosissimus,
2445 577 2699 647 bonoque
2726 592 2789 632 ac
2822 577 3053 648 sapienti
3090 579 3329 634 maxime
3400 588 3597 634 contra

367 673 484 729 rius
513 673 872 744 appellandus
906 673 1030 739 erit,
1064 674 1158 744 qui
1208 674 1297 728 illa
1326 674 1570 743 quidem,
1611 686 1733 741 quae
1804 682 2022 742 oportet
2061 673 2451 742 concupiscere
2477 708 2492 735 ,
2540 680 2889 733 contemnat,
2922 685 3042 740 quae
3089 685 3218 726 vero
3259 680 3473 739 oportet
3499 686 3622 725 con-

368 771 535 825 temni
562 769 938 839 concupiscat,
969 777 1027 824 ut
1049 769 1151 823 hac
1178 769 1391 824 ratione
1411 782 1536 823 eum
1563 767 1657 837 qui
1681 767 1950 835 utrisque,
1998 765 2175 834 iisque
2205 764 2500 819 contrariis
2526 763 2810 819 aﬂ‘ectibus
2842 763 2937 819 sed
2971 764 3110 818 male
3172 765 3367 830 utitur,
3405 774 3628 821 utrum-

367 878 475 935 que
504 878 626 919 esse
684 861 794 918 dici
846 863 919 916 sit
960 876 1222 928 necesse,
1270 870 1324 916 et
1382 863 1561 931 ipsum
1602 859 1863 915 nimirum
1912 860 1965 911 in
2009 858 2390 913 mediocritate
2418 857 2653 927 quadam
2676 872 2775 911 sua
2813 859 3135 924 consistere,
3156 853 3218 914 'et
3248 860 3412 914 simul
3479 860 3626 914 bono

369 971 433 1009 ac
460 952 691 1024 sapienti
727 952 850 1007 viro
880 954 1121 1008 maxime
1146 955 1509 1009 contrarium.
1544 952 1723 1023 Atque
1750 953 1814 1006 de
1866 950 1949 1005 his
1992 950 2212 1021 quidem
2272 954 2556 1007 hactenus.

948 1048 1202 1103 ΚΕΦΑΛ.
1258 1046 1359 1102 ll".

440 1136 539 1192 Τά⁸
561 1140 618 1193 δὲ
667 1142 796 1209 περὶ
834 1139 928 1192 τοῦ
965 1141 1151 1203 τέλους
1204 1140 1353 1208 αὐτῷ
1405 1139 1498 1195 τοῦ
1534 1138 1769 1209 ἐσχάτου
1796 1136 1947 1206 λεγό-

370 1249 510 1299 μενα
548 1231 664 1293 πῶς
707 1233 767 1284 οὐ
792 1219 799 1226 ’
823 1233 1051 1301 μεμπτὰ
1081 1235 1142 1285 οὐ
1178 1233 1238 1285 τὸ
1274 1234 1459 1296 καλὸν,
1559 1233 1608 1285 oi
1654 1231 1724 1283 τὰ
1754 1229 1949 1300 βελτίω

370 1322 697 1393 φρονοῦντες
750 1323 970 1389 πάντες,
1002 1324 1141 1378 ἀλλὰ
1174 1325 1274 1389 τὴν
1327 1323 1520 1394 ἡδονὴν
1549 1322 1819 1392 τιθεμένῳ
1849 1322 1948 1374 τά-

369 1416 559 1485 γαθὸν,
593 1416 936 1484 προστιθέντι
974 1416 1030 1469 δὲ
1059 1416 1125 1486 δὴ
1153 1416 1247 1470 καὶ
1271 1416 1367 1485 τὴν
1393 1416 1737 1485 θεωρητικήν
1764 1430 1777 1479 ;
1813 1412 1951 1466 Καί-

371 1524 455 1561 τοι
490 1508 540 1560 εί
571 1506 735 1579 ἡδονὴ
767 1507 801 1577 ἦ
849 1524 913 1575 γε
948 1507 1256 1577 θεωρητικὴ
1297 1506 1537 1574 τάγαθόν
1567 1507 1735 1571 ἐστιν,
1772 1506 1820 1558 εί
1851 1505 1951 1574 μὲν

372 1595 605 1651 καθόσον
632 1595 941 1667 θεωρητικὴ
967 1596 1001 1666 ἦ
1035 1612 1096 1662 γε
1127 1595 1286 1665 ἡδονὴ
1313 1595 1517 1662 ἀγαθόν
1547 1596 1685 1657 ἐστι,
1713 1594 1773 1647 τὸ
1813 1593 1949 1646 θέω-

374 1690 490 1757 ρεῖν
516 1688 705 1751 ἁπλῶς
736 1687 801 1741 ἂν
827 1686 913 1757 εἴη
951 1685 1213 1753 τάγαθὸν,
1248 1685 1313 1738 ἄν
1345 1702 1405 1737 τε
1444 1684 1604 1755 ἡδονὴ
1638 1682 1787 1753 αὐτῷ
1814 1683 1953 1753 ἔπη-

372 1793 488 1840 ται,
535 1778 599 1830 ἄν
653 1794 713 1831 τε
764 1780 858 1830 καὶ
891 1779 988 1849 μήο
1018 1778 1066 1829 εἰ
1110 1776 1167 1829 δὲ
1214 1776 1275 1829 τὸ
1321 1777 1548 1845 θεωρεῖν
1579 1777 1809 1829 καθόσον
1852 1777 1951 1845 ἡδὺ

372 1870 576 1937 ἀγαθόν
602 1869 737 1932 ἐστι,
782 1870 815 1939 ἡ
844 1868 1005 1939 ἡδονὴ
1036 1868 1101 1922 αὖ
1144 1870 1227 1938 εἴη
1279 1867 1344 1920 ἂν
1377 1867 1562 1930 ἁπλῶς
1594 1867 1855 1935 τάγαθὸν,
1887 1867 1953 1920 ἄν

373 1976 434 2013 τε
458 1957 756 2028 θεωροῦσιν
788 1960 938 2029 ἡμῖν,
972 1959 1036 2013 ἄν
1062 1959 1109 2011 τ’
1144 1958 1272 2012 ἄλλο
1300 1975 1352 2011 τι
1391 1956 1691 2027 πράττουσι
1722 1956 1950 2026 συμϐαί-

374 2062 463 2119 νῃ.
500 2047 655 2100 Κατὰ
690 2046 736 2100 δ’
773 2047 1084 2116 ἀμφότερον
1120 2045 1217 2114 τὴν
1252 2044 1596 2114 θεωρητικὴν
1627 2043 1824 2113 ἡδονὴν
1859 2042 1953 2094 καὶ

377 2139 610 2193 καθόσον
629 2137 993 2208 θεωρητικὴν,
1030 2137 1122 2190 καὶ
1152 2136 1385 2210 καθόσον
1411 2134 1608 2205 ἡδονὴν
1643 2134 1953 2204 ἀμήχανον,

374 2234 425 2288 εί
468 2232 544 2301 μὴ
585 2230 708 2285 καθ’
732 2229 919 2301 ἔτερόν
958 2246 1011 2281 τι
1046 2227 1105 2280 ἓν
1155 2227 1250 2279 καὶ
1298 2226 1499 2291 κοινὸν,
1536 2224 1564 2277 ὃ
1594 2226 1798 2294 ἀμφοῖν
1833 2222 1956 2276 τού-

378 2341 492 2378 τοιν
538 2321 796 2394 ὑπάρξοι.
857 2322 955 2376 Ἓν
1015 2321 1121 2390 γάρ
1159 2336 1213 2372 τι
1260 2320 1340 2371 δεῖ
1383 2314 1523 2371 εἶναι
1575 2317 1670 2369 καὶ
1726 2315 1786 2369 τὸ
1826 2318 1956 2386 ἡμῖν

380 2415 586 2470 ᾶνωθέν
624 2431 685 2467 τε
739 2414 836 2467 καὶ
885 2412 993 2465 ἀπὸ
1036 2410 1131 2465 τοῦ
1190 2410 1518 2479 ὑπερουσίου
1581 2408 1699 2471 ἑνός
1752 2424 1810 2459 τε
1859 2410 1955 2459 καὶ

378 2505 593 2576 ἀγαθοῦ
627 2490 834 2575 ὲφῆκον
886 2503 1119 2573 ἀγαθόν.
1176 2504 1267 2555 Διὸ
1316 2503 1409 2556 καὶ
1460 2499 1629 2555 τᾶλλα
1682 2500 1812 2569 ἡμῖν
1860 2497 1953 2552 τοῦ

378 2602 546 2657 αὐτοῦ
598 2599 900 2671 μετέχοντα
948 2597 1132 2666 ἀγαθὰ
1190 2596 1365 2649 ἔσται.
1412 2594 1607 2663 Ἡμεῖς
1642 2592 1749 2663 μὲν
1769 2589 1865 2645 οῦν
1896 2592 1958 2645 τὸ

377 2695 545 2748 καλὸν
573 2693 707 2747 αὐτὸ
731 2687 870 2745 εἶναι
903 2708 1107 2761 φαμεν,
1137 2684 1200 2744 οῦ
1232 2691 1328 2742 καὶ
1377 2687 1580 2758 θεωρία
1611 2683 1956 2756 μετασχοῦσα

377 2786 581 2855 ἀγαθόν
620 2786 734 2838 ἔστι
779 2785 875 2838 καὶ
924 2783 1088 2852 ἡδονὴ
1133 2781 1230 2835 καὶ
1268 2781 1397 2835 ἄλλο
1452 2781 1563 2831 πᾶν
1608 2777 1808 2857 ὁτιοῦνο
1836 2774 1956 2829 ἀλλ’

392 2877 773 2948 Ἀριστοτέλης
823 2876 966 2928 ἔοικε
1004 2875 1091 2930 διὰ
1119 2874 1277 2927 τοῦτο
1310 2875 1376 2942 τῇ
1419 2872 1580 2941 ἡδονῇ
1635 2870 1697 2922 τὸ
1745 2870 1958 2937 θεωρη-

378 2971 530 3023 τικδν
561 2967 1012 3040 προστεθεικὲναι
1044 2966 1132 3019 ἵνα
1163 2965 1263 3032 τὴν
1289 2965 1500 3018 οἰκείαν
1541 2964 1671 3033 ἡμῖν
1738 2961 1957 3031 δηλώσῃ

379 3060 574 3132 ἡδονὴν
622 3061 687 3113 τὸ
745 3059 1017 3130 ἡμέτερον
1048 3056 1254 3126 ἀγαθὸν
1307 3052 1497 3121 οὖσαν,
1526 3054 1602 3117 ὡς
1642 3054 1702 3106 τὸ
1732 3052 1959 3122 θεωρεῖν

378 3155 647 3224 ἡμέτερον
682 3151 918 3221 μάλιστα
978 3150 1139 3217 ἔργον
1180 3148 1263 3202 ὅν.
1320 3148 1411 3199 Δεῖ
1467 3147 1572 3216 γὰρ
1626 3145 1865 3211 τάγαθὸν
1897 3144 1957 3201 οὐ

380 3246 541 3316 μόνον
579 3241 809 3311 ἀγαθὸν,
842 3240 976 3294 ἀλλὰ
1034 3239 1126 3291 καὶ
1180 3240 1309 3309 ἡμῖν
1360 3255 1419 3291 τε
1461 3238 1555 3290 καὶ
1614 3236 1749 3304 πρὸς
1808 3236 1958 3304 ἡμᾶς

378 3332 543 3398 εἶναι,
576 3335 623 3386 εἰ
651 3331 836 3401 μέλλοι
896 3331 989 3383 καὶ
1035 3331 1169 3399 ἡμῖν
1201 3328 1418 3398 αἱρετὸν
1449 3326 1692 3391 ἔσεσθαι,
1721 3326 1783 3378 οὐ
1821 3325 1956 3377 πολύ

380 3445 435 3481 τι
469 3427 725 3495 διάφορον
778 3423 954 3489 λέγων
988 3420 1081 3474 τοῦ
1116 3418 1469 3488 Ἐπικούρου,
1504 3419 1561 3480 ὃς
1601 3433 1705 3469 που
1762 3416 1958 3485 ἡδονὴν

379 3522 483 3588 τήν
530 3535 593 3586 γε
630 3516 872 3588 ψυχικὴν
918 3513 1157 3581 τάγαθὸν
1198 3511 1424 3565 τίθεται.
1472 3510 1657 3562 Ἔοικε
1708 3508 1816 3577 γὰρ
1865 3507 1961 3558 καὶ

394 3612 717 3681 Ἐπίκουρος
765 3607 898 3677 παρ’
941 3606 1351 3675 Ἀριστοτέλους
1388 3602 1499 3654 τῶν
1544 3601 1600 3663 ἐς
1630 3600 1729 3671 τὴν
1764 3598 1959 3669 ἡδονὴν

2687 1047 2841 1103 CAP.
2880 1046 3017 1102 Xlll.

2128 1140 2184 1190 in
2211 1153 2306 1193 sua
2333 1154 2463 1194 vero
2480 1138 2548 1195 de
2579 1140 2686 1195 line
2720 1140 2916 1195 ultimo
2951 1141 3339 1210 disputatione,
3361 1146 3631 1213 quomodo

2054 1229 2537 1297 reprehensionem
2606 1247 2714 1285 non
2760 1230 3016 1296 incurrit,
3060 1232 3149 1286 ubi
3214 1249 3322 1287 non
3372 1234 3633 1290 eximium

2055 1321 2190 1376 illud
2220 1337 2283 1377 ac
2318 1337 2446 1376 vere
2479 1322 2770 1391 pulchrum
2798 1367 2811 1389 ,
2854 1324 2996 1394 quod
3032 1339 3060 1377 a
3100 1324 3300 1378 virtute
3334 1327 3635 1395 proﬁcisci-

2058 1422 2163 1477 tur,
2194 1414 2338 1467 sicut
2362 1428 2555 1468 omnes
2584 1415 2971 1482 sapientiores,
3000 1416 3096 1470 sed
3118 1417 3451 1485 voluptatem
3486 1434 3636 1474 sum-

2053 1516 2203 1554 mum
2233 1502 2515 1556 constituit
2545 1504 2771 1567 bonum,
2799 1505 2945 1559 illam
2997 1522 3123 1559 vero
3165 1507 3481 1577 intelligens
3511 1525 3638 1565 con-

2055 1592 2462 1661 templativam?
2510 1594 2673 1664 Atqui
2707 1595 2751 1649 si
2800 1597 3071 1664 voluptas,
3125 1614 3188 1653 ea
3243 1602 3476 1666 ratione,
3526 1617 3634 1671 qua

2053 1694 2137 1740 est
2162 1687 2586 1755 contemplativa
2630 1705 2909 1744 summum
2939 1693 3011 1746 sit
3044 1691 3270 1756 bonum,
3293 1693 3638 1767 quandoqui-

2053 1777 2174 1832 dem
2210 1778 2464 1848 voluptas
2495 1780 2697 1835 bonum
2732 1792 2817 1836 est
2848 1792 3121 1852 quatenus
3163 1795 3247 1839 est
3295 1789 3639 1857 contempla-

2054 1870 2185 1931 tiva,
2217 1880 2368 1925 certe
2400 1873 2789 1942 contemplatio
2815 1888 2912 1943 per
2938 1890 2996 1930 se
3017 1875 3452 1947 simpliciterque
3472 1879 3640 1933 fuerit

2055 1975 2332 2015 summum
2397 1963 2598 2018 bonum
2630 2004 2646 2031 ,
2699 1965 2815 2019 sive
2858 1966 3110 2035 voluptas
3161 1968 3306 2022 illam
3352 1979 3636 2039 sequatur,

2057 2053 2170 2107 sive
2205 2068 2337 2119 non,
2388 2055 2475 2109 sin
2504 2067 2685 2112 autem
2712 2058 3100 2127 contemplatio
3134 2060 3202 2115 sit
3229 2061 3456 2131 bonum,
3496 2078 3642 2132 qua-

2056 2151 2215 2198 tenus
2257 2148 2580 2200 suavitatem
2637 2148 2753 2202 sive
2786 2149 3114 2217 voluptatem
3151 2150 3441 2220 quamdam
3479 2152 3642 2207 habet

2058 2236 2400 2303 adjunctam,
2452 2244 2563 2290 tum
2612 2238 2863 2307 voluptas
2916 2256 3109 2295 rursus
3140 2242 3459 2311 simpliciter
3487 2259 3640 2299 sum-

2063 2342 2210 2380 mum
2261 2327 2365 2381 erit
2398 2327 2628 2393 bonum,
2680 2333 2798 2386 sive
2844 2333 3289 2403 contemplando,
3329 2335 3443 2390 sive
3493 2336 3637 2390 aliud

2061 2418 2273 2486 agendo
2324 2419 2495 2486 ipsam
2558 2435 2980 2489 consequamur.
3020 2423 3265 2495 Utraque
3307 2437 3489 2482 autem
3549 2444 3641 2481 ra-

2064 2509 2214 2565 tione
2266 2513 2744 2582 contemplativam
2784 2517 3118 2586 voluptatem
3156 2528 3210 2573 et
3240 2528 3518 2589 quatenus
3557 2531 3641 2575 est

2061 2599 2486 2667 contemplativa
2521 2609 2577 2656 et
2606 2613 2882 2672 quatenus
2926 2616 3012 2662 est
3063 2609 3339 2679 voluptas,
3373 2626 3496 2667 esse
3544 2613 3643 2668 bo-

2062 2706 2191 2744 num
2221 2693 2546 2764 neutiquam
2580 2696 2697 2751 fieri
2738 2709 2937 2766 potest;
2994 2701 3100 2757 nisi
3141 2701 3442 2759 intercedat
3495 2705 3640 2758 aliud

2062 2784 2341 2851 quoddam
2388 2801 2556 2841 unum
2617 2791 2763 2858 quod
2822 2791 2950 2847 huic
3005 2793 3223 2863 utrique
3276 2798 3645 2851 communiter

2064 2877 2361 2933 adhaereat.
2394 2878 2535 2934 Illud
2588 2897 2823 2952 namque
2869 2899 3144 2941 summum
3178 2888 3379 2942 bonum
3413 2890 3644 2957 simplex

2063 2975 2227 3036 atque
2259 2984 2427 3022 unum
2463 2985 2586 3026 esse
2616 2982 2835 3042 oportet
2882 2982 2935 3029 et
2963 2978 3108 3044 quod
3144 2978 3377 3046 desuper
3418 2978 3483 3031 ad
3517 2992 3642 3042 nos,

2065 3059 2132 3113 ab
2165 3058 2368 3123 illoque
2424 3075 2640 3116 summe
2678 3079 2786 3117 uno
2844 3075 3006 3135 atque
3044 3066 3189 3122 bono
3222 3068 3368 3137 quod
3424 3083 3643 3123 omnem

2064 3159 2284 3219 superat
2328 3160 2602 3216 naturam,
2633 3157 2975 3223 pervenerit,
3022 3172 3143 3211 cum
3193 3160 3349 3229 cujus
3381 3160 3647 3215 beneﬁcio

2065 3241 2251 3294 omnia
2286 3242 2497 3311 reliqua
2529 3259 2651 3313 quae
2681 3245 2940 3299 nimirum
2967 3248 3098 3301 illttd
3126 3251 3475 3318 participant,
3504 3253 3645 3306 bona

2064 3332 2170 3387 dici
2220 3344 2523 3393 merentur.
2576 3335 2686 3391 Nos
2729 3337 2896 3408 igitur
2942 3340 3120 3406 ipsum
3179 3341 3468 3397 honestum
3528 3350 3647 3399 sive

2065 3424 2353 3493 pulchrum
2382 3465 2396 3490 ,
2431 3426 2563 3481 illud
2627 3443 2748 3483 esse
2778 3430 3015 3485 dicimus
3048 3468 3064 3493 ,
3124 3432 3281 3501 cujus
3310 3433 3470 3487 etiam
3515 3434 3645 3489 dum

2065 3516 2457 3584 contemplatio
2494 3518 2552 3572 ﬁt
2574 3520 2846 3589 particeps
2880 3530 2933 3575 et
2967 3524 3171 3577 bonum
3222 3534 3277 3579 et
3310 3527 3562 3594 voluptas
3593 3541 3649 3581 et

2065 3607 2335 3680 quidquid
2366 3610 2512 3665 aliud
2543 3611 2799 3667 edicitur.
2837 3614 2915 3668 Ac
2939 3615 3153 3670 videtur
3182 3617 3504 3673 Aristoteles
3527 3635 3644 3673 eam

380 3702 558 3769 λόγων
591 3700 873 3770 εἰληφέναι
904 3689 1002 3759 τὰς
1032 3694 1313 3767 ἀφορμάς.
1362 3693 1556 3763 Ἡμεῖς
1585 3708 1650 3791 ἵε
1680 3692 1792 3791 μὴν
1818 3690 1956 3791 Ppu-

2067 3696 2136 3751 ob
2168 3712 2387 3752 causam
2408 3700 2673 3770 voluptati
2709 3704 3067 3773 coniunxisse
3090 3708 3605 3777 contemplationem
3632 3752 3645 3773 ,

381 3796 471 3865 χεῖ
513 3793 800 3862 τεκμηρίῳ
848 3788 1209 3857 ἐπιδείξωμεν
1269 3785 1329 3839 οὐ
1382 3785 1482 3852 τὴν
1542 3782 1739 3852 ἡδονὴν
1786 3777 1954 3833 οὖσαν

380 3883 642 3953 τάγαθόν.
686 3882 958 3952 Σύνισμεν
1014 3880 1123 3948 γάρ
1181 3894 1283 3931 που
1339 3877 1472 3945 ἡμῖν
1528 3874 1715 3935 αὐτοῖς
1744 3872 1867 3925 τότε
1895 3870 1959 3939 δὴ

386 3974 624 4043 μάλιστα
664 3971 947 4041 ἡδομένοις
987 3971 1087 4040 τὴν
1119 3967 1467 4035 θεωρητικὴν
1505 3965 1710 4033 ταύτην
1738 3963 1957 4033 ἡδονὴν,

381 4065 601 4119 ἐπειδὰν
633 4065 696 4116 ἐκ
722 4062 892 4132 λήθης
948 4063 1079 4131 περὶ
1135 4058 1380 4126 ὁτουοῦνξ
1418 4053 1961 4126 ἀναμιμνησκόμενοι

383 4155 704 4226 θεωρῶμεν.
740 4154 828 4206 Ἐν
855 4147 937 4215 οἷς
967 4152 1012 4204 δ’
1040 4151 1106 4204 ἂν
1145 4150 1343 4211 εἰδότες
1384 4150 1447 4201 ὲκ
1472 4145 1672 4200 πολλοῦ
1699 4143 1960 4199 διατελῶ-

387 4263 511 4318 μεν,
547 4247 610 4299 οὐ
645 4245 790 4298 πάνυ
840 4226 945 4296 τοι.
986 4243 1049 4295 Ei
1074 4242 1119 4295 δ’
1148 4245 1182 4311 ὴ
1212 4240 1378 4310 ἡδονὴ
1416 4239 1681 4307 τάγαθὸν,
1717 4238 1813 4292 καὶ
1851 4236 1962 4290 πᾶν

382 4338 532 4409 ἥδιόν
568 4354 628 4390 τε
677 4336 769 4390 καὶ⁹
800 4334 1163 4404 αἱρετώτερον
1192 4332 1288 4385 τοῦ
1335 4328 1502 4403 ἦττον
1535 4332 1778 4385 τοιούτου
1802 4368 1817 4395 ,
1850 4328 1959 4385 ἔδει

385 4428 564 4481 κοῖιτδ
617 4430 680 4480 ὲκ
718 4425 891 4496 λήθης
922 4424 1478 4494 ἀναμιμνησκόμενον
1513 4423 1765 4492 θεωρεῖν,
1803 4422 1961 4491 ἄμει-

386 4520 477 4573 νόν
504 4536 563 4571 τε
598 4517 959 4587 αἱρετώτερον
1008 4514 1148 4569 εἶναι
1196 4514 1291 4567 τοῦ
1339 4515 1427 4567 ἀεὶ
1463 4514 1728 4568 διατελεῖν
1760 4512 1961 4565 εἰδότα.

382 4611 500 4667 Νῦν
531 4610 577 4664 δ’
606 4608 701 4665 οὗν
724 4610 833 4663 οὐδ’
864 4609 931 4663 ἂν
963 4605 1041 4672 εἷς
1073 4610 1251 4661 ὲκεϊνο
1276 4607 1477 4675 μᾶλλον
1503 4606 1535 4676 ἢ
1571 4604 1732 4658 τοῦτο
1760 4604 1963 4674 εὐφρο-

385 4702 492 4757 νῶν
523 4701 720 4754 ἕλοιτο.
760 4699 873 4752 Καὶ
921 4700 1050 4767 περὶ
1087 4697 1189 4765 μὲν
1217 4696 1325 4750 τῶν
1355 4695 1728 4762 Ἀριστοτέλει
1779 4695 1876 4745 καὶ
1907 4695 1964 4756 ἐς

2067 3799 2124 3841 ut
2159 3789 2489 3858 voluptatem
2541 3792 2802 3847 nimirum
2850 3796 3014 3852 nobis
3063 3798 3337 3868 prepriam
3396 3810 3643 3855 nostrum

2062 3896 2187 3936 esse
2218 3882 2421 3936 bonum
2453 3884 2765 3939 ostenderet
2791 3926 2805 3952 ,
2839 3890 3303 3956 quemadmodum
3328 3892 3493 3945 etiam
3522 3906 3648 3947 ron-

2064 3973 2475 4043 teinplationem
2519 3990 2659 4046 opus
2689 3992 2808 4032 esse
2841 3981 3076 4033 maxime
3108 3992 3383 4035 nostrum.
3418 3982 3649 4051 Uportet

2067 4081 2307 4136 namque
2363 4083 2639 4122 summum
2697 4069 2830 4123 illud
2884 4071 3113 4135 bonum,
3151 4088 3258 4126 non
3306 4073 3493 4126 solnm‘
3530 4088 3651 4129 csse

2066 4158 2295 4221 bonum,
2324 4160 2418 4214 sed
2461 4159 2621 4214 nobis
2648 4175 2869 4229 quoque
2899 4164 3320 4228 accommodari,
3371 4172 3425 4218 et
3451 4165 3513 4217 ad
3548 4180 3652 4220 nos

2066 4249 2285 4316 referri,
2330 4251 2376 4306 si
2424 4251 2529 4306 tale
2570 4251 2767 4306 debeat
2812 4253 3047 4322 judicari
3073 4295 3088 4319 ,
3131 4256 3273 4322 quod
3300 4256 3368 4307 sit
3398 4255 3539 4309 votis
3569 4254 3650 4308 di-

2065 4352 2229 4407 gnum
2261 4354 2371 4407 prae
2413 4342 2626 4396 caeteris
2653 4342 2912 4396 omnibus
2949 4347 3021 4412 et}
3042 4345 3278 4397 maxime
3305 4358 3333 4396 a
3366 4343 3523 4397 nobis
3552 4343 3649 4397 eli-

2069 4428 2330 4494 gendum.
2395 4428 2509 4497 Qua
2549 4431 2601 4484 in
2630 4446 2687 4485 re
2733 4432 2979 4501 profecto
3034 4432 3123 4487 ille
3185 4448 3293 4487 non
3349 4434 3646 4489 admodum

2070 4515 2343 4571 diversam
2385 4520 2453 4573 ab
2481 4517 2717 4586 Epicuro
2743 4526 2931 4576 tuetur
2966 4522 3324 4582 sententiam,
3356 4521 3451 4590 qui
3479 4521 3643 4576 etiam

2068 4607 2308 4675 quodam
2347 4605 2401 4660 in
2434 4606 2556 4661 loco
2599 4606 2927 4675 voluptatem
2963 4621 3239 4660 summum
3276 4606 3406 4659 facit
3439 4606 3643 4661 bonum

2067 4692 2301 4765 eaque
2337 4696 2624 4765 intelligit,
2658 4710 2780 4765 qua:
2812 4696 2865 4750 in
2920 4696 3104 4751 animo
3134 4695 3410 4751 consistit.
3440 4694 3645 4764 Nempe

384 4794 484 4862 τὴν
513 4791 714 4862 ἠθικὴν
763 4788 1157 4859 πραγματείαν
1201 4788 1261 4838 οὐ
1313 4786 1497 4849 καλῶς
1528 4800 1956 4854 πεπραγματευ-

2070 4796 2300 4856 apparet
2359 4786 2535 4856 ipsum
2567 4787 2919 4843 Aristotelem
2954 4788 3117 4842 etiam
3156 4784 3391 4856 Epicuro
3433 4787 3647 4841 uberri-

386 4885 565 4955 μένων
586 4924 602 4949 ,
654 4885 773 4937 ἐνὸν
825 4885 922 4938 καὶ
957 4884 1129 4937 πλείω
1162 4881 1261 4936 καὶ
1308 4882 1437 4952 περὶ
1469 4882 1735 4934 πλειόνων
1762 4881 1956 4942 εἰπεῖν,

2069 4895 2213 4934 mam
2246 4880 2549 4948 prmbuisse
2587 4879 2957 4944 occasionem,
2992 4887 3054 4934 ut
3088 4894 3241 4933 suam
3275 4876 3342 4932 de
3368 4878 3648 4946 voluptate

383 4980 533 5047 ὅμως
569 4977 783 5047 ἀπόχρη
828 4976 926 5032 καὶ
961 4976 1152 5031 ταῦτα.
1181 4977 1257 5029 Οὐ
1289 4976 1396 5046 γὰρ
1431 4974 1649 5028 ἅπαντα
1678 4970 1864 5033 ἁπλῶς
1893 4971 1956 5023 τὰ

2071 4973 2398 5026 sententiam
2441 4972 2705 5026 audacter
2735 4972 2788 5023 in
2814 4970 3052 5033 medium
3090 4970 3333 5035 aﬂerret,
3362 4971 3651 5024 tuendam-

396 5069 800 5137 Ἀριστοτέλους
854 5070 988 5139 ἡμῖν
1026 5068 1275 5139 διορθοῦν
1306 5068 1619 5138 πρόκειται,
1659 5065 1797 5119 ἀλλὰ
1828 5064 1956 5132 περὶ

2073 5080 2182 5143 que
2226 5065 2551 5133 susciperet.
2586 5063 2695 5117 Nos
2747 5063 2931 5132 itaque
2977 5063 3126 5117 brevi
3154 5062 3384 5132 quadam
3436 5060 3648 5117 ratione

382 5157 493 5211 τῶν
530 5158 801 5227 μεγίστων
830 5160 928 5212 καὶ
968 5160 1327 5228 κυριωτάτων
1359 5160 1538 5212 εἰπεῖν
1559 5199 1574 5223 ,
1618 5160 1716 5209 καὶ
1745 5148 1822 5210 ὧν
1856 5155 1956 5224 μά‹

2071 5155 2427 5212 ostendemus
2488 5155 2824 5223 voluptatem
2886 5154 3034 5209 illam
3078 5153 3486 5209 Aristotehcam
3538 5168 3644 5209 non

382 5244 539 5298 λιστα
587 5248 722 5316 πρὸς
774 5248 1035 5302 Πλάτωνα
1064 5248 1477 5319 διενηνεγμένος
1526 5250 1626 5300 οὐκ
1669 5245 1836 5314 ὀλίγῳ
1892 5242 1956 5314 τᾷ

2069 5258 2195 5300 esse
2252 5259 2527 5300 summum
2586 5244 2813 5299 bonum.
2889 5244 3099 5317 Quippe
3170 5260 3271 5302 nos
3329 5246 3477 5318 ipsos
3533 5256 3648 5300 tum

386 5338 539 5409 μέσῳ
564 5339 791 5405 τάνδρὸς
834 5340 1168 5393 ὲλλείπεται.

2073 5338 2309 5394 maxime
2372 5338 2643 5391 sentimus
2694 5339 2841 5392 illam
2878 5354 2944 5392 ex
2990 5339 3409 5407 centemplando
3453 5352 3649 5405 capere

380 5438 739 5505 voluptatem.
772 5437 990 5506 quando
1024 5437 1232 5507 aliquid
1262 5452 1327 5492 ex
1383 5436 1663 5493 oblivione
1733 5437 1788 5491 in
1819 5436 2139 5492 memoriam
2208 5443 2521 5491 revocatum
2570 5436 3024 5506 contemplamur.
3077 5437 3210 5504 Quae
3284 5445 3463 5489 autem
3534 5434 3646 5503 jam

377 5533 543 5602 longo
594 5540 843 5603 tempore
881 5534 1080 5589 animis
1127 5534 1483 5603 concepimus
1513 5573 1528 5598 ,
1574 5534 1956 5602 complexique
1990 5549 2202 5597 sumus,
2240 5531 2564 5587 exillisuon
2631 5535 2820 5587 eodem
2866 5535 3026 5589 modo
3089 5536 3336 5604 capimus
3394 5530 3644 5599 volupta-

377 5636 509 5682 tem.
562 5624 719 5691 Quod
754 5627 802 5681 si
842 5627 955 5697 jam
1004 5627 1263 5696 voluptas
1312 5627 1697 5681 summumsit
1732 5627 1959 5693 bonum,
2004 5626 2248 5694 illudque
2280 5625 2423 5694 quod
2470 5629 2695 5681 suavius
2731 5637 2815 5681 est
2875 5638 2925 5680 et
2952 5628 3273 5695 jucundius,
3308 5623 3501 5678 melius
3540 5642 3556 5692 ;
3600 5624 3645 5681 si

375 5728 430 5775 et
476 5722 651 5790 magis
709 5724 1070 5787 expetendum
1114 5720 1291 5774 altero
1349 5718 1497 5790 quod
1555 5718 1740 5773 minus
1810 5717 1974 5771 habet
2011 5716 2294 5771 suavitatis
2324 5726 2374 5771 et
2422 5716 2820 5786 jucundilatis,
2855 5731 3077 5771 necesse
3126 5718 3229 5772 erit
3265 5717 3431 5773 etiam
3499 5718 3646 5773 illam

376 5826 562 5871 rerum
594 5831 657 5872 ex
699 5816 974 5871 oblivione
1001 5818 1055 5871 in
1097 5815 1535 5872 recordationem
1585 5822 1963 5871 revocatarutn
2004 5809 2520 5882 contemplationem
2562 5826 2617 5869 et
2643 5811 2925 5868 meliorem
2998 5823 3118 5868 esse
3151 5818 3203 5865 et
3245 5812 3420 5882 magis
3486 5825 3647 5882 cxpe-

746 5914 1020 5977 PATROL.
1059 5914 1176 5975 Gn.
1219 5912 1395 5991 CLX.
3250 5910 3327 5969 29
