4186 6290
548 323 678 412 ’907
1758 339 2083 400 GEORGII
2132 337 2588 399 PLETHONIS.
2791 337 2796 340 ·
3707 333 3818 403 sos

579 463 799 518 tendam
859 461 1028 515 altera
1085 458 1200 523 illa,
1271 456 1324 510 in
1392 468 1497 524 qua
1544 453 1669 522 quis
1739 460 1998 520 perpetuo
2047 447 2226 503 sciens
2266 448 2564 519 perstiterit
2609 464 2672 507 ac
2732 446 3115 524 perseverarit.
3163 446 3282 508 iam
3336 447 3499 520 igitur
3553 447 3818 502 omnibus

577 567 725 607 sanae
756 553 952 607 mentis
988 547 1305 603 hominibus
1337 543 1746 615 dijudicandum
1771 538 2151 609 relinquimus,
2196 551 2376 598 utrum
2413 542 2542 596 illud
2577 543 2752 612 magis
2813 557 2976 605 quam
3012 540 3117 598 hoc
3148 539 3219 596 sit
3288 537 3726 608 amplectcndum
3763 552 3819 596 et

573 645 848 714 quodnam
897 660 962 696 ex
1006 641 1220 696 clitobns
1254 639 1361 696 illis
1389 641 1461 695 sit
1511 639 1930 712 praeferendum.
1963 640 2140 712 Atque
2178 641 2246 695 de
2267 640 2354 695 bis
2383 641 2597 711 quidem
2627 641 2912 706 hactenus,
2947 653 3070 712 qua:
3146 637 3396 696 videlicet
3437 634 3505 692 ad
3571 635 3818 705 disputa-

577 741 780 795 tionem
812 736 1124 791 Aristotelis
1153 735 1221 789 de
1257 734 1505 788 moribus
1551 736 1849 802 pertinent,
1888 733 1978 789 ubi
2029 747 2163 788 sane
2199 734 2302 790 etsi
2333 735 2486 804 plura
2515 734 2624 798 sint
2647 749 2765 804 qua:
2789 731 3266 802 reprehensionem
3322 735 3656 789 mereantur,
3714 727 3816 782 ista

574 839 756 885 tamen
815 830 977 883 modo
1038 825 1340 880 sufﬁciant.
1390 823 1578 890 Neque
1634 825 1779 878 enim
1835 823 2009 879 nostri
2057 831 2141 879 est
2177 825 2412 880 instituti
2439 825 3090 886 omniaeommemorare,
3150 820 3204 876 in
3240 819 3440 889 quibus
3496 816 3818 878 Aristoteles

571 919 796 978 erravit,
843 918 934 972 sed
967 915 1286 986 principalia
1319 914 1587 968 duntaxat
1615 923 1668 969 et
1715 915 1971 980 maxima,
2031 916 2444 984 praesertimque
2495 916 2589 971 illa
2653 916 2708 970 in
2760 914 2960 986 quibus
3023 927 3130 970 non
3203 912 3438 981 exiguo,
3510 907 3609 964 sed
3658 907 3818 975 longo

572 1009 861 1066 intervallo
906 1009 1189 1063 Platonem
1239 1006 1537 1074 relinquit,
1574 1007 1644 1062 ab
1701 1022 1874 1078 eoque
1913 1006 2144 1060 multum
2180 1005 2455 1063 dissentit.

1201 1097 1506 1153 CAP.XlV.
1587 1127 1591 1132 -

643 1193 894 1248 Dicamus
926 1193 1039 1262 jam
1091 1190 1292 1260 aliquid
1318 1190 1481 1244 etiam
1511 1190 1579 1244 de
1643 1189 1780 1245 coelo
1828 1198 1881 1242 et
1947 1189 2140 1258 quinto

569 1299 799 1352 corpore
822 1283 968 1352 quod
1007 1283 1327 1337 Aristoteles
1363 1281 1572 1351 primus
1626 1279 1852 1334 ellinxit.
1885 1280 2139 1346 Quatuor

566 1389 687 1429 esse
717 1373 772 1428 in
808 1373 911 1426 hoc
947 1373 1246 1440 conspicuo
1269 1372 1384 1426 sive
1422 1371 1562 1425 ccelo
1595 1371 1708 1424 sive
1737 1368 1940 1423 mundo
1967 1370 2140 1439 prima

566 1477 621 1520 et
652 1464 1035 1548 autiqyissima
1088 1476 1339 1534 corpora,
1397 1471 1508 1516 tam
1577 1463 1890 1531 superiores
1950 1474 2140 1516 omnes

568 1558 875 1626 philosophi
899 1572 1063 1625 quam
1089 1555 1352 1609 Platonici
1373 1569 1480 1608 uno
1511 1569 1604 1608 ore
1624 1553 1911 1616 afﬁrmant,
1938 1553 2138 1622 ignem,

564 1661 1003 1714 acrem,aquam,
1025 1653 1246 1698 terram.
1279 1645 1458 1713 Atque
1490 1660 1555 1698 ex
1596 1644 1682 1696 his
1715 1642 1926 1710 quidem
1964 1641 2140 1708 ignem

567 1747 625 1790 ct
655 1746 855 1790 terram
889 1736 993 1791 sibi
1031 1735 1261 1788 invicem
1303 1750 1423 1788 esse
1467 1735 1706 1788 maxime
1752 1733 2050 1798 contraria,
2077 1746 2140 1785 co

568 1829 714 1895 quod
747 1827 889 1896 ignis
945 1833 1027 1880 est
1055 1825 1244 1890 levior,
1282 1833 1500 1892 propter
1557 1823 1866 1887 raritatem,
1906 1832 1958 1877 et
1986 1838 2140 1876 sum-

567 1932 716 1970 mum
741 1918 949 1970 obtinet
982 1916 1182 1982 locum,
1218 1922 1358 1969 terra
1416 1923 1594 1968 autem
1628 1909 1950 1984 gravissima
1975 1928 2138 1984 prop-

571 2021 651 2064 ter
688 2009 1037 2074 densitatem,
1073 2018 1127 2062 et
1158 2024 1318 2078 quam
1350 2008 1604 2061 omnibus
1639 2007 1760 2061 aliis
1782 2016 1862 2061 est
1889 2005 2138 2074 subjecta

567 2100 852 2154 elementis
881 2117 894 2152 :
929 2115 1106 2161 aerem
1138 2114 1263 2153 vero
1286 2107 1546 2167 etaquam
1568 2098 1620 2150 in
1646 2097 1824 2151 medio
1852 2097 2139 2151 amborqu

571 2202 793 2260 propter
843 2200 896 2245 et
949 2191 1236 2246 raritatem.
1287 2198 1341 2243 et.
1393 2189 1736 2253 densitatem,
1789 2189 2018 2242 mediam
2069 2189 2138 2243 ad

570 2294 865 2352 utrumque
919 2283 1120 2336 habere
1158 2282 1446 2335 rationem.
1487 2279 1688 2334 Eodem
1715 2288 1896 2336 autem
1955 2280 2137 2346 modo,

569 2375 712 2445 quod
747 2376 811 2430 ad
855 2385 1060 2429 motum
1099 2375 1314 2438 attinet,
1366 2372 1568 2426 latione
1604 2382 1658 2426 et
1689 2371 1870 2441 quiete
1901 2373 2134 2426 invicem

569 2467 853 2536 distingui,
887 2481 952 2520 ac
986 2467 1165 2534 ignem
1194 2465 1414 2535 quidem
1464 2479 1654 2518 rursus
1683 2471 1736 2517 et
1770 2473 1972 2517 terram
2029 2462 2133 2517 sibi

568 2560 800 2615 itmch
851 2561 1089 2615 maxime
1139 2573 1260 2614 esse
1318 2558 1614 2622 contraria,
1669 2571 1848 2610 aerem
1899 2571 2026 2611 vero
2083 2567 2137 2612 et

566 2667 784 2722 aquam,
845 2653 1021 2706 medio
1067 2651 1131 2705 ad
1189 2659 1480 2719 utrumque
1542 2650 1661 2716 loco
1712 2663 1771 2704 se
1832 2649 2050 2726 habere.
2080 2648 2134 2704 Si

569 2746 750 2813 itaque
804 2752 946 2798 terra
1022 2743 1093 2796 sit
1146 2741 1462 2806 immobilis,
1506 2741 1685 2812 ignem
1755 2755 1981 2796 necesse
2033 2739 2138 2795 erit

567 2841 830 2904 perpetuo
859 2833 1087 2897 moveri,
1120 2840 1173 2884 et
1197 2841 1477 2900 praeterea,
1507 2831 1554 2886 si
1614 2840 1754 2885 terra
1801 2831 2022 2900 quidem
2067 2832 2139 2886 sit

568 2925 888 2988 immobilis,
923 2933 1034 2975 tum
1066 2938 1206 2992 aqua
1225 2922 1530 2976 movebitur
1554 2921 1797 2990 quidem,
1826 2922 1921 2976 sed
1955 2922 2138 2977 minus

568 3030 733 3085 quam
763 3029 876 3078 aer,
913 3013 1004 3084 qui
1036 3021 1186 3068 tanto
1239 3013 1412 3083 magis
1445 3013 1746 3067 movebitur
1779 3027 1942 3083 quam
1974 3028 2137 3083 aqua,

570 3118 774 3179 quanto
810 3108 898 3162 ille
923 3107 1064 3176 quod
1102 3107 1168 3160 ad
1214 3116 1448 3173 motum,
1476 3121 1507 3160 a
1541 3120 1798 3175 supremo
1847 3116 2139 3176 superatur

570 3200 714 3271 igne,
738 3213 898 3268 quem
930 3197 1131 3252 idcirco
1161 3197 1211 3250 in
1247 3205 1508 3266 perpetuo
1527 3212 1650 3253 esse
1686 3205 1833 3251 motu
1861 3196 2136 3252 fatendum

569 3291 694 3346 erit.
727 3288 880 3355 Quod
910 3289 954 3342 si
989 3299 1247 3357 perpetuo
1277 3299 1547 3353 movetur,
1595 3287 1918 3342 circularem
1951 3288 2138 3357 utique

569 3380 792 3434 habebit
839 3387 1065 3433 motum.
1100 3376 1156 3431 Id
1199 3391 1434 3444 namque
1487 3377 1629 3444 quod
1658 3387 1805 3429 recta
1865 3382 2134 3442 movetur,

563 3486 680 3526 non
709 3477 887 3540 potest
932 3467 1186 3521 mobilem
1237 3466 1515 3536 possidere
1563 3475 1838 3520 naturam.
1891 3465 2140 3533 Quiescit

561 3557 714 3618 enim
789 3562 1005 3615 tandem
1085 3558 1400 3626 aliquando,
1468 3558 1612 3628 quod
1689 3567 1895 3613 rectum
1976 3557 2136 3613 habet

562 3666 798 3711 metum.
833 3651 1028 3707 Ether
1053 3651 1235 3721 itaque
1267 3661 1320 3706 et
1363 3666 1525 3706 omne
1579 3665 1894 3720 supremum
1919 3663 2138 3718 corpus,

2170 1103 2217 1158 Δ

2839 1097 3086 1152 ΚΕΦΑΛ.
3126 1097 3226 1154 ῙΔ’.

2323 1192 2547 1264 Ῥητέον
2587 1191 2642 1248 δὲ
2687 1192 2788 1263 ἤδη
2829 1208 2884 1243 τι
2929 1191 3023 1244 καὶ
3063 1187 3193 1257 περὶ
3223 1185 3329 1264 τῷν
3371 1187 3430 1249 ἐς
3460 1186 3550 1240 τὸν
3585 1185 3816 1256 οὐρανὸν

2243 1263 2552 1355 αὒτῷὶκαὶ
2610 1285 2671 1338 τὸ
2736 1284 2988 1350 πέμπτον
3042 1281 3200 1349 σῶμα
3249 1263 3815 1348 κεκαινολογημένων.

2241 1376 2498 1445 Τέτταρα
2530 1377 2598 1430 τὰ
2631 1375 2984 1445 πρεσΰύτερα
3032 1373 3140 1427 τῶν
3183 1374 3238 1425 ἐν
3277 1370 3413 1440 τῷδε
3469 1370 3547 1438 τῷ
3597 1369 3816 1438 οὐρανῷ

2243 1466 2515 1534 σωμάτων
2544 1467 2681 1520 οἵτε
2731 1464 2938 1520 ἀνωθεν
2990 1463 3193 1526 πάντες
3229 1463 3420 1531 σοφοὶ,
3454 1459 3551 1514 καὶ
3594 1460 3644 1513 οἱ
3684 1458 3817 1528 περὶ

2247 1557 2516 1612 Πλάτωνά
2547 1574 2703 1624 φασι,
2730 1557 2864 1626 πῦρ,
2896 1555 3052 1624 ἀέρα,
3093 1554 3261 1623 ὕδωρ,
3303 1553 3426 1622 γῆν.
3461 1550 3678 1630 Τούτων
3703 1548 3815 1620 πῦρ

2245 1650 2346 1720 μὲν
2382 1652 2477 1702 καὶ
2515 1650 2620 1717 γῆν
2670 1646 3042 1702 ἐναντιώτατα
3076 1647 3221 1717 ἔχειν
3254 1646 3388 1714 πρὸς
3423 1643 3656 1712 ἀλλήλω·
3701 1643 3816 1713 πῦρ

2246 1741 2344 1810 μὲν
2389 1741 2722 1809 κουφότερόν
2753 1757 2811 1792 τε
2841 1739 2901 1792 ὃν
2937 1740 3024 1794 διὰ
3057 1739 3335 1808 μανότητα
3361 1738 3458 1792 καὶ
3492 1738 3658 1790 πᾶσιν
3697 1739 3814 1789 ἐπι-

2243 1831 2500 1892 πολάζον·
2531 1833 2637 1899 γῆν
2663 1831 2718 1884 δὲ
2753 1830 3064 1900 βαρυτάτην
3102 1830 3191 1884 διὰ
3237 1829 3548 1900 πυκνότητα
3577 1827 3671 1881 καὶ
3710 1828 3815 1880 πᾶ-

2243 1939 2328 1976 σιν
2361 1923 2760 1992 ὑφισταμένην·
2787 1923 2924 1993 ἀέρα
2969 1922 3026 1974 δὲ
3073 1922 3166 1974 καὶ
3203 1920 3344 1990 ὕδωρ
3391 1921 3450 1972 ὲν
3498 1921 3653 1989 μέσῳ
3681 1918 3808 1974 τού-

2241 2032 2356 2068 τοιν
2389 2014 2478 2068 διὰ
2515 2015 2575 2068 τὸ
2621 2015 2715 2066 καὶ
2769 2013 3070 2082 μανότητός
3109 2031 3168 2066 τε
3205 2014 3299 2066 καὶ
3329 2012 3663 2079 πυκνότητος
3711 2012 3814 2079 μέ-

2241 2125 2349 2168 σως
2403 2107 2548 2176 ἔχειν
2602 2105 2810 2160 αὐτοῖν.
2841 2105 3027 2176 Ταύτῃ
3075 2105 3138 2176 δὴ
3182 2109 3275 2158 καὶ
3330 2106 3460 2176 περὶ
3507 2105 3724 2172 κίνησίν
3751 2121 3811 2157 τε

2238 2199 2339 2267 τὴν
2372 2199 2513 2254 κατὰ
2553 2198 2655 2269 τὴν
2703 2197 2898 2266 φορὰν,
2950 2199 3047 2250 καὶ
3082 2197 3303 2262 στάσιν,
3339 2195 3452 2266 πῦρ
3483 2195 3580 2263 μὲν
3611 2194 3680 2248 αὖ
3718 2197 3831 2260 καὶ,

2241 2290 2343 2358 γῆν
2374 2289 2508 2357 πρὸς
2541 2288 2757 2358 ἀλλήλω
2796 2287 3168 2343 ἐναντιώτατα
3221 2286 3364 2354 ἔχειν
3390 2325 3406 2350 ,
3437 2287 3576 2355 ἀέρα
3624 2286 3678 2338 δὲ
3715 2286 3813 2338 καὶ

2242 2377 2388 2447 ὔδωρ
2423 2383 2479 2430 ἐν
2513 2378 2666 2449 μέσῳ
2701 2376 2930 2437 τούτοιν.
2967 2377 3027 2430 El
3060 2376 3104 2430 δ’
3138 2378 3169 2446 ἡ
3201 2376 3274 2446 γῆ
3305 2377 3580 2446 ἀκίνητος,
3609 2376 3671 2434 τὸ
3699 2374 3814 2444 πῦρ

2241 2470 2308 2523 ἂν
2339 2468 2424 2538 εῐη
2454 2471 2785 2536 ἀεικίνητον,
2803 2471 2896 2524 καὶ
2920 2469 3024 2534 ἔτι,
3057 2471 3105 2522 εί
3131 2471 3164 2538 ἠ
3210 2468 3308 2538 μὲν
3342 2468 3412 2537 γῆ
3443 2468 3720 2536 ἀκίνητος,
3751 2468 3816 2521 τὸ

2237 2559 2282 2611 δ’
2345 2557 2488 2628 ὕδωρ
2538 2561 2800 2629 κινητὸν,
2846 2559 2938 2613 τοῦ
2991 2560 3036 2614 δ’
3083 2561 3246 2630 ἀέρος
3302 2561 3437 2614 πολὺ
3477 2563 3544 2631 τῇ
3600 2562 3814 2626 κινήσει

2241 2650 2583 2720 λειπόμενον,
2618 2649 2724 2722 ἀὴρ
2747 2651 2792 2704 δ’
2825 2649 3012 2714 ὕδατος
3035 2651 3215 2721 πολλῷ
3238 2653 3314 2722 τῷ
3345 2652 3616 2704 κινεῖσθαι
3643 2653 3813 2720 ὑπερ-

2241 2741 2471 2808 ϐάλλων,
2503 2741 2606 2794 κᾶν
2650 2740 2758 2811 πῦρ
2809 2742 2968 2812 ἀέρος
3017 2760 3077 2795 τε
3125 2743 3442 2816 ὑπερϐάλλῃ
3501 2741 3679 2810 πολλῷ
3727 2742 3810 2794 ἔτι

2243 2824 2446 2903 μᾶλλον
2480 2833 2558 2904 τῷ
2610 2835 2904 2898 κινεῖσθαι,
2967 2837 3062 2890 καὶ
3116 2836 3424 2904 ἀεικίνητον
3488 2835 3594 2903 εἴη’
3657 2837 3703 2888 εί
3766 2834 3816 2887 δ’

2242 2925 2574 2994 ἀεικίνητον,
2607 2909 2716 2980 ’κάν
2765 2927 2948 2996 κύκλῳ
2991 2930 3212 2984 κινοῖτο.
3260 2928 3377 2980 Ἐπ’
3416 2927 3544 2980 εὐθὺ
3576 2926 3685 2996 γὰρ
3720 2944 3801 2978 κι-

2245 3018 2506 3084 νούμενον
2545 3019 2644 3086 οὐχ
2678 3012 2790 3070 οἷόν
2815 3035 2874 3071 τε
2903 3005 3021 3072 οὐδὲ
3050 3020 3272 3089 κινητὸν
3297 3015 3461 3076 εἶναι.
3490 3019 3814 3076 Παύσασθαι

2244 3110 2352 3179 γάρ
2379 3126 2508 3162 ποτε
2582 3109 2796 3180 ἀνάγκη
2858 3110 2920 3162 τὸ
2952 3110 3038 3162 ἐπ’
3081 3111 3210 3166 εὐθὺ
3263 3111 3582 3180 κινούμενον
3618 3110 3810 3164 τούτου

2238 3199 2333 3253 τοῦ
2359 3199 2609 3270 σώματος
2641 3193 2784 3252 εἶναι
2817 3201 2908 3253 τόν
2938 3218 2996 3254 τε
3022 3201 3214 3270 αἰθέρα
3249 3203 3343 3255 καὶ
3374 3204 3482 3255 πᾶν
3514 3201 3574 3254 τὸ
3601 3201 3814 3255 ἀνωτά-

2239 3309 2318 3344 τω
2372 3291 2554 3360 σῶμα,
2594 3291 2826 3361 οὐρανόν
2863 3308 2923 3345 τε
2985 3293 3131 3354 ίδίως
3183 3291 3538 3361 καλούμενον.
3584 3294 3814 3358 Τούτοις

2243 3384 2354 3452 τοῖς
2412 3382 2592 3450 λόγοις
2639 3383 2691 3436 τί
2749 3383 2888 3456 ἔχων
2938 3378 3254 3452 μέμψασθαι
3306 3385 3694 3454 ’Λρβστοτέλης
3745 3387 3812 3440 τὸ

2243 3471 2493 3540 πέμπτον
2539 3472 2698 3542 σῶμα
2750 3474 3251 3543 κεκαινοποίηκεν;
3304 3476 3422 3528 Ἐπ’
3466 3476 3616 3539 εὐθὺ,
3652 3479 3812 3547 φησι,

2243 3563 2542 3633 φερόμενον
2579 3565 2773 3634 ὁρᾶται
2821 3565 2882 3618 τὸ
2940 3564 3091 3636 πῦρ,
3149 3568 3177 3620 ὁ
3225 3568 3269 3621 δ’
3309 3568 3537 3639 οὐρανὸς
3597 3571 3807 3640 κύκλῳ.

2244 3654 2396 3707 Ὦστ’
2435 3654 2533 3708 οὐκ
2584 3655 2649 3709 ἂν
2684 3654 2770 3726 εἴη
2817 3656 2928 3726 πῦρ
2968 3659 2996 3710 ὁ
3029 3651 3256 3728 οὐρανὸς
3301 3661 3367 3713 τὰ
3401 3659 3494 3712 τοῦ
3532 3659 3806 3731 σώματος,

559 3747 864 3816 ipsumque
925 3743 1070 3814 quod
1126 3743 1200 3797 ita
1265 3742 1483 3812 proprie
1542 3740 2135 3806 nominatur'cmlum,

2254 3744 2418 3801 Ἀλλά
2468 3750 2561 3802 καὶ
2592 3751 2623 3818 ἠ
2671 3750 2742 3818 γῆ
2774 3753 3050 3822 φερομένη
3087 3752 3147 3806 τέ
3187 3771 3316 3809 ποτε
3347 3757 3559 3822 ὁρᾶται,
3588 3759 3681 3814 καὶ
3718 3759 3809 3810 ἐπ’

559 3837 736 3892 ςῑειυιη
792 3837 1010 3892 habebit
1067 3839 1359 3899 naturam',
1420 3849 1583 3904 quam
1647 3848 1817 3904 nuper
1881 3833 2136 3890 diximus.

571 3928 694 3982 Jam
722 3927 1005 3982 videamus
1035 3926 1236 3996 quibus
1271 3925 1589 3979 Aristoteles
1623 3925 1783 3979 nixus
1829 3924 2138 3979 rationibus

555 4027 763 4073 «contra
794 4031 889 4071 nos
913 4030 1112 4070 novum
1161 4015 1292 4069 illud
1322 4016 1571 4084 quintum
1597 4029 1799 4083 corpus
1843 4013 2134 4068 ellinxerit.

570 4090 858 4172 Videmus,
894 4107 988 4172 ait,
1010 4109 1187 4175 ignem
1219 4114 1426 4160 rectum
1457 4105 1659 4159 habere
1685 4115 1913 4172 motum,
1940 4105 2139 4161 uelum

568 4206 755 4250 amem
805 4193 1158 4248 circularem.
1216 4191 1556 4263 Quapropter
1608 4192 1750 4262 ignis
1809 4194 2078 4249 diversam
2109 4211 2140 4249 a

575 4289 718 4344 cmlo
744 4285 1007 4341 obtinebit
1028 4293 1310 4339 naturam.
1376 4286 1466 4350 At,
1528 4285 1854 4354 respondeo,
1898 4285 2139 4343 videmus

573 4380 737 4435 etiam
773 4375 1337 4448 quandoquegnovcri
1365 4384 1420 4431 et
1480 4386 1627 4431 recto
1699 4377 1919 4446 quidem
1959 4386 2139 4448 motu;

575 4473 808 4541 idipsum
843 4480 1020 4525 autem
1066 4479 1195 4524 tunc
1225 4468 1558 4539 contingere,
1593 4469 1814 4539 quando
1851 4469 1907 4523 in
1961 4469 2140 4526 alieno

572 4566 823 4620 consistit
867 4563 1008 4617 loco.
1073 4560 1486 4630 Quamprimum
1547 4563 1732 4632 itaque
1755 4577 1821 4616 eo
1869 4563 2140 4633 pervenit,

572 4671 682 4728 quo
739 4657 990 4726 pertinet,
1048 4663 1161 4708 tum
1200 4656 1453 4722 quiescit,
1483 4669 1585 4709 nec
1617 4654 1852 4724 amplius
1892 4665 2140 4713 movetur

571 4759 831 4816 tanquam
863 4746 930 4799 ad
971 4745 1077 4799 hoc
1107 4747 1286 4814 ipsum
1324 4745 1466 4799 illius
1502 4743 1676 4815 magis
1721 4745 1794 4800 sit
1824 4756 2141 4815 comparata

567 4850 787 4893 natura.
817 4835 955 4903 Quid
984 4836 1150 4906 igitur
1171 4836 1395 4900 mirum,
1426 4834 1472 4891 si
1501 4836 1678 4906 ignem
1708 4837 1896 4901 etiam,
1922 4836 2140 4906 quando

572 4931 628 4984 in
660 4931 838 4986 alieno
869 4927 1036 4984 fuerit
1100 4929 1249 4995 loco,
1276 4935 1423 4982 recta
1459 4925 1585 4983 ferri
1608 4929 1932 4998 quandoque
1957 4926 2138 4981 videa-

565 5038 718 5088 mus,
748 5021 939 5076 eodem
995 5021 1256 5075 nimirum
1307 5028 1480 5084 metu,
1514 5018 1609 5086 qui
1662 5019 1734 5072 sit
1762 5017 2018 5073 onmibus
2051 5016 2139 5072 his

571 5114 890 5182 corporibus
915 5112 1223 5167 communis
1264 5125 1404 5182 quae,
1423 5114 1466 5166 si
1487 5111 1662 5164 alieno
1676 5108 1978 5164 consistant
2001 5109 2139 5176 loco,

553 5213 723 5259 recta
779 5204 1048 5272 feruntur,
1081 5220 1189 5273 quo
1232 5203 1426 5274 possit,
1474 5201 1724 5258 videlicet
1773 5199 1865 5254 ille
1923 5215 2141 5272 quoque

572 5311 740 5368 quam
764 5295 1024 5350 citissime
1065 5296 1131 5349 ad
1174 5310 1333 5350 suum
1391 5294 1676 5364 pervenire
1733 5293 1934 5358 locum,
1975 5277 2137 5363 quem

554 5375 676 5462 ipsi
721 5398 917 5444 natura
966 5387 1259 5443 destinavit
1312 5397 1366 5441 et
1415 5396 1704 5458 postquam
1776 5388 1828 5441 in
1885 5387 1978 5440 illo
2020 5385 2131 5458 jam

475 5533 477 5536 ι
560 5493 848 5548 -versatur,
878 5482 930 5534 in
961 5481 1148 5535 orbem
1184 5479 1410 5546 moveri,
1438 5488 1698 5548 tanquam
1732 5479 1798 5532 ad
1830 5478 1932 5532 hoc
1959 5479 2134 5547 ipsum

571 5586 919 5644 comparatus
950 5571 1160 5639 magis?
1193 5572 1303 5626 Cur
1334 5570 1518 5640 itaque
1542 5572 1794 5640 quintum
1828 5570 1960 5622 illud
2013 5584 2137 5623 cor-

561 5679 674 5732 pus
707 5665 911 5720 ellinxit
959 5664 1116 5733 cujus
1143 5664 1188 5718 si
1242 5665 1512 5733 quaepiam
1570 5662 1707 5715 forte
1763 5661 2026 5728 particula
2081 5660 2134 5714 in

571 5753 750 5808 alieno
789 5755 1056 5810 consistat
1084 5754 1224 5824 loco,
1250 5767 1410 5825 quem
1461 5761 1670 5808 motum
1706 5749 1971 5806 habebit?
1996 5766 2126 5806 num

2244 3837 2374 3891 εὐθὺ
2399 3840 2720 3910 φερομένηο
2785 3841 2920 3894 ἀλλά
2973 3841 3130 3894 τοῦτο
3186 3844 3287 3911 μὲν
3346 3845 3610 3917 ἀλλοτρίῳ
3660 3849 3802 3920 αὐτῇ

2242 3931 2393 4001 τόπῳ
2422 3931 2677 4002 γεγονυίᾳ
2731 3933 2991 3986 ἑκάστοτε
3041 3933 3355 4002 συμϐαίνει·
3406 3938 3462 3999 ὲς
3515 3937 3572 3991 δὲ
3607 3939 3695 3993 τὸν
3724 3941 3804 3994 ol-

2243 4022 2389 4074 κεῖον
2435 4023 2714 4091 ἀφιγμένη
2753 4023 2906 4093 μένει
2965 4025 3063 4094 ἤδη
3099 4063 3114 4088 ,
3170 4027 3268 4078 καὶ
3314 4027 3415 4082 οὐκ
3457 4027 3540 4082 ἔτι
3575 4029 3806 4102 φέρεται

2241 4110 2315 4174 ὡς
2347 4112 2482 4184 πρὸς
2515 4113 2672 4166 τοῦτο
2702 4117 2974 4182 πεφυκυῖα
3007 4116 3235 4186 μᾶλλον.
3266 4117 3329 4170 Τί
3360 4114 3453 4182 οῦν
3479 4121 3678 4182 κωλύει
3708 4127 3806 4178 καὶ

2243 4202 2304 4254 τὸ
2340 4202 2451 4277 πῦρ
2501 4203 2689 4275 ἐπειδὴ
2731 4205 2787 4258 ὲν
2841 4206 3110 4278 ἀλλοτρίῳ
3156 4209 3309 4279 τόπῳ
3337 4205 3682 4282 γὶγνόμενον,
3715 4216 3810 4272 ἐπ’

2243 4290 2374 4344 εὐθὺ
2407 4293 2706 4364 φερόμενον
2763 4295 3024 4354 ἑκάστοτε
3072 4299 3288 4368 ὁρᾶται,
3333 4305 3540 4372 ταύτην
3573 4303 3675 4373 μὲν
3702 4307 3804 4373 τὴν

2246 4382 2418 4451 φορὰν
2446 4383 2566 4436 τότε
2594 4384 2886 4454 κινεῖσθαι,
2919 4387 3098 4442 κοινὸν
3145 4388 3204 4441 ὃν
3231 4390 3402 4444 ἅπασι
3458 4391 3664 4456 τούτοις
3693 4396 3806 4459 τοῖς

2245 4474 2460 4544 σώμασι
2505 4475 2566 4532 τὸ
2617 4480 2673 4531 ὲν
2709 4478 2974 4553 ἀλλοτρίῳ
3002 4482 3250 4550 γεγονόσι
3285 4485 3433 4554 τόπῳ
3468 4483 3684 4542 εὐθεῖαν
3712 4487 3810 4551 φέ-

2246 4567 2459 4635 ρεσθαι,
2490 4567 2576 4622 ἴνα
2595 4569 2851 4642 ταύτῃιδὴ
2881 4571 2974 4624 καὶ
3007 4571 3081 4634 ὡς
3105 4571 3336 4640 τάχιστα
3367 4574 3457 4626 ἐπὶ
3485 4573 3574 4626 τὸν
3603 4576 3807 4630 οἰκεῖον

2242 4657 2512 4725 ἀφίκοιτο,
2548 4659 2766 4713 ἐπειδὰν
2817 4661 2875 4718 δὲ
2931 4663 2990 4716 ὲν
3033 4661 3110 4733 τῷ
3152 4662 3346 4732 οἰκείῳ
3399 4664 3610 4732 γένοιτο
3633 4665 3806 4732 τόπῳ.

2241 4747 2361 4800 τότε
2409 4748 2473 4817 δὴ
2506 4749 2603 4802 κα)⁴
2633 4750 2817 4816 κύκλῳ
2865 4751 3136 4811 κινεῖσθαι
3180 4754 3318 4823 πρὸς
3351 4753 3509 4807 τοῦτο
3558 4757 3807 4824 πεφυκὸς

2245 4838 2443 4906 μᾶλλον
2475 4856 2490 4906 ;
2521 4841 2573 4894 τί
2599 4840 2643 4893 δ’
2672 4841 2820 4916 αὐτῷ
2852 4841 2911 4894 τὸ
2942 4842 3194 4912 πέμπτον
3227 4845 3407 4898 ἐκεῖνο
3433 4846 3592 4914 σῶμα
3620 4849 3676 4899 εί
3692 4864 3812 4912 πως

2241 4930 2407 4984 αὐτοῦ
2436 4949 2489 4984 τι
2535 4933 2722 5002 μόριον
2751 4935 2809 4987 ὲν
2857 4933 3121 5012 ἀλλοτρίῳ
3149 4935 3432 5008 ὲγγίγνετο
3469 4938 3616 5007 τόταρ
3640 4955 3659 5006 ;
3708 4940 3812 4992 Πό-

2244 5039 2379 5092 τερα
2405 5023 2568 5076 αὑτοῦ
2605 5025 2765 5093 μένον
2793 5018 2979 5094 κύκλῳ
3015 5025 3299 5102 ἐστρέφετ’
3332 5025 3440 5093 ἀνς
3487 5028 3519 5099 ἢ
3548 5028 3639 5082 ἐπ’
3678 5029 3810 5094 εὐθὺ

2245 5113 2460 5183 ἐνεχθὲν
2501 5114 2593 5167 ἐπὶ
2646 5113 2737 5167 τὸν
2773 5114 2981 5174 ὀἰκεῖον
3019 5115 3234 5190 ἀφίκετ’
3274 5116 3342 5170 ἂν
3394 5117 3599 5186 τόπον;
3650 5121 3812 5178 Ἀλλά

2241 5205 2350 5256 τῶν
2400 5205 2697 5272 τεττάρων,
2758 5206 2912 5276 φησὶ,
2982 5206 3186 5266 τούτων
3246 5210 3516 5278 σωμάτων
3547 5213 3812 5273 ἁπάντων

2241 5298 2383 5349 κατά
2431 5296 2571 5386 μέρη
2620 5297 3020 5366 φθειρομένων,
3069 5298 3164 5351 καὶ
3208 5299 3318 5353 οὐδ’
3367 5302 3589 5358 ὁτουοῦν
3631 5306 3814 5361 αὐτῶν

2243 5387 2418 5460 πάντη
2450 5385 2728 5458 ἀφθάρτου
2771 5387 2944 5454 ὄντος,
2983 5389 3195 5458 ἀνάγκη
3236 5385 3377 5444 εἷναί
3409 5410 3467 5446 τε
3500 5395 3590 5452 καὶ
3627 5396 3808 5468 πάντη

2241 5477 2517 5547 ἄφθαρτον
2546 5478 2725 5549 σῶμα,
2758 5480 2853 5533 καὶ
2885 5479 3031 5534 τοῦτ’
3063 5478 3203 5535 εῖναι
3241 5482 3333 5536 τὸν
3361 5485 3612 5554 οὐρανόν.
3650 5485 3810 5544 Τοῦτ’

2242 5571 2340 5621 οὑκ
2363 5569 2442 5622 ἔτι
2473 5570 2836 5638 Ἀριστοτέλει
2867 5572 2916 5623 οἱ
2948 5573 3075 5642 περὶ
3107 5573 3369 5628 Πλάτωνα
3405 5578 3807 5650 συγχωροῦσιν.

2242 5659 2305 5711 Et
2344 5659 2450 5730 γάρ
2475 5661 2537 5729 δὴ
2572 5658 2631 5712 οὗ
2661 5677 2824 5729 φασιν
2847 5656 2993 5737 οὗτοι
3025 5662 3302 5716 καθἀὁτὸ
3332 5665 3487 5718 οὐδὲν
3523 5667 3810 5738 ἄφθαρτον

2244 5751 2425 5821 σῶμα,
2453 5753 2571 5814 πῶς
2605 5751 2713 5821 γὰρ
2735 5751 2800 5808 ἂν
2850 5749 2960 5807 οἷόν
2990 5754 3038 5807 τ’
3064 5770 3202 5808 ειναι
3230 5755 3494 5825 φήσουσιν
3524 5757 3801 5824 ἄφθαρτον
