4186 6290
419 351 527 414 909
1098 352 1197 413 DE
1238 355 1668 418 PLATONICA
1704 361 1801 419 ET
1850 363 2402 425 ARISTOTELICA
2446 364 2987 428 PHILOSOPHle
3556 374 3665 432 910

418 462 547 517 καθ’
597 462 731 514 αὐτὸ
784 454 924 514 εἶναι
970 463 1029 515 τὸ
1070 467 1322 533 μεριστόν
1367 484 1425 519 τε
1480 471 1573 521 καὶ
1621 474 1960 526 σκεδαστικδι

2101 476 2296 533 ibidem
2320 480 2483 533 etiam
2515 482 2570 535 in
2626 481 2813 536 orbem
2867 481 3145 536 'vertetur?
3205 492 3275 535 In
3334 497 3460 536 vero
3514 496 3660 541 recta

415 556 509 607 καὶ
542 553 643 606 ὅσα
688 554 753 621 τῇ
801 552 996 606 ἑαυτοῦ
1044 555 1208 622 φύσει
1237 555 1482 611 διαλυτόν
1508 576 1525 627 ;
1563 561 1631 613 τὰ
1661 562 1707 614 δ’
1736 564 1960 634 deﬂetam

2094 568 2395 625 ascendens
2426 573 2492 625 ad
2546 573 2823 640 propritim
2855 571 3035 625 tendet
3088 570 3320 625 locum?
3374 571 3481 626 8rd
3531 575 3657 639 ista,

420 644 705 706 κάκείνοις
760 644 1019 701 δοκοῦντα
1075 649 1183 703 τῶν
1237 652 1508 720 σωμάτων
1560 655 1620 708 οὺ
1682 656 1808 710 καθ’
1846 660 1960 712 αὐτε

2093 659 2290 731 inquit,
2325 663 2507 717 omnia
2550 672 2783 732 quatuor
2802 678 3029 732 corpora
3063 674 3186 716 cum
3232 663 3663 718 sintsecundum

412 731 670 803 ἄφθαρτα
698 729 839 788 εἶναι
867 736 1137 804 δοκοῦσιν,
1167 740 1304 795 ἀλλά
1336 741 1423 794 διὰ
1467 743 1644 813 ψυχῆς
1684 750 1960 818 παρουσίαι

2088 729 2270 820 partes
2311 729 2657 807 dissolutioni
2685 729 2943 819 obnoxia,
2994 768 3169 822 neque
3199 755 3369 808 ullum
3416 768 3479 808 ex
3526 753 3661 822 ipsis

411 820 504 871 ὑπ’
536 823 707 891 αὐτῆς
765 827 983 895 ἐκείνης
1052 829 1582 895 ἀπαθανατίζεσθαι.
1622 837 1732 891 Καὶ
1782 840 1829 891 οἱ
1887 842 1960 907 με

2087 845 2310 899 omnino
2364 859 2393 900 a
2440 847 2790 916 corruptione
2845 848 2917 902 sit
2964 848 3228 910 immune,
3278 859 3501 901 necesse
3555 848 3663 900 erit

412 912 542 981 περὶ
591 913 854 967 Πλάτωνα
901 915 1064 969 οὕτω·
1099 917 1207 972 ἔδει
1246 920 1304 973 δέ
1353 939 1455 975 που
1491 926 1585 977 καὶ
1613 925 1957 995 Ἀριστοτέλη

2092 934 2363 1002 quoddam
2395 936 2559 990 etiam
2596 912 2862 991 exsistere
2894 950 3113 1001 corpus,
3153 936 3294 1006 quod
3327 938 3399 991 sit
3431 950 3661 1004 corrup-

411 1001 508 1054 ἆτε
544 1005 637 1056 καὶ
685 1005 848 1059 αὐτὸν
881 1007 1099 1078 ἔμψυχα
1133 1011 1362 1066 τοιαῦτα
1398 1014 1507 1067 τῶν
1537 1018 1804 1085 σωμάτων
1835 1019 1950 1072 τιθέ

2092 1001 2255 1081 tionis
2293 1040 2521 1096 Prorsus
2572 1042 2789 1096 expers,
2843 1028 3007 1099 idque
3060 1029 3240 1099 ipsum
3290 1028 3396 1083 erit
3437 1028 3658 1083 caelum.

304 1134 305 1137 η
412 1109 591 1162 μενον,
623 1097 687 1166 τῇ
719 1095 867 1166 ψυχῇ
896 1098 1056 1151 τοῦτο
1102 1103 1393 1172 πρεσϐεῖον
1429 1106 1746 1177 ἀπονεῖμαι,
1780 1111 1873 1163 καὶ
1907 1113 1960 1180 μί

2091 1113 2206 1169 Hoc
2245 1095 2372 1170 vero
2402 1095 2687 1177 ,Platonici
2732 1118 2843 1187 jam
2906 1095 3016 1172 non
3068 1095 3302 1187 amplius
3353 1118 3662 1171 concedunt

412 1186 573 1255 σῶμά
609 1202 662 1239 τι
708 1189 831 1242 καθ’
863 1191 995 1244 αὐτὸ
1025 1193 1304 1264 ἄφθαρτον
1338 1203 1695 1254 καινοποιεῖν.

2090 1205 2393 1261 Aristoteli.
2439 1206 2647 1279 Negant
2710 1186 2854 1264 enim
2918 1225 3014 1280 per
3065 1186 3173 1274 se,7
3208 1224 3418 1277 suaque
3474 1208 3524 1260 vi
3600 1220 3665 1259 ac

409 1295 604 1340 natura
640 1287 948 1342 immortale
988 1304 1110 1344 esse
1156 1292 1322 1346 ullum
1349 1308 1573 1364 cOrpus,
1621 1310 1815 1365 nempe
1839 1310 1984 1367 quod
2023 1300 2240 1355 videant
2298 1318 2407 1358 non
2478 1318 2639 1373 posse
2693 1304 2889 1358 fieriut
2931 1305 2983 1359 id
3014 1306 3083 1361 sit
3130 1306 3460 1369 immortale.
3513 1300 3661 1373 (ιυοά

408 1384 495 1430 est
522 1378 828 1441 dividuum,
885 1381 1163 1449 certisQue
1214 1393 1435 1439 constat
1483 1387 1727 1456 partibus
1779 1403 1987 1459 suaque
2028 1402 2228 1447 natura
2267 1402 2441 1462 potest
2469 1396 2715 1462 dissolvi,
2742 1399 2899 1467 quale
2920 1406 3002 1450 est
3041 1410 3238 1465 corpus
3297 1409 3476 1450 omne.
3531 1394 3663 1462 Quae

407 1480 541 1519 vero
590 1482 820 1539 corpora
854 1475 956 1544 ipsi
986 1478 1323 1535 arbitrantur
1368 1499 1488 1537 esse
1513 1485 1863 1551 immortalia,
1895 1486 1986 1540 illa
2028 1502 2134 1541 non
2160 1502 2223 1542 ex
2258 1504 2356 1543 sua
2387 1498 2579 1543 natura
2622 1505 2743 1546 esse
2793 1492 2919 1545 talia
2944 1491 3205 1554 sentiunt,
3285 1492 3377 1545 sed
3439 1498 3665 1559 propter

404 1561 602 1642 anitna:
637 1570 974 1633 praesentiam
1028 1574 1179 1628 reddi
1226 1577 1558 1632 immortalia
1610 1583 1965 1638 contendunt.
2007 1582 2279 1651 Atqueilli
2317 1583 2535 1652 quidem
2570 1584 2662 1654 qui
2722 1595 2870 1640 stant
2934 1603 2963 1640 a
3017 1588 3264 1655 partibus
3295 1584 3563 1647 Platonis,
3605 1583 3660 1636 in

406 1670 471 1708 ea
514 1667 643 1711 sunt
690 1666 981 1717 sententia.
1043 1662 1265 1722 Rectius
1310 1680 1491 1723 autem
1583 1672 1803 1731 fecisset
1848 1675 2010 1728 etiam
2091 1677 2431 1743 Aristoteles,
2487 1678 2576 1746 qui
2642 1678 2757 1747 ipse
2829 1692 3044 1747 quoque
3115 1678 3382 1748 ejusmodi
3430 1690 3659 1744 corpora

405 1750 698 1804 constituit
723 1768 846 1807 esse
873 1755 1135 1825 animata,
1169 1760 1212 1812 si
1276 1763 1470 1817 animae
1532 1765 1672 1819 hanc
1718 1766 2093 1832 praestantiam
2120 1769 2469 1839 assignasset,
2502 1777 2555 1823 et
2583 1784 2689 1824 non
2742 1771 2982 1839 corpori,
3043 1785 3143 1825 nec
3206 1772 3382 1839 ipsum
3442 1783 3537 1837 per
3602 1782 3660 1823 se

407 1854 619 1912 suaque
646 1845 698 1899 vi
735 1844 1044 1903 immortale
1076 1864 1217 1905 novo
1258 1858 1490 1917 quodam
1520 1858 1677 1909 modo
1700 1855 1967 1912 finxisset.

998 1940 1246 1995 ΚΕΦΑΛ.
1280 1942 1384 1996 1Ε’.

2206 1958 2235 1991 ο
2706 1946 2858 2001 CAP.
2906 1944 3022 2001 XV.

475 2021 686 2089 Γελοῖος
724 2026 769 2081 δ’
801 2030 917 2081 ἐστὶ
953 2032 1046 2083 καὶ
1076 2032 1188 2095 ζῶα
1238 2035 1336 2102 μὲν
1380 2035 1657 2105 τιθέμενος
1684 2039 1751 2091 τὰ
1782 2038 1957 2106 ἄστρα

2158 2040 2347 2093 Risum
2404 2055 2621 2109 quoque
2692 2040 2850 2094 nobis
2904 2040 3034 2094 facit
3109 2040 3449 2102 Aristoteles,
3511 2041 3656 2107 quod

405 2118 540 2187 φησι
585 2120 694 2190 γάρ
722 2135 824 2172 που
859 2121 1053 2188 λέγων,
1099 2125 1291 2194 Ἡμεῖς
1331 2126 1377 2179 δ’
1409 2126 1484 2190 ὡς
1531 2129 1657 2199 περῖ
1686 2127 1843 2191 ζώων
1870 2131 1976 2184 αὐ-

403 2208 513 2262 τῶν
538 2209 916 2281 διανοούμεθα*
935 2212 1126 2267 ἔπειτα
1146 2216 1378 2285 ἀκίνητα
1405 2218 1504 2285 μὲν
1528 2219 1666 2271 αὐτὰ
1693 2220 1813 2275 καθ’
1839 2223 1979 2275 αὐτὰ

403 2299 574 2365 ἀξιῶν
604 2300 770 2370 εἶναι,
805 2304 909 2358 ὑπὸ
957 2303 1015 2357 δὲ
1058 2309 1306 2379 σφαιρῶν
1347 2312 1511 2379 μόνον
1564 2311 1974 2382 ἀνελιττόμενα.

400 2396 548 2463 Τίνα
602 2395 668 2466 δὴ
722 2398 816 2449 καὶ
865 2398 1040 2469 ψυχὴν
1082 2401 1220 2453 αὐτὰ
1247 2401 1391 2470 ἔχειν
1423 2400 1665 2468 ἀξιώσει,
1706 2405 1754 2457 εί
1783 2405 1878 2457 τόν
1911 2421 1975 2472 γε

306 2472 309 2475 Δ
403 2488 617 2541 ἅπαντα
639 2482 835 2557 χρόνον
850 2490 1075 2559 ἀκίνητοι
1097 2491 1245 2559 μένει
1267 2509 1283 2559 ;
1309 2492 1367 2544 οὐ
1395 2494 1499 2562 γὰρ
1522 2492 1585 2563 δὴ
1614 2495 1711 2563 τὴν
1733 2495 1974 2564 ὄστρεά,-

395 2577 486 2647 ὄη.
1294 2588 1299 2593 ”

2084 2141 2227 2185 astra
2256 2129 2476 2200 quidem
2527 2131 2777 2185 concedit
2804 2145 2926 2185 esse
2983 2132 3239 2195 animata,
3268 2128 3321 2183 id
3370 2128 3514 2199 quod
3553 2130 3655 2183 ali-

2082 2223 2205 2277 cubi
2236 2223 2495 2286 afﬁrmat,
2518 2222 2706 2277 dicens
2737 2236 2796 2277 se
2819 2220 3007 2277 eodem
3040 2221 3161 2276 loco
3209 2230 3375 2286 astra,
3408 2236 3517 2290 quo
3541 2225 3659 2274 ani-

2085 2315 2244 2367 malia
2273 2316 2512 2369 habere:
2551 2315 2736 2368 eadem
2772 2328 2899 2368 vero
2926 2325 3113 2383 poswa
3174 2328 3266 2382 per
3299 2327 3358 2367 se
3380 2327 3502 2367 esse
3557 2312 3659 2369 im-

2084 2407 2304 2460 mobilia
2376 2407 2675 2471 existimat,
2736 2414 2789 2459 et
2852 2407 3014 2460 motis
3087 2406 3349 2460 duntaxat
3402 2404 3653 2469 orbibus,

2084 2498 2282 2566 quibus
2335 2508 2464 2551 sunt
2522 2497 2707 2563 infixit,
2742 2497 2974 2551 moveri.
3016 2497 3134 2563 Quo
3205 2498 3402 2566 posito,
3446 2509 3653 2564 quaeso,

2082 2590 2425 2659 qualemnam
2482 2591 2719 2645 animam
2772 2592 2953 2647 inesse
3005 2593 3137 2661 ipsis
3196 2590 3554 2654 exiStimabit,
3608 2590 3655 2644 si

398 2674 656 2727 nimirum
688 2688 835 2728 omni
875 2683 1116 2745 tempore
1166 2691 1420 2734 maneant
1446 2681 1746 2735 immobilia
1775 2682 1797 2735 ?
1829 2697 1955 2736 num
1998 2698 2115 2738 eam
2146 2685 2415 2750 fortassis,
2447 2687 2664 2752 qualem
2700 2690 2898 2742 ostreis
2970 2698 3023 2741 ct
3074 2687 3301 2741 conchis
3359 2684 3658 2741 attribuere

397 2769 641 2824 solemus

956 2866 1229 2923 .KEIDAA.
1266 2866 1385 2932 ις’.

467 2950 589 3014 HG);
619 2952 677 3005 δὲ
711 2955 808 3008 καὶ
855 2956 884 3007 ὁ
906 2955 1056 3025 ἥλιος
1092 2958 1239 3026 αὐτῷ
1267 2961 1329 3009 οὐ
1358 2958 1455 3025 τῆς
1485 2959 1700 3027 φύσεως
1730 2962 1795 3029 τῇ
1836 2959 1967 3029 θερ-

398 3044 589 3112 μότητι
627 3043 965 3113 θερμαίνει,
1018 3049 1155 3107 ἀλλὰ
1204 3050 1273 3117 τῇ
1329 3053 1562 3118 κινήσει,
1611 3051 1709 3119 τῆς
1738 3050 1971 3120 σελήνης

393 3135 457 3186 οὐ
506 3138 899 3207 παραπλησίως
952 3141 1019 3209 τῇ
1078 3155 1142 3205 γε
1201 3140 1414 3208 κινήσει
1445 3140 1870 3210 θερμαινούσης·
1913 3146 1960 3194 εὶ

394 3226 503 3295 γὰρ
529 3229 622 3279 καὶ
651 3226 831 3297 πολλῷ
859 3232 925 3300 τῇ
973 3229 1124 3301 ἡλίου
1180 3232 1212 3299 ἡ
1266 3233 1496 3302 σελήνης
1526 3233 1743 3302 κίνησις
1772 3232 1970 3303 βραδυ-

2685 2868 2841 2923 CAP.
2888 2867 3005 2923 XVI
3399 2920 3413 2931 .

2151 2960 2423 3014 Jamvero
2454 2960 2618 3014 etiam
2678 2962 2846 3015 solem
2899 2976 3008 3014 non
3079 2972 3285 3017 natura:
3335 2962 3654 3025 calliditate,

2080 3054 2172 3108 sed
2202 3059 2348 3106 motu
2405 3053 2645 3108 calorem
2681 3055 2839 3107 terris
2886 3054 3164 3121 impertire
3186 3056 3443 3120 affirmat,
3469 3056 3655 3109 lunam

2081 3159 2208 3197 vero
2244 3155 2403 3213 negat
2453 3145 2707 3199 similiter
2748 3152 2896 3197 motu
2957 3147 3276 3204 calefacere.
3307 3148 3480 3215 Quam
3525 3165 3653 3201 vero

2080 3235 2185 3288 hoc
2216 3235 2511 3288 absurdum
2542 3234 2672 3288 est?
2725 3236 2949 3289 Etiamsi
2984 3238 3129 3290 enim
3186 3239 3329 3292 luna:
3357 3252 3538 3294 motus
3580 3242 3654 3293 sit

393 3322 553 3390 τέρα,
584 3321 719 3375 ἀλλὰ
753 3324 848 3375 καὶ
881 3324 1154 3391 ὲγγυτέρα
1206 3322 1275 3375 ἂν
1323 3326 1390 3392 τῇ
1438 3323 1592 3393 ἡμῶν
1626 3323 1828 3394 πολλῷ.
1863 3326 1960 3378 [Ιέ-

2081 3324 2289 3378 tardior
2322 3334 2471 3379 motu
2510 3326 2665 3391 Solis,
2702 3328 2819 3395 ipsa
2877 3338 3054 3383 tamen
3089 3330 3240 3385 sidus
3292 3340 3373 3384 est
3424 3331 3653 3391 novissi-

395 3429 535 3479 φυκε
562 3414 620 3466 δὲ
668 3414 747 3488 τὰ,
787 3414 1016 3484 δὺναμίν
1046 3432 1168 3467 τινα
1203 3414 1396 3485 ἔχοντα
1452 3416 1550 3468 τοῦ
1608 3415 1787 3469 ὁτιοῦν
1834 3418 1966 3489 δρᾷν

392 3506 504 3559 τῶν
540 3506 809 3575 σωμάτων
834 3546 849 3569 ,
904 3507 1137 3575 ἐγγύθεν
1184 3508 1385 3573 μᾶλλον
1426 3508 1559 3561 αὐτὸ
1608 3509 1763 3580 δρᾷν.
1804 3511 1966 3564 Ὥστε

395 3594 489 3648 καὶ
518 3595 720 3664 ταύτην
753 3596 854 3664 τῆς
878 3599 1150 3665 κινήσεως
1177 3595 1510 3666 βραδύτητα,
1543 3598 1621 3667 τῷ
1658 3599 1833 3667 μείονι
1869 3600 1963 3651 τοῦ

392 3686 783 3755 ἀποστήματος
839 3687 1362 3758 ἁνταναπληροῦσαν
1386 3727 1402 3752 ,
1448 3689 1851 3759 παραπλησίως
1888 3689 1967 3759 τῷ

393 3776 530 3847 ἡλίῳ
581 3777 918 3848 θερμαίνειν,
948 3782 996 3831 εί
1038 3778 1103 3850 δὴ
1138 3780 1171 3848 ἡ
1223 3779 1436 3850 κίνησις
1486 3776 1576 3850 ἦν,
1620 3782 1717 3832 καὶ
1768 3781 1828 3833 οὑ
1868 3780 1970 3849 τῆς

394 3869 610 3937 φύσεως
657 3870 692 3939 ἡ
725 3869 997 3939 θερμότης
1039 3871 1075 3940 ή
1131 3869 1519 3939 θερμαίνουσα.
1569 3870 1710 3924 Ἀλλ’
1746 3871 1821 3934 ὡς
1869 3872 1966 3940 μὲν

393 3959 519 4027 εικῆ
547 3959 695 4028 αὐτῷ
728 3960 788 4013 τὸ
819 3962 1068 4030 πέμπτον
1100 3962 1259 4014 τοῦτο
1299 3963 1457 4032 σῶμα
1486 3964 1961 4033 κεκαινολὸγηται,

391 4046 677 4103 δέδεικται.

982 4310 1232 4365 ΚΕΦΑΛ.
1276 4311 1375 4367 IZ'.

461 4405 577 4459 Οὐκ
597 4403 837 4473 ἀφεκτέα
867 4402 924 4457 δὲ
948 4403 1070 4455 οὐδὲ
1111 4408 1170 4457 ὲν
1197 4407 1262 4473 τῇ
1286 4407 1493 4475 φυσικῇ
1525 4405 1673 4477 αὐτῷ
1699 4406 1961 4475 ἀκροάσει

390 4494 627 4565 μάλιστα
676 4496 742 4565 δὴ
797 4494 858 4547 οὐ
915 4493 1097 4556 καλῶς
1125 4495 1334 4547 ἐκείνου
1378 4497 1692 4565 εἰρημένου.
1722 4499 1963 4552 ’Δτοπον

382 4586 493 4653 γάρ
521 4598 653 4653 φησι
680 4584 740 4638 τὸ
765 4583 1079 4654 μὴοῐεσθαι
1107 4583 1270 4637 ἕνεκά
1297 4584 1391 4637 τού
1411 4602 1464 4639 τι
1490 4586 1760 4656 γίνεσθαι,
1784 4590 1851 4643 ἂν
1883 4592 1961 4661 μὴ

2075 3424 2245 3479 mum,
2285 3417 2557 3485 terrisque
2609 3418 3121 3474 familiarissimum.
3173 3420 3360 3476 Solent
3403 3438 3534 3477 vero
3583 3439 3647 3478 ea

2070 3521 2320 3575 corpora.
2344 3523 2467 3575 quae
2497 3509 2749 3562 virtutem
2776 3509 2977 3564 habent
3004 3512 3243 3580 aliquam
3265 3514 3332 3567 ad
3355 3515 3649 3583 agendum,

2070 3599 2318 3666 proxime
2374 3600 2543 3667 magis
2599 3600 2747 3653 illam
2780 3615 3052 3666 exserere,
3107 3615 3163 3658 ut
3216 3604 3291 3659 ita
3347 3610 3650 3677 oportuerit

2068 3691 2231 3743 etiam
2289 3689 2447 3743 istam
2518 3701 2697 3745 motus
2767 3690 3074 3747 tarditatem
3126 3696 3324 3750 minori
3387 3699 3644 3756 distantia

2069 3784 2436 3850 compensari,
2477 3783 2783 3852 lunamque
2815 3785 3065 3840 similiter
3097 3797 3261 3858 atque
3295 3789 3461 3845 solem
3507 3796 3648 3848 cale-

2070 3869 2270 3935 facere,
2298 3872 2342 3925 si
2375 3873 2634 3927 nimirum
2672 3890 2759 3928 res
2796 3875 2871 3929 ita
2903 3875 3147 3943 haberet,
3170 3888 3226 3933 ut
3255 3892 3437 3937 motus
3462 3885 3643 3951 p0tius

2067 3978 2231 4030 quam
2290 3963 2559 4019 calliditas
2620 3978 2894 4022 astrorum
2944 3971 3177 4027 calorem
3228 3973 3482 4031 clIiccret.
3540 3978 3647 4032 Sed

2063 4054 2175 4123 jam
2239 4054 2700 4123 demonstratum,
2758 4062 2901 4129 quod
2959 4070 3163 4119 temere
3210 4074 3265 4119 et
3338 4066 3645 4124 inconsulto

2066 4157 2263 4215 praeter
2290 4147 2522 4202 aliorum
2551 4149 2888 4219 Opinionem,
2929 4153 3176 4222 quintam
3212 4168 3464 4215 naturam
3505 4162 3644 4217 coelo

2068 4240 2402 4294 attribuerit.

2665 4337 2822 4392 CAP.
2854 4336 3019 4393 XV“.

2134 4421 2322 4493 Neque
2352 4425 2480 4479 illud
2506 4426 2723 4480 silentio
2753 4429 3031 4495 praeterire
3064 4445 3301 4499 possum,
3334 4440 3476 4503 quod
3501 4439 3639 4493 idem

2071 4515 2394 4569 Aristoteles
2420 4516 2474 4570 in
2505 4518 2738 4571 naturali
2779 4522 3178 4576 auscultatione
3236 4526 3461 4579 omnino
3502 4530 3644 4584 male

2066 4603 2245 4667 decet,
2270 4605 2359 4659 ubi
2402 4606 2698 4660 absurdum
2744 4617 2847 4671 est,
2894 4608 3092 4677 inquit,
3146 4624 3255 4663 non
3324 4613 3642 4668 existimare

382 4676 532 4728 ἴδωσι
567 4675 629 4727 τὸ
656 4674 845 4728 ποιοῦν
875 4674 1331 4743 βουλευσάμενον.
1373 4676 1570 4731 Καίτοι
1604 4680 1698 4731 καὶ
1732 4682 1763 4749 ἠ
1791 4681 1955 4749 τέχνη

2069 4695 2205 4759 quod
2237 4693 2313 4756 lit,
2349 4693 2464 4747 fieri
2490 4704 2711 4764 propter
2750 4674 2986 4764 aliquid,
3010 4698 3113 4752 nisi
3166 4698 3357 4753 videas
3390 4702 3440 4753 id
3492 4703 3639 4770 quod

377 4769 439 4819 οὐ
462 4767 796 4837 βουλεύεται,
817 4766 1001 4837 φησίν.
1023 4768 1086 4822 El
1111 4768 1219 4836 γὰρ
1251 4766 1321 4839 ἦν
1343 4770 1401 4823 ὲν
1432 4769 1511 4838 τῷ
1533 4769 1674 4839 ξύλῳ
1705 4773 1736 4841 ή
1773 4773 1955 4841 τέχνη,

374 4858 477 4911 οὐκ
523 4856 590 4910 ἂν
614 4858 953 4925 ἐϐουλεύετο,
984 4852 1079 4912 κάι
1111 4859 1230 4922 πῶς
1261 4859 1328 4912 ἂν
1356 4862 1521 4930 τέχνη
1551 4860 1632 4913 ἔτι
1656 4861 1871 4931 ἔμεινεν
1891 4865 1949 4915 οὐ

377 4946 487 4999 τῶν
543 4947 720 5016 ἔργων
773 4949 1291 5021 προϐουλευομένη;
1336 4951 1368 5022 ἦ
1420 4950 1473 5004 τί
1504 4950 1633 5006 ἄλλο
1662 4953 1721 5005 τὸ
1756 4953 1955 5024 τέχνην

382 5037 621 5106 μάλιστα
646 5040 931 5103 συνιστῶν,
961 5041 995 5110 ἣ
1030 5042 1089 5094 τὸ
1120 5042 1504 5112 βουλεύεσθαι;
1542 5043 1570 5096 ὃ
1608 5045 1675 5115 ἦν
1706 5062 1790 5108 τις
1820 5047 1954 5114 ἀφέ-

380 5126 529 5179 λοιτο
547 5127 739 5195 αὐτῆς,
764 5127 875 5180 οὐδ’
903 5128 968 5183 ἂν
990 5130 1154 5200 τέχνη
1177 5132 1259 5184 ἔτι
1287 5133 1509 5199 μείνειεο
1539 5134 1655 5198 πῶς
1681 5134 1727 5188 δ’
1764 5136 1828 5189 ἂν
1860 5136 1951 5213 καὶ

380 5215 474 5269 ὲπί
503 5232 558 5269 τι
585 5217 734 5281 τέλος
751 5219 929 5271 ὁτιοῦν
961 5221 1207 5291 ἐνεχθείη
1240 5224 1314 5292 μή
1336 5240 1481 5289 τινος
1509 5226 1601 5279 νοῦ
1630 5226 1795 5279 αὑτοῦ
1821 5245 1952 5298 προ-

381 5307 796 5376 ϐουλευομένου,
825 5312 921 5363 καὶ
946 5311 1007 5363 τὸ
1030 5312 1182 5375 τέλος
1211 5316 1383 5368 έκεῖνο
1406 5319 1462 5370 ἐν
1495 5319 1669 5388 ἑαυτῷ
1694 5320 1758 5391 δὴ
1790 5320 1953 5389 μάλι-

380 5414 485 5452 στα
516 5398 939 5469 προειληφότος;
971 5401 1033 5453 Εἰ
1060 5403 1167 5474 γὰρ
1202 5405 1296 5456 καὶ
1325 5407 1357 5474 ἡ
1383 5408 1544 5476 τέχνη
1577 5411 1827 5477 μιμεῖται
1861 5412 1952 5463 καὶ

377 5490 501 5542 κατ’
548 5491 711 5543 αὐτὸν
769 5493 1112 5564 Ἀριστοτέλη
1168 5496 1265 5563 τὴν
1312 5498 1495 5563 φύσιν,
1535 5501 1595 5551 οὐ
1643 5501 1742 5571 τὴν
1788 5503 1951 5570 φύσιν

373 5581 481 5634 ἔδει
507 5584 603 5652 τῆς
630 5583 827 5653 τέχνης
851 5584 1282 5653 ὑπολείπεσθαι,
1341 5590 1477 5642 ἀλλὰ
1510 5593 1570 5643 τὸ
1603 5591 1842 5660 μάλιστα
1887 5596 1949 5666 δὴ

370 5670 529 5723 τοῦτο
556 5672 654 5741 τὴν
687 5675 881 5746 τέχνην
909 5676 1194 5743 συνιστῶν,
1221 5678 1401 5750 πολλῷ
1428 5682 1691 5754 πρότερον
1718 5687 1815 5754 τὴν
1847 5688 1944 5756 (ρύ-

370 5777 452 5835 σιν
478 5762 617 5830 ἔχειν
655 5768 749 5820 καὶ
783 5770 1221 5839 μεγαλειὸτερον.
1254 5773 1314 5827 El
1342 5772 1396 5825 δέ
1424 5791 1478 5826 τι
1535 5778 1628 5831 καὶ
1660 5779 1717 5832 ἐν
1746 5780 1813 5850 τῇ
1853 5781 1941 5833 τέ-

2062 4793 2244 4835 movet
2271 4783 2591 4837 ellicientem
2636 4799 2880 4849 causam,
2908 4788 3143 4853 cmpisse
3196 4788 3509 4847 consilium.
3546 4791 3641 4855 Est

2058 4875 2228 4939 enim,
2255 4874 2354 4935 ait,
2405 4875 2780 4944 perspicuum,
2818 4876 2964 4947 quod
3001 4893 3092 4933 ars
3144 4894 3363 4948 quoque
3415 4896 3639 4945 movens

2058 4979 2121 5017 ea
2144 4980 2267 5033 quae
2295 4965 2432 5019 fiunt
2463 4980 2528 5021 ex
2562 4967 2701 5037 ipsa,
2744 4983 2853 5022 non
2883 4971 3057 5034 capiat
3088 4972 3402 5024 consilium.
3423 4972 3636 5027 Etenim

2057 5056 2102 5111 si
2154 5070 2296 5112 esset
2355 5059 2413 5111 in
2462 5059 2609 5127 ligno
2662 5075 2775 5125 ars,
2818 5063 3050 5131 exempli
3106 5063 3274 5132 gratia
3330 5063 3635 5121 fabricandi

2062 5164 2246 5215 naves,
2272 5152 2544 5219 quomodo
2585 5162 2667 5207 est
2718 5154 2769 5206 in
2813 5153 2879 5207 iis
2932 5170 3050 5222 qua:
3082 5166 3273 5210 natura
3338 5157 3495 5222 fiunt,
3547 5176 3637 5213 ars

2061 5239 2262 5294 faceret
2284 5240 2534 5295 similiter
2551 5250 2715 5310 atque
2733 5255 2946 5308 natura,
2974 5261 3069 5300 nec
3092 5260 3304 5314 raperet
3326 5250 3635 5305 consilium.

2060 5329 2140 5384 Ad
2167 5346 2286 5398 quae
2321 5346 2418 5384 nos
2458 5332 2694 5387 breviter
2756 5337 3170 5403 respondemus,
3225 5338 3631 5410 interrogando.

2060 5436 2296 5489 quanam
2332 5423 2543 5477 ratione
2589 5440 2678 5479 ars
2731 5429 2959 5495 posthac
3016 5432 3271 5499 appellari
3314 5436 3507 5500 possit,
3550 5448 3632 5496 ea,

2058 5527 2308 5579 quaenon
2341 5515 2580 5569 consulit
2616 5531 2714 5571 nec
2766 5519 3034 5574 deliberat
3088 5522 3155 5575 de
3196 5524 3499 5589 operibus?
3549 5525 3629 5576 An

2058 5602 2255 5671 aliquid
2292 5604 2436 5659 aliud
2484 5616 2654 5659 artem
2690 5610 2863 5677 Inagis
2886 5610 3188 5682 constituit,
3237 5627 3401 5679 quam
3430 5629 3626 5681 capere

2056 5695 2346 5750 consilium
2378 5699 2399 5751 ?
2449 5698 2606 5763 Quod
2640 5715 2772 5754 sane
2806 5702 2852 5755 si
2897 5703 3020 5770 quis
3050 5703 3118 5756 ab
3173 5714 3289 5757 arte
3325 5707 3625 5775 exceperit,

2052 5786 2200 5843 nullo
2231 5787 2394 5845 modo
2421 5789 2554 5846 artis
2575 5791 2992 5861 appellationem
3022 5794 3295 5853 retinebit.
3332 5796 3621 5865 Quomodo
