4186 6290
539 348 655 416 Sil

1771 335 2099 401 GEORGII
2140 332 2575 395 PLETHONIS

3703 328 3811 392 91?.

556 470 739 520 autem
779 462 942 517 etiam
1010 458 1075 514 ad
1128 457 1364 529 aliquem
1420 455 1582 511 tlnem
1648 452 1857 515 tendet,
1902 462 2138 519 eumque

2252 462 2344 519 πίνῃ
2393 448 2649 516 φαίνηται
2678 443 2761 497 ’οὖ
2801 441 3191 513 βουλευόμενον
3250 438 3359 496 οἷον
3398 442 3655 513 ὖργανον,
3683 443 3718 512 ἡ
3745 459 3831 507 τις

557 560 902 621 assequetur,
939 550 1020 603 vel
1047 564 1158 612 ars,
1189 548 1273 603 vel
1296 555 1494 602 natura
1526 545 1573 601 si
1606 544 1755 598 nulla
1783 542 1927 597 adsit
1956 555 2131 604 mens,

556 660 677 715 qua:
706 646 858 714 prius
879 642 1059 711 capiat
1086 640 1404 704 consilium,
1435 646 1487 693 et
1511 638 1671 692 linem
1704 635 1855 689 illum
1876 634 1928 687 in
1955 632 2135 699 seipse

557 735 910 804 conceperit?
957 733 1221 789 Praeterea
1246 731 1292 785 si
1340 745 1454 793 ars,
1488 736 1627 784 teste
1654 725 1971 785 Aristotele,
2010 720 2137 774 imi-

558 836 706 882 tatur
754 834 1031 890 naturam,
1084 823 1331 891 profecto
1366 823 1540 890 ipsam
1601 834 1710 873 non
1761 814 2035 885 oportebit
2068 812 2136 865 ab

556 927 675 971 arte
703 915 974 987 superari,
1006 916 1099 970 sed
1128 915 1179 969 id
1208 913 1353 983 quod
1383 913 1613 965 maxime
1636 918 1806 963 artem
1828 905 2133 968 constituit,

556 1016 767 1062 natura:
794 1006 963 1061 multo
991 1006 1142 1075 prius
1194 1012 1250 1059 et
1270 1000 1627 1058 excellentius
1682 998 1867 1051 inesse
1894 1000 2133 1064 oportet.

557 1097 715 1164 Quod
767 1097 813 1152 si
866 1097 1070 1167 aliquid
1102 1096 1265 1151 etiam
1311 1094 1365 1148 in
1404 1100 1523 1146 arte
1547 1098 1794 1161 apparet,
1840 1085 1983 1157 quod
2028 1099 2133 1137 non

556 1188 844 1253 deliberat,
886 1195 944 1240 ut
987 1198 1069 1241 est
1116 1187 1564 1248 instrumentum,
1593 1189 1688 1235 aut
1737 1178 2006 1240 minister,
2062 1174 2133 1227 ibi

555 1279 863 1343 sciendum,
898 1293 1009 1331 non
1054 1278 1108 1331 in
1162 1277 1269 1331 illis
1326 1286 1499 1329 artem
1567 1272 1660 1328 sed
1719 1273 1772 1325 in
1838 1269 2138 1323 architecto

554 1372 713 1428 sitam
745 1385 883 1425 esse.
902 1370 977 1423 Ita
998 1382 1215 1439 quoque
1234 1368 1276 1422 si
1296 1367 1590 1436 quidquam
1611 1364 1663 1417 in
1693 1373 1884 1416 natura
1914 1357 2138 1412 rationis

553 1479 749 1533 expers
783 1462 1211 1532 conspiciamus,
1267 1474 1378 1513 non
1428 1459 1619 1526 utique
1652 1456 1701 1507 in
1730 1454 1823 1507 illo
1861 1460 2135 1509 naturam,

554 1570 675 1624 quae.
715 1570 853 1624 opus
901 1553 1085 1616 efﬁcit,
1140 1552 1495 1605 collocamus.
1552 1549 1651 1603 Est
1700 1546 1843 1601 enim
1913 1555 2134 1607 natura,

556 1646 650 1699 Dei
685 1647 769 1700 lex
819 1654 872 1699 et
902 1643 1238 1699 institutum.
1280 1642 1440 1710 Atqui
1477 1640 1572 1693 Dei
1624 1640 1707 1693 lex
1745 1645 1799 1691 et
1833 1636 2136 1690 institutum

555 1738 769 1792 ratione
797 1751 905 1790 non
947 1744 1117 1788 caret.
1154 1734 1351 1787 Verum
1385 1733 1526 1786 enim
1579 1745 1709 1785 vero
1736 1728 1867 1783 mihi
1926 1727 2138 1779 videtur

2237 541 2508 603 διάκονος,
2562 536 2679 593 ἀλλ’
2710 536 2810 590 οὐκ
2867 538 2925 589 ὲν
2978 536 3175 605 ἐκείνῳ
3211 538 3244 605 ἡ
3274 537 3461 606 τέχνη,
3490 534 3604 587 ἀλλ’
3644 537 3701 588 ὲν
3748 536 3831 604 τῷ

2239 632 2604 703 ἀρχιτέκτονι.
2641 629 2774 684 Οὺδέ
2833 646 2895 696 γε
2951 629 2999 680 εί
3034 629 3091 681 έν
3145 630 3213 697 τῇ
3260 629 3419 694 φύσει
3480 627 3735 694 φαίνεταί
3772 645 3826 679 τι

2237 725 2454 791 ἄλογον,
2486 724 2545 775 ἐν
2573 724 2765 790 ἐκείνῳ
2803 723 2834 790 ἠ
2893 720 3130 788 μάλιστα
3166 719 3231 788 δὴ
3256 718 3490 787 τοῦργον
3518 718 3704 785 δρῶσα
3727 717 3834 784 φύ-

2240 831 2345 878 σις.
2374 814 2441 865 Ἦ
2465 815 2574 882 γάρ
2609 814 2770 881 φύσις
2802 813 2940 865 Θεοῦ
2976 812 3177 879 θεσμός
3213 812 3352 863 ἐστι.
3372 808 3509 862 Θεοῦ
3538 810 3593 861 δὲ
3628 809 3833 877 θεσμὸς

2238 907 2338 958 οὐκ
2373 904 2591 971 ἄλογος.
2648 902 3025 972 Ἀριστοτέλης
3053 902 3112 955 δέ
3147 919 3241 971 μοι
3273 901 3423 953 δοκεῖ
3454 900 3561 952 τῶν
3589 900 3697 968 πρὸ
3733 901 3834 952 αὐ-

2238 994 2332 1047 τοῦ
2355 994 2411 1047 έν
2436 1012 2499 1061 γε
2529 995 2643 1056 τοῖς
2678 994 2881 1062 λόγοις,
2927 992 3299 1061 Ἀναξαγόραν
3351 992 3585 1062 μάλιστα
3616 992 3831 1060 ἐζηλω-

2239 1087 2415 1140 κέναι.
2457 1084 2694 1148 Ἐκεῖνός
2749 1102 2806 1137 τε
2843 1085 2953 1154 γὰρ
3002 1083 3126 1137 νοῦν
3159 1084 3261 1152 μὲν
3291 1086 3403 1145 τοῖς
3437 1084 3577 1146 ὅλοις
3600 1084 3826 1150 ἐφίστη,

2242 1180 2447 1249 προῖὼν
2492 1177 2549 1231 δὲ
2594 1177 2699 1229 τῶν
2743 1176 2915 1243 λόγων
2962 1176 3022 1228 ού
3083 1176 3229 1231 πάνυ
3278 1192 3363 1229 τοι
3396 1176 3646 1243 ἐφαίνετο
3678 1177 3830 1246 αὐτῴ

2241 1271 2545 1339 χρώμενος,
2577 1268 2690 1321 ἀλλ’
2745 1272 2802 1331 ὲς
2836 1268 3102 1335 ἀθεότητα
3136 1267 3340 1337 μᾶλλον
3398 1268 3827 1338 ὑποφερόμενος.

2242 1364 2350 1417 Καὶ
2393 1363 2770 1432 Ἀριστοτέλης
2804 1362 2963 1424 θεοὺς
3005 1361 3106 1429 μέν
3136 1379 3293 1425 τινας
3322 1362 3459 1431 τῷδε
3501 1362 3578 1431 τῷ
3605 1360 3829 1431 οὐρανῷ

2241 1454 2549 1523 ἐφίστησιν,
2590 1456 2646 1507 ὲν
2702 1456 2884 1521 μέντοι
2936 1453 3046 1507 τῶν
3114 1452 3287 1520 λόγων
3318 1452 3485 1506 αὐτοῦ
3538 1454 3645 1513 tot;
3680 1452 3834 1503 πλεί-

2243 1562 2389 1606 στοις
2449 1546 2508 1597 οὺ
2546 1546 2687 1600 πάνυ
2723 1561 2804 1597 τοι
2836 1543 2913 1614 τῷ
2943 1544 3071 1613 θείῳ
3096 1543 3377 1614 χρώμενος
3407 1545 3677 1611 φαίνεται,
3711 1544 3829 1597 ἀλλ’

2242 1636 2297 1697 ἐς
2328 1634 2594 1703 ἀθεότητα
2650 1635 2870 1703 μᾶλλον,
2907 1635 3137 1687 καθόσον
3168 1630 3282 1696 οἷός
3315 1634 3379 1686 τὲ
3423 1637 3569 1686 ὲστιν
3600 1635 3830 1688 ἀποκλί-

2241 1745 2366 1780 νων.
2406 1728 2547 1780 Ἀλλ’
2580 1729 2698 1797 οὐχὶ
2731 1728 2954 1780 Πλάτων
3011 1727 3175 1792 οὕτω,
3222 1725 3345 1780 οῦτε
3377 1727 3559 1780 ἄλλοθι
3613 1727 3720 1781 τῶν
3750 1728 3838 1779 λό-

554 1829 901 1884 Aristotelem
939 1828 992 1881 in
1046 1826 1203 1879 libris
1245 1825 1361 1879 suis
1404 1834 1516 1877 tum
1571 1824 1705 1877 alios
1762 1819 2129 1888 antiquiores,

2252 1839 2372 1890 γων,
2434 1821 2548 1873 οὒτ’
2619 1823 2676 1873 ὲν
2732 1819 2880 1887 αὐτῴ
2927 1818 3100 1889 τούτῳ
3154 1819 3282 1889 napi.
3334 1818 3395 1871 οῦ
3430 1820 3557 1888 ἡμῖν
3602 1819 3835 1886 ὁλόγος.

557 1933 670 1976 tum
698 1921 933 1975 maxime
968 1922 1350 1985 Anaxagoram
1387 1916 1653 1969 imitatum
1677 1928 1820 1967 esse.
1851 1912 1941 1964 Ille
1973 1922 2133 1971 nam-

554 2027 662 2082 que
714 2012 947 2064 montem
1005 2007 1222 2076 quidem
1283 2005 1439 2058 initio
1507 2002 1776 2055 orationis
1839 2014 1953 2052 sua:
2007 1996 2136 2051 huic

557 2104 813 2157 universo
868 2098 1126 2169 praefecit,
1192 2098 1246 2152 in
1320 2108 1614 2165 progressu
1671 2106 1804 2146 vero
1866 2090 2133 2159 ejusdem,

555 2196 759 2251 nullam
792 2208 1016 2262 prorsus
1047 2192 1190 2245 illius
1221 2189 1351 2243 facit
1404 2187 1766 2247 mentionem,
1801 2182 1895 2237 sed
1939 2183 2004 2235 ad
2037 2183 2135 2234 im-

556 2264 812 2361 pietatem
847 2287 1051 2357 potius,
1074 2300 1180 2355 qua
1215 2283 1360 2352 Deus
1382 2282 1636 2337 .omnino
1668 2290 1918 2348 negatur,
1938 2276 2133 2331 deflec-

2249 1915 2414 1965 Ἀλλά
2444 1914 2537 1965 δύο
2568 1914 2763 1981 τέχνας
2797 1911 3043 1983 διαιρῶν,
3079 1913 3176 1981 τὴν
3206 1912 3305 1979 μὲν
3335 1912 3513 1977 θείαν,
3545 1913 3643 1980 τὴν
3668 1912 3711 1963 δ’
3736 1914 3837 1963 ἀνι

2239 2002 2540 2073 θρωπίνην,
2574 2001 2649 2070 νῷ
2679 2002 2849 2068 ἄμφω
2888 2002 3181 2071 χρωμένω,
3257 2004 3322 2072 τῇ
3370 2001 3471 2069 μὲν
3524 2000 3842 2070 ἀνθρωπίνῃ

2240 2094 2301 2146 τὸ
2333 2093 2628 2147 σκευαστὸν
2660 2096 2766 2147 πᾶν
2816 2093 3100 2162 ἀπονέμει,
3156 2095 3220 2162 τῇ
3282 2094 3338 2146 δὲ
3386 2093 3528 2164 θείᾳ,
3559 2096 3623 2162 τῇ
3672 2093 3837 2161 φύσει

2247 2186 2424 2237 πάντα
2474 2186 2755 2255 γινόμενα.
2795 2185 3029 2255 Ἀριστα
3067 2185 3125 2238 δὲ
3181 2186 3275 2237 καὶ
3330 2185 3593 2255 Πίνδαρος
3653 2184 3833 2236 εἰπεῖν

2247 2278 2446 2342 ἔδοξεν,
2483 2282 2871 2349 ἀριστοτέχναν
2898 2280 2989 2330 τον
3021 2278 3152 2330 Θεὸν
3190 2280 3527 2347 προσειπών.

559 2388 642 2443 tit.
685 2387 884 2442 Eodem
918 2387 1078 2439 modo
1130 2382 1295 2437 etiam
1350 2378 1670 2434 Aristoteles
1722 2375 1858 2429 Deos
1912 2374 2128 2443 quidem
2170 2372 2386 2443 aliquos
2455 2373 2583 2429 fat-it
2615 2375 2773 2445 hujus
2799 2375 2920 2429 coeli
2987 2375 3263 2444 pra-sides,
3341 2377 3577 2431 maxima
3649 2381 3836 2429 autem

558 2494 712 2556 parte
744 2497 971 2539 suorum
1033 2494 1260 2551 operum
1285 2490 1514 2548 prorsus
1548 2474 1754 2528 nullam
1810 2472 2024 2525 videtur
2087 2468 2391 2523 divinitatis
2448 2447 2769 2523 memoriam
2831 2471 3144 2533 retinuisse,
3185 2473 3275 2526 sed
3339 2472 3404 2526 ad
3444 2472 3605 2527 illam
3648 2473 3833 2541 potius

556 2582 893 2646 Anaxagorae
953 2574 1289 2644 impietatem
1343 2568 1524 2639 quoad
1586 2568 1707 2635 ejus
1770 2565 1883 2618 fieri
1943 2570 2145 2634 potest,
2221 2562 2549 2618 declinasse.
2616 2560 2671 2619 Id
2713 2563 2861 2632 quod
2912 2561 2982 2617 de
3027 2561 3253 2619 Platone
3306 2564 3414 2620 dici
3467 2579 3574 2619 non
3628 2575 3831 2635 potest,

557 2678 737 2746 ipsum
772 2670 969 2725 fecisse
1017 2667 1100 2722 vel
1150 2666 1205 2719 in
1238 2663 1367 2717 aliis
1415 2659 1905 2728 disputationibus,
1940 2656 2022 2710 vel
2080 2655 2134 2709 in
2178 2654 2287 2710 hac
2321 2656 2461 2723 ipsa,
2505 2670 2665 2725 quam
2696 2671 2841 2711 nunc
2870 2658 3119 2711 oratione
3146 2666 3465 2713 tractamus.
3530 2656 3621 2712 Ille
3684 2673 3841 2711 nam-

559 2784 667 2842 que
693 2769 832 2824 duas
868 2764 999 2819 facit
1029 2771 1197 2824 artes,
1268 2774 1436 2813 unam
1507 2757 1730 2825 quidem
1782 2752 2050 2817 divinam,
2124 2754 2355 2806 alteram
2428 2767 2559 2806 vero
2616 2753 2906 2806 humanam
2960 2753 3261 2821 appellans,
3313 2770 3543 2822 quarum
3579 2762 3841 2819 .utraque

559 2875 745 2922 mente
773 2862 1114 2927 consilioque
1146 2865 1332 2912 utatur
1366 2868 1429 2907 ac
1457 2855 1708 2908 humanae
1737 2850 2143 2916 quidem'omne
2185 2848 2451 2904 faetitium
2484 2864 2623 2918 Opus
2653 2867 2668 2903 :
2725 2851 2923 2904 divina:
2965 2860 3169 2913 autem,
3199 2865 3259 2903 ea
3322 2867 3443 2919 qum
3514 2850 3840 2904 naturaliter

561 2962 720 3028 ﬁunt,
787 2954 1071 3013 adscribit.
1131 2949 1346 3020 Optime
1400 2956 1583 3001 autem
1644 2942 1807 2999 etiam
1866 2941 2136 2997 Pindarus
2176 2942 2385 2998 dixisse
2435 2946 2670 3008 videtur,
2710 2944 2802 3012 qui
2857 2940 3025 2996 Deum
3092 2944 3601 3012 praestantissimum
3666 2943 3842 2999 artiﬁ-

560 3074 680 3116 cem
712 3052 966 3127 appellat.

1164 3142 1317 3199 CAP.
1349 3136 1537 3195 XVIII.

631 3246 879 3301 Transeo
905 3246 1083 3292 autem
1116 3235 1281 3290 etiam
1317 3232 1383 3284 ad
1418 3229 1548 3283 illud
1570 3225 1715 3298 quod
1748 3226 1801 3280 in
1863 3222 2142 3293 metaphy-

562 3337 696 3393 sicis
764 3331 1006 3388 omnium
1078 3324 1315 3396 pessime
1373 3320 1530 3375 dixit.
1591 3316 1728 3371 Cum
1791 3315 1940 3370 enim
1999 3317 2147 3366 esset

558 3424 817 3497 quastio,
858 3430 1043 3475 utrum
1076 3414 1262 3470 omnia
1295 3406 1611 3465 necessario
1641 3405 1796 3467 ﬁant,
1833 3412 1928 3457 aut
1956 3402 2147 3455 fierent

562 3493 769 3588 aliqua,
793 3527 915 3584 qua:
948 3525 1055 3564 non
1087 3508 1279 3562 ﬁerent
1314 3499 1650 3558 necessario.
1713 3498 1779 3552 Et
1811 3497 1845 3550 ii
1902 3493 2145 3563 quidem,

562 3611 662 3681 qui
694 3604 1007 3662 necessario
1032 3599 1213 3657 omnia
1256 3596 1372 3651 lieri
1403 3598 1728 3657 statuerent,
1771 3588 1990 3642 duobus
2026 3598 2150 3653 pro-

565 3679 767 3771 loquiis
796 3698 1173 3753 demonstrare
1202 3688 1439 3757 idipsum
1503 3690 1795 3746 conentur,
1832 3679 1971 3732 inter
2027 3686 2149 3743 qua!

567 3769 803 3865 primum
838 3789 1073 3851 esthoc,
1129 3781 1276 3852 quod
1328 3792 1492 3835 omne
1513 3780 1659 3846 quod
1693 3774 1773 3838 tit,
1841 3771 1910 3824 ab
1967 3769 2149 3835 aliqua

567 3859 733 3943 causa
768 3896 990 3938 necesse
1018 3880 1088 3933 sit
1127 3875 1269 3941 fieri,
1325 3872 1555 3926 alterum
1613 3881 1737 3921 vero
1792 3862 1959 3928 istud,
2006 3859 2150 3937 quod

562 3980 750 4036 omnis
771 3990 937 4032 causa
962 3985 1085 4041 qua:
1116 3966 1327 4038 aliquid
1353 3965 1504 4027 facit,
1530 3962 1772 4029 idipsum
1804 3965 1859 4011 et
1901 3968 2151 4008 necessa-

568 4073 653 4127 rio
680 4080 733 4126 et
760 4078 909 4123 certa
947 4065 1204 4129 finitaque
1226 4059 1443 4113 ratione
1474 4053 1658 4119 faciat,
1683 4051 1755 4103 ibi
1788 4063 1919 4103 sane
1941 4046 2152 4099 Aristo-

571 4160 707 4216 teles
735 4173 861 4213 eum
889 4155 1117 4213 videret,
1150 4150 1197 4204 si
1235 4148 1345 4203 duo
1392 4148 1509 4199 haec
1552 4140 1948 4203 concedantur,
1999 4135 2154 4206 sequi

569 4248 954 4311 inIalIibiIiter,
982 4253 1042 4299 ut
1066 4241 1248 4295 omnia
1269 4254 1390 4307 qua:
1422 4235 1626 4290 Iiuntin
1650 4247 1827 4287 rerum
1857 4238 2070 4293 natura,
2090 4242 2153 4281 ea

573 4362 643 4404 ex
673 4340 999 4399 necessitate
1031 4334 1267 4413 quadam
1300 4329 1737 4402 proficiscantur,
1763 4324 1953 4391 neglioe
1979 4321 2155 4391 ipsum

575 4434 917 4497 concederet,
950 4430 1181 4483 alterum
1222 4418 1677 4479 contradictionis
1734 4414 2040 4470 membrum
2068 4424 2158 4465 as-

2171 3150 2220 3212 C

2840 3127 3095 3182 ΚΕΦΑΛ.
3136 3128 3245 3180 IH'.

2318 3220 2553 3289 Μέτειμι
2598 3208 2655 3272 δὲ
2688 3218 2782 3273 καὶ
2833 3220 2919 3272 ἐπ’
2951 3222 3127 3273 έκεῖνο
3156 3220 3218 3271 τὸ
3249 3220 3307 3271 ὲν
3354 3222 3419 3291 τῇ
3453 3222 3590 3290 μετά
3631 3223 3697 3276 τά
3732 3242 3838 3292 φυ-

2249 3315 2376 3367 σικά
2404 3312 2758 3383 πραγματείᾳ
2791 3312 3012 3364 πάντων
3038 3330 3139 3364 που
3166 3312 3481 3381 φαυλότατα
3515 3315 3835 3382 εἰρημένον.

2252 3398 2445 3469 Ὀντος
2473 3408 2584 3474 γὰρ
2618 3404 2955 3472 ζητήματος,
2986 3403 3193 3471 πότερα
3242 3404 3455 3456 ἅπαντα
3500 3403 3561 3469 ἐξ
3588 3407 3840 3475 ἀνάγκης

2250 3499 2520 3567 γίγνεται,
2556 3497 2589 3564 ἦ
2634 3495 2783 3547 ἔστιν
2811 3493 2847 3547 ἀ
2891 3496 2984 3548 καὶ
3033 3495 3132 3547 οὐκ
3161 3498 3216 3562 ἐξ
3250 3497 3497 3567 ἀνάγκης
3526 3501 3836 3568 γιγνόμενα

2250 3588 2359 3641 τῶν
2388 3586 2744 3655 γιγνομένων.
2778 3584 2890 3639 Καὶ
2924 3584 3033 3636 τῶν
3072 3586 3130 3651 ἐξ
3162 3587 3408 3657 ἀνάγκης
3443 3588 3660 3642 ᾶπαντα
3691 3590 3841 3643 τιθε-

2255 3680 2432 3748 μένων
2460 3678 2741 3745 γίγνεσθαι
2772 3678 2835 3728 ὲκ
2861 3675 3009 3729 δυοῖν
3033 3677 3214 3729 αὐτῶν
3256 3679 3582 3748 ἀξιωμάτων
3616 3681 3833 3734 δεικνύ-

2251 3788 2340 3825 ναι
2364 3771 2740 3840 πειρωμένων,
2784 3770 2900 3830 ένὺς
2935 3770 3037 3838 μὲν
3089 3768 3185 3822 τοῦ
3249 3771 3394 3823 ἅπαν
3420 3771 3481 3823 τὸ
3511 3772 3835 3841 γιγνόμενον

2254 3864 2345 3917 ὑπ’
2372 3863 2546 3915 αἰτίου
2574 3861 2720 3924 τινὸς
2747 3861 3043 3927 ἀναγκαῖον
3066 3856 3212 3912 εἶναι
3259 3862 3527 3925 γίνεσθαι,
3564 3864 3750 3931 ἐτέρου
3774 3863 3835 3914 δὲ

2252 3953 2350 4008 τοῦ
2402 3954 2547 4007 ἅπαν
2581 3951 2751 4004 αἴτιον
2802 3950 2828 4002 ὅ
2860 3966 2913 4002 τι
2960 3948 3026 4002 ἂν
3045 3949 3214 4019 δρῴη,
3257 3951 3468 4020 ἀνάγκη
3503 3968 3561 4003 τε
3586 3951 3676 4003 καὶ
3702 3951 3841 4019 ὡρι-

2256 4047 2468 4117 σμένως
2498 4043 2630 4098 αὐτὸ
2670 4044 2826 4112 δρᾷν,
2858 4041 3234 4111 Ἀριστοτέλης
3262 4043 3502 4111 συνορῶν
3532 4044 3631 4113 τὴν
3664 4043 3846 4109 ἀνάγο

2255 4156 2359 4210 κην
2406 4137 2500 4190 τοῦ
2528 4175 2543 4203 ,
2607 4136 2819 4189 τούτοιν
2877 4134 3171 4201 κειμένοιν,
3217 4134 3434 4187 ἅπαντα
3489 4134 3549 4198 ἐξ
3591 4134 3843 4204 ἀνάγκης

2257 4231 2561 4299 γίγνεσθαι,
2596 4226 3093 4296 συμπεραίνεσθαι,
3126 4225 3217 4279 ἵνα
3250 4226 3324 4295 μὴ
3355 4224 3517 4278 τοῦτο
3553 4227 3837 4295 συγχωρή-

2261 4341 2352 4395 σῃ,
2384 4322 2609 4391 θάτερον
2640 4321 2737 4389 τῆς
2766 4319 3106 4387 ἀντιφάσεως
3128 4321 3317 4387 μόριον
3348 4317 3645 4385 λαμϐάνων
3668 4318 3740 4379 ὡς
3770 4316 3839 4387 δὴ

2260 4415 2513 4485 ἔμπεδον,
2560 4413 2656 4466 καὶ
2685 4412 2851 4474 τιθεὶς
2897 4406 3041 4465 εἶναι
3082 4409 3230 4462 ἐστιν
3272 4408 3309 4462 ἀ
3364 4396 3475 4461 τῶν
3504 4408 3843 4476 γιγνομένων

574 4531 765 4593 sumit,
826 4538 985 4595 quasi
1040 4519 1174 4576 satis
1235 4517 1478 4579 ﬁrmum,
1532 4520 1585 4565 et
1642 4506 1921 4569 concedit,
1972 4503 2147 4572 aliqua

2261 4510 2356 4561 καὶ
2381 4507 2441 4571 ἐξ
2470 4506 2712 4573 ἀνάγκης
2741 4505 3060 4571 γιγνόμενα,
3098 4501 3240 4554 κατά
3282 4500 3513 4568 θατέρου
3539 4502 3652 4551 τοῖν
3683 4499 3847 4563 ἀξιω-

575 4634 767 4680 eorum
795 4632 917 4688 quae
950 4614 1106 4675 ﬁunt,
1140 4605 1459 4665 necessario
1488 4603 1631 4665 fieri,
1658 4609 1829 4669 atque
1857 4600 1930 4652 ita
1965 4596 2033 4650 ad
2070 4596 2152 4649 al-

570 4728 751 4772 terum
778 4710 993 4765 axioma
1019 4702 1383 4776 progreditur,
1416 4708 1474 4753 et
1509 4697 1641 4751 illud
1704 4696 1947 4765 quidem,
2011 4691 2155 4759 quod

572 4806 760 4862 omnis
783 4815 949 4857 causa
987 4794 1249 4868 quidquid
1304 4792 1397 4845 illa
1455 4788 1586 4843 facit
1651 4797 1707 4842 et
1755 4784 2063 4839 necessario
2106 4788 2161 4835 et

579 4907 732 4955 certo
758 4895 911 4957 facit,
945 4906 1050 4945 non
1076 4887 1239 4942 tollit.
1265 4883 1376 4938 Hoc
1410 4894 1649 4949 namque
1702 4878 1993 4948 proloquio
2042 4873 2153 4940 iam

575 5003 710 5048 ante
729 4991 934 5044 abusus
958 4981 1057 5037 fuit
1081 4982 1135 5034 in
1164 4975 1535 5046 disputatione
1571 4973 1637 5027 de
1670 4970 2007 5039 sempiterno
2040 4981 2160 5021 mo-

583 5092 666 5147 tu,
698 5094 860 5149 quem
899 5076 1089 5140 utique
1151 5066 1599 5123 manifestissime
1667 5061 2051 5124 subvertisset,
2114 5058 2161 5113 si

570 5172 720 5227 'iIIud
756 5170 859 5222 hoc
892 5167 1014 5220 loco
1048 5168 1320 5232 negasset.
1346 5159 1589 5213 Deﬂectit
1617 5157 1784 5227 igitur
1809 5155 1876 5210 ad
1927 5154 2160 5207 alterum

582 5271 638 5316 et
661 5258 915 5323 aIIirmat,
940 5256 1120 5322 aliqua
1150 5267 1340 5307 eorum
1363 5266 1483 5319 quae
1503 5250 1658 5311 fiunt,
1690 5248 1807 5302 sine
1831 5259 1996 5301 causa
2022 5244 2161 5308 ﬁeri,

571 5352 782 5409 tollens
824 5350 927 5403 hoc
955 5349 1117 5402 modo
1146 5347 1448 5407 notionem,
1486 5358 1644 5410 quam
1677 5342 1859 5395 nullus
1923 5352 2163 5407 unquam

570 5441 920 5515 avelsapiens
982 5438 1067 5491 vel
1099 5435 1340 5506 plebeius
1388 5448 1485 5502 pro
1551 5431 1760 5485 incerta
1811 5428 2164 5497 ambiguitate

576 5535 796 5599 habuit,
823 5539 1207 5601 praeterquam,
1268 5537 1326 5580 ut
1357 5533 1585 5594 apparet
1622 5522 1965 5575 Arismteles.
2001 5518 2165 5587 Atqui

584 5630 750 5684 etiam
778 5626 895 5693 ipse
926 5620 1250 5676 Aristoteles
1282 5617 1496 5677 statuit,
1521 5628 1679 5667 omne
1715 5611 1857 5679 quod
1895 5620 2167 5675 movetur,

580 5726 654 5777 ab
682 5718 1031 5775 aliomoveri.
1056 5716 1168 5785 Ego
1199 5729 1326 5769 vero
1351 5714 1452 5766 hoc
1476 5711 1649 5779 ipsum
1673 5706 1886 5760 axioma
1916 5717 2172 5772 qumeun-

584 5827 695 5884 que
725 5809 979 5866 videlicet
1010 5815 1320 5873 moventur,
1383 5805 1450 5859 ab
1510 5802 1618 5857 alio
1667 5796 1899 5863 moveri,
1952 5803 2169 5864 propter

1651 6032 1680 6053 9

2265 4601 2456 4668 μάτοίν
2481 4598 2671 4667 χωρεῖ,
2700 4595 2795 4647 καὶ
2820 4593 2881 4646 τὸ
2930 4593 3027 4661 μὲν
3062 4590 3208 4645 ἅπαν
3233 4590 3405 4649 αἴτιον
3435 4592 3462 4642 ὃ
3494 4607 3546 4642 τι
3569 4589 3641 4642 ’ἂν
3670 4588 3843 4657 δρῴη,

2258 4693 2473 4759 ἀνάγκη
2502 4705 2562 4741 τε
2591 4690 2684 4740 καὶ¹
2709 4684 3034 4756 ὡρισμένως
3083 4683 3242 4752 δρᾷν,
3274 4682 3374 4734 οὐκ
3428 4675 3662 4749 ἀναιρεῖ.
3703 4679 3843 4747 Ἤδη

2260 4783 2367 4850 γὰρ
2397 4778 2544 4849 αύτῷ
2572 4778 2781 4846 φθάσας
2812 4773 3223 4842 κατακέχρηται
3275 4773 3333 4823 έν
3363 4772 3476 4830 τοῖς
3501 4770 3636 4838 περὶ⁵
3669 4768 3842 4820 ἀῖδίου

2261 4873 2525 4941 κινήσεως
2553 4870 2755 4938 λόγοις.
2786 4866 2958 4928 Αὐτὸς
2988 4861 3082 4917 οῦν
3113 4850 3179 4916 ἂν
3211 4862 3376 4915 αὐτὸν
3407 4862 3848 4928 περιφανέστατα

2263 4966 2625 5030 περιέτρεπεν
2657 4962 2705 5011 εί
2735 4957 2893 5011 τοῦτο
2925 4955 3115 5025 ἀνῄρει
3137 4970 3152 4985 ο
3188 4953 3328 5006 κατά
3360 4951 3418 5004 δὲ
3444 4951 3508 5020 δὴ
3529 4950 3625 5003 τοῦ
3655 4948 3846 5002 λοιποῦ

2263 5057 2453 5125 χωρεῖ,
2486 5055 2580 5106 καὶ
2608 5052 2749 5117 ἀξιοῖ
2784 5047 3070 5117 γίγνεσθαι
3095 5046 3203 5098 τῶν
3231 5042 3571 5113 γιγνομένων
3601 5041 3723 5093 τινὰ
3753 5040 3849 5091 καὶ

2266 5150 2440 5204 αἰτίου
2476 5148 2665 5216 χωρὶς,
2697 5144 2916 5212 ἀξίωμα
2942 5140 3182 5208 ἀναιρῶν
3212 5138 3388 5192 οὐδενὶ
3423 5137 3548 5199 ὅτῳ,
3575 5135 3638 5186 οὗ
3671 5131 3838 5201 σοφῷ,

2266 5244 2366 5295 οὐκ
2399 5240 2602 5310 ίδιώτῃ,
2638 5238 2697 5289 ού
2730 5236 2931 5297 παντὸς
2958 5234 3159 5302 μᾶλλον
3190 5230 3422 5298 ἔμπεδον
3465 5223 3607 5281 εἶναι
3636 5226 3850 5289 δοκοῦν,

2268 5336 2409 5404 πλήν
2439 5350 2501 5402 γε
2538 5331 2602 5400 δὴ
2627 5326 2815 5394 αὑτοῦ,
2843 5327 2918 5390 ὡς
2963 5326 3160 5386 ἔοικεν,
3207 5320 3631 5390 Ἀριστοτέλους.
3662 5317 3851 5371 Καίτοι

2269 5425 2428 5486 αὐτὸς
2466 5419 2845 5491 Ἀριστοτέλης
2891 5417 3054 5482 ἀξιοῖ.
3089 5416 3234 5469 am»
3286 5415 3348 5465 τδ
3378 5410 3699 5479 κινούμενον
3753 5407 3857 5460 ὑπό

2270 5535 2414 5581 τινος
2464 5514 2754 5569 κινεῖσθαι.
2826 5511 2969 5578 Ἐγὼ
3014 5508 3058 5560 δ’
3086 5506 3245 5576 ᾤμην
3276 5506 3369 5557 καὶ
3410 5500 3571 5555 τοῦτο
3603 5500 3648 5553 δ’
3684 5501 3857 5552 έκεῖνο

2275 5608 2479 5678 ἰσχύειν
2518 5601 2797 5676 μάλλον,ἢ
2834 5601 2967 5652 αὐτὸ
3005 5596 3075 5649 δι’
3126 5596 3279 5648 αὑτό.
3330 5594 3485 5646 Ἐπεὶ
3517 5594 3625 5661 γάρ
3657 5593 3765 5643 πᾶν
3793 5586 3857 5640 τὸ

2272 5696 2592 5766 κινούμενον
2624 5694 2868 5761 γίγνεται
2900 5688 3072 5758 ταύτῃ
3187 5688 3419 5737 κινεῖται
3456 5683 3708 5753 (ἕκαστον
3747 5680 3859 5747 γὰρ

2272 5790 2382 5843 τῶν
2446 5789 2505 5841 ὲν
2559 5784 2638 5856 τῷ
2699 5780 3006 5853 κινουμένῳ
3079 5777 3398 5847 κινημάτων
3458 5772 3673 5845 γένεσίς
3728 5772 3858 5839 τις),
