4186 6290
424 417 530 479 lllfi
893 440 945 478 ς
1116 426 1215 486 DE
1257 428 1678 490 PLATONICA
1724 428 1819 489 ET
1861 425 2424 490 ARISTOTELICA
2454 422 3003 490 PHILOSOPHIAI
3561 424 3699 492 θην

417 543 563 593 ἅπαν
625 540 680 592 δὲ
740 539 797 592 τὸ
831 542 1151 611 γιγνόμενον
1194 546 1284 597 ὑπ’
1310 546 1486 599 αίτίου
1518 548 1661 609 τινος
1722 546 1986 612 γίγνεταιΙ

2101 540 2233 595 illud
2263 539 2495 593 alterum
2530 537 2711 591 valere
2743 538 2915 607 magis
2941 550 3105 606 quam
3128 534 3300 605 ipsum
3338 552 3431 606 per
3459 551 3517 592 se
3548 538 3665 591 exi-

417 632 509 683 καὶ
566 632 712 684 ἂπαν
742 632 802 684 τὸ
864 633 1182 702 κινούμενον
1233 637 1337 689 ὑπό
1366 653 1509 699 τινος
1543 639 1718 690 αἰτίου
1781 639 1982 689 κινοῖτο

2090 630 2449 686 stimaverim.
2489 626 2624 683 Cum
2658 628 2802 681 enim
2834 642 2995 682 omne
3024 627 3168 696 quod
3204 640 3476 696 movetur,
3540 628 3667 685 inde

412 722 495 775 ἄν.
542 722 600 775 '0
635 722 691 775 δὲ
729 724 905 777 ἐκεῖνο
944 726 1201 794 ἀναιρῶν,
1236 728 1381 780 τοῦτ’
1407 728 1645 796 ἔμπεδον
1680 727 1853 779 οἴεται
1904 726 1983 779 ἔτι

2089 720 2180 775 iiat
2206 721 2322 776 sive
2378 722 2630 787 exsistat,
2696 722 2837 777 unde
2900 724 3074 792 ipsum
3136 730 3385 778 movetur
3442 722 3664 793 (singuli

412 813 590 882 ἑαυτῷ
625 813 865 868 ἔσεσθαι.
905 816 1016 870 Καὶ
1044 817 1105 869 οὐ
1153 820 1353 887 συνορᾷ
1405 820 1500 872 καὶ
1552 819 1651 886 τὴν
1711 818 1806 869 τοῦ
1838 817 1983 871 θείου

2088 815 2232 869 enim
2268 823 2453 869 motus
2479 816 2883 883 quodammodo
2916 818 3289 886 producuntur
3316 818 3371 870 in
3397 832 3485 883 eo,
3518 818 3665 885 quod

410 904 589 968 δόξαν,
612 904 803 957 τούτου
835 904 930 959 τοῦ
961 904 1271 976 ἀξιώματος
1298 909 1720 978 ἀναιρουμένου,
1754 909 1981 961 ἀσθενε-

412 994 610 1060 στέραν
636 996 989 1063 γιγνομένην.
1008 998 1167 1065 Δῆλοι
1199 1000 1306 1069 γάρ
1333 1000 1472 1052 είσιν
1502 1000 1551 1051 oi
1593 998 1871 1070 ἄνθρωποι
1898 999 1987 1052 διὰ

410 1083 599 1135 τούτου
636 1084 730 1137 τοῦ
762 1086 1074 1156 ἀξιώματος
1104 1090 1201 1157 τὴν
1228 1092 1452 1161 πρώτην
1485 1094 1579 1145 καὶ
1628 1095 1987 1163 προχειροτά-

408 1192 508 1244 την
534 1175 627 1228 τοῦ
662 1177 807 1231 θείου
834 1180 990 1245 δόξαν
1037 1181 1425 1251 λαμϐάνοντες.
1465 1183 1618 1238 Ἐπεὶ
1655 1187 1763 1255 γὰρ
1800 1186 1986 1253 φαῖνε-

407 1282 498 1318 ται
532 1266 677 1353 ἔστιν
706 1268 741 1321 ἀ
795 1269 903 1322 τῶν
956 1272 1014 1323 ὲν
1042 1271 1175 1341 τῷδε
1224 1275 1302 1343 τῷ
1330 1276 1545 1346 οὐρανῷ
1581 1278 1889 1346 γιγνόμενα
1924 1279 1984 1332 οὐ

408 1356 507 1418 τάς
538 1374 599 1423 γε
641 1360 820 1421 αἰτίας
870 1361 1112 1431 φανερᾶς
1162 1362 1377 1431 έχοντα,
1440 1367 1490 1418 οἱ
1549 1368 1848 1436 ἄνθρωποι,
1890 1370 1985 1423 ἆτε

408 1446 561 1499 ἆπαν
610 1449 933 1518 γιγνόμενον
981 1453 1073 1505 ὑπ’
1104 1454 1281 1507 αἰτίου
1322 1459 1469 1519 τινὸς
1498 1455 1743 1523 γενεσθαι
1774 1457 1986 1524 ἀξιοῦν-

405 1553 519 1601 τες,
551 1537 641 1589 ἐπὶ
668 1538 764 1607 τὴν
795 1539 889 1592 τοῦ
917 1540 1060 1594 θείου
1082 1541 1237 1606 δόξαν
1253 1545 1634 1615 ἀναφέρονται.
1655 1546 1802 1599 Ἔδει
1831 1547 1875 1600 δ’
1902 1549 1990 1599 ὲν-

406 1625 682 1690 δείξασθαι
729 1632 1102 1703 Ἀριστοτέλη,
1133 1636 1228 1688 καὶ
1258 1634 1308 1687 τί
1341 1653 1471 1689 ποτε
1502 1637 1609 1705 ἀρα
1642 1639 1790 1692 ἐστὶν
1812 1640 1985 1692 ἐκεῖνο

405 1717 468 1767 τὸ
500 1716 628 1770 ἀνευ
660 1721 833 1772 αἰτίου
861 1722 1206 1789 γιγνόμενον,
1239 1726 1334 1776 καὶ
1373 1726 1448 1795 μὴ
1492 1726 1681 1789 ἀπλῶς
1704 1724 1877 1789 οὕτως
1909 1729 1986 1780 εί-

406 1808 549 1859 πεῖν.
597 1808 738 1861 Ἀλλ’
773 1811 889 1878 ἐρεῖ
945 1829 1027 1875 τις
1070 1812 1199 1873 ἴσως
1230 1815 1289 1866 τὸ
1323 1814 1694 1882 βουλεύεσθαι,
1730 1816 1869 1869 οὕτω
1894 1818 1985 1870 καὶ

407 1894 577 1948 αὐτοῦ
622 1899 1032 1966 Ἀριστοτέλους
1083 1903 1140 1953 ὲν
1170 1904 1284 1965 τοῖς
1320 1903 1448 1971 περὶ
1474 1905 1770 1975 ἑρμηνείας
1815 1905 1978 1959 αὑτοῦ

410 1986 632 2055 βιϐλίοις
663 1989 1253 2063 φάσκοντος.’ορὦμεν
1276 1992 1383 2063 γὰρ
1415 1994 1490 2057 ὡς
1526 1994 1672 2048 ἔστιν
1702 1996 1846 2065 ἀρχὴ
1871 1996 1983 2048 τῶν

407 2075 684 2143 ἐσομένων
739 2078 831 2130 καὶ¹
880 2078 988 2131 ἀπὸ
1035 2079 1129 2133 τοῦ
1189 2081 1540 2149 βουλεύεσθαι
1599 2082 1694 2137 καὶ
1726 2085 1832 2137 ἀπὸ
1884 2084 1978 2137 τοῦ

408 2166 613 2235 πρᾶξαί
644 2184 716 2221 τι.
766 2168 928 2221 Ἀλλά
983 2171 1085 2224 κάν
1117 2172 1293 2243 τούτῳ
1320 2172 1575 2243 ψεύδεται
1626 2175 1939 2245 περιφανῶς
1960 2192 1989 2247 ο,

406 2256 468 2309 οὐ
492 2258 600 2328 γὰρ
629 2260 771 2330 ἀρχὴ
799 2262 860 2313 τὸ
892 2261 1243 2330 βουλεύεσθαι
1284 2267 1390 2320 τῶν
1422 2268 1719 2337 ἐσομένων,
1749 2267 1864 2322 ἀλλ’
1898 2271 1980 2323 αῖ-

406 2364 520 2400 τιον
553 2350 651 2417 μέν
683 2368 786 2403 που
816 2349 966 2406 ἐστιν
995 2347 1089 2417 ὧν,
1126 2355 1270 2427 ἀρχὴ
1301 2356 1346 2410 δ’
1387 2357 1453 2411 ἂν
1481 2359 1613 2411 αὐτὸ
1642 2360 1701 2414 τὸ
1731 2358 1993 2429 βουλεύεο“

407 2440 531 2492 σθαι
557 2444 616 2494 οὐ
644 2446 785 2496 πάνυ
824 2462 927 2509 τοι,
964 2450 1306 2516 φαινομένων
1336 2451 1432 2504 καὶ
1466 2452 1657 2505 τούτου
1698 2450 1979 2522 προτέρων

405 2532 612 2599 αίτιῶν,
647 2536 753 2587 τῶν
800 2541 1238 2607 περιισταμένων
1264 2544 1411 2613 ἡμᾶς
1444 2547 1807 2615 πραγμάτων.
1833 2544 1979 2614 Δῆλα

404 2624 513 2694 γὰρ
539 2626 623 2693 δὴ,
648 2628 727 2679 ὃτι
758 2630 833 2697 μὴ
862 2630 1233 2698 περιστάντων
1262 2633 1410 2703 ἡμᾶς
1433 2636 1777 2703 πραγμάτων
1804 2636 1979 2689 τοιού-

407 2733 516 2769 των
549 2718 732 2782 τινεῦν,
786 2721 912 2772 οἴων
939 2721 1096 2788 δόξαν
1133 2724 1267 2793 ἡμῖν
1290 2725 1365 2788 ὡς
1407 2724 1697 2794 βουλευτέα
1730 2727 1818 2797 εἴη
1873 2744 1979 2779 πα-

412 2811 698 2878 ραστῆσαι,
737 2813 846 2864 οὐδ’
878 2813 943 2865 ἂν
975 2814 1429 2885 βουλευσαίμεθα.
1468 2817 1625 2871 Ἀλλά
1673 2817 1830 2871 τοῦτο
1880 2818 1980 2886 μὲν

406 2902 553 2969 αὐτῷ
577 2905 839 2959 τοιοῦτον.
880 2906 1044 2974 Ἡμῖν
1072 2908 1128 2961 δὲ
1169 2909 1409 2963 δεικτέον
1436 2913 1528 2964 καὶ
1579 2912 1638 2964 ὲν
1666 2911 1859 2964 τούτου
1886 2910 1978 2963 τοῦ

404 2992 716 3061 ἀξιώματος
775 2998 841 3065 τῇ
898 2999 1172 3068 ἀναιρέσει
1234 3000 1580 3070 Ἀριστοτέλη
1634 2992 1979 3075 οὐδὲνῆττον

407 3082 567 3134 αὐτὸν
606 3083 696 3150 ὑφ’
728 3084 894 3139 αὐτοῦ
954 3088 1446 3156 περιτρεπόμενον.
1504 3090 1775 3157 Οὐδεμίαν
1827 3093 1980 3157 ἐνέρ-

406 3191 560 3266 γειαν
586 3177 650 3228 ἑκ
682 3176 962 3244 δυνάμεως
997 3179 1352 3246 μεταϐάλλειν
1406 3182 1783 3252 Ἀριστοτέλης
1807 3182 1972 3245 ἀξιοῖ,
2004 3209 2049 3266 c

410 3264 485 3334 μὴ
514 3266 706 3335 ἐτέρας
768 3266 936 3336 αὐτὴν
983 3268 1254 3337 προτέρας
1282 3271 1565 3339 ἐνεργείας
1626 3272 1763 3339 πρὸς
1810 3270 1969 3325 τοῦτο

406 3358 785 3428 κεκινηκυίας,
840 3360 932 3411 καὶ
960 3360 1131 3431 τούτῳ
1163 3378 1223 3413 τε
1272 3362 1556 3431 χρώμενος
1598 3365 1656 3417 ὲν
1684 3366 1797 3435 τοῖς
1842 3370 1971 3435 περὶ

408 3449 577 3501 ἀϊδίου
610 3451 873 3520 κινήσεως
904 3450 1082 3519 λόγοις
1113 3450 1188 3520 τῷ
1213 3451 1481 3520 ἀξιώματι
1512 3456 1604 3506 καὶ
1628 3454 1861 3524 θατέρῳ,
1892 3458 1970 3528 τῷ

407 3537 553 3591 ἅπαν
593 3539 765 3591 αίτιον
820 3540 1032 3610 ἀνάγκῃ
1094 3540 1225 3611 δρᾷν
1274 3541 1302 3594 ὅ
1334 3558 1386 3593 τι
1426 3545 1493 3597 ἂν
1543 3544 1689 3614 δρῴη
1718 3544 1983 3612 ἀξιοῦντι,

407 3631 508 3696 τὴν
528 3629 693 3682 ἀΐδιον
715 3630 929 3696 κίνησιν
953 3632 1335 3700 συμπεραίνει.
1390 3632 1597 3687 Οὐκοῦν
1632 3637 1683 3689 εί
1706 3652 1759 3688 τι
1785 3635 1989 3704 γίγνοι-

408 3740 470 3775 το
504 3721 615 3773 τῶν
641 3724 977 3790 γιγνομένων
1034 3724 1097 3777 ἐκ
1146 3722 1428 3792 δυνάμεώς
1478 3741 1581 3777 που
1621 3729 1678 3788 ἐς
1707 3728 1987 3795 ἐνέργειαν

412 3815 723 3885 μεταϐαλεῖ,
773 3818 854 3879 είς
904 3815 972 3886 ἢν
1019 3814 1205 3869 οὔποτ’
1267 3816 1335 3869 ἀν
1386 3817 1736 3886 μεταϐάλλοι,
1782 3818 1855 3889 μὴ
1891 3820 1989 3890 οὐχ

410 3907 603 3978 ἑτέρας
637 3906 907 3976 προτέρας
964 3907 1244 3977 ἐνεργείας
1274 3907 1478 3977 ταύτην
1508 3909 1657 3978 αὐτῷ
1689 3908 1789 3978 τὴν
1817 3927 1987 3979 μετ-α⁶

411 3997 573 4068 ϐολὴν
605 3997 1089 4069 ἀπειργασμένης*
1118 3999 1151 4067 ἢ
1179 3998 1242 4068 δὴ
1287 3999 1381 4050 καὶ
1423 3997 1521 4067 τῆς
1543 4000 1811 4064 γενέσεως
1835 3998 1985 4069 αὑτῷ

411 4091 564 4142 ἔσται
588 4090 759 4144 αίτία.
809 4090 920 4143 Καὶ
950 4087 1092 4144 οὕτω
1132 4089 1408 4143 οὐδοτιοῦν
1462 4090 1530 4143 ἂν
1568 4091 1778 4159 γένοιτο
1813 4091 1987 4144 αίτίου

411 4180 600 4249 χωρίς.
629 4182 738 4234 Καὶ
773 4180 930 4249 δῆλός
970 4182 1115 4234 ἐστιν
1145 4180 1519 4250 Ἀριστοτέλης
1562 4182 1618 4233 ἑν
1639 4183 1705 4251 τῇ
1740 4181 1810 4233 τά
1850 4184 1991 4249 μετά

408 4272 480 4324 τά
504 4270 707 4338 φυσικά
733 4271 881 4341 αὐτῷ
927 4273 1280 4342 πραγματείᾳ
1316 4272 1417 4334 τὰς
1473 4271 1671 4336 πολλὰς
1727 4273 1835 4326 τῶν
1864 4273 1991 4327 ἑαυ-

410 4362 506 4416 τοῦ
567 4362 821 4432 ἀμαθιῶν
851 4364 1236 4433 συμφορήσας,
1290 4363 1451 4418 τοῦτό
1502 4381 1604 4417 που
1655 4365 1991 4434 φαυλότατον

416 4463 637 4515 ¹ιτᾶιντων
670 4464 716 4514 εί
725 4460 928 4530 ρηκώς.

2088 906 2383 975 movetur),
2410 922 2569 960 omne
2613 914 2791 960 autem
2814 909 2955 975 quod
2984 909 3059 974 lit,
3090 908 3140 960 id
3172 909 3261 960 liat
3296 924 3324 961 a
3362 922 3526 962 causa
3560 909 3662 963 ali-

2086 1012 2217 1068 qua,
2244 1006 2505 1067 sequetur
2538 997 2683 1063 inde,
2705 998 2846 1066 quod
2869 999 3028 1053 etiam
3045 1013 3205 1052 omne
3224 999 3367 1066 quod
3395 1010 3659 1062 movetur,

2086 1092 2155 1145 ab
2181 1091 2368 1158 aliqua
2404 1106 2570 1145 causa
2601 1105 2834 1145 necesse
2866 1090 2935 1145 sit
2965 1090 3192 1145 moveri.
3225 1092 3292 1143 At
3350 1090 3438 1145 ille
3487 1091 3664 1160 posito

2090 1183 2191 1237 hoc
2215 1200 2312 1252 pro
2339 1185 2689 1247 conﬁrmato,
2754 1184 3059 1253 aliquarum
3088 1185 3297 1239 scilicet
3324 1199 3500 1239 rerum
3528 1199 3663 1239 cauo

2094 1288 2209 1327 sam
2240 1289 2362 1329 esse
2388 1274 2618 1338 nullam,
2666 1275 3023 1329 nihilominus
3068 1281 3248 1328 tamen
3311 1273 3439 1327 illud
3485 1274 3664 1328 adhuc

2089 1364 2309 1417 ﬁrmum
2340 1362 2458 1417 fore
2492 1346 2771 1432 opinatur,
2802 1367 2940 1433 quod
2975 1366 3042 1419 ab
3073 1365 3280 1433 aliquo,
3327 1378 3664 1433 quaecunque

2088 1463 2399 1515 moventur,
2428 1456 2632 1509 moveri
2675 1457 2746 1510 sit
2807 1470 3050 1511 neceSse.
3084 1455 3190 1510 Nec
3251 1455 3656 1520 animadvertit,

2088 1545 2233 1615 quod
2267 1546 2482 1599 sublata
2508 1545 2814 1613 aliquarum
2850 1561 3033 1599 rerum
3092 1560 3214 1614 qua:
3270 1546 3404 1599 ﬁunt
3471 1560 3659 1608 causa,

2087 1635 2250 1690 etiam
2282 1634 2470 1705 opinio
2498 1650 2619 1702 qua:
2653 1635 2887 1689 habetur
2911 1635 2981 1690 de
3010 1634 3117 1689 Deo
3150 1636 3382 1690 debilior
3422 1636 3663 1691 imbecil-

2090 1726 2299 1796 liorque
2325 1726 2437 1780 ﬁat.
2490 1724 2835 1780 Manifestum
2890 1736 2975 1781 est
3024 1727 3189 1789 enim,
3251 1726 3395 1797 quod
3439 1726 3661 1797 quidam

2090 1828 2310 1888 propter
2338 1818 2479 1873 hanc
2506 1818 2784 1873 notionem
2814 1834 2935 1888 qua:
2967 1819 3150 1884 habet,
3210 1821 3342 1875 nihil
3395 1822 3512 1875 sine
3564 1835 3659 1875 sua

2090 1922 2252 1962 causa
2287 1907 2425 1973 fieri,
2473 1908 2800 1977 prazcipuam
2857 1918 2911 1962 et
2952 1909 3387 1978 vulgarissimam
3433 1910 3503 1964 de
3551 1910 3662 1963 Deo

2074 1998 2414 2077 sententiam
2469 1998 2891 2067 amplectantur.
2944 1999 3079 2054 Nam
3143 2001 3363 2069 quando
3412 2000 3662 2056 videntur

2087 2089 2291 2157 aliqua,
2320 2103 2440 2157 qua:
2465 2088 2599 2144 ﬁunt
2634 2090 2688 2144 in
2723 2090 2827 2145 hoc
2858 2092 3083 2156 mundo,
3115 2107 3287 2160 eaque
3343 2093 3664 2147 manifestas

2088 2195 2196 2233 non
2230 2179 2662 2244 babentcausas,
2699 2190 2811 2235 tum
2842 2183 3110 2244 homines,
3164 2183 3255 2251 qui
3298 2197 3464 2237 omne
3513 2182 3661 2252 quod

2090 2272 2257 2334 tit,ab
2287 2272 2473 2341 aliqua
2518 2287 2684 2327 causa
2748 2273 2861 2327 ﬁeri
2915 2283 3253 2343 compertum
3308 2274 3531 2337 habent,
3595 2273 3664 2328 ad

2088 2370 2294 2419 natura:
2352 2362 2553 2418 divinae
2611 2364 2980 2433 cognitionem
3039 2364 3310 2418 feruntur.
3366 2363 3668 2432 Oportebat

2089 2464 2271 2509 autem
2326 2453 2727 2518 demonstrare,
2768 2470 2802 2508 ο
2855 2454 3197 2515 Aristoteles,
3249 2455 3535 2524 qualenam
3594 2455 3667 2508 sit

2091 2546 2241 2609 illud,
2265 2546 2409 2611 quod
2436 2546 2554 2600 sine
2585 2560 2751 2599 causa
2780 2546 2955 2609 fieret,
2984 2560 3161 2614 neque
3217 2545 3289 2598 ita
3344 2544 3665 2613 simpliciter

2086 2652 2198 2692 rem
2223 2636 2511 2691 aliirmare.
2537 2637 2606 2689 At
2635 2638 2779 2691 dicet
2807 2636 3036 2691 fortasse
3064 2637 3263 2703 aliquis
3298 2636 3642 2689 deliberatio-

2086 2744 2209 2782 nem
2235 2742 2356 2783 esse
2393 2742 2457 2782 ex
2487 2742 2553 2781 eo
2577 2743 2794 2797 genere,
2823 2728 2874 2782 id
2910 2729 3055 2797 quod
3106 2728 3221 2797 ipse
3261 2726 3579 2781 Aristoteles
3608 2725 3661 2778 in

2087 2821 2241 2875 libris
2264 2820 2332 2873 de
2372 2818 2819 2888 interpretatione
2867 2819 3076 2872 videtur
3147 2818 3348 2872 dicere.
3403 2816 3667 2870 Videmus

2088 2927 2345 2982 namque,
2375 2913 2469 2977 ait,
2500 2910 2824 2980 principium
2856 2908 3162 2963 futurorum
3187 2923 3308 2962 cum
3344 2921 3371 2961 a
3396 2905 3665 2960 delibera-

2088 3008 2254 3066 tione,
2320 3013 2430 3057 tum
2469 3003 2536 3056 ab
2588 3001 2801 3056 actione
2853 2998 2969 3069 ipsa
3025 2998 3309 3052 exsistere.
3368 2996 3472 3051 Sed
3524 2996 3669 3049 ineo

2089 3092 2245 3161 plane
2274 3098 2439 3145 errat.
2471 3089 2656 3157 Neque
2685 3088 2831 3141 enim
2866 3087 3189 3141 deliberatio
3219 3095 3303 3141 est
3331 3085 3661 3156 principium

2088 3183 2417 3247 futurorum,
2450 3180 2660 3233 tametsi
2686 3178 2979 3247 aliquando
3007 3179 3088 3231 sit
3105 3193 3291 3233 causa.
3323 3175 3455 3245 Ejus
3480 3186 3662 3231 autem

2088 3274 2190 3340 rei,
2224 3274 2290 3327 de
2318 3286 2423 3341 qua
2477 3270 2779 3325 deliberant
2841 3268 3113 3330 homines,
3173 3268 3288 3336 ipsa
3345 3269 3664 3336 neutiquam

2087 3363 2419 3437 principium
2453 3371 2536 3417 est
2568 3359 2907 3422 deliberatio,
2934 3358 3374 3427 quandoquidem
3440 3359 3668 3427 hujusce

2088 3457 2262 3528 ipsius
2290 3456 2409 3510 alia:
2436 3460 2700 3523 apparent
2758 3452 2968 3520 priores
2993 3460 3045 3504 et
3078 3449 3417 3519 antiquiores
3464 3463 3661 3507 causte.

2088 3564 2152 3603 ea
2177 3546 2427 3601 videlicet
2454 3558 2573 3613 quae
2600 3557 2700 3596 nos
2739 3540 3107 3594 circumstant
3142 3537 3377 3605 negotia.
3407 3536 3463 3591 Id
3521 3538 3669 3605 quod

2089 3639 2215 3692 inde
2242 3635 2451 3706 liquido
2480 3643 2647 3704 patet,
2671 3631 2940 3701 siquidem
2965 3631 3071 3683 nisi
3102 3644 3201 3683 nos
3222 3629 3401 3697 aliqua
3430 3628 3669 3681 circum-

2090 3735 2235 3783 stent
2283 3724 2521 3795 negotia,
2578 3724 2644 3778 de
2694 3722 2895 3791 quibus
2954 3720 3375 3774 consultandum
3437 3718 3667 3778 videtur,

2090 3833 2189 3871 nos
2212 3831 2490 3884 nunquam
2544 3812 2893 3868 deliberaturi
2942 3825 3209 3865 essemus.
3268 3809 3373 3863 Sed
3420 3817 3671 3862 transea-

2092 3924 2233 3973 mus,
2259 3907 2472 3975 ipsique
2520 3903 2800 3958 Aristoteli
2861 3903 2963 3955 boc
3018 3901 3215 3969 dogma
3264 3900 3663 3969 relinquamus.

2088 3998 2360 4053 Jamvt-ro
2390 3996 2603 4049 sublato
2638 3997 2738 4049 hoc
2798 3994 3073 4045 axiomate
3128 4008 3142 4046 :
3184 3991 3427 4043 omnium
3485 4004 3666 4043 rerum

2090 4108 2213 4147 esse
2263 4091 2501 4159 aliquam
2582 4102 2833 4149 causam,
2908 4084 3250 4138 Aristotelem
3312 4082 3666 4137 nihilominus

2092 4182 2310 4251 sibiipsi
2365 4195 2489 4236 esse
2541 4178 2875 4233 contrarium
2938 4176 3310 4230 ostendemus.
3370 4174 3516 4228 Nihil
3579 4174 3669 4228 ille

2092 4276 2473 4331 arbitraturex
2533 4270 2783 4340 potentia
2842 4269 2895 4321 in
2957 4277 3136 4322 actum
3186 4280 3493 4334 erumpere,
3562 4264 3675 4318 nisi

2095 4369 2234 4423 alius
2263 4366 2482 4436 quidem
2519 4363 2806 4417 antecedat
2833 4370 3008 4424 actus,
3046 4360 3138 4429 qui
3174 4360 3427 4413 latentem
3483 4358 3671 4411 occul-

2096 4472 2146 4516 ta
2160 4475 2323 4528 mque
2346 4458 2493 4511 illam
2517 4456 2626 4509 vim
2662 4455 2774 4508 sive
2807 4451 3107 4521 potentiam
3138 4450 3203 4503 ad
3238 4449 3492 4503 ail‘ectum
3555 4449 3677 4504 sive

409 4572 590 4613 actum
618 4558 881 4627 impellat,
910 4568 964 4611 et
990 4561 1324 4626 promoveat.
1358 4555 1469 4611 Hoc
1536 4557 1712 4626 ipsum
1755 4555 1971 4630 axioma
2023 4555 2080 4609 in
2121 4552 2493 4623 disputatione
2560 4549 2626 4602 de
2657 4547 2990 4615 sempiterno
3059 4554 3209 4597 motu
3265 4556 3557 4609 usurpans,
3614 4545 3679 4595 et

409 4658 638 4712 alterum
671 4655 823 4720 illud,
879 4670 1095 4709 onmem
1151 4670 1371 4712 causam
1433 4652 1749 4708 necessario
1833 4666 2016 4718 agere,
2060 4652 2149 4705 °id
2211 4648 2357 4719 quod
2430 4646 2562 4716 agit,
2626 4641 3113 4714 sempiternitatem
3190 4650 3372 4696 motus
3437 4648 3681 4694 conatur

405 4756 806 4811 demonstrare.
835 4751 1071 4806 Proinde
1106 4751 1151 4807 si
1177 4752 1304 4821 quid
1336 4751 1429 4805 liat
1457 4766 1523 4805 ex
1558 4749 1625 4803 iis
1650 4763 1772 4818 quae
1823 4748 1980 4812 ﬁunt,
2022 4747 2075 4801 id
2107 4747 2284 4817 ipsutn
2310 4760 2373 4799 ex
2402 4742 2641 4814 potentia
2677 4742 2728 4793 in
2752 4740 2928 4793 lucem
2962 4736 3195 4807 produci
3257 4748 3480 4790 necesse
3543 4732 3667 4796 erit,

410 4846 463 4901 in
486 4862 645 4915 quam
673 4860 837 4915 porro
874 4860 1148 4914 nunquam
1180 4845 1533 4915 producetur,
1562 4844 1665 4898 nisi
1693 4842 1832 4898 alius
1861 4842 2081 4911 quidam
2113 4841 2399 4896 antecedat
2427 4847 2605 4901 actus,
2665 4835 2760 4905 qui
2816 4833 2973 4887 talem
3030 4831 3389 4884 mutationem
3452 4828 3667 4885 eiiiciat.

409 4936 580 5003 Quem
616 4938 801 5007 utique
856 4939 1014 4992 etiam
1066 4937 1433 5009 generationis
1474 4936 1851 5006 cujuscunque
1909 4935 1986 4989 rei
2026 4943 2304 4989 auctorem
2335 4940 2389 4987 ct
2422 4944 2644 4985 causam
2710 4924 2969 4981 constitui
3038 4930 3272 4989 oportet.
3341 4924 3515 4991 Atque
3567 4924 3671 4976 hoc

414 5032 572 5085 modo
604 5030 735 5083 nihil
766 5046 1007 5098 unquam
1046 5030 1374 5093 invenietur,
1432 5030 1579 5101 quod
1645 5031 1763 5085 sine
1807 5043 1971 5084 causa
2014 5027 2129 5082 ﬁeri
2190 5026 2296 5081 dici
2370 5024 2564 5093 possit.
2606 5021 2816 5087 Quibus
2856 5018 3243 5075 demonstratis
3271 5025 3498 5086 apparet
3559 5019 3671 5072 evi-

412 5121 727 5176 dentissime
757 5121 1098 5175 Aristotelem
1123 5123 1176 5175 in
1201 5136 1265 5176 eo
1288 5138 1470 5192 Opere,
1500 5123 1645 5191 quod
1672 5123 1739 5176 de
1762 5122 1826 5176 iis
1856 5136 1979 5189 quae
2021 5135 2109 5175 res
2144 5120 2399 5189 physicas
2427 5124 2846 5185 consequuntur
2873 5113 3091 5168 inscribi
3119 5111 3278 5179 solet,
3318 5112 3458 5166 inter
3529 5111 3675 5169 alios.

415 5214 614 5268 tnultos
639 5226 777 5283 quos
809 5214 1082 5282 congessit
1110 5227 1326 5269 errores
1359 5217 1412 5267 in
1447 5215 1547 5269 hac
1584 5228 1641 5268 re
1667 5212 1984 5283 turpissime
2022 5212 2237 5279 lapsum
2270 5223 2411 5263 esse.

1020 5305 1273 5360 ΚΕΦΛΛ.
1304 5306 1425 5362 ιϐ’..
2024 5310 2069 5366 Ι)

486 5398 696 5469 Εΰηθες
715 5397 760 5451 δ’
785 5397 951 5452 αὐτοῦ
990 5398 1085 5451 καὶ
1128 5398 1189 5449 τὸ
1218 5400 1283 5468 τῇ
1321 5403 1526 5467 φυσικῇ
1570 5400 1768 5464 ἐκεῖνο,
1800 5399 1862 5451 τὸ
1894 5398 1995 5468 τὴν

423 5491 639 5560 κίνησιν
674 5489 751 5560 μὴ
791 5489 1124 5559 συγχωρεῖν,
1158 5488 1343 5559 διττήν
1373 5506 1431 5542 τε
1462 5484 1601 5542 εἶναι
1644 5491 1737 5542 καὶ
1782 5488 1986 5558 ὁμώνυ-

2101 5489 2245 5558 quod
2283 5486 2422 5541 idem
2452 5484 2773 5540 Aristoteles
2813 5484 2867 5537 in
2905 5484 3144 5553 physicis
3195 5482 3376 5543 docet,
3413 5480 3503 5532 ubi
3550 5494 3666 5533 mo‘

419 5600 540 5653 μον,
580 5581 678 5649 τὴν
716 5581 816 5649 μὲν
855 5581 1162 5650 δραστικὴν
1204 5580 1266 5632 τέ
1313 5598 1436 5634 τινα
1471 5582 1567 5635 καὶ
1606 5582 1665 5633 ὲν
1694 5581 1770 5650 τῷ
1814 5598 1986 5633 κινου‹

2100 5587 2211 5630 tum
2260 5591 2366 5629 non
2401 5573 2651 5629 concedit
2709 5588 2830 5627 esse
2888 5573 3156 5641 duplicem
3188 5581 3241 5625 et
3300 5570 3671 5639 tequivocum,

420 5675 586 5742 μένῳ.
612 5672 805 5725 Καίτοι
823 5670 931 5723 τῶν
959 5688 1023 5739 γε
1052 5671 1337 5741 δυνάμεων
1357 5672 1466 5725 τῶν
1482 5673 1610 5740 περὶ
1639 5672 1855 5741 κίνησιν
1888 5672 1986 5723 διτ·

2098 5671 2262 5722 alium
2283 5668 2498 5737 quidem
2517 5667 2752 5720 activum
2776 5665 2867 5732 qui
2886 5673 2969 5718 est
2992 5664 3042 5716 in
3067 5673 3332 5725 movente,
3352 5661 3519 5715 alium
3538 5678 3668 5717 vero

418 5763 525 5815 τῶν
566 5765 598 5833 ὴ
651 5761 750 5833 μὲν
804 5762 1059 5833 κινητικῇ
1125 5762 1217 5814 καὶ
1271 5763 1327 5813 ἐν
1378 5761 1455 5828 τῷ
1505 5762 1807 5826 κινήσοντι,
1857 5761 1889 5829 ή
1936 5759 1986 5811 δὲ

2100 5760 2398 5828 passivum,
2421 5757 2513 5827 qui
2536 5769 2620 5813 cst
2645 5756 2695 5811 in
2723 5770 2787 5811 eo
2811 5754 2954 5825 quod
2990 5762 3259 5807 movetur.
3310 5754 3475 5824 Atqui
3539 5769 3663 5808 cum

426 5855 701 5925 παθητικὴ
755 5858 846 5909 καὶ
902 5856 958 5910 ὲν
1007 5854 1085 5924 τῷ
1138 5852 1555 5924 κινηθησομένῳ
1624 5853 1732 5905 δέοι
1782 5851 1845 5905 ἂν
1894 5852 1986 5903 καὶ

2096 5852 2203 5906 sint
2238 5849 2492 5918 potentia:
2520 5849 2663 5906 circa
2720 5856 2925 5904 motum
2976 5845 3237 5918 duplices,
3275 5863 3382 5903 una
3441 5846 3667 5918 quidem

2729 5298 3031 5353 CAP.XIX.
3378 5352 3381 5355 λ

2176 5397 2359 5464 Neque
2391 5393 2523 5449 illud
2555 5393 2836 5454 sapientia:
2870 5390 3153 5459 cujusdam
3196 5390 3358 5445 habet
3407 5389 3671 5454 speciem,
