  <div class='ocr_page' id='page_1' title='image "/cluster/home/n/w/nwhite01/storage/ocr_20150623/160/mdp.39015078384693/465.png"; bbox 0 0 4186 6290; ppageno 0'>
   <div class='ocr_carea' id='block_1_1' title="bbox 549 352 658 415">
    <p class='ocr_par' dir='ltr' id='par_1_1' title="bbox 549 352 658 415">
     <span class='ocr_line' id='line_1_1' title="bbox 549 352 658 415; baseline 0.018 -3"><span class='ocrx_word' id='word_1_1' title='bbox 549 352 658 415; x_wconf 82' lang='grc'><strong>915</strong></span> 
     </span>
    </p>
   </div>
   <div class='ocr_carea' id='block_1_2' title="bbox 1787 351 3324 436">
    <p class='ocr_par' dir='ltr' id='par_1_2' title="bbox 1787 351 3324 436">
     <span class='ocr_line' id='line_1_2' title="bbox 1787 351 3324 436; baseline -0.001 -25"><span class='ocrx_word' id='word_1_2' title='bbox 1787 353 2115 413; x_wconf 77' lang='lat' dir='ltr'><strong>GEORGII</strong></span> <span class='ocrx_word' id='word_1_3' title='bbox 2151 351 2592 413; x_wconf 79' lang='lat' dir='ltr'><strong>PLE&#39;I&#39;HONIS</strong></span> <span class='ocrx_word' id='word_1_4' title='bbox 3281 402 3324 436; x_wconf 72' lang='grc'><strong>,</strong></span> 
     </span>
    </p>
   </div>
   <div class='ocr_carea' id='block_1_3' title="bbox 3707 342 3812 404">
    <p class='ocr_par' dir='ltr' id='par_1_3' title="bbox 3707 342 3812 404">
     <span class='ocr_line' id='line_1_3' title="bbox 3707 342 3812 404; baseline 0.019 -2"><span class='ocrx_word' id='word_1_5' title='bbox 3707 342 3812 404; x_wconf 78' lang='lat'><strong>916</strong></span> 
     </span>
    </p>
   </div>
   <div class='ocr_carea' id='block_1_4' title="bbox 544 457 2128 542">
    <p class='ocr_par' dir='ltr' id='par_1_4' title="bbox 544 461 2120 542">
     <span class='ocr_line' id='line_1_4' title="bbox 544 461 2120 542; baseline -0.001 -23"><span class='ocrx_word' id='word_1_6' title='bbox 544 465 745 542; x_wconf 77' lang='lat' dir='ltr'><strong>motiva</strong></span> <span class='ocrx_word' id='word_1_7' title='bbox 778 475 1007 536; x_wconf 71' lang='lat' dir='ltr'><strong>quaeest</strong></span> <span class='ocrx_word' id='word_1_8' title='bbox 1065 464 1116 517; x_wconf 92' lang='lat' dir='ltr'><strong>in</strong></span> <span class='ocrx_word' id='word_1_9' title='bbox 1167 477 1232 518; x_wconf 90' lang='lat' dir='ltr'><strong>eo</strong></span> <span class='ocrx_word' id='word_1_10' title='bbox 1279 462 1425 532; x_wconf 91' lang='lat' dir='ltr'><strong>quod</strong></span> <span class='ocrx_word' id='word_1_11' title='bbox 1478 462 1736 526; x_wconf 76' lang='lat' dir='ltr'><strong>movebit,</strong></span> <span class='ocrx_word' id='word_1_12' title='bbox 1783 461 1886 516; x_wconf 87' lang='lat' dir='ltr'><strong>alia</strong></span> <span class='ocrx_word' id='word_1_13' title='bbox 1940 471 2120 517; x_wconf 90' lang='lat' dir='ltr'><strong>autem</strong></span> 
     </span>
    </p>
   </div>
   <div class='ocr_carea' id='block_1_5' title="bbox 2228 457 3809 542">
    <p class='ocr_par' dir='ltr' id='par_1_5' title="bbox 2228 457 3809 533">
     <span class='ocr_line' id='line_1_5' title="bbox 2228 457 3809 533; baseline -0.003 -17"><span class='ocrx_word' id='word_1_14' title='bbox 2228 463 2508 533; x_wconf 80' lang='grc' dir='ltr'><strong>ἐνέργειαν</strong></span> <span class='ocrx_word' id='word_1_15' title='bbox 2538 462 2765 516; x_wconf 73' lang='grc' dir='ltr'>ταύταιν</span> <span class='ocrx_word' id='word_1_16' title='bbox 2807 460 3050 530; x_wconf 72' lang='grc' dir='ltr'>ἑκατέρᾳ</span> <span class='ocrx_word' id='word_1_17' title='bbox 3101 459 3446 529; x_wconf 76' lang='grc' dir='ltr'><strong>κατάλληλον</strong></span> <span class='ocrx_word' id='word_1_18' title='bbox 3478 457 3809 518; x_wconf 84' lang='grc' dir='ltr'>ἀποδιδόναι,</span> 
     </span>
    </p>
   </div>
   <div class='ocr_carea' id='block_1_6' title="bbox 547 551 2122 624">
    <p class='ocr_par' dir='ltr' id='par_1_6' title="bbox 547 551 2122 624">
     <span class='ocr_line' id='line_1_6' title="bbox 547 551 2122 624; baseline -0.001 -18"><span class='ocrx_word' id='word_1_19' title='bbox 547 553 780 622; x_wconf 82' lang='lat' dir='ltr'><strong>passiva,</strong></span> <span class='ocrx_word' id='word_1_20' title='bbox 816 567 938 621; x_wconf 68' lang='lat' dir='ltr'><strong>qua:</strong></span> <span class='ocrx_word' id='word_1_21' title='bbox 963 562 1046 606; x_wconf 88' lang='lat' dir='ltr'><strong>est</strong></span> <span class='ocrx_word' id='word_1_22' title='bbox 1100 551 1153 605; x_wconf 93' lang='lat' dir='ltr'><strong>in</strong></span> <span class='ocrx_word' id='word_1_23' title='bbox 1207 566 1272 606; x_wconf 90' lang='lat' dir='ltr'><strong>eo</strong></span> <span class='ocrx_word' id='word_1_24' title='bbox 1322 551 1465 621; x_wconf 91' lang='lat' dir='ltr'><strong>quod</strong></span> <span class='ocrx_word' id='word_1_25' title='bbox 1517 551 1842 619; x_wconf 75' lang='lat' dir='ltr'><strong>movebitur,</strong></span> <span class='ocrx_word' id='word_1_26' title='bbox 1908 560 2122 624; x_wconf 91' lang='lat' dir='ltr'><strong>oportet</strong></span> 
     </span>
    </p>
   </div>
   <div class='ocr_carea' id='block_1_7' title="bbox 545 639 2123 716">
    <p class='ocr_par' dir='ltr' id='par_1_7' title="bbox 545 639 2123 716">
     <span class='ocr_line' id='line_1_7' title="bbox 545 639 2123 716; baseline 0.001 -24"><span class='ocrx_word' id='word_1_27' title='bbox 545 639 788 708; x_wconf 84' lang='lat' dir='ltr'><strong>profecto</strong></span> <span class='ocrx_word' id='word_1_28' title='bbox 820 642 985 693; x_wconf 85' lang='lat' dir='ltr'><strong>etiam</strong></span> <span class='ocrx_word' id='word_1_29' title='bbox 1017 648 1196 694; x_wconf 87' lang='lat' dir='ltr'><strong>actum</strong></span> <span class='ocrx_word' id='word_1_30' title='bbox 1235 641 1498 696; x_wconf 90' lang='lat' dir='ltr'><strong>constitui</strong></span> <span class='ocrx_word' id='word_1_31' title='bbox 1528 639 1798 716; x_wconf 85' lang='lat' dir='ltr'><strong>duplicem</strong></span> <span class='ocrx_word' id='word_1_32' title='bbox 1836 642 1931 709; x_wconf 88' lang='lat' dir='ltr'><strong>qui</strong></span> <span class='ocrx_word' id='word_1_33' title='bbox 1989 641 2123 695; x_wconf 88' lang='lat' dir='ltr'><strong>utri-</strong></span> 
     </span>
    </p>
   </div>
   <div class='ocr_carea' id='block_1_8' title="bbox 544 731 2120 808">
    <p class='ocr_par' dir='ltr' id='par_1_8' title="bbox 544 731 2120 808">
     <span class='ocr_line' id='line_1_8' title="bbox 544 731 2120 808; baseline 0.001 -24"><span class='ocrx_word' id='word_1_34' title='bbox 544 746 647 800; x_wconf 88' lang='lat' dir='ltr'><strong>que</strong></span> <span class='ocrx_word' id='word_1_35' title='bbox 679 731 933 800; x_wconf 72' lang='lat' dir='ltr'><strong>potentize</strong></span> <span class='ocrx_word' id='word_1_36' title='bbox 957 731 1403 801; x_wconf 87' lang='lat' dir='ltr'><strong>correspondeat,</strong></span> <span class='ocrx_word' id='word_1_37' title='bbox 1440 732 1657 787; x_wconf 74' lang='lat' dir='ltr'><strong>motivae</strong></span> <span class='ocrx_word' id='word_1_38' title='bbox 1681 731 1899 801; x_wconf 86' lang='lat' dir='ltr'><strong>quidem</strong></span> <span class='ocrx_word' id='word_1_39' title='bbox 1926 741 2120 808; x_wconf 83' lang='lat' dir='ltr'><strong>poten-</strong></span> 
     </span>
    </p>
   </div>
   <div class='ocr_carea' id='block_1_9' title="bbox 544 801 2120 896">
    <p class='ocr_par' dir='ltr' id='par_1_9' title="bbox 544 801 2120 896">
     <span class='ocr_line' id='line_1_9' title="bbox 544 801 2120 896; baseline 0.001 -19"><span class='ocrx_word' id='word_1_40' title='bbox 544 824 653 890; x_wconf 79' lang='lat' dir='ltr'><strong>tiae,</strong></span> <span class='ocrx_word' id='word_1_41' title='bbox 719 824 956 878; x_wconf 87' lang='lat' dir='ltr'><strong>activum</strong></span> <span class='ocrx_word' id='word_1_42' title='bbox 1011 835 1243 889; x_wconf 81' lang='lat' dir='ltr'><strong>motum,</strong></span> <span class='ocrx_word' id='word_1_43' title='bbox 1295 826 1451 880; x_wconf 82' lang='lat' dir='ltr'><strong>alteri</strong></span> <span class='ocrx_word' id='word_1_44' title='bbox 1517 836 1694 879; x_wconf 88' lang='lat' dir='ltr'><strong>autem</strong></span> <span class='ocrx_word' id='word_1_45' title='bbox 1748 839 1868 896; x_wconf 82' lang='lat' dir='ltr'><strong>quae</strong></span> <span class='ocrx_word' id='word_1_46' title='bbox 1914 801 2120 878; x_wconf 71' lang='lat' dir='ltr'><strong>moveri</strong></span> 
     </span>
    </p>
   </div>
   <div class='ocr_carea' id='block_1_10' title="bbox 545 916 2120 985">
    <p class='ocr_par' dir='ltr' id='par_1_10' title="bbox 545 916 2120 985">
     <span class='ocr_line' id='line_1_10' title="bbox 545 916 2120 985; baseline 0.002 -17"><span class='ocrx_word' id='word_1_47' title='bbox 545 917 737 971; x_wconf 83' lang='lat' dir='ltr'><strong>idonea</strong></span> <span class='ocrx_word' id='word_1_48' title='bbox 762 924 862 982; x_wconf 92' lang='lat' dir='ltr'><strong>est,</strong></span> <span class='ocrx_word' id='word_1_49' title='bbox 901 918 1199 985; x_wconf 88' lang='lat' dir='ltr'><strong>passivum.</strong></span> <span class='ocrx_word' id='word_1_50' title='bbox 1238 917 1340 975; x_wconf 87' lang='lat' dir='ltr'><strong>Sed</strong></span> <span class='ocrx_word' id='word_1_51' title='bbox 1370 917 1550 972; x_wconf 87' lang='lat' dir='ltr'><strong>timuit</strong></span> <span class='ocrx_word' id='word_1_52' title='bbox 1570 917 1658 970; x_wconf 90' lang='lat' dir='ltr'><strong>ille</strong></span> <span class='ocrx_word' id='word_1_53' title='bbox 1689 931 1756 970; x_wconf 92' lang='lat' dir='ltr'><strong>ne</strong></span> <span class='ocrx_word' id='word_1_54' title='bbox 1784 917 1869 971; x_wconf 91' lang='lat' dir='ltr'><strong>hic</strong></span> <span class='ocrx_word' id='word_1_55' title='bbox 1910 916 2120 971; x_wconf 89' lang='lat' dir='ltr'><strong>activus</strong></span> 
     </span>
    </p>
   </div>
   <div class='ocr_carea' id='block_1_11' title="bbox 547 1008 2119 1078">
    <p class='ocr_par' dir='ltr' id='par_1_11' title="bbox 547 1008 2119 1078">
     <span class='ocr_line' id='line_1_11' title="bbox 547 1008 2119 1078; baseline 0.003 -18"><span class='ocrx_word' id='word_1_56' title='bbox 547 1016 749 1073; x_wconf 86' lang='lat' dir='ltr'><strong>motus,</strong></span> <span class='ocrx_word' id='word_1_57' title='bbox 778 1018 958 1069; x_wconf 91' lang='lat' dir='ltr'><strong>motus</strong></span> <span class='ocrx_word' id='word_1_58' title='bbox 987 1023 1110 1062; x_wconf 90' lang='lat' dir='ltr'><strong>cum</strong></span> <span class='ocrx_word' id='word_1_59' title='bbox 1164 1008 1256 1071; x_wconf 91' lang='lat' dir='ltr'><strong>sit,</strong></span> <span class='ocrx_word' id='word_1_60' title='bbox 1319 1008 1612 1078; x_wconf 84' lang='lat' dir='ltr'><strong>aliquando</strong></span> <span class='ocrx_word' id='word_1_61' title='bbox 1657 1022 1763 1061; x_wconf 89' lang='lat' dir='ltr'><strong>non</strong></span> <span class='ocrx_word' id='word_1_62' title='bbox 1817 1016 2119 1070; x_wconf 85' lang='lat' dir='ltr'><strong>moveatur.</strong></span> 
     </span>
    </p>
   </div>
   <div class='ocr_carea' id='block_1_12' title="bbox 545 1097 2125 1170">
    <p class='ocr_par' dir='ltr' id='par_1_12' title="bbox 545 1097 2125 1170">
     <span class='ocr_line' id='line_1_12' title="bbox 545 1097 2125 1170; baseline 0.001 -19"><span class='ocrx_word' id='word_1_63' title='bbox 545 1097 615 1152; x_wconf 81' lang='lat' dir='ltr'><strong>At</strong></span> <span class='ocrx_word' id='word_1_64' title='bbox 651 1101 833 1154; x_wconf 90' lang='lat' dir='ltr'><strong>timuit</strong></span> <span class='ocrx_word' id='word_1_65' title='bbox 874 1101 983 1165; x_wconf 78' lang='lat' dir='ltr'><strong>ille,</strong></span> <span class='ocrx_word' id='word_1_66' title='bbox 1012 1101 1154 1170; x_wconf 90' lang='lat' dir='ltr'><strong>quod</strong></span> <span class='ocrx_word' id='word_1_67' title='bbox 1177 1100 1399 1154; x_wconf 88' lang='lat' dir='ltr'><strong>minime</strong></span> <span class='ocrx_word' id='word_1_68' title='bbox 1419 1100 1714 1154; x_wconf 90' lang='lat' dir='ltr'><strong>timendum</strong></span> <span class='ocrx_word' id='word_1_69' title='bbox 1743 1098 1957 1154; x_wconf 81' lang='lat' dir='ltr'><strong>fuisset.</strong></span> <span class='ocrx_word' id='word_1_70' title='bbox 1980 1099 2125 1164; x_wconf 80' lang='lat' dir='ltr'><strong>Quid</strong></span> 
     </span>
    </p>
   </div>
   <div class='ocr_carea' id='block_1_13' title="bbox 545 1191 2120 1260">
    <p class='ocr_par' dir='ltr' id='par_1_13' title="bbox 545 1191 2120 1260">
     <span class='ocr_line' id='line_1_13' title="bbox 545 1191 2120 1260; baseline 0.001 -18"><span class='ocrx_word' id='word_1_71' title='bbox 545 1191 688 1243; x_wconf 85' lang='lat' dir='ltr'><strong>enim</strong></span> <span class='ocrx_word' id='word_1_72' title='bbox 720 1191 970 1260; x_wconf 91' lang='lat' dir='ltr'><strong>prohibet</strong></span> <span class='ocrx_word' id='word_1_73' title='bbox 1000 1192 1242 1245; x_wconf 89' lang='lat' dir='ltr'><strong>activum</strong></span> <span class='ocrx_word' id='word_1_74' title='bbox 1271 1191 1422 1245; x_wconf 85' lang='lat' dir='ltr'><strong>illum</strong></span> <span class='ocrx_word' id='word_1_75' title='bbox 1477 1201 1683 1245; x_wconf 86' lang='lat' dir='ltr'><strong>motum</strong></span> <span class='ocrx_word' id='word_1_76' title='bbox 1740 1201 1794 1246; x_wconf 91' lang='lat' dir='ltr'><strong>et</strong></span> <span class='ocrx_word' id='word_1_77' title='bbox 1846 1206 1969 1244; x_wconf 90' lang='lat' dir='ltr'><strong>eum</strong></span> <span class='ocrx_word' id='word_1_78' title='bbox 2029 1191 2120 1260; x_wconf 87' lang='lat' dir='ltr'><strong>qui</strong></span> 
     </span>
    </p>
   </div>
   <div class='ocr_carea' id='block_1_14' title="bbox 548 1283 2122 1355">
    <p class='ocr_par' dir='ltr' id='par_1_14' title="bbox 548 1283 2122 1355">
     <span class='ocr_line' id='line_1_14' title="bbox 548 1283 2122 1355; baseline 0.001 -21"><span class='ocrx_word' id='word_1_79' title='bbox 548 1289 749 1346; x_wconf 83' lang='lat' dir='ltr'><strong>movet,</strong></span> <span class='ocrx_word' id='word_1_80' title='bbox 769 1297 878 1335; x_wconf 88' lang='lat' dir='ltr'><strong>non</strong></span> <span class='ocrx_word' id='word_1_81' title='bbox 908 1283 1112 1342; x_wconf 86' lang='lat' dir='ltr'><strong>moveri</strong></span> <span class='ocrx_word' id='word_1_82' title='bbox 1135 1283 1300 1338; x_wconf 85' lang='lat' dir='ltr'><strong>?cum</strong></span> <span class='ocrx_word' id='word_1_83' title='bbox 1341 1285 1389 1338; x_wconf 91' lang='lat' dir='ltr'><strong>is</strong></span> <span class='ocrx_word' id='word_1_84' title='bbox 1412 1285 1504 1353; x_wconf 92' lang='lat' dir='ltr'><strong>qui</strong></span> <span class='ocrx_word' id='word_1_85' title='bbox 1534 1293 1738 1348; x_wconf 93' lang='lat' dir='ltr'><strong>movet,</strong></span> <span class='ocrx_word' id='word_1_86' title='bbox 1793 1285 2122 1355; x_wconf 45' lang='lat' dir='ltr'><strong>quandoque</strong></span> 
     </span>
    </p>
   </div>
   <div class='ocr_carea' id='block_1_15' title="bbox 546 1373 2118 1450">
    <p class='ocr_par' dir='ltr' id='par_1_15' title="bbox 546 1373 2118 1450">
     <span class='ocr_line' id='line_1_15' title="bbox 546 1373 2118 1450; baseline 0.001 -22"><span class='ocrx_word' id='word_1_87' title='bbox 546 1373 619 1436; x_wconf 83' lang='lat' dir='ltr'><strong>sit</strong></span> <span class='ocrx_word' id='word_1_88' title='bbox 653 1373 965 1450; x_wconf 73' lang='lat' dir='ltr'><strong>immobilis.</strong></span> <span class='ocrx_word' id='word_1_89' title='bbox 1000 1373 1076 1429; x_wconf 91' lang='lat' dir='ltr'><strong>De</strong></span> <span class='ocrx_word' id='word_1_90' title='bbox 1095 1375 1314 1443; x_wconf 90' lang='lat' dir='ltr'><strong>passivo</strong></span> <span class='ocrx_word' id='word_1_91' title='bbox 1334 1375 1477 1429; x_wconf 85' lang='lat' dir='ltr'><strong>enim</strong></span> <span class='ocrx_word' id='word_1_92' title='bbox 1529 1386 1677 1430; x_wconf 92' lang='lat' dir='ltr'><strong>motu</strong></span> <span class='ocrx_word' id='word_1_93' title='bbox 1726 1375 1926 1444; x_wconf 80' lang='lat' dir='ltr'><strong>palam,</strong></span> <span class='ocrx_word' id='word_1_94' title='bbox 1974 1376 2118 1445; x_wconf 89' lang='lat' dir='ltr'><strong>quod</strong></span> 
     </span>
    </p>
   </div>
   <div class='ocr_carea' id='block_1_16' title="bbox 549 1462 2126 1532">
    <p class='ocr_par' dir='ltr' id='par_1_16' title="bbox 549 1462 2126 1532">
     <span class='ocr_line' id='line_1_16' title="bbox 549 1462 2126 1532; baseline -0.001 -16"><span class='ocrx_word' id='word_1_95' title='bbox 549 1463 724 1532; x_wconf 84' lang='lat' dir='ltr'><strong>ipsius</strong></span> <span class='ocrx_word' id='word_1_96' title='bbox 750 1479 859 1518; x_wconf 91' lang='lat' dir='ltr'><strong>non</strong></span> <span class='ocrx_word' id='word_1_97' title='bbox 903 1464 1185 1518; x_wconf 86' lang='lat' dir='ltr'><strong>siteadetn</strong></span> <span class='ocrx_word' id='word_1_98' title='bbox 1212 1465 1373 1518; x_wconf 90' lang='lat' dir='ltr'><strong>ratio.</strong></span> <span class='ocrx_word' id='word_1_99' title='bbox 1402 1465 1478 1517; x_wconf 83' lang='lat' dir='ltr'><strong>Ac</strong></span> <span class='ocrx_word' id='word_1_100' title='bbox 1539 1464 1607 1516; x_wconf 90' lang='lat' dir='ltr'><strong>de</strong></span> <span class='ocrx_word' id='word_1_101' title='bbox 1675 1463 1854 1516; x_wconf 86' lang='lat' dir='ltr'><strong>activo</strong></span> <span class='ocrx_word' id='word_1_102' title='bbox 1910 1462 2003 1524; x_wconf 86' lang='lat' dir='ltr'><strong>illo</strong></span> <span class='ocrx_word' id='word_1_103' title='bbox 2059 1477 2126 1515; x_wconf 91' lang='lat' dir='ltr'><strong>ne</strong></span> 
     </span>
    </p>
   </div>
   <div class='ocr_carea' id='block_1_17' title="bbox 2229 553 3810 628">
    <p class='ocr_par' dir='ltr' id='par_1_17' title="bbox 2229 553 3810 628">
     <span class='ocr_line' id='line_1_17' title="bbox 2229 553 3810 628; baseline -0.004 -18"><span class='ocrx_word' id='word_1_104' title='bbox 2229 558 2295 628; x_wconf 82' lang='grc' dir='ltr'>τῇ</span> <span class='ocrx_word' id='word_1_105' title='bbox 2331 557 2429 627; x_wconf 79' lang='grc' dir='ltr'>μὲν</span> <span class='ocrx_word' id='word_1_106' title='bbox 2453 558 2708 628; x_wconf 79' lang='grc' dir='ltr'>κινητικῇ</span> <span class='ocrx_word' id='word_1_107' title='bbox 2739 555 2970 626; x_wconf 65' lang='grc' dir='ltr'>δυνάμει</span> <span class='ocrx_word' id='word_1_108' title='bbox 2994 555 3094 624; x_wconf 83' lang='grc' dir='ltr'>τὴν</span> <span class='ocrx_word' id='word_1_109' title='bbox 3123 554 3425 622; x_wconf 79' lang='grc' dir='ltr'>δραστικὴν</span> <span class='ocrx_word' id='word_1_110' title='bbox 3478 553 3719 624; x_wconf 85' lang='grc' dir='ltr'>κίνησιν,</span> <span class='ocrx_word' id='word_1_111' title='bbox 3744 554 3810 622; x_wconf 79' lang='grc' dir='ltr'>τῇ</span> 
     </span>
    </p>
   </div>
   <div class='ocr_carea' id='block_1_18' title="bbox 2227 642 3810 720">
    <p class='ocr_par' dir='ltr' id='par_1_18' title="bbox 2227 642 3810 720">
     <span class='ocr_line' id='line_1_18' title="bbox 2227 642 3810 720; baseline 0 -20"><span class='ocrx_word' id='word_1_112' title='bbox 2227 649 2286 701; x_wconf 79' lang='grc' dir='ltr'>δὲ</span> <span class='ocrx_word' id='word_1_113' title='bbox 2339 651 2540 719; x_wconf 79' lang='grc' dir='ltr'>κινηκῇ</span> <span class='ocrx_word' id='word_1_114' title='bbox 2604 649 2702 718; x_wconf 81' lang='grc' dir='ltr'>τὴν</span> <span class='ocrx_word' id='word_1_115' title='bbox 2762 647 3097 720; x_wconf 75' lang='grc' dir='ltr'>παθητικήν.</span> <span class='ocrx_word' id='word_1_116' title='bbox 3166 645 3329 698; x_wconf 78' lang='grc' dir='ltr'>Ἀλλὰ</span> <span class='ocrx_word' id='word_1_117' title='bbox 3396 644 3604 708; x_wconf 79' lang='grc' dir='ltr'>δέδιεν,</span> <span class='ocrx_word' id='word_1_118' title='bbox 3656 642 3810 714; x_wconf 79' lang='grc' dir='ltr'><strong>μὴή</strong></span> 
     </span>
    </p>
   </div>
   <div class='ocr_carea' id='block_1_19' title="bbox 2225 733 3807 811">
    <p class='ocr_par' dir='ltr' id='par_1_19' title="bbox 2225 733 3807 811">
     <span class='ocr_line' id='line_1_19' title="bbox 2225 733 3807 811; baseline -0.003 -18"><span class='ocrx_word' id='word_1_119' title='bbox 2225 739 2496 811; x_wconf 74' lang='grc' dir='ltr'>δραστικὴ</span> <span class='ocrx_word' id='word_1_120' title='bbox 2533 738 2672 810; x_wconf 75' lang='grc' dir='ltr'>αὕτη</span> <span class='ocrx_word' id='word_1_121' title='bbox 2692 739 2905 810; x_wconf 79' lang='grc' dir='ltr'>κίνησις</span> <span class='ocrx_word' id='word_1_122' title='bbox 2939 733 3074 791; x_wconf 73' lang='grc' dir='ltr'>οὖσα</span> <span class='ocrx_word' id='word_1_123' title='bbox 3109 736 3224 794; x_wconf 76' lang='grc' dir='ltr'><strong>ἔσθ’</strong></span> <span class='ocrx_word' id='word_1_124' title='bbox 3251 737 3340 792; x_wconf 85' lang='grc' dir='ltr'><strong>ὅτε</strong></span> <span class='ocrx_word' id='word_1_125' title='bbox 3389 740 3450 788; x_wconf 76' lang='grc' dir='ltr'>οὔ</span> <span class='ocrx_word' id='word_1_126' title='bbox 3494 736 3807 804; x_wconf 85' lang='grc' dir='ltr'>κινήσηται.</span> 
     </span>
    </p>
   </div>
   <div class='ocr_carea' id='block_1_20' title="bbox 2239 826 3811 900">
    <p class='ocr_par' dir='ltr' id='par_1_20' title="bbox 2239 826 3811 900">
     <span class='ocr_line' id='line_1_20' title="bbox 2239 826 3811 900; baseline -0.004 -16"><span class='ocrx_word' id='word_1_127' title='bbox 2239 831 2416 894; x_wconf 82' lang='grc' dir='ltr'>Ἀδεὲς</span> <span class='ocrx_word' id='word_1_128' title='bbox 2447 831 2492 883; x_wconf 81' lang='grc' dir='ltr'>δ’</span> <span class='ocrx_word' id='word_1_129' title='bbox 2514 830 2589 893; x_wconf 86' lang='grc' dir='ltr'><strong>ὡς</strong></span> <span class='ocrx_word' id='word_1_130' title='bbox 2611 829 2797 893; x_wconf 90' lang='grc' dir='ltr'>δεδιώς</span> <span class='ocrx_word' id='word_1_131' title='bbox 2821 846 2837 898; x_wconf 88' lang='grc'><strong>;</strong></span> <span class='ocrx_word' id='word_1_132' title='bbox 2863 830 2928 882; x_wconf 86' lang='grc' dir='ltr'>Τί</span> <span class='ocrx_word' id='word_1_133' title='bbox 2963 829 3070 900; x_wconf 77' lang='grc' dir='ltr'>γὰρ</span> <span class='ocrx_word' id='word_1_134' title='bbox 3099 827 3160 882; x_wconf 78' lang='grc' dir='ltr'><strong>τὸ</strong></span> <span class='ocrx_word' id='word_1_135' title='bbox 3187 826 3432 882; x_wconf 77' lang='grc' dir='ltr'><strong>κωλῦσον</strong></span> <span class='ocrx_word' id='word_1_136' title='bbox 3463 826 3564 896; x_wconf 77' lang='grc' dir='ltr'><strong>τὴν</strong></span> <span class='ocrx_word' id='word_1_137' title='bbox 3593 826 3811 896; x_wconf 86' lang='grc' dir='ltr'>δραστι-</span> 
     </span>
    </p>
   </div>
   <div class='ocr_carea' id='block_1_21' title="bbox 2229 917 3807 992">
    <p class='ocr_par' dir='ltr' id='par_1_21' title="bbox 2229 917 3807 992">
     <span class='ocr_line' id='line_1_21' title="bbox 2229 917 3807 992; baseline -0.004 -15"><span class='ocrx_word' id='word_1_138' title='bbox 2229 920 2337 992; x_wconf 72' lang='grc' dir='ltr'><strong>κὴν</strong></span> <span class='ocrx_word' id='word_1_139' title='bbox 2364 922 2817 992; x_wconf 82' lang='grc' dir='ltr'>ταύτην-κίνησιν</span> <span class='ocrx_word' id='word_1_140' title='bbox 2857 923 2950 976; x_wconf 72' lang='grc' dir='ltr'><strong>καὶ</strong></span> <span class='ocrx_word' id='word_1_141' title='bbox 2986 921 3248 980; x_wconf 81' lang='grc' dir='ltr'>κινοῦσαν</span> <span class='ocrx_word' id='word_1_142' title='bbox 3298 920 3468 990; x_wconf 77' lang='grc' dir='ltr'>αὐτὴν</span> <span class='ocrx_word' id='word_1_143' title='bbox 3512 917 3589 988; x_wconf 83' lang='grc' dir='ltr'>μὴ</span> <span class='ocrx_word' id='word_1_144' title='bbox 3635 919 3807 970; x_wconf 83' lang='grc' dir='ltr'>κινεῖ-</span> 
     </span>
    </p>
   </div>
   <div class='ocr_carea' id='block_1_22' title="bbox 2231 1008 3807 1080">
    <p class='ocr_par' dir='ltr' id='par_1_22' title="bbox 2231 1008 3807 1080">
     <span class='ocr_line' id='line_1_22' title="bbox 2231 1008 3807 1080; baseline -0.003 -15"><span class='ocrx_word' id='word_1_145' title='bbox 2231 1014 2390 1076; x_wconf 79' lang='grc' dir='ltr'>σθαι;</span> <span class='ocrx_word' id='word_1_146' title='bbox 2422 1013 2576 1075; x_wconf 73' lang='grc' dir='ltr'>ὄντος</span> <span class='ocrx_word' id='word_1_147' title='bbox 2607 1013 2737 1068; x_wconf 76' lang='grc' dir='ltr'>ποτὲ</span> <span class='ocrx_word' id='word_1_148' title='bbox 2767 1012 2862 1066; x_wconf 90' lang='grc' dir='ltr'><strong>τοῦ</strong></span> <span class='ocrx_word' id='word_1_149' title='bbox 2891 1013 3170 1076; x_wconf 85' lang='grc' dir='ltr'>κινοῦντος</span> <span class='ocrx_word' id='word_1_150' title='bbox 3209 1011 3473 1080; x_wconf 82' lang='grc' dir='ltr'>ἀκινήτου</span> <span class='ocrx_word' id='word_1_151' title='bbox 3507 1027 3523 1076; x_wconf 87' lang='grc'><strong>;</strong></span> <span class='ocrx_word' id='word_1_152' title='bbox 3562 1008 3672 1078; x_wconf 80' lang='grc' dir='ltr'><strong>Τὴν</strong></span> <span class='ocrx_word' id='word_1_153' title='bbox 3709 1010 3807 1079; x_wconf 78' lang='grc' dir='ltr'>μὲν</span> 
     </span>
    </p>
   </div>
   <div class='ocr_carea' id='block_1_23' title="bbox 2229 1101 3808 1174">
    <p class='ocr_par' dir='ltr' id='par_1_23' title="bbox 2229 1101 3808 1174">
     <span class='ocr_line' id='line_1_23' title="bbox 2229 1101 3808 1174; baseline -0.003 -18"><span class='ocrx_word' id='word_1_154' title='bbox 2229 1104 2340 1173; x_wconf 78' lang='grc' dir='ltr'><strong>γὰρ</strong></span> <span class='ocrx_word' id='word_1_155' title='bbox 2371 1103 2687 1174; x_wconf 78' lang='grc' dir='ltr'>παθητικὴν</span> <span class='ocrx_word' id='word_1_156' title='bbox 2720 1105 2817 1174; x_wconf 78' lang='grc' dir='ltr'>οὐχ</span> <span class='ocrx_word' id='word_1_157' title='bbox 2845 1102 2958 1157; x_wconf 77' lang='grc' dir='ltr'>οἷόν</span> <span class='ocrx_word' id='word_1_158' title='bbox 2992 1121 3072 1161; x_wconf 85' lang='grc' dir='ltr'>τε.</span> <span class='ocrx_word' id='word_1_159' title='bbox 3107 1103 3186 1174; x_wconf 82' lang='grc' dir='ltr'><strong>Τῇ</strong></span> <span class='ocrx_word' id='word_1_160' title='bbox 3210 1103 3264 1156; x_wconf 82' lang='grc' dir='ltr'>δὲ</span> <span class='ocrx_word' id='word_1_161' title='bbox 3293 1102 3560 1172; x_wconf 80' lang='grc' dir='ltr'>δραστικῇ</span> <span class='ocrx_word' id='word_1_162' title='bbox 3583 1101 3808 1153; x_wconf 75' lang='grc' dir='ltr'>τίέσται</span> 
     </span>
    </p>
   </div>
   <div class='ocr_carea' id='block_1_24' title="bbox 2228 1191 3806 1266">
    <p class='ocr_par' dir='ltr' id='par_1_24' title="bbox 2228 1191 3806 1266">
     <span class='ocr_line' id='line_1_24' title="bbox 2228 1191 3806 1266; baseline -0.009 -10"><span class='ocrx_word' id='word_1_163' title='bbox 2228 1196 2288 1256; x_wconf 69' lang='grc' dir='ltr'>τὸ</span> <span class='ocrx_word' id='word_1_164' title='bbox 2324 1195 2596 1266; x_wconf 77' lang='grc' dir='ltr'>ἐμποδών.</span> <span class='ocrx_word' id='word_1_165' title='bbox 2633 1196 2720 1251; x_wconf 83' lang='grc' dir='ltr'>Ἑν</span> <span class='ocrx_word' id='word_1_166' title='bbox 2750 1198 2961 1261; x_wconf 81' lang='grc' dir='ltr'>τούτοις</span> <span class='ocrx_word' id='word_1_167' title='bbox 2992 1197 3154 1266; x_wconf 78' lang='grc' dir='ltr'>ἡμεῖς</span> <span class='ocrx_word' id='word_1_168' title='bbox 3185 1193 3532 1266; x_wconf 81' lang='grc' dir='ltr'>Ἀριστοτέλη</span> <span class='ocrx_word' id='word_1_169' title='bbox 3565 1191 3806 1262; x_wconf 77' lang='grc' dir='ltr'>ἀμαθαίο</span> 
     </span>
    </p>
   </div>
   <div class='ocr_carea' id='block_1_25' title="bbox 2228 1284 3805 1358">
    <p class='ocr_par' dir='ltr' id='par_1_25' title="bbox 2228 1284 3805 1358">
     <span class='ocr_line' id='line_1_25' title="bbox 2228 1284 3805 1358; baseline -0.005 -16"><span class='ocrx_word' id='word_1_170' title='bbox 2228 1306 2392 1342; x_wconf 88' lang='grc' dir='ltr'>νοντα</span> <span class='ocrx_word' id='word_1_171' title='bbox 2422 1290 2806 1358; x_wconf 84' lang='grc' dir='ltr'>ἀποφαίνομεν</span> <span class='ocrx_word' id='word_1_172' title='bbox 2837 1291 2896 1342; x_wconf 78' lang='grc' dir='ltr'><strong>οὐ</strong></span> <span class='ocrx_word' id='word_1_173' title='bbox 2932 1289 3113 1343; x_wconf 80' lang='grc' dir='ltr'>πάντα</span> <span class='ocrx_word' id='word_1_174' title='bbox 3156 1286 3347 1352; x_wconf 82' lang='grc' dir='ltr'>αὐτοῦ,</span> <span class='ocrx_word' id='word_1_175' title='bbox 3384 1287 3452 1339; x_wconf 83' lang='grc' dir='ltr'>τὰ</span> <span class='ocrx_word' id='word_1_176' title='bbox 3483 1285 3537 1338; x_wconf 81' lang='grc' dir='ltr'>δὲ</span> <span class='ocrx_word' id='word_1_177' title='bbox 3572 1284 3805 1354; x_wconf 85' lang='grc' dir='ltr'>μέγιστα</span> 
     </span>
    </p>
   </div>
   <div class='ocr_carea' id='block_1_26' title="bbox 2229 1372 3808 1451">
    <p class='ocr_par' dir='ltr' id='par_1_26' title="bbox 2229 1372 3808 1451">
     <span class='ocr_line' id='line_1_26' title="bbox 2229 1372 3808 1451; baseline -0.004 -21"><span class='ocrx_word' id='word_1_178' title='bbox 2229 1379 2322 1431; x_wconf 78' lang='grc' dir='ltr'><strong>καί</strong></span> <span class='ocrx_word' id='word_1_179' title='bbox 2354 1379 2678 1450; x_wconf 79' lang='grc' dir='ltr'>κυριώτατα</span> <span class='ocrx_word' id='word_1_180' title='bbox 2705 1374 2779 1433; x_wconf 85' lang='grc' dir='ltr'>ὧν</span> <span class='ocrx_word' id='word_1_181' title='bbox 2828 1381 2963 1451; x_wconf 74' lang='grc' dir='ltr'>πρὸς</span> <span class='ocrx_word' id='word_1_182' title='bbox 3000 1378 3270 1433; x_wconf 85' lang='grc' dir='ltr'>Πλάτωνά</span> <span class='ocrx_word' id='word_1_183' title='bbox 3297 1393 3355 1431; x_wconf 91' lang='grc' dir='ltr'><strong>τε</strong></span> <span class='ocrx_word' id='word_1_184' title='bbox 3389 1376 3485 1430; x_wconf 78' lang='grc' dir='ltr'>καὶ</span> <span class='ocrx_word' id='word_1_185' title='bbox 3511 1375 3636 1437; x_wconf 84' lang='grc' dir='ltr'>τοὺς</span> <span class='ocrx_word' id='word_1_186' title='bbox 3676 1372 3808 1444; x_wconf 80' lang='grc' dir='ltr'>περὶ</span> 
     </span>
    </p>
   </div>
   <div class='ocr_carea' id='block_1_27' title="bbox 2233 1469 3243 1544">
    <p class='ocr_par' dir='ltr' id='par_1_27' title="bbox 2233 1469 3243 1544">
     <span class='ocr_line' id='line_1_27' title="bbox 2233 1469 3243 1544; baseline 0.004 -24"><span class='ocrx_word' id='word_1_187' title='bbox 2233 1469 2499 1525; x_wconf 84' lang='grc' dir='ltr'>Πλάτωνα</span> <span class='ocrx_word' id='word_1_188' title='bbox 2527 1473 2873 1544; x_wconf 85' lang='grc' dir='ltr'>διαφέρεται,</span> <span class='ocrx_word' id='word_1_189' title='bbox 2900 1471 3243 1536; x_wconf 74' lang='grc' dir='ltr'>ἐκλέξαντες.</span> 
     </span>
    </p>
   </div>
   <div class='ocr_carea' id='block_1_28' title="bbox 552 1542 2128 1635">
    <p class='ocr_par' dir='ltr' id='par_1_28' title="bbox 552 1542 2128 1626">
     <span class='ocr_line' id='line_1_28' title="bbox 552 1542 2128 1626; baseline 0 -13"><span class='ocrx_word' id='word_1_190' title='bbox 552 1559 873 1624; x_wconf 78' lang='lat' dir='ltr'><strong>aﬂirmetur,</strong></span> <span class='ocrx_word' id='word_1_191' title='bbox 903 1559 1038 1614; x_wconf 86' lang='lat' dir='ltr'><strong>nihil</strong></span> <span class='ocrx_word' id='word_1_192' title='bbox 1072 1558 1422 1626; x_wconf 76' lang='lat' dir='ltr'><strong>impediLAc</strong></span> <span class='ocrx_word' id='word_1_193' title='bbox 1493 1557 1546 1610; x_wconf 89' lang='lat' dir='ltr'><strong>in</strong></span> <span class='ocrx_word' id='word_1_194' title='bbox 1612 1557 1698 1611; x_wconf 87' lang='lat' dir='ltr'><strong>his</strong></span> <span class='ocrx_word' id='word_1_195' title='bbox 1735 1555 1952 1624; x_wconf 82' lang='lat' dir='ltr'><strong>quidem</strong></span> <span class='ocrx_word' id='word_1_196' title='bbox 2021 1542 2128 1613; x_wconf 81' lang='lat' dir='ltr'><strong>Ari:</strong></span> 
     </span>
    </p>
   </div>
   <div class='ocr_carea' id='block_1_29' title="bbox 2228 1542 3806 1635">
    <p class='ocr_par' dir='ltr' id='par_1_29' title="bbox 2228 1563 3806 1635">
     <span class='ocr_line' id='line_1_29' title="bbox 2228 1563 3806 1635; baseline 0.003 -20"><span class='ocrx_word' id='word_1_197' title='bbox 2228 1565 2331 1618; x_wconf 62' lang='lat' dir='ltr'><strong>,elis</strong></span> <span class='ocrx_word' id='word_1_198' title='bbox 2400 1566 2768 1635; x_wconf 66' lang='lat' dir='ltr'><strong>ignorantiam.</strong></span> <span class='ocrx_word' id='word_1_199' title='bbox 2818 1567 3146 1631; x_wconf 77' lang='lat' dir='ltr'><strong>deteximus,</strong></span> <span class='ocrx_word' id='word_1_200' title='bbox 3190 1582 3300 1622; x_wconf 89' lang='lat' dir='ltr'><strong>non</strong></span> <span class='ocrx_word' id='word_1_201' title='bbox 3363 1563 3552 1624; x_wconf 79' lang='lat' dir='ltr'><strong>omnia</strong></span> <span class='ocrx_word' id='word_1_202' title='bbox 3600 1570 3806 1625; x_wconf 80' lang='lat' dir='ltr'><strong>tamen.</strong></span> 
     </span>
    </p>
   </div>
   <div class='ocr_carea' id='block_1_30' title="bbox 551 1649 3732 1727">
    <p class='ocr_par' dir='ltr' id='par_1_30' title="bbox 551 1649 3732 1727">
     <span class='ocr_line' id='line_1_30' title="bbox 551 1649 3732 1727; baseline -0.001 -20"><span class='ocrx_word' id='word_1_203' title='bbox 551 1653 646 1708; x_wconf 79' lang='lat' dir='ltr'><strong>sed</strong></span> <span class='ocrx_word' id='word_1_204' title='bbox 679 1654 919 1706; x_wconf 76' lang='lat' dir='ltr'><strong>maxima</strong></span> <span class='ocrx_word' id='word_1_205' title='bbox 950 1662 1003 1706; x_wconf 91' lang='lat' dir='ltr'><strong>et</strong></span> <span class='ocrx_word' id='word_1_206' title='bbox 1043 1651 1313 1721; x_wconf 63' lang='lat' dir='ltr'><strong>praecipua</strong></span> <span class='ocrx_word' id='word_1_207' title='bbox 1364 1660 1697 1718; x_wconf 84' lang='lat' dir='ltr'><strong>exponentes</strong></span> <span class='ocrx_word' id='word_1_208' title='bbox 1750 1650 1803 1701; x_wconf 92' lang='lat' dir='ltr'><strong>in</strong></span> <span class='ocrx_word' id='word_1_209' title='bbox 1851 1649 2049 1718; x_wconf 85' lang='lat' dir='ltr'><strong>quibus</strong></span> <span class='ocrx_word' id='word_1_210' title='bbox 2095 1665 2124 1702; x_wconf 87' lang='lat' dir='ltr'><strong>a</strong></span> <span class='ocrx_word' id='word_1_211' title='bbox 2165 1651 2391 1708; x_wconf 81' lang='lat' dir='ltr'><strong>Platone</strong></span> <span class='ocrx_word' id='word_1_212' title='bbox 2412 1665 2467 1710; x_wconf 92' lang='lat' dir='ltr'><strong>et</strong></span> <span class='ocrx_word' id='word_1_213' title='bbox 2506 1657 2571 1711; x_wconf 91' lang='lat' dir='ltr'><strong>iis</strong></span> <span class='ocrx_word' id='word_1_214' title='bbox 2606 1658 2698 1727; x_wconf 88' lang='lat' dir='ltr'><strong>qui</strong></span> <span class='ocrx_word' id='word_1_215' title='bbox 2772 1655 3052 1714; x_wconf 87' lang='lat' dir='ltr'><strong>Platonem</strong></span> <span class='ocrx_word' id='word_1_216' title='bbox 3101 1664 3427 1725; x_wconf 81' lang='lat' dir='ltr'><strong>sequuntur,</strong></span> <span class='ocrx_word' id='word_1_217' title='bbox 3483 1650 3732 1709; x_wconf 87' lang='lat' dir='ltr'><strong>discedit.</strong></span> 
     </span>
    </p>
   </div>
   <div class='ocr_carea' id='block_1_31' title="bbox 1189 1743 1490 1800">
    <p class='ocr_par' dir='ltr' id='par_1_31' title="bbox 1189 1743 1490 1800">
     <span class='ocr_line' id='line_1_31' title="bbox 1189 1743 1490 1800; baseline -0.007 0"><span class='ocrx_word' id='word_1_218' title='bbox 1189 1745 1339 1800; x_wconf 84' lang='lat' dir='ltr'><strong>CAP.</strong></span> <span class='ocrx_word' id='word_1_219' title='bbox 1373 1743 1490 1798; x_wconf 79' lang='lat' dir='ltr'><strong>XX.</strong></span> 
     </span>
    </p>
   </div>
   <div class='ocr_carea' id='block_1_32' title="bbox 2833 1753 3204 1806">
    <p class='ocr_par' dir='ltr' id='par_1_32' title="bbox 2833 1753 3204 1806">
     <span class='ocr_line' id='line_1_32' title="bbox 2833 1753 3204 1806; baseline -0.008 0"><span class='ocrx_word' id='word_1_220' title='bbox 2833 1753 3083 1806; x_wconf 80' lang='grc' dir='ltr'>ΚΕΦΑΔ.</span> <span class='ocrx_word' id='word_1_221' title='bbox 3121 1753 3204 1804; x_wconf 82' lang='lat' dir='ltr'><strong>K&#39;.</strong></span> 
     </span>
    </p>
   </div>
   <div class='ocr_carea' id='block_1_33' title="bbox 625 1835 2128 1916">
    <p class='ocr_par' dir='ltr' id='par_1_33' title="bbox 625 1835 2128 1908">
     <span class='ocr_line' id='line_1_33' title="bbox 625 1835 2128 1908; baseline -0.001 -14"><span class='ocrx_word' id='word_1_222' title='bbox 625 1837 1003 1908; x_wconf 84' lang='lat' dir='ltr'><strong>Discrepantia</strong></span> <span class='ocrx_word' id='word_1_223' title='bbox 1063 1837 1372 1900; x_wconf 81' lang='lat' dir='ltr'><strong>Aristotelis</strong></span> <span class='ocrx_word' id='word_1_224' title='bbox 1414 1845 1468 1890; x_wconf 92' lang='lat' dir='ltr'><strong>et</strong></span> <span class='ocrx_word' id='word_1_225' title='bbox 1527 1835 1770 1892; x_wconf 80' lang='lat' dir='ltr'><strong>Platonis</strong></span> <span class='ocrx_word' id='word_1_226' title='bbox 1795 1837 1848 1890; x_wconf 90' lang='lat' dir='ltr'><strong>in</strong></span> <span class='ocrx_word' id='word_1_227' title='bbox 1886 1837 1953 1893; x_wconf 87' lang='lat' dir='ltr'><strong>iis</strong></span> <span class='ocrx_word' id='word_1_228' title='bbox 2009 1853 2128 1906; x_wconf 62' lang='lat' dir='ltr'><strong>quae</strong></span> 
     </span>
    </p>
   </div>
   <div class='ocr_carea' id='block_1_34' title="bbox 2228 1835 3808 1916">
    <p class='ocr_par' dir='ltr' id='par_1_34' title="bbox 2307 1839 3808 1916">
     <span class='ocr_line' id='line_1_34' title="bbox 2307 1839 3808 1916; baseline -0.004 -18"><span class='ocrx_word' id='word_1_229' title='bbox 2307 1845 2506 1908; x_wconf 81' lang='grc' dir='ltr'>Λοιπὸς</span> <span class='ocrx_word' id='word_1_230' title='bbox 2533 1845 2589 1898; x_wconf 82' lang='grc' dir='ltr'>δὲ</span> <span class='ocrx_word' id='word_1_231' title='bbox 2618 1844 2682 1916; x_wconf 84' lang='grc' dir='ltr'>δὴ</span> <span class='ocrx_word' id='word_1_232' title='bbox 2712 1847 2846 1916; x_wconf 75' lang='grc' dir='ltr'>ἡμῖν</span> <span class='ocrx_word' id='word_1_233' title='bbox 2873 1845 2984 1897; x_wconf 81' lang='grc' dir='ltr'><strong>τῶν</strong></span> <span class='ocrx_word' id='word_1_234' title='bbox 3011 1843 3287 1913; x_wconf 73' lang='grc' dir='ltr'>μεγίστων</span> <span class='ocrx_word' id='word_1_235' title='bbox 3315 1843 3412 1895; x_wconf 76' lang='grc' dir='ltr'>καὶ</span> <span class='ocrx_word' id='word_1_236' title='bbox 3440 1843 3467 1896; x_wconf 85' lang='grc' dir='ltr'><strong>ό</strong></span> <span class='ocrx_word' id='word_1_237' title='bbox 3491 1841 3621 1911; x_wconf 80' lang='grc' dir='ltr'>περὶ</span> <span class='ocrx_word' id='word_1_238' title='bbox 3647 1839 3808 1893; x_wconf 84' lang='grc' dir='ltr'>εἰδῶν</span> 
     </span>
    </p>
   </div>
   <div class='ocr_carea' id='block_1_35' title="bbox 550 1927 1842 1996">
    <p class='ocr_par' dir='ltr' id='par_1_35' title="bbox 550 1927 1842 1996">
     <span class='ocr_line' id='line_1_35' title="bbox 550 1927 1842 1996; baseline -0.003 -12"><span class='ocrx_word' id='word_1_239' title='bbox 550 1929 617 1984; x_wconf 86' lang='lat' dir='ltr'><strong>ad</strong></span> <span class='ocrx_word' id='word_1_240' title='bbox 657 1929 861 1984; x_wconf 83' lang='lat' dir='ltr'><strong>formas</strong></span> <span class='ocrx_word' id='word_1_241' title='bbox 885 1938 938 1984; x_wconf 91' lang='lat' dir='ltr'><strong>et</strong></span> <span class='ocrx_word' id='word_1_242' title='bbox 963 1927 1173 1996; x_wconf 87' lang='lat' dir='ltr'><strong>species</strong></span> <span class='ocrx_word' id='word_1_243' title='bbox 1194 1927 1556 1996; x_wconf 87' lang='lat' dir='ltr'><strong>sempiternas</strong></span> <span class='ocrx_word' id='word_1_244' title='bbox 1590 1927 1842 1985; x_wconf 87' lang='lat' dir='ltr'><strong>attinent.</strong></span> 
     </span>
    </p>
   </div>
   <div class='ocr_carea' id='block_1_36' title="bbox 623 2018 2128 2088">
    <p class='ocr_par' dir='ltr' id='par_1_36' title="bbox 623 2018 2128 2088">
     <span class='ocr_line' id='line_1_36' title="bbox 623 2018 2128 2088; baseline 0.001 -15"><span class='ocrx_word' id='word_1_245' title='bbox 623 2018 913 2088; x_wconf 72' lang='lat' dir='ltr'><strong>Reliquum</strong></span> <span class='ocrx_word' id='word_1_246' title='bbox 944 2020 1056 2088; x_wconf 88' lang='lat' dir='ltr'><strong>jam</strong></span> <span class='ocrx_word' id='word_1_247' title='bbox 1107 2028 1208 2083; x_wconf 91' lang='lat' dir='ltr'><strong>est,</strong></span> <span class='ocrx_word' id='word_1_248' title='bbox 1245 2029 1302 2072; x_wconf 93' lang='lat' dir='ltr'><strong>ut</strong></span> <span class='ocrx_word' id='word_1_249' title='bbox 1353 2018 1418 2073; x_wconf 87' lang='lat' dir='ltr'><strong>de</strong></span> <span class='ocrx_word' id='word_1_250' title='bbox 1472 2018 1760 2088; x_wconf 81' lang='lat' dir='ltr'><strong>speciebus</strong></span> <span class='ocrx_word' id='word_1_251' title='bbox 1818 2034 2128 2084; x_wconf 72' lang='lat' dir='ltr'><strong>sermonem</strong></span> 
     </span>
    </p>
   </div>
   <div class='ocr_carea' id='block_1_37' title="bbox 551 2111 2130 2181">
    <p class='ocr_par' dir='ltr' id='par_1_37' title="bbox 551 2111 2130 2181">
     <span class='ocr_line' id='line_1_37' title="bbox 551 2111 2130 2181; baseline 0.001 -13"><span class='ocrx_word' id='word_1_252' title='bbox 551 2113 928 2176; x_wconf 88' lang='lat' dir='ltr'><strong>instituamus,</strong></span> <span class='ocrx_word' id='word_1_253' title='bbox 981 2112 1048 2166; x_wconf 90' lang='lat' dir='ltr'><strong>de</strong></span> <span class='ocrx_word' id='word_1_254' title='bbox 1098 2112 1296 2181; x_wconf 88' lang='lat' dir='ltr'><strong>quibus</strong></span> <span class='ocrx_word' id='word_1_255' title='bbox 1352 2111 1589 2165; x_wconf 83' lang='lat' dir='ltr'><strong>maxima</strong></span> <span class='ocrx_word' id='word_1_256' title='bbox 1644 2111 1785 2165; x_wconf 82' lang='lat' dir='ltr'><strong>solet</strong></span> <span class='ocrx_word' id='word_1_257' title='bbox 1852 2113 2130 2170; x_wconf 84' lang='lat' dir='ltr'><strong>contentio</strong></span> 
     </span>
    </p>
   </div>
   <div class='ocr_carea' id='block_1_38' title="bbox 550 2201 2125 2272">
    <p class='ocr_par' dir='ltr' id='par_1_38' title="bbox 550 2201 2125 2272">
     <span class='ocr_line' id='line_1_38' title="bbox 550 2201 2125 2272; baseline -0.005 -10"><span class='ocrx_word' id='word_1_258' title='bbox 550 2205 778 2262; x_wconf 82' lang='lat' dir='ltr'><strong>moveri.</strong></span> <span class='ocrx_word' id='word_1_259' title='bbox 822 2203 879 2258; x_wconf 83' lang='lat' dir='ltr'><strong>in</strong></span> <span class='ocrx_word' id='word_1_260' title='bbox 920 2205 1004 2258; x_wconf 88' lang='lat' dir='ltr'><strong>bis</strong></span> <span class='ocrx_word' id='word_1_261' title='bbox 1035 2217 1165 2256; x_wconf 90' lang='lat' dir='ltr'><strong>vero</strong></span> <span class='ocrx_word' id='word_1_262' title='bbox 1215 2217 1320 2256; x_wconf 91' lang='lat' dir='ltr'><strong>non</strong></span> <span class='ocrx_word' id='word_1_263' title='bbox 1393 2203 1614 2272; x_wconf 91' lang='lat' dir='ltr'><strong>quidem</strong></span> <span class='ocrx_word' id='word_1_264' title='bbox 1648 2201 1860 2256; x_wconf 81' lang='lat' dir='ltr'><strong>Platoni</strong></span> <span class='ocrx_word' id='word_1_265' title='bbox 1891 2217 2125 2257; x_wconf 85' lang='lat' dir='ltr'><strong>consen-</strong></span> 
     </span>
    </p>
   </div>
   <div class='ocr_carea' id='block_1_39' title="bbox 558 2292 2131 2362">
    <p class='ocr_par' dir='ltr' id='par_1_39' title="bbox 558 2292 2131 2362">
     <span class='ocr_line' id='line_1_39' title="bbox 558 2292 2131 2362; baseline -0.005 -10"><span class='ocrx_word' id='word_1_266' title='bbox 558 2298 781 2360; x_wconf 87' lang='lat' dir='ltr'><strong>tiemus,</strong></span> <span class='ocrx_word' id='word_1_267' title='bbox 811 2297 904 2356; x_wconf 88' lang='lat' dir='ltr'><strong>sed</strong></span> <span class='ocrx_word' id='word_1_268' title='bbox 948 2294 1298 2350; x_wconf 82' lang='lat' dir='ltr'><strong>Aristotelem</strong></span> <span class='ocrx_word' id='word_1_269' title='bbox 1345 2294 1507 2352; x_wconf 87' lang='lat' dir='ltr'><strong>etiam</strong></span> <span class='ocrx_word' id='word_1_270' title='bbox 1558 2295 1661 2349; x_wconf 89' lang='lat' dir='ltr'><strong>hac</strong></span> <span class='ocrx_word' id='word_1_271' title='bbox 1695 2293 1749 2348; x_wconf 92' lang='lat' dir='ltr'><strong>in</strong></span> <span class='ocrx_word' id='word_1_272' title='bbox 1798 2302 1951 2362; x_wconf 87' lang='lat' dir='ltr'><strong>parte</strong></span> <span class='ocrx_word' id='word_1_273' title='bbox 1992 2292 2131 2358; x_wconf 88' lang='lat' dir='ltr'><strong>male</strong></span> 
     </span>
    </p>
   </div>
   <div class='ocr_carea' id='block_1_40' title="bbox 553 2386 2127 2458">
    <p class='ocr_par' dir='ltr' id='par_1_40' title="bbox 553 2386 2127 2458">
     <span class='ocr_line' id='line_1_40' title="bbox 553 2386 2127 2458; baseline -0.003 -14"><span class='ocrx_word' id='word_1_274' title='bbox 553 2390 970 2453; x_wconf 81' lang='lat' dir='ltr'><strong>contradixisse,</strong></span> <span class='ocrx_word' id='word_1_275' title='bbox 1009 2397 1062 2442; x_wconf 91' lang='lat' dir='ltr'><strong>et</strong></span> <span class='ocrx_word' id='word_1_276' title='bbox 1087 2387 1140 2441; x_wconf 91' lang='lat' dir='ltr'><strong>in</strong></span> <span class='ocrx_word' id='word_1_277' title='bbox 1173 2387 1294 2442; x_wconf 83' lang='lat' dir='ltr'><strong>aliis</strong></span> <span class='ocrx_word' id='word_1_278' title='bbox 1319 2387 1532 2458; x_wconf 90' lang='lat' dir='ltr'><strong>quidem</strong></span> <span class='ocrx_word' id='word_1_279' title='bbox 1578 2386 1971 2457; x_wconf 81' lang='lat' dir='ltr'><strong>sycophantam</strong></span> <span class='ocrx_word' id='word_1_280' title='bbox 2000 2400 2127 2454; x_wconf 77' lang='lat' dir='ltr'><strong>age-</strong></span> 
     </span>
    </p>
   </div>
   <div class='ocr_carea' id='block_1_41' title="bbox 553 2477 2129 2548">
    <p class='ocr_par' dir='ltr' id='par_1_41' title="bbox 553 2477 2129 2548">
     <span class='ocr_line' id='line_1_41' title="bbox 553 2477 2129 2548; baseline -0.005 -10"><span class='ocrx_word' id='word_1_281' title='bbox 553 2497 635 2545; x_wconf 89' lang='lat' dir='ltr'><strong>re,</strong></span> <span class='ocrx_word' id='word_1_282' title='bbox 661 2482 714 2535; x_wconf 84' lang='lat' dir='ltr'><strong>in</strong></span> <span class='ocrx_word' id='word_1_283' title='bbox 744 2481 866 2536; x_wconf 86' lang='lat' dir='ltr'><strong>aliis</strong></span> <span class='ocrx_word' id='word_1_284' title='bbox 900 2494 1031 2536; x_wconf 87' lang='lat' dir='ltr'><strong>vero</strong></span> <span class='ocrx_word' id='word_1_285' title='bbox 1057 2495 1162 2534; x_wconf 91' lang='lat' dir='ltr'><strong>non</strong></span> <span class='ocrx_word' id='word_1_286' title='bbox 1202 2479 1254 2533; x_wconf 91' lang='lat' dir='ltr'><strong>id</strong></span> <span class='ocrx_word' id='word_1_287' title='bbox 1279 2479 1546 2534; x_wconf 82' lang='lat' dir='ltr'><strong>conficere</strong></span> <span class='ocrx_word' id='word_1_288' title='bbox 1587 2479 1731 2548; x_wconf 84' lang='lat' dir='ltr'><strong>quod</strong></span> <span class='ocrx_word' id='word_1_289' title='bbox 1792 2477 1985 2544; x_wconf 88' lang='lat' dir='ltr'><strong>voluit,</strong></span> <span class='ocrx_word' id='word_1_290' title='bbox 2038 2477 2129 2532; x_wconf 91' lang='lat' dir='ltr'><strong>de-</strong></span> 
     </span>
    </p>
   </div>
   <div class='ocr_carea' id='block_1_42' title="bbox 553 2570 2134 2639">
    <p class='ocr_par' dir='ltr' id='par_1_42' title="bbox 553 2570 2134 2639">
     <span class='ocr_line' id='line_1_42' title="bbox 553 2570 2134 2639; baseline -0.003 -13"><span class='ocrx_word' id='word_1_291' title='bbox 553 2573 999 2636; x_wconf 85' lang='lat' dir='ltr'><strong>monstrabimus,</strong></span> <span class='ocrx_word' id='word_1_292' title='bbox 1020 2572 1182 2639; x_wconf 91' lang='lat' dir='ltr'><strong>idque</strong></span> <span class='ocrx_word' id='word_1_293' title='bbox 1223 2571 1380 2626; x_wconf 87' lang='lat' dir='ltr'><strong>nobis</strong></span> <span class='ocrx_word' id='word_1_294' title='bbox 1434 2570 1568 2628; x_wconf 87' lang='lat' dir='ltr'><strong>vitio</strong></span> <span class='ocrx_word' id='word_1_295' title='bbox 1637 2570 1958 2623; x_wconf 78' lang='lat' dir='ltr'><strong>vertendum</strong></span> <span class='ocrx_word' id='word_1_296' title='bbox 2020 2582 2134 2631; x_wconf 42' lang='lat' dir='ltr'><strong>non,</strong></span> 
     </span>
    </p>
   </div>
   <div class='ocr_carea' id='block_1_43' title="bbox 550 2659 2126 2734">
    <p class='ocr_par' dir='ltr' id='par_1_43' title="bbox 550 2659 2126 2734">
     <span class='ocr_line' id='line_1_43' title="bbox 550 2659 2126 2734; baseline -0.004 -16"><span class='ocrx_word' id='word_1_297' title='bbox 550 2666 675 2728; x_wconf 88' lang='lat' dir='ltr'><strong>erit,</strong></span> <span class='ocrx_word' id='word_1_298' title='bbox 708 2663 979 2734; x_wconf 82' lang='lat' dir='ltr'><strong>siquidem</strong></span> <span class='ocrx_word' id='word_1_299' title='bbox 1022 2663 1183 2725; x_wconf 81' lang='lat' dir='ltr'><strong>etiam</strong></span> <span class='ocrx_word' id='word_1_300' title='bbox 1233 2662 1286 2715; x_wconf 91' lang='lat' dir='ltr'><strong>in</strong></span> <span class='ocrx_word' id='word_1_301' title='bbox 1331 2661 1604 2731; x_wconf 89' lang='lat' dir='ltr'><strong>prioribus</strong></span> <span class='ocrx_word' id='word_1_302' title='bbox 1630 2669 1757 2716; x_wconf 90' lang='lat' dir='ltr'><strong>sunt</strong></span> <span class='ocrx_word' id='word_1_303' title='bbox 1792 2659 1996 2728; x_wconf 82' lang='lat' dir='ltr'><strong>aliqua,</strong></span> <span class='ocrx_word' id='word_1_304' title='bbox 2035 2659 2126 2712; x_wconf 89' lang='lat' dir='ltr'><strong>ubi</strong></span> 
     </span>
    </p>
   </div>
   <div class='ocr_carea' id='block_1_44' title="bbox 550 2751 2126 2819">
    <p class='ocr_par' dir='ltr' id='par_1_44' title="bbox 550 2751 2126 2819">
     <span class='ocr_line' id='line_1_44' title="bbox 550 2751 2126 2819; baseline -0.003 -11"><span class='ocrx_word' id='word_1_305' title='bbox 550 2752 763 2810; x_wconf 89' lang='lat' dir='ltr'><strong>Platoni</strong></span> <span class='ocrx_word' id='word_1_306' title='bbox 816 2769 925 2809; x_wconf 92' lang='lat' dir='ltr'><strong>non</strong></span> <span class='ocrx_word' id='word_1_307' title='bbox 990 2755 1422 2819; x_wconf 82' lang='lat' dir='ltr'><strong>consentientes,</strong></span> <span class='ocrx_word' id='word_1_308' title='bbox 1501 2752 1863 2808; x_wconf 84' lang='lat' dir='ltr'><strong>nihilominus</strong></span> <span class='ocrx_word' id='word_1_309' title='bbox 1909 2751 2126 2806; x_wconf 84' lang='lat' dir='ltr'><strong>Aristo-</strong></span> 
     </span>
    </p>
   </div>
   <div class='ocr_carea' id='block_1_45' title="bbox 552 2843 2125 2914">
    <p class='ocr_par' dir='ltr' id='par_1_45' title="bbox 552 2843 2125 2914">
     <span class='ocr_line' id='line_1_45' title="bbox 552 2843 2125 2914; baseline -0.003 -15"><span class='ocrx_word' id='word_1_310' title='bbox 552 2846 716 2902; x_wconf 89' lang='lat' dir='ltr'><strong>telem</strong></span> <span class='ocrx_word' id='word_1_311' title='bbox 803 2848 977 2914; x_wconf 83' lang='lat' dir='ltr'><strong>ipsum</strong></span> <span class='ocrx_word' id='word_1_312' title='bbox 1054 2861 1082 2900; x_wconf 90' lang='lat' dir='ltr'><strong>a</strong></span> <span class='ocrx_word' id='word_1_313' title='bbox 1153 2845 1333 2913; x_wconf 88' lang='lat' dir='ltr'><strong>seipso</strong></span> <span class='ocrx_word' id='word_1_314' title='bbox 1409 2843 1674 2898; x_wconf 85' lang='lat' dir='ltr'><strong>dissidere</strong></span> <span class='ocrx_word' id='word_1_315' title='bbox 1765 2843 2125 2896; x_wconf 88' lang='lat' dir='ltr'><strong>ostendimus.</strong></span> 
     </span>
    </p>
   </div>
   <div class='ocr_carea' id='block_1_46' title="bbox 439 2933 2124 3007">
    <p class='ocr_par' dir='ltr' id='par_1_46' title="bbox 439 2933 2124 3007">
     <span class='ocr_line' id='line_1_46' title="bbox 439 2933 2124 3007; baseline -0.005 -17"><span class='ocrx_word' id='word_1_316' title='bbox 439 2987 446 2990; x_wconf 89' lang='lat'>_</span> <span class='ocrx_word' id='word_1_317' title='bbox 550 2939 631 3006; x_wconf 65' lang='lat' dir='ltr'><strong>Ac</strong></span> <span class='ocrx_word' id='word_1_318' title='bbox 669 2939 906 3006; x_wconf 76' lang='lat' dir='ltr'><strong>primum</strong></span> <span class='ocrx_word' id='word_1_319' title='bbox 937 2937 1155 3007; x_wconf 79' lang='lat' dir='ltr'><strong>quidem</strong></span> <span class='ocrx_word' id='word_1_320' title='bbox 1189 2933 1319 2988; x_wconf 86' lang='lat' dir='ltr'><strong>illud</strong></span> <span class='ocrx_word' id='word_1_321' title='bbox 1365 2933 1920 3002; x_wconf 75' lang='lat' dir='ltr'><strong>reprehensioneuon</strong></span> <span class='ocrx_word' id='word_1_322' title='bbox 1952 2939 2124 2996; x_wconf 89' lang='lat' dir='ltr'><strong>caret,</strong></span> 
     </span>
    </p>
   </div>
   <div class='ocr_carea' id='block_1_47' title="bbox 551 3021 2128 3098">
    <p class='ocr_par' dir='ltr' id='par_1_47' title="bbox 551 3021 2128 3098">
     <span class='ocr_line' id='line_1_47' title="bbox 551 3021 2128 3098; baseline -0.005 -16"><span class='ocrx_word' id='word_1_323' title='bbox 551 3031 698 3098; x_wconf 91' lang='lat' dir='ltr'><strong>quod</strong></span> <span class='ocrx_word' id='word_1_324' title='bbox 746 3027 1033 3084; x_wconf 83' lang='lat' dir='ltr'><strong>manifeste</strong></span> <span class='ocrx_word' id='word_1_325' title='bbox 1092 3027 1307 3082; x_wconf 83' lang='lat' dir='ltr'><strong>veritati</strong></span> <span class='ocrx_word' id='word_1_326' title='bbox 1366 3033 1631 3094; x_wconf 73' lang='lat' dir='ltr'><strong>repugnat</strong></span> <span class='ocrx_word' id='word_1_327' title='bbox 1679 3023 1786 3078; x_wconf 87' lang='lat' dir='ltr'><strong>ubi-</strong></span> <span class='ocrx_word' id='word_1_328' title='bbox 1827 3030 1950 3093; x_wconf 86' lang='lat' dir='ltr'><strong>post</strong></span> <span class='ocrx_word' id='word_1_329' title='bbox 2030 3021 2128 3075; x_wconf 85' lang='lat' dir='ltr'><strong>So-</strong></span> 
     </span>
    </p>
   </div>
   <div class='ocr_carea' id='block_1_48' title="bbox 553 3113 2127 3188">
    <p class='ocr_par' dir='ltr' id='par_1_48' title="bbox 553 3113 2127 3188">
     <span class='ocr_line' id='line_1_48' title="bbox 553 3113 2127 3188; baseline -0.007 -9"><span class='ocrx_word' id='word_1_330' title='bbox 553 3129 761 3179; x_wconf 73' lang='lat' dir='ltr'><strong>cratem</strong></span> <span class='ocrx_word' id='word_1_331' title='bbox 809 3120 923 3184; x_wconf 86' lang='lat' dir='ltr'><strong>ait,</strong></span> <span class='ocrx_word' id='word_1_332' title='bbox 971 3119 1175 3188; x_wconf 88' lang='lat' dir='ltr'><strong>primos</strong></span> <span class='ocrx_word' id='word_1_333' title='bbox 1226 3118 1525 3182; x_wconf 80' lang='lat' dir='ltr'><strong>exstitisse.</strong></span> <span class='ocrx_word' id='word_1_334' title='bbox 1563 3117 1656 3188; x_wconf 81' lang='lat' dir='ltr'><strong>qui</strong></span> <span class='ocrx_word' id='word_1_335' title='bbox 1713 3127 2019 3176; x_wconf 85' lang='lat' dir='ltr'><strong>sermonem</strong></span> <span class='ocrx_word' id='word_1_336' title='bbox 2059 3113 2127 3168; x_wconf 89' lang='lat' dir='ltr'><strong>de</strong></span> 
     </span>
    </p>
   </div>
   <div class='ocr_carea' id='block_1_49' title="bbox 561 3183 2198 3279">
    <p class='ocr_par' dir='ltr' id='par_1_49' title="bbox 561 3183 2198 3279">
     <span class='ocr_line' id='line_1_49' title="bbox 561 3183 2198 3279; baseline -0.004 -13"><span class='ocrx_word' id='word_1_337' title='bbox 561 3211 846 3279; x_wconf 72' lang='lat' dir='ltr'><strong>speciebus</strong></span> <span class='ocrx_word' id='word_1_338' title='bbox 877 3215 931 3264; x_wconf 91' lang='lat' dir='ltr'><strong>in</strong></span> <span class='ocrx_word' id='word_1_339' title='bbox 955 3183 1174 3264; x_wconf 78' lang='lat' dir='ltr'><strong>scholas</strong></span> <span class='ocrx_word' id='word_1_340' title='bbox 1200 3183 1654 3278; x_wconf 82' lang='lat' dir='ltr'><strong>philosophorum</strong></span> <span class='ocrx_word' id='word_1_341' title='bbox 1693 3207 2123 3272; x_wconf 83' lang='lat' dir='ltr'><strong>introduxerint,</strong></span> <span class='ocrx_word' id='word_1_342' title='bbox 2155 3183 2198 3243; x_wconf 64' lang='grc' dir='ltr'><strong>(ἶ</strong></span> 
     </span>
    </p>
   </div>
   <div class='ocr_carea' id='block_1_50' title="bbox 557 3298 2134 3369">
    <p class='ocr_par' dir='ltr' id='par_1_50' title="bbox 557 3298 2134 3369">
     <span class='ocr_line' id='line_1_50' title="bbox 557 3298 2134 3369; baseline -0.006 -9"><span class='ocrx_word' id='word_1_343' title='bbox 557 3303 833 3360; x_wconf 82' lang='lat' dir='ltr'><strong>Platonem</strong></span> <span class='ocrx_word' id='word_1_344' title='bbox 867 3300 1126 3355; x_wconf 88' lang='lat' dir='ltr'><strong>nimirum</strong></span> <span class='ocrx_word' id='word_1_345' title='bbox 1181 3299 1507 3369; x_wconf 73' lang='lat' dir='ltr'><strong>intelligens.</strong></span> <span class='ocrx_word' id='word_1_346' title='bbox 1541 3298 1760 3362; x_wconf 82' lang='lat' dir='ltr'><strong>Certum</strong></span> <span class='ocrx_word' id='word_1_347' title='bbox 1809 3306 1991 3352; x_wconf 85' lang='lat' dir='ltr'><strong>autem</strong></span> <span class='ocrx_word' id='word_1_348' title='bbox 2043 3306 2134 3362; x_wconf 47' lang='lat' dir='ltr'><strong>est,</strong></span> 
     </span>
    </p>
   </div>
   <div class='ocr_carea' id='block_1_51' title="bbox 553 3387 2132 3462">
    <p class='ocr_par' dir='ltr' id='par_1_51' title="bbox 553 3387 2132 3462">
     <span class='ocr_line' id='line_1_51' title="bbox 553 3387 2132 3462; baseline -0.006 -14"><span class='ocrx_word' id='word_1_349' title='bbox 553 3393 716 3448; x_wconf 85' lang='lat' dir='ltr'><strong>etiam</strong></span> <span class='ocrx_word' id='word_1_350' title='bbox 751 3390 1162 3462; x_wconf 67' lang='lat' dir='ltr'><strong>Pythagoraeos,</strong></span> <span class='ocrx_word' id='word_1_351' title='bbox 1202 3391 1296 3459; x_wconf 91' lang='lat' dir='ltr'><strong>qui</strong></span> <span class='ocrx_word' id='word_1_352' title='bbox 1346 3398 1473 3450; x_wconf 79' lang='lat' dir='ltr'><strong>ante</strong></span> <span class='ocrx_word' id='word_1_353' title='bbox 1503 3389 1777 3448; x_wconf 86' lang='lat' dir='ltr'><strong>Platonem</strong></span> <span class='ocrx_word' id='word_1_354' title='bbox 1812 3387 2070 3450; x_wconf 77' lang='lat' dir='ltr'><strong>vixerunt</strong></span> <span class='ocrx_word' id='word_1_355' title='bbox 2109 3424 2132 3454; x_wconf 18' lang='grc' dir='ltr'>,Α</span> 
     </span>
    </p>
   </div>
   <div class='ocr_carea' id='block_1_52' title="bbox 553 3467 2121 3555">
    <p class='ocr_par' dir='ltr' id='par_1_52' title="bbox 553 3467 2121 3555">
     <span class='ocr_line' id='line_1_52' title="bbox 553 3467 2121 3555; baseline -0.007 -14"><span class='ocrx_word' id='word_1_356' title='bbox 553 3485 758 3555; x_wconf 80' lang='lat' dir='ltr'><strong>debac</strong></span> <span class='ocrx_word' id='word_1_357' title='bbox 791 3500 848 3538; x_wconf 79' lang='lat' dir='ltr'><strong>re</strong></span> <span class='ocrx_word' id='word_1_358' title='bbox 878 3467 1204 3542; x_wconf 78' lang='lat' dir='ltr'><strong>disseruisse</strong></span> <span class='ocrx_word' id='word_1_359' title='bbox 1231 3520 1246 3544; x_wconf 88' lang='lat'><strong>.</strong></span> <span class='ocrx_word' id='word_1_360' title='bbox 1284 3481 1427 3540; x_wconf 84' lang='lat' dir='ltr'><strong>sicut</strong></span> <span class='ocrx_word' id='word_1_361' title='bbox 1455 3496 1522 3534; x_wconf 85' lang='lat' dir='ltr'><strong>ex</strong></span> <span class='ocrx_word' id='word_1_362' title='bbox 1552 3496 1617 3535; x_wconf 93' lang='lat' dir='ltr'><strong>co</strong></span> <span class='ocrx_word' id='word_1_363' title='bbox 1643 3494 1808 3548; x_wconf 84' lang='lat' dir='ltr'><strong>opere</strong></span> <span class='ocrx_word' id='word_1_364' title='bbox 1839 3477 2081 3531; x_wconf 86' lang='lat' dir='ltr'><strong>Platonis</strong></span> <span class='ocrx_word' id='word_1_365' title='bbox 2107 3518 2121 3542; x_wconf 94' lang='lat'><strong>,</strong></span> 
     </span>
    </p>
   </div>
   <div class='ocr_carea' id='block_1_53' title="bbox 553 3568 2126 3644">
    <p class='ocr_par' dir='ltr' id='par_1_53' title="bbox 553 3568 2126 3644">
     <span class='ocr_line' id='line_1_53' title="bbox 553 3568 2126 3644; baseline -0.006 -13"><span class='ocrx_word' id='word_1_366' title='bbox 553 3577 696 3644; x_wconf 86' lang='lat' dir='ltr'><strong>quod</strong></span> <span class='ocrx_word' id='word_1_367' title='bbox 740 3575 1003 3630; x_wconf 66' lang='lat' dir='ltr'><strong>Timaeum</strong></span> <span class='ocrx_word' id='word_1_368' title='bbox 1040 3573 1269 3630; x_wconf 87' lang='lat' dir='ltr'><strong>Locrum</strong></span> <span class='ocrx_word' id='word_1_369' title='bbox 1303 3571 1568 3638; x_wconf 84' lang='lat' dir='ltr'><strong>nominat,</strong></span> <span class='ocrx_word' id='word_1_370' title='bbox 1601 3579 1845 3640; x_wconf 75' lang='lat' dir='ltr'><strong>apparet.</strong></span> <span class='ocrx_word' id='word_1_371' title='bbox 1875 3568 1950 3632; x_wconf 86' lang='lat' dir='ltr'><strong>Ibi</strong></span> <span class='ocrx_word' id='word_1_372' title='bbox 1975 3584 2126 3630; x_wconf 85' lang='lat' dir='ltr'><strong>nam-</strong></span> 
     </span>
    </p>
   </div>
   <div class='ocr_carea' id='block_1_54' title="bbox 553 3661 2126 3736">
    <p class='ocr_par' dir='ltr' id='par_1_54' title="bbox 553 3661 2126 3736">
     <span class='ocr_line' id='line_1_54' title="bbox 553 3661 2126 3736; baseline -0.006 -15"><span class='ocrx_word' id='word_1_373' title='bbox 553 3683 661 3736; x_wconf 88' lang='lat' dir='ltr'><strong>que</strong></span> <span class='ocrx_word' id='word_1_374' title='bbox 693 3667 799 3724; x_wconf 85' lang='lat' dir='ltr'><strong>hoc</strong></span> <span class='ocrx_word' id='word_1_375' title='bbox 833 3667 1034 3722; x_wconf 67' lang='lat' dir='ltr'><strong>coelum</strong></span> <span class='ocrx_word' id='word_1_376' title='bbox 1085 3666 1176 3720; x_wconf 93' lang='lat' dir='ltr'><strong>ille</strong></span> <span class='ocrx_word' id='word_1_377' title='bbox 1205 3680 1268 3720; x_wconf 79' lang='lat' dir='ltr'><strong>ex</strong></span> <span class='ocrx_word' id='word_1_378' title='bbox 1302 3663 1644 3733; x_wconf 82' lang='lat' dir='ltr'><strong>intelligibili°</strong></span> <span class='ocrx_word' id='word_1_379' title='bbox 1677 3661 1924 3730; x_wconf 80' lang='lat' dir='ltr'><strong>exemplo</strong></span> <span class='ocrx_word' id='word_1_380' title='bbox 1955 3661 2126 3720; x_wconf 79' lang='lat' dir='ltr'><strong>dedu-</strong></span> 
     </span>
    </p>
   </div>
   <div class='ocr_carea' id='block_1_55' title="bbox 551 3750 2127 3823">
    <p class='ocr_par' dir='ltr' id='par_1_55' title="bbox 551 3750 2127 3823">
     <span class='ocr_line' id='line_1_55' title="bbox 551 3750 2127 3823; baseline -0.007 -12"><span class='ocrx_word' id='word_1_381' title='bbox 551 3772 703 3823; x_wconf 85' lang='lat' dir='ltr'><strong>cens,</strong></span> <span class='ocrx_word' id='word_1_382' title='bbox 734 3756 956 3811; x_wconf 82' lang='lat' dir='ltr'><strong>alterius</strong></span> <span class='ocrx_word' id='word_1_383' title='bbox 985 3755 1193 3819; x_wconf 86' lang='lat' dir='ltr'><strong>mundi,</strong></span> <span class='ocrx_word' id='word_1_384' title='bbox 1226 3769 1388 3823; x_wconf 91' lang='lat' dir='ltr'><strong>quem</strong></span> <span class='ocrx_word' id='word_1_385' title='bbox 1449 3753 1721 3807; x_wconf 89' lang='lat' dir='ltr'><strong>idanicum</strong></span> <span class='ocrx_word' id='word_1_386' title='bbox 1763 3758 1939 3814; x_wconf 83' lang='lat' dir='ltr'><strong>vocat,</strong></span> <span class='ocrx_word' id='word_1_387' title='bbox 1989 3750 2127 3802; x_wconf 84' lang='lat' dir='ltr'><strong>ima-</strong></span> 
     </span>
    </p>
   </div>
   <div class='ocr_carea' id='block_1_56' title="bbox 554 3839 2133 3920">
    <p class='ocr_par' dir='ltr' id='par_1_56' title="bbox 554 3839 2133 3920">
     <span class='ocr_line' id='line_1_56' title="bbox 554 3839 2133 3920; baseline -0.008 -17"><span class='ocrx_word' id='word_1_388' title='bbox 554 3850 735 3920; x_wconf 77' lang='lat' dir='ltr'><strong>ginem</strong></span> <span class='ocrx_word' id='word_1_389' title='bbox 770 3847 921 3902; x_wconf 83' lang='lat' dir='ltr'><strong>facit.</strong></span> <span class='ocrx_word' id='word_1_390' title='bbox 968 3847 1148 3916; x_wconf 83' lang='lat' dir='ltr'><strong>Atque</strong></span> <span class='ocrx_word' id='word_1_391' title='bbox 1196 3848 1299 3902; x_wconf 81' lang='lat' dir='ltr'><strong>hoc</strong></span> <span class='ocrx_word' id='word_1_392' title='bbox 1329 3845 1547 3915; x_wconf 91' lang='lat' dir='ltr'><strong>quidem</strong></span> <span class='ocrx_word' id='word_1_393' title='bbox 1582 3851 1666 3898; x_wconf 88' lang='lat' dir='ltr'><strong>est</strong></span> <span class='ocrx_word' id='word_1_394' title='bbox 1697 3839 2031 3911; x_wconf 82' lang='lat' dir='ltr'><strong>hujusmodi.</strong></span> <span class='ocrx_word' id='word_1_395' title='bbox 2065 3839 2133 3904; x_wconf 35' lang='lat' dir='ltr'><strong>In,</strong></span> 
     </span>
    </p>
   </div>
   <div class='ocr_carea' id='block_1_57' title="bbox 549 3931 2126 4006">
    <p class='ocr_par' dir='ltr' id='par_1_57' title="bbox 549 3931 2126 4006">
     <span class='ocr_line' id='line_1_57' title="bbox 549 3931 2126 4006; baseline -0.009 -11"><span class='ocrx_word' id='word_1_396' title='bbox 549 3956 616 3996; x_wconf 87' lang='lat' dir='ltr'><strong>eo</strong></span> <span class='ocrx_word' id='word_1_397' title='bbox 654 3948 834 4000; x_wconf 85' lang='lat' dir='ltr'><strong>autem</strong></span> <span class='ocrx_word' id='word_1_398' title='bbox 869 3940 1143 4006; x_wconf 87' lang='lat' dir='ltr'><strong>quomodo</strong></span> <span class='ocrx_word' id='word_1_399' title='bbox 1174 3953 1279 3992; x_wconf 87' lang='lat' dir='ltr'><strong>non</strong></span> <span class='ocrx_word' id='word_1_400' title='bbox 1317 3937 1478 3991; x_wconf 84' lang='lat' dir='ltr'><strong>infert</strong></span> <span class='ocrx_word' id='word_1_401' title='bbox 1506 3935 1802 4006; x_wconf 87' lang='lat' dir='ltr'><strong>iujuriam?</strong></span> <span class='ocrx_word' id='word_1_402' title='bbox 1835 3932 1970 3994; x_wconf 85' lang='lat' dir='ltr'><strong>Cum</strong></span> <span class='ocrx_word' id='word_1_403' title='bbox 2005 3931 2126 3986; x_wconf 59' lang='lat' dir='ltr'><strong>Pla.</strong></span> 
     </span>
    </p>
   </div>
   <div class='ocr_carea' id='block_1_58' title="bbox 551 4024 2122 4098">
    <p class='ocr_par' dir='ltr' id='par_1_58' title="bbox 551 4024 2122 4098">
     <span class='ocr_line' id='line_1_58' title="bbox 551 4024 2122 4098; baseline -0.007 -12"><span class='ocrx_word' id='word_1_404' title='bbox 551 4031 719 4098; x_wconf 77' lang='lat' dir='ltr'><strong>tonici</strong></span> <span class='ocrx_word' id='word_1_405' title='bbox 745 4045 873 4094; x_wconf 85' lang='lat' dir='ltr'><strong>suas</strong></span> <span class='ocrx_word' id='word_1_406' title='bbox 891 4030 1012 4084; x_wconf 85' lang='lat' dir='ltr'><strong>illas</strong></span> <span class='ocrx_word' id='word_1_407' title='bbox 1045 4030 1279 4097; x_wconf 85' lang='lat' dir='ltr'><strong>species,</strong></span> <span class='ocrx_word' id='word_1_408' title='bbox 1311 4028 1477 4086; x_wconf 87' lang='lat' dir='ltr'><strong>rebus</strong></span> <span class='ocrx_word' id='word_1_409' title='bbox 1502 4026 1687 4080; x_wconf 90' lang='lat' dir='ltr'><strong>sensui</strong></span> <span class='ocrx_word' id='word_1_410' title='bbox 1724 4024 1983 4092; x_wconf 85' lang='lat' dir='ltr'><strong>subjectis</strong></span> <span class='ocrx_word' id='word_1_411' title='bbox 2016 4038 2122 4076; x_wconf 90' lang='lat' dir='ltr'><strong>non</strong></span> 
     </span>
    </p>
   </div>
   <div class='ocr_carea' id='block_1_59' title="bbox 551 4115 2126 4193">
    <p class='ocr_par' dir='ltr' id='par_1_59' title="bbox 551 4115 2126 4193">
     <span class='ocr_line' id='line_1_59' title="bbox 551 4115 2126 4193; baseline -0.007 -17"><span class='ocrx_word' id='word_1_412' title='bbox 551 4135 895 4193; x_wconf 82' lang='lat' dir='ltr'><strong>synonymas,</strong></span> <span class='ocrx_word' id='word_1_413' title='bbox 929 4121 1023 4174; x_wconf 89' lang='lat' dir='ltr'><strong>sed</strong></span> <span class='ocrx_word' id='word_1_414' title='bbox 1057 4119 1368 4188; x_wconf 71' lang='lat' dir='ltr'><strong>acquivocas</strong></span> <span class='ocrx_word' id='word_1_415' title='bbox 1394 4132 1515 4172; x_wconf 88' lang='lat' dir='ltr'><strong>esse</strong></span> <span class='ocrx_word' id='word_1_416' title='bbox 1553 4117 1756 4174; x_wconf 82' lang='lat' dir='ltr'><strong>velint.</strong></span> <span class='ocrx_word' id='word_1_417' title='bbox 1787 4115 1901 4184; x_wconf 87' lang='lat' dir='ltr'><strong>ipse</strong></span> <span class='ocrx_word' id='word_1_418' title='bbox 1933 4124 2126 4182; x_wconf 65' lang='lat' dir='ltr'><strong>praeter</strong></span> 
     </span>
    </p>
   </div>
   <div class='ocr_carea' id='block_1_60' title="bbox 551 4209 2120 4282">
    <p class='ocr_par' dir='ltr' id='par_1_60' title="bbox 551 4209 2120 4282">
     <span class='ocr_line' id='line_1_60' title="bbox 551 4209 2120 4282; baseline -0.005 -16"><span class='ocrx_word' id='word_1_419' title='bbox 551 4213 770 4267; x_wconf 77' lang='lat' dir='ltr'><strong>illorum</strong></span> <span class='ocrx_word' id='word_1_420' title='bbox 798 4211 1108 4282; x_wconf 89' lang='lat' dir='ltr'><strong>opinionem</strong></span> <span class='ocrx_word' id='word_1_421' title='bbox 1137 4218 1191 4265; x_wconf 88' lang='lat' dir='ltr'><strong>et</strong></span> <span class='ocrx_word' id='word_1_422' title='bbox 1229 4209 1561 4272; x_wconf 80' lang='lat' dir='ltr'><strong>voluntatem</strong></span> <span class='ocrx_word' id='word_1_423' title='bbox 1590 4220 1925 4276; x_wconf 82' lang='lat' dir='ltr'><strong>synonymas</strong></span> <span class='ocrx_word' id='word_1_424' title='bbox 1952 4219 2120 4259; x_wconf 84' lang='lat' dir='ltr'><strong>cona-</strong></span> 
     </span>
    </p>
   </div>
   <div class='ocr_carea' id='block_1_61' title="bbox 553 4300 2117 4372">
    <p class='ocr_par' dir='ltr' id='par_1_61' title="bbox 553 4300 2117 4372">
     <span class='ocr_line' id='line_1_61' title="bbox 553 4300 2117 4372; baseline -0.003 -16"><span class='ocrx_word' id='word_1_425' title='bbox 553 4315 642 4367; x_wconf 80' lang='lat' dir='ltr'><strong>tur</strong></span> <span class='ocrx_word' id='word_1_426' title='bbox 666 4304 972 4368; x_wconf 88' lang='lat' dir='ltr'><strong>ostendere,</strong></span> <span class='ocrx_word' id='word_1_427' title='bbox 1009 4303 1168 4372; x_wconf 82' lang='lat' dir='ltr'><strong>idque</strong></span> <span class='ocrx_word' id='word_1_428' title='bbox 1194 4303 1298 4359; x_wconf 87' lang='lat' dir='ltr'><strong>hoc</strong></span> <span class='ocrx_word' id='word_1_429' title='bbox 1340 4300 1522 4356; x_wconf 85' lang='lat' dir='ltr'><strong>modo.</strong></span> <span class='ocrx_word' id='word_1_430' title='bbox 1560 4300 1651 4353; x_wconf 85' lang='lat' dir='ltr'><strong>Ait</strong></span> <span class='ocrx_word' id='word_1_431' title='bbox 1680 4300 1824 4354; x_wconf 87' lang='lat' dir='ltr'><strong>enim</strong></span> <span class='ocrx_word' id='word_1_432' title='bbox 1858 4313 1963 4364; x_wconf 86' lang='lat' dir='ltr'><strong>non</strong></span> <span class='ocrx_word' id='word_1_433' title='bbox 1997 4312 2117 4352; x_wconf 88' lang='lat' dir='ltr'><strong>eam</strong></span> 
     </span>
    </p>
   </div>
   <div class='ocr_carea' id='block_1_62' title="bbox 549 4389 2122 4470">
    <p class='ocr_par' dir='ltr' id='par_1_62' title="bbox 549 4389 2122 4470">
     <span class='ocr_line' id='line_1_62' title="bbox 549 4389 2122 4470; baseline -0.003 -23"><span class='ocrx_word' id='word_1_434' title='bbox 549 4397 619 4464; x_wconf 75' lang='lat' dir='ltr'><strong>ob</strong></span> <span class='ocrx_word' id='word_1_435' title='bbox 650 4409 893 4460; x_wconf 84' lang='lat' dir='ltr'><strong>causam,</strong></span> <span class='ocrx_word' id='word_1_436' title='bbox 937 4394 1080 4470; x_wconf 78' lang='lat' dir='ltr'><strong>quod</strong></span> <span class='ocrx_word' id='word_1_437' title='bbox 1129 4393 1233 4448; x_wconf 73' lang='lat' dir='ltr'><strong>illa:</strong></span> <span class='ocrx_word' id='word_1_438' title='bbox 1279 4400 1409 4447; x_wconf 91' lang='lat' dir='ltr'><strong>sunt</strong></span> <span class='ocrx_word' id='word_1_439' title='bbox 1460 4391 1824 4459; x_wconf 80' lang='lat' dir='ltr'><strong>sempiternae,</strong></span> <span class='ocrx_word' id='word_1_440' title='bbox 1877 4389 1958 4442; x_wconf 63' lang='lat' dir='ltr'><strong>ha!</strong></span> <span class='ocrx_word' id='word_1_441' title='bbox 1991 4403 2122 4443; x_wconf 87' lang='lat' dir='ltr'><strong>vero</strong></span> 
     </span>
    </p>
   </div>
   <div class='ocr_carea' id='block_1_63' title="bbox 549 4482 2202 4566">
    <p class='ocr_par' dir='ltr' id='par_1_63' title="bbox 549 4482 2202 4566">
     <span class='ocr_line' id='line_1_63' title="bbox 549 4482 2202 4566; baseline -0.006 -25"><span class='ocrx_word' id='word_1_442' title='bbox 549 4483 884 4553; x_wconf 85' lang='lat' dir='ltr'><strong>corruptioui</strong></span> <span class='ocrx_word' id='word_1_443' title='bbox 919 4483 1200 4554; x_wconf 65' lang='lat' dir='ltr'><strong>subjectae,</strong></span> <span class='ocrx_word' id='word_1_444' title='bbox 1231 4498 1336 4538; x_wconf 93' lang='lat' dir='ltr'><strong>non</strong></span> <span class='ocrx_word' id='word_1_445' title='bbox 1379 4482 1568 4538; x_wconf 88' lang='lat' dir='ltr'><strong>ambas</strong></span> <span class='ocrx_word' id='word_1_446' title='bbox 1594 4496 1715 4536; x_wconf 91' lang='lat' dir='ltr'><strong>esse</strong></span> <span class='ocrx_word' id='word_1_447' title='bbox 1751 4493 2119 4550; x_wconf 84' lang='lat' dir='ltr'><strong>synonymas;</strong></span> <span class='ocrx_word' id='word_1_448' title='bbox 2155 4507 2202 4566; x_wconf 64' lang='grc' dir='ltr'><strong>η</strong></span> 
     </span>
    </p>
   </div>
   <div class='ocr_carea' id='block_1_64' title="bbox 549 4570 2132 4648">
    <p class='ocr_par' dir='ltr' id='par_1_64' title="bbox 549 4570 2132 4648">
     <span class='ocr_line' id='line_1_64' title="bbox 549 4570 2132 4648; baseline -0.004 -19"><span class='ocrx_word' id='word_1_449' title='bbox 549 4577 816 4648; x_wconf 75' lang='lat' dir='ltr'><strong>siquidem</strong></span> <span class='ocrx_word' id='word_1_450' title='bbox 859 4579 1022 4631; x_wconf 89' lang='lat' dir='ltr'><strong>etiam</strong></span> <span class='ocrx_word' id='word_1_451' title='bbox 1076 4577 1216 4646; x_wconf 76' lang='lat' dir='ltr'><strong>longi</strong></span> <span class='ocrx_word' id='word_1_452' title='bbox 1271 4574 1536 4643; x_wconf 30' lang='lat' dir='ltr'><strong>temporis,</strong></span> <span class='ocrx_word' id='word_1_453' title='bbox 1570 4573 1796 4646; x_wconf 56' lang='lat' dir='ltr'><strong>albedo,</strong></span> <span class='ocrx_word' id='word_1_454' title='bbox 1822 4571 2010 4632; x_wconf 84' lang='lat' dir='ltr'><strong>eadem</strong></span> <span class='ocrx_word' id='word_1_455' title='bbox 2049 4570 2132 4631; x_wconf 81' lang='lat' dir='ltr'><strong>sit</strong></span> 
     </span>
    </p>
   </div>
   <div class='ocr_carea' id='block_1_65' title="bbox 547 4661 2120 4734">
    <p class='ocr_par' dir='ltr' id='par_1_65' title="bbox 547 4661 2120 4734">
     <span class='ocr_line' id='line_1_65' title="bbox 547 4661 2120 4734; baseline -0.006 -10"><span class='ocrx_word' id='word_1_456' title='bbox 547 4669 906 4724; x_wconf 89' lang='lat' dir='ltr'><strong>nihilominus</strong></span> <span class='ocrx_word' id='word_1_457' title='bbox 936 4677 990 4724; x_wconf 89' lang='lat' dir='ltr'><strong>et</strong></span> <span class='ocrx_word' id='word_1_458' title='bbox 1023 4669 1260 4734; x_wconf 29' lang='lat' dir='ltr'><strong>uuivoca,</strong></span> <span class='ocrx_word' id='word_1_459' title='bbox 1301 4665 1535 4722; x_wconf 87' lang='lat' dir='ltr'><strong>albedini</strong></span> <span class='ocrx_word' id='word_1_460' title='bbox 1572 4667 1732 4724; x_wconf 87' lang='lat' dir='ltr'><strong>unius</strong></span> <span class='ocrx_word' id='word_1_461' title='bbox 1785 4664 1918 4718; x_wconf 88' lang='lat' dir='ltr'><strong>diei.</strong></span> <span class='ocrx_word' id='word_1_462' title='bbox 1953 4661 2120 4717; x_wconf 78' lang='lat' dir='ltr'><strong>Recte</strong></span> 
     </span>
    </p>
   </div>
   <div class='ocr_carea' id='block_1_66' title="bbox 548 4753 2123 4830">
    <p class='ocr_par' dir='ltr' id='par_1_66' title="bbox 548 4753 2123 4830">
     <span class='ocr_line' id='line_1_66' title="bbox 548 4753 2123 4830; baseline -0.006 -16"><span class='ocrx_word' id='word_1_463' title='bbox 548 4777 699 4828; x_wconf 76' lang='lat' dir='ltr'><strong>sane,</strong></span> <span class='ocrx_word' id='word_1_464' title='bbox 734 4776 767 4814; x_wconf 94' lang='grc' dir='ltr'><strong>ο</strong></span> <span class='ocrx_word' id='word_1_465' title='bbox 793 4760 1129 4828; x_wconf 87' lang='lat' dir='ltr'><strong>Aristotcles,</strong></span> <span class='ocrx_word' id='word_1_466' title='bbox 1163 4760 1208 4813; x_wconf 93' lang='lat' dir='ltr'><strong>si</strong></span> <span class='ocrx_word' id='word_1_467' title='bbox 1236 4757 1467 4820; x_wconf 84' lang='lat' dir='ltr'><strong>albediui</strong></span> <span class='ocrx_word' id='word_1_468' title='bbox 1504 4756 1664 4811; x_wconf 92' lang='lat' dir='ltr'><strong>unius</strong></span> <span class='ocrx_word' id='word_1_469' title='bbox 1697 4756 1840 4818; x_wconf 91' lang='lat' dir='ltr'><strong>diei,</strong></span> <span class='ocrx_word' id='word_1_470' title='bbox 1871 4755 1974 4812; x_wconf 86' lang='lat' dir='ltr'><strong>alia</strong></span> <span class='ocrx_word' id='word_1_471' title='bbox 2004 4753 2123 4830; x_wconf 87' lang='lat' dir='ltr'><strong>qui-</strong></span> 
     </span>
    </p>
   </div>
   <div class='ocr_carea' id='block_1_67' title="bbox 548 4847 2121 4918">
    <p class='ocr_par' dir='ltr' id='par_1_67' title="bbox 548 4847 2121 4918">
     <span class='ocr_line' id='line_1_67' title="bbox 548 4847 2121 4918; baseline -0.005 -11"><span class='ocrx_word' id='word_1_472' title='bbox 548 4855 696 4916; x_wconf 87' lang='lat' dir='ltr'><strong>dem,</strong></span> <span class='ocrx_word' id='word_1_473' title='bbox 728 4862 784 4906; x_wconf 88' lang='lat' dir='ltr'><strong>at</strong></span> <span class='ocrx_word' id='word_1_474' title='bbox 814 4852 1019 4916; x_wconf 81' lang='lat' dir='ltr'><strong>finitam</strong></span> <span class='ocrx_word' id='word_1_475' title='bbox 1051 4859 1230 4906; x_wconf 84' lang='lat' dir='ltr'><strong>tamen</strong></span> <span class='ocrx_word' id='word_1_476' title='bbox 1268 4850 1354 4906; x_wconf 88' lang='lat' dir='ltr'><strong>illa</strong></span> <span class='ocrx_word' id='word_1_477' title='bbox 1383 4852 1548 4903; x_wconf 88' lang='lat' dir='ltr'><strong>etiam</strong></span> <span class='ocrx_word' id='word_1_478' title='bbox 1587 4847 1995 4918; x_wconf 88' lang='lat' dir='ltr'><strong>quodammodo</strong></span> <span class='ocrx_word' id='word_1_479' title='bbox 2024 4848 2121 4900; x_wconf 89' lang='lat' dir='ltr'><strong>ha-</strong></span> 
     </span>
    </p>
   </div>
   <div class='ocr_carea' id='block_1_68' title="bbox 548 4939 2121 5010">
    <p class='ocr_par' dir='ltr' id='par_1_68' title="bbox 548 4939 2121 5010">
     <span class='ocr_line' id='line_1_68' title="bbox 548 4939 2121 5010; baseline -0.004 -14"><span class='ocrx_word' id='word_1_480' title='bbox 548 4945 682 4997; x_wconf 84' lang='lat' dir='ltr'><strong>bens</strong></span> <span class='ocrx_word' id='word_1_481' title='bbox 709 4941 1117 4997; x_wconf 87' lang='lat' dir='ltr'><strong>subsistentiam</strong></span> <span class='ocrx_word' id='word_1_482' title='bbox 1149 4952 1198 4995; x_wconf 93' lang='lat' dir='ltr'><strong>et</strong></span> <span class='ocrx_word' id='word_1_483' title='bbox 1233 4951 1514 5010; x_wconf 63' lang='lat' dir='ltr'><strong>pt-oltterea</strong></span> <span class='ocrx_word' id='word_1_484' title='bbox 1544 4955 1666 4992; x_wconf 89' lang='lat' dir='ltr'><strong>cum</strong></span> <span class='ocrx_word' id='word_1_485' title='bbox 1701 4939 1868 4992; x_wconf 87' lang='lat' dir='ltr'><strong>altera</strong></span> <span class='ocrx_word' id='word_1_486' title='bbox 1901 4951 2121 5005; x_wconf 85' lang='lat' dir='ltr'><strong>compa-</strong></span> 
     </span>
    </p>
   </div>
   <div class='ocr_carea' id='block_1_69' title="bbox 549 5033 2121 5111">
    <p class='ocr_par' dir='ltr' id='par_1_69' title="bbox 549 5033 2121 5111">
     <span class='ocr_line' id='line_1_69' title="bbox 549 5033 2121 5111; baseline -0.002 -24"><span class='ocrx_word' id='word_1_487' title='bbox 549 5035 654 5087; x_wconf 82' lang='lat' dir='ltr'><strong>rari</strong></span> <span class='ocrx_word' id='word_1_488' title='bbox 687 5035 900 5098; x_wconf 87' lang='lat' dir='ltr'><strong>idonea,</strong></span> <span class='ocrx_word' id='word_1_489' title='bbox 931 5036 1002 5089; x_wconf 92' lang='lat' dir='ltr'><strong>sit</strong></span> <span class='ocrx_word' id='word_1_490' title='bbox 1023 5049 1320 5104; x_wconf 88' lang='lat' dir='ltr'><strong>synonyma</strong></span> <span class='ocrx_word' id='word_1_491' title='bbox 1350 5033 1541 5088; x_wconf 87' lang='lat' dir='ltr'><strong>eodem</strong></span> <span class='ocrx_word' id='word_1_492' title='bbox 1566 5033 1726 5111; x_wconf 83' lang='lat' dir='ltr'><strong>etiam</strong></span> <span class='ocrx_word' id='word_1_493' title='bbox 1763 5033 1927 5087; x_wconf 90' lang='lat' dir='ltr'><strong>modo</strong></span> <span class='ocrx_word' id='word_1_494' title='bbox 1971 5047 2121 5087; x_wconf 83' lang='lat' dir='ltr'><strong>mor-</strong></span> 
     </span>
    </p>
   </div>
   <div class='ocr_carea' id='block_1_70' title="bbox 550 5124 2116 5193">
    <p class='ocr_par' dir='ltr' id='par_1_70' title="bbox 550 5124 2116 5193">
     <span class='ocr_line' id='line_1_70' title="bbox 550 5124 2116 5193; baseline 0 -17"><span class='ocrx_word' id='word_1_495' title='bbox 550 5126 656 5178; x_wconf 86' lang='lat' dir='ltr'><strong>tale</strong></span> <span class='ocrx_word' id='word_1_496' title='bbox 706 5127 1024 5189; x_wconf 87' lang='lat' dir='ltr'><strong>immortali,</strong></span> <span class='ocrx_word' id='word_1_497' title='bbox 1075 5127 1163 5184; x_wconf 92' lang='lat' dir='ltr'><strong>cui</strong></span> <span class='ocrx_word' id='word_1_498' title='bbox 1223 5126 1353 5178; x_wconf 88' lang='lat' dir='ltr'><strong>illud</strong></span> <span class='ocrx_word' id='word_1_499' title='bbox 1411 5125 1559 5180; x_wconf 91' lang='lat' dir='ltr'><strong>nullo</strong></span> <span class='ocrx_word' id='word_1_500' title='bbox 1608 5127 1769 5180; x_wconf 89' lang='lat' dir='ltr'><strong>modo</strong></span> <span class='ocrx_word' id='word_1_501' title='bbox 1808 5124 2116 5193; x_wconf 88' lang='lat' dir='ltr'><strong>comparari</strong></span> 
     </span>
    </p>
   </div>
   <div class='ocr_carea' id='block_1_71' title="bbox 549 5217 2121 5288">
    <p class='ocr_par' dir='ltr' id='par_1_71' title="bbox 549 5217 2121 5288">
     <span class='ocr_line' id='line_1_71' title="bbox 549 5217 2121 5288; baseline 0 -17"><span class='ocrx_word' id='word_1_502' title='bbox 549 5225 748 5286; x_wconf 85' lang='lat' dir='ltr'><strong>potest,</strong></span> <span class='ocrx_word' id='word_1_503' title='bbox 785 5218 888 5271; x_wconf 89' lang='lat' dir='ltr'><strong>erit</strong></span> <span class='ocrx_word' id='word_1_504' title='bbox 925 5232 1305 5288; x_wconf 80' lang='lat' dir='ltr'><strong>synonyinum.</strong></span> <span class='ocrx_word' id='word_1_505' title='bbox 1327 5217 1392 5271; x_wconf 86' lang='lat' dir='ltr'><strong>Et</strong></span> <span class='ocrx_word' id='word_1_506' title='bbox 1425 5233 1684 5288; x_wconf 87' lang='lat' dir='ltr'><strong>quanam,</strong></span> <span class='ocrx_word' id='word_1_507' title='bbox 1710 5233 1919 5285; x_wconf 56' lang='lat' dir='ltr'><strong>quaso,</strong></span> <span class='ocrx_word' id='word_1_508' title='bbox 1946 5217 2121 5271; x_wconf 85' lang='lat' dir='ltr'><strong>fronte</strong></span> 
     </span>
    </p>
   </div>
   <div class='ocr_carea' id='block_1_72' title="bbox 550 5307 2118 5362">
    <p class='ocr_par' dir='ltr' id='par_1_72' title="bbox 550 5307 2118 5362">
     <span class='ocr_line' id='line_1_72' title="bbox 550 5307 2118 5362; baseline -0.001 -2"><span class='ocrx_word' id='word_1_509' title='bbox 550 5309 708 5360; x_wconf 82' lang='lat' dir='ltr'><strong>talem</strong></span> <span class='ocrx_word' id='word_1_510' title='bbox 747 5307 918 5361; x_wconf 88' lang='lat' dir='ltr'><strong>nectis</strong></span> <span class='ocrx_word' id='word_1_511' title='bbox 940 5308 1344 5362; x_wconf 90' lang='lat' dir='ltr'><strong>conclusionem</strong></span> <span class='ocrx_word' id='word_1_512' title='bbox 1369 5307 1391 5359; x_wconf 89' lang='lat'><strong>?</strong></span> <span class='ocrx_word' id='word_1_513' title='bbox 1419 5315 1474 5360; x_wconf 90' lang='lat' dir='ltr'><strong>et</strong></span> <span class='ocrx_word' id='word_1_514' title='bbox 1501 5307 1645 5360; x_wconf 90' lang='lat' dir='ltr'><strong>unde</strong></span> <span class='ocrx_word' id='word_1_515' title='bbox 1694 5307 1935 5362; x_wconf 77' lang='lat' dir='ltr'><strong>didicisti</strong></span> <span class='ocrx_word' id='word_1_516' title='bbox 1968 5321 2118 5361; x_wconf 78' lang='lat' dir='ltr'><strong>com-</strong></span> 
     </span>
    </p>
   </div>
   <div class='ocr_carea' id='block_1_73' title="bbox 553 5388 2120 5467">
    <p class='ocr_par' dir='ltr' id='par_1_73' title="bbox 553 5388 2120 5467">
     <span class='ocr_line' id='line_1_73' title="bbox 553 5388 2120 5467; baseline 0 -17"><span class='ocrx_word' id='word_1_517' title='bbox 553 5399 816 5467; x_wconf 85' lang='lat' dir='ltr'><strong>parabilia</strong></span> <span class='ocrx_word' id='word_1_518' title='bbox 863 5413 985 5451; x_wconf 90' lang='lat' dir='ltr'><strong>cum</strong></span> <span class='ocrx_word' id='word_1_519' title='bbox 1041 5388 1563 5466; x_wconf 23' lang='lat' dir='ltr'><strong>inc‘omparabilibus</strong></span> <span class='ocrx_word' id='word_1_520' title='bbox 1612 5397 1884 5463; x_wconf 82' lang='lat' dir='ltr'><strong>conferre,</strong></span> <span class='ocrx_word' id='word_1_521' title='bbox 1920 5397 2120 5465; x_wconf 89' lang='lat' dir='ltr'><strong>illaque</strong></span> 
     </span>
    </p>
   </div>
   <div class='ocr_carea' id='block_1_74' title="bbox 553 5488 2122 5557">
    <p class='ocr_par' dir='ltr' id='par_1_74' title="bbox 553 5488 2122 5557">
     <span class='ocr_line' id='line_1_74' title="bbox 553 5488 2122 5557; baseline -0.001 -16"><span class='ocrx_word' id='word_1_522' title='bbox 553 5490 637 5543; x_wconf 89' lang='lat' dir='ltr'><strong>his</strong></span> <span class='ocrx_word' id='word_1_523' title='bbox 666 5490 865 5543; x_wconf 69' lang='lat' dir='ltr'><strong>sin&#39;iilia</strong></span> <span class='ocrx_word' id='word_1_524' title='bbox 900 5488 1096 5554; x_wconf 84' lang='lat' dir='ltr'><strong>facere,</strong></span> <span class='ocrx_word' id='word_1_525' title='bbox 1132 5498 1191 5542; x_wconf 90' lang='lat' dir='ltr'><strong>ut</strong></span> <span class='ocrx_word' id='word_1_526' title='bbox 1220 5489 1298 5542; x_wconf 90' lang='lat' dir='ltr'><strong>sic</strong></span> <span class='ocrx_word' id='word_1_527' title='bbox 1324 5489 1581 5557; x_wconf 91' lang='lat' dir='ltr'><strong>deinceps</strong></span> <span class='ocrx_word' id='word_1_528' title='bbox 1622 5488 1676 5541; x_wconf 93' lang='lat' dir='ltr'><strong>id</strong></span> <span class='ocrx_word' id='word_1_529' title='bbox 1708 5489 1850 5557; x_wconf 87' lang='lat' dir='ltr'><strong>quod</strong></span> <span class='ocrx_word' id='word_1_530' title='bbox 1901 5501 2122 5555; x_wconf 88' lang='lat' dir='ltr'><strong>compa-</strong></span> 
     </span>
    </p>
   </div>
   <div class='ocr_carea' id='block_1_75' title="bbox 554 5576 2118 5646">
    <p class='ocr_par' dir='ltr' id='par_1_75' title="bbox 554 5576 2118 5646">
     <span class='ocr_line' id='line_1_75' title="bbox 554 5576 2118 5646; baseline 0 -16"><span class='ocrx_word' id='word_1_531' title='bbox 554 5579 822 5633; x_wconf 82' lang='lat' dir='ltr'><strong>rabilibus</strong></span> <span class='ocrx_word' id='word_1_532' title='bbox 867 5579 1087 5644; x_wconf 82' lang='lat' dir='ltr'><strong>accidit,</strong></span> <span class='ocrx_word' id='word_1_533' title='bbox 1122 5578 1407 5632; x_wconf 83' lang='lat' dir='ltr'><strong>existimes</strong></span> <span class='ocrx_word' id='word_1_534' title='bbox 1435 5576 1954 5646; x_wconf 88' lang='lat' dir='ltr'><strong>incomparabilibus</strong></span> <span class='ocrx_word' id='word_1_535' title='bbox 1987 5576 2118 5630; x_wconf 93' lang='lat' dir='ltr'><strong>item</strong></span> 
     </span>
    </p>
   </div>
   <div class='ocr_carea' id='block_1_76' title="bbox 554 5666 2116 5741">
    <p class='ocr_par' dir='ltr' id='par_1_76' title="bbox 554 5666 2116 5741">
     <span class='ocr_line' id='line_1_76' title="bbox 554 5666 2116 5741; baseline 0 -21"><span class='ocrx_word' id='word_1_536' title='bbox 554 5668 909 5741; x_wconf 82' lang='lat' dir='ltr'><strong>contingere?</strong></span> <span class='ocrx_word' id='word_1_537' title='bbox 938 5669 1230 5724; x_wconf 89' lang='lat' dir='ltr'><strong>Enimvero</strong></span> <span class='ocrx_word' id='word_1_538' title='bbox 1252 5669 1521 5740; x_wconf 87' lang='lat' dir='ltr'><strong>quispiam</strong></span> <span class='ocrx_word' id='word_1_539' title='bbox 1547 5681 1668 5723; x_wconf 87' lang='lat' dir='ltr'><strong>tuas</strong></span> <span class='ocrx_word' id='word_1_540' title='bbox 1696 5667 1817 5720; x_wconf 90' lang='lat' dir='ltr'><strong>illas</strong></span> <span class='ocrx_word' id='word_1_541' title='bbox 1841 5666 1985 5735; x_wconf 80' lang='lat' dir='ltr'><strong>leges</strong></span> <span class='ocrx_word' id='word_1_542' title='bbox 2010 5682 2116 5721; x_wconf 78' lang='lat' dir='ltr'><strong>non</strong></span> 
     </span>
    </p>
   </div>
   <div class='ocr_carea' id='block_1_77' title="bbox 554 5755 2092 5828">
    <p class='ocr_par' dir='ltr' id='par_1_77' title="bbox 554 5755 2092 5828">
     <span class='ocr_line' id='line_1_77' title="bbox 554 5755 2092 5828; baseline -0.001 -21"><span class='ocrx_word' id='word_1_543' title='bbox 554 5759 851 5814; x_wconf 77' lang='lat' dir='ltr'><strong>audivisset</strong></span> <span class='ocrx_word' id='word_1_544' title='bbox 880 5798 893 5822; x_wconf 94' lang='lat'><strong>,</strong></span> <span class='ocrx_word' id='word_1_545' title='bbox 938 5775 1073 5828; x_wconf 83' lang='lat' dir='ltr'><strong>quas</strong></span> <span class='ocrx_word' id='word_1_546' title='bbox 1112 5761 1228 5827; x_wconf 88' lang='lat' dir='ltr'><strong>ipse</strong></span> <span class='ocrx_word' id='word_1_547' title='bbox 1259 5761 1313 5814; x_wconf 88' lang='lat' dir='ltr'><strong>in</strong></span> <span class='ocrx_word' id='word_1_548' title='bbox 1350 5759 1632 5826; x_wconf 83' lang='lat' dir='ltr'><strong>analyticis</strong></span> <span class='ocrx_word' id='word_1_549' title='bbox 1675 5757 1742 5813; x_wconf 85' lang='lat' dir='ltr'><strong>de</strong></span> <span class='ocrx_word' id='word_1_550' title='bbox 1774 5755 1979 5810; x_wconf 80' lang='lat' dir='ltr'><strong>ratione</strong></span> <span class='ocrx_word' id='word_1_551' title='bbox 2010 5756 2092 5810; x_wconf 71' lang='lat' dir='ltr'><strong>dp.-</strong></span> 
     </span>
    </p>
   </div>
   <div class='ocr_carea' id='block_1_78' title="bbox 2232 1930 3810 2006">
    <p class='ocr_par' dir='ltr' id='par_1_78' title="bbox 2232 1930 3810 2006">
     <span class='ocr_line' id='line_1_78' title="bbox 2232 1930 3810 2006; baseline -0.002 -17"><span class='ocrx_word' id='word_1_552' title='bbox 2232 1937 2409 2004; x_wconf 86' lang='grc' dir='ltr'>λόγος.</span> <span class='ocrx_word' id='word_1_553' title='bbox 2442 1937 2579 2006; x_wconf 78' lang='grc' dir='ltr'>Περὶ</span> <span class='ocrx_word' id='word_1_554' title='bbox 2610 1930 2686 1992; x_wconf 82' lang='grc' dir='ltr'>ὧν</span> <span class='ocrx_word' id='word_1_555' title='bbox 2713 1938 2774 1989; x_wconf 88' lang='grc' dir='ltr'><strong>οὐ</strong></span> <span class='ocrx_word' id='word_1_556' title='bbox 2809 1938 3059 1992; x_wconf 83' lang='grc' dir='ltr'>Πλάτωνι</span> <span class='ocrx_word' id='word_1_557' title='bbox 3092 1933 3519 2001; x_wconf 79' lang='grc' dir='ltr'>συνειπεῖν,ἀλλ’</span> <span class='ocrx_word' id='word_1_558' title='bbox 3557 1934 3810 2003; x_wconf 82' lang='grc' dir='ltr'>Ἀριστο-</span> 
     </span>
    </p>
   </div>
   <div class='ocr_carea' id='block_1_79' title="bbox 2232 2023 3808 2094">
    <p class='ocr_par' dir='ltr' id='par_1_79' title="bbox 2232 2023 3808 2094">
     <span class='ocr_line' id='line_1_79' title="bbox 2232 2023 3808 2094; baseline -0.001 -17"><span class='ocrx_word' id='word_1_559' title='bbox 2232 2024 2362 2094; x_wconf 87' lang='grc' dir='ltr'>τέλη</span> <span class='ocrx_word' id='word_1_560' title='bbox 2403 2025 2496 2080; x_wconf 85' lang='grc' dir='ltr'>καὶ</span> <span class='ocrx_word' id='word_1_561' title='bbox 2530 2027 2587 2078; x_wconf 70' lang='grc' dir='ltr'><strong>ἰν</strong></span> <span class='ocrx_word' id='word_1_562' title='bbox 2626 2025 2840 2092; x_wconf 79' lang='grc' dir='ltr'>τούτοις</span> <span class='ocrx_word' id='word_1_563' title='bbox 2870 2025 3151 2091; x_wconf 78' lang='grc' dir='ltr'>ἀποδεῖξαι</span> <span class='ocrx_word' id='word_1_564' title='bbox 3179 2024 3399 2092; x_wconf 80' lang='grc' dir='ltr'>φαύλως</span> <span class='ocrx_word' id='word_1_565' title='bbox 3428 2023 3808 2090; x_wconf 85' lang='grc' dir='ltr'>ἀντιλέγοντα,</span> 
     </span>
    </p>
   </div>
   <div class='ocr_carea' id='block_1_80' title="bbox 2233 2114 3808 2188">
    <p class='ocr_par' dir='ltr' id='par_1_80' title="bbox 2233 2114 3808 2188">
     <span class='ocr_line' id='line_1_80' title="bbox 2233 2114 3808 2188; baseline -0.003 -18"><span class='ocrx_word' id='word_1_566' title='bbox 2233 2116 2328 2170; x_wconf 70' lang='grc' dir='ltr'><strong>καὶ</strong></span> <span class='ocrx_word' id='word_1_567' title='bbox 2382 2116 2453 2170; x_wconf 78' lang='grc' dir='ltr'>τὰ</span> <span class='ocrx_word' id='word_1_568' title='bbox 2502 2117 2601 2188; x_wconf 83' lang='grc' dir='ltr'><strong>μὲν</strong></span> <span class='ocrx_word' id='word_1_569' title='bbox 2635 2115 3108 2185; x_wconf 83' lang='grc' dir='ltr'>συκοφαντοῦντα,</span> <span class='ocrx_word' id='word_1_570' title='bbox 3148 2116 3218 2168; x_wconf 86' lang='grc' dir='ltr'>τὰ</span> <span class='ocrx_word' id='word_1_571' title='bbox 3269 2115 3313 2168; x_wconf 88' lang='grc' dir='ltr'>δ’</span> <span class='ocrx_word' id='word_1_572' title='bbox 3342 2114 3402 2168; x_wconf 86' lang='grc' dir='ltr'><strong>ού</strong></span> <span class='ocrx_word' id='word_1_573' title='bbox 3454 2114 3808 2184; x_wconf 77' lang='grc' dir='ltr'>περαίνοντα,</span> 
     </span>
    </p>
   </div>
   <div class='ocr_carea' id='block_1_81' title="bbox 2232 2198 3813 2276">
    <p class='ocr_par' dir='ltr' id='par_1_81' title="bbox 2232 2198 3813 2276">
     <span class='ocr_line' id='line_1_81' title="bbox 2232 2198 3813 2276; baseline -0.004 -15"><span class='ocrx_word' id='word_1_574' title='bbox 2232 2208 2592 2276; x_wconf 74' lang='grc' dir='ltr'>ἀνεμέσητον,</span> <span class='ocrx_word' id='word_1_575' title='bbox 2635 2207 2758 2261; x_wconf 72' lang='grc' dir='ltr'>ἐπεὶ</span> <span class='ocrx_word' id='word_1_576' title='bbox 2789 2207 2883 2266; x_wconf 67' lang='grc' dir='ltr'><strong>καὶ</strong></span> <span class='ocrx_word' id='word_1_577' title='bbox 2915 2209 2971 2258; x_wconf 80' lang='grc' dir='ltr'>ὲν</span> <span class='ocrx_word' id='word_1_578' title='bbox 3019 2208 3128 2259; x_wconf 87' lang='grc' dir='ltr'><strong>τῶν</strong></span> <span class='ocrx_word' id='word_1_579' title='bbox 3173 2205 3482 2275; x_wconf 81' lang='grc' dir='ltr'>εἰρημένων</span> <span class='ocrx_word' id='word_1_580' title='bbox 3528 2204 3675 2257; x_wconf 75' lang='grc' dir='ltr'>ἔστιν</span> <span class='ocrx_word' id='word_1_581' title='bbox 3725 2198 3813 2266; x_wconf 78' lang='grc' dir='ltr'>οἷς</span> 
     </span>
    </p>
   </div>
   <div class='ocr_carea' id='block_1_82' title="bbox 2232 2295 3810 2370">
    <p class='ocr_par' dir='ltr' id='par_1_82' title="bbox 2232 2295 3810 2370">
     <span class='ocr_line' id='line_1_82' title="bbox 2232 2295 3810 2370; baseline -0.004 -16"><span class='ocrx_word' id='word_1_582' title='bbox 2232 2300 2388 2354; x_wconf 77' lang='grc' dir='ltr'>οὐδὲν</span> <span class='ocrx_word' id='word_1_583' title='bbox 2423 2299 2669 2354; x_wconf 76' lang='grc' dir='ltr'>Πλάτωνι</span> <span class='ocrx_word' id='word_1_584' title='bbox 2715 2300 3097 2370; x_wconf 78' lang='grc' dir='ltr'>συνειρηκότες</span> <span class='ocrx_word' id='word_1_585' title='bbox 3138 2298 3487 2368; x_wconf 82' lang='grc' dir='ltr'>Ἀριστοτέλη</span> <span class='ocrx_word' id='word_1_586' title='bbox 3529 2298 3668 2358; x_wconf 76' lang='grc' dir='ltr'>τέως</span> <span class='ocrx_word' id='word_1_587' title='bbox 3712 2295 3810 2349; x_wconf 84' lang='grc' dir='ltr'><strong>αὒ-</strong></span> 
     </span>
    </p>
   </div>
   <div class='ocr_carea' id='block_1_83' title="bbox 2232 2384 3808 2462">
    <p class='ocr_par' dir='ltr' id='par_1_83' title="bbox 2232 2384 3808 2462">
     <span class='ocr_line' id='line_1_83' title="bbox 2232 2384 3808 2462; baseline -0.006 -16"><span class='ocrx_word' id='word_1_588' title='bbox 2232 2394 2323 2446; x_wconf 84' lang='grc' dir='ltr'><strong>τδν</strong></span> <span class='ocrx_word' id='word_1_589' title='bbox 2355 2393 2448 2462; x_wconf 72' lang='grc' dir='ltr'><strong>ὑφ’</strong></span> <span class='ocrx_word' id='word_1_590' title='bbox 2473 2391 2638 2447; x_wconf 82' lang='grc' dir='ltr'>αὑτοῦ</span> <span class='ocrx_word' id='word_1_591' title='bbox 2674 2392 3146 2462; x_wconf 75' lang='grc' dir='ltr'>περιτρεπόμενον</span> <span class='ocrx_word' id='word_1_592' title='bbox 3185 2389 3621 2458; x_wconf 85' lang='grc' dir='ltr'>ὲπιδεδείχαμεν.</span> <span class='ocrx_word' id='word_1_593' title='bbox 3652 2384 3808 2454; x_wconf 69' lang='grc' dir='ltr'>Πρῶς</span> 
     </span>
    </p>
   </div>
   <div class='ocr_carea' id='block_1_84' title="bbox 2231 2477 3809 2560">
    <p class='ocr_par' dir='ltr' id='par_1_84' title="bbox 2231 2477 3809 2560">
     <span class='ocr_line' id='line_1_84' title="bbox 2231 2477 3809 2560; baseline -0.008 -20"><span class='ocrx_word' id='word_1_594' title='bbox 2231 2502 2323 2540; x_wconf 81' lang='grc' dir='ltr'><strong>τον</strong></span> <span class='ocrx_word' id='word_1_595' title='bbox 2356 2484 2456 2560; x_wconf 80' lang='grc' dir='ltr'>μὲν</span> <span class='ocrx_word' id='word_1_596' title='bbox 2485 2479 2578 2540; x_wconf 84' lang='grc' dir='ltr'><strong>οῦν</strong></span> <span class='ocrx_word' id='word_1_597' title='bbox 2606 2486 2782 2539; x_wconf 80' lang='grc' dir='ltr'>έκεῖνο</span> <span class='ocrx_word' id='word_1_598' title='bbox 2814 2482 3106 2550; x_wconf 69' lang='grc' dir='ltr'>ἐλεγκτέον</span> <span class='ocrx_word' id='word_1_599' title='bbox 3140 2480 3474 2550; x_wconf 82' lang='grc' dir='ltr'>ψευδόμενον</span> <span class='ocrx_word' id='word_1_600' title='bbox 3509 2477 3694 2543; x_wconf 81' lang='grc' dir='ltr'>αὑτὸν,</span> <span class='ocrx_word' id='word_1_601' title='bbox 3721 2477 3809 2529; x_wconf 85' lang='grc' dir='ltr'><strong>ὅτι</strong></span> 
     </span>
    </p>
   </div>
   <div class='ocr_carea' id='block_1_85' title="bbox 2231 2565 3812 2645">
    <p class='ocr_par' dir='ltr' id='par_1_85' title="bbox 2231 2565 3812 2645">
     <span class='ocr_line' id='line_1_85' title="bbox 2231 2565 3812 2645; baseline -0.006 -18"><span class='ocrx_word' id='word_1_602' title='bbox 2231 2575 2295 2645; x_wconf 77' lang='grc' dir='ltr'>δὴ</span> <span class='ocrx_word' id='word_1_603' title='bbox 2329 2575 2580 2645; x_wconf 80' lang='grc' dir='ltr'>πρώτους</span> <span class='ocrx_word' id='word_1_604' title='bbox 2614 2574 2754 2644; x_wconf 83' lang='grc' dir='ltr'>μετὰ</span> <span class='ocrx_word' id='word_1_605' title='bbox 2786 2573 3056 2642; x_wconf 81' lang='grc' dir='ltr'>Σωκράτη</span> <span class='ocrx_word' id='word_1_606' title='bbox 3092 2572 3260 2642; x_wconf 74' lang='grc' dir='ltr'>φησὶν</span> <span class='ocrx_word' id='word_1_607' title='bbox 3311 2570 3473 2640; x_wconf 79' lang='grc' dir='ltr'>ἄρξαι</span> <span class='ocrx_word' id='word_1_608' title='bbox 3529 2566 3625 2622; x_wconf 88' lang='grc' dir='ltr'><strong>τοῦ</strong></span> <span class='ocrx_word' id='word_1_609' title='bbox 3678 2565 3812 2635; x_wconf 71' lang='grc' dir='ltr'>περὶ</span> 
     </span>
    </p>
   </div>
   <div class='ocr_carea' id='block_1_86' title="bbox 2231 2659 3804 2732">
    <p class='ocr_par' dir='ltr' id='par_1_86' title="bbox 2231 2659 3804 2732">
     <span class='ocr_line' id='line_1_86' title="bbox 2231 2659 3804 2732; baseline -0.004 -12"><span class='ocrx_word' id='word_1_610' title='bbox 2231 2668 2389 2721; x_wconf 85' lang='grc' dir='ltr'>εἰδῶν</span> <span class='ocrx_word' id='word_1_611' title='bbox 2421 2666 2614 2720; x_wconf 87' lang='grc' dir='ltr'>τούτου</span> <span class='ocrx_word' id='word_1_612' title='bbox 2656 2667 2841 2732; x_wconf 88' lang='grc' dir='ltr'>λόγου,</span> <span class='ocrx_word' id='word_1_613' title='bbox 2874 2665 2969 2718; x_wconf 74' lang='grc' dir='ltr'>τὸν</span> <span class='ocrx_word' id='word_1_614' title='bbox 3004 2664 3276 2717; x_wconf 82' lang='grc' dir='ltr'>Πλάτωνα</span> <span class='ocrx_word' id='word_1_615' title='bbox 3307 2662 3552 2732; x_wconf 84' lang='grc' dir='ltr'>δηλονότι</span> <span class='ocrx_word' id='word_1_616' title='bbox 3605 2659 3804 2727; x_wconf 81' lang='grc' dir='ltr'>λέγων.</span> 
     </span>
    </p>
   </div>
   <div class='ocr_carea' id='block_1_87' title="bbox 2230 2751 3808 2826">
    <p class='ocr_par' dir='ltr' id='par_1_87' title="bbox 2230 2751 3808 2826">
     <span class='ocr_line' id='line_1_87' title="bbox 2230 2751 3808 2826; baseline -0.006 -14"><span class='ocrx_word' id='word_1_617' title='bbox 2230 2759 2518 2812; x_wconf 77' lang='grc' dir='ltr'>Φαίνονται</span> <span class='ocrx_word' id='word_1_618' title='bbox 2583 2758 2639 2810; x_wconf 84' lang='grc' dir='ltr'>δὲ</span> <span class='ocrx_word' id='word_1_619' title='bbox 2689 2756 2787 2812; x_wconf 76' lang='grc' dir='ltr'>καὶ</span> <span class='ocrx_word' id='word_1_620' title='bbox 2849 2756 2957 2826; x_wconf 82' lang='grc' dir='ltr'><strong>πρὸ</strong></span> <span class='ocrx_word' id='word_1_621' title='bbox 3008 2755 3293 2816; x_wconf 82' lang='grc' dir='ltr'>Πλάτωνος</span> <span class='ocrx_word' id='word_1_622' title='bbox 3349 2753 3398 2804; x_wconf 86' lang='grc' dir='ltr'>οἱ</span> <span class='ocrx_word' id='word_1_623' title='bbox 3447 2751 3808 2822; x_wconf 86' lang='grc' dir='ltr'>Πυθαγόρειοι</span> 
     </span>
    </p>
   </div>
   <div class='ocr_carea' id='block_1_88' title="bbox 2231 2841 3807 2922">
    <p class='ocr_par' dir='ltr' id='par_1_88' title="bbox 2231 2841 3807 2922">
     <span class='ocr_line' id='line_1_88' title="bbox 2231 2841 3807 2922; baseline -0.006 -19"><span class='ocrx_word' id='word_1_624' title='bbox 2231 2850 2404 2921; x_wconf 82' lang='grc' dir='ltr'>ταύτῃ</span> <span class='ocrx_word' id='word_1_625' title='bbox 2446 2849 2718 2919; x_wconf 80' lang='grc' dir='ltr'>χρώμενοι</span> <span class='ocrx_word' id='word_1_626' title='bbox 2763 2850 2829 2918; x_wconf 76' lang='grc' dir='ltr'>τῇ</span> <span class='ocrx_word' id='word_1_627' title='bbox 2879 2847 3028 2922; x_wconf 77' lang='grc' dir='ltr'>δόξῃ,</span> <span class='ocrx_word' id='word_1_628' title='bbox 3081 2845 3156 2908; x_wconf 84' lang='grc' dir='ltr'>ὡς</span> <span class='ocrx_word' id='word_1_629' title='bbox 3208 2847 3273 2898; x_wconf 70' lang='grc' dir='ltr'>ἐκ</span> <span class='ocrx_word' id='word_1_630' title='bbox 3313 2844 3408 2896; x_wconf 81' lang='grc' dir='ltr'><strong>τοῦ</strong></span> <span class='ocrx_word' id='word_1_631' title='bbox 3443 2842 3676 2913; x_wconf 77' lang='grc' dir='ltr'>Τιμαίου</span> <span class='ocrx_word' id='word_1_632' title='bbox 3711 2841 3807 2901; x_wconf 86' lang='grc' dir='ltr'><strong>τοῦ</strong></span> 
     </span>
    </p>
   </div>
   <div class='ocr_carea' id='block_1_89' title="bbox 2231 2931 3808 3010">
    <p class='ocr_par' dir='ltr' id='par_1_89' title="bbox 2231 2931 3808 3010">
     <span class='ocr_line' id='line_1_89' title="bbox 2231 2931 3808 3010; baseline -0.01 -13"><span class='ocrx_word' id='word_1_633' title='bbox 2231 2939 2441 3010; x_wconf 82' lang='grc' dir='ltr'>Λοκροῦ</span> <span class='ocrx_word' id='word_1_634' title='bbox 2475 2939 2685 3006; x_wconf 78' lang='grc' dir='ltr'>βιϐλίου</span> <span class='ocrx_word' id='word_1_635' title='bbox 2713 2939 2829 2991; x_wconf 72' lang='grc' dir='ltr'>ἔστι</span> <span class='ocrx_word' id='word_1_636' title='bbox 2862 2937 3071 2992; x_wconf 81' lang='grc' dir='ltr'>λαϐεῖν.</span> <span class='ocrx_word' id='word_1_637' title='bbox 3101 2935 3205 2988; x_wconf 86' lang='grc' dir='ltr'>Τὸν</span> <span class='ocrx_word' id='word_1_638' title='bbox 3257 2937 3366 3004; x_wconf 83' lang='grc' dir='ltr'>γὰρ</span> <span class='ocrx_word' id='word_1_639' title='bbox 3395 2933 3624 3002; x_wconf 81' lang='grc' dir='ltr'>οὐρανὸν</span> <span class='ocrx_word' id='word_1_640' title='bbox 3653 2931 3808 2984; x_wconf 85' lang='grc' dir='ltr'>τόνδε</span> 
     </span>
    </p>
   </div>
   <div class='ocr_carea' id='block_1_90' title="bbox 2231 3022 3808 3101">
    <p class='ocr_par' dir='ltr' id='par_1_90' title="bbox 2231 3022 3808 3101">
     <span class='ocr_line' id='line_1_90' title="bbox 2231 3022 3808 3101; baseline -0.006 -17"><span class='ocrx_word' id='word_1_641' title='bbox 2231 3032 2516 3101; x_wconf 80' lang='grc' dir='ltr'>συνίστησι</span> <span class='ocrx_word' id='word_1_642' title='bbox 2557 3029 2752 3100; x_wconf 82' lang='grc' dir='ltr'>νοητοῦ</span> <span class='ocrx_word' id='word_1_643' title='bbox 2801 3029 3250 3099; x_wconf 81' lang='grc' dir='ltr'>παραδείγματος</span> <span class='ocrx_word' id='word_1_644' title='bbox 3295 3026 3391 3080; x_wconf 89' lang='grc' dir='ltr'><strong>τοῦ</strong></span> <span class='ocrx_word' id='word_1_645' title='bbox 3445 3022 3680 3078; x_wconf 87' lang='grc' dir='ltr'>ἰδανικοῦ</span> <span class='ocrx_word' id='word_1_646' title='bbox 3711 3023 3808 3076; x_wconf 88' lang='grc' dir='ltr'>κό-</span> 
     </span>
    </p>
   </div>
   <div class='ocr_carea' id='block_1_91' title="bbox 2231 3113 3808 3190">
    <p class='ocr_par' dir='ltr' id='par_1_91' title="bbox 2231 3113 3808 3190">
     <span class='ocr_line' id='line_1_91' title="bbox 2231 3113 3808 3190; baseline -0.005 -15"><span class='ocrx_word' id='word_1_647' title='bbox 2231 3139 2369 3190; x_wconf 91' lang='grc' dir='ltr'>σμου</span> <span class='ocrx_word' id='word_1_648' title='bbox 2399 3121 2742 3178; x_wconf 73' lang='grc' dir='ltr'>εί.κόνα,Καὶ</span> <span class='ocrx_word' id='word_1_649' title='bbox 2764 3121 2924 3174; x_wconf 84' lang='grc' dir='ltr'>τοῦτο</span> <span class='ocrx_word' id='word_1_650' title='bbox 2971 3121 3070 3188; x_wconf 75' lang='grc' dir='ltr'>μὲν</span> <span class='ocrx_word' id='word_1_651' title='bbox 3118 3119 3283 3172; x_wconf 79' lang='grc' dir='ltr'>οὕτω.</span> <span class='ocrx_word' id='word_1_652' title='bbox 3336 3119 3545 3170; x_wconf 83' lang='grc' dir='ltr'>Ἐκεῖνο</span> <span class='ocrx_word' id='word_1_653' title='bbox 3579 3115 3636 3168; x_wconf 76' lang='grc' dir='ltr'>δὲ</span> <span class='ocrx_word' id='word_1_654' title='bbox 3685 3113 3808 3177; x_wconf 83' lang='grc' dir='ltr'>πῶς</span> 
     </span>
    </p>
   </div>
   <div class='ocr_carea' id='block_1_92' title="bbox 2232 3207 3812 3282">
    <p class='ocr_par' dir='ltr' id='par_1_92' title="bbox 2232 3207 3812 3282">
     <span class='ocr_line' id='line_1_92' title="bbox 2232 3207 3812 3282; baseline -0.006 -16"><span class='ocrx_word' id='word_1_655' title='bbox 2232 3215 2333 3267; x_wconf 74' lang='grc' dir='ltr'><strong>οὐκ</strong></span> <span class='ocrx_word' id='word_1_656' title='bbox 2367 3213 2575 3276; x_wconf 71' lang='grc' dir='ltr'>ἀδικεῖς</span> <span class='ocrx_word' id='word_1_657' title='bbox 2610 3212 2669 3265; x_wconf 90' lang='grc' dir='ltr'><strong>ού</strong></span> <span class='ocrx_word' id='word_1_658' title='bbox 2703 3211 2997 3282; x_wconf 87' lang='grc' dir='ltr'>συνώνυμα</span> <span class='ocrx_word' id='word_1_659' title='bbox 3025 3211 3153 3281; x_wconf 74' lang='grc' dir='ltr'>ζάλλ’</span> <span class='ocrx_word' id='word_1_660' title='bbox 3179 3208 3451 3279; x_wconf 82' lang='grc' dir='ltr'>ὁμώνυμα</span> <span class='ocrx_word' id='word_1_661' title='bbox 3475 3210 3586 3270; x_wconf 85' lang='grc' dir='ltr'>τοῖς</span> <span class='ocrx_word' id='word_1_662' title='bbox 3612 3207 3812 3274; x_wconf 57' lang='grc' dir='ltr'>αἰσθηη</span> 
     </span>
    </p>
   </div>
   <div class='ocr_carea' id='block_1_93' title="bbox 2233 3294 3808 3376">
    <p class='ocr_par' dir='ltr' id='par_1_93' title="bbox 2233 3294 3808 3376">
     <span class='ocr_line' id='line_1_93' title="bbox 2233 3294 3808 3376; baseline -0.004 -18"><span class='ocrx_word' id='word_1_663' title='bbox 2233 3308 2346 3369; x_wconf 89' lang='grc' dir='ltr'>τοῖς</span> <span class='ocrx_word' id='word_1_664' title='bbox 2378 3305 2446 3360; x_wconf 85' lang='grc' dir='ltr'><strong>τὰ</strong></span> <span class='ocrx_word' id='word_1_665' title='bbox 2483 3306 2598 3372; x_wconf 71' lang='grc' dir='ltr'>εἴδη</span> <span class='ocrx_word' id='word_1_666' title='bbox 2625 3305 2928 3376; x_wconf 79' lang='grc' dir='ltr'>τιθεμένων</span> <span class='ocrx_word' id='word_1_667' title='bbox 2956 3303 3065 3356; x_wconf 83' lang='grc' dir='ltr'>τῶν</span> <span class='ocrx_word' id='word_1_668' title='bbox 3093 3320 3157 3370; x_wconf 89' lang='grc' dir='ltr'><strong>γε</strong></span> <span class='ocrx_word' id='word_1_669' title='bbox 3185 3300 3301 3370; x_wconf 90' lang='grc' dir='ltr'>είδη</span> <span class='ocrx_word' id='word_1_670' title='bbox 3337 3301 3636 3364; x_wconf 78' lang='grc' dir='ltr'>ἀξιούντων</span> <span class='ocrx_word' id='word_1_671' title='bbox 3663 3294 3808 3352; x_wconf 85' lang='grc' dir='ltr'>εἰναι</span> 
     </span>
    </p>
   </div>
   <div class='ocr_carea' id='block_1_94' title="bbox 2233 3387 3806 3468">
    <p class='ocr_par' dir='ltr' id='par_1_94' title="bbox 2233 3387 3806 3468">
     <span class='ocr_line' id='line_1_94' title="bbox 2233 3387 3806 3468; baseline -0.006 -19"><span class='ocrx_word' id='word_1_672' title='bbox 2233 3397 2397 3468; x_wconf 69' lang='grc' dir='ltr'>αὐτὸς</span> <span class='ocrx_word' id='word_1_673' title='bbox 2433 3391 2760 3467; x_wconf 77' lang='grc' dir='ltr'>βιαζόμενος</span> <span class='ocrx_word' id='word_1_674' title='bbox 2793 3394 3088 3463; x_wconf 83' lang='grc' dir='ltr'>συνώνυμα</span> <span class='ocrx_word' id='word_1_675' title='bbox 3122 3391 3442 3461; x_wconf 78' lang='grc' dir='ltr'>ἀποφαίνει.</span> <span class='ocrx_word' id='word_1_676' title='bbox 3476 3391 3550 3446; x_wconf 82' lang='grc' dir='ltr'>Ού</span> <span class='ocrx_word' id='word_1_677' title='bbox 3575 3390 3689 3460; x_wconf 80' lang='grc' dir='ltr'>γὰρ</span> <span class='ocrx_word' id='word_1_678' title='bbox 3724 3387 3806 3458; x_wconf 83' lang='grc' dir='ltr'>τῷ</span> 
     </span>
    </p>
   </div>
   <div class='ocr_carea' id='block_1_95' title="bbox 2231 3482 3807 3557">
    <p class='ocr_par' dir='ltr' id='par_1_95' title="bbox 2231 3482 3807 3557">
     <span class='ocr_line' id='line_1_95' title="bbox 2231 3482 3807 3557; baseline -0.004 -17"><span class='ocrx_word' id='word_1_679' title='bbox 2231 3487 2302 3541; x_wconf 79' lang='grc' dir='ltr'><strong>τὰ</strong></span> <span class='ocrx_word' id='word_1_680' title='bbox 2330 3488 2430 3557; x_wconf 80' lang='grc' dir='ltr'><strong>μὲν</strong></span> <span class='ocrx_word' id='word_1_681' title='bbox 2456 3490 2604 3543; x_wconf 59' lang='grc' dir='ltr'>ἀίδια</span> <span class='ocrx_word' id='word_1_682' title='bbox 2635 3482 2797 3550; x_wconf 75' lang='grc' dir='ltr'>εἶναι,</span> <span class='ocrx_word' id='word_1_683' title='bbox 2825 3487 2981 3557; x_wconf 74' lang='grc' dir='ltr'>φησὶ.</span> <span class='ocrx_word' id='word_1_684' title='bbox 3004 3486 3070 3539; x_wconf 87' lang='grc' dir='ltr'>τὰ</span> <span class='ocrx_word' id='word_1_685' title='bbox 3098 3486 3153 3538; x_wconf 82' lang='grc' dir='ltr'>δὲ</span> <span class='ocrx_word' id='word_1_686' title='bbox 3175 3485 3396 3553; x_wconf 84' lang='grc' dir='ltr'>φθαρτά</span> <span class='ocrx_word' id='word_1_687' title='bbox 3415 3483 3474 3536; x_wconf 87' lang='grc' dir='ltr'>οὺ</span> <span class='ocrx_word' id='word_1_688' title='bbox 3509 3482 3807 3551; x_wconf 82' lang='grc' dir='ltr'>συνώνυμα</span> 
     </span>
    </p>
   </div>
   <div class='ocr_carea' id='block_1_96' title="bbox 2231 3574 3804 3649">
    <p class='ocr_par' dir='ltr' id='par_1_96' title="bbox 2231 3574 3804 3649">
     <span class='ocr_line' id='line_1_96' title="bbox 2231 3574 3804 3649; baseline -0.006 -15"><span class='ocrx_word' id='word_1_689' title='bbox 2231 3581 2406 3645; x_wconf 78' lang='grc' dir='ltr'>ἔσται,</span> <span class='ocrx_word' id='word_1_690' title='bbox 2429 3581 2554 3632; x_wconf 76' lang='grc' dir='ltr'>ἐπεὶ·</span> <span class='ocrx_word' id='word_1_691' title='bbox 2578 3581 2673 3645; x_wconf 71' lang='grc' dir='ltr'><strong>καὶ</strong></span> <span class='ocrx_word' id='word_1_692' title='bbox 2690 3580 2750 3632; x_wconf 80' lang='grc' dir='ltr'><strong>τὸ</strong></span> <span class='ocrx_word' id='word_1_693' title='bbox 2781 3579 3134 3649; x_wconf 85' lang='grc' dir='ltr'>πολυχρόνιον</span> <span class='ocrx_word' id='word_1_694' title='bbox 3167 3576 3360 3630; x_wconf 86' lang='grc' dir='ltr'>λευκὸν</span> <span class='ocrx_word' id='word_1_695' title='bbox 3397 3574 3476 3645; x_wconf 80' lang='grc' dir='ltr'>τῷ</span> <span class='ocrx_word' id='word_1_696' title='bbox 3511 3575 3804 3644; x_wconf 82' lang='grc' dir='ltr'>ὲφημερίῳ</span> 
     </span>
    </p>
   </div>
   <div class='ocr_carea' id='block_1_97' title="bbox 2229 3662 3801 3742">
    <p class='ocr_par' dir='ltr' id='par_1_97' title="bbox 2229 3662 3801 3742">
     <span class='ocr_line' id='line_1_97' title="bbox 2229 3662 3801 3742; baseline -0.005 -18"><span class='ocrx_word' id='word_1_697' title='bbox 2229 3671 2382 3724; x_wconf 68' lang='grc' dir='ltr'>οὐδέν</span> <span class='ocrx_word' id='word_1_698' title='bbox 2410 3687 2473 3738; x_wconf 90' lang='grc' dir='ltr'><strong>γε</strong></span> <span class='ocrx_word' id='word_1_699' title='bbox 2500 3665 2670 3742; x_wconf 77' lang='grc' dir='ltr'>ἦττον.</span> <span class='ocrx_word' id='word_1_700' title='bbox 2717 3669 3052 3739; x_wconf 79' lang='grc' dir='ltr'>συνώνυμον.</span> <span class='ocrx_word' id='word_1_701' title='bbox 3079 3668 3154 3723; x_wconf 79' lang='grc' dir='ltr'><strong>Εὖ</strong></span> <span class='ocrx_word' id='word_1_702' title='bbox 3205 3684 3292 3734; x_wconf 89' lang='grc' dir='ltr'><strong>γε,</strong></span> <span class='ocrx_word' id='word_1_703' title='bbox 3324 3662 3370 3721; x_wconf 83' lang='grc' dir='ltr'><strong>ὦ</strong></span> <span class='ocrx_word' id='word_1_704' title='bbox 3409 3665 3801 3736; x_wconf 82' lang='grc' dir='ltr'>Ἀριστότελες,</span> 
     </span>
    </p>
   </div>
   <div class='ocr_carea' id='block_1_98' title="bbox 2201 3757 3801 3831">
    <p class='ocr_par' dir='ltr' id='par_1_98' title="bbox 2201 3757 3801 3831">
     <span class='ocr_line' id='line_1_98' title="bbox 2201 3757 3801 3831; baseline -0.007 -13"><span class='ocrx_word' id='word_1_705' title='bbox 2201 3763 2277 3820; x_wconf 77' lang='grc' dir='ltr'><strong>ἐἰ</strong></span> <span class='ocrx_word' id='word_1_706' title='bbox 2329 3762 2406 3831; x_wconf 82' lang='grc' dir='ltr'>τῷ</span> <span class='ocrx_word' id='word_1_707' title='bbox 2453 3763 2740 3830; x_wconf 80' lang='grc' dir='ltr'>ὲφημερίῳ</span> <span class='ocrx_word' id='word_1_708' title='bbox 2773 3759 2954 3830; x_wconf 85' lang='grc' dir='ltr'>λευκῷ</span> <span class='ocrx_word' id='word_1_709' title='bbox 2988 3760 3058 3813; x_wconf 80' lang='grc' dir='ltr'><strong>τὸ.</strong></span> <span class='ocrx_word' id='word_1_710' title='bbox 3079 3761 3434 3829; x_wconf 82' lang='grc' dir='ltr'>πολυχρόνιον</span> <span class='ocrx_word' id='word_1_711' title='bbox 3474 3757 3595 3827; x_wconf 64' lang='grc' dir='ltr'>μὲν,</span> <span class='ocrx_word' id='word_1_712' title='bbox 3630 3773 3801 3808; x_wconf 85' lang='grc' dir='ltr'>πεπε-</span> 
     </span>
    </p>
   </div>
   <div class='ocr_carea' id='block_1_99' title="bbox 2232 3849 3806 3926">
    <p class='ocr_par' dir='ltr' id='par_1_99' title="bbox 2232 3849 3806 3926">
     <span class='ocr_line' id='line_1_99' title="bbox 2232 3849 3806 3926; baseline -0.005 -17"><span class='ocrx_word' id='word_1_713' title='bbox 2232 3856 2514 3926; x_wconf 84' lang='grc' dir='ltr'>ρασμένην</span> <span class='ocrx_word' id='word_1_714' title='bbox 2545 3853 2591 3914; x_wconf 54' lang='grc' dir='ltr'>δῖ</span> <span class='ocrx_word' id='word_1_715' title='bbox 2621 3855 2769 3916; x_wconf 82' lang='grc' dir='ltr'>ὅπως</span> <span class='ocrx_word' id='word_1_716' title='bbox 2793 3852 2997 3924; x_wconf 77' lang='grc' dir='ltr'>δήποτε</span> <span class='ocrx_word' id='word_1_717' title='bbox 3031 3852 3165 3921; x_wconf 80' lang='grc' dir='ltr'>ἔχον.</span> <span class='ocrx_word' id='word_1_718' title='bbox 3185 3851 3285 3922; x_wconf 78' lang='grc' dir='ltr'>τὴν</span> <span class='ocrx_word' id='word_1_719' title='bbox 3321 3850 3566 3918; x_wconf 77' lang='grc' dir='ltr'>ὕπαρξιν.</span> <span class='ocrx_word' id='word_1_720' title='bbox 3589 3851 3682 3904; x_wconf 73' lang='grc' dir='ltr'>καίι</span> <span class='ocrx_word' id='word_1_721' title='bbox 3711 3849 3806 3902; x_wconf 65' lang='grc' dir='ltr'>διὰ</span> 
     </span>
    </p>
   </div>
   <div class='ocr_carea' id='block_1_100' title="bbox 2227 3939 3804 4014">
    <p class='ocr_par' dir='ltr' id='par_1_100' title="bbox 2227 3939 3804 4014">
     <span class='ocr_line' id='line_1_100' title="bbox 2227 3939 3804 4014; baseline -0.004 -16"><span class='ocrx_word' id='word_1_722' title='bbox 2227 3945 2385 4004; x_wconf 83' lang='grc' dir='ltr'>τοῦτο</span> <span class='ocrx_word' id='word_1_723' title='bbox 2441 3942 2758 4014; x_wconf 79' lang='grc' dir='ltr'>συμϐλητὴν</span> <span class='ocrx_word' id='word_1_724' title='bbox 2798 3943 3138 4013; x_wconf 82' lang='grc' dir='ltr'>συνώνυμον,</span> <span class='ocrx_word' id='word_1_725' title='bbox 3196 3941 3341 3995; x_wconf 83' lang='grc' dir='ltr'>κατὰ</span> <span class='ocrx_word' id='word_1_726' title='bbox 3398 3940 3557 3994; x_wconf 87' lang='grc' dir='ltr'>τοῦτο</span> <span class='ocrx_word' id='word_1_727' title='bbox 3602 3939 3700 3992; x_wconf 74' lang='grc' dir='ltr'><strong>καί⁵</strong></span> <span class='ocrx_word' id='word_1_728' title='bbox 3739 3939 3804 3992; x_wconf 85' lang='grc' dir='ltr'><strong>τὸ</strong></span> 
     </span>
    </p>
   </div>
   <div class='ocr_carea' id='block_1_101' title="bbox 2228 4030 3799 4108">
    <p class='ocr_par' dir='ltr' id='par_1_101' title="bbox 2228 4030 3799 4108">
     <span class='ocr_line' id='line_1_101' title="bbox 2228 4030 3799 4108; baseline -0.003 -21"><span class='ocrx_word' id='word_1_729' title='bbox 2228 4035 2468 4108; x_wconf 81' lang='grc' dir='ltr'>φθαρτὸν</span> <span class='ocrx_word' id='word_1_730' title='bbox 2505 4034 2582 4102; x_wconf 85' lang='grc' dir='ltr'>τῷ</span> <span class='ocrx_word' id='word_1_731' title='bbox 2615 4035 2880 4104; x_wconf 77' lang='grc' dir='ltr'>ἀφθάρτῳ</span> <span class='ocrx_word' id='word_1_732' title='bbox 2913 4032 3010 4086; x_wconf 78' lang='grc' dir='ltr'><strong>καὶ</strong></span> <span class='ocrx_word' id='word_1_733' title='bbox 3042 4032 3258 4102; x_wconf 77' lang='grc' dir='ltr'>οὐδαμῆ</span> <span class='ocrx_word' id='word_1_734' title='bbox 3291 4031 3587 4103; x_wconf 84' lang='grc' dir='ltr'>συμϐλητῷ</span> <span class='ocrx_word' id='word_1_735' title='bbox 3621 4030 3799 4084; x_wconf 83' lang='grc' dir='ltr'>συνώ-</span> 
     </span>
    </p>
   </div>
   <div class='ocr_carea' id='block_1_102' title="bbox 2227 4124 3801 4196">
    <p class='ocr_par' dir='ltr' id='par_1_102' title="bbox 2227 4124 3801 4196">
     <span class='ocr_line' id='line_1_102' title="bbox 2227 4124 3801 4196; baseline -0.003 -14"><span class='ocrx_word' id='word_1_736' title='bbox 2227 4145 2394 4196; x_wconf 86' lang='grc' dir='ltr'>νυμον</span> <span class='ocrx_word' id='word_1_737' title='bbox 2420 4127 2594 4182; x_wconf 79' lang='grc' dir='ltr'>έσται.</span> <span class='ocrx_word' id='word_1_738' title='bbox 2641 4126 2755 4180; x_wconf 75' lang='grc' dir='ltr'><strong>Καὶ</strong></span> <span class='ocrx_word' id='word_1_739' title='bbox 2783 4126 2900 4188; x_wconf 83' lang='grc' dir='ltr'>πῶς</span> <span class='ocrx_word' id='word_1_740' title='bbox 2941 4143 3025 4178; x_wconf 89' lang='grc' dir='ltr'><strong>σοι</strong></span> <span class='ocrx_word' id='word_1_741' title='bbox 3054 4127 3116 4178; x_wconf 76' lang='grc' dir='ltr'>τὸ</span> <span class='ocrx_word' id='word_1_742' title='bbox 3152 4124 3391 4188; x_wconf 86' lang='grc' dir='ltr'>τοιοῦτον</span> <span class='ocrx_word' id='word_1_743' title='bbox 3423 4125 3801 4194; x_wconf 83' lang='grc' dir='ltr'>συμπεραίνε-</span> 
     </span>
    </p>
   </div>
   <div class='ocr_carea' id='block_1_103' title="bbox 2225 4213 3801 4285">
    <p class='ocr_par' dir='ltr' id='par_1_103' title="bbox 2225 4213 3801 4285">
     <span class='ocr_line' id='line_1_103' title="bbox 2225 4213 3801 4285; baseline 0 -15"><span class='ocrx_word' id='word_1_744' title='bbox 2225 4235 2317 4279; x_wconf 80' lang='grc' dir='ltr'><strong>ται</strong></span> <span class='ocrx_word' id='word_1_745' title='bbox 2343 4235 2357 4282; x_wconf 86' lang='lat'><strong>;</strong></span> <span class='ocrx_word' id='word_1_746' title='bbox 2395 4215 2571 4270; x_wconf 84' lang='grc' dir='ltr'>πόθεν.</span> <span class='ocrx_word' id='word_1_747' title='bbox 2586 4215 2628 4268; x_wconf 87' lang='grc' dir='ltr'>δ’</span> <span class='ocrx_word' id='word_1_748' title='bbox 2663 4214 2868 4284; x_wconf 75' lang='grc' dir='ltr'>ἔμαθες</span> <span class='ocrx_word' id='word_1_749' title='bbox 2905 4213 3198 4284; x_wconf 83' lang='grc' dir='ltr'>συμϐλητά</span> <span class='ocrx_word' id='word_1_750' title='bbox 3224 4214 3597 4284; x_wconf 80' lang='grc' dir='ltr'>ἀσυμϐλήτοις</span> <span class='ocrx_word' id='word_1_751' title='bbox 3622 4232 3801 4285; x_wconf 71' lang='grc' dir='ltr'>παραυ</span> 
     </span>
    </p>
   </div>
   <div class='ocr_carea' id='block_1_104' title="bbox 2226 4288 3802 4377">
    <p class='ocr_par' dir='ltr' id='par_1_104' title="bbox 2226 4288 3802 4377">
     <span class='ocr_line' id='line_1_104' title="bbox 2226 4288 3802 4377; baseline -0.003 -16"><span class='ocrx_word' id='word_1_752' title='bbox 2226 4308 2466 4371; x_wconf 83' lang='grc' dir='ltr'>ϐάλλειν,</span> <span class='ocrx_word' id='word_1_753' title='bbox 2499 4305 2738 4360; x_wconf 76' lang='grc' dir='ltr'>κᾶπειτα</span> <span class='ocrx_word' id='word_1_754' title='bbox 2767 4305 2828 4356; x_wconf 79' lang='grc' dir='ltr'><strong>τὸ</strong></span> <span class='ocrx_word' id='word_1_755' title='bbox 2861 4288 3183 4374; x_wconf 69' lang='grc' dir='ltr'>συμϐαῖνον,</span> <span class='ocrx_word' id='word_1_756' title='bbox 3218 4307 3312 4358; x_wconf 77' lang='grc' dir='ltr'>ἐπὶ</span> <span class='ocrx_word' id='word_1_757' title='bbox 3342 4307 3451 4359; x_wconf 81' lang='grc' dir='ltr'><strong>τῶν</strong></span> <span class='ocrx_word' id='word_1_758' title='bbox 3475 4307 3802 4377; x_wconf 78' lang='grc' dir='ltr'>συμϐλητῶν</span> 
     </span>
    </p>
   </div>
   <div class='ocr_carea' id='block_1_105' title="bbox 2226 4393 3803 4468">
    <p class='ocr_par' dir='ltr' id='par_1_105' title="bbox 2226 4393 3803 4468">
     <span class='ocr_line' id='line_1_105' title="bbox 2226 4393 3803 4468; baseline 0.003 -20"><span class='ocrx_word' id='word_1_759' title='bbox 2226 4397 2364 4449; x_wconf 76' lang='grc' dir='ltr'><strong>κάπὶ</strong></span> <span class='ocrx_word' id='word_1_760' title='bbox 2393 4397 2502 4448; x_wconf 84' lang='grc' dir='ltr'>τῶν</span> <span class='ocrx_word' id='word_1_761' title='bbox 2551 4394 2919 4463; x_wconf 86' lang='grc' dir='ltr'>ἀσυμϐλήτων</span> <span class='ocrx_word' id='word_1_762' title='bbox 2952 4393 3160 4459; x_wconf 81' lang='grc' dir='ltr'>ἀξιοῦν,</span> <span class='ocrx_word' id='word_1_763' title='bbox 3208 4395 3560 4465; x_wconf 83' lang='grc' dir='ltr'>συμϐαίνειν;</span> <span class='ocrx_word' id='word_1_764' title='bbox 3596 4400 3646 4452; x_wconf 82' lang='grc' dir='ltr'><strong>εἰ</strong></span> <span class='ocrx_word' id='word_1_765' title='bbox 3691 4400 3803 4468; x_wconf 78' lang='grc' dir='ltr'><strong>γάρ</strong></span> 
     </span>
    </p>
   </div>
   <div class='ocr_carea' id='block_1_106' title="bbox 2226 4477 3803 4557">
    <p class='ocr_par' dir='ltr' id='par_1_106' title="bbox 2226 4477 3803 4557">
     <span class='ocr_line' id='line_1_106' title="bbox 2226 4477 3803 4557; baseline 0.005 -21"><span class='ocrx_word' id='word_1_766' title='bbox 2226 4503 2309 4548; x_wconf 91' lang='grc' dir='ltr'><strong>τις</strong></span> <span class='ocrx_word' id='word_1_767' title='bbox 2343 4486 2568 4537; x_wconf 79' lang='grc' dir='ltr'>ἐκείνων</span> <span class='ocrx_word' id='word_1_768' title='bbox 2601 4484 2910 4546; x_wconf 82' lang='grc' dir='ltr'>ἀκούσειεν,</span> <span class='ocrx_word' id='word_1_769' title='bbox 2957 4477 3035 4544; x_wconf 74' lang='grc' dir='ltr'>ὧν</span> <span class='ocrx_word' id='word_1_770' title='bbox 3071 4487 3129 4537; x_wconf 82' lang='grc' dir='ltr'>ὲν</span> <span class='ocrx_word' id='word_1_771' title='bbox 3163 4487 3236 4555; x_wconf 71' lang='grc' dir='ltr'><strong>τῇ¹</strong></span> <span class='ocrx_word' id='word_1_772' title='bbox 3264 4487 3618 4557; x_wconf 80' lang='grc' dir='ltr'>ἀποδεικτικῇ</span> <span class='ocrx_word' id='word_1_773' title='bbox 3669 4493 3803 4557; x_wconf 84' lang='grc' dir='ltr'>περὶ</span> 
     </span>
    </p>
   </div>
   <div class='ocr_carea' id='block_1_107' title="bbox 2229 4575 3802 4650">
    <p class='ocr_par' dir='ltr' id='par_1_107' title="bbox 2229 4575 3802 4650">
     <span class='ocr_line' id='line_1_107' title="bbox 2229 4575 3802 4650; baseline 0.003 -20"><span class='ocrx_word' id='word_1_774' title='bbox 2229 4576 2560 4642; x_wconf 75' lang='grc' dir='ltr'>ἀποδείξεως</span> <span class='ocrx_word' id='word_1_775' title='bbox 2581 4576 2934 4647; x_wconf 79' lang='grc' dir='ltr'>ἀκριϐολογῇ,</span> <span class='ocrx_word' id='word_1_776' title='bbox 2958 4575 3019 4628; x_wconf 79' lang='grc' dir='ltr'><strong>οὗ</strong></span> <span class='ocrx_word' id='word_1_777' title='bbox 3053 4577 3172 4628; x_wconf 87' lang='grc' dir='ltr'>ποτ’</span> <span class='ocrx_word' id='word_1_778' title='bbox 3198 4579 3262 4631; x_wconf 82' lang='grc' dir='ltr'><strong>ἀν</strong></span> <span class='ocrx_word' id='word_1_779' title='bbox 3286 4594 3346 4631; x_wconf 88' lang='grc' dir='ltr'><strong>σε</strong></span> <span class='ocrx_word' id='word_1_780' title='bbox 3375 4579 3607 4650; x_wconf 82' lang='grc' dir='ltr'>οἰηθείη,</span> <span class='ocrx_word' id='word_1_781' title='bbox 3627 4579 3802 4645; x_wconf 78' lang='grc' dir='ltr'>οὕτως</span> 
     </span>
    </p>
   </div>
   <div class='ocr_carea' id='block_1_108' title="bbox 2223 4664 3802 4740">
    <p class='ocr_par' dir='ltr' id='par_1_108' title="bbox 2223 4664 3802 4740">
     <span class='ocr_line' id='line_1_108' title="bbox 2223 4664 3802 4740; baseline 0.003 -22"><span class='ocrx_word' id='word_1_782' title='bbox 2223 4665 2450 4736; x_wconf 73' lang='grc' dir='ltr'>ψυχρῶς</span> <span class='ocrx_word' id='word_1_783' title='bbox 2477 4665 2642 4717; x_wconf 80' lang='grc' dir='ltr'>αὑτὸν</span> <span class='ocrx_word' id='word_1_784' title='bbox 2672 4664 2769 4717; x_wconf 63' lang='grc' dir='ltr'><strong>καὶ⁵</strong></span> <span class='ocrx_word' id='word_1_785' title='bbox 2809 4664 3028 4733; x_wconf 85' lang='grc' dir='ltr'>φαύλως</span> <span class='ocrx_word' id='word_1_786' title='bbox 3059 4664 3347 4730; x_wconf 81' lang='grc' dir='ltr'>ἀνέξεσθαι</span> <span class='ocrx_word' id='word_1_787' title='bbox 3373 4666 3644 4720; x_wconf 85' lang='grc' dir='ltr'>δεικνύναι</span> <span class='ocrx_word' id='word_1_788' title='bbox 3670 4670 3802 4740; x_wconf 82' lang='grc' dir='ltr'>περὶ</span> 
     </span>
    </p>
   </div>
   <div class='ocr_carea' id='block_1_109' title="bbox 2225 4755 3800 4828">
    <p class='ocr_par' dir='ltr' id='par_1_109' title="bbox 2225 4755 3800 4828">
     <span class='ocr_line' id='line_1_109' title="bbox 2225 4755 3800 4828; baseline 0.001 -17"><span class='ocrx_word' id='word_1_789' title='bbox 2225 4760 2350 4812; x_wconf 82' lang='grc' dir='ltr'>ὅτου</span> <span class='ocrx_word' id='word_1_790' title='bbox 2385 4758 2451 4811; x_wconf 83' lang='grc' dir='ltr'><strong>ἂν</strong></span> <span class='ocrx_word' id='word_1_791' title='bbox 2489 4757 2731 4826; x_wconf 84' lang='grc' dir='ltr'>πρόθοιο.</span> <span class='ocrx_word' id='word_1_792' title='bbox 2768 4755 2962 4823; x_wconf 82' lang='grc' dir='ltr'>Ἡμεῖς</span> <span class='ocrx_word' id='word_1_793' title='bbox 2994 4755 3050 4808; x_wconf 86' lang='grc' dir='ltr'><strong>δέ</strong></span> <span class='ocrx_word' id='word_1_794' title='bbox 3081 4773 3142 4823; x_wconf 92' lang='grc' dir='ltr'><strong>γε</strong></span> <span class='ocrx_word' id='word_1_795' title='bbox 3213 4758 3369 4824; x_wconf 76' lang='grc' dir='ltr'>ἴσμεν</span> <span class='ocrx_word' id='word_1_796' title='bbox 3405 4757 3504 4828; x_wconf 76' lang='grc' dir='ltr'>μὲν</span> <span class='ocrx_word' id='word_1_797' title='bbox 3535 4758 3800 4828; x_wconf 80' lang='grc' dir='ltr'>ὁμώνυμα</span> 
     </span>
    </p>
   </div>
   <div class='ocr_carea' id='block_1_110' title="bbox 2224 4845 3796 4917">
    <p class='ocr_par' dir='ltr' id='par_1_110' title="bbox 2224 4845 3796 4917">
     <span class='ocr_line' id='line_1_110' title="bbox 2224 4845 3796 4917; baseline 0 -14"><span class='ocrx_word' id='word_1_798' title='bbox 2224 4853 2337 4913; x_wconf 82' lang='grc' dir='ltr'>τοῖς</span> <span class='ocrx_word' id='word_1_799' title='bbox 2393 4847 2680 4917; x_wconf 32' lang='grc' dir='ltr'>αἰσθητοῖς,</span> <span class='ocrx_word' id='word_1_800' title='bbox 2733 4848 2859 4909; x_wconf 63' lang='grc' dir='ltr'>τοὺς</span> <span class='ocrx_word' id='word_1_801' title='bbox 2896 4847 2965 4898; x_wconf 75' lang='grc' dir='ltr'>τὰ</span> <span class='ocrx_word' id='word_1_802' title='bbox 3014 4845 3131 4917; x_wconf 79' lang='grc' dir='ltr'>εἴδη</span> <span class='ocrx_word' id='word_1_803' title='bbox 3182 4847 3502 4916; x_wconf 81' lang='grc' dir='ltr'>τιθεμένους</span> <span class='ocrx_word' id='word_1_804' title='bbox 3548 4846 3688 4902; x_wconf 78' lang='grc' dir='ltr'>εἷναί</span> <span class='ocrx_word' id='word_1_805' title='bbox 3738 4867 3796 4903; x_wconf 89' lang='grc' dir='ltr'><strong>τε</strong></span> 
     </span>
    </p>
   </div>
   <div class='ocr_carea' id='block_1_111' title="bbox 2224 4936 3798 5009">
    <p class='ocr_par' dir='ltr' id='par_1_111' title="bbox 2224 4936 3798 5009">
     <span class='ocr_line' id='line_1_111' title="bbox 2224 4936 3798 5009; baseline 0 -16"><span class='ocrx_word' id='word_1_806' title='bbox 2224 4940 2512 5007; x_wconf 81' lang='grc' dir='ltr'>ἀξιοῦντας</span> <span class='ocrx_word' id='word_1_807' title='bbox 2545 4938 2640 4992; x_wconf 75' lang='grc' dir='ltr'>καὶ</span> <span class='ocrx_word' id='word_1_808' title='bbox 2667 4936 2993 4999; x_wconf 83' lang='grc' dir='ltr'>καλοῦντας.</span> <span class='ocrx_word' id='word_1_809' title='bbox 3022 4938 3096 4989; x_wconf 85' lang='grc' dir='ltr'>Ού</span> <span class='ocrx_word' id='word_1_810' title='bbox 3125 4938 3232 5008; x_wconf 83' lang='grc' dir='ltr'>μὴν</span> <span class='ocrx_word' id='word_1_811' title='bbox 3260 4938 3397 4992; x_wconf 81' lang='grc' dir='ltr'>ἀλλὰ</span> <span class='ocrx_word' id='word_1_812' title='bbox 3432 4941 3522 4992; x_wconf 78' lang='grc' dir='ltr'><strong>καί</strong></span> <span class='ocrx_word' id='word_1_813' title='bbox 3545 4940 3798 5009; x_wconf 79' lang='grc' dir='ltr'>δείξομεν</span> 
     </span>
    </p>
   </div>
   <div class='ocr_carea' id='block_1_112' title="bbox 2223 5025 3795 5102">
    <p class='ocr_par' dir='ltr' id='par_1_112' title="bbox 2223 5025 3795 5102">
     <span class='ocr_line' id='line_1_112' title="bbox 2223 5025 3795 5102; baseline -0.002 -15"><span class='ocrx_word' id='word_1_814' title='bbox 2223 5034 2335 5087; x_wconf 80' lang='grc' dir='ltr'>οὐδ’</span> <span class='ocrx_word' id='word_1_815' title='bbox 2361 5033 2533 5095; x_wconf 79' lang='grc' dir='ltr'>ἄλλως</span> <span class='ocrx_word' id='word_1_816' title='bbox 2581 5031 2698 5084; x_wconf 73' lang='grc' dir='ltr'>ἐνὸν</span> <span class='ocrx_word' id='word_1_817' title='bbox 2748 5029 2888 5082; x_wconf 80' lang='grc' dir='ltr'>αὐτὰ</span> <span class='ocrx_word' id='word_1_818' title='bbox 2923 5029 3170 5082; x_wconf 84' lang='grc' dir='ltr'>τίθεσθαι</span> <span class='ocrx_word' id='word_1_819' title='bbox 3208 5029 3267 5096; x_wconf 78' lang='grc' dir='ltr'>ἐξ</span> <span class='ocrx_word' id='word_1_820' title='bbox 3289 5025 3472 5102; x_wconf 86' lang='grc' dir='ltr'>ὧνπερ</span> <span class='ocrx_word' id='word_1_821' title='bbox 3511 5031 3795 5084; x_wconf 81' lang='grc' dir='ltr'>ὑποτίθεν-</span> 
     </span>
    </p>
   </div>
   <div class='ocr_carea' id='block_1_113' title="bbox 2223 5122 3798 5194">
    <p class='ocr_par' dir='ltr' id='par_1_113' title="bbox 2223 5122 3798 5194">
     <span class='ocr_line' id='line_1_113' title="bbox 2223 5122 3798 5194; baseline -0.001 -17"><span class='ocrx_word' id='word_1_822' title='bbox 2223 5142 2337 5178; x_wconf 88' lang='grc' dir='ltr'>ται.</span> <span class='ocrx_word' id='word_1_823' title='bbox 2388 5122 2817 5193; x_wconf 86' lang='grc' dir='ltr'>Παραδείγματα</span> <span class='ocrx_word' id='word_1_824' title='bbox 2847 5123 2954 5192; x_wconf 85' lang='grc' dir='ltr'>γὰρ</span> <span class='ocrx_word' id='word_1_825' title='bbox 2987 5123 3211 5176; x_wconf 90' lang='grc' dir='ltr'>εἰκόνων</span> <span class='ocrx_word' id='word_1_826' title='bbox 3243 5123 3353 5175; x_wconf 83' lang='grc' dir='ltr'><strong>τῶν</strong></span> <span class='ocrx_word' id='word_1_827' title='bbox 3413 5124 3692 5194; x_wconf 63' lang='grc' dir='ltr'>αἰσθητῶν</span> <span class='ocrx_word' id='word_1_828' title='bbox 3726 5124 3798 5176; x_wconf 74' lang='grc' dir='ltr'>τὰ</span> 
     </span>
    </p>
   </div>
   <div class='ocr_carea' id='block_1_114' title="bbox 2224 5213 3797 5286">
    <p class='ocr_par' dir='ltr' id='par_1_114' title="bbox 2224 5213 3797 5286">
     <span class='ocr_line' id='line_1_114' title="bbox 2224 5213 3797 5286; baseline 0 -20"><span class='ocrx_word' id='word_1_829' title='bbox 2224 5215 2390 5283; x_wconf 76' lang='grc' dir='ltr'>νοητὰ</span> <span class='ocrx_word' id='word_1_830' title='bbox 2439 5213 2807 5267; x_wconf 78' lang='grc' dir='ltr'>ὑποτίθενται.</span> <span class='ocrx_word' id='word_1_831' title='bbox 2859 5215 3060 5266; x_wconf 83' lang='grc' dir='ltr'>Εἰκόνα</span> <span class='ocrx_word' id='word_1_832' title='bbox 3113 5213 3170 5267; x_wconf 85' lang='grc' dir='ltr'>δὲ</span> <span class='ocrx_word' id='word_1_833' title='bbox 3219 5216 3628 5286; x_wconf 80' lang='grc' dir='ltr'>παραδείγματι</span> <span class='ocrx_word' id='word_1_834' title='bbox 3679 5215 3797 5276; x_wconf 83' lang='grc' dir='ltr'><strong>πῶς</strong></span> 
     </span>
    </p>
   </div>
   <div class='ocr_carea' id='block_1_115' title="bbox 2223 5299 3797 5374">
    <p class='ocr_par' dir='ltr' id='par_1_115' title="bbox 2223 5299 3797 5374">
     <span class='ocr_line' id='line_1_115' title="bbox 2223 5299 3797 5374; baseline 0 -16"><span class='ocrx_word' id='word_1_835' title='bbox 2223 5305 2289 5358; x_wconf 84' lang='grc' dir='ltr'>ἄν</span> <span class='ocrx_word' id='word_1_836' title='bbox 2319 5320 2404 5367; x_wconf 88' lang='grc' dir='ltr'><strong>τις</strong></span> <span class='ocrx_word' id='word_1_837' title='bbox 2461 5301 2772 5371; x_wconf 87' lang='grc' dir='ltr'>συνώνυμον</span> <span class='ocrx_word' id='word_1_838' title='bbox 2827 5299 2969 5356; x_wconf 76' lang='grc' dir='ltr'>εἶναι</span> <span class='ocrx_word' id='word_1_839' title='bbox 3012 5303 3317 5369; x_wconf 80' lang='grc' dir='ltr'>ἀξιώσειεν,</span> <span class='ocrx_word' id='word_1_840' title='bbox 3370 5306 3421 5370; x_wconf 83' lang='grc' dir='ltr'><strong>εἰ</strong></span> <span class='ocrx_word' id='word_1_841' title='bbox 3472 5304 3548 5374; x_wconf 85' lang='grc' dir='ltr'>μὴ</span> <span class='ocrx_word' id='word_1_842' title='bbox 3576 5306 3797 5358; x_wconf 78' lang='grc' dir='ltr'>καὶτὸν</span> 
     </span>
    </p>
   </div>
   <div class='ocr_carea' id='block_1_116' title="bbox 2223 5391 3799 5463">
    <p class='ocr_par' dir='ltr' id='par_1_116' title="bbox 2223 5391 3799 5463">
     <span class='ocr_line' id='line_1_116' title="bbox 2223 5391 3799 5463; baseline 0.003 -19"><span class='ocrx_word' id='word_1_843' title='bbox 2223 5391 2518 5460; x_wconf 77' lang='grc' dir='ltr'>ἀνδριάντα</span> <span class='ocrx_word' id='word_1_844' title='bbox 2551 5391 2643 5444; x_wconf 77' lang='grc' dir='ltr'><strong>τὸν</strong></span> <span class='ocrx_word' id='word_1_845' title='bbox 2673 5392 2990 5461; x_wconf 82' lang='grc' dir='ltr'>Λυσάνδρου</span> <span class='ocrx_word' id='word_1_846' title='bbox 3017 5393 3096 5462; x_wconf 85' lang='grc' dir='ltr'><strong>τῷ</strong></span> <span class='ocrx_word' id='word_1_847' title='bbox 3139 5393 3441 5463; x_wconf 82' lang='grc' dir='ltr'>Λυσάνδρῳ</span> <span class='ocrx_word' id='word_1_848' title='bbox 3480 5395 3799 5463; x_wconf 84' lang='grc' dir='ltr'>συνώνυμον</span> 
     </span>
    </p>
   </div>
   <div class='ocr_carea' id='block_1_117' title="bbox 2223 5479 3791 5555">
    <p class='ocr_par' dir='ltr' id='par_1_117' title="bbox 2223 5479 3791 5555">
     <span class='ocr_line' id='line_1_117' title="bbox 2223 5479 3791 5555; baseline 0.003 -22"><span class='ocrx_word' id='word_1_849' title='bbox 2223 5479 2365 5535; x_wconf 81' lang='grc' dir='ltr'>εἶναι</span> <span class='ocrx_word' id='word_1_850' title='bbox 2396 5482 2670 5548; x_wconf 77' lang='grc' dir='ltr'>ἀξιώσειε,</span> <span class='ocrx_word' id='word_1_851' title='bbox 2698 5483 2793 5534; x_wconf 78' lang='grc' dir='ltr'>καὶ</span> <span class='ocrx_word' id='word_1_852' title='bbox 2843 5484 2935 5536; x_wconf 80' lang='grc' dir='ltr'><strong>τὸν</strong></span> <span class='ocrx_word' id='word_1_853' title='bbox 2977 5482 3315 5553; x_wconf 83' lang='grc' dir='ltr'>Ἡρακλέους</span> <span class='ocrx_word' id='word_1_854' title='bbox 3357 5485 3434 5555; x_wconf 79' lang='grc' dir='ltr'>τῷ</span> <span class='ocrx_word' id='word_1_855' title='bbox 3492 5485 3791 5554; x_wconf 74' lang='grc' dir='ltr'>Ἡρακλεῖς</span> 
     </span>
    </p>
   </div>
   <div class='ocr_carea' id='block_1_118' title="bbox 2237 5572 3796 5647">
    <p class='ocr_par' dir='ltr' id='par_1_118' title="bbox 2237 5572 3796 5647">
     <span class='ocr_line' id='line_1_118' title="bbox 2237 5572 3796 5647; baseline 0 -20"><span class='ocrx_word' id='word_1_856' title='bbox 2237 5573 2410 5638; x_wconf 82' lang='grc' dir='ltr'>Ἀλλὰ,</span> <span class='ocrx_word' id='word_1_857' title='bbox 2443 5574 2611 5642; x_wconf 79' lang='grc' dir='ltr'>φησὶν</span> <span class='ocrx_word' id='word_1_858' title='bbox 2629 5572 3032 5642; x_wconf 82' lang='grc' dir='ltr'>Ἀριστοτέλης,</span> <span class='ocrx_word' id='word_1_859' title='bbox 3059 5574 3201 5630; x_wconf 84' lang='grc' dir='ltr'><strong>κατά</strong></span> <span class='ocrx_word' id='word_1_860' title='bbox 3227 5592 3290 5643; x_wconf 87' lang='grc' dir='ltr'><strong>γε</strong></span> <span class='ocrx_word' id='word_1_861' title='bbox 3327 5577 3434 5647; x_wconf 83' lang='grc' dir='ltr'><strong>γὰρ</strong></span> <span class='ocrx_word' id='word_1_862' title='bbox 3462 5577 3585 5637; x_wconf 73' lang='grc' dir='ltr'>τοὺς</span> <span class='ocrx_word' id='word_1_863' title='bbox 3603 5575 3796 5643; x_wconf 86' lang='grc' dir='ltr'>λόγους</span> 
     </span>
    </p>
   </div>
   <div class='ocr_carea' id='block_1_119' title="bbox 2224 5662 3792 5733">
    <p class='ocr_par' dir='ltr' id='par_1_119' title="bbox 2224 5662 3792 5733">
     <span class='ocr_line' id='line_1_119' title="bbox 2224 5662 3792 5733; baseline 0.001 -18"><span class='ocrx_word' id='word_1_864' title='bbox 2224 5663 2348 5725; x_wconf 82' lang='grc' dir='ltr'>τοὺς</span> <span class='ocrx_word' id='word_1_865' title='bbox 2383 5663 2490 5714; x_wconf 85' lang='grc' dir='ltr'><strong>τῶν</strong></span> <span class='ocrx_word' id='word_1_866' title='bbox 2513 5662 2864 5731; x_wconf 75' lang='grc' dir='ltr'>ἐπιστημῶν,</span> <span class='ocrx_word' id='word_1_867' title='bbox 2909 5663 3063 5715; x_wconf 73' lang='grc' dir='ltr'>ἔσται</span> <span class='ocrx_word' id='word_1_868' title='bbox 3095 5663 3208 5733; x_wconf 78' lang='grc' dir='ltr'>εἴδη</span> <span class='ocrx_word' id='word_1_869' title='bbox 3255 5669 3472 5718; x_wconf 79' lang='grc' dir='ltr'>πάντων</span> <span class='ocrx_word' id='word_1_870' title='bbox 3513 5667 3653 5718; x_wconf 82' lang='grc' dir='ltr'>ὅσων</span> <span class='ocrx_word' id='word_1_871' title='bbox 3687 5683 3792 5733; x_wconf 85' lang='grc' dir='ltr'><strong>περ</strong></span> 
     </span>
    </p>
   </div>
   <div class='ocr_carea' id='block_1_120' title="bbox 2226 5753 3790 5823">
    <p class='ocr_par' dir='ltr' id='par_1_120' title="bbox 2226 5753 3790 5823">
     <span class='ocr_line' id='line_1_120' title="bbox 2226 5753 3790 5823; baseline 0.002 -16"><span class='ocrx_word' id='word_1_872' title='bbox 2226 5756 2318 5807; x_wconf 77' lang='grc' dir='ltr'>καὶ</span> <span class='ocrx_word' id='word_1_873' title='bbox 2341 5753 2643 5823; x_wconf 79' lang='grc' dir='ltr'>ἐπιστῆμαί</span> <span class='ocrx_word' id='word_1_874' title='bbox 2675 5754 2801 5818; x_wconf 85' lang='grc' dir='ltr'>εἰσι,</span> <span class='ocrx_word' id='word_1_875' title='bbox 2835 5755 2927 5807; x_wconf 70' lang='grc' dir='ltr'><strong>καὶ</strong></span> <span class='ocrx_word' id='word_1_876' title='bbox 2965 5753 3104 5807; x_wconf 82' lang='grc' dir='ltr'><strong>κατά</strong></span> <span class='ocrx_word' id='word_1_877' title='bbox 3135 5756 3196 5809; x_wconf 79' lang='grc' dir='ltr'>τὺ</span> <span class='ocrx_word' id='word_1_878' title='bbox 3231 5757 3288 5809; x_wconf 86' lang='grc' dir='ltr'>ἓν</span> <span class='ocrx_word' id='word_1_879' title='bbox 3317 5757 3405 5809; x_wconf 70' lang='grc' dir='ltr'>ἐιτί</span> <span class='ocrx_word' id='word_1_880' title='bbox 3437 5757 3664 5820; x_wconf 76' lang='grc' dir='ltr'>πολλῶν,</span> <span class='ocrx_word' id='word_1_881' title='bbox 3697 5761 3790 5810; x_wconf 80' lang='grc' dir='ltr'>καὶ</span> 
     </span>
    </p>
   </div>
  </div>
