4186 6290
431 407 540 470 9ἶ7

1128 420 1226 480 DE
1258 423 1678 489 PLATONICA
1720 432 1816 493 ET
1851 434 2415 502 ARISTOTELICA
2461 441 3010 506 PHILOSOPHIA.

3582 449 3685 511 918

430 519 542 571 τῶν
594 521 948 588 ἀποφάσεων.
987 521 1148 583 Κατὰ
1191 530 1248 584 δὲ
1286 533 1348 586 ea
1385 537 1528 589 νοεῖν
1566 556 1640 604 τι,
1679 539 1995 613 φθαρέντος,

2113 553 2456 607 monstrandi
2500 563 2608 608 tam
2637 555 2861 609 curiose
2891 553 3292 624 prtescripsisti,
3329 572 3436 611 non
3467 558 3684 627 quidem

429 612 540 665 τῶν
570 615 849 706 φθαρτῶν.
869 618 1056 673 Ταῦτα
1079 621 1305 691 ἀσαφῶς
1332 626 1434 695 μέν
1462 645 1579 688 πως
1609 631 1826 702 εἴρηται
1859 612 2006 706 Ἀριέ

430 702 690 796 σκυτάλα.
722 707 814 760 Δεῖ
839 707 896 761 δὲ
928 711 958 772 ὴ
969 713 1075 781 μᾶς
1102 714 1172 766 τὰ
1198 714 1304 768 ὑπὸ
1337 717 1452 770 τῶν
1473 720 1540 774 τὰ
1561 722 1675 791 ετδη
1706 702 2007 796 τιθεμένων

425 793 700 888 λεγόμενα
741 800 1014 871 πρότερον
1046 805 1402 875 ἐκθεμένους,
1436 811 1582 866 οὕτω
1624 816 1722 885 τὴν
1757 793 2003 888 Ἄριστος

426 885 615 951 τέλους
649 888 892 944 διάνοιαν
927 895 1076 964 σοιφῆ
1110 890 1478 968 καταστῆσαι.
1511 903 1626 975 Τὴν
1668 885 1850 975 ψυχήν
1899 924 2005 973 φα-

428 995 514 1031 σιν
541 981 591 1032 οἱ
625 981 696 1034 τὰ
719 983 835 1054 εῐδη
869 986 1142 1056 τιθέμενοι
1194 991 1686 1061 ἀναλαμϐάνουσαν
1715 998 1771 1060 ἔς
1793 1016 1854 1067 γε
1884 1000 2006 1054 ἔπι-

365 1095 368 1100 ·
426 1073 644 1144 στήμην
686 1076 812 1138 τοὺς
847 1078 964 1141 τοῖς
1016 1081 1297 1151 αἰσθητοῖς
1349 1085 1566 1152 λόγους,
1610 1089 2006 1162 ἀκριόἐστερον

424 1165 629 1230 αὐτοὺς
677 1167 904 1238 ἔχοντας
935 1175 1032 1228 καὶ
1076 1176 1418 1250 τελεώτερον
1442 1179 1502 1233 ἐν
1536 1182 1704 1253 ἑαυτῇ
1760 1183 1935 1254 ἰσχὺν,
1969 1183 2002 1257 ἦ

427 1257 488 1310 ἔν
515 1261 628 1322 τοῖς
654 1261 938 1331 αἰσθητοῖς
990 1265 1197 1336 ἔχουσι.
1246 1270 1320 1323 Τὸ
1363 1270 1456 1325 οὖν
1489 1272 1820 1346 τελεώτερον
1847 1277 2005 1331 τοῦτο

423 1350 522 1403 καὶ
554 1352 952 1425 ἂκριόἐστερον
983 1360 1094 1412 οὐκ.
1119 1360 1190 1412 ἂν
1221 1362 1330 1415 ἀπὸ
1357 1365 1476 1417 τῶν
1513 1366 1791 1435 αἰσθητῶν
1829 1369 2004 1438 ἴσχειν

421 1440 525 1512 τὴν
545 1444 731 1514 ψυχὴν
751 1448 777 1500 ὃ
807 1463 870 1515 γε
905 1453 984 1520 μὴ·
1015 1447 1169 1506 ἐστιν
1210 1457 1269 1508 ὲν
1298 1457 1505 1520 αὐτοῖς.
1542 1461 1668 1513 Οὐδ’
1716 1456 1783 1514 αὖ
1832 1463 2004 1530 μηδα-

427 1533 532 1602 μοῦ
562 1529 750 1590 ἄλλοθι
782 1538 842 1592 ὃν
866 1540 1016 1611 αὒτῷ
1042 1541 1102 1608 ἐξ
1125 1546 1298 1616 αὐτῆς
1318 1548 1674 1606 διανοεῖσθαι.
1707 1529 1842 1605 Ούδὲ
1890 1551 2002 1623 Ῡᾶρ

422 1629 729 1696 πεφυκέναι
756 1633 855 1701 τὴν
883 1634 1062 1705 ψυχὴν
1086 1639 1311 1708 μηδαμῆ
1347 1641 1407 1694 ὃν
1435 1661 1486 1696 τι
1522 1644 1872 1699 διανοεῖσθαι)
1904 1647 2002 1707 τὰς

421 1722 534 1792 γὰρ
564 1723 785 1791 ψευδεῖς
815 1725 926 1779 τῶν
951 1727 1122 1794 δοξῶν
1154 1731 1274 1802 οὐχὶ
1320 1733 1394 1804 μὴ
1441 1734 1633 1796 ὄντων,
1675 1735 1790 1790 ἀλλ’
1833 1738 2000 1792 ὄντων

425 1814 544 1882 μὲν,
577 1809 754 1868 ἄλλων
780 1816 836 1869 δὲ
872 1819 998 1871 κατ’
1020 1820 1195 1875 ἄλλων
1253 1823 1394 1878 εἶναι
1441 1828 1722 1893 συνθέσεις
1751 1829 1906 1894 τινὰς
1938 1827 1997 1883 ού

421 1905 565 1960 κατὰ
598 1909 658 1960 τὸ
687 1907 856 1974 ὀρθὸν·
893 1913 1213 1981 γινομένας.
1256 1917 1560 1972 Λείπέσθαι
1597 1919 1655 1972 δὲ
1685 1921 1779 1989 ἀφ’
1805 1923 2000 1992 ἐτέρας

419 1999 571 2061 τινὸς
600 1999 816 2067 φύσεως
853 2003 1030 2075 πολλῷ
1082 2006 1163 2059 ἔτι
1212 2007 1528 2078 κρείττονός
1572 2029 1633 2064 τε
1680 2013 1774 2065 καὶ
1804 2015 2001 2067 τελεω-

417 2091 586 2161 τέρας
612 2092 851 2163 ἀφήκειν
881 2098 945 2166 τῇ
985 2096 1131 2168 ψυχῇ
1162 2098 1223 2152 τὸ
1251 2101 1584 2172 τελεώτερον
1608 2103 1769 2157 τοῦτο
1790 2107 1900 2159 τῶν
1941 2108 1998 2160 ἐν

417 2185 531 2246 τοῖς
562 2184 840 2254 αἰσθητοῖς
868 2188 1064 2256 λόγων.
1092 2191 1236 2261 Πρὸς
1281 2191 1454 2247 ταῦτα
1494 2194 1892 2265 Ἀριστοτέλης,
1936 2197 2008 2253 Εἴ

418 2269 562 2326 κατ-ἅ
587 2273 718 2338 τοῦς
775 2276 1120 2347 ἐπιστημῶν,
1172 2283 1327 2351 φησὶ,
1362 2282 1555 2351 λόγους
1607 2285 1682 2348 ὡς
1711 2286 1774 2358 δὴ
1810 2287 1918 2340 τῶν
1943 2289 2000 2340 ὲν

414 2361 530 2428 τοῖς
555 2363 837 2435 αἰσθητοῖς
870 2369 1356 2440 τελεωτὲρους,δεῖ
1389 2367 1530 2428 εἴναι
1559 2376 1625 2429 τὰ
1669 2378 1805 2447 εἴδη,
1841 2377 1998 2433 ἔσται

417 2457 514 2542 καῖ
549 2458 774 2512 πάντων
807 2459 945 2512 ὅσων
1001 2477 1110 2532 περ
1165 2459 1260 2516 καῖ
1313 2465 1622 2536 ἐπιστῆμαί
1666 2471 1825 2533 εἰσιν,
1856 2471 1995 2542 εἴδη.

416 2541 574 2601 Κατὰ
602 2548 656 2601 δὲ
688 2549 749 2601 τὸ
778 2553 918 2604 νοεῖν
941 2569 992 2604 τι
1026 2555 1154 2622 περί
1193 2573 1339 2619 τινος
1379 2558 1703 2629 φθαρέντος,
1739 2564 1793 2616 ετ
1822 2580 1884 2629 γε
1921 2541 1997 2632 μῆ

413 2639 594 2695 ἔνεστι
622 2645 685 2711 τῇ
717 2642 861 2713 ψυχῇ
908 2645 983 2716 μὴ
1011 2645 1073 2698 δν
1111 2663 1161 2699 τι
1200 2650 1365 2709 νοεῖν,
1409 2647 1564 2704 ἔσται
1614 2652 1709 2704 καὶ
1758 2653 1993 2708 ἑκάστου

410 2731 520 2784 τῶν
550 2734 804 2803 φθαρτῶν
827 2736 958 2789 ἴδιον
978 2735 1137 2799 εἶδος.
1166 2738 1242 2790 Τὸ
1263 2739 1318 2792 δὲ
1339 2739 1525 2794 λοιπὸν
1560 2742 1990 2812 Ἀριστοτέλους,

410 2823 472 2877 τὸ
519 2825 661 2878 κατὰ
713 2825 773 2877 τὸ
813 2824 870 2877 ἓν
925 2826 1017 2878 ἐπὶ⁸
1073 2827 1310 2894 πολλῶν,
1359 2830 1456 2883 καὶ
1487 2831 1595 2885 τῶν
1630 2835 1986 2901 ἀποφάσεων,

412 2919 666 2990 βούλεται
697 2920 839 2975 τόδε.
882 2923 1002 2992 Οὐχ
1026 2917 1138 2976 οἷόν
1177 2939 1236 2976 τε
1291 2919 1455 2987 εἶναι,
1483 2927 1653 2992 φασὶν
1691 2928 1741 2980 οἱ
1781 2928 1845 2980 τὰ
1878 2929 1992 2999 εἴδη

411 3009 713 3074 τιθέμενοι,
738 3010 956 3072 πολλοῖς
989 3009 1048 3062 ἓν
1082 3029 1134 3064 τι
1156 3013 1250 3064 καὶ
1288 3014 1487 3066 ταυτδν
1517 3014 1726 3084 ἔχουσι,
1751 3016 1812 3068 τδ
1827 3016 1995 3070 ταυτὸ

407 3100 570 3155 τοῦτο
599 3102 784 3164 αὐτοῖς
818 3103 928 3155 ἀπὸ
967 3101 1062 3154 τοῦ
1100 3103 1412 3172 αὐτομάτου
1464 3101 1628 3160 εἶναι.
1678 3106 1752 3160 Οὖ
1790 3107 1898 3175 γὰρ
1929 3105 1995 3159 ἂν

407 3190 523 3249 οἷόν
551 3211 609 3248 τε
642 3187 785 3246 εἶναι
829 3193 1092 3260 τετάχθαι
1143 3193 1280 3246 ἄττα
1340 3193 1626 3260 ὡσαύτως,
1659 3197 1781 3266 ἦτοι
1814 3198 1922 3260 ἀεὶ,
1955 3198 1988 3266 ἢ
2021 3241 2070 3266 Α.

408 3287 506 3341 καὶ
534 3286 609 3348 ὡς
632 3285 699 3339 τὰ
730 3284 900 3338 πολλᾶ
952 3285 1058 3337 ἀπὸ
1112 3286 1212 3337 τοῦ¹
1236 3285 1577 3354 αὐτομάτου.
1609 3288 1742 3350 ξΔὲοι
1774 3287 1838 3340 ἂν
1882 3287 1989 3356 ἄρα

408 3380 664 3442 ἑκάστοις
695 3378 754 3431 ἓν
792 3395 842 3430 τι
873 3378 968 3430 καὶ
1005 3376 1203 3429 ταυτὸν
1235 3376 1360 3428 καθ’
1388 3376 1534 3430 αύτό-
1569 3378 1754 3446 ἔχονσι
1796 3379 1892 3430 καὶ
1926 3379 1996 3430 οὺ·

407 3473 550 3526 κατὰ
597 3469 969 3539 συμϐεϐηκὸς,
1019 3469 1077 3521 ἓν
1130 3485 1181 3521 τι
1237 3467 1520 3538 ἐξαίρετον
1565 3470 1887 3533 ὶφεστὰναι,
1930 3469 1992 3522 τδ

407 3568 522 3627 τοῖς
555 3563 766 3625 πολλοῖς
817 3563 880 3615 τὸ
925 3561 1046 3614 κατ’
1096 3560 1261 3614 αὐτὸν
1316 3560 1571 3631 παρέξον.
1631 3562 1779 3632 Πρὸς
1828 3561 1989 3614 τοῦτο

405 3653 824 3724 ’⁵Ᾱριστοτέλης,
853 3653 948 3704 καὶ
988 3651 1129 3703 κατὰ
1183 3649 1244 3702 τὸ
1277 3651 1357 3706 ἓν.
1391 3655 1576 3720 φησῖν,
1605 3651 1699 3704 ἔπὶ
1750 3651 1987 3718 πολλῶν,

407 3747 503 3801 καὶ
530 3744 638 3800 τῶν
668 3745 1020 3812 ἀποφάσεων.
1049 3743 1286 3812 Δηλαδὴ,
1318 3741 1374 3795 εἶ’
1401 3745 1543 3796 κατᾶ
1581 3745 1640 3796 τὺ
1666 3745 1724 3796 ἓν
1749 3762 1802 3796 τι
1845 3741 1988 3797 εἶναι

405 3840 522 3902 τοῖς
557 3839 867 3909 ἀνθρώποις
894 3837 996 3907 τὴν
1027 3837 1460 3907 ἀνθρωπότητα,
1491 3834 1574 3890 δεῖ
1622 3855 1675 3890 τι
1706 3834 1847 3890 εἶναι
1893 3839 1992 3892 καῖ

408 3933 468 3986 ἐν
520 3930 802 4004 ἐξαίρετον
851 3929 911 3981 τὸ
950 3927 1049 3999 τὴν
1082 3928 1487 4000 ἀνθρωπότητα
1537 3927 1724 3990 αὐτοῖς
1778 3931 1988 3996 ταύτην

407 4025 665 4094 παρέξον,
688 4023 804 4075 δ’ἔον
838 4020 902 4075 ἂν
929 4021 1029 4073 καῖ
1054 4021 1166 4082 τοῖς
1197 4020 1296 4072 οὐκ
1325 4020 1635 4087 ἀνθρώποις
1665 4015 1808 4072 εἷναί
1842 4038 1893 4073 τι
1928 4019 1988 4072 ἓν

404 4117 466 4170 τὸ
495 4118 593 4186 τὴν
625 4117 725 4168 οὐκ
763 4111 1161 4183 ἄνθρωπότητα
1202 4113 1388 4172 αὐτοῖς
1425 4111 1686 4182 παρέξον.
1729 4111 1837 4165 Καὶ
1877 4113 1986 4184 γὰρ

405 4211 501 4264 καὶ
533 4208 750 4270 τούτοις
779 4207 838 4257 ἓν
894 4223 945 4257 τι
988 4205 1084 4256 καὶ
1113 4206 1153 4272 ἠ
1181 4203 1283 4256 οὐκ
1351 4203 1713 4273 ἀνθρωπὸτης
1767 4203 1986 4264 πολλοῖς

405 4315 470 4366 γε
533 4297 706 4359 οὖσιν,
762 4295 952 4363 ὥσπερ
1013 4295 1106 4346 καὶ
1156 4296 1269 4356 τοῖς
1337 4293 1652 4363 ἀνθρώποις
1685 4295 1720 4364 ἠ
1772 4293 1986 4363 ἀνθρω-

404 4391 597 4460 πότης.
635 4387 823 4441 Ταῦτα
888 4387 988 4454 μὲν
1043 4380 1138 4438 οὖν
1210 4385 1276 4437 τὰ
1339 4384 1789 4452 Ἀριστοτέλους·
1852 4386 1988 4452 ἡμῖν

403 4484 448 4535 δ’
481 4482 696 4551 ἀνάγκη
726 4475 816 4534 οἷά
847 4499 907 4533 τε
954 4479 1025 4532 τὰ
1075 4478 1193 4546 εἴδη
1226 4478 1321 4532 καὶ
1344 4480 1492 4539 ὅπως
1523 4477 1718 4546 ἔχοντα
1755 4479 1802 4530 οἱ
1844 4478 1986 4530 τιθέ-

2109 643 2442 701 existimatio
2484 655 2717 700 mentem
2764 643 3049 716 obreperet
3077 656 3187 701 tam
3241 646 3435 716 frigide
3468 659 3688 720 tamque

2110 745 2362 802 perverse
2395 722 2624 805 teipsum
2659 739 2842 794 conari
2891 739 3004 792 haec
3036 739 3436 801 demonstrare,
3470 738 3537 792 de
3565 739 3686 805 qui-

2110 817 2209 879 bus
2235 827 2348 896 jam’
2375 829 2722 884 disserimus.
2754 818 2860 883 Nos
2887 846 3016 882 vero
3047 831 3250 884 scimus
3277 840 3444 892 certo,
3464 829 3531 883 al)
3552 829 3684 892 illis.

2107 919 2199 988 qui
2249 921 2904 991 speciesampiectuntur,
2946 921 3156 990 species
3186 935 3292 975 non
3328 936 3682 992 synonymas,

2107 1007 2578 1079 Sed'cognomines
2609 1011 2726 1066 sive
2751 1011 3064 1080 arquivocas
3105 1011 3270 1065 rebus
3321 1013 3507 1066 sensui
3558 1012 3686 1065 sub-

2105 1096 2265 1165 jectis
2300 1107 2355 1153 et
2385 1100 2688 1154 existimari
2723 1109 2774 1154 et
2807 1100 3093 1170 appellari.
3123 1097 3390 1155 Caeterum
3434 1101 3685 1156 ostende-

2107 1197 2228 1242 m'us
2259 1191 2408 1246 nullo
2457 1189 2618 1247 modo
2669 1202 2790 1248 esse
2839 1201 3096 1262 c‘ognatas
3143 1192 3260 1248 sive
3304 1207 3681 1264 synonymas,

2105 1277 2458 1348 ejusdemque
2487 1295 2709 1350 prorsus
2739 1293 2968 1350 naturae,
3000 1299 3064 1338 ex
3099 1283 3166 1338 iis
3205 1283 3516 1353 principiis,
3553 1283 3681 1352 qui-

2105 1372 2207 1428 bus
2233 1373 2308 1428 illi
2353 1383 2602 1430 utunttIr.
2646 1374 3012 1446 lnte‘lﬁgibilia
3048 1392 3284 1446 namque
3351 1376 3463 1442 illa,
3500 1392 3682 1430 rerum

2103 1467 2288 1519 sensui
2324 1467 2690 1535 su’bjectarun't
2726 1478 2983 1538 tanquam
3013 1469 3305 1535 imaginem
3344 1467 3684 1535 exemplaria

2107 1553 2336 1611 faciunt.
2384 1557 2679 1627 Imaginem
2741 1568 2922 1614 autem
3001 1575 3237 1628 quanam
3279 1562 3404 1630 quis
3472 1559 3684 1613 ratione

2105 1646 2399 1716 exe‘mpl‘ar’t
2431 1657 2712 1719 cognatam
2750 1650 2863 1704 sive
2893 1651 3180 1705 univocam
3234 1665 3358 1705 esse
3396 1650 3682 1705 existima-

2104 1737 2264 1800 verit,
2299 1736 2410 1792 nisi
2448 1738 2586 1794 forte
2619 1740 2761 1795 idem
2788 1741 2954 1795 etiam
2991 1747 3226 1795 statuam
3279 1739 3546 1812 Lysandri
3585 1756 3682 1796 co-

2071 1881 2080 1904 ἓ
2103 1841 2321 1900 gnatam
2348 1831 2463 1886 sive
2490 1831 2772 1888 univncam
2794 1833 3077 1904 Lysandro
3098 1840 3152 1886 et
3173 1829 3420 1888 Herculis
3442 1842 3678 1888 statuam

2107 1919 2329 1976 Herculi
2360 1939 2718 1992 synonymam
2751 1919 3006 1993 appellet.
3042 1923 3238 1978 Verum
3273 1925 3552 1980 enimvero
3597 1925 3683 1980 his

2104 2009 2424 2068 Aristoteles
2449 2013 2620 2067 utitur
2641 2014 2950 2070 rationibus
2969 2021 3024 2067 et
3047 2013 3126 2067 sic
3157 2013 3354 2082 inquit,
3377 2014 3680 2069 secundum

2105 2118 2343 2174 namque
2377 2105 2637 2170 rationes,
2665 2121 2787 2176 quae
2836 2121 2903 2159 ex
2953 2103 3222 2170 scientiis,
3261 2106 3469 2175 species
3522 2113 3683 2160 erunt

2101 2197 2371 2261 omnium,
2408 2213 2641 2267 quorum
2706 2183 2949 2254 scientiae
2999 2210 3148 2266 sunt,
3184 2201 3486 2256 secundum
3547 2215 3681 2254 vero

2106 2302 2270 2340 unum
2305 2287 2360 2341 in
2393 2288 2581 2344 multis
2613 2298 2664 2343 et
2689 2291 3066 2359 negationem.
3098 2293 3168 2347 At
3197 2292 3501 2349 secundum
3529 2291 3680 2361 quod

2101 2379 2421 2446 intelligitur
2455 2381 2759 2451 quippiam,
2791 2397 2856 2437 eo
2881 2392 3164 2454 corrupto,
3190 2386 3358 2439 etiam
3399 2385 3679 2453 corrupti-

2101 2467 2317 2524 bilium.
2367 2470 2489 2527 Haec
2543 2474 2762 2543 quidem
2825 2477 3059 2531 obscure
3093 2476 3499 2546 quodammodo
3534 2475 3678 2530 dicta

2099 2572 2231 2616 sunt
2265 2563 2330 2617 ab
2359 2563 2670 2620 Aristotele.
2697 2567 2927 2636 Oportet
2958 2568 3140 2638 itaque
3178 2584 3276 2624 nos
3321 2569 3476 2637 prius
3508 2568 3678 2635 expli-

2099 2665 2224 2706 care
2256 2652 2345 2704 illa
2390 2665 2511 2723 qna:
2541 2655 2608 2709 ab
2640 2655 2707 2710 iis
2746 2657 3026 2724 dicuntur,
3067 2658 3158 2725 qui
3205 2657 3416 2727 species
3465 2656 3679 2711 conszi-

2103 2749 2290 2806 tuum,
2323 2755 2488 2812 atque
2539 2747 2620 2799 sic
2651 2747 2909 2816 deinceps
2943 2749 3256 2804 Aristotelis
3291 2759 3526 2803 mentem
3562 2748 3680 2818 pla-

2099 2849 2224 2888 nam
2276 2833 2476 2890 facere.
2528 2837 2608 2890 Illi
2647 2838 2828 2906 itaque
2861 2839 3162 2894 formarum
3200 2840 3318 2894 sive
3363 2840 3680 2910 specierum

2099 2934 2355 2982 auctores
2383 2932 2712 2999 patronique
2742 2931 2916 2994 aiunt,
2951 2933 3098 3001 quod
3125 2933 3170 2986 si
3213 2932 3456 2988 rationes
3493 2947 3685 2986 rerum

2100 3018 2358 3072 sensibus
2413 3019 2783 3088 Snbjectarum
2840 3022 2916 3075 ita
2965 3022 3152 3076 animo
3183 3022 3585 3090 concipiantur,
3619 3033 3679 3076 ut

2101 3102 2221 3158 illas
2252 3109 2472 3164 animus
2505 3110 2736 3164 scientia
2769 3111 3072 3175 contineat,
3128 3117 3242 3163 tum
3292 3111 3534 3166 rationes
3572 3103 3677 3165 illae

2099 3199 2412 3260 accuratius
2460 3215 2519 3254 se
2551 3193 2748 3255 habent
2779 3201 3184 3271 perfectiusque
3218 3201 3272 3255 in
3307 3203 3502 3272 seipsis
3533 3219 3671 3257 con-

2097 3287 2321 3349 sistunt,
2357 3305 2520 3357 quam
2563 3289 2614 3342 in
2653 3292 2817 3346 rebus
2847 3307 2906 3346 se
2940 3292 3166 3357 habent,
3203 3307 3325 3362 quae
3361 3309 3526 3349 sensu
3555 3311 3678 3363 per-

2093 3381 2393 3450 cipiuntur.
2426 3383 2732 3438 Perfectius
2765 3385 2948 3452 itaque
2979 3385 3109 3441 illud
3161 3393 3328 3454 atque
3361 3387 3677 3441 accuratius

2093 3489 2202 3528 non
2237 3489 2264 3527 a
2295 3473 2458 3528 rebus
2486 3475 2672 3528 sensui
2696 3475 2954 3543 subjectis
2981 3477 3253 3530 obtinebit
3277 3478 3493 3531 animus
3516 3478 3661 3544 quod

2092 3564 2314 3632 quidem
2349 3579 2456 3638 non
2487 3575 2571 3619 est
2601 3565 2653 3618 in
2687 3565 2841 3633 ipsis,
2872 3581 3047 3634 neque
3074 3581 3262 3620 rursus
3288 3567 3341 3620 id
3368 3567 3510 3636 quod
3539 3567 3672 3620 alibi

2093 3668 2363 3721 nusquam
2395 3654 2644 3720 exsistat,
2671 3656 2887 3709 animus
2927 3670 2993 3709 ex
3027 3656 3206 3725 seipso
3244 3657 3540 3725 concipiet.
3569 3655 3678 3710 Ne-

2091 3759 2199 3814 que
2220 3745 2363 3797 enim
2389 3743 2529 3798 solet
2558 3745 2773 3800 animus
2806 3745 2855 3798 id
2885 3746 3028 3814 quod
3062 3761 3334 3815 nusquam
3365 3757 3469 3812 est,
3495 3747 3686 3816 aliqua

2089 3851 2154 3892 ex
2189 3842 2341 3904 parte
2365 3835 2656 3902 concipere
2694 3853 2709 3892 :
2750 3836 2794 3890 sl
2828 3836 3059 3904 quidem‘
3075 3836 3363 3892 mendaces
3387 3837 3673 3907 opiniones

2092 3940 2202 3981 tum
2239 3928 2640 3995 concipiuntur,
2673 3929 2896 3996 quando
2929 3944 3033 3982 non
3059 3945 3122 3983 ea
3148 3930 3390 3999 quidem,
3415 3946 3536 4000 qua:
3557 3947 3667 3986 non

2090 4028 2238 4086 sunt,
2284 4034 2343 4074 se
2363 4020 2467 4074 fea
2496 4035 2616 4088 quae
2648 4029 2776 4075 sunt
2809 4021 2914 4073 alia
2947 4021 3070 4075 aliis
3107 4036 3216 4076 non
3253 4031 3397 4077 recte
3444 4023 3674 4090 conjun-

2090 4119 2308 4182 guntur.
2335 4111 2476 4167 flinc
2507 4111 2675 4180 igitur
2702 4113 2857 4182 sequi
2889 4113 3070 4178 aiunt,
3101 4122 3161 4167 ut
3194 4113 3262 4167 ab
3291 4113 3393 4167 alia
3433 4115 3671 4184 quadam

2089 4202 2267 4255 adhuc
2308 4201 2685 4271 praestantiore
2741 4210 2794 4255 et
2846 4197 3174 4271 perfectiora
3223 4210 3440 4266 natura,
3495 4202 3675 4271 perfe-

2086 4295 2228 4349 ctius
2262 4294 2393 4349 illud
2426 4311 2613 4349 earum
2649 4295 2922 4349 rationum
2951 4336 2965 4359 ,
3013 4311 3135 4364 quae
3169 4296 3222 4350 in
3275 4297 3436 4350 rebus
3485 4298 3676 4353 sensui

2088 4385 2355 4454 subjectis
2395 4395 2542 4447 sunt,
2599 4385 2817 4439 animus
2869 4369 3226 4454 adipiscatur.
3261 4385 3381 4439 Jam
3411 4387 3678 4442 adversus

2091 4473 2205 4530 haec
2233 4477 2558 4531 Aristoteles
2596 4477 2794 4543 inquit,
2829 4477 2874 4530 si
2907 4477 3206 4530 secundum
3238 4478 3506 4542 rationes,
3548 4494 3671 4545 quae

408 4592 564 4645 μενοι
612 4571 858 4640 ἀξιοῦσιν
921 4569 1065 4625 εἶναι
1122 4572 1391 4642 πρότερον
1445 4570 1789 4639 ἑκθεμένοις,
1843 4570 1986 4622 οὕτω

2096 4582 2155 4620 ex
2198 4566 2473 4632 scientiis,
2509 4571 2696 4632 utpote
2727 4580 2794 4618 ex
2831 4565 2898 4620 iis
2934 4581 3055 4633 qua:
3089 4576 3215 4618 sunt
3262 4566 3620 4633 perfectiores
3653 4605 3669 4629 ,

405 4666 538 4737 πρὸς
567 4665 635 4719 τὰ
694 4664 1100 4734 Ἀριστοτέλους
1134 4663 1381 4731 ἀπαντᾷν
1403 4702 1417 4722 ,
1449 4660 1594 4714 οὕτω
1635 4662 1745 4730 γὰρ
1788 4661 1854 4714 ἄν
1890 4677 1986 4713 σαι

403 4757 646 4827 φέστατα
679 4754 986 4825 ἐλεγχθείη,
1015 4753 1084 4807 τὰ
1121 4754 1221 4824 μὲν
1252 4752 1631 4820 συκοφαντῶν,
1659 4752 1727 4805 τὰ
1754 4752 1798 4804 δ’
1831 4752 1984 4831 οὐδὲν
2023 4791 2038 4803 .

405 4851 706 4919 περαίνων.
743 4852 817 4903 Οὐ
843 4848 1001 4902 τοῦδε
1035 4847 1130 4901 τοῦ
1165 4847 1398 4917 οὐρανοῦ
1438 4841 1776 4916 δημιουργδν
1816 4863 1986 4914 προσ-

403 4944 506 5014 εχῆ
561 4943 652 4996 τὸν
696 4943 882 5013 ἄκρως
934 4941 1138 5009 ἀγαθὸν
1164 4939 1299 4994 Θεὸν
1351 4941 1399 4992 οἱ
1441 4940 1511 4992 τὰ
1559 4939 1676 5009 εἵδή
1707 4939 1984 5007 τιθέμενοι

400 5033 650 5102 ἀξιοῦσιν
682 5032 844 5101 εἶναι,
895 5035 1011 5088 ἀλλ’
1051 5031 1244 5105 ἐτέρας
1300 5034 1568 5104 πρότερον
1624 5033 1844 5100 φύσεως
1891 5034 1986 5086 καὶ

398 5129 584 5190 οὐσίας
618 5125 797 5196 ἑαυτῷ
828 5145 885 5179 τε
921 5126 1356 5199 συχγενεστέρας
1387 5127 1480 5178 καὶ
1520 5124 1744 5184 αἰωνίας
1792 5123 1878 5176 ἀει
1925 5141 1983 5176 τε

400 5218 494 5270 καὶ
533 5216 654 5269 κατ’
693 5211 832 5269 αὐτὰ
890 5216 1152 5277 ὡσαύτως
1212 5215 1467 5284 ἐχούσης,
1511 5216 1601 5268 τὸν
1655 5214 1700 5267 δ’
1751 5215 1983 5285 οὐρανὸν

398 5305 552 5361 τόνδε
588 5307 656 5360 δι’
687 5307 906 5375 ἐκείνης
941 5307 1040 5377 ἤδη
1071 5307 1170 5376 τῆς
1201 5307 1392 5369 οὐσίας
1434 5309 1526 5360 καὶ
1554 5307 1615 5360 οὐ
1669 5308 1791 5358 κατ’
1814 5305 1982 5358 αὐτὸν

398 5400 466 5454 δι’
487 5401 653 5454 αὑτοῦ
686 5397 1248 5472 δεόημιουργηκέναι.
1293 5399 1544 5470 Ἐκείνην
1572 5418 1632 5452 τε
1666 5399 1764 5470 τὴν
1793 5398 1985 5451 ούσίαν

398 5494 456 5554 ἐς
491 5490 586 5544 ἒνα
616 5508 675 5544 τε
707 5491 900 5558 νοητὸν
954 5491 1161 5559 κόσμον
1214 5491 1548 5559 συνιστᾶσιν,
1580 5490 1638 5542 ὃν
1687 5492 1715 5543 ὁ
1763 5489 1972 5558 Λοκρὸς

398 5583 630 5653 Τίμαιος
692 5585 929 5637 ἰδανικδν
994 5584 1187 5647 καλεῖ,
1227 5582 1428 5652 δηλαδὴ
1485 5584 1708 5638 εἰδικόν.
1770 5584 1880 5636 Καὶ
1921 5583 1985 5633 ἔκ

398 5676 624 5728 πάντων
662 5691 723 5726 τε
778 5676 877 5729 καὶ
929 5673 1202 5726 παντοίων
1231 5671 1389 5724 εἰδῶν
1421 5672 1762 5734 συντιθέντες
1792 5673 1899 5722 νῶν
1927 5688 1984 5723 τε

399 5765 507 5818 τῶν
537 5765 741 5828 αὐτῶν,
797 5765 893 5816 ἕνα
947 5764 1025 5833 τῷ
1069 5763 1177 5832 ὅλῳ
1210 5762 1402 5831 κόσμῳ
1442 5761 1616 5830 τούτῳ
1652 5762 1859 5832 νοητῷ,
1894 5762 1984 5815 τὸν

403 5853 735 5912 τελεώτατον
788 5857 1039 5926 ἐφιστᾶσι
1089 5853 1238 5920 νοῦν,
1271 5854 1343 5908 τὰ
1375 5853 1658 5923 δευτερεῖα
1692 5854 1790 5921 τῆς
1841 5856 1981 5907 κατὰ

2092 4672 2254 4728 quam
2291 4670 2369 4711 eae
2399 4673 2519 4726 qua:
2547 4667 2675 4710 sunt
2704 4655 2756 4708 in
2791 4655 2955 4710 rebus
2990 4657 3175 4710 sensui
3207 4655 3489 4724 subjectis,
3511 4673 3672 4726 Opor-

2092 4757 2172 4804 tet
2198 4764 2321 4803 esse
2342 4748 2557 4818 species
2580 4749 2693 4802 sive
2721 4746 2948 4812 formas,
2978 4755 3087 4801 tum
3112 4757 3273 4802 erunt
3293 4749 3454 4802 etiam
3482 4747 3671 4802 forum

2090 4839 2335 4894 omnium
2373 4851 2579 4899 rerum,
2614 4852 2959 4906 quzrcunqtte
3015 4837 3242 4891 scicntia
3290 4837 3670 4892 continentur-

2086 4930 2157 4984 At
2189 4934 2487 4984 secundum
2518 4929 2662 4998 quod
2696 4928 3011 4998 intelligitur
3046 4925 3348 4997 quippiam,
3389 4931 3532 4995 quod
3554 4930 3666 4998 jam

2089 5021 2378 5086 interierit,
2413 5021 2458 5075 si
2488 5020 2646 5074 modo
2670 5020 2886 5073 animus
2913 5022 2962 5074 id
2985 5019 3132 5089 quod
3163 5035 3270 5074 non
3299 5021 3522 5074 exsistit
3558 5038 3665 5076 non

2087 5109 2381 5181 concipiat.
2416 5112 2766 5182 intelligatve,
2796 5121 2957 5164 erunt
2984 5113 3146 5164 etia'n
3182 5096 3519 5182 singulorum
3547 5127 3670 5165 cor-

2087 5207 2419 5274 ruptibilimn
2449 5205 2683 5274 propria:
2713 5203 3097 5270 formae.Qund
3130 5206 3375 5274 sequitur
3406 5206 3458 5260 iu
3489 5206 3670 5260 verbis

2084 5295 2420 5361 Aristotelis,
2477 5295 2572 5349 ubi
2627 5296 2797 5359 dicit,
2854 5298 3156 5350 secondan
3210 5313 3340 5352 vero
3393 5314 3561 5351 unum
3613 5299 3669 5352 in

2094 5390 2303 5464 multis,
2330 5399 2384 5442 et
2417 5389 2792 5457 negationum,
2826 5388 2973 5443 hunc
3011 5390 3173 5442 habet
3221 5405 3470 5444 sensum.
3504 5389 3671 5440 Aiunt

2086 5485 2177 5553 qui
2227 5483 2376 5537 ideas
2423 5482 2747 5543 defendunt,
2807 5498 2910 5536 non
2959 5497 3119 5549 posse
3174 5483 3310 5542 fieri,
3365 5490 3424 5535 ut
3482 5480 3670 5533 multis

2093 5591 2260 5628 unum
2288 5584 2342 5627 et
2377 5573 2518 5627 idem
2552 5573 2830 5643 quidpiam
2865 5573 3214 5636 habentibus,
3240 5570 3370 5624 illud
3401 5572 3538 5624 idem
3570 5584 3668 5622 sua

2089 5678 2282 5735 sponte
2311 5676 2365 5720 et
2399 5675 2606 5720 temere
2630 5665 2930 5730 contingat.
2958 5662 3142 5731 Neque
3171 5663 3314 5715 enim
3342 5676 3499 5728 posse
3525 5659 3665 5723 fieri,

2091 5772 2150 5814 ut
2199 5758 2382 5827 aliqua
2425 5767 2517 5812 aut
2573 5771 2787 5825 semper
2840 5767 2926 5808 aut
2975 5764 3032 5808 ιιι
3091 5753 3384 5823 plurimum
3443 5754 3667 5806 fortuito

2089 5849 2328 5921 quodam
2384 5865 2516 5904 casu
2571 5845 2820 5902 eumdem
2857 5855 3073 5902 servent
3118 5843 3390 5900 ordinem.
3435 5846 3661 5916 Oportet
