4186 6290
530 314 633 377 919
1754 310 2080 371 GEORGII
2113 306 2547 373 PLETHONIS
3697 304 3830 368 920

530 428 720 498 itaque
752 428 982 497 singulis
1012 442 1108 497 per
1139 444 1198 484 se
1227 438 1281 485 et
1321 445 1425 485 non
1475 446 1567 500 per
1619 430 1874 485 accidens
1926 445 2095 485 unum

2221 429 2422 483 πάντων
2481 425 2781 497 ἡγεμονίας
2842 425 2982 493 μετά
3048 424 3138 478 τὸν
3184 423 3390 493 ἀγαθὸν
3443 426 3578 479 Θεὸν
3635 424 3829 492 αὐτῷ

531 532 695 590 atque
725 521 867 574 idem
894 521 1175 589 quidpiam
1202 538 1492 578 commune
1511 522 1903 587 obtinentibus,
1930 538 2098 578 unum

2221 518 2601 588 προνέμοντες.
2653 516 2857 570 Τοῦτον
2916 516 3008 570 τὸν
3059 516 3184 569 νοῦν
3242 516 3658 586 παραδείγματι
3732 514 3829 584 τῷ

528 612 810 681 quidpiam
846 612 1109 667 eximium
1152 622 1315 684 atque
1365 615 1624 670 selectum
1674 629 1928 683 praeesse,
1957 615 2101 682 quod

2221 610 2336 663 καθ’
2368 608 2563 663 ἑαυτὸν
2593 608 2766 677 νοητῷ
2805 607 2999 677 κόσμῳ
3031 608 3397 677 κεχρημένον,
3428 608 3520 660 τδν
3552 605 3827 677 οὐρανὸν

525 701 711 757 multis
738 701 868 756 illud
901 718 1069 757 unum
1103 715 1268 774 atque
1310 706 1449 761 idem
1507 707 1800 777 impertiat.
1832 706 2098 762 Adversu:

2221 698 2365 752 τόνδε
2394 698 2490 751 καί
2522 698 2729 767 κόσμον
2759 697 3025 767 αἰσθητὸν
3048 697 3599 767 δεδημιουργηκέναι.
3630 691 3830 749 Εῒναί

524 795 637 845 haec
670 794 1013 861 Aristoteles,
1038 805 1091 849 et
1119 797 1418 851 secundum
1452 813 1622 853 unum
1650 798 1847 869 inquit,
1878 798 1930 852 in
1961 799 2102 851 mul—

2221 808 2266 845 ιε
2304 790 2396 843 τὸν
2448 789 2709 857 αἰσθητὸν
2763 789 2914 843 τόνδε
2955 788 3160 859 κόσμον
3204 789 3299 843 τοῦ
3349 789 3542 859 νοητοῦ
3574 790 3837 851 εἰκόνα,

521 883 591 936 tis
616 886 1072 954 etnegationum.
1124 886 1336 957 Quippe
1386 889 1433 944 si
1485 891 1781 946 secundum
1849 890 1901 943 id
1956 888 2101 959 quod

2221 885 2353 937 κατά
2414 884 2476 935 τδ
2533 883 2654 935 ὅλον
2697 884 2792 936 καὶ
2828 884 2970 952 μέρη
3001 882 3153 937 οὐδὲν
3194 882 3276 935 ὅτι
3320 884 3417 937 καὶ
3443 882 3543 935 οὐκ
3579 881 3829 935 ἐκεῖθεν

522 989 689 1028 unum
723 976 1003 1046 quippiam
1038 977 1166 1032 insit
1200 980 1432 1049 exempli
1467 981 1640 1052 gratia
1688 980 1873 1036 multis
1920 980 2101 1033 homi—

2221 977 2403 1045 ἑχοντα
2461 975 2571 1029 τῶν
2622 976 2801 1029 αἰτίου
2863 975 3159 1045 δεομένων.
3224 974 3448 1027 Δεῖσθαι
3512 974 3558 1027 δ’
3608 974 3828 1027 αἰτίου

522 1064 708 1131 nibus,
736 1066 1049 1123 humanitas
1070 1069 1349 1137 videlicet,
1382 1081 1597 1140 oportet
1628 1088 1796 1127 unum
1820 1071 2097 1142 quidpiam

2221 1067 2425 1122 Ξπαντα
2467 1068 2537 1121 τά
2579 1067 2709 1122 ὄντα
2751 1083 2811 1119 τε
2867 1067 2962 1120 καὶ
3019 1065 3340 1137 γιγνόμενα.
3397 1066 3712 1136 Στερήσεις
3755 1065 3828 1117 δὲ

498 1157 786 1213 eximium
821 1160 1180 1227 constituere,
1217 1164 1362 1232 quod
1396 1164 1507 1219 iiiis
1541 1165 1682 1219 hanc
1706 1165 2098 1219 humanitatem

2221 1160 2302 1212 ιιαὶ
2334 1160 2729 1228 ἀποτεύγματα
2778 1160 2876 1213 καὶ⁸
2927 1160 2955 1213 ὃ
2989 1177 3041 1213 τι
3073 1159 3143 1213 ἀν
3196 1158 3333 1227 πρὸς
3363 1157 3425 1211 τὺ
3466 1158 3541 1228 μὴ
3572 1156 3633 1211 ὃν
3696 1157 3827 1228 ἤδη

521 1250 816 1317 impertiat,
840 1255 1115 1321 oportebit
1153 1255 1317 1309 etiam
1366 1272 1535 1310 unum
1599 1258 1887 1327 quippiam
1936 1271 2098 1318 esse,

2221 1250 2495 1320 ίιποπίπτῃ
2537 1249 2647 1302 οὐδ’
2682 1250 2859 1304 αἰτίου
2923 1250 3156 1302 δεῖσθαι.
3195 1248 3336 1301 Ἀλλ’
3365 1247 3540 1300 αἰτίου
3585 1246 3828 1316 μᾶλλον

522 1341 667 1410 quod
704 1343 963 1399 omnibus
992 1360 1101 1399 non
1134 1347 1470 1413 hominibus,
1506 1348 1775 1402 rationem
1818 1363 1962 1412 eam,
1994 1362 2099 1416 qua

2221 1341 2493 1405 ὶπολείῲει
2531 1341 2763 1394 τοιαῦτα
2801 1341 3147 1395 ἀποϐαίνειν.
3176 1340 3311 1394 Οὐδὲ
3340 1341 3406 1409 δὴ
3434 1340 3533 1403 τὰς
3574 1340 3827 1407 ἀποφά-

522 1446 632 1486 non
682 1442 810 1487 sunt
859 1434 1150 1497 homines,
1203 1436 1488 1507 largiatur.
1519 1437 1753 1503 .Etenim
1803 1439 1965 1491 etiam
1997 1438 2100 1507 _illi

2221 1447 2344 1492 πεις.
2379 1431 2467 1500 Τῷ
2499 1430 2607 1501 γὰρ
2641 1432 2735 1483 τοῦ
2770 1432 2878 1484 τῶν
2911 1430 3276 1497 καταφάσεων
3310 1430 3421 1483 τῶν
3451 1446 3516 1497 γε
3546 1430 3823 1483 ἀντικει-

523 1536 692 1575 unum
727 1524 1010 1593 quippiam
1067 1524 1269 1579 habent
1301 1540 1613 1590 commune,
1644 1534 1701 1581 ut
1732 1526 1842 1583 sint
1869 1542 1973 1581 non
2004 1527 2103 1581 ho-

2221 1520 2389 1587 μένων
2421 1521 2597 1574 αἰτίου
2636 1522 2730 1573 καὶ
2773 1520 2979 1585 ταύτας
3012 1521 3431 1584 ἀπολείπεσθαι,
3480 1524 3826 1591 ἀποφάσεις

525 1612 729 1676 mines,
760 1615 1230 1682 quemadmodum
1285 1616 1361 1670 illi
1397 1617 1491 1686 qui
1542 1626 1673 1672 sunt
1720 1617 1971 1672 homines
2003 1619 2102 1671 hu-

2221 1612 2546 1667 ίιποϐαίνειν.
2590 1610 2726 1665 Οὐδέ
2756 1629 2821 1680 γε
2871 1611 2983 1665 τῶν
3067 1612 3209 1665 κατά
3257 1613 3606 1682 συμϐεϐηκὸς
3661 1615 3823 1684 τῇδε

524 1701 842 1755 manitatem
894 1718 1238 1758 communem
1283 1704 1559 1760 obtinent.
1614 1704 1886 1760 Hactenus
1918 1706 2100 1775 itaque

2221 1703 2546 1772 γιγνομένων
2570 1703 2629 1756 ἒν
2653 1721 2706 1757 τι
2730 1706 2847 1757 ἐκεῖ
2878 1704 3053 1758 αῐτιον
3090 1702 3253 1759 εἶναι.
3290 1707 3401 1758 Καὶ
3428 1706 3537 1777 γὰρ
3564 1707 3699 1775 τῇδε
3736 1708 3822 1761 τὰ

521 1792 864 1847 Aristoteles.
908 1792 1018 1848 Nos
1047 1809 1173 1850 vero
1211 1810 1390 1864 operte
1422 1797 1654 1865 pretium
1704 1812 1805 1851 nos
1859 1796 2097 1853 facturos

2221 1795 2422 1849 τοιαῦτα
2446 1797 2708 1849 πλειόνων
2735 1798 2926 1851 αἰτίων
2952 1797 3155 1865 συνόδῳ
3184 1796 3525 1863 ἀποϐαίνειν,
3548 1794 3623 1852 ὧν
3660 1800 3826 1853 ἕκα-

524 1879 880 1946 arbitramur,
897 1882 942 1935 si
970 1883 1288 1953 priusquam
1314 1883 1380 1938 ad
1412 1884 1585 1954 ipsius
1608 1886 1847 1941 rationes
1870 1900 2100 1953 respon-

523 1971 751 2027 deamus
778 1968 1138 2042 explanemus
1189 1977 1427 2044 primum
1462 1978 1783 2046 qualesnam
1826 1988 1880 2033 et
1914 1978 2101 2044 cujus-

524 2062 669 2117 modi
708 2078 829 2118 esse
858 2079 987 2119 suas
1028 2066 1244 2134 species
1276 2068 1390 2121 sive
1432 2067 1637 2123 formas
1660 2068 1971 2124 existiment
2003 2069 2099 2133 illi,

524 2151 619 2221 qui
655 2150 801 2220 ipsas
834 2154 1191 2220 constituunt,
1222 2156 1419 2224 quibus
1442 2158 1703 2227 expositis
1734 2158 1948 2212 tandem
1978 2158 2105 2213 Ari-

526 2242 793 2297 stutelicis
841 2253 1149 2312 opportune
1202 2259 1560 2301 occurremus
1609 2250 1938 2304 rationibus.
1992 2248 2105 2303 llac

524 2346 763 2400 namque
795 2333 1007 2388 ratione
1038 2339 1384 2404 apertissime
1441 2338 1836 2394 convincemus
1871 2340 2019 2394 illum
2047 2340 2102 2395 in

524 2422 856 2491 quibusdam
890 2426 1111 2494 quidem
1161 2427 1558 2483 calumniatum
1610 2446 1751 2493 esse,
1782 2431 1834 2485 in
1871 2430 2103 2499 quibus-

524 2513 649 2567 dam
715 2530 846 2571 vero
918 2532 1026 2573 non
1087 2518 1140 2572 id
1203 2520 1474 2575 conﬁcere
1532 2524 1678 2591 quod
1728 2523 1973 2591 optabat.
2023 2521 2101 2578 Illi

525 2606 710 2675 itaque
733 2609 827 2678 qui
855 2610 1022 2666 idaeas
1050 2610 1371 2679 defendunt,
1402 2614 1555 2668 aiunt
1584 2614 1754 2669 Deum
1788 2615 1935 2669 illum
1967 2616 2108 2685 opti-

528 2714 680 2753 mum
715 2703 1018 2756 niaximum
1055 2704 1147 2773 qui
1176 2720 1389 2759 summa
1424 2707 1659 2774 quadam
1704 2706 2105 2775 excellenlique

530 2790 780 2846 bonitate
826 2803 911 2849 est
959 2795 1219 2863 prmditus
1262 2796 1637 2850 immediatum
1673 2813 1781 2851 non
1835 2813 1957 2853 esse
1996 2797 2101 2851 hu-

526 2881 839 2951 juscecoeli
871 2886 1147 2954 Opiﬁcem,
1205 2888 1299 2941 sed
1354 2878 1507 2957 prius
1558 2889 1785 2943 alterius
1820 2889 2102 2959 cujusdam

527 2984 739 3029 naturae
773 2983 935 3044 atque
960 2979 1233 3043 essentize,
1266 2993 1389 3047 quae
1436 2988 1489 3033 et
1520 2994 1645 3033 cum
1686 2979 1805 3049 ipso
1837 2980 2103 3049 majorem

2208 1890 2331 1938 στον
2361 1888 2541 1938 ἐκεῖσε
2575 1886 2971 1955 ἀναφέρεσθαι,
3009 1885 3106 1938 καὶ
3143 1885 3243 1955 οὐχ
3277 1886 3336 1937 ἓν
3390 1902 3445 1940 τι
3492 1883 3641 1939 εἶναι
3677 1888 3826 1941 ἐκεῖ

2200 1978 2260 2031 τὸ
2293 1978 2401 2031 τῶν
2441 1977 2697 2031 τοιούτων
2741 1977 2934 2031 αῐτιον.
2983 1977 3118 2029 Ούδέ
3152 1994 3215 2045 γε
3240 1978 3348 2031 τῶν
3382 1978 3625 2047 ἀπείρων
3655 1979 3724 2033 ἐν
3757 1996 3822 2048 τι

2201 2068 2536 2123 καθέκαστον
2566 2070 2684 2121 ἐκεῖ
2728 2066 2871 2121 εἶναι
2904 2067 3101 2133 αἴτιον,
3124 2066 3237 2121 ἁλλ’
3265 2068 3325 2121 ἓν
3349 2086 3402 2121 τι
3427 2070 3645 2122 πάντων
3684 2069 3823 2125 τῶν

2204 2159 2329 2229 τῇδε
2355 2161 2412 2223 ἐς
2458 2160 2716 2227 ἀπειρίαν
2750 2160 2851 2230 ἤδη
2885 2160 3262 2212 ἐκπιπτόντων
3294 2161 3409 2211 ἐκεῖ
3443 2155 3587 2213 εἶναι
3617 2160 3680 2212 τὸ
3710 2158 3820 2210 ατ-

2202 2264 2316 2300 τιον
2357 2243 2517 2311 εἶδος.
2572 2248 2797 2317 Οὐδαμῆ
2832 2249 2939 2319 γὰρ
2962 2249 3221 2317 ἀπειρίας
3250 2248 3349 2317 τῆς
3378 2248 3519 2302 κατὰ
3541 2250 3600 2302 τὸ
3621 2250 3813 2301 ποσὸν

2201 2340 2317 2399 τοῖς
2375 2338 2493 2390 ἐκεῖ
2548 2340 2812 2407 μετεῖναι.
2857 2337 3020 2391 Ἀλλὰ
3053 2339 3133 2409 τῷ
3184 2339 3284 2407 μὲν
3332 2337 3640 2408 ὑπερουσίῳ
3671 2338 3817 2408 Θεῷ

2201 2431 2310 2483 οὐδ’
2342 2430 2478 2493 ὅλως
2508 2430 2768 2500 πλήθους.
2814 2431 3035 2499 Ἀκρως
3069 2428 3179 2499 γὰρ
3215 2428 3278 2497 δὴ
3311 2429 3367 2481 ἓν
3399 2429 3561 2482 αὐτὸν
3613 2423 3767 2481 εἰναι
3787 2444 3804 2458 ·

2204 2522 2281 2594 τῷ
2306 2524 2363 2576 δὲ
2415 2522 2591 2593 νοητῷ
2631 2525 2804 2593 τούτῳ
2834 2522 3114 2591 διακόσμῳ
3169 2521 3373 2589 πλῆθος
3429 2521 3528 2589 μὲν
3568 2522 3813 2587 ἐνεῖναι,

2205 2616 2627 2683 πεπερασμένον
2655 2614 2699 2666 δ’
2724 2613 2855 2667 αὐτὸ
2874 2608 3010 2666 εἶναι
3033 2613 3128 2666 καὶ
3161 2612 3373 2682 οὐδαμῆ
3397 2612 3643 2682 ἄπειρον,
3672 2612 3815 2665 οὔτε

2205 2706 2435 2775 δυνάμει
2502 2705 2627 2759 οὔτε
2680 2706 2850 2776 ἔργῳ.
2900 2706 2990 2773 Τῷ
3036 2704 3081 2759 δ’
3111 2705 3355 2776 αἰσθητῷ
3411 2705 3545 2775 τῷδε
3604 2705 3819 2775 κόσμῳ

2210 2797 2310 2864 τὴν
2341 2796 2599 2866 ἀπειρίαν
2629 2797 2729 2867 ήδη
2760 2800 2835 2861 ὡς
2862 2796 3137 2866 ἐνδέχεται
3173 2796 3526 2863 ἐγγεγονέναι
3562 2795 3652 2849 διὰ
3699 2797 3813 2865 τὴν

2210 2887 2363 2958 ὕλην,
2401 2881 2692 2961 ᾖπρὼτως
2754 2888 2814 2941 τὸ
2866 2889 3093 2956 ἄπειρον
3127 2887 3438 2958 πρόσεστιν,
3466 2888 3669 2940 ἐκεῖθεν
3694 2888 3812 2956 μὲν

2208 2980 2305 3033 καὶ
2363 2977 2570 3047 ταύτην
2631 2978 2863 3048 έχουσαν
2927 2979 3026 3047 τὴν
3085 2979 3263 3031 αἰτίαν
3306 2978 3370 3030 οὐ
3400 2976 3500 3046 μέν
3527 2994 3610 3031 τοι
3636 2978 3817 3031 κάκεῖ

528 3064 731 3119 habeat
758 3066 1140 3132 cognationem
1166 3078 1222 3121 cl
1254 3084 1376 3124 cum
1408 3070 1478 3124 sit
1512 3070 1867 3139 sempiterna,
1892 3086 2104 3140 semper

2221 3069 2441 3140 ἤπειρον
2486 3066 2670 3125 οὖσαν.
2730 3068 2865 3123 (took
2895 3069 3003 3142 γὰρ
3060 3069 3168 3123 τῶν
3200 3069 3328 3138 τῇδε
3375 3067 3569 3135 λόγων,
3604 3068 3813 3137 ἄλογον

527 3156 739 3221 eadem,
785 3156 1063 3226 similique
1097 3158 1309 3213 ratione
1339 3174 1397 3215 se
1450 3158 1669 3213 habeat.
1704 3158 1968 3215 Eumdeni
2001 3162 2108 3215 ita-

528 3260 638 3313 que
667 3246 819 3301 illum
858 3246 1027 3301 Deum
1068 3263 1174 3302 nou
1222 3264 1318 3318 per
1354 3250 1620 3321 seipsum,
1670 3252 1763 3306 sed
1815 3267 1911 3322 per
1960 3253 2107 3307 illam

525 3337 639 3405 jam
668 3338 986 3406 productam
1022 3340 1140 3394 sive
1186 3341 1479 3395 essentiam
1534 3341 1651 3397 sive
1701 3352 1954 3397 naturam
2010 3346 2112 3399 hu~

526 3430 685 3497 jusce
716 3429 842 3482 caeli
875 3428 1040 3485 fuisse
1066 3431 1479 3496 fabricatorem,
1513 3440 1678 3502 atque
1713 3434 1859 3488 illam
1890 3436 2107 3505 quidem

538 3522 837 3574 essentiam
872 3522 926 3574 in
971 3538 1139 3579 unum
1196 3524 1591 3593 intelligibilem
1642 3528 1909 3581 mundum
1952 3542 2114 3599 coag-

532 3621 804 3681 mentant,
837 3629 997 3684 quem
1035 3614 1242 3671 Locrus
1288 3617 1377 3672 ille
1406 3618 1647 3674 Timaeus
1695 3619 1971 3675 idanicum
1998 3629 2114 3690 'ap-

534 3705 723 3775 pellat,
758 3721 821 3760 ac
853 3707 898 3761 si
928 3707 1093 3772 dicat,
1127 3709 1416 3777 specialem
1447 3714 1532 3763 vel
1566 3711 1970 3781 exemplarem,
2018 3712 2113 3781 qui

534 3799 799 3853 nimirum
853 3814 917 3852 ex
971 3800 1249 3864 omnibus,
1288 3801 1468 3868 iisque
1498 3803 1818 3859 multifariis
1863 3805 1935 3858 sit
1979 3820 2113 3859 cou-

535 3897 783 3945 structus
816 3891 1127 3958 speciebus,
1153 3907 1291 3962 quas
1318 3892 1482 3948 etiam
1518 3903 1724 3949 mentes
1751 3904 1967 3949 vocant.
1994 3895 2114 3949 Toti

535 3996 667 4037 vero
698 3981 825 4035 huic
859 3982 1185 4050 intelligibili
1221 3983 1426 4037 mundo
1457 3999 1619 4038 unam
1653 3986 1947 4054 quamdam
1998 4002 2119 4055 per-

538 4073 904 4127 fectissimam
962 4072 1267 4141 praeﬁciunt
1314 4084 1591 4139 mentem,
1646 4077 1735 4129 cui
1784 4086 1911 4145 post
1969 4077 2116 4131 illum

537 4167 716 4217 omnis
747 4164 872 4216 boni
904 4172 1182 4217 auctorem
1220 4175 1381 4232 atque
1420 4164 1626 4219 fontem
1656 4166 1818 4221 deum
1850 4170 2120 4225 secundas

538 4256 594 4307 in
631 4255 1027 4321 gubernatione
1084 4254 1410 4326 imperiique
1445 4257 1689 4312 universi
1737 4269 1919 4327 partes
1950 4275 2121 4314 ascri-

541 4346 700 4398 bunt.
744 4343 895 4398 Hane
926 4359 1092 4414 porro
1121 4356 1358 4400 mentem
1392 4347 1484 4402 illo
1516 4362 1613 4417 per
1648 4350 1887 4419 seipsum
1920 4353 2121 4406 intelli-

2216 3165 2379 3216 κάκεῖ
2407 3158 2544 3215 εἰναι
2573 3162 2632 3215 τὸ
2650 3156 2819 3225 εἶδος,
2841 3161 2961 3213 οὐδέ
2996 3178 3058 3229 γε
3081 3159 3189 3213 τῶν
3213 3161 3573 3229 κινουμένων,
3615 3158 3813 3212 κινού·

2222 3269 2400 3321 μενον.
2427 3252 2549 3305 Τῶν
2580 3268 2643 3319 γε
2680 3251 2789 3322 μὴν
2814 3248 2940 3321 τῇδε
2973 3250 3196 3311 οὐσιῶν,
3226 3248 3333 3301 τῶν
3364 3265 3420 3301 τε
3450 3250 3567 3327 ταῖς
3593 3248 3819 3311 οὐσίαις

2218 3346 2343 3401 καθ’
2365 3346 2504 3401 αύτά
2526 3346 2838 3416 προσόντων
2859 3345 2954 3399 καὶ
2984 3342 3221 3413 σχέσεων
3251 3345 3369 3395 ἐκεῖ
3400 3337 3540 3395 εἰναι
3594 3345 3661 3397 τὰ
3686 3344 3816 3410 εἴδη

2219 3455 2278 3491 τε
2318 3438 2413 3492 καὶ
2453 3438 2878 3507 παραδείγματα
2902 3435 3010 3488 τῶν
3042 3434 3143 3503 μὲν
3174 3434 3435 3503 σχέσεων,
3474 3434 3556 3487 ὅτι
3583 3433 3706 3485 οὐδὲ
3737 3434 3816 3485 τὰ

2221 3529 2384 3585 κάκεί
2415 3528 2621 3599 ἄσχετα
2647 3530 2782 3599 πρὸς
2803 3528 3029 3596 ἄλληλα.
3050 3527 3169 3579 Τῶν
3195 3522 3288 3580 οὖν
3309 3528 3426 3579 ἐκεῖ
3453 3527 3689 3596 σχέσεων
3709 3528 3819 3589 τὰς

2222 3623 2347 3690 τῇδε
2399 3620 2479 3674 δεῖ
2510 3616 2650 3673 εἰναι
2680 3618 2917 3684 εἰκόνας,
2953 3618 3062 3669 τῶν
3122 3618 3179 3669 δὲ
3212 3619 3541 3686 προσόντων,
3582 3618 3665 3670 ὅτι
3695 3617 3816 3670 οὐδ’

2225 3712 2357 3766 ἄνευ
2428 3712 2741 3780 προσόντων
2801 3711 2982 3764 τάκεῖ.
3021 3709 3126 3763 Τοῦ
3166 3710 3264 3779 μὲν
3297 3709 3419 3779 γὰρ.
3462 3709 3809 3780 ὐπερουσίου

2226 3806 2345 3868 ένδς
2379 3804 2473 3857 άτε
2510 3803 2694 3873 ἄκρως
2725 3801 2842 3863 ἑνὸς
2866 3800 3019 3863 ὄντος
3045 3799 3168 3851 οὐτε
3195 3801 3405 3873 οὐσίαν,
3433 3799 3556 3852 οὔτε
3585 3801 3817 3870 προσὸν,

2226 3867 2352 3947 οὐτε
2414 3867 2724 3962 ἐνέργειαν,
2788 3890 2913 3944 οὔτε
2974 3890 3206 3960 δύναμιν
3266 3867 3663 3958 διακεκρίσθαι.
3688 3890 3819 3943 Τῶν

2226 3986 2280 4039 δὲ
2323 3986 2480 4038 εἰδῶν
2529 4002 2590 4037 τε
2628 3986 2721 4037 καὶ
2756 3982 2861 4040 νῶν
2895 3982 3100 4036 τούτων
3156 3983 3251 4036 ὄιτε
3294 3983 3393 4036 οὐκ
3424 3982 3618 4051 ἐκείνῳ
3648 3998 3817 4051 παρι-

2229 4078 2538 4141 σουμένων,
2572 4074 2845 4144 προσόντα
2875 4075 2974 4143 μὲν
3002 4076 3190 4138 οὐσίας
3229 4074 3627 4143 διακεκρίσθαι,
3656 4074 3818 4144 ἐνερ-

2228 4169 2381 4236 γείας
2400 4169 2455 4220 δὲ
2480 4168 2712 4237 δύναμιν
2735 4166 2967 4228 οὐδέπω,
2997 4164 3132 4219 ἀλλὰ
3161 4168 3271 4227 τοῖς
3303 4163 3426 4233 τῇδε
3456 4164 3558 4234 ἤδη
3582 4163 3717 4233 πρὺς
3747 4166 3817 4228 τῇ

2229 4260 2396 4331 ἑτέρᾳ
2425 4259 2520 4314 καὶ
2545 4259 2746 4328 ταύτην
2783 4260 2881 4329 τὴν
2916 4257 3186 4326 διάκρισιν
3214 4255 3586 4309 ἀποδίδοσθαι.
3654 4256 3819 4307 ⁴⁹Ωστ³

2232 4351 2302 4405 ἂν
2332 4352 2494 4404 τάκεῖ
2542 4352 2725 4420 μέσως
2746 4367 2861 4412 πως
2916 4348 3060 4416 ἔχειν
3086 4348 3178 4402 τοῦ
3211 4365 3270 4400 τε
3301 4346 3626 4417 ὐπερουσίου
3654 4347 3774 4408 ἑνὸς
3799 4387 3816 4412 ,

541 4439 690 4508 gibili
719 4439 941 4509 speciali
965 4440 1170 4495 mundo
1199 4455 1379 4507 usam,
1408 4441 1512 4496 hoc
1536 4444 1739 4499 nostris
1764 4431 2115 4515 conspicuum

2233 4445 2328 4495 καί
2375 4443 2485 4495 τῶν
2539 4442 2665 4512 τῇδε
2711 4441 2806 4493 καὶ
2836 4438 3134 4509 αἰσθητῶν.
3164 4433 3264 4491 Οἷα
3299 4436 3398 4508 μὲν
3426 4432 3520 4490 οὖν
3546 4437 3640 4489 καὶ
3665 4436 3819 4496 ὅπως

542 4533 718 4589 oculis
770 4532 996 4598 cmlum,
1060 4534 1440 4604 mundumque
1500 4537 1754 4591 sensibus
1815 4540 2123 4609 subjectum

541 4627 867 4681 fabricatum
896 4640 1039 4681 esse.
1082 4625 1213 4681 Esse
1244 4626 1429 4696 itaque
1460 4629 1608 4683 hunc
1642 4629 1894 4685 sensibus
1934 4643 2124 4700 paten-

546 4732 650 4774 tem
688 4720 951 4775 mundum
989 4721 1136 4775 illius
1166 4720 1531 4789 intelligibilis
1564 4723 1926 4778 simulacrum
1963 4735 2126 4795 atque

546 4814 860 4882 imaginem,
888 4812 1133 4882 nihilque
1164 4829 1228 4868 ex
1255 4814 1320 4867 iis
1346 4828 1467 4881 qua:
1491 4814 1675 4869 causis
1703 4816 1820 4868 suis
1853 4814 2127 4884 indigent,

544 4913 657 4956 tam
700 4903 755 4956 in
790 4910 905 4957 toto
935 4917 1100 4973 quam
1130 4903 1185 4956 in
1218 4902 1465 4973 partibus
1500 4903 1788 4968 exsistere,
1840 4904 1985 4971 quod
2020 4920 2127 4958 non

547 4995 616 5047 ab
654 4995 746 5048 illo
774 4996 947 5050 altero
981 5003 1162 5049 ortum
1202 4994 1405 5060 trahat,
1439 4993 1623 5048 causis
1672 5009 1800 5047 vero
1863 4995 2128 5065 indigere.

546 5100 888 5154 quaecunque
938 5087 1177 5141 existant
1199 5086 1255 5138 in
1284 5085 1726 5153 rebus,'quaeque
1754 5084 1909 5148 ﬁant,
1939 5096 1992 5138 et
2017 5086 2129 5155 pri-

550 5176 800 5230 vationes
829 5184 883 5229 et
912 5175 1321 5241 frustrationes,
1349 5184 1402 5231 et
1426 5176 1692 5245 quidquid
1716 5175 1952 5242 denique
1977 5177 2041 5230 ad
2072 5176 2124 5230 id

548 5266 695 5337 quod
734 5282 1000 5336 nusquam
1036 5277 1141 5332 est,
1173 5269 1367 5322 recidit
1391 5267 1594 5321 nullam
1626 5268 1853 5323 omnino
1901 5281 2125 5321 causam

553 5360 849 5429 postulare,
892 5360 1003 5413 imo
1032 5360 1213 5429 potius
1242 5358 1457 5415 defeetu
1506 5376 1687 5414 causae
1735 5367 1934 5414 cuncta
1987 5361 2133 5430 ejus-

554 5452 701 5507 modi
730 5453 1066 5522 contingere,
1103 5467 1278 5521 neque
1307 5453 1433 5507 item
1461 5457 1800 5524 negationes.
1824 5458 1958 5513 Nam
1989 5459 2133 5528 quod

553 5562 719 5602 causa
754 5548 1043 5601 contraria:
1087 5546 1467 5603 aﬂirmatiouis
1490 5549 1652 5615 desit,
1688 5563 1751 5603 ex
1787 5565 1852 5605 eo
1884 5567 1989 5605 una
2024 5552 2133 5607 ori-

555 5623 645 5691 tur
684 5639 921 5707 negatio.
970 5637 1159 5708 Neque
1211 5641 1400 5705 etiam,
1453 5657 1574 5710 quae
1624 5657 1720 5711 per
1758 5645 2011 5698 accidens
2048 5644 2135 5696 hic

561 5728 906 5796 contingunt,
941 5744 1131 5785 eorum
1168 5732 1333 5788 ullam
1391 5750 1609 5803 prorsus
1644 5734 1752 5790 illic
1787 5750 2003 5790 causam
2042 5738 2135 5791 ha-

2232 4533 2426 4604 ἔχοντα
2452 4533 2521 4587 τά
2548 4532 2689 4602 εἴδη,
2736 4534 2783 4584 οἰ
2819 4531 3092 4600 τιθέμενοι
3127 4529 3372 4593 ἀξιοῦσιν
3399 4524 3565 4591 εἶναι,
3594 4527 3815 4595 εἴρηται

2234 4628 2368 4697 ἡμῖν
2441 4625 2517 4689 ὼς
2575 4623 2665 4677 διὰ
2722 4616 3082 4693 βραχυτάτων
3120 4638 3181 4674 τε
3219 4622 3312 4673 καὶ
3370 4620 3428 4671 ὲν
3488 4617 3814 4686 κεφαλαίοις

2233 4721 2431 4771 εἰπεῖν.
2476 4718 2620 4788 Πρὸς
2650 4712 2742 4769 οὖν
2775 4716 2842 4768 τὰ
2887 4713 3302 4784 Ἀριστοτέλους
3333 4710 3437 4782 ήδη
3470 4710 3816 4779 ἀπαντητέον

2234 4812 2299 4865 ἂν
2331 4813 2439 4878 είη.
2476 4810 2631 4863 Κατά
2681 4826 2739 4861 τε
2782 4808 2889 4877 γὰρ
2920 4805 3046 4868 τοὺς
3090 4805 3281 4873 λόγους
3317 4804 3426 4856 τῶν
3469 4802 3814 4872 ἐπιστημῶν,

2233 4903 2385 4956 ἔσται
2432 4902 2547 4971 εἴδη
2596 4901 2816 4965 πάντων
2865 4900 3115 4968 ὅσωνπερ
3143 4898 3239 4951 καὶ
3300 4896 3602 4965 ἐπιστῆμαί
3652 4898 3813 4962 εἰσιν,

2234 4994 2393 5061 εἰπερ
2427 4992 2727 5062 ἐπιστῆμαι
2749 4990 2854 5043 τῶν
2900 4989 3025 5043 καθ’
3054 4989 3195 5041 αὐτά
3226 4988 3313 5041 ἀεί
3340 4989 3470 5041 εἰσι.
3498 4986 3610 5041 Καὶ
3642 4988 3695 5039 εἰ
3723 5004 3810 5040 τοι

2234 5087 2397 5141 πάλιν
2431 5087 2538 5139 τῶν
2569 5084 2693 5138 καθ’
2735 5082 2878 5137 αὐτά
2915 5081 3225 5151 προσόντων
3253 5081 3411 5139 εἰσὶν,
3447 5079 3547 5148 οὐχ
3569 5079 3624 5130 οἵ
3653 5095 3714 5145 γε
3747 5080 3817 5131 τά

2238 5181 2353 5248 εἴδη
2385 5179 2664 5248 τιθέμενοι
2691 5178 2985 5244 ὀκνήσουσι
3021 5173 3095 5243 μὴ
3119 5172 3380 5225 ἁπάντων
3412 5171 3620 5224 τούτων
3647 5170 3815 5237 φάναι

2238 5270 2384 5327 εἶναι
2406 5271 2545 5338 είδη,
2576 5270 2637 5322 οὐ
2666 5269 2768 5337 μέν
2806 5284 2889 5319 τοι
2918 5265 3186 5327 ὡσαύτως
3219 5265 3463 5318 πάντων.
3510 5262 3673 5315 Ἀλλά
3704 5260 3813 5313 τῶν
3846 5317 3853 5330 l

2239 5362 2340 5432 μὲν
2389 5366 2445 5425 ές
2509 5358 2903 5429 πεπερασμένα
2956 5355 3071 5422 είδη
3110 5356 3178 5407 τὰ
3228 5354 3356 5424 τῇδε
3383 5353 3816 5421 διακρινομένων

2238 5455 2297 5506 ἓν
2330 5455 2417 5521 ἐφ’
2452 5454 2670 5522 ἑκάστῳ
2725 5450 2861 5519 εἴδη,
2912 5446 3023 5500 τῶν
3052 5447 3109 5499 δὲ
3163 5448 3220 5509 ἐς
3274 5447 3535 5516 ἀπειρίαν
3584 5445 3683 5514 ἥδη
3722 5447 3816 5496 ἐκ·

2238 5547 2575 5609 πιπτόντων,
2603 5544 2660 5597 ἒν
2693 5544 2784 5594 ἐπὶ
2817 5542 2953 5594 πᾶσι
2988 5543 3100 5602 τοῖς
3148 5540 3422 5609 ἀπείροις.
3462 5537 3671 5591 Αὐτίκα
3706 5538 3817 5605 γὰρ

2237 5640 2314 5709 τῷ
2361 5638 2486 5708 τῇδε
2546 5635 2764 5706 ἀριθμῷ
2818 5633 2980 5686 παντὶ
3033 5630 3121 5683 διὰ
3175 5631 3278 5700 τὴν
3338 5626 3617 5696 ἀπειρίαν,
3659 5626 3717 5677 ἓν
3757 5625 3817 5677 τὸ

2241 5732 2359 5785 ἐκεῖ
2389 5727 2527 5794 εἰδος
2564 5729 2852 5797 ἐφιστᾶσιν
2884 5724 3084 5779 ὲνιαῖόν
3116 5739 3173 5776 τε
3206 5724 3301 5775 καὶ
3334 5721 3457 5775 καθ’
3498 5720 3556 5773 ἓν
3590 5719 3815 5772 ᾶπαντα
