4186 6290
388 373 488 437 921

1067 383 1166 445 DE
1202 386 1635 451 PLATONICA
1675 392 1774 454 ET
1813 395 2383 459 ARISTOTELICA
2427 400 2959 460 PHILOSOPHIA

3526 368 3634 462 sae

389 488 644 582 περιέχον
664 488 749 582 *τὰ
783 491 867 582 τῷῗ
890 494 1014 565 τῇδε
1043 496 1263 570 ἀριθμῷ
1302 502 1736 575 διακεκριμένως
1766 527 1826 562 τε
1861 510 1958 564 καὶ

2061 511 2198 568 beri.
2231 511 2511 582 Siquidem
2544 513 2817 582 ejusmodi
2872 513 3110 581 plurium
3168 527 3459 567 causarum
3500 530 3634 569 con-

387 577 513 631 καθ’
545 578 686 631 αὐτὰ
723 581 1118 650 συμϐαίνοντα.
1152 589 1263 643 Καὶ
1298 592 1392 645 ἐπὶ
1425 594 1535 648 τῶν
1555 599 1667 659 τοῖς
1700 600 1958 665 μεγέθεσι

388 669 799 738 συμϐαινόντων
828 673 1089 740 ὡσαύτως
1108 679 1195 745 ἂν,
1222 681 1282 735 ἓν
1301 684 1361 735 τὸ
1382 682 1651 750 ἐκεῖεἶδος
1675 688 1771 741 τοῦ
1801 692 1964 758 μεγέ-
2001 728 2008 736 .

389 761 538 827 θους,
570 764 664 815 καὶ
697 765 925 834 ἀμερές.
959 767 1078 837 Ἀφ’
1104 766 1179 825 ὧν
1201 772 1301 843 τὴν
1332 775 1516 844 ψυχὴν
1538 778 1963 851 ἐλλαμπομένην

386 851 481 904 τὸν
538 854 939 925 μαθηματικὸν,
1001 861 1253 930 ἀριθμὸν,
1328 866 1429 919 καὶ
1462 868 1827 939 μαθηματικὰ
1867 889 1963 942 με·

385 941 522 1009 γέθη
558 944 793 1032 ἐκτάδην
822 947 1184 1020 ὑποδέχεσθαι
1214 956 1373 1017 σκιάς
1405 973 1464 1010 τε
1496 958 1592 1012 καὶ⁸
1612 960 1808 1015 εἴδωλα
1837 941 1962 1032 νοη-

387 1033 499 1086 τῶν
533 1034 663 1088 ὄντα
692 1030 726 1110 ᾖ
758 1038 826 1091 τὰ
856 1040 983 1107 τῇδε
1026 1041 1084 1097 ἔν
1116 1060 1175 1097 τε
1218 1044 1404 1100 ὕδασιν
1443 1049 1637 1105 εῐδωλα
1674 1054 1769 1107 καὶ
1810 1030 1962 1109 σκιαὶ

385 1125 497 1218 τῶν
534 1126 809 1218 αίσθητῶν
837 1130 975 1201 πρὸς
1006 1133 1142 1188 αὐτὰ
1198 1138 1267 1190 τὰ
1308 1140 1572 1209 αἰσθητά.
1602 1145 1713 1198 Καὶ
1750 1146 1848 1214 μὲν
1895 1146 1961 1218 δὴ

389 1217 486 1270 καὶ
523 1217 594 1271 τὰ
630 1219 722 1271 ὑπ’
747 1220 1054 1293 ἀνθρώπων
1090 1232 1363 1285 σκευαστὰ
1413 1234 1588 1288 ταῦτα
1638 1238 1696 1290 ἐν
1738 1238 1816 1309 τῷ
1846 1217 1965 1293 ἐκεΐ

389 1325 557 1376 φασιν
583 1310 873 1381 ἀνθρώπου
908 1316 1038 1370 εῐδει
1094 1319 1217 1373 καθ’
1269 1322 1328 1375 ἓν
1378 1327 1756 1396 περιέχεσθαι.
1795 1329 1960 1386 Ὅθεν

388 1402 455 1471 τῇ
489 1403 701 1476 διανοίᾳ
734 1408 862 1470 τοὺς
891 1408 1261 1483 δημιουργοὺς
1305 1415 1444 1470 ἀλλὰ
1481 1418 1675 1483 ἄλλους
1696 1422 1960 1492 ὑποδεχο·

402 1493 630 1560 μένους,
684 1496 779 1548 καὶ
832 1497 1094 1569 διανοητὰ
1121 1504 1390 1575 πρότερον
1430 1510 1487 1561 ἐν
1511 1510 1728 1575 ἑαυτοῖς
1756 1513 1825 1567 τὰ
1853 1514 1961 1568 τῶν

389 1583 600 1638 σκευῶν
627 1584 745 1655 εῐδη
771 1586 1007 1645 ἕκαστον
1060 1593 1616 1666 διαμεμορφωκότας,
1649 1602 1802 1656 οὕτω
1846 1607 1963 1669 τοῖς

386 1673 667 1745 αἰσθητοῖς
702 1680 992 1751 ἐγχειρεῖν.
1044 1685 1263 1755 Περὶδέ
1294 1689 1401 1741 τῶν
1432 1692 1576 1745 κατά
1614 1694 1963 1765 συμϐεϐηκὸς

392 1765 768 1834 γιγνομένων,
799 1769 983 1823 εἴποτε
1008 1772 1102 1826 καὶ
1126 1773 1334 1829 τούτων
1363 1778 1643 1850 ἐπιστήμη
1669 1797 1754 1843 τις
1784 1782 1965 1848 γένοι-

386 1870 469 1922 το,
503 1856 691 1927 ἐπειδὴ
731 1860 799 1914 τὰ
829 1860 1054 1916 τοιαῦτα
1100 1864 1360 1921 πλειόνων
1391 1870 1579 1923 αίτίων
1601 1872 1802 1940 συνόδῳ
1829 1873 1965 1926 ἀπο-

389 1947 591 2015 ϐαίνει,
626 1945 703 2003 ὧν
731 1952 800 2003 αὖ
841 1951 1074 2007 ἕκαστον
1107 1957 1287 2011 ἐκεῖσε
1330 1960 1725 2029 ἀναφέρεσθαι,
1755 1964 1964 2018 ἐκεῖθεν

390 2044 489 2096 καὶ
530 2045 659 2113 περὶ
690 2046 899 2100 τούτων
929 2048 1029 2119 τὴν
1052 2048 1230 2121 ψυχὴν
1248 2050 1673 2124 ἐλλαμπομένην
1702 2057 1965 2113 κτᾶσθαι.

389 2134 576 2187 Ταῦτα
619 2135 721 2205 μὲν
769 2133 860 2191 οὖν
893 2139 1028 2209 πρὸς
1061 2141 1191 2203 τοὺς
1224 2141 1333 2194 τῶν
1367 2143 1691 2214 ἐπιστημῶν
1728 2147 1963 2217 φήσουσι

390 2226 607 2294 λόγους.
654 2228 796 2297 Πρὸς
821 2229 875 2281 δέ
906 2230 971 2283 τὸ
1002 2232 1145 2284 κατὰ
1179 2233 1241 2284 τὸ
1264 2233 1322 2285 ἓν
1357 2235 1451 2287 ἐπὶ
1482 2234 1696 2288 πολλῶν
1724 2236 1821 2290 καὶ
1855 2237 1964 2292 τῶν

389 2322 760 2388 ἀποφάσεων,
798 2321 952 2375 οὐδὲν
1003 2324 1301 2391 ἀναγκαῖον
1353 2328 1827 2398 συμπεραίνεσθαι
1861 2332 1965 2399 φή-

392 2429 570 2469 σουσι.
601 2415 672 2467 Τὸ
712 2414 823 2485 γάρ
870 2432 955 2468 τοι
1000 2417 1290 2485 ἀνθρώπου
1327 2419 1516 2472 ἐκεῖνο
1547 2416 1708 2487 εἶδος,
1750 2417 1831 2485 οἷς
1864 2424 1964 2492 μὲν

388 2504 457 2557 ἂν
516 2505 827 2576 προσνείμῃ
882 2508 1076 2571 έαυτὸ,
1114 2508 1327 2571 τούτοις
1361 2510 1462 2579 μὲν
1499 2512 1595 2565 τοῦ
1650 2514 1964 2584 ἀνθρώποις

389 2592 528 2650 εἶναι
563 2597 737 2651 αἴτιον
777 2594 939 2664 εἶναι,
976 2595 1058 2662 οἷς
1109 2601 1155 2653 δ’
1186 2601 1254 2655 ἂν
1290 2602 1364 2673 μὴ
1423 2604 1583 2657 ἑαυτὸ
1630 2607 1963 2680 προσνείμῃ,

386 2691 564 2745 ταῦτα
592 2692 635 2745 δ’
664 2693 764 2746 οὐκ
796 2694 1108 2764 ἀνθρώποις
1140 2696 1445 2753 λείπεσθαι.
1484 2699 1627 2768 Πρὸς
1663 2701 1719 2754 δέ
1755 2703 1818 2754 τὸ
1852 2720 1964 2756 κα-

386 2784 605 2837 τανοεῖν
631 2800 684 2837 τι
714 2784 1039 2852 φθαρέντος,
1086 2786 1195 2839 τῶν
1230 2788 1509 2858 φθαρτῶν,
1545 2790 1730 2843 ίκανὸν
1762 2793 1965 2862 φήσου-

388 2892 476 2928 σιν
523 2870 660 2929 εῖναι
695 2876 756 2929 τὸ
790 2876 853 2931 ἐν
897 2879 1077 2931 ἐκεῖνο
1109 2874 1251 2947 εἶδος
1282 2880 1344 2933 τὸ
1379 2882 1472 2934 έπὶ
1496 2884 1634 2935 πᾶσι
1671 2885 1786 2946 τοῖς
1813 2883 1872 2936 ἐν
1894 2885 1961 2954 τῇ

386 2967 522 3036 αὐτῇ
561 2966 673 3037 ἰδέᾳ
699 2968 959 3037 φθαρτοῖς
991 2969 1182 3039 ὥσπερ
1212 2986 1317 3023 που
1357 2971 1431 3040 μὴ
1462 2972 1728 3041 πρότερον
1764 2972 1823 3025 ὃν
1856 2989 1965 3026 παο

386 3056 558 3125 ράγον
593 3056 843 3123 ἕκαστον,
883 3058 1026 3112 οὕτω
1076 3062 1172 3112 καὶ
1206 3062 1551 3131 ἐφθαρμένου
1599 3064 1833 3117 ἑκάστου
1888 3066 1966 3117 εί-

2063 618 2228 658 cursu
2271 606 2359 658 hic
2402 604 2698 668 eveniant,
2746 619 2981 673 quarum
3016 619 3357 675 unaquaeque
3404 607 3531 660 illuc
3566 609 3636 661 sit

2064 696 2369 761 referenda,
2401 705 2563 764 alque
2612 697 2723 751 illic
2754 697 2892 750 nihil
2930 713 3049 752 esse
3087 712 3314 766 prorsus
3341 738 3355 761 ,
3389 700 3528 767 quod
3563 702 3634 754 sit

2064 800 2227 842 causa
2292 802 2475 841 rerum
2526 788 2983 856 contingentium.
3014 788 3120 843 Sed
3172 789 3632 863 necinﬁnitarum

2068 894 2251 935 rerum
2298 880 2540 947 privatas
2583 879 2933 949 singulasque
2971 880 3083 934 illic
3128 881 3358 934 inveniri
3416 898 3634 947 causas,

2065 984 2256 1026 eorum
2286 984 2526 1039 namque
2560 971 2838 1032 omnium,
2884 985 3007 1039 qua:
3060 970 3148 1025 hic
3196 971 3263 1024 ad
3313 966 3636 1027 inﬁnitatem

2062 1062 2354 1131 quamdam
2392 1062 2660 1123 recidunt,
2689 1060 2904 1116 unicam
2929 1060 3041 1115 illic
3070 1075 3193 1117 esse
3222 1063 3484 1130 speciem.
3516 1079 3639 1132 qua:

2064 1167 2245 1209 causa:
2291 1153 2560 1208 rationem
2614 1152 2864 1217 obttnet,
2915 1154 3354 1223 quandoquidem
3402 1160 3465 1208 ea
3515 1170 3638 1224 quae

2065 1247 2175 1303 illic
2202 1257 2352 1313 sunt,
2403 1245 2689 1302 inﬁnitatis
2716 1248 2854 1317 ejus,
2891 1263 3012 1317 qua:
3055 1250 3121 1303 ad
3155 1248 3515 1317 quantitatem
3550 1265 3638 1304 re-

2064 1340 2260 1403 fertur,
2309 1341 2535 1397 omnino
2565 1343 2678 1396 sint
2721 1343 2986 1410 expertia,
3024 1344 3135 1399 imo
3180 1342 3342 1396 etiam
3391 1357 3640 1399 summus

2065 1432 2158 1487 ille
2194 1432 2337 1488 Deus
2364 1434 2457 1502 qui
2486 1434 2633 1487 omni
2673 1434 2909 1488 essentia
2943 1448 3008 1489 ac
3038 1441 3231 1487 natura
3270 1434 3524 1501 superior
3553 1442 3641 1489 est

2064 1538 2129 1579 ac
2159 1522 2467 1587 sublimior,
2493 1523 2561 1578 ab
2598 1524 2748 1579 omni
2780 1539 3007 1592 prorsus
3054 1521 3400 1578 multitudine
3444 1525 3645 1578 abhor-

2065 1624 2205 1677 reat,
2254 1630 2449 1684 nempe
2505 1616 2596 1684 qui
2647 1630 2790 1669 unus
2849 1615 2921 1670 sit
2983 1616 3430 1685 exquisitissime.
3493 1615 3634 1670 Huic

2066 1720 2199 1760 vero
2267 1706 2595 1775 intelligibili
2657 1707 3048 1763 mundosive
3120 1707 3407 1776 apparatui
3476 1722 3633 1762 suam

1997 1846 2038 1901 Β
2068 1798 2288 1867 quidem
2310 1798 2420 1863 jam
2458 1798 2639 1853 inesse
2657 1796 3056 1851 multitudinem
3082 1797 3172 1851 sed
3206 1797 3409 1850 ﬁnitam
3436 1804 3642 1861 tamen.

2067 1899 2123 1942 et
2162 1903 2282 1956 quae
2324 1887 2471 1942 nullo
2506 1888 2666 1942 modo
2703 1887 2970 1940 inﬁnitam
3002 1886 3172 1955 possit
3202 1887 3489 1953 appellari,
3518 1887 3641 1942 sive

2069 1978 2328 2046 potentia,
2372 1978 2486 2033 sive
2515 1986 2662 2032 actu.
2697 1977 2754 2031 ld
2786 1976 2930 2047 quod
2982 1978 3037 2030 in
3080 1978 3398 2044 conspicuo,
3453 1979 3635 2032 sensi-

2066 2066 2279 2135 busque
2341 2066 2586 2134 subjecto
2652 2067 2753 2121 hoc
2786 2065 2992 2121 mundo
3019 2066 3180 2120 aliter
3238 2081 3297 2121 se
3330 2068 3516 2131 habet,
3549 2070 3643 2133 qui

2067 2155 2390 2211 inﬁnitatem
2437 2157 2549 2224 jam
2592 2157 2907 2226 quamdam,
2968 2163 3240 2224 quatenus
3298 2156 3444 2211 illam
3486 2172 3642 2212 com-

2074 2246 2242 2314 plecti
2287 2254 2490 2315 potest,
2553 2247 2795 2299 innatam
2849 2244 3012 2299 habet
3052 2254 3271 2314 propter
3332 2249 3637 2316 materiam,

2068 2336 2157 2390 cui
2218 2336 2436 2405 propria
2500 2336 2735 2405 quadam
2798 2338 3010 2389 ratione
3069 2336 3315 2391 inﬁnitas
3390 2338 3641 2407 quaedam

2068 2427 2332 2491 adhaeret,
2375 2443 2539 2497 quam
2574 2428 2748 2495 ipsam
2789 2428 3013 2481 materia
3045 2426 3263 2495 quidem
3297 2442 3405 2482 non
3424 2430 3642 2485 aliunde

2068 2533 2229 2589 quam
2262 2519 2412 2573 illinc
2438 2519 2621 2584 traxit,
2675 2518 2769 2574 sed
2806 2517 2921 2572 illic
2953 2528 3132 2571 tamen
3159 2517 3372 2574 inﬁnita
3406 2536 3511 2574 non
3547 2536 3642 2575 ex-

2068 2612 2239 2677 sistit,
2280 2625 2457 2680 neque
2494 2610 2638 2664 enim
2668 2611 2828 2690 etiam
2862 2626 3043 2665 rerum
3069 2611 3490 2676 irrationalium,
3520 2628 3643 2682 quas

2066 2702 2153 2756 hic
2178 2702 2465 2766 habentur,
2529 2701 2735 2768 species
2758 2701 2866 2754 illic
2894 2701 3223 2755 irrationalis
3274 2701 3508 2756 habetur
3553 2706 3639 2760 vel

2067 2808 2255 2848 rerum
2288 2792 2374 2848 hic
2396 2793 2697 2857 mobilium,
2734 2791 2943 2861 species
2987 2792 3095 2846 illic
3128 2792 3360 2853 mobilis,
3391 2796 3643 2861 quamvis

2066 2884 2447 2945 essentiarum,
2471 2897 2591 2952 quae
2615 2883 2688 2935 ita
2719 2882 2807 2935 hic
2837 2882 3193 2950 appellantur,
3224 2893 3279 2938 et
3308 2897 3496 2941 eorum
3523 2902 3645 2955 qua:

2068 2973 2321 3029 essentiis
2353 2986 2450 3041 per
2471 2986 2528 3025 se
2554 2971 2834 3025 adhaerent
2864 2978 2917 3025 et
2946 2972 3352 3040 babitudinum,
3390 2976 3500 3029 illic
3532 2976 3644 3029 sint

2068 3074 2122 3119 et
2151 3063 2363 3132 species
2424 3070 2475 3116 et
2531 3061 2864 3130 exemplaria
2937 3059 3335 3118 llabitndinum
3394 3066 3641 3133 quidem,

384 3146 518 3201 κόνα
562 3151 623 3203 ἐν
669 3150 790 3212 ταῖς
818 3149 930 3205 τῶν
982 3150 1244 3205 νοούντων
1273 3169 1326 3205 τι
1357 3152 1437 3205 ἔτι
1471 3154 1600 3223 περὶ
1630 3154 1819 3217 αὐτοῦ,
1860 3155 1961 3224 ψυ-

2071 3165 2381 3225 prnpterea,
2413 3152 2559 3222 quod
2633 3151 2720 3204 illa
2788 3167 3005 3220 quoque
3044 3170 3163 3223 qua:
3219 3156 3326 3211 illic
3371 3157 3645 3210 habentur

384 3242 506 3309 χαῖς
530 3241 897 3306 ἀνακαινίζον.
928 3242 1071 3312 Πρὸς
1106 3244 1205 3310 μὲν
1236 3243 1330 3297 οὖν
1358 3243 1533 3299 ταῦτα
1573 3245 1680 3299 τῶν
1722 3247 1963 3315 Ἀριστοο

379 3331 575 3394 τέλους
647 3332 821 3386 ταῦτα
869 3334 916 3386 οί
954 3333 1022 3387 τὰ
1082 3333 1199 3404 εῐδη
1239 3335 1511 3404 τιθέμενοι
1540 3336 1827 3405 φήσουσιν,
1874 3338 1968 3390 ού-

380 3424 472 3477 δέν
520 3424 724 3494 ἀπᾷδον
774 3424 883 3477 τῶν
935 3424 1146 3479 ἑαυτῶν
1182 3426 1490 3480 ὑποθέσεων
1524 3427 1800 3493 λέγοντες.
1844 3428 1966 3481 Ἴω-

386 3533 487 3586 μεν
542 3516 598 3570 δέ
650 3518 715 3586 δὴ
753 3519 845 3570 καὶ
880 3518 1110 3571 ἐπὶτῶν
1162 3518 1289 3594 έξῇς
1331 3520 1402 3574 τὰ
1434 3521 1592 3589 λόγου
1624 3523 1772 3583 τινὸς
1801 3520 1965 3587 dita?

386 3608 510 3661 Ἐ·ι
539 3608 827 3676 συμϐαίνει
857 3609 931 3679 μὴ
960 3611 1055 3679 τὴν
1081 3610 1246 3664 δυάδα
1271 3611 1494 3683 πρώτην
1519 3609 1681 3677 εῖναι,
1709 3612 1844 3665 ἀλλὰ
1872 3613 1964 3665 τὸν

381 3698 639 3769 ἀριθμόν.
671 3702 781 3754 Καὶ
826 3702 902 3765 τί,
935 3703 1195 3772 φήσουσι,
1246 3703 1502 3766 κωλύσει,
1552 3707 1646 3757 τὸν
1696 3705 1796 3771 μὲν
1844 3705 1963 3757 ἐκεῖ

380 3791 618 3859 ἀριθμὸν
645 3794 739 3845 καὶ
772 3794 974 3847 ὲνιαῖον
1009 3794 1104 3846 καὶ
1135 3793 1307 3863 αὐτῆς
1339 3795 1435 3863 τῆς
1467 3795 1657 3855 δυάδος
1694 3795 1962 3864 πρότερον

380 3876 561 3947 εἷναις
587 3882 686 3952 τὴν
710 3881 768 3934 δέ
791 3882 956 3934 δυάδα
982 3882 1077 3935 τοῦ
1110 3881 1236 3951 τῇδε
1271 3882 1508 3950 ἐκτάδην
1536 3882 1773 3952 ἀριθμοῦ
1809 3882 1961 3953 πρώ-

377 3986 511 4042 την;
534 3973 655 4025 Ἐτι
680 3971 863 4041 φησὶν,
891 3973 952 4024 Εἰ
979 3973 1051 4041 μὴ
1073 3973 1215 4025 κατὰ
1235 3971 1582 4041 συμϐεϐηκὸς
1609 3973 1676 4025 τὰ
1698 3973 1807 4043 είδη
1840 3991 1961 4042 μετ·

380 4064 591 4134 έχεται,
616 4063 728 4116 τῶν
754 4064 954 4121 οὐσιῶν
983 4063 1048 4117 ἂν
1072 4064 1159 4133 εἴη
1189 4064 1388 4132 μόνων.
1435 4064 1575 4117 Ἀλλ’
1598 4065 1646 4116 εί
1677 4064 1751 4134 μὴ
1783 4064 1958 4117 ἄπαν-

348 4173 468 4220 ςτα,
512 4159 670 4227 φαῖεν
699 4157 787 4221 ἂν,
812 4158 930 4228 ἢτοι
955 4158 1133 4210 οὐσίαι
1166 4153 1328 4229 ἦσαν,
1362 4156 1394 4227 ἢ
1427 4157 1570 4210 κατὰ
1605 4158 1956 4229 συμϐεϐηκὸς

375 4255 499 4314 ταῖς
526 4250 739 4312 οὐσίαις
769 4250 1179 4317 προσεγίγνετο,
1206 4246 1351 4317 εἶχεν
1377 4248 1442 4301 ἄν
1471 4266 1594 4302 τινα
1619 4249 1749 4312 ἴσως
1773 4248 1957 4319 χώραν

378 4343 409 4397 ὃ
441 4344 567 4413 φῄς.
599 4339 714 4395 Νῦν
766 4339 812 4393 δ’
844 4339 1013 4392 ὄντων
1045 4338 1229 4401 τινῶν,
1262 4337 1298 4391 ἃ
1352 4338 1445 4391 καὶ
1504 4337 1630 4390 καθ’
1656 4337 1795 4392 αὑτὰ
1838 4340 1958 4402 ταῖς

379 4434 593 4496 οὐσίαις
622 4431 906 4501 πρόσεστι,
938 4428 990 4481 τί
1019 4429 1098 4482 ἐτι
1126 4445 1207 4481 σοι
1230 4428 1456 4481 δύναται
1488 4429 1547 4481 τὸ
1575 4429 1952 4498 ἐπιχείρημα;

2071 3242 2276 3299 nullam
2318 3258 2424 3297 non
2462 3241 2695 3295 habeant
2777 3241 2919 3295 inter
2974 3257 3033 3297 se
3074 3243 3446 3299 habitudinem
3480 3254 3645 3314 atque

2069 3336 2506 3393 convenientiam
2534 3353 2546 3388 :
2575 3349 2761 3388 earum
2795 3334 2958 3404 igitur
2986 3350 3109 3405 qua:
3139 3336 3250 3391 illic
3280 3343 3425 3397 sunt,
3485 3336 3642 3390 habi-

2068 3436 2456 3499 tudinum,has
2480 3434 2700 3495 alteras,
2738 3447 2859 3501 qua:
2914 3430 3003 3485 hic
3068 3437 3217 3490 sunt,
3258 3434 3473 3494 oportet
3520 3440 3643 3482 esse

2082 3528 2351 3596 imagines
2384 3534 2547 3595 atque
2580 3523 2896 3578 simulacra.
2928 3519 3148 3574 illorum
3186 3533 3318 3572 vero
3366 3532 3489 3587 quae
3544 3532 3642 3586 per

2066 3618 2394 3676 seessentiis
2456 3614 2736 3671 adhaerent
2775 3626 2896 3666 eam
2948 3611 3016 3665 ob
3042 3622 3294 3673 causam,
3353 3617 3642 3675 propterea

2063 3693 2209 3782 quod
2240 3724 2346 3764 non
2378 3709 2496 3763 sine
2523 3707 2638 3762 suis
2670 3703 2949 3774 adiunctis
3010 3707 3177 3768 atque
3225 3699 3507 3754 attributis
3570 3714 3638 3754 ea

2063 3816 2282 3870 quoque
2308 3813 2429 3868 quas
2454 3797 2567 3851 illic
2596 3802 2725 3851 sunt
2784 3792 3185 3861 intelligantur.
3242 3790 3379 3844 Nam
3418 3792 3472 3843 in
3544 3791 3640 3845 illo

2062 3905 2194 3956 uno,
2247 3889 2392 3960 quod
2443 3894 2497 3943 et
2548 3900 2764 3942 omnem
2796 3884 3013 3938 excedit
3067 3882 3361 3936 essentiam
3388 3890 3440 3935 et
3470 3896 3637 3935 unum

2061 3985 2145 4031 est
2174 3975 2605 4045 exquisitissima
2637 3971 2876 4037 ratione,
2935 3984 3115 4037 neque
3142 3970 3434 4024 essentiam
3461 3983 3639 4036 neque

2061 4068 2380 4123 attributum
2409 4080 2585 4135 neque
2614 4076 2816 4131 actum,
2854 4078 3030 4127 neque
3046 4062 3344 4132 potentiam
3377 4060 3639 4115 discerni.

2060 4160 2118 4215 ln
2150 4159 2339 4215 formis
2395 4167 2576 4214 autem
2615 4166 2780 4226 atque
2838 4157 3115 4211 mentibus
3148 4154 3257 4209 illis
3313 4153 3381 4208 de
3437 4153 3641 4222 quibus

2063 4267 2369 4309 sermonem
2407 4249 2659 4314 facimus,
2697 4264 2818 4319 qua:
2849 4249 2925 4303 illi
2966 4262 3182 4303 summo
3213 4261 3322 4301 non
3391 4252 3521 4300 sunt
3542 4260 3640 4314 pa—

2060 4359 2148 4398 res
2179 4341 2440 4397 attributa
2476 4342 2694 4412 quidem
2747 4343 2815 4395 ab
2856 4340 3092 4396 essentia
3129 4338 3407 4407 distingui,
3446 4346 3637 4405 poten-

2059 4437 2191 4489 tiam
2218 4447 2347 4487 vero
2373 4433 2441 4485 ab
2467 4441 2591 4485 actu
2621 4439 2991 4499 nequaquam.
3029 4427 3134 4481 Sed
3191 4426 3244 4479 in
3286 4426 3369 4479 bis
3403 4442 3525 4494 qua:
3551 4426 3640 4479 hic

380 4527 557 4580 καίτοι
614 4523 709 4577 καὶ
738 4525 788 4576 ει
821 4522 914 4577 καὶ
940 4520 1119 4574 αὐτῶν
1151 4522 1260 4574 τῶν
1306 4521 1444 4574 κατὰ
1485 4519 1833 4590 συμϐεϐηκὸς
1869 4536 1950 4587 γι-

2061 4525 2323 4580 habentur
2356 4524 2564 4578 naturis
2588 4535 2781 4578 cuncta
2820 4521 2907 4575 illa
2934 4536 2962 4573 a
3003 4535 3061 4575 se
3102 4518 3332 4572 invicem
3370 4516 3635 4583 separari,

376 4616 654 4688 γνομένων
701 4616 948 4677 ἕκαστον,
981 4612 1119 4682 πρὸς
1172 4612 1276 4682 μὲν
1326 4611 1396 4663 τὰ
1440 4613 1683 4680 προσεχῆ
1731 4613 1792 4664 οὐ
1828 4612 1951 4664 καθ’

375 4710 517 4763 αὑτά
548 4711 719 4772 ἐστιν,
742 4709 879 4770 ὅλως
913 4707 1095 4776 μέντοι
1121 4704 1229 4757 τῶν
1258 4703 1382 4757 καθ’
1409 4703 1550 4756 αύτά
1573 4703 1635 4756 ού
1666 4702 1952 4756 παντάπα-

376 4802 463 4854 σίν
495 4803 643 4854 ἐστιν
671 4797 1017 4870 ἀπερρωγὸς,
1048 4796 1278 4864 ἐπείπερ
1313 4793 1580 4847 πλειόνων
1608 4793 1798 4847 αἰτίων
1828 4808 1955 4844 συν-

375 4894 480 4965 όδῳ
510 4895 576 4947 τὰ
606 4892 834 4947 τοιαῦτα
873 4892 1141 4960 γίγνεται.
1188 4888 1409 4941 Τούτων
1458 4886 1503 4940 δ’
1547 4886 1782 4939 ἕκαστον
1830 4884 1953 4939 καθ’

374 4986 508 5041 αὐτὸ
536 4986 637 5055 δρᾷ
663 4985 692 5039 ὅ
728 5002 781 5037 τι
814 4984 881 5037 ἂν
932 4981 1104 5053 δρῴη,
1131 4981 1243 5034 οὐδ’
1278 4979 1344 5033 ἂν
1380 4981 1445 5032 ἐκ
1470 4978 1679 5031 τούτων
1722 4975 1954 5030 ἀποϐαί-

374 5096 536 5134 νοντα
590 5078 685 5130 τοῦ
738 5076 858 5130 καθ’
893 5075 1027 5129 αὑτὸ
1078 5074 1147 5127 ἂν
1198 5073 1545 5127 παντάπασιν
1586 5070 1954 5142 ἀπερρωγότα

376 5172 486 5241 εἴη.
513 5169 622 5223 οὐδ’
664 5167 1004 5236 ἀκοινώνητα
1046 5168 1281 5234 πάμπαν
1314 5167 1383 5219 τὰ
1419 5164 1562 5217 κατὰ
1608 5163 1955 5235 συμϐεϐηκὸς

372 5267 488 5328 τοῖς
536 5263 657 5317 καθ’
692 5263 855 5322 αὐτὰ,
910 5261 1024 5315 ἀλλ’
1058 5259 1283 5314 ἐκείνων
1340 5260 1435 5313 καὶ
1483 5258 1657 5313 ταῦτα
1695 5257 1951 5328 ἐχόμενα.

387 5357 639 5411 Ἐπειδὰν
663 5359 772 5427 γὰρ
806 5354 1125 5422 Ὀλυμπίων
1152 5353 1464 5406 ἐνεστώτων
1494 5353 1521 5404 ὁ
1547 5351 1699 5422 ἣλιος
1731 5349 1951 5418 ἐκλίπῃ,

372 5451 516 5504 κατὰ
559 5449 660 5518 μὲν
685 5447 746 5500 τὸ
774 5446 844 5499 τὰ
878 5444 1152 5514 Ὀλύμπια
1193 5444 1541 5512 ἐνεστηκέναι
1590 5445 1617 5495 ὁ
1658 5441 1811 5512 ἥλιος
1855 5441 1954 5494 οὐκ

372 5540 644 5606 ἐξέλιπεν,
674 5537 794 5591 οὐδέ
824 5553 887 5604 γε
918 5535 1064 5588 κατὰ
1096 5534 1156 5587 τὸ
1185 5536 1277 5587 τὸν
1306 5533 1458 5603 ἥλιον
1484 5532 1859 5586 ἐκλελοιπέναι
1887 5532 1953 5585 τὰ

387 5632 665 5701 Ὀλύμπια
690 5630 902 5699 ἐνέστη·
957 5628 1098 5682 ὥστε
1130 5626 1304 5696 ταύτῃ
1356 5626 1474 5694 μὲν,
1508 5625 1569 5677 οὐ
1614 5624 1739 5676 καθ’
1774 5624 1905 5677 αὐτὸ
1928 5626 1954 5675 ὁ

371 5721 523 5791 ἥλιος
557 5722 666 5773 τῶν
700 5736 762 5786 γε
804 5719 1119 5788 Ὀλυμπίων
1170 5714 1484 5770 ἐνεστώτων
1531 5713 1835 5778 ἐκλέλοιπε,
1886 5714 1953 5766 τά

379 5832 440 5884 γε
479 5814 587 5886 μὴν
616 5812 766 5868 αἴτια
794 5810 888 5867 τοῦ
917 5812 1005 5866 τὸν
1039 5811 1190 5884 ἥλιον
1234 5807 1481 5865 ἐκλιπεῖν
1513 5804 1637 5861 καθ’
1674 5806 1809 5861 αὑτᾶ
1855 5807 1951 5875 τὴν

2061 4622 2226 4683 atque
2256 4613 2321 4667 ad
2342 4612 2486 4666 illam
2511 4610 2872 4680 superiorem,
2900 4608 3040 4662 hanc
3063 4621 3277 4677 quoque
3302 4605 3637 4675 proximam,

2063 4720 2186 4773 qua;
2243 4703 2346 4758 fuit
2393 4701 2688 4762 mentibus,
2746 4698 3155 4753 distinctionem
3209 4695 3495 4750 accedere.
3569 4692 3642 4749 Ut

2057 4798 2170 4868 jam
2231 4796 2333 4850 hoc
2379 4802 2540 4865 pacto
2589 4809 2713 4864 quae
2774 4790 2887 4846 illic
2946 4798 3095 4855 sunt,
3168 4788 3349 4843 medio
3397 4786 3639 4856 quodam

2062 4890 2225 4947 modo
2254 4904 2313 4944 se
2342 4889 2600 4952 habeant,
2634 4886 2777 4941 inter
2816 4885 2945 4940 illud
3001 4897 3276 4939 summum
3334 4890 3499 4950 atque
3544 4895 3640 4934 su-

2062 4979 2413 5051 pernaturale
2448 4994 2639 5043 ttnum,
2671 4989 2725 5032 et
2752 4977 2868 5031 haec
2927 4989 3049 5044 qua:
3072 4972 3162 5027 hic
3196 4978 3461 5041 apparent
3506 4985 3641 5026 sen-

2061 5072 2214 5127 sibus
2237 5070 2504 5141 potentia.
2536 5067 2656 5123 Jam
2686 5069 2854 5138 igitur
2877 5066 3063 5136 quales
3096 5073 3150 5118 et
3186 5061 3490 5129 cuiusmodi
3515 5074 3641 5116 esse

2062 5164 2273 5233 species
2310 5163 2424 5218 sive
2457 5160 2683 5225 formas,
2722 5159 2759 5214 ii
2822 5157 3157 5222 existiment,
3190 5156 3285 5224 qui
3330 5168 3422 5209 eas
3440 5155 3643 5210 consti-

2016 5276 2023 5283 ο
2063 5263 2247 5319 ιυυηι,
2273 5254 2629 5323 exposuimus
2663 5251 2978 5307 summatim
3007 5257 3063 5303 et
3101 5262 3266 5319 quam
3312 5247 3429 5302 ﬁeri
3462 5246 3643 5315 potuit

2060 5348 2398 5404 brevissime.
2432 5345 2587 5400 Nunc
2611 5353 2784 5399 restat
2838 5349 2896 5397 ut
2935 5342 3001 5397 iis
3051 5338 3404 5397 occurramus
3453 5339 3642 5407 objec-

2065 5441 2325 5505 tionibns,
2359 5440 2558 5508 quibus
2602 5436 2916 5492 Platonicos
2976 5441 3260 5504 Oppugnat
3290 5430 3637 5486 Aristoteles.

2065 5531 2374 5586 Secundum
2417 5544 2651 5598 namque
2683 5527 2947 5591 rationes,
2982 5526 3177 5594 inquit,
3219 5537 3339 5591 quae
3371 5536 3436 5582 ex
3462 5520 3642 5575 scien-

2066 5620 2175 5684 tiis,
2199 5619 2409 5688 species
2435 5628 2596 5673 erunt
2622 5616 2889 5679 omnium,
2923 5629 3154 5683 quorum
3217 5609 3462 5664 scientiae
3485 5617 3642 5662 sunt.

2066 5710 2192 5764 Sive
2236 5710 2481 5765 scientia:
2540 5707 2650 5762 sint
2688 5720 2898 5767 earum,
2947 5718 3071 5773 quae
3136 5714 3351 5769 semper
3379 5708 3507 5754 sunt
3539 5714 3637 5766 per

2064 5802 2266 5868 seipsa,
2299 5801 2413 5857 sive
2448 5816 2640 5857 rursus
2689 5796 2798 5854 sint
2848 5811 3059 5864 carum,
3110 5807 3229 5863 qute
3292 5805 3387 5862 per
3449 5789 3631 5859 seipse
