4186 6290
409 430 520 495 9‘25

1088 428 1187 490 DE
1224 420 1656 492 PLATONICA
1690 433 1788 492 ET
1819 432 2398 499 ARISTOTELICA
2433 438 2972 502 PHILOSOPHIA.

3565 434 3670 502 926

409 543 769 615 παραγωγὸν,
801 543 916 598 ἀλλ’
949 543 1092 599 οὕτω
1125 561 1184 600 τε
1214 545 1309 598 καὶ
1343 544 1599 608 τοιαύτας
1625 546 1732 599 ἀπὸ
1760 547 1856 600 τοῦ
1890 548 1990 600 αὑ-

2095 568 2206 615 tum
2243 559 2313 616 sit
2333 560 2631 631 singularis
2650 569 2766 614 tum
2795 559 2915 630 ipso
2939 558 3154 614 binarlo
3214 550 3365 627 prior
3397 555 3670 610 ersistatt

406 638 649 706 τομάτου
679 635 990 707 εὑρημένας
1039 637 1310 690 κινεῖσθαι
1363 637 1525 704 μόνον
1575 636 1715 706 πρός
1741 655 1796 690 τι
1835 637 1992 702 τέλος

410 731 507 783 καὶ
534 727 807 784 τὸνθεόν.
845 727 1008 783 Ἀλλὰ
1034 728 1161 798 μὴν,
1192 725 1377 798 φησιν,
1410 726 1536 780 οὔτε
1570 729 1714 798 πρὸς
1733 729 1833 800 τὴν
1869 731 1995 784 ἑπι-

413 822 631 891 στήμην
657 821 809 875 οὐδὲν
845 821 1030 891 βοηθεῖ
1060 821 1160 890 τὴν
1206 821 1309 874 τῶν
1343 821 1541 886 ἄλλων,
1587 823 1651 875 οὐ
1700 822 1810 891 γὰρ
1836 823 1994 876 οὐσία

412 913 598 966 ἐκεῖνα
633 912 863 965 τούτων.
907 911 997 964 Ἑν
1029 911 1240 974 τούτοις
1288 911 1398 981 γὰρ
1433 913 1500 967 ἂν
1527 908 1619 982 ἦν,
1661 909 1777 965 οὔτ’
1819 914 1900 974 εἰς
1931 911 1992 965 τὸ

410 998 552 1057 εῖναι
583 1003 658 1074 μὴ
681 1002 1056 1072 ἐνυπάρχοντά
1076 1019 1142 1070 γε
1163 1003 1276 1066 τοῖς
1301 1003 1608 1074 μετέχουσι.
1637 1003 1735 1067 Τίς
1759 1005 1877 1057 ποτ’
1900 999 1994 1059 οὖν

419 1094 550 1164 περί
580 1093 789 1156 εἰκόνος
811 1093 1038 1162 ἄμεινον
1056 1092 1414 1162 διαγνώσεται
1437 1111 1452 1161 ;
1484 1095 1550 1147 ’Δ
1562 1097 1608 1162 ρ’
1629 1095 1728 1164 οὐχ
1759 1097 1785 1148 ὁ
1813 1097 1910 1149 καὶ
1932 1094 1994 1150 τδ

412 1184 768 1254 παράδειγμα
819 1181 974 1246 εἰδώς
1000 1200 1016 1250 ;
1049 1185 1248 1255 οὐ’γάρ
1275 1201 1386 1238 που,
1423 1186 1452 1238 ὀ
1480 1184 1642 1243 τοῦτο
1671 1185 1886 1252 ἀγνοῶν
1913 1186 1992 1257 τῷ

409 1293 476 1344 γε
509 1275 672 1329 εἰδότι
700 1275 758 1342 ἐξ
792 1275 910 1329 [σου
941 1276 1071 1344 περὶ
1098 1279 1199 1346 τῆς
1228 1277 1435 1341 εἰκόνος
1464 1278 1711 1348 διαγνοίη
1747 1280 1835 1333 ἄν.
1868 1278 1995 1341 ῐιῶς

410 1367 458 1420 δ’
492 1367 669 1429 οὐδεὶς
699 1368 760 1419 τὸ
788 1365 930 1420 εἶναι
977 1369 1092 1431 τοῖς
1133 1367 1313 1429 ἄλλοις
1351 1368 1519 1439 βοηθῇ
1552 1369 1620 1423 ἂν
1660 1372 1764 1424 κᾶν
1801 1368 1874 1440 μὴ
1906 1371 1992 1422 ὲν-

409 1457 722 1527 υπάρχῃ,εῖ
744 1476 807 1526 γε
825 1458 974 1511 αἰτία
1011 1457 1098 1528 εἴη
1131 1457 1339 1525 αὑτῶν;
1369 1459 1489 1512 Ἔτι
1517 1460 1700 1531 φησὶν,
1729 1461 1803 1515 Οὐ
1831 1460 1994 1526 μόνον

410 1548 522 1601 τῶν
545 1547 822 1619 αἰσθητῶν
872 1549 1294 1619 παραδείγματα
1329 1549 1402 1602 τὰ
1427 1548 1568 1619 εἴδη,
1603 1549 1743 1604 ἀλλὰ
1769 1553 1866 1606 καὶ
1895 1553 1993 1605 αὐ-

411 1640 544 1705 τῶν,
582 1635 694 1698 οἷον
724 1642 786 1694 τὸ
833 1642 989 1709 γένος
1017 1641 1130 1700 τῶν
1161 1641 1236 1706 ὡς
1265 1642 1462 1711 γένους
1513 1641 1691 1695 εἰδῶν.
1727 1642 1892 1696 Ὥστε
1931 1643 1992 1696 τὸ

411 1733 550 1788 αὐτὰ
581 1732 736 1784 ἔσται
765 1732 1123 1803 παράδειγμα
1166 1734 1264 1786 καὶ
1300 1732 1487 1788 εἰκῶν.
1533 1733 1682 1786 Ἀλλ*
1702 1733 1755 1785 εἰ
1786 1733 1884 1803 μὲν
1912 1733 1991 1804 τῷ

2109 650 2374 706 Binarius
2426 659 2605 706 autem
2663 650 2736 706 sit
2787 650 2997 718 primus
3037 649 3212 704 nostri
3239 648 3400 717 hujus
3429 647 3670 712 numeri,

2100 742 2191 812 qui
2223 742 2440 796 dilatari
2483 740 2706 810 potest?
2729 741 2819 796 Ait
2848 742 3000 806 item,
3031 741 3077 797 si
3134 742 3343 811 species
3373 755 3470 807 per
3520 741 3670 794 acci-

2098 832 2235 889 dens
2262 849 2368 888 non
2399 833 2814 902 participentur,
2845 821 3491 890 essentiarum‘duntaxat
3509 836 3666 884 erunt

2099 925 2330 998 Species.
2360 925 2439 979 lta
2457 925 2678 993 quidem
2697 925 3112 992 respondebunt
3160 924 3259 984 illi,
3289 926 3332 980 si
3369 924 3549 977 omnia
3574 933 3663 977 aut

2099 1027 2284 1070 essent
2335 1019 2613 1078 essentiae,
2649 1025 2741 1071 aut
2765 1018 2861 1085 per
2894 1017 3148 1071 accidens
3187 1016 3442 1072 essen-tiis
3491 1009 3656 1068 adbte

2099 1117 2308 1174 rerent,
2379 1118 2493 1162 tum
2521 1123 2650 1162 vero
2673 1107 2854 1162 locum
2888 1110 3120 1177 aliquem
3163 1105 3397 1161 fortasse
3446 1105 3665 1160 haberet

2097 1197 2153 1252 ld
2186 1198 2330 1266 quod
2366 1199 2599 1267 profers.
2631 1197 2786 1254 Nunc
2814 1210 2988 1252 autem
3021 1213 3144 1252 cum
3194 1199 3247 1251 in
3285 1197 3447 1252 rebus
3497 1195 3665 1250 exsis-

2099 1300 2218 1344 tant
2248 1289 2449 1360 aliqua,
2479 1305 2602 1358 quzn
2657 1291 2820 1345 etiam
2867 1305 2963 1360 per
2993 1306 3052 1346 se
3080 1290 3337 1346 essenliis
3379 1289 3668 1352 inhaerent,

2099 1381 2290 1448 quanti
2334 1379 2550 1434 demum
2607 1380 2868 1435 momenti
2929 1383 3030 1434 erit
3072 1389 3162 1436 tua
3217 1379 3307 1433 illa
3338 1378 3516 1433 ratio?
3565 1375 3669 1430 Ta-

2099 1474 2261 1528 metsi
2295 1475 2443 1529 enim
2497 1489 2708 1541 eorum,
2754 1489 2878 1544 quae
2922 1490 3020 1543 per
3081 1474 3334 1530 accidens
3386 1469 3668 1532 eveniunt,

2097 1565 2544 1634 unumquodque
2565 1565 2633 1620 iis
2671 1564 2873 1634 quibus
2891 1564 3140 1633 proxime
3161 1563 3490 1624 continetur,
3557 1574 3668 1612 non

2099 1654 2240 1709 adsit
2269 1669 2368 1723 per
2395 1669 2476 1719 se,
2509 1669 2620 1710 non
2666 1664 2849 1709 tamen
2881 1658 2949 1709 ab
2995 1655 3082 1717 iis,
3113 1669 3233 1722 quae
3263 1668 3366 1721 per
3399 1665 3457 1704 se
3491 1647 3671 1710 exsis-

2097 1753 2237 1806 tunt,
2265 1755 2349 1800 est
2403 1760 2635 1815 prorsus
2701 1746 3001 1809 diversum,
3054 1745 3321 1814 siquidem
3396 1737 3671 1810 ejusmodi

409 1823 566 1893 αὑτῷ
611 1823 708 1879 τοῦ
759 1824 930 1878 αὐτοῦ
975 1823 1385 1895 παραδείγματι
1424 1840 1486 1877 τε
1522 1823 1616 1878 καὶ
1639 1824 1810 1878 εἰκόνι
1849 1818 1988 1877 εἶναι

2102 1839 2280 1893 omnia
2296 1839 2529 1907 plurium
2546 1852 2834 1893 causarum
2852 1852 3120 1892 concursu
3140 1835 3411 1895 eveniant,
3431 1846 3667 1901 quarum

413 1915 752 1979 συνέϐαινεν,
806 1916 865 1978 ἐς
911 1916 1109 1971 ἄτοπον
1156 1915 1224 1969 ἄν
1273 1931 1327 1967 τι
1370 1913 1452 1984 τῷ
1493 1914 1608 1968 ὄντι
1673 1914 1920 1983 ἀπήγετο
1963 1915 1993 1970 ἁ

2099 1903 2444 1998 unaquaeque
2469 1942 2565 1996 per
2589 1943 2648 1983 se
2687 1926 2837 1992 facit,
2863 1923 3124 1997 quidquid
3161 1925 3308 1988 facit,
3333 1937 3510 1990 neque
3537 1935 3672 1975 vero

411 2005 591 2072 λόγος,
647 2006 836 2075 ὥσπερ
882 2007 948 2060 ἂν
989 2007 1039 2060 εἰ
1081 2006 1160 2075 τῷ
1225 2005 1374 2075 αὐτῷ
1421 2004 1516 2060 τοῦ
1567 2003 1732 2059 αὑτοῦ
1769 2005 1996 2074 ’μείζονί

411 2115 472 2152 τι
518 2096 635 2166 ἅμα
685 2092 825 2150 εἶναι
871 2098 966 2150 καὶ
993 2097 1166 2167 μείονι
1201 2097 1536 2150 συνέϐαινεν.
1571 2096 1682 2150 Νῦν
1723 2095 1780 2148 δὲ
1810 2095 1862 2147 τί
1889 2112 1996 2147 κω·

412 2189 531 2248 λύει
577 2188 637 2241 τὺ
694 2188 827 2241 αὐτὸ
872 2188 1061 2257 ἑτέρου
1097 2190 1199 2258 μὲν
1222 2189 1427 2251 εἰκόνα,
1476 2189 1664 2258 ἐτέρου
1706 2189 1763 2241 δὲ
1811 2188 1996 2258 παρά-

411 2283 615 2350 δειγμα
667 2277 846 2356 εἶναι;
879 2283 949 2334 Ἢ
1001 2281 1104 2334 οὐκ
1133 2281 1452 2351 ἀνδριάντος
1485 2281 1694 2344 εἰκόνος
1728 2281 1882 2344 ὄντος
1920 2284 1995 2335 εἰ·

414 2376 552 2428 κύνα
601 2372 894 2443 ζωγράφος
947 2373 1201 2444 γράψειε,
1243 2376 1338 2427 καὶ
1381 2373 1588 2442 ταύτης
1615 2373 1697 2426 ἔτι
1743 2375 1801 2426 ἐν
1839 2373 1995 2426 ὕδατι

415 2465 636 2520 ιῖδωλον
665 2465 732 2520 ἄν
762 2483 816 2519 τι
857 2466 1072 2534 γένοιτο
1090 2483 1107 2533 ;
1155 2466 1318 2519 Ἀλλὰ
1347 2465 1510 2518 τοῦτο
1539 2467 1638 2536 μὲν
1675 2465 1992 2535 Ἀριστοτέο

416 2557 542 2618 λους
561 2559 770 2610 τοιοῦτο
791 2557 851 2611 τδ
874 2559 1202 2628 τερὲτισμα.
1245 2558 1362 2624 Ἐφ’
1383 2558 1568 2627 ἕτερον
1599 2557 1643 2610 δ’
1667 2558 1832 2612 αὐτοῦ
1867 2575 1994 2626 μετ-

419 2647 609 2718 ιωμεν.
634 2649 755 2703 Ἔτι
798 2651 948 2721 φησι,
977 2651 1099 2702 Τῶν
1127 2667 1186 2702 τε
1227 2649 1381 2703 εἰδῶν
1404 2650 1573 2704 δντων
1595 2649 1746 2721 ὅμως
1771 2650 1830 2702 οὐ
1851 2652 1994 2718 γίνε-

414 2757 503 2794 ται
528 2741 598 2804 τὰ
625 2741 884 2811 γινόμενα
901 2741 969 2796 ἃν
993 2738 1120 2814 μ.ὴῇ
1150 2745 1211 2795 τὸ
1240 2745 1482 2808 κινῆσον,
1507 2742 1602 2796 καὶ
1632 2742 1803 2795 πολλὰ
1834 2723 1988 2809 γίνεφ

413 2848 508 2886 ται
532 2832 717 2904 ἕτερα,
758 2828 872 2886 οἷον
930 2834 1076 2888 οἰκία
1143 2834 1237 2887 καὶ
1267 2834 1568 2900 δακτύλιος,
1605 2827 1686 2889 ὧν
1735 2833 1794 2887 οῦ
1830 2851 1996 2902 φαστν

413 2921 553 2979 εἶναι
584 2927 726 2995 είδη,
755 2926 898 2980 ὥστε
963 2928 1124 2997 δῆλον
1167 2928 1250 2981 ὅτι
1305 2928 1582 2996 ἐνδέχεται
1630 2928 1860 2980 κάκεῖνα
1918 2919 1994 2981 ὧν

416 3036 584 3088 φασιν
639 3019 782 3080 ἰδέας
832 3015 994 3085 εἶναι,
1056 3020 1152 3073 καὶ
1211 3015 1352 3074 εῖναι
1409 3020 1503 3077 καὶ
1562 3019 1851 3088 γίγνεσθαι
1905 3019 1994 3072 διὰ

411 3109 667 3172 τοιαύτας
719 3107 900 3170 αἰτίας
952 3109 1070 3172 ora;
1115 3111 1210 3163 καὶ
1260 3109 1329 3162 τὰ
1394 3107 1631 3180 ῥηθέντα
1705 3111 1822 3174 νῦν,
1876 3108 1994 3162 ἀλλ’

411 3202 473 3254 οῦ
505 3201 592 3254 διὰ
617 3201 685 3254 τὰ
705 3201 840 3271 εἴδη.
878 3201 1030 3254 Ἀλλ’·
1055 3202 1176 3254 eoas
1206 3200 1376 3254 ταῦτα
1408 3201 1675 3269 φήσουσιν
1705 3201 1752 3252 οἰ
1775 3201 1842 3254 τὰ
1874 3200 1990 3268 εἴδη
2022 3245 2064 3301 c

412 3293 695 3362 τιθέμενοι
733 3294 865 3348 ἄνευ
896 3293 1360 3363 παραδειγμάτων
1386 3291 1672 3360 γίγνεσθαι
1706 3293 1764 3343 εἰί
1788 3292 1879 3344 καί
1915 3290 1992 3358 μὴ

413 3385 538 3440 καθ’
577 3386 746 3439 ἑαυτά
779 3386 1182 3455 ὑφεστηκότων.
1208 3386 1456 3452 Γίγνεται
1487 3384 1596 3452 γὰρ
1617 3382 1712 3436 διὰ
1740 3383 1995 3452 τὰνοητὰ

412 3479 481 3532 τὰ
511 3479 574 3528 ιν.
593 3478 702 3530 τῶν
727 3478 1080 3547 δημιουργῶν
1126 3479 1247 3540 ταῖς
1276 3476 1478 3546 ψυχαῖς
1513 3477 1763 3528 ἑκάστων
1811 3491 1995 3551 παραέ

410 3571 699 3639 δείγματα.
735 3571 831 3622 Δεῖ·
863 3570 920 3622 δέ
948 3585 1075 3635 που,
1106 3570 1363 3639 φήσουσι,
1392 3567 1488 3620 καί
1512 3568 1581 3620 τὰ
1600 3568 1663 3638 δή
1688 3585 1792 3621 που
1813 3567 1995 3635 γιγνό-

417 3677 578 3730 μενα,
606 3661 667 3714 οὐ
697 3663 856 3731 μόνον
885 3661 944 3713 οὐ
972 3660 1177 3729 χείρονι
1201 3661 1313 3713 τῶν
1342 3660 1664 3712 σκευαστῶν
1692 3659 1866 3729 τούτῳ
1904 3660 2000 3712 αἰο.

411 3753 505 3824 τίᾳ
529 3751 789 3823 χρώμενα
809 3753 1118 3822 γίγνεσθαι,
1135 3753 1249 3807 ἀλλ’
1271 3750 1394 3804 οὐδὲ
1412 3749 1526 3822 ἴσῃ,
1558 3749 1674 3802 ἀλλ’
1695 3750 1790 3803 ἅτε
1813 3750 2000 3819 κρείτ-

415 3861 500 3898 τω
527 3845 706 3898 αὐτῶν
736 3845 926 3910 ὄντων,
962 3844 1234 3913 κρείττονι
1281 3844 1374 3896 καί
1419 3845 1494 3911 τῇ
1537 3841 1688 3911 αἰτίᾳ
1731 3841 1990 3910 χρῆσθαι.

427 3933 599 3987 Ἀλλὰ
619 3934 760 4004 φαίη
783 3935 850 3988 ἂν
881 3935 1012 3994 ἴσως
1051 3933 1452 4002 Ἀριστοτέλης,
1485 3935 1542 3986 ὲν
1591 3931 1672 4002 τῷ
1715 3931 1865 4001 ἡλίου
1914 3933 2000 4001 νῷ

412 4025 739 4080 καὶτούτων
786 4023 1208 4093 παραδείγματα
1258 4023 1583 4090 ὑφεστάναι,
1637 4022 1733 4076 καὶ
1772 4022 1869 4076 οὐκ
1912 4023 1992 4076 ἐτι

411 4115 522 4169 δεῖν
554 4113 746 4182 ἑτέρου
778 4112 1221 4180 παραδείγματος
1250 4109 1378 4168 καθ’
1407 4111 1569 4164 ἑαυτὸ
1626 4112 1994 4179 ὐφεστηκότος

411 4205 626 4262 οὐδένα,
658 4205 830 4272 Δῆλον
851 4203 968 4273 γὰρ.
991 4203 1066 4266 ὡς
1086 4197 1181 4256 τὸν·
1205 4203 1357 4274 ἥλιον
1377 4203 1487 4259 τῶν
1521 4203 1864 4272 γιγνομένων
1889 4207 1990 4272 τῆς

412 4297 687 4370 γενέσεως
745 4293 1138 4363 ’Δριστοτέλης
1180 4295 1356 4346 αττ-ιον
1406 4293 1637 4348 τίθεται.
1695 4295 1841 4364 Πρὸς
1897 4291 1994 4348 οὖν

411 4388 584 4441 ταῦτά
611 4404 720 4439 που
735 4387 782 4439 οἰ
809 4385 1012 4453 τὰεῐδη
1043 4384 1320 4455 τιθέμενοι
1353 4383 1594 4454 ἐροῦσιν,
1636 4385 1783 4438 *Αλλ⁹
1806 4386 1854 4438 εἰ
1889 4386 2003 4454 μὲν

413 4481 702 4550 δωρῶμεν,
750 4473 796 4532 ὦ
837 4460 1228 4546 Ἀριστότελες,
1257 4476 1518 4540 ὡσαύτως
1572 4477 1641 4530 τά
1673 4494 1733 4531 τε
1795 4495 1993 4531 σκευα-

2096 2022 2242 2086 talia,
2259 2037 2380 2098 quae
2394 2039 2458 2078 ex
2478 2021 2791 2088 huiusmodi
2805 2020 2987 2074 causis
3007 2018 3309 2098 procedunt
3326 2016 3392 2070 ab
3411 2016 3504 2070 illo
3522 2014 3668 2084 quod

2095 2113 2164 2168 sit
2203 2094 2300 2180 per
2319 2127 2398 2176 se,
2418 2112 2643 2168 omnino
2662 2111 2989 2176 discrepant,
3011 2125 3111 2163 nec
3129 2093 3254 2162 item
3275 2107 3319 2162 si
3335 2123 3439 2176 qua
3461 2122 3556 2176 per
3577 2121 3669 2160 ac-

2095 2205 2283 2260 cidens
2297 2204 2575 2268 eveniunt,
2594 2218 2716 2257 cum
2732 2202 2797 2255 iis
2812 2216 2933 2271 qum
2949 2216 3044 2270 per
3061 2216 3118 2252 se
3135 2200 3288 2263 llunt,
3307 2197 3524 2267 penitus
3542 2199 3667 2250 nul-

2095 2295 2204 2350 lam
2227 2297 2425 2351 habent
2455 2296 2924 2358 communitatem,
2971 2294 3062 2348 sed
3093 2291 3180 2345 illa
3209 2292 3295 2344 bis
3321 2289 3453 2358 ipsis
3486 2289 3668 2343 conti-

2096 2396 2316 2451 nentur,
2334 2397 2497 2456 atque
2523 2387 2758 2441 invicem
2781 2385 3014 2452 quadam
3044 2383 3306 2437 afﬁnitate
3332 2382 3666 2450 junguntur.

2095 2475 2297 2540 Quodsi
2323 2474 2468 2530 enim
2491 2475 2617 2528 dum
2641 2475 2748 2529 ludi
2767 2474 3030 2545 Olympici
3049 2474 3333 2533 instarent.
3353 2472 3433 2526 sol
3452 2470 3667 2525 defece-

2095 2569 2186 2632 rit,
2207 2583 2312 2623 non
2335 2579 2620 2638 propterea
2646 2569 2787 2637 quod
2807 2568 2881 2620 illi
2906 2567 3194 2625 instarent.
3218 2566 3295 2617 sol
3320 2563 3541 2624 defecit,
3567 2578 3667 2618 nec

2097 2662 2230 2716 item
2248 2663 2390 2730 quod
2411 2661 2490 2715 sol
2511 2659 2789 2721 defecerit,
2813 2656 3182 2727 Olympiorum
3202 2666 3413 2724 tempus
3430 2654 3668 2709 instabat

2097 2759 2157 2804 ut
2185 2751 2284 2804 hac
2307 2750 2529 2819 quidem
2542 2750 2750 2802 ratione
2770 2749 2847 2802 sol
2870 2762 2975 2801 non
2996 2761 3091 2815 per
3108 2761 3167 2800 se
3181 2761 3244 2798 eo
3267 2747 3384 2813 ipso
3406 2743 3668 2800 defecerit

2098 2849 2362 2910 tempore,
2388 2854 2500 2910 quo
2541 2838 2796 2894 adessent
2836 2839 3104 2908 Olympia.
3139 2835 3243 2891 Sed
3271 2844 3450 2890 tamen
3487 2850 3674 2890 causa;

2095 2931 2199 2985 ille
2232 2940 2455 3000 propter
2481 2946 2619 2999 quas
2661 2931 2748 2985 sol
2764 2930 2944 2984 deﬁcit
2967 2945 3063 2999 per
3103 2945 3161 2984 se
3180 2928 3448 2983 defectum
3471 2927 3666 2983 eﬂ‘ece-

2095 3030 2244 3087 runt,
2259 3021 2408 3076 etlex
2430 3022 2542 3077 sive
2558 3022 2868 3076 institutum
2889 3028 3042 3074 vetus
3059 3020 3125 3074 de
3142 3020 3480 3074 celebrandis
3492 3017 3669 3089 Olym-

2095 3113 2200 3182 piis
2225 3129 2318 3181 per
2340 3129 2396 3167 se
2415 3114 2549 3168 tales
2572 3114 2731 3168 ludos
2750 3113 3037 3166 ordinavit.
3062 3111 3217 3177 Quod
3249 3121 3429 3165 autem
3447 3123 3667 3164 unon-

2096 3205 2325 3273 demque
2342 3213 2650 3274 temporeet
2667 3204 2931 3274 Olympici
2948 3203 3055 3257 ludi
3075 3211 3125 3257 et
3139 3200 3384 3256 defectus
3399 3203 3530 3256 solis
3545 3217 3664 3255 ron-

2095 3295 2334 3363 tigerint,
2362 3296 2482 3360 ejus
2505 3297 2578 3350 rei
2599 3309 2761 3350 causa
2804 3295 3013 3349 exstitit
3040 3294 3321 3362 aequalitas
3375 3294 3487 3348 sive
3520 3308 3668 3347 com-

2093 3389 2302 3440 mensio
2345 3388 2580 3441 ambitus
2607 3387 2922 3454 reditusque
2987 3385 3272 3439 amborum
3314 3384 3456 3437 inter
3502 3398 3576 3447 se,
3607 3389 3662 3437 et

2094 3479 2254 3548 hujus
2275 3495 2462 3533 rursus
2479 3478 2802 3548 aequalitatis
2820 3477 2926 3532 alia
2942 3476 3043 3530 fuit
3061 3475 3366 3540 causa,sive
3381 3473 3659 3541 aliaque-

2093 3587 2213 3628 rum
2249 3585 2587 3639 unaqumquc
2625 3585 2722 3638 per
2746 3585 2808 3623 se
2838 3569 2890 3623 id
2927 3568 3081 3638 quod=
3108 3568 3179 3621 ad
3221 3583 3279 3621 se
3304 3567 3500 3621 attinet
3535 3567 3662 3623 εσθ-

2093 3663 2252 3717 cerit.
2291 3661 2430 3716 Hinc
2454 3663 2640 3730 itaque
2669 3666 2910 3728 apparet,
2948 3673 2982 3712 ο
3049 3658 3391 3722 Aristoteles,
3429 3668 3481 3709 te
3541 3659 3661 3713 vio-

2091 3752 2292 3806 lentam
2325 3750 2501 3804 facere
2539 3749 2944 3803 conclusionem
2978 3746 3106 3802 dum
3185 3745 3444 3809 afﬁrmas,
3479 3747 3664 3801 omnia

2093 3851 2190 3897 aut
2241 3842 2513 3898 essent-ias
2549 3840 2752 3904 facere,
2801 3849 2893 3895 aut
2945 3853 3042 3910 per
3099 3838 3354 3893 accidens
3407 3839 3665 3893 essentiis

2093 3933 2371 3995 attributa,
2424 3940 2478 3987 et
2524 3932 2610 3985 illa
2646 3946 2856 3993 rursus,
2910 3947 3029 4000 qua;
3083 3940 3212 3986 sunt
3275 3946 3376 3999 per
3408 3930 3665 3985 accidens

2092 4027 2253 4080 abiis
2281 4041 2402 4095 qua:
2436 4032 2564 4079 sunt
2593 4039 2687 4092 per
2732 4038 2810 4086 se.
2830 4023 3047 4092 penitus
3086 4021 3384 4090 abrumpis.
3431 4020 3666 4076 Przeter-

2092 4134 2154 4174 ea
2209 4117 2410 4188 inquis,
2448 4115 2503 4170 Si
2561 4116 2749 4171 eadem
2816 4115 2888 4169 sit
2951 4114 3156 4184 species
3214 4121 3267 4167 et
3318 4112 3560 4168 idearum
3611 4121 3665 4167 et

2093 4226 2299 4277 rerum,
2351 4209 2552 4280 quibus
2603 4207 2708 4262 illa:
2767 4213 2896 4263 sunt
2954 4206 3313 4275 participatm,
3376 4206 3480 4260 erit
3533 4219 3676 4260 sane

2097 4305 2365 4375 quaepiam
2427 4301 2568 4356 inter
2597 4301 2713 4369 ipsa
2743 4298 3134 4354 communitas.
3186 4297 3282 4350 Sin
3318 4308 3502 4351 autem
3555 4312 3665 4351 non

2092 4395 2280 4450 eadem
2343 4392 2416 4446 sit
2484 4392 2717 4460 species,
2751 4397 2915 4442 erunt
2978 4396 3124 4442 certe
3188 4387 3490 4455 arquivoca,
3565 4404 3665 4443 nec

2090 4487 2204 4557 jam
2262 4484 2505 4551 aliquam
2559 4480 2704 4534 inter
2760 4494 2818 4533 se
2847 4478 3126 4532 habebunt
3181 4478 3659 4532 communitatem.

415 4570 714 4625 στάπταῦτα
747 4571 850 4624 ὑπὸ
877 4569 987 4621 τῶν
1017 4567 1298 4636 σφετέρων
1327 4567 1678 4636 δημιουργῶν
1728 4568 1990 4638 δημιουρ-

2095 4577 2200 4632 Sed
2283 4573 2694 4643 respondebunt
2765 4570 3029 4624 Platonici
3113 4584 3290 4636 neque
3382 4570 3666 4636 exemplar

411 4663 656 4734 γούμενα
686 4662 782 4716 καὶ
820 4661 888 4715 τὰ
945 4658 1106 4727 φύσει
1157 4666 1456 4726 γιγνόμενα
1514 4657 1623 4710 ὑπὸ
1665 4658 1760 4711 τοῦ
1807 4659 1982 4727 ἡλίου,

414 4748 930 4820 συνεχωροῦμενᾶν
967 4744 1162 4810 σουτῷ
1227 4744 1392 4814 λόγῳ.
1450 4743 1590 4796 Νυνὶ
1651 4744 1708 4796 δὲ
1766 4744 1990 4814 ὁρῶμεν

410 4844 482 4900 τὰ
512 4843 613 4911 μιν
654 4838 935 4894 σκευαστὰ
960 4838 1154 4902 ταῦτα,
1185 4835 1288 4896 ἕως
1323 4835 1432 4903 μὲν.
1459 4834 1526 4888 ἂν
1579 4835 1698 4889 ὑπὸ.
1734 4837 1840 4889 τῶν
1889 4837 1986 4906 δη-

414 4933 697 5003 μιουργῶν
720 4931 1139 5002 δημιουργεῖται
1169 4928 1463 4998 παρόντων
1515 4931 1612 4982 καὶ
1661 4929 1986 4998 ἁπτομένων

411 5025 523 5079 τῶν
544 5025 718 5096 ἔργων
741 5026 834 5076 καὶ
864 5023 1003 5076 αὐτὰ
1030 5020 1424 5092 προχωροῦντα
1456 5023 1513 5084 ἐς
1541 5021 1641 5092 τὴν
1673 5021 1994 5094 τελειότητα-

413 5120 514 5188 τὴν
536 5117 767 5177 ἑαυτῶν,
802 5114 1238 5182 καταλειφθέντα
1268 5115 1312 5167 δ’
1342 5114 1574 5184 ἡμιτελῆ
1604 5115 1714 5168 ὑπὸ
1755 5115 1865 5168 τῶν
1889 5117 1995 5186 δηος

419 5205 847 5278 μιουργούντων,
874 5205 974 5257 οὐκ
1014 5205 1094 5257 ἔτι
1127 5205 1522 5275 προχωροῦντα
1561 5208 1619 5268 ἐς
1671 5205 1846 5272 οὐδὲν,
1890 5207 1996 5260 ἅτε

410 5295 1036 5366 τῶνιδηριιουργούντων.
1055 5295 1116 5347 οὐ
1147 5295 1245 5357 τὰς
1278 5299 1474 5365 χεῖρας
1500 5297 1684 5363 μόνον,
1704 5297 1853 5350 una
1895 5297 1992 5352 καὶ

411 5392 480 5444 τὰ
518 5389 942 5460 παραδείγματα
999 5388 1172 5440 ταῦτα
1227 5390 1440 5452 ἑαυτοῖς
1475 5390 1982 5458 συναποφερόντων.

410 5485 534 5538 τῶν
554 5481 804 5560 eseam
853 5464 1207 5550 γιγνομένων
1225 5482 1292 5534 τὰ
1342 5482 1572 5536 πλεῖστα.
1617 5482 1834 5552 ὁρῶμεν
1891 5484 1987 5536 καί

411 5574 507 5628 τοῦ
536 5573 688 5644 ἡλίου
719 5571 1380 5642 ἀποκεχωρηκότοφαύτὰ
1405 5571 1484 5626 ἔτι
1510 5573 1566 5637 ἐς
1597 5573 1697 5643 τὴν
1714 5574 1988 5645 τελειότη-

411 5683 482 5721 τα
529 5666 631 5735 τὴν
677 5665 886 5719 ἑαυτῶν
950 5664 1363 5735 προχωροῦντα,
1399 5663 1427 5717 δ
1477 5665 1720 5733 μάλιστα.
1771 5665 1987 5734 ἔνδηλον

411 5760 658 5827 γίγνεται
719 5757 780 5812 ἐν
837 5760 948 5820 τοῖς
999 5758 1137 5827 ταχὺ
1196 5757 1596 5826 τελειουμένοις
1650 5760 1839 5825 φυτοῖς
1897 5760 1986 5811 καὶ

411 5851 687 5914 καρποῖς..
705 5850 771 5904 "A
801 5851 892 5904 καὶ
917 5850 1142 5922 νύκτωρ
1183 5849 1335 5904 οὐδὲν
1369 5845 1531 5920 ἦττον
1557 5850 1586 5919 ἢ
1621 5849 1741 5920 μεθ’
1772 5850 1984 5920 ἡμέραν

2091 4669 2205 4724 sive
2272 4664 2563 4734 imaginem
2635 4661 2876 4730 indigere
2928 4660 3095 4713 altera
3160 4661 3410 4728 quapiam
3479 4662 3661 4728 specie

2089 4755 2387 4820 communi,
2443 4767 2623 4820 neque
2677 4752 2726 4806 si
2777 4753 2887 4804 sint
2941 4751 3241 4819 :equivoca,
3293 4749 3435 4804 sicut
3471 4765 3661 4805 revera

2089 4858 2240 4914 sunt,
2281 4846 2483 4901 nullam
2517 4843 2720 4898 idcirco
2764 4842 3006 4910 ipsorum
3042 4854 3161 4895 esse
3191 4840 3656 4907 communitatem,
3698 4883 3717 4902 ._

2091 4949 2184 4994 aut
2235 4947 2383 4994 certe
2431 4933 2850 5004 interrogabunt
2907 4946 3168 4993 curuam,
3212 4946 3245 4986 ο
3291 4931 3611 4987 Aristoteles
3643 4970 3662 4996 ,

2089 5033 2234 5088 entia
2270 5030 2485 5100 iudicas
2517 5026 2966 5094 essegaequivoca,
3002 5032 3058 5080 et
3098 5023 3243 5078 nulla
3274 5031 3451 5078 tamen
3489 5026 3662 5080 sentis

2090 5121 2232 5175 inter
2263 5134 2322 5174 se
2348 5116 2844 5171 communicatione
2871 5112 3107 5168 sociari?
3136 5113 3246 5167 Nec
3284 5115 3498 5182 inquies
3545 5113 3659 5168 for-

2090 5224 2255 5275 tasse,
2298 5218 2352 5266 te
2389 5211 2491 5264 hoc
2526 5207 2716 5261 uulllbi
2741 5206 2964 5260 dixisse.
2991 5205 3047 5259 ld
3075 5206 3216 5275 quod
3237 5206 3414 5275 possis
3442 5218 3668 5278 propter-

2088 5303 2273 5359 odium
2312 5299 2453 5369 quod
2488 5286 2612 5368 erga
2643 5312 2742 5352 nos
2769 5297 3068 5366 concepisti
3105 5297 3476 5362 dissimulare,
3512 5300 3660 5369 quod

2090 5392 2345 5447 nimirum
2387 5389 2665 5458 aequivoca
2714 5387 2766 5441 in
2807 5387 3132 5457 quihusdam
3185 5405 3288 5442 non
3350 5389 3658 5443 communi-

2089 5490 2212 5538 cent
2255 5482 2401 5535 inter
2452 5495 2531 5544 se,
2586 5479 2640 5532 in
2675 5479 3000 5547 quibusdam
3047 5495 3179 5534 vero
3226 5480 3655 5534 communicent.

2088 5571 2222 5626 Nam
2281 5585 2454 5640 neque
2503 5570 2770 5641 Lysandri
2818 5578 2998 5624 statua
3049 5586 3172 5625 cum
3217 5572 3332 5638 ipso
3377 5569 3658 5639 Lysandro

2088 5663 2290 5717 nullam
2321 5677 2546 5730 prorsus
2599 5661 2760 5714 habet
2789 5661 3235 5714 communitatem
3271 5676 3446 5728 neque
3480 5661 3659 5732 imago

2089 5770 2210 5809 cum
2233 5767 2332 5807 suo
2353 5751 2525 5822 ipsius
2548 5751 2937 5818 exernplari.At
2961 5751 3162 5818 inquis,
3185 5761 3465 5817 prmterea,
3485 5751 3654 5818 Quid-

2091 5861 2215 5900 nam
2249 5845 2369 5914 opis
2409 5842 2662 5899 adferunt
2697 5843 2904 5912 species
2969 5850 3060 5896 aut
3093 5840 3254 5896 rebus
3281 5841 3661 5910 sempiternis,
