4186 6290
575 400 677 463 9‘27

1808 378 2138 440 GEORGII
2180 366 2637 441 PLETHONIS'

3745 378 3860 441 9‘38

731 496 912 553 sensui
946 504 1074 553 sunt
1112 495 1391 564 subjectae,
1431 502 1524 549 aut
1565 492 1689 548 aliis
1732 493 2158 563 quibuscunque

2270 493 2515 559 φαίνεται
2546 495 2916 563 τελειούμενα.
2946 493 3049 547 Τὸν
3076 494 3175 562 μὲν
3210 493 3302 547 οῦν
3351 491 3505 563 ηλίου
3557 494 3682 545 νοῦν
3737 495 3849 547 οὐκ

580 606 702 662 qua:
748 599 799 643 et
840 596 1165 656 generantur
1196 596 1249 641 et
1300 587 1606 641 intereunt?
1652 600 1829 654 neque
1859 585 2001 638 enim
2034 583 2154 637 elll-
2188 576 2191 581 ’

580 681 751 741 ciunt,
785 687 844 731 ut
874 677 977 731 illa:
1006 676 1089 731 vel
1128 687 1469 739 moveantur,
1506 675 1591 728 vel
1626 682 1922 729 mutentur.
1959 670 2057 725 Hic
2100 686 2159 727 se

578 771 685 838 jam
732 771 909 838 prodit
937 768 1279 833 Aristoteles,
1327 766 1790 835 manifestumque
1839 764 1968 818 facit
1994 777 2157 832 quam

580 862 652 917 ob
707 875 927 915 causam
983 861 1184 916 bellum
1239 860 1501 915 adversus
1550 859 1702 915 ideas
1759 857 2010 913 moverit.
2068 855 2162 911 Ille

584 967 819 1022 tamque
868 967 972 1007 nec
1030 952 1198 1008 sentit
1254 966 1356 1006 nec
1402 950 1553 1015 vult,
1608 950 1785 1004 inesse
1849 948 2160 1019 quampiam

587 1043 750 1099 rebus
798 1044 1149 1112 sempiternis
1201 1058 1421 1097 causam
1459 1044 1581 1112 ejus
1644 1040 1787 1110 quod
1839 1042 1950 1095 sint
2003 1046 2164 1105 atque

585 1134 881 1198 exsistant,
921 1144 1115 1203 praeter
1148 1134 1199 1188 id
1232 1134 1380 1203 quod
1407 1141 1715 1197 moventur,
1744 1144 1975 1199 eamque
1999 1128 2165 1182 nimi-

587 1241 704 1279 rum
737 1226 807 1280 ob
840 1240 1064 1281 causam
1097 1240 1219 1280 cum
1252 1225 1547 1281 Platonicis
1578 1226 1871 1294 praeliatur.
1906 1224 2162 1289 Alioquin

586 1317 717 1386 quid
754 1318 851 1372 sibi
891 1318 1066 1383 vellet,
1120 1319 1247 1372 dum
1296 1319 1490 1389 inquit,
1527 1318 1796 1384 Quidnam
1844 1317 1960 1385 opis
2013 1316 2166 1370 adfe-

588 1419 714 1463 runt
761 1412 974 1478 species
1021 1420 1115 1463 aut
1161 1414 1323 1466 rebus
1379 1411 1728 1479 sempiternis
1787 1425 1911 1479 quae
1974 1408 2160 1464 sensui

588 1511 717 1556 sunt
770 1502 1051 1570 subjectae,
1109 1512 1202 1557 aut
1254 1503 1376 1558 aliis
1423 1503 1883 1572 quibuscunque,
1940 1516 2062 1569 quae
2108 1509 2162 1555 et

590 1603 917 1660 generantur
949 1602 1002 1648 et
1033 1593 1353 1648 intereunt?
1396 1609 1571 1661 neque
1599 1595 1744 1648 enim
1786 1591 2055 1655 efﬁciunt,
2106 1597 2164 1643 nt

592 1684 697 1736 illae
722 1683 806 1736 vel
847 1691 1174 1737 moveantur
1211 1683 1296 1737 vel
1329 1684 1644 1738 mutentur?
1675 1691 1769 1737 aut
1818 1690 1965 1737 certe
2013 1678 2163 1748 quod

594 1772 682 1825 ille
708 1773 773 1827 ad
807 1774 1210 1843 generationem
1246 1784 1299 1827 et
1342 1774 1747 1842 corruptionem
1784 1786 1966 1825 rerum
2012 1771 2165 1825 simi-

591 1864 693 1917 lem
742 1864 1056 1918 habentium
1091 1865 1325 1933 speciem
1356 1872 1416 1918 ut
1440 1863 1503 1919 iis
1525 1878 1647 1933 qua:
1673 1871 1937 1934 generant
1956 1872 2009 1918 et
2042 1863 2161 1931 ipso

591 1955 722 2016 sole,
760 1953 1122 2020 sufﬁcientes,
1162 1954 1409 2024 satisque
1458 1955 1685 2009 idoneas
1722 1955 1999 2010 existimet
2028 1970 2163 2010 cau-

590 2056 679 2096 sas
705 2042 988 2106 constitui;
1019 2050 1073 2093 at
1096 2056 1184 2095 res
1218 2041 1578 2111 sempiternas
1607 2044 1861 2097 sensibus
1891 2042 2165 2109 subiectas

591 2134 796 2185 moveri
825 2134 1042 2201 quidem
1073 2149 1178 2187 non
1225 2134 1424 2188 sentiat
1454 2145 1675 2203 propter
1704 2135 1935 2205 species.
1966 2150 2065 2189 nec
2096 2136 2164 2190 ad

590 2226 879 2279 essentiam
922 2235 974 2280 et
1025 2226 1436 2296 productionem
1490 2225 1724 2295 alicujus
1774 2226 1849 2281 rei
1893 2227 1999 2281 alia
2029 2242 2167 2297 qna-

591 2317 732 2384 piam
783 2332 908 2371 esse
972 2332 1158 2381 causa,
1216 2318 1419 2382 idcirco
1472 2319 1669 2387 inquit,
1726 2318 1994 2384 Quidnam
2049 2306 2166 2388 opis

590 2407 822 2462 alterum
857 2408 988 2476 ipsis
1016 2410 1268 2478 species?
1296 2409 1403 2464 Sed
1441 2410 1585 2464 dicet
1635 2409 1865 2464 fortasse
1892 2412 2164 2479 quispiam

588 2499 731 2566 quod
771 2499 1043 2555 existimet
1076 2510 1131 2553 et
1158 2499 1482 2555 Aristoteles
1517 2499 1624 2554 Deo
1661 2500 1760 2554 soli
1794 2500 1885 2569 qui
1920 2500 1991 2553 sit
2021 2500 2166 2554 anti-

590 2589 905 2654 quissimus,
938 2591 1077 2643 hanc
1102 2590 1395 2646 convenire
1422 2606 1663 2646 causam.
1697 2589 1776 2645 Ad
1809 2592 1913 2645 hoc
1939 2606 2168 2660 respon-

589 2681 780 2735 demus
810 2681 876 2734 de
908 2681 1011 2736 alio
1041 2682 1257 2749 quidem
1293 2685 1544 2751 quopiam
1582 2683 1683 2738 hoc
1716 2683 1891 2751 ipsum
1943 2682 2169 2751 cogitari

592 2786 774 2839 posse,
795 2772 887 2826 sed
917 2773 1139 2827 minime
1157 2775 1222 2827 de
1237 2774 1529 2828 Aristotele
1544 2774 1630 2828 cui
1657 2774 1792 2827 nihil
1812 2773 1915 2826 tale
1937 2773 1990 2826 in
2022 2787 2169 2825 men-

591 2870 699 2913 tem
734 2862 900 2914 venit.
930 2860 995 2914 Et
1018 2876 1243 2914 curnam
1283 2863 1466 2916 istud?
1521 2863 1614 2915 Ille
1654 2876 1889 2930 namque
1928 2862 2032 2917 sibi
2068 2861 2169 2930 ipsi

589 2954 902 3007 contrarius
923 2953 1080 3015 foret,
1107 2953 1150 3005 si
1174 2953 1275 3007 hoc
1301 2954 1524 3007 diceret.
1562 2952 1908 3022 lnterrogabo
1926 2954 2069 3008 enim
2103 2953 2171 3007 ab

592 3039 724 3103 illis,
754 3041 845 3106 qui
879 3038 980 3093 hoc
1014 3040 1272 3109 attingunt
1302 3040 1429 3110 ipsi,
1464 3056 1563 3095 cur
1599 3058 1705 3097 non
1755 3043 1842 3098 ille
1879 3044 2023 3097 hunc
2067 3040 2171 3111 ipsi

2261 584 2330 638 ἂν
2353 584 2494 639 αὑτά
2525 585 2605 638 ἔτι
2654 584 2918 640 τελειοῦν.
2979 585 3055 637 Οὐ
3115 584 3224 655 7d9
3262 585 3329 638 ἂν
3370 584 3496 647 τοὺς
3547 583 3861 653 μεθεκτοὺς

2260 673 2482 736 τούτους
2504 674 2632 736 νοῦς
2656 674 2785 728 ἀνευ
2801 675 2911 728 τῶν
2938 675 3090 743 σφίσι
3129 675 3398 729 συνόντων
3427 675 3704 743 σωμάτων
3766 676 3862 729 οὖ-

2262 760 2477 816 δοτιοῦν
2512 764 2646 834 δρᾷν
2677 763 2734 827 ἐς
2751 781 2814 831 γε
2861 763 3025 836 ἐτερα
3076 762 3326 831 σώματα.
3381 764 3464 816 'l'd
3505 764 3563 817 δὲ
3620 764 3863 831 σώματα

2266 853 2443 905 πάντα
2474 855 2569 906 καὶ
2600 852 2801 917 οέσεὼς
2831 870 2978 917 τινος
3026 853 3233 906 δεῖσθαι
3269 853 3363 906 καὶ
3393 854 3673 922 σχήματος
3712 856 3864 923 πρὸς

2263 946 2332 998 τά
2385 944 2707 1014 πεισόμενα,
2767 945 2868 999 ὅσα
2914 943 3024 997 τότ’
3072 944 3139 997 ἂν
3169 945 3258 997 τὸν
3314 944 3467 1014 ήλιον
3506 946 3639 1014 πρὸς
3708 948 3864 1000 αὑτᾶ

2269 1038 2472 1107 μηκέτι
2498 1036 2668 1107 ἔχειν.
2696 1036 2863 1089 Ὥστε
2895 1037 3090 1106 μηκέτι
3123 1036 3227 1087 ὑπὸ
3253 1034 3348 1087 τοῦ
3384 1035 3536 1105 ήλίου
3559 1036 3669 1089 τότ’
3688 1037 3763 1090 ἂν
3793 1039 3866 1090 τὰ.

2265 1125 2490 1179 τοιαῦτα
2510 1124 2885 1195 τελειούμενα,
2903 1125 3014 1178 οὐδ’
3035 1125 3103 1178 ἀν
3135 1125 3274 1178 αὺτά
3301 1125 3371 1179 δι’
3397 1126 3536 1179 αὐτά
3566 1127 3862 1192 τελειοῖτο,

2266 1217 2524 1287 οὐδεμίαν
2556 1217 2663 1286 γάρ
2692 1217 2923 1287 δύναμιν
2982 1218 3039 1280 ἐς
3073 1219 3356 1286 ἐνέργειαν
3408 1222 3723 1288 προχωρεῖν
3783 1222 3863 1287 μὴ

2266 1312 2364 1379 οὐχ
2389 1309 2480 1377 ὑφ’
2504 1311 2699 1378 ἑτέρας
2724 1308 3004 1378 ἐνεργείας
3043 1309 3536 1379 προῦιὸαζομένην.
3564 1312 3687 1363 Οὐδ’
3718 1312 3865 1363 αὗτὺ

2266 1398 2496 1468 δυνάμει
2518 1399 2725 1452 τέλειον
2781 1400 2875 1452 καὶ
2924 1398 3070 1468 ἔργῳ
3119 1399 3249 1451 ποτέ
3301 1400 3506 1452 τέλειον
3565 1402 3863 1468 γίγνεσθαι

2271 1491 2348 1560 μὴ
2381 1492 2479 1561 οὐχ
2509 1490 2600 1559 ὑφ’
2624 1492 2814 1561 ἐτέρου
2842 1509 2936 1545 του
2980 1490 3129 1561 ἔργῳ
3158 1490 3487 1561 τελεωτέρου
3522 1492 3865 1562 προόισαςόο

2273 1600 2455 1652 μενον.
2492 1584 2591 1635 Διά
2648 1581 2828 1635 ταῦτα
2881 1583 3067 1652 ἡμεῖς,
3125 1583 3382 1649 φήσουσι,
3416 1583 3515 1649 τὴν
3567 1584 3862 1653 ἐνέργειαν

2269 1676 2480 1742 ταύτην
2506 1673 2605 1743 τήν
2639 1674 2760 1726 τότε
2794 1672 2858 1741 δή
2890 1673 2956 1726 τά
3014 1672 3238 1725 τοιαῦτα
3274 1672 3586 1725 τελειοῦσαν
3611 1674 3727 1735 τοῖς
3781 1672 3864 1725 εἴ·

2269 1766 2383 1819 δεσι
2426 1765 2639 1827 τούτοις
2696 1764 3062 1833 ἀπονέμομεν.
3114 1765 3223 1818 Καὶ
3261 1765 3383 1834 διχῆ
3438 1766 3507 1818 τά
3558 1766 3862 1834 σύμπαντα

2262 1857 2503 1927 χωριστά
2531 1856 2644 1925 ετδη
2680 1855 3007 1925 διαιροῦντες
3034 1855 3090 1918 ἐς
3128 1873 3187 1908 τε
3249 1856 3410 1908 ίκανά
3457 1857 3595 1909 αὐτὰ
3649 1856 3720 1909 δι’
3757 1856 3862 1908 αὕ-

2265 1948 2475 1999 τῶντά
2538 1945 2675 2016 ἔργα
2727 1934 3141 2016 ἐξεργάζεσθαι,
3211 1946 3268 2009 ες
3329 1963 3389 1998 τε
3438 1948 3537 2019 οὐχ
3590 1948 3862 2011 ὡσαύτως

2267 2037 2450 2100 ίκανά,
2483 2038 2665 2090 ἐκεῖνα
2698 2036 2797 2105 μὲν
2823 2039 2933 2099 τοῖς
2964 2038 3089 2106 τῇδε
3130 2037 3317 2099 ἀϊδίοις
3336 2038 3772 2108 παραδείγματά
3796 2056 3860 2092 τε

2267 2130 2527 2193 καὶζαίτια
2555 2130 2879 2198 ἐφίσταμεν,
2909 2128 3083 2182 ταῦτα
3123 2129 3182 2182 δέ
3234 2132 3348 2193 τοῖς
3392 2130 3522 2199 τῇδε
3564 2132 3858 2202 φθαρτοῖς,

2266 2221 2496 2289 δεόμενα
2547 2219 2646 2290 μὶν
2674 2221 2770 2273 καὶ
2815 2220 2915 2288 τῆς
2982 2219 3137 2291 ἡλίου
3187 2221 3507 2290 συνεργείας
3562 2223 3660 2291 τὴν
3717 2223 3863 2293 ὓλην

2269 2314 2452 2376 αὐτοῖς
2503 2311 2890 2382 προσάξοντος,
2954 2311 3144 2381 ἐπειδὴ
3180 2312 3235 2364 δὲ
3282 2311 3501 2366 λάϐοιτο
3554 2314 3651 2383 τῆς
3694 2313 3859 2383 ὕλης,

2268 2402 2478 2471 δρῶντα
2510 2402 2603 2455 καὶ
2637 2401 2778 2455 αὐτά
2802 2401 2870 2454 δι’
2898 2401 3077 2455 αὐτῶν
3126 2402 3206 2454 ἔτι
3264 2405 3321 2466 ἐς
3391 2405 3582 2471 αὑτήν.
3638 2406 3749 2457 Καὶ
3793 2405 3860 2456 οὑ

2269 2491 2715 2560 καινοποιοῦμεν,
2746 2492 3033 2562 φήσουσιν,
3056 2493 3163 2546 οὐδ’
3197 2495 3379 2555 αἰτίας
3409 2496 3601 2558 καινάς
3628 2539 3642 2561 ,
3676 2497 3755 2559 ὡς
3788 2496 3858 2546 σὺ

2271 2584 2399 2653 φῂς,
2464 2584 2882 2653 ἐφευρίσκομεν,
2940 2585 3077 2639 ἀλλά
3131 2586 3221 2637 τὸν
3281 2585 3390 2639 τῶν
3449 2586 3640 2639 αίτιῶν
3692 2586 3861 2653 λόγον

2271 2675 2431 2743 ἡμεῖς
2466 2676 2565 2742 μὲν
2596 2675 2775 2744 πλήρη
2807 2676 2918 2738 τοῖς
2939 2675 3091 2729 οὖσιν
3116 2677 3462 2747 ἀποδίδομεν,
3492 2680 3555 2731 σὺ
3589 2678 3632 2731 δ’
3670 2677 3855 2746 ἐνδεῆ.

2272 2763 2472 2817 Διελὼν
2505 2767 2611 2835 γάρ
2637 2782 2738 2817 που
2788 2766 2883 2818 καὶ
2922 2767 2985 2819 σὺ
3002 2769 3059 2829 ἐς
3091 2768 3329 2839 τέτταρα
3364 2768 3430 2821 τά
3496 2768 3606 2822 τῶν
3658 2768 3858 2821 αίτιῶν

2271 2856 2408 2921 εἴδη,
2444 2857 2555 2919 τοῖς
2584 2856 2684 2926 μὲν
2716 2857 2864 2926 τρισὶ
2896 2858 3068 2930 φαίνῃ
3103 2858 3168 2928 δὴ
3207 2858 3301 2911 καὶ
3330 2859 3493 2921 αὐτος
3537 2859 3852 2929 χρώμενος,

2271 2948 2350 3017 τῷ
2378 2948 2595 3018 τελικῷ,
2630 2950 2725 3002 καὶ
2776 2948 2855 3017 τῷ
2886 2949 2983 3019 τῆς
3014 2951 3289 3020 κινήσεως
3329 2952 3563 3022 ἀρχικῷ,
3621 2953 3717 3006 καὶ
3772 2950 3855 3019 τῷ

2276 3040 2464 3111 ὑλικῷ,
2498 3039 2576 3110 τῷ
2604 3042 2659 3094 δέ
2689 3058 2754 3108 γε
2810 3040 2980 3110 λοιπῷ
3011 3040 3088 3111 τῷ
3146 3040 3333 3111 εἰδικῷ
3365 3042 3425 3095 οὑ
3451 3043 3592 3094 πάνυ
3624 3059 3730 3098 τοι.
3790 3045 3853 3095 Εἰ

596 3132 707 3183 Deo
740 3145 956 3184 summo
982 3131 1471 3201 antiquissimoque
1504 3150 1697 3188 omnes
1738 3137 1980 3188 omnium
2012 3136 2166 3189 cade-

2274 3133 2383 3202 γάρ
2418 3150 2500 3186 τοι
2527 3132 2641 3186 τῶν
2674 3133 2951 3202 αἰσθητῶν
2985 3134 3203 3203 ἑκάστῳ
3237 3133 3452 3201 φύσεως
3500 3126 3643 3197 εἶδος
3702 3134 3854 3188 τοῦτ’

592 3222 754 3278 stium
787 3223 998 3278 orbium
1020 3233 1198 3279 motus
1223 3224 1599 3294 assignaverit,
1619 3228 1709 3282 sed
1731 3228 1893 3282 alium
1922 3227 2164 3295 singilla-

592 3313 686 3366 tim
737 3314 824 3367 alii
877 3315 1210 3370 motui?aut
1250 3326 1399 3372 certe
1451 3317 1640 3388 liquet,
1679 3321 1857 3388 ipsum
1885 3320 2163 3389 dignitatis

589 3405 875 3473 cujusdam
908 3409 1101 3476 gratia,
1154 3409 1357 3478 plures,
1392 3412 1739 3480 sempiternis
1772 3412 1879 3466 illis
1908 3410 2165 3466 essentiis

590 3510 714 3550 cum
770 3497 878 3551 sint
928 3498 1130 3566 plures,
1186 3492 1489 3570 praefecisse
1545 3512 1949 3572 propagatores,
2000 3512 2166 3571 atque

594 3586 753 3641 lateri
805 3588 949 3656 ipsos
979 3580 1214 3659 aliquam
1247 3592 1471 3647 omnino
1500 3591 1710 3647 illarum
1747 3608 1867 3647 esse
1893 3607 2115 3647 causam
2141 3592 2164 3645 Τ

595 3679 703 3733 Aut
740 3690 883 3734 certe
920 3682 1062 3751 quod
1117 3682 1380 3754 imagines
1437 3685 1709 3752 putaverit
1759 3685 2165 3754 propagatrices

597 3771 680 3827 sui
712 3773 970 3841 ipsarum,
1020 3789 1201 3845 neque
1231 3776 1374 3828 enim
1416 3777 1466 3829 id
1502 3777 1727 3831 omnino
1777 3783 1926 3831 esset
1958 3763 2167 3830 'incon-

598 3875 943 3930 sentaneum,
998 3881 1123 3919 cum
1172 3867 1463 3921 habuerint
1511 3868 1615 3922 illae
1669 3883 1767 3922 sua
1810 3867 2163 3936 exemplaria.

596 3958 770 4025 Atque
805 3962 907 4012 hoc
945 3959 1164 4024 quidem
1206 3960 1367 4012 modo
1399 3960 1559 4011 etiam
1599 3959 1686 4013 ille
1728 3960 2016 4013 sententiae
2048 3959 2167 4014 Pla-

597 4047 791 4098 tonica:
848 4047 913 4099 de
961 4046 1101 4100 ideis
1142 4047 1490 4100 subscribere
1540 4047 1835 4111 videretur,
1871 4056 1925 4101 et
1964 4056 2167 4102 nostrae

597 4134 733 4199 parti
774 4134 1043 4201 accipere.
1090 4132 1246 4187 Nunc
1292 4142 1474 4187 autem
1526 4144 1676 4188 certo
1705 4145 1937 4199 constat,
1985 4137 2164 4206 ipsum

598 4240 708 4277 non
740 4224 946 4278 sentire
976 4223 1214 4291 aliquam
1247 4237 1369 4279 esse
1402 4224 1615 4276 illarum
1648 4238 1867 4278 causam
1892 4224 2168 4280 deductri-

598 4330 742 4377 ccm,
798 4313 891 4368 sed
926 4322 978 4367 et
1007 4315 1107 4367 hoc
1141 4315 1302 4368 modo
1344 4313 1464 4368 illas
1496 4324 1549 4369 et
1598 4314 1754 4381 tales,
1786 4315 1971 4384 quales
2016 4328 2164 4384 sunt,

596 4420 627 4459 ιι
659 4405 851 4474 seipsis
885 4416 1205 4475 propagatas
1254 4406 1457 4460 moveri
1486 4415 1690 4459 tantum
1743 4407 1810 4462 ad
1862 4408 2023 4464 linem
2064 4408 2165 4463 ali-

597 4511 784 4565 quem,
825 4505 876 4549 et
911 4497 1086 4564 ipsum
1138 4494 1332 4551 Deum.
1390 4497 1459 4551 At
1518 4496 1684 4564 enim,
1737 4499 1934 4569 inquit,
1983 4514 2166 4569 neque

598 4587 663 4642 ad
718 4589 1000 4642 scientiam
1051 4588 1277 4642 aliarum
1329 4604 1507 4644 rerum
1536 4590 1829 4659 quidquam
1894 4594 2171 4661 prosunt?

602 4697 779 4748 neque
830 4681 975 4735 enim
1033 4680 1164 4749 ipsae
1216 4690 1344 4736 sunt
1403 4682 1641 4736 essentia
1701 4683 1939 4748 illarum,
1989 4694 2171 4739 essent

601 4774 744 4827 enim
780 4773 831 4825 in
862 4772 966 4825 illis
1018 4773 1174 4839 ipsis,
1231 4786 1405 4840 neque
1462 4772 1707 4840 easdem,
1745 4782 1805 4827 ut
1858 4774 1967 4828 sint
2017 4775 2173 4844 quid-

556 4891 559 4894 ‹
600 4878 762 4932 quam
794 4862 1007 4931 juvant,
1034 4861 1297 4931 siquidem
1331 4865 1381 4916 in
1432 4862 1500 4918 iis
1534 4879 1641 4917 non
1688 4874 1817 4920 sunt
1841 4866 2042 4935 quibus
2086 4882 2174 4922 se-

603 4956 748 5021 ipsas
807 4954 1156 5021 participant.
1214 4952 1347 5018 Quis
1395 4953 1558 5022 igitur
1593 4955 1662 5007 de
1696 4955 1929 5025 imagine
1978 4958 2174 5014 melius

596 5045 863 5116 jndicabit
893 5046 915 5098 ἳ
941 5061 1118 5100 nonne
1153 5045 1199 5100 is
1256 5047 1348 5115 qui
1374 5046 1537 5100 etiam
1563 5047 1842 5115 exemplar
1882 5049 2043 5105 habet
2078 5066 2175 5105 co—

602 5134 853 5201 gnitum?
884 5149 1060 5202 neque
1120 5134 1263 5188 enim
1302 5135 1348 5188 is
1367 5136 1458 5204 qui
1486 5136 1762 5205 exemplar
1784 5153 1891 5192 non
1922 5142 2176 5210 cognovit

603 5222 794 5276 eodem
830 5223 988 5291 plane
1016 5225 1176 5277 modo
1224 5235 1558 5293 perspectam
1591 5236 1751 5297 atque
1785 5238 1967 5284 notam
2006 5232 2171 5285 habe-

604 5317 685 5369 bit
744 5316 1062 5385 imaginem,
1129 5332 1238 5384 quo
1295 5320 1452 5384 alter,
1510 5319 1602 5387 qui
1662 5320 1837 5388 ipsum
1898 5324 2174 5392 cognovit,

618 5411 883 5482 lnomodo
935 5419 1112 5464 autem
1154 5408 1273 5460 aliis
1326 5410 1392 5464 ad
1442 5412 1542 5465 hoc
1577 5422 1634 5465 ut
1676 5414 1806 5480 sint,
1848 5431 1953 5470 non
2005 5395 2177 5484 prosit

603 5504 906 5572 quippiam,
958 5512 1016 5557 ut
1063 5502 1276 5556 etiamsi
1334 5504 1386 5556 in
1446 5505 1551 5559 illis
1608 5504 1737 5574 ipsis
1777 5521 1886 5560 non
1936 5508 2027 5573 sit,
2082 5510 2175 5562 sed

606 5610 770 5647 causa
827 5603 1004 5647 tamen
1060 5595 1130 5647 sit
1179 5593 1439 5649 illorum?
1484 5597 1748 5651 Przeterea
1804 5598 2022 5667 inquit,
2060 5598 2175 5652 Non

608 5685 782 5736 solum
829 5700 1011 5738 rerum
1044 5686 1376 5740 sensibilium
1416 5691 1742 5757 exemplaria
1777 5700 1905 5743 sunt
1937 5691 2173 5758 species,

609 5774 702 5825 sed
745 5775 907 5828 etiam
956 5776 1325 5847 suiipsarum,
1363 5781 1504 5835 sicut
1532 5795 1702 5849 genus
1735 5796 1922 5835 carum
1971 5781 2177 5849 Specie-

2268 3218 2407 3275 εἷναί
2435 3239 2517 3275 σοι
2548 3222 2608 3276 τδ
2656 3222 2896 3277 τοιοῦτον
2934 3223 3103 3276 αἴτιον
3147 3224 3312 3287 δοκεῖ,
3363 3222 3521 3276 τοῦτο
3578 3225 3678 3293 μέν
3740 3241 3850 3278 που

2270 3314 2585 3382 σαφέστατα
2620 3314 2722 3368 οὐκ
2753 3314 2903 3367 ἐστιν
2946 3316 3140 3378 αῐτιον,
3165 3313 3281 3368 ἀλλ’
3326 3314 3486 3384 ἔργον
3546 3315 3613 3368 ἂν
3659 3316 3852 3385 ἐτέρου

2266 3422 2361 3457 του
2395 3407 2481 3475 εῐη
2504 3406 2681 3460 αίτίου
2708 3406 2800 3460 καλ⁵
2837 3407 3207 3475 ἀποτέλεσμα,
3270 3405 3456 3476 ὥσπερ
3509 3424 3614 3460 που
3672 3410 3771 3460 καὶ
3817 3410 3851 3476 ή

2267 3497 2481 3567 ἑκάστῳ
2518 3497 2617 3568 ῦλη
2650 3499 2751 3567 τῆς
2783 3498 2877 3551 τοῦ
2910 3500 3108 3561 παντὸς
3135 3498 3371 3568 οὐρανοῦ
3422 3498 3554 3568 ὕλης
3614 3500 3853 3567 ἀπόκρι-

2270 3590 2347 3661 μά
2375 3606 2433 3642 τε
2456 3592 2551 3643 καὶ
2600 3590 2973 3658 ἀποτέλεσμα.
3012 3588 3204 3658 Ἡμεῖς
3262 3588 3471 3658 μέντοι,
3507 3589 3715 3659 ἐροῦσι,
3766 3588 3848 3658 τῷ

2270 3681 2369 3750 μὲν
2400 3682 2616 3735 πάντων
2641 3681 2849 3751 βασιλεῖ
2882 3679 3001 3750 Θεῷ
3032 3680 3093 3733 τὸ
3117 3679 3329 3733 τελικόν
3351 3697 3407 3732 τε
3443 3682 3536 3733 καὶ
3559 3682 3852 3751 κράτιστον

2266 3774 2375 3826 τῶν
2406 3772 2601 3827 αἰτιῶν
2631 3772 2978 3837 ἀποδιδόντες
3002 3769 3163 3839 εἶδος,
3194 3771 3295 3825 οὐκ
3316 3773 3411 3826 ἐπὶ
3444 3776 3564 3835 ταῖς
3594 3775 3847 3844 κινήσεσι

2271 3864 2430 3934 μόνον
2459 3864 2595 3919 ἀλλά
2623 3866 2715 3918 καὶ
2740 3869 2857 3928 ταῖς
2881 3866 3089 3930 οὐσίαις
3142 3867 3234 3921 καὶ
3260 3867 3373 3930 τοῖς
3405 3865 3522 3923 οὖσι
3579 3871 3731 3923 πᾶσι.
3768 3868 3851 3921 Td

2266 3955 2310 4008 δ’
2338 3955 2453 4025 εἴδη
2496 3954 2668 4009 ταῦτα
2700 3956 3120 4027 παραδείγματα
3162 3963 3276 4023 τοῖς
3308 3961 3458 4015 οὖσιν
3494 3960 3848 4028 ἐφιστάντες,

2273 4046 2334 4099 τὸ
2366 4046 2421 4099 δέ
2444 4048 2543 4115 τῆς
2575 4048 2846 4117 κινήσεως
2887 4048 3115 4118 ἀρχικὸν
3150 4053 3215 4121 τῇ
3250 4052 3398 4122 ψυχῇ
3435 4054 3500 4121 τῇ
3546 4051 3700 4103 τοῦδε
3753 4050 3850 4102 τοῦ

2268 4138 2503 4208 οὐρανοῦ
2569 4140 2851 4211 ἡγουμένῃ
2877 4140 3264 4212 ἀπονέμοντες,
3303 4132 3398 4198 διαὶ
3441 4144 3501 4195 τὸ
3533 4142 3716 4196 ὑλικὸν
3785 4143 3849 4210 τῇ

2268 4229 2362 4283 τοῦ
2382 4230 2579 4292 παντὸς
2616 4230 2767 4283 τοῦδε
2790 4231 2885 4283 τοῦ
2914 4231 3146 4299 οὐρανοῦ
3191 4232 3316 4305 ὕλῃ,
3351 4233 3494 4287 οὕτω
3523 4233 3711 4302 πλήρη
3738 4234 3852 4293 τοῖς

2270 4321 2389 4375 οὖσι
2426 4321 2494 4373 τὰ
2521 4321 2629 4373 τῶν
2678 4320 2869 4375 αἰτιῶν
2922 4323 3040 4392 εῐδη
3079 4323 3433 4393 ἀποδίδομεν.
3495 4324 3683 4377 Ταῦτα
3756 4323 3855 4391 μέν

2270 4430 2373 4467 που
2402 4413 2452 4465 οί
2487 4412 2555 4464 τὰ
2578 4411 2691 4481 εῐδη
2736 4413 3007 4480 τιθέμενοι
3056 4414 3289 4484 φήσουσι
3348 4415 3418 4467 τά
3478 4413 3576 4483 μέν
3644 4413 3853 4465 ἑαυτῶν

2279 4505 2490 4575 συνῳδά
2517 4506 2639 4567 ταῖς
2697 4505 2993 4573 σφετέραις
3063 4504 3387 4559 ὑποθέσεσιν
3435 4506 3850 4575 ἀποφαίνοντες,

2288 4595 2631 4667 Ἀριστοτέλη
2662 4594 2808 4648 δέτά
2861 4596 2960 4665 μὲν
3011 4596 3477 4666 συκοφαντοῦντα,
3512 4598 3583 4650 τὰ
3612 4598 3657 4650 δ’
3703 4597 3856 4651 οὐδὲν

2278 4688 2626 4757 περαίνοντα,
2654 4686 2724 4739 τά
2745 4685 2801 4739 δέ
2828 4688 2924 4739 καὶ
2955 4688 3084 4757 περὶ
3108 4687 3175 4740 τά
3206 4688 3457 4757 μεγίστα
3488 4688 3855 4759 ἀμαθαίνοντα

2278 4779 2611 4848 ἐλέγχοντες.
2648 4778 2771 4840 Πῶς
2797 4778 2907 4846 γὰρ
2943 4780 3005 4831 οὗ
3039 4779 3166 4851 περὶ
3220 4779 3290 4833 τά
3346 4783 3581 4848 μέγιστα
3639 4779 3856 4849 ἀμαθὴς

2291 4870 2709 4939 Ἀριστοτέλης,
2756 4869 2967 4939 συχνῶν
2998 4886 3056 4922 τε
3085 4869 3259 4923 ἄλλων
3312 4863 3385 4924 ὧν
3443 4871 3654 4940 ἔφαμεν
3694 4870 3856 4923 ἕνεκα

2281 4963 2375 5015 καὶ
2403 4961 2637 5031 μάλιστά
2662 4978 2721 5013 τε
2748 4960 2842 5013 τοῦ
2868 4962 3125 5027 μέγιστου
3170 4961 3271 5030 τῆς
3303 4962 3409 5014 τῶν
3435 4962 3620 5015 ἀῐδίων
3660 4962 3856 5017 οὐσιῶν

2279 5054 2340 5106 οὐ
2372 5053 2732 5123 παραγωγῆς,
2768 5051 2875 5104 οὐδ’
2918 5052 3005 5118 ἐφ’
3067 5052 3185 5115 ἐνὸς
3223 5051 3333 5104 τῶν
3381 5054 3597 5107 πάντων
3644 5051 3739 5104 τοῦ
3793 5068 3854 5119 γε

2282 5145 2419 5200 εἶναι
2453 5146 2613 5197 ἕνεκα
2633 5144 2929 5211 ἀναφορᾶς,
2959 5143 3056 5212 οὐχ
3102 5142 3288 5213 ὥσπερ
3321 5144 3547 5197 Πλάτων
3579 5162 3638 5197 τε
3674 5144 3767 5197 καὶ
3807 5142 3854 5195 οί

2284 5238 2413 5305 περὶ
2472 5234 2735 5288 Πλάτωνα
2791 5234 2882 5287 τὸν
2911 5235 3130 5287 πάντων
3155 5234 3381 5303 βασιλέα
3410 5234 3543 5288 Θεὸν
3571 5238 3680 5298 τοῖς
3709 5233 3854 5288 οὖσιν

2283 5327 2633 5396 ἐφιστάντες,
2674 5324 2862 5380 τοῦτον
2897 5327 3233 5395 παραγωγόν
3257 5342 3316 5378 τε
3360 5325 3712 5395 παραγωγῶν
3763 5323 3854 5377 καὶ

2282 5418 2612 5488 δημιουργὸν
2638 5417 2989 5487 δημιουργῶν
3022 5412 3266 5480 άξοῦσιν
3305 5414 3444 5470 εἶναι
3471 5417 3623 5470 οὐδὲν
3649 5418 3731 5469 ὅτι
3759 5416 3855 5469 οὐκ

2283 5510 2372 5560 ἐπ’
2428 5509 2637 5562 ἐκεῖνον
2678 5510 3068 5579 ἀναφέροντες.
3115 5510 3352 5562 Κάκεῖνο
3399 5509 3454 5561 δὲ
3515 5510 3709 5578 ῥητέον
3768 5506 3857 5559 ἐπὶ

2285 5602 2473 5664 πᾶσιν,
2505 5602 2581 5664 ὡς
2616 5601 2841 5654 Πλάτων
2888 5601 2989 5670 μὲν
3038 5602 3147 5655 τῶν
3191 5601 3297 5669 πρὸ
3367 5601 3531 5653 αὑτοῦ
3584 5603 3696 5664 τοῖς
3760 5600 3852 5669 μὲν

2286 5694 2569 5761 ἑπόμενος,
2602 5694 2712 5755 τοῖς
2737 5692 2780 5743 δ’
2809 5692 3114 5759 ἀντιλέγων
3147 5693 3425 5760 φαίνεται.
3472 5692 3849 5761 Ἀριστοτέλης

2285 5786 2341 5838 δὲ
2388 5786 2550 5839 πᾶσιν
2600 5782 3011 5853 ἐναντιούμενος
3057 5786 3149 5837 καὶ
3194 5785 3399 5848 πάντας
3462 5783 3717 5853 κολούων,
3761 5782 3848 5835 καὶ
