4186 6290
380 351 498 415 929

1075 353 1172 412 DE
1196 353 1623 417 PLATONICA
1658 355 1754 416 ET
1782 356 2339 419 ARISTOTELICA
2378 356 2938 419 PHILOSOPHIA.

3530 359 3637 422 930

371 461 485 516 οὐδ’
525 462 589 515 ἂν
620 461 726 512 τῶν
758 478 867 515 τισι
893 448 1004 515 τῶν
1065 465 1333 534 πρότερον
1394 466 1703 536 εἰρημένων
1744 485 1947 537 κεχρη-

2059 466 2153 535 tali
2185 474 2427 537 tempore
2476 467 2689 522 adesse.
2742 465 2920 536 Atque
2968 465 3049 521 sic
3087 480 3173 522 res
3224 465 3491 536 ejusmodi
3517 442 3636 536 qua:

375 558 539 622 μένος
560 552 669 620 εἴη,
702 552 920 620 ἑνδηλός
953 555 1071 606 ἐστι
1102 557 1204 608 κάν
1233 556 1445 619 τούτοις
1482 558 1545 610 οὐ
1578 558 1721 612 πάνυ
1763 558 1952 627 βουλό-

374 660 539 711 μενος
586 643 821 711 φανερὸς
856 639 995 698 εἶναι
1024 646 1236 716 ἑτέροις
1269 647 1589 716 εἰρημένοις
1644 647 1952 719 χρώμενος’,

371 736 513 788 πάνυ
540 734 854 801 σοφιστικὸν
908 735 1066 789 τοῦτο
1099 736 1270 789 ποιῶν
1300 740 1396 791 καὶ
1432 739 1722 807 φιλοσόφου
1750 740 1953 810 τρόπου

371 824 822 894 ἀλλοτριώτατον,
853 822 967 880 οἷον
988 831 1081 881 καὶ
1101 831 1276 882 έκεῖνο
1301 829 1469 884 αὑτοῦ
1496 830 1556 883 τὸ
1600 831 1693 884 ἐπὶ
1724 831 1952 903 τελευτῇ

369 915 480 971 τῶν
513 916 749 983 λογικῶν
777 918 1073 989 αὐχοῦντός
1102 937 1160 973 τε
1186 922 1261 983 ὡς
1292 921 1354 974 τὸ
1403 923 1512 975 πᾶν
1543 923 1710 975 αὐτοῦ
1740 922 1824 993 εἴη
1856 924 1955 994 τῆς

375 1009 601 1079 μεθόδου
632 1009 836 1079 ταύτης
896 1011 992 1063 καὶ
1029 1012 1352 1078 ἐπάγοντος,
1381 1006 1457 1076 ὡς
1482 1013 1685 1084 ταύτης
1713 1015 1816 1085 τῆς
1859 1032 1955 1086 με·

372 1102 526 1155 θόδου
563 1104 626 1157 οὐ
653 1104 711 1157 τὸ
741 1103 842 1171 μὲν
868 1098 956 1173 ἦν,
984 1104 1044 1157 τὸ
1063 1104 1108 1157 δ’
1137 1108 1236 1158 οὐκ
1256 1100 1345 1175 ἦν,
1371 1106 1508 1161 ἀλλὰ
1544 1107 1825 1169 παντελῶς
1856 1107 1956 1159 οὐκ

370 1190 458 1264 ἦν.
511 1197 620 1248 Καὶ
672 1194 846 1248 ταῦτα
915 1196 1181 1266 Ἀρχύτου
1238 1214 1299 1250 τε
1365 1199 1471 1269 πρὸ
1534 1198 1701 1252 αὑτοῦ
1760 1199 1954 1267 λογικὰ

376 1284 846 1353 συγγεγραφότος,
878 1279 954 1338 ὧν
1011 1304 1121 1338 τισι
1152 1287 1246 1339 καὶ
1295 1288 1457 1350 αὐτὸς
1517 1287 1809 1357 κέχρηται,
1858 1290 1954 1341 καὶ

387 1378 675 1439 Πλάτωνος
703 1376 867 1429 αὐτοῦ
895 1375 1057 1428 τοῦτο
1082 1376 1181 1445 μὲν
1206 1376 1314 1429 ¹τῶν
1360 1376 1595 1443 λογικῶν
1628 1376 1801 1444 ἀρχὰς
1849 1393 1954 1428 πα-

377 1469 706 1538 ραδιδόντος,
735 1467 893 1521 τοῦτο
923 1467 979 1520 δὲ
1011 1465 1289 1536 πανταχοῦ
1317 1472 1429 1530 τοῖς
1473 1467 1653 1534 λόγοις
1687 1467 1787 1519 οὐκ
1819 1469 1952 1523 ἄνευ

371 1560 576 1628 τέχνης
600 1557 909 1628 χρωμένου,
946 1558 1041 1611 καὶ
1070 1556 1245 1626 λόγων
1276 1558 1501 1629 μέθοδον
1531 1558 1823 1621 καλοῦντος
1877 1561 1955 1623 ὡς

291 1631 310 1651 ’
372 1650 541 1704 οὖσαν
568 1667 631 1717 γε
660 1651 780 1718 οὐχὶ
817 1650 891 1719 μὴ
932 1648 1097 1703 οὖσαν
1127 1649 1247 1703 οὐδὲ
1280 1650 1356 1713 ὡς
1380 1650 1591 1704 οὐδέπω
1624 1649 1950 1720 εὑρημένην

375 1741 515 1793 ἀλλὰ
538 1741 634 1793 καὶ
657 1743 798 1795 πάνυ
831 1742 894 1810 δὴ
925 1743 981 1794 ὲν
1012 1742 1211 1811 χρήσει
1239 1739 1425 1796 οὖσαν.
1462 1744 1527 1795 Τί
1550 1738 1643 1796 οὗν
1696 1744 1764 1796 ἂν
1817 1743 1950 1812 φαίη

2057 557 2317 626 quidem,
2388 559 2434 612 si
2492 558 2588 612 uni
2660 557 2945 626 eidemque
2992 557 3264 613 diceretur
3299 560 3638 626 contingere,

2059 659 2119 703 ut
2169 650 2334 705 unius
2387 648 2738 718 eiusdemque
2798 658 2943 704 esset
3004 658 3060 702 ct
3111 650 3289 719 imago
3338 660 3389 704 et
3444 666 3631 706 exem-

2056 740 2220 810 plar,
2288 750 2401 793 tum
2472 750 2617 795 certe
2682 740 2977 796 absurdum
3017 740 3137 804 .boc
3194 751 3359 802 esset,
3411 750 3465 796 et
3531 743 3628 795 mi-

2054 832 2202 887 nime
2219 830 2412 886 rationi
2435 838 2888 897 consentaneum,
2911 841 3165 900 tanquam
3194 834 3240 887 si
3265 847 3433 886 unum
3466 833 3633 887 idem-

2055 937 2162 992 que
2230 924 2441 978 dicatur
2498 937 2620 977 esse
2676 937 2783 977 una
2840 923 3140 992 eademque
3212 938 3273 977 re
3332 924 3498 978 simul
3579 933 3634 979 et

2056 1014 2233 1083 majus
2267 1022 2320 1070 et
2348 1014 2529 1069 minus
2563 1031 2577 1068 :
2616 1029 2761 1069 nunc
2789 1024 2970 1069 autem
3012 1014 3142 1084 quid
3176 1015 3430 1084 prohibet
3464 1032 3632 1070 unum

2055 1102 2312 1171 idemque
2378 1102 2606 1158 alterius
2663 1118 2786 1158 esse
2839 1103 3160 1174 imaginem,
3216 1105 3441 1161 alterius
3502 1121 3631 1160 vero

2054 1193 2371 1264 exemplar?
2404 1193 2597 1248 Annon
2634 1204 2826 1249 statuae
2860 1195 3165 1265 cujuspiam
3193 1213 3314 1267 qua:
3344 1198 3457 1267 ipsa
3493 1213 3635 1267 quo-

2055 1300 2161 1354 que
2185 1286 2362 1355 imago
2387 1296 2492 1349 est,
2527 1285 2685 1339 aliam
2715 1288 2839 1341 item
2864 1287 3154 1358 imaginem
3189 1289 3362 1357 pictor
3391 1290 3636 1344 etne-iet?

2055 1372 2123 1426 Et
2147 1388 2323 1427 nonne
2351 1374 2593 1442 ejusdem
2648 1386 2841 1431 stature
2868 1377 2920 1432 in
2955 1393 3094 1447 aqua
3126 1380 3478 1434 simulacrum
3527 1381 3633 1435 alin

2054 1464 2199 1533 quod
2226 1464 2516 1518 reddetur?
2547 1466 2723 1536 Atque
2757 1469 2871 1523 haec
2909 1471 3124 1538 quidem
3174 1470 3475 1538 impostura
3506 1470 3634 1523 Ari-

2055 1555 2267 1611 stotelis
2300 1565 2384 1610 est
2436 1556 2780 1624 huiusmodi.
2811 1559 3180 1616 Transeamus
3207 1576 3334 1615 vero
3370 1563 3437 1616 ad
3467 1563 3629 1618 aliam

2057 1645 2226 1714 ipsius
2252 1648 2542 1701 rationem.
2578 1649 2867 1715 l’razterea,
2903 1650 3096 1718 inquit,
3128 1652 3343 1705 etiamsi
3376 1654 3482 1706 sint
3514 1668 3637 1723 spe-

2056 1737 2189 1795 cies.
2220 1753 2322 1792 non
2359 1749 2537 1793 tamen
2574 1739 2709 1793 ﬁunt
2737 1754 2800 1794 ea
2834 1757 2955 1811 quae
2982 1742 3138 1808 ﬁunt,
3173 1744 3277 1799 nisi
3310 1744 3381 1798 sit
3407 1744 3634 1813 aliquid,

375 1850 499 1900 τιςλ
531 1835 633 1887 οὐκ
656 1833 783 1897 ἄξια
809 1835 875 1887 τὰ
900 1833 1301 1903 Ἀριστοτέλους
1334 1834 1511 1904 βιϐλία
1540 1834 1806 1902 μετιέναι;
1838 1835 1949 1887 Καὶ

2059 1830 2201 1899 quod
2231 1839 2467 1886 moveat.
2494 1830 2558 1885 Et
2585 1832 2751 1885 multa
2786 1834 2920 1886 ﬁunt
2973 1833 3100 1899 alia,
3133 1844 3191 1889 ut
3223 1835 3416 1890 domus
3441 1846 3494 1890 et
3534 1850 3636 1889 an-

379 1924 544 1986 πάνυ,
562 1923 668 1977 τῶν
682 1940 742 1989 γε
763 1924 819 1976 ἐν
837 1923 1018 1985 αὐτοῖς
1036 1923 1319 1992 χρησίμων
1342 1923 1524 1987 ἕνεκα,
1543 1923 1751 1980 εἰδότας
1768 1924 1953 1991 μέντοι

375 2016 455 2078 ὡς
483 2014 649 2082 συχνὰ
678 2013 859 2076 αὐτοῖς
889 2017 981 2066 καὶ
1014 2014 1194 2082 φαῦλα
1224 2013 1722 2088 ὲγκαταμέμικταιυ

380 2127 523 2176 rum,
561 2126 681 2178 qua:
717 2098 908 2165 rursus
952 2111 1129 2164 locum
1190 2110 1439 2166 obtinent
1480 2110 1716 2178 generis.
1749 2109 1824 2163 Ita
1854 2114 1857 2117 ’
1885 2122 1949 2162 ea

378 2217 501 2271 qua:
537 2217 678 2256 nunc
700 2202 844 2257 dicta
878 2212 1027 2268 sunt,
1061 2217 1168 2257 non
1203 2210 1381 2256 autem
1408 2211 1626 2271 propter
1656 2202 1801 2270 ipsas
1825 2214 1955 2268 spe-

379 2293 515 2348 cies.
543 2293 645 2348 Sed
683 2309 750 2347 ne
776 2294 877 2348 ista
899 2293 1115 2361 quidem
1152 2292 1189 2347 ii
1220 2293 1310 2361 qui
1341 2293 1550 2361 species
1581 2293 1952 2355 constituunt,

381 2384 817 2447 concedentsine
838 2386 953 2439 suis
972 2384 1372 2453 exemplaribus
1397 2384 1507 2437 fieri
1540 2382 1755 2438 etiamsi
1777 2399 1871 2452 per
1896 2397 1955 2437 se

382 2489 493 2530 non
532 2474 850 2530 consistant.
884 2475 1044 2529 Fiunt
1072 2476 1213 2529 enim
1255 2490 1347 2545 per
1379 2475 1489 2537 illa,
1521 2490 1640 2546 quae
1671 2476 1725 2529 in
1755 2475 1955 2530 animis

382 2565 719 2637 singulorum
748 2566 1002 2634 opiﬁcum
1035 2575 1193 2620 antea
1218 2576 1345 2620 sunt
1372 2575 1658 2635 concepta,
1684 2566 1956 2634 exempla-

387 2656 489 2710 ria.
524 2654 642 2727 (Gr.
671 2656 768 2709 col.
796 2656 900 2711 925
923 2655 986 2726 C)
1011 2656 1235 2726 Oportet
1257 2666 1461 2722 autem,
1488 2657 1691 2719 dicent,
1710 2658 1956 2710 ctiamca

364 2762 507 2819 qua:
534 2757 725 2801 natura
747 2747 878 2802 ﬁunt
905 2762 1008 2801 non
1032 2748 1206 2803 solum
1226 2763 1331 2802 non
1355 2749 1639 2804 deterioris
1662 2762 1837 2802 causa:
1855 2762 1953 2802 usu

386 2838 816 2907 ministerioque,
845 2853 1006 2908 quam
1040 2839 1336 2894 artiﬁciosa
1366 2839 1556 2895 isthmc
1590 2838 1732 2902 ﬁeri,
1767 2844 1862 2892 sed
1888 2851 1955 2892 ne

383 2931 611 3000 aequalis
637 2931 885 3001 quidem,
922 2931 1033 2986 imo
1062 2932 1263 3001 potius,
1294 2948 1415 3002 quas
1464 2941 1593 2988 sunt
1623 2931 1957 3000 prmstantis-

385 3025 540 3079 sima:
581 3024 826 3079 melioris
869 3024 1032 3080 etiam
1068 3040 1248 3080 causae
1287 3041 1385 3080 usu
1433 3027 1627 3082 conﬁci
1660 3031 1958 3081 consenta-

385 3131 573 3170 neum.
608 3115 757 3184 «Sed,
792 3116 936 3171 dicet
996 3115 1226 3172 forsitan
1280 3117 1622 3181 Aristoteles,
1664 3118 1719 3171 in
1778 3125 1959 3170 mente

2056 1922 2239 1985 nulns,
2283 1936 2517 1989 quorum
2546 1937 2666 1977 esse
2696 1924 2909 1991 species
2942 1935 3162 1994 negant,
3200 1935 3258 1979 ut
3297 1927 3369 1980 ita
3411 1928 3478 1981 sit
3511 1942 3631 1995 per-

2053 2015 2325 2081 spicuum,
2393 2012 2559 2068 licere
2608 2014 2773 2068 etiam
2828 2014 2916 2069 illa
2968 2030 3202 2085 quorum
3263 2032 3386 2072 esse
3441 2019 3632 2073 dicunt

2057 2109 2205 2164 ideas
2236 2117 2290 2164 et
2319 2124 2441 2165 esse
2471 2117 2525 2164 et
2554 2109 2668 2165 ﬁeri
2698 2112 2896 2167 talibus
2931 2112 2998 2166 de
3030 2114 3235 2178 causis,
3282 2114 3349 2168 de
3378 2114 3634 2183 qualibus

2056 2202 2380 2257 naturaliter
2445 2202 2582 2256 ﬁun‘t
2635 2212 2799 2268 atque
2833 2218 2863 2257 a
2891 2204 3006 2258 sole
3054 2203 3272 2272 penitus
3306 2220 3415 2258 non
3454 2206 3636 2260 absol-

2053 2302 2278 2356 vuntur,
2308 2308 2374 2347 ne
2400 2308 2430 2348 a
2462 2294 2655 2363 seipsis
2703 2295 2924 2365 quidem
2962 2296 3344 2364 perﬁciuntur.
3415 2296 3630 2352 Nullam

2057 2385 2201 2439 enim
2241 2385 2542 2453 potentiam
2568 2388 2621 2441 in
2659 2395 2840 2442 actum
2888 2389 3180 2456 procedere
3209 2389 3313 2443 nisi
3356 2390 3425 2443 ab
3459 2390 3634 2444 altero

2057 2476 2312 2545 quopiam
2341 2486 2463 2531 actu
2493 2477 2795 2546 vifquadam
2832 2479 3203 2547 protrndatur,
3231 2495 3407 2549 neque
3441 2496 3631 2538 rursus

2058 2568 2110 2621 id
2138 2568 2280 2636 quod
2313 2569 2427 2621 sola
2467 2568 2517 2623 vi
2554 2568 2755 2623 latente
2777 2570 2891 2624 sive
2920 2572 3163 2643 potentia
3189 2572 3497 2627 absolutum
3526 2585 3631 2636 est,

2059 2656 2112 2710 id
2142 2657 2305 2711 etiam
2340 2658 2517 2727 reipsa
2545 2658 2855 2714 absolutum
2893 2664 3143 2723 evadere,
3180 2662 3287 2716 nisi
3320 2664 3388 2718 ab
3452 2666 3627 2719 altero

2060 2749 2337 2817 quopiam,
2373 2752 2520 2819 quod
2567 2752 2639 2806 sit
2667 2751 2845 2820 reipsa
2873 2752 3186 2820 perfectius,
3221 2765 3628 2823 promoveatur.

2062 2837 2156 2893 llis
2182 2839 2249 2893 de
2271 2841 2452 2896 causis
2479 2857 2600 2909 nos,
2632 2842 2746 2911 (Gr.
2778 2844 2881 2898 col.
2911 2844 3015 2899 928
3049 2845 3115 2912 A)
3149 2846 3419 2915 inquient,
3451 2858 3632 2903 actum

2061 2928 2237 2997 illum,
2263 2947 2373 3000 quo
2433 2935 2555 2987 talia
2585 2944 2713 2989 tunc
2751 2937 2929 2992 solent
2968 2938 3178 3005 perﬁci,
3207 2939 3491 3008 speciebus
3527 2940 3639 2995 illis

2062 3032 2225 3090 atque
2248 3024 2673 3093 exemplaribus.
2712 3026 2903 3081 Et‘has
2925 3044 2951 3081 a
2982 3028 3146 3084 rebus
3172 3030 3520 3086 sensibilibus
3545 3047 3638 3087 se-

2064 3124 2280 3181 paratas
2320 3116 2530 3184 species
2560 3116 2811 3171 bifariam
2854 3119 3270 3188 distinguentes,
3308 3130 3421 3177 tum
3457 3122 3512 3177 in
3547 3137 3639 3178 cas

384 3208 517 3263 solis
563 3207 726 3262 etiam
780 3206 1030 3270 istarum,
1092 3223 1211 3273 qua:
1270 3217 1591 3267 nascuntur,
1627 3207 1957 3275 exemplaria
1989 3204 2031 3263 C
2063 3219 2185 3272 quae
2212 3218 2307 3271 per
2344 3218 2404 3259 se
2430 3206 2495 3259 ad
2523 3205 2801 3261 efﬁcienda
2824 3222 2989 3275 Opera
3013 3219 3142 3263 sunt
3172 3212 3399 3275 idoneae,
3432 3221 3544 3266 tum
3581 3213 3637 3267 in

385 3301 678 3366 contineri,
709 3315 805 3355 nec
836 3299 959 3354 ullis
978 3308 1234 3369 praeterea
1270 3300 1509 3371 indigere
1530 3298 1957 3369 exemplaribus,

384 3408 508 3462 quae
534 3407 627 3460 per
661 3394 838 3462 Seipsa
869 3392 1196 3446 consistant.
1224 3392 1450 3448 Constat
1481 3391 1626 3447 enim
1654 3391 1722 3445 ab
1755 3390 1965 3443 Aristo-

386 3486 493 3541 tele
522 3485 692 3540 solem
726 3486 1094 3554 generationis
1140 3498 1330 3538 eorum
1368 3499 1488 3553 quae
1542 3482 1700 3549 ﬁunt,
1737 3495 1959 3535 causam

386 3576 667 3630 constitui.
700 3575 737 3629 li
771 3576 952 3647 igitur,
984 3575 1078 3645 qui
1102 3577 1310 3642 species
1332 3574 1673 3629 constituunt
1698 3572 1960 3626 adversus

387 3667 517 3736 ista,
540 3667 645 3723 hoc
666 3666 865 3732 dicent,
897 3668 973 3721 lta
1000 3667 1240 3737 quidem,
1265 3667 1310 3720 si
1332 3666 1659 3731 videremus,
1690 3680 1722 3718 ο
1751 3664 1963 3718 Aristo-

386 3761 541 3827 teles,
568 3762 683 3814 haec
715 3759 1009 3815 artiﬁciosa
1039 3774 1068 3813 a
1101 3758 1215 3812 suis
1243 3757 1546 3813 artiﬁcibus
1577 3758 1766 3812 eodem
1800 3756 1963 3809 modo

389 3854 529 3919 ﬁeri,
560 3869 669 3924 quo
700 3853 788 3907 illa
823 3852 1090 3907 naturalia
1118 3865 1147 3905 a
1180 3850 1294 3904 sole
1326 3850 1643 3921 gignuntur,
1673 3858 1786 3902 tum
1825 3862 1959 3903 sane

386 3946 495 4001 tuis
526 3945 703 3999 verbis
730 3944 886 3998 ﬁdem
933 3944 1259 3999 haberemus
1285 3958 1300 4008 ;
1330 3957 1474 3997 nunc
1505 3948 1684 3996 autem
1714 3942 1960 3996 videmus

386 4037 682 4091 artiﬁciosa
708 4036 916 4102 isthmc,
948 4036 1207 4105 quamdiu
1235 4044 1534 4105 praesentes
1568 4034 1769 4089 habent
1822 4036 1961 4089 arti-

387 4130 538 4195 ﬁces,
586 4129 654 4183 ab
706 4128 1010 4196 iisdemque
1066 4141 1226 4180 manu
1280 4124 1646 4193 attinguntur,
1697 4123 1964 4192 tantisper

383 4222 692 4291 proﬁcere,
744 4229 798 4274 et
858 4220 925 4274 ad
994 4218 1385 4289 perfectionem
1444 4218 1963 4285 absolutionemque

385 4327 539 4366 suam
579 4310 821 4374 tendere,
849 4309 995 4380 quod
1020 4309 1065 4364 si
1111 4307 1251 4364 forte
1298 4308 1573 4375 inchoata,
1629 4309 1962 4378 dimidiaque

386 4403 580 4459 saltem
611 4417 677 4457 ex
708 4410 860 4471 parte
910 4400 1181 4466 absoluta,
1216 4400 1600 4471 relinquantur
1632 4400 1701 4456 ab
1727 4400 1958 4455 artiﬁci-

2066 3295 2226 3358 alias,
2251 3295 2623 3364 qumidipsum
2663 3312 2769 3351 non
2830 3308 3062 3367 possunt
3125 3301 3398 3366 similiter,
3427 3303 3638 3369 priores

2065 3385 2187 3440 illas
2207 3386 2397 3439 harum
2424 3403 2605 3442 rerum
2631 3390 3086 3458 seinpiternarum
3110 3408 3233 3462 quae
3256 3398 3438 3449 sensui
3457 3397 3639 3464 subje-

2065 3486 2167 3531 cta:
2189 3484 2318 3532 sunt
2347 3492 2538 3532 causas
2573 3488 2629 3534 et
2650 3481 2974 3550 exemplaria
3006 3484 3429 3540 constituimus:
3476 3486 3638 3541 hasce

2064 3585 2192 3625 vero
2214 3572 2538 3642 posteriores
2565 3586 2747 3626 rerum
2772 3587 2893 3643 quae
2911 3575 2995 3627 hic
3013 3584 3147 3629 sunt
3165 3577 3632 3645 corruptibilium,

2064 3666 2237 3734 ipsius
2267 3664 2487 3735 quidem
2530 3665 2660 3721 solis
2688 3680 2789 3733 ope
2818 3667 3135 3736 auxilioque
3166 3668 3493 3738 indigentes,
3539 3672 3633 3740 qui

2065 3757 2197 3825 ipsis
2254 3756 2537 3811 materiam
2584 3757 2887 3824 admoveat,
2937 3756 3030 3812 ubi
3086 3772 3214 3812 vero
3263 3758 3541 3816 materiam
3601 3775 3632 3814 a

2065 3852 2179 3904 sole
2219 3848 2549 3919 acceperint,
2598 3849 2747 3919 ipsas
2796 3864 3016 3920 quoque
3069 3866 3165 3921 per
3206 3866 3266 3907 se
3310 3852 3417 3906 vim
3473 3869 3631 3909 exer-

2064 3950 2251 3997 centes
2294 3941 2349 3995 in
2397 3942 2563 3996 illam.
2606 3939 2795 4011 Neque
2836 3955 2966 3997 vero
3025 3957 3226 3997 novum
3277 3944 3634 4015 philosOphiaa

2066 4049 2237 4104 genus
2263 4032 2617 4103 linducimus,
2671 4035 2939 4105 inquient,
2990 4052 3165 4106 neque
3204 4051 3373 4093 novas
3414 4053 3633 4107 causas,

2065 4134 2126 4181 ut
2168 4136 2223 4180 tu
2263 4125 2422 4192 dicis,
2453 4136 2786 4191 scrutamur,
2829 4127 2923 4182 sed
2955 4143 3241 4184 causarum
3291 4132 3474 4199 potius
3522 4133 3637 4201 ple-

2064 4228 2197 4269 num
2226 4215 2647 4285 absolutumque
2672 4231 2962 4271 numerum
2990 4218 3156 4273 rebus
3180 4233 3300 4287 quae
3325 4228 3452 4274 sunt
3477 4222 3635 4275 attri-

2064 4305 2301 4372 buimus,
2368 4321 2530 4375 quem
2605 4317 2661 4360 tu
2736 4307 3118 4377 imperfectum
3197 4310 3639 4383 diminutumqne

2062 4396 2264 4450 reddis.
2300 4396 2433 4450 Cum
2469 4397 2614 4451 enim
2644 4406 2698 4450 tu
2728 4398 2854 4451 item
2888 4412 3085 4453 causas
3106 4398 3159 4453 in
3189 4410 3425 4468 quatuor
3440 4419 3635 4470 genera

386 4496 512 4560 bus,
548 4508 655 4547 non
678 4492 787 4563 jam
815 4493 1090 4561 acceptius
1120 4491 1421 4560 quidquam
1455 4492 1788 4561 promoveri,
1843 4501 1962 4545 tan-
1992 4530 2036 4586 Β
2065 4486 2294 4551 dividas,
2321 4487 2483 4541 trium
2519 4487 2735 4556 quidem
2764 4501 2928 4555 opera
2955 4488 3115 4543 etiam
3151 4490 3268 4557 ipse
3304 4493 3380 4545 uti
3410 4492 3635 4565 videris,

390 4601 554 4656 quam
604 4584 996 4640 auferentitus.
1057 4584 1258 4638 Eorum
1299 4593 1481 4639 autem
1537 4596 1714 4651 quaea
1762 4590 1960 4636 natura

391 4681 527 4732 fiunt
555 4677 810 4746 pleraque
836 4677 1084 4731 videmus
1113 4677 1275 4730 etiam
1344 4675 1634 4729 recedente
1676 4674 1788 4730 sole
1829 4674 1966 4729 nihil

391 4768 748 4823 nihilominus
774 4767 958 4837 perﬁci
1005 4775 1062 4822 et
1090 4767 1155 4822 ad
1187 4767 1585 4822 absolutionem
1650 4780 1804 4820 suam
1837 4779 1963 4834 pro-

388 4861 562 4930 gredi,
601 4860 652 4914 id
681 4856 825 4930 quod
852 4859 1087 4913 maxime
1119 4858 1171 4912 in
1207 4858 1273 4912 iis
1299 4865 1355 4911 et
1372 4857 1631 4911 arborum
1661 4865 1715 4911 et
1748 4855 1963 4924 frugum

386 4951 677 5021 generibus
701 4958 923 5019 apparet
956 4964 1077 5018 qua:
1130 4948 1240 5003 cito
1271 4947 1646 5003 absolvuntur.
1695 4946 1772 5002 Ea
1816 4961 1969 5000 nam-

384 5053 494 5108 que
525 5052 633 5091 non
666 5038 845 5091 minus
877 5046 1039 5090 noctu
1091 5050 1254 5103 quam
1323 5034 1570 5088 interdiu
1604 5032 1854 5087 videmus
1886 5032 1966 5085 in-

384 5136 718 5185 crementum
746 5127 992 5195 accipere
1015 5134 1181 5193 atque
1202 5124 1409 5194 perﬁci.
1446 5125 1595 5178 Illam
1622 5128 1807 5192 itaque
1832 5123 1964 5177 solis

385 5230 623 5275 mentem
659 5218 821 5282 hujus
880 5215 1256 5283 perfectionis,
1288 5231 1408 5284 quae
1440 5216 1530 5269 tali
1587 5216 1645 5268 ﬁt
1697 5225 1960 5283 tempore,

385 5326 496 5365 non
550 5323 710 5379 posse
753 5322 973 5361 causam
1040 5306 1325 5369 constitui,
1371 5321 1546 5375 neque
1604 5306 1749 5359 enim
1799 5304 1961 5359 etiam

384 5401 770 5471 participantes
822 5398 942 5453 illas
993 5409 1198 5451 mentes
1230 5397 1347 5452 sine
1379 5399 1494 5453 suis
1529 5412 1650 5465 qua:
1682 5396 1791 5452 sibi
1833 5411 1967 5453 eon-

380 5492 567 5562 juncta
593 5489 813 5552 habent,
844 5487 1167 5555 corporibus
1198 5487 1494 5555 quidquam
1528 5485 1744 5542 efﬁcere
1792 5501 1964 5555 posse

387 5584 442 5636 in
476 5581 683 5651 reliqua
711 5595 961 5650 corpora.
993 5579 1221 5636 Cunctis
1255 5595 1399 5634 enim
1432 5581 1752 5649 corporibus
1778 5590 1832 5635 ct
1852 5584 1963 5636 situ

388 5674 570 5742 aliquo
593 5683 647 5727 et
676 5673 845 5740 ﬁgura
875 5688 1012 5742 opus
1049 5688 1193 5738 esse,
1228 5689 1298 5729 au
1338 5688 1401 5728 ea
1427 5688 1547 5743 qua!
1576 5682 1703 5729 sunt
1733 5689 1964 5741 passura

389 5764 613 5836 aliquid,
652 5765 844 5847 horum
877 5774 1057 5820 autem
1090 5765 1225 5821 nihil
1257 5765 1362 5822 soli
1421 5764 1491 5821 ad
1541 5765 1632 5821 illa
1684 5766 1956 5821 naturalia

2069 4588 2182 4634 tum
2221 4577 2420 4641 ﬁnalis,
2465 4586 2579 4631 tum
2612 4578 2729 4646 ejus
2753 4593 2873 4647 quae
2914 4578 3126 4632 initium
3152 4581 3400 4635 movendi
3433 4585 3637 4651 praebet

2067 4671 2383 4735 materialis,
2439 4669 2685 4725 formalis
2731 4679 2908 4725 autem
2943 4686 3063 4740 quae
3094 4672 3318 4742 ,reliqua
3356 4683 3460 4738 est,
3508 4690 3639 4729 nus-

2066 4778 2229 4833 quam
2276 4761 2521 4817 omnino.
2560 4760 2694 4815 Nam
2732 4763 2777 4816 si
2825 4761 3117 4831 cujuslibet
3162 4764 3238 4817 rei
3285 4767 3469 4819 sensui
3506 4767 3637 4821 sub-
3688 4789 3704 4805 ο

2063 4853 2223 4924 jeetae
2254 4852 2490 4921 speciem
2532 4852 2646 4907 sive
2675 4850 2930 4919 formam,
2961 4852 3228 4922 ejusmodi
3259 4869 3379 4909 esse
3411 4871 3632 4915 causam

2066 4944 2293 5007 dixeris,
2326 4944 2416 4997 illa
2442 4957 2574 4998 sane
2607 4942 3051 4999 manifestissime
3081 4959 3187 4998 non
3215 4952 3508 5011 estcausa,
3541 4948 3636 5002 sed

2067 5030 2289 5085 alterius
2310 5030 2612 5099 cujuspiam
2637 5044 2815 5083 causte
2840 5030 3065 5086 eifectus
3085 5032 3200 5085 sive
3219 5047 3375 5102 opus.
3392 5034 3502 5089 Nos
3519 5036 3639 5104 qui-

2066 5122 2433 5187 dem,dieent,
2462 5121 2612 5185 (ibid.
2632 5121 2692 5187 C)
2720 5123 2878 5177 linem
2899 5124 3258 5194 ipsum,quod
3285 5135 3368 5181 est
3394 5130 3635 5182 omnium

2066 5226 2357 5267 causarum
2420 5211 2930 5280 praestantissimum
2994 5228 3166 5282 genus
3221 5230 3329 5269 non
3390 5225 3635 5272 motuum

2066 5302 2264 5367 solum,
2290 5302 2384 5357 sed
2418 5302 2580 5356 etiam
2611 5303 2970 5357 essentiarum
2999 5314 3054 5359 et
3088 5305 3333 5362 omnium
3374 5323 3638 5377 quaecun-

2067 5409 2172 5463 que
2200 5402 2347 5456 sunt,
2381 5408 2599 5449 summo
2626 5394 2701 5449 illi
2734 5410 2914 5451 rerum
2947 5399 3165 5463 praesidi
3195 5407 3360 5468 atque
3393 5404 3498 5468 regi
3525 5398 3636 5453 Deo

2067 5486 2442 5552 attribuimus,
2473 5486 2686 5555 species
2710 5497 2890 5542 autem
2925 5489 3046 5544 illas
3077 5490 3191 5545 sive
3219 5491 3419 5543 formas
3454 5482 3635 5542 rerum

2065 5594 2185 5649 qua:
2201 5589 2328 5633 sunt
2350 5579 2680 5647 exemplaria
2703 5581 3085 5636 constituimus
3108 5596 3124 5646 ;
3152 5589 3207 5635 at
3241 5595 3463 5635 causam
3490 5578 3636 5633 illam

2064 5686 2184 5741 quae
2232 5671 2485 5747 movendi
2520 5671 2733 5725 initium
2764 5673 2991 5741 praebet,
3022 5673 3217 5725 anima:
3252 5672 3327 5725 illi
3352 5686 3473 5740 qua:
3509 5671 3638 5727 huic

2066 5763 2205 5820 ccelo
2244 5762 2495 5833 praelecta
2522 5772 2625 5829 est,
2652 5762 2982 5818 materialcm
3013 5761 3267 5828 denique,
3304 5764 3541 5818 materiae
3568 5776 3637 5818 ex
