4186 6290
596 368 698 434 931

1809 361 2142 423 GEORGII
2183 358 2624 422 PLETHONIS

3738 358 3842 421 93‘2

598 492 705 546 qua
726 476 1035 531 universum
1054 472 2175 541 hocconstatcoelum,assignamusmtque
2203 496 2247 552 Α
2274 473 2537 540 quosdam
2584 485 2649 525 ex
2696 470 2969 526 veteribus
3018 474 3290 533 secutum,
3336 469 3663 538 quibusdam
3714 487 3838 525 vero

598 574 677 620 stc
694 566 857 620 rebus
877 580 996 634 quae
1017 574 1139 619 sunt
1164 565 1315 633 plena
1339 563 1612 618 reddimus
1629 578 1825 632 genera
1848 577 2164 617 causarum.

599 655 747 709 Talia
790 656 971 724 itaque
1010 655 1191 709 dicent
1220 653 1337 724 (Gr.
1364 654 1465 707 col.
1488 654 1593 708 928
1627 653 1689 723 C)
1736 655 1772 707 ii
1827 656 1919 723 qul
1956 654 2167 723 species

597 748 937 801 constituunt
973 757 1321 801 occurrentes
1353 742 1752 816 objéctionibus
1784 745 2169 809 Aristotelicis,

598 838 687 892 ubi
726 854 859 893 sane
901 853 931 893 a
966 838 1083 893 suis
1113 839 1354 907 ipsorum
1387 838 1666 907 principiis
1699 851 1807 891 non
1844 838 2165 906 discrepant

597 930 917 997 quidquam,
961 930 1304 983 Aristotelem
1362 939 1545 983 autem
1597 930 1929 983 convincunt
1971 930 2166 997 partim

596 1019 905 1082 calumniis,
940 1019 1037 1085 uti,
1065 1020 1257 1086 partim
1284 1035 1403 1084 non
1428 1020 1480 1073 id
1506 1020 1772 1073 conﬁcere
1810 1021 1954 1087 quod
1988 1019 2163 1085 vellet,

596 1119 711 1164 tum
757 1112 995 1163 maxime
1046 1112 1222 1179 ipsum
1258 1111 1312 1164 in
1361 1112 1549 1166 multis
1597 1111 1962 1179 ignorantiam
2008 1124 2164 1165 suam

600 1200 849 1269 prodere.
895 1200 962 1253 Et
1008 1215 1242 1267 quanam
1277 1202 1495 1255 tandem
1548 1202 1755 1255 ratione
1791 1200 2168 1269 reprehensio-

598 1304 718 1342 nem
753 1289 1071 1355 ignorantiae
1099 1289 1320 1359 elfugiet
1344 1291 1665 1345 Aristoteles
1692 1292 1748 1344 in
1782 1295 1943 1347 rebus
1975 1293 2165 1345 maxi-

597 1379 701 1432 mis
732 1387 787 1433 et
832 1380 1019 1435 multis
1061 1380 1202 1443 aliis,
1229 1384 1362 1449 [quae
1387 1382 1502 1451 jam
1539 1384 1887 1437 recitarimus
1921 1392 1975 1437 et
2008 1398 2163 1436 cum-

596 1469 809 1537 primis,
864 1471 1010 1538 quod
1077 1473 1430 1541 sempiternis
1484 1475 1736 1528 essentiis
1786 1475 1902 1528 sive
1953 1476 2167 1529 naturis

597 1559 806 1612 nullum
881 1570 1160 1615 auctorem
1224 1563 1338 1617 sive
1418 1574 1829 1635 propagatorem
1900 1564 2164 1633 assignet,

597 1662 781 1717 neque
840 1650 965 1704 illas
1030 1666 1096 1705 ex
1169 1653 1424 1706 omnibus
1485 1654 1762 1723 cuiquam,
1823 1656 1970 1724 quod
2035 1656 2164 1719 sint,

599 1748 882 1808 acceptum
934 1739 1076 1794 ferre
1128 1743 1294 1795 velit?
1346 1745 1396 1797 id
1447 1744 1593 1812 quod
1651 1744 1803 1799 Plato
1857 1761 1963 1799 non
2015 1744 2162 1806 fecit,

2272 574 2381 613 non
2430 560 2709 615 assentiri.
2734 560 2803 612 At
2855 559 3190 622 Aristoteles,
3242 557 3369 612 licet
3410 558 3667 612 omnibus
3714 573 3837 626 pro~

2274 655 2482 708 miscue
2508 655 2871 720 contradicat,
2901 666 3204 722 omnesque
3228 652 3611 719 reprehendat,
3632 652 3834 705 nullum

2250 746 2451 801 tamen
2504 747 2768 811 nominat,
2802 745 2960 814 cujus
2990 758 3049 799 se
3084 737 3425 799 institutione
3446 743 3722 796 eruditum
3765 742 3839 795 la-

2273 844 2469 900 teatur,
2519 851 2586 890 ex
2634 850 2743 904 quo
2780 839 3031 905 iapparet
3077 839 3278 905 ,ipsum
3325 826 3383 889 se
3430 833 3674 888 omnium
3722 848 3842 902 qua:

2272 929 2493 996 scripsit
2525 926 2868 980 inventorem
2908 926 3148 980 Voluisse
3192 926 3382 986 videri,
3411 925 3463 977 id
3494 924 3638 991 quod
3683 924 3844 992 plane

2269 1027 2354 1074 est
2377 1018 2735 1085 sophisticum
2766 1026 2821 1073 et
2847 1019 3084 1071 alienum
3116 1029 3147 1069 a
3175 1014 3419 1068 moribus
3451 1014 3561 1066 veri
3594 1014 3841 1081 philoso-

2272 1110 2384 1179 phi,
2428 1126 2537 1179 quo
2567 1111 2731 1165 etiam
2764 1109 2893 1164 illud
2927 1108 3182 1177 pertinet,
3219 1105 3364 1174 quod
3406 1106 3459 1158 in
3497 1112 3602 1159 ttae
3643 1105 3845 1173 logico.

2271 1216 2392 1255 rum
2442 1203 2708 1270 gloriatur
2752 1216 2915 1254 suum
2950 1212 3075 1253 esse
3115 1207 3287 1251 totum
3314 1211 3450 1266 opus
3482 1198 3549 1251 de
3589 1197 3846 1251 methodo

2270 1291 2581 1356 dialectica,
2608 1299 2662 1345 et
2685 1292 2855 1355 addit,
2894 1289 3039 1343 illius
3068 1288 3307 1341 methodi
3343 1303 3449 1341 non
3474 1288 3587 1342 haec
3619 1287 3841 1357 quidem

2269 1393 2400 1448 pars
2431 1390 2549 1434 erat
2587 1381 2888 1450 explorata,
2918 1379 3007 1432 illa
3041 1392 3173 1431 vero
3221 1390 3330 1431 non
3374 1386 3510 1441 erat,
3567 1379 3660 1432 sed
3695 1380 3845 1433 nulla

2270 1483 2496 1538 prorsus
2524 1479 2660 1525 erat.
2700 1474 2769 1523 At
2811 1478 3028 1524 constat
3071 1469 3363 1538 Archytam
3395 1478 3520 1522 ante
3561 1469 3734 1537 ipsum
3769 1470 3849 1524 Io-

2270 1562 2445 1631 gicam
2498 1570 2669 1615 artem
2732 1560 3115 1625 contexuisse,
3180 1560 3335 1626 cujus
3386 1561 3675 1629 praeceptis
3730 1562 3849 1630 ipse
3926 1620 3933 1629 ,

2270 1652 2593 1705 Aristoteles
2647 1663 2779 1705 usus
2845 1649 2968 1712 fuit,
3025 1650 3160 1719 quin
3214 1651 3379 1704 etiam
3438 1650 3593 1703 Plato
3647 1652 3843 1719 partim

2273 1738 2538 1807 principia
2576 1737 3001 1807 disciplinarum
3044 1737 3342 1806 logicarum
3374 1738 3613 1802 tradidit,
3649 1739 3845 1805 partim

599 1843 775 1896 neque
825 1829 901 1882 illi
942 1830 1339 1899 quiPlatonem
1385 1844 1711 1902 sequuntur,
1749 1835 1840 1902 qui
1882 1836 2161 1899 nimirum,
2198 1847 2239 1901 Β
2269 1832 2437 1885 etiam
2484 1831 2553 1883 iis
2609 1830 2745 1899 ipsis
2789 1844 2897 1884 non
2945 1830 3064 1884 sine
3108 1838 3225 1883 arte
3262 1829 3317 1882 in
3349 1831 3465 1884 suis
3514 1832 3733 1900 scriptis
3763 1840 3850 1888 est

597 1914 898 1983 principem
943 1917 1091 1970 illum
1143 1920 1502 1989 omniumque
1549 1938 1729 1990 regem
1782 1923 1949 1978 Deum
2007 1927 2171 1978 rebus

599 2018 725 2070 quae,
766 2015 897 2058 sunt
938 2008 1316 2075 praelicientes,
1358 2009 1503 2065 hunc
1549 2011 1725 2079 ipsum
1760 2015 2003 2067 omnium
2037 2016 2173 2069 alio-

600 2109 745 2158 rum,
791 2112 913 2162 qua:
944 2099 1152 2165 pOSsiut
1181 2099 1385 2169 aliquid
1418 2116 1679 2170 generare
1721 2113 1929 2173 patrem
1957 2114 2012 2158 et
2046 2119 2173 2174 pro-

598 2194 901 2239 crestorem
931 2190 1176 2243 omnium
1209 2205 1549 2260 qua‘cunque
1577 2193 1805 2247 consilio
1836 2204 1987 2247 ccrto
2011 2195 2171 2263 quip-

599 2273 745 2341 piam
785 2274 1020 2331 elliciant
1057 2279 1397 2334 conditorem
1435 2290 1597 2350 atque
1625 2282 1931 2337 eﬂ'ectorem
1963 2286 2169 2338 consti-

602 2373 778 2431 tuunt,
822 2367 1064 2436 nihilque
1112 2371 1269 2437 plane
1309 2386 1525 2437 eorum,
1592 2390 1713 2443 quae
1758 2385 1907 2439 sunt,
1944 2392 2050 2430 non
2100 2377 2168 2430 ad

600 2454 752 2510 illum
780 2458 1039 2513 referunt.
1075 2461 1210 2516 illud
1239 2477 1454 2533 quoque
1480 2466 1702 2519 silentio
1752 2469 2171 2537 pratermittere

601 2561 708 2602 non
758 2563 982 2617 passum
1031 2549 1312 2635 Platonem
1353 2555 1408 2607 in
1459 2556 1680 2625 scriptis
1736 2558 1853 2613 suis
1896 2558 2051 2612 lateri
2109 2574 2171 2614 se

620 2769 3682 2795 mw“-

2273 1936 2430 1986 usus,
2461 1931 2513 1975 et
2546 1932 2720 1976 artem
2753 1922 2984 1991 logicam
3017 1928 3174 1974 vocat
3206 1929 3464 1990 tanquam
3500 1922 3846 1991 exploratam

2272 2016 2365 2069 sed
2421 2012 2662 2071 nonduin
2712 2014 3076 2081 exploratam,
3133 2025 3311 2080 neque
3354 2022 3532 2065 tamen
3583 2022 3846 2082 tanquam

2274 2119 2503 2175 prorsus
2537 2120 2646 2158 non
2680 2104 2955 2157 inventam
2981 2103 3074 2155 sed
3099 2101 3211 2171 jam
3248 2103 3472 2155 omnino
3503 2103 3557 2155 in
3593 2117 3693 2158 usu
3726 2117 3852 2159 ver-

2270 2209 2503 2252 santem.
2551 2195 2691 2262 Quid
2716 2194 2883 2264 igitur
2927 2193 3074 2246 dicat
3120 2194 3426 2261 quispiam?
3471 2209 3578 2248 non
3607 2210 3726 2250 esse
3767 2197 3850 2250 di-

2278 2301 2416 2358 gnos
2440 2286 2749 2340 Aristotelis
2776 2286 2952 2339 libros
2985 2285 3076 2352 qui
3108 2284 3396 2353 legantur;
3431 2286 3595 2339 etiam
3620 2290 3852 2342 omnino

2280 2388 2501 2448 propter
2528 2378 2682 2431 utilia
2713 2392 2835 2442 qua:
2890 2377 2942 2428 in
2990 2375 3057 2428 iis
3107 2376 3241 2443 ipsis
3265 2376 3636 2440 continentur,
3687 2380 3853 2433 modo

2277 2467 2454 2520 simus
2507 2480 2779 2522 memores
2828 2464 3031 2519 inultos
3078 2476 3198 2517 esse
3248 2464 3438 2519 iisdem
3477 2480 3693 2521 errores
3720 2482 3853 2537 per-

2276 2558 2491 2612 mistos.

1162 2937 1548 3024 INDEX
1652 2938 2183 3027 CAPITUM
2275 2942 2663 3032 HUJUS
2756 2942 3279 3031 LIBELLI.

665 3304 953 3360 Pstis-“arto
980 3303 1034 3357 in
1061 3317 1167 3372 qua
1198 3301 1484 3357 disseritur
1510 3303 1578 3357 de
1602 3306 2007 3373 comparatione
2040 3304 2164 3359 Pla-
2188 3336 2234 3398 Ο
2266 3325 2390 3363 arum
2415 3327 2548 3377 esse,
2566 3314 2650 3366 hic
2670 3321 2924 3382 quantum
2949 3323 3165 3380 possunt
3187 3314 3301 3383 ejus
3328 3317 3555 3368 rationes
3578 3326 3848 3370 terrarum

586 3402 742 3455 tonis
763 3408 820 3453 et
848 3399 1180 3459 Aristotelis,
1219 3396 1521 3451 secundum
1544 3398 1809 3467 judicium
1844 3408 2086 3452 veterum
2114 3409 2167 3453 et

584 3493 989 3547 .recentiorum.
1030 3490 1147 3545 Non
1179 3505 1402 3560 possum
1434 3500 1616 3545 autem
1659 3490 1747 3545 hic
1779 3505 1884 3545 non
1920 3506 2165 3546 comme-

596 3599 816 3639 morare
851 3585 1093 3652 quaedam
1119 3598 1241 3652 quae
1268 3584 1335 3637 de
1358 3583 1463 3636 vita
1486 3582 1839 3652 moribusque
1862 3583 2169 3639 Aristotelis

580 3677 952 3745 «prodiderunt
984 3677 1204 3745 quidam
1228 3676 1434 3746 antiqui
1478 3682 1532 3728 et
1575 3676 1912 3731 celeberrimi
1938 3677 2169 3745 scripto-

580 3784 704 3834 «τες,
726 3784 835 3837 quo
861 3768 1167 3823 evidentius
1187 3778 1448 3837 appareat
1467 3783 1571 3823 non
1596 3784 1783 3824 omnes
1806 3770 1971 3839 hujus
1994 3775 2169 3843 philo-

581 3861 752 3928 sophi
787 3862 1190 3928 assumptiones
1213 3874 1309 3928 pro
1338 3861 1482 3916 veris
1504 3877 1717 3932 semper
1742 3864 2168 3932 amplectentlas,

587 3953 836 4020 ideoque
864 3969 890 4003 a
925 3949 1170 4005 Gemisto
1206 3967 1311 4005 non
1338 3963 1539 4008 temere
1566 3954 1859 4009 confutari.
1896 3954 2031 4010 Nam
2061 3973 2169 4026 quo
2256 3976 2261 3977 ί

596 4043 789 4097 melior
820 4043 904 4095 vir
940 4044 1064 4110 quis
1114 4051 1357 4110 putatur,
1431 4044 1534 4097 hoc
1578 4044 1843 4100 similiora
1897 4063 2027 4102 vero
2092 4051 2169 4103 vi-

594 4134 796 4187 dentur
830 4147 953 4202 qua
993 4134 1181 4187 sentit.

666 4222 1046 4277 Tneodoretns
1068 4222 1325 4295 Cyrensls
1349 4224 1638 4295 episcopus
1660 4226 1800 4281 libro
1823 4238 2009 4283 contra
2043 4246 2172 4302 gon-

577 4314 718 4369 .tiles
752 4314 973 4369 Grccos
1006 4315 1332 4371 duodecimo
1386 4317 1459 4370 ita
1493 4318 1683 4374 scribit
1743 4338 1756 4374 :
1813 4319 2013 4376 Morem
2052 4340 2169 4377 eum

592 4406 758 4473 fuisse
778 4406 1049 4460 Aristoteli
1076 4416 1131 4461 ut
1159 4410 1331 4461 oleum
1360 4408 1597 4463 venderet
1620 4427 1720 4480 quo
1749 4413 1921 4467 calido
1947 4430 2000 4468 se
2023 4418 2170 4483 prius

588 4500 947 4565 pertraxisset.
973 4498 1206 4571 Cumque
1230 4501 1273 4553 is
1296 4501 1423 4554 olim
1444 4502 1497 4555 in
1519 4501 1823 4557 Chalcidem
1849 4507 2166 4575 navigasset,

590 4588 900 4657 publicanos
928 4587 1205 4657 explorato
1236 4590 1350 4658 ejus
1376 4592 1589 4660 navigio
1610 4593 1867 4647 invenisse
1900 4594 2033 4648 ollas
2054 4596 2168 4664 ejus

583 4679 692 4733 olei
729 4690 961 4748 quatuor
996 4692 1045 4733 et
1081 4683 1414 4749 septuaginta
1445 4683 1524 4735 vel
1569 4691 1625 4735 ut
1655 4684 1747 4737 alii
1779 4687 2011 4753 referunt
2057 4690 2242 4753 περι)

538 4788 547 4795 ·
583 4780 791 4824 cetttas.

659 4860 807 4913 Idem
842 4860 982 4914 libro
1012 4861 1244 4929 quinto:
1270 4862 1580 4916 Aristoteles
1607 4874 1779 4917 autem
1812 4863 2029 4919 Platoni
2060 4868 2169 4920 ad-

580 4956 691 5006 huc
722 4953 910 5006 viventi
932 4953 1213 5020 manifeste
1235 4955 1596 5009 adversarium
1632 4973 1687 5008 se
1716 4958 1940 5025 praebuit
1972 4970 2159 5012 contra

587 5044 930 5098 Academiam
954 5044 1089 5098 bello
1119 5054 1379 5112 suscepto,
1407 5062 1569 5114 neque
1598 5048 1862 5103 doctrinm
1897 5050 1977 5103 illi
2002 5053 2162 5105 Itono-

589 5150 696 5187 rem
728 5134 895 5187 ullum
920 5136 1175 5202 rependit,
1202 5152 1362 5204 quant
1403 5136 1776 5191 liberalissime
1825 5139 1949 5193 olim
1985 5159 2164 5210 perce-

578 5225 685 5294 pit,
713 5238 867 5286 neque
885 5226 1203 5277 celeberrimi
1232 5226 1333 5277 viri
1344 5268 1345 5271 η
1361 5227 1585 5293 gloriam
1605 5238 1678 5281 est
1705 5233 1976 5294 reveritus,
2004 5247 2167 5301 neque

585 5314 877 5367 Platonica:
910 5312 1218 5381 eloquentite
1252 5317 1354 5369 vim
1398 5318 1689 5384 pertimuit,
1721 5322 1812 5373 sed
1840 5323 2167 5390 impudenter

584 5404 667 5458 illi
704 5404 1066 5457 adversarium
1116 5422 1169 5458 se
1198 5408 1399 5475 gessit,
1432 5423 1552 5460 cum
1604 5420 1780 5463 tamen
1835 5428 2162 5481 nequaquam

582 5499 861 5554 meliorum
880 5500 1209 5562 dogmatum,
1236 5498 1325 5551 sed
1348 5497 1513 5552 multo
1538 5501 1775 5569 pejorum
1800 5519 1957 5570 quam
1981 5504 2160 5567 Plato,

581 5589 699 5655 ipse
724 5599 911 5643 auctor
943 5589 1225 5642 exstiterit.
1261 5588 1402 5643 Nam
1431 5607 1545 5643 cum
1581 5592 1667 5645 ille
1702 5596 1933 5647 animam
1967 5596 2161 5650 dixerit

587 5677 962 5741 immortalem,
998 5680 1082 5731 hic
1132 5696 1244 5733 esse
1278 5684 1555 5735 mortalem
1599 5685 1731 5736 dixit
1763 5724 1778 5746 ,
1812 5700 2033 5754 cumque
2066 5689 2157 5743 ille

584 5766 782 5819 dixerit
825 5770 987 5824 Deum
1034 5786 1116 5826 res
1154 5788 1329 5829 omnes
1367 5770 1706 5839 providentia:
1747 5792 1873 5832 cura
1927 5780 2154 5847 comple-

2268 3402 2441 3455 orbem
2476 3404 2667 3459 divina:
2705 3406 3046 3473 providentia:
3068 3415 3335 3459 exsortem
3362 3408 3516 3475 facit.

2322 3515 2650 3572 ‘Snbscribit
2694 3517 3036 3573 Theodoreto
3070 3516 3393 3573 Laurentius
3424 3522 3572 3576 Valla
3621 3524 3850 3591 prologo

2270 3610 2322 3663 in
2352 3608 2696 3664 Dialecticam
2731 3626 2906 3665 suam.
2936 3610 3066 3675 Qua:
3088 3612 3357 3678 compilet,
3386 3612 3578 3680 inquit,
3606 3630 3710 3667 non
3737 3616 3849 3668 illis

2270 3703 2428 3771 refert
2463 3711 2674 3769 accepta
2717 3720 2747 3756 a
2783 3703 2970 3771 quibus
3001 3703 3253 3770 sumpsit,
3286 3704 3377 3757 sed
3403 3705 3503 3758 sibi
3531 3708 3757 3759 vindicat
3789 3731 3802 3757 t
3827 3718 3848 3761 t

2270 3794 2564 3863 ubicunque
2596 3794 2804 3847 eosdem
2828 3810 3069 3863 peccasse
3095 3796 3362 3861 opinatur,
3389 3797 3544 3850 citius
3573 3798 3847 3853 ardentem

2269 3886 2540 3953 flammam
2574 3901 2663 3939 ore
2700 3887 2965 3939 continere
2994 3902 3146 3954 posse
3190 3904 3350 3955 quam
3395 3905 3497 3941 non
3543 3890 3844 3947 nominare.

2339 3974 2522 4029 CAPUT
2557 3974 2597 4029 l.
2630 3971 2768 4040 Quid
2808 3972 2960 4029 Plato
3004 3974 3070 4027 de
3114 3972 3225 4030 Deo
3272 3989 3325 4031 et
3376 3994 3555 4032 rerum
3598 3984 3783 4034 omniu
3812 4001 3845 4033 ιι

2272 4066 2567 4132 creatione,
2621 4068 2765 4134 quod
2812 4067 3136 4123 Aristoteles
3186 4059 3438 4123 senserit.
3484 4070 3618 4144 Quo.
3636 4070 3688 4123 in
3724 4070 3848 4125 loco

2271 4156 2433 4209 etiam
2471 4156 2796 4224 explicatur,
2827 4159 3104 4227 quomodo
3143 4156 3297 4215 Plato
3330 4161 3566 4214 animam
3606 4161 3845 4230 genitam

2271 4256 2324 4300 et
2360 4246 2659 4313 ingenitam
2692 4250 3065 4319 appellaverit.

2342 4360 2522 4415 Carus
2556 4360 2620 4417 ll.
2661 4362 3096 4430 Reprehenditur
3144 4363 3463 4418 Aristoteles
3491 4366 3637 4433 quod
3668 4365 3841 4419 Deum

2272 4469 2545 4509 summum
2581 4455 2825 4510 omnium
2876 4458 3160 4525 praesidem
3205 4470 3269 4509 ac
3322 4471 3501 4526 regem
3549 4472 3716 4510 unum
3771 4457 3839 4508 ad

2273 4548 2538 4599 movenda
2568 4546 2754 4600 omnia
2805 4548 3057 4600 idoneum
3094 4562 3201 4601 non
3235 4555 3489 4608 censeat,
3523 4561 3711 4600 verum
3760 4546 3839 4601 illi

2274 4639 2453 4693 socias
2484 4638 2740 4692 movendi
2780 4637 2917 4691 alias
2944 4638 3207 4707 quasdam
3246 4646 3458 4692 mentes
3482 4636 3761 4706 adjungat.

2338 4750 2519 4804 Carus
2547 4748 2636 4802 lll.
2668 4749 2897 4803 Illumne
2943 4749 3014 4803 sit
3041 4762 3214 4817 genus
3241 4749 3486 4802 omnium
3530 4763 3720 4802 earum
3746 4762 3835 4807 re-
3870 4730 3885 4735 ³

2265 4862 2387 4901 rum
2419 4849 2711 4914 qute'sunt,
2736 4846 2787 4899 id
2815 4854 2900 4901 est
2922 4860 2990 4899 an
3013 4861 3111 4900 ens
3136 4846 3208 4899 sit
3239 4845 3346 4900 tale
3368 4845 3664 4915 quippiam,
3690 4845 3836 4914 quod

2267 4939 2458 4991 decem
2493 4938 2667 5005 prima
2699 4950 2898 5006 genera
2934 4940 3167 4992 univoce
3216 4952 3326 4992 non
3373 4938 3653 5005 atquivoee
3685 4951 3839 4989 com-

2270 5030 2561 5100 plectatur.

2342 5121 2519 5176 Csrur
2553 5122 2638 5176 IV.
2679 5120 2869 5175 Utrum
2902 5122 3224 5177 Aristoteles
3277 5137 3475 5192 genera
3520 5130 3573 5176 et
3626 5120 3839 5190 species

2275 5224 2424 5268 recte
2454 5212 2725 5267 secundas
2754 5229 2770 5266 :
2803 5213 3091 5267 individua
3120 5229 3251 5267 vero
3278 5215 3478 5283 primas
3506 5211 3845 5268 substantlas

2274 5305 2652 5373 appellaverit,
2698 5305 2800 5358 hoc
2835 5314 2939 5363 est.
2972 5319 3039 5358 an
3091 5319 3289 5372 genera
3318 5315 3371 5359 et
3405 5306 3617 5373 species
3658 5302 3841 5356 minus

2266 5398 2377 5450 sint
2405 5411 2569 5465 quam
2606 5396 2932 5466 singularia,
2966 5406 3023 5450 et
3073 5398 3314 5452 secundo
3340 5398 3460 5452 loco
3489 5398 3555 5451 ad
3582 5395 3836 5452 essentia

2267 5488 2531 5541 rationem
2573 5489 2887 5556 pertineant
2918 5504 2987 5541 an
3016 5497 3229 5543 contra.

2337 5599 2522 5654 Csrur
2553 5600 2614 5654 V.
2666 5598 2859 5654 Utrum
2905 5601 3224 5655 universum
3277 5603 3542 5656 rationem
3593 5603 3837 5656 obtineat

2266 5691 2529 5757 materiae,
2555 5691 2741 5745 forma":
2765 5704 2944 5746 autem
2976 5708 3125 5761 pars,
3151 5693 3204 5747 id
3232 5702 3333 5757 est,
3361 5708 3428 5746 an
3453 5695 3519 5748 ad
3550 5694 3830 5749 materiam

2268 5794 2474 5851 spectet
2509 5785 2824 5841 universum
2858 5785 3039 5855 potius
3073 5800 3234 5855 quam
3266 5801 3409 5854 pars.
