4186 6290
373 368 471 431 933

1053 376 1149 437 DE
1181 368 1605 437 PLATONICA
1653 376 1750 437 ET
1786 375 2353 438 ARISTOTELICA
2395 378 2942 441 PHILOSOPHIA.

3508 372 3619 450 93b

445 487 629 541 CAPUT
662 485 749 540 VI.
788 486 1043 547 Sensune
1091 490 1370 557 antiquius
1412 491 1485 545 sit
1523 491 1573 544 id
1604 490 1749 557 quod
1777 504 1941 544 sensu
1966 503 2017 564 Α
2118 492 2299 545 CAPUT
2338 490 2428 545 XI.
2461 492 2656 544 Anima
2691 493 2837 547 sitne
2868 488 3197 543 immortalis
3228 485 3368 556 apud
3398 484 3616 541 Aristo-

373 594 489 646 tpso
528 579 732 649 percipi
762 590 956 647 potest,
985 581 1128 649 quod
1159 589 1354 635 vocant
1380 581 1637 636 sensibile
1672 596 1739 636 an
1783 581 1945 637 simul

373 677 664 737 atrumque
696 676 910 724 natura.
947 670 1067 736 Quo
1097 671 1152 725 in
1194 670 1313 726 loco
1351 672 1701 725 relativorum
1750 680 1948 725 natura

371 760 537 815 simul
571 760 905 815 declaratur.

439 852 622 907 CAPUT
664 853 773 906 VII.
806 854 1105 910 Indeﬁnitae
1135 855 1523 925 propositionis
1552 865 1748 912 natura
1784 866 1948 927 atque

372 945 677 1011 proprietas
708 946 1017 999 declaratur
1049 957 1102 1000 et
1125 950 1393 1016 qttteritur
1416 964 1679 1003 verumne
1706 950 1778 1003 sit
1801 949 1946 1018 quod

371 1032 603 1085 docetur
636 1032 777 1101 apud
819 1034 1237 1104 Peripateticos,
1272 1037 1518 1089 eamdem
1569 1038 1716 1092 illam
1760 1051 1946 1092 veram

372 1131 483 1176 tam
517 1123 875 1178 allirmantem
914 1141 1078 1194 quam
1106 1138 1392 1196 negantem
1425 1128 1658 1184 inveniri
1690 1145 1870 1199 posse.

442 1217 627 1271 CAPUT
658 1218 792 1272 VIII.
827 1218 965 1274 Num
1008 1208 1321 1276 necessaria
1350 1221 1636 1277 conclusio
1679 1231 1945 1289 sequatur

374 1323 439 1361 ex
470 1308 685 1363 duobus
716 1311 1032 1377 praemissis,
1057 1326 1288 1381 quarum
1323 1312 1491 1365 altera
1516 1311 1586 1367 sit
1610 1314 1943 1376 necessaria,

372 1400 543 1453 altera
573 1401 831 1468 simplex,
877 1415 945 1454 an
981 1417 1110 1456 vero
1138 1403 1368 1471 simplex
1400 1402 1684 1457 duntaxat.
1724 1401 1828 1461 Ubi
1866 1405 1943 1457 si—

374 1490 488 1542 tuul
535 1499 729 1543 natura
783 1490 951 1544 medii
1003 1492 1220 1546 termini
1260 1502 1315 1547 et
1356 1493 1770 1561 proloquiorum
1829 1492 1943 1545 sive

375 1581 784 1648 prtetuissarum
809 1582 1176 1635 examinatur.

446 1668 629 1721 CAPUT
665 1668 757 1724 IX.
789 1670 1091 1724 Discrimen
1127 1670 1243 1734 Dei,
1274 1671 1537 1724 mentium
1586 1670 1701 1724 sive
1747 1668 1944 1724 intelli-

374 1761 679 1830 gentiarutn
709 1766 764 1814 et
812 1760 1008 1814 animae
1067 1761 1395 1825 declaratur,
1429 1769 1483 1814 et
1528 1760 1588 1813 τὸ
1621 1761 1942 1831 ὑπερούσιον

378 1853 599 1922 quidem
631 1867 750 1907 esse
792 1853 1112 1921 simpliciter
1143 1870 1334 1919 unum,
1362 1853 1463 1908 hoc
1482 1862 1584 1916 est,
1617 1862 1675 1907 ut
1697 1868 1948 1925 sopremo

381 1946 493 1998 Deo
518 1954 571 1999 et
596 1960 719 2000 esse
749 1954 803 1998 et
830 1960 991 2015 posse
1020 1954 1075 2000 et
1100 1945 1333 2011 et‘ﬁcere,
1378 1947 1495 2001 sive
1523 1947 1693 2016 magis
1735 1948 1945 2015 placet,

375 2038 668 2092 essentiam
702 2040 998 2105 potentiam
1033 2047 1086 2091 et
1114 2047 1292 2091 actum
1328 2039 1476 2093 nullo
1506 2039 1665 2092 modo
1689 2038 1946 2091 distincta

379 2130 591 2197 haberi,
627 2131 729 2183 hoc
762 2139 847 2183 est
875 2138 933 2182 ut
970 2130 1105 2184 alias
1134 2130 1231 2193 sit,
1267 2130 1403 2186 alias
1450 2130 1647 2198 possit,
1676 2130 1810 2184 alias
1831 2128 1947 2182 elli-

377 2221 509 2282 ciat,
537 2220 631 2275 sed
668 2231 725 2275 ut
757 2221 920 2275 simul
951 2231 1008 2275 et
1040 2223 1111 2275 sit
1152 2232 1205 2276 et
1234 2222 1407 2290 possit
1455 2230 1509 2275 et
1538 2223 1753 2275 etiiciat.
1790 2220 1947 2276 Unde

376 2322 565 2381 postea
600 2311 1014 2382 reprehenditur
1042 2312 1384 2375 Aristoteles,
1409 2312 1503 2381 qui
1538 2315 1775 2366 animam
1809 2312 1944 2365 deti-

376 2405 574 2458 niverit
605 2419 729 2459 esse
763 2414 939 2458 actum
971 2421 988 2472 ;
1038 2405 1104 2458 de
1147 2420 1249 2472 qua
1277 2419 1332 2458 re
1382 2405 1512 2457 libet
1544 2404 1705 2458 etiam
1756 2400 1945 2457 Jacobi

379 2495 608 2566 Ziegleri
636 2494 737 2549 viri
762 2495 907 2550 doeti
932 2509 1217 2550 censuram
1247 2494 1561 2547 adscribere
1580 2493 1674 2563 qui
1708 2493 1786 2547 sie
1815 2493 1948 2547 scri-

377 2586 459 2639 bit
484 2584 721 2654 quodam
752 2585 805 2639 in
842 2586 963 2639 loco
994 2601 1007 2638 :
1044 2584 1147 2639 Sed
1174 2602 1333 2651 quam
1366 2594 1598 2637 sectatur
1625 2600 1750 2653 rogo
1776 2584 1948 2653 (intel-

378 2678 542 2746 ligens
583 2677 940 2746 Aristotelem)
978 2678 1494 2731 demonstrationum
1542 2677 1904 2729 necessitatem
1930 2714 1945 2738 ,

381 2770 525 2837 quia
559 2771 765 2837 scriptis
801 2769 910 2821 suis
940 2768 1074 2820 sicut
1108 2765 1313 2820 libitum
1344 2775 1419 2819 est
1456 2766 1695 2821 discedit.
1723 2769 1826 2818 Aut
1855 2765 1949 2822 de-

381 2861 567 2930 ﬁniens
605 2861 874 2926 animam,
917 2860 1378 2928 idemonstratione
1422 2875 1545 2911 usus
1596 2858 1719 2912 est?
1770 2860 1950 2910 anima

385 2950 601 3021 (inquit)
632 2962 704 3003 est
738 2959 887 3002 actus
912 2952 1144 3017 corporis
1169 2950 1404 3018 organici
1432 2950 1652 3017 physici,
1685 2949 1841 3001 vitam
1864 2950 1952 2999 ha-

384 3042 548 3096 bentis
575 3040 626 3093 in
658 3039 1083 3109 potentia.,Ergo
1120 3042 1260 3093 alius
1292 3049 1499 3092 secutus
1526 3040 1821 3108 exemplum
1859 3042 1947 3093 de-

383 3133 561 3202 ﬁniat,
590 3134 777 3202 auriga
819 3141 895 3187 est
924 3143 1072 3185 actor
1101 3132 1355 3187 curriculi
1390 3141 1586 3184 motum
1629 3133 1864 3185 habentis
1895 3134 1951 3185 in

381 3223 639 3291 potentia.
670 3222 809 3275 Num
836 3222 922 3275 ille
948 3238 1064 3291 qua:
1093 3221 1160 3273 ad
1189 3221 1540 3275 substantiam
1568 3222 1794 3277 hominis
1826 3223 1952 3276 atti-

383 3311 596 3373 nebant,
620 3312 735 3364 dico
760 3328 919 3380 genus
946 3322 992 3365 et
1026 3313 1376 3380 di/ferentiam
1398 3312 1748 3380 essentialem,
1772 3330 1804 3369 a
1830 3316 1949 3383 qui-

384 3404 478 3456 bus
509 3402 710 3455 desumi
743 3401 1094 3471 deﬁnitionem
1131 3405 1427 3472 oportebat,
1461 3407 1664 3472 attigit.

453 3492 631 3548 CAPUT
682 3493 750 3547 X.
811 3493 1160 3549 Platonicum
1215 3496 1410 3567 dogma
1463 3494 1793 3560 defenditur,
1838 3512 1951 3566 quo

385 3584 614 3639 docetur
661 3587 870 3639 animas
920 3601 951 3641 e
1000 3585 1139 3643 coelo
1185 3588 1577 3645 descendentes
1640 3588 1943 3643 hauriendo

388 3678 724 3733 oblivionem
785 3695 967 3738 rerum
1018 3679 1370 3746 divinarum,
1424 3699 1652 3752 quarum
1699 3683 1753 3736 itt
1809 3684 1951 3738 c0310

387 3779 549 3828 erant
596 3771 849 3835 consciae,
891 3772 1027 3827 alias
1069 3788 1198 3826 vero
1247 3774 1438 3840 magis,
1478 3774 1612 3829 alias
1652 3775 1859 3840 minus,
1893 3776 1947 3829 in

388 3865 551 3919 terris
592 3880 701 3919 non
736 3865 946 3920 discere
979 3869 1073 3922 sed
1119 3866 1395 3923 reminisci
1420 3904 1436 3932 ,
1476 3867 1623 3937 quod
1662 3869 1776 3923 illic
1820 3878 1946 3923 ante

388 3956 766 4027 cognoverint.

2052 581 2248 648 telem,
2286 592 2340 636 et
2379 597 2510 636 num
2554 582 2735 651 aliqua
2776 583 2915 637 bona
2963 589 3087 650 post
3125 566 3354 634 mortem
3401 578 3611 631 coasti-

2052 670 2251 725 tuenda
2280 671 2411 724 sint.
3030 674 3031 677 ‘

2116 760 2303 818 CAPUT
2333 759 2453 817 XII.
2490 759 2632 817 Num
2660 761 2891 815 virtutes
2921 758 3181 829 qualitate
3217 766 3276 815 et
3310 756 3613 827 quantitate

2045 853 2159 907 sint
2213 852 2503 907 metienda:
2568 860 2623 906 et
2671 866 2742 905 au
2796 851 3205 906 mediocritates
3251 848 3524 912 dicendae,
3558 854 3617 900 ut

2047 944 2330 999 contendit
2358 942 2700 998 Aristoteles.

2117 1054 2303 1110 CAPUT
2334 1052 2471 1107 XIII.
2514 1052 2671 1119 Quod
2718 1050 2789 1107 sit
2832 1064 3108 1105 summum
3175 1046 3379 1102 bonum
3430 1052 3485 1098 et
3544 1057 3613 1097 an

2049 1146 2369 1203 Aristoteles
2403 1153 2548 1199 recte
2580 1158 2849 1199 summam
2879 1141 3200 1197 felicitatem
3244 1139 3300 1192 in
3342 1134 3615 1204 voluptate

2047 1236 2462 1306 contemplativa
2491 1235 2862 1293 collocaverit.

2117 1351 2295 1406 CAPUT
2322 1349 2465 1403 XIV.
2507 1349 2718 1405 Ctelum
2752 1363 2875 1403 esse
2927 1348 3095 1417 igneae
3156 1352 3366 1399 natum
3397 1350 3453 1395 et
3496 1339 3614 1394 dari

2047 1458 2155 1498 non
2190 1442 2722 1511 oportere-quintum
2755 1439 3025 1509 quoddam
3057 1450 3261 1506 corpus
3289 1443 3486 1504 prater
3504 1431 3614 1486 ele-

2048 1542 2231 1587 menta
2266 1542 2525 1601 quatuor.

2121 1644 2304 1699 CAPUT
2346 1643 2462 1698 XV.
2506 1644 2578 1697 De
2632 1640 3011 1696 immobilitate
3055 1639 3295 1692 siderum
3349 1643 3400 1689 et
3454 1647 3615 1701 quam

2051 1746 2198 1794 recte
2228 1734 2548 1791 Aristoteles
2579 1747 2813 1805 corpora
2843 1716 3088 1788 ctelestia
3128 1728 3367 1783 animata
3406 1725 3619 1779 consti-

1977 1855 2021 1909 Β
2051 1834 2188 1880 tuat.

2119 1940 2298 1995 CAPUT
2326 1938 2467 1995 XVI.
2500 1939 2638 1992 Num
2676 1936 2919 1992 coelestia
2957 1948 3187 2002 corpora
3233 1932 3282 1985 vi
3326 1937 3381 1983 et
3424 1934 3618 1980 natura

2050 2035 2204 2101 ignea
2233 2031 2552 2085 calefaciant
2582 2031 2697 2084 haec
2726 2028 3006 2087 inferiora,
3040 2038 3108 2076 an
3143 2032 3292 2075 motu
3330 2019 3617 2074 duntaxat.

2118 2146 2291 2200 CAPUT
2330 2144 2491 2199 XVII.
2548 2144 2741 2198 Utrum
2784 2155 2876 2196 ars
2922 2149 2978 2195 et
3023 2146 3219 2192 natura
3269 2133 3616 2192 deliberent,

2049 2234 2179 2290 dum
2218 2237 2417 2305 aliquid
2463 2245 2653 2305 agunt.

2118 2348 2299 2404 CAPUT
2327 2346 2512 2402 XVIII.
2545 2345 2736 2401 Utrum
2765 2359 2885 2413 quae
2917 2344 3052 2398 ﬁunt
3081 2343 3263 2397 omnia
3288 2382 3302 2406 ,
3336 2338 3471 2392 ﬁant
3530 2350 3621 2388 ne-

2049 2441 2313 2503 cessario,
2352 2454 2418 2491 an
2452 2448 2506 2491 et
2532 2438 2708 2505 aliqua
2744 2436 3143 2503 contingenter,
3183 2443 3235 2487 et
3271 2444 3451 2487 utrum
3483 2431 3625 2484 dan-

2050 2534 2177 2589 dum
2212 2534 2285 2587 sit
2326 2532 2531 2601 aliquid
2576 2532 2630 2583 in
2673 2530 2739 2583 iis
2785 2544 2902 2597 qua:
2934 2527 3068 2580 tiunt
3112 2526 3252 2596 quod
3287 2542 3394 2579 non
3428 2524 3622 2579 habeat

2049 2642 2275 2681 causam
2312 2626 2395 2680 sui
2427 2639 2570 2679 esse.
2604 2622 2734 2675 Tale
2774 2634 2904 2672 vero
2956 2627 3148 2672 tractat
3178 2629 3293 2672 toto
3324 2620 3501 2687 capite
3532 2634 3623 2669 ar-

2051 2724 2369 2786 gumentum
2400 2714 2697 2777 Gemistus,
2728 2713 2868 2779 quod
2900 2712 2946 2766 si
2979 2712 3099 2780 quis
3125 2709 3178 2763 in
3208 2717 3499 2777 conspectu
3530 2710 3625 2762 Ita-

2050 2807 2192 2871 δεδι,
2234 2820 2350 2863 rem
2386 2807 2672 2875 perSpicue
2716 2803 3000 2872 intelliget.

2122 2920 2293 2974 Omne
2319 2921 2460 2989 quod
2490 2919 2547 2972 ﬁt
2576 2919 2642 2972 ab
2674 2917 2846 2986 aliqua
2879 2930 3042 2971 causa
3071 2953 3086 2975 ,
3122 2930 3346 2970 necesse
3372 2922 3454 2968 est
3484 2914 3621 2968 ﬁeri.

2026 3010 2159 3063 Sed
2186 3010 2367 3061 omnis
2393 3022 2558 3061 causa
2591 3020 2713 3075 qua:
2749 3004 2952 3073 aliquid
2997 3002 3148 3069 facit,
3183 3003 3418 3073 idipsum
3445 3012 3498 3055 et
3529 3018 3626 3056 nc-

2056 3102 2295 3153 cessario
2313 3108 2365 3154 et
2384 3108 2532 3153 certo
2556 3097 2708 3151 facit.
2736 3096 2876 3165 Ergo
2906 3095 3087 3148 omnia
3125 3094 3263 3148 tiunt
3288 3095 3622 3148 necessario.

1977 3197 2019 3255 ο
2055 3184 2317 3241 Minorem
2346 3186 2596 3240 concedit
2616 3185 2832 3253 quidem
2870 3182 3213 3245 Aristoteles,
3240 3182 3332 3236 sed
3362 3184 3625 3250 majorem

2061 3279 2276 3343 Iunitat,
2311 3277 2456 3331 unde
2491 3291 2520 3329 a
2564 3276 2810 3329 Getuisto
2844 3273 3279 3341 reprehenditur.

2127 3389 2309 3446 CAPUT
2348 3387 2489 3443 XIX.
2541 3386 2744 3441 Motum
2803 3386 2857 3439 in
2906 3385 3069 3440 rebus
3119 3384 3456 3440 naturalibus
3502 3400 3623 3441 esse

2058 3484 2394 3550 aaquivocum
2452 3489 2509 3535 et
2558 3495 2725 3534 unum
2787 3480 3018 3550 agendo,
3078 3477 3306 3532 alterum
3372 3479 3627 3547 patiendo

2059 3574 2197 3630 ﬁeri.

2134 3687 2317 3742 CAPUT
2348 3686 2467 3742 XX.
2514 3686 2590 3741 De
2633 3686 2770 3743 ideis
2804 3700 2823 3741 :
2860 3685 3040 3740 sintne
3107 3682 3277 3751 idea);
3326 3692 3439 3737 tum
3497 3682 3627 3751 quid

2061 3782 2193 3843 sint,
2230 3792 2283 3834 et
2316 3780 2647 3850 cuiusmodi,
2679 3788 2732 3833 et
2774 3780 2974 3850 quibus
3015 3777 3319 3832 rationibus
3363 3776 3481 3831 illas
3511 3776 3630 3828 Pla-

2062 3874 2231 3927 touici
2262 3874 2523 3930 adversus
2551 3872 2896 3929 Aristotelem
2926 3869 3299 3926 adversarium
3334 3882 3496 3923 suum
3532 3866 3632 3922 de-

2063 3965 2306 4020 tendant.
