4186 6290
515 458 612 522 941

599 573 760 626 Ἀλλὰ
798 573 968 628 ταῦτα
1003 574 1102 644 μὲν
1129 575 1259 645 περὶ
1309 575 1404 644 τῆς
1461 575 1674 638 τελείας
1731 592 1789 628 τε
1837 577 1934 627 καὶ
1982 571 2096 640 μετ’
2128 577 2176 636 Α

516 667 826 736 ἐπιστήμης
870 667 1072 736 ἀρετῆς
1099 670 1185 737 εἴη
1225 669 1292 722 ἂν
1317 667 1580 738 εἰρηκὼς,
1609 664 1678 740 ἦς
1709 667 1804 721 καὶ
1831 667 1981 731 αὑτῷ
2006 683 2093 718 σο-

518 757 603 827 φῷ
627 757 740 810 ὖντι
779 758 971 828 μετῆν.
1001 759 1359 832 ΑἘπιστήμην
1389 759 1498 832 γὰρ
1537 758 1810 829 ἀνθρώπῳ
1853 773 2100 824 παραγε-

517 851 753 920 νομένην
803 829 1020 920 ἀνάγκῆ
1068 829 1342 906 ,ἁπάντων
1395 829 1618 922 κρατεῖν
1669 866 1731 904 τε
1790 852 1888 905 καὶ
1945 849 2099 918 ἄγειν

519 940 802 1006 ἀσφαλῶς,
930 942 997 995 ἂν
1025 941 1162 1012 αὐτὴ
1188 941 1264 1014 (6)
1292 943 1567 1012 ὑφηγῆται
1602 946 1736 1013 πρὸς
1776 942 1837 996 τὸ
1861 943 1946 996 ἀεὶ
1982 942 2100 1011 βέλ-

518 1047 638 1085 τιστ
645 1049 723 1084 ον.

596 1121 739 1191 Πρὲς
779 1121 836 1174 δὲ
879 1123 1110 1187 πολλοὺς
1154 1122 1264 1176 τῶν
1286 1122 1488 1193 ἀρετὴν
1517 1123 1967 1192 ἐπιτηδευόντων,
2004 1123 2100 1178 ἅτε

524 1211 787 1281 λογισμοῦ
827 1213 962 1270 ,ἄνευ
994 1212 1203 1282 ταύτην
1232 1212 1678 1283 ἐπιτηδεύοντας,
1707 1213 1833 1288 δόξῃ
1873 1214 1928 1266 δὲ
1966 1213 2100 1283 ὀρθῇ

522 1304 848 1371 ἀγομένους,
871 1304 1012 1366 τέως
1033 1305 1146 1372 ςμὲν
1189 1304 1376 1359 πολλὰ
1397 1306 1493 1359 καὶ
1535 1305 1750 1376 μεγάλα
1779 1303 2100 1372 κατορθοῦν,

522 1393 618 1447 καὶ
664 1394 870 1464 σφόδρα
908 1396 1066 1448 ’ἐστιν
1111 1397 1204 1448 ὅτε
1237 1397 1564 1466 εὐδοκιμεῖν.
1592 1396 1808 1466 Οὑμὴν
1840 1395 1976 1450 ἀλλὰ
2010 1399 2105 1448 καὶ

526 1487 738 1554 μεγάλα
776 1488 1175 1557 ἐξαμαρτάνειν
1220 1490 1368 1542 ἔστιν
1399 1491 1512 1554 ὅτε,
1545 1489 1640 1542 ἆτε
1687 1488 1922 1559 φαύλους
1953 1489 2106 1552 τινας

522 1566 726 1647 ἆρετῆς
784 1579 1032 1648 φύλακας
1079 1582 1176 1634 ὑπ’
1208 1583 1432 1650 ἀγνοίας
1478 1599 1591 1635 -που
1634 1583 1882 1652 ὁπήποτε
1932 1581 2106 1649 ἀρετὴ

523 1671 730 1737 ἀγαθόν
785 1674 922 1736 ἐστι,
977 1676 1077 1746 τὴν
1110 1675 1166 1728 δὲ
1215 1676 1309 1730 τοῦ
1363 1677 1482 1746 βίου
1531 1676 1791 1746 τελευτὴν
1835 1677 1949 1737 τοῖς
1975 1675 2109 1736 τέως

526 1764 937 1836 ἀναμαρτήτοις
987 1767 1355 1836 διαγεγονόσι,
1411 1769 1612 1839 πολλὴν
1661 1769 1760 1838 τὴν
1796 1768 2110 1836 ,ἀσφάλειαν

525 1857 635 1909 τῶν
683 1859 787 1928 ἥδη
845 1859 1024 1922 καλῶς
1085 1861 1141 1912 ὲν
1209 1860 1288 1928 τῷ
1342 1860 1440 1930 βίῳ
1501 1860 1911 1929 πεπραγμένων
1965 1875 2110 1926 παρ-

528 1947 694 2017 έχειν,
729 1949 804 2012 ὡς
831 1950 1014 2003 οὐκέτ’
1045 1951 1113 2002 ἂν
1155 1950 1260 2003 ὑπὸ
1289 1951 1704 2022 ἁμαρτημάτων
1733 1950 2113 2021 ἀνατραπησο-

534 2041 734 2110 μένων.

603 2132 788 2202 Ταύτη
842 2150 922 2185 τοι
967 2133 1063 2186 καὶ
1102 2133 1208 2186 τῶν
1245 2134 1418 2202 λόγων
1450 2137 1526 2204 (7)
1559 2135 1684 2196 τοὺς
1709 2136 2030 2205 ἐπιταφίους
2059 2152 2114 2187 τε

532 2222 625 2274 καὶ
673 2223 1020 2290 ὲπικηδείους
1065 2224 1196 2277 πολὺ
1231 2224 1296 2278 ἄν
1331 2243 1414 2286 τις
1459 2225 1566 2277 τῶν
1610 2225 1788 2280 ἄλλων
1825 2227 2118 2294 ἐγκωμίων

535 2313 642 2366 τῶν
702 2314 844 2367 κατὰ
891 2313 1196 2384 ἀνθρώπων
1252 2316 1554 2381 γινομένων
1612 2317 1882 2386 ἡγήσαιτο
1942 2319 2118 2384 ἀσφα-

532 2406 841 2476 λεστέρους,
881 2406 957 2470 ὡς
996 2407 1062 2461 ἂν
1103 2409 1195 2460 ἐπὶ
1230 2408 1475 2478 βεδαίαις
1510 2426 1570 2460 τε
1605 2408 1706 2478 ιἤδη
1755 2407 1988 2478 πράξεσι
2025 2411 2118 2462 καὶ

537 2497 739 2567 πολλήν
799 2516 919 2551 τινα
971 2497 1070 2568 τὴν
1128 2499 1430 2566 ἀσφάλειαν
1497 2499 1808 2569 εἰληφυίαις
1859 2501 2120 2568 γιγνομὲ-

539 2605 661 2653 νους
691 2591 789 2662 (8).
824 2591 934 2644 Καὶ
983 2589 1256 2659 Ἀθηναῖοι
1301 2592 1440 2643 κατὰ
1477 2591 1603 2654 τοὺς
1633 2589 1728 2643 τοῦ
1765 2590 2003 2652 Σόλωνος
2035 2590 2127 2667 νόσθ

545 2699 679 2750 μους
729 2683 1156 2752 πολιτευόμενοι,
1211 2682 1280 2735 τὰ
1311 2682 1482 2735 πολλὰ
1514 2683 1724 2746 τούτοις
1759 2684 1995 2752 μάλιστα
2028 2684 2121 2734 ἐπὶ

545 2776 654 2838 τοῖς
680 2774 858 2838 καλῶς
891 2775 1302 2845 τετελευτηκόσι
1327 2775 1561 2846 χρῆσθαι
1593 2775 1873 2846 ἐνόμισαν.

617 2947 726 3001 Καὶ
753 2947 815 3017 δὴ
845 2949 939 3002 καὶ
964 2951 1125 3019 ἡμεῖς
1150 2951 1208 3013 ὲς
1233 2951 1382 3004 τόνδε
1415 2949 1506 3004 τὸν
1532 2950 1689 3020 λόγον
1723 2953 1814 3004 ἐπὶ
1852 2951 1946 3006 τοῦ
1982 2952 2124 3006 Θειο-

543 3043 707 3097 τάτου
739 3043 897 3113 ἡμῶν
921 3047 1190 3114 ἡγεμόνος
1221 3046 1443 3113 γυναικὶ
1466 3047 1746 3116 οἰχομένη,
1781 3048 1953 3100 εἰπεῖν
1987 3061 2092 3115 προ
2111 3075 2122 3086 α

544 3136 816 3205 ήχθημεν,
851 3137 970 3204 ἅμα
1011 3136 1110 3206 μὲν
1148 3137 1314 3190 καλὸν
1365 3138 1703 3208 ἀπειληφυίᾳ
1759 3139 1894 3207 αὐτῇ
1949 3139 2124 3205 πέρας

543 3228 639 3280 τοῦ
676 3228 817 3298 βίου,
850 3230 948 3298 τὴν
979 3229 1079 3300 τῆς
1109 3231 1308 3300 ἀρετῆς
1360 3231 1488 3300 ἄχρι
1532 3231 1792 3299 τελευτῆς
1825 3230 2121 3299 σωτηρίαν,

1440 457 1838 521 LAUDATlO
1870 450 2258 520 FUNEBRIS
2303 444 2610 509 CLEOPIE
2647 441 2828 504 AUG.

3682 431 3787 494 942

2288 563 2393 620 Sed
2457 564 2571 616 haec
2629 559 2850 630 quidem
2903 558 2970 611 de
3021 552 3263 624 perfecta
3307 560 3360 607 et
3391 565 3456 606 ea
3501 564 3624 620 quae
3659 562 3787 602 cum

2209 658 2438 716 scientia
2471 665 2554 710 est
2590 654 2788 708 virtute
2851 649 3075 713 dixerit,
3133 663 3254 718 quae
3307 654 3362 701 et
3417 644 3543 716 ipsi,
3602 651 3791 712 utpote

2210 749 2467 820 sapienti,
2501 747 2696 802 inerat.
2739 742 2874 798 Nam
2924 742 3011 798 ubi
3043 739 3272 796 scientia
3302 736 3512 794 homini
3542 750 3794 791 accesse-

2211 843 2300 908 rit,
2334 854 2560 897 necesse
2597 845 2682 894 est
2717 851 2844 892 eam
2891 833 3138 890 omnium
3162 831 3324 902 potiri
3371 839 3427 885 et
3477 837 3791 884 constanter

2210 949 2391 1005 agere,
2432 948 2542 1004 qua
2575 932 2689 1002 ipsa
2717 927 3096 995 direxerit,-ad
3131 911 3181 981 id
3215 923 3360 995 quod
3395 937 3612 992 semper
3644 920 3791 990 opti-

2211 1042 2360 1082 mum
2397 1027 2490 1082 sit.

2282 1118 2360 1171 Ad
2403 1117 2540 1182 haec,
2578 1113 2781 1169 multos
2811 1127 2999 1168 eorum
3059 1109 3152 1178 qui
3187 1109 3444 1164 virtutem
3487 1113 3792 1170 sectantur,

2212 1211 2314 1266 etsi
2373 1211 2585 1278 absque
2649 1217 2799 1262 certa
2838 1207 3060 1261 ratione
3113 1219 3233 1259 eam
3276 1210 3577 1266 sectentur,
3639 1210 3789 1254 recta

2214 1315 2344 1354 vero
2387 1298 2645 1368 Opinio-ne
2675 1297 2894 1362 ductos,
2938 1296 3286 1366 aliquatenus
3335 1293 3557 1361 quidem
3627 1289 3797 1345 multa

2215 1404 2268 1446 et
2297 1406 2492 1461 magna
2543 1405 2756 1459 gerere,
2790 1389 2978 1444 videas
3019 1385 3290 1442 interdum
3336 1394 3391 1441 et
3419 1384 3574 1438 valde
3631 1383 3798 1438 incla-

2219 1498 2454 1538 rescere.
2485 1482 2828 1550 Quandoque
2860 1488 3043 1535 tamen
3089 1489 3145 1534 et
3204 1492 3398 1547 magna
3439 1481 3696 1546 peccant,
3741 1484 3800 1530 ut

2218 1574 2312 1644 qui
2368 1575 2477 1628 sint
2543 1573 2784 1642 imperiti
2844 1573 3068 1642 quidam
3109 1570 3368 1625 custodes
3400 1569 3640 1632 virtutis,
3675 1567 3800 1622 ideo

2219 1670 2361 1736 quod
2422 1667 2676 1722 nesciunt
2722 1665 2912 1734 utique
2943 1680 3052 1735 qua
3115 1664 3334 1718 ratione
3387 1664 3561 1718 virtus
3591 1663 3802 1717 bonum

2221 1761 2312 1824 sit,
2363 1759 2490 1814 vitte
2548 1773 2678 1813 vero
2708 1760 2871 1812 tinem
2906 1759 2974 1814 iis
3024 1758 3116 1828 qui
3174 1765 3403 1811 eatenus
3431 1755 3550 1811 sine
3575 1767 3802 1825 peccato

2224 1861 2712 1924 perseveraverunt
2759 1852 2986 1907 multam
3001 1866 3201 1906 eorum
3242 1864 3364 1920 qua:
3394 1863 3488 1920 per
3516 1847 3803 1912 vitambo-

2215 1954 2366 2000 ueste
2394 1943 2538 2001 facta
2564 1953 2692 2000 sunt
2718 1945 3069 1999 securitatem
3102 1941 3318 2009 atl‘erre,
3353 1957 3420 1997 ea
3459 1943 3664 2012 quippe
3696 1958 3796 2013 per

2219 2045 2438 2107 peccata
2465 2037 2577 2108 jam
2607 2037 2840 2107 perverti
2879 2051 2984 2090 non
3019 2045 3294 2106 poterunt.

2218 2129 2631 2199 LQuaprOpter
2709 2127 2968 2183 funebres
3041 2130 3449 2200 mortualesque
3498 2129 3803 2194 orationes,

2222 2239 2332 2293 prae
2353 2222 2566 2278 caeteris
2599 2221 3002 2276 laudationibus
3053 2237 3175 2292 quae
3229 2222 3296 2276 de
3332 2221 3650 2276 hominibus
3707 2221 3806 2275 ha-

2226 2316 2444 2381 bentur,
2495 2315 2667 2370 multo
2717 2315 2984 2370 certiores
3035 2315 3270 2384 quisque
3325 2313 3598 2370 aestimare
3647 2313 3808 2377 solet,

2225 2405 2428 2474 quippe
2456 2419 2576 2473 quae
2634 2406 2780 2459 circa
2823 2404 2943 2475 .jam
2997 2404 3184 2458 llrmas
3211 2404 3457 2461 actiones
3491 2415 3545 2461 et
3579 2406 3806 2461 multam

2227 2496 2517 2556 quamdam
2587 2496 2968 2550 certitudiuem
3037 2495 3261 2566 adeptas
3348 2507 3657 2553 versentur.
3746 2497 3809 2551 Et

2224 2587 2606 2651 Athenienses,
2658 2587 2813 2656 juxta
2868 2585 3089 2642 Solonis
3144 2587 3294 2657 leges
3353 2602 3467 2641 rem
3534 2587 3809 2656 publicam

2227 2678 2700 2743 administrantcs,
2737 2687 2796 2732 ut
2839 2678 3132 2748 plurimum
3169 2678 3226 2731 in
3271 2694 3368 2733 eos
3413 2679 3685 2748 praecipue
3713 2680 3807 2747 qui

2226 2769 2425 2821 decora
2465 2777 2642 2821 morte
2673 2768 3024 2834 interierunt,
3064 2771 3167 2824 hoc
3201 2769 3578 2824 laudationum
3614 2785 3812 2838 genere

2227 2858 2491 2912 utendum
2552 2875 2673 2914 esse
2736 2867 3060 2914 sanxerunt.
3474 2853 3479 2857 ’

2299 2951 2410 3006 Nos
2449 2965 2668 3021 quoque
2705 2950 2756 3005 iu
2789 2951 2996 3008 hancce
3035 2952 3337 3008 orationem
3386 2955 3454 3008 de
3485 2953 3812 3009 divinissimi

2230 3044 2490 3115 principis
2527 3047 2698 3100 nostri
2742 3045 2999 3101 defuncta
3059 3061 3230 3100 uxore
3257 3047 3560 3101 habendam
3604 3049 3815 3113 prodii-

2231 3150 2374 3201 mus,
2403 3144 2514 3189 tum
2545 3135 2764 3200 quidem
2794 3151 2859 3190 ne
2883 3151 2999 3192 eam
3035 3153 3152 3206 quae
3184 3138 3476 3207 pulchrum
3502 3139 3624 3193 vita:
3657 3139 3815 3193 linem

2229 3235 2312 3280 est
2336 3235 2610 3290 assecuta,
2651 3226 2875 3281 .virtutis
2916 3243 3111 3296 nempe
3159 3230 3225 3284 ad
3282 3230 3494 3284 obitum
3563 3246 3814 3300 persevc-

546 3321 641 3373 καὶ
687 3321 841 3374 αὐτοὶ
884 3323 1160 3393 κοσμῆσαι
1215 3323 1291 3392 τῷ
1333 3324 1478 3392 λόγῳ
1535 3324 1635 3376 οὐκ
1689 3323 2123 3388 ἀπαξιώσαντες,

2234 3316 2486 3381 rantiam,
2524 3316 2770 3371 oratione
2811 3326 3001 3373 nostra
3032 3319 3299 3375 decorare
3329 3337 3667 3390 recusemus,
3700 3335 3812 3378 tum

548 3412 666 3482 ἅμα
694 3413 752 3466 δὲ
779 3415 875 3466 καὶ⁹
897 3415 1016 3483 ἰδία
1046 3415 1208 3484 χάριν
1233 3415 1372 3484 αὐτῇ
1397 3413 1602 3484 ταύτην
1631 3415 1994 3480 ἐκτιννὺντες,
2028 3417 2128 3483 τῆς

545 3520 608 3556 τε
646 3503 831 3567 αἰδοῦς
885 3506 980 3558 καὶ
1028 3507 1268 3569 εὐνοίας,
1306 3507 1374 3575 ἢν
1415 3507 1523 3558 αἰεὶ
1558 3507 1691 3576 ἡμῖν
1737 3506 2126 3576 ὲνδεικνυμένη

545 3596 789 3649 διετέλει.

633 3688 849 3759 Ἐκεινη
883 3690 993 3760 γὰρ
1025 3691 1089 3742 ὲκ
1115 3691 1227 3760 μὲν
1271 3690 1455 3760 χώρας
1488 3690 1562 3761 (9)
1591 3689 1692 3759 τῆς
1740 3689 1970 3752 Ἰταλίας
2010 3690 2132 3757 ἐγε-

547 3782 716 3846 γόνει,
755 3775 825 3852 ἦς
879 3781 1006 3845 τοὺς
1044 3783 1338 3851 οἰκήτορας
1392 3782 1550 3847 ἴσμεν
1609 3782 1901 3852 Ῥωμαίοις
1963 3785 2131 3836 πάλαι

553 3872 854 3940 ἑπομένους
888 3872 1090 3942 πολλῆς
1137 3874 1232 3926 καὶ
1265 3873 1360 3941 τῆς
1390 3873 1626 3944 ἀρίστης
1668 3873 1852 3942 σχεδὸν
1897 3871 1994 3942 τῆς
2024 3875 2130 3927 πά-

554 3981 653 4033 σης
680 3965 1009 4034 οἰκουμένης
1039 3965 1236 4034 μοίρας
1262 3966 1699 4034 κεκρατηκότας.
1736 3966 1844 4018 Καὶ
1875 3968 2000 4028 τοὺς
2035 3968 2131 4036 τῆς

554 4057 863 4124 ὴμεμονίας
915 4056 1088 4124 αὐτῆς
1140 4057 1301 4126 ὄρους
1355 4057 1491 4126 πρὸς
1535 4056 1633 4124 μὲν
1679 4055 1882 4126 ἄρκτον
1909 4057 2130 4127 Ἴστρῳ,

560 4148 696 4218 πρὸς
732 4149 787 4202 δὲ
817 4149 1167 4220 μεσημϐρίαν
1198 4148 1405 4217 Λιϐύης
1432 4150 1545 4210 τοῖς
1576 4148 1873 4218 ἀοικήτοις,
1915 4148 2048 4218 πρὸς
2078 4149 2135 4200 δὲ

555 4242 794 4311 ἑσπέραν
827 4240 1087 4306 Ὠκεανῷ,
1119 4240 1212 4293 καὶ
1249 4239 1382 4308 πρὸς
1410 4240 1484 4293 ἕω
1513 4240 1746 4311 Τίγρητι
1785 4241 2016 4310 ποταμῷ
2042 4258 2136 4292 πε-

556 4334 910 4400 ποιημένους.
948 4331 1155 4384 Γονέων
1185 4331 1299 4400 (10)
1335 4331 1379 4385 δ’
1407 4333 1588 4384 αὐτῶν
1616 4331 1714 4400 ἔφυ
1749 4334 1916 4404 ἀρετῇ
1945 4350 2004 4384 τε
2039 4335 2135 4386 καὶ

557 4425 822 4493 ἐμπειρία
859 4421 1160 4493 πολεμικῇ,
1199 4422 1357 4474 τοῦτο
1388 4423 1488 4490 μὲν
1509 4416 1584 4475 ὧν
1614 4419 1788 4492 ἧρξαν
1815 4423 2021 4475 πόλεων
2049 4440 2138 4474 κε-

557 4515 933 4582 κρατηκότων,
971 4512 1081 4565 αἰεὶ
1110 4511 1166 4564 δὲ
1202 4512 1341 4582 πρὸς
1373 4514 1617 4574 ἅπαντας
1652 4513 1782 4582 περὶ
1812 4514 1880 4564 τὰ
1910 4511 2136 4564 τοιαῦτα

558 4605 1015 4676 εὐδοκιμούντων.
1084 4602 1087 4603 ν

2233 3423 2362 3461 vero
2410 3415 2468 3460 ut
2525 3408 2779 3477 privatim
2820 3411 2960 3465 hanc
3008 3411 3055 3465 ei
3096 3421 3304 3479 partem
3354 3415 3701 3472 exsolvamus
3733 3435 3816 3472 re-

2232 3496 2498 3550 verentiae
2562 3507 2616 3551 et
2665 3498 3062 3556 benevolentiae
3115 3517 3280 3571 quam
3339 3506 3494 3560 nobis
3556 3509 3816 3562 exhibere

2235 3603 2510 3657 nunquam
2536 3588 2765 3644 destitit.

2306 3680 2397 3735 Illa
2428 3682 2573 3735 enim
2617 3699 2678 3737 ex
2715 3683 2900 3738 Italica
2947 3685 3166 3762 regione
3191 3696 3310 3762 orta
3343 3697 3482 3752 era},
3534 3693 3690 3762 cujus
3737 3696 3814 3748 in-

2235 3769 2383 3824 colas
2410 3769 2661 3824 novimus
2689 3761 3127 3828 Romanosolim
3183 3761 3485 3832 rﬁntineuti
3519 3761 3810 3850 progressu

2237 3860 2498 3931 majorem
2539 3861 2930 3931 melioremque
2986 3863 3104 3917 fere
3170 3867 3321 3922 orbis
3374 3869 3612 3924 universi
3647 3874 3819 3942 impe-

2238 3954 2318 4006 rio
2347 3951 2671 4022 subiugasse
2719 3953 3009 4022 etimperii
3040 3957 3303 4012 terminos
3346 3960 3511 4029 hujus
3566 3965 3631 4018 ad
3692 3981 3817 4034 sep-

2241 4045 2570 4099 tentrionem
2625 4044 2787 4109 Istro,
2862 4046 2928 4100 ad
2983 4046 3274 4103 meridiem
3361 4052 3812 4113 inbabitabilibus

2238 4136 2420 4208 Libya:
2447 4137 2711 4206 partibus,
2747 4137 2813 4191 ad
2872 4138 3211 4194 occidentem
3247 4156 3454 4197 oceano
3482 4153 3536 4198 et
3561 4147 3627 4200 ad
3660 4162 3822 4202 auro-

2241 4245 2354 4284 ram
2385 4228 2530 4300 Tigri
2565 4229 2790 4285 llumine
2827 4231 3091 4289 deﬁuitos
3164 4234 3268 4289 sibi
3305 4238 3680 4295 constituisse.
3723 4240 3821 4294 Pa-

2240 4330 2419 4376 rentes
2451 4331 2630 4376 autem
2671 4339 2735 4376 ex
2771 4324 2971 4392 quibus
2997 4334 3081 4379 est
3119 4336 3258 4389 orta,
3290 4331 3489 4384 virtute
3516 4342 3568 4385 et
3599 4333 3821 4388 militari

2241 4415 2435 4484 peritia
2470 4431 2563 4484 per
2593 4431 2756 4484 quam
2808 4416 3145 4482 civitatibus,
3177 4420 3382 4494 quibus
3410 4423 3822 4492 imperitabant,

2241 4509 2399 4577 potiti
2461 4519 2611 4574 sunt,
2663 4525 2879 4577 semper
2933 4512 3075 4579 apud
3107 4527 3300 4566 omnes
3360 4515 3412 4568 in
3455 4515 3618 4572 rebus
3657 4519 3820 4590 hujus

2241 4601 2456 4669 generis
2503 4600 2826 4654 inclaruere.

627 4696 786 4751 Οὕτω
814 4696 872 4749 δὲ
926 4699 992 4750 ὲκ
1028 4695 1288 4750 τοιούτων
1316 4695 1650 4764 φῦσα,›τῇδὲ
1696 4712 1755 4746 τε
1797 4694 2030 4747 ἐλθοῦσα
2067 4697 2124 4766 τι]

2322 4691 2548 4746 Talibus
2575 4691 2738 4760 igitur
2762 4701 2902 4759 orta,
2938 4703 3224 4764 postquam
3254 4696 3360 4751 huc
3395 4699 3658 4766 venisset,
3688 4703 3828 4758 divi-

557 4786 819 4856 θειοτάτῳ
846 4789 875 4856 ἡ
886 4786 1002 4855 μῶν
1024 4787 1338 4857 συνῴκησεν
1360 4787 1612 4855 ἡγεμόνι,
1639 4785 1790 4858 καλῷ
1821 4803 1879 4839 τε
1905 4785 2020 4839 ὄντι
2045 4791 2141 4842 καὶ

557 4879 750 4950 ἀγαθῷ
781 4879 919 4950 καλή
945 4896 1004 4932 τε
1040 4879 1281 4950 κάγαθὴ,
1313 4880 1484 4933 πολύν
1511 4897 1570 4933 τε
1618 4881 1712 4933 καὶ
1757 4879 2012 4949 λαμπρὸν
2043 4882 2133 4932 κό-

558 4990 702 5044 σμον
722 4976 997 5045 φερομένη
1031 4976 1177 5029 κατὰ
1204 4992 1263 5028 τε
1313 4977 1470 5045 σῶμα
1520 4975 1613 5027 καὶ
1643 4974 1853 5044 ψυχήνι
1887 4973 2140 5043 σώματος

561 5067 660 5134 μὲν
721 5065 918 5128 κάλλος
959 5067 1050 5119 καὶ
1107 5067 1358 5136 μέγεθος,
1398 5062 1575 5135 ψυχῆς
1603 5065 1658 5118 δὲ
1697 5067 1757 5117 τὸ
1790 5067 1924 5135 πρὸς
1957 5066 2139 5118 πᾶσαν

515 5195 518 5197 μ
558 5159 760 5227 ἀρετὴν
809 5154 868 5212 εὖ
917 5160 1183 5228 πεφυκός.
1218 5160 1399 5212 Ἕνιαι
1444 5159 1542 5228 μὲν
1583 5158 1690 5228 γὰρ
1720 5157 1828 5210 τῶν
1866 5157 2142 5225 γυναικῶν

562 5250 790 5312 κάλλους
851 5249 1104 5318 σώματος
1160 5249 1423 5320 τυχοῦσαι
1465 5248 1659 5301 ἔπειτα
1703 5247 1838 5301 πολύ
1876 5263 1928 5299 τι
1965 5245 2144 5316 ψυχῆς

565 5333 756 5407 αἶσχος
779 5338 954 5410 ’τούτῳ
977 5340 1336 5394 ἀντιτιοείσαι
1371 5340 1647 5410 ἄχρηστον
1672 5339 1824 5405 αὐτὸ,
1857 5336 2056 5408 μᾶλλον
2084 5337 2140 5388 δὲ

630 5483 708 5571 (fit
736 5483 1182 5571 iga-tinxi?“-
1222 5555 1260 5571 ..
1320 5556 1389 5571 η-

634 5556 711 5622 (7)
743 5551 958 5616 Cicero,
986 5551 1186 5624 Deleg.
1222 5555 1286 5620 ll,
1320 5556 1412 5619 2'5,
1441 5555 1535 5610 24.

635 5627 711 5694 (8)
743 5625 965 5683 Confer.
1007 5626 1110 5694 qui
1151 5627 1217 5679 de
1268 5628 1549 5694 sculptura
1607 5637 1847 5680 veterum
1904 5625 2140 5691 εει-ἱμερ-

564 5693 715 5776 nuit,
753 5695 1050 5776 Quensted,
1086 5693 1408 5775 Gyraldunt,
1447 5694 1796 5776 Gnther-ium.
1851 5695 2053 5776 Nicolai
2084 5711 2140 5776 ὀ.

566 5783 616 5822 a.
656 5765 729 5820 De
760 5765 970 5834 origine
1004 5767 1204 5836 harum
1242 5766 1550 5836 orationum
1587 5767 1694 5820 vid.
1732 5767 1953 5836 lliouys.
2001 5765 2148 5816 Hali-

766 5836 948 5904 Antiq.
996 5834 1146 5892 Rom.
1201 5837 1235 5892 Ι.
1274 5852 1326 5903 v,
1358 5852 1408 5907 p.
1449 5834 1548 5889 154
1590 5837 1696 5908 (ed.
1748 5834 2147 5906 LatﬁVignon,

2246 4781 2485 4835 nissimo
2551 4782 2783 4851 principi
2840 4794 3030 4839 nostro
3076 4786 3260 4854 nupsit
3318 4789 3547 4857 pulchra
3595 4803 3649 4846 et
3681 4794 3825 4849 bona

2251 4871 2478 4940 pulchro
2502 4882 2552 4925 et
2586 4873 2747 4938 bono,
2795 4875 3138 4944 multumque
3169 4887 3220 4929 et
3244 4879 3586 4946 splendidum
3619 4897 3826 4953 corpo-

2248 4966 2323 5018 ris
2347 4974 2398 5018 et
2430 4965 2598 5018 animi
2632 4967 2886 5021 tlecorem
2918 4983 3104 5022 secum
3137 4968 3391 5036 all‘erens,
3432 4977 3684 5043 corporis
3712 4977 3830 5046 qui-

2247 5058 2368 5126 denm
2391 5056 2838 5125 pulchritudinem
2889 5066 2943 5112 et
2986 5063 3430 5130 magnitudinem,
3471 5065 3637 5121 animi
3702 5083 3830 5123 vero

2247 5147 2488 5202 indolem
2522 5147 2586 5201 ad
2646 5164 2860 5203 onmem
2891 5150 3151 5206 virtutem
3207 5169 3236 5207 a
3295 5163 3493 5210 natura
3549 5173 3832 5228 compara-

2256 5255 2390 5298 tam.
2420 5242 2775 5297 Feminarum
2802 5244 2946 5298 enim
2978 5247 3229 5317 quaedam
3298 5252 3547 5322 corporis
3580 5265 3834 5310 venusta-

2259 5344 2366 5388 tem
2432 5335 2661 5398 sortitac,
2707 5337 2800 5390 sed
2851 5337 2979 5391 huic
3035 5339 3260 5394 multam
3326 5343 3493 5397 animi
3528 5343 3830 5400 foeditatem

2321 5479 2396 5549 (9)
2432 5480 2679 5535 Umbria.

2323 5554 2433 5621 (l0)
2471 5552 2601 5604 Filia
2637 5554 2737 5604 luit
2763 5551 3051 5606 Malatesue
3078 5553 3232 5606 ducis
3268 5552 3545 5606 Marehite.
3572 5552 3832 5610 Pltrantz.

2251 5624 2286 5676 l.
2321 5639 2370 5675 e.
2403 5623 2464 5675 ll.
2493 5621 3268 5696 c.tp.-l0._DeMalatrstarum
3296 5624 3718 5696 Arimincnsium
3745 5644 3836 5696 ge-

2253 5708 2382 5745 nere
2423 5695 2569 5747 conf.
2628 5692 2778 5744 Paul.
2833 5692 3126 5744 liamnsius
3196 5694 3246 5743 in
3310 5692 3551 5747 Dedicat.
3613 5692 3834 5749 Ilohefrti

2256 5763 2484 5815 Valturii
2520 5763 2594 5815 De
2642 5779 2694 5815 re
2731 5762 2978 5833 militari,
3024 5761 3198 5813 Paris.
3257 5778 3344 5833 ap.
3397 5762 3641 5818 Wechel.
3698 5767 3834 5820 1554

2252 5833 2347 5899 (nt
2397 5835 2476 5901 ‘2).
2513 5835 2786 5885 Pontanus
2819 5831 2882 5884 ad
2919 5834 3236 5884 l’hrantzam
3272 5831 3307 5886 Ιξ
3343 5849 3391 5887 c.
3432 5835 3498 5886 ad
3533 5835 3833 5889 Leandrum

2251 5903 2526 5958 Albertum
2563 5906 2615 5959 in
2649 5903 2956 5959 [lotnanula
2995 5901 3174 5959 Descr.
3207 5902 3341 5958 Ital.
3379 5907 3611 5974 delt-gat.
