4186 6290
545 346 655 414 945

1469 359 1858 421 LAUDATIO
1900 358 2296 419 FUNEBRIS
2337 360 2651 420 CLEOPE
2698 361 2874 423 AUG.

3691 350 3795 415 9'46

613 464 938 538 Γενναιότης
967 471 1079 543 δέἡ
1116 477 1241 545 περὶ
1264 475 1440 530 ταῦτα
1481 479 1656 533 πάντα
1695 481 1976 551 καμάτους
2019 481 2109 534 καὶ

2287 475 2632 534 Cenerositas
2666 489 2840 533 autem
2882 476 3046 531 animi
3120 477 3232 531 haec
3255 474 3392 531 eral“
3423 483 3481 528 ιιι
3512 489 3574 529 ca
3612 476 3796 530 omnia

545 555 739 622 πόνους
763 560 827 612 οὐ
855 562 1092 629 φαύλους
1120 563 1312 635 ἔχοντα
1333 568 1434 622 οὐκ
1468 570 1706 636 ἔκλυσις.

610 738 772 795 Οῦτω
799 740 857 794 δὲ
888 741 982 795 καὶ
1006 743 1144 812 μετὰ
1161 744 1420 801 τοιούτων
1451 749 1901 822 ἐπιτηδευμάτων
1925 755 2114 824 βιοῦσα

541 832 634 884 καὶ
680 833 855 887 ταῦτα
907 834 1152 888 ἀσκοῦσα
1195 839 1288 891 καὶ
1338 840 1621 907 μελετῶσα
1670 845 1812 900 καλά
1840 863 1899 898 τε
1931 847 2114 912 καλοῖς

538 924 626 976 ἀεὶ
679 924 1058 994 προστιθεῖσα,
1091 927 1184 983 ἐπὶ
1239 930 1567 1005 θυγατριδῑῳ
1620 935 1772 1006 καλῷ
1828 955 1888 990 τε
1936 940 2114 1007 κάγα-

541 1013 618 1083 θῷ
653 1015 747 1068 καὶ
775 1016 886 1069 τῶν
919 1018 1124 1085 γονέων
1155 1020 1310 1091 ἀξίῳ,
1367 1025 1426 1078 ἐν
1460 1026 1597 1097 αὐτῇ
1649 1030 1713 1097 τῇ
1763 1030 1863 1099 τῆς
1896 1032 2114 1101 ἡλικίας

537 1103 716 1175 ἀκμῇ,
747 1107 1046 1179 προσθείην
1072 1109 1116 1163 δ’
1150 1113 1236 1179 ἀν,
1270 1114 1351 1169 ὅτι
1395 1117 1489 1171 καὶ
1533 1119 1644 1171 τῶν
1675 1120 1962 1191 ἡμετέρων
1995 1125 2118 1192 ἐορ-

538 1196 648 1272 τῶν
693 1213 753 1249 τε
793 1200 887 1251 καὶ
936 1200 1100 1270 ἱερῶν
1161 1207 1275 1269 τοῖς
1319 1207 1644 1276 ἁγιωτάτοις
1691 1211 1816 1282 ἀρτι
1858 1214 1968 1284 (14)
2018 1218 2114 1270 τοῦ

539 1290 852 1355 ἀγιωτάτου
902 1295 1011 1348 τῶν
1052 1298 1342 1369 ἡμετέρων
1383 1303 1743 1374 μετειληφυῖα
1774 1309 2111 1379 μυστηρίων,

541 1381 680 1450 νόσῳ
711 1401 769 1436 τε
799 1383 1054 1458 ὀξυτάτῃ,
1095 1390 1188 1443 καὶ
1231 1393 1504 1468 κρείττονι
1532 1397 1713 1465 πάσης
1750 1400 1996 1470 ίατρικῆς
2027 1406 2115 1471 ὲγ-

541 1471 842 1542 χειρήσεως
874 1476 970 1529 τοῦ
1001 1477 1128 1546 τῇδε
1163 1478 1280 1547 βίου
1311 1481 1643 1554 ὑπεκχωρεῖ.
1693 1485 1780 1549 Ὠς
1807 1491 1900 1542 καὶ
1935 1492 2116 1544 ἐντεῦ-

539 1561 631 1615 θεν
665 1564 887 1636 θεοφιλῆ
915 1568 1027 1638 (15)
1065 1570 1131 1624 ἂν
1167 1573 1394 1638 εἰκότως
1433 1576 1632 1640 δοκεῖν,
1667 1581 1724 1632 ἐν
1756 1581 1985 1649 τοιούτῳ
2019 1583 2115 1636 τοῦ

537 1652 732 1722 καιροῦ
787 1656 892 1728 ὑπὸ
948 1657 1084 1712 Θεοῦ
1143 1662 1572 1734 ἀνειλημμένην,
1614 1669 1816 1738 πολλὴν
1861 1673 1960 1741 μὲν
2002 1677 2114 1742 τοῖς

539 1745 806 1816 ὑπηκόοις
831 1751 1154 1820 κατήφειαν,
1187 1755 1446 1825 πλείστην
1477 1760 1532 1811 δὲ
1559 1760 1634 1830 τῷ
1665 1761 1931 1836 θειοτάτῳ
1955 1770 2112 1837 ἡμῶν

537 1839 772 1907 ἡγεμόνι
826 1841 1171 1900 ἀπολιποῦσα
1225 1848 1461 1918 ἀθυμίαν
1508 1853 1600 1903 ἐπὶ
1647 1856 1711 1925 τῇ
1745 1856 1946 1928 ἑαυτῆς
1973 1861 2112 1914 ἀπο-

540 1929 693 2000 σολῇ.

621 2021 762 2075 Ἀλλ’
794 2025 844 2077 εί
882 2025 983 2095 μὲν
1013 2029 1182 2097 μηδέν
1218 2049 1268 2084 τι
1299 2027 1366 2103 ἦν
1399 2036 1455 2090 ἐν
1482 2037 1558 2108 τῷ
1599 2039 1874 2112 ἀνθρώπῳ
1907 2043 2114 2098 ἀθάνα-

536 2129 664 2205 τον..
706 2114 1009 2183 ἀνήκεστον
1039 2120 1106 2172 ἂν
1137 2116 1206 2192 ἦν
1249 2127 1393 2178 κατά
1439 2127 1500 2181 τὸ
1540 2133 1688 2194 είκὸς
1727 2134 1820 2186 καὶ
1852 2137 1880 2202 ἡ
1916 2137 2010 2189 ἐπὶ
2039 2137 2115 2205 τῷ

537 2203 754 2296 θανάτῳ
783 2206 989 2276 ἀθυμία
1013 2225 1031 2242 °
1082 2209 1177 2264 νῦν
1213 2213 1328 2284 (16)
1359 2216 1404 2268 δ’
1432 2219 1460 2270 ὅ
1501 2237 1553 2271 τι
1596 2223 1798 2291 φαμὲν,
1832 2226 1892 2278 τὸ
1940 2229 2038 2296 μέν
2061 2203 2112 2281 τι

540 2294 696 2363 ἡμῶν
749 2298 943 2368 θνητὸν
996 2298 1158 2369 εἶναι,
1199 2305 1259 2358 τὸ
1311 2305 1354 2358 δ’
1385 2309 1670 2378 ἀθάνατον,
1715 2314 1854 2383 δῆλα
1888 2294 1975 2384 δὴ,
2031 2321 2112 2374 ὅτι

537 2386 681 2440 τοῦτ’
719 2389 785 2440 ἂν
830 2390 889 2442 τὸ
924 2395 1262 2461 κυριώτατον
1309 2399 1466 2468 ἡμῶν
1520 2405 1614 2458 καὶ
1657 2406 1685 2458 ὃ
1737 2409 1974 2476 μάλιστα
2015 2413 2110 2467 ἀν-

537 2481 754 2573 θρωπος
799 2484 880 2551 εἴη
928 2484 988 2537 τδ
1023 2487 1308 2554 ἀθάνατον,
1345 2492 1405 2545 τὸ
1435 2493 1492 2548 δὲ
1535 2495 1728 2566 θνητὸν
1772 2505 1922 2555 τουτὶ
1951 2521 2115 2573 χιτω-

536 2572 651 2624 νέου
685 2574 828 2638 τινὸς
853 2574 1032 2646 δίκην,
1069 2579 1146 2650 τῷ
1175 2581 1430 2654 ἀθανάτῳ
1469 2586 1535 2640 ἂν
1560 2589 1719 2657 ἡμῶν
1752 2593 1836 2660 εἴη
1871 2572 2112 2666 προσηρ-

540 2665 834 2718 μοσιιένον.

539 2680 834 2735 μοσμενον.

608 2845 702 2934 ’ᾨς
734 2864 833 2934 που
869 2849 973 2901 κᾶν
996 2849 1110 2920 ἔχοι
1139 2855 1342 2920 καλῶς,
1377 2860 1467 2911 ἐπὶ
1498 2864 1562 2932 τῇ
1595 2864 1688 2916 τοῦ
1715 2868 1964 2934 χιτωνίου
1992 2871 2111 2924 τοῦ-

533 2929 589 2982 δε
623 2931 887 3004 ἀποϐολῇ,
915 2935 1033 2990 οὔθ’
1057 2939 1196 3005 ὑπὲρ
1226 2944 1387 3012 ἡμῶν
1417 2949 1616 3016 αὐτῶν,
1648 2953 1772 3008 οὔτε
1805 2959 1912 3010 τῶν
1941 2961 2110 3027 φίλων

535 3028 742 3120 σφόδρα
770 3047 824 3081 τι
846 3031 1102 3100 ἀθυμεῖν,
1134 3035 1238 3100 ἕως
1277 3038 1342 3092 ἂν
1371 3041 1432 3094 τὸ
1464 3047 1800 3114 κυριώτατον
1827 3053 1982 3120 ἡμῶν
2014 3057 2108 3108 καὶ

2217 582 2336 635 qua!
2400 569 2614 624 labores
2677 587 2782 624 non
2839 569 3080 623 modicos
3136 578 3189 621 ct
3262 566 3793 636 delatigationesba-

2218 659 2345 714 bent
2406 675 2510 713 non
2560 660 2832 714 deficeret.

2289 749 2579 820 Postquam
2623 766 2748 804 eum
2789 750 2855 804 ad
2898 751 3112 803 modum
3141 759 3193 803 et
3225 748 3424 803 talibus
3443 763 3564 802 cum
3593 746 3792 801 studiis

2220 843 2446 897 vixisset
2474 851 2528 896 et
2559 843 2642 898 his
2671 843 2908 898 exercita
2945 843 3093 896 euris
3129 844 3269 895 bona
3305 822 3460 895 bonis
3489 840 3792 894 addidisset

2217 933 2459 998 assidue,
2515 944 2637 1001 post
2672 932 2926 987 tenellam
2967 933 3161 995 liliam,
3199 932 3482 1001 pulchram
3523 945 3676 999 teque
3725 945 3787 984 ac

2229 1023 2429 1078 bonam
2459 1023 2792 1093 dignamque
2822 1022 3164 1092 parentibus,
3197 1023 3250 1076 in
3279 1023 3396 1090 ipso
3426 1022 3600 1076 aetatis
3637 1021 3786 1084 ﬂore,

2217 1122 2290 1179 et,
2319 1125 2378 1168 ut
2436 1116 2486 1168 id
2523 1131 2743 1185 quoque
2784 1115 3106 1180 addiderim,
3173 1114 3442 1184 perceptis
3488 1129 3659 1182 nuper
3697 1129 3788 1168 sa-

2219 1208 2564 1263 cratissimas
2595 1208 2738 1262 intra
2777 1207 3148 1262 solemnitates
3177 1220 3394 1261 nostras
3431 1214 3485 1260 et
3512 1207 3792 1276 augustis-

2218 1299 2353 1355 sima
2415 1298 2684 1354 sacriﬁcia
2726 1299 3088 1354 sanctissimis
3127 1298 3416 1370 mysteriis,
3478 1297 3797 1351 acutissimo

2221 1390 2410 1443 morbo
2450 1391 2540 1457 qui
2576 1403 2792 1442 omnem
2837 1387 3123 1442 medicinae
3182 1387 3554 1457 operationem
3625 1400 3793 1453 supe-

2217 1489 2366 1536 raret
2403 1481 2694 1543 exstincta,
2731 1495 2796 1534 ex
2838 1479 2940 1534 hac
2975 1480 3082 1533 vita
3109 1478 3368 1534 decessit.
3423 1477 3500 1531 Ita
3539 1488 3598 1531 ut
3622 1477 3788 1532 etiam

2222 1571 2349 1625 inde
2383 1587 2413 1625 a
2437 1571 2546 1625 Deo
2591 1572 2785 1625 dilecta
2817 1572 3008 1625 merito
3058 1579 3348 1624 censeatur
3409 1584 3529 1638 qua:
3568 1571 3636 1623 ab
3674 1569 3794 1638 ipso

2219 1662 2274 1714 in
2306 1663 2400 1716 tali
2429 1663 2690 1730 temporis
2764 1661 3174 1730 Opportunitate
3200 1660 3270 1714 sit
3310 1667 3616 1727 assumpta,
3653 1659 3798 1712 mul-

2222 1760 2332 1806 tum
2403 1753 2620 1821 quidem
2681 1750 2911 1804 subditis
2968 1762 3283 1814 maerorem,
3342 1747 3633 1817 plurimam
3711 1762 3800 1801 ve-

2220 1859 2281 1898 ro
2302 1843 2648 1898 divinissimo
2677 1842 2906 1912 principi
2931 1849 3117 1896 nostro
3135 1840 3415 1895 tristitiam
3450 1840 3787 1912 relinquens.

2289 2019 2448 2093 Quod
2487 2019 2532 2072 si
2583 2033 2711 2072 vero
2751 2017 2882 2071 nihil
2939 2025 3084 2071 esset
3117 2016 3423 2071 immortale
3459 2016 3510 2069 in
3553 2017 3792 2081 homine,

2217 2115 2641 2172 irremediabiiis
2681 2124 2828 2171 esset
2874 2115 2998 2184 jure
3039 2113 3234 2167 merito
3267 2113 3334 2167 de
3367 2123 3542 2167 morte
3585 2114 3797 2167 maesti-

2217 2209 2312 2263 tia.
2339 2209 2492 2264 Nunc
2538 2217 2718 2262 autem
2760 2205 2873 2276 (15)
2901 2205 3045 2273 quod
3085 2205 3400 2273 proﬁtemur
3446 2213 3651 2273 partem
3688 2221 3792 2258 no-

2221 2301 2319 2357 stri
2393 2300 2617 2354 alteram
2669 2313 2791 2353 esse
2846 2297 3154 2359 mortalem,
3224 2296 3588 2350 immortalem
3653 2311 3782 2365 vero

2217 2392 2466 2456 alteram,
2500 2390 2781 2444 evidenter
2809 2388 3168 2455 consequitur
3194 2385 3247 2440 id
3283 2386 3436 2454 quod
3479 2387 3789 2440 immortale

2215 2485 2548 2557 praecipuam
2585 2482 2755 2536 nostri
2797 2495 2922 2534 esse
2978 2489 3187 2546 partem
3247 2489 3300 2530 et
3352 2477 3569 2544 proprie
3616 2479 3791 2532 homi-

2215 2591 2362 2640 nem,
2387 2577 2488 2630 hoc
2512 2583 2692 2628 autem
2730 2570 2872 2638 quod
2911 2579 2992 2623 est
3035 2567 3285 2628 mortale,
3313 2568 3566 2620 tuniculue
3593 2568 3785 2635 cujus.

2213 2667 2337 2722 dam
2416 2667 2610 2731 instar,
2665 2666 2728 2718 ad
2802 2663 2852 2716 id
2903 2661 3048 2731 quod
3118 2669 3202 2715 est
3244 2659 3294 2712 in
3359 2659 3518 2714 nobis
3582 2660 3782 2714 mortis

2213 2759 2459 2813 nescium
2517 2757 2828 2825 adaptatum
2879 2767 3020 2806 βεεν.

2291 2849 2482 2918 Itaque
2543 2848 2679 2901 bene
2729 2861 2788 2900 se
2825 2859 2909 2898 res
2948 2845 3164 2908 habeat,
3224 2845 3294 2908 si,
3346 2843 3554 2911 abiecta
3619 2843 3786 2898 haece

2213 2941 2478 3005 tunicula,
2510 2953 2686 3007 neque
2714 2938 2780 2992 de
2816 2937 2975 2990 nobis
3007 2935 3137 3005 ipsis
3186 2950 3361 3003 neque
3391 2937 3457 2990 de
3503 2936 3645 2990 caris
3699 2951 3794 2989 no-

2214 3034 2349 3090 stris
2372 3033 2728 3086 veltementcr
2755 3029 3062 3097 lugeamus,
3090 3027 3532 3096 quandoquidem
3560 3028 3702 3096 quod
3728 3029 3782 3082 in
3805 3073 3807 3075 .

532 3118 560 3171 δ
588 3120 652 3189 δὴ
684 3122 836 3173 αὐτοί
867 3125 1056 3192 ἐσμεν,
1098 3127 1159 3178 οὐ
1216 3129 1377 3195 μόνον
1410 3140 1732 3207 συνεστήκοι
1777 3118 1855 3194 τεν
1877 3149 1971 3198 καὶ
2011 3147 2109 3198 σώ-

2217 3124 2373 3178 nobis
2399 3131 2483 3176 est.
2514 3122 2842 3190 praecipuum
2899 3128 2951 3173 et
2978 3118 3120 3187 quod
3165 3119 3269 3187 ipsi
3303 3134 3494 3174 sumus
3551 3133 3660 3172 non
3693 3133 3783 3172 so-

535 3211 702 3303 ζοιτο,
739 3213 874 3268 ἀλλά
926 3215 1021 3268 καὶ
1068 3218 1201 3285 πρὸς
1245 3221 1494 3288 ἀμείνοσι
1544 3227 1850 3298 διατριϐαῖς
1890 3238 2114 3303 γεγονὸς

533 3301 620 3371 ε’ῖη
648 3302 755 3355 τῶν
787 3305 910 3373 τῇδε
935 3321 950 3335 ο
1018 3305 1113 3358 ἆτε
1147 3307 1371 3376 ἄμεινόν
1407 3328 1465 3364 τε
1514 3315 1608 3366 καὶ
1653 3301 2114 3387 εἰλικρινέστατον

532 3398 599 3463 τῇ
631 3395 722 3448 τοῦ
751 3395 948 3466 θνητοῦ
975 3399 1069 3450 καὶ
1098 3400 1334 3466 γεώδους
1358 3404 1511 3458 τοῦδε
1548 3409 1956 3479 περιϐλήματος
1977 3417 2112 3471 ἀπο-

535 3485 682 3538 θέσει
724 3486 1100 3554 ἐφαπτόμενον
1132 3506 1188 3541 τε
1227 3491 1332 3544 τῶν
1363 3493 1522 3547 θείων
1561 3500 1654 3550 καὶ
1681 3501 1974 3560 ἀπολαῦον.
2003 3509 2112 3560 Καὶ

539 3574 775 3666 μάλιστα
799 3577 851 3628 εί
874 3575 950 3646 τῲ
977 3595 1058 3641 τις
1089 3580 1182 3633 καὶ
1213 3582 1464 3636 ἐντεῦθεν
1498 3589 1696 3658 μελέτη
1727 3594 1815 3645 καὶ
1852 3597 2112 3666 συνήθεια

534 3665 621 3734 εἴη
648 3667 784 3735 προς
809 3667 969 3733 αὐτὰ,
995 3670 1123 3722 οἵων
1153 3674 1244 3724 καὶ
1266 3674 1364 3744 τὴν
1396 3678 1491 3729 νῦν
1515 3679 1802 3750 οἰχομένην
1826 3665 2110 3753 τεύξεσθαι

534 3756 844 3827 ἐλπὶζομεν,
876 3759 936 3813 εὖ
982 3761 1083 3830 μὲν
1139 3763 1492 3832 βεδιωκυῖαν,
1539 3770 1598 3823 εὖ
1631 3773 1687 3826 δὲ
1718 3775 1850 3829 Θεὸν
1884 3780 2108 3848 τεθερα-

535 3850 821 3913 πευκυῖαν,
859 3848 920 3901 εὖ
968 3851 1023 3904 δὲ
1085 3855 1216 3922 πρὸς
1263 3856 1358 3920 τὰς
1394 3859 1574 3914 ἐκεῖσε
1605 3863 1892 3934 διατριϐὰς
1942 3889 2111 3941 παρε-

535 3942 932 4012 σκευασμένην.
1736 3932 1746 3934 7
1766 3932 1776 3944 ’

614 4031 673 4083 '0
722 4031 778 4084 δέ
821 4051 884 4098 γε
935 4034 1184 4088 ἐντεῦθεν
1234 4039 1457 4092 ἐκείνων
1506 4043 1838 4116 ἀμελέτητος
1881 4051 2110 4116 εἰκότως

533 4121 712 4173 ἐκεῖσε
738 4123 1068 4191 ἀφικόμενος
1099 4126 1346 4198 ἰλιγγιῴη
1380 4147 1438 4181 τε
1470 4130 1534 4183 ἂν
1570 4135 1660 4186 καὶ
1688 4136 2106 4210 ἀποστρέφοιτο,

531 4213 626 4265 ἆτε
663 4213 962 4283 ἀλλοτρίοις
993 4234 1050 4269 τε
1088 4219 1174 4271 διὰ
1199 4219 1298 4289 τὴν
1329 4221 1589 4291 ἀλήθειαν
1627 4228 1716 4279 καὶ
1757 4229 1817 4280 οὐ
1854 4233 1992 4285 πάνυ
2026 4253 2108 4288 τοι

531 4305 711 4376 ἐαυτῷ
782 4308 1122 4378 προσήκουσι
1186 4313 1508 4383 πράγμασιν
1577 4320 1945 4391 ἐντυγχάνων.
2007 4330 2108 4381 Λο-

529 4399 744 4463 γιστέον
773 4397 816 4449 δ’
844 4398 909 4450 ἂν
954 4399 1041 4470 εἴη
1093 4403 1220 4472 περὶ
1263 4403 1358 4456 τοῦ
1389 4399 1926 4483 θανάτου,’καθαπερ
1963 4417 2025 4470 ἂν
2058 4423 2105 4472 εἰ

528 4489 658 4555 περὶ
681 4491 988 4560 ἀποδημίας
1026 4497 1264 4563 μακρᾶς,
1298 4498 1625 4569 καὶταύτης
1654 4504 1748 4555 ἐπὶ
1784 4507 1915 4561 πολὺ
1944 4510 2106 4578 ἀμεί-

527 4595 673 4630 νςσν
704 4580 769 4631 ἂν
800 4581 984 4633 ἐλπίσι
1033 4586 1381 4656 γιγνομένης.
1415 4589 1476 4639 Οἱ
1512 4590 1618 4658 γάρ
1653 4592 1836 4646 πολλοὶ
1877 4597 1968 4649 καὶ
2017 4599 2108 4650 δα-

527 4670 789 4738 κρύουσιν
813 4673 1239 4740 ἀποδημούντων
1268 4677 1378 4729 τῶν
1405 4679 1764 4749 φιλουμένων,
1797 4687 2104 4755 ἐννοοῦντες

524 4761 695 4831 δήπου
726 4765 825 4834 τὴν
857 4767 914 4817 ἐν
939 4764 1012 4834 τῷ
1045 4768 1272 4835 παρόντι
1306 4769 1550 4840 ἀλλήλων
1573 4773 1875 4831 διάστασιν.
1914 4781 2103 4850 Ὅμως

527 4853 713 4920 μέντοι
750 4854 1110 4924 λογιζόμενοι,
1146 4859 1232 4927 ἐφ’
1256 4861 1395 4923 οἵαις
1436 4862 1630 4914 ἐκεῖνοι
1677 4867 1988 4922 στέλλονται
2023 4873 2104 4922 ἐλ-

525 4947 662 5002 πίσι,
691 4946 786 4998 καὶ
811 4950 1201 5018 συγχαίρουπιν
1225 4968 1236 4980 °
1272 4953 1347 5016 ὡς
1380 4954 1529 5019 δῆλοι
1561 4956 1836 5025 γίγνονται
1869 4961 1945 5029 τῷ
1978 4965 2105 5015 συ).-

525 5036 822 5104 λαμδὲινειν
868 5041 1015 5093 ἐστιν
1057 5043 1146 5092 ὅτε
1181 5043 1385 5108 αὐτοῖς,
1435 5049 1561 5115 περὶ
1604 5051 1773 5119 συχνὰ
1820 5051 1929 5106 τῶν
1966 5056 2103 5124 πρὸς

525 5126 838 5195 ἀποδημίαν
873 5131 1165 5196 φερόντων.
1206 5130 1364 5184 Οῦτω
1404 5133 1468 5204 δὴ
1495 5134 1587 5186 καὶ
1619 5137 1712 5188 ἐπὶ
1737 5138 1826 5189 τοῦ
1871 5141 2102 5193 θανάτου

525 5216 632 5267 τῶν
685 5219 1026 5288 φιλουμένων
1073 5221 1333 5290 ἄχθεσθαι
1393 5227 1494 5292 μὲν
1538 5211 1688 5296 ἡμᾶς
1718 5231 1852 5299 πρὸς
1896 5230 2098 5297 ὀλίγον,

525 5308 748 5361 ἐκείνων
783 5310 1311 5380 ἀπολελειμμένους,
1343 5315 1428 5366 ἐπ’
1449 5318 1587 5389 αὐτῇ
1613 5322 1676 5389 τῇ
1700 5320 2005 5389 ἀπολείψει,
2037 5323 2096 5374 οὐ

526 5400 666 5453 πάνυ
698 5419 750 5455 τι
782 5401 848 5455 ἂν
888 5403 972 5472 εἴη
1009 5403 1213 5457 ἄτοπον
1235 5419 1249 5435 ⁸
1278 5406 1662 5478 λογιζομένους
1705 5412 1914 5481 μέντοι,
1952 5415 2098 5467 ἐκεί-

600 5557 713 5622 (Ι-ί)
742 5558 966 5611 Sacram
1002 5561 1252 5614 missam.

597 5627 996 5705 μδγ-ῖνευλςιλὴς
1020 5630 1485 5705 lclis,_beatus._dc
1507 5635 1704 5705 eo,iqui
1728 5646 1871 5689 recte
1893 5641 2100 5705 agendo

527 5700 904 5776 κατορθοῦται.
934 5700 1080 5776 _l_»_ule
1124 5701 1356 5763 Θανατος
1400 5700 1805 5774 θεοφιλέστερος
1858 5700 1953 5776 up:
1997 5711 2102 5764 Xe-

527 5770 691 5837 tloplt.
735 5770 890 5822 Mem.
931 5771 1016 5835 iV,
1057 5773 1109 5838 8,
1143 5774 1193 5826 5.

2221 3219 2330 3272 lum
2359 3217 2624 3270 consistat
2647 3224 2702 3266 et
2730 3221 2998 3276 servetur,
3024 3212 3118 3264 sed
3155 3219 3209 3266 et
3243 3212 3308 3266 ad
3367 3213 3591 3266 meliora
3629 3226 3794 3281 quam

2217 3324 2339 3378 quae
2370 3307 2460 3359 hic
2493 3303 2956 3358 sunttransierit:
3017 3301 3214 3356 melius
3261 3302 3462 3371 quippe
3499 3312 3553 3356 et
3604 3303 3788 3358 since-

2217 3399 2352 3459 rius,
2382 3397 2631 3463 deposito
2694 3393 2906 3446 mortali
2951 3393 3056 3446 hoc
3116 3401 3168 3446 et
3201 3393 3446 3448 terrestri
3478 3393 3788 3458 involucro,

2214 3492 2398 3546 divina
2421 3489 2637 3556 attingit
2664 3486 2857 3549 hisque
2886 3482 3109 3547 fruitur,
3151 3485 3195 3538 si
3227 3483 3315 3537 cui
3353 3485 3656 3554 prmsertim
3678 3487 3790 3553 jam

2212 3592 2266 3636 et
2325 3583 2450 3634 hinc
2499 3576 2812 3632 exercitatio
2856 3574 3020 3628 fuerit
3069 3584 3123 3628 et.
3187 3577 3527 3630 consuetudo
3597 3579 3664 3630 ad
3725 3592 3789 3631 ea

2218 3673 2398 3744 qualia
2419 3680 2840 3724 conseculuram
2870 3681 2990 3719 esse
3022 3679 3306 3732 speramus
3335 3683 3454 3721 eam
3488 3683 3609 3736 qua:
3634 3670 3794 3722 modo

2212 3764 2463 3821 defuncta
2531 3770 2633 3827 est,
2697 3773 2924 3826 quaeque
2953 3759 3155 3826 optime
3210 3759 3363 3823 vixit,
3417 3760 3621 3828 optime
3676 3760 3787 3814 Deo

2211 3855 2464 3910 servierit
2510 3865 2559 3906 ct
2605 3851 2808 3920 optime
2842 3861 3090 3915 supernae
3132 3848 3204 3902 illi
3239 3848 3645 3904 conversationi
3674 3865 3794 3905 sese

2144 4011 2149 4016 _
2214 3962 2359 4016 praep
2378 3947 2555 3998 trarii.

2283 4034 2384 4100 Qui
2409 4043 2589 4088 autem
2628 4033 2715 4086 hic
2741 4035 2848 4087 illis
2880 4035 2933 4087 in
2969 4033 3131 4088 rebus
3160 4031 3324 4085 fuerit
3360 4030 3782 4094 inexercitatus,

2211 4128 2341 4184 illuc
2374 4144 2494 4182 cum
2521 4130 2847 4197 pervenerit,
2883 4129 3170 4195 vertigine,
3205 4136 3262 4180 ut
3302 4141 3399 4196 par
3438 4134 3544 4191 est,
3578 4125 3790 4179 tenebi-

2214 4231 2300 4276 tur
2333 4223 2804 4290 aversabiturque,
2835 4231 2894 4274 ut
2929 4221 3023 4288 qui
3059 4220 3123 4274 a.l
3152 4219 3332 4272 aliena
3365 4233 3490 4270 vere
3556 4226 3611 4270 et
3641 4217 3790 4271 nullo

2213 4312 2374 4366 modo
2413 4313 2478 4365 ad
2507 4326 2564 4365 se
2597 4311 2920 4380 pertinentia
2947 4311 3270 4365 occurrerit.
3314 4310 3481 4363 Porro
3520 4308 3585 4362 de
3615 4319 3793 4367 morte

2215 4404 2285 4457 ita
2317 4404 2658 4457 sentiendum
2690 4403 2851 4456 fuerit
2875 4405 3029 4471 quasi
3062 4403 3127 4454 de
3151 4403 3445 4470 longinqua
3475 4402 3791 4470 peregrina-

2222 4498 2386 4558 tione,
2431 4511 2550 4563 quze
2584 4496 2648 4547 ad
2677 4511 2801 4563 spes
2839 4496 3009 4546 multo
3029 4493 3282 4546 meliores
3319 4492 3511 4544 initur.
3549 4492 3686 4545 Nam
3736 4502 3790 4548 et.

2220 4586 2490 4655 plerique,
2529 4584 3003 4654 proficiscentibus
3041 4584 3256 4643 anicis,
3295 4582 3688 4650 lacrymantur,
3737 4583 3789 4636 in

2210 4675 2466 4746 pra'senti
2506 4678 2694 4742 utique
2734 4686 2979 4726 mutuam
3013 4672 3410 4740 separationem
3445 4673 3630 4727 animo
3671 4675 3789 4725 vol-

2212 4776 2418 4844 ventes.
2450 4765 2637 4835 Neque
2666 4781 2729 4818 co
2754 4766 2954 4825 minus,
2991 4772 3310 4830 reputantes
3368 4777 3502 4832 quas
3535 4763 3603 4816 ob
3662 4779 3788 4832 spes

2210 4861 2275 4912 ad
2302 4859 2402 4911 iter
2429 4872 2550 4910 sese
2585 4858 2866 4923 accingunt
2908 4853 3006 4916 illi,
3046 4855 3414 4920 congaudent,
3481 4852 3627 4921 quod
3660 4855 3785 4921 qui-

2208 4951 2327 5004 dem
2365 4957 2513 5017 patet
2542 4948 2670 4999 dum
2699 4945 2763 4998 iis
2806 4945 3142 4998 collaboraut
3180 4943 3471 5005 aliquando
3500 4944 3553 4996 in
3615 4942 3786 4996 multa

2207 5059 2328 5110 quae
2363 5044 2428 5094 ad
2482 5038 2968 5109 peregrinationem
3027 5036 3330 5089 conferunt.
3395 5034 3487 5089 Sic
3549 5036 3787 5104 igilut'ct

2211 5151 2308 5190 nos
2353 5135 2418 5188 de
2453 5142 2626 5186 morte
2657 5131 2950 5184 charm-um
2987 5128 3165 5181 dolere
3213 5129 3281 5180 ab
3314 5127 3418 5180 illis
3468 5128 3780 5190 derelictos,

2211 5227 2313 5280 sub
2337 5224 2510 5293 ipsam
2548 5221 2979 5282 derelictionem,
3016 5235 3357 5287 nequaquam
3392 5219 3782 5273 inconveniens

2212 5316 2393 5371 fuerit.
2425 5314 2848 5368 Consideranles
2879 5322 3052 5363 tamen
3075 5315 3264 5382 quales
3287 5316 3350 5365 ad
3399 5313 3558 5367 sedes
3588 5313 3784 5379 migra-

2209 5411 2387 5466 veriut
2415 5407 2505 5462 isti
2539 5415 2595 5461 et
2627 5408 2878 5460 meliores
2907 5406 3336 5474 divinioresque,
3390 5421 3599 5474 nosque
3633 5405 3783 5473 ipsos

2289 5564 2402 5632 (16)
2434 5562 2507 5616 Τὸ
2549 5561 2872 5627 ὑπολειφθὲν
2904 5561 3086 5632 σῶμα,
3123 5557 3530 5632 γειῖιδες-ὂνᾼκαὶ
3564 5558 3782 5632 ἄλογον,

2209 5628 2308 5688 οὐκ
2344 5628 2492 5686 ἔστιν
2520 5635 2547 5684 ὁ
2579 5633 2886 5699 ἄνθρωπος.
2927 5628 3122 5696 Ἡμεῖς
3151 5628 3249 5692 μὲν
3278 5628 3385 5699 γάρ
3415 5630 3580 5697 ἐσμεν
3607 5631 3781 5699 ψυχὴ,

2211 5707 2350 5766 ζῶον
2414 5698 2702 5762 ἀθάνατον,
2766 5702 2822 5751 ἐν
2858 5699 3037 5768 θνητῴ
3085 5698 3482 5765 καθειργμένον
3517 5698 3779 5770 φρουρίῳ.

2212 5775 2462 5832 .Escbiu.
2499 5772 2626 5825 Dial.
2659 5787 2735 5832 nt,
