4186 6290
378 291 483 356 947

1616 289 1941 351 GEORGII
1989 288 2422 351 PLETHONIS

3534 273 3643 341 9i8

378 412 538 484 quasi
569 409 636 466 ad
683 412 847 466 breve
874 419 1088 480 tempus
1122 406 1190 461 ab
1256 405 1362 460 illis
1408 404 1677 469 desertos,
1734 418 1952 460 rursum

2080 421 2181 468 ὀυς
2212 421 2270 457 τε
2309 402 2443 469 πρὸς
2468 400 2611 464 οἵαις
2635 400 2884 469 γένοιντο
2915 396 3220 467 διατριϐατς
3272 396 3347 456 ὡς
3385 394 3643 462 ἀμείνοσι

378 503 581 560 melius
600 510 654 559 et
688 504 756 557 ad
780 500 1033 558 beatiora
1057 512 1248 553 eorum
1282 496 1461 553 socios
1490 494 1627 560 fore,
1662 495 1953 549 maximam

379 596 585 652 doloris
615 604 827 666 partem
854 602 1113 649 excutere
1140 599 1358 661 oportet
1388 598 1441 645 et
1477 602 1641 660 quam
1670 588 1958 643 mitissime

377 688 745 743 calamitatem
790 684 961 741 ferre.

451 949 733 1007 Fortassis
762 948 863 1005 abs
892 964 950 1004 re
976 962 1085 1005 non
1118 948 1225 1002 erit
1252 947 1323 1003 de
1352 948 1519 1003 animi
1549 948 1962 1003 immortalitate

379 1053 435 1099 et
462 1043 766 1100 aeternitate
796 1055 970 1111 pauca
1013 1040 1339 1110 quadamtet
1370 1053 1494 1110 qua:
1522 1039 1696 1108 magis
1754 1038 1867 1093 sint
1892 1038 1959 1091 ad

385 1151 605 1191 ntamtm
644 1135 939 1190 disserere.
966 1131 1221 1188 Forsitan
1250 1130 1396 1187 enim
1431 1130 1600 1200 aliqui
1658 1139 1810 1197 sunt,
1867 1128 1962 1199 qui

382 1227 452 1282 de
484 1226 588 1282 hoc
621 1225 738 1296 ipso
765 1222 1126 1281 dubitandum
1162 1235 1286 1278 esse
1314 1230 1575 1278 censeant
1603 1230 1659 1277 et
1719 1226 1966 1276 metuant

383 1333 477 1383 ne,
514 1325 800 1386 postquam
838 1314 1106 1371 interierit
1140 1315 1318 1379 homo,
1350 1322 1405 1367 et
1438 1313 1553 1382 ipse
1594 1313 1810 1369 animus
1840 1327 1965 1368 eum

383 1406 553 1461 haece
578 1403 722 1460 mole
744 1404 1080 1459 dissolvatur
1134 1412 1191 1458 et
1251 1402 1441 1459 nullus
1492 1402 1644 1457 ullibi
1702 1402 1964 1474 supersit.

384 1496 719 1562 Quorumex
755 1497 945 1551 animo
965 1495 1071 1550 nisi
1101 1503 1305 1550 metum
1362 1495 1508 1549 hunc
1563 1494 1823 1561 auferas,
1902 1508 1967 1547 ex

382 1587 593 1642 caneris
608 1594 754 1643 certe
771 1586 1115 1643 sermonibus
1131 1585 1333 1640 nullam
1354 1594 1448 1640 aut
1462 1583 1733 1640 modicam
1754 1586 1967 1654 capFent

386 1680 702 1735 utilitatem.

455 1791 825 1848 Immortalem
862 1790 1008 1846 enim
1069 1805 1191 1846 esse
1242 1789 1483 1846 hominis
1540 1790 1808 1855 animum,
1857 1805 1963 1844 non
1999 1790 2037 1841 Β

387 1895 572 1937 nostra
596 1893 806 1938 tantum
830 1892 917 1939 est
944 1882 1212 1950 doctrina,
1280 1896 1460 1952 neque
1484 1898 1550 1938 ex
1613 1883 1819 1938 recenti
1878 1882 1960 1937 vel

386 1975 550 2029 etiam
579 1974 634 2028 in
656 1975 841 2029 multis
884 1975 1070 2045 utique
1093 1974 1243 2030 orbis
1292 1974 1564 2046 partibus,
1613 1977 1710 2030 sed
1739 1974 1962 2043 antiqua

387 2076 442 2120 et
471 2079 538 2120 ex
567 2067 872 2137 antiquoet
920 2080 1137 2137 semper
1189 2067 1333 2138 apud
1388 2067 1548 2136 longe
1594 2066 1861 2134 plurimas
1910 2076 1967 2119 et

388 2158 856 2214 celebratissimas
877 2159 1160 2215 hominum
1196 2170 1389 2228 gentes
1420 2167 1473 2214 et
1514 2158 1711 2213 tradita
1744 2167 1798 2213 et
1832 2173 1966 2227 prae-

389 2249 588 2315 dicata,
649 2250 760 2305 imo
812 2265 944 2306 vero
1000 2250 1070 2304 ita
1121 2251 1236 2305 fere
1267 2250 1525 2306 omnibus
1607 2250 1835 2313 credita,
1909 2257 1969 2302 ut

390 2340 667 2412 propalam
688 2341 759 2397 sit
775 2357 968 2399 omnes
992 2342 1218 2398 omnino
1240 2341 1489 2397 homines
1511 2341 1634 2397 ideo
1652 2342 1705 2396 in
1721 2351 1969 2397 mortuos

390 2435 655 2505 obsequia
682 2435 930 2505 quaedam
949 2435 1220 2498 conferre,
1242 2434 1386 2499 quod
1414 2449 1739 2503 persuasum
1766 2433 1971 2488 habent

390 2544 467 2583 «ιιι-
486 2543 591 2582 non
625 2529 781 2597 quasi
812 2530 887 2585 iis
912 2529 1003 2599 qui
1026 2530 1137 2599 jam
1173 2530 1308 2582 nihil
1368 2528 1501 2594 sint,
1561 2528 1658 2582 sed
1713 2528 1871 2596 quasi
1902 2525 1972 2581 iis

390 2622 485 2689 qui
544 2620 861 2701 sintLquam
924 2622 1162 2677 maxime
1216 2630 1271 2676 et
1329 2622 1646 2677 consistant
1705 2618 1972 2691 impendi.

391 2712 625 2769 Constat
645 2714 790 2769 enim
823 2715 1076 2770 homines
1095 2716 1344 2770 eumdem
1370 2716 1436 2769 ad
1462 2717 1682 2770 modum
1709 2725 1762 2769 et
1781 2716 1849 2769 de
1871 2715 1975 2769 llde

393 2807 567 2861 divini
621 2806 863 2861 tiu-minis
922 2818 979 2861 et
1032 2807 1100 2861 de
1152 2806 1561 2861 immortalitate
1626 2808 1791 2861 animi
1854 2823 1976 2862 sese

397 2901 620 2955 habere.
657 2900 788 2952 Esse
816 2897 962 2952 enim
999 2898 1245 2952 divinum
1306 2913 1506 2952 numen
1556 2908 1746 2952 tenent
1784 2914 1976 2952 omnes

398 3000 459 3045 et.
480 2991 630 3061 iuxta
657 2989 906 3044 decretas
941 2988 1043 3042 sibi
1081 2989 1226 3059 leges
1253 2987 1461 3053 colunt,
1483 3000 1806 3054 omnesque,
1863 2985 1973 3041 fato

402 3081 608 3138 functis
626 3082 940 3137 hominibus
968 3082 1226 3150 obsequia
1249 3079 1580 3145 deterentes,
1606 3080 1705 3135 hos
1724 3094 1977 3148 superes-

402 3191 460 3232 se
490 3187 542 3231 et
566 3176 865 3231 consistere
900 3178 1074 3245 pa‘am
1106 3179 1454 3245 protitcntur,
1486 3177 1556 3227 ita
1591 3184 1649 3231 ut
1694 3176 1978 3245 arqualiter

406 3281 637 3338 utraque
664 3267 850 3338 Opinio
878 3282 956 3322 cet
976 3277 1081 3321 tam
1106 3268 1303 3321 haheat
1325 3268 1506 3322 linem.
1528 3267 1682 3333 Quod
1715 3267 1760 3322 si
1791 3268 1977 3337 utique

403 3364 470 3416 de
496 3361 864 3432 qualicunque
912 3377 970 3417 rc
1012 3364 1081 3415 sit
1120 3358 1499 3424 dubitandum,
1534 3371 1589 3414 at
1618 3371 1765 3415 certe
1795 3360 1863 3414 de
1894 3360 1979 3413 his

400 3470 524 3525 quae
545 3454 996 3510 manifestissime
1048 3464 1101 3509 et
1146 3453 1422 3508 cmnmuni
1452 3452 1663 3507 calculo
1687 3460 1741 3507 et
1767 3466 1979 3520 semper

402 3547 546 3617 apud
576 3560 766 3603 omnes
793 3546 1046 3603 homines
1081 3556 1206 3603 sunt
1242 3549 1458 3601 decreta
1492 3559 1772 3615 nunquam
1822 3544 1981 3598 dubi-

407 3644 520 3688 tare
543 3634 723 3690 liceat.

476 3751 557 3806 Ad
582 3752 696 3809 hinc
718 3761 922 3818 autem,
948 3753 1156 3807 nullum
1192 3768 1254 3806 ex
1322 3755 1697 3809 animantibus
1750 3756 1983 3810 rationis

403 3846 721 3916 expertibus
755 3862 957 3901 numen
990 3846 1206 3915 aliquod
1236 3847 1497 3900 exsistere
1562 3846 1815 3909 credidit.
1861 3848 1983 3903 ideo

406 3939 550 4007 quod
575 3954 797 3996 causam
851 3954 957 3994 non
1019 3938 1286 4008 intelligit,
1330 3954 1508 4009 neque
1552 3940 1981 3995 immortalitatis

406 4031 678 4087 desiderio
709 4031 849 4085 allici
885 4040 1083 4098 potest,
1109 4032 1237 4100 quia
1275 4047 1381 4084 non
1415 4032 1558 4099 capit
1609 4033 1928 4088 inﬁnitatem
1967 4051 1981 4100 ;

408 4122 555 4196 quod
584 4122 980 4179 siinlinitatcm
1023 4138 1130 4177 non
1181 4123 1346 4191 capit,
1413 4140 1513 4177 nec
1568 4125 1926 4178 aeternitatem
1964 4144 1982 4179 τ

412 4216 504 4273 sed
533 4214 785 4271 rationali
850 4222 1057 4270 natura
1117 4214 1242 4279 soli,
1305 4225 1500 4282 praater
1538 4224 1735 4269 caetera
1794 4219 1983 4281 multa,

411 4308 539 4364 data
566 4316 648 4364 est
676 4317 729 4363 et
756 4322 936 4363 causa:
952 4317 1005 4362 et
1028 4307 1312 4362 inﬁnitatis
1329 4308 1589 4377 cognitio,
1605 4324 1709 4379 qua
1729 4311 1993 4379 praeditus

413 4410 464 4456 et
509 4402 696 4468 homo,
727 4409 913 4472 utpote
934 4399 1258 4456 rationalem
1282 4402 1530 4456 animum
1568 4416 1597 4456 a
1626 4403 1734 4457 Dco
1758 4406 1985 4458 sortitus

2060 496 2153 549 καὶ
2184 494 2503 565 θειοτέραις,
2530 492 2761 556 ἑαυτούς
2788 509 2847 544 τε
2880 492 2957 553 ὡς
3008 489 3142 559 πρὸς
3192 488 3373 555 ὀλίγον
3419 486 3645 539 ἐκείνων

2059 587 2545 660 ἀπολελειμμένοι,
2579 582 2737 647 αὖθις
2780 583 3002 655 ἄμεινόν
3044 598 3103 632 τε
3151 580 3245 632 καὶ
3277 578 3363 631 ἐπ’
3390 577 3642 646 ἀμείνοσι

2060 683 2354 752 πράγμασι
2403 677 2797 748 συνεσοίμεθα,.
2832 673 2926 728 τοῦ
2959 691 3027 727 τε
3068 669 3265 726 πολλοῦ
3317 670 3418 739 τῆς
3468 670 3644 736 λύπης

2061 774 2142 827 δεῖ
2178 774 2435 845 ἀφαιρεῖν
2484 772 2579 849 καὶ
2606 769 2797 839 φέρειν
2844 766 2911 820 ἃν
2944 765 3020 831 ὡς
3052 765 3339 835 πραότατα
3380 761 3479 833 τὴν
3512 779 3649 833 συμ-

2065 867 2265 934 ῳορὰν.

2139 960 2301 1023 Ἴσως
2358 957 2404 1012 δ’
2455 958 2556 1011 οὐκ
2616 955 2681 1009 ἂν
2731 954 2963 1023 ἄκαιρον
3019 953 3104 1022 εἴη
3152 952 3246 1004 καὶ
3299 948 3435 1019 περὶ
3469 948 3649 1019 ψυχῆς

2066 1052 2375 1111 ἀθανασίας
2407 1068 2471 1104 τε
2504 1049 2596 1102 καὶ
2640 1046 2947 1117 ἀϊδιότητος
2998 1044 3181 1115 βραχέ
3213 1044 3348 1096 ἄττα
3381 1042 3477 1096 καὶ
3507 1041 3651 1094 αὐτὰ

2066 1146 2136 1200 τά
2165 1144 2577 1215 προχειρότατα
2615 1140 2868 1195 διελθεῖν.
2907 1138 3066 1201 Ἴσως
3102 1137 3213 1207 γὰρ
3244 1136 3309 1188 ἀν
3337 1152 3481 1198 τινες
3513 1129 3649 1200 εἷεν,

2067 1241 2118 1294 οἳ
2166 1240 2262 1295 xui
2320 1237 2451 1307 περὶ
2508 1236 2685 1291 αὑτοῦ.
2712 1233 2911 1288 τούτου
2936 1231 3241 1296 ἐνδοιάζειν,
3278 1232 3343 1283 ἂν
3370 1229 3651 1295 ἀξιοῦντες

2068 1334 2162 1387 καὶ
2209 1332 2462 1396 δεδιότες,
2496 1328 2593 1399 μὴ,
2628 1325 3121 1397 ιπειδάνάποθάνῃ
3156 1326 3183 1379 ό
3214 1324 3525 1394 ἄνθρωπος,
3555 1320 3653 1376 καὶ

2069 1429 2104 1498 ὴ
2130 1426 2278 1496 ψυχὴ
2302 1425 2439 1495 τῷδε
2465 1424 2545 1493 τῷ
2581 1425 2732 1491 δγκῳ
2765 1420 3149 1492 συνδιαλύηωί
3172 1437 3234 1486 γε
3263 1419 3357 1473 καὶ
3379 1418 3532 1473 οὒδὶν
3565 1418 3650 1472 ἔτι

2069 1514 2308 1585 οὐδαμοῦ
2361 1514 2640 1583 λείπηται.
2672 1507 2773 1567 Ὧν
2803 1511 2868 1582 ἢν
2901 1514 2974 1583 μή
3020 1529 3104 1576 τις
3133 1508 3293 1581 ἐξέλῃ
3333 1511 3433 1580 τῆς
3469 1509 3652 1579 ψυχῆς

2070 1609 2230 1662 τοῦτο
2255 1607 2316 1660 τδ
2348 1607 2490 1672 δέος,
2517 1606 2625 1659 τῶν
2654 1624 2718 1674 γε
2741 1605 2917 1660 ἀλλων
2948 1605 3167 1660 πάντων
3199 1602 3381 1671 λόγων
3401 1601 3554 1656 οὑδὶν
3584 1602 3655 1657 ἂν

2073 1703 2106 1772 ἢ
2145 1700 2379 1770 σμικρόν
2404 1715 2458 1752 τι
2493 1699 2705 1768 γένοιτο
2726 1697 2940 1768 ὄφελος.

2153 1816 2243 1878 Ὦς
2292 1814 2406 1886 γάρ
2432 1814 2701 1869 ἀθάνατον
2748 1812 2899 1883 ψυχὴ
2949 1815 2985 1881 ἡ
3034 1813 3354 1885 ἀνθρωπίνη
3394 1815 3528 1887 (Π),
3555 1816 3656 1887 οὐχ

2070 1908 2341 1979 ἡμέτερος
2373 1906 2534 1975 μόνον
2561 1907 2590 1959 ό
2610 1905 2766 1967 λόγος
2787 1906 2896 1957 οὐδ’
2920 1908 2984 1958 ἐκ
3012 1905 3133 1958 νέου
3168 1905 3201 1973 ἢ
3225 1908 3320 1959 καὶ
3347 1909 3405 1960 ὲν
3437 1907 3655 1971 πολλοῖς

2067 2016 2150 2052 τοι
2175 1998 2279 2067 τῆς
2304 1994 2633 2067 οἰκουμένης
2667 1994 3337 2067 μέρεσιτεθρυλλημένος,
3381 1997 3516 2050 ἀλλὰ
3546 2015 3655 2051 πα-

2068 2090 2217 2152 λαιός
2243 2105 2302 2143 τι
2334 2089 2435 2140 καὶ
2462 2087 2527 2140 ἑκ
2556 2086 2813 2150 παλαιοῦ,
2842 2088 2939 2140 καὶ
2960 2088 3072 2139 nisi
3106 2090 3216 2150 τοῖς
3245 2086 3520 2152 πλείστοις
3552 2089 3651 2142 καὶ

2066 2180 2533 2249 εὐδοκιμωτάτοις
2566 2179 2675 2232 τῶν
2708 2178 2848 2231 κατά
2878 2179 2978 2248 τὴν
3008 2178 3334 2249 οἰκουμένην
3363 2180 3535 2248 γενῶν
3561 2180 3653 2233 λε-

2068 2273 2301 2343 γόμενός
2323 2288 2384 2325 τε
2410 2271 2509 2326 καὶ
2529 2270 2810 2343 ἀδόμενος,
2838 2271 3027 2340 σχεδὸν
3050 2270 3106 2323 δὲ
3137 2272 3303 2326 πᾶσιν
3333 2271 3652 2343 ἀνθρώποις

2070 2367 2214 2420 οὓτω
2246 2382 2339 2419 ποι
2377 2354 2573 2418 δοκῶν.
2612 2361 2708 2426 Ὠς
2764 2361 2915 2429 δῆλοι
2966 2361 3248 2430 γίγνονται
3297 2364 3541 2426 ἀπαντες
3600 2367 3653 2418 oi

2073 2458 2374 2527 ἄνθρωποι,
2412 2454 2708 2526 θεραπείας
2748 2453 2906 2516 τινὰς
2933 2455 3044 2515 τοῖς
3078 2453 3384 2524 οἰχομένοις
3412 2456 3656 2525 προσφέ-

2080 2565 2214 2619 ρειν,
2242 2546 2557 2618 νομίζοντες
2588 2543 2688 2615 οὐχ
2721 2543 2798 2606 ὡς
2829 2544 3013 2597 οὐκέτι
3071 2543 3136 2615 δὴ
3190 2539 3311 2598 οὖσι
3361 2546 3423 2598 τὸ
3466 2544 3657 2615 μηδὲν,

2076 2640 2189 2693 ἀλλ’
2212 2640 2288 2702 ὡς
2325 2640 2407 2693 ὅτι
2442 2636 2679 2706 μάλιστα
2718 2631 2837 2689 οἷσί
2871 2639 2930 2690 τὲ
2959 2635 3052 2688 καὶ
3079 2636 3399 2690 συνεστῶσιι
3433 2637 3663 2691 φαίνον-

2077 2750 2169 2786 ται
2201 2732 2309 2801 γὰρ
2340 2730 2391 2783 οἰ
2418 2728 2698 2799 ἄνθρωποι
2738 2726 3142 2798 παραπλησίως
3177 2726 3315 2795 πρός
3348 2742 3405 2779 τε
3434 2724 3533 2796 τὴν
3562 2727 3658 2779 τοῦ

2078 2824 2236 2876 Θείου
2283 2820 2443 2887 δόξαν
2474 2822 2567 2873 καὶ
2595 2821 2696 2889 τὴν
2735 2818 2836 2888 τῆς
2875 2818 3056 2890 ψυχῆς
3081 2817 3379 2873 ἀθανασίαν
3420 2817 3656 2889 ἔχοντες.

2081 2911 2235 2968 Εἶναί
2265 2930 2325 2966 τε
2355 2914 2464 2983 γάρ
2501 2928 2554 2965 τι
2589 2911 2731 2965 θετον
2776 2911 3021 2973 ἅπαντες
3043 2910 3327 2977 νομίξουσι
3368 2911 3462 2964 καὶ
3494 2910 3661 2981 θερα-

2081 3006 2309 3059 πεύουσι
2338 3002 2481 3058 κατά
2526 3003 2595 3057 τὰ
2619 3002 2919 3072 δεδογμένα
2963 3001 3137 3070 σφίσι,
3171 3002 3267 3056 καὶ
3306 3004 3417 3065 τοῖς
3442 3002 3660 3071 οἰχομέ-

2007 3133 2047 3188 C
2082 3114 2194 3159 νοις
2240 3096 2349 3148 τῶν
2383 3092 2691 3161 ἀνθρώπων
2720 3092 3019 3163 θεραπείας
3049 3092 3289 3155 ἅπαντες
3325 3092 3666 3161 προσφέρον-

2085 3206 2175 3251 τες
2235 3187 2383 3255 δῆλοί
2444 3188 2581 3240 εἰσιν
2617 3185 2691 3248 ὡς
2747 3185 3048 3255 περιόντων
3072 3201 3134 3238 τε
3178 3184 3361 3238 αὐτῶν
3403 3183 3498 3237 καὶ
3539 3199 3668 3235 σνν-

2086 3279 2337 3333 εστώτων
2392 3278 2706 3345 δοξάζοντες
2756 3276 2892 3348 (l8).
2941 3276 3094 3330 Ἵλατ’
3147 3276 3215 3329 ἂν
3264 3272 3666 3344 παραπλησίως

2086 3372 2293 3440 ταύτην
2319 3388 2379 3424 τε
2412 3371 2676 3439 κάκείνην
2699 3368 2800 3439 τὴν
2828 3367 2987 3434 δόξαν
3013 3368 3075 3421 τὸ
3103 3368 3292 3422 πιστὸν
3323 3367 3486 3437 ἔχειν.
3515 3365 3576 3418 Εἰ
3608 3365 3668 3418 δέ

2088 3484 2151 3533 γε
2180 3463 2472 3528 ινδοιάζειν
2505 3465 2618 3535 χρὴ
2651 3462 2781 3534 περὶ
2810 3462 2970 3532 δόξης
2999 3459 3333 3532 ἡστινοσοῦν,
3369 3458 3485 3513 ἀλλ’
3518 3452 3668 3512 οὗτοι

2088 3559 2220 3630 περὶ
2249 3558 2358 3611 τῶν
2388 3556 2532 3610 οὕτω
2571 3554 2891 3629 περιφανῶς
2921 3558 3018 3612 xai
3046 3557 3198 3626 κοινῇ
3233 3554 3325 3607 καὶ
3355 3554 3464 3607 nisi
3499 3553 3668 3606 πᾶσιν

2089 3651 2403 3723 ἀνθρώποις
2436 3649 2778 3719 δεδογμένων
2799 3648 3094 3712 ἐνδοιάζειν
3126 3649 3256 3719 χρὴ.

2166 3768 2288 3819 Ἔτι
2313 3765 2359 3819 δ’
2390 3765 2543 3819 οὐδὲν
2581 3764 2689 3818 τῶν
2719 3763 2928 3830 ἀλόγων
2962 3761 3084 3815 οὔτε
3109 3761 3255 3815 θείου
3282 3779 3332 3815 τι
3359 3760 3665 3830 νενόμικεν,

2092 3860 2173 3911 ὅτι
2215 3858 2290 3927 μὴ
2342 3857 2519 3917 αἰτίας
2556 3854 2803 3923 συνίησιν
2846 3853 2958 3906 οὔτ’
2987 3851 3054 3906 ἂν
3098 3853 3398 3923 ἀίδιότητος
3438 3851 3665 3921 ὲφίοιτο,

2096 3950 2178 4002 ὅτι
2211 3947 2333 4018 μηδ’
2365 3947 2628 4017 ἀπειρίας
2662 3945 2943 4016 συνίησιν’
2980 3946 3028 3998 εἰ
3058 3945 3114 3998 δὲ
3147 3944 3219 4016 μὴ
3244 3945 3518 4014 ἀπειρίας,
3546 3942 3669 3995 οὐδὲ

2095 4041 2420 4111 ἀῖδιότητος.
2474 4037 2633 4093 Ἀλλά
2662 4038 2800 4109 μόνη
2849 4040 2912 4108 τῇ
2944 4036 3133 4106 λογικῇ
3173 4037 3330 4105 φύσει
3378 4036 3512 4105 πρὸς
3544 4036 3671 4088 πολ-

2095 4134 2205 4197 λοῖς
2230 4132 2430 4198 ἄλλοις,
2471 4132 2565 4185 καὶ
2600 4131 2634 4202 ἦ
2674 4147 2733 4183 τε
2764 4133 2860 4200 τῆς
2886 4130 3066 4193 αἰτίοις
3096 4130 3190 4182 καὶ
3230 4132 3263 4201 η
3293 4130 3389 4198 τῆς
3414 4127 3671 4199 ἀπειρίας

2095 4227 2306 4280 δέδοται
2361 4225 2584 4291 γνῶσις,
2619 4219 2688 4294 ἦς
2735 4227 2829 4276 καὶ
2861 4226 2888 4276 ό
2935 4222 3240 4291 ἄνθρωπος,
3294 4222 3389 4277 ἆτε
3442 4220 3674 4290 λογικῆς

2096 4316 2271 4388 ψυχῆς
2300 4314 2436 4384 πρὸς
2470 4313 2565 4367 τοῦ
2597 4313 2734 4367 Θεοῦ
2769 4312 3105 4382 τετυχηκὼς,
3142 4316 3233 4366 τοῦ
3277 4329 3335 4365 τε
3364 4313 3519 4366 Θείου
3547 4329 3672 4365 συν.

2103 4409 2212 4476 ίησι
2235 4408 2330 4461 καὶ
2359 4406 2660 4476 ἀϊδιότητος
2692 4406 2902 4477 συνίησί
2931 4422 2989 4458 τε
3020 4405 3135 4473 ἅμα
3170 4405 3264 4460 καὶ
3293 4405 3506 4473 ἐφίεται
3530 4420 3543 4435 ·
3573 4405 3676 4458 οὐκ

412 4504 461 4547 et
488 4493 734 4547 divinum
769 4507 970 4547 numen
1005 4493 1279 4562 intelligit,
1326 4494 1566 4562 itemque
1600 4494 1853 4565 intelligit
1889 4496 1977 4550 im-

2094 4500 2160 4554 ἂν
2182 4500 2277 4554 τὸν
2308 4498 2442 4554 Θεὸν
2492 4496 2607 4551 οὔτ’
2639 4501 2704 4551 ἂν
2737 4497 3000 4567 ἀλλοτρίᾳ
3028 4513 3087 4549 τε
3136 4495 3311 4565 πάντη
3365 4497 3460 4549 καὶ
3503 4494 3675 4567 θνητῇ

414 4586 819 4648 mortalitatem,
862 4600 1094 4655 eamque
1121 4586 1281 4640 simul
1308 4587 1513 4654 appetit
1546 4604 1559 4640 :
1592 4587 1759 4641 Deum
1793 4603 1989 4656 nempe

413 4692 752 4747 nequaquam
785 4677 912 4731 huic
942 4686 1290 4747 naturaqute
1311 4680 1380 4731 sit
1410 4679 1635 4732 omnino
1666 4695 1693 4732 a
1722 4695 1781 4735 se
1813 4681 1988 4737 aliena

413 4778 465 4822 et
508 4770 756 4825 mortalis
808 4766 892 4823 sui
947 4770 1305 4840 cognoscendi
1348 4770 1662 4826 facultatem
1730 4772 1987 4827 daturum

413 4876 554 4925 esse,
578 4862 671 4917 sed
705 4861 755 4917 ei
779 4877 900 4932 quae
921 4862 994 4918 sit
1019 4863 1121 4917 sibi
1153 4861 1502 4931 aliquatenus
1535 4871 1766 4930 cognata
1797 4880 1812 4929 ;
1843 4878 1990 4918 com-

416 4952 697 5009 municare
732 4954 903 5016 enim.
930 4954 974 5008 si
1008 4954 1332 5024 oportuerit,
1361 4953 1413 5007 id
1449 4954 1594 5023 quod
1627 4956 1911 5024 cognoscit
1939 4957 1986 5009 ei

415 5046 557 5113 quod
589 5045 966 5116 cognoscitur,
988 5059 1110 5101 uuas
1133 5060 1262 5101 vero
1289 5046 1432 5101 inter
1453 5060 1515 5101 se
1555 5048 1987 5112 communicant,

491 5232 604 5304 (l7)
639 5231 896 5305 Solemne
934 5234 1513 5305 hocAargumentorum
1567 5251 1757 5304 genus,
1792 5250 1902 5305 quo
1939 5245 1997 5291 et

419 5302 776 5360 immortalem
813 5318 933 5357 esse
972 5302 1240 5367 animum,
1282 5314 1334 5358 et
1371 5304 1539 5357 Deum
1571 5302 1717 5369 esse,
1752 5302 1993 5374 antiqui—

421 5387 508 5430 tus
539 5376 774 5445 probare
808 5374 1099 5445 voluerunt
1136 5375 1431 5439 sapientes,
1460 5374 1685 5439 scimus,
1725 5387 1992 5445 quantum

417 5445 600 5499 valere
634 5444 847 5499 debeat.
894 5443 1051 5497 Nulla
1085 5453 1169 5496 est
1202 5445 1347 5497 enim
1394 5443 1853 5512 opinionttntfttli
1893 5447 1993 5499 lto-

422 5514 653 5578 minum,
711 5514 1020 5568 veneranda
1065 5523 1345 5578 senectus,
1401 5529 1575 5580 neque
1620 5517 1845 5568 omnino
1892 5516 1995 5568 hoc

424 5592 800 5651 argument-um
842 5585 994 5654 aliud
1040 5585 1339 5653 quidquam
1376 5585 1591 5653 probat,
1629 5596 1824 5654 praeter
1869 5586 1994 5649 hoc,

433 5665 629 5728 euntes
695 5653 956 5728 homines
1000 5668 1029 5706 a
1084 5655 1446 5709 remotissima
1502 5653 1994 5728 indeiantiquitate

439 5720 895 5776 innnortalitatem
938 5733 989 5778 ct
1020 5738 1220 5781 numen
1272 5736 1530 5793 ornasse:
1576 5726 1731 5793 cujus
1779 5725 1853 5779 rei
1908 5726 1997 5792 qui

2098 4594 2259 4664 φύσει
2290 4592 2481 4645 ἑαυτὸν
2504 4591 2817 4659 γνωρίζειν,
2847 4590 2983 4643 ἀλλά
3011 4607 3085 4658 πη
3113 4589 3209 4642 καὶ
3239 4590 3438 4659 οἰκείᾳ.
3464 4590 3678 4642 Κοινω-

2098 4688 2207 4739 νεῖν
2230 4685 2336 4755 γάρ
2369 4684 2436 4738 ἂν
2464 4683 2559 4754 δέῃ
2581 4685 2642 4736 τὸ
2672 4682 2941 4751 γινῶσκον
2966 4681 3044 4750 τῷ
3072 4683 3481 4749 γινωσκομένῳ.
3512 4679 3593 4733 Ta
3618 4680 3678 4733 δὲ

2097 4773 2457 4828 κοινωνοῦντα
2496 4774 2589 4827 καὶ
2632 4773 2807 4826 οἰκεῖά
2838 4788 2914 4841 πη
2951 4770 3201 4839 ἀλλήλοις
3238 4772 3346 4823 δέοι
3390 4770 3457 4824 ἂν
3507 4766 3676 4826 εἶναι.

2098 4869 2223 4923 οῠτ⁹
2255 4869 2323 4923 ἂν
2358 4869 2656 4937 ἁῖδιότητος
2707 4866 3005 4932 ἐπιθυμίαν
3032 4864 3320 4933 ἐνθέμενον
3356 4864 3435 4932 τῷ
3465 4862 3681 4934 ἀνθρὼ-

2103 4980 2215 5032 πῳ,
2262 4961 2455 5015 ἔπειτα
2491 4960 2657 5027 ἀτελῆ
2695 4976 2754 5012 τε
2790 4952 2857 5012 ἂν
2887 4958 3059 5026 αὐτὴν
3100 4958 3195 5010 καὶ
3227 4957 3457 5024 μάταιον
3491 4956 3680 5009 ἀπολι-

2098 5055 2241 5104 πεῖν.
2289 5049 2428 5106 Οὐδὲ
2463 5053 2571 5117 γὰρ
2610 5048 2739 5102 ἄλλο
2768 5050 2920 5101 οὐδὲν
2950 5047 3059 5099 τῶν
3105 5046 3359 5117 μεγάλων
3408 5044 3504 5099 καὶ
3538 5045 3682 5100 κατά

2104 5252 2235 5289 usus
2268 5235 2338 5289 sit
2365 5236 2418 5291 in
2449 5235 2640 5307 morali
2672 5234 3085 5307 argumentandi
3123 5248 3344 5302 genere,
3379 5248 3485 5307 non
3523 5248 3645 5307 com

2104 5307 2430 5361 teninendus
2463 5305 2553 5361 ille
2603 5303 2868 5373 profecto,
2903 5313 3107 5360 norunt
3129 5320 3341 5370 omnes,
3372 5303 3464 5374 qui
3514 5319 3544 5358 e
3573 5306 3683 5359 cri-

2107 5377 2240 5429 tices
2270 5377 2506 5429 lormula
2539 5377 2910 5446 philosophari
2942 5376 3147 5429 sciunt.

2177 5446 2288 5514 (18)
2322 5463 2341 5493 ο
2377 5447 2505 5501 Plus
2528 5444 2671 5516 apud
2702 5444 2789 5500 me
2810 5448 3161 5514 antiquorum
3187 5444 3679 5516 auctoritasvalet,

2103 5518 2185 5571 vel
2221 5513 2533 5570 llOSlt‘m'llm
2566 5513 2859 5585 majorum,
2892 5513 2984 5585 qui
3018 5515 3250 5567 mortuis
3276 5522 3382 5566 tam
3429 5513 3682 5585 religiosa

2100 5588 2225 5654 juta
2276 5586 2589 5643 tribuerunt
2626 5583 2825 5653 :quotl
2855 5583 2961 5639 non
3011 5585 3270 5637 fecissent
3316 5583 3584 5654 profecto,
3636 5587 3682 5638 si

2107 5659 2239 5710 nihil
2298 5656 2362 5708 ad
2406 5672 2500 5713 cos
2559 5657 2829 5724 pertinere
2884 5655 3300 5710 arbitrarentur.
3352 5673 3368 5703 ι
3430 5653 3540 5707 Cic.
3607 5655 3683 5708 De

2105 5744 2282 5787 unum,
2308 5746 2349 5779 ι’.
2392 5746 2436 5779 ἰ.
