4186 6290
499 317 611 382 949

1457 322 1856 385 LAUDATl-O
1894 323 2285 385 FUNEBRIS
2324 325 2630 414 ειπξΟΡίΕ
2679 335 2858 394 AUG.

3675 331 3790 392 950

501 433 666 497 φύσιν
689 432 876 496 ἀτελὲς
904 435 970 488 ἂν
994 435 1284 490 ἀπολιπεῖν
1317 437 1408 490 τὸν
1437 438 1590 500 Θεὸν,
1625 438 1763 492 ἀλλὰ
1785 438 2090 508 τελεσφόρα

2199 455 2261 494 ex
2288 444 2618 500 necessitate
2653 448 2756 502 sibi
2817 449 3056 503 invicem
3084 449 3263 518 aliqua
3300 443 3511 502 ratione
3550 445 3784 510 cognata

498 542 558 576 τε
595 525 774 578 πάντα
819 528 992 579 ποιεῖν
1021 526 1162 582 κατὰ
1192 528 1254 581 τὸ
1289 528 1456 592 εἰκὸς,
1491 529 1584 583 καὶ
1634 531 1689 580 εἰ
1717 546 1768 583 τι
1809 530 2094 599 προσῆκον

501 617 713 678 ἑαυτοῖς
745 616 920 686 πέρας
947 619 1101 673 ἐσαεὶ
1150 619 1183 689 ἢ
1224 619 1308 686 ὡς.
1351 621 1646 676 ὲπιτοπολὺ
1692 622 1823 688 γοῦν
1854 622 2086 675 ἀποϐαί-

501 725 682 762 νοντα.
720 708 876 762 ”Ωστ’
906 710 973 762 ἂν
1008 712 1100 764 καὶ
1151 713 1274 766 κατ’
1305 711 1482 782 ἇμῖφω
1509 712 1709 779 τούτω,
1749 717 1850 784 τήν
1881 732 1940 767 τε
1992 715 2100 767 τοῦι

500 800 663 852 Θείου
693 800 874 866 δόξαν,
907 803 1007 871 τήν
1050 820 1106 857 τε
1157 806 1258 874 τῆς
1289 805 1600 877 ἀῖδιότητος
1637 805 1958 871 ἐπιθυμίαν,
2007 809 2092 860 ἀΐ-

501 890 612 942 διον
644 889 711 944 ἂν
738 891 840 959 τήν
867 909 928 959 γε
970 892 1322 965 ἀνθρωπίνην
1369 890 1508 949 εἶναι
1553 895 1750 966 ψυχὴν,
1787 896 1868 949 ἔτι
1900 897 1956 950 δὲ
1989 897 2091 950 κᾶν

501 983 610 1036 ἀπὸ
642 981 752 1034 τῶν
795 982 1142 1053 αὐθαιρέτων
1187 985 1437 1040 Θανάτων
1471 986 1630 1040 τοῦτό
1661 1006 1744 1052 τις
1789 988 2086 1057 λογίσαιτο.

503 1071 674 1124 Οὐδὲν
707 1073 813 1142 γὰρ
839 1075 950 1128 τῶν
982 1076 1197 1142 ἀλόγων
1231 1078 1363 1131 αὐτὸ
1396 1078 1574 1148 (αὐτὸ)
1599 1080 1848 1148 φαίνεται
1880 1082 2091 1133 κτεῖνον

503 1167 565 1217 ὲκ
603 1167 861 1235 προνοίας
898 1169 1033 1236 (Ιθί.
1060 1170 1180 1223 Τῶν
1203 1171 1246 1224 δ’
1271 1171 1578 1239 ἀνθρώπων
1602 1175 1760 1236 εἰσὶν,
1784 1173 1834 1226 οἳ
1861 1174 2091 1234 ἑαυτοὺς

504 1257 940 1314 ἀποκτείνουσιν.
985 1260 1049 1314 El
1088 1262 1144 1314 δὲ
1174 1263 1345 1331 μηδὲν
1383 1265 1553 1324 ἐστιν.
1588 1263 1616 1317 δ
1647 1264 1714 1318 ἂν
1752 1264 1847 1317 τοῦ
1893 1263 2089 1318 ἑαυτοῦ

502 1347 726 1417 ὀλέθρου
759 1351 988 1416 ὲφίοιτο,
1018 1352 1086 1406 τὰ
1119 1355 1228 1422 γὰρ
1259 1353 1454 1422 ἄλογα,
1488 1356 1538 1406 εί
1566 1356 1658 1408 καὶ
1686 1357 1760 1426 μὴ
1790 1355 2091 1425 ἀῖδιότητος

505 1437 720 1502 ἐφίεται
766 1439 856 1492 διὰ
890 1440 950 1493 τὸ
988 1440 1062 1512 μὴ
1105 1443 1348 1496 συνιέναι
1384 1442 1486 1495 τοῦ
1509 1443 1781 1507 τοιούτου,
1834 1443 1949 1496 ἀλλ’
1979 1443 2090 1496 οὐδ’

505 1529 596 1579 ἐπὶ
621 1531 711 1582 τ³ιν
734 1530 932 1584 ἑαυτοῦ
965 1532 1189 1603 ὄλεθρον
1219 1533 1437 1587 σπεύδει
1461 1535 1656 1588 ἑκόντα
1693 1532 1832 1586 εἶναι
1855 1552 1866 1565 ·
1899 1535 1998 1588 οὐκ
2025 1535 2091 1588 ἂν

505 1620 596 1671 οὖν
627 1623 738 1674 οὐδ’
772 1625 802 1694 ἡ
842 1624 1045 1696 ψυχὴή
1077 1629 1397 1697 ἀνθρωπίνη
1428 1629 1521 1681 ἐπί
1550 1646 1602 1680 τι
1630 1628 1874 1680 τοιοῦτον
1906 1626 2087 1696 ὥρμα,

504 1712 558 1765 εἴ
601 1729 664 1780 γε
717 1717 815 1768 καὶ
866 1718 1003 1788 αὐτῇ
1062 1718 1294 1786 ὀλεθρον
1331 1725 1520 1790 φερειν
1566 1719 1631 1774 ἂν
1659 1722 1686 1772 ὁ
1713 1719 1813 1773 τοῦ¹
1837 1719 2091 1788 σώματος

503 1804 698 1873 ἔμελλε
724 1806 974 1873 θάνατος.
1019 1809 1160 1862 Ἀλλ’
1188 1812 1407 1865 ἐπειδὰν
1437 1811 1631 1879 μηκέτ’
1653 1811 1718 1864 ἂν
1745 1813 1911 1881 ἑαυτῇ
1942 1811 2094 1864 λυσι-
2128 1807 2166 1858 Β

504 1895 678 1948 τεὶεῖν
707 1897 797 1950 τὸν
834 1901 972 1969 μετὰ
1003 1900 1096 1955 τοῦ
1131 1902 1384 1972 σώματος
1420 1903 1620 1974 νομίσῃ
1653 1902 1790 1971 βίον,
1830 1903 2092 1956 κτείνασα

503 1986 755 2058 τοῦτο,ῆ
804 1991 898 2045 καὶ
948 1994 1062 2056 τοῖς
1125 1995 1335 2048 κτεῖναι
1394 1994 1461 2047 ἂν
1503 1995 1746 2048 ἐθέλουσι
1789 1995 2087 2064 προεμένη,

506 2078 654 2148 ὑπὲρ
709 2079 804 2133 τοῦ
858 2083 1025 2152 μηδέν
1072 2101 1123 2136 τι
1183 2085 1290 2139 τῶν
1335 2086 1578 2156 αἰσχρῶν
1630 2089 1722 2139 καὶ
1775 2087 1980 2156 βλάϐην
2025 2088 2092 2140 ἂν

507 2171 675 2241 ἑαυτῇ
707 2173 966 2230 οἰσόντων
1024 2179 1405 2249 συγχωρῆσαι,
1459 2178 1598 2250 αὐτὴ
1639 2177 1840 2244 δηλαδὴ
1884 2181 2092 2249 οἴχεται

507 2263 764 2320 ἀπιοῦσα.

2198 547 2321 606 esse
2341 575 2354 597 ,
2386 551 2586 604 neque,
2614 547 2901 608 postquam
2958 541 3389 595 immortalitatis
3449 539 3781 593 desiderium

2202 625 2413 679 homini
2444 626 2587 684 Deus
2621 631 2936 699 ingesserit,
2966 631 3107 685 illud‘
3125 629 3322 686 deinde
3389 631 3651 685 infectum
3688 645 3784 683 va-

2195 735 2440 789 numque
2467 723 3009 780 destituturum‘esse
3038 741 3054 792 ;
3091 740 3189 780 nec
3219 726 3362 779 enim
3433 725 3605 779 ullum
3637 715 3793 778 alitnl‘

2196 828 2259 866 ex
2288 815 2378 877 iis,
2412 832 2534 885 qua:
2561 833 2758 884 magna
2820 827 2949 873 sunt
3017 828 3072 873 et
3133 819 3439 874 secundum
3504 827 3784 881 naturam,

2198 903 2461 959 infectum
2521 921 2552 960 a
2594 905 2706 961 Deo
2769 924 3008 976 unquam
3073 911 3398 977 derelinqui,
3451 909 3542 963 sed
3600 909 3670 961 ab
3718 923 3785 960 eo

2197 998 2404 1061 omnia,
2434 1007 2493 1051 ut
2529 1014 2627 1067 par
2657 1009 2758 1061 est,
2787 1001 3010 1056 aﬂectui
3045 1011 3169 1071 apta
3230 1003 3368 1063 lieri,
3432 1010 3485 1053 et
3543 1000 3588 1053 si
3656 999 3780 1066 quis

2194 1095 2278 1140 est
2310 1087 2431 1142 linis
2460 1089 2592 1155 ipsis
2619 1090 2870 1154 idoneos,
2905 1107 3141 1161 semper,
3189 1101 3284 1146 aut
3312 1101 3459 1144 certe
3501 1099 3559 1143 ut
3612 1089 3786 1158 pluri-

2196 1190 2365 1238 mum,
2408 1193 2531 1230 cum
2569 1179 2728 1232 linem
2786 1181 3159 1250 assequentia,
3193 1182 3436 1250 adeoque
3489 1180 3632 1234 haud
3666 1179 3787 1231 irri-

2198 1279 2308 1322 tum
2341 1286 2463 1324 eSSe
2495 1273 2597 1324 hoc
2623 1286 2940 1342 utrumque,
2967 1290 3084 1327 eam
3145 1289 3338 1340 nempe
3393 1289 3516 1342 qua:
3578 1280 3662 1326 est
3715 1271 3783 1325 de

2194 1362 2379 1415 divino
2431 1365 2652 1418 numine
2713 1363 2869 1420 ﬁdem
2909 1377 2964 1420 et
2991 1365 3414 1420 immortalitatis
3463 1363 3782 1433 appetitum.

2195 1451 2259 1505 Et
2319 1467 2448 1506 vero
2508 1455 2868 1509 immortalem
2935 1471 3056 1510 esse
3122 1456 3358 1509 hominis
3415 1456 3682 1515 animum,
3729 1453 3783 1508 id

2197 1543 2361 1597 etiam
2389 1559 2456 1598 ex
2479 1545 2801 1600 voluntariis
2827 1549 3097 1601 mortibus
3135 1564 3364 1617 arguere
3388 1547 3534 1600 licet.
3562 1545 3781 1599 Nullum

2196 1636 2341 1688 enim
2374 1637 2517 1690 inter
2551 1639 2889 1692 irrationalia
2917 1639 3106 1693 videas
3123 1640 3268 1708 quod
3290 1641 3530 1705 seipsum
3562 1637 3786 1691 consul-

2196 1728 2489 1782 to-oecidat
2614 1747 2627 1782 :
2666 1745 2731 1782 ex
2759 1730 3078 1785 hominibus
3099 1740 3431 1784 autem‘snnt
3454 1729 3548 1798 qui
3573 1730 3785 1797 seipsos

2198 1820 2539 1875 interimunt.
2568 1819 2736 1877 Porro
2773 1824 2817 1877 si
2883 1823 3016 1877 nihil
3067 1825 3138 1878 sit
3185 1823 3328 1894 quod
3384 1825 3486 1876 sibi
3545 1831 3777 1877 mortem

2198 1918 2417 1978 appetat
2446 1909 2530 1977 (ea
2561 1911 2707 1965 enim
2742 1928 2862 1982 qua:
2904 1915 3117 1968 ratione
3155 1913 3641 1975 carent-animalia,
3681 1913 3783 1965 etsi

2199 2014 2309 2051 non
2344 2000 3056 2067 cupiantimmortalitatem
3113 2011 3394 2071 prepterea
3433 1999 3577 2068 quod
3649 1999 3785 2053 nihil

2200 2103 2263 2143 ea
2291 2090 2355 2143 de
2389 2105 2446 2143 re
2478 2090 2806 2161 intelligant,
2840 2109 3122 2162 nunquam
3160 2101 3341 2146 tamen
3398 2093 3464 2145 ad
3504 2091 3782 2160 proprium

2199 2182 2483 2237 interitum
2516 2183 2661 2237 ultro
2699 2184 2952 2239 videntur
2982 2185 3320 2254 properare),
3347 2200 3410 2240 ex
3445 2175 3785 2250 consequen-

2199 2275 2262 2338 ti,
2294 2289 2470 2342 neque
2499 2276 2680 2330 anima
2715 2275 2955 2329 humana
2992 2277 3056 2328 ad
3113 2287 3344 2329 mortem
3408 2275 3572 2342 hujus
3624 2287 3787 2341 gene-

506 2358 585 2414 ris
608 2369 909 2430 spontaneo
936 2365 1138 2450 impetu
1176 2375 1377 2428 rueret,
1413 2366 1459 2420 si
1518 2374 1571 2420 et
1634 2366 1735 2433 ipsi
1790 2365 2071 2421 interitum
2114 2371 2364 2438 corporis
2416 2371 2621 2426 occisia
2685 2379 2828 2425 esset
2899 2372 3132 2424 illatura.
3166 2369 3302 2424 Cum
3353 2382 3612 2423 veronon
3667 2367 3781 2436 jam

510 2453 807 2520 quidquam
839 2454 1089 2511 utilitatis
1112 2457 1216 2511 sibi
1287 2457 1431 2512 hanc
1481 2473 1604 2512 cum
1643 2473 1874 2527 corpore
1927 2459 2091 2513 vitam
2134 2462 2384 2516 conferre
2429 2463 2838 2524 existimaverit,
2907 2464 3009 2516 hoc
3077 2462 3364 2516 interfecto
3434 2463 3512 2515 vel
3566 2462 3631 2515 iis
3690 2456 3782 2527 qui

510 2545 760 2602 oet-idere
787 2548 1056 2604 voluerint
1078 2549 1346 2620 proiecto,
1377 2565 1444 2604 ne
1466 2550 1592 2620 quid
1615 2553 1759 2620 quod
1789 2561 1883 2603 aut
1913 2551 2174 2622 pudorem
2207 2553 2399 2610 afferat
2430 2564 2524 2609 aut
2585 2564 2979 2610 noeumcntum
3039 2553 3324 2621 concedat,

512 2645 661 2699 abire
700 2654 978 2714 properat.

585 2783 693 2834 Καὶ
716 2785 846 2853 περὶ
882 2785 984 2853 μὲν
1009 2785 1214 2839 τούτων
1247 2786 1310 2840 ἐκ
1345 2787 1604 2840 πλειόνων
1634 2805 1691 2840 τε
1719 2787 1811 2841 καὶ
1837 2788 2102 2856 μειζόνων

514 2877 690 2941 λόγων
716 2879 877 2932 ἱκανὰ
905 2881 999 2931 καὶ
1024 2879 1196 2934 ταῦτα
1231 2880 1289 2933 ἓν
1315 2897 1376 2949 γε
1409 2882 1489 2949 τῷ
1515 2883 1772 2950 παρόντι.
1807 2881 2030 2951 Ταύτης
2055 2881 2099 2934 δ’

515 2971 647 3034 ἡμῖν
685 2971 1050 3042 ὑποκειμένης
1083 2973 1311 3040 βεϐαίας.
1348 2975 1446 3039 τῆς
1487 2975 1665 3043 δόξης,
1712 2977 1787 3039 ὡς
1829 2976 2100 3039 ἀθάνατος

513 3062 672 3130 ἡμῶν
704 3065 851 3116 ἐστιν
890 3065 923 3132 ἠ
952 3063 1120 3133 ψυχὴ,
1158 3065 1226 3116 τά
1257 3080 1316 3116 τε
1348 3065 1482 3118 ἄλλα
1505 3069 1872 3136 γενναιότεροι
1904 3067 1970 3121 ἂν
2002 3069 2098 3120 καὶ

513 3153 773 3221 ἀμείνους
827 3152 1042 3222 εἴημεν,
1095 3155 1190 3208 καὶ
1239 3155 1340 3218 τὰς
1391 3157 1604 3209 τοιάσδε
1671 3160 1962 3228 συμφορὰς
2020 3159 2098 3222 ὡς

514 3245 802 3314 πραότατα
833 3245 899 3298 ἂν
923 3247 1210 3316 φέροιμεν.

585 3355 759 3421 Ὦστ⁹,
790 3356 1127 3411 ὦθειότατε
1176 3357 1333 3427 ἡμῶν
1365 3359 1590 3428 ἡγεμδν,
1626 3360 1838 3424 τούτοις
1875 3379 1935 3414 τε
1984 3359 2096 3424 τοῖς

513 3450 692 3516 λόγοις
725 3450 925 3502 σαυτὸν
960 3449 1454 3519 παραμυθούμενος
1483 3452 1544 3505 τὸ
1580 3453 1716 3506 πολὺ
1743 3453 1840 3522 τῆς
1861 3453 2096 3522 ἀθυμίας

515 3546 763 3614 ἀφαίρει,
802 3548 894 3598 καὶ
926 3545 1006 3597 ἔτι
1049 3547 1227 3598 ἐκεῖνο
1276 3546 1646 3615 λογιζόμενος,
1674 3547 1749 3608 ὡς
1791 3548 1849 3601 σὲ
1886 3548 1965 3600 δεῖ
1995 3548 2096 3618 ἤδη

513 3637 650 3705 πρὸς
674 3639 783 3700 τοῖς
819 3638 1110 3706 πράγμασι
1143 3640 1426 3705 γινόμενον
1453 3639 1647 3703 σώζειν
1677 3641 1744 3693 τὰ
1779 3640 1954 3703 κοινὰ,
1987 3642 2020 3710 ἡ
2053 3637 2112 3691 δ”

515 3729 718 3796 ἀθυμῖα
749 3731 967 3794 μάλιστ’
995 3729 1061 3783 ἂν
1092 3729 1347 3797 ἐμποδὼν
1377 3731 1455 3800 τῷ
1496 3731 1723 3802 τοιούτῳ
1753 3733 1844 3784 ἀεὶ
1888 3731 2096 3800 γίγνοι-

512 3832 590 3868 το.
633 3815 796 3886 Ὁρᾷς
846 3819 973 3888 γὰρ,
1001 3813 1071 3871 οἷ’
1095 3821 1230 3888 ἡμῖν
1261 3819 1328 3873 τὰ
1359 3820 1506 3872 δεινὰ
1549 3820 1970 3891 προκεχώρηκε,
2004 3822 2098 3874 καὶ

514 3907 589 3970 ὡς
639 3911 696 3961 ὲν
729 3910 953 3979 μεγάλῳ
985 3910 1216 3981 κινδῦνῳ
1245 3912 1315 3964 τὰ
1339 3912 1586 3982 ἡμέτετᾶ
1620 3913 1758 3974 ἐστι,
1798 3915 1891 3965 καὶ
1927 3913 2098 3982 μεγά-

515 3998 613 4062 λης
645 4000 726 4053 δεῖ
752 4001 849 4069 τῆς
880 4003 1221 4072 ἐπιμελείας,
1257 4003 1387 4056 ὥστ’
1425 4005 1490 4057 ἂν
1523 4004 1760 4075 σωθῆναί
1783 4023 1838 4058 τε
1865 4006 1958 4058 καὶ
1995 4005 2098 4057 σώ-

517 4090 731 4154 ζεσθαι.
779 4094 867 4147 Ἐν
895 4095 950 4148 δέ
988 4112 1071 4148 σοι
1111 4094 1172 4148 τὸ
1207 4095 1446 4149 τοιοῦτόν
1494 4097 1631 4163 ἐστι,
1673 4098 1765 4150 καὶ
1805 4096 1900 4149 σοῦ
1933 4098 2095 4166 μόνου

516 4184 952 4252 ἐπιμελουμένου
986 4204 1041 4238 τε
1075 4187 1160 4252 ἂν,
1198 4188 1272 4250 ὡς
1304 4188 1402 4252 δεῖ,
1430 4189 1647 4241 ἕποιντο
1682 4189 1790 4259 γὰρ
1825 4189 1891 4242 ἂν
1922 4191 2017 4243 καὶ
2048 4190 2098 4243 οἱ

517 4277 667 4329 ἄλλοι
701 4279 924 4342 πάντες,
953 4279 1288 4349 σωζοὶμεθα,
1315 4281 1410 4333 ἐὰν
1463 4281 1555 4334 καὶ
1607 4280 1741 4344 Θεὸς
1787 4281 1913 4346 διδῷ
1941 4295 1955 4310 ⁶
2003 4282 2098 4334 καὶ

519 4369 940 4439 ρᾳθυμήσαντος
984 4369 1050 4423 ἂν
1112 4369 1316 4438 μείζων
1366 4374 1394 4424 ὁ
1437 4371 1706 4433 κίνδυνος.
1744 4369 1976 4437 Λογίζου
2017 4370 2096 4436 δὲ,

516 4462 609 4513 καὶ
635 4463 738 4525 ὅτι,
773 4461 837 4516 ἄν
863 4463 921 4514 τὲ
947 4479 999 4514 τι
1024 4463 1230 4530 φαῦλον
1262 4464 1464 4533 ἀποϐῇ,
1505 4463 1532 4516 ὃ
1574 4463 1647 4532 μὴ
1672 4463 1904 4531 γένοιτο,
1928 4464 2009 4525 είς
2039 4462 2097 4514 σὲ

515 4554 576 4606 τὸ
606 4555 856 4608 πλεῖστον
882 4555 978 4625 τῆς
1012 4557 1189 4618 αἰτίας
1217 4555 1454 4618 ἅπαντες
1498 4554 1806 4608 ἀνοίσουσιν
1833 4569 1846 4584 ·
1875 4555 1928 4605 εἴ
1954 4553 2012 4605 τὲ
2045 4571 2097 4604 τι

3413 2554 3525 2621 ipsa
3595 2552 3784 2621 utique

2275 2789 2339 2842 Et
2363 2791 2429 2843 de
2453 2788 2540 2842 his
2563 2788 2780 2858 quidem
2814 2803 2876 2840 ex
2905 2787 3158 2856 pluribus
3186 2796 3237 2838 et
3259 2783 3594 2838 firmioribus
3618 2797 3787 2851 argu-

2199 2880 2399 2936 mentis
2424 2880 2515 2934 illa
2551 2879 3042 2949 impraesentiarum
3072 2875 3368 2930 snliieiant.
3391 2874 3570 2939 Quum
3602 2880 3783 2925 autem

2197 2972 2360 3026 nobis
2382 2967 3051 3040 suppetatl‘undatissima
3081 2966 3199 3019 inec
3256 2963 3442 3033 opinio
3494 2962 3786 3014 immorta-

2193 3065 2298 3119 lem
2334 3064 2572 3118 nostram
2592 3076 2714 3117 esse
2731 3060 2991 3122 animam,
3011 3068 3067 3114 et-
3089 3059 3142 3110 in
3159 3065 3386 3111 caeteros
3407 3052 3784 3125 generosiorcs

2193 3165 2245 3209 et
2281 3155 2534 3208 meliores
2587 3153 2785 3217 simus,
2823 3153 3032 3220 hasque
3067 3149 3207 3204 tales
3245 3149 3586 3202 calamitates
3621 3159 3782 3214 quam

2124 3275 2166 3333 ο
2201 3244 2570 3300 libentissime
2603 3243 2868 3297 feramus.

2275 3357 2480 3428 Itaque,
2511 3355 2855 3412 divinissime
2889 3355 3145 3424 princeps
3180 3362 3389 3419 noster,
3419 3351 3573 3407 hisce
3613 3350 3783 3403 ratiu-

2200 3453 2363 3508 nibus
2396 3451 2612 3519 leipsun
2645 3449 2856 3503 solatus
2895 3448 3116 3500 nimiam
3155 3446 3313 3499 istam
3373 3443 3628 3498 mmroris
3660 3457 3785 3511 par-

2201 3551 2306 3596 tem
2334 3556 2493 3603 exue,
2530 3549 2583 3595 et
2613 3539 2742 3593 illud
2778 3541 3000 3607 insuper
3032 3537 3216 3591 animo
3278 3544 3474 3606 reputa
3541 3533 3780 3601 tu'pjam

2198 3646 2320 3687 esse
2350 3630 2512 3685 ollicii
2544 3636 2766 3683 uttotns
2799 3628 3033 3698 negotiis
3069 3627 3318 3682 intentus
3353 3642 3464 3680 rem
3507 3623 3780 3693 publicam

2199 3737 2404 3783 serves,
2441 3720 2716 3775 tristitiam
2757 3733 2881 3772 vero
2910 3732 3072 3788 quam
3131 3716 3370 3770 maximo
3405 3714 3495 3767 tali
3552 3711 3785 3764 admini-

2201 3819 2453 3877 strationi
2514 3817 2907 3885 impedimento
2992 3829 3114 3868 esse
3169 3812 3367 3867 solere.
3418 3807 3585 3862 Vides
3636 3806 3781 3859 enim

2199 3927 2488 3984 quousque
2539 3911 2699 3965 nobis
2763 3909 2990 3962 adversa
3043 3902 3420 3974 processerint
3475 3909 3528 3953 et
3577 3906 3786 3965 quanto

2200 4014 2385 4062 nostra
2419 4006 2527 4060 sint
2559 4005 2615 4057 in‘
2640 4001 2883 4072 periculo
2917 4008 3232 4068 quantaque
3253 4009 3390 4063 Opus
3415 3993 3486 4047 sit
3517 3989 3787 4044 sollicitu-

2209 4099 2340 4153 dine
2372 4106 2432 4151 ut
2463 4095 2596 4150 salvi
2638 4101 2691 4147 et
2718 4091 3022 4145 incolumes
3051 4073 3248 4143 simius.
3282 4085 3340 4138 In
3378 4094 3432 4140 te
3462 4093 3642 4137 autem
3681 4082 3786 4135 hoe

2203 4199 2375 4244 totum
2405 4196 2490 4242 est
2523 4196 2682 4256 teque
2710 4200 2821 4239 uno
2859 4199 3046 4237 curam
3087 4190 3307 4252 gerente
3336 4193 3501 4248 quam
3528 4183 3739 4244 oportet
3769 4192 3782 4239 ;

2203 4292 2253 4336 te
2268 4280 2412 4334 enim
2440 4280 2631 4347 reliqui
2657 4292 2847 4331 omnes
2869 4284 3189 4345 sequentur,
3209 4285 3259 4326 et
3285 4274 3330 4325 si
3361 4271 3500 4324 Dens
3517 4269 3786 4336 bengnus

2202 4371 2434 4434 dederit,
2491 4369 2625 4426 salvi
2678 4371 2886 4422 erimus
2939 4383 2955 4420 :
3015 4366 3058 4419 si
3114 4381 3240 4417 vero
3304 4363 3525 4432 segnius
3587 4362 3784 4430 egeris,

2206 4462 2386 4529 majus
2422 4460 2527 4513 erit
2562 4457 2887 4527 periculum.
2923 4454 2975 4507 Id
3001 4470 3221 4524 quoque
3278 4454 3543 4521 recogita,
3577 4453 3622 4505 si
3659 4451 3783 4519 qui.l

2206 4551 2337 4606 mali
2372 4550 2657 4614 acciderit,
2686 4549 2830 4618 quod
2864 4547 3030 4610 absit,
3064 4546 3393 4616 prmisipttatn
3449 4557 3670 4597 causam
3732 4545 3783 4595 in

517 4649 610 4697 καὶ
638 4648 904 4716 σωτήριον
935 4646 1200 4714 γίγνοιτο,
1231 4647 1295 4700 σὺ
1346 4648 1443 4700 καὶ
1481 4647 1667 4700 τούτου
1717 4646 1838 4715 οἴσῃ
1873 4645 1970 4711 τὴν
2009 4644 2095 4697 δό-

2209 4655 2259 4700 te
2289 4656 2479 4697 omnes
2500 4641 2816 4702 collaturos,
2840 4650 2892 4694 et
2919 4638 2962 4692 si
2995 4637 3147 4707 quid,
3171 4637 3314 4706 quod
3339 4637 3429 4697 sit,
3452 4635 3516 4688 ad
3551 4635 3782 4687 salutem

517 4739 634 4804 ξαν.
672 4740 761 4801 Ὠς
797 4736 890 4793 οὖν
926 4741 1087 4802 αὐτὸς
1118 4741 1216 4808 τὴν
1258 4739 1522 4809 μεγίστην
1563 4738 1649 4790 ἐπ’
1675 4738 1963 4806 ἀμφότερα
2009 4735 2098 4789 δό-

520 4831 614 4896 ξαν
642 4833 947 4902 οἰσόμενος,
979 4832 1095 4901 ἅμα
1121 4833 1174 4885 δὲ
1202 4835 1294 4886 καὶ
1320 4833 1436 4901 Θεῷ
1463 4826 1620 4885 τοῦτο
1648 4830 1903 4900 ὀφείλων,
1927 4831 1984 4893 ὃς
2018 4847 2099 4881 σοι

519 4927 616 4992 τὴν
649 4926 929 4996 ἡμετέραν
963 4927 1122 4996 τήνδε
1148 4925 1469 4980 ἐπίστευσεν
1495 4925 1815 4994 ἠγεμονίαν,
1847 4923 2097 4994 ἐρρωμε-

519 5018 773 5086 νέστερόν
811 5034 868 5070 τε
901 5017 995 5070 καὶ
1023 5017 1446 5088 ἐπιμελέστερον
1480 5017 1587 5071 τῶν
1617 5016 1812 5070 κοινῶν
1857 5016 2097 5084 πρόστη-

520 5110 595 5162 θι.
633 5109 742 5162 Καί
779 5127 861 5162 σοι
888 5109 1019 5172 Θεὸς
1044 5108 1216 5179 διδοίη
1245 5109 1471 5174 σώζοντι
1515 5109 1582 5163 τὰ
1613 5108 1772 5162 κοινᾶ
1815 5104 2102 5175 ἐπιμελείᾳ

598 5287 710 5356 (l9)
747 5287 878 5370 Mira
941 5307 1070 5344 sane
1131 5291 1554 5370 argumentatio,
1615 5307 1744 5370 qua_
1781 5291 2099 5370 Apostoliqc.

521 5375 740 5426 (pioque
793 5362 1010 5416 utitur:
1061 5377 1224 5427 quam
1278 5362 1538 5415 nimirum
1595 5362 1784 5415 nescio
1815 5377 1882 5414 an
1941 5362 2102 5414 hodie

520 5445 592 5494 qu
619 5443 662 5500 si
695 5430 918 5496 impune
955 5462 1015 5472 -—
1045 5433 1191 5500 quod
1237 5446 1343 5484 non
1374 5432 1442 5485 de
1478 5431 1842 5499 philosophis,
1898 5432 2001 5484 sed.
2033 5433 2100 5484 de

524 5499 791 5569 theUIOgis
837 5499 1073 5553 maxime
1105 5503 1229 5554 dico
1268 5531 1336 5538 —
1370 5503 1614 5569 proferre
1645 5501 1830 5568 possit.
1866 5501 1941 5554 Ae
1979 5517 2102 5568 pro—

522 5567 665 5621 iecto
695 5568 824 5637 quid
858 5569 1114 5638 ineptius,
1136 5585 1300 5639 quam
1332 5567 1396 5627 ei:
1433 5585 1518 5632 eo,
1548 5567 1692 5639 quod
1723 5567 2100 5624 ttonnnlli’ho-

2205 4734 2529 4804 contigerit,
2561 4731 2725 4798 hujus
2796 4741 2847 4784 te
2895 4731 3124 4799 gloriam
3191 4745 3311 4782 esse
3355 4737 3780 4796 reportaturum.

2207 4829 2343 4881 Cum
2377 4825 2546 4895 igitur
2583 4824 2852 4893 praecipua
2877 4823 3130 4890 utrinque
3169 4821 3355 4890 Opinio
3385 4820 3452 4874 ad
3480 4831 3528 4873 te
3555 4829 3781 4889 spectet,

2204 4919 2483 4988 simulque
2516 4916 2647 4970 illud
2683 4918 2792 4969 Deo
2822 4915 3022 4969 debeas
3057 4916 3149 4984 qui
3212 4915 3305 4969 tibi
3368 4913 3515 4968 hunc
3571 4915 3624 4967 in
3683 4928 3786 4967 nos

2203 5010 2565 5081 principatum
2613 5007 2912 5068 commisit,
2948 5007 3031 5061 fae
3081 5008 3159 5062 rei
3217 5007 3492 5062 communi
3551 5007 3783 5061 validius

2203 5103 2602 5172 sollicitiusque
2635 5100 2938 5171 provideas.
2980 5100 3186 5171 Detque
3215 5099 3309 5153 tibi
3338 5098 3480 5153 Deus
3506 5114 3601 5169 per
3637 5109 3781 5154 tuam

2206 5291 2404 5354 mines,
2441 5289 2618 5344 insani
2656 5291 3003 5358 plerumque,
3051 5301 3110 5341 se
3140 5286 3239 5356 ipsi
3276 5286 3632 5358 interficiant.
3681 5286 3783 5338 im-

2206 5362 2592 5415 mortalitatem
2619 5357 2789 5423 animi
2818 5361 2955 5413 velle
2985 5359 3216 5427 probare
3237 5358 3260 5411 ?
3281 5357 3430 5410 Talia
3463 5358 3781 5421 neutiquam

2205 5440 2404 5483 curant
2435 5433 2518 5484 sui
2575 5430 2953 5484 interfectores
2995 5447 3010 5482 :
3064 5444 3186 5481 nam
3230 5429 3275 5481 si
3330 5437 3604 5490 curarent,
3645 5427 3786 5481 hanc

2206 5501 2381 5566 ipsam
2419 5501 2603 5558 vitam,
2638 5508 2689 5553 in
2721 5516 2825 5568 qua
2861 5500 3099 5553 futuram
3133 5501 3328 5552 mereri
3357 5499 3644 5561 docentur,
3677 5512 3784 5551 non

2205 5571 2502 5636 abjicerent
2537 5571 2636 5637 (α).

593 5760 668 5828 (α)
703 5756 929 5824 Confer,
966 5758 1007 5812 si
1048 5756 1222 5825 lubet,
1268 5756 1332 5812 cl.
1375 5758 1445 5812 De
1476 5754 1678 5811 Bonald
1711 5756 1761 5810 itt
1798 5771 1958 5827 opere
1996 5755 2138 5824 quod
2182 5753 2521 5810 insmibitur.
2565 5749 2874 5807 Iit‘t‘ht’l’rht‘s
2912 5752 3353 5822 philosophiqttcs.
3390 5750 3548 5808 Eutr.
