4186 6290
394 273 505 337 953

1141 274 1530 338 LAUDATIO
1561 275 1944 339 FUNEBRIS
1985 278 2315 343 HELENzE
2350 280 2944 347 PAL/EOLOGINXE.

3536 276 3642 341 954

392 384 469 436 Τὸ
502 382 559 435 δὲ
591 400 795 454 μουσας
824 385 997 456 τιμῶν
1026 385 1178 450 ἔθνος
1207 389 1307 442 οὐκ
1340 390 1604 457 ἄμουσον,
1637 392 1757 445 οὐδὲ
1802 391 1965 445 ἀπαί-

2076 400 2251 456 musis
2282 416 2625 474 nequaquam
2655 401 2833 457 aliena
2877 405 2996 455 erat
3026 397 3379 466 animumque
3408 393 3481 452 ob
3505 396 3640 454 insi-

391 478 581 531 δευτον
619 478 741 531 οὐδέ
773 494 837 545 γε
894 479 954 531 τὸ
991 479 1167 549 ψυχῆς
1198 481 1545 552 ἀνθρωπίνης
1578 484 1645 551 τῇ
1693 484 1965 553 ἀθανασίᾳ

401 568 628 635 νομίζον
668 568 882 635 ἀγενές.
917 568 1120 621 Τούτου
1159 568 1253 621 τοῦ
1303 570 1515 638 γένους,
1548 575 1575 626 ό
1606 574 1704 641 τῆς
1728 574 1854 643 ἀρτι
1900 572 1965 644 δὴ

397 659 803 730 μετηλλαχυίας
828 660 918 712 τὸν
946 661 1059 730 βίον
1100 660 1373 732 βασιλίδος
1396 663 1579 735 πατὴρ
1605 657 1671 737 ἦν
1700 664 1881 736 χώρας
1904 682 1965 718 τε

394 752 581 820 ἄρχων
608 751 669 804 οὐ
690 752 840 823 ποιρά
880 751 1054 819 Ἀξιὸν
1080 753 1344 822 ποταμὸν,
1364 747 1425 808 οῦ
1450 756 1510 808 τὸ
1542 754 1685 826 ὔδωρ
1717 758 1774 808 ἐν
1801 774 1965 811 ποτα-

400 843 571 911 μείων
629 843 838 896 ὑδάτων
888 845 998 905 τοῖς
1047 842 1364 913 κρατίστοις
1420 848 1515 899 καὶ
1572 846 1964 914 ὑγιεινοτάτοις

394 934 573 987 πίνειν
597 934 735 999 ἐστὶ,
770 933 862 985 καὶ
900 932 1062 994 αὐτδς
1097 936 1154 987 ἐν
1183 934 1392 1004 ἀνδρῶν
1417 939 1531 999 τοῖς
1561 938 1964 1007 ἀνδρειοτάτοις

395 1026 491 1077 καὶ
544 1024 908 1088 δικαιοτάτοις
946 1026 1249 1095 τυγχάνων,
1297 1030 1391 1081 καὶ
1438 1030 1505 1083 τά
1555 1046 1617 1096 γε
1667 1032 1802 1098 πρὸς
1837 1033 1965 1097 τοὺς

398 1116 585 1185 φίλους
618 1118 958 1180 πιστότατος.
991 1118 1249 1172 Τοιούτου
1295 1120 1352 1173 δέ
1401 1121 1605 1189 πατρὸς
1639 1126 1897 1191 γεγονυῖα
1929 1126 1962 1194 ή

398 1206 507 1259 τῶν
551 1208 837 1277 ἡμετέρων
893 1206 1163 1276 βασιλέων
1216 1227 1277 1262 τε
1330 1213 1425 1264 καὶ
1479 1213 1764 1281 ἡγεμόνων
1821 1214 1962 1285 αῦτη

404 1298 611 1367 μήτηρ,
640 1298 720 1367 τῷ
743 1297 952 1352 τούτων
988 1299 1160 1369 πατρὶ
1190 1302 1441 1371 ἐγήματο
1475 1303 1655 1372 πολλῷ
1688 1305 1961 1376 κρείττονι

396 1391 497 1459 τήν
522 1408 579 1443 τε
624 1390 779 1455 ἀξίαν
808 1392 978 1462 τύχην
1007 1392 1040 1463 ἢ
1078 1392 1219 1446 κατά
1249 1396 1378 1457 τοὺς
1406 1396 1605 1465 ἑαυτῆς
1649 1398 1840 1463 γονέας
1866 1399 1962 1451 καὶ

397 1483 547 1552 αὐτῷ
590 1499 652 1534 τε
702 1482 854 1552 καλῷ
904 1482 1133 1551 κάγαθῷ
1191 1485 1426 1554 βασιλεῖ,
1473 1488 1569 1539 καὶ¹
1624 1488 1723 1541 οὐκ
1765 1488 1962 1557 ὀλίγων

396 1574 659 1629 τοιούτων
708 1575 977 1645 βασιλέων
1037 1576 1293 1647 ἀπογόνῳ
1358 1577 1699 1648 βασιλεύοντι
1754 1597 1812 1633 τε
1865 1583 1960 1634 τοῦ

395 1667 666 1737 ἡμετέρου
698 1667 886 1720 τούτου
914 1666 1007 1720 τοῦ
1057 1668 1343 1737 Ῥωμαίων
1374 1670 1587 1738 γένους,
1617 1664 1678 1725 οὐ
1708 1672 1836 1743 περὶ
1862 1671 1961 1741 τῆς

396 1760 569 1814 πάλαι
609 1759 953 1831 εὐτυχίαςίτε
987 1760 1104 1830 ἅμα
1142 1763 1235 1814 καὶ
1260 1763 1317 1823 ἐς
1360 1762 1529 1816 πλείω
1570 1763 1961 1835 διακεκριμένη

394 1850 567 1919 γένει,
596 1850 754 1920 ἡμῶν
794 1852 892 1920 μὲν
918 1850 1208 1921 κρείττων,
1236 1852 1451 1905 ἐκείνου
1501 1853 1556 1906 δέ
1587 1871 1640 1907 τι
1678 1856 1818 1909 πάνυ
1855 1856 1963 1909 λειε-

397 1944 633 2014 πομένη.
665 1943 778 1996 Οὐκ
823 1943 971 1996 ἔστιν
1012 1940 1077 1995 αὐ
1104 1942 1163 2004 ὃς
1192 1943 1254 1996 οὐ
1305 1944 1401 1997 καὶ
1443 1944 1600 1997 τοῦτο
1651 1947 1852 2015 νομιεῖ.
1882 1946 1956 2000 Οὐ

396 2034 505 2106 γὰρ
548 2034 770 2101 ἀξιώσει
814 2051 897 2096 τις
930 2034 1039 2088 τῶν
1067 2033 1163 2087 τοῦ
1191 2033 1328 2087 Θεοῦ
1364 2036 1543 2106 ἔργων
1573 2035 1633 2088 τὸ
1670 2038 1963 2106 κράτιστον

396 2126 546 2193 ἡμᾶς
576 2142 635 2177 τε
659 2120 820 2191 εἶναι,
843 2124 1044 2188 ταύτας
1062 2124 1126 2196 δὴ
1149 2124 1248 2189 τάς
1272 2127 1430 2196 ἡμῶν
1458 2126 1742 2196 κρείττους
1773 2127 1963 2195 φύσεις

395 2216 567 2280 οὐδεὶς
621 2218 771 2279 ὅστις
822 2218 884 2269 οὐ
929 2215 1053 2280 νοῦς
1101 2216 1168 2271 ἂν
1204 2217 1337 2287 φαίη
1395 2215 1533 2274 εἶναι
1564 2218 1595 2287 ἦ
1630 2220 1725 2271 καὶ
1785 2220 1962 2290 ψυχάς

395 2324 546 2368 τινας
601 2306 711 2360 τῶν
766 2308 1057 2379 ἡμετέρων
1115 2308 1438 2378 κρείττους·
1500 2312 1547 2363 εί
1596 2309 1652 2363 δέ
1715 2310 1960 2365 τοιαῦται

398 2399 605 2452 ἐκεῖναι
634 2398 846 2467 φύσεις,
876 2400 930 2450 τί
966 2400 1032 2452 ἂν
1059 2399 1189 2452 ἀλλο
1214 2400 1394 2453 αὐτῶν
1424 2401 1482 2453 τὸ
1514 2403 1847 2471 κυριώτατον
1873 2405 1957 2472 εἴη

397 2489 558 2559 ἔργον
592 2490 687 2543 καὶ
724 2489 987 2561 πρᾶξιςῆ
1034 2491 1068 2561 ή
1118 2490 1225 2542 τῶν
1266 2491 1437 2542 ὄντων
1471 2491 1692 2562 θεωρία,
1728 2499 1822 2545 καί
1875 2495 1960 2546 ἐπ’

395 2583 533 2652 αὐτῇ
577 2584 610 2653 η
644 2581 738 2636 τοῦ
780 2584 890 2636 τῶν
931 2582 1070 2635 ὅλων
1106 2584 1453 2656 Δημιουργοῦ
1503 2584 1701 2649 ἔννοια,
1754 2580 1822 2657 ἦς
1854 2587 1966 2649 τοῖς

396 2675 693 2743 τυγχάνειν
717 2674 1043 2742 πεφυκόσιν,
1077 2674 1301 2744 οὐδεμία
1339 2692 1421 2737 τις
1469 2673 1534 2728 ἂν
1571 2674 1705 2743 άλλη
1756 2676 1966 2743 γένοιτο

399 2768 665 2838 κρείττων
697 2765 899 2837 πρᾶξις
929 2766 1050 2819 οὐδὲ
1083 2766 1505 2836 μακαριωτέρα,
1535 2760 1602 2838 ἦς
1631 2767 1723 2819 καὶ
1756 2767 1967 2836 ἄνθρω-

398 2875 497 2920 πος
541 2859 675 2927 πρὸς
716 2860 781 2929 τῇ
832 2858 963 2930 ἄλλῃ
996 2860 1103 2911 τῶν
1133 2858 1302 2912 ὄντων
1336 2859 1561 2928 θεωρίᾳ,
1616 2860 1708 2911 καὶ
1760 2858 1965 2929 ταύτης

396 2948 555 3018 δῆλός
595 2950 710 3002 ἐστι
733 2950 1045 3018 τυγχάνων.
1079 2949 1287 3003 Οὐκοῦν
1321 2951 1380 3003 οὐ
1425 2951 1585 3019 μόνον
1618 2952 1730 3011 τοῖς
1764 2951 1968 3021 θηρίων

1992 1719 2042 1779 Β

2071 503 2183 547 tam
2220 495 2690 551 immortalitatem
2732 493 2956 565 plurimi
2990 488 3639 559 faciebatJmperatricis

2065 594 2246 641 autem
2312 597 2514 642 nostrae
2569 602 2692 657 qua:
2733 600 2880 642 nunc
2934 583 3169 639 maxime
3228 590 3478 637 emortua
3531 590 3636 646 est,

2063 685 2217 747 pater
2242 679 2515 748 regionem
2551 693 2660 733 non
2723 677 2887 733 vilem
2960 689 3129 745 prope
3181 673 3382 728 Axium
3434 671 3635 728 ﬂumen

2064 770 2306 840 regebat,
2332 771 2490 840 cujus
2540 786 2681 840 aqua
2719 767 3111 839 potabilissirna
3139 765 3331 821 eadem
3383 773 3439 819 et
3489 762 3637 819 salu-

2061 858 2297 915 berrima
2346 867 2619 917 censetur.
2654 860 2770 917 Rex
2816 860 2933 930 ipse
2972 857 3302 915 fortissimus
3322 853 3636 924 etiustissi-

2065 966 2187 1007 mus
2222 953 2465 1007 virorum
2506 962 2561 1006 et
2589 967 2717 1023 erga
2746 951 2955 1006 amicos
3013 948 3312 1004 ﬁdissimus
3338 945 3459 1001 fuit.
3486 945 3637 1000 Talis

2063 1039 2227 1111 igitur
2254 1041 2496 1111 parentis
2553 1040 2662 1095 ﬁlia
2717 1041 3105 1110 imperatorum
3162 1051 3226 1092 ac
3280 1037 3477 1092 ducum
3537 1049 3639 1089 uo-

2063 1140 2301 1187 strorum
2337 1142 2530 1199 mater,
2565 1134 2756 1189 horum
2797 1132 3028 1201 genitori
3056 1139 3316 1200 nupserat
3346 1128 3439 1199 qui
3473 1141 3634 1195 gene-

2064 1221 2139 1277 ris
2177 1221 2462 1278 nobilitate
2511 1234 2565 1279 et
2615 1224 2847 1279 fortunae
2881 1222 3077 1292 opibus
3134 1221 3308 1275 multo
3348 1218 3548 1274 clarior
3578 1222 3640 1269 ut

2062 1325 2117 1371 et
2143 1316 2402 1370 virtutum
2426 1317 2598 1387 gloria
2630 1318 2686 1371 in
2715 1317 3060 1371 “ornatorum
3088 1313 3287 1383 populo
3313 1310 3635 1375 excellebat,

2062 1408 2309 1476 quamvis
2340 1407 2582 1463 inferiori
2613 1407 2730 1477 ipsa
2768 1407 2885 1462 loco
2932 1407 3162 1461 oriunda
3206 1413 3374 1468 esset,
3406 1402 3457 1456 id
3493 1400 3635 1469 quod

2063 1500 2208 1552 inter
2263 1512 2453 1552 omnes
2496 1506 2729 1552 constat.
2786 1497 3107 1565 Quicunque
3163 1496 3307 1549 enim
3363 1492 3635 1547 hominem

2062 1588 2575 1655 praestantissimum
2600 1587 2871 1642 Creatoris
2912 1601 3049 1655 opus
3084 1584 3381 1646 existimat,
3417 1581 3640 1636 minime

2069 1678 2280 1734 animas
2310 1678 2521 1747 aliquas
2552 1677 2754 1734 nostris
2784 1678 3040 1733 meliores
3060 1690 3183 1731 esse
3217 1673 3454 1743 negabit.
3486 1671 3639 1738 Quod

2046 1768 2117 1824 si
2148 1770 2220 1824 ita
2268 1778 2372 1835 est,
2398 1768 2526 1839 quid
2554 1770 2833 1839 antiquius
2889 1782 3013 1824 esse
3057 1774 3233 1836 potest
3265 1780 3427 1835 quam
3457 1764 3641 1832 opiuio

2066 1874 2188 1931 qua:
2214 1874 2277 1914 ex
2313 1875 2493 1915 rerum
2528 1870 2836 1915 ereatarum
2888 1856 3326 1914 consideratione
3357 1854 3553 1917 oritur,
3586 1860 3641 1906 et

2067 1951 2173 2006 fine
2196 1967 2358 2019 quem
2383 1950 2620 2006 universi
2650 1952 2901 2007 conditor
2916 1950 3021 2005 sibi
3046 1947 3345 2020 proposuit,
3370 1958 3477 2013 quo
3505 1943 3641 1996 nihil

2067 2044 2285 2111 melius,
2316 2045 2393 2099 nil
2429 2045 2643 2101 beatius
2676 2044 2903 2114 cogitari
2942 2050 3140 2113 potest,
3180 2049 3234 2096 et
3263 2038 3418 2109 cujus
3476 2037 3641 2091 homo

2068 2136 2185 2205 ipse
2240 2135 2527 2191 manifeste
2577 2137 2844 2204 particeps
2872 2143 2975 2189 est.
3002 2133 3167 2205 Igitur
3198 2146 3307 2186 non
3340 2137 3550 2183 tantum
3582 2135 3642 2180 ut

2072 2235 2259 2281 caetera
2290 2225 2544 2280 animalia
2574 2234 2891 2297 operaretur
2925 2226 3112 2287 homo,
3142 2221 3241 2277 sed
3264 2217 3640 2275 nobilissimae

2072 2334 2191 2374 rum
2219 2319 2383 2374 simul
2409 2333 2576 2388 penes
2607 2333 2707 2374 nos
2740 2330 2999 2388 generum
3054 2312 3363 2382 exemplum
3413 2311 3468 2363 in
3510 2323 3643 2377 ope-

2070 2410 2241 2463 rando
2290 2417 2344 2464 et
2387 2423 2514 2464 cum
2570 2408 2692 2463 aliis
2721 2405 3065 2464 subsistendo
3108 2412 3448 2474 sequeretur.
3480 2398 3640 2451 Rela-

2073 2498 2274 2555 tionem
2339 2499 2485 2552 enim
2545 2507 2746 2552 certam
2825 2494 3157 2550 intercedere
3217 2498 3434 2561 oportet
3499 2489 3642 2542 inter

2068 2590 2445 2645 exsistentiam
2495 2597 2551 2644 et
2604 2588 2798 2658 agendi
2838 2587 3153 2641 facultatem
3208 2592 3260 2638 et
3316 2583 3432 2636 vice
3464 2592 3638 2635 versa.

2069 2681 2223 2746 Quod
2260 2680 2305 2735 si
2350 2680 2473 2750 quis
2532 2680 2810 2734 hominem
2873 2694 2978 2749 qua
3022 2676 3251 2732 bestiam
3308 2672 3639 2736 considerat,

2069 2773 2351 2827 bestialem
2377 2787 2508 2827 sane
2541 2772 2590 2826 ei
2626 2780 2878 2825 naturam
2937 2784 3060 2824 esse
3118 2765 3401 2830 fatebitur,
3434 2777 3535 2817 nec
3560 2770 3642 2815 ta-

2069 2878 2193 2916 men
2250 2862 2490 2917 melioris
2526 2876 2648 2916 cum
2677 2871 2887 2915 natura:
2930 2866 3233 2929 compotem
3273 2856 3511 2927 negabit,
3544 2870 3644 2909 nec

2072 2952 2360 3008 mirabitur
2410 2953 2554 3021 quod
2590 2967 2753 3021 opera
2796 2964 3001 3007 naturae
3051 2966 3165 3007 sua:
3212 2965 3453 3020 congrua
3495 2947 3643 3002 facit.

399 3042 582 3110 ἔργοις
609 3043 858 3094 κοινωνοί
881 3039 946 3093 ἂν
977 3040 1072 3093 ἄνθ
1085 3058 1261 3109 ρωπος
1295 3042 1390 3094 καὶ
1420 3042 1488 3093 τὰ
1516 3043 1682 3109 θηρία
1714 3042 1963 3111 πράττοι,

2074 3044 2217 3100 Duas
2240 3044 2383 3099 enim
2408 3043 2615 3099 homini
2646 3044 2916 3099 essentias
2946 3044 3125 3099 inesse
3148 3042 3249 3097 sibi
3270 3041 3643 3111 persuadebit,

397 3137 538 3191 ἀλλά
577 3136 671 3189 καὶ
712 3136 825 3197 τοῖς
867 3134 976 3186 τῶν
1011 3133 1340 3203 κρειττόνων
1393 3134 1549 3203 ἡμῶν
1582 3135 1755 3201 γενῶν
1792 3137 1840 3187 εί
1867 3136 1965 3203 τῆς

397 3227 573 3292 αὐτῆς
596 3227 779 3287 αὐτοῖς
806 3224 1038 3294 θεωρίας
1070 3226 1127 3286 ἐς
1150 3222 1384 3292 δύναμιν
1414 3224 1505 3275 καὶ
1528 3224 1690 3285 αὐτὸς
1713 3224 1962 3287 ἅπτεται,

396 3322 465 3374 τὰ
509 3320 565 3373 δέ
620 3317 981 3371 κοινωνοῦντα
1035 3319 1147 3379 τοῖς
1200 3317 1404 3385 ἔργοις,
1443 3315 1536 3369 καὶ
1576 3317 1696 3376 ταῖς
1755 3316 1968 3378 οὐσίαις

400 3410 617 3480 ἀνάγκη
666 3410 967 3463 κοινωνεῖν.
1016 3407 1305 3474 ’Δνάλογον
1340 3407 1446 3473 γὰρ
1486 3407 1567 3458 δεῖ
1608 3405 1751 3474 ἔχειν
1782 3406 1968 3468 οὐσίας

397 3519 457 3554 τε
488 3503 691 3571 ἔργοις,
748 3501 841 3553 καὶ
886 3498 1023 3570 ἔργα
1066 3498 1294 3560 οὐσίαις,
1344 3496 1531 3566 ῶσπερ
1586 3495 1677 3548 οὐν
1724 3514 1807 3557 τις
1856 3498 1967 3556 τοῖς

400 3592 605 3663 θηρίων
630 3592 812 3662 ἔργοις
844 3589 1203 3644 κοινωνοῦντα
1235 3589 1523 3657 ἄνθρωπον
1577 3589 1740 3656 ὀρῶν,
1777 3587 1966 3640 οὐσίαν

400 3686 464 3754 τῇ
515 3682 721 3753 θηρίων
762 3679 1152 3752 παραπλησίαν
1186 3678 1395 3731 τίθεται
1436 3677 1599 3731 αὐτὸν
1642 3677 1961 3747 κεκτῆσθαι,

398 3775 581 3839 καλῶς
612 3774 779 3839 ἀξιῶν
814 3774 906 3825 καὶ
950 3774 1064 3834 τοῖς
1097 3771 1202 3823 τῶν
1240 3770 1563 3841 κρειττόνων
1606 3770 1762 3838 ήμῶν
1793 3768 1966 3836 γενῶν

399 3866 758 3920 κοινωνοῦντα
792 3864 936 3934 ὁρῶν
977 3862 1161 3934 ἔργοις
1198 3863 1292 3914 καὶ
1340 3860 1530 3914 οὐσίαν
1578 3859 1965 3931 παραπλησίαν

397 3961 463 4029 τῇ
496 3957 721 4009 ἐκείνων
754 3957 867 4025 ἔχει
908 3954 1162 4020 ἀξιούτω,
1186 3952 1261 4016 ὡς
1299 3954 1397 4022 οὐχ
1428 3947 1539 4005 οἷόν
1570 3969 1627 4003 τε
1654 3951 1713 4004 ὃν
1747 3950 1822 4022 μὴ
1867 3951 1966 4003 οὐκ

398 4055 505 4108 ἀπὸ
544 4055 948 4125 παραπλησίων
991 4053 1093 4121 τῆς
1146 4050 1333 4113 οὐσίας
1374 4050 1735 4121 παραπλήσια
1772 4050 1867 4102 καὶ
1899 4048 1968 4101 τὰ

399 4148 533 4217 ἔργα
562 4143 720 4207 εἶναι,
755 4149 849 4199 καὶ
885 4148 950 4198 ἐκ
982 4145 1129 4197 δυοῖν
1159 4143 1350 4196 οὐσίαν
1377 4143 1467 4195 τὸν
1498 4142 1788 4213 ἄνθρωπον
1814 4158 1968 4211 νομι-

397 4238 536 4302 ζέτω
585 4236 980 4295 συντεθεῖσθαι,
1043 4235 1140 4303 τῆς
1198 4235 1296 4303 μὲν
1352 4233 1503 4296 θείας
1547 4234 1711 4297 τινὸς,
1758 4232 1856 4300 τῆς
1909 4231 1967 4284 δὲ

397 4329 721 4399 θηριώδους,
767 4327 861 4379 καὶ
912 4325 1114 4390 ταύτης
1168 4325 1264 4393 μὲν
1318 4325 1541 4395 θνητῆς,
1584 4326 1683 4393 τῆς
1720 4324 1777 4376 δὲ
1815 4323 1965 4386 θείας

2069 3135 2308 3191 divinam
2370 3134 2869 3203 immortalemque,
2944 3143 2999 3189 et
3078 3134 3360 3189 bestialem
3416 3146 3645 3202 eamque

2069 3226 2375 3279 mortalem.
2409 3226 2651 3293 Cogitari
2702 3227 2846 3279 enim
2888 3240 3168 3295 nunquam
3229 3232 3407 3293 potest
3471 3224 3643 3278 Deum

2068 3316 2280 3371 inﬁnite
2310 3316 2511 3371 bonum
2543 3324 2597 3370 et
2628 3325 2780 3371 extra
2825 3331 3042 3371 omnem
3072 3316 3330 3370 invidiam
3386 3316 3644 3383 positum.

2070 3424 2175 3462 non
2210 3417 2418 3479 partem
2474 3408 2709 3476 aliquam
2774 3408 2972 3462 divina:
3038 3416 3247 3461 naturae
3299 3407 3644 3471 mortalibus,

2066 3497 2532 3552 immortalitatem
2563 3497 2797 3563 scilicet,
2846 3498 3129 3553 indidisse.
3161 3495 3449 3566 Nunquam
3498 3506 3644 3569 certe

2067 3588 2212 3657 quod
2274 3588 2502 3642 mortale
2548 3596 2631 3642 est
2681 3588 3141 3642 immortalitatem
3196 3588 3543 3643 nanciscetur
3575 3587 3644 3642 ob

2067 3679 2284 3745 limites)
2314 3687 2519 3733 naturae
2568 3680 2818 3733 humanae
2852 3680 3079 3748 positos,
3111 3679 3202 3748 qui
3244 3695 3344 3735 nos
3375 3678 3646 3748 perfectos

2065 3785 2187 3825 esse
2237 3786 2347 3825 non
2398 3772 2607 3839 sinunt,
2650 3773 2751 3827 etsi
2805 3787 2906 3827 nos
2941 3773 3088 3842 ipsos
3144 3780 3361 3841 propter
3421 3786 3644 3825 causam

2067 3864 2302 3933 aliquam
2361 3872 2453 3917 aut
2504 3864 2623 3919 sine
2679 3880 2844 3920 causa
2882 3866 3278 3931 iuterimamus,
3317 3880 3425 3934 qua
3476 3865 3542 3919 de
3587 3879 3647 3918 re

2069 3970 2214 4010 nunc
2253 3956 2403 4025 loqui
2446 3956 2775 4025 superﬂuum
2826 3967 2974 4013 esset
3008 3972 3195 4013 coram
3232 3965 3311 4011 tot
3342 3956 3472 4011 viris
3524 3956 3645 4024 ejus

2071 4047 2215 4101 haud
2249 4048 2481 4119 ignaris.
2510 4047 2665 4102 Nunc
2696 4064 2823 4103 vero
2854 4047 2971 4118 ejus
3005 4050 3078 4103 rei
3099 4050 3428 4102 mentionem
3466 4049 3646 4102 facere

2072 4140 2219 4194 haud
2252 4139 2588 4196 fastidiosum
2646 4142 2771 4206 erit,
2807 4142 3076 4210 siquidem
3104 4155 3167 4196 ex
3210 4151 3282 4195 tot
3319 4157 3438 4209 qum
3466 4155 3645 4209 quou-

2068 4232 2193 4285 dam
2228 4231 2461 4287 ﬂoruere
2490 4233 2811 4288 civitatibus
2854 4233 3070 4289 diﬂicile
3118 4235 3365 4289 invenias
3396 4233 3646 4294 alteram,

2070 4325 2124 4378 in
2186 4340 2292 4393 qua
2346 4327 2521 4379 virtus
2586 4336 2641 4380 ct
2711 4327 2930 4380 fortuna
2986 4326 3216 4381 feliciori
3276 4339 3439 4393 quam
3504 4326 3647 4393 apud

396 4395 554 4491 ἡμῶν
580 4422 872 4484 ἀθανάτου,
912 4419 966 4470 εἴ
1008 4436 1071 4485 γε
1113 4418 1207 4470 καὶ
1239 4419 1271 4487 ἡ
1307 4417 1414 4470 τῶν
1446 4417 1773 4485 κρειττόνων
1804 4417 1965 4486 ἡμῶν

2071 4414 2321 4469 Romaeos
2358 4418 2560 4470 unione
2594 4419 2900 4487 gaudebant
2930 4434 2995 4471 ac
3027 4418 3230 4472 diutius
3257 4418 3575 4471 ﬂoruerunt.

396 4514 569 4583 γενῶν
601 4514 868 4573 ἀθάνατος
892 4527 906 4541 ο
951 4509 1162 4578 οὐδαμῆ
1194 4510 1304 4579 γάρ
1336 4509 1400 4561 ἂν
1450 4508 1671 4575 εὐλογον
1712 4511 1819 4575 εἴη,
1851 4510 2035 4578 ἄκρως
2068 4508 2292 4576 ἀγαθῶν
2326 4508 2453 4560 ὄντα
2477 4508 2567 4561 τὸν
2597 4509 2729 4563 Θεὸν
2762 4511 2856 4563 καὶ
2887 4510 3082 4578 φθόνου
3111 4510 3215 4574 ἔξω
3244 4509 3445 4569 παντὸς
3471 4508 3546 4577 μὴ
3584 4508 3650 4559 οὐ

400 4606 534 4675 πρὸς
588 4608 701 4667 τοῖς
755 4604 935 4666 ἄλλοις
980 4620 1031 4654 τι
1063 4603 1362 4663 ἀθανάτους
1414 4603 1512 4664 τὰς
1546 4602 1828 4668 ἐγγυτέρω
1870 4602 2064 4655 ἑαυτοῦ
2122 4602 2308 4664 οὐσίας
2371 4604 2718 4669 παραγαγεῖν
2754 4618 2768 4633 ·
2823 4603 2872 4654 εἰ
2937 4603 2983 4654 δ’
3015 4604 3221 4654 ἐκεῖναι
3254 4601 3513 4655 ἀθάνατοι
3546 4600 3647 4653 κᾶν

395 4701 553 4771 ημῶν
579 4703 702 4754 ὅσον
729 4701 824 4768 τῆς
849 4697 1035 4759 οὐσίας
1058 4694 1249 4758 αὐταῖς
1286 4697 1691 4764 παραπλήσιον,
1725 4696 1991 4749 ἀθάνατον
2025 4697 2113 4766 είη
2139 4713 2151 4726 ·
2186 4695 2307 4747 ἐπεὶ
2340 4696 2449 4747 οὐδ’
2475 4694 2540 4748 ἄν
2565 4712 2695 4747 ποτε
2724 4697 2934 4763 γένοιτο
2961 4695 3151 4765 θνητὸν
3178 4696 3430 4765 ἀθανάτῳ
3464 4712 3641 4763 παρι-

397 4800 624 4866 πλήσιον
645 4795 752 4847 οὐδ’
778 4794 860 4862 ἐφ’
879 4789 1121 4853 όσονοῦν,
1152 4789 1212 4841 τὸ
1237 4789 1664 4860 πεπερασμένην
1696 4806 1758 4854 γε
1788 4788 1911 4857 ἔχον
1931 4790 2029 4859 τὴν
2052 4790 2147 4848 τοῦ
2180 4786 2321 4843 εῖναι
2349 4788 2580 4859 δύναμιν
2605 4788 2699 4840 καὶ
2724 4788 3133 4853 ἐπιλείπουσαν,
3158 4789 3235 4852 τῷ
3256 4790 3645 4846 ἀνεπίλειπτον

396 4893 569 4961 ἔχοντι
604 4890 698 4941 καὶ¹
730 4888 956 4956 ἄπειρον
983 4900 997 4915 ⁸
1037 4887 1130 4938 καὶ
1166 4886 1264 4957 μὲν
1295 4886 1356 4954 δὴ
1386 4886 1487 4937 κᾶν
1517 4884 1565 4935 οί
1594 4884 1747 4935 αὐτοὶ
1773 4885 1970 4948 αὐτοὺς
1999 4884 2419 4946 ἀποκτιννύντες
2448 4885 2559 4936 είτε
2607 4882 2812 4952 ἀρετῆς
2863 4885 3157 4953 περίεργον
3205 4886 3273 4939 ἂν
3323 4886 3407 4953 εἴη
3462 4884 3646 4953 λέγειν

396 4984 723 5053 παμπόλλων
779 4982 1028 5033 εἰδότων·
1067 4981 1203 5033 ἀλλά
1245 4977 1498 5033 τοσοῦτον
1552 4977 1727 5029 εἰπεῖν
1780 4977 1838 5027 ἐν
1880 4977 1957 5045 τῷ
2005 4978 2235 5048 παρόντι
2297 4980 2355 5031 οὐ
2395 4979 2674 5047 φορτικὸν,
2728 4979 2812 5031 ὅτι
2868 4976 3077 5032 πολλῶν
3119 4979 3410 5031 πολιτειῶν
3448 4994 3510 5030 τε
3547 4978 3643 5030 καὶ

396 5078 681 5148 βασιλειῶν
735 5075 1030 5141 γεγονυιῶν
1077 5076 1133 5125 ἐν
1186 5073 1348 5127 παντὶ
1390 5071 1465 5140 τῷ
1511 5073 1568 5123 ἐν
1625 5073 1811 5141 μνήμῃ
1857 5072 2034 5142 χρόνῳ
2068 5073 2303 5140 χαλεπὸν
2340 5074 2487 5124 ἐστιν
2521 5073 2724 5143 εὑρεῖν,
2759 5073 2893 5124 ὅπου
2937 5071 3105 5141 ἀρετή
3158 5088 3218 5123 τε
3269 5072 3365 5121 καὶ
3419 5070 3648 5139 εὐτυχία

394 5176 479 5225 ἐπ’
512 5170 644 5223 αὐτὸ
673 5166 1119 5235 συνεληλυθέτην,
1142 5166 1215 5227 ὠς
1252 5169 1309 5217 ἐν
1341 5168 1407 5236 τῇ
1436 5164 1601 5219 πάλαι
1635 5165 1923 5235 Ῥωμαίων
1958 5165 2219 5235 πολιτείᾳ,
2245 5163 2359 5233 άμα
2387 5165 2442 5217 δὲ
2466 5166 2559 5219 καὶ
2583 5166 2674 5218 ἐπὶ
2709 5165 2845 5218 πολὺ
2876 5163 2970 5217 τοῦ
3004 5165 3200 5234 χρόνου
3231 5164 3545 5232 διαρκέσαν.

464 5265 541 5333 Τῇ
605 5262 661 5315 δὲ
715 5261 809 5313 νῦν
866 5258 1181 5329 ὑμνουμένῃ
1250 5258 1481 5327 βασιλίδι
1537 5258 1694 5311 τοῦτο
1744 5261 1961 5328 πρῶτον

396 5354 615 5423 εὐτυχὲς
650 5349 860 5418 ὐπῆρξε
888 5350 948 5401 τὸ
986 5349 1101 5417 ἃμα
1154 5348 1251 5415 μὲν
1280 5348 1335 5413 ἐξ
1368 5349 1590 5414 ἀγαθῶν
1621 5348 1736 5416 ἅμα
1769 5349 1815 5401 δ’
1866 5349 1964 5401 οὐκ

396 5447 621 5515 ἀσήμων
646 5442 843 5513 φῦσαν,
872 5441 1084 5493 πολλῶν
1110 5439 1417 5507 κρείττονος
1447 5439 1479 5507 ἧ
1507 5440 1626 5490 καθ’
1656 5440 1853 5508 ἑαυτὴν
1872 5439 1964 5491 τοῦ

393 5538 574 5604 γάμου
634 5536 820 5603 τυχεῖν
876 5531 1087 5601 βασιλεῖ
1136 5529 1420 5597 Ῥωμαίων
1466 5532 1761 5599 γημαμένη
1793 5548 1804 5559 ·
1839 5532 1963 5599 ἄρτι

392 5627 488 5696 τὴν
525 5624 801 5695 βασιλείαν
833 5624 968 5692 μετὰ
999 5623 1097 5692 τὴν
1121 5619 1215 5672 τοῦ
1240 5620 1442 5687 πατρὸς
1475 5621 1734 5690 τελευτὴν
1770 5639 1963 5686 παρει-

391 5719 604 5784 ληφότι,
636 5717 704 5770 τὰ
744 5716 798 5767 δὲ
843 5715 979 5787 μετὰ
1030 5713 1203 5766 ταῦτα
1234 5712 1333 5765 οὐκ
1364 5712 1578 5781 ἀμιγεῖς
1608 5714 1663 5765 αί
1716 5716 1959 5782 εὐτυχίαι

2150 5256 2285 5312 lluic
2340 5269 2535 5311 nostra;
2562 5257 2775 5325 quidem
2809 5257 3138 5324 impcratrici
3170 5255 3315 5311 felici
3355 5272 3483 5311 casu
3510 5255 3647 5309 obti~

2075 5352 2151 5420 git
2204 5360 2261 5405 ut
2304 5351 2462 5405 bonis
2519 5351 2695 5415 iisque
2750 5349 3023 5404 nobilibus
3079 5357 3360 5418 procreata
3412 5348 3646 5418 parenti-

2074 5444 2175 5498 bus
2220 5442 2563 5497 Rommorum
2608 5444 2925 5511 imperatori
2975 5457 3171 5510 genere
3223 5440 3473 5495 nobiliori
3523 5448 3647 5491 nato

2076 5538 2339 5600 nuberet;
2380 5537 2469 5605 qui
2500 5536 2639 5603 patri
2674 5536 2929 5590 defuncto
2962 5534 3249 5597 successit,
3280 5533 3445 5600 inque
3480 5547 3647 5597 regno

2073 5641 2171 5681 suo
2214 5641 2337 5680 cum
2401 5626 2547 5679 varia
2593 5624 2808 5677 fortuna
2871 5625 3085 5677 luctans
3140 5621 3449 5675 inrasiones
3515 5620 3646 5672 Bur-

2068 5716 2321 5772 barorunt
2370 5733 2431 5773 ac
2482 5714 2829 5772 obscssiones
2870 5711 3081 5785 urbium
3122 5717 3373 5770 expertus
3410 5720 3491 5765 est
3534 5726 3642 5765 nou
