4186 6290
553 251 661 318 959
1791 259 2120 321 GEORGII
2159 259 2588 322 PLETHONIS
3715 253 3824 321 960

1869 585 2494 715 ΠΙΝΑΞ

2109 834 2247 889 ΤΗΣ

1094 1005 1323 1094 ΤΟΥ
1397 1003 2030 1093 ΠΛΗΘΩΝΟΣ
2105 1001 2509 1090 ΝΟΜΩΝ
2593 1001 3268 1090 ΣΥΓΓΡΑΦΗΣ.

765 1341 838 1395 Δί
871 1338 979 1394 τοῦ
1017 1339 1255 1408 πρώτου
1296 1338 1532 1396 Βιϐλίου
1561 1339 1913 1406 ὑποθέσεις.
2155 1337 2209 1398 Α
2237 1345 2303 1400 θ’,
2365 1343 2502 1414 Περὶ
2532 1345 2629 1414 τῆς
2667 1341 2808 1396 κατὰ
2843 1341 3130 1410 Κούρητας
3163 1335 3494 1400 θεοσεϐείας.

551 1435 625 1488 α’·
683 1431 819 1504 Περὶ
848 1433 1115 1504 διαφορᾶς
1144 1432 1256 1486 τῶν
1306 1431 1437 1503 περὶ
1465 1431 1574 1484 τῶν
1609 1432 1886 1500 μεγίστων
1917 1431 2127 1502 ἀνθρώ-
2234 1446 2285 1493 ι’.
2357 1436 2494 1507 Περὶ
2541 1435 2678 1489 θεῶν
2724 1434 2834 1487 τῶν
2863 1450 2923 1486 τε
2971 1432 3109 1486 ἑπτὰ
3146 1427 3532 1501 πρεσϐυτάτων
3579 1427 3674 1482 καὶ
3703 1426 3816 1482 τῶν

761 1540 884 1585 ποις
911 1523 1103 1588 δοξῶν.
2441 1527 2617 1582 ἄλλων
2649 1524 3083 1595 ὑπερουρανίων.

553 1611 620 1680 β’.
688 1614 824 1684 Περὶ
851 1615 1132 1686 ἡγεμόνων
1157 1614 1265 1669 τῶν
1294 1614 1584 1684 βελτίστων
1615 1615 1815 1684 λόγων.
2233 1617 2322 1674 ια’.
2377 1620 2513 1690 Περὶ
2535 1621 2632 1688 τῆς
2653 1619 2760 1672 τῶν
2790 1616 2943 1680 ἐντὸς
2968 1617 3202 1684 οὐρανοῦ
3235 1615 3376 1667 θεῶν
3401 1614 3696 1682 γενέσεως.

507 1697 509 1700 ⁴
551 1701 622 1773 γ’.
687 1705 824 1775 Περὶ
864 1708 980 1760 τοῖν
1025 1708 1175 1762 δυοῖν
1206 1709 1475 1762 ἐναντίοιν
1521 1707 1722 1774 λόγοιν,
1759 1708 1853 1761 τοῦ
1887 1725 1943 1759 τε
1976 1708 2131 1775 Πρω·
2235 1712 2323 1781 ιβ’,
2374 1714 2543 1782 Κοινὴ
2601 1729 2686 1775 τις
2742 1709 3021 1774 ἀπόδειξις
3075 1708 3184 1761 τῶν
3241 1708 3340 1778 τῆς
3398 1707 3576 1776 ψυχῆς
3636 1706 3812 1776 τριῶν

760 1801 1050 1870 ταγορείου
1083 1802 1178 1854 καὶ
1202 1799 1297 1854 τοῦ
1325 1803 1698 1873 Πυρρωνείου.
2441 1805 2622 1861 εἱδῶν.

548 1891 612 1947 δ’.
693 1893 782 1956 Ἐς
817 1893 975 1956 θεοὺς
1009 1895 1136 1956 τοὺς
1166 1893 1380 1961 λογίους
1405 1895 1562 1966 εὐχή.
2233 1906 2322 1964 ιγ’.
2369 1899 2504 1968 Περὶ
2529 1897 2639 1950 τῶν
2663 1897 2774 1950 τῶν
2801 1896 3016 1965 ἄστρων
3047 1893 3229 1947 εἰδῶν.

547 1980 613 2038 ε’.
684 1985 857 2039 Κοινὰ
890 1987 1019 2055 περὶ
1046 1985 1187 2041 θεῶν
1223 1985 1491 2054 δόγματα.
1759 2046 1776 2071 ι
2233 1991 2315 2045 ιδ’.
2370 1991 2505 2060 Περὶ
2529 1991 2637 2044 τῶν
2667 1990 2775 2043 τῶν
2803 1988 2944 2040 ἑπτὰ
2971 1987 3219 2070 ἀστέρων
3245 1983 3554 2054 δυνάμεων.

550 2074 628 2140 ς’.
683 2077 822 2147 Περὶ
845 2079 970 2142 Διὸς
1001 2077 1097 2134 τοῦ
1127 2079 1418 2150 βασιλέως.
2233 2083 2315 2139 ιε’.
2367 2083 2501 2154 Περὶ
2539 2082 2649 2136 τῶν
2677 2080 2784 2134 τῶν
2817 2081 3064 2151 ἀστέρων
3096 2078 3244 2133 ίδίων
3273 2077 3479 2146 φορῶν.

547 2168 615 2232 ζ’.
683 2171 820 2241 Περὶ
850 2170 988 2224 θεῶν
1023 2171 1130 2225 τῶν
1160 2172 1592 2242 ὁπερουρανίων.
2232 2175 2331 2241 ις’.
2363 2175 2500 2246 Περὶ
2555 2173 2656 2243 τῆς
2708 2176 2896 2242 κοινῆς
2941 2176 3158 2243 ἄστρων
3206 2189 3266 2224 τε
3317 2170 3412 2224 καὶ
3453 2168 3548 2224 τοῦ
3597 2167 3811 2234 παντὸς

545 2260 618 2329 η’.
683 2263 819 2332 Περὶ
849 2261 988 2316 θεῶν
1016 2263 1126 2317 τῶν
1155 2264 1308 2326 ἐντὸς
1337 2264 1594 2335 οὐρανοῦ.
2439 2268 2660 2338 αἰθέρος
2693 2265 3022 2336 περιφορᾶς.

547 2353 614 2409 θ’.
684 2354 819 2426 Περὶ
848 2355 949 2425 τῆς
975 2355 1085 2409 τῶν
1116 2355 1256 2410 θεῶν
1297 2359 1636 2428 συμπάντων
1663 2359 1988 2431 ἀῖδιότητος.
2233 2358 2317 2424 ιζ’.
2359 2359 2497 2429 Περὶ⁵
2520 2358 2617 2427 τῆς
2651 2356 2763 2410 τῶν
2791 2356 3008 2426 ἄστρων
3033 2353 3232 2425 ψυχῆς.

547 2445 604 2503 ι’.
678 2449 814 2518 Περὶ
838 2449 940 2517 τῆς
968 2450 1298 2512 Ποσειδῶνός
1323 2468 1385 2504 τε
1425 2451 1518 2504 καὶ
1547 2452 1655 2506 τῶν
1685 2451 1862 2506 ἄλλων
1895 2453 2129 2525 ὑπερου-
2232 2459 2324 2522 ιη’.
2373 2453 2462 2516 Ὠς
2492 2453 2599 2506 εἰσὶ
2629 2452 2903 2520 δαίμονες.

755 2541 958 2610 ρανίων
989 2541 1132 2596 θεῶν
1162 2542 1450 2612 γενέσεως,
2233 2542 2316 2598 ιθ’.
2370 2542 2457 2606 Ὧς
2490 2543 2552 2594 οὑ
2587 2545 2817 2613 πονηροὶ
2845 2545 2893 2594 οἱ
2928 2539 3180 2610 δαίμονές
3211 2539 3372 2592 εἰσιν.

549 2637 640 2688 ια’.
687 2633 823 2703 Περὶ
865 2635 968 2704 τῆς
1006 2634 1114 2689 τῶν
1162 2634 1314 2698 ἐντὸς
1367 2636 1600 2706 οὐρανοῦ
1642 2637 1798 2691 τοῦδε
1842 2638 2128 2695 ἀθανάτων
2156 2678 2200 2735 Β
2231 2633 2298 2688 κ’.
2366 2637 2618 2706 Ἔλεγχοι
2648 2635 2758 2688 τῶν
2785 2635 2928 2688 κατά
2960 2633 3230 2702 δαιμόνων
3253 2626 3540 2684 διαϐολῶν.

755 2724 1043 2791 γενέσεως.
2156 2724 2198 2735 ’⁷
2227 2735 2332 2782 κα’.
2365 2729 2501 2798 Περὶ
2529 2728 2800 2796 δαιμόνων
2826 2727 3115 2795 διαφορᾶς.

544 2813 632 2884 ιβ’.
679 2815 816 2885 Περὶ
841 2815 942 2884 τῆς
963 2816 1074 2868 τῶν
1101 2815 1316 2886 θνητῶν
1346 2817 1634 2884 γενέσεως.
2224 2819 2330 2889 κβ’.
2366 2820 2501 2890 Περὶ
2532 2820 2832 2880 ἀθανασίας
2859 2817 3042 2886 ψυχῆς
3075 2817 3176 2886 τῆς
3209 2815 3585 2886 ἀνθρωπίνης.

542 2913 633 2974 ιγ’.
674 2907 814 2976 Περὶ
839 2907 1129 2977 ἀνθρώπου
1162 2909 1453 2976 γενέσεως.
2225 2920 2333 2982 κγ’.
2365 2913 2504 2982 Περὶ
2534 2912 2634 2981 τῆς
2665 2910 2774 2963 τῶν
2805 2909 3016 2978 θνητῶν
3053 2906 3436 2979 δημιουργίας.

543 2997 624 3055 ιδ’·
669 3001 807 3072 Περὶ
853 3001 949 3070 τῆς
997 3001 1084 3055 ἐπ’
1126 3003 1414 3074 ἀμφότερα
1471 3005 1766 3072 ἀνθρώπου
1830 3011 1953 3062 τοτὲ
2019 3011 2118 3080 μὲν
2225 3007 2326 3061 κδ’.
2362 3006 2497 3074 Περὶ
2529 3003 2631 3070 τῆς
2660 3001 2754 3054 τοῦ
2787 2999 3132 3070 ἀνθρωπίνου
3165 2995 3363 3065 θνητοῦ
3407 2993 3802 3065 δημιουργίας.

751 3093 1058 3162 ἀμείνονος,
1089 3094 1211 3147 τοτὲ
1241 3094 1297 3147 δὲ
1322 3094 1566 3165 χείρονος
1598 3097 1917 3163 διαθέσεως.
2225 3105 2323 3152 κε’.
2361 3097 2497 3166 Περὶ
2523 3094 2830 3166 αἰσθήσεών
2864 3109 2924 3145 τε
2957 3090 3052 3144 καὶ
3079 3089 3188 3142 τῶν
3221 3087 3344 3143 καθ’
3385 3088 3650 3150 ἑκάστας.

541 3183 627 3240 ιε’.
669 3183 805 3255 Περὶ
829 3183 932 3253 τῆς
963 3184 1137 3254 αὐτῆς
1163 3186 1270 3239 τῶν
1303 3185 1662 3242 καθεστώτων
1691 3190 1885 3258 μονῆς.
2225 3189 2337 3256 ις’.
2364 3187 2501 3258 Περὶ
2542 3186 2651 3240 τῶν
2695 3185 2805 3238 τῶν
2836 3182 3042 3253 θηρίων
3087 3180 3249 3242 ἐνίοις
3285 3179 3428 3232 κατά
3468 3177 3626 3246 λόγον
3655 3177 3803 3244 δρω-

541 3274 642 3341 ις’.
675 3277 808 3348 Περὶ
835 3279 934 3349 τῆς
963 3277 1057 3331 τοῦ
1086 3277 1252 3348 ῆθους
1284 3279 1514 3349 ἀρίστης
1550 3283 1962 3348 καταστάσεως.
2437 3279 2637 3350 μένωνα

541 3366 625 3432 ιζ”ο
669 3370 804 3437 Περὶ
835 3368 1045 3431 οἰκείας
1077 3373 1482 3436 καταστάσεως.
2223 3370 2324 3438 κζ’.
2357 3370 2496 3441 Περὶ
2521 3370 2619 3438 τῆς
2657 3366 2752 3420 τοῦ
2784 3367 2988 3427 παντὸς
3015 3364 3344 3433 ἀῖδιότητος.

541 3467 632 3529 ιη’.
672 3461 808 3532 Περὶ
843 3459 1245 3530 κληρονομιῶν.
2528 3463 2596 3514 Αἱ
2628 3458 2736 3514 τοῦ
2781 3465 2829 3527 τ’
2857 3458 3103 3521 ,ϐιϐλίου
3142 3453 3481 3520 ὑποθέσεις.

541 3551 629 3606 ιϐ’.
665 3551 803 3622 Περὶ
830 3550 938 3604 τῶν
969 3551 1108 3621 πρὸς
1135 3551 1405 3622 ἀλλήλους
1435 3555 1740 3621 συμϐολῶν.
2219 3557 2290 3611 α’.
2373 3551 2664 3622 Ἀνάληψις
2699 3551 2792 3604 τοῦ
2824 3552 2953 3618 περὶ
2986 3548 3326 3618 εἱμαρμένης
3354 3546 3540 3612 λόγου.

539 3649 609 3698 κ’.
668 3642 803 3713 Περὶ
830 3639 1128 3705 πολιτείας.
2220 3645 2284 3716 β’,
2365 3631 2786 3713 Ἀνάληψις’τοῦ
2820 3640 2951 3710 περὶ
2980 3638 3160 3709 ψυχῆς
3193 3636 3542 3707 ἀνθρωπίνης
3587 3633 3800 3690 ἀθανα-

539 3741 648 3789 κα’.
669 3734 803 3803 Περὶ
833 3733 971 3787 θεῶν
993 3733 1310 3803 θεραπείας.
2431 3735 2551 3796 σίας
2580 3733 2763 3801 λόγου.

539 3827 643 3897 κβ’.
670 3826 807 3895 Περὶ
841 3827 1034 3896 ἱερέων
1067 3827 1163 3881 καὶ
1197 3827 1315 3898 βίου
1345 3829 1545 3884 αὐτῶν.
2219 3838 2287 3899 γ’.
2355 3829 2487 3898 Περὶ
2513 3827 2693 3887 τέλους
2719 3825 2814 3878 τοῦ
2853 3821 2992 3893 βίου.

539 3917 645 3985 κγ’.
671 3920 806 3989 Περὶ
835 3919 1159 3989 καθαρμῶν.
2217 3924 2281 3978 δ’.
2354 3923 2487 3993 Περὶ⁸
2524 3917 2838 3990 φρονήσεώς
2877 3935 2933 3970 τε
2980 3915 3075 3968 καὶ
3105 3913 3217 3968 τῶν
3262 3911 3576 3982 φρονήσεως
3610 3911 3792 3968 εῐδων.

539 4011 636 4064 κδ’.
669 4012 801 4078 Περὶ
824 4011 1010 4066 δικῶν.
2133 4022 2174 4080 c
2209 4015 2269 4068 ε’.
2347 4014 2481 4084 Περὶ
2517 4011 2726 4064 παίδων
2762 4010 3005 4078 ἀγωγῆς.

539 4101 639 4156 κε’.
670 4104 804 4172 Περὶ
840 4104 1043 4172 ταφῆς.
2219 4104 2293 4169 ς’.
2353 4104 2487 4171 Περῖ
2514 4101 2611 4169 τῆς
2640 4099 2915 4164 πολιτείας
2942 4099 3220 4169 σχήματος

539 4200 654 4257 κς’.
678 4195 810 4263 Περὶ
839 4194 1132 4266 θεραπείας
1159 4197 1268 4250 τῶν
1293 4197 1611 4267 οἰχομένων.
2215 4196 2279 4259 ζ’.
2354 4197 2487 4262 Περὶ
2519 4192 2791 4262 ἀνδρείας.

539 4283 643 4349 κζ’.
673 4285 807 4354 Περὶ
838 4285 932 4339 τοῦ
968 4286 1031 4339 ὲκ
1060 4285 1226 4340 τῶνδε
1267 4288 1334 4341 ἂν
1361 4306 1469 4342 των
1497 4289 1679 4359 νόμων
1713 4298 2105 4365 περιγιγνομέ-
2211 4287 2282 4358 η’.
2353 4286 2486 4354 Περὶ
2516 4284 2624 4339 τῶν
2654 4285 2740 4352 ἐφ’
2773 4286 2904 4354 ἡμῖν
2935 4287 3030 4338 καὶ
3055 4287 3154 4338 οὐκ
3179 4288 3264 4354 ἐφ’
3293 4287 3447 4356 ἡμῖν,
3481 4285 3571 4338 διὰ
3618 4286 3793 4355 μέσης

746 4394 836 4432 νου
872 4377 1102 4445 ἀγαθοῦ.
2423 4377 2524 4446 τῆς
2553 4377 2684 4444 περὶ
2713 4377 2963 4446 ἀνδρείας
2996 4377 3327 4441 ὑποθέσεως.

538 4475 643 4537 κη’.
672 4469 946 4540 Διαίρεσις
974 4471 1068 4525 τοῦ
1103 4471 1279 4535 ὄντος.
1919 4505 1922 4510 -
2211 4472 2278 4526 θ’.
2347 4469 2483 4540 Περὶ
2514 4467 2669 4522 εἱδῶν
2700 4469 2970 4537 ἀνδρείας.

536 4562 639 4616 κθ’.
668 4563 803 4633 Περὶ
835 4564 1101 4635 διαφορᾶς
1139 4567 1352 4620 αίτίων.
2213 4573 2270 4620 ι’.
2346 4565 2484 4634 Περὶ
2515 4561 2892 4633 σωφροσύνης.

534 4651 598 4706 λ’.
663 4656 797 4723 Περὶ
826 4657 1066 4724 ἀνάγκης
1088 4657 1195 4710 τῶν
1227 4659 1436 4714 αἰτίων.
2214 4657 2305 4712 ια’.
2345 4656 2484 4725 Περὶ
2514 4657 2712 4726 μέτρου
2747 4671 2807 4706 τε
2841 4655 2935 4708 καὶ
2966 4655 3335 4724 συμμετρίας.

534 4743 636 4800 λα’.
671 4748 808 4819 Περὶ
839 4749 1124 4817 ὀνομάτων
1152 4750 1260 4801 τῶν
1293 4753 1686 4819 πρεσϐυτάτων
1721 4751 1880 4807 θεῶν.
2211 4745 2301 4814 ιβὀ
2343 4748 2474 4816 Περὶ
2506 4748 2662 4800 εἱδῶν
2692 4746 3070 4814 σωφροσύνης·

834 4839 902 4892 Al
941 4835 1132 4900 τοῦβ¹
1169 4839 1416 4900 βιϐλίου
1447 4842 1796 4907 ὑποθέσεις.
2211 4837 2296 4906 ιγ’.
2341 4839 2475 4907 Περὶ
2504 4839 2812 4908 δυνάμεως,
2838 4838 2927 4891 διὰ
2982 4838 3152 4905 μέσης
3196 4837 3294 4906 τῆς
3325 4839 3451 4906 περὶ
3492 4837 3651 4890 εἰδῶν
3682 4853 3787 4889 σω-

535 4935 605 4983 σ.’.
675 4929 810 5000 Περὶ
853 4931 1140 5002 κριτηρίου
1193 4931 1287 4984 τοῦ
1329 4932 1424 4985 ἐπὶ
1454 4931 1554 5004 τὴν
1591 4933 1700 4986 τῶν
1729 4937 2106 5006 προκειμένων
2417 4930 2694 5002 φροσύνης
2725 4930 3058 4993 ὑποθέσεωςο

747 5022 959 5092 σκέψιν.
2210 5026 2291 5079 ιδ’.
2335 5027 2471 5094 Περὶ
2505 5006 2605 5091 τῆς
2635 5027 2744 5079 τῶν
2769 5027 2973 5093 γονέων
3004 5028 3250 5093 ἐκγόνοις
3287 5027 3347 5078 οὐ
3381 5026 3608 5092 μίξεως.

538 5113 606 5183 β’.
674 5114 950 5184 Πρόληψις
986 5117 1204 5168 ὲννοιῶν
1234 5114 1449 5170 κοινῶν.
2209 5119 2287 5174 ιε’.
2333 5120 2466 5188 Περὶ
2497 5118 2636 5172 θεῶν
2659 5118 2948 5186 γενέσεως,
2969 5102 3056 5169 διὰ
3085 5118 3259 5185 μέσης
3288 5117 3388 5185 τῆς
3417 5117 3546 5184 περὶ
3578 5114 3784 5183 γονέων

535 5204 606 5273 γ’.
685 5207 773 5268 Ὡς
807 5208 915 5259 εἰσὶ
955 5207 1087 5262 θεοί.
2027 5266 2062 5280 ρ
2421 5210 2666 5279 ἐκγόνοις
2693 5211 2753 5264 οὐ
2789 5211 2988 5281 μίξεως
3016 5208 3352 5270 ὑποθέσεως.

537 5297 599 5350 δ’·
674 5298 809 5366 Περὶ
836 5300 1093 5366 προνοίας
1123 5299 1299 5353 θεῶνο¹
1875 5356 1879 5360 .
2139 5363 2176 5374 __
2213 5303 2310 5370 ις’.
2343 5307 2481 5374 Περλ⁸
2511 5304 2612 5373 τῆς
2659 5303 2741 5354 ὲν).
2787 5302 2942 5371 ἀνδρὶ
2987 5300 3265 5367 γυναικῶν
3308 5300 3574 5352 πλειόνων
3607 5314 3784 5352 συνοιο

539 5389 601 5444 ε’.
682 5389 771 5450 ὀς
800 5389 862 5442 οὐ
900 5389 1082 5444 κακῶν
1113 5391 1161 5442 οί
1190 5390 1302 5443 θεοὶ
1333 5391 1519 5444 αίτιοι.
2134 5363 2184 5422 D
2424 5398 2655 5465 κήσεως.

543 5491 619 5549 ς’.
672 5484 806 5554 Περλ¹
836 5484 1198 5556 εἱμαρμένης.
2215 5487 2299 5552 ιζ’.
2348 5488 2482 5554 Περὶ
2513 5487 2612 5556 τῆς
2643 5486 2838 5540 κοινῶν
2864 5485 3138 5554 γυναικῶν
3166 5487 3433 5554 χρήσεως.

542 5575 610 5640 ζ’.
675 5577 808 5646 Περὶ
847 5576 1085 5646 πλήθους
1113 5583 1220 5630 τῶν
1256 5579 1412 5633 θεῶν.
2217 5585 2306 5645 ιη’.
2347 5577 2479 5646 Περὶ
2506 5578 2682 5646 κρεῶν
2715 5578 2934 5646 ἐδωδῆς.

549 5675 616 5734 η’.
677 5669 812 5738 Περὶ
837 5669 1096 5739 διαφορᾶς
1135 5669 1242 5723 τῶν
1273 5672 1378 5725 τῶν
1405 5671 1543 5725 θεῶν
1571 5669 1762 5739 γενῶν.
2217 5669 2299 5723 ιϐ’.
2344 5669 2476 5736 Περὶ
2507 5672 2636 5736 μιᾶς
2667 5670 2764 5739 τῆς
2796 5669 2852 5722 ὲν
2884 5667 3030 5739 οἰκίᾳ
3052 5669 3115 5738 τῇ
3144 5668 3280 5737 αὐτῇ
3321 5669 3585 5738 κτήσεως.
