4186 6290
629 460 740 525 963

1855 456 2179 517 GEORGII
2220 458 2653 518 PLETIIONIS

3808 452 3911 517 96-1

633 571 735 624 οὐκ
759 566 1070 636 ἀναγκαίως
1100 583 1157 618 τε
1201 580 1260 631 ες
1287 567 1486 631 αἰῶνος
1532 567 1668 638 πρὸς
1692 567 1834 622 αὺτά
1860 572 1954 621 καὶ
2003 571 2216 640 ἁπαρα-
2246 577 2292 632 Α
2324 569 2631 635 ἀναγκαίως
2669 569 2800 638 ἔχει,
2852 568 2918 621 τὰ
2946 567 2989 621 δ’
3025 567 3158 620 ἄλλα
3207 567 3426 620 ἅπαντα
3467 565 3534 620 δι’
3569 567 3815 638 ἐκείνην,
3847 570 3913 638 ἢν

529 700 541 710 .
633 657 882 728 τρέπτως
905 657 1142 726 ἔχοντες.
1188 657 1332 710 Ἀλλ’
1373 658 1426 710 οἵ
1455 675 1514 712 τε
1544 658 1660 712 θεοὶ
1680 658 1827 712 ἴσασι
1858 660 1926 710 τὰ
1957 659 2214 727 ἐσόμενα,

532 771 549 788 ο
635 754 730 808 καὶ
787 753 1092 824 ἀνθρώπων
1143 745 1340 822 οἷσπερ
1393 755 1459 808 ἂν
1518 753 1792 820 ἐθέλοιεν,
1842 753 1936 807 καὶ
1967 753 2216 816 καθόσον,

635 845 1094 916 προσημαίνουσι.
1147 845 1256 897 Καί
1301 861 1413 898 τισι
1467 843 1563 898 καὶ
1595 844 2057 915 προμεμαθηκόσι
2110 844 2220 896 τῶν

633 939 912 1007 ἐσομένων
938 935 1088 989 ἑστιν
1122 937 1180 1002 ἃ,
1209 936 1304 989 καὶ
1344 937 1704 1006 πειρωμένοις
1726 937 2033 1004 διαφυγεῖν,
2068 934 2221 988 οὐδὲν

634 1023 799 1098 ἦττον
819 1027 1046 1094 ’ἄφυκτά
1073 1043 1132 1078 τε
1165 1028 1346 1090 αὐτοῖς
1383 1027 1599 1094 ἐγένετο
1621 1027 1716 1080 καὶ
1739 1024 2124 1096 ἀναπόδραστα
2153 1025 2222 1079 τὰ

638 1125 975 1190 πεπρωμὲνα
1002 1135 1016 1150 ·
1060 1121 1169 1181 τοῖς
1193 1118 1252 1170 δέ
1288 1122 1382 1172 καὶ
1425 1118 1577 1188 αὑτῷ
1607 1117 1777 1184 τούτῳ
1819 1117 1897 1188 τῷ
1931 1133 2220 1187 προμεμα-

638 1208 864 1278 θηκέναι
896 1225 952 1260 τε
982 1210 1076 1261 καὶ
1103 1208 1400 1277 πειρᾶσθαι
1434 1207 1748 1278 διαφυγεῖν,
1775 1207 1885 1269 τοῖς
1917 1207 2220 1277 πεπρωμέ-

638 1315 750 1362 νοις
785 1301 1108 1370 περιπεσεῖν
1136 1300 1359 1368 συνέεη,
1382 1299 1526 1352 οὕτω
1573 1316 1676 1351 που
1711 1299 1805 1351 καί
1836 1295 1995 1350 τοῦτο
2028 1300 2224 1368 εἱμαρ-

640 1391 802 1458 μένον
835 1392 1041 1454 αὐτοῖς.
1074 1390 1287 1445 Οὔκουν
1317 1391 1384 1444 ἂν
1413 1387 1552 1444 εἶναι
1586 1390 1866 1453 ἀνάλυσιν,
1898 1390 2016 1443 οὐδέ
2039 1405 2224 1460 παρα.

633 1485 844 1553 τροπήν
883 1501 1031 1551 τινα,
1065 1484 1356 1550 τοῖςάπαξ
1387 1485 1494 1536 ὑπὸ
1524 1484 1648 1546 Διός
1684 1500 1743 1536 τε
1770 1483 2141 1554 ἐγνωσμένοις
2165 1482 2224 1547 ἐξ

637 1577 834 1638 αἰῶνος
894 1577 991 1628 καὶ
1020 1578 1332 1646 εἱμαρμένῃ
1361 1577 1689 1646 δεδεμένοις.

721 1666 864 1719 Ἀλλ’
894 1669 942 1719 εί
972 1670 1151 1720 πάντα
1186 1667 1442 1736 ὥρισται,
1481 1668 1613 1736 φαίη
1638 1667 1701 1720 ἄν
1733 1685 1838 1731 τις,
1875 1667 1973 1721 καὶ
2015 1668 2168 1721 οὐδὲν
2193 1669 2222 1720 ὃ

637 1777 690 1812 τι
727 1759 802 1828 μὴ
831 1760 1077 1828 ἀνάγκης
1113 1759 1404 1829 μετείληφε
1450 1759 1558 1812 τῶν
1589 1759 1758 1813 ὄντων
1811 1777 1871 1812 τε
1903 1762 1997 1813 καὶ
2038 1777 2217 1827 γιγνοο

641 1853 838 1919 μένων,
875 1851 938 1903 ἐκ
971 1867 1030 1903 τε
1078 1852 1188 1905 τῶν
1215 1852 1520 1921 ἀνθρώπων
1551 1852 1739 1920 οἴχοιτ’
1774 1853 1896 1922 ἂνὴ
1936 1852 2222 1923 ἐλευθερία

639 1943 734 1996 καὶ
766 1945 798 2012 ἡ
825 1944 948 2011 δίκη
974 1945 1038 1996 ἐκ
1062 1945 1171 1996 τῶν
1206 1944 1365 2008 θεῶν,
1389 1945 1496 1996 τῶν
1531 1943 1628 2013 μέν
1659 1943 1962 2014 ἀνθρώπων
1980 1945 2220 2016 ἀνάγκῃ,

639 2034 755 2088 ἃττ’
787 2035 853 2088 ἂν
879 2035 1190 2102 πράττοιεν,
1226 2035 1578 2106 πραττόντων
1603 2075 1618 2098 ,
1673 2036 1768 2089 καὶ
1791 2037 1974 2090 οὐκέτι
2007 2035 2122 2088 οὔτ’
2156 2036 2222 2089 ἂν

638 2125 845 2193 κυρίων
894 2127 1104 2180 ἐαυτῶν
1143 2128 1337 2193 δλτων,
1371 2127 1483 2180 οὔτ’
1535 2131 1598 2181 ἂν
1647 2129 1972 2198 ἐλευθέρων,
2023 2131 2134 2182 τῶν
2166 2129 2222 2182 δὲ

637 2218 776 2270 θεῶν
822 2212 941 2287 ἦτοι
976 2222 1302 2290 τοπαράπαν
1360 2221 1693 2287 ἀσεστὼτων
1741 2219 1805 2272 ἂν
1842 2221 1936 2273 τοῦ
1967 2219 2220 2284 κολάζειν

635 2311 763 2370 τοὺς
789 2311 1016 2375 κακοὺς,
1053 2311 1086 2380 ἢ
1124 2310 1224 2364 οὐκ
1255 2313 1320 2364 ἂν
1341 2313 1397 2363 ἐν
1432 2311 1554 2382 δίκῃ
1591 2310 1949 2377 κολαζόντων,
1976 2315 2028 2367 εἴ
2065 2329 2126 2380 γε
2157 2313 2221 2383 δὴ

635 2398 850 2468 ἀνάγκῃ
897 2400 946 2452 οἱ
979 2401 1140 2453 κακοὶ
1175 2402 1355 2454 κακοί.
1399 2402 1561 2454 Ἀλλὰ
1595 2404 1722 2464 τοὺς
1763 2405 1862 2471 μὲν
1897 2403 2222 2473 ἀνθρώπους

636 2489 861 2558 κυρίους
899 2491 963 2544 ἂν
999 2493 1206 2546 ἑαυτῶν
1229 2491 1391 2558 εἶναι,
1431 2494 1492 2546 ού
1537 2493 1612 2564 τῷ
1653 2495 1727 2564 μὴ
1776 2495 1868 2547 ὑπ’
1895 2496 2108 2560 οὐδενὸς
2156 2497 2220 2550 ἂν

633 2581 962 2649 τοπαράπαν
984 2582 1277 2653 ἄρχεσθαι,
1317 2585 1454 2654 μήτε
1495 2602 1590 2638 του
1627 2585 1813 2651 ἄλλου,
1856 2587 1982 2657 μήτ’
2009 2591 2074 2642 ἂν
2123 2589 2218 2641 αὺο

633 2671 745 2724 τῶν
772 2673 881 2726 τῶν
920 2673 1080 2740 θεῶν,
1110 2676 1244 2728 ἀλλὰ
1273 2675 1350 2745 τῷ
1385 2675 1531 2747 ἔχειν
1559 2677 1660 2746 μέν
1701 2695 1754 2731 τι
1790 2680 1847 2731 ἑν
1884 2681 2098 2744 ἑαυτοῖς
2124 2682 2222 2750 ἄρ·-

635 2781 751 2833 χον,
777 2765 836 2816 τὸ
877 2765 1145 2838 φρονοῦν,
1186 2767 1246 2820 τὸ
1307 2767 1362 2820 δέ
1401 2769 1534 2822 πολὺ
1586 2770 1923 2841 ἀρχόμενονο
1983 2775 2076 2826 καὶ
2125 2775 2219 2828 τοῦ

635 2853 834 2906 πολλοῦ
857 2855 1051 2908 τούτου
1077 2855 1154 2921 ἓν,
1187 2856 1246 2908 τὺ
1272 2857 1504 2926 φρονοῦν
1542 2877 1602 2913 τε
1628 2863 1720 2914 καὶ
1748 2863 1906 2930 φύσει
1941 2864 2219 2933 βέλτιστον

633 2943 742 2997 τῶν
775 2946 1088 3016 ἡμετέρων,
1121 2948 1310 3016 κύριον
1344 2949 1409 3001 ἂν
1453 2945 1617 3007 εἶναι.
1649 2953 1792 3006 Αὐτὸ
1815 2955 1870 3008 δέ
1912 2955 1976 3026 δὴ
2002 2958 2062 3009 τὸ
2089 2976 2221 3029 φρο-

635 3029 759 3084 νοῦν
801 3033 876 3097 ὡς
913 3033 1095 3088 οὐκέτ’
1135 3035 1201 3086 ἂν
1243 3035 1463 3108 ἄρχοιτο
1493 3039 1586 3093 ὑπ’
1615 3041 1854 3107 οὐδενὸς,
1887 3047 1989 3100 οὐκ
2039 3049 2104 3102 ἂν
2132 3053 2217 3120 εἴη

635 3125 832 3179 εἰπεῖν.
894 3126 961 3179 Ὅ
994 3128 1210 3198 πρῶτον
1243 3131 1344 3199 μὲν
1389 3135 1499 3195 τοῖς
1529 3133 1633 3198 ἔξω
1665 3137 1958 3206 πράγμασι
1991 3141 2219 3208 φαίνοιτ’

631 3213 699 3268 ἂν
740 3215 1027 3284 ἑπόμενον.
1069 3220 1300 3275 Ἔπειτα
1351 3224 1398 3276 εί
1454 3225 1548 3278 καὶ
1591 3227 1666 3296 μὴ
1717 3227 1981 3295 ὡσαύτως
2012 3233 2218 3289 ἅπασιν

634 3307 944 3377 ἀνθρώποις
976 3310 1035 3363 τὸ
1065 3315 1297 3382 φρονοῦν
1314 3315 1472 3370 τοῦτο
1505 3318 1608 3370 ὑπὸ
1624 3319 1730 3373 τῶν
1749 3320 1928 3375 αὐτῶν
1954 3328 2217 3395 πραγμά-

631 3416 741 3453 των
773 3401 1027 3474 φαίνεται
1049 3403 1444 3476 διατιθέμενον,
1478 3411 1577 3463 οὐκ
1601 3411 1666 3464 ἂν
1691 3412 1868 3482 ὀρθῶς
1891 3432 1976 3480 τις
2001 3421 2212 3491 οἰηθείη

632 3489 758 3559 μηδ’
786 3493 842 3557 ἐξ
875 3493 1120 3565 ἀνάγκης
1155 3495 1219 3549 ἂν
1261 3498 1492 3553 ἕπεσθαι
1527 3503 1659 3557 αὐτὸ
1701 3508 1810 3568 τοῖς
1867 3489 2210 3580 πράγμασινξ

633 3581 799 3650 δῆλον
827 3584 936 3654 γάρ
966 3587 1083 3638 ἐστι
1113 3587 1272 3641 τοῦτο
1325 3592 1623 3662 συμϐαῖνον
1680 3598 1825 3668 παρά
1852 3615 1910 3651 τε
1944 3601 2043 3669 τὴν
2076 3604 2214 3658 ίδίαν

629 3673 799 3725 αὑτοῦ
827 3674 920 3726 τοῦ
971 3678 1305 3746 φρονοῦντος
1332 3683 1591 3738 ἑκάστοτε
1632 3689 1814 3755 φύσιν,
1849 3694 2000 3763 παρά
2031 3713 2090 3747 τε
2116 3697 2214 3767 τὴν

632 3761 888 3834 ἄσκησιν.
944 3767 1124 3823 Ταύτὸ
1153 3772 1261 3842 γὰρ
1294 3774 1472 3830 ὁτιοῦν
1501 3779 1706 3835 πλείοσι
1739 3783 1859 3850 μὲν,
1893 3761 2213 3859 διαφέρουσι

634 3853 692 3906 δέ
732 3872 810 3926 πη
855 3857 1100 3929 ἀλλήλων
1140 3867 1502 3933 προσπίπτον,
1557 3869 1631 3932 ὦς
1667 3889 1720 3926 τι
1772 3853 2214 3946 δρᾶσον,-διαφέο

635 3946 800 4016 ροντά
849 3966 932 4002 τοι
959 3952 1054 4004 καὶ
1103 3956 1168 4007 τὰ
1197 3956 1502 4026 παθήματα
1536 3962 1596 4025 ἐξ
1619 3962 1865 4034 ἀνάγκης
1901 3967 2215 4038 ἀπεργάσε-

631 4053 744 4092 ται.
773 4040 1064 4110 Διαφέρειν
1096 4043 1204 4114 γὰρ
1227 4046 1292 4096 ἂν
1320 4048 1378 4097 τὸ
1408 4050 1638 4116 φρονοῦν
1656 4053 1814 4106 τοῦτο
1844 4056 2096 4122 ἑκάστοις
2119 4061 2214 4114 καὶ

630 4125 730 4194 τὴν
773 4127 936 4194 φύσιν
988 4133 1082 4184 καὶ
1114 4134 1212 4204 τὴν
1261 4138 1535 4208 ἄσκησινο
1591 4146 1685 4197 καὶ
1719 4146 1818 4214 τῆς
1857 4148 1956 4218 μὲν
1999 4151 2213 4219 φύσεως

635 4215 761 4278 τοὺς
781 4216 938 4282 θεοὺς
970 4220 1036 4275 ἂν
1065 4226 1286 4293 κυρίους
1309 4223 1471 4296 εἶναι,
1495 4235 1592 4304 τῆς
1615 4235 1662 4288 δ’
1688 4238 1969 4309 ἀσκήσεως
1992 4245 2091 4312 τὴν
2118 4246 2212 4299 τοῦ

635 4303 984 4384 [ἀσκοῦντος]
1051 4309 1189 4368 εἶναι
1262 4319 1439 4387 δόξαν,
1504 4303 1780 4398 προτέραν
1814 4303 1976 4401 αὑτῶ
2046 4303 2212 4402 ἑγγε-

633 4401 886 4493 νομένην,
945 4405 1012 4479 ἣν
1080 4407 1146 4462 ἂν
1204 4411 1490 4484 ἀμήχανον
1546 4417 1613 4472 ἂν
1687 4417 1827 4475 εἶναι
1891 4401 2212 4493 ἐγγενέσθαι

631 4491 854 4560 ὁτῳοῦν,
893 4497 972 4566 μὴ
1021 4498 1081 4551 ού
1132 4499 1269 4554 Θεοῦ
1324 4509 1797 4579 παραστήσαντος.
1843 4491 2078 4585 κυρίους
2115 4519 2213 4587 μὲν

629 4581 721 4634 οὖν
754 4584 963 4640 ἑαυτῶν
1013 4590 1137 4655 τοὺς
1195 4594 1519 4666 ἀνθρώπους
1561 4597 1703 4656 εἶναι
1753 4606 1878 4658 καθ’
1929 4608 2053 4660 ὅσον
2111 4626 2213 4662 που
2251 4618 2293 4673 υ

627 4675 890 4745 ἄρχουσιν
936 4681 1139 4749 αὐτῶν,
1185 4689 1288 4742 κᾶν
1328 4691 1626 4761 ἀρχόμενοι
1680 4696 1961 4766 ἄρχωσινο
1995 4700 2217 4753 ἐλευθέ-

622 4782 758 4860 ρους
784 4769 841 4820 δέ
866 4766 1008 4825 εἷναί
1037 4775 1095 4826 τέ
1125 4793 1241 4840 πως
1273 4782 1366 4834 καὶ
1401 4784 1476 4851 μὴ
1506 4779 1668 4841 εἶναι.
1703 4788 1764 4840 Εἰ
1797 4789 1898 4856 μὲν
1929 4789 2036 4860 γὰρ
2067 4791 2217 4850 Elel-

631 4851 821 4924 θερίαν
871 4874 954 4919 τις
1005 4863 1103 4930 τὴν
1139 4865 1239 4918 οὐκ
1272 4868 1520 4939 ἀνάγκην
1556 4873 1738 4939 καλεῖ,
1786 4877 1887 4929 οὐκ
1939 4878 2005 4930 ἂν
2038 4878 2214 4948 ὀρθῶς

633 4946 879 5012 φαίνοιτο
911 4953 1115 5008 καλῶνο
1173 4958 1542 5026 ἀναγκάζοιτο
1593 4966 1700 5033 γὰρ
1746 4965 1810 5018 ἂν
1839 4946 2084 5022 δουλείαν
2114 4973 2212 5041 τὴν

630 5037 875 5107 ἀνάγκην
906 5043 1110 5100 καλεῖν.
1142 5048 1218 5118 Τῇ
1255 5049 1310 5102 δὲ
1355 5052 1570 5125 διυλείᾳ
1621 5058 1717 5109 καὶ
1761 5059 2080 5114 δεσποτείαν
2114 5037 2210 5132 δή-

631 5142 734 5176 που
768 5122 906 5180 εἷναί
937 5148 1057 5184 τινα
1108 5135 1206 5202 δεῖ,
1339 5139 1637 5211 δουλεύσει,
1686 5144 1898 5198 δουλεία
1941 5144 2096 5202 οὖσα.
2130 5151 2206 5222 Τῇ

632 5215 723 5271 οῦν
767 5220 1112 5298 πρεσϐυτάτῃ
1157 5229 1397 5302 ἀνάγκῃ,
1429 5234 1589 5305 καὶῆ
1626 5236 1764 5308 μόνη
1789 5239 1928 5310 αὑτὴ
1956 5239 2024 5292 δι’
2047 5215 2216 5314 αὐτὴ-ν

2321 662 2558 730 τάγαθόν
2590 679 2646 714 τε
2681 661 2817 713 αὐτὸ
2867 663 2961 714 καὶ
3007 664 3097 713 τὸν
3127 659 3223 712 Δία
3252 659 3458 728 φαμὲν,
3489 660 3572 722 τίς
3599 679 3731 715 ποτε
3759 663 3914 715 ἔσται

2322 752 2614 806 δεσποτεία
2741 751 3060 816 δουλεύσει;
3112 754 3171 805 οὐ
3204 753 3314 822 γάρ
3355 770 3455 804 που
3488 755 3520 821 ἡ
3551 753 3697 822 αὑτὴ
3727 753 3914 806 δεσπο-

2322 843 2441 898 τεία
2473 844 2589 911 ἅμα
2637 845 2731 897 καὶ
2779 843 2992 897 δουλεία
3032 844 3206 897 ἔσται.
3246 845 3306 897 Εἰ
3350 845 3405 896 δὲ
3439 843 3515 912 τῷ
3559 844 3917 914 ἄρχεσθαίατε

2325 938 2418 989 καλ⁵
2451 937 2525 1005 μὴ
2551 937 2782 1004 ὁριεῖταί
2812 954 2896 1000 τις
2937 937 3038 1006 τήν
3069 953 3126 989 τε
3169 937 3416 990 δουλείαν
3444 938 3540 990 καὶ
3571 937 3934 1006 ἐλευθερίαν,

2323 1031 2383 1081 οὐ
2426 1030 2585 1097 μόνον
2631 1031 2732 1082 οὐκ
2783 1029 2849 1082 ἂν
2882 1028 3188 1096 ἀνθρώπων
3240 1031 3414 1092 οὐδεὶς
3473 1030 3559 1100 εἴη
3608 1031 3918 1100 ἐλεύθερος,

2325 1115 2442 1171 ἀλλ’
2471 1119 2581 1183 οὐδ’
2613 1121 2679 1172 ἂν
2715 1119 2853 1172 θεῶν
2881 1119 3058 1181 ,ἄλλος
3106 1138 3190 1183 τις
3231 1121 3370 1190 πλὴν
3419 1123 3560 1183 Διὸέ,
3589 1121 3784 1174 ἀλλων¹
3823 1123 3920 1190 μὲν

2324 1209 2504 1272 ἄλλοις
2533 1211 2610 1278 τῷ
2650 1211 2916 1282 ἄρχεσθαι
2962 1213 3349 1278 δουλευόντων,
3409 1214 3669 1267 ἁπάντων
3727 1215 3772 1268 δ’
3807 1216 3920 1268 ’ἀπὸ

2325 1301 2466 1354 θεῶν
2501 1304 2852 1373 ἀρξαμένων,
2889 1305 2966 1373 τῷ
3013 1304 3178 1374 κοινῷ
3227 1307 3473 1379 Δεσπότῃ
3507 1306 3609 1359 Διῒ.
3645 1304 3722 1361 Οὐ
3769 1310 3903 1376 μέντ

2326 1395 2391 1447 ἂν
2423 1395 2596 1448 δεινόν
2634 1414 2687 1449 τι
2725 1396 2810 1466 εἴη
2841 1395 3033 1450 τοῦτον
3057 1398 3150 1451 τὸν
3179 1399 3386 1468 τρόπον
3422 1401 3452 1469 ὴ
3486 1398 3704 1454 δουλεία
3740 1401 3917 1455 καθά-

2327 1485 2460 1550 παξ,
2496 1487 2614 1539 ούδὲ
2648 1487 2905 1555 φευκτόν.
2971 1487 3036 1541 Ἥ
3073 1491 3182 1557 γὰρ
3235 1489 3310 1558 τῷ
3362 1489 3556 1560 ἀγαθῷ
3606 1490 3827 1543 δουλεία
3860 1491 3919 1544 οὐ

2329 1579 2487 1644 μόνον
2517 1579 2576 1630 οὐ
2618 1579 2813 1644 δεινὸν,
2848 1579 2988 1634 ἀλλά
3023 1581 3118 1634 καὶ
3173 1581 3458 1641 λυσιτελές
3505 1599 3564 1636 τε
3617 1584 3713 1636 καὶ
3766 1584 3921 1652 φίλον

2327 1670 2421 1721 καὶ
2455 1655 2605 1740 αύτῷ
2636 1670 2713 1741 τῷ
2742 1671 3075 1725 δουλεύοντιο
3117 1673 3271 1726 οὐδὲν
3300 1675 3409 1744 γάρ
3446 1674 3513 1727 ἂν
3547 1675 3665 1727 ἀλλ’
3707 1677 3741 1746 ἢ
3785 1679 3921 1743 ἀγα·-

2329 1762 2420 1813 θὸν
2447 1763 2779 1816 ἀπολαύσειέ
2811 1782 2894 1827 τις
2923 1765 3192 1819 δουλεύων
3230 1767 3442 1837 ἀγαθῷ.
3480 1770 3543 1822 Εἰ
3571 1768 3616 1821 δ’
3646 1770 3704 1823 ού
3742 1770 3913 1840 ταύτῃ

2326 1871 2409 1916 τις
2445 1856 2674 1924 ὁριεῖται
2706 1855 2951 1910 δουλείαν
2981 1874 3039 1909 τε
3071 1860 3161 1910 καὶ
3203 1858 3540 1930 ἐλευθερίαν,
3583 1861 3702 1914 ἀλλ’
3732 1861 3917 1934 ἐκείνῃ

2328 1945 2549 2016 μᾶλλον,
2579 1946 2656 2012 τῷ
2691 1947 3000 2001 κωλύεσθαι
3027 1949 3061 2018 ἢ
3106 1949 3180 2018 μὴ
3217 1951 3526 2006 κωλύεσθαι
3561 1969 3681 2005 τινα
3712 1953 3816 2024 ζῇν
3843 1955 3916 2015 ὡς

2327 2035 2579 2105 βούλεται
2613 2036 2884 2105 (βούλοιτο
2933 2039 2978 2091 δ’
3014 2042 3082 2093 ἂν
3143 2043 3251 2106 πᾶς
3302 2061 3386 2107 τις
3446 2046 3710 2115 πράττειν
3763 2063 3824 2099 τε
3856 2043 3914 2099 εὖ

2327 2129 2422 2180 καὶ
2449 2129 2826 2198 εὐδαιμονεῖν),
2879 2133 3027 2196 ἅπας
3064 2135 3164 2203 μέν
3197 2136 3264 2189 ἂν
3315 2137 3344 2188 ὀ
3388 2133 3449 2190 εὖ
3503 2141 3764 2208 πράττων
3810 2140 3915 2192 κΞν

2325 2219 2611 2290 ἐλεύθερος
2645 2221 2753 2291 εἴη,
2790 2221 2857 2276 ἄν
2887 2241 2946 2277 τε
2978 2226 3301 2297 ἀρχόμενος,
3331 2229 3396 2283 ἄν
3423 2247 3482 2283 τε
3517 2233 3614 2302 μὴ,
3647 2232 3707 2286 εὖ
3743 2233 3918 2302 πράτ-

2323 2325 2432 2361 των
2465 2312 2733 2384 τυγχάνῃ·
2777 2314 2854 2377 ὡς
2904 2316 3013 2386 γὰρ
3053 2316 3326 2386 βούλεται,
3369 2321 3482 2391 ζῴη
3532 2324 3616 2376 ἄν’
3646 2324 3915 2388 κακῶςδὲ

2325 2403 2587 2472 πράττων
2620 2423 2700 2468 τις
2751 2407 2867 2459 οὔτ’
2914 2408 3001 2474 ἂν,
3054 2409 3128 2473 ὡς
3177 2412 3443 2482 βούλοιτο,
3496 2416 3634 2487 ζῴη,
3685 2416 3803 2472 οὔτ’
3851 2421 3874 2471 Ξ
3887 2437 3915 2472 ν

2323 2495 2607 2566 ἐλεύθερος
2641 2499 2814 2567 δήπου
2843 2499 2954 2569 εἴη.
2981 2503 3182 2567 Κακῶς
3211 2505 3267 2557 δὲ
3293 2507 3553 2576 πράττειν
3585 2511 3914 2582 ἀνθρώπους

2322 2587 2422 2638 οὑκ
2453 2587 2587 2658 ἄλλῃ
2622 2587 2687 2640 ἂν
2733 2591 2765 2658 ἦ
2805 2596 3008 2656 κακοὺς
3040 2597 3333 2662 γεγονότας
3357 2640 3370 2663 ,
3408 2599 3549 2654 ῶστε
3585 2604 3694 2657 οὐδ’
3720 2606 3788 2659 ἂν
3822 2624 3916 2659 κα-

2324 2681 2418 2742 κὸς
2451 2680 2755 2750 ἀνθρώπων
2785 2685 2962 2748 οὐδεὶς
2994 2687 3227 2756 βούλοιτ’
3261 2692 3329 2744 ἂν
3359 2695 3665 2763 γίγνεσθαι,
3698 2701 3816 2768 εἴγε
3851 2700 3912 2770 δὴ

2319 2771 2461 2842 ,μηδὲ
2492 2774 2678 2836 κακῶς
2717 2775 2785 2826 ἂν
2817 2779 3021 2845 πρᾶξαι
3044 2798 3058 2813 ⁸
3113 2782 3229 2835 ἀλλ’
3260 2784 3494 2849 ἄκοντας
3548 2793 3754 2854 κακοὺς
3787 2796 3914 2855 τοὺς

2324 2866 2527 2927 κακοὺς
2561 2866 2848 2934 γίγνεσθαι
2881 2871 3364 2942 ἐξαμαρτάνοντας
3387 2895 3401 2909 ο
3432 2879 3544 2931 οὐδ’
3582 2882 3647 2934 ἂν
3693 2885 3910 2938 ἐλεύθε-

2325 2972 2416 3025 ρον
2451 2958 2636 3011 κακῶν
2685 2955 2826 3014 εἷναι
2875 2963 3092 3032 οὐδένα,
3124 2968 3252 3031 τοὺς
3288 2969 3344 3023 δὲ
3373 2973 3576 3038 καλούς
3615 2993 3674 3029 τε
3713 2980 3910 3045 μόνους

2323 3048 2625 3115 κάγαθούς.
2681 3051 2820 3118 Τοὺς
2877 3053 2932 3109 δὲ
2993 3057 3149 3123 θεοὺς
3203 3061 3454 3126 κολάζειν
3500 3068 3590 3131 ἂν,
3641 3069 3744 3123 οὐκ
3784 3073 3912 3125 αὐτὸ

2322 3139 2480 3193 τοῦτο
2511 3142 2666 3206 τέλος
2698 3145 2872 3214 δήπου
2904 3148 2964 3200 τό
2999 3166 3061 3218 γε
3113 3152 3365 3220 κολάζειν
3393 3161 3777 3229 ποιουμένους,
3805 3166 3896 3218 οὐδ

2245 3266 2290 3323 c
2326 3231 2413 3283 ἐπ’
2465 3234 2633 3288 αὐτοῦ
2679 3242 3182 3309 καταστρέφοντας,
3232 3246 3370 3300 ἀλλὰ
3427 3250 3495 3305 τὰ
3540 3252 3912 3324 ἁμαρτήματα

2321 3324 2775 3397 ἐπανορθοῦντας.
2819 3333 2968 3386 Ἐπεὶ
2994 3337 3104 3406 γὰρ
3149 3337 3248 3408 οὐχ
3295 3336 3409 3394 οἷόν
3451 3359 3481 3396 τ
3530 3340 3598 3416 ἦν
3625 3347 3701 3417 μὴ
3733 3349 3914 3419 ἁμαρ-

2319 3419 2502 3471 τάνειν
2533 3419 2754 3484 πάντως
2805 3423 2895 3476 τὸν
2945 3425 3254 3496 ἄνθρωπον,
3303 3433 3548 3487 τοιοῦτόν
3596 3453 3717 3490 τινα
3749 3457 3912 3508 γεγο-

2320 3509 2468 3576 νότα,
2508 3511 2572 3566 ἐκ
2602 3531 2662 3568 τε
2696 3515 2848 3580 θείας
2897 3520 2991 3595 καὶ
3036 3522 3307 3593 ἑπικήρου
3366 3527 3583 3594 φύσεως
3625 3530 3908 3595 σύνθετον,

2319 3602 2432 3655 ἀλλ’
2466 3605 2576 3658 ἔδει
2607 3609 2736 3661 ποτὲ
2775 3609 2873 3679 μὲν
2897 3592 2970 3665 ’διν
3003 3615 3146 3668 κατά
3175 3592 3235 3668 τδ
3271 3592 3411 3671 θεῖον
3444 3619 3505 3672 τὸ
3531 3622 3589 3674 ἐν
3633 3623 3784 3695 αὐτῷ
3815 3592 3912 3679 ἑπῖ

2319 3694 2417 3762 τὴν
2437 3697 2532 3748 τοῦ
2566 3702 2866 3768 συγγενοῦς
2896 3704 3236 3772 ἀφομοίωσιν
3267 3709 3536 3779 ἀγόμενον
3567 3709 3628 3767 εὖ
3656 3732 3712 3766 τε
3741 3720 3911 3786 πρατ·

2317 3801 2431 3837 τειν
2465 3787 2563 3838 καὶ
2611 3792 2899 3860 μακαρίως
2933 3793 3057 3864 ζῇν,
3091 3799 3212 3850 τοτὲ
3243 3799 3288 3851 δ’
3325 3797 3390 3854 αὖ
3437 3803 3544 3855 ὑπὸ
3575 3805 3669 3858 τοῦ
3711 3807 3906 3877 θνητοῦ

2315 3875 2410 3931 τοῦ
2440 3877 2497 3930 ἑν
2531 3879 2681 3950 αὑτῷ
2713 3888 3147 3955 κατασπώμενον
3177 3889 3252 3953 ὡς
3284 3892 3486 3962 ἑτέρως
3515 3890 3582 3948 αὗ
3620 3899 3902 3964 πράττειν.

2318 3967 2573 4038 βοήθειάν
2604 3989 2726 4028 τινα
2757 3975 2906 4046 αὑτῷ
2935 3979 3030 4031 καὶ
3063 3980 3160 4051 τὴν
3200 3983 3290 4035 διὰ
3326 3983 3436 4039 τῶν
3463 3987 3740 4044 κολάσεων
3771 3991 3907 4044 ταύο

2318 4075 2419 4126 την
2448 4061 2824 4130 ἐπανόρθωσιν
2853 4068 2976 4128 τοὺς
3007 4070 3164 4136 θεοὺς
3193 4077 3640 4146 μεμηχανῆσθαι,
3672 4080 3750 4146 ῶς
3777 4099 3902 4135 ποτε

2316 4148 2393 4217 τῷ
2427 4150 2765 4220 κολασθῆναί
2811 4173 2867 4208 τε
2904 4159 3000 4211 καὶ
3027 4159 3182 4230 δίκην
3211 4163 3504 4223 δεδωκέναι
3540 4171 3905 4242 ἀπαλλαγέντι

2314 4237 2412 4307 τῆς
2442 4243 2667 4309 κακίας,
2707 4241 2820 4299 οἷόν
2851 4267 2959 4319 περ
3000 4253 3158 4306 νόσου
3219 4254 3472 4326 σώματος
3519 4260 3800 4332 δηκτικοῖς
3841 4283 3899 4318 τε

2315 4333 2408 4384 καὶ
2458 4336 2702 4407 ἀνιαροῖς
2745 4359 2856 4397 τισι
2911 4348 3230 4417 φαρμάκοις
3257 4391 3273 4418 ,
3315 4353 3541 4421 ἄμεινόν
3587 4375 3646 4411 τε
3699 4363 3902 4432 πρᾶξαι

2313 4423 2526 4489 γένοιτο
2577 4430 2673 4480 καὶ
2712 4430 3028 4504 ἐλευθερίας
3078 4439 3201 4493 ἀντὶ
3256 4441 3500 4510 δουλείας
3555 4423 3898 4518 μεταλαϐεῖν,

2315 4516 2440 4568 ὅτου
2475 4519 2552 4589 μὴ
2584 4521 2872 4592 ήπιωτέρα
2910 4544 2996 4590 τις
3025 4529 3402 4603 ἐπανόρθωσις
3431 4538 3519 4592 διὰ
3557 4516 3902 4614 -μοχθηροτέέ

2323 4625 2423 4676 ραν
2470 4611 2590 4664 τινὰ
2624 4611 2740 4677 ἕξιν
2794 4615 3011 4671 δύναιτο
3060 4623 3429 4678 καθικέσθαι·
3475 4629 3607 4684 ὥστ’
3641 4611 3791 4688 οὐδὲν
3839 4635 3901 4690 ἂν

2324 4699 2556 4755 κωλύειν
2582 4705 2676 4758 καὶ
2707 4707 2937 4772 ἄκοντας
2965 4716 3168 4777 κακοὺς
3194 4716 3356 4781 ὄντας
3378 4721 3506 4785 τοὺς
3531 4727 3734 4789 κακοὺς
3759 4729 3901 4798 ὅμως

2322 4789 2665 4860 κολάξεσθαι,
2705 4800 2874 4852 κακὸν
2901 4801 3002 4869 μὲν
3037 4804 3190 4860 οὐδὲν
3232 4815 3760 4883 προσπεισομένους.
3787 4789 3898 4872 ἀλλ’

2318 4881 2770 4974 ῶφελησομένους
2805 4891 2884 4962 τῷ
2918 4894 3264 4959 κολάζεσθαι.
3319 4902 3408 4965 Ὣς
3457 4881 3559 4974 μὲν
3590 4902 3684 4960 οὖν
3713 4909 3818 4963 είσί
3841 4925 3896 4962 τε

2319 4972 2453 5042 θεολ,
2494 4978 2584 5030 καὶ
2623 4979 2697 5043 ὡς
2725 4984 3051 5053 προνοοῦσιν
3091 4990 3422 5060 ἀνθρώπων,
3468 5001 3564 5050 καὶ
3603 4999 3678 5062 ὡς
3712 5001 3772 5054 οὐ
3803 5017 3894 5054 κα-

2319 5064 2429 5116 κῶν
2459 5066 2643 5136 αἴτιοι,
2684 5073 2777 5125 καὶ
2807 5076 2881 5137 ὡς
2908 5077 3223 5154 εἱμαρμένῃ
3253 5085 3672 5160 ἁπαρατρέπτῳ
3698 5092 3758 5144 τὸ
3782 5092 3896 5162 βέλ-

2316 5173 2498 5210 τιστον
2529 5161 2782 5227 ἑκάστοις
2829 5167 3223 5242 ἀπονέμουσιν,
3258 5175 3334 5241 ὡς
3375 5177 3506 5246 γοῦν
3541 5180 3772 5252 μετρίως
3820 5181 3896 5235 ει-

2329 5248 2548 5319 ρῆσθαι,
2579 5252 2782 5321 ἱκανῶς
2807 5257 2909 5330 ἤδη
2942 5261 3201 5332 εἰρήσθω.
