4186 6290
1548 465 1643 523 ΕΧ
1705 461 1944 522 LIBRO
1993 460 2093 523 DE
2135 458 2489 521 LEGIBUS.

3556 432 3723 520 πῖ

1710 783 2351 873 ΠΛΗΘΩΝΟΣ

1233 991 1393 1045 ΠΕΡΙ
1432 990 1825 1047 ΑΘΛΝΑΣΙΑΣ
1854 991 2112 1045 ΨΥΧΗΣ
2150 989 2289 1045 ΤΗΣ
2328 985 2803 1043 ΑΝΘΡΩΠΙΝΗΣ.

449 1299 585 1370 Περὶ
637 1300 816 1370 ψυχῆς
866 1302 976 1373 γὰρ
1029 1303 1203 1371 λέγων
1242 1302 1546 1368 ἀθανασίας
1601 1305 1650 1376 [ὀ
1706 1305 1960 1379 Πλήθων]
1997 1304 2379 1375 Ακρατύνειν
2433 1304 2717 1374 πειρᾶται,
2776 1300 2843 1364 ἃς
2888 1302 2937 1354 οἱ
2989 1300 3177 1355 πολλοὶ
3214 1301 3671 1373 μετεμψυχὼσεις

304 1394 317 1411 ⁴
378 1392 476 1453 τὰς
521 1393 601 1454 εἰς
659 1392 719 1443 τὸ
759 1392 915 1461 σῶμα
970 1395 1063 1446 καὶ
1117 1395 1207 1447 τὸν
1247 1395 1363 1463 βίον
1406 1396 1699 1461 ἐπανόδους
1753 1398 1821 1453 αὖ
1863 1399 1972 1452 τῶν

378 1483 563 1553 ψυχῶν
601 1484 659 1535 ἐν
695 1484 903 1553 χρόνων
958 1488 1183 1551 τακταῖς
1244 1488 1540 1559 περιόδοις,
1590 1490 1667 1554 ὡς
1722 1491 1970 1556 δύναται,

403 1728 659 1736 -m_

2080 1398 2235 1463 φασὶ,
2280 1395 2375 1448 καὶ
2412 1395 2492 1458 εἰς
2532 1395 2625 1449 τὸν
2668 1393 2923 1463 οὐράνιον
2953 1391 3120 1446 τόπον
3172 1392 3427 1447 οὐδέποτε
3467 1396 3671 1457 ταύτας

2080 1488 2377 1555 ἀνάγεσθαι
2411 1488 2571 1553 ἀξιοῖ.

1527 1907 2513 2044 ΠΛΗΘΩΝΟΣ

1376 2181 1854 2295 ΠΕΡΙ
1984 2180 2654 2295 ΔΙΚΩΝ.

1966 2429 2037 2445 F

458 2625 546 2645 ....
572 2587 688 2643 Οὐκ
732 2584 840 2657 ἰδίᾳ
876 2586 1138 2655 χρώμενα
1171 2579 1410 2650 διανοίᾳ,
1436 2578 1539 2633 ὑπὸ
1567 2582 1623 2634 δέ
1652 2579 1833 2649 ψυχῆς
1871 2577 1967 2646 τῆς
2000 2582 2043 2637 Β
2073 2576 2362 2641 δυσκολίας
2408 2579 2776 2648 όκνήσοντας·
2828 2580 3293 2651 δυσχερανοῦντας
3329 2584 3387 2637 δὲ
3428 2588 3522 2640 καὶ
3568 2589 3666 2649 τὰς

380 2683 534 2737 τοῦδε
602 2680 916 2750 ἡγουμένης
971 2676 1069 2731 τοῦ
1126 2673 1361 2745 οὐρανοῦ
1418 2674 1664 2743 ἀγόμενα
1717 2677 1815 2743 τῆς
1871 2673 1967 2725 τοῦ

392 2774 599 2839 Ἠλίου,
634 2772 712 2827 ἐτι
766 2772 821 2825 δὲ
868 2772 1078 2839 Κρόνου
1117 2786 1176 2821 τε
1214 2767 1306 2821 καὶ
1352 2768 1459 2821 νῶν
1489 2768 1598 2821 τῶν
1628 2767 1805 2821 ἄλλων
1834 2784 1969 2837 προ-

380 2867 697 2937 εστηκότων
726 2864 1040 2935 χωριστῶν,
1066 2862 1115 2916 οἳ
1147 2865 1297 2933 παρᾶ
1330 2862 1423 2915 τοῦ
1466 2861 1648 2915 Ἡλίου
1679 2861 1970 2931 παραλαμ-

381 2960 638 3021 ϐάνοντες
691 2958 923 3021 ἕκαστα,
973 2957 1073 3025 τῆς
1127 2974 1184 3009 τε
1238 2956 1509 3023 γενέσεως
1560 2955 1653 3008 καὶ
1706 2955 1800 3009 τοῦ
1852 2954 1969 3024 βίου

379 3049 752 3119 κατάρχοντος
786 3048 993 3108 αὐτοῖς,
1028 3045 1223 3113 ἄγουσι
1256 3049 1351 3099 καὶ
1395 3046 1551 3098 αὐτοὶ
1581 3046 1678 3115 ἤδη
1726 3047 1871 3099 κατὰ
1902 3046 1969 3098 τὰ

380 3144 438 3195 ἐν
472 3143 569 3211 μέν
604 3156 757 3208 σφισι
790 3139 911 3192 καθ’
945 3138 1002 3190 ἓν
1050 3139 1262 3203 ἐνόντα,
1299 3139 1355 3189 ἐν
1386 3137 1431 3189 δ’
1480 3140 1663 3201 αὐτοῖς
1694 3142 1805 3197 τοῖς
1844 3140 1969 3203 ἀγο-

384 3236 569 3301 μένοις
601 3231 877 3300 διακριδὸν
927 3228 1357 3298 προσγίγνεσθαι
1396 3230 1699 3296 πεφυκότα.
1732 3231 1851 3282 ’Ἀτ’
1876 3228 1970 3281 οὖν

383 3329 488 3380 ὑπὸ
535 3324 791 3379 τοιούτων
819 3324 885 3377 τὰ
917 3322 1084 3392 θηρία
1126 3323 1232 3376 νῶν
1277 3323 1523 3391 ἀγόμενα
1560 3322 1870 3391 θειοτέρων,
1904 3323 1972 3376 τά

381 3418 431 3470 τ’
470 3417 606 3470 ἄλλα
639 3416 698 3468 οὐ
736 3414 1049 3484 περιέργως
1090 3416 1235 3467 ποιεῖ
1272 3412 1416 3484 (οὔτε
1465 3415 1571 3483 γὰρ
1603 3414 1669 3466 ἂν
1696 3415 1799 3466 ὑπὸ
1833 3415 1967 3474 ἰδίας

383 3511 479 3564 ἐπί
527 3526 579 3561 τι
616 3509 914 3577 περίεργον
951 3507 1191 3570 διανοίας
1247 3506 1479 3577 ἁχθείη’
1542 3511 1601 3560 οὑ
1653 3510 1762 3577 γάρ
1815 3510 1965 3560 ἐστιν

385 3599 587 3660 αὐτοῖς·
619 3598 732 3651 οὔτ’
769 3600 834 3652 ἂν
883 3597 989 3652 ὑπὸ
1014 3600 1124 3653 τῶν
1158 3597 1357 3663 ἔξωθεν
1405 3599 1649 3665 ἀγόντων
1684 3600 1972 3668 θειοτέρων

385 3691 594 3744 τούτων
627 3690 753 3743 νῶν·
784 3691 905 3743 οὐδέ
933 3691 1041 3760 γάρ
1083 3690 1285 3759 θέμις’)
1322 3691 1412 3743 καὶ
1443 3690 1505 3760 δὴ
1543 3691 1634 3743 καὶ
1666 3692 1763 3761 τὴν
1790 3691 1974 3744 τοιαύο

386 3798 488 3849 την
518 3780 719 3848 πρᾶξιν
765 3779 900 3832 πολύ
930 3778 1221 3854 ὀρθότερον
1252 3780 1394 3836 κατά
1434 3796 1497 3846 γε
1532 3778 1689 3833 τοῦτο
1739 3780 1846 3833 τῶν
1878 3781 1973 3833 ἀν-

2071 2670 2180 2722 τῶν
2235 2670 2442 2727 παίδων
2501 2672 2739 2740 μάλιστα
2793 2675 3065 2739 ἀποϐολάς
3115 2676 3291 2739 ἐνίους
3340 2677 3535 2743 οὕτως,
3585 2681 3660 2731 ὡς

2076 2764 2278 2831 μᾶλλον
2337 2765 2403 2818 ἂν
2462 2767 2789 2835 αἱρήσεσθαι
2855 2769 2990 2837 μηδὲ
3044 2771 3318 2825 ποιεῖσθαι
3376 2772 3570 2835 παῖδας
3627 2774 3660 2843 ἢ

2072 2859 2441 2925 ποιουμένους
2476 2859 2827 2923 ἀποϐάλλειν,
2866 2861 2986 2914 δέον
3017 2861 3078 2913 τὸ
3115 2863 3216 2931 μὲν
3262 2864 3393 2934 περὶ
3424 2864 3517 2916 τοῦ
3555 2864 3663 2915 τῶν

2074 2950 2279 3002 παίδων
2304 2949 2422 3019 βίου
2450 2951 2635 3012 αὐτοῖς
2680 2950 2823 3013 θεοῖς
2856 2952 3198 3019 ἐπιτρέπειν,
3251 2955 3451 3017 αὐτοὺς
3483 2955 3537 3007 δὲ
3571 2958 3663 3007 τοῦ

2075 3045 2286 3106 ἑαυτοῖς
2321 3044 2657 3114 καθήκοντος
2694 3046 2857 3113 ἐργου
2891 3048 2984 3099 καὶ
3016 3048 3360 3115 λειτουργίας
3394 3050 3491 3117 τῆς
3522 3050 3577 3112 ἔς
3608 3067 3665 3100 τε

2073 3135 2231 3203 γένος
2260 3135 2320 3188 τὸ
2348 3138 2528 3189 κοινὸν
2561 3138 2654 3190 καὶ
2686 3138 2746 3189 τὸ
2780 3140 2887 3191 πᾶν
2919 3140 3040 3191 τόδε
3072 3139 3147 3210 μὴ
3180 3141 3537 3209 ἀφίστασθαι’
3572 3142 3669 3194 καὶ

2073 3224 2229 3278 ταῦτ’
2261 3221 2354 3278 οὖν
2386 3225 2586 3289 02:59:01
2617 3228 2819 3290 εἰδότες
2850 3229 3167 3298 ἀνθρώποις
3203 3232 3290 3284 διὰ
3321 3233 3381 3284 τὸ
3416 3233 3671 3303 ἁμαρτη-

2073 3318 2165 3369 τὸν
2196 3320 2292 3386 τῆς
2322 3318 2479 3388 δόξης
2521 3318 2939 3389 συμϐησόμενα,
2974 3316 3063 3373 οἷα
3094 3322 3185 3373 καὶ
3236 3322 3330 3374 νῦν
3377 3325 3667 3392 συμϐαίνει

2076 3410 2263 3473 ἐνίοις,
2282 3410 2370 3463 ἵνα
2397 3411 2493 3479 μὴ,
2517 3412 2726 3480 συχνῶν
2749 3411 2838 3464 τοῦ
2857 3413 3269 3482 ἀφροδισιάζειν
3285 3414 3662 3483 ἀπεχομένων,

2075 3505 2108 3570 ἡ
2136 3506 2200 3556 ἐκ
2227 3505 2350 3565 Διὸς
2378 3504 2517 3570 ὑπὲρ
2549 3505 2649 3572 τῆς
2680 3504 2888 3573 θνητῶν
2924 3509 3018 3557 καὶ
3053 3505 3340 3559 ἀθανάτων
3370 3509 3427 3560 ἐν
3467 3508 3543 3577 τῷ
3577 3510 3670 3559 ἁν-

2076 3596 2296 3665 θρώπου
2327 3598 2458 3649 εῖδει
2486 3597 2774 3659 κοινωνίας
2812 3599 3042 3664 πρόνοια
3084 3600 3481 3669 διακωλὺηται,
3520 3603 3667 3671 ἰσχυω

2078 3691 2309 3760 ροτάτην
2340 3688 2403 3759 δὴ
2438 3690 2647 3758 ταύτην
2676 3688 2776 3759 τὴν
2810 3689 3112 3758 ἐπιθυμίαν
3144 3692 3401 3744 ἐνέθεσαν
3448 3692 3661 3759 ἀνθρὼ-

2078 3799 2222 3845 ποις,
2258 3781 2358 3833 οὐκ
2394 3782 2458 3833 ἂν
2490 3779 2690 3849 ῥᾳδίως
2721 3781 3231 3851 κρατηθησομένην,
3268 3784 3316 3835 εί
3354 3783 3427 3853 μὴ
3459 3777 3657 3852 οἵσπερ

387 3874 624 3941 θρώπων
655 3872 908 3941 πράττει.
962 3871 1272 3940 ’Ἄνθρωποι
1328 3872 1424 3939 μὲν
1459 3872 1565 3940 γὰρ
1598 3873 1702 3924 ὑπὸ
1732 3871 1828 3924 τοῦ
1878 3874 1971 3924 καὶ
2002 3910 2047 3971 C
2080 3876 2145 3927 ἂν
2168 3873 2491 3942 ἰσχυροτάτη
2513 3868 2579 3925 αὖ
2603 3872 2637 3940 ἦ
2658 3890 2719 3939 γε
2736 3874 2942 3942 ταύτην
2958 3874 3370 3942 τὴνέπιθυμίαν
3387 3875 3660 3943 ἐπέχουσα

389 3963 497 4031 [δίᾳ
530 3960 740 4030 διανοίᾳ
772 3977 830 4013 τε
860 3962 954 4012 καὶ
984 3959 1112 4030 δόξῃ
1140 3960 1399 4029 χρῆσθαι,
1436 3962 1730 4030 ἁμαρτητῇ
1787 3960 1973 4028 μέντοι

384 4055 545 4123 αὐτῇ,
581 4055 749 4123 συχνά
784 4052 839 4105 ἐν
870 4069 929 4104 τε
967 4052 1151 4114 ἄλλοις
1182 4053 1279 4104 καὶ
1313 4051 1376 4121 δὴ
1425 4053 1521 4105 καὶ
1563 4054 1622 4103 ἐν
1648 4056 1716 4122 τῇ
1751 4054 1975 4124 τοιαύτῃ

386 4144 587 4214 πράξει
619 4145 1054 4214 ἁμαρτάνουσιν,
1088 4142 1148 4195 οὐ
1182 4143 1334 4213 παρά
1372 4143 1535 4210 φύσιν
1592 4144 1713 4213 μὲν,
1754 4163 1975 4214 περιερ-

385 4238 611 4304 γότερον
637 4237 692 4289 δέ
717 4237 878 4305 μόνον
907 4237 1044 4305 αὐτῇ
1083 4234 1379 4307 χρώμενοι,
1418 4235 1533 4289 ἀλλ’
1569 4237 1669 4306 ἤδη
1698 4239 1791 4290 καὶ
1825 4238 1977 4306 παρὰ

386 4326 571 4394 φύσιν,
605 4325 634 4378 ὃ
666 4327 758 4379 καὶ
799 4327 1000 4395 κομιδῆ
1037 4327 1137 4396 ἤδη
1177 4328 1391 4396 αἴσχιον
1436 4328 1649 4381 ἐκείνου
1704 4331 1974 4398 γίγνεται.

386 4419 509 4472 Τῶν
543 4419 599 4473 δὲ
636 4419 842 4488 θηρίων
869 4420 1023 4473 οὐδὲν
1048 4420 1108 4471 τὸ
1140 4420 1379 4473 τοιοῦτον
1412 4421 1740 4491 ἁμαρτάνει.
1766 4424 1846 4476 Τὰ
1869 4424 1976 4493 γάρ

388 4531 468 4565 τοι
507 4513 717 4581 ἑτέροις
746 4513 1052 4582 μιγνύμενα
1088 4513 1290 4567 εἴδεσιν
1316 4513 1515 4578 αὐτῶν,
1546 4516 1851 4583 πεφυκέναι
1884 4522 1977 4571 καὶ

384 4603 563 4658 ταῦτα
595 4606 731 4675 πρός
760 4622 812 4657 τι
838 4604 1083 4658 τοιοῦτον
1119 4608 1429 4675 νομιστέον,
1461 4607 1592 4661 ὥστ’
1627 4610 1692 4662 ἂν
1725 4611 1816 4663 καὶ
1865 4612 1979 4665 ἐτέ-

390 4715 503 4766 ροις
536 4697 648 4750 τῶν
688 4697 750 4751 οὐ
798 4696 907 4749 τῶν
936 4697 1120 4750 αὐτῶν
1169 4700 1269 4765 μέν
1296 4702 1410 4762 τοῖς
1452 4700 1674 4766 εἴδεσιν,
1714 4703 1977 4772 ὁμοειδῶν

387 4788 446 4840 δὲ
475 4789 569 4842 καὶ
590 4788 759 4857 ἐγγὺς
792 4786 1040 4856 ἀλλήλων
1066 4787 1379 4855 μίγνυσθαι.
1408 4788 1470 4841 Εἰ
1495 4788 1587 4841 οὖν
1611 4791 1977 4860 ἀσθενεστέρα

388 4898 474 4943 τις
513 4880 827 4950 ἀνθρώποις
865 4879 1007 4949 αὕτη
1058 4881 1092 4949 ἡ
1127 4879 1396 4947 ἐπιθυμία
1430 4875 1519 4951 ἦν,
1550 4881 1726 4945 ἄλλως
1750 4883 1816 4935 ἂν
1847 4885 1978 4952 περὶ

388 4969 484 5025 τοῦ
513 4972 755 5023 τοιούτου
788 4970 1111 5038 νομοθετεῖν
1143 4969 1275 5026 ἔδει.
1318 4969 1431 5023 Νῦν
1464 4970 1508 5022 δ’
1537 4972 1586 5022 οί
1623 4971 1733 5023 θεοὶ
1773 4970 1977 5035 εἰδότες

392 5077 519 5125 που,
548 5061 637 5113 διὰ
669 5062 731 5113 τὸ
754 5062 1047 5130 ἁμαρτητῇ
1080 5061 1147 5129 τῇ
1175 5060 1301 5131 δόξῃ
1335 5061 1459 5123 τοὺς
1487 5061 1812 5131 ἀνθρώπους
1842 5063 1978 5132 χρῆ-

391 5153 538 5218 σθαι,
584 5154 713 5223 περί
763 5170 823 5205 τε
868 5154 1038 5221 συχνά
1090 5153 1226 5207 ἄλλα
1258 5154 1351 5206 τοῦ
1386 5154 1599 5217 δέοντος
1632 5156 1977 5225 ἐκπεσουμέ-

2081 3964 2408 4035 παρίσταιτο
2462 3966 2610 4030 δόξα.
2652 3967 2764 4036 Τὴν
2796 3967 2853 4020 δὲ
2900 3966 2995 4021 τοῦ
3046 3968 3377 4038 ἀφροδισίων
3429 3969 3663 4037 πάμπαν

2082 4059 2345 4125 ἀφεκτέον
2366 4054 2505 4111 εἶναι
2531 4058 2708 4123 δόξαν,
2744 4058 2844 4112 οὐκ
2882 4059 2949 4111 ἂν
2991 4059 3132 4111 πάνυ
3166 4060 3379 4123 πολλοῖς
3439 4063 3657 4129 ίσχυρο-ο

2080 4149 2247 4217 τάτην
2277 4148 2475 4219 ᾔδεσαν
2520 4150 3030 4220 προσπεσουμένην,
3068 4151 3217 4219 ίάλλὰ
3258 4153 3384 4213 τοὺς
3436 4151 3665 4213 πολλοὺς

2081 4242 2190 4295 τῶν
2221 4245 2277 4304 ἐς
2306 4241 2515 4311 ταύτην
2561 4242 2627 4295 ἂν
2673 4243 3101 4311 ἐμπεσουμένων
3146 4244 3247 4313 τὴν
3285 4242 3461 4309 δόξαν,
3510 4245 3668 4297 ἀσθε-

2082 4334 2350 4403 νεστέρως
2386 4333 2452 4387 ἂν
2488 4332 2545 4395 ἐς
2569 4332 2740 4402 αὐτὴν
2769 4334 3217 4403 ἐμπεσουμένους
3238 4337 3559 4401 ἐγίνωσκον,
3590 4339 3666 4401 ὡς

2082 4424 2189 4476 ὑπὸ
2212 4422 2504 4490 ἐπιθυμίας
2526 4422 2882 4490 ἰσχυροτάτης
2903 4424 3228 4494 ἐνοχλούσης
3244 4427 3305 4478 οὐ
3329 4428 3579 4495 χαλεπῶς
3600 4431 3665 4480 ἓν

2080 4514 2323 4575 ἀσθενῶς
2355 4512 2771 4566 ἀντιϐαίνουσαν
2795 4512 2953 4576 δόξαν
2980 4516 3488 4586 κρατηθησομένην.
3537 4521 3663 4584 Τοῖς

2080 4607 2137 4661 δέ
2168 4608 2306 4669 θεοῖς
2343 4606 2542 4675 μᾶλλον
2563 4605 2656 4659 τοῦ
2696 4607 2771 4676 μὴ
2801 4606 3133 4675 ἀφροδισίων
3178 4609 3306 4671 τοὺς
3344 4610 3664 4681 ἀνθρώπους

2082 4699 2314 4767 πάμπαν
2346 4697 2423 4768 τῷ
2452 4698 2621 4767 αὐτῷ.
2658 4736 2673 4751 .
2712 4737 2726 4751 .
2779 4698 2893 4767 εῖγε
2946 4699 3042 4751 καὶ
3093 4699 3320 4770 πολίτην
3356 4702 3490 4772 πρὸς
3554 4709 3664 4767 τοῖς

2082 4791 2267 4852 ἄλλοις
2291 4792 2384 4844 τὸν
2413 4790 2720 4860 ἄνθρωπον,
2755 4791 2850 4843 καὶ
2880 4791 2940 4843 οὐ
2973 4794 3220 4863 μονωτὴν
3246 4810 3367 4848 τινα
3391 4791 3528 4847 εἶναι
3560 4795 3658 4850 δεῖ.

2083 4883 2182 4935 Διά
2218 4881 2552 4949 ταῦθ’ἡμεῖς
2582 4879 2801 4951 θανάτῳ
2836 4880 2960 4943 τοὺς
3017 4880 3245 4943 πολλοὺς
3292 4883 3402 4935 τῶν
3440 4884 3496 4935 ἐν
3552 4887 3662 4947 τοῖς

2081 4975 2342 5036 τοιούτοις
2379 4972 2742 5042 μιαινομένων
2765 4972 3079 5041 εὐθύνομεν,
3123 4974 3320 5037 αὐτούς
3374 4992 3431 5027 τε
3483 4976 3664 5029 ἀθλιό-

2082 5084 2239 5134 τητος
2265 5065 2721 5125 ἁπαλλάττοντες,
2761 5067 2855 5116 καὶ
2883 5066 2982 5127 τὰς
3006 5065 3187 5128 πόλεις
3239 5066 3484 5136 αἴσχους.
3520 5069 3659 5132 Τοὺς

2087 5160 2185 5227 μὲν
2214 5158 2311 5211 οὖν
2339 5156 2488 5226 παρὰ
2520 5157 2681 5225 φύσιν
2711 5158 3092 5225 μιαινομένους
3133 5158 3222 5222 ἂν,
3244 5160 3305 5211 -ετ
3355 5158 3484 5211 ποτέ
3519 5178 3661 5223 τινες

388 5264 537 5313 νους,
572 5246 669 5298 καὶ
721 5243 787 5315 δὴ
830 5246 927 5298 καὶ
956 5244 1032 5314 τῷ
1070 5245 1478 5314 ἀφροδισιάζειν
1529 5248 1682 5318 αὐτῷ
1715 5249 1777 5299 οὐ
1814 5249 1975 5316 μόνον
2004 5254 2046 5313 c
2080 5248 2252 5318 ταύτῃ
2272 5248 2608 5317 μιαινόμενοι
2642 5244 2963 5311 ἁλίσκοιντο,
3004 5246 3360 5319 ἀρῤενομιξίᾳ
3385 5249 3467 5319 δὴ,
3497 5252 3528 5319 ἦ
3563 5252 3663 5320 θηα

389 5338 815 5408 περιεργότερον
847 5338 1244 5406 χρησομένους,
1278 5337 1414 5390 ἀλλά
1444 5341 1536 5391 καὶ
1564 5339 1878 5393 τούναντίον
1906 5339 1971 5392 αὖ

389 5432 568 5493 ἐνίους
621 5431 717 5482 καὶ
768 5430 1001 5498 πάμπαν
1052 5426 1217 5480 αὑτοῦ
1258 5424 1649 5497 ἀφεξομένους,
1709 5434 1830 5492 τοὺς
1874 5432 1973 5501 μὲν

389 5522 499 5575 οὐδ’
531 5520 731 5587 εὐαγὲς
760 5520 896 5582 ὃλως
948 5519 1078 5571 αὐτὸ
1115 5518 1467 5587 νομίσαντας,
1511 5522 1635 5583 τοὺς
1683 5521 1727 5573 δ’
1777 5523 1972 5589 εὐαγὲς

392 5614 515 5683 μὲν,
550 5613 768 5666 κάλλιον
797 5612 852 5664 δέ
877 5613 1025 5680 ὅμως
1049 5610 1107 5662 τὸ
1138 5610 1440 5678 ἀπέχεσθαι
1466 5627 1479 5641 ·
1508 5614 1632 5682 τοὺς
1671 5613 1727 5665 δὲ
1756 5616 1845 5664 καὶ
1873 5617 1970 5676 τὰς

388 5705 775 5775 παιδοτροφίας
828 5723 887 5758 τε
944 5705 1037 5758 καὶ
1086 5704 1544 5773 γυναικοτροφίας
1607 5706 1710 5758 ὑπὸ
1763 5708 1963 5775 τρόπον

460 5907 537 5977 (ι)
574 5904 651 5961 Ex
680 5907 963 5964 Gennadio
1000 5907 1063 5963 ad
1098 5907 1398 5977 Joscphum
1455 5910 1779 5973 exarclzum,
1850 5924 2037 5979 supra.

2084 5339 2346 5410 ριομιξίᾳ,
2382 5336 2416 5407 ἦ
2450 5355 2555 5390 τινι
2590 5338 2684 5392 καὶ
2713 5339 2847 5410 ἄλλη
2876 5338 3100 5410 τοιαύτῃ
3131 5341 3238 5394 τῶν
3284 5343 3394 5395 τῶν
3447 5344 3660 5412 ἀνθρώ-

2081 5449 2197 5483 πων
2218 5433 2330 5490 τοῖς
2368 5430 2796 5500 μοχθηροτάτοις
2849 5432 3230 5502 ἐξευρημένων
3272 5435 3407 5504 ῥητῇ
3455 5451 3513 5485 τε
3565 5441 3659 5486 καὶ

2078 5523 2302 5593 ἀρρήτῳ
2336 5522 2599 5590 μυοαρία,
2662 5524 2794 5592 πυρὶ
2852 5524 3155 5592 καθαίρειν,
3204 5527 3295 5575 τόν
3335 5541 3393 5575 τε
3447 5525 3656 5591 δρῶντα

2076 5615 2210 5682 ὁμοῦ
2261 5614 2354 5665 καὶ
2388 5615 2663 5682 πάσχοντα
2710 5611 2895 5675 ’ζῶντε
2957 5616 3246 5676 καίοντας’
3310 5613 3411 5665 κᾶν
3469 5614 3655 5682 θηρίον

2075 5704 2333 5771 ὼλευκώς
2363 5721 2444 5766 τις
2468 5703 2600 5773 ἁλῷ,
2633 5704 2723 5755 καὶ
2748 5702 2905 5757 τοῦτο
2928 5704 3076 5774 αὐτῷ
3098 5704 3451 5771 συγκαίοντας
3479 5704 3659 5758 ὡσαύ-
