4186 6290
539 426 646 494 961

1731 407 2065 468 GEORGII
2102 406 2535 466 PLETIIONIS

3683 398 3803 464 968

546 537 940 608 τως,“Μοιχοὺς
970 551 1033 604 γε
1070 533 1176 604 μὴν
1205 531 1402 612 αὐτοὺς
1431 527 1528 598 μὲν
1593 523 1855 585 ὡσαύτως
1914 523 2114 585 καίειν,
2149 527 2193 583 Α
2225 519 2550 582 θάπτεσθαι,
2579 517 2642 570 οῦ
2670 517 2732 584 δὴ
2763 517 2856 569 καὶ
2893 516 3017 577 τοὺς
3045 509 3205 585 ἦττον
3241 513 3456 578 ἐναγεῖς
3488 511 3828 580 τολμῶντας

548 603 649 690 καί
676 603 1032 702 προαγωγοὺς
1058 603 1429 695 πρδςάὐτοῖς,
1470 617 1534 671 ἄν
1577 634 1636 669 τε
1667 616 1881 683 ἄνδρες,
1939 615 2006 667 ἄν
2062 631 2120 666 τε
2226 610 2334 663 τῶν
2365 611 2562 677 φόνων.
2591 608 2806 670 Βιαίους
2849 607 2904 658 δέ
2929 607 2992 676 δὴ
3025 605 3119 658 καὶ
3147 603 3372 674 μοιχοὺς
3415 603 3478 656 οὐ
3512 605 3676 672 μόνον
3701 603 3832 656 δια-

549 696 1162 795 γυναῖκεςίαίτινεσοῦν
1209 707 1334 767 ὦσι.
1391 710 1660 770 Γυναῖκας
1713 707 1770 759 δέ
1819 705 1882 776 δὴ
1937 705 2030 769 τάς
2061 721 2125 768 γε
2227 704 2652 773 πεπραγμένους
2691 699 2944 770 ζημιοῦν,
3007 699 3144 751 ἀλλά
3206 697 3308 751 κάν
3355 714 3441 759 τις
3486 696 3832 765 βιαζόμενος

554 813 904 887 μοιχευτρίας
927 812 992 880 τῇ
1023 808 1130 862 τῶν
1184 805 1396 875 πορνῶν
1445 800 1825 871 προεστηκυία
1885 797 2128 887 περικεί-

556 886 755 977 ραντας
786 899 1158 971 παραδιδόναι,
1195 897 1286 949 τδν
1319 894 1506 948 λοιπὸν
1555 888 1960 960 πορνευσούσας
1990 886 2124 956 βίον,

553 997 644 1052 ἵνα
675 995 788 1050 ἀνθ’
815 989 888 1048 ὧν
915 992 1114 1052 ἑαυτὰς
1175 987 1483 1060 μονολεχεῖς
1535 982 1616 1048 οἷς
1672 982 2131 1052 καθωμολόγηντο

554 1091 655 1144 οὐκ
684 1087 972 1156 ἐφύλαξαν,
1003 1086 1114 1145 τοῖς
1140 1082 1344 1144 ἄλλοις,
1375 1081 1497 1132 ὅσον
1524 1077 1584 1130 τὸ
1619 1074 1705 1129 ἐπ’
1749 1075 1962 1135 αὐταῖς,
2031 1087 2130 1140 μο-

555 1181 792 1245 νολεχεῖς
845 1176 946 1238 τὰς
1019 1170 1556 1239 καθωμολογημὲνας
1619 1166 1860 1230 σώζωσι,
1906 1167 1971 1233 τῇ
2023 1162 2133 1214 τῶν

556 1267 694 1332 πρὸς
720 1263 920 1331 ταύτην
952 1262 1016 1314 ἂν
1042 1258 1296 1330 μαλακῶς
1327 1257 1558 1326 ἐχόντων
1579 1253 1678 1323 τὴν
1707 1250 2002 1322 ἐπιθυμίαν
2034 1250 2135 1302 οὐκ

561 1357 745 1423 ἐναγεῖ
769 1371 874 1406 τινι
905 1352 1193 1422 θεραπείᾳ.
1262 1348 1453 1401 Καίειν
1487 1345 1531 1399 δ’
1563 1343 1846 1408 ὡσαύτως,
1887 1341 1990 1395 κάν
2054 1359 2137 1404 τις

560 1446 794 1513 γυναῖκα
821 1439 1068 1511 ἡντινοῦν
1107 1438 1384 1510 βιάσηται,
1423 1433 1567 1503 πλὴν
1600 1433 1828 1502 πόρνης,
1861 1432 1967 1484 κᾶν
1996 1432 2138 1483 ἐται-

566 1533 757 1604 ροῦσα,
794 1530 1018 1601 μηδέπω
1058 1527 1486 1597 πεπορνευκυῖα,
1508 1523 1762 1591 ἐλεγχθῇ.
1791 1521 1906 1574 Καὶ
1931 1519 2141 1590 πόρνην

563 1626 617 1678 δὲ
645 1621 972 1693 βιασάμενόν
1003 1636 1133 1674 ποτε
1155 1618 1352 1682 καίειν,
1389 1616 1455 1686 ἡν
1476 1632 1537 1684 γε
1561 1613 1886 1683 αἱμορροίας
1915 1613 2014 1680 τῆς
2044 1629 2143 1677 γυ-

564 1714 740 1778 ναιξὶν
775 1709 1031 1772 εἰωθυίας
1091 1708 1152 1761 οὐ
1201 1706 1616 1774 καθαρεύουσαν
1677 1702 1958 1773 βιάσηται.
2007 1700 2143 1753 Τού-

566 1821 690 1866 τους
756 1801 854 1869 μέν
905 1798 998 1852 οῦν
1043 1799 1272 1864 πάντας,
1323 1796 1417 1849 διτε
1463 1796 1556 1848 καὶ
1601 1792 2018 1857 ἐναγεστάτους,
2083 1792 2140 1841 ἐν
2251 1839 2268 1856 ,
2346 1838 2360 1852 ,
2438 1840 2453 1855 ,

2233 795 2352 865 μὲν,
2386 794 2445 848 οὐ
2479 793 2660 862 τυχὼν
2688 793 2769 856 δὲ,
2795 792 3111 858 ἁλίσκηται,
3147 790 3180 858 ἢ
3213 789 3418 859 πειρῶν
3452 788 3571 858 μὲν,
3601 787 3663 840 οὐ
3704 787 3838 839 δια-

2231 883 2619 953 πεπραγμένος
2650 883 2728 945 δέ,
2759 880 2854 932 καὶ
2905 877 3090 932 τοῦτον
3129 877 3283 931 οὐδὲν
3336 871 3496 948 ἦττον
3553 878 3620 945 τῇ
3674 875 3834 944 αὐτῇ

2231 973 2406 1042 ζημίᾳ
2451 970 2705 1042 ζημιοῦν.
2761 971 2840 1040 Τῇ
2892 973 2999 1039 γάρ
3054 968 3248 1038 γνώμῃ
3269 969 3368 1021 καὶ
3395 967 3552 1028 οῦτος
3578 967 3765 1037 βίαιος
3798 967 3835 1036 ἢ

2238 1065 2420 1133 μοιχὸς
2450 1063 2600 1117 οὐδὲν
2633 1058 2796 1135 ἦττον
2836 1061 2932 1115 τοῦ
2977 1061 3482 1130 διαπεπραγμένου.
3529 1059 3838 1127 Ἀξιοῦμεν

2233 1155 2277 1208 δ’
2306 1157 2488 1224 ἡμεῖς,
2511 1155 2579 1225 ἡν
2597 1153 2855 1223 γυναικός
2882 1169 2962 1214 τις
2999 1152 3172 1222 ἑτέρῳ
3222 1153 3430 1222 ὁτῳοῦν
3489 1149 3826 1218 καθωμολο-

2236 1247 2487 1318 γημένης
2543 1246 2708 1317 ἔρωτι
2771 1244 2966 1300 ἑαυτοῦ
3022 1245 3386 1312 ἁλισκομένου
3467 1242 3836 1310 αἰσθάνηται,

2239 1338 2663 1410 παρ’ἐξηγητήν
2694 1354 2751 1390 τε
2786 1337 2952 1400 εὐθὺς
2989 1338 3134 1391 ίόντα
3164 1338 3261 1389 καὶ
3309 1335 3370 1388 τὸ
3402 1335 3572 1394 πάθος
3625 1331 3841 1400 ἐξαγο-

2244 1430 2492 1499 ρεύοντα,
2527 1429 2816 1498 καθαρμόν
2847 1447 2906 1482 τε
2939 1429 3104 1482 αὐτοῦ
3128 1428 3226 1480 τοῦ
3252 1427 3458 1488 πάθους
3497 1426 3696 1486 αἰτεῖν,
3737 1424 3841 1474 καὶ

2241 1522 2337 1576 τοῦ
2396 1523 2470 1591 μὴ
2512 1524 2567 1585 ἐς
2626 1523 2813 1591 μεῖζον
2868 1521 3226 1590 ἐμπεσεῖσθαι
3282 1518 3452 1571 κακὸν
3495 1517 3839 1586 ἀσφάλειαν,

2245 1617 2619 1686 κρατήσαντος
2650 1613 2714 1668 ἂν
2748 1615 2842 1668 τοῦ
2869 1613 3074 1674 πάθους
3107 1612 3202 1681 τῆς
3232 1611 3433 1680 ψυχῆς,
3457 1610 3551 1662 καὶ
3580 1609 3675 1661 ἐπί
3706 1608 3841 1678 ἱερά

2247 1709 3838 1780 βαδίζοντα..............

571 1837 718 1955 ίδίοῖς
749 1837 890 1944 Ιιιῼσὶν
919 1890 1232 1954 ἀπάγοντας
1257 1837 1650 1955 ⁹πολυανδρίοις
1682 1881 1879 1944 καίειν,
1935 1882 1996 1932 ο)
2028 1882 2138 1942 τοῖς
2172 1883 2214 1942 Β
2241 1894 2338 1947 καὶ
2367 1893 2582 1962 θανάτῳ
2611 1891 2712 1962 ἥδη
2744 1891 2994 1962 ζημιοῦν,
3019 1890 3140 1942 Τῶν
3165 1889 3208 1941 δ’
3235 1888 3589 1958 ἀδικημάτων
3616 1889 3842 1954 ἀμφισ-

569 1987 786 2047 κοινοῖς.
817 1984 1019 2054 Τριττὰ
1053 1982 1161 2050 γὰρ
1188 1975 1403 2032 οὖνκαὶ
1438 1975 1579 2031 εἶναι
1614 1975 1916 2046 ἑκασταχοῦ
1941 1977 2008 2029 τὰ
2043 1989 2142 2026 πο-

571 2075 848 2144 λυάνδρια,
887 2074 1029 2141 ὅροις
1057 2071 1300 2141 εὐδήλοις
1330 2070 1392 2140 δή
1419 2086 1562 2122 τισιν
1605 2069 1848 2138 ἀλλήλων
1875 2068 2143 2138 διακρινό-

575 2185 732 2234 μενα,
765 2165 820 2217 ἓν
856 2167 951 2234 μὲν
1008 2163 1263 2232 ίερεῦσιν,
1306 2161 1490 2230 ἕτερον
1524 2161 1582 2213 δὲ
1634 2161 1710 2230 τῷ
1755 2160 1898 2229 mg;
1963 2161 2142 2229 δήμῳ,

573 2259 701 2310 ἄλλο
721 2258 775 2309 δὲ
803 2256 862 2308 τὸ
891 2257 1000 2317 τοῖς
1034 2254 1253 2320 ἐναγέσι
1301 2253 1534 2316 τούτοις,
1588 2244 1648 2303 οὗ
1701 2251 1794 2301 καὶ
1851 2249 2143 2317 σοφιστῶν,

573 2351 640 2416 ἦν
671 2365 750 2409 τις
784 2346 932 2418 παρὰ
959 2346 1056 2407 τάς
1088 2345 1361 2413 ἡμετέρας
1381 2343 1580 2404 ταύτας
1612 2341 1768 2405 δόξας
1795 2341 2148 2410 σοφιζόμενος

574 2439 708 2509 ἁλῷ,
759 2440 864 2503 ζῶν
912 2441 1008 2490 καὶ
1064 2433 1220 2500 οὗτος
1276 2437 1627 2488 κεκαύσεται.
1667 2434 1774 2487 Καὶ
1810 2433 1876 2502 ἢν
1917 2432 2150 2503 θυγατρί

570 2548 654 2592 τις
680 2531 711 2601 ἢ
741 2531 903 2602 μητρὶ
929 2529 1044 2598 ἁλῷ
1077 2529 1292 2601 μιχθεὶς
1318 2529 1351 2597 ἦ
1389 2544 1496 2579 τινι
1523 2525 1633 2580 τῶν
1665 2525 1777 2579 ἄνω
1796 2541 1853 2578 τε
1878 2525 1973 2578 καὶ¹
1998 2525 2150 2578 κάτω

573 2623 798 2679 τούτων.
841 2624 943 2677 Ἦν
978 2621 1035 2675 δέ
1067 2623 1174 2675 τῶν
1199 2638 1306 2674 τινι
1333 2619 1505 2674 ἄλλων
1555 2618 1792 2682 οίκείων,
1823 2617 2152 2686 ἀπορρήτων

579 2715 763 2786 μέντοι
786 2716 878 2768 καὶ
913 2713 1116 2778 αὐτῶν,
1152 2711 1516 2783 προσμιχθείς
1547 2709 1792 2778 τιςάλῷ,
1842 2709 2037 2780 ἀτιμίᾳ
2091 2725 2152 2761 τε

576 2807 930 2876 ζημιοῦσθαι,
963 2805 1182 2873 ἕωσπερ
1220 2805 1285 2857 ἂν
1339 2804 1536 2866 ίκανῶς
1582 2801 1856 2872 καθαρθῇ,
1893 2802 1989 2853 καὶ
2020 2801 2153 2867 πρὸς

579 2901 643 2966 τῇ
677 2896 869 2967 ἀτιμία
898 2897 991 2948 καὶ
1022 2895 1183 2965 ίερῶν
1215 2896 1547 2962 συμπάιτων
1573 2893 1874 2962 εἴργεσθαι.
1913 2891 2003 2942 Ἐν
2034 2890 2156 2942 τού-

576 3005 655 3056 τῳ
713 2987 822 3038 τῶν
871 2986 1078 3052 ἐναγῶν
1131 2983 1209 3053 τῷ
1267 2983 1603 3051 πολυανδρίῳ
1665 2983 1759 3033 καὶ
1830 2983 2154 3052 ἀνδροφόνον

579 3081 775 3144 καίειν,
808 3079 863 3141 ὃς
901 3093 1029 3130 ποτε
1065 3077 1132 3130 ἂν
1159 3076 1266 3129 τῶν
1298 3092 1418 3128 τινα
1446 3075 1818 3144 ἐναγεστέρων
1848 3075 2020 3142 φόνων
2051 3074 2156 3126 ὑπὸ

579 3169 688 3220 τῶν
717 3168 996 3238 ἀρχόντων
1019 3166 1408 3236 τετολμηκέναι
1428 3165 1618 3235 κριθῇ.
1647 3167 1750 3219 Ἢν
1787 3165 1841 3217 δὲ
1899 3166 2156 3236 παρθένῳ

578 3278 686 3324 τις,
713 3259 746 3330 ἢ
775 3259 867 3312 καί
892 3277 995 3312 τινι
1022 3259 1378 3330 κεκινημένῃ,
1414 3259 1572 3329 ἀνδρὶ
1599 3259 1696 3329 μὲν
1747 3259 1806 3313 οὐ
1841 3259 2160 3328 καθωμολο-

578 3353 818 3422 γημένῃ,
845 3351 948 3404 ὐπὸ
975 3351 1029 3403 δὲ
1051 3351 1226 3420 κυρίῳ
1265 3350 1344 3420 τῷ
1392 3351 1529 3414 τέως
1571 3352 1900 3423 τρεφομένῃ,
1961 3352 2160 3423 ἑκούσῃ

585 3444 799 3512 μιχθεὶς
831 3443 1001 3504 οὕτως
1031 3443 1162 3513 ἁλῷ,
1196 3442 1322 3496 ὥστ’
1351 3443 1415 3496 ἂν
1449 3445 1541 3497 καὶ
1569 3445 1801 3498 θάλατον
1843 3444 1990 3512 αὐτῷ
2020 3440 2163 3498 εἶναι

585 3539 682 3607 την
732 3538 962 3608 ζημίαν,
1013 3540 1072 3592 ἐν
1123 3539 1200 3609 τῷ
1253 3537 1418 3610 κυινῷ
1468 3539 1809 3610 πολυανδρίῳ
1872 3539 2163 3609 καιόμενον

2247 1985 2411 2051 ϐητου
2421 1985 2616 2050 μένων,
2643 1984 2759 2043 ταῖς
2786 1981 3024 2034 πλείοσιν
3045 1981 3111 2034 ἂν
3143 1979 3252 2033 τῶν
3273 1980 3467 2048 ψήφων
3483 1977 3574 2030 τὸν
3597 1977 3843 2045 φεύγον-

2245 2091 2316 2128 τα
2339 2074 2675 2128 ἁλίσκεσθαι.
2715 2073 3071 2128 ’Δπολύεσθαι
3099 2073 3156 2126 δὲ
3181 2073 3255 2142 μὴ
3301 2072 3529 2136 ἀδικεῖν,
3563 2071 3625 2123 οὐ
3666 2070 3843 2139 μόνον

2248 2166 2341 2220 ἀπ’
2365 2166 2663 2219 ἐλαττόνων
2690 2165 2796 2217 τῶν
2818 2162 3370 2233 καταῲηφιζομένων,
3399 2161 3534 2215 ἀλλά
3565 2161 3669 2214 κᾶν
3733 2176 3842 2210 πο-

2249 2259 2306 2311 τέ
2340 2275 2425 2312 πω
2458 2257 2570 2310 ίσαι
2591 2259 2880 2324 γένωνται.
2919 2258 3040 2308 Ἔτι
3075 2257 3256 2326 μέντοι
3289 2256 3511 2308 κάκεῖνο
3559 2252 3637 2323 τῷ
3702 2253 3844 2320 περὶ

2251 2350 2416 2403 δικῶν
2435 2349 2579 2419 λόγῳ
2611 2347 2975 2417 προσκείσθω,
3001 2348 3077 2411 ὡς
3101 2348 3198 2401 ἐὰν
3225 2345 3561 2416 ἀδικήματός
3597 2362 3682 2408 τις
3714 2361 3837 2397 τοι·

2251 2439 2408 2492 ούτου
2436 2438 2590 2506 παρά
2616 2443 2693 2508 τῷ
2721 2437 2984 2508 συνεδρίῳ
3011 2435 3348 2505 κρινόμενος,
3377 2435 3473 2504 οἴῳ
3505 2435 3571 2488 ἂν
3595 2435 3838 2487 θάνατον

2252 2532 2348 2600 τὴν
2371 2532 2576 2601 ζημίαν
2607 2529 2936 2590 ἐπικεῖσθαι.
2970 2529 3110 2582 καλά
3139 2530 3272 2583 ᾶττα
3299 2527 3480 2596 ἐαυτῷ
3503 2528 3640 2596 ἔργα
3691 2542 3841 2596 προ-

2255 2623 2619 2694 πεπραγμένα
2670 2621 2932 2692 ἐπιδείξῃ,
2973 2619 3192 2690 μεγέθει
3226 2619 3260 2689 ἡ
3312 2619 3505 2688 πλήθει
3561 2617 3847 2686 ὑπερϐάλ-

2254 2716 2366 2769 λειν
2392 2718 2452 2768 τὸ
2483 2715 2726 2784 ἀδίκημα
2750 2715 3032 2777 δοκοῦντα,
3060 2713 3268 2779 τοῦτον,
3303 2713 3376 2774 ὡς
3394 2712 3571 2764 οὐκέτ’
3609 2713 3674 2764 ἂν
3707 2713 3843 2764 δυσ-

2256 2805 2514 2875 όρθωτον,
2562 2806 2682 2858 οὐδὲ
2737 2805 2834 2873 τὴν
2889 2804 3054 2873 φύσιν
3108 2804 3296 2868 κακὸν,
3347 2803 3611 2872 δυστυχίᾳ
3663 2802 3724 2855 δὲ
3776 2801 3844 2870 δὴ

2256 2897 2363 2948 τῶν
2398 2897 2572 2949 ἄλλων
2601 2896 2939 2964 κεχρημένον
2966 2895 3072 2947 τινὶ
3112 2897 3203 2948 καὶ
3231 2893 3480 2956 παιδείας
3531 2892 3736 2962 ἐνδείᾳ,
3767 2893 3844 2960 μὴ

2257 2991 2322 3059 δὴ
2347 2989 2559 3058 θανάτῳ
2587 2990 2690 3054 ἔτι,
2740 2990 2877 3042 ἀλλά
2938 2989 3156 3058 δεσμοῖς
3205 3005 3347 3040 τισιν
3407 2986 3654 3041 εὐθύνειν
3715 3002 3847 3056 χρο-

2259 3083 2413 3145 νίοις.
2459 3083 2621 3135 Ἀλλά
2640 3084 2768 3153 περὶ
2807 3083 2906 3151 μὲν
2935 3083 3045 3136 τῶν
3076 3085 3336 3134 τοιούτων
3369 3079 3516 3143 ἅλις.
3543 3079 3607 3134 Εἰ
3639 3080 3753 3150 γάρ
3790 3097 3845 3132 τι

2262 3175 2392 3244 ἡμῖν
2424 3175 2514 3227 καὶ
2550 3174 3007 3243 παραλέλειπται,
3041 3173 3156 3224 ἀλλ’
3191 3171 3284 3224 οῦν
3325 3172 3390 3225 τά
3417 3188 3478 3239 γε
3509 3172 3566 3224 ἐν
3596 3171 3695 3241 ὅλῃ
3735 3171 3839 3241 ἡδη

2265 3269 2332 3334 τῇ
2365 3265 2533 3335 βίϐλῳ
2581 3267 2847 3336 εἰρημένα
2905 3265 3088 3329 ἱκανά,
3135 3264 3272 3317 θεῶν
3323 3263 3391 3316 ἂν
3441 3261 3855 3330 συλλαμϐανόνο

2267 3374 2396 3419 των,
2427 3355 2684 3426 τοιαύτην
2721 3359 2836 3418 τοῖς
2880 3355 3172 3425 ἡμετέροις
3231 3355 3492 3423 ἄρχουσιν
3540 3353 3847 3421 ἐμποιῆσαι

2269 3448 2404 3511 ἕξιν,
2432 3447 2570 3512 οἵαν,
2600 3448 2696 3500 καὶ
2719 3447 2845 3516 περὶ
2874 3441 2949 3505 ὧν
2973 3448 3073 3518 οὐχ
3094 3447 3225 3515 ἡμῖν
3267 3444 3684 3514 διασεσάφηται,
3749 3443 3849 3495 αὐ-

2273 3541 2397 3602 τοὺς
2429 3540 2612 3602 καλῶς
2638 3555 2702 3592 τε
2735 3540 2830 3592 καὶ
2860 3538 2918 3592 εὖ
2949 3538 3348 3608 διαγινώσκειν.

1851 3909 2406 3998 ΕΠΙΝΟΜΙΣ
2487 3903 2592 3990 (¹).

671 4256 739 4308 Ἃ
797 4253 895 4323 μὲν
950 4245 1042 4306 οὖν
1095 4251 1193 4322 τῆς
1255 4248 1438 4322 βίϐλου
1499 4249 1556 4303 ἐν
1607 4250 1748 4320 ἀρχῇ
1824 4250 1953 4321 ὑμῖν
2009 4251 2172 4320 τῆσδε

596 4347 889 4419 προύτέθη,
915 4343 1262 4416 ἐξείργασταί
1293 4361 1354 4398 τε
1410 4343 1506 4396 σὺν
1557 4342 1665 4396 τῶν
1723 4342 1861 4397 θεῶν
1902 4346 2013 4407 τοῖς
2063 4344 2172 4398 τῶν

593 4439 849 4493 τοιούτων
871 4438 1108 4508 ἐφόροις,
1146 4433 1230 4505 ἐφ’
1258 4433 1351 4497 οὒς
1379 4435 1444 4504 δὴ
1471 4435 1630 4505 ἡμεῖς
1656 4436 1750 4487 καὶ
1791 4435 2031 4487 Ποσειδῶ
2080 4453 2176 4489 κο-

600 4532 827 4600 ρυφαῖον
867 4528 1028 4599 τήνδε
1054 4527 1400 4596 ἀναφέρομεν
1426 4525 1526 4594 τὴν
1561 4525 1906 4595 συγγραφὴν,
1940 4525 2036 4578 καὶ
2063 4527 2176 4579 δια-

598 4620 904 4689 πεπέραταί
933 4637 994 4688 γε
1021 4619 1242 4681 ἱκανῶς.
1276 4616 1672 4670 Ἐπιδέδεικται
1708 4618 1817 4684 γὰρ
1861 4618 2016 4686 ἡμῖν,
2050 4617 2176 4687 ἦτις

2213 4677 2256 4732 D

2206 4117 2272 4129 ρο

2282 4256 2486 4323 γίστων
2511 4253 2752 4319 ἐκείνων,
2786 4254 2903 4318 ἐνδς
2939 4253 3058 4324 μὲν,
3094 4254 3187 4308 τοῦ
3209 4254 3284 4318 ὡς
3312 4253 3510 4326 ἡάρχὴ
3549 4255 3686 4324 αὕτη
3738 4255 3847 4308 τῶν

2282 4345 2520 4406 πάντων,
2560 4345 2587 4396 ὁ
2612 4343 2863 4412 μέγιστος
2893 4342 3031 4408 θεὸς,
3061 4343 3119 4397 ὃν
3143 4361 3204 4411 γε
3232 4345 3392 4414 ἡμεῖς
3435 4345 3647 4416 πατρίῳ
3675 4346 3849 4414 φωνῇ.

2282 4439 2377 4488 Δία
2407 4434 2698 4504 καλοῦμεν,
2721 4436 2904 4504 ἄκρως
2928 4435 3128 4502 ἀγαθός
3159 4438 3327 4502 ἐστιν,
3376 4436 3630 4506 οὐδεμιᾶς
3695 4433 3844 4502 αὐτῷ

2281 4525 2486 4594 ἀγαθοῦ
2513 4525 2816 4596 ὑπερϐολῆς
2842 4527 2916 4596 μὴ
2944 4528 3042 4579 οὐκ
3061 4527 3117 4590 ἐς
3146 4529 3269 4581 ὅσον
3321 4525 3432 4580 οἷόν
3479 4544 3538 4579 τε
3595 4527 3853 4598 βελτίστῳ

2283 4614 2420 4671 εἶναι
2452 4618 2779 4686 λειπομένης
2811 4634 2826 4648 ο
2868 4617 3055 4686 ἐτέρου
3095 4617 3174 4680 δὲ,
3197 4617 3290 4669 τοῦ
3315 4617 3413 4686 τάς
3432 4634 3491 4668 τε
3517 4617 3704 4679 οὐσίας
3735 4618 3854 4675 ταῖς

599 4729 658 4764 τε
687 4711 828 4782 ἁρχὴ
860 4711 970 4764 τῶν
1005 4711 1223 4764 πάντων
1262 4708 1356 4762 καὶ
1384 4709 1442 4759 ἐν
1475 4709 1587 4771 τοῖς
1622 4709 1789 4760 πᾶσιν
1816 4708 1884 4762 αὖ
1910 4708 2055 4773 τίνες
2082 4710 2180 4779 μὲν
2213 4705 2256 4732 ν
2285 4711 2567 4779 γεννήσεσι
2585 4710 2702 4771 ταῖς
2741 4709 2939 4774 αὐτῶν,
2994 4709 3088 4761 καὶ
3131 4707 3231 4771 τάς
3279 4707 3562 4778 γεννήσεις
3601 4709 3722 4769 ταῖς
3772 4705 3857 4758 οὑο

562 4802 571 4870 λ
602 4801 815 4872 πρῶταί
846 4817 904 4852 τε
933 4797 1123 4867 φύσεις
1152 4798 1245 4850 καὶ
1290 4800 1356 4868 τῇ
1387 4798 1527 4867 ἀρχῇ
1563 4799 1874 4867 προσεχεῖς,
1934 4798 2080 4859 τίνες
2127 4797 2185 4850 δὲ

564 4875 565 4878 Ἴ
602 4893 873 4963 δεύτεραι,
901 4890 1046 4953 τίνες
1081 4889 1140 4942 δὲ
1169 4888 1349 4959 τρίται
1402 4888 1499 4942 καὶ
1540 4888 1787 4958 ἔσχαται,
1819 4889 1846 4941 ὃ
1878 4905 1938 4941 τε
1973 4889 2187 4959 ἄνθρω-

606 5000 702 5045 πος
732 4983 789 5036 ἐν
815 4982 1002 5044 αὐταῖς
1030 4980 1152 5034 τίνα
1175 4979 1305 5031 ποτε
1335 4977 1433 5049 τὴν
1457 4977 1640 5048 χώραν
1665 4979 1870 5049 εἴληχε,
1896 4982 1992 5030 καὶ
2013 4981 2076 5030 ἐκ
2107 4979 2187 5030 τίς

606 5092 711 5125 νων
773 5073 1128 5142 συνέστηκεν,
1179 5071 1279 5142 οῐῳ
1328 5087 1388 5123 τε
1446 5071 1560 5124 δντι
1595 5070 1742 5141 αὐτῷ
1770 5066 1881 5134 οἷος
1922 5071 2016 5124 καὶ
2076 5072 2190 5141 βίος

609 5166 894 5235 προσήκει,
914 5163 1053 5217 ὥστε
1075 5165 1141 5233 δὴ
1169 5165 1263 5218 καὶ
1289 5163 1625 5234 εὐδαιμόνως
1666 5163 1788 5235 ζῇν.
1818 5157 1892 5218 Οὐ
1941 5165 2028 5236 δὴ,
2087 5181 2187 5216 κυο

611 5257 874 5326 ριωτάτου
907 5273 967 5307 τε
1000 5257 1151 5318 ὄντος
1182 5257 1275 5308 καὶ
1308 5255 1487 5309 κοινοῦ
1517 5254 1964 5326 ἐπιθυμήματος,
2009 5255 2187 5310 ᾶπαν-

608 5366 703 5413 τες
737 5347 836 5417 μὲν
869 5345 1145 5417 ἅνθρωποι
1176 5347 1440 5416 ἐφίενται,
1473 5345 1697 5415 ζητοῦσι
1733 5347 1778 5399 δ’
1820 5348 1949 5400 αὐτὸ
1978 5347 2078 5400 οὐκ
2133 5348 2190 5401 ἐν

610 5439 688 5509 τῷ
721 5439 866 5508 αὐτῷ
897 5440 1134 5501 ἅπαντες
1167 5439 1287 5509 βίῳ,
1319 5438 1436 5491 ἀλλ’
1468 5433 1511 5506 ᾧ
1550 5480 1563 5494 .
1647 5477 1660 5492 .
1740 5478 1754 5492 .
1807 5439 2190 5494 ἀποδέδεικται

611 5532 818 5584 ἓιαστα
849 5531 943 5586 ἀπ’
979 5531 1200 5585 ἐννοιῶν
1232 5547 1292 5584 τε
1319 5532 1415 5584 καὶ
1436 5531 1766 5600 ἀξιωμάτων
1800 5533 1901 5584 οὐκ
1945 5531 2191 5584 ἀσθενῶν

612 5641 770 5678 τινων
798 5626 890 5679 καὶ
921 5624 1263 5694 ἀμφιλόγων,
1294 5625 1468 5678 ἄλλων
1497 5641 1554 5677 τε
1585 5625 1668 5693 δὴ,
1707 5624 1802 5677 καὶ
1858 5623 2026 5693 τριῶν
2085 5640 2186 5692 με·

2289 4803 2433 4865 σίαις
2467 4802 2725 4870 ἀνάλογον
2753 4802 2896 4872 ἔχειν
2924 4802 3038 4855 δεῖν
3073 4817 3087 4833 ·
3125 4802 3218 4855 καὶ
3267 4801 3476 4870 τρίτου,
3528 4800 3620 4853 τοῦ
3655 4801 3747 4854 καὶ
3795 4798 3856 4852 τὰ

2288 4894 2427 4962 ἔργα
2457 4896 2576 4956 ταῖς
2605 4893 2832 4959 οὐσίαις,
2867 4893 2960 4946 καὶ
2990 4893 3086 4955 τὰς
3119 4893 3306 4956 οὐσίας
3348 4894 3459 4956 τοῖς
3511 4890 3694 4963 ἔργοις
3755 4890 3858 4948 τοῖς

2293 4983 2574 5052 σφετέροις
2603 4984 2866 5051 ἀνάλογον
2891 4984 2998 5036 δεῖν
3024 4984 3116 5036 καὶ
3159 4984 3299 5037 αὐτὰ
3320 4982 3487 5053 ἔχειν.

2363 5074 2579 5128 Τούτων
2602 5078 2710 5146 γὰρ
2730 5076 3103 5144 ὑποκειμένων
3131 5076 3457 5145 ἀξιωμάτων
3510 5076 3763 5146 βεϐαίων,
3799 5077 3858 5127 ἐκ

2295 5165 2392 5233 μὲν
2422 5163 2512 5216 τοῦ
2541 5164 2781 5235 πρώτου,
2811 5164 2948 5219 ἀλλα
2979 5182 3038 5218 τε
3077 5167 3208 5236 ἡμῖν
3247 5164 3355 5219 τῶν
3398 5166 3580 5228 καλῶς
3637 5165 3860 5235 ἐχόντων

2295 5257 2580 5326 δογμάτων
2628 5257 3032 5320 ἀποδείκνυται,
3095 5258 3188 5311 καὶ
3249 5258 3324 5322 ὡς
3369 5259 3429 5310 τὸ
3460 5259 3567 5310 πᾶν
3614 5257 3730 5325 ἅμα
3766 5256 3859 5324 μὲν

2295 5347 2468 5400 ἀΐδιον
2489 5346 2567 5416 τῷ
2589 5346 2671 5400 Διῒ
2694 5347 2935 5414 γέγονεν,
2970 5348 3087 5417 ἅμα
3114 5346 3172 5400 δὲ
3205 5347 3301 5400 καὶ
3333 5348 3362 5400 ὅ
3391 5365 3444 5399 τι
3491 5347 3553 5413 δὴ
3581 5344 3858 5399 κάλλιστον

2298 5440 2362 5490 ἐκ
2383 5437 2490 5490 τῶν
2517 5439 2742 5490 ἐνόντων
2774 5438 3018 5506 γεγονὸς,
3057 5439 3115 5491 ἐν
3150 5441 3215 5509 τῇ
3271 5438 3408 5507 αὐτῇ
3475 5435 3622 5505 μένει
3670 5441 3727 5499 ἐς
3781 5433 3866 5486 τὸν

2300 5527 2477 5580 πάντα
2510 5528 2680 5581 αίῶνα
2717 5528 3067 5590 καταστάσει,
3100 5528 3164 5582 ἐκ
3189 5545 3251 5596 γε
3271 5528 3335 5598 δὴ
3368 5527 3460 5580 τοῦ
3483 5525 3737 5590 καθάπαξ
3769 5523 3856 5577 αὐη

2298 5619 2374 5689 τῷ
2399 5619 2844 5688 ἀποδεδειγμένου
2882 5621 3154 5688 σχήματος
3195 5619 3623 5690 ἀπαρακίνητον,
3657 5617 3730 5668 οὐ
3764 5615 3864 5683 γὰρ

687 5767 764 5835 (1)
799 5767 1092 5822 Conclusio
1119 5769 1330 5824 scilicet
1361 5769 1486 5824 libri
1553 5768 1628 5822 De
1663 5767 1890 5838 legibus,
1929 5766 2087 5834 cujus
2131 5780 2255 5836 cap.
2289 5763 2320 5818 6
2377 5763 2498 5818 libri
2533 5777 2592 5829 ιι,
2620 5763 2698 5818 De
2749 5763 2883 5831 fato,
2917 5768 2970 5818 el.
2997 5775 3118 5831 cap.
3159 5763 3219 5816 51
3263 5763 3382 5819 libri
3415 5777 3498 5829 ιιι,
3531 5760 3603 5813 ορ
3633 5755 3865 5829 iudiciis,

617 5850 779 5905 supra
807 5837 1175 5892 exhibuimus.
