4186 6290
463 445 483 508 1
495 445 600 507 005

1133 447 1434 508 CONTRA
1469 445 1893 507 scnomau
1936 423 2499 506 DEFENSIbNEM
2529 445 3060 508 ARISTOTELIS.

3590 441 3723 506 1000

458 561 651 628 έχοντα
688 558 852 611 αὐτοῦ
886 561 942 612 ὲν
977 577 1039 628 γε
1069 563 1180 623 τοῖς
1205 561 1431 631 φαύλοις
1465 559 1559 614 καὶ
1589 562 1844 628 σμικροῖς
1861 558 1951 611 διὰ
1973 559 2034 612 τὸ
2065 569 2109 622 Α
2139 561 2286 625 νοίας
2339 565 2638 636 ἀλλοτριῶν
2667 565 2823 635 δῆλός
2870 565 3040 627 ἐστιν,
3093 561 3214 632 ἦτοι
3262 557 3575 611 παντάπασι
3622 557 3724 627 τὴν

458 651 554 720 τῆς
587 650 830 713 διανοίας
861 651 1029 705 αὑτοῦ
1061 655 1198 721 προς
1221 654 1352 719 γοῦν
1382 654 1450 706 τὰ
1473 651 1703 712 τοιαῦτα
1722 651 2033 722 ὀξυδερκὲς,

458 745 503 796 εἰ
545 743 638 794 καὶ
669 745 806 812 προς
865 745 933 797 τὰ
969 745 1142 816 μείζω
1190 745 1564 814 ἀμϐλυωπόν·
1602 746 1685 797 ὅτι
1737 743 1782 796 δ’
1811 745 2039 813 ἀνόητόν

457 835 576 888 ἐστι
605 837 665 887 τὸ
697 836 797 904 μὲν
840 837 1003 890 ἕνεκά
1028 855 1122 891 του
1156 841 1331 893 ποιεῖν
1355 839 1457 909 τὴν
1497 838 1664 908 φύσιν
1705 839 2040 909 συγχωρεῖν,

458 925 584 979 νοῦν
615 927 660 980 δ’
691 929 830 999 αὐτῇ
860 930 934 1000 μὴ
979 931 1296 999 ἐφεστάναι,
1324 932 1536 984 ἐνθένδε
1570 931 1752 999 δῆλον.
1780 930 1862 982 Τά
1886 929 2037 996 τέλη,

457 1019 543 1087 ἐφ’
573 1021 609 1072 ὃ.
654 1019 765 1071 τῶν
806 1019 969 1087 φύσει
1011 1023 1353 1092 γιγνομένων
1405 1022 1614 1076 ’ἐκαστα
1665 1022 1830 1087 ἵεται,
1857 1021 1919 1074 οὐ
1946 1022 2042 1075 καὶ

458 1111 561 1180 τὴν
613 1111 790 1182 ἀρχὴν
827 1114 991 1177 εὐθὺς
1049 1117 1333 1185 φυομένην
1363 1116 1632 1186 πάρεστιν
1667 1117 1879 1178 αὐτοῖς,
1923 1113 2042 1168 ἀλλ’

461 1202 666 1256 ῦστατα
701 1204 874 1276 δήπου
928 1210 1351 1277 παραγίγνεται.
1385 1209 1688 1276 Σκοπῶμεν
1717 1208 1762 1261 δ’
1796 1208 1930 1261 αὐτὸ
1956 1209 2058 1275 ἐφ’·

460 1294 578 1356 ἑνὸς
613 1293 788 1349 τοῦδε.
834 1295 912 1366 Τῇ
950 1298 1196 1365 ἀμπέλου
1227 1299 1368 1351 ἓλικι
1398 1300 1550 1361 τέλος
1590 1301 1710 1353 ἐστὶ
1739 1299 1819 1368 τῷ
1850 1298 2042 1368 ἐτέρου

461 1383 632 1450 φυτοῦ
663 1383 884 1454 πτόροῳ
944 1386 1382 1456 περιελιχθεῖσαν
1416 1389 1614 1458 ἐκείνῳ
1665 1389 1763 1457 τὴν
1800 1387 2046 1455 ἄμπελον

461 1475 722 1542 ἀναδῆσαι
757 1479 832 1547 τῷ
869 1481 1045 1547 φυτῷ,
1085 1481 1290 1551 ταύτην
1327 1483 1385 1532 ἐν
1419 1485 1534 1544 τοῖς
1573 1483 1761 1548 φυτοῖς
1793 1480 1892 1550 τὴν
1945 1479 2045 1548 φύ-

463 1582 548 1618 σιν
572 1567 855 1638 εἰληχυῖαν
877 1571 1284 1626 ἐπαλλόκαυλον
1312 1569 1485 1626 εἶναι’
1519 1573 1717 1626 οὐκοῦν
1750 1574 1828 1643 τῷ
1854 1573 2044 1641 ἑτέρου

462 1657 632 1726 φυτοῦ
663 1660 883 1730 πτόρθῳ
917 1662 1016 1731 τὴν
1064 1663 1225 1718 ἕλικα
1281 1666 1728 1736 περιελιχθεῖσαν
1783 1666 2048 1736 ἀναδῆσαι

460 1751 562 1822 τὴν
612 1753 859 1821 ἄμπελον
910 1754 1035 1808 οὐτε
1092 1759 1158 1826 τῇ
1221 1759 1458 1829 ἀμπέλῳ
1500 1761 1767 1830 φυομένῃ,
1801 1758 1925 1813 οὐτε
1981 1762 2046 1829 τῇ

463 1843 606 1897 ἕλικι
635 1845 797 1906 εὐθὺς
822 1845 1106 1916 πάρεστιν,
1144 1848 1262 1902 ἀλλ’
1300 1851 1528 1903 ὕστατόν
1559 1868 1622 1918 γε
1655 1853 2046 1921 παραγίνεται.

464 1937 637 1990 Οὐδὲν
675 1938 864 2008 μέντοι
899 1935 1065 2012 ἦττον
1101 1943 1194 1996 τοῦ
1229 1943 1465 2011 φύεσθαι
1489 1944 1626 2009 ὅλως
1656 1945 1814 2000 ἕλικα
1844 1948 1910 2016 τῇ
1939 1946 2050 2015 ἀμ-

465 2030 615 2100 πέλῳ
645 2032 818 2085 αῖτιον
840 2033 1055 2088 τελικὸν
1096 2035 1128 2105 ἡ
1155 2036 1239 2104 ἐφ’
1271 2037 1443 2105 ἑτέρῳ
1479 2039 1632 2107 φυτῴ
1661 2039 1915 2102 ἀνάξεσις
1950 2040 2052 2093 αὐ·

466 2122 566 2190 τῆς
597 2125 768 2176 ἐστιν.
807 2125 1119 2196 Ἀμήχανον
1160 2127 1214 2181 δέ
1245 2129 1306 2181 τὸ
1344 2129 1572 2199 μηδέπω
1605 2129 1662 2183 ὃν
1698 2129 1822 2202 μηδ’
1848 2132 1908 2184 ἐν
1938 2132 2050 2189 τοῖς

466 2212 587 2270 οῦσι
636 2220 973 2288 τεταγμένον
1021 2221 1174 2285 ὄντος
1211 2240 1304 2275 του
1359 2224 1459 2295 ἤδη
1517 2225 1692 2278 αἴτιον
1725 2226 2048 2294 γίγνεσθαι·

468 2300 610 2359 εἶναι
641 2309 749 2377 γάρ
773 2308 856 2360 δεῖ
876 2308 934 2361 τὸ
956 2309 1132 2362 αἴτιόν
1152 2327 1248 2364 του
1265 2312 1611 2381 γιγνόμενον,
1646 2312 1769 2382 οὐχὶ
1795 2312 1869 2382 μὴ
1889 2308 2050 2367 εἶναι.

471 2399 844 2468 Προειλῆφθαι
877 2401 988 2472 ἄρα
1017 2403 1101 2455 δεῖ
1150 2403 1210 2455 ἔν
1241 2421 1346 2456 τινι
1380 2405 1456 2473 νῷ
1503 2403 1601 2473 τὴν
1648 2404 1747 2472 τῆς
1801 2405 2052 2474 ἀμπέλου

469 2490 558 2558 ἐφ’
588 2492 766 2560 ἑτέρῳ
794 2494 945 2562 φυτῷ
974 2493 1247 2560 ἀνάδεσιν,
1275 2495 1333 2558 ὃς
1359 2496 1500 2565 αὐτῇ
1526 2495 1840 2548 ἐπιστατῶν
1859 2494 2055 2566 ὥσπερ

470 2583 804 2654 δημιουργὸς
850 2587 990 2658 ἀνὴρ
1027 2591 1350 2652 σκευαστοῖς
1401 2588 1492 2642 καὶ
1540 2589 1638 2654 τὴν
1669 2589 1824 2642 ἕλικα
1882 2589 2054 2656 αὐτὴν

471 2675 573 2746 τῆς
601 2678 860 2748 τοιαύτης
886 2680 1049 2734 ἕνεκα
1096 2682 1402 2745 ἀναδέσεως
1434 2683 1615 2750 φύσει,
1644 2683 1678 2754 ἣ
1710 2684 1806 2733 καὶ
1841 2681 2054 2750 θαυμα-

475 2772 628 2837 σίως,
665 2773 758 2825 ἐὰν
791 2771 890 2843 μὲν
924 2771 1095 2842 μηδέν
1121 2789 1174 2825 τι
1209 2775 1350 2844 αὐτῇ
1383 2775 1624 2828 τοιοῦτον
1680 2773 2054 2844 παρακέηται,

475 2863 576 2934 οἵῳ
626 2864 1066 2936 περιελιχθῆναι,
1101 2865 1192 2918 ἐπ’
1247 2865 1378 2919 εὐθύ
1438 2883 1554 2928 πως
1587 2867 1841 2934 φαῖνεται
1897 2883 2059 2937 φερο-

478 2959 640 3026 μένη,
668 2960 763 3010 ἐάν
792 2958 846 3010 δὲ
879 2961 1113 3029 πτόρθος
1146 2976 1230 3022 τις
1262 2963 1437 3028 παρῇ,
1478 2958 1642 3022 εὐθὺς
1674 2958 2016 3029 περιειλίχθη
2043 2975 2056 2988 ·

473 3048 588 3102 οὔτ’
620 3046 713 3102 οὖν
744 3051 842 3120 τὴν
877 3051 1036 3104 ἓλικα
1079 3053 1153 3120 τῇ
1196 3051 1428 3122 ἀμπέλῳ
1462 3051 1536 3121 μὴ
1580 3052 1640 3104 οὐ
1672 3051 1862 3105 τούτου
1896 3051 2061 3105 ἕνεκα

474 3141 730 3209 φύεσθαι,
765 3142 913 3204 ὅπως
947 3143 1120 3212 ἑτέρῳ
1174 3143 1348 3211 αὐτὴν
1399 3143 1555 3212 φυτῷ
1613 3144 1879 3214 ἀναδήσῃ,
1934 3143 2060 3196 νοῦν

2144 653 2239 708 τοῦ
2272 656 2416 709 θείου
2450 658 2710 728 πρόνοιαν
2735 657 3016 711 ἐκϐάλλων
3038 654 3147 707 τῶν
3174 669 3238 720 γε
3269 649 3651 720 ἀνθρωπίνων,
3686 648 3722 720 ἢ

2144 747 2226 799 ὅτι
2253 747 2537 816 ἐλάχιστον
2556 750 2727 819 αὐτῆς
2748 749 2972 815 λείπων,
3066 745 3159 798 καὶ
3191 745 3247 794 ἐν
3281 742 3408 812 δίκῃ
3439 741 3501 795 τὸ
3534 758 3725 812 μικρο-
3771 802 3774 805 .

2144 837 2306 905 λόγον
2336 837 2503 892 αὐτοῦ
2549 839 2681 908 περὶ
2731 837 2833 906 τῆς
2867 838 3122 908 προνοίας
3154 835 3620 903 διακωμῳδεῖται.
3659 830 3724 883 υἱ

2151 931 2252 998 μὲν
2280 931 2388 1002 γὰρ
2427 931 2582 1001 σοφοί
2605 948 2665 985 τι
2714 931 2918 994 πάντες
2963 931 3057 983 καὶ
3087 930 3195 982 τῶν
3215 929 3390 982 ἄλλων
3421 928 3471 981 οί
3515 927 3582 979 τὰ
3607 925 3730 995 βελο

2145 1023 2245 1076 τίω
2280 1023 2606 1092 φρονοῦντες
2655 1023 2873 1077 ἅπαντα
2919 1024 3038 1092 μὲν,
3075 1021 3250 1074 ὁπόσα
3299 1021 3368 1073 ἂν
3399 1018 3730 1092 ,ἀνθρώποις

2148 1116 2489 1186 κατορθοῖτσ,
2515 1118 2582 1186 τῇ
2615 1116 2737 1187 θείᾳ
2783 1116 3014 1186 προνοίᾳ
3060 1116 3341 1183 νέμοντες,
3375 1111 3474 1179 τῆς
3501 1111 3559 1164 δὲ
3598 1127 3732 1179 προ-

2148 1210 2294 1272 νοίας
2341 1208 2500 1262 τοῦτο
2531 1211 2655 1262 ὅσον
2718 1207 2793 1276 μὴ
2832 1209 2965 1276 παρ’
3000 1208 3147 1276 ἡμᾶς
3200 1205 3338 1275 μηδὲ
3386 1204 3457 1257 δι’
3485 1202 3641 1273 ἦμῶν
3673 1202 3734 1255 τὸ

2149 1299 2450 1372 κατορθοῦν
2473 1301 2608 1369 ἡμῖν
2636 1299 2959 1368 παρέχεται.
2991 1297 3164 1367 τύχην
3205 1313 3266 1348 τε
3299 1294 3596 1356 καλοῦντες
3638 1295 3736 1346 καὶ

2150 1392 2307 1444 θείαν
2341 1391 2534 1460 τύχην,
2579 1390 2655 1454 ὼς
2687 1392 2748 1444 οὐ
2785 1391 2916 1460 παρ’
2965 1391 3111 1459 ἡμᾶς
3161 1387 3283 1440 οὐδὲ
3337 1387 3406 1440 δι’
3454 1387 3735 1456 ἡμετέραν

2151 1481 2380 1549 ἀρετὴν,
2411 1480 2548 1534 ἀλλά
2577 1480 2666 1534 διὰ
2705 1480 2876 1549 μόνην
2928 1479 3082 1532 θείαν
3115 1477 3181 1547 δὴ
3210 1477 3392 1531 αἰτίαν
3417 1475 3736 1540 ἀποϐιῖνον,

2152 1571 2301 1638 δῆλοί
2337 1573 2443 1624 εισι
2472 1573 2540 1642 τῇ
2577 1571 2697 1641 θείᾳ
2729 1573 2960 1642 προνοίᾳ
3005 1571 3100 1623 καὶ
3133 1568 3232 1640 τὴν
3262 1569 3434 1637 τύχην
3469 1583 3738 1620 συνοικει-

2155 1665 2365 1729 οῦντες.
2400 1667 2786 1737 Ἀριστοτέλης
2820 1666 2866 1718 δ’
2891 1666 2965 1727 ὠ;
2991 1666 3091 1736 τὴν
3120 1666 3294 1736 τύχην
3327 1665 3423 1734 τῆς
3449 1662 3544 1716 τοῦ
3587 1661 3734 1714 θείου

2155 1758 2416 1827 προνοίας
2446 1759 2741 1828 ἀλλοτριοῖ,
2775 1758 2868 1811 καὶ
2918 1757 3078 1822 αὐτὰ,
3112 1756 3148 1811 ἃ
3180 1757 3242 1811 σύ
3288 1756 3420 1826 περὶ
3447 1754 3628 1824 ψυχῆς
3663 1751 3738 1816 ὡς

2156 1851 2221 1921 δὴ
2245 1849 2613 1904 εὐσεϐέστατα
2653 1849 2803 1918 αὐτῴ
2841 1850 3106 1918 εἰρημένα
3135 1850 3193 1901 ἐν
3221 1848 3352 1917 τῇδέ
3386 1865 3481 1900 σου
3508 1850 3574 1918 τῇ
3601 1862 3738 1914 συγ-

2156 1945 2340 2013 γραφῇ
2378 1941 2713 2010 ἐκτέθεισαι,
2735 1941 2909 2012 δηλοῖ,
2945 1959 2963 1992 ι
3014 1939 3071 1994 Ἠ
3103 1941 3160 1994 δέ
3209 1940 3345 2009 τύχη
3386 1941 3481 1992 ιιιαλ⁸
3514 1940 3582 1992 τὰ
3629 1939 3737 1992 ἀπ’)

2154 2035 2327 2104 τύχης
2360 2036 2436 2098 ὡς
2489 2033 2726 2103 ἀληθῶς,
2756 2035 2832 2097 ὡς
2859 2034 2926 2088 ἂν
2975 2034 3129 2105 τύχοι
3189 2033 3476 2103 γίγνεται·
3511 2033 3559 2085 εἰ
3592 2031 3649 2086 δέ
3676 2048 3740 2100 γε

2155 2128 2236 2196 τῷ
2270 2127 2390 2197 Θεῷ
2415 2127 2478 2181 τὸ
2529 2127 2776 2181 τοιοῦτον
2834 2127 3235 2198 ἀπονέμοιμεν,
3297 2126 3501 2196 φαῦλον
3546 2127 3741 2196 κριτήν

2159 2220 2326 2273 αὑτὸν
2354 2221 2656 2291 ποιήσομεν
2680 2220 2712 2290 ἢ
2742 2221 2802 2272 οὐ
2837 2219 3046 2273 δίκαιον
3065 2232 3079 2252 ⁸
3103 2219 3266 2272 τοῦτο
3299 2219 3345 2272 δ’
3371 2219 3432 2272 οὐ
3463 2220 3744 2289 προσῆκον

2157 2312 2276 2363 ἐστι
2331 2311 2451 2380 Θεῴ
2499 2311 2603 2380 (2).
2655 2330 2675 2362 ι
2717 2309 2901 2365 Ταῦτα
2955 2308 3066 2382 γάρ
3126 2327 3295 2380 φησιν
3358 2311 3740 2381 Ἀριστοτέλης

2159 2403 2374 2466 ἀγνοῶν
2402 2403 2501 2473 τὴν
2529 2402 2683 2457 θείαν
2715 2402 3086 2474 δικαιοσύνην,
3111 2403 3218 2472 ὅπη
3259 2401 3325 2454 τά
3353 2401 3580 2455 τοιαῦτα
3603 2403 3739 2454 ἑκά-

2161 2518 2272 2571 στῳ
2307 2501 2523 2568 τελᾶμα
2552 2501 2608 2562 ἐς
2646 2499 2879 2568 δύναμιν
2908 2499 2974 2550 ἐκ
3019 2498 3117 2549 τοῦ
3155 2497 3355 2559 παντὸς
3399 2499 3466 2566 τῇ
3504 2495 3746 2566 ἁρμονίᾳ

2161 2593 2570 2663 συμφορώτατά
2601 2609 2658 2645 τε
2689 2591 3006 2656 ἀποδίδωσι,
3030 2591 3091 2643 τὸ
3125 2592 3220 2644 τοῦ
3244 2591 3368 2642 ὅλου
3402 2589 3490 2642 ἀεὶ
3533 2587 3742 2657 ἀγαθὸν

2162 2685 2256 2739 τοῦ
2281 2687 2376 2739 τοῦ
2410 2685 2610 2755 μέρους
2633 2685 2774 2737 κατά
2798 2683 2857 2736 τὸ
2885 2683 3231 2736 δικαιότατον
3264 2680 3612 2751 προτιμῶσα.
3642 2681 3745 2733 Διά

2159 2779 2224 2848 δὴ
2259 2778 2430 2832 ταῦτα
2462 2779 2637 2832 πάντα
2670 2778 2765 2832 καὶ
2798 2778 2959 2847 ἡμεῖς
2993 2775 3230 2842 μάλιστα
3273 2774 3364 2827 τὸν
3390 2774 3558 2843 ἄνδρα
3607 2789 3744 2844 προ--

2165 2872 2387 2939 ήγμεθα
2444 2870 2714 2938 ἐλέγχειν,
2765 2869 2852 2920 ἶνα
2906 2869 2979 2938 μή
3021 2887 3104 2932 τις
3142 2867 3376 2939 Ἀϐερόῃ
3403 2864 3745 2932 πειθόμενος,
3853 2877 3859 2901 ι

2163 2962 2353 3034 ὥσπερ
2411 2962 2505 3014 καὶ
2566 2960 2677 3014 τῶν
2726 2959 2864 3029 πρὸς
2927 2958 3170 3026 ἑσπέραν
3210 2961 3258 3011 οί
3305 2955 3516 3020 πολλοὶ,
3550 2953 3744 3018 καὶὼς

2164 3058 2343 3110 πάντα
2377 3053 2524 3123 σοφῷ
2561 3053 2710 3122 αύτῷ
2745 3050 3035 3122 προσέχων
3079 3050 3198 3118 ἅμα
3235 3050 3332 3101 καὶ
3367 3048 3476 3100 τῶν
3503 3049 3560 3110 ἐς
3589 3045 3746 3099 ἀθεό-

2164 3166 2305 3218 τητα
2361 3147 2512 3217 αὐτῷ
2571 3145 2861 3214 φερουσῶν
2918 3143 3089 3208 δοξῶν
3153 3140 3292 3212 λάθῃ
3345 3137 3745 3208 ἀναπλησθεὶς.

476 3233 592 3303 ἔχει
625 3233 685 3325 το
734 3233 810 3303 μὴ
843 3233 1049 3301 ἀξιοῦν,
1082 3233 1208 3288 οὔτε
1241 3235 1303 3287 τὸ
1364 3237 1439 3305 μὴ
1472 3235 1598 3288 νοῦν
1648 3237 1761 3299 τοῖς
1794 3235 2060 3298 τοιούτοις
2085 3264 2132 3325 C
2167 3242 2284 3295 ἀλλ’
2308 3240 2464 3301 εἰδὼς
2497 3236 2664 3291 αὐτοῦ
2698 3237 2812 3297 τοῖς
2868 3235 3270 3303 συγγράμμασι
3317 3231 3488 3298 συχνὰ
3536 3230 3636 3297 μὲν
3680 3228 3748 3281 τὰ

477 3324 768 3394 ἐφιστάναι
800 3325 913 3396 ἔχοι
949 3326 1016 3380 ἂν
1049 3326 1146 3380 καὶ
1195 3327 1436 3381 ὁντινοῦν
1465 3327 1642 3394 λόγον.
1680 3327 1906 3381 Πλάτων
1963 3329 2063 3397 μὲν

479 3417 574 3471 οῦν
603 3417 670 3471 τὰ
702 3417 816 3487 εἴδη
859 3416 982 3482 νοῦς
1021 3418 1194 3472 ποιῶν
1231 3418 1407 3472 ταῦτα
1449 3420 1738 3489 προσεχεῖς
1779 3418 2062 3488 ἐφίστησιν

481 3509 737 3574 ἑκάστοις
757 3509 870 3563 τῶν
899 3511 1066 3578 φύσει
1096 3509 1438 3579 γιγνομένων
1469 3508 1628 3572 νοῦς·
1663 3509 1834 3580 ἐχρῆν
1863 3509 1919 3563 δὲ
1968 3509 2064 3562 καὶ

492 3599 864 3671 Ἀριστοτέλη,
917 3602 968 3654 εί
1021 3601 1097 3671 μὴ
1149 3601 1362 3664 τούτοις
1413 3599 1667 3654 ἐϐούλετο
1731 3603 2062 3670 συγχωρεῖν,

479 3693 638 3748 ἀλλον
663 3693 794 3761 γοῦν
827 3710 950 3746 τινα
982 3693 1184 3763 τρόπον
1227 3693 1353 3746 νοῦν
1407 3693 1594 3755 αὐτοῖς
1633 3693 1928 3761 ἐφιστάναι
1970 3693 2065 3744 καὶ

484 3786 558 3856 μὴ
592 3784 766 3848 οὑτως
805 3784 1226 3849 καταγελάστως
1254 3784 1404 3854 αὐτῷ
1443 3784 1605 3838 αὐτὸν
1638 3783 1942 3854 ίατρεύοντι
1999 3785 2067 3836 τὰ

482 3878 644 3946 φύσει
675 3875 975 3947 γιγνόμενα
1006 3877 1248 3940 είκάξειν
1266 3875 1366 3948 (1),
1399 3877 1533 3947 δῆλα
1552 3877 1617 3946 δὴ
1649 3877 1721 3941 ὡς
1746 3877 1938 3930 οὐδένα
1968 3877 2065 3930 αὐ-

481 3972 593 4032 τοῖς
617 3968 744 4023 νοῦν
769 3969 971 4035 ἔξωθεν
995 3971 1361 4039 ἐφεστηκότα.
1385 3970 1456 4022 Σὺ
1483 3969 1583 4039 μὲν
1615 3966 1710 4023 οὖν
1737 3969 1898 4024 ἄθεον
1922 3970 2066 4038 ἡμᾶς

484 4064 709 4132 φάσκων
772 4065 1125 4135 Ἀριστοτέλη
1193 4065 1574 4133 συκοφαντεῖν,
1641 4063 1806 4127 αὐτὸς
1859 4062 2068 4133 μᾶλλον

480 4161 632 4230 ἡμᾶς
660 4162 1022 4230 συκοφαντεῖς
1044 4177 1062 4194 ο
1099 4161 1163 4212 οὑ
1193 4161 1305 4230 γὰρ
1331 4159 1491 4214 ἄθεον
1513 4159 1679 4228 ἡμεῖς
1713 4156 2067 4228 Ἀριστοτέλη

483 4251 598 4306 οὐτ’
630 4253 843 4322 ἔφαμεν
872 4252 995 4306 οὐτε
1025 4252 1230 4321 φαμέν,
1259 4252 1417 4316 θεοὺς
1446 4251 1585 4314 ὅλως
1611 4251 1688 4320 τῷ
1711 4249 1929 4322 οὐρανῷ
1952 4250 2070 4319 ἐφι-

485 4348 710 4409 στάντα,
766 4345 882 4397 ἀλλ’
915 4346 972 4409 ἐς
1011 4345 1282 4414 ἀθεότητα
1333 4343 1496 4396 αὐτὸν
1525 4343 1842 4396 ἀποκλίνειν
1886 4343 2070 4412 φαμέν

483 4457 545 4492 τε
571 4438 688 4492 -καὶ
717 4437 930 4508 ἔφαμεν
986 4439 1083 4492 καὶ
1117 4438 1261 4507 μάλα
1316 4439 1376 4490 ἐν
1415 4435 1565 4506 δίκῃ.
1606 4434 1669 4489 Ὀ
1697 4434 1809 4505 γὰρ
1851 4434 2069 4506 πρῶτον

489 4531 589 4601 μὲν
615 4531 705 4584 τὸν
738 4530 878 4584 θεῶν
912 4530 1020 4584 τῶν
1052 4529 1230 4584 ἄλλων
1262 4527 1574 4600 ἡγούμενον
1597 4526 1731 4581 Θεὸν
1760 4527 1821 4580 οὑ
1856 4528 1949 4580 καὶ
1999 4529 2066 4598 τῇ

2171 3333 2418 3404 μοχθηρά
2479 3326 3036 3398 ἐγκαταμεμιγμένα,
3093 3323 3192 3377 οὐκ
3241 3323 3399 3391 ὀλίγα
3447 3321 3504 3374 δὲ
3541 3318 3634 3372 καὶ
3677 3319 3748 3372 τὰ

2167 3425 2403 3495 χρηστά,
2441 3423 2512 3475 τὰ
2537 3420 2750 3492 χρηστά
2775 3417 2844 3488 δὴ
2870 3417 3047 3472 ταῦτα
3078 3415 3476 3484 ἀναλεγόμενος
3501 3411 3748 3483 φυλάττῃ

2165 3519 2234 3572 τὰ
2268 3515 2546 3587 μοχθηρά.

2243 3628 2262 3660 ι
2295 3611 2361 3662 El’
2391 3625 2443 3660 τι
2477 3607 2533 3660 δὲ
2569 3606 2664 3661 καὶ
2715 3605 2833 3658 ένια
2872 3602 2982 3656 τῶν
3017 3600 3355 3670 γιγνομένων
3392 3598 3520 3652 ἀνευ
3566 3595 3746 3648 αἰτίου

2167 3700 2456 3772 γίγνεσθαι
2489 3700 2660 3766 λέγει,
2692 3697 2754 3750 τὸ
2782 3697 2883 3767 μὲν
2915 3695 3089 3748 αἴτιον
3137 3691 3282 3745 κατὰ
3311 3692 3408 3760 τὴν
3436 3689 3753 3758 ὡρισμένην

2170 3795 2404 3855 ἔννοιαν,
2432 3793 2492 3847 τὸ
2517 3793 2574 3846 δέ
2605 3789 2887 3859 γίγνεσθαι
2913 3788 3052 3840 κατὰ
3075 3784 3174 3854 τὴν
3203 3782 3464 3852 ὁλοσχερῆ
3499 3782 3592 3834 καὶ
3625 3795 3756 3846 συγ-

2170 3886 2477 3958 κεχυμένην
2501 3884 2603 3956 ήδη
2636 3880 2927 3951 λαμϐάνει.
2970 3898 2990 3932 ι

2243 3981 2414 4033 Ὅταν
2458 3996 2512 4030 τι
2554 3975 2664 4028 τῶν
2710 3971 3118 4044 Ἀριστοτέλους
3145 3967 3559 4038 ὑπολαμϐλνῃς.
3590 3969 3757 4038 ἐχρῆν

2171 4090 2231 4126 σε
2264 4072 2514 4136 σκοπεῖν,
2557 4069 2653 4121 καὶ
2681 4067 2730 4119 εἰ
2764 4065 2843 4136 τῷ
2872 4061 3222 4133 ὑποκειμένῳ
3255 4060 3362 4130 ὅλῳ
3392 4061 3579 4130 χωρίῳ
3611 4076 3754 4126 συμο

2171 4166 2346 4219 ϐαίνει
2397 4181 2453 4217 τι
2511 4164 2545 4230 ἡ
2581 4161 2648 4230 σὴ
2680 4157 2972 4228 ὑπόληψις,
3005 4156 3095 4209 ἵνα
3127 4153 3202 4224 μὴ
3242 4155 3427 4207 εἰκαῖα
3461 4153 3635 4220 λέγων
3667 4151 3759 4205 καὶ

2168 4258 2283 4316 τοῖς
2305 4256 2484 4320 λόγοις
2511 4255 2626 4315 τοῖς
2660 4249 3046 4320 ὑποκειμένοις
3071 4247 3195 4299 κατ’
3224 4245 3378 4299 οὐδὲν
3409 4243 3761 4319 προσαρμότ-

2169 4363 2330 4402 τοντα
2367 4346 2709 4415 ἀσχημονῇς.
2753 4341 2912 4395 Οῦτω
2961 4339 3072 4408 γὰρ
3116 4336 3522 4407 Ἀριστοτέλους
3567 4335 3755 4402 λέγον-

2169 4456 2282 4501 τος,
2332 4455 2351 4486 ι
2381 4438 2619 4488 Ἀτοπον
2651 4431 2709 4485 δέ
2756 4431 2852 4485 καὶ
2902 4431 2962 4483 τὸ
3002 4430 3221 4496 γένεσιν
3252 4429 3426 4480 ποιεῖν
3461 4426 3645 4480 ἀῖδίων
3675 4424 3764 4478 ὅν-

2171 4549 2281 4584 των
2304 4530 2405 4600 (3),
2448 4547 2467 4580 ι
2505 4529 2570 4580 σὺ
2600 4526 2699 4595 τὴν
2728 4524 2944 4586 γένεσιν
2975 4522 3067 4576 ἐπὶ
3097 4520 3200 4587 τῆς
3231 4517 3488 4590 χρονικῆς
3512 4516 3764 4583 ὑπολαμ-

488 4625 706 4694 θεότητι
742 4625 1022 4694 ἐξαίρετον
1051 4623 1363 4693 τιθέμενος,
1403 4623 1596 4691 ὥσπερ
1629 4619 1858 4674 Πλάτων
1889 4635 1948 4671 τε
1973 4618 2070 4672 καὶ
2106 4606 2150 4661 Π
2180 4625 2359 4677 σάνων
2384 4621 2479 4674 καὶ
2500 4619 2560 4672 οὐ
2591 4617 2692 4688 τῆς
2723 4614 2844 4669 κατ’
2875 4614 3073 4678 αἰτίαν,
3095 4611 3366 4682 ἠλέγχθης
3397 4609 3474 4678 τῷ
3502 4608 3637 4677 πρὸς
3658 4608 3761 4674 τὴν

487 4719 536 4770 οί
563 4719 672 4770 ἀπὸ
701 4718 1058 4786 Ζωροάστρου
1109 4717 1334 4782 πάντες,
1367 4716 1502 4768 ἀλλὰ
1536 4713 1926 4784 παραπλησίας
1955 4713 2069 4774 τοῖς

488 4811 670 4873 ἄλλοις
701 4809 909 4870 οὐσίας,
942 4807 995 4859 εί
1019 4823 1085 4876 γε
1129 4807 1338 4869 πάντας
1371 4823 1431 4859 τε
1477 4803 1742 4867 ὡσαύτως
1779 4804 1978 4865 αὐτοὺς
2001 4801 2070 4855 δι’

490 4903 685 4966 αὐτοὺς
711 4902 870 4964 ὄντας
900 4903 1060 4963 ποιεῖ,
1089 4901 1342 4952 κάκεῖνον
1367 4897 1726 4968 ἀντιμερίτην
1747 4897 1861 4958 τοῖς
1891 4893 2072 4956 ἄλλοις

492 4994 550 5046 ἐν
575 4994 642 5062 τῇ
673 4991 780 5045 τῶν
816 4989 1065 5060 σφαιρῶν
1101 4989 1355 5058 διανομῇ,
1394 4987 1585 5041 ἔπειτα
1616 4987 1672 5039 δὲ
1704 4987 1800 5040 καὶ
1846 4984 1947 5054 τῆς
1978 4982 2071 5036 τοῦ

491 5085 724 5156 οὐρανοῦ
762 5084 949 5144 οὐσίας
987 5080 1110 5134 οὔτε
1142 5081 1333 5134 τοῦτον
1371 5079 1494 5133 οὐτε
1525 5081 1682 5135 ἄλλον
1711 5078 1902 5131 οὐδένα
1933 5075 2074 5128 θεῶν

493 5181 829 5248 δημιουργὸν
882 5177 1072 5243 ποιῶν,
1109 5175 1301 5246 ὥσπερ
1339 5176 1391 5228 οῖ
1433 5191 1491 5226 τε
1546 5175 1700 5242 σοφοὶ
1751 5175 1952 5234 πάντες
1985 5171 2078 5224 καὶ

495 5274 603 5330 τῶν
659 5274 884 5326 ἰδιωτῶν
935 5273 996 5326 τὸ
1031 5271 1312 5335 πλεῖστον,
1346 5274 1481 5340 πρὸς
1531 5269 1586 5322 δὲ
1638 5269 1879 5330 καὶτοῖς
1915 5265 2076 5332 φύσει

495 5368 840 5438 γιγνομένοις
892 5365 1108 5428 τούτοις
1157 5365 1352 5418 οὐδένα
1405 5363 1528 5416 νοῦν
1576 5363 1720 5414 θεῖον
1767 5360 1911 5414 κατά
1970 5357 2076 5410 τῶν

2179 4717 2308 4785 ὃλην
2336 4711 2594 4767 ὑπόθεσιν
2622 4711 2684 4761 οὐ
2723 4704 3024 4776 συμϐαῖνόν
3053 4721 3105 4756 τι
3137 4701 3320 4770 λέγειν
3343 4718 3360 4734 ο
3387 4700 3532 4753 οὕτω
3558 4699 3618 4751 τὸ
3644 4697 3766 4769 βου-

2179 4807 2434 4861 λεύεσθαι
2487 4803 2552 4856 σὺ
2597 4803 2688 4854 ἐπὶ¹
2727 4798 2823 4854 τοῦ
2858 4797 3075 4866 ἀγνοεῖν
3107 4795 3210 4864 μὲν
3241 4793 3426 4862 ζητεῖν
3458 4792 3516 4844 δὲ
3549 4792 3642 4843 καὶ
3672 4789 3768 4842 τοῦ

2181 4903 2315 4964 ὅλως
2363 4895 2678 4964 λογίζεσθαι
2739 4889 3144 4960 ὑπολαμϐάνων
3200 4885 3278 4957 τῷ
3323 4883 3654 4956 ἀναρμόστῳ
3702 4881 3768 4934 αῦ

2184 4991 2467 5048 κάνταῦθα
2514 4988 2652 5060 πρὸς
2686 4988 2776 5040 τόν
2809 4983 3170 5051 ὑποκείμενον
3206 4979 3366 5048 λόγον
3396 4975 3768 5048 ἐξελήλεγξαι.

2198 5085 2360 5138 Ἀλλά
2389 5081 2564 5135 ταῦτα
2597 5079 2695 5150 μέν
2717 5083 2818 5149 τήν
2853 5093 2912 5129 τε
2960 5076 3177 5143 γένεσιν
3206 5073 3269 5125 τό
3305 5088 3365 5124 τε
3418 5068 3775 5140 βουλεύεσθαι

2186 5181 2245 5231 ἐν
2271 5177 2382 5230 ἔθει
2406 5175 2535 5228 ὄντα
2563 5172 2658 5226 καὶ
2683 5170 2958 5240 πλεοναχῆ
2979 5167 3232 5235 λέγεσθαι
3255 5165 3408 5218 οὐδὲν
3429 5163 3774 5233 θαυμαστὸν,

2188 5274 2236 5326 εί
2275 5271 2348 5334 ὡς
2382 5267 2597 5338 ἐρμαίῳ
2631 5267 2695 5319 σὺ
2759 5261 3070 5335 περιτυχὼν
3117 5263 3182 5330 τῇ
3239 5257 3554 5328 ὁμωνυμίᾳ,
3621 5249 3653 5326 ᾖ
3709 5255 3774 5304 σὺ

2189 5364 2300 5435 ᾠου
2324 5362 2460 5433 πρὸς
2488 5361 2578 5412 τὸν
2609 5360 2767 5426 λόγον
2793 5375 2844 5408 τι
2869 5355 3252 5424 λυσιτελήσειν
3276 5348 3684 5417 ὑπελάμϐανες,
3713 5343 3775 5396 οὐ

496 5458 708 5528 ἀνδρῶν
733 5457 858 5520 τούς
889 5455 1338 5522 θεοσεϐεστέρους
1397 5451 1645 5519 ἐφιστὰς,
1677 5453 1706 5501 ό
1743 5450 1811 5502 τὰ
1852 5446 2081 5501 τοιαῦτα
2193 5454 2556 5526 συνεωρακὼς
2591 5453 2698 5505 ἀπὸ
2729 5451 3047 5512 ἀσυνεσίας,
3075 5447 3148 5508 ὼς
3193 5445 3272 5513 τῷ
3312 5458 3375 5509 γε
3407 5441 3469 5493 οὐ
3508 5435 3642 5505 πρὸς
3677 5437 3775 5504 τὴν

498 5553 712 5606 ἅπαντα
754 5551 926 5602 νοσῶν
983 5550 1100 5610 πῶς
1163 5548 1264 5600 οὐκ
1321 5548 1378 5608 ἐς
1432 5543 1698 5613 ἀθεότητα
1762 5539 2078 5595 ἀποκλίνων

497 5645 646 5714 ἐστί;
676 5644 783 5698 Καὶ
831 5646 932 5713 μὲν
968 5643 1034 5714 δὴ
1077 5644 1172 5698 καὶ
1201 5643 1299 5709 τὴν
1339 5641 1510 5710 τύχην
1540 5641 1638 5710 τῆς
1671 5654 1734 5707 γε
1765 5635 1915 5700 θείας
1950 5651 2082 5707 προ-

571 5853 650 5919 (I)
685 5849 847 5920 Phys.
886 5863 946 5913 ιι,
977 5842 1138 5920 3,78...

571 5909 648 5994 (2)
677 5923 750 5978 De
767 5909 897 5976 ἱρείο
929 5909 989 5987 ιι,
1017 5909 1088 5987 ί4;
1123 5913 1290 5986 Phys.
1324 5926 1388 5977 ιι,
1427 5909 1482 5966 5.

2192 5546 2561 5615 ὑποκειμένην
2595 5543 2952 5611 συμϐαίνοντι
2985 5538 3250 5590 ὑπτέθεσιν
3293 5533 3482 5601 ἀλώσῃ
3520 5525 3587 5581 αὖ
3623 5526 3776 5578 οὐδὲν

2194 5639 2346 5708 ὐγιές
2372 5635 2797 5706 ὑπολαμϐάνων.
2839 5631 3061 5686 Ἐνθάδε
3097 5646 3159 5695 γε
3194 5627 3300 5696 μὴν
3330 5624 3391 5676 τί)
3427 5621 3600 5676 αἴτιον
3623 5617 3777 5673 οὐδέ-

2268 5830 2345 5902 (3)
2370 5806 2611 5900 Melaph:
2645 5843 2763 5896 nu,
2795 5828 2864 5899 5;
2893 5825 2968 5882 De
2988 5825 3103 5880 εωί.
3139 5838 3203 5892 ιι,
3231 5823 3284 5877 5.
