4186 6290
353 275 365 286 ’
455 314 598 376 ιουν

1123 319 1428 382 CONTRA
1465 323 1892 384 SCHOLARII
1935 323 2494 385 DEFENSIONEM
2519 324 3050 383 Αιιιδί·ι›ἰ“ιῖι.,ιδ.

3588 320 3722 384 1010

518 429 632 482 Καὶ
665 431 725 482 ὲκ
771 431 962 486 τούτου
1011 435 1111 488 οὐκ
1141 436 1335 506 ἄδηλός
1368 439 1516 492 ἐστιν
1557 440 1938 509 Ἀριστοτέλης
1974 440 2036 493 οὐ
2065 445 2113 505 Α
2142 440 2447 508 λαγμένος;
2491 440 2694 509 Ἀρχὴν
2724 439 2780 492 δὲ
2822 441 2981 508 μόνον
3023 439 3198 503 καλεῖ,
3237 439 3450 506 κινήσει
3484 436 3547 506 δὴ
3585 437 3722 506 μᾶλ-

445 519 780 591 δημιουργὸν
814 525 906 578 τοῦ
941 528 1171 596 οὐρανοῦ
1211 531 1304 582 τὸν
1328 531 1460 582 Θεὸν
1491 533 1752 600 νομίζων,
1787 534 1840 586 εἷ’
1865 550 1929 601 γε
1970 533 2030 587 οὐ

445 613 507 666 τὸ
538 615 727 668 ποιοῦν
768 634 905 687 φησι
944 619 1043 686 τῆς
1075 621 1133 673 ὲν
1164 625 1278 684 τοῖς
1307 623 1632 692 πράγμασιν
1661 626 1916 695 ἑνότητος
1949 627 2036 678 at—

447 723 588 773 τιον,
623 705 758 762 ἀλλά
780 709 843 763 τὸ
881 710 1083 766 κινοῦν.
1131 711 1272 781 Ὀρῶ
1302 715 1402 784 μὲν
1430 717 1620 786 γὰρέν
1651 717 1876 783 ἅπασιν,
1905 717 2034 771 ἔνθα

446 796 510 867 δὴ
533 799 721 868 ἕτερον
752 801 849 870 μὲν
880 802 939 854 τὸ
966 803 1179 869 ποιοῦν,
1201 806 1390 876 ἕτερον
1415 807 1472 861 δὲ
1495 809 1553 860 τὸ
1577 808 1786 874 κινοῦν,
1804 810 1865 862 οὐ
1885 811 1944 865 τό
1970 828 2033 878 γε

447 886 634 942 κινοῦν
663 889 838 944 αἴτιον
861 892 1040 945 αἶιτῶν
1069 893 1128 946 ὃν
1154 895 1252 963 τῆς
1275 897 1549 968 ἑνότητος,
1573 899 1708 952 ἀλλά
1730 901 1792 955 τὸ
1820 903 2032 958 ποιοῦν.

448 980 562 1047 Τῆς
599 972 857 1050 γοῧν’τῆς
886 985 1105 1055 ἀμάξης
1151 987 1403 1058 ἑνότητος
1455 990 1553 1061 οὐχ
1607 993 1634 1044 ὁ
1681 993 1850 1047 κινῶν
1885 994 2034 1063 βοῦς,

447 1072 564 1124 ἀλλ’
613 1075 641 1126 ὀ
683 1074 1043 1146 ἁμαξοπηγὸς
1083 1081 1274 1145 αἴτιος,
1305 1083 1406 1150 τῆς
1437 1083 1572 1142 νεὼς
1613 1086 1710 1155 οὐχ
1752 1089 1779 1139 ὁ
1815 1087 2031 1156 ἐρέτης,

448 1162 565 1216 ἀλλ’
592 1167 619 1218 ὁ
651 1169 930 1234 ναυπηγός
952 1185 966 1200 ο
997 1169 1138 1224 ὥστε
1177 1175 1292 1238 καὶ,
1324 1174 1379 1226 εί
1409 1191 1459 1226 τι
1483 1177 1566 1246 εἴη
1602 1176 1664 1228 τὸ
1689 1178 1820 1230 αὐτὸ
1847 1178 2035 1231 ποιοῦν

450 1273 508 1308 τε
546 1257 724 1311 ὁτιοῦν
757 1261 852 1313 καὶ
883 1262 1065 1316 κινοῦν
1097 1265 1212 1333 ἅμα
1258 1266 1412 1332 αὐτὸ,
1454 1268 1515 1320 οὐ
1551 1268 1725 1338 δήπου
1760 1265 1795 1346 ᾖ
1847 1271 2034 1324 κινοῦν

450 1349 624 1402 αἴτιον
656 1352 724 1407 ἂν
745 1354 892 1406 αὐτὸ
931 1356 1020 1426 εἴη
1064 1358 1166 1426 τῆς
1200 1359 1473 1431 ἐνότητος,
1506 1357 1681 1437 ἀλλ’ᾖ
1723 1365 1935 1418 ποιοῦν.
1971 1367 2033 1419 Εἰ

451 1440 545 1494 οὐν
574 1442 692 1513 ᾔδει
721 1444 751 1496 ὸ
791 1445 1173 1520 Ἀριστοτέλης
1211 1449 1303 1504 τὸν
1332 1451 1466 1505 Θεὸν
1489 1453 1608 1522 ἅμα
1641 1456 1742 1524 μὲν
1778 1456 2037 1511 ποιοῦντα

449 1535 520 1588 τὰ
550 1536 670 1589 κατ’
687 1539 936 1607 οὐρανὸν,
980 1543 1095 1609 ἃμα
1133 1543 1191 1596 δὲ
1219 1546 1493 1607 κινοῦντα,
1523 1549 1622 1602 οὐκ
1667 1549 1734 1602 ἂν
1759 1549 1822 1602 τὸ
1853 1549 2037 1604 κινοῦν

455 1624 662 1692 ἔφασκε
717 1629 818 1700 τῆς
866 1632 1119 1704 ἑνότητός
1167 1631 1307 1690 εἶναι
1337 1639 1512 1693 αττιον
1543 1642 1653 1699 τοῖς
1685 1637 1859 1708 οὖσιν,
1899 1643 2039 1696 ἀλλά

454 1719 514 1771 τὸ
550 1721 757 1786 ποιοῦν,
789 1723 866 1787 ὡς
898 1727 995 1795 τὴν
1037 1728 1254 1799 ποίησιν
1293 1732 1430 1784 πολύ
1479 1736 1830 1804 κυριωτέραν
1871 1731 2038 1789 οὖσαν

2132 532 2223 584 λον
2283 535 2376 587 καὶ
2429 535 2699 604 ἡγεμονία
2756 533 3040 602 προσῆκον
3083 532 3252 600 ὄνομα
3304 529 3720 600 ἢδημιουργία,

2135 627 2229 680 καὶ
2265 629 2444 697 ἀρχὴν
2477 628 2722 697 πρώτην.
2775 625 2932 681 Ἐπεὶ
2977 627 3088 696 γὰρ
3121 625 3272 696 αὐτῷ
3317 625 3532 687 πλείους
3559 625 3724 693 ἀρχαὶ

2134 721 2391 777 δοκοῦσιν
2423 717 2584 787 εἶναι,
2615 719 2690 776 ὧν
2722 723 2876 775 οὐδὲν
2900 723 3089 789 ἕτερον
3119 723 3304 774 ἀϊδίων
3333 721 3508 773 οὐσῶν
3530 719 3588 773 τὸ
3620 738 3724 772 πα-

2138 813 2248 865 σῶν
2284 812 2394 866 τῶν
2427 813 2605 866 ἀλλων
2635 813 2939 884 ἡγούμενον
2971 813 3179 883 ἀρχῶν,
3206 813 3457 880 καθάπερ
3490 828 3724 882 στρατη-

2134 908 2252 974 γὸν,
2281 906 2357 968 ὡς
2394 906 2556 968 αὐτός
2589 922 2744 976 φησι,
2777 905 3212 974 στρατεύματος,
3243 905 3466 965 εἰκότως
3497 905 3590 954 καὶ
3623 903 3725 971 ἁρ-

2134 999 2238 1069 χὴν
2287 998 2514 1068 πρώτην
2551 998 2712 1051 καλεῖ
2739 995 2836 1066 τὴν
2863 987 2980 1058 ταῖς
3010 995 3198 1057 ἄλλαις
3235 995 3300 1064 δὴ
3329 994 3568 1054 ἀπάσαις
3605 995 3722 1044 ἐπι-

2134 1091 2537 1162 τάττουσανβ)
2563 1107 2579 1123 ·
2615 1091 2680 1144 σὺ
2717 1090 2816 1158 τὴν
2864 1089 3103 1158 σφαῖραν
3132 1087 3288 1154 τήνδε
3330 1087 3490 1146 κίνει,
3526 1088 3589 1139 σὺ
3630 1084 3724 1138 ὑπ’

2137 1179 2350 1233 ἐκείνου
2403 1177 2499 1233 τοῦ
2530 1178 2815 1248 κινητικοῦ
2851 1177 3028 1240 κινοῦ,
3065 1178 3129 1229 σύ
3169 1177 3276 1229 ὐπὸ
3311 1173 3486 1237 τοῦδε,
3521 1174 3586 1226 σὺ
3631 1170 3724 1226 ὐπ’

2137 1273 2263 1340 ἐμοὶ
2297 1270 2511 1336 τέταξο,
2558 1272 2616 1324 σὲ
2651 1271 2761 1338 ἐγὼ
2791 1271 3002 1338 κινήσω
3023 1286 3038 1301 ⁶
3071 1268 3429 1337 ἀντιμερίτην
3477 1267 3583 1335 γὰρ
3611 1266 3726 1325 τοῖς

2137 1364 2321 1428 ἄλλοις
2346 1365 2438 1417 τὸν
2473 1365 2728 1433 μέγιστον
2775 1361 2926 1433 αὐτῷ
2968 1361 3103 1414 Θεὸν
3140 1357 3519 1432 Ἀριστοτέλης
3559 1357 3726 1419 ποιεῖ,

2137 1456 2342 1524 ἥκιστα
2381 1455 2446 1523 δὴ
2479 1453 2596 1523 Θεῷ
2632 1455 2852 1506 πάντων
2885 1452 3100 1522 βασιλεῖ
3131 1450 3339 1518 πρέπον
3368 1444 3428 1502 τὸ
3457 1446 3723 1513 τοιοῦτον,

2137 1547 2198 1600 ὃν
2251 1547 2358 1617 χρὴ
2410 1547 2554 1600 κατά
2596 1562 2651 1598 τε
2695 1545 3061 1615 Ζωροάστρην
3105 1543 3199 1596 καὶ
3250 1542 3515 1594 Πλάτωνα
3565 1537 3726 1592 αὐτὸν

2140 1639 2419 1711 ἐξαίρετόν
2467 1657 2528 1692 τε
2570 1633 2834 1692 εἶναικαὶ
2868 1637 3008 1700 θεοῖς
3038 1638 3151 1699 τοῖς
3186 1633 3367 1695 ἄλλοις
3413 1631 3515 1685 οὐκ
3551 1632 3729 1698 ἐναρι-

2143 1732 2382 1801 ρίθμιον.
2407 1732 2485 1784 ’Ὃ
2532 1729 2595 1801 δὴ
2631 1731 2696 1784 σὺ
2733 1731 2839 1800 φῂς
2869 1728 3103 1799 χαλεπὸν
3133 1724 3273 1780 εἶναι
3312 1725 3441 1792 περὶ
3487 1721 3730 1790 Ἀριστο-

454 1811 554 1878 τῆς
580 1815 637 1865 ὲν
662 1816 774 1879 τοῖς
805 1817 1130 1888 πράγμασιν
1164 1821 1416 1890 ἑνότητος
1446 1824 1478 1894 ἢ
1510 1825 1608 1896 τὴν
1655 1828 1874 1896 κίνησιν
1897 1847 1912 1859 ·
1939 1829 2038 1882 νῦν
2072 1842 2111 1894 Β
2137 1825 2320 1886 τέλους
2382 1823 2698 1888 πιστεῦσαι,
2741 1822 2858 1884 πῶς
2901 1821 3139 1891 χαλεπὸν
3191 1819 3252 1871 οὐ
3303 1815 3508 1887 μᾶλλον
3560 1815 3593 1878 ἢ
3636 1814 3732 1867 καὶ

455 1907 500 1958 δ’
533 1907 627 1960 ἀτε
657 1909 758 1960 οὐκ
783 1910 939 1973 εἰδὼς
968 1910 1060 1965 τὸν
1093 1913 1225 1967 Θεὸν
1259 1918 1394 1982 πρὸς
1421 1918 1482 1970 τὸ
1509 1921 1678 1972 κινεῖν
1708 1921 1802 1973 καὶ
1825 1921 2042 1975 ποιοῦν-

455 2015 521 2050 τα
557 1998 625 2052 τὰ
661 2001 782 2053 κατ’
809 2004 1062 2072 οὐρανὸν,
1097 2004 1188 2058 ὐπ’
1224 2008 1457 2075 ἀπορίας
1505 2009 1599 2062 τοῦ
1644 2012 1932 2079 ποιητικοῦ
1961 2016 2042 2067 αί-

455 2091 574 2142 τίου
607 2091 686 2162 τῷ
711 2095 951 2148 κινοῦντι
997 2099 1053 2161 ἐς
1086 2099 1184 2168 τὴν
1206 2099 1315 2151 τῶν
1344 2101 1514 2153 ὄντων
1554 2103 1754 2172 χρῆται
1792 2106 2042 2176 ἑνότητα.

459 2182 534 2236 Οὐ
561 2182 659 2253 μὲν
689 2185 774 2256 δὴ.
798 2187 910 2241 οὐδ’
934 2190 984 2240 εἰ
1015 2189 1112 2242 καὶ
1136 2190 1197 2244 τὸ
1219 2191 1278 2243 ὃν
1304 2209 1362 2242 τε
1390 2194 1483 2246 καὶ
1515 2192 1572 2246 ἓν
1601 2195 1693 2248 καί
1719 2194 1922 2264 ἀγαθὸν
1951 2199 2046 2252 ἀν·

458 2277 774 2346 τιστρέφειν
835 2280 1001 2349 φησὶν
1043 2281 1444 2354 Ἀριστοτέλης,
1477 2285 1688 2354 ἀνάγκη
1752 2287 1900 2356 αὐτιῖ)
1947 2288 2048 2357 φά-

461 2385 646 2423 σκοντι
675 2370 777 2438 τῆς
806 2372 1061 2442 ὲνότητος
1093 2377 1203 2438 τοῖς
1232 2374 1354 2430 οὖσι
1379 2377 1473 2431 τὸν
1499 2376 1632 2430 Θεὸν
1663 2376 1740 2447 (Ι)
1770 2377 1932 2442 εἶναι,
1960 2397 2047 2430 νο-

466 2462 645 2530 μίζειν
674 2463 738 2533 δὴ
770 2465 982 2534 καὶτῆς
1011 2466 1222 2530 οὐσίας,
1259 2469 1417 2537 εἰπερ
1451 2469 1585 2538 μηδὲ
1615 2469 1843 2538 βασιλέα
1874 2469 1974 2540 (2),
2005 2463 2050 2538 ᾧ

467 2555 702 2623 μάλιστα
737 2557 834 2610 καὶ
865 2559 1160 2629 στρατηγῷ
1190 2561 1400 2623 εἰκάζει
1434 2561 1524 2616 τὸν
1562 2561 1714 2627 Θεὸν,
1746 2562 1958 2616 πολλῶν
1989 2581 2047 2615 τε

464 2647 637 2700 ἐθνῶν
666 2649 905 2718 ἄρχοντα
948 2651 1040 2704 καὶ
1071 2653 1238 2706 πᾶσιν
1263 2653 1451 2718 αὐτοῖς
1483 2654 1716 2726 ὲνότητά
1745 2671 1805 2707 τε
1830 2655 1896 2709 δι’
1920 2657 2052 2724 cum-

467 2741 984 2810 νοίας-ὲμποιοῦντα
1016 2745 1110 2799 καὶ
1144 2747 1500 2817 εὐδαιμονίαν
1546 2753 1876 2820 παρασκευῇ
1913 2750 2052 2818 ἀγα·

468 2830 598 2896 θῶν,
629 2834 873 2900 οἰήσεται
901 2838 994 2889 καὶ
1020 2839 1118 2907 τῆς
1147 2837 1338 2898 οὐσίας
1369 2838 1554 2903 αὐτοῖς
1580 2842 1754 2894 αἴτιον
1780 2836 1919 2894 εἶναι
1947 2856 1961 2870 ο
1993 2841 2052 2893 ὃν

466 2925 640 2994 ἡγοῖτ’
677 2927 745 2982 ἂν
797 2928 975 2993 ἄλλως
1029 2930 1357 3001 εὑρημένοις
1404 2947 1462 2985 τε
1502 2933 1596 2985 καὶ
1638 2931 1790 2986 οὖσιν
1842 2934 2054 2987 ἔθνεσιν

464 3020 758 3073 ἐπιστάντα
783 3023 948 3075 αὐτὸν
977 3022 1044 3076 δι’
1069 3026 1278 3078 οἰκείαν
1305 3025 1506 3094 ἀρετήν
1535 3042 1596 3078 τε
1630 3027 1724 3080 καὶ
1753 3026 1848 3080 τοῦ
1877 3027 1951 3090 ὡς
1974 3028 2057 3081 δεῖ

468 3111 778 3181 βασιλεύειν
836 3115 1149 3184 ἐπιστήμην
1197 3117 1297 3184 τήν
1348 3132 1409 3168 τε
1444 3116 1698 3185 ὁμόνοιαν
1723 3121 1910 3194 ριύτοῖς
1960 3122 2053 3173 καὶ
2081 3145 2124 3197 C
2162 3116 2336 3182 ρεῖται
2369 3114 2546 3180 τάξις,

467 3202 821 3269 εὐδαιμονίαν
852 3207 1184 3274 περιποιεῖν.

545 3312 566 3347 ι
593 3295 846 3349 Χαλεπὸν
876 3297 933 3350 δέ
975 3300 1092 3352 ἐστι
1124 3299 1428 3362 πιστεύειν,
1467 3303 1549 3354 ὅτι
1579 3301 1648 3354 τὰ
1690 3302 1791 3370 μὲν
1827 3301 2054 3371 οὐράνια

467 3384 702 3456 σώματα
764 3387 838 3455 μὴ
900 3386 1061 3457 μόνον
1117 3389 1406 3459 κινήσεως,
1440 3390 1578 3442 ἀλλά
1639 3391 1733 3444 καὶ
1784 3389 1878 3442 τοῦ
1909 3385 2052 3442 εἶναι

466 3477 579 3540 τοῖς
614 3476 794 3541 ἄλλοις
823 3478 970 3532 αἴτια
998 3480 1191 3549 φρονεῖ
1246 3479 1697 3549 μεταϐαλλόντων
1759 3480 1834 3551 μὴ
1891 3496 2055 3551 μετα-

468 3567 758 3634 ϐάλλοντα,
783 3569 846 3621 τὸ
897 3569 955 3623 δὲ
989 3569 1055 3624 τὰ
1083 3569 1316 3642 οὐράνια
1359 3570 1591 3641 σώματα
1647 3572 1832 3626 κινοῦν
1881 3573 2054 3626 αίτιον

472 3661 636 3732 μόνον
666 3661 760 3716 τοῦ
791 3663 1059 3717 κινεῖσθαι
1085 3663 1223 3718 αὐτά
1251 3664 1632 3732 ἀποφαίνοιτο.
1671 3684 1690 3715 ι

539 3749 863 3804 Τούναντίον
908 3752 1006 3820 μὲν
1062 3751 1158 3805 οὖν
1205 3752 1341 3806 πολὺ
1392 3753 1776 3824 χαλεπώτερόν
1817 3758 1934 3808 ἐστι
1967 3773 2055 3808 πι-

473 3843 716 3909 στεῦσαι,
756 3843 829 3906 ὼς
874 3844 1114 3913 νομίζων
1154 3845 1532 3916 Ἀριστοτέλης
1578 3847 1912 3917 δημιουργὸν
1963 3851 2056 3900 τὸν

470 3937 602 3990 Θεὸν
654 3935 751 3990 τοῦ
811 3938 1047 4007 οὐρανοῦ
1106 3938 1299 3992 ἔπειτα
1347 3939 1586 4009 οὐδαμοῦ
1632 3941 1879 4010 ἐμνήσθη
1907 3954 1920 3969 ·
1965 3942 2057 3992 καὶ

472 4029 648 4085 ταῦτα
697 4030 973 4100 πολλαχοῦ
1013 4029 1124 4084 τῶν
1176 4032 1351 4098 λόγων
1392 4031 1613 4100 δεῆσαν,
1664 4033 1809 4100 εἴγε
1839 4032 2057 4100 ἐνόμιζε

475 4123 804 4194 μνησθῆναι.
851 4124 1012 4178 Ἀλλά
1038 4124 1197 4177 τοῦτο
1230 4124 1330 4192 μὲν
1357 4123 1619 4192 τοῦνομα,
1645 4125 1719 4188 ὥς
1744 4141 1802 4192 γε
1835 4126 1899 4178 σύ
1926 4124 2001 4196 φῄ
2014 4142 2054 4189 ς,

473 4215 1109 4291 ἀπεδοκίμασεκκαίπερ
1143 4216 1380 4285 χαλεπὸν
1412 4215 1472 4270 ὃν
1503 4233 1587 4270 σοι
1620 4217 1914 4270 πιστεῦσαί
1948 4234 2055 4282 πω,

472 4303 713 4374 τοῦνομα
747 4306 929 4373 μόνον,
957 4307 1018 4360 οὐ
1045 4308 1141 4360 καὶ
1175 4307 1274 4376 τὴν
1299 4306 1567 4378 ὀνόματος
1597 4307 1838 4360 διάνοιαν
1866 4307 2060 4360 ἀπεδο-

477 4398 730 4466 κίμασεν,
760 4390 808 4465 ᾧ
840 4399 1066 4453 Πλάτων
1099 4399 1366 4469 κέχρηται
1407 4397 1664 4466 ὀνόματι,
1698 4397 1838 4450 πολὺ
1890 4395 2060 4451 αὐτοῦ

2149 1913 2444 1979 ἀναγκαῖον
2497 1911 2624 1981 περὶ
2679 1910 2773 1964 τοῦ
2828 1911 2892 1964 οὐ
2946 1910 3160 1977 γένεσιν
3203 1906 3345 1962 εἶναι
3398 1906 3507 1960 τῶν
3546 1905 3734 1958 ἀϊδίων

2147 2003 2428 2070 ἀξιοῦντος
2462 2003 2540 2074 (4)
2569 2019 2584 2068 ;

2222 2115 2239 2148 ι
2284 2096 2352 2149 Εἴ
2379 2115 2442 2164 γε
2493 2099 2550 2150 ὲν
2596 2097 2842 2167 δευτέρῳ
2871 2094 2952 2166 τῷ
2999 2096 3252 2166 περὶτοῦ
3297 2095 3532 2167 οὐρανοῦ
3569 2095 3735 2166 μηδὲν

2146 2191 2220 2254 ὡς
2267 2192 2428 2260 ἔτυχε
2463 2189 2598 2261 μηδὲ
2659 2190 2768 2244 ἀπὸ
2806 2188 3149 2260 ταυτομάτου
3195 2189 3506 2260 ἐνδέχεσθαι
3543 2195 3599 2243 ὲν
3623 2193 3735 2253 τοῖς

2147 2283 2344 2346 ἀϊδίοις
2376 2279 2519 2337 εἷναί
2551 2299 2738 2353 φησιν,
2771 2282 2909 2337 ἀλλὰ
2940 2282 3031 2336 διά
3056 2300 3180 2336 τινα
3217 2284 3400 2338 αἰτίαν
3429 2283 3528 2351 (5').
3566 2303 3584 2333 ι

2221 2376 2544 2447 Αὐτόματον
2589 2375 3002 2447 Ἀριστοτέλης,
3042 2373 3071 2428 ὃ
3105 2375 3172 2429 ἂν
3208 2375 3282 2444 μὴ
3318 2375 3485 2430 ἕνεκά
3522 2394 3617 2432 του
3653 2382 3734 2447 γί-

2149 2484 2344 2538 γνηται
2372 2467 2403 2538 ἢ
2436 2465 2494 2540 ᾗ,
2529 2467 2767 2537 μάλιστα
2796 2466 2975 2529 καλεῖ,
3006 2465 3085 2534 τῷ
3119 2465 3216 2518 τοῦ
3245 2465 3516 2536 ὀνόματος
3555 2467 3739 2536 ἐτύμῳ

2151 2561 2250 2616 καὶ
2287 2559 2387 2630 τὴν
2414 2560 2664 2614 ’διάνοιαν
2699 2559 3032 2630 συμϐάλλων
3059 2576 3075 2592 ·
3107 2553 3182 2613 ὧν
3215 2560 3347 2630 γὰρ,
3403 2563 3558 2630 φησι,
3590 2562 3740 2628 δηλοί

2151 2654 2247 2708 καὶ
2278 2651 2543 2724 τούνομα,
2594 2652 2729 2706 ὅταν
2769 2653 2903 2706 αὐτὸ
2952 2651 3134 2723 μάτην
3167 2653 3450 2721 γίγνηται.
3495 2653 3616 2706 ’Ἀτ’
3646 2650 3741 2707 οὖν

2152 2745 2247 2796 καὶ
2301 2744 2465 2807 αὐτὸς
2505 2744 2573 2796 τά
2617 2742 2763 2795 ἀΐδια
2816 2742 2983 2796 ἕνεκά
3036 2758 3132 2794 του
3190 2743 3283 2795 καὶ
3325 2743 3595 2795 κινεῖσθαι
3645 2747 3742 2798 καὶ

2151 2836 2412 2906 τετάχθαι
2443 2836 2728 2906 τιθέμενος
2759 2834 2989 2899 είκότως
3048 2835 3144 2888 καὶ
3175 2835 3236 2888 τὸ
3278 2836 3586 2904 αὐτῦματον
3631 2835 3740 2887 τῶν

2154 2929 2261 2983 ἀῖὸἷ
2268 2949 2344 2980 ων
2374 2929 2603 2994 ἀπαξιοῖ

2232 3041 2250 3072 ι
2287 3019 2349 3074 Εἰ
2381 3020 2513 3090 γοῦν
2542 3023 2642 3090 τῆς
2673 3021 2901 3090 πρώτης
2931 3020 3112 3090 ἀρχῆς
3147 3019 3562 3090 ἀναιρουμένης
3585 3023 3742 3073 ἀναι-

2598 3113 2809 3176 τάξεως
2861 3113 2917 3166 δὲ
2967 3113 3375 3182 ἀναιρουμένης
3435 3113 3744 3180 ἀναιρεῖται

2159 3208 2397 3274 γένεσις,
2425 3206 2524 3274 τῆς
2577 3207 2807 3275 πρώτης
2840 3206 3020 3275 ἀρχῆς
3071 3207 3476 3276 ἀναιρουμένης
3507 3206 3747 3273 ἀναιρεῖ-

2159 3318 2250 3351 ται
2285 3299 2521 3366 γένεσις·
2556 3296 2755 3351 οὐκοῦν
2793 3297 2893 3365 τὴν
2938 3295 3164 3366 πρώτην
3212 3297 3408 3365 ἀρχὴν,
3442 3297 3510 3366 ἢν
3551 3296 3745 3364 νοεράν

2161 3391 2251 3440 καὶ
2283 3389 2448 3443 ἀῦλον
2480 3387 2684 3456 τίθησι,
2722 3386 2815 3438 καὶ
2845 3385 3056 3449 τάξεως
3089 3386 3147 3437 ὲν
3175 3387 3308 3439 πᾶσι
3352 3388 3466 3448 τοῖς
3494 3385 3612 3438 οὐσι
3649 3389 3748 3441 καὶ

2162 3480 2435 3547 γενέσεως
2481 3480 2540 3530 ὲν
2588 3479 2702 3539 τοῖς
2758 3474 3108 3544 γιγνομένοις
3163 3479 3257 3530 καὶ
3316 3477 3424 3529 τῶν
3477 3479 3748 3546 οὐρανίων

2163 3573 2417 3626 ἁπάντων
2465 3570 2641 3640 ἀρχὴν
2683 3568 3073 3634 ἀποφαίνεται,
3109 3570 3202 3621 καὶ
3231 3569 3440 3639 διήκειν
3471 3570 3530 3622 τὸ
3560 3573 3745 3623 αἰτιῶ-

2161 3666 2250 3727 δες
2279 3664 2372 3717 καί
2404 3662 2636 3734 ἀρχικὸν
2665 3661 2835 3730 αὐτῆς
2862 3661 2970 3713 ἀπὸ
2999 3661 3108 3712 τῶν
3137 3661 3409 3729 οὐρανίων
3443 3663 3537 3714 ἐπὶ
3565 3663 3748 3716 πάντα

2162 3757 2231 3810 τὰ
2261 3755 2525 3823 γινόμενα
2559 3756 2655 3808 καὶ
2690 3753 3046 3822 φθειρόμενα,
3081 3751 3224 3806 ὥστε
3261 3754 3355 3806 καὶ
3424 3755 3630 3823 ταύτης
3670 3756 3746 3825 μὴ

2164 3848 2331 3916 οὔσης
2367 3849 2432 3902 ἂν
2462 3846 2587 3917 μηδ’
2612 3846 2678 3898 ἂν
2714 3847 2901 3897 ἐκεῖνα
2932 3844 3112 3897 πάντα
3138 3844 3404 3899 δύνασθαι
3426 3841 3566 3898 εἶναι
3593 3845 3693 3915 (7).
3727 3867 3744 3896 ι

2237 3941 2373 3993 Οὐδὲ
2397 3940 2626 4002 ταύταις
2673 3921 3080 4004 Ἀριστοτέλους
3111 3939 3234 4000 ταῖς
3269 3940 3475 4008 φωναῖς
3517 3938 3748 4009 αἰσθάνῃ

2168 4032 2330 4094 αὐτὸς
2362 4032 2438 4084 ῶν
2494 4033 2522 4084 ὁ
2569 4028 2978 4098 ἐλεγχόμενοςς
3030 4027 3132 4080 οὐκ
3178 4028 3399 4091 ἀκούεις
3450 4028 3751 4098 φάσκοντος

2166 4126 2265 4194 τῆς
2299 4123 2476 4194 ἀρχῆς
2506 4123 2914 4193 ἀναιρουμένης
2950 4121 3298 4192 ἀναιρεῖσθαι
3333 4119 3512 4186 τάξιν,
3539 4121 3750 4187 τάξεως

2167 4217 2222 4269 δὲ
2271 4216 2680 4285 ἀναιρουμένης
2716 4215 2932 4284 γένεσιν
2961 4231 2975 4279 ;
3007 4214 3084 4278 ὡς
3108 4214 3213 4284 μὲν
3260 4213 3354 4268 οὐν
3384 4214 3454 4266 τὰ
3486 4213 3585 4284 μὲν
3631 4214 3752 4266 κατ’

2167 4307 2330 4362 αὐτὸν
2364 4309 2457 4359 τὸν
2490 4307 2725 4377 οὐρανὸν
2759 4307 2855 4358 καὶ
2886 4305 2986 4368 τὰς
3013 4307 3136 4358 κατ’
3169 4305 3334 4357 αὐτὸν
3381 4307 3620 4375 σφαίρας
3656 4311 3755 4357 καὶ

2167 4401 2267 4468 τῆς
2313 4398 2487 4469 ἀρχῆς
2521 4398 2947 4467 ἀναιρουμένης.
2981 4398 3094 4467 Τῆς
3140 4398 3196 4451 δὲ
3243 4399 3456 4462 τάξεως
3505 4401 3675 4468 μόνης
3704 4402 3754 4452 εἰ

487 4489 942 4562 Ἑλληνικώτερος
964 4491 1039 4544 ὣν
1063 4492 1159 4545 καὶ
1182 4493 1281 4561 τὴν
1305 4489 1450 4556 λέξιν
1472 4490 1883 4560 ἀκριϐέστερος.
1920 4489 2060 4542 Ἀλλ’
2089 4497 2142 4558 ι)
2166 4491 2284 4560 δοίη
2325 4489 2708 4558 Ἀριστοτέλης
2751 4490 2845 4541 τὸν
2889 4487 3025 4540 Θεὸν
3081 4489 3254 4540 αίτιον
3287 4488 3424 4551 ὅλως
3453 4488 3553 4556 τῆς
3581 4491 3748 4559 οὐρα-

475 4583 618 4637 ἔστω
668 4583 830 4638 τοῦτο
887 4586 986 4655 μὲν
1018 4583 1262 4656 τοῦνομα
1331 4584 1470 4639 κατᾶ
1525 4586 1586 4637 σὲ
1624 4583 2061 4651 ἀποδοκιμάσας.

489 4676 754 4746 Ὠνόμασε
786 4677 843 4731 δέ
877 4693 984 4730 που
1016 4683 1268 4749 ποιητὴν,
1305 4668 1350 4745 ᾧ
1383 4677 1476 4730 καὶ
1513 4675 1662 4745 αὐτῷ
1698 4674 1925 4728 Πλάτων
1970 4675 2059 4727 ὲπί

476 4770 570 4823 τοῦ
595 4768 732 4824 Θεοῦ
759 4769 951 4824 τούτου
979 4770 1242 4842 κέχρηται
1269 4770 1519 4838 ὀνόματι,
1549 4769 1644 4822 καὶ
1677 4767 1741 4821 σύ
1772 4784 1874 4820 που
1906 4765 2064 4820 τοῦτο

474 4867 568 4919 τοῦ
612 4864 949 4936 ἑημιουργοῦ
986 4863 1247 4933 ὀνόματος
1279 4863 1487 4932 μάλλον
1531 4861 1886 4930 δοκιμάζειςς
1932 4858 2064 4912 ὠνό-

479 4976 619 5027 μασε
650 4959 883 5029 πατέρα,
904 4955 1094 5026 ὥσπερ
1119 4956 1400 5010 καὶτοῦτο
1430 4955 1652 5009 Πλάτων
1685 4971 1743 5005 τε
1773 4953 1938 5014 αὐτὸς
1969 4951 2066 5004 καὶ

475 5053 523 5104 οἱ
555 5051 666 5105 ἀπὸ
696 5050 1057 5120 Ζωροάστρου
1108 5049 1200 5100 τὸν
1243 5048 1406 5102 αὐτὸν
1453 5049 1588 5100 Θεὸν
1636 5047 1928 5110 καλοῖσινς
1979 5044 2067 5098 ἵνα

474 5144 545 5196 τὰ
573 5143 708 5196 ἄλλα
739 5142 886 5212 ἀφῶ,
915 5137 1037 5195 εἰπέ
1067 5157 1168 5194 που
1211 5140 1430 5211 πρῶτον
1462 5140 1634 5194 αἴτιον
1667 5139 1775 5191 τῶν
1803 5139 1993 5202 ὄντων,

476 5235 620 5302 λέξει
651 5234 761 5287 οὐδ’
779 5234 844 5288 ἂν
869 5235 896 5286 ὁ
918 5233 1124 5302 Μῶμος
1152 5232 1276 5304 ἔσχε
1312 5248 1364 5284 τι
1391 5231 1718 5302 μέμψασθαι
1743 5247 1757 5295 ;
1792 5231 1853 5283 οὐ
1887 5233 2068 5283 πᾶσαν

485 5328 583 5396 μὲν
618 5327 825 5398 φωνὴν,
927 5325 993 5380 ἂν
1025 5325 1182 5395 δῆλος
1213 5325 1462 5394 ἐγίγνετο
1492 5326 1664 5378 αἴτιον
1696 5325 1797 5394 τῆς
1829 5321 2064 5392 οὐρανοῦ

479 5421 666 5484 οὐσίας
707 5423 799 5472 τὸν
829 5419 963 5472 Θεὸν
1003 5417 1264 5486 νομίζων,
1294 5416 1552 5486 ἐπίτηδες
1588 5418 1837 5484 φαίνεται
1884 5431 2061 5484 πεφυ-

551 5574 794 5647 (I)Forl.
821 5577 944 5631 add.
967 5575 1140 5629 αἴτιον
1157 5575 1237 5627 νιιΙ
1263 5575 1567 5646 ποιητικόν.

553 5650 630 5715 (‘2)
663 5647 820 5700 (lonf.
855 5647 1024 5702 Arist.
1064 5664 1136 5713 λι,
1177 5647 1259 5701 10.

553 5719 628 5784 (5)
660 5717 898 5785 Mclaph,
927 5733 998 5780 ιιι,
1035 5718 1117 5772 10.

556 5790 634 5861 μ)
665 5787 896 5858 Mclaph.
942 5805 1058 5857 \m,
1094 5791 1222 5844 8.--

2167 4583 2263 4639 νοῦ
2316 4581 2524 4647 οὐσίας,
2563 4580 2664 4635 οὐκ
2693 4579 2762 4635 ἂν
2809 4581 2909 4648 τῆς
2951 4579 3129 4650 ἀρχῆς
3183 4580 3590 4650 ἀναιρουμένης
3647 4583 3749 4652 τὴν

2166 4679 2321 4741 τάξιν
2349 4679 2535 4747 ἔλεγεν
2551 4677 2918 4747 ἀναιρεῖσθαι,
2947 4674 3089 4729 ἀλλὰ
3111 4674 3466 4743 ἀναιρεῖσθαι
3495 4674 3560 4726 ἂν
3587 4674 3755 4727 αὐτὸν

2166 4775 2258 4828 τὸν
2276 4772 2502 4844 οὐρανὸν
2524 4771 2621 4833 τάς
2647 4787 2706 4824 τε
2739 4768 2860 4822 κατ’
2896 4767 3062 4821 αὐτὸν
3095 4767 3352 4837 σφαίρας,
3385 4766 3585 4836 μᾶλλον
3605 4765 3662 4818 δὲ
3696 4766 3757 4817 τὸ

2169 4867 2332 4937 πᾶνὴ
2359 4868 2461 4930 τὰς
2481 4866 2688 4928 ἀῖδίους
2703 4881 2766 4932 γε
2789 4861 3000 4928 οὐσίας,
3027 4863 3117 4913 καὶ
3140 4858 3321 4912 αὐτῶν
3346 4857 3757 4928 ἀναιρουμένων

2171 4961 2306 5015 πολύ
2335 4960 2539 5031 μᾶλλον
2561 4961 2594 5030 ἥ
2619 4960 2719 5028 τῆς
2742 4957 2971 5023 τάξεως,
2992 4952 3335 5024 ἀναιρεῖσθαι
3357 4949 3455 5003 καὶ
3480 4948 3580 5018 τὴν
3607 4948 3731 5016 γένε
3747 4977 3760 4986 -

2171 5071 2278 5108 σιν.
2305 5055 2380 5107 Οὐ
2405 5053 2501 5106 καὶ
2527 5053 2590 5104 εκ
2618 5051 2827 5104 τούτων
2845 5048 3083 5119 ἐναργής
3105 5048 3254 5099 ἐστιν
3276 5046 3311 5112 ὴ
3348 5041 3758 5113 Ἀριστοτέλους

2169 5146 2295 5212 δόξα
2326 5146 2457 5215 περὶ
2489 5143 2584 5198 τοῦ
2628 5143 2691 5197 οὐ
2729 5140 3070 5212 δημιουργὸν
3093 5138 3188 5192 τοῦ
3214 5135 3450 5209 οὐρανοῦ
3489 5131 3629 5188 εἶναι
3667 5135 3759 5186 τὸν

2171 5239 2308 5294 Θεόν
2335 5257 2348 5304 ;
2388 5237 2492 5292 Σοῦ
2525 5236 2572 5290 δ’
2600 5235 2712 5306 ἐγὼ
2747 5236 2924 5287 ἐκεῖνο
2951 5229 3227 5303 θαυμάζω
3265 5229 3645 5300 λογιζόμενος,
3688 5227 3761 5287 ὡς

2170 5334 2238 5386 τά
2291 5332 2466 5386 πλείω
2522 5329 2633 5384 τῶν
2664 5325 3079 5399 Ἀριστοτέλους
3130 5326 3371 5395 χωρίων,
3412 5318 3488 5376 ὧν
3543 5323 3639 5375 ἐπὶ
3699 5320 3761 5370 τὸ

2172 5424 2323 5494 ἡμᾶς
2352 5423 2602 5493 ἐλέγχειν
2634 5421 2700 5474 σύ
2743 5419 3072 5491 προτείνεις,
3107 5416 3167 5471 οὐ
3204 5415 3391 5483 συνίης
3428 5413 3524 5467 καὶ
3563 5411 3620 5476 ἐξ
3660 5409 3757 5462 αὒ-

2248 5581 2323 5645 (Ei)
2357 5576 2429 5631 De
2460 5577 2578 5630 cwl.
2611 5593 2669 5637 ιι.
2705 5577 2736 5629 5
2765 5593 2779 5638 ;
2822 5575 2984 5644 Pitgs.
3021 5591 3081 5637 ll,
3111 5574 3162 5626 ιί.

2249 5653 2322 5716 υἱ)
2361 5649 2520 5716 l’hys.
2558 5664 2618 5708 ιι,
2662 5648 2714 5696 (5.

2187 5790 2206 5816 Ἰ
2247 5712 2322 5789 (7)
2356 5712 2590 5786 Μείιιμίι.
2622 5734 2655 5782 ι,
2702 5714 2753 5779 τί,
2805 5713 2877 5767 L'e
2914 5712 3037 5765 con
3075 5729 3132 5771 I..
3158 5714 3217 5767 ἰΟ
3254 5732 3266 5774 ;
3321 5714 3383 5765 de
3425 5714 3614 5766 mundo
3647 5727 3765 5778 cap.

2179 5826 2228 5842 με
