4152 6280
393 365 531 430 ῙΟἾΒ

1560 372 1925 433 SYNOPSIS
1973 371 2079 431 ΗΠ
2094 372 2319 431 ETORl
2334 371 2464 433 ΟΕ.

3514 370 3653 429 10M

382 484 714 556 ρητορικοῦ’
774 490 1039 558 σαφήνεια
1088 488 1241 559 (65),
1320 490 1546 560 μέγεθος
1611 490 1765 558 (66),
1826 493 1948 546 κάλα

2064 493 2342 549 rhetoricae
2372 510 2385 559 ;
2425 491 2670 555 cl.-.ritas,
2700 489 3040 559 magnitudo,
3069 484 3449 557 pulchritudo,
3507 489 3647 545 cele-

377 578 463 642 λος
481 579 617 648 (67),
635 580 903 649 γοργότης
922 583 1057 652 (68),
1077 579 1209 654 ἦθος
1231 582 1364 652 (69),
1390 584 1615 654 ἀλήθεια
1635 584 1769 654 (70),
1793 586 1959 638 δεινό-

375 689 473 741 της
503 672 641 743 (7t).
676 675 892 728 Μᾶλλον
921 676 978 729 δὲ
1006 676 1087 739 ἓξ·
1119 678 1152 746 ἡ
1190 677 1299 744 γὰρ
1347 678 1575 746 ἀλήθεια
1608 678 1721 748 (72)
1756 679 1858 730 ὑπὸ
1898 678 1957 730 τὸ

373 760 508 830 ἦθός
549 768 664 819 ἐστι
706 770 1032 838 ταττομένη.
1060 771 1221 839 Τρεῖς
1262 771 1370 839 γὰρ
1414 773 1620 824 τούτων
1671 770 1775 823 εἰσ).
1806 786 1955 836 γενι»

378 858 470 910 καῖ
507 857 620 928 (73)
646 874 660 889 °
695 861 727 929 ή
759 863 1031 930 σαφήνεια
1059 902 1074 925 ,
1124 863 1186 915 τὸ
1222 862 1453 931 μέγεθος
1481 906 1495 928 ,
1540 862 1631 915 καὶ
1679 863 1739 915 τὸ
1783 859 1914 931 ἦθος
1940 881 1952 894 ·

375 950 433 1002 αἱ
489 950 543 1003 δὲ
582 951 768 1004 λοιπαὶ
812 952 1032 1006 εἰδικαί.
1090 954 1210 1006 Τῶν
1274 955 1507 1021 γενικῶν
1563 955 1729 1025 τριῶν
1800 953 1955 1007 ἰδεῶν

373 1044 407 1111 ἡ
482 1045 578 1112 μὲν
644 1045 913 1115 σαφήνεια
986 1045 1079 1099 δύο
1150 1048 1294 1107 ἰδέας
1358 1047 1471 1117 ἔχει
1544 1048 1953 1119 ὑποϐεϐηκυῖας

373 1134 563 1202 αὐτὴν,
597 1135 656 1200 ἐξ
680 1130 753 1191 ὧν
809 1138 871 1205 δὴ
911 1137 1179 1205 γίγνεται,
1234 1140 1332 1209 τήν
1374 1157 1432 1192 τε
1473 1140 1782 1210 εὐκρίνειαν
1838 1142 1950 1211 (74)

372 1228 468 1278 καὶ
501 1228 599 1295 τὴν
629 1227 977 1297 καθαρότητα
1006 1230 1143 1299 (75)·
1171 1232 1232 1284 τὸ
1262 1232 1317 1283 δὲ
1354 1231 1585 1300 μέγεθος
1620 1233 1679 1298 ἓξ
1708 1249 1722 1264 ⁸
1753 1234 1952 1302 σεμνό-

371 1336 509 1387 τητα
546 1319 681 1389 (76),
715 1320 1009 1390 περιϐολὴν
1043 1324 1183 1388 (77),
1208 1322 1671 1394 τραχύτητα(78).
1703 1325 1953 1394 λαμπρό-

370 1427 510 1491 τῃτα
540 1412 671 1479 (79),
704 1413 887 1483 ἀκμὴν
916 1415 1049 1483 (80),
1104 1416 1199 1467 καὶ
1248 1416 1588 1492 σφοδρότητα
1616 1417 1754 1485 (8l)°
1805 1417 1864 1468 τὸ
1890 1416 1947 1468 δὲ

370 1496 503 1573 ἦθος
532 1504 832 1560 ἐπιείκειαν
865 1506 1000 1575 (82),
1031 1506 1290 1576 ἀφέλειαν
1325 1508 1461 1579 (85),
1519 1508 1779 1579 ἀλήθειαν
1810 1506 1925 1575 (84)

372 1707 551 1759 neque
620 1689 930 1762 pauciores,
992 1690 1043 1742 id
1111 1693 1437 1759 interpretes
1470 1692 1833 1762 Hermogenis
1873 1692 1951 1746 sic

376 1763 820 1828 dcclarant.quia
849 1761 1027 1826 primo
1077 1762 1516 1829 perspicuitatem
1542 1761 1737 1817 habere
1771 1763 1952 1816 omnis

374 1836 531 1887 debet
560 1831 761 1889 oratio,
796 1845 919 1882 cum
964 1830 1082 1884 sine
1118 1846 1179 1883 ea
1220 1848 1324 1887 non
1364 1833 1715 1899 intelligatur,
1761 1831 1957 1885 deinde

370 1899 1061 1986 iustamumagnitudinem.
1088 1911 1329 1986 ut.aure_s
1361 1903 1601 1968 impleat,
1637 1902 1799 1955 tertio
1820 1902 1955 1986 _pul-
1989 1932 2029 1986 Β

375 1970 763 2029 i-britudinem.
802 1979 858 2022 ut
897 1970 1071 2040 etiam
1112 1971 1343 2038 placeat,
1393 1988 1516 2040 quae
1555 1972 1948 2039 corrumpitur,

376 2045 481 2099 nisi
513 2053 717 2112 quarto
746 2039 978 2112 accedat
1006 2041 1281 2100 nobilitas.
1311 2039 1423 2112 qua
1443 2042 1599 2108 quasi
1646 2042 1795 2096 llnat.
1830 2040 1948 2095 Jam

378 2126 437 2167 nt
496 2112 673 2165 ﬂuxus
705 2110 809 2180 iste
838 2111 909 2162 sit
952 2111 1173 2173 decens,
1205 2110 1343 2180 opus
1388 2113 1584 2179 quinto
1635 2121 1714 2165 est
1748 2113 1951 2174 animo,

377 2184 576 2240 indole.
611 2178 875 2242 moribus,
926 2195 1046 2242 quae
1078 2178 1255 2234 sexto‘
1281 2178 1777 2236 sola’commendat
1810 2183 1953 2235 veri-

378 2264 482 2308 tas.
523 2251 854 2322 Deniquedut
887 2249 987 2322 ista
1016 2249 1161 2313 justa
1198 2255 1411 2306 ratione
1443 2253 1668 2322 legeque
1706 2266 1827 2306 sese
1861 2252 1955 2304 ba-

379 2324 545 2379 beant
596 2336 694 2388 pro
754 2318 1070 2391 diversitate
1135 2318 1624 2391 argumentorum,
1676 2336 1812 2388 opus
1872 2329 1955 2374 est

379 2393 614 2458 septimo
642 2390 690 2443 vi
727 2390 957 2455 quadam
986 2390 1329 2459 eloquenter.
1360 2392 1423 2443 ad
1458 2391 1788 2459 expedienda
1822 2391 1953 2459 ista.

378 2463 528 2517 Adde
555 2461 857 2529 Sturmium
906 2460 969 2511 de
1000 2458 1209 2513 Elocut.
1241 2461 1335 2515 lib.
1367 2477 1448 2524 ιιι,
1482 2458 1539 2514 οξ
1561 2461 1594 2515 6
1639 2475 1755 2529 seq.
1794 2458 1953 2514 Voss.

380 2532 519 2586 Inst.
558 2531 594 2583 l.
630 2547 704 2588 vi.
734 2545 783 2581 c.
813 2528 987 2588 6.15.

450 2601 563 2667 (65)
602 2598 928 2666 Σαφήνεια.
953 2598 1261 2653 Claritatem
1293 2600 1470 2653 reddit
1501 2599 1799 2665 Stnrmius,
1827 2601 1952 2653 item

382 2682 622 2736 apertum
653 2669 910 2722 orationis
942 2685 1122 2737 genus,
1172 2668 1610 2730 Perspicuitatem
1649 2670 1957 2736 appellasse

382 2742 609 2795 Fabium
640 2740 886 2805 Scaliger
914 2740 1217 2804 existimat,
1244 2739 1562 2793 Ciceronem
1590 2753 1720 2792 vero
1750 2741 1956 2792 eviden-

381 2813 529 2865 tiam.
564 2809 677 2863 Lib.
714 2824 765 2863 tv
803 2807 953 2862 Poet.
990 2822 1040 2861 c.
1080 2810 1131 2859 1.
1187 2809 1545 2877 l’erspicuitas
1590 2824 1775 2863 vocem
1828 2816 1957 2862 rctio

385 2891 478 2934 net
503 2892 555 2934 et
582 2878 811 2932 Vossius
839 2878 891 2931 in
918 2878 1139 2931 virtutis
1170 2878 1333 2946 hujus
1362 2879 1769 2942 nominatione;
1802 2894 1960 2931 usur-

385 2959 584 3019 patque
616 2964 725 3019 non
760 2962 884 3000 raro
931 2947 1242 3019 ipsefetiam
1271 2946 1567 3019 Stnrmius.
1601 2948 1725 3017 Agit
1774 2956 1955 3002 autem

382 3016 449 3075 de
487 3016 585 3072 hac
616 3017 1003 3087 Hermogenes,
1035 3016 1127 3069 lib.
1164 3034 1178 3071 ι
1210 3017 1273 3069 de
1306 3017 1390 3072 Id.
1423 3032 1539 3087 cap.
1574 3019 1626 3070 1.

455 3088 567 3158 (66)
598 3084 886 3158 ΜιὲγεθοζιἈ
917 3084 1375 3158 Sturmiusiuodo
1408 3084 1807 3158 amplitudinem
1840 3103 1958 3140 ver-

385 3155 472 3221 tit,
501 3155 662 3211 modo
707 3155 1158 3222 magnitudinem.
1192 3156 1384 3210 Caateri
1440 3156 1549 3209 fere
1580 3170 1771 3209 omnes
1823 3158 1959 3209 reti-

386 3238 517 3349 :Inmt
569 3225 845 3349 l[gilisteritis
898 3225 1243 3279 vocabulum.
1290 3227 1416 3295 Agit
1472 3224 1539 3279 de
1580 3240 1644 3279 ea
1696 3224 1951 3294 llermog.

423 3308 530 3349 lClO
592 3313 603 3349 ι
653 3333 667 3348 .
706 3310 753 3348 c.
830 3333 842 3346 .

384 3298 530 3354 dicto
569 3296 667 3349 lib.
706 3310 753 3348 c.
789 3296 842 3347 ιι.

479 3369 567 3432 67)
606 3363 865 3428 Κάλλος.
893 3362 1349 3420 Pulchritudinem
1384 3366 1617 3419 reddunt
1648 3379 1857 3417 omnes.

482 3438 569 3503 68)
598 3433 1203 3518 Γοργότηςκξψιίρὶιξ
1232 3436 1348 3518 haec
1376 3436 1663 3518 virtus-est
1694 3432 1957 3518 celeritas,

385 3503 753 3576 Trapeautttio
788 3503 1060 3576 velocita’s.
1099 3503 1205 3576 Sed
1246 3514 1399 3559 notat
1429 3505 1670 3576 Scaliger
1704 3503 1960 3576 praedicto

392 3572 533 3636 loco.
570 3575 817 3629 Graecum
849 3576 970 3641 plus
1016 3572 1350 3643 signiﬁcare.
1380 3572 1608 3630 Vossius
1654 3574 1959 3628 rectissime

387 3646 668 3699 incitatum
715 3643 834 3698 sive
879 3645 1203 3698 concitatum
1246 3646 1455 3698 dicendi
1485 3660 1644 3714 genus
1697 3644 1958 3714 appellari

428 3723 561 3769 utat.
1264 3761 1269 3765 .

388 3731 569 3853 pulsati)
601 3778 806 3849 Ἦθος.
840 3785 1186 3853 ΑΙῙεειίοηεηι
1234 3761 1394 3839 vertit
1428 3783 1846 3850 Τνειδθιηηιίυεν
1874 3781 1964 3851 Ῑ¹¹’

386 3856 531 3909 dicio
559 3853 819 3923 Scaligeri
852 3856 1116 3922 apposite.
1148 3854 1339 3909 Cateri
1367 3854 1658 3909 orationem
1700 3862 1961 3907 moratam

389 3925 610 3978 reddere
643 3925 977 3977 maluerunt.

459 3994 574 4062 (70)
622 3992 921 4059 Ἀλήθεια.
954 3993 1105 4049 Hane
1138 4009 1327 4049 omnes
1360 3996 1633 4048 veritatem
1667 3993 1959 4062 appellant.

461 4065 571 4135 (7|)
606 4066 925 4135 ίΔεινότης,
989 4064 1355 4135 Trapezuntio
1404 4066 1687 4135 gravitas,
1720 4066 1964 4135 Sturmio

338 4154 344 4160 ·
390 4150 515 4189 cum
554 4133 740 4186 addito
772 4134 983 4186 occulta
1011 4133 1247 4203 gravitas
1274 4133 1325 4187 in
1363 4133 1623 4202 peculiari
1658 4133 1727 4187 de
1762 4133 1964 4188 virtute

391 4205 494 4258 hac
528 4203 882 4271 Hermogenis
911 4205 1112 4258 libcllo.
1143 4204 1212 4257 At
1250 4203 1303 4256 in
1336 4220 1395 4265 ιι,
1425 4206 1490 4258 de
1540 4203 1704 4270 ldeis,
1749 4204 1837 4257 ubi
1871 4219 1966 4273 pa-

391 4274 533 4345 [iter
558 4274 625 4327 de
677 4288 758 4345 ea_
783 4276 982 4345 agitur,
1016 4284 1199 4342 aptam
1247 4275 1450 4328 dicendi
1496 4274 1726 4345 ﬁgurant
1781 4278 1962 4328 vertit.

393 4342 636 4411 Scaliger
661 4356 690 4395 a
718 4342 888 4396 Fabio
914 4351 969 4396 et
996 4345 1119 4397 aliis
1147 4345 1249 4396 vim
1282 4359 1376 4397 seu
1405 4342 1751 4396 acrimoniam
1778 4345 1961 4398 vocari

391 4413 547 4475 dicit,
587 4413 745 4481 idque
795 4413 1007 4467 caeteris
1042 4412 1280 4480 praefert,
1318 4414 1459 4467 unde
1500 4422 1556 4468 et
1607 4413 1829 4468 Vossius
1863 4415 1965 4466 vim

391 4482 601 4535 dicendi
643 4482 886 4552 exponit,
932 4483 1127 4550 reiecta
1172 4483 1439 4537 Nunuesii
1492 4483 1961 4552 interpretatione,

390 4552 481 4621 qui
512 4552 844 4620 prudentiam
876 4553 1261 4620 interpretatus
1294 4560 1397 4606 est.

464 4622 576 4691 (τι)
719 4622 828 4701 γᾴρ
873 4621 1147 4701 duritiem.
1190 4622 1307 4701 μου
1349 4631 1556 4701 tantum
1606 4621 1965 4701 nostri_jndi-
1996 4621 2041 4675 D

392 4691 497 4755 cio,
535 4696 627 4745 sed
664 4691 837 4759 ipSius
884 4692 1236 4761 Hermogenis
1269 4695 1611 4752 auctoritate,
1643 4692 1739 4761 qui
1785 4692 1838 4745 in
1872 4709 1965 4745 ca-

392 4765 503 4830 pite
534 4760 601 4814 de
636 4758 884 4815 moribus
918 4760 1020 4813 hoc
1046 4758 1218 4828 genus
1250 4762 1323 4814 illi
1357 4761 1598 4830 subjicit.
1642 4758 1832 4823 Ἧθος,
1872 4763 1969 4825 ait,

390 4829 571 4882 solvuv
604 4830 661 4881 ἒν
693 4829 872 4896 λόγοις
914 4833 1059 4882 ποιεῖ
1106 4831 1398 4894 ἐπιείκεια,
1445 4829 1537 4883 καὶ
1564 4830 1843 4897 ὰσφέλεια,
1878 4835 1974 4884 καὶ

394 4902 533 4971 προς
576 4899 790 4971 τούτοις
829 4901 890 4951 τὸ
921 4901 1279 4971 -κατ’ῗαὺτῶν
1317 4901 1718 4969 ἐμφαινόμενον
1754 4901 1968 4971 ἀληθές·

398 4969 591 5023 habuit
645 4970 787 5022 haud
842 4968 1009 5023 dubie
1067 4970 1121 5023 in
1164 4968 1362 5025 animo
1398 4973 1514 5026 haec
1559 4968 1721 5025 verba
1763 4968 1968 5036 noster,

395 5054 519 5092 cum
556 5040 658 5093 ista
694 5040 977 5094 scriberet.

465 5106 577 5177 (75)
613 5109 879 5183 Γενικαί.
913 5108 1051 5183 Quia
1069 5109 1133 5183 in
1165 5112 1347 5180 plures
1378 5112 1702 5167 dividuntur
1732 5112 1971 5183 species,

393 5192 519 5231 cum
550 5180 770 5247 reliqua:
802 5193 908 5231 non
937 5180 1272 5234 dividantur.

466 5248 577 5317 (74)
612 5248 990 5323 Εὑκρίνειαν.
1033 5247 1791 5323 Trapezuntiuselegantiam,
1816 5251 1973 5306 Stur—

394 5318 539 5390 mitts
581 5319 1363 5390 perspicuitatem_reddidere.
1414 5318 1815 5376 Distinctionem
1875 5338 1967 5390 ap-

397 5388 600 5461 pellare
630 5389 822 5461 maluit
850 5388 975 5461 Ger.
1014 5386 1262 5443 Vossius.
1295 5393 1622 5461 Quanquam
1653 5404 1708 5448 et
1738 5386 1973 5447 distinc-

397 5460 471 5532 tio
525 5459 576 5511 id
633 5459 825 5532 potius
858 5459 1128 5532 videatur,
1181 5462 1323 5532 unde
1368 5459 1611 5515 nascitur
1666 5462 1965 5532 εὐκρίνεια.

392 5531 530 5580 Cum
582 5532 728 5580 enim
766 5528 1031 5602 distinete
1069 5530 1265 5602 omnia
1302 5541 1679 5602 proponuntur
1708 5528 1971 5602 et'expo-

394 5605 616 5671 nuntur,
651 5597 1026 5665 ιιιεὺκρίνεια,
1055 5615 1175 5668 quae
1200 5601 1272 5652 nil
1297 5597 1466 5668 aliud,
1503 5616 1662 5669 quam
1684 5597 1969 5671 judieaitdi

393 5664 629 5740 faculitas
673 5677 727 5718 et
762 5664 1161 5740 prbmptttudo,
1214 5664 1830 5740 propter'rémotionent
1875 5675 1970 5726 ob-

392 5737 585 5811 stat-ub
626 5737 824 5811 otnnis,
850 5740 995 5805 quod
1020 5741 1186 5793 etiam
1226 5756 1278 5793 ιιι
1315 5737 1446 5811 pura
1469 5743 1717 5797 oratione
1751 5758 1968 5811 quoque

394 5806 557 5861 ηιοιιυ
595 5807 797 5861 exoriri
844 5818 1038 5877 potest.
1076 5850 1079 5853 .

708 5906 977 5965 ΡΑτιιοι..
1009 5907 1123 5967 Οιι.
1163 5908 1348 5970 CLX.

2067 583 2225 647 ritas,
2266 597 2472 648 mores,
2501 582 2725 644 veritas,
2748 580 3011 635 ellicacia.
3045 577 3142 632 Vel
3170 578 3350 646 potius
3383 592 3498 640 sex,
3523 592 3650 631 nam

2066 673 2267 727 veritas
2303 672 2478 742 posita
2510 680 2586 726 est
2629 670 2731 725 sub
2758 669 3025 723 moribus.
3061 669 3267 723 [larum
3293 676 3474 721 autem
3537 675 3651 720 tres

2065 772 2193 819 sunt
2223 763 2523 833 generales,
2553 762 2796 827 claritas,
2831 763 3170 833 magnitudo,
3194 774 3399 825 mores,
3427 760 3650 829 reliqua:

2062 872 2192 912 vero
2220 856 2506 926 speciales.
2542 857 2616 911 Ex
2651 856 2824 910 tribus
2855 854 3197 923 generalibus
3232 853 3370 908 ideis
3428 852 3650 907 claritas

2060 953 2277 1020 quidem
2314 952 2450 1005 duas
2487 951 2649 1004 habet
2688 950 2822 1003 alias
2863 950 3012 1003 ideas
3038 947 3140 1001 sibi
3178 948 3473 1017 subiectas,
3507 950 3652 1001 unde

2062 1045 2328 1109 nascitur,
2362 1041 2767 1097 distinctionem
2798 1050 2851 1095 et
2872 1040 3185 1109 puritatem.
3214 1038 3527 1107 Magnitudo
3550 1053 3652 1092 au-

2060 1147 2166 1193 tem
2203 1154 2318 1196 sex.
2352 1136 2693 1207 gravitatem,
2754 1134 3214 1202 complexionem,
3270 1132 3649 1200 asperitatem,

2060 1230 2428 1299 splendorem,
2458 1228 2721 1296 vigorem,
2754 1236 2807 1281 et
2836 1225 3256 1281 vehementiam.
3288 1224 3466 1279 Mores
3515 1238 3647 1277 vero

2056 1322 2536 1389 aequanimitatem,
2559 1319 2987 1388 simplicitatem,
3006 1317 3313 1377 veritatem,
3332 1325 3386 1369 et
3412 1314 3650 1384 gravita-

2059 1423 2187 1477 tem,
2206 1428 2325 1482 quae
2350 1428 2456 1466 nou
2490 1421 2765 1481 spectatur
2792 1427 2885 1480 per
2917 1426 2975 1465 se
3014 1410 3151 1479 ipsa,
3176 1409 3270 1465 sed
3304 1410 3356 1461 in
3383 1407 3648 1477 simplici-

2060 1514 2170 1560 tate
2206 1516 2259 1559 et
2294 1503 2560 1559 modestia
2584 1504 2855 1558 consistit.
2886 1504 3150 1570 Quaelibet
3180 1518 3243 1557 ex
3273 1501 3410 1556 ideis
3441 1499 3651 1571 Specia—

2134 1692 2249 1762 (75)
2291 1692 2399 1747 Kal
2445 1690 2559 1755 τὴν
2598 1689 2974 1762 καθαρςῖ-τητα
3042 1687 3295 1762 Recessit
3342 1686 3409 1762 ab
3460 1686 3653 1743 ordine

2063 1757 2495 1831 Hermogcniano
2550 1771 2757 1815 nOSIer.
2792 1758 3157 1831 Hermogenes
3178 1757 3497 1831 enim-lianc-
3533 1772 3657 1831 spe-

2064 1835 2199 1887 ciem
2254 1825 2409 1887 alteri
2460 1831 2741 1896 praamisit.
2784 1838 2838 1881 et
2896 1825 3111 1887 merito,
3166 1827 3294 1894 quia
3343 1825 3432 1879 illa
3486 1827 3649 1896 hujus

2063 1903 2220 1970 quasi
2257 1913 2441 1956 custos
2478 1910 2579 1954 est.
2608 1899 2795 1970 Porro
2833 1900 3010 1970 virtus
3040 1900 3152 1970 hzec
3187 1911 3217 1950 a
3254 1896 3502 1970 Sturmio
3555 1913 3649 1952 vo-

2057 1966 2216 2027 catur
2268 1974 2498 2041 puritas,
2532 1984 2560 2023 a
2606 1968 2798 2024 Vossio
2834 1967 3168 2041 simplicitas.
3221 1967 3307 2019 cui
3350 1966 3484 2041 nihil
3528 1981 3650 2021 esse

2058 2044 2202 2097 aliud
2242 2033 2492 2111 putatur,
2526 2055 2688 2106 quam
2721 2038 2896 2111 oratio
2931 2037 3326 2111 ἀιεατάσκευος.
3351 2033 3648 2111 ΔΝιιιιιιιιιιι

2057 2114 2177 2183 ejus
2223 2104 2458 2178 explicat
2490 2104 2747 2183 Hermog.
2780 2108 2870 2183 lib.
2903 2124 2942 2166 ι,
2980 2105 3158 2159 Idear.
3190 2120 3313 2183 cap:
3336 2104 3400 2183 _2.

2130 2174 2627 2250 (76)’Σεμνότητα.
2655 2178 2977 2233 Gravitatem
3004 2191 3194 2250 omnes
3217 2175 3453 2250 reddunt
3480 2192 3494 2227 :
3526 2174 3651 2228 Ari-

2058 2244 2261 2316 stoteli,
2304 2244 2440 2307 téstc
2478 2251 2778 2317 Scaligero,
2838 2256 2921 2300 est
2968 2245 3168 2317 μετρία
3211 2244 3474 2317 βαρύτης,
3536 2260 3645 2297 non

2058 2312 2380 2393 simpliciter
2409 2312 2673 2393 βιρύτηξ.
2708 2317 2973 2393 Caeterum
3007 2312 3272 2393 eavirtus
3296 2312 3415 2393 est.
3450 2312 3503 2366 in
3539 2330 3644 2382 qua

2059 2384 2357 2449 aucioritas
2386 2384 2441 2444 et
2470 2384 2726 2458 dignitas.
2756 2390 2818 2443 V.
2857 2387 3117 2458 Hermog.
3151 2386 3225 2458 ib.
3275 2399 3327 2438 c.
3364 2384 3417 2437 5.
3479 2454 3488 2458 _
3534 2441 3546 2458 ο

2131 2464 2245 2530 (77)
2288 2454 2647 2526 Περιόολήν.
2697 2457 3099 2530 Trapezuntius
3144 2454 3647 2530 circumductionem

2061 2525 2241 2591 vertit,
2277 2525 2437 2596 quem
2474 2530 2823 2598 reprehendit
2848 2526 3093 2598 Scaliger
3134 2534 3187 2578 et
3211 2525 3641 2598 complexionem

2062 2606 2137 2657 ait
2166 2594 2563 2672 appellandam.
2601 2597 2832 2672 Vossius
2877 2596 3088 2672 videtur
3112 2595 3278 2672 inalle
3310 2594 3643 2672 cumulatio-

2060 2689 2176 2727 nem
2201 2665 2415 2729 dicere.
2447 2670 2573 2738 quia
2602 2669 2903 2721 orationem
2941 2668 3042 2719 hac
3074 2665 3275 2738 virtute
3310 2665 3634 2717 instructam

2060 2754 2221 2799 vocat
2246 2734 2596 2796 cumulatam.
2619 2738 2687 2791 At
2709 2738 2955 2791 Sturmio
2994 2744 3075 2789 cst
3100 2734 3276 2788 oratio
3301 2740 3642 2801 exaggerata,

2063 2823 2118 2866 nt
2153 2815 2230 2869 sic
2261 2815 2423 2866 etiam
2470 2810 2806 2876 exaggeratio
2841 2807 3021 2861 vocari
3063 2805 3259 2876 possit.
3289 2802 3562 2876 quomodo
3590 2812 3645 2855 et

2061 2884 2353 2950 aliquoties
2384 2883 2436 2932 in
2473 2872 2885 2950 commentariis
2934 2876 3167 2950 appellat
3217 2874 3474 2938 Hermog.
3508 2872 3642 2925 dict.

2062 2946 2169 3009 lib.
2192 2968 2241 3005 c.
2270 2952 2359 3016 18,
2393 2950 2482 3003 ubi
2517 2948 2752 3001 ostendit
2782 2962 2900 2999 eam
2930 2960 3049 3016 esse
3077 2946 3356 3005 virtutem,
3386 2957 3489 3016 qua
3516 2954 3645 2994 ora-

2062 3023 2137 3075 tio
2181 3012 2360 3076 allatis
2420 3020 2586 3073 variis
2638 3015 3073 3071 circumstantiis
3117 3029 3225 3068 non
3282 3012 3521 3081 amplius
3565 3022 3652 3065 εει

2067 3094 2233 3151 nuda.
2265 3091 2355 3143 sed
2390 3090 2443 3141 ﬁt
2478 3088 2657 3155 ampla
2692 3093 2744 3139 et
2777 3100 2996 3152 magna.

2138 3161 2251 3230 (78)
2311 3159 2678 3230 Τραχύτητα.
2735 3156 3088 3230 Asper_it_atem
3147 3160 3368 3230 vertunt
3433 3164 3650 3230 omnes.

2066 3219 2255 3296 Fitque
2286 3219 2650 3281 amaritudine
2684 3234 2735 3279 et
2760 3219 3060 3281 acerbitate
3111 3221 3400 3283 orationis,
3433 3219 3651 3296 quando

1988 3290 2029 3347 C
2065 3290 2244 3353 evadit
2276 3298 2483 3363 ingrata
2510 3297 2737 3349 auribus
2767 3303 2821 3349 et
2857 3296 3061 3357 animo,
3097 3302 3319 3363 propter
3353 3292 3654 3357 reprehens

2066 3370 2272 3424 siones.
2310 3366 2430 3419 Vid.
2464 3364 2719 3433 llermog.
2748 3366 2891 3416 dicto
2924 3365 3060 3429 loco,
3086 3381 3205 3432 cap.
3241 3365 3295 3419 6.

2135 3438 2250 3508 (79)
2283 3429 2705 3508 Λαμπρότητᾱ.
2769 3433 3022 3508 Betldunt
3062 3429 3254 3508 omnes
3295 3429 3648 3508 splendorem-

2068 3502 2309 3573 Scaliger
2362 3518 2539 3561 tamen
2573 3506 2733 3558 etiam
2786 3502 2991 3557 illustre
3045 3518 3138 3559 seu
3182 3506 3507 3559 luculentum
3554 3511 3648 3564 ge-

2067 3595 2190 3642 nus,
2216 3577 2446 3633 Vossius
2476 3575 2718 3643 festivum
2744 3573 2851 3627 dici
2886 3588 3046 3641 posse
3086 3584 3295 3643 putant.
3330 3576 3425 3630 Est
3460 3578 3641 3643 autem

2065 3665 2126 3702 ca
2160 3636 2353 3707 virtus.
2402 3636 2505 3709 qua
2542 3636 3037 3699 commemoramus
3082 3636 3171 3697 res
3215 3661 3459 3713 magnas,
3502 3636 3587 3713 [ei
3620 3651 3679 3687 al

2066 3719 2225 3772 nobis
2280 3705 2539 3785 praeclare
2577 3724 2934 3785 gestas,__quo
2969 3713 3228 3785 majorem
3272 3705 3466 3771 delrius
3506 3705 3646 3760 ﬁdu-

2065 3790 2162 3843 ciae
2187 3781 2662 3856 signiﬁcationem.
2795 3781 2985 3856 Herm.
3019 3783 3072 3838 d.
3100 3783 3139 3841 Ι.
3171 3800 3222 3839 c.
3256 3785 3308 3839 8.

2137 3854 2261 3924 (80)
2298 3856 2536 3924 Ἀκμὴν.
2574 3854 2818 3923 Scaliger
2854 3854 3015 3908 vertit
3063 3855 3165 3907 vim
3223 3854 3509 3918 orationis,
3544 3871 3650 3910 car

2066 3929 2164 3981 teri
2202 3928 2447 3996 plerique
2479 3925 2736 3996 vigorem,
2762 3924 2813 3977 id
2866 3925 3008 3996 quod
3053 3940 3154 3992 ego
3193 3926 3393 3996 rectius
3424 3925 3647 3996 opinor.

2066 3993 2312 4051 cum'vis
2340 3993 2541 4063 aliquid
2576 3995 2811 4063 amplius
2837 3993 3125 4062 signiﬁcet,
3156 4010 3220 4049 ac
3251 3994 3332 4049 sic
3354 3993 3516 4047 etiam
3540 3995 3651 4047 δει-

2066 4068 2227 4133 νότης
2276 4062 2601 4133 exponatnr.
2660 4062 3029 4133 Hermogenes
3063 4065 3162 4118 bac
3211 4080 3340 4117 voce
3373 4064 3517 4118 illaut
3564 4065 3652 4117 in-

2067 4137 2257 4205 telligit
2289 4136 2565 4194 virtutem,
2602 4134 2757 4201 cujus
2794 4134 3055 4205 beneﬁcio
3085 4135 3269 4189 omnia
3306 4144 3433 4205 sunt
3469 4136 3643 4189 valida

2067 4217 2122 4260 et
2153 4203 2443 4269 lacertosa,
2477 4205 2776 4274 roburque,
2812 4219 2876 4259 ac
2905 4203 3049 4260 vires
3092 4206 3312 4260 habent.
3348 4203 3482 4258 Vide
3519 4222 3644 4265 eum

2066 4276 2204 4330 libro
2230 4276 2395 4340 dicto,
2430 4292 2548 4342 cap.
2581 4275 2635 4327 9.
2822 4327 2831 4337 ,

2096 4360 2117 4395 ,‘
2140 4348 2252 4414 (8|)
2294 4345 2695 4413 Σφοδρότητα.
2732 4342 3006 4414 Αενρηιησι
3047 4345 3391 4397 vehementem
3441 4344 3651 4398 dicendi

2066 4418 2293 4487 ﬁgurant
2323 4416 2595 4487 Sturniius
2621 4413 3304 4487 appellat._Veltententiam
3332 4414 3648 4487 Trapezun-

2069 4483 2174 4540 Iius
2223 4494 2277 4537 ct
2323 4484 2500 4536 creteri
2543 4486 2832 4550 appellant.
2884 4483 2976 4534 Est
3013 4492 3191 4534 autem
3243 4484 3506 4551 asperitas
3552 4484 3647 4537 ad.

2068 4568 2263 4609 versus
2292 4553 2575 4605 inferiores
2604 4551 2682 4603 vel
2714 4552 2973 4615 aequales.
3007 4551 3071 4605 V.
3108 4552 3290 4606 Herm.
3336 4567 3455 4617 cap.
3492 4552 3545 4605 7.

2144 4626 2255 4693 (8'2)
2299 4623 2680 4693 Ἐπιείκειαν.
2739 4619 3138 4693 Trapczniitius
3176 4623 3495 4693 modestiam
3517 4638 3646 4693 __ap-

2074 4689 2259 4765 pellat,
2287 4692 2901 4765 aﬂuanimitatemverti
2934 4692 3137 4747 rectius
3169 4691 3409 4765 Scaliger
3429 4698 3482 4743 et
3516 4689 3649 4745 Vois-

2072 4760 2186 4819 sius
2216 4779 2282 4817 ex
2313 4761 2566 4814 Terentio
2603 4760 2936 4825 existimant,
2978 4776 3101 4814 cum
3154 4760 3416 4814 modestia
3466 4772 3647 4830 pateat

2072 4835 2255 4889 latius.
2309 4830 2554 4885 Sturmio
2600 4840 2683 4884 est
2734 4832 3026 4884 moderatio
3078 4841 3131 4885 et
3186 4832 3471 4900 mitigatio,
3522 4847 3643 4885 cum

2073 4915 2260 4959 orator
2283 4917 2389 4956 non
2414 4900 2591 4955 solum
2615 4902 2679 4955 de
2701 4900 2821 4969 jure
2853 4918 2953 4956 suo
2988 4902 3235 4965 remittit,
3270 4917 3456 4955 verum
3481 4902 3643 4954 etiam

2073 4989 2197 5028 cum
2231 4974 2393 5041 vulgo
2432 4986 2491 5025 se
2514 4980 2832 5041 comparat,
2863 4982 2915 5026 et
2964 4973 3007 5025 si
3059 4986 3165 5026 non
3199 4972 3272 5026 sit
3301 4988 3329 5025 e
3354 4970 3501 5039 vulgi
3544 4986 3645 5023 nu-

2075 5060 2245 5098 mero.
2295 5040 2427 5096 Vide
2486 5040 2873 5111 Hermogenem
2924 5044 3015 5095 lib.
3066 5055 3125 5103 ιι,
3176 5057 3298 5111 cap.
3345 5041 3399 5103 6,
3455 5041 3544 5095 ubi
3593 5052 3647 5093 et

2072 5114 2487 5183 wquubilitatem
2514 5110 2786 5183 Stnrmjus
2816 5126 2929 5183 non
2955 5110 3449 5180 nunquamfvocat.

2144 5185 2257 5253 (85)
2304 5184 2636 5251 Ἀφέλειαν.
2672 5180 3065 5253 ριιιιιοιιὶιιιιιε
3093 5185 3299 5245 omnia,
3340 5198 3461 5251 quae
3490 5181 3647 5236 nobis

2073 5252 2312 5320 obStant,
2366 5262 2424 5306 ut
2473 5253 2526 5305 in
2566 5254 2725 5307 nobis
2773 5252 3200 5321 signiﬁcationes
3262 5255 3539 5315 vitiorum,
3591 5254 3643 5304 in

2074 5324 2391 5378 adversario
2430 5323 2861 5392 signiﬁcationes
2889 5325 3174 5386 virtutum,
3220 5334 3382 5393 atque
3422 5326 3494 5376 ita
3527 5322 3646 5374 sine

2074 5394 2369 5447 calliditate
2399 5409 2497 5447 nos
2537 5403 2591 5443 et
2635 5394 3010 5448 adversarium
3063 5393 3234 5462 judici
3265 5395 3644 5463 proponimus.

2080 5462 2485 5532 Simplicitatem
2522 5465 2682 5532 vulgo
2710 5467 2964 5517 reddunt.
3002 5466 3243 5534 Scaliger
3270 5462 3517 5534 virtutem
3550 5476 3645 5534 νοτ

2073 5545 2160 5604 cat
2180 5529 2500 5602 quatidiana:
2516 5529 2817 5604 locutionis,
2834 5551 2934 5604 non
2958 5539 3098 5604 apu'l
3119 5529 3310 5601 plebem
3333 5529 3649 5604 solit_m._terl

2073 5599 2572 5673 lectorumicivium,
2614 5603 2821 5673 qualem
2863 5599 3223 5673 Graec/torum
3253 5599 3653 5673 ntatri_lll._Tu:-

2075 5675 2175 5727 (ius
2206 5672 2471 5726 attribut.
2507 5670 2634 5739 Agit
2654 5674 2721 5725 de
2759 5675 2857 5726 hac
2884 5672 3067 5725 llenn.
3105 5676 3199 5727 lib.
3232 5689 3292 5735 ιι,
3327 5671 3449 5738 c.3,
3483 5670 3651 5725 deId.

2147 5744 2260 5811 (84)
2307 5744 2603 5807 Ἀλήθεια.
2644 5742 2717 5794 De
2752 5759 2857 5809 qua
2893 5744 3261 5812 Hermogenes
3310 5745 3453 5798 (lIClO
3494 5744 3655 5799 libro.

2076 5829 2195 5885 cap.
2223 5814 2277 5881 2,
2304 5825 2493 5883 cSIque
2515 5815 2713 5879 virtus,
2739 5828 2841 5884 qua
2876 5813 3251 5884 signiﬁcamus
3277 5828 3490 5870 morum
3529 5815 3662 5868 sint-

3252 5912 3328 5972 33
