4152 6280
361 393 502 498 1053

1553 439 1914 502 SYNOPSIS
1952 438 2060 500 RH
2070 438 2269 502 ETOR
2279 439 2432 502 "LE.

3484 443 3622 506 1051

361 550 456 604 καὶ
470 550 834 619 Ἐμπεδοκλεῖ
855 550 994 624 (97),
1010 554 1276 625 Διονυσῐῳ
1298 553 1435 622 (98),
1457 555 1807 626 Φιλοστράτῳ
1830 553 1944 623 99),

2053 560 2231 629 nysio,
2261 556 2619 624 Philostrato,
2649 560 2978 624 Jamblicho,
3003 561 3331 617 etomnibus
3358 563 3620 630 antiquis,

373 640 673 711 Ἰαμσλίχῳ
727 641 832 711 (1),
866 642 961 696 καὶ
992 645 1129 698 πᾶσι
1166 643 1444 707 παλαιοῖς,
1481 643 1574 698 καὶ
1620 645 1729 706 τοῖς
1761 660 1941 710 σοφω-

358 734 540 803 τέροις
575 733 684 787 τῶν
713 733 849 789 νέων
877 735 1047 800 δοκεῖ,
1099 736 1196 789 καὶ
1219 736 1317 806 (τῷ
1373 735 1695 806 Ἑρμογένει
1725 736 1782 788 ἐν
1819 735 1940 797 ταῖς

363 825 552 888 ἰδέαις.
593 826 654 879 '0
680 827 789 880 τῶν
817 829 1106 898 ὀνομάτων
1131 830 1243 898 γὰρ
1298 829 1658 899 Ἑλληνισμὸς
1686 847 1940 900 νεωτερι-

363 921 459 974 κόν
491 923 640 975 ἐστιν
663 921 764 990 (2),
797 923 873 987 ὡς
906 926 939 994 ἡ
967 926 1240 994 σαφήνεια
1269 925 1346 994 ('5)
1379 926 1444 978 ἐκ
1481 924 1838 994 μυριολεξιῶν
1861 923 1937 992 (4)

361 1015 456 1068 καὶ
521 1015 873 1085 σαφηνισμοῦ
933 1018 1010 1086 (5)
1061 1017 1335 1085 γίγνεται.
1389 1017 1548 1071 Ἐστι
1609 1017 1665 1072 δὲ
1716 1017 1816 1087 τῆς
1859 1015 1938 1087 (6)

359 1105 700 1178 ὡραιότητος
747 1111 843 1163 καὶ
876 1109 973 1162 τοῦ
1012 1109 1246 1174 κάλλους
1291 1112 1391 1179 (7).
1446 1112 1512 1164 Ἦ
1565 1110 1831 1179 συντομία
1883 1107 1940 1164 δι

362 1200 468 1268 τῆς
504 1201 876 1270 μεγαλοφυΐας
903 1201 979 1274 (8)
1007 1203 1184 1272 ἔργον
1207 1203 1302 1258 tot“:
1354 1205 1608 1274 ῥήτορος,
1643 1205 1676 1273 ἡ
1720 1203 1943 1256 πιθανό-

363 1311 462 1363 της
491 1294 548 1348 δὲ
594 1295 697 1364 τῆς
739 1295 938 1366 τέχνης
987 1296 1065 1367 (9)
1111 1297 1462 1369 προέρχεται,
1494 1299 1568 1351 Τὸ
1621 1297 1678 1348 δὲ
1711 1295 1941 1363 μεγαλο-

359 1389 574 1458 πρεπὲς
601 1390 700 1456 τῆς
739 1389 1085 1460 πολυμαθίας
1119 1390 1232 1461 (10)
1262 1391 1398 1444 ἐστί.
1431 1391 1539 1468 καὶ
1560 1389 1618 1443 αῑ
1655 1391 1782 1461 παρ’
1819 1389 1943 1459 Ἕρ-

365 1484 590 1552 μογένει
633 1483 690 1537 δὲ
722 1484 862 1538 ἰδέαι
913 1484 1056 1538 ἑπτὰ
1089 1483 1203 1553 (11)
1246 1483 1402 1538 οὐδὲν
1443 1485 1630 1552 ἕτερον
1662 1484 1978 1550 δηλοῦσιν,·

359 1577 392 1646 ἢ
423 1579 504 1630 ὅτι
535 1577 616 1630 δεῖ
648 1572 755 1630 ’τὸν
808 1579 1100 1648 ῥητορικὸν
1130 1579 1289 1646 λόγον
1319 1579 1419 1642 τὰς
1468 1579 1747 1648 τέσσαρας
1795 1580 1942 1649 ἔχειν

360 1669 604 1732 ταύταςο
672 1671 768 1724 καὶ⁵
823 1671 1109 1738 δεινότητα
1165 1672 1286 1742 1ἦτοι
1344 1671 1680 1739 πρέπουσαν·
1722 1673 1942 1743 ἑκάστῳ

356 1763 674 1833 οἰκονομίαν
735 1764 826 1816 καὶ
887 1765 1302 1834 μεταχεερησιν.
1363 1763 1431 1816 Ἦ
1497 1765 1767 1832 σαφήνεια
1832 1765 1941 1836 γὰρ

2042 662 2096 706 et
2153 654 2518 708 recentiorum
2579 655 2803 724 optimis
2859 656 3098 722 videtur,
3130 657 3342 726 ipsique
3395 655 3622 708 Hermo-

2045 745 2166 812 geni
2206 745 2256 798 in
2291 744 2455 800 ldeis.
2490 745 2623 802 Nam
2648 747 2911 804 Graecitas
2929 751 3219 804 verborum
3258 765 3459 804 novum
3483 747 3615 815 quid

2044 844 2148 891 est.
2197 835 2398 891 Harum
2451 841 2812 910 perspicuitas
2865 843 3130 897 oriturex
3164 841 3230 896 iis
3275 857 3395 909 quae
3418 843 3472 896 in
3515 858 3618 897 usu

2044 939 2175 987 sunt
2204 928 2257 986 et
2285 933 2590 988 claritatem
2616 928 2822 990 habent
2859 952 2874 989 :
2910 949 2994 992 εει
3041 943 3218 990 autem
3250 937 3620 1003 spectabilita-

2043 1021 2114 1079 tis
2139 1032 2194 1078 et
2230 1025 2700 1092 pulchritudinis:
2743 1025 2982 1080 brevitas
3017 1040 3147 1082 vero
3196 1026 3618 1093 magnanimita—

2046 1117 2115 1173 tis
2144 1112 2282 1188 Opus
2307 1119 2362 1172 in
2391 1126 2628 1174 oratore.
2666 1118 3032 1174 Probabilitas
3053 1118 3202 1172 venit
3232 1117 3300 1172 ab
3321 1127 3460 1183 arte,
3493 1132 3620 1186 gra-

2045 1213 2187 1267 vitas
2218 1227 2248 1266 a
2305 1212 2593 1282 multiplici
2643 1213 2973 1268 eruditione.
3026 1211 3198 1267 Etiam
3263 1207 3623 1279 Hermogenis

2046 1305 2184 1359 ideae
2206 1313 2413 1374 septem
2451 1303 2586 1358 nihil
2617 1305 2764 1360 aliud
2787 1305 3286 1372 ostendunt,quam
3323 1301 3464 1372 quod
3497 1302 3624 1356 rbe-

2048 1397 2281 1449 toricam
2315 1395 2621 1451 orationem
2685 1396 2784 1451 llas
2813 1406 3047 1465 quatuor
3102 1396 3307 1451 habere
3329 1405 3618 1463 oporteat:

2043 1495 2097 1543 et
2125 1487 2234 1540 vim
2256 1526 2270 1549 ,
2305 1496 2468 1554 atque
2494 1489 2911 1541 convenientem
2948 1489 3149 1560 cuique
3199 1487 3616 1559 dispositionem

2046 1593 2110 1634 ac
2141 1579 2550 1641 tractationem,
2613 1577 2989 1648 Perspicuitas
3019 1581 3165 1636 enim
3195 1591 3250 1636 et
3276 1581 3624 1649 pulchritudo

2047 1673 2316 1728 orationis
2347 1679 2624 1727 exornatas
2669 1674 2966 1726 ostendunt
3021 1672 3349 1736 claritatem,
3384 1687 3491 1725 non
3526 1687 3627 1725 au—

2046 1772 2153 1819 tem
2179 1766 2403 1834 plebeiae
2435 1777 2489 1820 et
2518 1765 2808 1820 inornatae.
2840 1764 3109 1821 Celeritas
3138 1780 3270 1820 vero
3307 1773 3412 1828 est,
3443 1763 3628 1820 brevi-

359 1859 457 1912 xai.
510 1859 572 1911 τὸ
633 1857 831 1922 κάλλος
893 1857 1188 1928 ῥητορικοῦ
1251 1857 1416 1926 λόγου
1471 1857 1586 1927 (12)
1659 1859 1940 1912 κεκαλλω-

2053 1867 2135 1913 tas
2170 1858 2223 1912 in
2259 1857 2543 1914 omnibus.
2567 1855 2744 1912 Mores
2774 1867 2828 1912 et
2866 1855 3070 1911 veritas
3100 1857 3437 1925 probabilem
3502 1874 3628 1913 ora-

438 1975 550 2039 (97.)
587 1973 1010 2047 ᾎΕμπεδοκλεῖ.
1047 1974 1231 2040 Miror,
1254 1975 1394 2047 quod
1423 1975 1568 2047 hunc
1596 1975 1749 2028 alteri
1801 1987 1952 2047 post-

362 2045 712 2117 ponat.iFuit
737 2047 880 2100 enim
935 2046 1022 2100 hic
1074 2046 1358 2117 vetustior.
1419 2046 1530 2098 imo
1571 2055 1762 2101 auctor
1803 2045 1954 2103 Vat-tis

367 2115 655 2186 rhetorica!
683 2131 826 2186 esse,
859 2118 1176 2180 primusque
1209 2115 1412 2186 scripto
1441 2130 1560 2170 eam
1590 2119 1944 2185 comprehen-

357 2189 509 2245 tlisse
531 2185 748 2240 dicitur.
782 2185 897 2239 Vid.
924 2187 1221 2240 Laertium.
1330 2185 1333 2186 ⁷
1726 2228 1742 2234 ,
1915 2225 1919 2229 .

436 2257 550 2320 (9R)
571 2258 887 2322 Διονυσίῳ.
909 2256 1377 2310 ilalicarnassensi
1403 2265 1558 2321 puto.

436 2325 547 2390 (99)
605 2325 1010 2394 Φιλοστράτῳ.
1053 2328 1282 2381 Constat
1331 2340 1399 2379 ex
1456 2325 1560 2379 hoc
1619 2326 1758 2391 loco,
1788 2330 1949 2384 etiam

356 2400 749 2456 Philostratntn
781 2397 850 2450 de
875 2409 989 2451 arte
1013 2396 1299 2450 Rhetorica
1331 2396 1455 2464 quid
1484 2396 1791 2463 scripsisse.
1815 2401 1952 2454 Puto

361 2483 545 2527 autem
579 2467 850 2521 seniorem
889 2467 1142 2532 intelligi,
1199 2467 1363 2529 Cujus
1421 2464 1738 2537 ζητούμενα
1800 2471 1951 2537 παρὰ

361 2546 476 2610 τοῖς
507 2537 770 2610 ῥήτορσι.-
799 2548 854 2592 et
877 2537 1179 2610 ρῃςτορικὰς
1216 2538 1478 2604 ἀφορμὰς
1503 2536 1696 2610 laudat
1724 2536 1946 2594 Suidas.

366 2605 513 2666 Vixit
544 2605 886 2676 temporibus
915 2606 1146 2662 Neronis
1177 2646 1192 2672 ,
1230 2615 1288 2662 ut
1320 2621 1384 2660 ex
1417 2605 1608 2660 eodem
1658 2612 1951 2677 cognosci-

363 2699 509 2739 nius.

434 2755 514 2821 (1)
557 2749 1062 2818 ἸαμὸλίχῳΕιικο
1091 2759 1144 2801 et
1177 2748 1268 2802 bic
1320 2746 1583 2821 nonnulla
1613 2749 1840 2821 scripsit,
1893 2750 1950 2804 in

363 2818 673 2883 rhetoricis,
703 2821 755 2873 in
781 2836 1014 2889 quormn
1044 2828 1294 2885 respectu
1331 2819 1470 2872 inter
1531 2818 1779 2889 rhetores
1831 2820 1948 2874 lau-

363 2900 545 2951 datur.
579 2892 647 2945 At
670 2893 771 2943 hoc
802 2887 978 2959 neque
1009 2889 1306 2955 Eunapius.
1344 2898 1517 2959 neque
1542 2887 1742 2944 Suidas
1792 2905 1948 2943 com-

367 2971 695 3025 memorant,
733 2969 792 3014 ut
819 2969 969 3014 tanto
999 2959 1174 3026 magis
1204 2959 1273 3012 sit
1302 2959 1728 3013 observandum.
1803 2960 1950 3014 Vixit

367 3048 612 3104 ινηιρητρ
643 3030 1012 3104 Constantini.
1045 3029 1335 3098 nesciaque
1368 3044 1538 3098 quare
1581 3030 1726 3084 inter
1751 3031 1950 3084 παλαι-

366 3109 462 3168 οὓς
486 3102 696 3156 relatus
731 3102 797 3153 sit
829 3117 855 3152 a
891 3108 1100 3153 nostro.

435 3166 938 3239 (Qi'EJana'ydc
965 3168 1320 3239 νεωτερικόν
1345 3166 1537 3239 ἐστιν.
1571 3167 1742 3233 Quam
1778 3179 1831 3224 et
1866 3171 1948 3239 ip.

362 3226 711 3310 sain'aliqui,‘
741 3251 798 3293 ut
823 3226 1080 3293 virtutem
1112 3226 1437 3310 elocutionis
1457 3226 1789 3310 singularem
1832 3226 1948 3295 la'u'
1975 3226 2022 3287 α

361 3318 586 3372 dabant.
612 3306 670 3366 et
694 3311 762 3365 ab
797 3310 920 3364 aliis
953 3310 1164 3377 purilas
1189 3317 1242 3362 et
1278 3306 1592 3377 καθαρότης
1617 3309 1948 3376 appellatur.

365 3389 534 3443 Porro
567 3381 928 3449 Ἕλληνες-μὶν
954 3376 1050 3433 cur
1080 3391 1276 3449 novum
1329 3376 1556 3444 aliquid
1593 3389 1782 3433 noster
1833 3393 1952 3432 esse

362 3458 528 3512 dicat.
565 3466 668 3520 ego
695 3447 913 3521 quidem
947 3463 1054 3502 non
1090 3447 1265 3521 video,
1292 3461 1415 3521 cum
1444 3460 1512 3501 eo
1543 3463 1677 3521 usus
1704 3451 1776 3503 sit
1800 3449 1952 3504 Aris-

364 3528 577 3583 toteles.
604 3516 824 3583 libfm,
859 3520 1012 3573 Rhet.
1049 3534 1096 3581 ρ.
1133 3517 1186 3571 5.
1222 3516 1380 3572 Forte
1403 3519 1556 3572 loeus
1583 3520 1700 3586 ejus
1726 3535 1835 3574 non
1861 3535 1954 3573 oc-

365 3601 646 3659 currebat,
671 3600 764 3647 aut
799 3599 957 3645 aetate
990 3587 1169 3643 Nostri
1207 3587 1379 3659 magis
1411 3602 1439 3639 a
1468 3589 1794 3656 quibusdam
1861 3589 1949 3645 illa

369 3682 499 3736 pars
530 3657 1114 3736 erigebatur._propter
1134 3657 1527 3724 barbarismos,
1553 3659 1752 3728 quibus
1769 3659 1951 3731 lingua

375 3733 560 3792 Grzeca
583 3744 696 3788 tum
719 3733 986 3787 scatebat.

437 3807 514 3875 (5)
538 3806 637 3872 Ὠς
659 3804 695 3872 ἠ
725 3803 1050 3875 σαφήνεια.
1073 3801 1144 3875 Ex
1155 3800 1607 3875 ponitpraeceden
1618 3809 1696 3854 tes
1719 3811 1956 3867 quatuor

369 3871 621 3939 virtutes,
655 3889 718 3928 ac
749 3872 1027 3940 quomodo
1072 3874 1235 3928 etiam
1287 3871 1376 3925 illa
1429 3871 1774 3940 contineant,
1832 3889 1954 3940 qme

369 3947 661 4016 requirunt
718 3939 965 4016 oratores
1023 3941 1144 4016 alii.
1207 3945 1325 4016 ipse
1350 3939 1957 4016 _eti3m_llermogcnes

365 4011 626 4076 ostendit,
658 4027 821 4082 quam
849 4014 1004 4077 bene,
1041 4015 1155 4082 ipse
1192 4011 1409 4066 viderit.
1435 4011 1697 4080 Equidem
1729 4011 1957 4065 Hormo-

364 4091 486 4159 geui
523 4089 576 4148 in
611 4081 754 4159 ldeis
783 4099 891 4137 non
949 4081 1051 4138 fuit
1103 4083 1467 4159 propositum,
1517 4090 1759 4159 quatuor
1823 4085 1956 4159 istas

365 4153 676 4213 monstrare
707 4153 957 4210 virtutes.
997 4161 1090 4207 aut
1137 4153 1217 4207 iu'
1251 4161 1458 4220 septem
1517 4153 1668 4205 ideas
1725 4153 1957 4220 amplili-

365 4243 513 4292 care,
551 4227 740 4293 sicque
772 4237 1053 4276 numerum
1088 4238 1211 4276 eum
1266 4235 1487 4292 augere,
1547 4222 1722 4275 multo
1775 4224 1957 4278 minus

371 4297 490 4352 istis
543 4307 838 4363 opponere,
870 4294 962 4346 sed
1020 4302 1214 4361 praater
1266 4293 1366 4346 ista
1427 4302 1682 4363 quatuor.
1719 4308 1840 4359 qtae
1904 4295 1955 4347 in

362 4367 509 4423 omni
567 4361 816 4419 oratione
847 4362 1200 4432 requiruntur
1221 4403 1234 4422 ,
1267 4361 1556 4416 ostendere
1581 4369 1809 4430 septem,
1848 4378 1954 4417 non

363 4437 636 4493 Contraria
696 4433 817 4488 istis
874 4443 1130 4500 quatuor,
1165 4433 1259 4486 sed
1295 4444 1472 4484 tamen
1512 4433 1955 4501 d-iversa,qlt:nin

365 4505 1082 4562 Orationibusinveniuntur
1115 4504 1273 4556 modo
1303 4503 1478 4570 plura,
1500 4504 1658 4553 modo
1681 4502 1952 4569 pauciora,

2052 1973 2189 2028 Nam
2257 1973 2312 2027 in
2343 1972 2776 2043 praecedentibus
2817 1990 2922 2029 non
2951 1983 3060 2029 tam
3098 1973 3444 2038 monstravit,
3485 1977 3627 2028 unde

2053 2045 2361 2110 proveniat,
2394 2059 2559 2112 quam
2586 2058 2706 2112 qum
2740 2055 2923 2113 partes
2961 2046 3079 2114 ejus
3109 2045 3239 2110 sint,
3296 2058 3417 2112 quae
3450 2045 3624 2114 ipsum

2051 2115 2410 2169 constituant.

2127 2185 2207 2255 (7)
2237 2185 2356 2251 Τῆς
2389 2186 2756 2253 ὠραιότητος
2786 2186 2885 2240 ναὶ
2911 2188 3020 2242 τοῦ
3051 2184 3346 2248 κάλλους.
3370 2185 3510 2242 Puto
3539 2186 3630 2242 hic

2052 2255 2359 2328 addendum
2389 2272 2510 2310 esse
2559 2271 2624 2310 ex
2655 2257 3014 2328 sequentibus
3048 2258 3209 2328 ἔργον
3236 2258 3330 2308 τοῦ
3373 2260 3627 2328 ῥήτορος.

2053 2323 2182 2378 Vult
2209 2335 2537 2390 monstraro,
2562 2342 2682 2392 qum
2709 2327 2760 2379 in
2792 2338 3006 2381 oratore
3035 2323 3403 2393 requirantur,
3435 2323 3629 2381 utvir-

2052 2397 2258 2451 intibus
2289 2397 2594 2451 istiusmodi
2649 2410 2848 2449 ornare
2883 2398 3186 2451 orationem
3237 2410 3392 2450 suam
3437 2398 3628 2466 possit.

2052 2467 2130 2519 Ac
2161 2472 2226 2522 ad
2269 2468 2498 2534 primam
2533 2467 2774 2531 quidem,
2813 2466 2865 2520 id
2898 2479 2984 2522 est
3017 2466 3629 2533 perspicuitatem,duo,

2057 2536 2156 2602 ait,
2179 2549 2308 2592 sunt
2345 2538 2680 2607 necessaria,
2705 2537 2980 2607 ὡραιότης
3002 2540 3095 2592 καὶ
3119 2536 3335 2591 κάλλος.
3367 2538 3506 2603 Quid
3537 2554 3632 2606 per

2051 2610 2160 2664 duo
2183 2610 2284 2664 ista
2317 2606 2608 2677 signiticet,
2632 2606 2902 2662 nonsatis
2935 2623 3221 2678 assequor.
3263 2607 3365 2661 nisi
3402 2609 3632 2662 velimus

2049 2681 2254 2737 referre
2277 2679 2338 2732 ad
2362 2679 2624 2739 animum,
2650 2680 2924 2745 quomodo
2945 2694 3066 2732 mox
3091 2678 3387 2746 συντομίαν
3414 2689 3635 2746 quoque

2052 2753 2177 2806 inde
2209 2750 2446 2804 deducit.
2489 2747 2568 2802 Ac
2597 2748 2703 2801 hoc
2736 2749 2958 2816 quidem
2996 2759 3153 2815 pacto
3215 2749 3491 2818 ὡραιότηε
3537 2764 3632 2815 op-

2050 2823 2176 2892 poni
2214 2819 2587 2892 obscuritati,_
2614 2827 2708 2872 aut
2756 2819 3126 2892 tenebrositati
3186 2834 3345 2892 posse
3382 2819 3628 2892 videtur,

2049 2885 2247 2953 Ξιάλλος
2295 2889 2660 2957 negligentiae,
2708 2889 3018 2956 supinitati,
3061 2888 3344 2950 tumultui,
3377 2885 3633 2952 fteditati,

2052 2963 2210 3030 quasi
2253 2961 2420 3023 dicat,
2446 2958 2753 3030 requiriad
2812 2959 3068 3013 virtutem
3127 2958 3545 3030 perspicuitatis
3577 2957 3634 3012 in

2051 3029 2301 3088 Oratione
2357 3029 2794 3093 exprimendam.
2826 3037 2884 3081 ut
2911 3039 3098 3083 orator
3125 3029 3404 3096 ingenium
3442 3030 3637 3083 habeat

2050 3111 2299 3169 apertum
2357 3100 2555 3169 primo,
2583 3098 3071 3169 deindeexmltum
3095 3109 3147 3152 et
3177 3099 3378 3152 laboris
3404 3101 3633 3166 patiens,

2053 3167 2136 3228 vel
2170 3171 2312 3238 quod
2341 3168 2474 3222 alias
2503 3184 2610 3221 uno
2644 3167 2959 3236 eilicacique
2984 3170 3168 3233 verbo,
3201 3170 3422 3237 elegans
3449 3169 3636 3225 vocari

2054 3243 2212 3298 solet.

2129 3310 2207 3385 (8)
2239 3307 2356 3374 Τῆς
2387 3311 2815 3385 μ-εγαλοςουὶξας.
2839 3307 3368 3385 Magnanimosenim
3394 3309 3640 3385 oratione

2055 3377 2268 3436 uti'non
2299 3381 2530 3447 prolixa,
2565 3380 2656 3433 sed
2709 3379 2856 3433 brevi
2889 3377 3124 3434 certum.
3186 3377 3324 3430 llinc
3364 3378 3505 3443 apud
3532 3377 3640 3430 Ta-

2056 3455 2221 3507 citum
2257 3449 2615 3519 Imperatoria
2642 3449 2896 3509 brevitas,
2948 3466 3047 3517 pro
3073 3464 3159 3512 ea,
3192 3464 3314 3519 qua:
3345 3449 3640 3519 imperato-

2057 3537 2144 3578 res
2173 3517 2432 3588 virosque
2455 3535 2647 3585 graves
2679 3521 2852 3574 decet.
2887 3519 3016 3574 Vide
3069 3534 3195 3574 eum
3229 3518 3323 3574 lib.
3389 3535 3426 3581 ι,
3495 3517 3633 3572 Hist.

2057 3610 2106 3649 c.
2144 3592 2234 3646 18.
2296 3591 2352 3644 lu
2391 3601 2610 3644 oratore
2663 3590 2829 3653 igitur
2860 3598 2917 3643 ut.
2976 3589 3257 3660 ingenium
3289 3589 3532 3657 elegans,
3560 3589 3640 3644 sic

2058 3663 2276 3720 animus
2309 3675 2556 3729 magnus
2571 3661 2890 3728 requiritur.

2133 3733 2210 3800 (9)
2246 3727 2492 3798 Τέχνὴς.
2511 3727 2597 3802 Ex
2620 3727 2725 3802 qua
2751 3733 2894 3785 novit
2924 3745 3020 3802 pro
3039 3743 3231 3786 natura
3257 3744 3440 3787 rerum
3464 3730 3634 3802 loqui,

2058 3799 2242 3857 omnia
2295 3799 2689 3855 convenienter
2737 3801 3008 3866 personis,
3082 3803 3462 3870 temporibus,
3501 3801 3637 3854 locis

2057 3875 2262 3932 dicere,
2310 3887 2417 3940 qua
2455 3881 2649 3924 cuncta
2714 3871 2876 3925 docet
2922 3885 3011 3925 ars
3070 3868 3362 3927 rhetorica.
3426 3868 3490 3924 Et
3540 3872 3643 3924 hoc

2061 3945 2308 4003 tertium,
2335 3940 2477 4010 quod
2509 3940 2560 3993 in
2589 3950 2810 4013 oratore
2839 3945 3212 4013 necessarium
3273 3950 3470 4013 praeter
3521 3940 3643 3993 ani-

2057 4029 2206 4067 mum
2248 4026 2526 4079 magnum,
2583 4019 2637 4065 et
2671 4011 2946 4079 ingenium
2999 4011 3216 4080 elegans
3258 4011 3324 4068 ac
3365 4018 3640 4080 apertum,

2060 4098 2151 4138 ars
2197 4082 2597 4149 videlicet,qua
2636 4083 2739 4136 ista
2773 4083 2958 4135 omnia
3018 4081 3213 4135 idonee
3270 4100 3333 4139 ac
3379 4084 3639 4136 decenter

2059 4151 2493 4226 s_ciat_prof_erre,
2527 4152 2872 4226 orationique
2903 4167 3016 4226 suae
3044 4153 3199 4206 fidem
3229 4154 3424 4226 facere.

2131 4223 2242 4294 (10)
2292 4221 2408 4290 Τῆς
2439 4220 2871 4294 πολυμαθείας.
2907 4220 3171 4294 Quartum
3206 4220 3350 4293 quod
3383 4223 3433 4294 in
3459 4232 3644 4277 orato-

2059 4310 2118 4350 re
2140 4292 2529 4352 necessarium,
2557 4294 2702 4346 varia
2729 4293 3125 4361 cruditio,puta
3144 4292 3351 4355 dediis,
3384 4292 3450 4345 de
3479 4293 3646 4349 rebus

2063 4364 2425 4424 naturalibus,
2461 4364 2527 4415 tle
2562 4361 2839 4428 republica
2869 4364 3124 4431 illiusque
3151 4364 3434 4430 multiplici
3471 4364 3649 4416 admio

2063 4435 2408 4494 nistratione,
2441 4432 2508 4484 de
2537 4431 2704 4497 bello,
2762 4440 2817 4484 et
2865 4447 3024 4499 pace,
3052 4434 3118 4486 de.
3151 4434 3361 4499 legibus
3397 4447 3461 4485 ac
3496 4435 3643 4499 jure,

2063 4513 2117 4557 et
2147 4519 2266 4573 qua:
2289 4502 2390 4555 alia
2429 4511 2555 4573 sunt
2584 4500 2747 4570 hujus
2776 4501 3012 4568 generis.
3041 4500 3142 4573 Ista
3172 4504 3316 4556 enim
3340 4510 3490 4573 sunt,
3524 4506 3646 4569 qu:e

365 4591 463 4647 pro
488 4575 693 4629 ratione
733 4573 1124 4647 argumentiac
1163 4573 1424 4647 materiae.
1461 4587 1582 4638 qua!
1633 4579 1956 4647 tractantur.
1994 4583 2036 4638 ι)
2063 4570 2370 4628 orationem
2401 4570 2637 4626 reddunt
2694 4585 2936 4641 gravem,
2978 4571 3194 4641 quoties
3249 4573 3297 4626 ei
3339 4571 3646 4626 admiscen-

443 4647 520 4717 (1)
556 4642 993 4717 Μυριολεξιῶν.
1020 4641 1110 4696 Sic
1139 4642 1396 4717 appellat,
1418 4657 1540 4708 qua
1559 4642 1960 4717 a__tnultitudine

368 4711 726 4784 ttsur'pantnr.
759 4715 1193 4784 quomodotrpud
1219 4711 1508 4784 Pollucem
1565 4711 1660 4764 lib.
1696 4727 1772 4772 vr,
1834 4729 1953 4784 cap.

367 4789 438 4842 55
467 4804 482 4841 :
511 4781 888 4855 ’Μυριόλεκεεον
934 4799 996 4837 ex
1030 4781 1676 4855 Kenopleiteidemest
1707 4796 1770 4835 ac
1796 4782 1960 4855 πολυυ

368 4850 688 4925 comma...
711 4853 1012 4922 γνώριμον.
1029 4850 1205 4922 δῆλον.
1231 4852 1323 4925 Est
1343 4851 1507 4925 igitur
1533 4850 1674 4904 idem
1702 4867 1765 4905 ac
1788 4852 1957 4925 καθα-

370 4927 485 4998 ρὸν,
537 4921 937 4987 ἀκατάσκευον,
969 4925 1196 4994 simplex
1231 4921 1675 4988 inartiliciosum,
1701 4923 1956 4977 omnibus

369 5010 580 5054 uotum.
978 5015 986 5021 ‘

437 5069 514 5136 (5)
543 5065 958 5136 Σαφηνισμοῦ.
1010 5064 1128 5120 Non
1153 5064 1329 5128 video,
1352 5063 1629 5134 quomodo
1649 5062 1762 5116 lucc
1785 5062 1954 5136 altera

367 5135 450 5192 sit
475 5135 788 5206 pars,’quze
840 5139 904 5190 ad
959 5139 1260 5204 σαφήνειαν
1310 5136 1642 5206 requiritur;
1683 5135 1953 5201 σαφήνεια

363 5205 947 5275 Hermogenictlicitur
973 5207 1038 5257 ἐκ
1072 5206 1234 5272 λόγου
1279 5205 1678 5272 καθαρότητος,
1739 5220 1833 5257 seu
1896 5215 1952 5256 ut

361 5279 579 5341 Noster,
616 5276 992 5347 μυριολεξῐῶν’
1019 5275 1087 5329 de
1121 5275 1465 5347 σαφηνισμοῦ
1491 5275 1575 5347 nil
1599 5275 1865 5342 laquitur,
1885 5283 1950 5347 et

363 5352 489 5418 qttid
523 5343 628 5418 est,
661 5343 928 5418 σαφήνεια
958 5345 1144 5418 ηιᾲπδ
1184 5346 1269 5418 ve_l
1301 5347 1367 5396 ὲκ
1412 5345 1514 5418 -του
1561 5343 1954 5418 σαφηκιισμοῦῖ

362 5413 711 5487 perspicuitas
735 5413 800 5484 ﬁt
821 5433 852 5468 α
883 5416 1160 5487 perspicuo
1183 5414 1206 5466 ?
1227 5413 1608 5487 Tautologiam
1644 5413 1807 5483 sapit.
1843 5414 1950 5468 Sed

363 5484 502 5543 forte
531 5503 626 5556 per
645 5489 746 5542 hoc
765 5501 961 5540 nomen
981 5485 1177 5539 Noster
1195 5485 1433 5552 respexit
1455 5484 1519 5556 ad
1544 5490 1948 5556 tractationem,

365 5570 421 5611 ct
457 5555 565 5611 non
593 5561 755 5613 modo
788 5562 954 5610 verba
981 5556 1126 5610 clara
1161 5567 1214 5609 ct
1241 5569 1374 5623 pura
1407 5555 1472 5606 ad
1511 5555 1946 5623 perspicuitatem

363 5629 615 5698 requirit,
647 5644 835 5681 verum
868 5637 914 5680 el
952 5621 1252 5698 verborum
1279 5621 1718 5698 collocationem,
1745 5634 1950 5698 tracta-

364 5693 678 5768 tione-mque
710 5699 880 5752 tutius
909 5694 1170 5768 orationis
1204 5711 1308 5748 non
1349 5693 1677 5768 intricatum,
1706 5696 1798 5748 sed
1838 5695 1951 5762 pla-

361 5785 488 5823 nam
528 5765 960 5837 siitiplicettitjtie,
997 5767 1210 5837 ipsique
1228 5765 1646 5837 respondentem
1717 5775 1944 5820 natm-te.

435 5839 512 5906 (6)
539 5834 716 5893 Ἔάτι
745 5837 812 5890 δὲ
850 5834 981 5904 ἑῆς.
1014 5834 1261 5891 Ostendit
1297 5835 1438 5888 unde
1486 5834 1742 5902 plarditta
1775 5837 1945 5889 \it'tus

367 5911 598 5980 oriatur,
631 5911 908 5981 quomodo
943 5907 1074 5964 facit
1093 5917 1147 5965 et
1173 5907 1228 5963 in
1246 5907 1602 5977 sequentibus
1620 5907 1930 5962 virtutibus.

2064 4652 2172 4697 tur.
3626 4682 3633 4690 ,

2137 4715 2154 4778 (
2164 4713 2251 4779 11)
2281 4715 2347 4766 ΑΙ
2378 4710 2518 4777 παρ’
2561 4710 2898 4778 Ἰιζομογένει
2927 4711 3077 4766 ἰδέαι
3110 4710 3282 4766 ἑπτά.
3325 4710 3442 4766 Dixi
3465 4716 3531 4767 de
3563 4714 3648 4769 his

2064 4784 2267 4852 aliquid
2299 4783 2352 4836 in
2384 4783 2840 4852 praecedentibus,
2869 4792 2922 4836 ct
2951 4783 3380 4850 insequentibus
3399 4793 3647 4852 apparet,

2061 4851 2224 4921 quam
2258 4855 2495 4917 obtorto,
2527 4851 2671 4921 quod
2705 4853 2858 4906 aiuot
2883 4854 3025 4906 collo
3055 4854 3256 4921 aliqua:
3279 4851 3650 4908 harum’idea-

2061 4938 2181 4976 rum
2215 4926 2281 4977 ad
2313 4925 2545 4976 virtutes
2593 4923 2964 4989 praecedentes
2999 4924 3327 4978 refcrantur.

2135 4995 2250 5062 (12)
2279 4993 2385 5048 Καὶ
2415 4994 2479 5045 τὸ
2517 4991 2752 5057 κάλλος
2789 4993 3116 5062 ῥητορικοῦ
3140 4995 3355 5061 λόγου.
3397 4994 3538 5049 Duas
3562 4994 3651 5048 hic

2065 5059 2435 5132 Hermogenes
2462 5073 2711 5117 recenset
2739 5064 2910 5128 ideas,
2940 5059 3046 5120 sub
3077 5079 3184 5117 una
3211 5059 3414 5119 virtute
3470 5082 3653 5132 σαφης

2061 5135 2236 5196 νείας.
2263 5133 2338 5186 De
2369 5135 2558 5204 priore
2609 5143 2820 5204 certqu
2873 5146 2979 5198 est,
3013 5136 3079 5189 de
3107 5138 3412 5204 posteriore
3447 5139 3650 5191 minus.

2063 5207 2208 5258 Sane
2242 5201 2390 5258 omni
2420 5201 2841 5276 pulchritudini,
2900 5221 3022 5272 qua:
3052 5201 3378 5276 llérmogeui
3429 5206 3650 5269 κάλλος,

2059 5285 2156 5329 aut
2218 5274 2494 5328 venustati
2568 5273 2711 5327 inest
2766 5277 3047 5346 σαφήνεια
3101 5292 3197 5330 seu
3260 5273 3652 5346 perspicuitas,

2059 5353 2413 5417 nontamen
2451 5346 2567 5397 vice
2627 5357 2780 5398 Versa
2853 5345 3118 5414 quidquid
3167 5345 3543 5417 perspicuum,
3599 5346 3659 5401 itl

2058 5416 2243 5470 statim
2271 5415 2563 5486 pulchrum
2599 5420 2652 5464 et
2685 5429 2966 5470 ornatum.
3007 5418 3120 5472 Nec
3155 5415 3400 5486 profecto
3461 5432 3661 5486 verum.

2055 5499 2178 5540 esse
2206 5495 2354 5552 puto,
2382 5483 2527 5553 quod
2555 5487 2826 5549 sequitur,
2863 5487 2964 5539 οὐκ
2999 5483 3207 5541 ἰδιώτου
3241 5488 3335 5540 καὶ
3384 5484 3660 5547 ἀκαλλοῦς

2055 5555 2218 5624 λόγου
2255 5560 2557 5624 σαφήνειαν
2597 5554 2761 5619 εἶναι,
2796 5559 2877 5610 vel
2914 5559 3182 5624 plebeium
3215 5568 3268 5610 et
3333 5557 3657 5610 inornatum

2055 5641 2360 5698 sermunetn
2402 5641 2588 5692 carere
2647 5624 3061 5698 perspicuitate.
3084 5629 3283 5682 Contra
3343 5626 3488 5681 enim
3531 5641 3660 5698 sen-

2057 5701 2119 5750 tit
2157 5697 2550 5777 Hermogenes,
2596 5708 2654 5777 nt
2704 5699 2798 5766 qui
2839 5700 3320 5777 in_perspicuitate
3353 5699 3437 5752 vel
3471 5697 3648 5752 maxi-

2052 5781 2138 5820 me
2164 5769 2391 5836 requirit
2425 5769 2724 5822 sentcntias
2772 5772 3031 5823 omnibus
3080 5779 3260 5833 notas,
3296 5784 3456 5824 voces
3507 5782 3658 5822 ccut-

2053 5853 2245 5889 muncs
2313 5839 2691 5906 vulgaresque,
2720 5839 3208 5894 conformationem
3268 5838 3535 5897 orationis
3568 5839 3664 5891 de-

2045 5919 2274 5972 ccntcm,
2334 5921 2535 5962 rectam
2603 5921 2656 5964 et
2699 5911 3027 5981 simplicem,
3060 5929 3178 5982 qua:
3236 5912 3418 5968 omnia
3475 5910 3662 5969 ipsum
