4152 6280
591 442 732 507 1055

1780 430 2145 490 ΜΑΤΤΠΑΞΙ
2191 430 2277 489 CA
2291 433 2338 489 Μ
2353 432 2389 486 Α
2403 431 2447 488 R
2465 430 2648 490 ΙΟΤιὶἱ

3722 427 3864 492 1056

591 565 796 614 tionem
825 555 1050 610 faciunt.
1083 552 1139 608 Si
1172 551 1302 622 quis
1344 550 1487 605 enim
1551 550 1735 604 minus
1793 558 1918 616 apte
1989 562 2167 600 mores

2274 550 2544 614 πισμένου
2592 544 2816 615 δηλοῦσι
2858 544 3184 613 σαφήνειαν,
3211 543 3325 596 ἀλλ’
3360 544 3462 596 οὐκ
3511 543 3733 597 ἰδιώτου
3769 548 3865 598 καὶ

591 651 857 709 imitatur,
885 655 938 700 et
973 645 1023 698 vi
1055 643 1326 698 orationis
1368 657 1510 696 verte
1537 642 1708 696 utitur
1730 639 2166 695 circumstantiis

588 750 643 794 et
701 736 986 793 sententiis
1028 715 1507 793 convenientibus,
1557 740 1613 785 et
1675 729 1862 798 llgtnis
1913 729 2166 792 diversis.

589 829 684 884 sed
720 827 998 883 contrario
1023 824 1136 878 haec
1166 823 1320 876 eﬂ’ert
1381 822 1561 886 modo,
1633 837 1740 874 non
1792 819 2009 874 videtur
2065 820 2169 875 (ide

590 921 788 989 dignus
823 925 1033 972 orator.
1060 913 1218 982 Quod
1256 922 1436 968 autem
1481 912 1800 979 magnitudo
1851 911 2042 966 eadem
2098 910 2169 967 sit

591 1027 716 1066 cum
741 1009 1031 1080 gravitate,
1069 1022 1227 1062 nemo
1275 1015 1459 1073 negat.
1513 1004 1605 1058 Vis
1633 1019 1781 1068 vero,
1814 1004 2169 1073 quemadmo-

591 1103 721 1156 dum
755 1099 1018 1164 diximus,
1075 1107 1180 1163 est,
1237 1097 1496 1151 omnibus
1555 1097 1640 1151 his
1701 1096 1805 1150 rite
1863 1098 1963 1150 uti.
2027 1093 2170 1148 Sunt

592 1195 757 1262 igitur
788 1201 1027 1261 quatuor
1058 1192 1286 1244 virtutes
1317 1189 1604 1244 rhetorica:
1634 1188 1928 1252 orationis,
1955 1190 2169 1259 perspi-

589 1286 790 1347 cuitas,
816 1284 1078 1346 brevitas,
1122 1281 1498 1348 probabilitas,
1524 1280 1784 1349 gravitas.
1828 1279 1895 1334 Et
1933 1280 2002 1334 ab
2038 1281 2171 1351 ipsis

589 1378 694 1442 vis,
722 1391 846 1444 qua:
873 1376 927 1430 in
949 1385 1067 1430 arte
1097 1373 1463 1444 principatum
1491 1374 1724 1428 obtinet.

657 1468 854 1523 Videat
899 1469 1067 1537 igitur
1105 1467 1362 1536 quilibet,
1422 1466 1512 1528 qui
1574 1467 1738 1528 volet,
1796 1475 1909 1521 tum
1958 1464 2168 1519 'librum

587 1559 936 1629 partitionem
954 1559 1395 1622 convenientem,
1430 1571 1552 1626 quae
1577 1565 1814 1625 quatuor
1846 1552 2172 1608 narrationis

587 1651 1003 1719 comprehendit
1029 1649 1264 1704 virtutes
1296 1649 1620 1713 rhetoricas,
1647 1657 1701 1701 et
1739 1660 1842 1700 una
1873 1660 1996 1699 cum
2034 1644 2171 1711 ipsis

588 1743 697 1796 vim
724 1742 1156 1813 gravitatemque
1215 1739 1614 1801 continentem,
1642 1737 1907 1804 scripturn
1943 1751 1973 1791 a
2023 1734 2171 1790 Rhe-

589 1842 709 1887 tore
772 1849 836 1886 ex
903 1831 1321 1886 Mercurialibus
1355 1831 1550 1890 antris,
1582 1845 1702 1896 quae
1725 1829 1976 1897 Orpheus
2012 1844 2169 1898 pera-

587 1939 774 1995 grasse
801 1924 1022 1986 dicitur,
1054 1934 1100 1978 et
1122 1923 1494 1992 circumjectis
1518 1922 1588 1977 ibi
1611 1922 1838 1978 callibus
1863 1923 2169 1991 przeruptis,

585 2031 726 2085 quas
755 2015 1046 2080 Isocrates,
1070 2026 1124 2070 et
1156 2015 1368 2088 Lysias,
1401 2025 1454 2070 et
1488 2014 1907 2075 Demosthenes,
1944 2031 2166 2071 eorum-

586 2126 691 2179 que
717 2111 1003 2173 comtanei,
1024 2120 1078 2164 et
1108 2126 1214 2163 una
1243 2124 1365 2163 cum
1400 2109 1532 2178 ipsis
1563 2109 1720 2178 pauci
1742 2108 1907 2177 aliqui
1929 2123 2167 2178 occupa-

587 2212 781 2256 verunt
803 2211 1072 2256 oratores.
1103 2201 1223 2255 Non
1251 2209 1432 2254 autem
1477 2201 1580 2254 ista
1621 2199 1722 2254 fori
1787 2210 2164 2270 purgamenta,

585 2291 774 2346 eodem
801 2305 1019 2360 semper
1081 2289 1246 2344 modo
1295 2289 1524 2343 vetustis
1550 2289 1658 2344 illis
1712 2302 1925 2358 ornata,
1969 2305 2166 2359 neque,

587 2383 728 2444 illus,
763 2383 960 2450 quibus
1013 2381 1187 2452 Syrus
1249 2381 1456 2435 Rhetor
1479 2381 1634 2440 dicit,
1669 2391 1723 2434 et
1753 2380 1947 2448 ligneis
1972 2382 2168 2438 vestris

584 2473 1102 2528 convcrsationibus
1143 2471 1421 2526 inﬂamur.
1481 2471 1711 2540 Oportet
1762 2481 1946 2526 autem
2001 2471 2170 2540 probe

583 2564 940 2619 consulturos
975 2580 1106 2625 non,
1161 2563 1428 2634 exigendo
1480 2563 1572 2633 jus
1603 2578 1786 2627 omne,
1814 2577 2034 2627 nocere,
2075 2562 2170 2618 sed

583 2655 858 2711 adferendo
883 2657 958 2719 id,
991 2656 1135 2726 quod
1157 2671 1375 2727 azquum
1408 2665 1511 2717 est,
1535 2657 1836 2710 utilitatem
1871 2655 2092 2710 all'erre.

2269 639 2563 700 ἁκαλλοῦς.
2607 637 2671 692 ’11
2721 637 2991 706 γοργότης
3043 635 3100 690 δὲ
3158 637 3422 706 συντομία
3479 638 3595 704 (15)
3633 639 3865 700 πάντως

2272 733 2414 786 ἐστί.
2446 731 2522 784 τὸ
2559 725 2691 800 ἦθος
2723 731 2816 784 καὶ
2843 730 2876 796 ἡ
2907 729 3142 797 ἀλήθεια
3178 729 3291 795 (14)
3319 730 3412 782 τὸν
3441 731 3675 782 πιθανὸν
3698 730 3867 795 λόγον

2275 824 2548 877 ποιοῦσιν.
2581 824 2643 876 Εί
2674 823 2784 892 γὰρ
2821 821 2896 892 μὴ
2947 821 3242 891 προσφυῶς
3273 839 3356 881 τις
3386 825 3608 891 μιμοῖτο
3642 824 3720 874 τὰ
3759 823 3868 890 ἢθη

2273 913 2366 968 καὶ
2409 915 2475 984 τῇ
2505 913 2744 982 δμφάσει
2774 911 2869 965 τοῦ
2904 911 3167 982 ἀληθινοῦ
3200 911 3361 978 λόγου
3398 911 3579 980 χρῷτο
3606 914 3731 974 τοῖς
3769 929 3870 962 πε-

2275 1007 2630 1074 ριστατικοῖς,
2683 1003 2777 1055 καὶ
2817 1004 2937 1064 ταῖς
2972 1001 3272 1054 ἐπιεικέσιν
3312 1001 3568 1064 ἐννοίαις,
3608 1002 3709 1054 καὶ
3751 1002 3870 1061 τοῖς

2271 1095 2642 1157 διστακτικοίς
2677 1094 2982 1163 σχήμασιν,
3027 1092 3147 1146 ἀλλ’
3196 1092 3442 1145 ἐναντίον
3476 1092 3648 1146 ταῦτα
3691 1091 3870 1158 ἐκφέ-

2275 1203 2392 1258 ρειο
2423 1188 2522 1241 οὐκ
2557 1188 2621 1241 ἂν
2652 1187 2880 1249 πιθανὸς
2911 1187 3084 1251 δόξειε
3125 1187 3333 1256 ῥήτωρ.
3364 1186 3438 1238 Τδ
3473 1187 3714 1256 μέγεθος
3753 1187 3870 1255 (IS)

2271 1279 2350 1342 δὲ,
2383 1280 2464 1332 ὅτι
2500 1278 2696 1334 ταυτὸν
2730 1279 2847 1331 ἐστι
2895 1279 2960 1347 τῇ
3011 1279 3495 1350 μεγαλοπρεπείᾳ,
3535 1280 3718 1342 οὐδεὶς
3775 1280 3874 1331 ἀνα

2271 1374 2443 1440 τερετ.
2491 1370 2552 1424 ’11
2590 1371 2835 1438 δεινότης
2860 1370 2973 1437 (16)
3001 1371 3082 1433 δὲ,
3111 1371 3299 1439 ὥσπερ
3333 1373 3661 1441 ἕφημεν.’τδ
3695 1374 3784 1433 είς
3810 1372 3874 1424 τὸ

2237 1461 2390 1514 οδέον
2436 1461 2648 1522 τούτοις
2703 1464 2842 1514 πᾶσι
2893 1463 3155 1531 χρῆσθαι.
3198 1463 3478 1534 Τέσσαρες
3515 1461 3610 1519 οὖν
3662 1467 3874 1535 ἀρεταὶ

2275 1552 2574 1624 ῥητορικοῦ
2614 1553 2798 1621 λόγου,
2850 1555 3145 1621 σαφήνεια,
3190 1555 3485 1623 συντομία,
3531 1557 3872 1626 πιθανότης.

2276 1644 2748 1715 μεγαλοπρέπεια,
2810 1645 2905 1697 καὶ
2961 1644 3052 1696 ἐπ’
3113 1646 3305 1708 αὑταῖς
3361 1649 3392 1716 ἡ
3452 1647 3705 1718 δεινότης
3769 1650 3873 1716 τῆς

2273 1733 2474 1802 τέχνης
2528 1733 2589 1786 τὸ
2625 1733 3004 1802 ἀκροκόρυωον
3061 1733 3199 1801 (17).
3247 1733 3463 1803 Ὀράτω
3510 1733 3644 1801 γοῦν
3696 1736 3815 1796 πᾶς
3845 1735 3874 1786 ὁ

2277 1825 2604 1896 βουλόμενος
2666 1827 2762 1882 καὶ
2821 1827 2921 1894 τὴν
2983 1826 3164 1896 βίϐλον
3218 1827 3320 1894 τὴν
3383 1827 3618 1895 μερικὴν
3676 1843 3872 1894 χρονι-

2277 1921 2381 1989 κὴν
2426 1919 2564 1988 (18),
2625 1921 3001 1990 πρωτοτύπως
3038 1919 3158 1988 μὲν,
3210 1919 3244 1988 ἠ
3301 1919 3399 1982 τὰς
3449 1921 3735 1989 τέσσαρας
3767 1919 3875 1985 τῆς

2277 2014 2594 2082 διηγήσεως
2644 2013 2758 2079 ἔχει
2807 2011 3107 2082 ῥητορικὰς
3157 2011 3378 2080 ἀρετὰς,
3408 2014 3500 2066 καὶ
3539 2012 3638 2063 σὺν
3671 2011 3875 2072 αὑταῖς

2274 2106 2474 2158 ἔπειτα
2525 2105 2625 2173 τὴν
2679 2105 2971 2172 δεινότητα
3021 2103 3166 2157 κατὰ
3201 2105 3408 2173 ῥήτορα
3454 2103 3747 2170 γράφοντα
3781 2103 3875 2155 διὰ

2273 2195 2384 2250 τῶν
2453 2195 2773 2265 Ἐρμαῖκῶν
2808 2195 3023 2262 ἄντρων
3077 2195 3226 2263 (19),
3285 2189 3361 2245 ὧν
3419 2192 3674 2263 Ὀρφεῦ(
3710 2193 3875 2261 λέγει

2276 2287 2646 2358 διαδραμόντα
2706 2288 2801 2340 καὶ
2852 2287 2944 2341 διὰ
2995 2285 3102 2338 τῶν
3160 2285 3587 2356 παρακρήμνων
3637 2287 3878 2338 ἐκείνων

2276 2379 2621 2446 ἀτραπιτῶν,
2657 2377 2723 2440 ἃς
2763 2378 3082 2447 Ἰσοκράτης
3134 2379 3228 2430 καὶ
3287 2378 3515 2438 Λυσίας.
3553 2376 3648 2429 καὶ
3682 2379 3876 2446 Δημο-

2279 2474 2500 2540 σθένης,
2555 2471 2649 2522 καὶ
2694 2471 2742 2523 oi
2777 2469 3070 2540 ὁμόχρονοι
3101 2469 3329 2536 τούτων,
3380 2471 3474 2522 καὶ
3511 2469 3629 2538 μετ’
3664 2468 3877 2529 αὐτοὺς

2275 2565 2452 2630 ὀλίγοι
2503 2563 2647 2626 τινὲς
2681 2561 2973 2632 διέδραμον
3025 2563 3282 2631 ῥήτορες,
3313 2561 3448 2614 ἀλλὰ
3488 2563 3564 2633 μὴ
3613 2561 3763 2614 κατὰ
3805 2561 3877 2612 τὰ

2273 2656 2514 2726 ἀγοραῖα
2570 2653 2908 2723 καθάρματα
2960 2653 3030 2707 τὰ
3085 2651 3163 2722 τῷ
3222 2653 3380 2716 ἄττα,
3428 2655 3525 2706 καὶ
3580 2652 3660 2721 τῷ
3722 2647 3877 2706 κᾶτα

582 2747 1033 2816 ἑναμδλυνόμενα
1071 2747 1212 2816 (‘20),
1253 2748 1352 2800 καὶ
1413 2738 1494 2808 οἷς
1538 2745 1727 2809 ἄλλοις
1785 2745 1814 2798 ὁ
1871 2747 2044 2818 Σύρος
2095 2747 2282 2818 ῥήτωρ
2361 2746 2476 2819 (21)
2532 2747 2690 2816 φησὶ,
2742 2747 2838 2800 καὶ
2893 2748 3016 2810 ταῖς
3074 2745 3230 2814 σφῶν
3285 2745 3572 2812 ὑποξύλοις
3650 2763 3874 2818 συμμο-

583 2864 748 2915 ctiam
799 2862 1024 2928 plebeia:
1067 2878 1131 2916 ac
1182 2862 1389 2930 vulgari
1441 2861 1701 2926 orationi,
1736 2878 1857 2930 qum
1908 2878 2009 2917 nec
2039 2863 2163 2918 aliis

583 2935 744 3016 rebus
771 2931 840 2986 ab
868 2935 1115 2986 oratione
1143 2945 1334 2985 Ornata
1359 2941 1680 3000 comptaque
1706 2940 1762 2985 et
1788 2931 1938 3002 gravi
1965 2933 2164 2988 distiu-

583 3012 789 3140 “iis?
808 3075 1115 3139 Γοργότης
1150 3069 1217 3124 δὲ
1247 3071 1571 3136 συντομία.
1596 3069 1781 3125 Τοῖιῑα
1835 3071 1977 3135 idea,
1999 3087 2162 3141 quam

584 3153 867 3210 comparat
897 3158 1018 3194 cum
1059 3144 1258 3195 virtute
1287 3141 1549 3210 secunda,
1568 3151 1622 3194 et
1647 3141 1892 3195 eamdem
1922 3143 1996 3197 ait
2017 3159 2162 3199 esse.

2273 2865 2403 2920 dare
2450 2880 2588 2931 opus
2635 2864 2962 2920 Theodectis
3009 2871 3102 2917 aut
3151 2862 3444 2933 Minuciaui
3481 2865 3682 2928 potius.
3716 2867 3871 2933 quod

2275 2936 2524 2990 ﬁrmatur
2565 2951 2650 2995 eo.
2682 2936 2940 3003 quoniam
2995 2934 3171 3004 ipsum
3213 2935 3372 3004 hunc
3397 2932 3774 3004 Minuciauuiu
3815 2937 3871 2989 in

2274 3002 2715 3072 prmcedentibus
2776 3002 3029 3071 appellat
3075 3003 3293 3070 φύσεως
3354 3002 3509 3064 Θείας
3583 3022 3870 3072 μετεσχηο

2272 3075 2385 3137 κώς
2418 3074 2822 3143 (distinguenda
2854 3075 2998 3128 enim
3043 3073 3266 3127 omnino
3295 3087 3356 3124 ea
3407 3074 3572 3128 verba
3601 3089 3630 3128 a
3662 3090 3873 3142 praece—

2277 3147 2544 3216 dentibus
2587 3144 2995 3216 τεχνογράφος,
3042 3154 3095 3198 et
3146 3144 3216 3216 ad
3278 3143 3650 3197 Minucianutn
3719 3145 3872 3198 refe-

584 3211 698 3285 Ego
735 3228 862 3285 vero
909 3211 1140 3285 multum
1175 3226 1386 3285 censeo
1418 3209 1655 3285 dilTerre.
1695 3212 1969 3280 Συντομία
2017 3217 2164 3268 enim
2194 3215 2236 3273 C
2271 3215 2486 3285 renda).
2519 3209 2818 3285 Jam"vero
2869 3209 2998 3268 illud
3049 3212 3252 3285 optime
3305 3229 3430 3269 cum
3469 3229 3545 3285 eo
3583 3216 3869 3275 convenit,

589 3284 712 3336 talis
749 3282 802 3334 in
875 3282 1120 3338 oratione
1175 3281 1434 3339 brevitas,
1466 3282 1684 3349 quando
1727 3296 2065 3348 quaecunque
2099 3286 2167 3339 ad

585 3352 1086 3416 ampliﬁcationem,
1145 3351 1588 3409 illustrationem,
1641 3352 2167 3410 circumductionem

586 3421 812 3483 iaciunt,
850 3422 1216 3487 prmeiduutur
1266 3422 1470 3483 omnia,
1504 3434 1681 3487 eaque
1712 3420 2020 3476 aﬂ‘crttntur
2052 3433 2172 3477 tan-

588 3503 722 3554 tum,
763 3507 882 3556 quae
914 3491 1237 3559 simpliciter
1269 3501 1396 3543 sunt
1431 3489 1765 3554 necessaria,
1791 3490 1908 3545 sine
1935 3493 2172 3547 circum-

588 3561 953 3624 stantiarum,
1011 3575 1340 3630 causarum,
1397 3568 1452 3614 et
1504 3559 1763 3614 similium
1826 3560 2168 3630 adiectione,

589 3630 806 3685 etiamsi
861 3633 914 3684 in
966 3632 1081 3699 ipsa
1135 3629 1386 3682 oratione
1437 3639 1685 3699 respectu
1725 3630 2014 3699 verborum
2060 3629 2172 3686 for;

587 3697 1196 3770 mularumqueomnia
1228 3697 1557 3770 sintplena’.
1603 3697 1750 3770 Talis
1789 3698 1899 3754 fere
1933 3702 2170 3757 brevitas

589 3767 1131 3838 l.aconum'luit,~in
1181 3767 1514 3836 quotidiauis
1559 3767 1722 3822 etiam
1767 3770 2078 3838 colloquiis.
2105 3775 2172 3828 At

587 3841 656 3909 ab
701 3839 802 3895 hac
851 3839 1008 3909 longe
1053 3839 1235 3894 diﬂ'ert
1281 3839 1572 3908 γοργότης,
1624 3853 1744 3905 qua:
1799 3839 1977 3894 locum
2031 3856 2172 3908 sirpe

588 3908 748 3963 habet
802 3908 1100 3976 tutu,’cum
1151 3925 1255 3962 non
1309 3910 1469 3962 modo
1509 3910 1838 3978 necessaria,
1869 3910 1962 3964 sed
2005 3926 2170 3978 prope

589 3978 863 4046 superﬂua
897 3979 1266 4041 adducuntur,
1297 3987 1350 4031 ot
1380 3978 1635 4032 consistit
1665 3977 1716 4029 iu
1750 3977 1863 4043 ipsa
1903 3977 2170 4035 brevitate

586 4050 820 4108 quadam
858 4048 1275 4107 sententiarum,
1315 4049 1632 4116 vcrburutn,
1674 4047 2056 4111 formularum,
2089 4060 2166 4116 ut,

586 4117 726 4181 Quid
781 4119 946 4186 igitur
997 4117 1237 4188 faciam?
1278 4133 1403 4188 non
1437 4115 1598 4188 eum?
1633 4130 1695 4166 ne
1742 4133 1882 4169 nunc
1935 4115 2167 4188 quidem,

595 4203 713 4239 cum
750 4185 1010 4252 accersor.
1044 4187 1224 4240 ultro?
1272 4185 1531 4246 Exclusit,
1585 4195 1808 4249 revocat,
1851 4185 2171 4242 redeamne.’

592 4254 734 4323 Non,
777 4259 823 4310 si
860 4273 939 4308 me
989 4257 1240 4310 obsecret.
1281 4256 1452 4323 Atque
1499 4254 1620 4308 ιιιιὶε
1665 4253 1923 4322 frequens
1956 4258 2008 4311 in
2051 4258 2171 4311 Sal-

588 4327 772 4390 lustio,
799 4342 958 4395 quem
1017 4327 1086 4381 ob
1128 4340 1348 4379 causam
1407 4325 1545 4379 hanc
1591 4338 1699 4378 non
1753 4327 1910 4394 pauci
1950 4328 2168 4384 brevem

588 4398 886 4464 appellant.

658 4463 971 4534 (13)Ἦθος
995 4465 1091 4518 καὶ
1116 4465 1154 4532 ἡ
1179 4467 1454 4534 ἀλήθεια.
1480 4463 1685 4531 Quarta
1717 4473 1772 4520 et
1799 4466 1989 4536 quinta
2023 4467 2166 4536 idea,

587 4547 939 4604 comparatur
971 4552 1092 4588 cum
1122 4537 1321 4588 virtute
1355 4537 1534 4591 tertia.

662 4607 774 4674 (14)
820 4606 889 4660 τὸ
924 4606 1194 4676 μέγεθος.
1227 4606 1391 4660 Sexta
1421 4605 1776 4676 Hermogenis
1807 4610 1946 4664 idea.

658 4676 770 4746 (16)
808 4678 878 4730 Ἡ
909 4675 1203 4746 δεινότηςι
1239 4676 1409 4740 Quam
1446 4677 1731 4745 distinguit
1765 4687 1951 4734 noster
1978 4693 2008 4732 a
2037 4678 2166 4734 reli-

589 4749 713 4816 quis
744 4758 979 4816 quatuor
1007 4745 1319 4808 vittutibus,
1355 4747 1480 4799 licet
1513 4762 1620 4799 non
1669 4747 1833 4802 faciat
1867 4749 2164 4813 diversam,

588 4832 710 4870 cum
744 4818 817 4869 nil
866 4815 1007 4868 aliud
1061 4816 1154 4880 sit,
1181 4830 1346 4884 quam
1379 4817 1610 4869 idoneus
1659 4817 1873 4870 illarum
1903 4819 2165 4873 virtutum

589 4901 744 4940 usus.
777 4886 911 4941 Vide
943 4901 1062 4950 quae
1087 4887 1203 4954 ipse
1237 4885 1302 4940 de
1330 4900 1394 4938 ea
1428 4886 1587 4940 habet
1624 4888 1677 4938 in
1707 4886 2163 4954 praecedentibus,

589 4967 642 5009 ct
671 4972 770 5010 nos
799 4967 924 5008 ante
950 4955 1209 5008 diximus.

655 5026 766 5095 (17)
810 5025 881 5095 Τὸ
926 5024 1366 5092 ἁχροκόρυφον.
1417 5023 1582 5079 Recte
1642 5043 1656 5080 :
1722 5027 2165 5092 quandoquidem

589 5096 796 5164 absque
839 5094 944 5146 hac
994 5095 1219 5161 reliquie
1265 5096 1498 5146 virtutes
1543 5111 1732 5150 omnes
1782 5098 1856 5149 nil
1906 5097 2164 5164 cﬂiciunt,

587 5179 764 5230 neque
795 5164 952 5215 linem
985 5179 1142 5216 suum
1176 5172 1609 5231 consequuntur.
2160 5204 2163 5205 ν

657 5233 769 5303 (18)
799 5235 917 5299 Τὴν
935 5235 1192 5300 μερικὴν
1222 5233 1534 5301 χρονικήν.
1557 5238 1726 5300 Quem
1758 5248 1941 5292 noster
1965 5237 2166 5293 librum

585 5304 838 5375 in.;‘igitet
879 5318 984 5354 tton
1042 5317 1348 5371 promptum
1388 5313 1472 5356 est
1503 5305 1732 5361 delinire
1758 5321 1779 5362 :
1808 5323 1985 5375 neque
2019 5311 2166 5362 enim

585 5373 874 5443 quisquam
909 5381 1011 5434 est,
1045 5384 1305 5444 quantum
1345 5377 1708 5444 nosfseimus,
1744 5384 1833 5444 qui
1874 5373 1927 5432 iu
1977 5379 2166 5431 rheto-

583 5441 699 5495 rico
734 5441 1075 5510 argumento
1135 5441 1332 5495 librum
1387 5443 1617 5495 cdidrrtt
1666 5441 1771 5499 sub
1826 5447 1928 5502 hoc
1986 5450 2164 5501 titulo.

583 5513 720 5584 Quia
779 5522 967 5584 tamen
1004 5511 1287 5584 sequitur,
1311 5512 1455 5563 κατὰ
1500 5513 1704 5582 ῥήτορα
1746 5519 2048 5584 γράφοντα,
2086 5519 2166 5568 iu-

583 5583 774 5654 duco_r,
795 5589 866 5654 ut
883 5581 1213 5654 existimem,
1250 5581 1607 5654 Hermogenis
1635 5581 1956 5651 partitiones
1993 5587 2166 5654 signi»-

583 5651 757 5705 Iicari.
793 5650 898 5705 SeJ
951 5651 1156 5713 obstat,
1197 5653 1340 5720 quod
1381 5650 1652 5706 rhetorem
1703 5671 1828 5707 eum
1892 5650 2076 5710 laudet
2113 5656 2168 5709 in

587 5721 964 5792 sequentibus,
985 5734 1176 5774 contra
1209 5724 1520 5789 vituperare
1551 5721 1722 5777 soleat
1750 5723 2167 5792 Hermogenem.

587 5787 684 5838 νυι
717 5791 858 5841 enim
911 5792 1015 5842 dici
1075 5799 1252 5858 potest
1301 5787 1409 5844 tam
1463 5793 1713 5845 celeriter
1771 5808 1848 5844 sui
1910 5787 2171 5846 démemi-

584 5872 752 5914 uisse.
791 5859 933 5927 Ergo
962 5875 1131 5926 magis
1160 5871 1262 5927 est,
1300 5872 1358 5914 ut
1389 5871 1640 5930 putemus
1673 5862 1895 5932 aliquod
1934 5864 2019 5918 hic
2049 5865 2172 5918 luu.

2275 3287 2416 3354 quod
2443 3283 2506 3339 de
2537 3295 2695 3340 antro
2712 3284 2962 3340 Mercurii
2990 3283 3256 3354 sequitur.
3285 3285 3398 3336 lmo
3430 3283 3644 3354 videtur
3667 3285 3873 3338 Noster

2275 3356 2412 3411 nihil
2443 3356 2586 3410 aliud
2621 3371 2779 3425 agere
2819 3355 2906 3410 his
2951 3353 3156 3414 verbis,
3196 3368 3360 3425 quam
3400 3363 3460 3406 ut
3503 3353 3731 3408 reducat
3766 3370 3872 3408 nos

2275 3426 2341 3478 ad
2396 3425 2547 3478 illum
2600 3423 2777 3492 ipsum
2815 3434 3122 3486 auctorem,
3157 3423 3300 3475 unde
3333 3423 3460 3482 ista,
3491 3438 3612 3491 quae
3639 3425 3707 3478 de
3751 3425 3867 3478 vir-

2275 3495 2482 3550 tutibus
2540 3496 2808 3552 orationis
2869 3493 3117 3554 tradidit,
3165 3492 3492 3557 desumpsit.
3539 3493 3632 3545 Ille
3680 3503 3870 3547 autem

2277 3581 2382 3617 non
2413 3563 2809 3634 Hermogenes,
2847 3565 2938 3620 sed
2966 3573 3024 3616 ut
3052 3563 3170 3634 ipse
3206 3564 3282 3615 ait
3315 3562 3867 3634 inrpraacedcntihns,

2273 3631 2760 3702 Minuciauus'est,
2787 3634 2942 3701 Quod
2968 3634 3015 3688 si
3058 3633 3172 3700 ipse
3206 3648 3310 3684 non
3345 3631 3870 3702 dix‘isset,constare

2275 3713 2454 3758 tamen
2489 3715 2696 3770 pomrat
2731 3700 2827 3758 “ex,
2843 3720 2929 3768 eo,
2963 3717 3085 3757 esse
3137 3702 3326 3764 alium,
3360 3717 3520 3770 quam
3569 3700 3871 3772 Hermoge-

2275 3789 2423 3844 nem.
2457 3775 2548 3842 qui
2584 3774 2674 3828 hic
2703 3775 3064 3844 signiﬁcatur,
3091 3773 3351 3844 quoniam
3391 3785 3651 3844 expresse
3688 3774 3870 3840 loqui-

2276 3852 2362 3896 tur
2391 3843 2458 3897 de
2479 3841 2731 3912 quatuor
2765 3841 3060 3898 virtutibus
3107 3841 3400 3912 orationis,
3432 3842 3499 3895 de
3544 3843 3746 3909 quibus
3785 3845 3870 3895 ni-

2277 3913 2347 3966 hil
2372 3909 2590 3984 scripsit
2623 3912 3012 3984 llermogenes,
3036 3909 3128 3984 sed
3187 3913 3252 3963 de
3278 3911 3418 3964 ldeis
3473 3921 3702 3984 septem,
3744 3926 3871 3984 qua!

2275 3987 2438 4036 modo
2486 3982 2716 4048 majore.
2754 3982 2916 4038 modo
2974 3983 3189 4036 minore
3261 3995 3489 4036 numero
3540 3982 3592 4035 in
3647 3983 3868 4037 virtuti-

2275 4053 2377 4107 bus
2412 4055 2534 4109 istis
2568 4053 3075 4118 deprehenduntur.

2345 4121 2455 4192 (19)
2493 4121 2828 4191 Ἐρματκῶν
2874 4124 3130 4190 ἄντρων.
3164 4121 3368 4176 Alludit
3423 4122 3488 4177 ad
3530 4122 3765 4176 fabulam
3801 4123 3868 4175 de

2274 4193 2518 4276 Orpheo,
2549 4194 2648 4274 qui
2691 4193 2892 4248 dicitur
2944 4193 3114 4260 lyram
3154 4194 3430 4276 accf-pisse
3465 4195 3544 4275 .ab
3574 4193 3862 4276 .Apolline,

2273 4261 2365 4332 qui
2417 4279 2535 4332 eam
2570 4263 2824 4330 princeps
2858 4273 3144 4328 acceperat
3181 4277 3209 4315 a
3249 4261 3519 4332 Mercurio
3574 4263 3864 4316 inventore

2272 4331 2392 4402 eius
2419 4333 2471 4386 in
2503 4331 2744 4401 Cyllene,
2773 4343 2952 4386 tuoute
2981 4331 3248 4384 Arcadiae.
3289 4331 3419 4387 Vide
3446 4332 3644 4402 llygiu.
3670 4333 3762 4384 lib.
3801 4347 3862 4396 tt,

2277 4401 2416 4456 Fab.
2447 4402 2528 4454 vel
2581 4403 2806 4470 respicit
2852 4402 3089 4455 fabulam
3143 4402 3306 4454 aliam
3341 4403 3406 4455 de
3440 4401 3714 4456 Mercurio
3763 4417 3864 4455 cu-

2275 4472 2482 4525 mulum
2533 4473 2718 4526 uescio
2762 4487 2925 4541 quem
2983 4471 3250 4525 honorum
3284 4481 3539 4525 servante
3577 4472 3630 4541 in
3680 4480 3865 4535 antro,

2201 4553 2244 4606 ι)
2277 4541 2422 4594 unde
2471 4542 2740 4596 sumsisse
2781 4539 3152 4595 eruditionem
3193 4555 3346 4610 suam
3383 4541 3561 4596 aiebat
3593 4539 3863 4610 Orpheus.

2275 4611 2480 4666 Fabula
2511 4621 2597 4667 est
2624 4611 2764 4681 apud
2787 4610 3020 4681 1‘zetaeti
3041 4618 3094 4662 et
3123 4609 3398 4681 Orpheum
3430 4613 3606 4680 ipsum
3634 4609 3685 4664 in
3724 4611 3864 4663 libro

2274 4682 2340 4736 de
2397 4678 2672 4746 gemmisJ
2718 4682 2870 4736 Adde
2923 4680 3068 4736 Junii
3138 4678 3474 4749 Adagiorutn
3532 4681 3690 4735 Cent.
3766 4696 3862 4746 vn,

2277 4753 2342 4805 ad
2380 4751 2470 4806 86.

2348 4822 2457 4890 (20)
2487 4820 2570 4887 Τῷ
2590 4821 2738 4876 ἄττα
2767 4821 2864 4874 καὶ
2891 4820 2971 4882 τῷ
3009 4813 3162 4875 κᾶτα
3194 4821 3718 4889 ἐναμόλυνόμενα.
3753 4821 3862 4877 Ge-

2274 4907 2378 4946 nus
2408 4892 2666 4961 loiptendi
2701 4891 3063 4962 proverbiale,
3110 4900 3168 4944 ut
3197 4895 3480 4957 existimo,
3513 4903 3648 4960 puto
3677 4903 3860 4946 autem

3553 4962 3862 5016 sitzuilicare

3553 4979 3859 5030 srgumcare

2347 5032 2462 5097 (ει)
2508 5034 2569 5086 '0
2605 5033 2795 5100 Σύρος
2823 5031 3044 5099 ῥήτωρ.
3096 5031 3230 5103 Quis
3275 5032 3362 5086 hic
3400 5030 3571 5103 Syrus
3623 5032 3859 5103 rhetor?

2275 5107 2355 5156 Att
2391 5105 2493 5156 hoc
2525 5106 2807 5171 proprium
2836 5103 2953 5166 ejus
2989 5102 3233 5157 nomen?
3267 5118 3393 5154 num
3433 5102 3614 5168 potius
3639 5102 3862 5155 desum-

2275 5183 2425 5242 ptum
2459 5189 2484 5226 a
2521 5173 2738 5240 patria?
2775 5173 2970 5241 Syrum
3023 5187 3177 5242 sane
3211 5172 3430 5242 proprio
3477 5173 3700 5242 nomine
3747 5173 3861 5225 scio

2276 5241 2548 5295 netttiuctn
2601 5243 2925 5296 Rhetorum.
2964 5243 3028 5294 At
3059 5258 3123 5294 ex
3166 5241 3322 5310 Syria
3351 5241 3639 5309 quosdam,
3692 5242 3861 5294 inter-

2277 5326 2382 5379 que
2411 5326 2503 5382 eas
2542 5312 2986 5382 Alldt'ttlnachlltll
3039 5311 3260 5382 Syrum,
3310 5313 3402 5378 qui
3438 5313 3572 5365 vixit
3603 5311 3860 5377 tempori-

2279 5378 2583 5450 busArTaciti
2620 5390 2673 5434 et
2698 5381 2980 5450 Aureliani
3018 5378 3193 5450 imper
3235 5391 3436 5445 torutn,
3477 5384 3550 5434 uti
3593 5381 3858 5435 discimus

2276 5467 2340 5503 ex
2373 5448 2620 5517 Euuapio
2666 5449 2786 5503 Vita
2819 5448 3127 5519 Porphyrii.
3165 5451 3294 5504 Item
3333 5450 3624 5518 Sopatrum
3663 5452 3856 5520 Syrum

2276 5535 2339 5574 ex
2387 5523 2573 5590 eodem
2627 5530 2894 5582 auclore,
2941 5525 3034 5590 qui
3086 5521 3216 5574 vixit
3261 5531 3386 5590 post
3431 5533 3672 5588 tempora
3715 5521 3861 5576 Cott-

2278 5589 2523 5642 stantini.
2556 5589 2657 5658 Sed
2708 5601 2767 5644 et.
2796 5591 3056 5658 magister
3090 5591 3209 5658 ejus
3251 5589 3588 5644 Jamblichus
3624 5593 3725 5646 fuit
3761 5591 3858 5658 Sy-

2278 5674 2392 5720 rus,
2428 5657 2863 5730 natusCltalcis,
2898 5657 3092 5730 Syriae,
3120 5657 3244 5728 qum
3283 5659 3435 5715 Coele
3476 5662 3694 5721 dicitur,
3726 5657 3858 5713 civi-

2279 5737 2387 5781 tate
2418 5728 2726 5781 notissima.
2775 5729 2850 5782 Ac
2883 5728 3120 5784 fortasse
3154 5744 3260 5782 non
3298 5730 3438 5782 alius
3490 5734 3592 5784 hoc
3642 5731 3692 5782 in
3739 5732 3858 5784 loco

2279 5797 2614 5864 indignatur,
2651 5801 3093 5867 quandoquidem
3128 5811 3180 5854 et
3215 5800 3532 5856 nominatus
3563 5813 3654 5856 cst
3684 5799 3734 5853 iu
3765 5816 3858 5855 su-

2279 5867 2608 5937 purioribus.
