4152 6280
346 366 477 431 1061

1372 365 1874 426 LAMENTATIO
1898 366 1994 426 DE
2035 364 2257 425 CPOLI
2284 365 2539 426 CAPTA.

3457 358 3601 420 1062

338 482 610 552 κυούμενα
640 479 825 550 μόνον,
868 478 1006 535 ἀλλὰ
1059 482 1152 534 καὶ
1198 482 1261 533 τδ
1293 478 1454 548 σῶμα
1486 481 1778 545 κόπτοντα,
1819 481 1901 535 καὶ

2016 472 2415 535 ιιικπιήιεείιιιιι.¹
2448 477 2582 532 Nam
2615 476 2836 533 visurus
2888 486 3005 532 erat
3044 485 3190 532 certe
3240 474 3351 541 illa,
3388 490 3509 545 quae
3544 486 3597 529 et

337 574 559 641 μυρίαις
621 571 753 624 αὐτὸ
802 570 1204 642 ταλαιπωρίαις
1257 570 1763 635 καθυποϐἀλλοντα,
1820 571 1913 623 νύ-

334 683 482 735 κτωρ
510 666 603 718 καὶ
639 663 982 734 μεθημέραν.
1010 663 1084 718 Οὐ
1116 664 1180 734 δὴ
1208 664 1391 734 θρηνῶ
1422 681 1524 732 μου
1554 662 1641 714 τὸν
1673 665 1909 734 πατέρα,

333 752 450 823 ἅμα
488 754 587 822 μὲν
627 752 847 821 πατρίδι
898 751 1297 819 συνεαλωκότα,
1350 754 1446 806 καὶ
1500 752 1708 806 δούλιον
1755 750 1912 825 ἦμαρ

335 846 538 908 ἰδόντα,
563 848 868 914 ποιητικῶς
904 845 1100 907 εἰπεῖν,
1135 843 1252 913 ἅμα
1296 844 1351 897 δὲ
1390 848 1456 916 τῇ
1508 844 1759 916 αἰσθήσει
1811 846 1908 913 τῆς

332 939 600 1006 ἀδοκήτου
657 939 749 990 καὶ
788 938 1185 1008 χαλεπωτάτης
1224 937 1437 1008 ἐκείνης
1470 938 1716 1001 δουλείας
1751 940 1911 991 πολε-

336 1031 436 1102 μίᾳ
498 1030 643 1099 χειρὶ
686 1029 746 1080 τὸ
811 1028 913 1098 ζῇν
964 1028 1382 1095 ἀπολελοιπότα,
1418 1029 1554 1100 πρὶν
1616 1028 1723 1083 τῶν
1773 1030 1913 1099 μετὰ

330 1112 507 1174 ταῦτα
544 1123 741 1189 πεῖραν
776 1121 966 1173 λαϐεῖν
1017 1122 1229 1185 δεινῶν,
1277 1122 1563 1190 ἑπομένων
1608 1122 1822 1175 πολλῶν
1856 1139 1910 1175 τε

330 1215 427 1266 καὶ
463 1213 741 1283 μεγάλων
787 1212 923 1265 ἀλλὰ
956 1213 1051 1266 καὶ
1082 1213 1437 1285 παραμυθίας
1476 1212 1608 1267 αὐτὸ
1638 1215 1703 1283 δὴ
1751 1216 1912 1270 τοῦτο

337 1307 595 1373 ποιοῦμαι
621 1304 877 1357 ὑπόθεσιν
904 1308 961 1357 ὲν
993 1306 1111 1368 ταῖς
1142 1305 1558 1375 κατειληφυίαις
1586 1308 1734 1376 ἡμᾶς
1772 1324 1911 1377 συμ-

335 1399 547 1466 φοραῖς.
582 1398 643 1448 Et
672 1397 726 1449 δέ
749 1415 827 1467 τῳ
857 1397 1056 1464 πικρὸν
1085 1398 1231 1451 δοκεῖ
1282 1400 1344 1453 τὸ
1380 1398 1473 1469 βίᾳ
1500 1399 1599 1468 τῆς
1625 1401 1911 1470 παρούσης

335 1488 477 1557 ζωῆς
505 1487 839 1560 ὑπεξελθεῖν,
860 1487 1024 1561 [forte
1054 1488 1380 1561 πολεμίους]
1399 1490 1671 1558 πολεμούς
1694 1508 1753 1543 τε
1782 1491 1910 1544 ἰδεῖν

334 1579 714 1648 ἐσπασμένους
753 1579 1050 1651 μαχαίρας,
1095 1578 1315 1647 φονικὸν
1362 1580 1460 1634 καὶ
1514 1580 1776 1643 πνέοντας
1815 1582 1911 1634 καὶ

332 1672 596 1740 ὁρῶντας,
618 1673 712 1724 καὶ
731 1673 944 1740 πληγὰς
967 1672 1322 1739 ἔντείνοντας,
1346 1672 1378 1742 ἢ
1404 1674 1542 1727 κατὰ
1558 1674 1665 1727 τῶν
1682 1692 1910 1745 κοιιριω⁴

334 1764 531 1830 τάτιον,
569 1764 659 1818 ἵνα
682 1765 745 1835 δὴ
773 1765 965 1818 θᾶττον
988 1766 1229 1836 ἀπολίπῃ
1270 1767 1328 1819 τὸ
1356 1766 1454 1836 ζῇν
1483 1768 1510 1819 ὁ
1540 1767 1909 1839 πληττόμενος

2016 568 2139 623 aliis
2198 568 2531 635 acciderent,
2562 577 2614 622 et
2646 568 2692 622 ei
2722 567 2824 635 ipsi
2858 568 3179 622 sustinenda
3218 566 3474 633 fuissent,
3502 582 3591 620 su-

2018 660 2130 716 bito
2190 659 2244 713 in
2273 670 2481 715 tantam
2505 660 2629 714 vitae
2650 660 3138 714 commutationem
3176 658 3545 727 praecipitatus
3577 674 3591 709 τ

2015 769 2136 823 quae
2168 753 2305 807 mala
2330 769 2435 808 non
2468 753 2534 806 ad
2563 753 2809 807 animum
2842 752 3017 806 solum
3059 759 3381 821 perventura
3410 761 3591 811 erant,

2014 844 2109 900 sed
2138 860 2340 913 corpus
2385 845 2545 899 etiam
2575 844 2865 910 aﬂlictura,
2900 855 2952 898 et
2982 842 3285 896 innumeris
3332 840 3591 894 mrumuis

2015 942 2353 1011 subjectura,
2378 941 2543 1010 idque
2577 939 2692 993 dies
2728 946 2781 992 et
2811 944 3018 990 noctes.
3055 934 3173 988 Non
3203 932 3367 1004 igitur
3404 932 3590 1001 lugeo,

2016 1034 2261 1103 inquam,
2305 1043 2511 1103 patrem
2546 1028 2918 1097 meum,quod
2956 1042 3058 1080 una
3095 1026 3310 1095 quidem
3344 1039 3466 1077 cum
3502 1040 3592 1093 pa-
3684 1026 3687 1027 ⁷

2014 1126 2115 1180 tria
2140 1134 2353 1194 captus,
2379 1122 2657 1179 servitutis
2682 1122 2895 1175 initium
2922 1116 3150 1173 viderit:
3183 1116 3365 1169 statim
3387 1122 3591 1178 autem,

2014 1228 2071 1272 ut
2141 1217 2474 1286 inopinatam
2536 1214 2683 1270 illam
2745 1211 3202 1279 durissimamque
3267 1207 3590 1263 servitutem

2012 1325 2176 1366 sensu
2214 1308 2479 1379 percepit,
2521 1306 2702 1362 hostili
2737 1303 2917 1375 gladio
2976 1303 3341 1371 interemptus
3401 1300 3590 1365 fuerit,

2012 1400 2330 1470 priusquam
2357 1407 2688 1455 consecutas
2709 1396 2907 1451 exinde
2927 1410 3202 1449 aerumnas
3222 1392 3590 1463 experiretur,

2014 1493 2213 1547 multas
2241 1505 2297 1546 et
2334 1506 2561 1560 magnas
2594 1507 2610 1544 :
2642 1490 2736 1544 sed
2793 1489 2894 1544 hoc
2922 1489 3072 1558 ipso,
3106 1502 3205 1556 pro
3264 1497 3592 1554 argumento

2011 1583 2403 1639 consolationis
2427 1590 2573 1647 utor,
2605 1582 2733 1636 dum
2757 1582 2821 1635 ad
2853 1580 3285 1651 magnitudinem
3314 1579 3595 1634 involven-

2017 1674 2153 1730 tium
2186 1691 2288 1730 nos
2318 1675 2692 1729 calamitatum
2749 1671 2982 1743 respicio
3055 1670 3208 1737 Quod
3237 1671 3280 1725 si
3316 1671 3402 1725 cui
3432 1686 3591 1725 acer-

2014 1768 2139 1821 bum
2173 1766 2407 1830 videtur,
2438 1766 2674 1820 violenta
2702 1772 2878 1818 morte
2908 1778 2975 1819 ex
3009 1761 3111 1816 hac
3145 1763 3254 1816 vita
3288 1763 3591 1828 discedere,

332 1854 364 1924 ἦ
399 1855 505 1906 τῶν
534 1848 695 1926 ἧτται
721 1854 1000 1922 τοιούτων,
1028 1854 1093 1909 ἶν’
1128 1857 1384 1911 ὲπιπλέον
1424 1856 1814 1928 αἰσθανόμενος
1843 1858 1901 1912 τὸ

2007 1873 2131 1914 cum
2162 1858 2346 1913 hostes
2366 1857 2547 1912 videat
2597 1856 2796 1926 aliquis
2852 1856 3065 1910 eductis
3124 1854 3346 1926 gladiis,
3386 1844 3588 1910 caedem

332 1948 611 2016 θνήσκειν,
638 1947 1029 2019 ὀδυνηρότερον
1058 1950 1291 2017 γίνοιτο,
1311 1949 1722 2020 φιλανθρωπίας
1755 1953 1855 2022 μὲν
1878 1956 1906 2006 ό

332 2038 571 2101 τοιοῦτος
592 2040 873 2109 λογισμὸς,
905 2041 1000 2093 καὶ
1022 2041 1112 2093 τὸν
1141 2042 1368 2095 τοιαῦτα
1400 2041 1787 2110 διανοούμενον
1804 2043 1905 2113 τῆς

332 2133 467 2202 πρὸς
500 2132 597 2203 τὴν
621 2132 781 2199 φύσιν
834 2133 1167 2203 ἀποδέχομαι
1204 2134 1575 2203 συμπαθείας.
1614 2136 1688 2189 Τὸ
1719 2137 1904 2202 μέντοι

331 2225 431 2277 οὐκ
480 2224 732 2294 ἄμισθον,
760 2224 868 2278 οὐδ’
920 2226 1149 2296 ἀκερδὲς
1209 2226 1302 2280 τού
1360 2228 1609 2280 τοιούτου
1647 2228 1904 2295 θανάτου,

330 2317 526 2381 πείθει,
571 2318 644 2387 μὴ
689 2318 889 2387 μᾶλλον
936 2318 1224 2387 ὀδύρεσθαι
1272 2318 1465 2385 ταῦτα,
1513 2319 1545 2389 ἢ
1596 2322 1785 2388 πράως
1819 2322 1909 2391 φέ-

333 2427 467 2477 ρειν,
500 2404 646 2485 ᾗπερ
689 2409 836 2474 εἰκὸς
877 2409 1271 2480 μεταχωρῆσαι
1313 2410 1405 2465 τὸν
1431 2409 1575 2465 οὕτω
1609 2412 1707 2482 τῆς
1758 2414 1905 2481 ζωῆς

331 2501 678 2553 ὑπεκστάντα
723 2500 1128 2570 διανοούμενον,
1168 2503 1261 2555 καὶ
1315 2503 1575 2572 μάλιστα,
1607 2506 1657 2558 εἰ
1701 2506 1903 2573 μετιὼν

234 2654 239 2657 τ
330 2592 631 2663 ἐτύγχανεν
690 2595 894 2664 ἀρετὴν
936 2594 1031 2647 καὶ
1062 2595 1192 2665 παρ’
1234 2595 1353 2650 ὅλον
1384 2595 1475 2649 τδν
1509 2596 1659 2665 αὐτῷ
1699 2614 1906 2669 μετρη-

331 2686 495 2739 θέντα
537 2687 650 2756 βίον
696 2686 862 2756 αὐτὴν
911 2686 1059 2756 αὑτῷ
1116 2687 1588 2758 προστησάμενος.
1632 2686 1757 2751 Οἷός
1814 2707 1945 2759 μοικ

329 2778 358 2829 ό
388 2777 570 2846 πατὴρ
610 2776 782 2846 μυρία
810 2775 1162 2846 συνεσχηκὼς
1185 2776 1378 2847 ἀρετῇ,
1417 2779 1509 2831 καὶ
1540 2778 1681 2847 μετὰ
1702 2779 1905 2849 ταύτης

328 2869 640 2921 ἀποθανών.
674 2868 849 2922 Πολλὰ
877 2869 933 2923 δὲ
961 2869 1110 2939 αὐτῷ
1136 2869 1233 2939 τῆς
1260 2871 1462 2940 ἀρετῆς
1489 2871 1557 2925 τὰ
1590 2873 1902 2943 μαρτύρια,

330 2958 563 3020 καὶτοῖς
603 2958 762 3011 αὑτὸν
786 2958 950 3013 είδόσι
995 2960 1253 3029 γνώριμα
1295 2960 1491 3014 πάντα.
1527 2963 1638 3017 Καί
1671 2980 1760 3031 μοι
1795 2978 1898 3016 πε-

328 3047 549 3115 ρίεργον
572 3046 1009 3118 ἀπαριθμεῖσθαι
1048 3049 1225 3102 πάντα
1258 3051 1358 3103 ὅσα
1390 3066 1448 3103 τε
1480 3051 1537 3103 ὲν
1592 3068 1903 3123 πτωχοτρο-

2012 1950 2259 2006 U'ueibus
2286 1950 2463 2005 oculis
2487 1949 2833 2012 anhelantes,
2868 1956 2924 2001 et
2973 1949 3198 2002 vulnera
3256 1949 3588 2017 indigentes.

2009 2056 2184 2111 eaque
2237 2041 2321 2097 vel
2353 2040 2682 2111 opportunis
2716 2040 2961 2109 partibus
2991 2040 3337 2109 corporibus,
3391 2042 3593 2109 quibus

2009 2133 2309 2202 percussis.
2338 2135 2443 2189 cita
2472 2150 2616 2189 mors
2642 2133 2906 2203 sequitur;
2934 2135 3011 2186 vel
3040 2144 3097 2189 et
3127 2134 3247 2187 aliis
3289 2134 3474 2189 minus
3503 2151 3593 2203 pe-

2010 2225 2284 2291 riculosis,
2327 2234 2387 2279 ut
2449 2241 2648 2281 sensus
2711 2226 2916 2280 doloris
2975 2224 3294 2280 diuturnior
3356 2235 3584 2278 mortem

2008 2323 2199 2378 atterat
2242 2323 2581 2378 acerbiorem
2644 2323 3060 2383 :humanitatis
3132 2324 3382 2394 equidem
3459 2324 3586 2378 talis

2010 2423 2097 2469 est
2128 2415 2393 2484 cogitatio
2425 2434 2439 2469 :
2473 2431 2711 2485 eumque
2737 2432 2830 2485 qui
2862 2417 2965 2471 hoc
3001 2416 3182 2471 animo
3238 2426 3343 2482 est,
3397 2417 3582 2478 laudo,

2006 2509 2154 2578 quod
2208 2510 2459 2563 humanae
2496 2518 2705 2564 naturae
2735 2509 3216 2564 commiseratione
3267 2509 3532 2564 alliciatur
3572 2526 3585 2562 :

2006 2600 2476 2669 sedtamen,quia
2536 2616 2684 2657 mors
2742 2601 3052 2670 hujusmodi
3112 2617 3215 2655 suo
3264 2603 3487 2670 prmmio
3533 2610 3590 2654 et

2011 2691 2168 2748 lucro
2223 2708 2333 2746 non
2385 2703 2557 2757 caret,
2587 2709 2694 2747 non
2729 2702 2835 2747 tam
2868 2693 2932 2746 ad
2991 2696 3396 2749 lamentandum
3421 2709 3585 2781 quam

2007 2788 2074 2839 ad
2107 2786 2382 2840 moderate
2433 2785 2548 2841 haec
2573 2785 2853 2840 ferendum
2890 2785 3154 2849 adducor,
3190 2786 3319 2838 dum
3371 2802 3581 2840 mecum

2006 2879 2282 2947 perpendo
2343 2878 2710 2932 conditionem
2746 2893 2896 2947 ;qua
2948 2877 3077 2931 hinc
3105 2876 3425 2932 discessisse
3455 2892 3587 2947 pro-

2010 2971 2185 3025 babile
2217 2982 2301 3024 est
2323 2986 2446 3025 eum
2478 2971 2674 3038 quisic
2708 2972 2872 3024 vitam
2910 2968 3167 3037 reliquit;
3226 2971 3461 3025 maxime
3512 2975 3587 3032 si,

2006 3060 2226 3115 virtutis
2274 3061 2455 3115 studio
2505 3062 2749 3126 deditus,
2809 3077 2929 3117 eam
2972 3063 3073 3117 sibi
3126 3078 3224 3132 per
3261 3070 3433 3117 totum
3469 3064 3591 3117 vitae

324 3139 500 3205 φίαις,
526 3138 626 3191 ὅσα
656 3141 713 3191 ἐν
739 3138 973 3213 ὑποδοχῇ
1024 3140 1217 3206 ξένων,
1259 3142 1576 3212 συμπαθείᾳ
1602 3144 1898 3213 δεομένων,

401 3231 410 3246 ι
481 3230 502 3244 η
682 3230 694 3246 .
751 3228 818 3246 μ.
924 3230 938 3246 .
1038 3231 1079 3246 ..
1137 3232 1149 3246 .
1649 3235 1695 3246 ...
1881 3238 1890 3246 .

2008 3152 2478 3206 sumcurriculum
2538 3154 2870 3221 sequendam
2943 3153 3119 3206 duxit.
3178 3152 3326 3207 Talis
3401 3164 3587 3207 autem

325 3231 420 3282 καὶ
478 3230 622 3298 ειπερ
671 3228 855 3292 ἁπλῶς
889 3230 981 3284 τὸν
1034 3231 1301 3301 ἐλεήμονα
1347 3235 1769 3303 χαρακτηρίζει,
1810 3238 1902 3291 καὶ

322 3321 559 3383 δίκαιον,
615 3320 997 3392 εὐλαὸουμένῳ
1039 3324 1098 3375 τὸ
1152 3324 1329 3379 δοκεῖν
1360 3327 1429 3379 τὰ
1456 3328 1633 3380 οἰκεῖα
1682 3327 1900 3399 θαυμά-

323 3409 459 3475 ζειν,
509 3412 557 3463 εί
606 3412 872 3482 πατρικὸν
917 3412 1006 3465 διὰ
1050 3413 1263 3484 μακροῦ
1297 3416 1624 3485 διεξέλθοιμι
1653 3418 1899 3474 ἔπαινον.

323 3504 453 3572 (Καὶ
480 3492 645 3573 εῖχεν
666 3502 755 3557 ἔτι
781 3504 1072 3574 ἐγκώμιον
1100 3502 1251 3570 εἶτα,
1280 3507 1372 3561 ὅτι
1419 3509 1615 3577 ἱερεὺς
1640 3506 1716 3581 ἦν
1751 3512 1900 3565 Θεοῦ

320 3595 492 3661 ἄξιος
521 3614 532 3623 ·
562 3586 695 3665 μεθ’
748 3596 805 3664 ἂ,
854 3597 946 3651 ὅτι
1004 3600 1106 3653 καί
1129 3616 1289 3665 τινες
1335 3600 1598 3667 ἀναξίως
1630 3603 1902 3671 ἐτόλμων

319 3687 613 3756 ιερᾶσθαι,
651 3691 748 3743 καὶ
802 3691 1177 3760 λειτουργεῖν
1214 3691 1358 3759 Θεῷ,
1396 3694 1497 3747 καὶ
1536 3694 1789 3763 ἔλεγεν·
1835 3698 1899 3750 '0

323 3780 462 3851 πρὸς
493 3782 605 3845 τοῖς
630 3780 814 3845 ἄλλοις
865 3784 1186 3853 ἀτοπήμασι
1246 3784 1463 3847 πολλοῖς
1500 3786 1592 3838 καὶ
1639 3786 1900 3855 μεγάλοις

320 3873 596 3941 ὑπάρξασι
644 3876 785 3940 τότε,
817 3874 969 3928 οὐδὲν
1000 3871 1184 3946 ἦττον,
1219 3878 1265 3928 εί
1293 3875 1371 3947 μὴ
1404 3878 1497 3930 καὶ
1539 3878 1765 3945 μᾶλλον,
1796 3878 1898 3950 τὴν

319 3964 551 4033 σιδηρᾶν
584 3965 715 4035 ήμϊν
740 3965 817 4028 ὡς
865 3966 1155 4038 ἀστραπὴν
1186 3965 1474 4036 παρώξυνέ
1512 3985 1570 4021 τε
1622 3969 1718 4021 καὶ
1775 3970 1898 4022 ἀνε-

319 4055 584 4110 στιλϐωσε
622 4057 840 4126 ῥάϐδον,
878 4059 969 4111 ἐπὶ
1001 4058 1143 4112 ἔθνει
1184 4060 1429 4130 ἀσυνέτῳ
1460 4061 1899 4130 παροργίσαντος

316 4148 464 4216 ἡμᾶς
497 4149 783 4218 τοῦ-Θεοῦ,
812 4152 908 4203 καὶ
936 4151 1035 4221 τὴν
1063 4151 1174 4205 τῶν
1217 4152 1458 4221 ἀνομιῶν
1486 4154 1643 4223 ήμῶν
1672 4154 1899 4208 ἐπίσκε-

314 4238 411 4308 ψιν
470 4242 853 4313 ἐργασαμένου
904 4245 966 4296 ὲν
1016 4243 1294 4313 μάστιξιν,
1329 4244 1812 4317 ὄτιὲξεκαύθημεν
1839 4249 1898 4301 ἐν

315 4333 435 4395 ταῖς
486 4332 808 4403 ἐπιθυμίαις
839 4335 1024 4405 ἡμῶν,
1073 4337 1167 4390 καὶ
1220 4336 1545 4407 ἀπέστημεν
1599 4336 1694 4391 τοῦ
1730 4339 1894 4408 μόνου

2008 3257 2163 3295 meus
2201 3250 2354 3310 pater
2389 3242 2625 3304 exstitit,
2649 3244 2743 3313 qui
2789 3243 3097 3298 indivulsus
3133 3245 3355 3299 virtutis
3412 3254 3589 3299 secta-

2008 3345 2090 3388 tor
2121 3332 2226 3387 l'uit
2261 3345 2315 3388 et
2345 3334 2473 3389 huic
2510 3336 2837 3389 immortuus
2865 3343 2968 3388 est.
3001 3335 3187 3403 Itaque
3212 3337 3381 3389 multa
3403 3353 3585 3390 rerum

2004 3425 2360 3479 laudabilium
2400 3425 2727 3481 documenta
2785 3426 2981 3480 dedit:
3018 3438 3144 3482 nota
3192 3427 3320 3491 illis,
3384 3428 3588 3495 quibus

2003 3525 2168 3569 notus
2199 3515 2320 3579 fuit,
2347 3516 2550 3569 omnia.
2574 3517 2683 3571 Nec
2715 3516 2846 3570 mihi
2878 3531 3105 3574 necesse
3127 3528 3232 3583 est,
3259 3531 3587 3570 enumerare

2003 3624 2125 3677 quae
2157 3609 2238 3663 vel
2270 3612 2322 3663 in
2383 3624 2651 3678 pauperes
2697 3612 2965 3680 erogavit,
3032 3609 3111 3664 vel
3143 3611 3195 3662 in
3250 3609 3581 3678 recipiendis

2004 3701 2329 3770 hospitibus,
2377 3701 3005 3771 tnisericordizeindigis,
3040 3701 3270 3769 benigne
3299 3701 3430 3756 fecit
3496 3701 3579 3753 vel

2002 3795 2093 3850 illa
2119 3794 2320 3863 quibus
2388 3793 2587 3862 aliquis
2613 3796 2965 3863 cognoscitur
3008 3794 3088 3845 vir
3120 3793 3297 3847 bonus
3328 3802 3383 3847 et
3417 3794 3584 3848 mise-

2002 3887 2198 3941 ricors.
2261 3884 2463 3940 Vereor
2513 3888 2683 3948 enim,
2719 3900 2786 3940 ne
2844 3900 2961 3940 mea
3002 3885 3186 3939 videar
3213 3885 3491 3949 admirari,
3528 3887 3576 3938 si

2001 3991 2261 4047 paternas
2291 3979 2445 4048 longa
2479 3979 2728 4032 oratione
2767 3992 3115 4047 percenseam
3153 3977 3363 4031 laudes.
3392 3977 3457 4030 Et
3482 3980 3581 4031 ad-

1998 4071 2258 4123 debantur
2280 4070 2435 4140 plura
2491 4072 2547 4123 in
2579 4070 2759 4123 eadem
2788 4071 3032 4138 epistola,
3072 4070 3140 4122 ad
3198 4071 3405 4123 [trudent
3433 4070 3585 4124 illius

1998 4163 2099 4216 viri
2130 4177 2150 4214 :
2182 4170 2261 4226 ut,
2289 4160 2435 4227 quod
2470 4142 2718 4214 sacerdos
2771 4160 2958 4230 [uisset
3014 4158 3123 4213 Deo
3177 4158 3390 4227 dignus.
3450 4160 3585 4212 Huic

2002 4255 2118 4308 loco
2156 4252 2403 4306 additum
2431 4254 2696 4323 quosdam
2735 4268 2815 4317 se,
2841 4268 2967 4308 eum
3000 4252 3149 4322 digiti
3214 4267 3323 4305 non
3373 4263 3589 4319 essent,

2001 4346 2053 4398 in
2079 4346 2374 4399 sacerdotii
2406 4346 2727 4415 dignitatem
2761 4346 3082 4415 iugessisse,
3126 4355 3181 4399 et
3244 4360 3403 4398 sacra
3434 4345 3590 4398 cel‘e~

313 4422 614 4491 δυναμένου
642 4425 837 4490 σώζειν
865 4429 1034 4497 ἡμᾶς.
1060 4427 1173 4485 Καί
1193 4424 1343 4493 εἶτα,
1368 4431 1519 4498 μετὰ
1538 4431 1606 4484 τὸ
1628 4430 1899 4496 ἐξειπεῖν

2005 4437 2208 4491 brassc.
2248 4437 2350 4491 Ubi
2412 4438 2641 4490 addebat
2684 4454 2701 4489 :
2739 4436 2851 4491 Hoc
2877 4438 3040 4491 etiam
3102 4444 3301 4505 praeter
3348 4438 3455 4488 alia
3487 4439 3592 4488 ab!~

313 4514 415 4568 καὶ
446 4515 605 4570 ἄλλα
633 4518 769 4586 περὶ
797 4519 904 4573 τοῦ
937 4521 1166 4588 πατρὸς
1197 4521 1381 4586 αὐτῷ,
1413 4520 1641 4592 ἐπάγει·

2005 4532 2191 4595 surda,
2228 4546 2353 4599 qua:
2379 4532 2549 4587 multa
2585 4545 2890 4600 magnaque
2923 4539 3053 4584 tunc
3085 4531 3434 4592 exstiterunt,
3468 4543 3587 4581 non

314 4616 495 4675 minus
518 4613 648 4679 illis,
708 4614 819 4668 imo
876 4615 1050 4683 multo
1108 4617 1306 4685 magis,
1368 4616 1601 4671 ferream
1663 4620 1893 4691 virgam,
1929 4629 2182 4692 tanquam
2218 4626 2416 4694 fulgur,
2446 4627 2501 4679 in
2566 4641 2664 4682 nos
2699 4626 2929 4681 irritavit
2999 4635 3052 4679 et
3105 4625 3338 4679 vibravit
3377 4640 3398 4678 :
3468 4632 3597 4678 εῑος

310 4712 474 4768 lidam
528 4713 641 4766 Deo
664 4720 879 4779 gentem
947 4710 1086 4765 irate
1128 4713 1181 4766 in
1210 4713 2049 4789 nosimmittente,ﬂagellisque
2082 4731 2299 4779 nostras
2373 4723 2694 4793 iniquitates
2758 4727 3034 4790 visitante,
3100 4726 3247 4794 quod
3308 4724 3587 4792 cupidita-

292 4809 698 4864 ttibusnostris
747 4824 1155 4872 exarseramus,
1191 4808 1261 4863 ab
1326 4806 1531 4877 illoque
1594 4809 1689 4878 qui
1750 4810 1902 4865 solus
1965 4827 2294 4871 conservare
2358 4832 2459 4872 nos
2494 4826 2728 4888 poterat,
2786 4817 3188 4873 defeceramus.
3236 4816 3329 4870 His
3386 4817 3461 4871 ita
3512 4818 3587 4869 de

305 4911 460 4973 patre
486 4903 660 4969 dictis,
693 4912 743 4957 et
768 4904 887 4957 aliis
914 4901 1274 4973 superadditis
1305 4900 1467 4968 infert
1489 4917 1508 4955 :

376 4996 631 5050 Τοιούτου
661 4996 842 5049 τοίνυν
883 4996 1036 5057 ὄντος
1068 5012 1163 5065 μοι
1194 4992 1293 5047 τοῦ
1316 4992 1521 5063 πατρός
1548 5008 1563 5025 ’
1589 4994 1640 5046 εί
1663 4995 1895 5062 σφαγεὶς

304 5088 499 5159 ᾤχετο,
567 5092 614 5142 εί
665 5088 873 5156 ἄταφος
934 5090 1213 5156 ἐρῤιπται,
1275 5090 1324 5139 εί
1375 5088 1451 5157 μὴ
1518 5087 1616 5156 τῆς
1680 5105 1894 5156 νενομι-

304 5183 514 5252 σμένης
546 5181 847 5250 τετύχηκεν
891 5182 1067 5245 ὁσίας,
1102 5181 1150 5231 εί
1190 5181 1263 5249 μὴ
1294 5180 1362 5233 τὰ
1414 5180 1599 5235 είκότα
1626 5180 1893 5252 τεθρήνη-

304 5293 418 5341 ται,
451 5274 623 5329 ταῦτα
649 5274 714 5343 δὴ
737 5272 806 5326 τὰ
828 5272 937 5325 τῶν
970 5272 1308 5342 μικρολόγων
1352 5274 1448 5326 καὶ
1497 5272 1877 5343 μικροψύχων,

303 5372 353 5426 τί
411 5370 515 5439 τῆς
564 5370 715 5432 θείας
761 5368 982 5438 ἐκείνης
1038 5367 1219 5437 ψυχῆς
1276 5368 1373 5420 καὶ
1427 5369 1884 5438 μεγαλοψυχίαςς

302 5459 513 5516 Οὔκουν
570 5460 679 5513 οὐδ’
708 5459 910 5531 ἡκουσέ
974 5458 1075 5525 μού
1114 5476 1219 5522 τις,
1272 5458 1383 5511 οὐδ’
1429 5459 1748 5525 ἀκούσεται,
1791 5460 1885 5513 τὸν

297 5552 538 5607 τοιοῦτον
590 5551 948 5622 ὀδυρομένου,
992 5551 1103 5603 οὐδ’
1147 5553 1205 5603 ὲν
1258 5549 1418 5619 δεινῷ
1462 5549 1752 5619 τιθεμένου
1794 5553 1887 5605 τὸν

298 5647 499 5715 τρόπον
550 5645 651 5714 τῆς
703 5644 985 5713 τελευτῆς.
1033 5643 1178 5699 Ἀλλ’
1237 5644 1445 5698 ἐκεῖνον
1469 5644 1567 5713 μὲν
1600 5645 1694 5697 ἐπὶ
1744 5648 1881 5699 πᾶσι

301 5735 540 5807 ἡγοῦμαί
573 5754 632 5790 τε
685 5739 779 5790 καὶ
834 5735 1089 5807 ὀνομάζω
1148 5737 1441 5805 μακάριον,
1494 5737 1587 5787 καὶ
1652 5738 1877 5806 μνήμης

299 5829 649 5902 μαρτυρικῆς
682 5828 838 5896 ἀξιῶ,
875 5828 1049 5894 οὔτως
1094 5829 1235 5899 ὑπὲρ
1262 5826 1549 5890 εὐσεϐείας
1594 5828 1876 5883 ἀπολελοι-

2071 4997 2219 5053 Talis
2252 4997 2418 5069 igitur
2461 5012 2586 5053 cum
2659 4996 2789 5050 mihi
2856 4993 3020 5051 fuerit
3075 5003 3273 5065 pater:
3308 4993 3354 5050 si
3410 4993 3582 5048 etiam

1998 5090 2302 5145 trucidatus
2328 5089 2516 5159 periit,
2558 5090 2603 5142 si
2642 5089 2955 5142 inhumatus
3008 5088 3286 5157 projectus
3332 5086 3455 5152 fuit,
3530 5089 3583 5141 si

1991 5181 2156 5251 justis
2210 5181 2487 5250 exsequiis
2545 5180 2745 5245 caruit,
2785 5178 2833 5233 si
2866 5195 2976 5232 non
3047 5178 3115 5232 de
3146 5193 3298 5231 more
3349 5177 3577 5233 deﬂetus

1993 5283 2097 5340 est,
2131 5274 2261 5343 quid
2294 5273 2429 5337 haec,
2467 5286 2589 5343 quae
2619 5272 2870 5326 homines
2896 5273 2948 5326 in
2984 5273 3164 5341 parvis
3198 5274 3363 5328 rebus
3409 5287 3579 5327 occu-

1990 5368 2125 5439 pati,
2167 5377 2222 5421 et
2256 5366 2453 5436 pusillo
2512 5366 2702 5431 animo
2759 5366 2995 5435 prmditi,
3056 5375 3314 5435 reputare
3376 5366 3579 5430 solent,

1990 5462 2056 5516 ad
2094 5461 2243 5515 illam
2307 5460 2478 5514 divini
2516 5460 2684 5515 animi
2738 5460 3085 5515 altitudinem
3116 5458 3390 5514 attinent?
3425 5460 3570 5523 Qun--

1988 5551 2133 5606 circa
2170 5564 2270 5604 nec
2299 5549 2486 5604 audita
2513 5558 2596 5604 est
2628 5565 2727 5603 vox
2758 5564 2874 5603 mea
2897 5549 2966 5604 ab
3003 5550 3135 5614 ullo,
3165 5564 3262 5602 nec
3294 5548 3576 5612 audietur,

1990 5643 2139 5696 hunc
2173 5642 2327 5695 talem
2361 5642 2699 5711 deplorantis
2736 5651 2788 5696 et
2850 5642 3098 5694 dolenter
3154 5640 3349 5694 mortis
3397 5654 3579 5707 genus

1985 5733 2232 5789 ferentis.
2268 5735 2547 5799 Quinimo,
2584 5735 2636 5788 in
2678 5734 2764 5788 his
2792 5734 3044 5786 omnibus
3069 5732 3221 5784 illum
3250 5743 3301 5783 et
3321 5731 3582 5785 existimo

1986 5837 2041 5883 et
2070 5828 2295 5882 nomino
2324 5829 2542 5883 beatum
2579 5843 2592 5879 :
2631 5827 2857 5898 parique
2910 5840 3033 5880 cum
3073 5824 3408 5895 martyribus
3457 5839 3573 5880 mc-
