4152 6280
576 348 716 410 1063

1766 337 2135 398 ΜΑΤΤΗᾸΞΙ
2176 334 2645 397 ΟΑΜΑΗΙΟἸῚΕ

3711 345 3849 407 1064

573 460 744 513 moria
800 456 1269 528 dignumjudico,
1334 454 1425 523 qui
1461 453 1536 506 ita
1590 449 1805 505 fortiter
1829 466 1928 519 pro
1956 451 2159 519 pietate

2275 447 2402 499 πότα
2422 446 2484 498 τδ
2509 446 2631 515 ζῇν.
2667 444 2931 514 Ἐμαυτὸν
2955 446 3010 500 δὲ
3056 447 3421 519 ἀποδύρομαι,
3456 456 3530 522 μὴ
3576 470 3822 509 κεκοινω

576 551 882 605 Christiana
914 550 1078 603 vitam
1106 547 1429 618 profuderit.
1466 545 1539 599 De
1574 560 1660 598 me
1695 544 1879 613 potius
1908 542 2151 610 deploro,

579 642 671 709 qui
711 655 819 694 non
876 639 1058 693 socius
1090 639 1136 691 ei
1174 636 1368 691 mortis
1396 634 1590 688 fuerim
1631 647 1730 687 nec
1765 631 1968 701 dignus
2003 629 2157 683 habi-

577 742 666 786 tus
688 742 742 785 ut
796 746 921 784 cum
956 731 1044 785 illo
1075 730 1327 783 similiter
1381 744 1411 782 e
1444 727 1552 781 vita
1587 724 1793 780 abirem
1831 741 1844 777 :
1885 733 1944 776 ut
1973 738 2040 776 ne
2068 722 2159 775 hic

578 822 846 877 moriendi
882 822 1076 875 modus
1113 822 1245 875 mihi
1274 821 1497 890 pratmio
1526 820 1897 881 caruisset,ut
1922 817 2000 870 sic
2031 829 2161 867 one«

579 932 641 968 re
664 931 1034 968 aerumnarum
1079 915 1345 969 liberatus
1393 928 1593 975 essem,
1648 920 1703 966 et
1750 908 2157 978 insequentium

580 1006 833 1060 dolorum
868 1022 1031 1060 sensu
1070 1006 1313 1075 privatus
1348 1020 1487 1073 quos
1512 1012 1565 1058 et
1594 1004 1705 1057 huc
1751 1017 1924 1071 usque
1962 1014 2159 1069 passus

583 1115 730 1160 sum,
764 1108 817 1153 et
852 1099 1079 1167 posthac
1113 1097 1310 1151 talibus
1335 1097 1678 1166 temporibus
1708 1094 1900 1163 patiar.
1935 1092 2068 1146 Nam
2095 1106 2162 1145 ne

583 1204 709 1257 spes
738 1188 953 1256 quidem
984 1189 1090 1240 ulla
1124 1188 1366 1241 melioris
1400 1186 1663 1253 deinceps
1703 1184 1936 1238 fortuna:
1975 1183 2162 1237 relicta

581 1290 687 1334 est.
712 1280 860 1333 Adeo
902 1280 1100 1348 quippe
1136 1295 1220 1332 res
1250 1278 1563 1333 Christiana
1608 1285 1877 1347 prostrata
1932 1278 2075 1347 jacet
2107 1287 2165 1330 at

581 1372 657 1425 illi
691 1373 780 1440 qui
815 1371 1251 1426 Christianorum
1316 1384 1512 1423 nomen
1553 1369 1994 1442 gerttnt,'httjus
2052 1369 2159 1420 vim

581 1479 813 1540 prorsus
872 1463 1283 1533 abnegaverint,
1316 1461 1445 1515 dum
1476 1475 1539 1514 ea
1580 1460 1765 1514 cuncti
1816 1460 2018 1513 audent
2043 1473 2164 1525 quae

583 1556 752 1610 Dcmn
779 1555 843 1607 ad
881 1554 1314 1623 indignationem
1341 1546 1673 1620 provocant:
1710 1559 1790 1615 ut,
1811 1550 1969 1616 cuius
2002 1550 2163 1603 bene-

584 1648 705 1701 ﬁcia
741 1658 794 1700 et
839 1645 1195 1714 multiplicem
1256 1643 1486 1698 sanandi
1527 1641 1825 1697 bonitatem
1863 1657 1970 1695 non
1996 1656 2165 1709 agno-

584 1746 806 1795 Vertlttt,
833 1737 953 1806 ejus
980 1736 1114 1789 iram
1136 1735 1314 1803 justas
1341 1749 1532 1804 pinnas
1561 1734 1628 1787 de
1688 1733 1944 1801 peccatis,
1979 1748 2005 1784 a
2035 1734 2160 1802 ηυξ·

2260 535 2466 605 νηκότα
2508 536 2610 606 τῆς
2664 536 2924 605 τελευτῆς
2981 537 3057 607 τῷ
3095 540 3283 610 πατρὶ,
3318 544 3455 610 μηδὲ
3516 544 3679 610 ἄξιον
3734 564 3855 616 κρι-

2262 624 2449 690 θέντα,
2490 628 2897 695 παραπλησίως
2932 630 3128 696 ὲκείνῳ
3157 631 3250 683 τοῦ
3296 631 3395 702 ζῇν
3423 634 3530 699 ἔξω
3561 639 3852 705 γενέσθαι,

2262 717 2347 769 ἵνα
2377 717 2441 785 δὴ
2478 718 2553 788 μὴ
2606 718 2840 786 ἄμισθος
2871 721 2899 771 ό
2949 722 3150 789 τρόπος
3184 740 3274 792 μοι
3316 728 3414 796 τῆς
3468 729 3737 801 τελευτῆς
3764 728 3851 803 ἦν,

2260 807 2355 861 τοῦ
2383 825 2442 860 τε
2471 810 2697 878 φορτίου
2734 812 2843 862 τῶν
2880 812 3071 865 παθῶν
3108 816 3574 885 ὑποτεμνόμενος,
3610 822 3716 875 καί
3746 824 3857 875 τῶν

2262 899 2529 966 ἀλγεινῶν
2580 901 2689 952 τῶν
2740 902 2879 969 μετά
2943 904 3118 958 ταῦτα
3170 909 3684 982 ἀπαλλαττόμενος,
3723 916 3761 969 ἆ
3794 934 3853 969 τε

2264 990 2506 1061 ὑπέστην
2534 994 2590 1055 ἐς
2622 992 2803 1063 δεῦρο,
2834 996 2928 1047 καὶ
2979 997 3125 1069 ἅπερ
3158 1001 3217 1051 ὲν
3249 1003 3477 1070 τοιούτῳ
3510 1006 3697 1080 καιρῷ
3731 1008 3862 1068 ὑπο-
3942 1010 3959 1032 ⁵

2267 1084 2559 1151 στήσομαι.
2594 1084 2671 1139 Ού
2738 1087 2844 1156 γὰρ
2879 1089 2990 1141 οὐδ’
3019 1090 3175 1155 ἐλπὶς
3228 1095 3361 1165 ἡμῖν
3400 1098 3590 1154 λοιπὸν
3634 1104 3861 1169 οὐδενὸς

2272 1174 2561 1238 τεύξεσθαι
2589 1182 2979 1250 χρηστοτέρου.
3008 1183 3165 1237 Οὕτω
3207 1187 3277 1239 τά
3321 1189 3677 1257 Χριστιανῶν
3716 1199 3861 1264 ἄγαν

2266 1269 2431 1332 νοσεῖ,
2463 1268 2545 1320 ὄτι
2589 1271 2652 1320 τὸ
2689 1268 3045 1340 Χριστιανῶν
3090 1275 3258 1346 ὄνομα
3303 1283 3713 1353 περικείμενοι,
3762 1289 3861 1355 τὴν

2265 1357 2649 1428 τοῦόνόματος
2686 1364 3036 1418 παντάπασιν
3076 1368 3341 1439 ἧρνήνται
3375 1374 3627 1442 δύναμιν,
3656 1381 3851 1432 ὲκείνα

2268 1450 2474 1511 πάντες
2499 1452 2809 1521 τολμῶντες
2849 1458 2884 1510 ἃ
2925 1457 3021 1527 τὴν
3062 1460 3155 1513 τοῦ
3192 1460 3330 1516 Θεοῦ
3365 1469 3508 1519 κινεῖ
3534 1469 3860 1541 ἀγανάκτη-

2270 1558 2376 1604 σιν,
2408 1542 2516 1608 ἵνα,
2543 1542 2602 1595 δν
2641 1546 3060 1616 εὐεργετοῦντα,
3098 1552 3193 1604 καὶ
3225 1556 3487 1620 ποικίλως
3515 1559 3861 1628 θεραπεύον-

2267 1649 2357 1698 τα,
2408 1634 2506 1687 οὐκ
2540 1637 2887 1705 ἐπέγνωσαν,
2925 1642 3115 1697 τοῦτον
3176 1644 3333 1709 δίκας
3383 1649 3862 1721 εἰσπραττόμενον

2269 1726 2565 1794 ὲπιγνοῖεν,
2610 1724 2684 1783 ὦν
2742 1731 3181 1805 ἀμεταμελήτως
3234 1738 3698 1809 πλημμελοῦντες
3760 1744 3862 1797 οὐκ

587 1831 691 1884 bus
727 1827 1103 1898 pceuitentiam
1153 1827 1363 1895 agendo
1418 1841 1476 1880 se
1542 1833 1790 1879 avertere
1848 1824 2165 1890 noluerunt,

2275 1808 2705 1891 snectpéipowo'
2738 1825 2851 1877 οὐδ’
2882 1827 2941 1877 ἐν
2964 1826 3041 1897 τῷ
3104 1808 3403 1896 μαστίζειν
3448 1835 3741 1902 πατρικῶς
3768 1836 3862 1887 τοῦ

585 1920 876 1990 exigentis,
911 1928 1239 1988 cognoscant
1268 1934 1282 1973 :
1318 1916 1411 1988 qui
1445 1927 1624 1971 tamen
1662 1932 1728 1970 ne
1759 1916 1901 1970 inter
1933 1917 2169 1985 punien-

586 2013 712 2066 dum
737 2011 978 2079 quidem,
1012 2018 1299 2079 paternmn
1350 2011 1595 2064 animum
1637 2024 1664 2063 a
1705 2018 1891 2063 nostra
1927 2009 2165 2065 utilitate

586 2104 785 2158 avertit
820 2122 834 2158 :
871 2118 994 2166 quze
1022 2111 1168 2157 certe
1199 2104 1252 2156 in
1290 2102 1607 2156 universum
1676 2103 1815 2157 ratio
1870 2112 1954 2157 est
1984 2102 2167 2157 omnis

588 2197 777 2264 virgae,
811 2212 975 2263 quam
1007 2196 1150 2250 Deus
1183 2196 1463 2249 concutit:
1489 2195 1614 2248 dum
1648 2203 1744 2248 aut.
1786 2194 1915 2248 vitia
1972 2209 2168 2263 ampu-

588 2294 687 2349 tat,
719 2296 813 2339 aut
844 2295 1161 2354 peceatores
1187 2284 1413 2354 corrigit
1436 2294 1490 2338 et
1543 2284 1777 2339 reducit.
1824 2283 2163 2351 Quamquam

590 2394 655 2431 ne
685 2377 931 2447 ﬂagellati
963 2378 1179 2446 quidem
1216 2376 1461 2446 plerique
1494 2377 1562 2430 ad
1602 2376 1886 2431 meliorem
1927 2384 2163 2430 mentem

588 2469 766 2523 redire
804 2469 1013 2531 volunt,
1042 2470 1202 2538 plane
1225 2468 1368 2523 vitiis
1416 2484 1473 2522 se
1529 2467 1812 2531 dedentes,
1840 2468 1911 2521 ita
1946 2477 2006 2522 ut
2059 2468 2169 2522 sint.

588 2562 937 2615 iueurabiles.
970 2561 1110 2626 Quid
1143 2575 1273 2631 ergo
1324 2561 1518 2613 mirum
1554 2560 1651 2623 sit,
1687 2560 1886 2614 talibus
1923 2561 2169 2629 quotidie

586 2653 862 2731 tagitisque
883 2651 1075 2719 subjici
1112 2650 1312 2703 malis?
1340 2651 1411 2703 De
1433 2664 1517 2702 me
1540 2649 1721 2718 itaque
1738 2650 1934 2704 merito
1961 2652 2167 2703 lamen-

590 2751 674 2795 tor
697 2741 768 2795 ob
819 2741 955 2799 haec,
1015 2748 1219 2808 patrem
1262 2753 1388 2791 vero
1424 2738 1478 2791 in
1512 2752 1799 2792 numerum
1853 2750 2043 2789 eorum
2076 2738 2168 2805 qui

587 2832 849 2901 martyrio
886 2831 1225 2899 reliquerunt
1256 2831 1444 2891 vitam,
1479 2830 1677 2892 refero,
1716 2844 1823 2881 non
1861 2829 2021 2882 modo
2046 2844 2172 2897 pro-

588 2928 707 2984 pter
740 2932 912 2984 geuus
942 2918 1156 2978 mortis,
1187 2916 1279 2969 sed
1308 2916 1470 2968 etiam
1504 2924 1718 2983 propter
1736 2917 1859 2968 vita:
1914 2916 2175 2969 innocen-

590 3009 721 3062 tiam
754 3015 807 3061 et
834 3008 1049 3075 longam
1080 3004 1273 3058 animm
1303 3004 1749 3072 praeparatiOuem
1772 3004 1838 3056 ad
1860 3003 2031 3057 illam.
2060 3001 2171 3057 llac

591 3116 724 3169 ergo
752 3098 1085 3167 cogitatione
1126 3095 1444 3173 memoriam
1515 3094 1635 3164 ejus
1675 3110 1884 3164 usurpo
1916 3095 2170 3163 diemque

2277 1908 2587 1975 λυσιτελοῦς
2622 1913 2998 1985 ἀφιστάμενον
3022 1933 3036 1949 ο
3070 1918 3131 1981 ὃς
3172 1919 3236 1990 δὴ
3271 1922 3501 1975 καθόλου
3540 1924 3725 1991 λόγος,
3762 1927 3865 1977 πά-

2284 2017 2382 2070 σης
2411 2003 2675 2072 μάστιγος
2714 2008 3065 2078 κινουμένης,
3120 2009 3388 2082 θεόθεν,ἢ
3445 2016 3861 2087 περιαιρούσης

2278 2092 2380 2161 τὴν
2406 2095 2627 2158 κακίαν,
2654 2094 2687 2163 ἦ
2726 2097 2854 2160 τοὺς
2869 2098 3325 2169 πλημμελοῦντας
3348 2106 3766 2177 ὲπανορθούσης
3802 2124 3862 2160 τε

2279 2184 2375 2236 καὶ
2441 2185 2859 2257 ἀνακτωμένης.
2924 2189 3120 2243 Καίτοι
3186 2193 3306 2246 οὐδὲ
3362 2198 3760 2266 μαστιζόμενοι
3813 2200 3865 2253 cl

2282 2274 2550 2341 πλείονες,
2593 2277 2691 2346 οὐχ
2750 2279 3038 2347 αἱροῦνται
3086 2286 3515 2357 σωφρονέστεροι
3572 2291 3860 2359 γενέσθαι,

2280 2368 2533 2435 καθάπαξ
2573 2367 2769 2422 ἑαυτοῦ
2799 2370 2877 2439 τῷ
2908 2371 3001 2425 τοῦ
3055 2374 3261 2439 πάθους
3295 2378 3501 2449 ἀνιάτῳ
3548 2381 3861 2436 ὲκδεδωκό·

2278 2475 2389 2519 τες.
2419 2462 2512 2513 Διδ
2548 2463 2641 2514 καὶ
2670 2460 2781 2514 τῶν
2812 2465 3070 2516 τοιούτων
3106 2465 3257 2519 ἐστιν
3286 2473 3581 2541 ὁσημέραι,
3635 2475 3737 2528 καὶ
3778 2492 3863 2527 το-

2282 2551 2493 2603 σούτων
2528 2553 2828 2622 πειρᾶσθαι
2879 2554 3092 2609 δεινῶν.
3137 2558 3403 2627 Ἐμαυτὸν
3463 2563 3562 2631 μὲν
3592 2563 3689 2617 οῦν
3718 2565 3867 2617 εἰκό-

2278 2660 2385 2707 τως
2417 2644 2790 2714 ἀποκλαίομαι
2822 2647 2914 2698 ἐπὶ
2955 2650 3166 2711 τούτοις
3190 2665 3204 2680 ο
3244 2651 3334 2703 τὸν
3385 2652 3443 2704 δὲ
3504 2655 3723 2726 πατέρα
3751 2659 3866 2719 τοῖς

2284 2734 2641 2803 μαρτυρικῶς
2676 2736 3062 2790 ἀπολελοιπόσι
3116 2738 3206 2791 τὸν
3238 2738 3352 2809 βίον
3386 2743 3629 2797 ἑντάττω
3674 2746 3740 2798 οὐ
3786 2745 3864 2814 τῷ

2279 2824 2467 2893 τρόπῳ
2505 2825 2664 2892 μόνον
2707 2826 2805 2895 τῆς
2853 2826 3132 2898 τελευτῆς,
3182 2832 3319 2884 ἀλλά
3357 2835 3453 2885 καὶ
3500 2838 3567 2906 τῇ
3621 2836 3865 2904 καθαρά⁴

2278 2931 2402 2984 τητι
2433 2916 2527 2967 τοῦ
2563 2916 2703 2983 βίου,
2734 2920 2827 2971 καὶ
2878 2922 2943 2989 τῇ
2995 2921 3131 2990 πρὸς
3158 2922 3329 2993 αὐτὴν
3374 2925 3437 2977 ἑκ
3491 2926 3714 2996 μακροῦ
3758 2944 3865 2979 πα-

2284 3010 2524 3077 ρασκευῇ
2561 3008 2661 3077 τῆς
2687 3007 2886 3078 ψυχῆς.
2918 3013 3026 3064 Καὶ
3060 3011 3233 3075 οὕτως
3271 3014 3437 3068 αὐτοῦ
3467 3018 3697 3087 μνήμην
3746 3036 3865 3071 ποι-

2280 3100 2472 3171 οῦμαι,
2527 3101 2624 3155 καὶ
2688 3101 2786 3172 τὴν
2847 3105 3062 3175 ἡμέραν
3110 3108 3275 3178 τιμῶ,
3330 3109 3453 3179 ἥτις
3496 3114 3711 3167 ἐκεῖνον
3753 3108 3863 3167 εἶδε

592 3192 745 3244 illmu
780 3191 991 3244 honoro
1019 3188 1110 3257 qui
1140 3188 1319 3257 gladio
1356 3198 1696 3257 peremptum
1768 3187 1904 3241 vidit
1931 3207 1943 3242 :
1973 3187 2169 3257 gladio,

2284 3193 2560 3263 μαχαίρας
2628 3194 2790 3264 ἔργον
2828 3197 3195 3267 γεγενημένον
3238 3201 3533 3271 μαχαίρας,
3585 3204 3619 3274 ἢ
3674 3205 3864 3258 δεινῶν

590 3285 678 3352 qui
705 3282 1062 3337 intolerandis
1090 3297 1214 3336 eum
1249 3280 1409 3335 malis
1442 3281 1714 3346 liberavit,
1741 3280 1836 3350 qui
1872 3281 1925 3335 in
1957 3290 2177 3336 sanctos

590 3382 856 3443 martyres
888 3372 1069 3426 retttlit
1091 3372 1206 3441 qui,
1239 3380 1297 3423 ut
1328 3373 1549 3425 credere
1573 3385 1668 3439 par
1694 3378 1800 3433 est,
1855 3372 1901 3425 ei
1942 3380 1993 3426 et
2021 3387 2177 3426 coro-

588 3479 715 3518 nam
768 3473 1028 3517 aeternam
1057 3463 1335 3531 imposuit,
1368 3471 1420 3516 et
1464 3463 1801 3517 sacerdotem
1866 3462 2171 3517 VlCllllltthl-

588 3569 696 3623 que
740 3569 871 3609 vero
915 3556 1188 3622 unicoque
1230 3552 1491 3607 Pontiﬁci
1518 3554 1738 3607 Christo
1768 3551 1875 3606 Deo
1900 3553 2121 3607 adduxit
2160 3570 2175 3607 :

588 3662 751 3717 quem
781 3645 1128 3701 desiderabat
1166 3653 1222 3701 et
1289 3647 1552 3714 spirabat,
1612 3646 1700 3699 cui
1772 3646 2011 3709 vivebat,
2080 3662 2178 3717 pro

589 3753 701 3805 quo
724 3740 858 3795 obiit
884 3756 898 3805 ;
926 3740 992 3794 ad
1022 3754 1185 3809 quem
1221 3747 1479 3807 tanquam
1513 3753 1545 3792 e
1572 3738 1875 3792 diversorio
1901 3738 2177 3806 discessit,

588 3846 713 3886 cum
748 3847 853 3897 quo
881 3840 1188 3885 versatur:
1254 3830 1392 3883 idem
1460 3838 1618 3883 antea
1689 3830 1969 3896 sacerdos,
2029 3831 2171 3885 idem

588 3934 864 3992 postremo
889 3940 1032 3977 nunc
1071 3923 1315 3977 victima.
1702 3930 1709 3935 ‘

659 4014 737 4069 Illi
769 4031 923 4079 Sane,
952 4016 1042 4069 tali
1074 4016 1212 4080 viro,
1251 4017 1387 4071 bene
1439 4016 1751 4071 consultum
1801 4026 1904 4082 est,
1958 4019 2049 4087 qui
2100 4020 2166 4074 ad

591 4106 834 4158 omlestia
866 4106 1005 4158 bona
1039 4105 1319 4158 transierit
1349 4122 1363 4158 :
1395 4106 1554 4161 nobis
1584 4121 1735 4171 vero,
1768 4108 1860 4174 qui
1887 4108 1939 4160 in
1972 4108 2174 4164 miser-

591 4197 731 4248 rima
756 4195 1020 4249 servitute
1056 4195 1227 4249 relicti
1257 4211 1470 4262 sumus,
1533 4197 1717 4251 omnia
1770 4213 1829 4253 se
1883 4213 2074 4254 omnes
2126 4201 2177 4254 in

592 4298 775 4359 partes
797 4288 936 4342 male
966 4288 1186 4343 habent.
1215 4288 1277 4341 Et
1306 4288 1524 4358 quidem
1553 4291 1644 4343 illa
1668 4306 1788 4360 quae
1808 4295 2175 4348 communiter

590 4396 779 4435 omnes
807 4390 860 4435 et
893 4380 1093 4448 singuli
1123 4380 1266 4449 passi
1295 4396 1509 4446 suunus,
1540 4381 1594 4435 in
1626 4382 1910 4448 praesentia
1944 4400 2179 4441 comme-

2281 3284 2573 3354 ἀφορήτων
2603 3286 3005 3359 ἀπήλλαξεν,ἣ
3054 3293 3167 3350 τοῖς
3217 3293 3459 3361 μάρτυσι
3517 3300 3866 3368 συνηρίθμηο

2282 3392 2393 3440 σεν,
2416 3377 2585 3446 ἥπερ,
2619 3379 2695 3441 ὡς
2720 3380 2884 3447 εἰκὸς,
2920 3382 3281 3453 περιέστεψεν
3305 3387 3561 3454 αίωνίως,
3584 3393 3681 3444 καὶ
3709 3390 3861 3461 ἱερέα

2281 3468 2373 3519 καὶ
2397 3468 2593 3537 ἱερεῖον
2616 3469 2696 3537 τῷ
2715 3470 2955 3541 ἀληθινῷ
2988 3474 3083 3526 καὶ
3114 3474 3259 3545 μόνῳ
3278 3476 3526 3549 ἀρχιερεῖ
3545 3479 3769 3550 Χριστῴ
3790 3479 3865 3549 τῷ

2279 3557 2399 3626 Θεῷ
2452 3561 2835 3630 παρέστησεν·
2866 3562 2925 3615 δν
2963 3565 3150 3617 ἐπόθει
3207 3568 3302 3620 καὶ
3332 3568 3505 3634 ἔπνει,
3540 3563 3695 3642 ᾧπερ
3744 3573 3861 3637 ἔζη,

2208 3713 2221 3721 _
2281 3650 2454 3721 οὗπερ
2519 3653 2814 3719 τέ’)νηκενο
2876 3656 3014 3725 πρὸς
3065 3656 3125 3708 ὃν
3170 3658 3447 3725 ἀνέλυσεν,
3512 3655 3557 3728 ᾧ
3598 3665 3860 3718 σύνεστι’

2282 3742 2450 3811 θύτης
2493 3744 2783 3814 πρότερον,
2815 3747 2906 3799 καὶ
2956 3748 3105 3817 θῦμά
3136 3765 3196 3802 τε
3237 3749 3573 3822 τελευταῖον,
3611 3758 3638 3809 ό
3696 3758 3859 3818 αὐτὸς

2278 3834 2537 3903 γεγονώς.

2360 4016 2522 4070 Ἀλλά
2556 4018 2634 4088 τῷ
2663 4018 2765 4088 μὲν
2789 4020 3018 4091 τοιούτῳ
3048 4023 3190 4076 πάνυ
3240 4027 3426 4092 καλῶς
3460 4030 3492 4099 ή
3530 4031 3859 4101 μεταφοίτη-

2282 4123 2365 4171 σις
2400 4110 2479 4171 είς
2520 4108 2587 4161 τά
2619 4110 2799 4163 ἐκεῖσε
2836 4113 3019 4179 ἀγαθά
3042 4129 3058 4146 ·
3090 4115 3223 4184 ἡμῖν
3267 4116 3345 4184 δὲ,
3382 4119 3497 4172 ὅσοι
3532 4122 3858 4191 περίεσμεν,

2279 4198 2359 4250 ἔτι
2391 4199 2489 4269 τὴν
2549 4202 2755 4269 πικρὰν
2810 4205 3071 4274 φέροντες
3126 4207 3394 4274 δουλείαν,
3449 4212 3627 4265 πάντα
3686 4216 3861 4283 πάντη

2279 4290 2556 4361 δυστυχῶς
2584 4292 2717 4363 ἔχει.
2753 4295 2856 4348 Καὶ
2886 4296 2954 4348 τὰ
2981 4298 3080 4365 μὲν
3110 4302 3265 4353 κοινά
3292 4304 3483 4368 πᾶσιν,
3512 4305 3612 4357 ὅσα
3630 4306 3861 4367 ἕκαστος

2282 4382 2504 4446 ἔπαθεν,
2552 4385 2611 4436 ὲν
2658 4384 2735 4455 τῷ
2772 4388 3001 4456 παρόντι
3033 4390 3341 4459 ὀδύρεσθαι,
3377 4396 3467 4448 καὶ
3516 4398 3861 4469 ὲπεκδιηγεῖ-

592 4472 858 4525 morando
891 4471 1172 4540 deplorare
1201 4487 1668 4541 supervacaneum
1697 4482 1801 4527 est.
1835 4474 1891 4532 Si
1920 4490 2049 4530 vero
2103 4479 2167 4530 ad

2286 4473 2410 4527 σθαι
2447 4477 2723 4544 περιττόν·
2773 4481 2821 4531 εί
2868 4480 2925 4532 δὲ
2969 4480 3038 4533 τὰ
3083 4482 3253 4535 οίκεῖα
3295 4486 3596 4556 ποιήσομαι
3644 4490 3859 4568 θρῆνον,

590 4565 812 4630 propria
841 4571 894 4615 et
923 4563 1220 4617 domestica
1256 4574 1577 4617 convertam
1616 4565 1844 4632 luctum,
1881 4568 1994 4622 haec
2040 4583 2178 4637 quo-

591 4668 697 4721 que
727 4655 1035 4706 communis
1066 4654 1310 4707 omnium
1334 4655 1555 4723 querela
1582 4658 1845 4726 est,quod
1876 4674 1905 4711 a
1930 4673 2177 4712 commu-

591 4744 755 4799 nione
778 4745 938 4812 hujus
970 4745 1147 4799 luctus
1210 4747 1460 4800 exclusus
1486 4747 1754 4801 sitnemo.
1781 4748 1988 4803 Cuncta
2021 4751 2175 4807 nobis

592 4837 844 4905 przesidia
878 4846 931 4891 et
961 4848 1282 4891 ornamenta
1332 4838 1493 4893 simul
1566 4855 1675 4893 uno
1729 4840 1932 4910 impetu
1991 4854 2176 4913 erepta

593 4938 741 4981 sunt.
771 4927 949 4983 Patria
975 4939 1127 4997 capta
1151 4938 1256 4991 est,
1291 4930 1448 5000 cujus
1478 4931 1609 4985 urbs
1640 4932 1692 4985 in
1734 4936 1925 4997 terris,
1978 4935 2178 4991 similis

593 5020 766 5083 nulla,
801 5020 894 5073 sed
927 5020 1195 5089 ejusmodi
1224 5037 1344 5090 qua:
1379 5038 1482 5075 non
1515 5022 1752 5077 humana
1785 5026 2020 5093 potuerit
2083 5043 2179 5082 ex-

593 5110 727 5163 strui
771 5124 955 5163 manu.
985 5110 1203 5173 Eadem,
1238 5112 1616 5179 magnitudine
1661 5122 1716 5167 et
1769 5115 2173 5183 pulchritudine

599 5201 949 5268 praestabilis,
1000 5200 1111 5253 situ
1171 5212 1224 5255 et
1273 5214 1559 5258 venustate
1614 5207 1963 5275 splendens:
2005 5226 2171 5279 quam

592 5293 865 5346 allii-mare
891 5296 1134 5348 omnium
1162 5298 1370 5365 uspiam
1429 5299 1644 5353 urbium
1700 5303 1992 5355 maximam
2055 5305 2173 5371 pul-

594 5385 1038 5455 cherrimamque
1064 5389 1262 5451 ausim,
1284 5405 1446 5457 quam
1482 5406 1641 5444 unam
1669 5407 1859 5449 omnes
1881 5395 2176 5464 sperabant

593 5488 646 5531 et
672 5477 989 5541 credebant,
1030 5479 1081 5532 in
1110 5490 1429 5549 perpetuum
1457 5488 1524 5536 ab
1559 5486 1813 5540 omnibus
1852 5502 2170 5544 mansuram

596 5570 1089 5638 inexpugnabilem,
1166 5575 1254 5626 cui
1308 5578 1607 5630 secundum
1676 5576 1866 5642 Deum,
1934 5581 2176 5635 universi

594 5659 823 5710 Snluletlt
858 5662 1151 5714 credebant
1183 5677 1335 5717 suam
1381 5680 1393 5714 :
1422 5680 1542 5734 quae
1574 5666 1618 5720 si
1643 5667 1835 5720 oculus
1864 5670 2173 5737 appelletur

596 5746 746 5800 orbis
780 5758 950 5817 teme,
983 5761 1073 5805 aut
1120 5768 1234 5820 cor,
1268 5772 1296 5810 a
1324 5772 1451 5812 vero
1483 5774 1587 5813 non
1620 5759 1926 5826 aberretur,
1955 5763 2018 5815 de
2058 5778 2165 5831 qua

2280 4566 2435 4617 κοινά
2487 4568 2581 4619 καὶ
2629 4568 2802 4623 ταῦτα
2835 4573 3003 4623 πᾶσιν
3043 4568 3186 4627 εἶναι
3233 4576 3557 4646 συμϐαίνει·
3586 4580 3668 4636 ὅτι
3716 4582 3783 4644 δὴ
3807 4566 3863 4633 τό

2280 4657 2412 4710 αὐτὸ
2445 4661 2598 4729 κοινῇ
2631 4661 2833 4722 πάντες
2874 4663 3227 4731 πεπόνθαμεν
3264 4668 3478 4730 πένθος.
3517 4672 3701 4723 Πάντα
3732 4674 3859 4743 ἡμῖν

2280 4750 2477 4818 ἁθρόον
2541 4750 2713 4821 ᾧχετο
2742 4756 2809 4808 τὰ
2842 4755 3000 4810 καλά.
3047 4756 3112 4809 Ἠ
3142 4760 3342 4829 πατρὶς
3392 4761 3559 4825 ἑάλω,
3598 4766 3752 4826 πόλις
3804 4765 3860 4817 οὐ

2280 4845 2423 4895 κατὰ
2455 4844 2550 4906 τὰς
2586 4847 2643 4898 ἐν
2674 4850 2744 4918 γῇ
2775 4849 2957 4911 πόλεις
2990 4850 3231 4919 ἁπάσας,
3269 4853 3407 4907 ἀλλά
3436 4856 3625 4925 σχεδὸν
3656 4858 3861 4929 ἀνθρω-

2282 4934 2443 5004 πίνης
2472 4935 2742 5005 κρείττων
2767 4939 2968 5008 χειρός.
3007 4940 3073 4994 Ἦ
3102 4943 3263 5013 αὐτη,
3290 4948 3500 5018 μεγάλη
3519 4965 3577 5001 τε
3602 4952 3697 5003 καὶ
3721 4952 3855 5017 καλὴ

2282 5024 2429 5077 θέσει
2463 5027 2559 5079 καὶ
2591 5030 2778 5096 χάρισι
2805 5029 3211 5100 διαλάμπουσα,
3242 5035 3336 5086 καὶ
3360 5038 3536 5089 εἰπεῖν
3568 5038 3677 5090 τῶν
3711 5041 3767 5091 ὲν
3796 5040 3857 5107 γῇ

2281 5118 2474 5171 πασῶν
2506 5122 2738 5189 μεγίστη
2773 5139 2833 5172 τε
2868 5125 2961 5175 καὶ
3005 5126 3269 5196 καλλίστη
3292 5147 3307 5159 ο
3358 5129 3425 5200 ἢν
3458 5131 3630 5200 μόνην
3662 5130 3857 5191 πάντες

2280 5208 2349 5261 δι’
2381 5210 2576 5271 αἰῶνος
2634 5213 2862 5282 ἡλπιζόν
2917 5232 2975 5267 τε
3010 5218 3103 5268 καὶ
3153 5221 3440 5273 ἐπίστευον
3476 5222 3749 5275 ἀνάλωτον
3800 5224 3860 5273 ὲκ

2281 5304 2499 5354 πάντων
2530 5305 2968 5373 διαγενήσεσθαι·
3060 5311 3199 5377 μετά
3228 5311 3362 5365 Θεὸν
3386 5314 3486 5383 τὴν
3519 5314 3731 5368 ἑαυτῶν
3759 5331 3856 5366 σω-

2287 5397 2482 5464 τηρίαν
2515 5397 2800 5451 ἐπίστευον
2833 5400 3097 5462 ἅπαντες.
3124 5403 3190 5471 ἢν
3216 5402 3493 5473 ὀφθαλμόν
3524 5421 3608 5467 τις
3641 5421 3857 5473 προσει-

2284 5486 2405 5539 πὼν
2432 5488 2528 5557 τῆς
2562 5490 2659 5559 γῆς
2680 5527 2694 5554 ,
2724 5490 2757 5560 ἢ
2804 5492 3033 5562 καρδίαν
3066 5494 3159 5545 τοῦ
3192 5497 3564 5566 προσήκοντος
3590 5498 3691 5549 οὐκ
3730 5497 3861 5548 ἁπε-

2281 5579 2631 5647 νεχθήσεται·
2665 5582 2748 5649 ἐφ’
2855 5585 2991 5636 πᾶσι
3027 5586 3169 5653 μέγα
3202 5590 3421 5656 φρονεῖν
3452 5583 3520 5657 ἧν
3543 5604 3556 5617 ·
3588 5589 3681 5641 καὶ
3718 5581 3781 5660 ἧς
3803 5585 3856 5637 τὸ

2285 5670 2555 5741 κληθῆναι
2591 5674 2817 5743 πολίτην
2865 5675 2961 5742 ούχ
3013 5677 3044 5743 ή
3079 5677 3319 5745 τυχοῦσα
3365 5679 3620 5740 ὑπόθεσις
3657 5682 3737 5739 εἱς
3775 5677 3857 5730 λό-

2282 5779 2376 5830 γον
2424 5764 2741 5836 φιλοτιμίας
2769 5781 2781 5797 ’
2821 5769 2852 5836 ἡ
2897 5769 3120 5837 τοιαύτη
3174 5768 3353 5823 τοίνυν
3393 5771 3721 5839 ήμίν¹ὲά>,ω,
3771 5767 3856 5821 καὶ
