4152 6280
428 461 566 525 1065

1451 474 1951 538 LAMENTATIO
1977 480 2074 539 DE
2105 481 2325 543 CPOLI
2365 485 2630 547 CAPTA.
2700 501 2703 504 '

3559 502 3690 571 ίθθϐ

420 575 750 647 τηλικαύτη,
780 580 1000 651 πατρίςο
1038 582 1071 653 ἠ
1117 582 1407 653 Ῥωμαίων
1440 589 1685 643 ἐκποδὼν
1737 592 1974 662 βασιλεία

2076 635 2084 660 ,
2115 599 2318 650 nemini
2352 615 2459 655 non
2474 603 2695 668 gloriari
2727 603 3014 671 licebat,in
3048 624 3156 679 qua
3188 611 3363 667 civem
3393 616 3692 685 ascriptum

423 665 688 734 βασιλεία,
722 669 783 722 τὸ
814 672 1010 741 σεμνὶν
1039 675 1133 727 καὶ
1173 679 1408 747 πρᾶγμα
1443 681 1536 734 καὶ
1581 683 1772 754 ὄνομα.
1806 686 1879 739 Τὸ
1904 689 2002 757 τῆς

433 757 766 827 Ἐκκλησίας
822 761 1006 815 ἔνθεόν
1061 783 1120 818 τε
1183 768 1279 822 καὶ¹
1335 770 1543 843 ὑψηλὸν
1596 776 2001 850 καταϐέϐληται

421 850 628 916 σχῆμα·
664 852 692 903 ό
740 852 848 905 ἀπὸ
879 853 983 922 γῆς
1019 855 1188 925 ὕμνος
1229 859 1348 928 Θεῷ
1395 864 1882 936 ἀναπεμπόμενος,
1933 873 2000 942 τῇ

420 936 690 1009 ἁγγελικῇ
731 944 1260 1016 προσαμιλλώμενος
1301 953 1546 1024 πολιτείᾳ
1595 957 1689 1009 καὶ
1739 936 1996 1031 μελῳδίᾳ,

419 1030 816 1100 κατεσιγάσθη.
863 1036 927 1088 Ol.
982 1039 1100 1090 ναοὶ
1144 1039 1191 1093 οἱ
1243 1039 1376 1095 θεῖοι
1408 1046 1894 1118 κατεστρὰφησαν,
1931 1030 2000 1105 τὰ

420 1117 785 1194 θυσιαστήρια
819 1125 1213 1200 βεϐεϐἠλωται,
1239 1137 1593 1208 κατεπατήθη
1641 1139 1711 1193 τὰ
1745 1117 1889 1211 ίερόι.
1935 1144 1997 1198 'H

417 1211 580 1265 πολιὰ
614 1221 1122 1291 καταπεφρόνηται,
1168 1226 1200 1296 η
1249 1223 1439 1298 νεότης
1475 1229 1826 1300 διέφθαρται.
1876 1234 1998 1290 Τῶν

413 1303 476 1355 ἐν
501 1304 690 1378 ἡλικίᾳ
721 1309 783 1361 τὸ
815 1311 976 1365 πλέον
1007 1317 1285 1386 μαχαίρας
1338 1318 1462 1391 (φεῦ
1489 1321 1527 1393 ί)
1562 1323 1725 1392 ἔργου
1768 1327 1998 1395 γεγόνα-

415 1412 521 1449 σιν·
557 1398 607 1450 οί
636 1398 690 1450 δὲ
721 1399 937 1475 δουλείᾳ
966 1405 1428 1478 διακαρτεροῦσιν
1457 1416 1681 1485 αἰσχρᾷ.
1715 1419 1782 1470 Al.
1809 1421 1997 1484 γυναῖ-

415 1504 534 1552 κες,
567 1491 626 1542 ἐν
656 1491 885 1564 ἀτιμίαο
917 1499 1026 1549 τάν
1055 1500 1278 1567 παίδων,
1305 1504 1365 1555 ού
1404 1504 1464 1558 τὸ
1494 1506 1628 1575 θῆλυ
1659 1509 1841 1575 μόνον,
1863 1512 1997 1565 ἀλλὰ

412 1579 509 1632 καὶ
535 1582 665 1634 αὐτὸ
697 1584 757 1636 τὸ
785 1587 976 1657 app“,
1009 1591 1418 1660 ἐνασελγαίνειν
1451 1597 1602 1666 αὐτῷ
1631 1601 1756 1662 τοὺς
1790 1601 1997 1673 βαρϐά-

415 1691 541 1744 ρους
567 1677 866 1735 ἐκδέδοται.
902 1683 974 1735 Τὸ
1006 1685 1062 1738 δὲ
1096 1687 1192 1739 καὶ
1224 1689 1357 1757 πρὸς
1386 1689 1485 1758 τὴν
1511 1693 1772 1748 ἀσέϐειαν
1821 1697 1992 1750 ἐλεει-

409 1767 518 1829 νῶς
553 1771 957 1837 μετατέθειται.
985 1775 1065 1828 Τὰ
1094 1777 1272 1831 πάντα
1315 1782 1373 1832 ἐν
1405 1781 1674 1854 ἀπωλείᾳ,
1707 1787 1764 1838 ἐν
1796 1788 1994 1860 ἀτιμίᾳ

409 1859 476 1912 τὰ
497 1860 680 1929 τίμια.
729 1862 788 1915 Ὀ
819 1863 1104 1936 βοηθήσων
1137 1869 1336 1934 οὐδείς.
1377 1873 1446 1925 Ἦ
1481 1874 1749 1944 σύμπασα
1779 1880 1992 1952 πλήρης

405 1952 516 2006 τῶν
563 1954 628 2006 ἐκ
679 1955 779 2025 τῆς
813 1958 1092 2029 ἡμετέρας
1138 1961 1349 2026 πόλεως
1395 1969 1866 2038 προσαιτούντων,
1899 1975 1974 2026 κα¹

2098 1976 2327 2046 impium
2396 1979 2688 2038 Mahometi
2747 1987 2955 2051 cultum
3015 1996 3292 2051 conversi.

407 2046 576 2099 πᾶσιν
624 2049 681 2099 ἐν
715 2048 1010 2120 ὀφθαλμοῖς
1058 2054 1190 2123 ἡμῖν
1241 2057 1309 2108 τὰ
1351 2057 1524 2112 δεινά.
1577 2061 1786 2126 Πάντες
1833 2066 1989 2134 ἡμῶν

403 2139 502 2200 τὰς
539 2143 826 2208 συμφορὰς
857 2143 1158 2210 ἐλεοῦντες,
1194 2147 1497 2216 ὀδύρονται·
1553 2153 1614 2205 οὐ
1662 2155 1885 2210 δύναται
1932 2159 1990 2213 δὲ

405 2231 905 2302 παραμυθὴσεσθαι
926 2236 1077 2306 ὅμως
1109 2239 1306 2303 οὐδείς.
1343 2242 1750 2314 Ἐπιχαίρουσιν
1783 2251 1830 2302 oi
1857 2251 1988 2322 βάρ-

403 2322 564 2392 ϐαροι
597 2325 662 2394 τῇ
689 2325 935 2398 ἀπωλείᾳ
964 2328 1144 2399 ἡμῶν·
1167 2330 1379 2402 τρυφὴν
1405 2333 1685 2391 ποιοῦνται
1710 2340 1808 2402 τάς
1831 2342 1987 2412 ἡμῶν

403 2417 732 2487 συμφοράς’
765 2418 1148 2490 ἐγκαυχῶνται
1204 2427 1268 2494 τῇ
1319 2426 1530 2482 ἑαυτῶν
1583 2430 1840 2503 ἀσεϐείᾳ·
1887 2435 1986 2505 τῆς

399 2507 680 2575 ἡμετέρας
704 2508 989 2574 εὐσεϐείας
1036 2513 1566 2578 κατεξανίστανται’
1608 2523 1984 2592 ἐνυϐρίζουσιν

402 2594 563 2664 ὴμῶν
591 2599 707 2660 τοῖς
738 2602 980 2668 σεμνοῖς.
1026 2601 1098 2655 Τὸ
1130 2604 1225 2656 τοῦ
1258 2605 1395 2660 Θεοῦ
1425 2607 1512 2661 διά
1553 2610 1652 2680 τὴν
1697 2613 1856 2682 ήμῶν
1888 2633 1983 2669 κα-

401 2683 525 2737 κίαν
569 2685 741 2757 ὄνομα
786 2688 1219 2761 βλασφημεῖται.
1284 2694 1637 2763 Ἀλαλάζουσι
1690 2704 1835 2756 κατά
1882 2705 1983 2776 τῆς

399 2777 675 2847 ἡμετέρας
708 2779 1026 2853 θρησκείας.
1052 2780 1128 2839 05
1167 2785 1244 2857 τῷ
1274 2787 1518 2861 ἀληθινῷ
1544 2791 1664 2864 Θεῷ
1719 2794 1818 2866 τὴν
1846 2796 1981 2868 ἀλη-

398 2866 551 2937 θινὴν
602 2868 860 2942 λατρείαν
918 2877 1250 2948 ἐκτελοῦμεν
1305 2881 1514 2951 ἡμεῖς,
1586 2887 1818 2942 ἐνταῦθα
1885 2866 1980 2942 νῦν

395 2961 570 3025 ἑστὼς
603 2963 664 3014 τὸ
709 2966 805 3035 τῆς
838 2967 1173 3038 ἐρημώσεως
1219 2971 1495 3042 βδέλυγμα
1543 2979 1862 3048 καθορᾶται.
1913 2984 1978 3037 Ἦ

394 3051 736 3120 Χριστιανῶν
807 3057 961 3120 πόλις
1006 3061 1107 3130 ἤδη
1161 3063 1268 3116 τῶν
1327 3067 1578 3119 ἀσεϐῶνο
1615 3071 1714 3124 οὐκ
1757 3071 1837 3125 ἔτι
1885 3091 1980 3143 με·

393 3143 534 3213 γάλη
597 3146 686 3196 ἐπ’
746 3147 1007 3213 ἀγαθοῖς,
1053 3151 1190 3204 ἀλλὰ
1237 3157 1468 3224 μεγίστη
1521 3160 1578 3211 ἐν
1638 3167 1970 3233 συμφοραῖς.

393 3233 548 3305 Ὀσῳ
584 3235 943 3310 λαμπροτέρα
975 3235 1064 3311 ἦν,
1100 3245 1338 3316 τοσούτῳ
1367 3247 1463 3301 νῦν
1508 3251 1668 3304 ἀθλία
1709 3256 1975 3326 καθέστη-

390 3339 510 3376 κεν.
562 3325 730 3378 Οὐδὲν
771 3327 942 3398 αὐτῆς
998 3335 1419 3403 μακαριώτερον
1459 3340 1758 3408 πρότερον,
1821 3325 1975 3398 οὐδέν

390 3419 758 3488 ἐλεεινότερον
790 3421 885 3474 νῦν
916 3423 1044 3491 ἐξῆν
1067 3426 1239 3496 αὐτὴν
1291 3430 1387 3482 καὶ⁹
1437 3430 1652 3504 οὐρανῷ
1688 3438 1972 3505 παραϐάλ-

389 3509 526 3564 λεινο
551 3511 626 3574 ὡς
654 3513 830 3582 ἣλιον,
861 3517 955 3568 καὶ
981 3517 1235 3588 σελήνην,
1255 3520 1348 3572 καὶ
1377 3522 1635 3594 ἀστέρας,
1661 3526 1728 3579 τὰ
1752 3529 1973 3584 ποικίλα

388 3602 501 3656 τῶν
533 3603 700 3670 ναῶν,
735 3605 825 3658 καὶ
858 3606 968 3660 τῶν
1012 3607 1190 3662 ἄλλων
1240 3613 1619 3682 περιϐλέπτων
1651 3619 1972 3688 οἰκημάτων

389 3696 842 3767 προϐαλλομένην
870 3699 1043 3770 κάλλη
1061 3693 1130 3752 ’τε
1161 3703 1256 3757 καὶ
1294 3706 1524 3776 μεγέθη,
1554 3708 1768 3763 πάντων
1801 3713 1968 3781 ἀσύγ-

387 3802 551 3856 κριτα
602 3787 798 3840 ἀλλων.
860 3789 1018 3843 Ἀλλὰ
1053 3790 1148 3843 νῦν
1183 3793 1282 3846 οὐκ
1317 3790 1433 3860 οἵδ’,
1489 3798 1516 3848 ὃ
1563 3815 1614 3850 τι
1667 3817 1748 3864 τις
1803 3803 1970 3874 αὐτὴν

385 3878 578 3944 είπὼν,
613 3881 713 3934 οὐκ
739 3880 1176 3952 ἀπενεχθήσεται
1216 3886 1310 3938 τοῦ
1361 3891 1751 3960 προσήκοντος.
1784 3896 1969 3951 Πάντα

385 3971 496 4039 γὰρ
526 3971 664 4040 αὑτῇ
701 3971 888 4026 λοιπον
919 3975 1156 4044 ἁρμόζει
1190 3977 1256 4029 τὰ
1289 3979 1480 4048 χείρω.
1519 3981 1758 4052 Ἀμείνω
1783 3987 1849 4042 ἂν
1876 3985 1966 4060 ἦν,

385 4061 435 4114 εί
488 4063 600 4132 πῦρ
649 4063 819 4132 αὐτὴν
874 4068 1246 4138 κατενεμήθη,
1293 4071 1324 4142 ἢ
1365 4071 1506 4141 ὕδωρ
1552 4075 1878 4145 ἐπέκλυσεν,
1933 4083 1964 4154 ἢ

385 4155 606 4224 σεισμδς
650 4157 1042 4224 κατηδόιφισεν,
1096 4161 1281 4225 αὐτοῖς
1336 4165 1604 4232 πολίταις,
1655 4173 1748 4222 καὶ
1797 4175 1964 4228 πᾶσιν

278 4241 284 4248 ’
381 4243 498 4312 ἅμα
533 4247 734 4315 τιμίοις
765 4263 822 4300 τε
851 4249 945 4300 καὶ
975 4251 1212 4318 σεμνοῖς,
1326 4255 1616 4327 σωζομένη
1649 4276 1708 4312 τε
1741 4260 1844 4328 ἔτι,
1869 4265 1964 4318 καὶ

380 4339 477 4392 ἐπὶ
508 4337 612 4406 γῆς
643 4339 917 4410 ὁρωμένη,
966 4342 1093 4395 ἄνευ
1127 4337 1201 4396 ὧν
1232 4339 1346 4413 εἶχε
1396 4348 1594 4414 τιμίων
1629 4367 1686 4402 τε
1732 4352 1826 4405 καὶ
1857 4371 1961 4408 κα-

379 4429 508 4484 λῶν.
540 4429 692 4498 Μέγα
723 4431 1072 4502 Χριστιανοίς
1102 4435 1326 4500 ὄνειδος,
1359 4438 1469 4508 ὅσῳ
1516 4441 1648 4510 πρὶν
1681 4445 1961 4516 φιλοτιμία

312 4582 321 4588 _
381 4519 617 4592 μεγάλη.
655 4522 842 4592 Πάσης
894 4524 1178 4588 ἐλπίζουσι
1227 4529 1697 4601 καταδραμεῖσθαι
1739 4537 1837 4605 τῆς
1885 4540 1960 4591 oi-

2104 701 2246 750 esse,
2280 705 2387 745 non
2411 706 2600 762 parum
2669 700 2972 766 argumenti
3033 703 3101 756 ad
3164 709 3694 766 commendationem

2101 779 2444 855 gloriamque
2479 787 2734 844 habebat.
2764 790 2858 846 Illa
2895 793 3062 861 igitur
3092 797 3214 854 talis
3246 815 3309 854 ac
3337 811 3484 856 tanta
3521 806 3692 872 patria

2102 882 2290 928 nostra
2321 885 2478 946 capta
2510 888 2632 935 est:
2669 879 3043 938 Romanorum
3069 887 3346 944 sublatum
3375 903 3459 946 est
3517 895 3688 964 impc-

2103 963 2246 1018 rium
2276 983 2289 1019 :
2319 967 2531 1037 imperii
2559 970 2748 1038 decus,
2782 982 2835 1027 et
2863 989 2920 1033 re
2950 984 3005 1030 et
3051 980 3274 1035 nomine
3295 989 3687 1042 veneramlmu.

2100 1053 2359 1114 Ecclesiae
2389 1059 2574 1116 divina
2601 1073 2655 1118 et
2708 1066 2962 1123 sublimis
3019 1069 3227 1141 dejecta
3284 1082 3371 1129 est
3429 1079 3689 1145 species:

2101 1146 2360 1218 hymnus,
2396 1153 2489 1222 qui
2513 1170 2543 1210 e
2574 1163 2717 1210 terra
2747 1173 2966 1214 sursum
3002 1161 3068 1216 ad
3107 1163 3272 1219 Deum
3343 1167 3684 1238 mittebatur,

2099 1249 2304 1297 etcum
2341 1247 2586 1316 angelica
2617 1252 2861 1307 certabat
2893 1257 3001 1309 vita
3053 1264 3108 1310 ct
3167 1269 3354 1328 cantu,
3411 1264 3688 1320 consiluit.

2099 1333 2324 1406 Templa
2359 1337 2453 1392 Dei
2486 1356 2676 1398 eversa
2707 1353 2857 1411 sunt,
2917 1349 3112 1402 altaria
3163 1352 3472 1422 profanata,
3531 1373 3688 1412 sacra

2099 1429 2700 1490 conculcata.Canities
2721 1448 3031 1508 contempta
3060 1453 3162 1506 est,
3185 1444 3446 1512 juventus
3477 1450 3690 1520 disper-

2099 1515 2234 1570 dita.
2265 1519 2367 1584 Qui
2402 1537 2494 1589 per
2517 1525 2692 1579 artatis
2728 1529 2968 1598 vigorem
3004 1547 3155 1587 arma
3193 1536 3336 1592 ferre
3366 1554 3680 1613 potuerunt,

2100 1623 2288 1664 corum
2320 1628 2450 1680 pars
2482 1616 2658 1682 major
2693 1617 2835 1675 ferro
2868 1624 3086 1678 concisa
3119 1626 3282 1695 jacet,
3321 1632 3415 1685 alii
3453 1637 3686 1690 servitu-

2100 1708 2205 1755 tem
2282 1712 2496 1773 turpem
2567 1708 2818 1766 tolerant.
2873 1713 3134 1772 Matronae
3193 1720 3550 1780 dedecoratus.
3607 1729 3684 1783 Ex

2096 1792 2268 1858 prole,
2304 1809 2412 1849 non
2447 1795 2663 1854 ietninre
2695 1811 2929 1869 tantum,
2963 1809 3057 1862 sed
3086 1815 3312 1868 masculi
3347 1818 3534 1884 etiam,
3561 1821 3686 1878 libi-

2097 1884 2211 1938 dini
2254 1885 2610 1944 barbarorum
2643 1893 2834 1952 dediti.
2871 1896 3080 1954 ﬂorum
3135 1905 3289 1958 multi
3353 1924 3566 1980 quoque
3615 1916 3682 1970 ad

3347 1999 3559 2058 Cuncta
3610 2011 3680 2059 ad

2094 2068 2370 2125 interitum
2435 2075 2649 2130 redacta
2731 2079 2796 2132 ad
2856 2080 3325 2157 ignominiamque
3416 2093 3680 2152 honorata

2092 2172 2269 2225 erant,
2296 2178 2398 2219 nec
2435 2168 2526 2234 qui
2546 2181 2834 2226 succurrat
2865 2175 3190 2245 quisquam.
3214 2179 3507 2239 Terrarum
3529 2189 3684 2246 orbis

2093 2252 2376 2309 hominum
2411 2271 2476 2312 ex
2508 2269 2694 2316 nostra
2724 2264 2944 2321 civitate
2975 2268 3351 2339 dispersorum
3410 2287 3464 2332 et
3523 2296 3677 2334 men-

2089 2345 2325 2401 dicando
2359 2347 2563 2405 victum
2598 2358 2958 2421 (tumentium
3019 2362 3260 2433 plenus;
3323 2367 3376 2422 in
3428 2373 3677 2429 omnium

2090 2444 2337 2490 nostrum
2370 2440 2545 2496 oculis
2567 2457 2827 2500 aerumna:
2860 2450 3068 2517 positae.
3110 2453 3336 2524 Omnes,
3398 2461 3675 2519 excidium

2087 2534 2337 2582 nostrum
2375 2531 2724 2598 miserantes,
2760 2537 2994 2604 plorant,
3025 2543 3124 2598 sed
3182 2560 3344 2602 nemo
3396 2555 3673 2609 consolari

2087 2617 2342 2674 miserias
2382 2631 2583 2690 potest.
2631 2622 2900 2683 insultant
2963 2631 3184 2689 barbari
3241 2649 3441 2695 nostrae
3491 2646 3676 2713 perui-

2087 2708 2212 2774 cioi,
2239 2709 2397 2766 ludos
2431 2714 2637 2769 faciunt
2679 2729 2896 2775 nostras
2925 2723 3286 2795 calamitates,
3325 2731 3376 2785 in
3422 2750 3518 2789 sua
3569 2738 3675 2792 im-

2086 2801 2286 2870 pietate
2319 2803 2650 2876 gloriantur,
2686 2811 2740 2865 in
2779 2813 3106 2884 religionem
3136 2830 3381 2877 nostram
3420 2826 3563 2895 piam
3588 2830 3672 2882 in-

2086 2906 2344 2963 surgunt,
2379 2901 2725 2957 contumeliis
2758 2904 2809 2958 iu
2873 2917 3089 2964 nostras
3151 2927 3242 2968 res
3301 2915 3562 2974 honestas
3618 2932 3673 2975 et

2085 2995 2304 3042 sanctas
2339 2989 2693 3049 invehuntur.
2734 2995 2995 3052 Sanctum
3035 2999 3124 3055 Dei
3168 3019 3389 3071 nomen,
3456 3024 3673 3080 propter

2082 3077 2434 3135 vitiositatem
2514 3095 2780 3152 nostram,
2845 3091 2986 3144 male
3051 3094 3225 3149 audit.
3289 3098 3671 3160 Vociferantur

2081 3181 2270 3224 contra
2307 3183 2553 3227 nostram
2611 3179 2952 3246 religionem.
3001 3183 3208 3249 Quibus
3252 3189 3306 3243 in
3359 3191 3496 3248 locis
3541 3212 3668 3251 vero

2003 3285 2046 3343 α
2082 3255 2192 3313 Deo
2220 3275 2406 3314 verum
2437 3278 2536 3317 nos
2564 3268 2769 3320 cultum
2790 3274 3208 3342 pamstahamus,
3232 3279 3304 3333 ibi
3337 3299 3482 3339 nunc
3506 3286 3668 3342 deso-

2079 3347 2304 3404 lationis
2370 3352 2709 3410 abominatio
2777 3369 2931 3414 stans
2985 3368 3344 3436 conspicitur.
3393 3373 3665 3434 Christia-

2076 3452 2272 3494 norum
2297 3452 2455 3497 antea
2489 3446 2620 3501 urbs
2683 3465 2828 3506 nunc
2883 3456 3174 3524 impiorum
3223 3462 3352 3518 urbs
3398 3475 3482 3520 est
3511 3487 3524 3523 :
3554 3487 3663 3529 non

2071 3530 2184 3600 jam
2224 3537 2464 3604 amplius
2496 3553 2691 3610 magna
2733 3545 2896 3602 rebus
2925 3549 3083 3606 bonis
3113 3564 3167 3607 et
3199 3554 3361 3620 iretis,
3395 3560 3489 3614 sed
3511 3563 3664 3618 cala-

2075 3627 2356 3684 mitatibus
2390 3641 2442 3684 et
2474 3633 2712 3690 miseriis
2744 3640 3000 3694 maxima.
3024 3643 3144 3708 Quo
3168 3649 3505 3715 splendidior
3526 3656 3656 3711 olim

2071 3729 2210 3784 erat,
2247 3730 2398 3776 tanto
2426 3741 2569 3779 nunc
2606 3729 2860 3785 miserior
2899 3735 3117 3790 redacta
3151 3747 3253 3794 est.
3290 3741 3660 3808 Quemadmo-

2071 3809 2200 3864 dum
2237 3813 2369 3868 nihil
2402 3816 2491 3869 illa
2521 3819 2730 3875 beatius
2759 3832 2935 3889 antea,
2972 3826 3043 3880 ita
3076 3841 3264 3887 contra
3317 3837 3452 3890 nihil
3508 3857 3655 3898 nunc

2070 3901 2258 3955 eadem
2295 3904 2570 3962 miserius.
2606 3908 2826 3965 Poterat
2855 3913 2970 3979 ipsa
3002 3917 3084 3972 vel
3109 3922 3250 3977 cosio
3315 3934 3650 3997 comparari,

2072 4002 2258 4062 utpote
2299 4012 2420 4066 qua:
2477 4007 2735 4070 tanquam
2769 4005 2884 4060 sole
2916 4019 2968 4062 et
2999 4009 3124 4065 luna
3171 4025 3223 4069 et
3272 4019 3464 4084 stellis,
3504 4027 3654 4080 varia

2069 4086 2398 4153 templorum
2451 4100 2504 4144 et
2550 4092 2782 4148 aliorum
2841 4099 3193 4160 aediﬁciorum
3244 4111 3650 4178 splenddorum

2069 4177 2472 4244 pulchritudine
2518 4193 2573 4238 et
2623 4188 3003 4256 amplituliue,
3033 4177 3290 4254 omnibus
3343 4204 3466 4260 aliis
3497 4218 3652 4264 extra

2067 4283 2284 4324 omnem
2325 4277 2752 4343 comparationis
2783 4281 2954 4336 aleam
2981 4295 3304 4348 antestaret.
3333 4293 3488 4350 Nunc
3521 4315 3651 4354 vero

2067 4363 2250 4416 nescio
2279 4366 2408 4434 quid
2445 4368 2512 4423 de
2544 4369 2656 4438 ipsa
2687 4373 2791 4427 dici
2818 4386 2982 4444 queat
3035 4389 3090 4434 ut
3140 4397 3244 4437 non
3293 4387 3579 4444 aberretur
3617 4409 3646 4446 a

2065 4466 2214 4508 vero.
2249 4453 2458 4511 Cuncta
2494 4475 2729 4529 namque
2776 4463 3046 4522 deteriora
3106 4473 3360 4544 deinceps
3417 4481 3467 4532 in
3523 4497 3644 4537 eam

2063 4544 2360 4612 quadrant.
2429 4545 2722 4606 Prurstaret
2784 4571 2900 4609 eam
2955 4560 3204 4626 incendio
3263 4582 3641 4639 consumptam

377 4613 651 4682 κουμένης
681 4615 732 4666 οἱ
767 4615 972 4685 ταύτην
1001 4618 1558 4691 ἐκπολιορκήσαντες,
1583 4627 1675 4678 καὶ
1706 4628 1954 4693 είκότως.

381 4699 486 4724 1111-.
517 4703 621 4724 --L-
658 4704 822 4724 “Iruu
854 4703 918 4724 ’γ’
948 4705 1033 4724 ,I'
1167 4709 1180 4724 ο
1266 4708 1292 4719 ~
1428 4711 1438 4724 ι
1501 4711 1539 4724 ιε
1715 4714 1737 4724 ..
1849 4719 1867 4724 -

2998 4613 3007 4626 ,
3052 4613 3198 4619 με---
3265 4613 3641 4639 --..-.....,.......

2076 4649 2206 4698 ssse,
2243 4648 2339 4691 aut
2371 4641 2728 4700 itmndatione
2756 4663 3023 4717 aquarum
3048 4656 3347 4724 abreptam,
3382 4671 3474 4714 aut
3530 4673 3642 4719 ter-

381 4699 487 4754 Ἢν
517 4703 625 4772 γὰρ
655 4704 824 4774 μόνην
849 4703 918 4757 δι’
937 4705 1134 4769 αἰῶνος
1158 4708 1391 4776 ἡγοῦντο
1419 4711 1692 4767 ἀνάλωτον
1713 4714 1954 4785 ἔσεσθαι,

374 4793 450 4854 ὡς
493 4793 794 4863 κρείττωῆ
846 4796 988 4848 κατὰ
1031 4796 1130 4859 τὰς
1166 4801 1222 4850 ἐν
1271 4802 1340 4868 γῇ
1383 4801 1564 4866 πόλεις
1599 4805 1837 4872 ἁπάσας,
1889 4811 1955 4873 ἃς

376 4883 696 4954 ἀνθρωπίνη
747 4885 869 4954 χεὶρ
918 4885 1164 4953 ἤγειρεν,
1214 4888 1261 4939 εί
1317 4888 1456 4960 αὕτη
1493 4894 1586 4944 νῦν
1622 4895 1804 4958 αὐτοῖς
1850 4899 1951 4970 ἤδη

378 4976 532 5045 παρὰ
589 4978 769 5028 πᾶσαν
820 4975 1010 5029 ἐλπίδα
1063 4980 1456 5051 πεπόρθηται,
1513 4985 1564 5036 τί
1609 4985 1794 5040 λοιπδν
1845 4992 1955 5044 τῶν

285 5085 295 5092 ο
379 5069 600 5121 πάντων
633 5069 992 5134 ἁνέλπιστον;
1045 5069 1210 5122 Ὅθεν
1259 5073 1365 5128 καὶ.
1389 5075 1529 5143 μέγα
1558 5078 1698 5130 κατὰ
1733 5081 1952 5135 πάντων

381 5159 661 5229 φρονοῦσι,
698 5160 790 5214 καὶ
822 5158 958 5226 μετὰ
984 5163 1333 5236 φρονήματος
1386 5169 1623 5234 μεγάλου
1657 5172 1748 5224 καὶ
1782 5177 1953 5242 φορᾶς

373 5249 704 5305 ἀνυποίστου
737 5251 906 5302 πᾶσιν
958 5252 1193 5306 ἐπίασιν.
1238 5255 1300 5306 Ἥ
1349 5259 1553 5328 ταύτης
1604 5264 1951 5328 κατάπτωσις

371 5341 430 5393 τὸ
467 5341 685 5393 πάντων
717 5340 1094 5410 καταϐέϐληκε
1129 5344 1404 5414 φρόνημαο
1445 5353 1532 5402 καὶ
1564 5354 1694 5424 περὶ
1738 5356 1950 5409 ἑαυτῶν

375 5431 562 5485 λοιπὸν
615 5431 821 5485 δεδίασι
874 5434 1097 5495 πάντες.
1149 5437 1346 5488 Οὐκέτι
1401 5440 1575 5504 οὐδεὶς
1629 5447 1692 5516 τῇ
1756 5447 1948 5502 ἑαυτοῦ

372 5523 659 5594 ἐλευθερίᾳ
694 5523 910 5595 θαρρεῖο
953 5525 1152 5588 πάντες
1181 5526 1378 5593 αὐτοὺς
1415 5532 1828 5604 ἐπιδραμείσθαι
1857 5543 1949 5594 τὸν

372 5613 650 5685 βάρϐαρον
683 5613 1075 5684 προσδοκῶσιν.
1113 5617 1278 5670 Ὅθεν
1329 5622 1424 5673 καὶ
1477 5624 1526 5675 οἱ
1584 5626 1680 5692 μὲν
1711 5629 1785 5698 τῷ
1838 5631 1948 5684 δέει

371 5704 573 5774 φόρους
599 5703 846 5756 τελοῦσιν
875 5704 1046 5773 αὐτῷ,
1078 5706 1188 5759 οὐδ’
1212 5705 1355 5761 οὕτω
1382 5712 1523 5764 πάνυ
1555 5713 1779 5785 θαρῤεῖν
1800 5718 1946 5790 ἔχων.

368 5813 480 5860 τεςο
515 5797 564 5850 οἱ
605 5796 651 5850 δ’
679 5795 887 5866 ἕτοιμοι
922 5796 1082 5876 τοῦτο
1118 5802 1312 5868 ποιεῖν,
1371 5803 1418 5857 εί
1475 5807 1548 5877 μὴ
1593 5826 1948 5883 προαναρπα-

371 5888 542 5945 σθεῖεν
574 5890 673 5960 τῆς
701 5888 826 5958 γῆς.
870 5889 956 5953 Ὠς
992 5890 1165 5961 πυρὸς
1194 5892 1397 5965 ῥύμην,
1435 5895 1566 5969 ὓλην
1612 5901 1812 5975 πολλὴν
1853 5909 1943 5960 καὶ

645 5987 907 6046 ΡΑτιιυι..
967 5987 1080 6046 Gn.
1127 5989 1292 6052 CLX.

2063 4739 2134 4778 ιιω
2154 4737 2300 4780 motu
2334 4729 2482 4783 humi
2525 4746 2874 4804 prostratam,
2911 4759 3071 4812 quam
3112 4747 3290 4802 adhuc
3322 4764 3555 4818 exstare,
3587 4767 3642 4812 et

2060 4813 2112 4866 in
2140 4824 2281 4869 terra
2313 4823 2573 4888 conspici,
2607 4825 2873 4894 dignitate
2904 4848 3003 4886 sua
3031 4844 3085 4889 et
3117 4818 3459 4897 ornamentis
3510 4863 3639 4916 spo-

2059 4907 2264 4961 liatam.
2289 4909 2478 4980 Magna
2501 4915 2821 4975 Christiano
2851 4927 3060 4981 nomini
3099 4930 3395 4999 ignominia
3430 4953 3492 4992 ex
3519 4943 3638 5008 ejus

2056 5000 2353 5057 amissione
2374 5007 2592 5073 accidit,
2621 5025 2824 5080 quanto
2858 5019 3061 5072 scilicet
3096 5031 3256 5076 antea
3310 5018 3462 5084 salus
3515 5034 3636 5102 ejus

2058 5092 2252 5160 majori
2281 5095 2468 5163 gloria:
2501 5112 2640 5156 erat.
2677 5103 2795 5158 Non
2831 5106 2944 5176 jam
2978 5111 3251 5178 dubitant,
3307 5123 3398 5187 qui
3459 5092 3631 5192 ipsam

2053 5197 2521 5253 expugnaverurrt,
2563 5196 2613 5247 in
2643 5204 2814 5250 totum
2870 5209 3137 5258 terrarum
3208 5211 3392 5265 orhcnt
3447 5233 3639 5272 excur-

2053 5275 2236 5332 siones
2253 5277 2430 5335 facere
2454 5299 2686 5352 eumque
2711 5289 3001 5357 subjicere.
3032 5297 3202 5363 Quam
3236 5307 3432 5358 etenim
3463 5314 3631 5365 solam

2053 5367 2106 5421 in
2131 5385 2290 5425 omne
2317 5375 2576 5428 saeculum
2611 5380 2867 5436 invictam
2897 5388 3310 5460 existimabant,
3343 5409 3398 5449 ut
3423 5402 3632 5458 castoris

2051 5459 2104 5513 in
2148 5471 2288 5517 terra
2315 5469 2542 5523 urbibus
2576 5471 2808 5526 humana
2845 5493 3006 5532 manu
3045 5487 3339 5541 exstructis
3410 5494 3630 5558 praecel-

2049 5551 2248 5606 lentem
2284 5559 2556 5623 omnibus,
2610 5577 2732 5617 cum
2796 5566 2910 5621 haec
2960 5570 3072 5638 jam
3131 5576 3200 5630 ab
3249 5576 3381 5644 ipsis
3437 5592 3630 5649 praeter

2050 5657 2263 5697 omnem
2293 5662 2443 5716 spent
2490 5664 2642 5721 capta
2690 5663 2744 5708 el.
2791 5659 2998 5729 direpta
3053 5664 3142 5728 sit,
3188 5669 3320 5735 quid
3369 5670 3629 5745 demet-ps

2049 5739 2293 5790 oumium
2325 5754 2382 5793 se
2414 5759 2518 5795 non
2553 5747 2879 5806 Subacturos
2903 5768 3119 5821 sperent
3146 5759 3168 5811 ?
3201 5758 3353 5816 Unde
3407 5782 3628 5838 qumque

2050 5843 2270 5894 magnos
2296 5845 2661 5900 coner-perunt
2683 5840 2919 5908 at.imos,
2959 5845 3244 5918 minasque
3271 5867 3457 5911 contra
3509 5863 3630 5916 uui-

2048 5931 2234 5972 versos
2266 5919 2495 5988 spirant,
2527 5933 2577 5978 et
2613 5942 2804 5997 magna
2843 5939 3252 6007 contemptione.
3279 5958 3468 6002 eorum
3525 5951 3628 6006 im-

3237 6035 3312 6096 34
