4152 6280
602 446 736 508 1067

1772 436 2136 498 MATTILEI
2181 432 2646 521 εΑΜιιῐιιοτΑι

3731 426 3863 488 1068

600 570 833 628 petuque
865 556 1209 612 intolerando
1264 555 1488 626 quosvis
1517 553 1798 610 invadunt.
1835 552 2007 622 llujus
2030 553 2179 623 prin-

2293 554 2568 623 συνηρεφῆ
2601 550 2957 621 νεμηθέντος,
3016 546 3190 611 οὕτως
3225 544 3345 601 οὐδὲ
3376 546 3477 615 τὴν
3521 543 3867 616 βαρϐαρικὴν

599 651 735 718 cipis
766 650 916 703 urbis
945 648 1103 702 ruina
1131 647 1374 701 Omnium
1409 646 1622 702 animos
1648 646 1846 715 dejecit
1880 655 1933 700 et
1966 645 2178 711 alllixit,

600 757 661 795 ac
725 741 952 810 proinde
1003 740 1104 797 sibi
1156 748 1410 794 metuunt
1459 755 1669 794 omnes.
1722 736 1893 793 Nemo
1949 738 2180 808 amplius

602 834 835 889 libertati
867 848 982 890 sum
1012 833 1263 897 conlidit,
1293 832 1385 888 sed
1419 832 1603 886 cuneti
1631 848 1660 886 a
1688 831 1922 886 barbaro
1985 846 2045 885 se
2092 831 2179 884 in-

603 939 791 979 vasum
836 924 902 979 iri
938 931 1209 978 metuunt.
1244 921 1381 976 Hinc
1414 923 1472 977 lit
1507 932 1562 975 ut
1592 922 1788 991 partim
1841 934 2032 975 eorum
2086 920 2182 975 tri-

603 1018 793 1071 hutnm
828 1017 878 1070 ci
912 1014 1169 1085 pendant,
1206 1029 1312 1083 qua
1353 1028 1422 1068 ne
1452 1014 1566 1084 ipsa
1594 1013 1822 1083 'qnidcm
1854 1027 1912 1066 re
1943 1027 2004 1067 se
2032 1021 2180 1067 tutos

604 1123 893 1163 mansuros
948 1106 1267 1172 conlidunt;
1330 1107 1421 1161 alii
1490 1121 1618 1160 vero
1678 1106 1782 1159 hoc
1836 1108 2005 1174 parati
2056 1114 2183 1158 sunt

604 1201 802 1263 facere,
831 1199 936 1253 nisi
964 1204 1087 1253 ante
1123 1198 1393 1267 oppressi,
1421 1197 1487 1252 de
1539 1207 1683 1251 terra
1736 1195 1896 1250 deleti
1958 1195 2183 1250 fucrint.

602 1292 754 1345 Sicut
788 1290 932 1345 enim
969 1290 1112 1360 ignis
1144 1290 1397 1345 violentia
1425 1290 1627 1358 passim
1655 1289 1719 1341 ad
1774 1302 1991 1342 omnem
2048 1303 2181 1342 cnn-

601 1395 803 1453 gestam
835 1383 1160 1449 ebriamque
1188 1382 1470 1436 materiam
1512 1390 1814 1449 grassatur,
1845 1381 1917 1433 ita
1946 1379 2187 1434 barbari-

601 1494 723 1532 cum
790 1480 844 1531 in
895 1491 1089 1531 omnes
1143 1476 1408 1545 impetum
1463 1489 1625 1528 nemo
1677 1473 1935 1528 cohibere
1983 1480 2181 1540 potest.

604 1570 830 1638 Semper
868 1567 933 1623 ad
961 1568 1169 1637 majora
1199 1567 1465 1622 harharus
1516 1564 1877 1633 cogitationes
1930 1562 2185 1628 intendit,

603 1660 953 1728 cupiditatem
986 1674 1143 1713 suam
1167 1659 1233 1712 ad
1263 1666 1501 1712 extrema
1536 1670 1711 1726 usque
1732 1666 1891 1711 terra!
1917 1654 2184 1720 extendit,

604 1758 657 1804 et
687 1765 796 1820 quo
829 1752 1009 1803 minus
1045 1749 1099 1802 in
1136 1763 1326 1803 omnes
1355 1761 1500 1802 caeco
1531 1748 1733 1815 impetu
1768 1746 2031 1806 incurrat.
2080 1755 2188 1800 ter-

605 1845 753 1896 mino
782 1849 993 1894 vetatur
1023 1839 1198 1893 nullo.
1230 1840 1312 1893 Ab
1341 1838 1508 1893 altera
1540 1847 1713 1907 parte,
1748 1849 1894 1892 metu
1921 1836 2185 1907 prostrati

2289 646 2431 699 κατά
2477 647 2698 698 πάντων
2748 642 2936 710 ἔφοδον
2987 642 3048 694 οὐ
3098 640 3320 693 δύναται
3365 638 3544 699 οὒδελς
3593 638 3865 703 ἐπισχεῖν.

2297 736 2408 790 Ἀεὶ
2441 735 2657 805 μείζοσι
2694 734 2967 804 βάρϐαρος
3018 731 3283 799 ἐγχειρεῖ,
3310 730 3403 782 καὶ
3436 728 3536 790 τὴν
3564 726 3866 795 ἐπιθυμίοιν

2287 826 2369 888 είς
2408 827 2474 879 τὰ
2501 825 2604 892 γῆς
2639 824 2851 894 πέρατα
2885 821 3226 890 παρατείνειο
3259 821 3354 875 καὶ
3382 821 3510 889 δρος
3546 818 3699 888 αὐτῷ
3747 819 3873 881 τοὺς

2285 919 2379 973 ἐπὶ
2408 920 2486 989 τῷ
2533 919 2709 972 πάντα
2745 917 3105 985 κατατρέχειν
3147 916 3345 979 οὐδείς.
3388 914 3600 976 Πάντες
3639 912 3697 966 δὲ
3732 928 3871 964 κπ-

2286 1011 2559 1080 επτήχασι
2603 1025 2618 1042 ’
2662 1012 2755 1063 καὶ
2782 1010 2878 1063 τοῦ
2904 1007 3027 1062 καθ’
3058 1009 3254 1063 ἑαυτὸν
3283 1005 3591 1078 φροντίζων
3613 1004 3874 1069 ἕκαστος,

2287 1101 2564 1171 κάθηνται
2628 1102 2687 1153 τὸ
2731 1100 2926 1171 μέλλον
2973 1095 3445 1171 ἀποσκοποῦντες,
3499 1096 3620 1152 δέον
3665 1096 3871 1167 ἀρμᾷν,

2291 1193 2550 1265 σύστημα
2574 1196 2904 1262 γενομένους
2941 1193 3020 1255 ἓν,
3054 1191 3228 1245 ἀὑτὸν
3274 1192 3432 1261 κοινῇ
3468 1192 3682 1254 πάντας
3731 1190 3878 1257 ἀμύ-

2288 1288 2509 1351 νασθαι,
2538 1289 2634 1341 καὶ
2681 1288 2841 1355 δίκην
2885 1286 3018 1357 παρ’
3055 1286 3221 1341 αύτοῦ
3251 1285 3460 1348 λαϐεῖν,
3495 1279 3572 1337 ὧν
3626 1284 3707 1345 είς
3733 1280 3877 1352 Χρι-

2290 1381 2546 1443 στιανοὺς
2592 1381 2691 1434 καὶ
2734 1381 2795 1432 τὸ
2841 1379 3086 1451 Χριστοῦ
3134 1380 3330 1448 ὄνομα,
3384 1377 3481 1431 καὶ
3535 1375 3729 1446 ὕϐριζε
3784 1374 3878 1426 καὶ

2291 1474 2533 1544 ὑϐρίζων
2584 1474 2933 1543 καθεκάστην
2968 1474 3031 1527 ού
3088 1472 3347 1526 παύεται.
3401 1470 3569 1524 Ἀλλά
3601 1467 3764 1521 τοῦτό
3815 1482 3878 1533 γε

2288 1565 2403 1618 αὕτ’
2437 1563 2671 1634 ἐμέλησέ
2699 1581 2788 1618 πω
2815 1564 3013 1629 οὐδενὶ,
3051 1562 3174 1616 οὔτε
3206 1562 3453 1631 μελήσει,
3496 1560 3637 1630 πλὴν
3667 1560 3717 1611 εί
3742 1558 3880 1619 Θεὸς

2291 1656 2527 1726 θελήσει,
2560 1655 2727 1722 ἀξίων
2757 1655 3061 1725 γινομένων
3098 1654 3279 1724 ἡμῶν.
3310 1657 3421 1710 Καὶ
3449 1654 3687 1714 ἕκαστος
3717 1649 3883 1704 τοῦτο

2291 1747 2744 1819 παρακερδαίνει,
2794 1748 2856 1801 τὸ
2908 1749 3023 1811 τοῖς
3090 1747 3285 1810 δεινοῖς
3334 1746 3565 1817 ὕστερος
3618 1743 3878 1814 ἡγεῖσθαι

2290 1840 2778 1911 ταμιευθήσεσθαι,
2827 1839 3117 1905 ἐξαπατῶν
3163 1839 3357 1895 ἑαυτὸν
3388 1841 3474 1911 τῇ
3534 1838 3895 1908 ίδιοπραγίᾳ,

602 1941 731 1989 sunt
757 1947 973 1997 omnes,
1005 1943 1060 1987 et
1090 1947 1189 2002 pro
1229 1947 1290 1987 se
1324 1931 1561 2001 quisque
1592 1930 1836 1997 solliciti,
1896 1938 2185 1999 exspecta-

2293 1936 2384 1988 καὶ
2428 1936 2493 2004 τῇ
2530 1934 2777 2004 ἀπωλείᾳ
2805 1933 2915 1987 τῶν
2945 1933 3142 2000 ἄλλων,
3192 1934 3227 2006 ἦ
3269 1934 3367 1988 καὶ
3398 1934 3479 2005 τῷ
3510 1935 3587 2004 μὴ
3616 1932 3696 1988 ’ἃν
3726 1934 3881 2002 ἥξειν

604 2028 751 2082 tione
782 2027 977 2091 l‘uturi,
1010 2041 1248 2097 quonam
1282 2041 1370 2081 res
1401 2038 1649 2080 erasum
1666 2024 1798 2085 sint,
1866 2024 2186 2099 languentes

608 2127 850 2184 cessant,
877 2132 1000 2173 cum
1028 2129 1218 2175 contra
1255 2128 1532 2188 oporteret
1566 2118 1619 2170 in
1649 2130 1816 2170 unum
1866 2115 2187 2185 conspirare

605 2210 912 2275 universos,
934 2210 1432 2280 communibusque
1463 2209 1658 2279 opihus
1690 2216 1746 2262 et
1776 2207 1945 2262 armis
1973 2207 2184 2261 hostem

605 2302 914 2372 populsare,
953 2316 1017 2356 ac
1047 2302 1238 2373 pmn'as
1269 2301 1537 2357 scelerum
1568 2315 1693 2370 qua:
1718 2301 1772 2355 in
1835 2298 2185 2355 Christianos

603 2394 919 2464 Christique
972 2408 1168 2447 nomen
1222 2393 1617 2447 contumeliose
1644 2402 1699 2447 et
1751 2389 2082 2460 perpetravit
2132 2398 2189 2442 et

604 2487 849 2556 quotidie
879 2495 1192 2556 perpetrare
1219 2496 1325 2540 non
1352 2485 1582 2548 desistit,
1616 2485 1683 2539 de
1706 2485 1800 2539 illo
1816 2492 2052 2537 sumere.
2077 2480 2185 2537 Sed

607 2585 711 2636 hoc
755 2580 959 2634 nemini
1016 2594 1162 2633 nunc
1198 2592 1344 2632 curae
1385 2586 1487 2641 est,
1520 2590 1694 2646 neque
1744 2575 1975 2645 posthac
2019 2574 2185 2627 etiam

606 2686 751 2724 curm
776 2670 901 2737 erit,
928 2670 1037 2723 nisi
1064 2668 1440 2738 tum,quando
1471 2665 1616 2721 Deus
1645 2664 1984 2731 rolet,nohls
2012 2663 2189 2731 dignis

608 2762 785 2817 factis.
820 2761 1032 2832 Singuli
1060 2774 1210 2823 vero,
1249 2774 1308 2813 se
1365 2767 1672 2828 postremos
1725 2756 1793 2811 ad
1851 2756 2188 2811 calamitates

609 2860 945 2907 reservatum
982 2852 1046 2905 iri
1077 2859 1355 2920 putantes.
1380 2848 1751 2903 maleinterea
1785 2849 1888 2901 hoc
1941 2858 2109 2900 morm
2131 2846 2187 2899 in

608 2945 763 2998 lucro
792 2950 1025 3012 ponunt.
1058 2939 1163 2996 Ubi
1192 2948 1340 2994 certe
1367 2940 1580 3008 seipsos
1605 2939 1905 3006 decipiunt,
1960 2951 2187 2991 suarum

608 3048 792 3087 rerum
821 3032 1023 3096 studio,
1052 3040 1110 3084 ut
1138 3029 1486 3100 negligentia,
1520 3029 1644 3084 aliis
1694 3028 1900 3082 interea
1958 3040 2190 3093 pereun-

610 3113 777 3194 tibus,
807 3125 1044 3182 autdum
1076 3138 1355 3196 nunquam
1385 3123 1450 3178 ad
1477 3137 1536 3179 se
1566 3133 1793 3177 ventura
1822 3121 2022 3178 similia
2047 3122 2186 3177 mala

604 3224 822 3290 putant,
854 3228 950 3274 aut
979 3228 1107 3274 tunc
1151 3217 1371 3273 demum
1427 3232 1486 3272 se
1529 3230 1681 3271 arma
1719 3224 1774 3271 et
1811 3214 2186 3271 defensionem

2298 2026 2430 2080 ποτέ
2460 2026 2558 2080 καὶ
2590 2027 2671 2090 είς
2704 2027 2868 2081 αὑτὸν
2920 2025 3131 2081 οἴεσθαι
3169 2027 3241 2082 τά
3300 2027 3453 2081 δεινά
3479 2042 3494 2060 ο
3543 2026 3577 2097 ἢ
3607 2025 3737 2080 τότε
3767 2026 3885 2080 δια-

2295 2119 2591 2187 νοούμενος
2622 2117 2975 2189 διεγερθῆναί
3022 2137 3083 2173 τε
3132 2120 3225 2173 καὶ
3275 2118 3613 2188 ἀμύνασθαι,
3660 2121 3754 2174 ὅτι
3782 2117 3885 2175 καὶ

2296 2208 2385 2263 ἐπ’
2416 2210 2578 2263 αὐτὸν
2608 2210 2636 2263 δ
2669 2210 2941 2281 βάρϐαρος
2984 2210 3062 2281 τῃ·
3108 2210 3242 2280 πρὶν
3284 2210 3342 2264 δὲ
3388 2209 3544 2264 τοῦτο
3591 2209 3877 2278 γενέσθω,

2298 2304 2422 2371 μηδ’
2458 2302 2525 2357 ἂν
2571 2303 2628 2357 εί
2664 2321 2716 2358 τι
2756 2306 2851 2357 καὶ
2901 2304 3110 2373 γένοιτό
3186 2322 3318 2359 ποτε
3364 2305 3879 2376 διεγερθησόμενπς

2295 2397 2414 2450 οὑδὲ
2441 2396 2636 2449 τοῦτον
2665 2396 2797 2464 γοῦν
2825 2396 3040 2460 οὐδενὸς
3066 2396 3444 2467 λογιζομένου,
3486 2394 3561 2469 μὴ
3588 2412 3883 2473 προαναρ-

2297 2487 2576 2558 πασθῆναι
2615 2487 2847 2557 φθάσαι,
2877 2490 3010 2559 πρίν
3034 2508 3157 2544 τινα
3190 2490 3378 2559 σχεδὸν
3405 2490 3592 2545 λαϐεῖν
3622 2492 3885 2562 αἴσθησιν

2295 2580 2404 2632 τῶν
2427 2579 2642 2634 δεινῶν.
2678 2582 2850 2635 Τοῦτο
2878 2581 2923 2635 δ’
2954 2584 3205 2647 ἑκάστοις
3228 2587 3375 2637 ποιεῖ
3395 2584 3428 2656 ἡ
3452 2601 3510 2637 τε
3534 2584 3680 2655 -ἀλλη
3705 2587 3883 2651 πᾶσα,

2295 2664 2330 2746 ᾖ
2368 2672 2634 2738 συζῶσιν,
2674 2673 2998 2744 ἀϐελτηρία,
3058 2675 3154 2728 καὶ
3194 2673 3254 2727 τὸ
3307 2675 3375 2729 δι’
3425 2674 3595 2745 αὐτὴν
3623 2676 3729 2746 τὴν
3774 2676 3885 2730 τῶν

2298 2763 2508 2815 πολλῶν
2545 2763 2768 2835 ἀγάπην
2823 2765 3087 2835 ψυγῆναι,
3141 2767 3236 2821 καὶ
3279 2767 3603 2836 ἐξαφανίσαι
3642 2771 3742 2825 τὸν
3787 2770 3882 2826 ἐπὶ

2295 2854 2395 2923 τῆς
2426 2857 2665 2920 πίστεως
2705 2858 2887 2928 ζῆλον.
2927 2859 2989 2913 Εί
3017 2858 3061 2912 δ’
3091 2860 3345 2927 ἕκαστος,
3394 2861 3880 2934 ἀποστρεφόμενος

2296 2950 2364 3003 τὰ
2397 2950 2611 3016 πονηρά
2641 2947 2798 3018 ἔργα,
2839 2949 2908 3003 τά
2955 2950 3067 3004 τῶν
3104 2950 3451 3019 Χριστιανῶν
3481 2951 3716 3007 ἑκάστου
3772 2953 3881 3027 ὑπὸ

2295 3043 2405 3095 τῶν
2429 3040 2642 3095 ἀσεϐῶν
2693 3042 2842 3113 πάοη
2903 3043 3013 3097 ῐδια
3065 3044 3368 3111 ἐλογίζετο,
3419 3045 3515 3099 καὶ
3545 3044 3707 3116 ζῆλον
3733 3047 3882 3116 ὑπὲρ

2295 3133 2391 3187 τοῦ
2435 3131 2995 3203 Χριστούόνόματος
3048 3137 3393 3207 ἀνελάμϐανε
3448 3139 3758 3210 πρέποντα,
3811 3139 3885 3210 μὴ

2297 3226 2434 3280 ἄλλα
2459 3225 2641 3290 ἄλλοις
2671 3226 2945 3295 ἐγκαλῶν,
2977 3221 3059 3291 οἷς
3085 3229 3144 3281 οὐ
3179 3228 3359 3299 θέμις·
3392 3229 3453 3283 ού
3490 3231 3652 3298 μόνον
3685 3231 3792 3286 οὐκ
3819 3232 3884 3287 ἂν

607 3322 967 3385 suscepturus
1028 3312 1293 3383 cogitant,
1327 3311 1545 3381 quando
1576 3310 1632 3365 in
1666 3312 1812 3378 ipsos
1844 3309 2007 3364 etiam
2057 3309 2186 3365 har-

2294 3318 2447 3370 αύτοὶ
2475 3317 2569 3370 τὸν
2607 3317 2885 3388 βάρϐαρον
2943 3319 3242 3386 ἐδεδίεσαν,
3295 3320 3418 3374 ἀλλ’
3464 3321 3578 3375 οὐδ’
3614 3322 3682 3377 ἂν
3716 3324 3884 3393 ἡμεῖς

608 3412 774 3465 ιιειτυε
807 3406 1071 3461 invaserit
1106 3405 1465 3475 ;priusquam
1500 3419 1628 3459 vero
1656 3404 1759 3458 hoc
1781 3403 1895 3469 llat,
1951 3417 2011 3457 se
2045 3419 2188 3458 nun-

606 3504 794 3569 quam,
830 3499 1094 3570 quidquid
1149 3498 1311 3553 etiam
1344 3496 1457 3563 ﬂat,
1486 3498 1834 3553 surrecturus
1863 3496 2190 3552 vindictam-

605 3609 713 3661 qne
743 3603 1053 3662 paraturos.
1109 3588 1220 3646 Nec
1256 3590 1474 3644 interim
1513 3589 1618 3644 hoc
1648 3589 1843 3645 saltem
1894 3590 2188 3659 quisquam

607 3686 830 3750 cogitat,
864 3683 965 3739 sibi
987 3686 1292 3738 cavendum
1354 3696 1499 3747 esse,
1557 3672 1800 3736 ne‘ante
1852 3681 2191 3752 opprimatur

608 3792 769 3845 quam
804 3776 916 3831 fere
955 3775 1123 3830 ullum
1164 3790 1385 3831 sensum
1444 3775 1624 3846 capiat
1679 3774 1957 3830 interitus.
2009 3772 2188 3830 Causa

609 3871 770 3940 hujus
797 3869 922 3923 mali
956 3879 1038 3923 est
1067 3883 1193 3924 cum
1230 3869 1438 3937 reliqua
1472 3867 1674 3932 omnis,
1701 3882 1826 3923 cum
1863 3882 1970 3937 qua
2001 3881 2193 3922 conse-

606 3970 861 4027 nescunt,
895 3960 1167 4027 stnliditas
1198 3968 1253 4013 et
1283 3960 1561 4023 socordia,
1622 3970 1738 4012 tum
1773 3960 1916 4029 quod
1939 3960 2064 4013 hinc
2080 3960 2192 4029 ple-

609 4065 904 4120 roremque
932 4051 1096 4105 etiam
1128 4050 1370 4103 charitas
1395 4046 1628 4111 refrixit,
1656 4060 1710 4102 et
1739 4049 2017 4119 religionis
2043 4050 2193 4105 zelus

605 4143 862 4194 extiterit.
889 4139 1043 4206 Quod
1078 4139 1125 4193 si
1168 4139 1571 4207 unusquisque,
1633 4139 1876 4207 improba
1936 4139 2075 4193 facta
2138 4149 2194 4195 et

605 4234 810 4288 scelera
834 4220 1169 4298 detestatus,
1210 4234 1350 4286 mala
1402 4232 1604 4295 quibus
1665 4232 1865 4300 singuli
1918 4230 2193 4287 Christia-

608 4337 800 4376 norum
829 4324 907 4378 ab.
927 4322 1091 4393 impia
1121 4331 1279 4393 gente
1309 4321 1644 4387 alllciuntur,
1668 4338 1765 4379 sua
1798 4324 2190 4390 exis-limasset,

605 4414 1115 4486 aemulationemque
1140 4415 1455 4486 proChristi
1490 4416 1711 4470 nomine
1738 4431 1798 4472 se
1826 4414 2045 4487 dignam
2075 4429 2194 4470 susv

604 4508 865 4577 cepisset,
917 4522 1029 4562 non
1054 4517 1236 4563 autem
1254 4508 1485 4563 crimina
1517 4509 1623 4564 alia
1655 4508 1776 4563 aliis
1807 4507 2028 4576 indigne
2043 4506 2195 4577 obje-

605 4600 792 4668 cisset,
826 4615 933 4655 non
971 4609 1182 4657 tantum
1213 4602 1315 4672 ipsi
1371 4600 1659 4655 barbarum
1689 4617 1834 4656 nunc
1864 4616 1971 4656 non
2022 4600 2195 4656 refor-

2292 3424 2356 3474 γε
2380 3406 2687 3480 τηλικαύτῃ
2718 3410 3267 3480 περιεπεπτώκειμεν
3290 3414 3568 3484 συμφορᾷ,
3606 3415 3699 3468 καὶ
3723 3413 3885 3484 δίκην

2292 3501 2392 3567 τὴν
2442 3499 2600 3564 ἀξίαν
2660 3500 2828 3555 πάλαι
2879 3501 2947 3555 ἂν
2976 3503 3004 3554 δ
3035 3500 3314 3573 βάρϐαρος
3365 3503 3798 3561 ἐδεδώκει.’Νῢν
3826 3505 3885 3560 δέ

2292 3590 2381 3645 διὰ
2410 3590 2470 3643 τὸ
2507 3590 2711 3662 μηδένα
2748 3591 2842 3645 τοῦ
2884 3593 3262 3663 προσήκοντος
3305 3592 3560 3664 ἐθελῆσαι
3598 3595 3883 3664 γενέσθαι,

2294 3683 2391 3735 καὶ
2420 3681 2520 3753 τὴν
2551 3682 2703 3738 θείαν
2735 3684 3131 3752 ἐγκαταλιπεῖν
3163 3686 3315 3757 ἡμᾶς
3338 3687 3620 3756 πρόνοιαν,
3651 3689 3884 3752 ἑκόντας

2293 3776 2817 3846 ἀποσχοινισθέντας
2865 3776 3058 3847 αὐτῆς,
3091 3778 3186 3830 ἐπὶ
3217 3778 3419 3849 πολλῆς
3456 3797 3517 3833 τε
3566 3781 3663 3835 τοῦ
3695 3783 3881 3838 κωλύ-

2295 3883 2483 3931 σοντος
2518 3866 2776 3937 ἐρημίας,
2806 3864 2839 3937 ἧ
2873 3867 2969 3920 καὶ
2993 3866 3129 3932 ὅλως
3154 3867 3247 3922 τοῦ
3281 3871 3649 3941 ἀμυνομένου,
3690 3875 3797 3945 τήν
3822 3886 3882 3928 τι

2297 3960 2452 4013 πόλιν
2482 3958 2641 4029 ἡμῶν
2675 3957 2783 4030 (εἴη
2833 3959 2892 4012 δὲ
2952 3959 3045 4013 καὶ
3089 3961 3277 4032 κοινὴν
3334 3964 3567 4034 πατρίδα
3601 3964 3715 4018 τῶν
3742 3966 3883 4037 Χρι-

2298 4050 2532 4105 στιανῶν
2565 4049 2823 4104 ἁπάντων
2851 4051 3048 4121 εἰπεῖν)
3072 4052 3100 4105 δ
3130 4051 3407 4125 βάρϐαρος
3435 4057 3878 4127 κατεστρέψατο,

2295 4145 2444 4213 ἡμᾶς
2488 4159 2547 4194 τε
2605 4141 3119 4211 ἐξηνδραποδίσατο,
3177 4146 3273 4199 καὶ
3327 4147 3503 4199 πάντα
3554 4147 3777 4219 διέθηκε
3817 4152 3883 4203 τὰ

2260 4258 2263 4261 ·
2295 4234 2599 4300 δεινότατα,
2633 4234 2729 4286 καὶ
2761 4236 2878 4298 τοῖς
2906 4234 3115 4301 λοιποῖς
3171 4239 3309 4307 μετὰ
3365 4237 3565 4293 πολλοῦ
3611 4241 3706 4294 τοῦ
3755 4242 3881 4314 θρά-

2298 4341 2427 4388 σους
2455 4325 2550 4379 καὶ
2584 4324 2826 4395 μεγάλου
2858 4326 3179 4397 ἐπέρχεται.
3210 4328 3308 4382 Διὰ
3338 4331 3514 4383 ταῦτα
3556 4332 3651 4385 καὶ
3690 4333 3881 4404 ὀδύρο-

2299 4436 2420 4486 μαι,
2456 4419 2552 4470 καὶ
2582 4416 2806 4489 δακρύω
2839 4456 2855 4481 ,
2904 4423 3000 4472 καὶ
3031 4417 3127 4473 τοῦ
3173 4419 3434 4492 δακρύειν
3477 4422 3536 4476 οὗ
3575 4424 3880 4495 παύσομαι,

2295 4509 2400 4574 ἕως
2429 4509 2495 4564 ἂν
2519 4508 2621 4582 τὴν
2649 4510 3001 4574 τῶν,άσεϐῶν
3027 4510 3169 4564 κατά
3196 4511 3545 4583 Χριστιανῶν
3578 4515 3892 4587 εὐημερίαν

2296 4603 2432 4674 δρῶ.

606 4695 897 4759 midareut,
937 4696 1032 4750 sed
1063 4712 1132 4752 ne
1162 4711 1263 4752 nos
1290 4696 1507 4766 quidem
1535 4695 1645 4765 jam
1678 4697 1730 4750 in
1764 4705 1967 4751 tantam
2018 4694 2404 4754 incidissemus
2444 4699 2830 4766 calamitatem,
2862 4712 3053 4770 poenas
3102 4706 3282 4753 autem
3330 4697 3654 4769 jamdudum
3710 4699 3878 4756 hoStis

606 4805 664 4846 se
694 4792 887 4860 dignas
906 4789 1168 4844 dedisset.
1193 4789 1352 4844 Nune
1378 4803 1532 4856 vero,
1562 4792 1820 4859 quoniam
1848 4804 2005 4845 nemo
2034 4789 2204 4846 voluit
2240 4788 2477 4846 ofﬁcium
2509 4781 2727 4856 facere,
2774 4791 3081 4861 divinaeque
3146 4806 3249 4847 nos
3297 4793 3651 4859 providentiae
3713 4795 3879 4851 desti-

608 4885 705 4938 tuti
739 4883 943 4937 luimus
990 4896 1117 4952 ope,
1149 4883 1277 4938 dum
1306 4892 1491 4939 nostra
1516 4884 1673 4955 culpa
1708 4885 1849 4940 ultro
1882 4900 1983 4941 nos
2016 4885 2084 4940 ab
2110 4900 2173 4941 ea
2235 4870 2569 4943 exclusimus
2600 4905 2614 4941 :
2648 4886 2907 4955 quoniam
2929 4886 3053 4942 item
3084 4902 3277 4955 magna
3325 4888 3729 4958 prohibentium
3786 4890 3877 4945 lto-
3953 4950 3959 4953 ,

606 4991 767 5043 stem,
800 4987 893 5031 aut
954 4975 1144 5032 saltem
1203 4977 1600 5042 resistentium,
1660 4978 1888 5048 penuria
1944 4980 2175 5045 exstitit,
2218 4981 2421 5036 factum
2453 4991 2556 5048 est,
2594 4988 2732 5036 υνδε
2760 4981 2952 5036 urbem
3020 4989 3291 5048 nostram,
3342 4982 3455 5037 imo
3532 4999 3878 5041 communem

608 5074 988 5129 uuiversorum
1063 5071 1506 5125 Christianorum
1582 5072 1840 5141 patriam,
1922 5073 2189 5130 barbarus
2228 5073 2503 5138 everterit,
2577 5062 2869 5141 omnisque
2929 5073 3147 5144 generis
3193 5076 3460 5129 horrenda
3522 5051 3772 5147 exeuipla
3825 5078 3876 5131 in

608 5182 708 5222 nos
733 5167 965 5223 ediderit
997 5173 1209 5234 captos,
1246 5168 1629 5221 etiucxteros
1682 5178 1875 5235 magna
1941 5164 2168 5218 audacia
2208 5165 2471 5222 effrenate
2500 5163 2743 5219 invadat.
2778 5160 2874 5219 His
2940 5164 3006 5217 de
3090 5162 3277 5218 causis
3335 5178 3437 5235 ego
3496 5166 3771 5238 lacrymor
3827 5175 3878 5223 et

606 5263 783 5337 ploro,
814 5279 913 5319 nec
940 5262 1274 5331 Iacrymandi
1312 5259 1472 5313 linem
1515 5259 1729 5325 faciam,
1789 5257 2031 5328 quandiu
2084 5258 2372 5329 impiorum
2398 5255 2583 5313 felices
2610 5265 2804 5335 contra
2824 5254 3171 5314 Christianos
3203 5240 3494 5315 successus
3521 5259 3735 5315 videbo.

679 5358 923 5427 Augetur
953 5355 1119 5410 etiam
1148 5369 1301 5409 meus
1325 5352 1481 5408 dolor
1512 5368 1579 5408 ex
1609 5367 1675 5407 eo
1698 5352 1846 5422 quod
1901 5350 2046 5406 circa
2098 5351 2187 5407 do-

2384 5348 2680 5403 Ἐπιτείνει
2701 5348 2759 5403 δέ
2785 5365 2880 5420 μοι
2906 5348 2969 5404 τδ
2991 5348 3165 5414 πάθος
3182 5351 3284 5404 καὶ
3310 5350 3370 5403 τὸ
3391 5349 3487 5402 ἐπὶ
3516 5353 3627 5414 τοῖς
3657 5350 3878 5414 οἰκείοις

606 5451 866 5507 mesticos
895 5456 947 5502 ct
982 5455 1244 5515 cognatos
1264 5459 1413 5501 meos
1443 5445 1645 5499 factum
1669 5453 1774 5500 est.
1806 5444 2018 5499 Etenim
2050 5443 2194 5500 alius

574 5540 799 5598 'liorum
830 5542 958 5604 alio,
999 5539 1187 5596 nescio
1213 5552 1322 5610 quo
1353 5548 1626 5592 terrarum
1677 5536 1903 5609 singuli,
1957 5535 2190 5607 dispersi

605 5644 751 5689 sunt.
782 5633 1039 5689 Nonnulli
1068 5647 1309 5703 quoque,
1344 5648 1470 5686 vera
1499 5631 1765 5701 religione
1798 5633 2088 5697 abnegata,
2120 5628 2187 5683 ad

576 5726 581 5736 '
604 5724 934 5793 impietatem
957 5722 1288 5779 defecerunt.
1305 5722 1381 5777 Ac
1409 5722 1475 5777 de
1491 5732 1811 5777 caaterorum
1837 5721 2053 5791 quidem
2077 5734 2194 5773 om-

605 5817 756 5868 nium
788 5813 1004 5868 fortuna
1064 5814 1517 5883 singulorumque
1571 5812 1751 5867 dicere
1784 5825 1891 5865 non
1917 5825 2137 5880 possunt
2171 5826 2186 5867 :

605 5902 700 5957 sed
730 5902 1041 5965 dequatuor
1063 5902 1249 5959 iratris
1273 5903 1377 5957 mei
1399 5902 1543 5967 liliis,
1576 5916 1698 5956 cum
1725 5910 1832 5955 tres
1859 5897 1969 5967 (hei
1993 5896 2126 5952 mihi
2149 5898 2189 5966 ι)

2296 5443 2388 5497 καὶ
2419 5440 2709 5512 συγγενέσι
2754 5443 3148 5514 γεγενημένον.
3202 5442 3399 5508 Ἀλλος
3431 5444 3538 5513 γὰρ
3585 5442 3745 5517 ἄλλῃ,
3782 5445 3878 5496 οὐκ

2297 5528 2392 5587 οἷδ’
2426 5534 2533 5605 ὅπη
2574 5531 2701 5603 γῆς,
2738 5532 3114 5605 διεσπάρησαν
3152 5532 3511 5598 ἓκαστος.’οἱ
3545 5533 3604 5587 δὲ
3651 5532 3747 5588 καὶ
3780 5532 3877 5603 τὴν

2296 5623 2601 5696 ἀμώμητον
2639 5624 2823 5678 πίστιν
2848 5623 3114 5696 ἧμειψαν,
3156 5625 3249 5678 ἐπὶ
3278 5625 3381 5695 τὴν
3410 5624 3668 5679 ἀσέϐειαν
3718 5640 3878 5694 μετα·

2302 5714 2508 5781 θέντες.
2539 5713 2646 5768 Καὶ
2673 5716 2799 5777 τοὺς
2836 5715 2936 5784 μὲν
2961 5712 3161 5775 ἀλλους
3192 5715 3445 5779 ἅπαντας
3495 5713 3620 5768 καθ’
3651 5715 3874 5769 ἕκαστον

2294 5805 2476 5872 λέγειν
2504 5806 2607 5857 οὐκ
2639 5803 2706 5856 ἂν
2739 5797 2851 5867 οἷός
2893 5819 2953 5854 τε
2992 5798 3081 5874 ἦν’
3118 5800 3234 5856 ἀλλ’
3267 5802 3567 5873 ἀδελφιδῶν
3605 5819 3704 5873 μοι
3752 5816 3874 5856 τεσ-

2296 5898 2503 5966 σάρων,
2539 5896 2647 5951 τῶν
2698 5896 2885 5965 τριῶν,
2938 5896 3073 5965 φεῦί
3123 5896 3507 5965 μεταθεμένων
3538 5893 3729 5958 δεινῶς
3753 5937 3768 5958 ,
3805 5889 3873 5956 ἰῷ
