4152 6280
357 377 491 439 1031]

1383 374 1874 436 LAMENTATIO
1903 371 2003 432 DE
2035 371 2254 432 CPOLI
2283 374 2540 435 CAPTA.

3481 375 3608 438 1070

352 493 557 562 σφόδρα
619 491 792 560 νεαρῷ
847 491 945 560 τῆς
989 489 1224 562 ἡλικίας,
1281 493 1376 546 καὶ
1423 493 1585 546 ἄλλου
1627 491 1762 562 ἄλλῃ
1795 491 1932 544 ἀπε-

2048 490 2091 541 in
2125 489 2432 544 calamitate
2465 491 2622 546 ﬁdem
2655 490 3036 546 adolescentia:
3059 492 3348 559 tragiLtate
3385 491 3609 560 relique-

351 586 656 656 νεχθέντος,
693 585 844 655 μόλις
870 579 951 648 εἷς
986 602 1075 652 μοι
1108 584 1536 654 περισέσωσται,
1567 584 1727 646 ὤνιος
1757 585 1929 653 ἀργυ-

354 680 514 746 ρίοις,
572 677 667 730 καὶ
720 676 1070 751 ταλαιπωρίᾳ
1105 676 1298 746 πολλῇ
1341 676 1440 729 οὑκ
1477 675 1542 729 ἂν
1592 674 1724 736 ἴσως
1771 673 1931 726 τοῦτο

355 770 573 838 συμϐὰν
602 771 798 835 οὑτως,
831 770 881 823 εί
907 772 934 823 ὁ
961 752 1143 840 πατὴρ
1181 769 1280 837 μὲν
1310 770 1518 833 αὑτοῖς,
1543 753 1665 838 ἐμόῖ
1696 767 1751 822 δὲ
1773 753 1931 822 ἀδελ-

353 859 453 927 φὸς
486 863 704 931 περιῆν.
733 860 882 931 Ταχὺ
908 859 1116 930 γάργᾶν
1143 859 1340 922 αὐτοὺς
1371 848 1719 928 ἀναζητήσας
1747 874 1934 927 περιε-

352 951 589 1013 σώσατο,
618 951 711 1004 τοῦ
739 952 902 1004 πόνου
935 970 1027 1022 μοι
1060 951 1462 1021 συναράμενος.
1486 951 1601 1003 Νῦν
1627 950 1682 1004 δὲ
1705 950 1766 1002 τὺ
1791 950 1933 1003 ἐκεί-

351 1061 479 1106 νους
513 1045 612 1113 μὲν
644 1045 700 1110 ἐξ
725 1043 1032 1114 ἀνθρώπων
1067 1043 1345 1112 γενέσθαι,
1380 1043 1480 1112 ἐμὲ
1509 1043 1566 1097 δὲ
1603 1042 1765 1112 μόνον
1792 1043 1929 1113 πρὸς

352 1137 528 1190 πάντα
569 1136 644 1208 μὴ
684 1136 970 1206 ἐξαρκεῖν,
1023 1136 1198 1198 ἄλλως
1249 1153 1309 1188 τε
1369 1136 1464 1188 καὶ
1523 1133 1929 1210 ἀπραγμοσύνῃ

353 1229 694 1298 συνεζηκότα
751 1228 920 1300 πολλῇ
977 1229 1066 1300 (δι’
1107 1228 1175 1298 ἢν
1221 1229 1360 1297 πρὸς
1398 1229 1574 1282 πάντα
1624 1227 1804 1280 πόνον.
1837 1229 1932 1281 καὶ

353 1320 573 1389 πρᾶξιν,
612 1319 752 1390 πλὴν
799 1322 893 1374 τοῦ
946 1321 1086 1374 κατά
1145 1321 1273 1384 τοὺς
1336 1321 1567 1388 λόγους,
1618 1321 1930 1375 συνέϐαινεν

351 1413 500 1481 ἔχειν
528 1412 792 1484 ἀπείρως)
825 1413 1000 1467 αἴτιον
1033 1413 1220 1476 αὑτοῖς
1267 1412 1365 1481 τῆς
1409 1413 1669 1483 τοιαύτης
1704 1415 1932 1480 μεταϐο-

353 1505 473 1573 λῆς.
517 1502 656 1558 Οὑτε
697 1493 806 1575 γὰρ
858 1493 1038 1574 εὑρεῖν
1070 1495 1286 1568 αὑτοὺς,
1317 1505 1425 1573 ὅπη
1472 1505 1598 1573 γῆς,
1628 1505 1812 1574 ῥᾴδιον
1843 1502 1929 1572 ἦν,

351 1598 476 1651 οὑδὲ
510 1599 618 1650 τῶν
651 1597 828 1652 ἀλλων
855 1597 1050 1650 οὐδένα
1084 1597 1388 1665 συγγενῶν,
1429 1597 1648 1650 πάντων
1684 1597 1931 1660 ἐλεεινῶς

351 1692 461 1751 τοῖς
499 1689 795 1760 βαρϐάροις
837 1688 930 1741 ἀπ’
962 1687 1213 1757 ἀλλήλων
1243 1688 1665 1758 γεγενημένων,
1713 1688 1808 1740 καὶ
1839 1688 1933 1742 ἀλ-

351 1782 448 1833 λου
488 1780 623 1850 ἄλλῃ
645 1779 1062 1849 ἀπενεχθέντος
1097 1778 1190 1830 καὶ
1211 1778 1240 1831 ὁ
1261 1778 1524 1831 ἑκάστοτε
1547 1778 1604 1831 δὲ
1638 1779 1737 1831 σὺν
1760 1778 1929 1846 πολλῇ

353 1872 710 1942 ταλαιπωρίᾳ
747 1889 838 1942 μοι
888 1869 1279 1940 εὑρισκόμενος
1313 1863 1464 1921 εἷλκε
1521 1868 1658 1938 πρὸς
1715 1869 1931 1923 ἑαυτόν.

324 1941 581 2037 ίΠρῶτον
618 1941 711 2015 οῦν
741 1941 1124 2029 περιτυγχάνω
1148 1962 1213 2027 τῇ
1248 1957 1474 2027 ἀδελφῇ,
1511 1954 1632 2010 εἶτα
1659 1961 1723 2025 τῇ
1762 1958 1933 2026 μητρὶ

356 2055 615 2122 ἀλλαχοῦ,
639 2054 720 2124 τῷ
742 2051 1008 2123 ἀδελφιδῷ
1033 2051 1280 2120 ὕστερον·
1308 2051 1403 2104 καὶ
1433 2049 1643 2114 τούτοις
1665 2049 1937 2119 ’τὴ-κέλευ-

331 2133 336 2138 ’
358 2149 548 2220 θερίαν
571 2148 676 2201 ὑπὸ
707 2145 825 2217 Θεῷ
858 2145 1016 2216 αἰτίῳ
1042 2142 1459 2214 περιποιοῦμαι,
1484 2144 1638 2208 τάξιν
1663 2143 1936 2212 ὑπηρέτου

362 2241 554 2305 σώζων
587 2241 770 2304 αὑτὸς,
815 2241 911 2292 καὶ
945 2238 1003 2291 τὸ
1056 2237 1258 2316 σφόδρα
1292 2237 1530 2308 χαλεπὴν
1574 2237 1677 2304 τῆς
1716 2237 1824 2288 τῶν
1851 2236 1938 2287 λύ-

357 2352 506 2401 τρων
541 2333 833 2404 εὑρέσεως·
867 2331 933 2400 ἣν
983 2330 1119 2398 ὲλέῳ
1152 2329 1308 2397 μόνῳ»
1336 2328 1473 2380 Θεοῦ
1520 2327 1830 2398 ὲκτώμεθα,
1868 2328 1935 2382 δι’

367 2427 434 2494 ῆν
459 2425 568 2478 τῶν
595 2423 953 2493 παρεχόντων
1009 2423 1106 2474 καὶ
1131 2420 1424 2474 ἐλεούντων
1454 2422 1488 2490 ἡ
1519 2421 1638 2474 Θεία
1673 2420 1940 2484 ἀντίδοσις

368 2512 1230 2588 μυριοπλασίαςἀποδοθήσεται.
1267 2513 1445 2566 Μόνον
1477 2511 1572 2566 νῦν
1620 2515 1760 2582 είμι,
1812 2530 1944 2581 συγ-

366 2608 546 2676 γενέσι
580 2605 792 2670 πολλοῖς
821 2604 1070 2673 πολλαχῆ
1100 2604 1547 2671 διεσπαρμένοις,
1583 2606 1677 2656 καὶ
1701 2603 1940 2672 οὐδαμοῦ

365 2699 488 2753 οὑδὲ
522 2698 714 2752 σύνδυο
752 2697 1192 2768 εὑρισκομένοις,
1250 2697 1308 2750 ὲν
1353 2697 1557 2766 ἀπορίᾳ
1617 2696 1786 2766 πολλῇ
1845 2698 1941 2749 καὶ

363 2789 712 2859 ταλαιπωρίᾳ
747 2788 983 2859 μεγάλῃ.
1039 2787 1208 2840 Τοῦτό
1266 2803 1333 2856 με
1387 2789 1477 2840 καὶ
1528 2787 1648 2839 λίαν
1696 2787 1940 2854 ἀλγύνει,

363 2879 526 2932 τοῦτο
550 2883 693 2932 ποιεί
720 2880 783 2932 τὸ
812 2880 912 2948 ζῇν
942 2879 1334 2948 ἀπολέγεσθαι.
1368 2878 1516 2949 Αὕτη
1548 2895 1638 2947 μοι
1669 2879 1943 2947 συμφορὰ,

366 2971 727 3042 παραμυθίας
766 2971 1025 3025 ὑπόθεσιν
1058 2971 1318 3040 οὐδεμίαν
1373 2973 1767 3038 ὑποφαίνουσα.
1831 2971 1947 3024 Μίκ

370 3083 464 3133 μοι
502 3065 664 3133 μόνον
697 3063 1046 3134 παραμυθία,
1081 3063 1142 3116 τὸ
1177 3064 1304 3124 τοὺς
1355 3049 1669 3130 ἀδελφιδοῦς
1715 3051 1948 3132 ἀνακλη-

2033 580 2162 646 rint,
2189 581 2440 651 aliusque
2465 583 2580 638 alio
2602 583 2912 639 abstractus
2947 585 3040 649 sit,
3067 583 3152 637 vix
3187 597 3330 638 unus
3365 583 3499 636 mihi
3531 597 3610 637 re-

2034 682 2162 740 stat,
2195 685 2418 747 argento
2479 677 2710 742 venalis,
2774 693 2970 748 magna
3020 676 3341 732 difﬁcultate
3392 675 3614 731 conﬂic-

2034 774 2154 820 tans
2183 785 2196 821 :
2233 768 2374 836 quod
2409 760 2641 822 fortasse
2670 783 2778 821 non
2811 767 3133 833 accidisset,
3168 769 3212 823 si
3279 776 3428 838 pater
3461 768 3613 835 ipsis,

2031 867 2086 915 et
2122 860 2250 914 mibi
2282 860 2469 925 frater,
2494 872 2823 930 superesset.
2856 862 3015 917 Brevi
3033 863 3176 917 enim
3201 876 3295 917 eos
3334 862 3615 930 requirens

2033 964 2429 1018 conservasset,
2460 953 2665 1010 laboris
2707 955 2838 1008 mihi
2880 955 3086 1010 socius.
3122 955 3278 1008 Nunc
3312 969 3457 1018 vero,
3509 954 3618 1008 illis

2033 1040 2102 1094 de
2133 1043 2238 1098 vita
2265 1045 2543 1099 communi
2571 1046 2825 1105 sublatis.
2849 1061 3085 1116 quorum
3120 1061 3286 1116 opera
3321 1046 3452 1100 miln
3479 1060 3612 1114 Opus

2034 1144 2172 1198 erat.
2193 1151 2317 1190 eum
2350 1151 2450 1207 ego
2491 1138 2640 1193 solus
2670 1139 2818 1192 omni
2857 1139 3031 1195 labori
3053 1139 3275 1194 ferendo
3296 1155 3400 1193 non
3415 1154 3615 1198 essem.

2035 1229 2333 1296 praesertim
2366 1238 2524 1284 aetate
2556 1231 2610 1284 in
2643 1231 3088 1298 otiolitterisque
3137 1240 3258 1287 acta
3315 1230 3487 1303 (unde
3550 1231 3616 1286 ad

2035 1335 2255 1375 omnem
2286 1322 2525 1377 laborem
2545 1336 2590 1377 e'
2620 1325 2909 1384 actionem.
2932 1332 3293 1393 praeterquam
3314 1325 3378 1378 ad
3414 1323 3616 1386 Studia,

2037 1413 2190 1467 rudis
2220 1422 2274 1468 et
2303 1415 2520 1484 ineptus
2547 1417 2716 1484 sum),
2754 1423 2918 1472 causai
2962 1417 3073 1472 haec
3112 1416 3216 1470 illis
3249 1424 3411 1469 tanta:
3448 1423 3617 1468 muta-

2038 1508 2202 1562 tionis
2232 1508 2448 1562 accidit.
2478 1506 2665 1574 Neque
2698 1509 2865 1572 enim,
2915 1509 3136 1563 ubinam
3195 1508 3296 1576 ipsi
3349 1517 3618 1560 terrarum

2035 1605 2238 1660 essent,
2270 1605 2486 1665 repertu
2521 1598 2707 1651 faciles
2722 1608 2908 1652 erant:
2943 1613 3116 1665 neque
3141 1607 3460 1651 cazterorum
3486 1610 3620 1650 eon-

2039 1690 2461 1759 sanguineorum
2523 1690 2666 1743 ullus
2712 1708 2723 1742 :
2776 1691 2922 1758 quod
2976 1689 3176 1759 singuli
3239 1687 3622 1742 miserabiliter

2039 1795 2067 1832 a
2116 1782 2362 1836 barbaris
2395 1781 2643 1836 distracti
2683 1797 2712 1835 a
2743 1797 2803 1835 se
2831 1780 3061 1834 invicem
3122 1787 3325 1844 essent,
3373 1779 3624 1848 aliusque

2039 1873 2146 1927 alio
2179 1876 2480 1943 abreptus:
2508 1875 2580 1926 ita
2609 1881 2662 1927 ut
2696 1874 2930 1942 quisque
2960 1874 3226 1941 ipsorum,
3268 1873 3354 1925 vix
3402 1885 3542 1940 aegre
3588 1885 3620 1923 a

2042 1979 2125 2014 me
2145 1955 2438 2017 diversoin
2469 1961 2588 2016 loco
2629 1971 2894 2028 repertus,
2953 1976 3040 2014 me
3099 1961 3156 2014 in
3210 1975 3269 2014 se
3327 1960 3624 2028 quaerendo

2043 2062 2366 2123 occupatum
2421 2063 2646 2130 teneret.
2680 2052 2862 2108 Primo
2896 2053 3079 2122 itaque
3135 2052 3428 2106 nanciscor
3471 2065 3623 2106 δυνος

2044 2145 2407 2208 rem..deinde
2445 2156 2676 2200 matrem
2713 2146 2821 2199 alio
2858 2145 2910 2199 in
2949 2145 3088 2211 loco,
3147 2154 3259 2198 tum
3319 2144 3502 2200 fratris
3563 2145 3625 2197 li-

2043 2240 2175 2292 lium
2213 2257 2226 2292 :
2261 2238 2461 2307 quibus
2489 2239 2819 2302 libertatem,
2856 2235 3229 2304 Deoiuvante,
3268 2236 3484 2306 peperi:
3511 2237 3628 2305 ipse

2045 2332 2406 2386 ministerium
2455 2347 2618 2385 omne
2676 2330 2888 2393 obiens,
2937 2328 3361 2398 diﬂicillimeque
3396 2329 3627 2398 pretium

2045 2425 2348 2480 redimendi
2388 2439 2685 2493 corrogans
2725 2440 2738 2477 :
2782 2421 2925 2491 quod
2959 2421 3073 2476 sola
3106 2421 3200 2477 Dei
3241 2419 3617 2476 misericordia

2045 2513 2325 2568 consecuti
2353 2528 2544 2568 sumus
2579 2529 2594 2571 :
2620 2528 2716 2582 pro
2734 2528 2842 2582 quo
2864 2513 2971 2568 illis
2991 2512 3106 2581 qui,
3127 2525 3198 2566 no
3232 2519 3370 2564 trum
3395 2510 3627 2578 miserti,

2045 2607 2604 2672 contulerunt,dirina
2624 2605 2923 2675 benignitas
2947 2603 3377 2659 cumulatissime
3399 2603 3630 2672 gratiam

2048 2706 2267 2756 referet.
2317 2699 2476 2754 Nunc
2509 2701 2658 2752 solus
2717 2714 2838 2752 sum
2869 2715 2882 2752 :
2920 2696 3362 2765 consanguineis,
3395 2685 3630 2764 quorum

2053 2805 2280 2860 magnus
2310 2806 2595 2855 numerus,
2624 2791 2676 2843 in
2699 2789 2849 2843 varia
2875 2789 2990 2841 loca
3019 2788 3303 2857 dispersis,
3333 2800 3400 2842 ne
3421 2787 3632 2842 duobus

2048 2886 2266 2954 quidem
2299 2885 2509 2952 uspiam
2546 2899 2654 2936 una
2675 2881 3047 2942 manentibus,
3077 2880 3130 2932 in
3166 2894 3360 2948 magna
3391 2887 3634 2947 egestate

2031 2963 2404 3032 Ietierumnis.
2442 2975 2551 3028 lloc
2576 2974 2754 3043 ipsum
2780 2981 2881 3035 est,
2921 2970 3068 3041 quod
3099 2968 3258 3024 valde
3287 2985 3372 3025 me
3423 2968 3634 3023 discru-

2050 3071 2175 3132 ciet,
2207 3054 2310 3123 boc
2339 3069 2584 3121 animum
2620 3077 2677 3120 ut
2703 3065 3072 3134 despondeam
3122 3061 3270 3126 facit,
3333 3063 3446 3116 lucc
3489 3061 3636 3116 cala-

368 3157 576 3236 Oévn;
605 3155 755 3219 ῑδεῖν,
797 3154 893 3206 καὶ
946 3159 1082 3232 πρὸς
1134 3153 1197 3206 τὺ
1233 3155 1462 3222 πάτριον
1513 3153 1681 3217 σέϐας
1722 3154 1942 3237 επανελ-

2058 3164 2217 3216 niitas
2257 3163 2432 3216 solatii
2491 3161 2757 3214 rationem
2813 3159 3019 3211 nullam
3083 3156 3348 3211 ostendit.
3403 3153 3635 3210 Unicum

368 3233 587 3312 Odvrac.
623 3249 688 3301 "O
729 3229 960 3315 γένοιτο,
995 3247 1090 3299 καὶ
1125 3247 1313 3316 μεῖζον
1340 3247 1418 3309 είς
1456 3227 1813 3315 παραμυθίας
1861 3263 1950 3316 μοι

367 3343 526 3410 λόγον
559 3340 759 3411 οὑδὲνῆ
795 3341 890 3400 καὶ
919 3340 1010 3393 τοῦ
1046 3340 1144 3409 ζῇν
1168 3338 1273 3406 ἔξω
1304 3340 1589 3410 γενοίμην,
1618 3340 1702 3392 ἵνα
1735 3338 1828 3391 καὶ
1855 3337 1948 3391 τοῦ

368 3437 573 3503 ἀλγεῖν.
617 3433 784 3489 Ἀλλά
837 3433 1070 3497 δέδοικα,
1133 3433 1206 3502 μὴ
1244 3432 1336 3484 καὶ
1388 3431 1578 3486 τούτου
1638 3433 1949 3501 γινομένου,

374 3529 639 3598 μειζόνως
669 3527 892 3598 ἀλγήσω
926 3527 957 3597 ἢ
990 3527 1128 3580 κατά
1163 3527 1258 3597 τὴν
1291 3525 1385 3598 νῦν
1445 3526 1753 3594 συμφορὰν,
1796 3524 1954 3576 κολά-

373 3636 526 3672 σεσιν
559 3618 940 3687 ἀτελευτήτοις
973 3616 1322 3687 ὑποϐληθεὶς,
1355 3616 1421 3668 δι’
1447 3613 1504 3668 ὃν
1541 3617 1826 3683 ὲπίκειμαι
1857 3615 1954 3684 τῆς

369 3712 548 3783 ψυχῆς
583 3712 886 3780 μολυσμόν.
928 3710 1088 3764 ’Λλλά
1117 3711 1210 3763 καὶ
1235 3710 1345 3763 τῶν
1382 3710 1476 3762 νῦν
1517 3710 1837 3779 συμφορῶν,
1862 3709 1954 3760 καὶ

371 3801 479 3854 τῶν
505 3801 583 3860 εἰς
613 3802 675 3852 τὸ
726 3799 920 3868 μέλλον
952 3799 1328 3868 ἀπαλλαγείην
1363 3798 1657 3866 κολάσεων,
1688 3798 1782 3851 τοῦ
1816 3795 1952 3850 Θεοῦ

374 3910 466 3962 μοι
505 3892 632 3945 ῐλεω
693 3879 789 3944 νῦν
833 3890 1055 3953 ἰδόντος,
1088 3892 1182 3943 καὶ
1223 3891 1301 3960 τῷ
1352 3890 1522 3959 πατρῖ⁵
1583 3889 1956 3958 συγγενοίμην

373 3986 469 4038 καὶ⁸
516 3972 756 4053 ἀδελφῷ,
795 3984 844 4036 εἰ
911 3983 1006 4036 καὶ
1066 3982 1142 4054 μὴ
1190 3983 1291 4050 τῆς
1347 3982 1717 4051 καθαρότητος
1770 3982 1956 4044 αὑτοῐς

374 4062 804 4130 κοινωνῶξΕίΘε
839 4074 896 4128 δὲ
927 4078 958 4146 ἡ
993 4061 1232 4144 Χριστοῦ
1264 4072 1424 4144 χάρις
1455 4077 1518 4143 τῇ
1549 4075 1671 4141 ἐμοὶ
1699 4075 1957 4142 μετανοτᾳ

377 4169 475 4222 καὶ
510 4170 652 4240 ῥοπῇ
682 4170 748 4238 τῇ
779 4167 917 4237 πρὸς
957 4165 1026 4218 τὰ
1058 4165 1201 4219 καλά
1245 4165 1354 4217 τῶν
1410 4168 1589 4219 ἐκεῖσε
1625 4165 1957 4229 ἀπαλλάξειε

377 4253 898 4331 κολαστηρίων,’τὸν
930 4258 1040 4312 τῶν
1079 4255 1268 4312 παθῶν
1299 4257 1492 4326 ἐσμὸν,
1519 4257 1578 4310 ὃν
1609 4259 1956 4328 περίκειμαι,

357 4357 704 4426 παριδοῦσα.
742 4355 995 4424 Ζὴσομαι
1023 4352 1226 4415 τοίνυν,
1261 4351 1368 4413 ἕως
1397 4352 1464 4404 ἀν
1492 4349 1585 4420 ἐξῇ
1625 4349 1750 4420 ζῇν,
1779 4351 1960 4417 ἀλγῶν

378 4452 471 4503 καὶ
522 4449 778 4520 δακρύων
832 4449 883 4500 εί
938 4446 1012 4516 μή
1054 4462 1106 4498 τι
1131 4445 1496 4516 χρηστότερον
1528 4443 1589 4506 ἐξ
1619 4444 1960 4499 ἀνελπίστων

2056 3257 2186 3310 milii
2217 3255 2468 3309 solatium
2504 3262 2693 3319 restat,
2723 3253 2765 3306 si
2797 3263 3022 3321 nepotes
3045 3266 3105 3302 ex
3135 3249 3304 3302 fratre
3343 3240 3635 3316 recupera-

2056 3338 2402 3408 tosvideain,
2467 3359 2520 3400 et
2577 3346 2644 3402 ad
2697 3345 2926 3413 patriam
2985 3341 3309 3411 religionem
3357 3343 3638 3395 reductos.

2057 3439 2274 3494 Utinam
2310 3440 2411 3492 hoc
2446 3439 2574 3492 fiat!
2636 3437 2806 3506 major
2865 3433 2995 3488 mihi
3061 3437 3125 3486 ad
3180 3431 3436 3485 solatium
3502 3432 3639 3508 ratio

2055 3531 2201 3585 nulla
2237 3530 2353 3584 dari
2387 3538 2585 3599 potest.
2621 3528 2730 3580 Aut
2759 3541 2889 3580 sane
2911 3541 2973 3580 ex
3001 3524 3105 3578 vita
3125 3539 3340 3593 quoque
3362 3523 3640 3576 discca'e:e

2056 3625 2354 3693 continget,
2396 3631 2454 3674 ut
2483 3621 2564 3676 sic
2593 3620 2757 3675 etiam
2822 3615 3142 3688 argritudine
3199 3615 3364 3668 animi
3422 3615 3640 3669 liberer.

2055 3718 2239 3772 Metuo
2264 3705 2446 3768 tamen
2473 3730 2560 3779 ne,
2596 3713 2642 3768 si
2675 3713 2776 3765 hoc
2805 3699 3009 3765 factum
3047 3709 3234 3773 fuerit,
3269 3697 3352 3762 lin
3410 3709 3642 3776 majores

2056 3807 2316 3870 incidam,
2337 3821 2499 3874 quam
2533 3812 2766 3874 quantos
2783 3819 2848 3856 ex
2877 3801 3240 3872 praesentibus
3270 3799 3427 3856 malis
3446 3801 3642 3859 sentio.

2057 3898 2295 3961 dolores,
2333 3887 2670 3950 cruciatibus
2703 3883 3189 3962 :etcrnispropter
3239 3891 3435 3945 anima:
3510 3908 3644 3945 mea:

2060 3989 2470 4056 inquinamenta
2498 3985 2810 4040 mandatus.
2848 3984 2953 4039 Sed
2990 3985 3222 4052 utinam,
3249 3995 3302 4038 et
3359 3986 3644 4050 pra-senti-

2063 4081 2164 4134 bus
2187 4078 2447 4143 miseriis,
2473 4089 2525 4132 et
2559 4077 2759 4132 futurae
2793 4077 2914 4131 vita:
2945 4078 3148 4147 ptrnis,
3191 4077 3298 4129 Deo
3331 4093 3418 4130 me
3464 4078 3645 4146 propi-

2067 4169 2153 4222 tiis
2185 4167 2362 4239 oculis
2389 4167 2710 4237 aspiciente,
2759 4168 2978 4230 liberer,
3034 4167 3421 4235 ιὀιιεοΐιὶυίιιιϐ
3481 4170 3647 4235 patris

2062 4273 2117 4316 et
2146 4261 2331 4316 fratris
2361 4262 2532 4332 fruar,
2573 4261 2698 4316 licet
2727 4276 2835 4315 non
2867 4276 2930 4316 ea
2957 4263 3212 4330 puritate,
3242 4275 3348 4330 qua
3375 4262 3498 4329 ipsi,
3520 4265 3646 4315 sim.

2062 4352 2203 4423 Opto
2231 4369 2360 4408 vero
2391 4353 2591 4408 Christi
2617 4354 2872 4422 gratiam,
2905 4363 2962 4405 ut
2995 4369 3057 4405 ca
3091 4369 3197 4413 me,
3231 4353 3547 4420 paenitentia
3582 4354 3648 4405 ad

2067 4445 2240 4499 bonas
2264 4444 2516 4498 actiones
2548 4445 3003 4512 propendcntem,
3070 4441 3374 4495 inferoium
3441 4445 3648 4497 crucia-

373 4514 680 4612 ἀναφανείη
708 4540 891 4606 ποθὲν,
921 4514 1090 4610 τιμὴν
1124 4514 1348 4591 ἅπασαν
1381 4535 1666 4603 τιθέμενος
1711 4534 1840 4604 παρ’
1871 4535 1942 4586 οὐ·

2068 4537 2269 4590 mentis
2301 4536 2514 4598 liberet,
2539 4550 2644 4588 non
2687 4535 2872 4587 bal-ito
2897 4549 3186 4602 pravorum
3256 4534 3549 4588 allectuuni
3597 4546 3652 4588 et

379 4638 468 4690 δὲν
498 4638 604 4690 τῶν
646 4638 752 4690 οὑκ
801 4637 888 4703 ἐφ’
936 4636 1070 4706 ἡμῖν
1099 4629 1288 4696 οὖσαν,
1321 4633 1416 4686 καὶ
1459 4630 1615 4683 οὐδὲν
1664 4632 1801 4698 πρὸς
1836 4632 1955 4698 ὲμέ·

379 4730 480 4784 κάν
499 4747 640 4792 τινες
665 4726 928 4782 τάναντία
951 4724 1295 4795 ψηφίζοιντο,
1315 4719 1496 4790 κάμοῦ
1529 4719 1776 4789 μέλλοιεν
1801 4720 1962 4786 ἐσλοὶ-

379 4838 480 4890 την
515 4818 952 4888 καταγινώσκειν
987 4813 1348 4884 ἀϐελτηρίσν,
1397 4811 1554 4863 τοῦτό
1589 4827 1652 4878 γε
1689 4811 1873 4874 αὑτοῖς
1899 4811 1957 4862 οὑ

381 4914 722 4984 ουνᾴδοντος.

2071 4635 2439 4696 peccatorum,
2480 4643 2716 4696 quorum
2773 4627 3027 4680 satellitio
3079 4629 3314 4695 stipatus
3367 4642 3512 4688 sum,
3562 4642 3652 4680 re-

2070 4726 2279 4788 spectu.
2316 4717 2506 4772 Vivam
2537 4720 2718 4789 igitur,
2751 4720 2930 4788 quoad
2991 4718 3170 4772 vivere
3214 4723 3558 4782 concedetur,
3597 4720 3652 4772 in

2070 4812 2262 4866 dolore
2313 4820 2367 4865 et
2413 4811 2690 4879 lacrymis,
2757 4813 2859 4865 nisi
2908 4811 3038 4880 quid
3095 4812 3372 4880 insperato
3411 4812 3654 4865 melioris

2070 4906 2301 4960 fortuna:
2323 4906 2572 4961 alicunde
2604 4920 2689 4958 me
2723 4907 3023 4972 respexerit
3053 4920 3067 4957 :
3100 4918 3318 4957 onmem
3358 4904 3520 4972 hujus
3553 4921 3657 4976 atp-

383 5006 492 5060 culi
519 5008 776 5061 honorem
815 5022 910 5076 pro
932 5006 1102 5060 nihilo
1145 5011 1364 5074 putans,
1394 5015 1518 5055 cum
1551 5000 1596 5054 is
1623 5013 1732 5053 non
1789 4997 1860 5052 sit
1904 4998 1960 5051 in
2038 5009 2310 5070 potestate
2335 5010 2544 5064 nostra,
2614 5014 2712 5053 nec
2773 4999 2840 5050 ad
2909 5012 2994 5050 me
3041 4999 3269 5051 attineat
3329 4997 3652 5066 quidquam,

381 5101 633 5172 quamvis
659 5099 825 5168 aliqui
864 5101 917 5152 in
951 5097 1223 5152 contraria
1253 5097 1362 5152 sint
1391 5095 1685 5160 sententia,
1745 5093 1975 5162 ideoque
2014 5109 2121 5160 me,
2159 5095 2375 5164 quodin
2410 5095 2513 5147 hoc
2546 5094 2676 5162 ipsis
2739 5109 2845 5146 non
2887 5093 3175 5159 assentiar,
3240 5103 3494 5150 extrema:
3562 5096 3657 5150 de-

384 5195 597 5250 mentiae
634 5183 855 5248 nomine
879 5177 1318 5262 condemnatum.
