4152 6280
3430 483 3438 490 ι

650 490 677 522 .
807 523 936 532 ,ηιμυ-
962 524 971 528 -
991 523 1010 528 ο
1041 523 1046 526 -
1067 522 1098 528 υ-
1128 491 2016 528 ’,αις-Μ-υ-..σ-ωοςσ-ο--ν
2068 509 3913 528 φαἫ-*Μ--α--α-μ--α--Μ

1128 517 2016 528 οσσ,--Μ-υ-οοσιυ-οςυ---νλ
2068 518 2370 528 ...ς’-*ψ-
2383 517 2448 525 --.

1158 698 2051 884 MARCUS
2166 699 3406 883 EUGENICUS

1815 1047 2157 1104 EPIIESIUS
2211 1044 2728 1102 METROPOLITA.

807 523 936 532 *ν-Α-
962 524 971 528 -

1036 1374 1551 1469 NOTITIA
1669 1373 2332 1467 HISTORICA
2440 1374 2591 1462 ET
2717 1366 3506 1460 LITTERARIA.

1655 1565 1872 1628 (Fabric.
1893 1563 2130 1616 Bibliotb.
2155 1565 2241 1616 Gr.
2273 1564 2353 1614 ed.
2404 1561 2603 1623 llarles,
2635 1564 2758 1612 tom.
2792 1562 2876 1623 Χ.)

711 1867 928 1922 Marcus
959 1865 1292 1935 Eugenicus,
1330 1867 1527 1936 Ephesi
1565 1868 1930 1938 metropolita,
1960 1868 2278 1924 Latinorum
2314 1867 2366 1922 in
2401 1868 2659 1933 concilio,
2711 1866 2797 1921 cui
2849 1882 2956 1921 non
3002 1865 3354 1936 subscripsit,
3383 1863 3741 1935 Florentino,
3779 1880 3926 1921 anno

641 1955 800 2018 14⁵59,
839 1967 1004 2024 atque
1037 1955 1298 2025 deinceps
1329 1957 1396 2010 ad
1441 1957 1650 2010 obitum
1689 1973 1862 2026 usque
1895 1956 2253 2012 adversarius
2284 1958 2610 2021 acerrimus,
2643 1956 2996 2024 unionisque,
3031 1969 3192 2024 quam
3252 1969 3377 2009 eum
3433 1954 3544 2010 illis
3577 1969 3926 2024 componere

638 2041 877 2098 Joannes
907 2043 1246 2112 Palaaologus
1283 2045 1412 2112 imp.
1449 2044 1794 2108 instituebat,
1835 2058 2034 2113 magna
2071 2057 2286 2097 remora
2316 2060 2330 2108 ;
2367 2059 2541 2098 novus
2594 2044 2716 2097 ideo
2759 2042 2994 2097 I‘hotius
3025 2043 3207 2096 dictus
3245 2040 3467 2095 lloratio
3493 2040 3827 2094 Justiniano
3867 2040 3919 2093 in

639 2132 792 2186 Actis
822 2129 1043 2184 concilii
1073 2128 1221 2185 Flor.
1246 2147 1260 2197 ;
1289 2130 1430 2185 idem
1465 2145 1610 2185 anno
1641 2129 1799 2193 1447,
1831 2131 1991 2184 morti
2023 2129 2268 2197 vicinus,
2293 2129 2527 2201 Georgio
2561 2129 2848 2185 Si-bolario
2879 2127 3080 2184 tuenda
3123 2128 3327 2183 Graeca:
3361 2127 3623 2184 Ecclesia
3655 2131 3919 2199 dogmata

641 2230 695 2272 et
721 2218 977 2272 unionem
1008 2217 1317 2289 fugiendam
1345 2217 1682 2288 gravissimis
1733 2217 1913 2271 verbis
1943 2216 2348 2272 commendavit
2395 2236 2410 2273 :
2453 2218 2722 2289 Georgius
2774 2217 2964 2280 etiam,
2993 2218 3122 2282 Deo,
3157 2217 3364 2285 angelis
3416 2228 3470 2270 et
3501 2217 3836 2272 hominibus
3867 2215 3919 2269 in

641 2306 1015 2360 testimonium
1043 2305 1348 2368 advocatis,
1381 2306 1482 2359 hoc
1529 2319 1588 2359 se
1645 2304 2063 2359 observaturum
2119 2313 2310 2358 sancte
2354 2305 2583 2373 juravit,
2644 2303 3068 2373 observavitquc
3118 2303 3315 2357 deinde
3363 2302 3830 2372 diligentissime,
3865 2309 3921 2354 et

619 2393 884 2448 Marcum
946 2393 1222 2448 doctorem
1263 2408 1422 2447 suum
1486 2393 1805 2448 defunctum
1851 2407 1950 2459 pro
2006 2391 2206 2474 funere
2254 2391 2520 2447 laudavit.
2571 2390 2786 2461 Scripta
2837 2391 2956 2460 ejus
3013 2400 3408 2460 oppugnarunt
3469 2389 3648 2445 Graeci
3700 2391 3919 2442 λατινό-

638 2499 837 2552 φρονες
877 2480 1148 2553 Joseplms
1204 2481 1597 2544 Methoncusis.
1627 2481 1926 2552 Gregorius
1959 2480 2422 2536 hieromonachus
2453 2480 2912 2550 protosyneellus,
2946 2477 3196 2534 Bessario
3226 2486 3280 2534 et
3309 2477 3402 2548 qui
3428 2477 3620 2532 Latine
3652 2478 3912 2547 scripsit,

636 2571 884 2626 Andreas
910 2571 1278 2627 Colossensis.
1312 2571 1446 2636 Ejus
1469 2574 1672 2639 scripta
1702 2571 1821 2627 haec
1854 2570 1984 2625 mihi
2016 2571 2306 2626 innotuere
2342 2585 2358 2623 :

712 2661 762 2713 1.
793 2659 1031 2726 Epistula
1074 2663 1141 2712 ad
1201 2659 1460 2714 Joannem
1514 2656 1904 2729 Palwologum,
1961 2657 2205 2725 incipit:
2240 2657 2352 2724 Δῶρ

2272 2655 2423 2724 ιῶρόν
2449 2673 2529 2710 τοι
2566 2653 2725 2708 τοῦτο
2779 2653 2994 2722 μικρόν.
3050 2653 3266 2709 Citatur
3315 2653 3627 2719 abAllario
3686 2653 3764 2708 de
3819 2666 3912 2722 sy-

640 2748 786 2801 nodo
812 2761 926 2810 vm,
958 2762 1079 2816 pag.
1134 2746 1259 2801 515.
1298 2745 1473 2801 ΡΑεκ.
1510 2745 1746 2816 Mosqme
1780 2749 1830 2799 in
1884 2745 2008 2800 cod.
2047 2744 2241 2815 synod.

2289 2743 2415 2809 593,
2468 2742 2536 2796 ad
2570 2739 2770 2795 Joann.
2819 2739 3204 2809 Palaeologum,
3259 2741 3624 2812 ἀπορήσαντα
3663 2742 3783 2811 πρὸ
3815 2737 3908 2792 τοῦ

640 2834 962 2902 λατινισμοῦ
985 2851 999 2865 °
1034 2837 1144 2889 inc.
1188 2836 1259 2888 Σὺ
1298 2835 1419 2903 μὲν,
1452 2828 1497 2888 ὧ
1528 2825 1780 2888 θειότατῖ
1797 2834 2016 2903 βασιλεῦ
2038 2848 2054 2864 ⁶
2091 2864 2162 2876 -
2193 2847 2280 2901 seq

2271 2832 2442 2901 luitur
2472 2829 2718 2899 ejusdem
2761 2829 3055 2898 explicatio
3107 2833 3208 2900 τῆς
3251 2831 3734 2904 εκκξιησιαστικῆς
3782 2829 3911 2881 ἀκο-

607 2971 610 2974 .
638 2919 861 2982 λουθίας
883 2936 898 2952 °
933 2921 1056 2975 init.
1084 2921 1234 2974 Ἔδει
1269 2921 1366 2988 μὲν
1391 2921 1532 2974 κατὰ
1559 2921 1659 2988 τὴν
1684 2920 2038 2974 κελεύουσαν.
2068 2918 2132 2974 ν.
2161 2917 2246 2972 lla

2265 2919 2399 2972 ttltzei
2426 2915 2596 2972 Nutit.
2641 2916 2802 2972 codd.
2837 2914 2931 2970 Gr.
2970 2914 3148 2986 Mosq.
3200 2932 3256 2986 p.
3288 2918 3417 2981 249,
3449 2933 3504 2972 n.
3539 2918 3591 2981 l,
3629 2919 3690 2984 2,
3724 2916 3905 2972 Paris.

640 3011 694 3064 in
720 3009 855 3064 bibl.
891 3009 1042 3078 publ.
1075 3023 1267 3063 novem
1295 3008 1456 3062 codd.
1486 3009 1894 3064 exstantMarci
1921 3008 2180 3080 Eugenici
2221 3004 2498 3074 Epistulae.
2543 3003 2606 3058 V.
2643 3003 2813 3058 lndic.
2849 3005 2913 3058 ad
2980 3006 3088 3060 vol.
3125 3005 3166 3058 11
3197 3006 3316 3060 Cat.
3343 3021 3477 3061 mss.
3508 3005 3692 3061 Paris.
3731 3006 3903 3075 Regg.

641 3095 998 3164 Singulorum
1053 3096 1198 3150 enim
1230 3094 1393 3149 codd.
1453 3097 1911 3151 commemoratio
1943 3098 2170 3150 molesta
2229 3091 2728 3150 foret.—Addam
2781 3093 3146 3161 quorumdam
3199 3094 3436 3148 aliorum
3494 3095 3717 3164 Ephesii
3773 3094 3907 3149 libr.

640 3184 826 3239 minus
854 3184 1090 3237 dilucide
1131 3182 1494 3237 iudicatorum
1541 3181 1800 3236 Notitiam
1837 3200 1850 3237 :
1882 3183 2128 3239 Venetiis
2191 3183 2244 3236 in
2302 3181 2436 3236 bibl.
2483 3179 2776 3235 Justinian.
2809 3179 2974 3234 Marci
3031 3179 3288 3249 Ephesini
3343 3195 3506 3249 opera
3555 3182 3734 3248 varia,
3769 3190 3908 3236 teste

637 3271 936 3326 Montfaue.
970 3269 1111 3325 Bibl.
1151 3269 1395 3324 biblioth.
1421 3285 1551 3323 mss.
1592 3285 1645 3332 β.
1677 3269 1783 3324 485
1822 3269 1886 3325 D.
1917 3300 1986 3309 —
2017 3268 2152 3324 Ibid.
2187 3286 2242 3340 p.
2301 3269 2406 3322 772
2462 3267 2524 3322 E.
2563 3269 2740 3322 Paris.
2774 3269 2828 3320 in
2863 3266 2987 3321 eod.
3040 3267 3262 3321 eardin.
3304 3267 3606 3338 Radulphi,
3644 3269 3902 3338 quaedam

635 3360 801 3414 Marci
825 3358 1065 3430 Ephesii.
1096 3389 1166 3400 -—
1196 3357 1330 3413 Ibid.
1367 3374 1420 3428 p.
1456 3359 1593 3412 1526
1615 3357 1683 3413 ι).
1715 3359 1768 3411 in
1802 3358 1935 3412 bibl.
1964 3358 2032 3412 de
2060 3359 2259 3413 Mesme
2284 3357 2504 3427 Ephesii
2532 3355 2760 3410 scholia.
2786 3383 2852 3392 —-
2879 3353 3115 3422 Mosquae
3143 3355 3195 3406 in
3226 3355 3347 3408 eod.
3374 3355 3570 3424 synud.
3605 3356 3713 3411 555
3750 3373 3804 3410 ιι.
3834 3356 3857 3408 I
3883 3370 3902 3420 ;

635 3448 813 3518 ejusd.
848 3447 1094 3511 Διάλεξις
1138 3449 1275 3516 μετά
1307 3446 1418 3498 τῶν
1448 3445 1733 3516 πρέσϐεων
1766 3445 1860 3498 τοῦ
1914 3446 2073 3498 πάπα
2096 3463 2110 3476 ο
2144 3460 2271 3499 care

2261 3455 2296 3499 ιι
2343 3445 2501 3498 initio
2527 3459 2542 3496 :
2570 3453 2623 3498 et
2657 3460 2710 3496 n.
2749 3443 2838 3509 12,
2868 3443 3072 3512 syll0ge
3123 3443 3376 3512 χρήσεων
3406 3445 3705 3513 γραφικῶν
3739 3459 3901 3510 γεγο.

636 3538 758 3588 vniat
793 3535 946 3606 παρὰ
993 3535 1088 3588 τοῦ
1127 3534 1377 3602 Ἐφέσου,
1414 3535 1480 3588 de
1532 3533 1886 3603 proeessione
1931 3531 2170 3601 Spiritus
2225 3547 2276 3586 sa

2260 3532 2403 3586 aucti
2465 3547 2533 3587 ex
2585 3531 2700 3586 solo
2763 3529 2946 3586 Patre.
3017 3530 3135 3586 Inc.
3183 3529 3404 3600 Ἐπειδὴ
3475 3532 3614 3599 μετὰ
3667 3533 3770 3602 τῆς
3804 3529 3900 3584 τοῦ

636 3625 873 3691 κόσμου·
916 3622 975 3676 ν.
1008 3619 1258 3676 Mutthwi
1288 3622 1324 3675 I.
1358 3635 1409 3675 c.
1445 3637 1498 3690 p.
1520 3619 1628 3674 254
1650 3629 1700 3674 et
1731 3620 1857 3675 9.35.
1891 3619 2062 3673 ΒΑΜ..

703 3710 758 3765 2.
791 3709 1069 3765 Orationes
1099 3712 1217 3764 dua:
1247 3709 1306 3762 άι
1329 3709 1659 3779 purgalon‘o,
1693 3707 1958 3762 Ferrariae
1984 3708 2200 3774 scriptae
2220 3715 2274 3762 et
2297 3708 2477 3762 adhuc
2504 3707 2740 3783 ineditae.
2759 3705 2895 3762 Vide
2920 3705 3203 3766 Allatium.
3228 3705 3307 3760 De
3330 3708 3659 3777 purgatoria,
3687 3721 3746 3777 p.
3769 3707 3896 3773 2H,

633 3805 688 3850 et
720 3797 876 3852 liich.
910 3795 1213 3860 Simonem,
1245 3803 1377 3852 tom.
1411 3793 1480 3847 IV
1512 3794 1658 3849 Bibl.
1690 3795 1911 3860 critica,
1971 3810 2094 3864 pag.
2126 3795 2219 3848 24.
2253 3793 2424 3858 Infra,
2458 3810 2514 3851 η.
2557 3795 2642 3848 16.
2680 3793 2846 3847 ΡΑιιιι.
2894 3793 3187 3849 Mediolani
3223 3796 3276 3848 in
3309 3795 3449 3850 bibl.
3479 3796 3740 3850 Ambros.
3778 3809 3899 3865 quae

634 3895 766 3939 sunt
799 3900 926 3956 upp.
955 3885 1131 3955 ejusd.
1168 3885 1242 3937 ita
1277 3898 1307 3937 a
1355 3882 1654 3938 Montfaue.
1689 3883 1744 3937 in
1799 3882 1941 3938 Bibl.
1991 3883 2231 3938 biblioth.
2282 3901 2411 3938 mss.
2465 3899 2517 3953 p.
2552 3883 2646 3936 501
2687 3882 2752 3947 D,
2813 3892 3189 3936 memorantur
3226 3901 3240 3937 :
3271 3882 3441 3938 Marci
3489 3884 3894 3955 archiepiscopi

637 3971 917 4041 Ephesini,
952 3972 1088 4025 alias
1115 3971 1369 4025 monachi
1401 3980 1455 4026 et
1517 3971 1730 4025 abbatis
1787 3971 2228 4040 congregationis
2283 3972 2622 4026 Cassinensis
2651 3970 2714 4025 S.
2743 3968 2972 4024 Iustina:
3024 3970 3093 4025 de
3133 3970 3338 4034 Padua,
3398 3986 3585 4040 opera,
3619 3973 3655 4026 i.
3683 3987 3734 4028 e.
3774 3986 3898 4028 ora-

634 4062 712 4112 tio
747 4059 925 4113 habita
953 4060 1019 4113 de
1060 4060 1379 4128 purgatoriu
1433 4060 1484 4112 in
1540 4057 1784 4128 synodo;
1818 4085 1888 4096 —-
1916 4057 2223 4126 Responsio
2275 4061 2340 4113 ad
2395 4059 2706 4129 propositas
2751 4060 3160 4126 dubitationes;
3190 4090 3260 4100 —
3287 4058 3578 4115 Confessio
3626 4060 3778 4115 edita
3839 4060 3891 4113 itt

635 4145 868 4200 concilio
897 4145 1260 4211 Florentino;
1288 4174 1355 4183 —
1383 4137 1574 4214 Capita
1603 4143 1850 4210 quaedam
1888 4155 2079 4197 contra
2118 4142 2344 4197 Latinos
2369 4159 2385 4210 ;
2415 4173 2483 4184 -
2521 4143 2782 4214 Apologia
2839 4143 3010 4206 dicta,
3045 4143 3100 4197 in
3147 4145 3264 4214 ejus
3310 4155 3514 4211 morte;
3543 4174 3617 4187 —-
3649 4145 3888 4215 Epistula

636 4233 700 4286 ad
741 4233 1082 4286 Scholarium
1107 4249 1122 4298 ;
1152 4261 1223 4272 ——
1255 4231 1561 4302 ReSponsio
1593 4230 1660 4284 ad
1692 4230 1952 4300 quasdam
1987 4231 2398 4296 dubitationes;
2432 4261 2496 4272 —
2530 4233 2785 4286 Cannnes
2817 4232 3214 4299 astronomici;
3251 4259 3316 4273 -—
3359 4235 3560 4302 Opusc.
3597 4236 3661 4288 de
3691 4246 3889 4288 conse-

635 4322 878 4374 cratione
915 4319 1474 4374 altariurn.—Marei
1528 4319 1784 4390 Eugeuici
1839 4319 2240 4388 spvculatioues
2297 4318 2352 4372 in
2419 4335 2707 4372 numerum
2763 4321 3095 4374 talentorum
3150 4329 3205 4375 et
3263 4322 3551 4389 parabolas
3607 4318 3886 4390 Evangelii

636 4407 801 4478 (conf.
827 4409 892 4463 ad
919 4424 972 4462 η.
1007 4409 1083 4478 7).
1113 4437 1185 4449 -
1218 4407 1399 4463 Paris.
1426 4409 1480 4461 in
1511 4407 1643 4462 bibl.
1679 4407 1826 4476 publ.
1863 4407 1984 4462 eod.
2025 4407 2182 4472 ﬁlii,
2218 4408 2567 4462 continentur
2597 4409 2775 4477 plura,
2810 4425 2933 4477 quin
2992 4409 3100 4463 huc
3135 4410 3433 4478 pertinent,
3475 4423 3666 4478 opera,
3712 4409 3888 4464 brevi-

635 4499 764 4550 tatis
789 4497 971 4551 studio
1017 4496 1179 4552 simul
1230 4497 1583 4551 rnemuranda
1619 4512 1634 4549 :
1667 4499 1816 4557 scil.,
1872 4512 1927 4549 υ.
1962 4496 2014 4559 1,
2041 4495 2307 4566 Anonymi
2357 4496 2539 4549 oratio
2575 4496 2819 4550 funebris
2857 4497 2910 4550 in
2967 4496 3182 4550 laudem
3217 4495 3387 4550 Marci
3417 4497 3703 4566 Eugeniei.
3731 4527 3802 4536 -—
3831 4495 3884 4562 2)

635 4583 810 4655 Hujus
836 4584 1069 4640 IIomilia
1102 4587 1277 4654 prima
1302 4585 1368 4640 de
1401 4584 1744 4654 purgatorio,
1782 4581 2050 4639 Ferrarite
2076 4584 2258 4638 habita
2292 4599 2477 4638 coram
2509 4600 2724 4640 summo
2755 4585 3035 4654 pontiﬁce,
3064 4567 3438 4642 cardinalibus
3477 4597 3532 4641 et
3557 4587 3680 4641 aliis
3703 4588 3884 4642 Eccles-

634 4675 727 4728 site
756 4671 878 4727 Lat.
917 4671 1263 4727 Ductoribus.
1291 4671 1404 4725 Inc.
1447 4669 1668 4740 Ἐπειδὴ
1700 4671 1839 4736 μετὰ
1890 4670 2137 4740 ἀγάπης.
2168 4671 2274 4724 -Ξ

2260 4670 2314 4741 5)
2355 4672 2543 4739 Ejusd.
2601 4671 2834 4727 llomiiia
2890 4674 3130 4728 secunda
3161 4672 3229 4727 de
3281 4675 3472 4728 eodem
3507 4685 3877 4744 argumento:

634 4763 746 4816 Inc.
781 4759 988 4829 Πολλῆς
1022 4760 1122 4829 μὲν
1146 4759 1220 4823 ὡς
1244 4759 1480 4830 ἀληθῶς.
1516 4759 1661 4829 -4)
1683 4758 1822 4828 Ejus
1868 4759 2156 4827 responsio
2189 4759 2254 4813 ad

2240 4759 2254 4813 1
2285 4761 2642 4831 obiectiones,
2675 4761 2876 4831 quibus
2909 4776 3009 4816 sua
3043 4761 3111 4817 de
3143 4763 3272 4832 igne
3313 4764 3634 4832 purgatorio
3664 4774 3880 4819 senten-

636 4852 730 4915 tia,
760 4865 882 4904 cum
915 4865 944 4902 a
977 4848 1346 4903 cardinalibus
1381 4859 1491 4900 tum
1519 4848 1586 4901 ab
1619 4847 1877 4902 Ecclesiae
1923 4845 2041 4899 Lat.
2074 4847 2276 4916 theolog

2239 4847 2340 4916 igis
2384 4859 2695 4917 Oppugnata
2729 4848 2909 4902 fuerat
2940 4866 2953 4903 :
2986 4848 3098 4904 inc.
3149 4850 3374 4921 Ἐπειδὴ
3415 4851 3781 4919 σαφέστερον.
3815 4877 3879 4890 -

636 4938 697 4992 Ν.
731 4939 763 4993 9
787 4948 871 4993 est
898 4938 1122 4994 secund.
1153 4937 1399 4992 ordinem
1452 4935 1670 4991 Fabric.
1706 4952 1761 4992 η.
1798 4936 1884 4990 15.
1911 4968 1978 4978 --
2007 4935 2074 4993 Ν.
2104 4937 2187 5000 10,
2229 4953 2276 5006 al

2235 4936 2370 5006 apud
2403 4935 2621 4991 Fabric.
2651 4937 2815 4991 etiam
2866 4953 2922 4992 n.
2959 4937 3048 4992 10.
3082 4967 3154 4976 --
3181 4935 3244 4991 Ν.
3291 4937 3377 5002 11,
3416 4935 3734 4994 Solutiones
3778 4939 3875 4992 du-

635 5026 847 5080 biorum
879 5025 1264 5096 quorumdam,
1302 5024 1399 5092 ipsi
1435 5024 1836 5093 propositorum
1871 5041 1884 5077 :
1919 5027 2040 5079 init.
2076 5025 2136 5078 '0
2191 5025 2275 5076 Θεί

2239 5027 2322 5087 κὸς
2362 5025 2552 5095 σχῆμα.
2591 5025 2690 5078 οὐκ
2725 5025 2861 5094 ἔχει.
2907 5024 3094 5079 -12,
3132 5026 3206 5079 De
3260 5025 3537 5081 additione
3587 5039 3618 5079 a
3675 5025 3875 5080 Latinis

634 5113 892 5184 Syniholo
920 5115 1167 5167 inserta:
1201 5127 1316 5166 acc.
1351 5111 1417 5166 ad
1477 5113 1774 5180 marginem
1831 5115 2039 5166 scholia
2096 5114 2274 5181 ampli:

2236 5114 2452 5168 issima.
2487 5115 2602 5169 Inc.
2661 5114 2959 5184 Θαυμάζω,
3008 5113 3127 5178 πῶς
3169 5115 3303 5184 ἡμῖν
3329 5115 3403 5184 (v.
3439 5115 3509 5168 ad
3541 5131 3598 5171 n.
3638 5114 3670 5168 5
3731 5125 3876 5169 nota-

631 5206 792 5270 tum).
818 5231 890 5239 —
917 5201 982 5255 Ν.
1012 5200 1102 5263 26,
1126 5201 1193 5253 '27
1216 5210 1268 5253 et
1294 5199 1386 5265 28,
1420 5201 1659 5255 citantur
1682 5201 1749 5255 ad
1784 5198 2060 5266 Fabricio,
2098 5219 2152 5254 n.
2186 5204 2238 5268 7,
2269 5203 2300 5257 5
2331 5213 2384 5257 et
2421 5205 2504 5258 ιι.
2534 5233 2603 5243 -ν
2635 5202 2773 5258 Ibid.
2812 5203 2866 5256 in
2897 5203 3020 5257 cod.
3057 5203 3186 5256 126i
3208 5242 3222 5267 ,
3257 5219 3310 5256 n.
3353 5202 3404 5256 I.
3436 5201 3748 5272 Responsio
3776 5203 3876 5256 du-

629 5289 748 5357 plex
785 5290 849 5341 de
881 5289 1002 5356 igne
1033 5289 1372 5357 purgaturiu.
1401 5317 1469 5327 —
1496 5287 1554 5342 In
1588 5288 1712 5344 cod.
1746 5289 1908 5356 I286,
1947 5307 2001 5343 n.
2036 5292 2088 5355 I,
2114 5301 2199 5345 est
2249 5289 2392 5360 apud
2416 5289 2640 5344 'Fabric.
2672 5275 2727 5343 n.
2756 5289 2811 5343 7.
2842 5318 2911 5328 —
2947 5289 3008 5344 Ν.
3041 5288 3093 5352 8,
3152 5288 3314 5342 Marci
3351 5289 3632 5358 Ephesini,
3655 5287 3876 5348 Juliani,

627 5383 858 5436 Andreae
880 5378 1102 5445 Rhodii,
1136 5379 1476 5436 Bessarionis
1508 5389 1561 5435 et
1588 5382 1820 5437 aliorqu
1861 5384 2128 5453 Disputat.
2165 5385 2364 5439 habita:
2415 5385 2470 5437 in
2524 5383 2758 5439 concilio
2801 5381 3143 5438 Florentino.
3173 5399 3239 5420 -ι
3269 5381 3334 5437 Ν.
3374 5383 3460 5449 10,
3489 5384 3633 5453 apud
3662 5382 3873 5435 Fabric.

626 5481 704 5525 est
743 5487 801 5524 ιι.
833 5469 888 5524 6.
913 5498 982 5508 —
1005 5467 1070 5522 Ν.
1112 5469 1196 5537 1⁸2,
1233 5468 1383 5538 Opus
1434 5471 1701 5526 adversus
1738 5471 2007 5539 Latinos.
2053 5475 2142 5527 ubi
2197 5473 2263 5527 de
2313 5461 2547 5541 Spiritus
2579 5472 2756 5526 sancti
2790 5473 3165 5540 processiouc,
3194 5469 3261 5523 de
3303 5470 3534 5540 azymis.
3565 5471 3631 5524 de
3657 5467 3873 5523 Salzbati

621 5559 857 5630 jejunio.
885 5559 952 5614 de
978 5559 1100 5628 igne
1161 5559 1494 5628 purgator-io,
1545 5561 1612 5616 de
1638 5563 1920 5626 beatitate,
1959 5564 2026 5617 de
2059 5562 2318 5631 baptismi
2353 5560 2532 5613 verbis
2585 5569 2637 5614 ct
2665 5560 2869 5628 nuptiis
2905 5560 3269 5623 sacerdotum,
3325 5557 3393 5613 de
3443 5570 3652 5627 quarta
3685 5557 3788 5611 diei
3827 5561 3875 5608 ιι

626 5648 956 5700 l'arascevcs
976 5637 1218 5715 jéjnniis,
1241 5657 1317 5701 et
1344 5647 1410 5702 de
1451 5649 1624 5703 tt'ilnts
1649 5643 2107 5719 Quadragesimis.
2135 5653 2250 5704 Iac.

2229 5691 2250 5704 ,.
2287 5649 2611 5718 ιιαρέικλητε
2641 5647 2835 5714 Κύριε.
2861 5677 2933 5686 ——
2957 5646 3020 5700 N.
3060 5647 3145 5710 I9,
3199 5663 3246 5699 v.
3287 5647 3449 5711 infra,
3482 5662 3539 5700 n.
3589 5645 3681 5708 23,
3714 5661 3769 5698 n.
3803 5643 3869 5697 90

623 5735 752 5797 ct‘Z,
784 5745 912 5788 sunt
945 5751 1038 5803 ap.
1091 5734 1311 5791 Fabric.
1359 5754 1414 5791 η.
1452 5737 1537 5790 16.
1567 5737 1794 5790 ——-lbid.
1831 5738 1881 5789 in
1929 5740 2049 5791 eoJ.
2088 5738 2246 5799 1527,
2291 5755 2347 5790 η.
2379 5738 2466 5796 Si.
2504 5737 2672 5803 Epist.
2731 5735 3007 5804 encyclica
3054 5734 3121 5787 de
3163 5733 3373 5804 synodo
3407 5732 3729 5788 Flurentina
3769 5747 3872 5785 non

623 5823 974 5882 suscipienda
1008 5823 1216 5880 (forsan
1259 5844 1312 5883 ιι.
1356 5827 1407 5889 5,
1438 5827 1579 5890 apud
1607 5825 1965 5887 Fabricium).
2013 5857 2077 5866 --
2112 5825 2175 5878 Ν.
2213 5825 2302 5888 52,
2349 5824 2587 5889 Epistula
2615 5822 2680 5878 ad
2716 5821 3009 5886 Georgium
3040 5821 3384 5878 Scholarium
3423 5831 3616 5876 contra
3655 5821 3793 5874 ritus
3821 5825 3872 5872 et
