4152 6280
261 435 414 494 1οῙ3
1271 435 1590 495 MARCUS
1622 434 1900 495 EPHESI

1897 433 2031 494 US.
2071 458 2140 467 —-
2170 432 2428 493 NOTITI
2445 434 2510 494 Λ.
2892 431 2898 439 ’
3401 425 3537 492 1074

256 544 539 603 sacriﬁcia
570 543 832 602 Romanae
859 548 1238 605 Ecclesize.‘-—
1274 550 1337 606 N.
1368 552 1456 616 55,
1485 552 1551 606 ad
1588 551 1842 606 eumdem
1878 550 2122 620 Epistula
2184 552 2568 623 gratulaturia,
2600 549 2742 621 quod
2797 565 2824 603 a
2874 547 3425 604 Latinis’descivurit.
3467 581 3539 590 -ο

256 630 330 683 Ν.
368 632 458 691 54.
492 642 576 685 est
600 647 688 702 ap.
725 633 943 691 Fabric.
981 653 1036 691 ιι.
1078 638 1164 692 17.
1206 669 1275 679 --
1314 638 1379 693 Ν.
1411 640 1503 705 55,
1532 639 1596 694 ad
1631 637 1896 693 Latinos!

1896 637 2191 708 Responsio
2227 640 2292 693 de
2335 639 2457 708 igne
2494 639 2833 709 purgatorio.
2861 667 2926 681 --
2956 637 3093 689 Ibid.
3131 635 3183 688 in
3215 635 3340 689 cod.
3379 634 3536 696 1572,

258 736 322 772 ιι.
365 721 420 782 5,
448 719 614 776 Marci
648 721 935 793 Eugenici,
969 727 1062 796 qui
1097 728 1332 782 concilio
1383 727 1706 783 Florentino
1761 727 2036 789 interfuit,
2088 741 2227 796 opus
2290 727 2357 779 de
2414 726 2540 794 igne
2590 725 2930 795 purgatorio.
2969 725 3237 779 adversus
3286 721 3538 783 Latinus,

257 807 578 873 ineditum;
635 825 688 862 ιι.
722 813 778 874 4,
809 809 1112 882 Expositio,
1148 817 1289 884 apud
1321 815 1542 871 Fabric.
1568 832 1622 869 ιι.
1657 817 1743 870 14.
1793 848 1851 860 α-
1883 816 1897 869 l

1897 814 2024 870 lbid.
2061 814 2115 868 in
2155 813 2281 868 θοὰ.
2326 813 2486 876 1589,
2537 829 2594 866 ιι.
2624 813 2680 866 2.
2714 812 2870 866 Orat.
2911 811 3030 865 dua:
3076 811 3142 864 de
3179 811 3305 879 igne
3336 825 3537 878 purga-

261 897 435 956 turio.
462 895 688 962 eaedem,
719 913 837 964 quae
873 917 925 954 n.
962 901 1048 968 16,
1078 917 1166 972 ap.
1195 903 1399 969 Fabr.;
1433 911 1487 958 ct
1537 919 1595 960 ιι.
1628 903 1683 968 5,
1727 902 2009 973 Expositio
2040 903 2094 956 in
2158 916 2377 956 sacram
2414 899 2743 969 Liturgiam.
2773 927 2844 938 ——
2880 899 2939 953 In
2992 899 3116 952 cod.
3148 898 3375 952 Coislin.
3410 896 3539 959 289,

263 979 508 1036 Humilia
544 984 688 1038 dicta
724 985 987 1043 Ferrarius
1014 991 1080 1045 ad
1114 992 1421 1048 cardinales
1461 1002 1515 1047 ct
1563 992 1805 1060 reliquos
1840 991 1903 1045 La

1899 992 2162 1045 itinerum
2196 989 2450 1044 doctores
2488 989 2619 1056 περὶ
2660 986 2756 1039 τοῦ
2788 985 3154 1062 διιξαζομ-ἐνου
3191 984 3322 1053 παρ’
3356 985 3539 1044 αὐτοῖς

261 1069 572 1138 καθαρσίου
616 1073 788 1143 πυρός
859 1079 1125 1147 (estapud
1156 1079 1316 1135 Fabr.
1350 1097 1404 1135 ιι.
1444 1079 1528 1145 16,
1557 1079 1704 1151 prior
1739 1094 1901 1149 respo

1898 1078 2078 1148 uisio).
2130 1075 2194 1131 V.
2226 1075 2418 1133 Montl'.
2455 1073 2594 1129 Bibl.
2631 1072 2792 1129 Coisl.
2837 1091 2890 1143 p.
2929 1073 3055 1129 406.
3090 1107 3160 1115 ——
3184 1071 3309 1126 Sec.
3349 1070 3538 1125 Monii.

265 1159 322 1210 in
360 1158 500 1212 Bibl.
541 1159 784 1220 biblioth.
836 1181 965 1219 mss.
997 1184 1046 1234 p.
1084 1169 1242 1233 1552,
1300 1175 1520 1224 exstant
1568 1171 1622 1223 in
1687 1168 1822 1224 Cod.
1867 1167 2073 1222 Mazar.
2113 1164 2212 1218 124
2251 1181 2265 1218 :
2314 1180 2370 1218 ιι.
2411 1163 2464 1228 1,
2520 1162 2710 1216 Oratio
2748 1161 3013 1215 Ferrarim
3044 1160 3228 1212 habita
3279 1159 3344 1212 ad
3375 1159 3538 1211 Card.

263 1247 520 1318 aliosque
549 1249 772 1306 Latinos
806 1253 872 1308 de
897 1255 1019 1324 igne
1046 1259 1386 1326 purgaturio.
1418 1288 1490 1298 —
1525 1255 1591 1313 N.
1621 1257 1676 1321 2,
1707 1256 2114 1324 Responsiones
2147 1254 2212 1309 ad
2244 1253 2585 1324 objcctiones
2619 1253 2666 1305 ei
2701 1251 2898 1305 factas.
2931 1278 2998 1291 --
3029 1248 3095 1305 N.
3124 1249 3178 1312 6,
3209 1249 3351 1319 quod
3399 1249 3540 1302 idem

264 1344 380 1396 ρει,
421 1351 482 1390 ac
517 1337 733 1394 Fabric.
792 1357 847 1396 ιι.
884 1343 950 1396 15
999 1346 1170 1412 citat;
1205 1375 1274 1388 -ι
1301 1345 1368 1402 Ν.
1420 1348 1476 1410 7,
1508 1345 1740 1401 Joannis
1796 1343 2058 1414 Eugenici
2125 1343 2392 1397 adversus
2425 1341 2796 1395 deﬁnitionem
2844 1337 3063 1393 concilii
3101 1336 3401 1391 Flurentini
3427 1352 3442 1403 ;
3473 1366 3544 1375 —

264 1421 338 1475 Ν.
383 1425 470 1490 15,
499 1427 692 1494 synodi
725 1432 1074 1498 praesentium
1109 1433 1267 1488 CPoli
1301 1435 1688 1503 episcoporum
1715 1433 1985 1502 apologia,
2025 1431 2172 1500 quod
2214 1430 2588 1485 Flurcnlinam
2632 1427 2904 1498 synodum
2955 1443 3061 1480 non
3093 1427 3398 1494 receperint
3428 1441 3442 1492 ;
3473 1453 3543 1465 ~—

264 1507 339 1563 Ν.
390 1511 477 1572 15,
509 1511 675 1568 Marci
713 1515 930 1586 Ephesii
986 1519 1250 1576 adversus
1290 1520 1662 1585 scholarium;
1696 1549 1765 1559 ι-
1792 1535 1848 1572 ιι.
1878 1518 1964 1583 16,
1999 1519 2280 1573 Adversus
2338 1518 2586 1579 Latinus,
2614 1517 2794 1584 capita
2839 1515 3176 1586 syllogistica
3203 1513 3352 1584 (add.
3388 1530 3444 1568 ιι.
3485 1513 3540 1576 7,

266 1614 364 1668 ap.
397 1598 660 1674 Fabric.).
689 1635 758 1646 —
786 1607 1051 1678 Apologia
1087 1624 1184 1678 pro
1214 1610 1439 1675 unione,
1469 1610 1606 1664 citra
1644 1609 1763 1679 ejus
1833 1606 2165 1662 sententiam
2235 1604 2529 1660 Florentiae
2576 1605 2760 1658 habita
2789 1621 2803 1670 ;
2836 1610 2891 1676 et
2949 1618 3003 1656 ιι.
3041 1602 3131 1667 19,
3164 1603 3342 1670 ejusd.
3395 1601 3544 1656 Con-

269 1682 468 1749 fessio,
500 1687 553 1742 in
592 1691 799 1759 synodo
833 1691 1151 1751 Florentina
1184 1697 1331 1751 edita
1360 1695 1611 1751 Barlaam
1647 1696 1928 1760 monachi,
1957 1694 2256 1764 procedere
2304 1693 2569 1762 Spiritum
2605 1699 2858 1747 sanctum
2895 1707 2965 1746 ex
3018 1691 3135 1745 solo
3164 1690 3346 1743 Patre.
3382 1688 3544 1743 Conf.

270 1788 443 1840 5"Dra
477 1775 528 1828 in
558 1778 612 1832 b.
645 1778 755 1833 vol.
783 1795 837 1848 p.
865 1781 991 1846 468,
1026 1800 1163 1850 xxu,
1203 1793 1257 1838 et
1285 1784 1352 1838 de
1382 1784 1506 1854 igne
1537 1785 1879 1853 purgaturiu,
1903 1793 2011 1839 etc.
2038 1813 2109 1824 —
2142 1782 2199 1836 In
2232 1781 2620 1852 Baumgarten.
2652 1780 2972 1834 Nachrieht.
3010 1797 3108 1834 von
3173 1778 3543 1846 merkwiirdig.

268 1857 540 1928 Bsichern,
579 1873 709 1920 tom.
745 1867 832 1934 VI,
862 1884 914 1937 p.
956 1871 1084 1937 451,
1119 1871 1306 1936 ibique
1334 1882 1446 1940 not.
1483 1872 1525 1928 i.
1563 1870 1732 1926 ΗΑιιι..
2223 1914 2227 1919 -

292 2006 296 2010 ,
350 1948 404 2004 5.
443 1948 825 2020 Responsiones
860 1959 930 2010 ad
963 1963 1279 2028 quaestiones
1304 1960 1684 2025 chrdinalium,
1718 1977 1847 2015 mss.
1874 1958 1930 2013 In
1961 1960 2148 2016 codice
2172 1958 2340 2031 Regio
2377 1958 2553 2013 Paris.
2584 1957 2714 2012 250.
2753 1958 2911 2021 1218,
2939 1958 2990 2012 in
3039 1957 3170 2012 bibl.
3211 1957 3364 2028 publ.
3401 1974 3453 2014 ιι.
3489 1961 3544 2024 4,

271 2048 329 2091 ct
362 2054 415 2102 ν,
448 2041 512 2095 ad
544 2059 602 2095 ιι.
636 2043 690 2108 2,
717 2043 894 2099 ιεὶιίιθ
925 2047 1070 2102 inter
1100 2050 1225 2104 θοὰ.
1273 2048 1527 2105 Vussian.
1564 2066 1615 2103 ν.
1647 2040 1820 2104 Catal.
1851 2049 1911 2102 bi?

1402 2050 1527 2104 tian.
1564 2066 1615 2103 ν.
1647 2040 1820 2104 Catal.
1851 2047 1982 2102 bibl.
2017 2046 2173 2101 Leid.
2208 2062 2262 2116 p.
2294 2046 2418 2112 597,
2443 2063 2501 2100 ιι.
2536 2047 2625 2102 57.
2656 2045 2828 2100 ΙΙΑιιι..
3041 2053 3042 2056 “

349 2126 403 2180 4.
446 2128 649 2184 Salutio
677 2132 906 2188 duarum
939 2138 1290 2206 quwstionum
1320 2138 1474 2208 παρὰ
1506 2140 1602 2190 τοῦ
1634 2136 1898 2207 βασιλέως
1939 2136 1989 2190 al

1952 2136 2004 2190 τὸ
2049 2136 2372 2203 imperatore
2406 2134 2639 2202 (Joanne
2669 2133 3001 2204 Palaeologu)
3035 2133 3449 2202 propositarum.
3485 2133 3543 2188 lu
3591 2134 3592 2137 ’

273 2217 468 2271 codice
492 2218 662 2289 Regio
687 2222 850 2288 2016,
889 2231 1028 2278 teste
1074 2225 1289 2280 Labbeu
1320 2242 1444 2297 pag.
1477 2225 1545 2281 88
1595 2225 1730 2281 bibl.
1766 2239 1913 2281 nova!

1902 2239 1919 2280 Β
1981 2237 2112 2278 mss.
2155 2221 2338 2294 [ConL
2406 2221 2533 2277 θοὰ.
2596 2221 2916 2291 Mosqucns.
2969 2222 3208 2288 555,41,
3242 2231 3296 2277 et
3335 2223 3386 2277 in
3418 2221 3542 2278 θοὰ.

279 2301 552 2361 Escorial.
591 2324 714 2364 mox
748 2311 966 2367 citanda
1001 2321 1198 2368 exstat.
1231 2313 1409 2368 "ARL.

276 2439 282 2456 ,
353 2394 406 2450 5.
436 2395 680 2465 Epistula
715 2403 976 2472 encyclica
1008 2404 1078 2458 ad
1101 2421 1277 2459 omnes
1305 2403 1645 2459 Christianos
1679 2402 1744 2457 de
1787 2398 1998 2472 synodo
2035 2397 2350 2452 Florentina
2407 2411 2516 2450 non
2564 2395 2943 2464 suscipienda,
2996 2413 3118 2467 quae
3166 2413 3290 2453 cum
3322 2397 3544 2466 Iosephi

285 2481 652 2540 Ilctlionensis
679 2491 1035 2557 responsione
1061 2491 1263 2558 legitur
1291 2501 1414 2560 post
1439 2502 1556 2545 acta
1585 2489 1802 2545 concilii
1837 2485 1987 2546 Flor.
2042 2495 2173 2539 tum.
2211 2483 2353 2549 XIII,
2389 2484 2614 2574 Labbei,
2648 2499 2772 2554 pag.
2821 2485 2962 2552 677;
3001 2495 3240 2540 et.tom.
3265 2486 3371 2552 IX;
3410 2487 3546 2539 IIar-

281 2571 437 2625 duin.
487 2588 606 2642 pag.
643 2575 764 2629 549.
825 2577 1020 2646 Incipit
1053 2596 1066 2632 :
1112 2577 1255 2644 Ἐγὼ
1313 2579 1400 2631 διὰ
1423 2577 1521 2648 τὴν
1554 2576 1821 2645 ἐπιταγὴν
1855 2594 1921 2628 κα

1903 2577 1950 2628 xl.
2010 2574 2107 2645 τὴν
2143 2575 2354 2644 χρεζαν.
2419 2571 2604 2628 Graece
2658 2581 2710 2628 et
2751 2573 2944 2628 Latine
2996 2590 3120 2629 cum
3174 2575 3431 2629 versione
3457 2573 3543 2630 .lu.

283 2658 522 2714 Mattth
558 2663 906 2734 Caryophyli.
943 2665 1108 2720 FABR.
1147 2665 1350 2721 Matriti
1407 2665 1460 2720 in
1498 2665 1620 2719 cod.
1661 2663 1829 2734 Regio
1869 2662 1959 2728 77,
2023 2662 2118 2716 fol.
2176 2663 2300 2722 509,
2335 2671 2650 2730 sequuntur
2699 2661 2877 2730 ejusd.
2936 2662 3212 2718 Professio
3254 2663 3400 2724 Iidei.
3453 2680 3546 2732 ap.

281 2746 497 2802 Fabric.
539 2765 594 2804 ιι.
630 2751 717 2806 17.
749 2754 1168 2823 —Excerplum
1223 2755 1383 2809 breve
1431 2758 1496 2808 ex
1552 2753 1672 2822 ejus
1726 2768 1846 2821 cap.
1899 2750 2252 2819 syllogisticis
2290 2750 2368 2819 (ιι.
2419 2749 2596 2819 λιιι».
2629 2748 2964 2816 Fabric.)—-
2993 2751 3130 2805 Tum
3195 2753 3546 2830 oppsculmn,

282 2837 539 2904 quodest
569 2853 658 2907 ap.
690 2838 902 2896 Fabric.
940 2859 994 2898 ιι.
1032 2843 1118 2898 15.
1153 2874 1223 2884 -ε
1264 2843 1398 2896 Dein
1432 2857 1622 2910 upusc.
1675 2841 1838 2910 cujus
1885 2839 2165 2893 rarissime
2199 2840 2256 2892 Iit
2297 2840 2503 2892 mentio
2542 2839 2609 2892 ὰθ
2657 2839 2893 2892 terminis
2924 2841 3049 2894 vita:
3113 2840 3222 2910 (est
3277 2850 3454 2895 tamen
3493 2843 3546 2894 in

283 2924 405 2978 cod.
441 2924 704 2982 Escorial.
764 2939 816 2984 et
849 2929 900 2984 in
939 2931 1060 2985 cod.
1128 2930 1442 3000 Mosqucnsi
1481 2930 1608 2996 594,
1657 2945 1714 2983 ιι.
1762 2928 1850 2983 12.
1891 2926 1923 2980 V

1907 2926 1957 2980 ι.
1994 2925 2233 2980 Maltluei
2263 2926 2298 2978 l.
2333 2940 2381 2978 θ.
2419 2941 2472 2994 p.
2505 2925 2657 2991 252).
2699 2925 2814 2981 Inc.
2847 2925 2972 2978 0'51?
3009 2927 3174 2990 αὐτὸς
3219 2929 3470 2999 ἠπόρεις,
3502 2923 3547 2981 ὦ

285 3015 525 3081 μακάριε
558 3016 818 3082 δέσποτα,
854 3018 951 3070 τοῦ
984 3017 1324 3088 ζητουμένου
1353 3020 1454 3088 τὴν
1475 3018 1632 3072 λύσιν
1663 3016 1906 3087 ἐξευρεῖν

1932 3032 1993 3067 τε
2041 3015 2135 3066 καὶ
2171 3013 2490 3068 ἀποδοῦναι.
2521 3042 2589 3051 —
2620 3013 2860 3082 Epistula
2893 3015 2958 3069 ad
2996 3015 3294 3084 Georgium
3346 3017 3427 3086 (ιι.
3461 3017 3549 3080 11,

284 3114 370 3164 ap.
407 3099 674 3170 Fabric.).
705 3133 772 3142 —
803 3104 920 3157 Alia
964 3106 1028 3157 ad
1063 3107 1312 3158 eumdem
1345 3115 1398 3160 et
1432 3106 1622 3160 eadem
1657 3120 1779 3159 esse
1817 3104 2049 3164 videtur,
2087 3117 2206 3170 qua:
2237 3111 2319 3156 est
2375 3115 2460 3168 ap.
2513 3099 2676 3154 Fabr.
2717 3117 2773 3154 ιι.
2828 3102 2912 3168 10,
2946 3111 3000 3155 et
3025 3120 3188 3172 quam
3219 3103 3456 3174 Congius
3491 3105 3544 3158 in

285 3186 529 3240 Glussar.
557 3188 650 3242 Gr.
680 3190 785 3244 vul.
818 3189 884 3254 11,
916 3192 1021 3246 θοι.
1055 3191 1219 3256 1281,
1259 3193 1409 3247 velut
1443 3192 1705 3246 ineditam
1771 3201 2061 3253 memorat,
2102 3199 2476 3258 provocatqne
2506 3189 2572 3242 ad
2615 3190 2739 3244 cad.
2770 3191 2900 3243 bibl.
2943 3190 3120 3247 Paris.
3169 3193 3353 3261 Regia:
3380 3193 3546 3259 5118,

286 3276 376 3337 qui
409 3276 461 3329 in
502 3275 664 3332 catal.
698 3293 827 3332 mss.
869 3277 1002 3334 bibl.
1046 3280 1195 3349 pnbl.
1253 3279 1427 3336 Paris.
1493 3288 1814 3333 numeratur
1849 3276 2010 3342 1218,
2054 3276 2146 3331 ubi
2203 3277 2381 3330 locum
2413 3284 2648 3344 occupat
2701 3276 2994 3331 decimum.
3042 3279 3117 3332 De
3177 3280 3260 3330 bis
3293 3282 3550 3336 omnibus

287 3363 440 3430 plura
482 3363 727 3431 disputat
761 3363 952 3420 [riarte
978 3366 1032 3420 in
1060 3366 1182 3423 Cat.
1219 3368 1378 3422 θοὰὰ.
1421 3366 1514 3422 Gr.
1549 3366 1751 3421 Matrit.
1779 3381 1834 3434 p.
1871 3363 1976 3420 285
2007 3381 2124 3435 seq.
2170 3396 2232 3406 -
2275 3365 2334 3419 In
2366 3365 2529 3419 codd.
2566 3362 3058 3428 Escurialensibns,
3096 3365 3152 3419 in
3178 3369 3385 3434 quibus
3417 3379 3548 3423 sunt

287 3453 531 3508 utmdam
560 3469 590 3506 a
619 3451 870 3507 Fabricio
901 3468 1010 3508 non
1045 3455 1332 3510 observata
1361 3453 1450 3524 (V.
1483 3453 1660 3508 Plueri
1686 3453 1943 3508 ltinerar.
1975 3471 2069 3523 per
2118 3453 2348 3521 Hispali.
2383 3468 2436 3521 p.
2489 3451 2636 3520 180),
2676 3464 3030 3508 asservantur
3068 3454 3230 3509 Marci
3289 3456 3551 3525 Eugenici

290 3540 527 3608 Epistula
563 3542 633 3594 al
665 3540 983 3596 orthodoxas
1012 3541 1366 3608 Christianos,
1421 3543 1626 3612 ubique
1684 3541 1931 3611 gentium
1982 3550 2035 3595 et
2089 3541 2395 3597 insularum
2455 3540 2714 3609 degentes
2745 3556 2759 3606 ;
2797 3570 2863 3580 —
2891 3539 2957 3594 de
2991 3543 3401 3599 resurrectione
3425 3586 3442 3611 ,
3480 3573 3554 3584 --

290 3631 359 3681 dc
391 3627 641 3684 terminis
677 3631 798 3682 vitae
825 3630 890 3684 ad
922 3628 1231 3696 Isidorum;
1271 3662 1334 3670 —
1363 3632 1427 3685 ad
1464 3631 1598 3700 imp.
1629 3629 1833 3684 Joann.
1868 3627 2265 3701 Palaeologum,
2300 3630 2642 3684 dubitantem
2683 3628 2751 3683 de
2805 3628 3126 3684 Latinorum
3171 3632 3303 3696 ritu,
3333 3650 3544 3688 sermu-

291 3733 387 3771 nes
415 3717 556 3780 duo;
589 3716 916 3773 —1—10milia
952 3719 1004 3772 in
1038 3719 1422 3774 tlormitionem
1479 3717 1538 3772 S.
1577 3717 1791 3772 Macarii
1853 3718 2082 3774 Coronae
2117 3717 2291 3788 (conf.
2318 3716 2386 3772 ad
2439 3733 2494 3772 ιι.
2527 3719 2578 3787 7)
2609 3736 2622 3782 ;
2653 3747 2720 3758 -—
2750 3716 3214 3786 Interrogationcs
3249 3721 3316 3775 ad
3355 3737 3550 3790 quem-

291 3807 416 3861 dam
447 3807 825 3876 dubitantem;
853 3838 923 3848 —
945 3808 1231 3864 Confessio
1257 3817 1419 3862 recta:
1453 3808 1572 3862 ﬁdei
1609 3806 1902 3862 Florentia:
1943 3806 2106 3870 facta,
2143 3805 2446 3862 secundum
2485 3804 2755 3874 synodum
2801 3803 3121 3859 Latinorum
3153 3799 3276 3862 cum
3314 3808 3551 3881 Chryso-

291 3905 506 3960 stumo;
542 3922 609 3934 —-
654 3895 814 3952 Marci
846 3896 1103 3966 Epistula:
1135 3896 1254 3950 dua:
1291 3894 1357 3949 ad
1415 3897 1771 3964 prmpositum
1813 3897 1868 3949 in
1908 3895 1965 3949 S.
2005 3903 2187 3947 monte
2247 3891 2624 3953 habitationis,
2666 3890 3023 3960 Batopedium
3066 3892 3108 3947 l.
3141 3923 3208 3934 -—
3238 3895 3314 3948 Ad
3356 3912 3551 3965 quem-

292 3980 415 4034 dam
458 3980 802 4038 Scholarium
841 3984 1248 4054 pbilosupbum,
1289 3985 1479 4037 altera.
1512 4013 1577 4023 —
1613 3982 1824 4038 Monac.
1861 3984 1914 4038 in
1952 3984 2075 4038 cod.
2131 3983 2322 4037 Bavar.
2359 3981 2482 4036 145.
2520 3980 2618 4035 fol.
2656 3980 2784 4044 188,
2817 3980 2908 4034 ubi
2953 3993 3258 4050 sequnmnr
3289 3983 3552 4054 Professio

293 4069 458 4138 (apud
487 4069 702 4126 Fabric.
739 4087 794 4126 ιι.
835 4072 916 4140 10)
947 4081 1060 4126 tum
1117 4073 1286 4127 altera
1332 4072 1495 4138 epist.
1527 4071 1805 4143 en'cycliea
1866 4073 1964 4139 (ib.
2009 4089 2062 4124 ιι.
2108 4070 2188 4143 6).
2220 4101 2291 4111 -
2328 4069 2585 4140 Dialogus
2618 4068 2793 4124 Grzeci
2826 4077 2880 4123 et
2916 4068 3121 4133 Latini,
3157 4087 3252 4126 seu
3291 4073 3354 4126 de
3394 4076 3553 4126 ads-'1'-

293 4159 507 4211 nuncin
541 4157 780 4227 symbolo
811 4174 829 4212 :
859 4159 1029 4228 incip.
1056 4157 1338 4229 Θαυμὰξω
1362 4159 1478 4221 πῶς
1509 4161 1642 4228 ἡμῖν
1675 4159 1932 4226 ἐγκαλεῖτ

1909 4176 1961 4212 τε
1987 4175 2000 4188 ·
2031 4158 2085 4212 in
2117 4158 2219 4211 line
2248 4163 2494 4221 notatur,
2527 4155 2793 4224 scriptum
2818 4171 2941 4210 esse
2971 4173 3042 4210 m.
3075 4158 3246 4226 April.
3268 4177 3354 4213 an.
3389 4161 3549 4224 6951,

294 4261 391 4301 seu
428 4261 535 4300 arra
565 4256 752 4301 nostra
785 4246 942 4311 1445,
976 4248 1168 4301 indict.
1202 4263 1274 4300 νι.
1314 4245 1468 4300 ΙΙιιιιθ
1492 4246 1768 4316 dialogum
1816 4247 1976 4300 etiam
2014 4243 2202 4298 omisit
2253 4242 2556 4308 Fabricius,
2594 4241 2699 4294 nisi
2749 4241 2841 4310 sit,
2875 4241 3137 4312 opinante
3166 4243 3412 4308 llarltiu,
3457 4263 3554 4300 ex-
3612 4267 3616 4271 ·

295 4344 535 4403 ccrptum
562 4336 801 4404 capitum
831 4335 1100 4406 syIIOgisI.
1132 4335 1233 4404 (a).
1278 4364 1348 4376 —-
1381 4334 1651 4402 Posthaec,
1685 4334 1848 4388 Marci
1869 4334 2072 4404 Ephes.
2103 4340 2336 4400 metrup.
2371 4332 2434 4384 ad
2457 4347 2648 4385 omnes
2686 4333 2884 4402 ubique
2920 4343 3194 4390 terrarum
3255 4344 3310 4389 et
3345 4336 3554 4390 insula-

298 4439 420 4477 ιιιιιι
474 4423 813 4479 orthodoxus
870 4424 1215 4479 Christianos
1253 4442 1266 4478 ε
1306 4423 1465 4492 cujus
1519 4425 1740 4493 quidem
1780 4421 1938 4491 Epist:

1911 4419 2031 4475 ιοΙεθ
2089 4421 2306 4473 initium
2361 4428 2444 4472 est
2478 4434 2493 4471 :
2531 4419 2660 4482 Τοῖς
2720 4420 3037 4490 ἅπανταχοῦ
3079 4422 3180 4490 τῆς
3216 4423 3318 4490 γῆς
3343 4439 3359 4454 ο
3406 4423 3550 4475 illam

299 4510 596 4578 Epistulam
633 4512 834 4581 excipit
856 4513 1116 4582 Apologia
1146 4511 1396 4580 Gregorii
1428 4510 1836 4567 hieromunachi
1865 4517 1919 4564 et
1948 4509 2363 4581 protusyncelli,
2396 4521 2585 4578 postea
2625 4509 2975 4578 patriarchas,
3010 4509 3197 4565 Romae
3229 4511 3448 4580 sepulti,
3494 4514 3546 4564 in

299 4597 549 4668 Ephesini
577 4599 859 4666 epistolam
885 4615 914 4652 e
960 4599 1124 4655 variis
1157 4602 1360 4653 sanctis
1395 4615 1409 4651 :
1442 4598 1566 4653 init.
1601 4598 1673 4649 Τὸ
1708 4599 1805 4666 μὲν
1847 4615 1939 4664 πρε

1912 4597 2132 4665 ιοοίμιον
2163 4596 2258 4649 τοῦ
2287 4595 2594 4666 αἰδεσίμου.
2627 4597 2859 4651 -—1bid.
2891 4597 2942 4649 in
2997 4597 3122 4651 cod.
3152 4596 3244 4658 51,
3272 4598 3392 4651 ead.
3425 4597 3552 4667 Epi-

296 4687 435 4742 smla
469 4701 590 4739 cum
627 4685 889 4754 Apologia
916 4694 1022 4740 etc.
1070 4687 1228 4741 Cunl.
1259 4687 1327 4740 el.
1363 4684 1552 4740 IIardt.
1591 4685 1644 4738 in
1695 4683 1898 4738 Aretini
1927 4683 2257 4753 Beytrwgen,
2294 4693 2400 4738 etc.
2453 4699 2543 4736 an.
2593 4681 2752 4745 1804,
2792 4693 2935 4751 part.
2965 4683 3052 4746 10,
3090 4697 3212 4753 pag.
3246 4684 3311 4737 19
3337 4699 3458 4751 sqq.
3501 4695 3555 4738 et

297 4782 435 4842 part.
471 4790 510 4836 ι,
545 4791 596 4839 p.
635 4773 705 4827 25
733 4789 850 4843 seq.
888 4802 955 4814 —
980 4773 1179 4828 Eadem
1235 4773 1461 4842 epistola
1511 4787 1635 4826 cum
1671 4771 1921 4840 Gregorii
1959 4773 2208 4841 apologia
2270 4773 2323 4825 in
2362 4772 2485 4826 cod.
2520 4770 2838 4841 Mosquensi
2888 4772 3085 4841 synod.
3138 4771 3267 4836 552,
3306 4787 3359 4824 ιι.
3397 4772 3451 4826 5.
3488 4771 3554 4829 ν.

299 4859 540 4915 Matt/imi
572 4869 685 4915 not.
715 4861 807 4915 cit.
840 4876 892 4928 p.
925 4861 1032 4916 228
1070 4877 1214 4929 seq.,
1251 4871 1413 4930 atque
1441 4874 1495 4928 p.
1527 4860 1653 4922 252,
1689 4874 1744 4914 ιι.
1783 4859 1871 4925 22,
1908 4860 2031 4912 θοὰ.
2076 4859 2466 4927 59.1,»cpistola
2523 4859 2826 4926 encyclios.
2866 4888 2926 4896 -
2973 4854 3264 4913 Florentiae
3324 4858 3378 4912 in
3418 4859 3550 4912 bibl.

299 4948 614 5001 monasterii
653 4948 1125 5002 Benedictinurum
1159 4946 1218 5002 B.
1254 4947 1454 5011 Mariae,
1483 4946 1729 5016 .losephi,
1762 4947 2006 5016 episcopi
2062 4947 2364 5013 Methones,
2398 4946 2643 5018 apulogia
2695 4946 2763 5002 ad
2797 4945 3040 5000 libellmn
3069 4945 3236 5000 Marci
3266 4944 3552 5014 Ephesini.

301 5033 363 5088 V.
397 5035 688 5089 Montl‘auc.
718 5036 858 5089 Bibl.
895 5035 1142 5090 bibliotb.
1175 5052 1309 5091 mss.
1346 5052 1398 5104 p.
1437 5035 1541 5090 415
1571 5033 1630 5095 C.
1673 5045 1726 5088 et
1761 5033 1826 5086 ad
1861 5049 1917 5086 ιι.
1949 5034 2001 5089 7.
2042 5032 2218 5088 11Αιιι..

366 5121 420 5176 6.
464 5121 707 5189 Epistula
739 5121 1005 5188 encyclica
1029 5123 1097 5175 ad
1122 5139 1299 5177 omnes
1324 5123 1511 5191 ubique
1540 5133 1804 5185 terrarum
1833 5129 2094 5190 degentes,
2130 5121 2198 5176 de
2238 5121 2430 5175 eodem
2461 5134 2804 5191 argumento,
2841 5137 2961 5192 quae
3002 5138 3125 5178 cum
3189 5122 3549 5192 responsione

301 5209 542 5278 Gregorii
575 5207 970 5279 Protosyncelli
1003 5219 1180 5264 exstat
1215 5220 1346 5264 ιοιιι.
1381 5211 1500 5265 XIII
1529 5211 1734 5267 Concil.
1764 5209 1985 5272 Labbei,
2013 5225 2134 5284 pag.
2173 5208 2295 5268 710.
2339 5218 2393 5264 et
2421 5218 2554 5264 tom.
2597 5208 2669 5262 IX
2732 5209 3022 5274 IIarduin.,
3057 5226 3111 5277 p.
3148 5210 3274 5264 601.
3307 5210 3503 5280 Incipit
3537 5227 3551 5264 :

300 5296 364 5351 Ol
397 5298 500 5366 τὴν
538 5298 715 5367 κακὴν
746 5298 892 5366 ἡμᾶς
919 5296 1305 5366 αἰχμαλωσίαν
1337 5299 1914 5368 αἰχμαλωτεύσαντες.

1909 5338 1914 5352 .
1949 5299 2138 5353 Graece
2178 5307 2233 5353 et
2271 5295 2465 5352 Latine
2507 5313 2630 5352 cum
2681 5298 2930 5352 versione
2962 5300 3313 5371 Caryupbyli,
3342 5315 3392 5367 p.
3426 5301 3549 5354 610.

302 5384 461 5438 ΕΑιιιι.
521 5383 652 5439 Mss.
683 5383 922 5454 Mosqnae
949 5385 1004 5439 in
1028 5385 1189 5440 θθὰὰ.
1222 5387 1416 5455 synod.
1446 5387 1510 5439 15
1542 5394 1594 5439 et
1628 5385 1753 5451 554,
1794 5401 1851 5439 ιι.
1885 5387 1939 5440 5.

1914 5387 1939 5437 ι.
1972 5382 2035 5439 ιι.
2069 5386 2306 5440 Matthxi
2379 5384 2550 5438 Notil.
2585 5387 2684 5440 cit.
2719 5403 2769 5456 p.
2807 5386 2877 5441 50
2912 5397 2965 5442 et
2996 5389 3122 5443 252.
3162 5418 3228 5426 —
3263 5388 3554 5440 Mediolani

303 5489 353 5525 ιιι
378 5471 509 5526 bibl.
547 5471 802 5526 Ambros.
836 5472 1078 5528 estliber
1103 5473 1359 5542 anonymi
1396 5473 1672 5527 Adversus
1703 5481 2107 5544 argumentum,
2139 5489 2248 5543 quo
2289 5473 2342 5527 in
2380 5475 2574 5542 primis
2609 5476 2684 5528 uti
2719 5476 2931 5530 solebat
2960 5476 3222 5531 adversus
3249 5475 3550 5529 catholicus

304 5556 536 5625 Marcus,
568 5559 926 5630 Ephesiorum
960 5560 1211 5616 antistes.
1239 5559 1303 5615 γ.
1339 5560 1637 5616 Muntl’auc.
1670 5561 1807 5617 Bibl.
1837 5561 2084 5617 bibliotb.
2122 5577 2257 5618 mss.
2288 5577 2343 5633 p.
2388 5563 2513 5618 519.
2547 5561 2609 5617 C.
2646 5591 2714 5602 ——
2752 5564 2889 5619 Add.
2921 5581 3088 5634 supra
3143 5565 3208 5616 ad
3247 5580 3300 5617 ιι.
3334 5563 3368 5614 2
3405 5573 3457 5616 et
3501 5562 3553 5622 5.

304 5849 318 5864 ο
373 5783 451 5851 la)
482 5784 1402 5864 Idemtamenupnsc.cnm_eodem
1445 5788 1709 5860 principio
1758 5801 1970 5848 exstare
2010 5792 2171 5847 etiam
2201 5791 2252 5845 in
2314 5789 2434 5846 cod.
2480 5789 2609 5845 bibl.
2709 5789 2854 5859 pubI.
2912 5788 3082 5843 Paris.
3140 5787 3276 5843 1218
3325 5805 3376 5841 ιι.
3467 5786 3555 5853 12,

304 5858 404 5923 jam
426 5871 586 5926 supra
616 5858 1118 5930 animadvertimus,
1141 5861 1205 5916 ad
1239 5877 1292 5916 ιι.
1324 5858 1377 5916 2.
