4152 6280
427 275 568 330 1οη
1155 325 1161 330 .
1850 267 2067 328 ΝΟΤΙἹ

2051 266 2185 328 ΓΙΛ.
3556 254 3691 318 11Π8

421 381 447 430 ὲ
460 379 618 442 mea
639 395 970 449 σαφεστερον
987 380 1131 451 ἡμᾶς
1149 381 1447 436 ἀπαιτεῖτε.
1469 380 1721 436 Latnbec.
1747 380 1856 444 VII,
1876 395 1996 448 pag.
2021 379 2061 432 1

2058 379 2122 449 10
2143 392 2252 443 seq.
2281 375 2359 447 [p.
2379 374 2507 439 237,
2525 388 2639 444 seq.
2667 373 2802 427 Kell.
2826 388 2882 428 ιι.
2903 372 3001 427 5et
3023 372 3056 425 4
3084 369 3201 425 cod.
3239 367 3350 439 68.]
3373 367 3543 438 Supra
3564 383 3616 420 ιι.
3636 367 3691 438 2,

496 467 670 521 Etiam
735 469 956 524 libellus
1006 469 1074 524 de
1125 471 1461 539 purgatorio,
1500 471 1679 526 editus
1743 470 1846 525 sub
1901 467 2004 522 Nili
2061 465 2318 530 nomine,
2375 463 2556 518 Marco
2623 468 2812 516 nostro
2886 476 2916 515 a
2969 459 3292 528 quibusdam
3358 457 3687 511 vind'catur.

425 555 592 610 FABR.
658 554 716 610 In
777 556 900 612 cod.
942 557 1250 628 Mosquensi
1315 561 1511 630 synod.
1562 559 1666 616 591
1729 570 1858 615 sunt
1903 568 2014 622 tres

2074 553 2481 625 Responsiones
2532 551 2598 605 ad
2656 549 2836 604 Latin.
2899 567 2955 605 ιι.
3014 549 3068 604 6.
3117 549 3229 602 Inc.
3277 545 3510 612 Ἐπειδὴ·
3557 545 3694 614 μετὰ

424 645 644 717 ἀγάπης
672 666 685 712 ;
719 663 773 700 ιι.
815 649 845 701 7
899 648 1013 701 inc.
1042 649 1250 718 Πολλῆς
1296 649 1396 718 μὲν
1433 651 1508 713 ὡς
1542 649 1801 720 ἀληῢῶςο
1831 666 1886 703 ιι.
1920 648 1974 712 8,
2001 646 2064 700 ἰιιι

2063 661 2111 700 c.
2158 643 2376 715 Ἐπειδὴ
2423 643 2780 713 σαφέστερον.
2839 641 2900 694 V.
2935 640 3192 704 Matthmi,
3225 639 3260 694 I.
3293 653 3340 692 c.
3381 653 3437 706 p.
3467 637 3592 690 251.
3626 664 3695 676 -—-

427 732 483 784 In
509 733 625 788 Cat.
656 748 789 790 mss.
833 735 1058 806 Anglize,
1089 746 1194 792 etc.
1231 737 1338 792 vol.
1374 736 1441 800 ll,
1497 753 1548 808 p.
1580 738 1670 802 61,
1711 754 1766 792 ιι.
1797 737 1959 800 2255,
1991 733 2060 789 de
2123 733 2248 789 cod.
2275 731 2544 788 Vossiano
2581 733 2704 796 142,
2771 733 2883 785 lucc
2937 740 3061 784 nota
3109 727 3284 784 Vossii
3342 726 3636 781 adducitur
3675 744 3688 779 :

435 841 452 872 ι
490 821 657 877 Marci
685 823 1010 892 arehiepisc.
1055 823 1312 894 Ephesini
1346 833 1513 879 oratt.
1547 819 1615 880 de
1641 824 1884 880 Latinor.
1915 825 2257 897 purgatorio,
2292 837 2356 878 ac
2409 821 2476 877 de
2510 823 2577 877 iis
2608 836 2730 891 qua:
2768 827 2996 875 tractata
3039 819 3190 872 fuere
3226 819 3278 872 in
3332 817 3538 888 synodo
3563 814 3692 869 Flo-

433 910 670 963 rentina.
700 910 778 964 Ex
827 911 911 965 his
967 910 1186 982 colligo,
1234 912 1493 983 anonymi
1525 910 1843 967 Orationem
1893 911 1958 965 de
2017 911 2353 984 purgatorio,
2390 925 2420 964 a
2458 909 2733 964 Salmasio
2791 908 2942 978 operi
2989 908 3051 961 de
3085 905 3328 960 Primatu
3363 903 3692 966 subnexam,
3743 984 3745 986 η

435 993 600 1050 Marci
627 995 888 1065 Ephesini
929 1012 1034 1053 non
1071 1013 1209 1065 esse,
1242 1007 1302 1053 ut
1359 1013 1533 1067 nuper
1591 999 1785 1067 scripsi
1847 998 1902 1052 in
1972 997 2244 1053 Observat.
2290 1000 2455 1052 sacris
2502 1005 2558 1051 et
2592 996 2646 1050 in
2696 994 3021 1048 Bibliotheca
3059 993 3274 1047 selecta.
3326 990 3692 1057 Quaerendum

433 1085 640 1152 itaque,
685 1083 841 1149 cujus
871 1083 985 1139 haec
1020 1085 1196 1139 oratio
1250 1086 1322 1141 sit
1368 1085 1633 1141 auctoris.
1666 1084 1773 1140 Alii
1824 1099 1958 1140 sane
2013 1081 2243 1142 Nicolao
2296 1085 2586 1150 Cahasilae,
2624 1083 2716 1137 alii
2747 1081 2870 1136 Nilo
2920 1080 3405 1135 Thessaloniecnsi
3437 1094 3556 1133 eam
3591 1077 3694 1130 tri-

437 1169 631 1223 buunt.
669 1187 686 1220 ι
727 1168 892 1224 Ιιλιιι..

509 1258 577 1310 17
636 1256 909 1327 Professio
941 1259 1066 1328 ﬁdei
1103 1259 1152 1312 in
1186 1258 1423 1314 concilio
1453 1257 1776 1315 Florentino
1803 1260 2011 1330 pridem
2041 1262 2272 1332 scripta,
2318 1261 2412 1316 sed
2474 1259 2695 1313 demum
2735 1258 2902 1327 paulo
2933 1265 3059 1312 ante
3109 1255 3318 1312 obitum
3362 1254 3532 1318 edita,
3560 1253 3694 1309 inci-

439 1346 519 1413 pit
547 1361 563 1399 :
606 1344 750 1413 Ἐγὼ
783 1347 852 1416 τῇ
875 1347 970 1398 τοῦ
997 1344 1134 1398 Θεοῦ
1170 1345 1355 1416 χάριτι
1382 1346 1654 1414 δόγμασιν
1681 1347 1978 1417 ἐντραφεὶς
2002 1348 2079 1402 ei):

2155 1347 2312 1402 iéatv.
2343 1347 2697 1418 Oppugnavit
2735 1344 3033 1420 Gregorius
3064 1343 3528 1414 Protosyncellus.
3562 1339 3699 1396 Vide
3791 1375 3795 1381 -

437 1433 713 1498 Allatium,
749 1432 824 1488 De
853 1449 1130 1497 consensu,
1165 1449 1291 1504 pag.
1329 1433 1454 1498 954,
1484 1434 1590 1490 955
1620 1443 1674 1489 et
1700 1435 1830 1502 280,
1857 1435 1984 1501 285,
2013 1437 2136 1492 509.
2172 1435 2338 1491 Ἐλιιιι.
2363 1435 2606 1505 Mosquze
2663 1435 2720 1488 in
2757 1434 2917 1490 codd.
2951 1431 3149 1504 synod.
3186 1433 3253 1486 15
3292 1442 3346 1486 et
3387 1433 3514 1498 554,
3551 1448 3608 1485 ιι.
3639 1431 3696 1485 2.

441 1522 504 1577 V.
535 1521 772 1578 Matthtei
811 1522 848 1576 l.
877 1538 927 1578 c.
961 1538 1016 1593 ρ.
1057 1523 1126 1578 29
1157 1532 1210 1578 et
1234 1523 1364 1590 252,
1394 1523 1484 1578 ubi
1533 1523 1618 1578 bis
1667 1534 2042 1591 memoratur;
2075 1543 2081 1580 ι

2075 1540 2272 1594 nempe
2327 1539 2383 1578 η.
2435 1525 2494 1590 2,
2525 1522 2696 1576 Marci
2723 1520 2795 1562 -έ
2817 1520 3080 1590 Eugenici
3135 1521 3233 1573 καὶ
3262 1520 3384 1573 νέου
3417 1519 3695 1587 Θεολόγου,

437 1609 533 1662 τοῦ
571 1607 977 1680 ἀνατρέψαντος
1029 1611 1128 1681 τὴν
1158 1611 1396 1681 ἄθεσμον
1449 1612 1507 1666 ὲν
1555 1611 1868 1684 Φλωρεντίᾳ
1901 1613 2136 1676 σύνοδον,
2171 1613 2434 1682 ὁμολογία
2491 1612 2734 1673 πίστεως
2755 1626 2768 1640 ο
2818 1609 2963 1677 Ἐγὼ
2998 1611 3065 1679 τῇ
3091 1607 3186 1661 τοῦ
3222 1607 3358 1660 Θεοῦ
3390 1608 3606 1678 χάριτιο
3636 1622 3701 1660 ac

439 1713 496 1750 ιι.
530 1697 586 1752 4.
623 1697 731 1750 Τοῦ
761 1697 930 1752 αὐτοῦ
955 1699 1120 1769 ἑτέρα
1153 1700 1417 1767 ὁμολογία
1444 1698 1682 1763 πίστεως
1705 1715 1724 1734 ο
1773 1701 1915 1768 Ἐγὼ
1940 1704 2005 1772 τῇ
2033 1719 2079 1754 τι

2058 1699 2125 1754 τοῦ
2165 1700 2300 1753 Θεοῦ
2334 1699 2542 1771 χάριτι.
2570 1697 2628 1752 1ιὶ
2660 1697 2964 1768 posteriore
2991 1697 3116 1752 cod.
3146 1705 3231 1752 est
3264 1711 3484 1766 quoque
3512 1712 3570 1749 ιι.
3612 1695 3698 1759 l4,

443 1783 614 1838 Marci
651 1785 854 1855 Eugen.
877 1785 1143 1857 διαθήκηο
1186 1786 1294 1844 inc.
1331 1786 1609 1856 Βούλομαι
1637 1787 1977 1855 πλατύτερον
1998 1789 2083 1859 rip

2059 1808 2096 1859 ιν
2127 1789 2266 1859 ἐμὴν
2289 1791 2536 1858 γνώμην.
2576 1786 2760 1856 (Gonl'.
2795 1785 2860 1838 ad
2914 1802 2965 1858 ιι.
2998 1785 3080 1856 7.)
3109 1814 3178 1826 --
3233 1783 3434 1839 Oxonii
3475 1784 3531 1837 in
3564 1783 3699 1838 bibl.

441 1873 648 1927 llodlei.
674 1873 793 1928 cod.
832 1873 1058 1929 Barocc.
1092 1875 1216 1930 1l4.
1248 1901 1316 1914 —-—
1340 1874 1476 1929 ibid.
1513 1875 1564 1929 in
1591 1875 1714 1931 cod.
1747 1875 1832 1932 Jo.
1868 1875 2086 1931 Selden.
2121 1876 2214 1941 47,
2276 1876 2330 1940 5,
2383 1875 2500 1930 sive
2529 1891 2585 1930 ιι.
2617 1873 2779 1939 5577,
2831 1872 2954 1928 Cat.
3009 1886 3143 1926 mss.
3193 1871 3402 1940 Anglia:
3441 1871 3549 1925 vol.
3581 1871 3618 1937 I,
3649 1881 3699 1923 et

441 1978 494 2032 p.
532 1960 660 2026 268,
689 1977 744 2014 ιι.
782 1963 846 2017 14
872 1972 926 2017 et
963 1963 1049 2027 15,
1090 1965 1142 2017 in
1171 1964 1516 2019 Adversariis
1545 1962 1672 2018 Ger.
1717 1963 2030 2034 Langbzeni.
2065 1964 2208 2019 Add.
2260 1965 2326 2018 ad
2370 1982 2426 2020 ιι.
2452 1965 2505 2032 5,
2551 1973 2606 2019 et
2635 1977 2828 2033 supra,
2885 1963 2937 2016 in
2975 1962 3029 2016 1ι.
3085 1961 3193 2018 vol.
3223 1976 3279 2030 p.
3311 1961 3438 2026 594,
3464 1969 3603 2016 sect.
3647 1964 3700 2016 4.

442 2051 622 2106 I’aris.
686 2051 742 2106 in
796 2051 930 2107 bibl.
993 2051 1145 2122 publ.
1207 2051 1258 2105 ln
1322 2052 1569 2122 quinque
1627 2052 1789 2106 codd.
1850 2053 2045 2120 partim

2103 2052 2446 2116 memoratis,
2499 2041 2554 2106 η.
2591 2050 2752 2116 1218,
2821 2049 2985 2116 1259,
3043 2047 3382 2115 1527,2075
3425 2055 3481 2104 et
3539 2047 3701 2104 5104.

447 2137 617 2193 IIARL.

517 2227 604 2281 18.
631 2225 918 2296 Ecphrasis
951 2227 1192 2281 animam
1219 2226 1442 2295 agentis.
1473 2225 1614 2280 Citat
1668 2225 1902 2280 Allatius
1934 2227 1999 2278 de
2031 2227 2240 2296 synodo
2290 2237 2503 2290 oetava,
2545 2241 2665 2298 pag.
2722 2226 2848 2282 544.
2903 2223 2998 2297 [V.
3031 2226 3270 2282 Bandin.
3329 2225 3452 2281 Cat.
3487 2224 3583 2280 cit.
3614 2223 3702 2286 IIl,

447 2329 500 2381 p.
536 2313 661 2377 105,
694 2323 749 2369 et
775 2332 829 2369 ιι.
862 2315 932 2368 27
959 2314 1079 2384 cit.|

517 2404 603 2459 19.
639 2403 841 2459 Ultima
873 2407 1027 2459 verba
1056 2406 1126 2458 ad
1185 2405 1516 2460 Gennadium
1558 2408 1924 2463 Sclwlarium.
1957 2406 2090 2461 Vide
2137 2417 2301 2471 supra
2349 2418 2470 2472 pag.
2518 2402 2622 2456 556
2695 2403 2772 2474 [et
2808 2409 2928 2458 not.
2966 2417 3135 2473 supra
3184 2403 3252 2458 ad
3284 2401 3527 2469 initium,
3558 2410 3613 2457 et
3639 2400 3705 2454 ad

448 2502 505 2541 n.
544 2487 629 2559 7].
665 2488 910 2542 Meminit
945 2489 1263 2545 Gennadius
1289 2491 1406 2559 ipse
1433 2507 1623 2560 supra,
1652 2506 1705 2559 p.
1732 2489 1857 2546 567.
2094 2498 2104 2506 ’

518 2575 608 2630 20.
645 2575 970 2642 Qumtiones
1017 2577 1322 2647 theologica:
1369 2593 1472 2633 ms.
1511 2579 1566 2632 in
1619 2578 1746 2632 bibl.
1781 2579 1986 2634 Caesar.
2032 2577 2158 2645 inci.

2062 2577 2197 2645 ncip.
2242 2579 2304 2630 'I-I
2342 2579 2436 2632 τοῦ
2493 2577 2624 2632 Υἰοῦ
2679 2578 3028 2650 προσηγορία
3077 2578 3172 2632 δύο
3202 2577 3381 2632 ταῦτα
3419 2577 3702 2647 σημαίνει.

449 2663 704 2727 Lambec.
735 2663 844 2729 VII,
886 2681 939 2735 p.
978 2666 1012 2720 5
1065 2665 1139 2737 [p.
1173 2667 1297 2722 259.
1331 2667 1473 2722 Koll.
1534 2685 1589 2722 ιι.
1643 2667 1699 2734 5,
1730 2669 1849 2722 eod.
1887 2668 1976 2733 68,
2027 2677 2080 2722 et

2065 2677 2080 2722 t
2136 2667 2372 2722 Bandin.
2433 2667 2553 2722 Cat.
2617 2664 2892 2732 citat.llI,
2930 2682 2983 2735 p.
3029 2665 3153 2732 106,
3186 2682 3244 2720 ιι.
3278 2665 3372 2731 21,
3417 2664 3541 2720 cod.
3615 2665 3705 2731 15,

451 2753 588 2822 plut.
623 2751 737 2824 74].

521 2840 611 2894 21.
643 2839 832 2908 Capita
863 2839 1120 2906 LXVIII,
1151 2852 1336 2896 contra
1363 2841 1586 2896 Ittvresin
1619 2843 2090 2913 Acimlynistarum
2118 2858 2161 2895 ιιι

2068 2858 2090 2894 ιι
2118 2857 2220 2895 ms.
2252 2842 2304 2895 in
2333 2842 2462 2895 bibl.
2496 2841 2766 2904 Caesarea,
2800 2840 2968 2909 incip.
3000 2842 3146 2910 Κεφ.
3179 2847 3249 2906 α’,
3281 2841 3342 2895 Ei
3373 2842 3572 2895 ταυτόν
3591 2843 3708 2894 ἐστι

450 2927 587 2985 Θεοῦ
621 2929 778 2982 οὐσία
815 2931 911 2983 καὶ
938 2917 1210 2998 ἐνέργεια..
1253 2928 1508 2984 Lambec.
1556 2927 1619 2993 V,
1655 2945 1778 2999 pag.
1807 2930 1912 2983 226
1953 2933 2032 3001 [p.
2069 2930 2090 2984 4

2069 2929 2194 2984 466.
2233 2931 2444 2985 Kollar.
2473 2945 2526 2982 ιι.
2565 2931 2615 2992 1,
2657 2929 2782 2984 cod.
2817 2929 2975 3001 278].
3035 2930 3203 2991 Marci
3234 2931 3479 2999 archiep.
3509 2928 3705 2998 Ephesi

450 3025 645 3070 contra
680 3018 998 3088 haereticos,
1053 3017 1242 3078 Venet.
1308 3018 1359 3070 in
1427 3017 1561 3072 bibl.
1610 3017 1779 3074 Marc.
1839 3033 1954 3072 sec.
2019 3016 2322 3074 Muntfauc.
2358 3019 2500 3073 Bibl.
2545 3019 2786 3073 biblioth.
2840 3037 2968 3074 mss.
3016 3036 3074 3090 p.
3117 3019 3241 3084 469,
3303 3019 3468 3074 E.-—
3499 3019 3556 3074 In
3583 3021 3708 3075 cod.

455 3101 681 3157 Coislin.
715 3102 843 3166 288,
871 3101 1042 3156 Marci
1081 3103 1326 3159 monac/ri
1358 3103 1628 3162 adversus
1657 3104 1906 3171 Barlaam
1941 3113 1994 3158 et
2034 3105 2378 3176 Acindyuum
2437 3121 2630 3175 opusc.
2669 3107 2815 3176 quod
2860 3122 2942 3178 gr.
2993 3095 3050 3162 et
3079 3103 3174 3162 lat.
3208 3107 3374 3163 edidit
3409 3105 3710 3162 Montl'auc.

452 3190 510 3246 in
539 3190 671 3244 bibl.
716 3189 945 3245 Coislin.
978 3206 1030 3261 p.
1058 3190 1183 3256 404,
1220 3207 1342 3258 sqq.
1374 3190 1534 3244 Coni.
1569 3206 1760 3258 supra,
1800 3193 1851 3256 in
1887 3192 1942 3250 ιι.
1977 3193 2082 3246 vel.

1402 3190 1534 3244 leni.
1569 3206 1760 3258 supra,
1800 3193 1851 3256 in
1887 3192 1942 3250 ιι.
1977 3193 2082 3246 vel.
2121 3208 2173 3262 p.
2213 3193 2337 3246 507.
2374 3193 2541 3266 IIABL.
3038 3182 3042 3187 ’

520 3276 611 3332 22.
653 3277 894 3334 Canones
926 3288 1043 3334 octo
1075 3280 1131 3333 in
1165 3277 1222 3334 S.
1267 3276 1538 3347 Virginem
1592 3277 1879 3347 Deiparam
1926 3287 1981 3333 et
2036 3279 2140 3333 duo
2170 3281 2379 3332 cantica
2427 3281 2482 3332 in
2525 3277 2585 3342 S.
2631 3268 2973 3346 Trinitatem,
3035 3295 3140 3335 ms.
3172 3281 3226 3335 in
3274 3282 3407 3337 bibl.
3437 3283 3711 3346 Caesarea,

457 3365 622 3435 incip.
649 3367 980 3437 ’Δρχόμενος
1006 3365 1377 3435 σήμερον-τοῦ
1412 3365 1749 3439 τελευταίου.
1789 3365 2048 3440 Lambec.

2109 3364 2171 3429 V,
2208 3382 2260 3436 p.
2300 3366 2405 3420 281
2454 3365 2532 3436 [p.
2573 3366 2697 3431 599,
2726 3382 2839 3436 seq.
2870 3366 3008 3421 Kell.
3046 3369 3168 3422 cod.
3231 3368 3386 3440 52-1].
3439 3370 3615 3424 Paris.
3658 3372 3711 3423 in

454 3453 588 3509 bibl.
622 3453 770 3522 publ.
801 3453 964 3519 2075,
1008 3453 1162 3522 plura
1223 3461 1378 3515 sunt,
1411 3469 1532 3524 quae
1565 3454 1879 3509 summatim
1908 3439 2183 3522 iudicabo,
2212 3470 2268 3508 ιι.
2303 3452 2395 3517 25,
2437 3453 2601 3508 Marci
2632 3455 2830 3524 Ephesi
2867 3454 3105 3522 Epistula
3141 3455 3204 3508 ad
3248 3439 3522 3511 summum
3582 3473 3715 3526 pou-

456 3541 677 3606 tilicem.
709 3572 776 3584 —-
811 3539 881 3595 N.
923 3541 1013 3603 26,
1064 3540 1341 3612 Professio
1397 3541 1556 3606 lidei;
1588 3571 1654 3581 —
1682 3541 1744 3594 Ν.
1779 3541 1869 3605 27,
1939 3539 2195 3595 Carmina
2228 3540 2379 3594 varia
2433 3541 2499 3594 ad
2565 3538 2926 3610 Euthymium
2964 3541 3332 3609 patriarcbam
3361 3559 3375 3604 ;
3407 3571 3476 3582 —-—
3507 3541 3572 3596 N.
3621 3542 3714 3606 28,

455 3627 742 3697 Expositio
770 3627 1042 3699 sytuboli;
1079 3645 1136 3682 ιι.
1176 3628 1269 3690 29,
1301 3626 1491 3698 hymni
1531 3629 1586 3681 in
1627 3627 1911 3700 Deiparam
1938 3645 1951 3694 ;
1982 3657 2052 3670 --
2085 3628 2150 3684 Ν.
2183 3629 2275 3694 50,
2324 3626 2559 3682 Ilomilia
2619 3629 2672 3681 in
2713 3630 3017 3682 orationem
3066 3627 3434 3683 Dominicam.
3492 3629 3551 3683 in
3588 3629 3712 3684 eod.

456 3716 582 3769 cod.
619 3715 790 3770 multa
825 3714 1055 3770 Joannis
1082 3714 1342 3784 Eugenici
1375 3729 1573 3785 opusc.
1619 3715 2125 3788 deprehenduntur.

540 3802 736 3859 Versus
795 3805 875 3867 είς
929 3804 1100 3872 τάφον
1151 3803 1246 3856 τοῦ
1295 3793 1620 3858 διδασκάλου
1675 3803 1845 3873 κυροῦ
1890 3805 2090 3874 Ἰωσὴφ
2121 3821 2180 3856 το

2075 3823 2090 3871 ι
2121 3803 2216 3856 τοῦ
2264 3804 2594 3876 Βρυεννίου;
2631 3805 2741 3863 inc.
2777 3805 2947 3858 Οὐδέν
2988 3823 3039 3857 τι
3075 3806 3263 3859 καινόν
3291 3823 3306 3872 ;
3339 3807 3392 3862 in
3417 3807 3543 3861 cod.
3570 3808 3715 3863 Mos-

457 3892 653 3964 quensi
689 3879 884 3963 synod.
917 3891 1044 3956 297,
1074 3909 1131 3946 ιι.
1157 3892 1213 3945 2.
1241 3891 1305 3946 γ.
1338 3891 1595 3956 Matthaai,
1628 3893 1663 3946 1.
1699 3908 1746 3949 c.
1782 3909 1835 3962 p.
1871 3893 1992 3948 192.
2028 3892 2201 3950 Hanc.

528 3978 620 4032 25.
659 3976 841 4032 Sermo
875 3979 928 4031 in
975 3976 1032 4032 S.
1067 3977 1205 4032 Elia:
1238 3978 1374 4048 festo
1417 3979 1472 4032 in
1526 3979 1693 4048 ofﬁcio
1725 3981 1998 4050 legendus,
2031 3981 2168 4051 incip

2075 3981 2199 4051 Icip.
2234 3981 2384 4034 Ἔδει
2423 3981 2522 4049 μὶν
2545 3979 2767 4051 ἀληθῶς
2809 3981 2937 4050 ἡμῖν
2991 3980 3398 4051 οὐρανοδρόμου
3427 3983 3520 4035 τοῦ
3555 3984 3715 4050 λόγου

467 4065 892 4135 ωνεπαρθῆναι.
925 4064 1071 4121 Citat
1101 4065 1399 4136 Gregorius
1435 4068 1874 4136 protosyucellus
1904 4067 2165 4136 Apologia
2193 4077 2384 4122 contra
2413 4067 2657 4124 Marcum
2686 4069 2884 4136 Ephes.
2917 4078 3048 4124 tetu.
3080 4067 3220 4135 XIII,
3256 4067 3458 4123 Concil.
3495 4070 3717 4137 Labbei,

460 4167 515 4223 p.
555 4153 681 4220 802,
709 4163 764 4209 et
792 4155 1112 4224 rogantibus
1140 4153 1312 4209 Cretae
1343 4156 1538 4210 incolis
1569 4155 1833 4224 scriptum
1870 4157 1939 4210 ab
1963 4169 2028 4210 eo
2064 4163 2293 4209 testatur
2326 4156 2428 4227 (ά).

534 4242 627 4298 24.
659 4241 736 4297 De
766 4219 1000 4298 hominis
1030 4243 1398 4298 imbecillitate
1428 4219 1696 4300 tractatus
1725 4242 1822 4314 (c).
1863 4243 1962 4300 Ms.
1998 4243 2054 4298 in
2081 4242 2214 4299 bibl.
2243 4219 2589 4314 Augustana.
2623 4245 2714 4316 IV.
2757 4245 2971 4301 Reiseri
3005 4243 3122 4300 Ind.
3154 4262 3287 4301 mss.
3324 4219 3455 4301 bibl.
3486 4245 3718 4318 August.

466 4346 520 4399 p.
550 4331 639 4386 89.
679 4330 871 4402 lltmL.]

532 4419 625 4474 25.
655 4420 1040 4476 Ira-orationem
1088 4419 1422 4476 Dominicam
1491 4437 1595 4478 ms.
1633 4421 1690 4478 In
1724 4421 1857 4478 bibl.
1923 4422 2197 4486 Caesarea,
2234 4429 2370 4476 teste
2431 4418 2702 4476 Nesselio.
2767 4419 2934 4475 Fusa.
2981 4421 3125 4477 Part.
3179 4439 3250 4489 tv,
3283 4425 3496 4492 p.110,
3532 4443 3587 4480 ιι.
3633 4427 3718 4492 15,

465 4507 588 4562 cod.
621 4507 744 4562 195.
774 4507 916 4561 Add.
951 4508 1042 4561 ad.
1080 4525 1134 4562 ιι.
1166 4508 1257 4562 22.
1301 4507 1471 4561 Hanc.

532 4593 622 4648 26.
665 4593 854 4664 Imago
882 4595 1218 4649 dormitionis
1254 4594 1315 4650 S.
1348 4594 1606 4663 Ephraim
1635 4595 1781 4665 Syri.
1811 4575 1944 4651 Inc.
1972 4597 2082 4648 Kal.
2113 4612 2169 4650 νε

1536 4596 1606 4648 im
1635 4595 1781 4665 Syri.
1811 4575 1944 4651 Inc.
1972 4597 2082 4648 Kal.
2113 4593 2306 4664 νεκρὸν
2338 4594 2483 4648 ἐστιν
2511 4596 2748 4650 ἐνταῦθα
2799 4596 2928 4649 ἰδεῖν
2949 4611 2961 4625 ·
2999 4597 3125 4651 item
3161 4615 3174 4650 :

531 4682 623 4736 27.
658 4680 842 4753 Imago
872 4685 1123 4753 martyris
1151 4686 1388 4738 coronati
1417 4701 1436 4739 :
1495 4683 1619 4740 Init.
1651 4684 1859 4754 Χαρίεν
1902 4686 2001 4755 μὲν
2031 4686 2162 4737 ἰδεῖν

2079 4687 2162 4737 εῖν
2196 4684 2290 4736 καὶ
2312 4681 2754 4752 ἀγωνιζομένους
2775 4699 2787 4713 ·
2827 4682 3158 4739 Florentium:
3191 4685 3243 4738 in
3279 4686 3400 4740 cod.
3431 4685 3596 4741 Laur.
3627 4688 3719 4754 21,

466 4783 522 4825 ιι.
556 4769 581 4822 1
610 4779 664 4824 et
694 4769 750 4830 2.
775 4771 914 4839 plut.
945 4770 998 4824 4.
1035 4770 1095 4824 V.
1132 4768 1387 4837 Bandini,
1420 4769 1543 4824 Cat.
1576 4770 1672 4825 cit.
1713 4771 1822 4824 vol.
1865 4770 1910 4833 l,
1945 4787 1998 4839 p.
2037 4770 2140 4825 545
2171 4784 2291 4840 seq.
2321 4799 2390 4810 —
2427 4768 2582 4824 Prior
2614 4772 2788 4839 imago
2840 4780 2923 4825 est
2953 4787 3168 4842 quoque
3202 4772 3332 4826 ibid.
3376 4773 3431 4826 in
3463 4775 3588 4828 cod.
3627 4777 3715 4840 15,

467 4873 526 4952 ιγ.
683 4859 818 4952 plut.
847 4858 941 4952 75.
980 4857 1308 4952 V._Buudiu.
1338 4860 1372 4912 l.
1412 4873 1464 4952 (ι.
1499 4858 1590 4924 111,
1620 4874 1676 4928 p.
1710 4858 1833 4952 105,
1864 4857 1956 4912 ubi
1981 4858 2441 4952 opinatur,__illam
2475 4873 2596 4913 esse
2632 4858 2793 4924 forte,
2823 4874 2942 4928 qua:
2989 4875 3018 4913 a
3058 4857 3312 4915 Fabricio
3340 4869 3533 4915 nostro
3574 4863 3717 4930 loco,

465 4946 522 5001 n'.
558 4946 645 5009 18,
687 4947 790 5006 sub
824 4947 1004 5008 titulo,
1033 4946 1331 5016 Ecphrasis
1370 4947 1607 5002 animam
1640 4947 1842 5018 agentis
1878 4957 2215 5001 recensetur.
2258 4946 2426 5000 IIARL.
2739 4952 2748 4960 '

535 5035 629 5089 28.
660 5034 916 5104 Epilogus
953 5035 1204 5090 adversus
1253 5035 1496 5091 Latinos.
1549 5037 1664 5090 Inc.
1697 5036 1872 5089 Τοῦτο
1915 5035 1976 5086 τὸ
2025 5034 2172 5104 σὺμϐ

2084 5033 2331 5104 ιμϐολον;
2362 5033 2544 5088 Paris.
2586 5035 2640 5089 in
2686 5035 2818 5089 bibl.
2862 5035 3011 5102 publ.
3055 5034 3216 5090 codd.
3253 5033 3410 5099 1286,
3445 5052 3498 5090 ιι.
3543 5035 3630 5102 19,
3672 5046 3724 5090 et

471 5120 628 5184 1295,
661 5137 716 5174 ιι.
739 5120 790 5175 9.
837 5123 893 5176 lu
923 5134 1157 5190 utroque
1193 5123 1383 5177 codice
1422 5123 1526 5177 alia
1551 5122 1714 5176 Marci
1748 5122 1880 5191 Eug.
1921 5123 2184 5190 opuscula
2222 5123 2591 5192 reperiuntur,
2623 5131 2677 5178 et
2719 5124 2992 5192 qrizedam,
3028 5140 3056 5179 a
3094 5122 3350 5180 Fabricio
3390 5124 3618 5193 omissa,
3656 5126 3723 5180 ad

469 5224 524 5264 ιι.
558 5207 611 5277 7,
642 5217 696 5264 et
719 5209 918 5278 passim
951 5209 1208 5263 iudicavi.
1236 5239 1304 5248 —
1335 5210 1410 5264 De
1441 5211 1679 5263 terminis
1709 5211 1848 5274 ritca,
1885 5228 1935 5264 γ.
1969 5210 2036 5264 ad
2073 5225 2125 5263 ιι.
2241 5209 2408 5263 lianc.

531 5389 600 5499 (ξ)
633 5389 702 5439 Ex
728 5389 837 5440 cod.
874 5388 1157 5438 Monaceusl
1183 5389 1451 5438 novissime
1477 5391 1635 5440 edidit
1660 5393 1774 5440 Alb.
1797 5393 2020 5441 lahnius.
2055 5428 2061 5434 .
2215 5446 2218 5450 γ

533 5454 548 5499 1
596 5453 610 5499 l
644 5452 776 5499 (‘itat
809 5451 959 5499 etiam
1000 5448 1506 5499 Pseudo-Genuadius
1536 5456 1586 5499 in
1622 5453 1858 5499 Anoloaia
1897 5465 1983 5499 ιιι-ο
2020 5465 2157 5499 conc.
2200 5453 2442 5499 FlorenL.
2475 5454 2624 5499 (ιοηίιί

533 5448 610 5513 ((1)
644 5452 776 5501 (‘itat
809 5451 959 5501 etiam
1000 5448 1506 5501 Pseudo-Genuadius
1536 5456 1586 5502 in
1622 5453 1858 5516 Apologia
1897 5465 1983 5514 pro
2020 5465 2157 5503 conc.
2200 5448 2442 5512 FlorenL,
2475 5454 2655 5517 capitis
2688 5455 2715 5504 4
2752 5462 2876 5506 sect.
2905 5458 2953 5508 5.
