  <div class='ocr_page' id='page_1' title='image "/cluster/home/n/w/nwhite01/storage/ocr_20150623/160/mdp.39015078384693/547.png"; bbox 0 0 4152 6280; ppageno 0'>
   <div class='ocr_carea' id='block_1_1' title="bbox 511 313 648 370">
    <p class='ocr_par' dir='ltr' id='par_1_1' title="bbox 511 313 648 370">
     <span class='ocr_line' id='line_1_1' title="bbox 511 313 648 370; baseline -0.015 0"><span class='ocrx_word' id='word_1_1' title='bbox 511 313 599 370; x_wconf 70' lang='lat' dir='ltr'><strong>lU&#39;l</strong></span> <span class='ocrx_word' id='word_1_2' title='bbox 613 314 648 368; x_wconf 76' lang='lat'><strong>9</strong></span> 
     </span>
    </p>
   </div>
   <div class='ocr_carea' id='block_1_2' title="bbox 515 465 762 482">
    <p class='ocr_par' dir='ltr' id='par_1_2' title="bbox 515 465 762 482">
     <span class='ocr_line' id='line_1_2' title="bbox 515 465 762 482; baseline 0 0"><span class='ocrx_word' id='word_1_3' title='bbox 515 465 762 482; x_wconf 68' lang='lat'><strong>.——-——-</strong></span> 
     </span>
    </p>
   </div>
   <div class='ocr_carea' id='block_1_3' title="bbox 1505 311 2722 377">
    <p class='ocr_par' dir='ltr' id='par_1_3' title="bbox 1505 311 2722 377">
     <span class='ocr_line' id='line_1_3' title="bbox 1505 311 2722 377; baseline 0.004 -6"><span class='ocrx_word' id='word_1_4' title='bbox 1505 313 1747 373; x_wconf 80' lang='lat' dir='ltr'><strong>MARCI</strong></span> <span class='ocrx_word' id='word_1_5' title='bbox 1793 311 2104 376; x_wconf 87' lang='lat' dir='ltr'><strong>EPIlESll</strong></span> <span class='ocrx_word' id='word_1_6' title='bbox 2142 314 2722 377; x_wconf 65' lang='lat' dir='ltr'><strong>METROPOLITE</strong></span> 
     </span>
    </p>
   </div>
   <div class='ocr_carea' id='block_1_4' title="bbox 3633 311 3792 411">
    <p class='ocr_par' dir='ltr' id='par_1_4' title="bbox 3633 311 3792 411">
     <span class='ocr_line' id='line_1_4' title="bbox 3633 311 3792 411; baseline -0.013 -32"><span class='ocrx_word' id='word_1_7' title='bbox 3633 311 3779 379; x_wconf 77' lang='lat' dir='ltr'><strong>meo</strong></span> 
     </span>
    </p>
   </div>
   <div class='ocr_carea' id='block_1_5' title="bbox 1610 625 2607 802">
    <p class='ocr_par' dir='ltr' id='par_1_5' title="bbox 1610 625 2607 802">
     <span class='ocr_line' id='line_1_5' title="bbox 1610 625 2607 802; baseline -0.003 0"><span class='ocrx_word' id='word_1_8' title='bbox 1610 730 1615 735; x_wconf 90' lang='lat'><strong>-</strong></span> <span class='ocrx_word' id='word_1_9' title='bbox 1651 625 2607 802; x_wconf 86' lang='grc' dir='ltr'><strong>ΜΑΡΚΟΥ</strong></span> 
     </span>
    </p>
   </div>
   <div class='ocr_carea' id='block_1_6' title="bbox 1142 906 3117 1027">
    <p class='ocr_par' dir='ltr' id='par_1_6' title="bbox 1142 906 3117 1027">
     <span class='ocr_line' id='line_1_6' title="bbox 1142 906 3117 1027; baseline -0.003 -1"><span class='ocrx_word' id='word_1_10' title='bbox 1142 906 2448 1027; x_wconf 83' lang='grc' dir='ltr'><strong>ΑΡΧΙΕΠΙΣΚΟΠΟΥ</strong></span> <span class='ocrx_word' id='word_1_11' title='bbox 2526 908 3117 1023; x_wconf 81' lang='grc' dir='ltr'><strong>ΕΦΕΣΟΥ</strong></span> 
     </span>
    </p>
   </div>
   <div class='ocr_carea' id='block_1_7' title="bbox 2092 1135 2170 1173">
    <p class='ocr_par' dir='ltr' id='par_1_7' title="bbox 2092 1135 2170 1173">
     <span class='ocr_line' id='line_1_7' title="bbox 2092 1135 2170 1173; baseline 0.051 -5"><span class='ocrx_word' id='word_1_12' title='bbox 2092 1135 2170 1173; x_wconf 84' lang='grc' dir='ltr'><strong>ΟΤΙ</strong></span> 
     </span>
    </p>
   </div>
   <div class='ocr_carea' id='block_1_8' title="bbox 1312 1250 2948 1308">
    <p class='ocr_par' dir='ltr' id='par_1_8' title="bbox 1312 1250 2948 1308">
     <span class='ocr_line' id='line_1_8' title="bbox 1312 1250 2948 1308; baseline -0.002 -2"><span class='ocrx_word' id='word_1_13' title='bbox 1312 1254 1404 1307; x_wconf 87' lang='grc' dir='ltr'><strong>ΟΥ</strong></span> <span class='ocrx_word' id='word_1_14' title='bbox 1432 1254 1674 1308; x_wconf 78' lang='grc' dir='ltr'>ΜοΝοΝ</span> <span class='ocrx_word' id='word_1_15' title='bbox 1699 1252 1835 1308; x_wconf 73' lang='lat' dir='ltr'><strong>Alli)</strong></span> <span class='ocrx_word' id='word_1_16' title='bbox 1882 1253 2020 1304; x_wconf 82' lang='grc' dir='ltr'><strong>ΤΗΣ</strong></span> <span class='ocrx_word' id='word_1_17' title='bbox 2061 1250 2290 1304; x_wconf 82' lang='grc' dir='ltr'><strong>ΦΩΝΗΣ</strong></span> <span class='ocrx_word' id='word_1_18' title='bbox 2325 1251 2461 1302; x_wconf 83' lang='grc' dir='ltr'><strong>ΤΩΝ</strong></span> <span class='ocrx_word' id='word_1_19' title='bbox 2508 1250 2948 1304; x_wconf 78' lang='grc' dir='ltr'><strong>ΔΕΣΠΟΤῘΚΩΝ</strong></span> 
     </span>
    </p>
   </div>
   <div class='ocr_carea' id='block_1_9' title="bbox 811 1366 3428 1435">
    <p class='ocr_par' dir='ltr' id='par_1_9' title="bbox 811 1366 3428 1435">
     <span class='ocr_line' id='line_1_9' title="bbox 811 1366 3428 1435; baseline -0.001 -11"><span class='ocrx_word' id='word_1_20' title='bbox 811 1366 1150 1426; x_wconf 77' lang='grc' dir='ltr'><strong>ΡΗΜΔΤΩΝ</strong></span> <span class='ocrx_word' id='word_1_21' title='bbox 1181 1371 1596 1427; x_wconf 77' lang='grc' dir='ltr'><strong>ΑΓΙᾹΖΟΝΤΑῘ</strong></span> <span class='ocrx_word' id='word_1_22' title='bbox 1629 1371 1719 1426; x_wconf 85' lang='grc' dir='ltr'>ΤΑ</span> <span class='ocrx_word' id='word_1_23' title='bbox 1753 1372 1912 1424; x_wconf 82' lang='grc' dir='ltr'><strong>ΘΕΙΑ</strong></span> <span class='ocrx_word' id='word_1_24' title='bbox 1950 1372 2150 1435; x_wconf 80' lang='grc' dir='ltr'><strong>ΔΩΡΔ,</strong></span> <span class='ocrx_word' id='word_1_25' title='bbox 2183 1371 2336 1423; x_wconf 81' lang='lat' dir='ltr'><strong>AAA’</strong></span> <span class='ocrx_word' id='word_1_26' title='bbox 2387 1370 2478 1423; x_wconf 80' lang='grc' dir='ltr'><strong>ΕΚ</strong></span> <span class='ocrx_word' id='word_1_27' title='bbox 2515 1369 2651 1421; x_wconf 84' lang='grc' dir='ltr'>ΤΗΣ</span> <span class='ocrx_word' id='word_1_28' title='bbox 2706 1368 2899 1422; x_wconf 82' lang='grc' dir='ltr'><strong>ΜΕΤΑ</strong></span> <span class='ocrx_word' id='word_1_29' title='bbox 2939 1368 3167 1423; x_wconf 79' lang='grc' dir='ltr'>ΤΑΥΤΑ</span> <span class='ocrx_word' id='word_1_30' title='bbox 3194 1368 3428 1422; x_wconf 83' lang='grc' dir='ltr'><strong>ΕΥΧΗΣ</strong></span> 
     </span>
    </p>
   </div>
   <div class='ocr_carea' id='block_1_10' title="bbox 1031 1481 3220 1540">
    <p class='ocr_par' dir='ltr' id='par_1_10' title="bbox 1031 1481 3220 1540">
     <span class='ocr_line' id='line_1_10' title="bbox 1031 1481 3220 1540; baseline -0.001 -2"><span class='ocrx_word' id='word_1_31' title='bbox 1031 1483 1152 1539; x_wconf 75' lang='grc' dir='ltr'><strong>ΚΑΙ</strong></span> <span class='ocrx_word' id='word_1_32' title='bbox 1193 1483 1530 1540; x_wconf 83' lang='grc' dir='ltr'><strong>ΕΥΛΟΓΙΑΣ</strong></span> <span class='ocrx_word' id='word_1_33' title='bbox 1558 1485 1695 1538; x_wconf 76' lang='grc' dir='ltr'><strong>ΤΟΥ</strong></span> <span class='ocrx_word' id='word_1_34' title='bbox 1729 1484 1968 1538; x_wconf 82' lang='grc' dir='ltr'><strong>ΙΕΡΕΩΣ</strong></span> <span class='ocrx_word' id='word_1_35' title='bbox 1997 1482 2304 1537; x_wconf 80' lang='grc' dir='ltr'><strong>ΔΥΝΑΜΕΙ</strong></span> <span class='ocrx_word' id='word_1_36' title='bbox 2344 1482 2480 1538; x_wconf 89' lang='grc' dir='ltr'><strong>ΤΟΥ</strong></span> <span class='ocrx_word' id='word_1_37' title='bbox 2516 1481 2720 1536; x_wconf 82' lang='grc' dir='ltr'><strong>ΛΓΙΟΥ</strong></span> <span class='ocrx_word' id='word_1_38' title='bbox 2771 1481 3220 1536; x_wconf 81' lang='grc' dir='ltr'><strong>[ΙΝΕΥΜΑΤΟΣ.</strong></span> 
     </span>
    </p>
   </div>
   <div class='ocr_carea' id='block_1_11' title="bbox 2086 1663 2152 1676">
    <p class='ocr_par' dir='ltr' id='par_1_11' title="bbox 2086 1663 2152 1676">
     <span class='ocr_line' id='line_1_11' title="bbox 2086 1663 2152 1676; baseline -0.015 0"><span class='ocrx_word' id='word_1_39' title='bbox 2086 1663 2152 1676; x_wconf 71' lang='lat'>_</span> 
     </span>
    </p>
   </div>
   <div class='ocr_carea' id='block_1_12' title="bbox 1131 1842 3107 2001">
    <p class='ocr_par' dir='ltr' id='par_1_12' title="bbox 1131 1842 3107 2001">
     <span class='ocr_line' id='line_1_12' title="bbox 1131 1842 3107 2001; baseline -0.001 -5"><span class='ocrx_word' id='word_1_40' title='bbox 1131 1842 1503 1997; x_wconf 78' lang='lat' dir='ltr'><strong>MARGI</strong></span> <span class='ocrx_word' id='word_1_41' title='bbox 1563 1843 2466 2001; x_wconf 68' lang='lat' dir='ltr'><strong>ARGHIEPISWPI</strong></span> <span class='ocrx_word' id='word_1_42' title='bbox 2555 1843 3107 1998; x_wconf 81' lang='lat' dir='ltr'><strong>EPHESINI</strong></span> 
     </span>
    </p>
   </div>
   <div class='ocr_carea' id='block_1_13' title="bbox 2035 2110 2213 2172">
    <p class='ocr_par' dir='ltr' id='par_1_13' title="bbox 2035 2110 2213 2172">
     <span class='ocr_line' id='line_1_13' title="bbox 2035 2110 2213 2172; baseline 0.006 -9"><span class='ocrx_word' id='word_1_43' title='bbox 2035 2110 2213 2172; x_wconf 89' lang='lat' dir='ltr'><strong>QUOD</strong></span> 
     </span>
    </p>
   </div>
   <div class='ocr_carea' id='block_1_14' title="bbox 771 2261 3466 2328">
    <p class='ocr_par' dir='ltr' id='par_1_14' title="bbox 771 2261 3466 2328">
     <span class='ocr_line' id='line_1_14' title="bbox 771 2261 3466 2328; baseline 0 -2"><span class='ocrx_word' id='word_1_44' title='bbox 771 2261 938 2327; x_wconf 79' lang='lat' dir='ltr'><strong>NON</strong></span> <span class='ocrx_word' id='word_1_45' title='bbox 991 2265 1256 2327; x_wconf 86' lang='lat' dir='ltr'><strong>SOLUM</strong></span> <span class='ocrx_word' id='word_1_46' title='bbox 1318 2269 1367 2328; x_wconf 85' lang='lat' dir='ltr'><strong>A</strong></span> <span class='ocrx_word' id='word_1_47' title='bbox 1429 2265 1640 2326; x_wconf 81' lang='lat' dir='ltr'><strong>VOCE</strong></span> <span class='ocrx_word' id='word_1_48' title='bbox 1672 2265 2245 2328; x_wconf 80' lang='lat' dir='ltr'><strong>DOMINICORUM</strong></span> <span class='ocrx_word' id='word_1_49' title='bbox 2302 2264 2727 2326; x_wconf 76' lang='lat' dir='ltr'><strong>VERBORUM</strong></span> <span class='ocrx_word' id='word_1_50' title='bbox 2782 2265 3466 2328; x_wconf 80' lang='lat' dir='ltr'><strong>SANCTIFICANTUR</strong></span> 
     </span>
    </p>
   </div>
   <div class='ocr_carea' id='block_1_15' title="bbox 651 2384 3590 2459">
    <p class='ocr_par' dir='ltr' id='par_1_15' title="bbox 651 2384 3590 2459">
     <span class='ocr_line' id='line_1_15' title="bbox 651 2384 3590 2459; baseline 0 -7"><span class='ocrx_word' id='word_1_51' title='bbox 651 2389 919 2452; x_wconf 80' lang='lat' dir='ltr'><strong>DIVINA</strong></span> <span class='ocrx_word' id='word_1_52' title='bbox 979 2389 1227 2458; x_wconf 87' lang='lat' dir='ltr'><strong>DONA,</strong></span> <span class='ocrx_word' id='word_1_53' title='bbox 1289 2387 1568 2449; x_wconf 78' lang='lat' dir='ltr'><strong>VERUM</strong></span> <span class='ocrx_word' id='word_1_54' title='bbox 1611 2389 1656 2446; x_wconf 84' lang='lat' dir='ltr'><strong>A</strong></span> <span class='ocrx_word' id='word_1_55' title='bbox 1707 2385 2288 2459; x_wconf 86' lang='lat' dir='ltr'><strong>CONSEQUENTE</strong></span> <span class='ocrx_word' id='word_1_56' title='bbox 2345 2384 2766 2448; x_wconf 81' lang='lat' dir='ltr'><strong>ORATIONE</strong></span> <span class='ocrx_word' id='word_1_57' title='bbox 2826 2387 2922 2446; x_wconf 86' lang='lat' dir='ltr'><strong>ET</strong></span> <span class='ocrx_word' id='word_1_58' title='bbox 2997 2385 3590 2452; x_wconf 82' lang='lat' dir='ltr'><strong>BENEDICTIONE</strong></span> 
     </span>
    </p>
   </div>
   <div class='ocr_carea' id='block_1_16' title="bbox 1284 2508 2945 2583">
    <p class='ocr_par' dir='ltr' id='par_1_16' title="bbox 1284 2508 2945 2583">
     <span class='ocr_line' id='line_1_16' title="bbox 1284 2508 2945 2583; baseline -0.001 -11"><span class='ocrx_word' id='word_1_59' title='bbox 1284 2509 1806 2583; x_wconf 78' lang='lat' dir='ltr'><strong>SACERDOTIS,</strong></span> <span class='ocrx_word' id='word_1_60' title='bbox 1841 2511 2196 2571; x_wconf 80' lang='lat' dir='ltr'><strong>VIRTUTE</strong></span> <span class='ocrx_word' id='word_1_61' title='bbox 2252 2508 2537 2571; x_wconf 80' lang='lat' dir='ltr'><strong>SANCTI</strong></span> <span class='ocrx_word' id='word_1_62' title='bbox 2563 2508 2945 2571; x_wconf 79' lang='lat' dir='ltr'><strong>SPIRITUS.</strong></span> 
     </span>
    </p>
   </div>
   <div class='ocr_carea' id='block_1_17' title="bbox 1381 2677 2854 2742">
    <p class='ocr_par' dir='ltr' id='par_1_17' title="bbox 1381 2677 2854 2742">
     <span class='ocr_line' id='line_1_17' title="bbox 1381 2677 2854 2742; baseline 0 -14"><span class='ocrx_word' id='word_1_63' title='bbox 1381 2677 1644 2740; x_wconf 69' lang='lat' dir='ltr'><strong>(Liturgim</strong></span> <span class='ocrx_word' id='word_1_64' title='bbox 1678 2677 1768 2727; x_wconf 87' lang='lat' dir='ltr'><strong>SS.</strong></span> <span class='ocrx_word' id='word_1_65' title='bbox 1811 2677 2010 2727; x_wconf 85' lang='lat' dir='ltr'><strong>Patrum</strong></span> <span class='ocrx_word' id='word_1_66' title='bbox 2038 2677 2195 2727; x_wconf 83' lang='lat' dir='ltr'><strong>Paris.</strong></span> <span class='ocrx_word' id='word_1_67' title='bbox 2226 2677 2347 2727; x_wconf 81' lang='grc'><strong>1560</strong></span> <span class='ocrx_word' id='word_1_68' title='bbox 2375 2695 2388 2737; x_wconf 85' lang='grc'>;</span> <span class='ocrx_word' id='word_1_69' title='bbox 2415 2678 2658 2742; x_wconf 78' lang='lat' dir='ltr'><strong>Antverp.</strong></span> <span class='ocrx_word' id='word_1_70' title='bbox 2692 2679 2854 2740; x_wconf 71' lang='grc'><strong>1563.)</strong></span> 
     </span>
    </p>
   </div>
   <div class='ocr_carea' id='block_1_18' title="bbox 551 2971 2137 3052">
    <p class='ocr_par' dir='ltr' id='par_1_18' title="bbox 551 2971 2137 3052">
     <span class='ocr_line' id='line_1_18' title="bbox 551 2971 2137 3052; baseline -0.002 -16"><span class='ocrx_word' id='word_1_71' title='bbox 551 2971 663 3037; x_wconf 78' lang='lat' dir='ltr'><strong>Nos</strong></span> <span class='ocrx_word' id='word_1_72' title='bbox 693 2977 787 3052; x_wconf 89' lang='lat' dir='ltr'><strong>qui</strong></span> <span class='ocrx_word' id='word_1_73' title='bbox 813 2995 842 3037; x_wconf 85' lang='lat' dir='ltr'><strong>a</strong></span> <span class='ocrx_word' id='word_1_74' title='bbox 867 2979 1040 3037; x_wconf 89' lang='lat' dir='ltr'><strong>sacris</strong></span> <span class='ocrx_word' id='word_1_75' title='bbox 1072 2979 1336 3052; x_wconf 76' lang='lat' dir='ltr'><strong>apostolis</strong></span> <span class='ocrx_word' id='word_1_76' title='bbox 1353 2986 1405 3034; x_wconf 90' lang='lat' dir='ltr'><strong>et</strong></span> <span class='ocrx_word' id='word_1_77' title='bbox 1423 2993 1610 3033; x_wconf 87' lang='lat' dir='ltr'><strong>eorum</strong></span> <span class='ocrx_word' id='word_1_78' title='bbox 1631 2979 2058 3045; x_wconf 87' lang='lat' dir='ltr'><strong>successoribus,</strong></span> <span class='ocrx_word' id='word_1_79' title='bbox 2089 2979 2137 3041; x_wconf 79' lang='grc' dir='ltr'>Α</span> 
     </span>
    </p>
   </div>
   <div class='ocr_carea' id='block_1_19' title="bbox 481 3071 2056 3144">
    <p class='ocr_par' dir='ltr' id='par_1_19' title="bbox 481 3071 2056 3144">
     <span class='ocr_line' id='line_1_19' title="bbox 481 3071 2056 3144; baseline -0.004 -13"><span class='ocrx_word' id='word_1_80' title='bbox 481 3072 801 3131; x_wconf 76' lang='lat' dir='ltr'><strong>doctoribus</strong></span> <span class='ocrx_word' id='word_1_81' title='bbox 831 3075 1110 3140; x_wconf 66' lang='lat' dir='ltr'><strong>Ecclesiae,</strong></span> <span class='ocrx_word' id='word_1_82' title='bbox 1143 3073 1385 3144; x_wconf 62' lang='lat' dir='ltr'><strong>mysticae</strong></span> <span class='ocrx_word' id='word_1_83' title='bbox 1418 3071 1651 3142; x_wconf 77' lang='lat' dir='ltr'><strong>liturgiae</strong></span> <span class='ocrx_word' id='word_1_84' title='bbox 1666 3072 2056 3142; x_wconf 77' lang='lat' dir='ltr'><strong>expositionem</strong></span> 
     </span>
    </p>
   </div>
   <div class='ocr_carea' id='block_1_20' title="bbox 478 3160 2056 3236">
    <p class='ocr_par' dir='ltr' id='par_1_20' title="bbox 478 3160 2056 3236">
     <span class='ocr_line' id='line_1_20' title="bbox 478 3160 2056 3236; baseline -0.003 -16"><span class='ocrx_word' id='word_1_85' title='bbox 478 3165 812 3236; x_wconf 81' lang='lat' dir='ltr'><strong>accepimus,</strong></span> <span class='ocrx_word' id='word_1_86' title='bbox 852 3163 996 3236; x_wconf 88' lang='lat' dir='ltr'><strong>apud</strong></span> <span class='ocrx_word' id='word_1_87' title='bbox 1031 3178 1222 3219; x_wconf 90' lang='lat' dir='ltr'><strong>eorum</strong></span> <span class='ocrx_word' id='word_1_88' title='bbox 1266 3163 1477 3217; x_wconf 87' lang='lat' dir='ltr'><strong>nullum</strong></span> <span class='ocrx_word' id='word_1_89' title='bbox 1505 3161 1815 3232; x_wconf 87' lang='lat' dir='ltr'><strong>reperimus</strong></span> <span class='ocrx_word' id='word_1_90' title='bbox 1833 3161 1899 3216; x_wconf 86' lang='lat' dir='ltr'><strong>ab</strong></span> <span class='ocrx_word' id='word_1_91' title='bbox 1924 3160 2056 3231; x_wconf 83' lang='lat' dir='ltr'><strong>ipsis</strong></span> 
     </span>
    </p>
   </div>
   <div class='ocr_carea' id='block_1_21' title="bbox 483 3250 2058 3323">
    <p class='ocr_par' dir='ltr' id='par_1_21' title="bbox 483 3250 2058 3323">
     <span class='ocr_line' id='line_1_21' title="bbox 483 3250 2058 3323; baseline -0.002 -14"><span class='ocrx_word' id='word_1_92' title='bbox 483 3255 787 3312; x_wconf 76' lang='lat' dir='ltr'><strong>Dominicis</strong></span> <span class='ocrx_word' id='word_1_93' title='bbox 849 3255 1030 3312; x_wconf 80' lang='lat' dir='ltr'><strong>verbis</strong></span> <span class='ocrx_word' id='word_1_94' title='bbox 1076 3255 1344 3310; x_wconf 82' lang='lat' dir='ltr'><strong>duntaxat</strong></span> <span class='ocrx_word' id='word_1_95' title='bbox 1393 3253 1726 3310; x_wconf 83' lang='lat' dir='ltr'><strong>sanetillcari</strong></span> <span class='ocrx_word' id='word_1_96' title='bbox 1761 3261 1816 3308; x_wconf 91' lang='lat' dir='ltr'><strong>ct</strong></span> <span class='ocrx_word' id='word_1_97' title='bbox 1871 3250 2058 3323; x_wconf 82' lang='lat' dir='ltr'><strong>perﬁci</strong></span> 
     </span>
    </p>
   </div>
   <div class='ocr_carea' id='block_1_22' title="bbox 481 3344 2056 3416">
    <p class='ocr_par' dir='ltr' id='par_1_22' title="bbox 481 3344 2056 3416">
     <span class='ocr_line' id='line_1_22' title="bbox 481 3344 2056 3416; baseline -0.002 -15"><span class='ocrx_word' id='word_1_98' title='bbox 481 3345 832 3404; x_wconf 61' lang='lat' dir='ltr'><strong>Eucharistim</strong></span> <span class='ocrx_word' id='word_1_99' title='bbox 854 3349 1155 3414; x_wconf 80' lang='lat' dir='ltr'><strong>donun|,et</strong></span> <span class='ocrx_word' id='word_1_100' title='bbox 1185 3347 1239 3401; x_wconf 91' lang='lat' dir='ltr'><strong>iu</strong></span> <span class='ocrx_word' id='word_1_101' title='bbox 1271 3345 1449 3416; x_wconf 88' lang='lat' dir='ltr'><strong>ipsum</strong></span> <span class='ocrx_word' id='word_1_102' title='bbox 1488 3344 1826 3400; x_wconf 82' lang='lat' dir='ltr'><strong>Dominicum</strong></span> <span class='ocrx_word' id='word_1_103' title='bbox 1857 3356 2056 3413; x_wconf 80' lang='lat' dir='ltr'><strong>corpus</strong></span> 
     </span>
    </p>
   </div>
   <div class='ocr_carea' id='block_1_23' title="bbox 475 3437 2056 3510">
    <p class='ocr_par' dir='ltr' id='par_1_23' title="bbox 475 3437 2056 3510">
     <span class='ocr_line' id='line_1_23' title="bbox 475 3437 2056 3510; baseline -0.001 -16"><span class='ocrx_word' id='word_1_104' title='bbox 475 3451 530 3495; x_wconf 73' lang='lat' dir='ltr'><strong>et</strong></span> <span class='ocrx_word' id='word_1_105' title='bbox 579 3440 901 3510; x_wconf 75' lang='lat' dir='ltr'><strong>sanguinem</strong></span> <span class='ocrx_word' id='word_1_106' title='bbox 992 3439 1371 3503; x_wconf 86' lang='lat' dir='ltr'><strong>transmutari,</strong></span> <span class='ocrx_word' id='word_1_107' title='bbox 1472 3454 1660 3493; x_wconf 84' lang='lat' dir='ltr'><strong>verum</strong></span> <span class='ocrx_word' id='word_1_108' title='bbox 1721 3453 1843 3508; x_wconf 65' lang='lat' dir='ltr'><strong>qua</strong></span> <span class='ocrx_word' id='word_1_109' title='bbox 1902 3437 2056 3508; x_wconf 85' lang='lat' dir='ltr'><strong>prius</strong></span> 
     </span>
    </p>
   </div>
   <div class='ocr_carea' id='block_1_24' title="bbox 477 3528 2060 3599">
    <p class='ocr_par' dir='ltr' id='par_1_24' title="bbox 477 3528 2060 3599">
     <span class='ocr_line' id='line_1_24' title="bbox 477 3528 2060 3599; baseline 0 -17"><span class='ocrx_word' id='word_1_110' title='bbox 477 3532 774 3586; x_wconf 83' lang='lat' dir='ltr'><strong>recitantur</strong></span> <span class='ocrx_word' id='word_1_111' title='bbox 827 3530 991 3586; x_wconf 83' lang='lat' dir='ltr'><strong>verba</strong></span> <span class='ocrx_word' id='word_1_112' title='bbox 1026 3529 1168 3599; x_wconf 86' lang='lat' dir='ltr'><strong>apud</strong></span> <span class='ocrx_word' id='word_1_113' title='bbox 1196 3544 1386 3585; x_wconf 91' lang='lat' dir='ltr'><strong>omnes</strong></span> <span class='ocrx_word' id='word_1_114' title='bbox 1420 3528 1664 3584; x_wconf 75' lang='lat' dir='ltr'><strong>unanimi</strong></span> <span class='ocrx_word' id='word_1_115' title='bbox 1702 3543 1975 3583; x_wconf 90' lang='lat' dir='ltr'><strong>consensu</strong></span> <span class='ocrx_word' id='word_1_116' title='bbox 2005 3536 2060 3582; x_wconf 87' lang='lat' dir='ltr'><strong>et</strong></span> 
     </span>
    </p>
   </div>
   <div class='ocr_carea' id='block_1_25' title="bbox 477 3620 2052 3692">
    <p class='ocr_par' dir='ltr' id='par_1_25' title="bbox 477 3620 2052 3692">
     <span class='ocr_line' id='line_1_25' title="bbox 477 3620 2052 3692; baseline 0.001 -19"><span class='ocrx_word' id='word_1_117' title='bbox 477 3638 577 3678; x_wconf 84' lang='lat' dir='ltr'><strong>nos</strong></span> <span class='ocrx_word' id='word_1_118' title='bbox 611 3621 677 3676; x_wconf 87' lang='lat' dir='ltr'><strong>ad</strong></span> <span class='ocrx_word' id='word_1_119' title='bbox 733 3623 1050 3677; x_wconf 85' lang='lat' dir='ltr'><strong>memoriam</strong></span> <span class='ocrx_word' id='word_1_120' title='bbox 1119 3621 1197 3676; x_wconf 89' lang='lat' dir='ltr'><strong>rei</strong></span> <span class='ocrx_word' id='word_1_121' title='bbox 1225 3631 1336 3675; x_wconf 91' lang='lat' dir='ltr'><strong>tum</strong></span> <span class='ocrx_word' id='word_1_122' title='bbox 1372 3630 1538 3692; x_wconf 66' lang='lat' dir='ltr'><strong>gesta:</strong></span> <span class='ocrx_word' id='word_1_123' title='bbox 1565 3635 1840 3686; x_wconf 82' lang='lat' dir='ltr'><strong>revocare,</strong></span> <span class='ocrx_word' id='word_1_124' title='bbox 1868 3628 1921 3673; x_wconf 89' lang='lat' dir='ltr'><strong>et</strong></span> <span class='ocrx_word' id='word_1_125' title='bbox 1945 3620 2052 3674; x_wconf 82' lang='lat' dir='ltr'><strong>vim</strong></span> 
     </span>
    </p>
   </div>
   <div class='ocr_carea' id='block_1_26' title="bbox 477 3712 2054 3785">
    <p class='ocr_par' dir='ltr' id='par_1_26' title="bbox 477 3712 2054 3785">
     <span class='ocr_line' id='line_1_26' title="bbox 477 3712 2054 3785; baseline -0.002 -15"><span class='ocrx_word' id='word_1_126' title='bbox 477 3714 882 3785; x_wconf 76' lang='lat' dir='ltr'><strong>potentiamque</strong></span> <span class='ocrx_word' id='word_1_127' title='bbox 912 3713 1071 3784; x_wconf 86' lang='lat' dir='ltr'><strong>quasi</strong></span> <span class='ocrx_word' id='word_1_128' title='bbox 1094 3713 1351 3785; x_wconf 88' lang='lat' dir='ltr'><strong>ejaculari</strong></span> <span class='ocrx_word' id='word_1_129' title='bbox 1388 3713 1439 3768; x_wconf 92' lang='lat' dir='ltr'><strong>in</strong></span> <span class='ocrx_word' id='word_1_130' title='bbox 1474 3712 1750 3784; x_wconf 87' lang='lat' dir='ltr'><strong>proposita</strong></span> <span class='ocrx_word' id='word_1_131' title='bbox 1811 3713 1952 3766; x_wconf 87' lang='lat' dir='ltr'><strong>dona</strong></span> <span class='ocrx_word' id='word_1_132' title='bbox 1986 3713 2054 3767; x_wconf 90' lang='lat' dir='ltr'><strong>ad</strong></span> 
     </span>
    </p>
   </div>
   <div class='ocr_carea' id='block_1_27' title="bbox 475 3803 2050 3872">
    <p class='ocr_par' dir='ltr' id='par_1_27' title="bbox 475 3803 2050 3872">
     <span class='ocr_line' id='line_1_27' title="bbox 475 3803 2050 3872; baseline -0.002 -14"><span class='ocrx_word' id='word_1_133' title='bbox 475 3807 1027 3861; x_wconf 84' lang='lat' dir='ltr'><strong>transmutationem:</strong></span> <span class='ocrx_word' id='word_1_134' title='bbox 1063 3821 1183 3872; x_wconf 68' lang='lat' dir='ltr'><strong>qua:</strong></span> <span class='ocrx_word' id='word_1_135' title='bbox 1236 3813 1417 3859; x_wconf 86' lang='lat' dir='ltr'><strong>autem</strong></span> <span class='ocrx_word' id='word_1_136' title='bbox 1455 3803 1808 3871; x_wconf 74' lang='lat' dir='ltr'><strong>consequitur</strong></span> <span class='ocrx_word' id='word_1_137' title='bbox 1843 3810 2050 3870; x_wconf 87' lang='lat' dir='ltr'><strong>postea,</strong></span> 
     </span>
    </p>
   </div>
   <div class='ocr_carea' id='block_1_28' title="bbox 475 3896 2052 3962">
    <p class='ocr_par' dir='ltr' id='par_1_28' title="bbox 475 3896 2052 3962">
     <span class='ocr_line' id='line_1_28' title="bbox 475 3896 2052 3962; baseline -0.001 -12"><span class='ocrx_word' id='word_1_138' title='bbox 475 3898 777 3953; x_wconf 81' lang='lat' dir='ltr'><strong>orationem</strong></span> <span class='ocrx_word' id='word_1_139' title='bbox 799 3906 852 3952; x_wconf 90' lang='lat' dir='ltr'><strong>et</strong></span> <span class='ocrx_word' id='word_1_140' title='bbox 871 3897 1301 3952; x_wconf 83' lang='lat' dir='ltr'><strong>benedictionem</strong></span> <span class='ocrx_word' id='word_1_141' title='bbox 1327 3896 1651 3959; x_wconf 81' lang='lat' dir='ltr'><strong>sacerdotis,</strong></span> <span class='ocrx_word' id='word_1_142' title='bbox 1669 3896 1844 3962; x_wconf 77' lang='lat' dir='ltr'><strong>reipsa</strong></span> <span class='ocrx_word' id='word_1_143' title='bbox 1875 3903 2052 3948; x_wconf 85' lang='lat' dir='ltr'><strong>trans-</strong></span> 
     </span>
    </p>
   </div>
   <div class='ocr_carea' id='block_1_29' title="bbox 479 3987 2055 4059">
    <p class='ocr_par' dir='ltr' id='par_1_29' title="bbox 479 3987 2055 4059">
     <span class='ocr_line' id='line_1_29' title="bbox 479 3987 2055 4059; baseline -0.001 -16"><span class='ocrx_word' id='word_1_144' title='bbox 479 4001 688 4045; x_wconf 83' lang='lat' dir='ltr'><strong>mutarc</strong></span> <span class='ocrx_word' id='word_1_145' title='bbox 713 3990 824 4059; x_wconf 83' lang='lat' dir='ltr'><strong>jam</strong></span> <span class='ocrx_word' id='word_1_146' title='bbox 856 3989 996 4045; x_wconf 88' lang='lat' dir='ltr'><strong>dona</strong></span> <span class='ocrx_word' id='word_1_147' title='bbox 1043 3991 1095 4044; x_wconf 94' lang='lat' dir='ltr'><strong>in</strong></span> <span class='ocrx_word' id='word_1_148' title='bbox 1119 3991 1293 4058; x_wconf 87' lang='lat' dir='ltr'><strong>ipsum</strong></span> <span class='ocrx_word' id='word_1_149' title='bbox 1343 3997 1662 4058; x_wconf 84' lang='lat' dir='ltr'><strong>prototypon</strong></span> <span class='ocrx_word' id='word_1_150' title='bbox 1696 3987 1826 4040; x_wconf 90' lang='lat' dir='ltr'><strong>illud</strong></span> <span class='ocrx_word' id='word_1_151' title='bbox 1857 4001 2055 4055; x_wconf 85' lang='lat' dir='ltr'><strong>corpus</strong></span> 
     </span>
    </p>
   </div>
   <div class='ocr_carea' id='block_1_30' title="bbox 474 4079 2058 4150">
    <p class='ocr_par' dir='ltr' id='par_1_30' title="bbox 474 4079 2058 4150">
     <span class='ocr_line' id='line_1_30' title="bbox 474 4079 2058 4150; baseline -0.001 -16"><span class='ocrx_word' id='word_1_152' title='bbox 474 4093 527 4135; x_wconf 83' lang='lat' dir='ltr'><strong>et</strong></span> <span class='ocrx_word' id='word_1_153' title='bbox 559 4081 877 4150; x_wconf 79' lang='lat' dir='ltr'><strong>sanguinem</strong></span> <span class='ocrx_word' id='word_1_154' title='bbox 915 4080 1276 4136; x_wconf 88' lang='lat' dir='ltr'><strong>Dominicum.</strong></span> <span class='ocrx_word' id='word_1_155' title='bbox 1325 4079 1449 4132; x_wconf 42' lang='lat' dir='ltr'><strong>Huic</strong></span> <span class='ocrx_word' id='word_1_156' title='bbox 1511 4093 1637 4132; x_wconf 87' lang='lat' dir='ltr'><strong>vero</strong></span> <span class='ocrx_word' id='word_1_157' title='bbox 1670 4079 1784 4147; x_wconf 92' lang='lat' dir='ltr'><strong>ipsa</strong></span> <span class='ocrx_word' id='word_1_158' title='bbox 1842 4093 2058 4146; x_wconf 83' lang='lat' dir='ltr'><strong>quoque</strong></span> 
     </span>
    </p>
   </div>
   <div class='ocr_carea' id='block_1_31' title="bbox 474 4168 2060 4237">
    <p class='ocr_par' dir='ltr' id='par_1_31' title="bbox 474 4168 2060 4237">
     <span class='ocr_line' id='line_1_31' title="bbox 474 4168 2060 4237; baseline -0.004 -11"><span class='ocrx_word' id='word_1_159' title='bbox 474 4175 766 4228; x_wconf 82' lang='lat' dir='ltr'><strong>verborum</strong></span> <span class='ocrx_word' id='word_1_160' title='bbox 805 4170 974 4226; x_wconf 88' lang='lat' dir='ltr'><strong>series</strong></span> <span class='ocrx_word' id='word_1_161' title='bbox 1001 4169 1345 4230; x_wconf 79' lang='lat' dir='ltr'><strong>testiﬁcatur,</strong></span> <span class='ocrx_word' id='word_1_162' title='bbox 1400 4182 1520 4237; x_wconf 69' lang='lat' dir='ltr'><strong>quae</strong></span> <span class='ocrx_word' id='word_1_163' title='bbox 1567 4168 1947 4221; x_wconf 68' lang='lat' dir='ltr'><strong>convvnientia</strong></span> <span class='ocrx_word' id='word_1_164' title='bbox 2003 4174 2060 4220; x_wconf 87' lang='lat' dir='ltr'><strong>et</strong></span> 
     </span>
    </p>
   </div>
   <div class='ocr_carea' id='block_1_32' title="bbox 329 4255 2060 4331">
    <p class='ocr_par' dir='ltr' id='par_1_32' title="bbox 329 4255 2060 4331">
     <span class='ocr_line' id='line_1_32' title="bbox 329 4255 2060 4331; baseline -0.005 -10"><span class='ocrx_word' id='word_1_165' title='bbox 329 4255 332 4259; x_wconf 3' lang='grc' dir='ltr'><strong>δ</strong></span> <span class='ocrx_word' id='word_1_166' title='bbox 399 4309 404 4330; x_wconf 60' lang='grc'><strong>,</strong></span> <span class='ocrx_word' id='word_1_167' title='bbox 475 4262 770 4321; x_wconf 81' lang='lat' dir='ltr'><strong>concordia</strong></span> <span class='ocrx_word' id='word_1_168' title='bbox 796 4262 938 4331; x_wconf 89' lang='lat' dir='ltr'><strong>apud</strong></span> <span class='ocrx_word' id='word_1_169' title='bbox 999 4275 1098 4314; x_wconf 90' lang='lat' dir='ltr'><strong>nos</strong></span> <span class='ocrx_word' id='word_1_170' title='bbox 1162 4261 1740 4329; x_wconf 80' lang='lat' dir='ltr'><strong>reperiunturzatque</strong></span> <span class='ocrx_word' id='word_1_171' title='bbox 1787 4267 1896 4312; x_wconf 91' lang='lat' dir='ltr'><strong>tota</strong></span> <span class='ocrx_word' id='word_1_172' title='bbox 1945 4257 2060 4313; x_wconf 83' lang='lat' dir='ltr'><strong>haec</strong></span> 
     </span>
    </p>
   </div>
   <div class='ocr_carea' id='block_1_33' title="bbox 2249 2977 3755 3049">
    <p class='ocr_par' dir='ltr' id='par_1_33' title="bbox 2249 2977 3755 3049">
     <span class='ocr_line' id='line_1_33' title="bbox 2249 2977 3755 3049; baseline 0.006 -17"><span class='ocrx_word' id='word_1_173' title='bbox 2249 2979 2442 3049; x_wconf 85' lang='grc' dir='ltr'>Ἡμεῖς</span> <span class='ocrx_word' id='word_1_174' title='bbox 2487 2979 2552 3032; x_wconf 80' lang='grc' dir='ltr'><strong>ὲκ</strong></span> <span class='ocrx_word' id='word_1_175' title='bbox 2593 2979 2701 3032; x_wconf 81' lang='grc' dir='ltr'>τῶν</span> <span class='ocrx_word' id='word_1_176' title='bbox 2742 2977 2906 3048; x_wconf 75' lang='grc' dir='ltr'>ἱερῶν</span> <span class='ocrx_word' id='word_1_177' title='bbox 2938 2978 3252 3035; x_wconf 80' lang='grc' dir='ltr'><strong>ἀποστόλων</strong></span> <span class='ocrx_word' id='word_1_178' title='bbox 3293 2981 3387 3036; x_wconf 74' lang='grc' dir='ltr'><strong>καὶ</strong></span> <span class='ocrx_word' id='word_1_179' title='bbox 3430 2983 3541 3037; x_wconf 86' lang='grc' dir='ltr'><strong>τῶν</strong></span> <span class='ocrx_word' id='word_1_180' title='bbox 3567 2983 3755 3040; x_wconf 76' lang='grc' dir='ltr'>διαδεο</span> 
     </span>
    </p>
   </div>
   <div class='ocr_carea' id='block_1_34' title="bbox 2171 3070 3752 3152">
    <p class='ocr_par' dir='ltr' id='par_1_34' title="bbox 2171 3070 3752 3152">
     <span class='ocr_line' id='line_1_34' title="bbox 2171 3070 3752 3152; baseline 0.005 -27"><span class='ocrx_word' id='word_1_181' title='bbox 2171 3070 2422 3139; x_wconf 78' lang='grc' dir='ltr'><strong>ξαμένων</strong></span> <span class='ocrx_word' id='word_1_182' title='bbox 2470 3071 2668 3134; x_wconf 76' lang='grc' dir='ltr'>αὐτοὺς</span> <span class='ocrx_word' id='word_1_183' title='bbox 2715 3071 3058 3126; x_wconf 77' lang='grc' dir='ltr'><strong>διδασκάλων</strong></span> <span class='ocrx_word' id='word_1_184' title='bbox 3107 3074 3206 3143; x_wconf 88' lang='grc' dir='ltr'><strong>τῆς</strong></span> <span class='ocrx_word' id='word_1_185' title='bbox 3243 3073 3593 3148; x_wconf 80' lang='grc' dir='ltr'><strong>Ἐκκλησῖας,</strong></span> <span class='ocrx_word' id='word_1_186' title='bbox 3647 3080 3752 3152; x_wconf 76' lang='grc' dir='ltr'><strong>τὴν</strong></span> 
     </span>
    </p>
   </div>
   <div class='ocr_carea' id='block_1_35' title="bbox 2166 3162 3748 3240">
    <p class='ocr_par' dir='ltr' id='par_1_35' title="bbox 2166 3162 3748 3240">
     <span class='ocr_line' id='line_1_35' title="bbox 2166 3162 3748 3240; baseline 0 -22"><span class='ocrx_word' id='word_1_187' title='bbox 2166 3164 2269 3233; x_wconf 77' lang='grc' dir='ltr'><strong>τῆς</strong></span> <span class='ocrx_word' id='word_1_188' title='bbox 2333 3163 2604 3234; x_wconf 84' lang='grc' dir='ltr'><strong>μυστικῆς</strong></span> <span class='ocrx_word' id='word_1_189' title='bbox 2667 3163 3010 3234; x_wconf 77' lang='grc' dir='ltr'>λειτουργίας</span> <span class='ocrx_word' id='word_1_190' title='bbox 3067 3162 3284 3219; x_wconf 70' lang='grc' dir='ltr'>ἔκθεσιν</span> <span class='ocrx_word' id='word_1_191' title='bbox 3323 3168 3748 3240; x_wconf 75' lang='grc' dir='ltr'><strong>παρειληφότες,</strong></span> 
     </span>
    </p>
   </div>
   <div class='ocr_carea' id='block_1_36' title="bbox 2170 3252 3755 3325">
    <p class='ocr_par' dir='ltr' id='par_1_36' title="bbox 2170 3252 3755 3325">
     <span class='ocr_line' id='line_1_36' title="bbox 2170 3252 3755 3325; baseline 0.004 -19"><span class='ocrx_word' id='word_1_192' title='bbox 2170 3253 2303 3323; x_wconf 86' lang='grc' dir='ltr'>παρ’</span> <span class='ocrx_word' id='word_1_193' title='bbox 2333 3253 2510 3307; x_wconf 78' lang='grc' dir='ltr'>οὐδενὶ</span> <span class='ocrx_word' id='word_1_194' title='bbox 2541 3252 2745 3308; x_wconf 87' lang='grc' dir='ltr'>τούτων</span> <span class='ocrx_word' id='word_1_195' title='bbox 2776 3253 3012 3325; x_wconf 76' lang='grc' dir='ltr'>εὕρομεν</span> <span class='ocrx_word' id='word_1_196' title='bbox 3043 3253 3135 3308; x_wconf 80' lang='grc' dir='ltr'>ὑπ’</span> <span class='ocrx_word' id='word_1_197' title='bbox 3165 3255 3344 3309; x_wconf 86' lang='grc' dir='ltr'>αὐτῶν</span> <span class='ocrx_word' id='word_1_198' title='bbox 3367 3255 3476 3309; x_wconf 86' lang='grc' dir='ltr'>τῶν</span> <span class='ocrx_word' id='word_1_199' title='bbox 3501 3258 3755 3312; x_wconf 82' lang='grc' dir='ltr'>δεσποτι-</span> 
     </span>
    </p>
   </div>
   <div class='ocr_carea' id='block_1_37' title="bbox 2168 3344 3752 3416">
    <p class='ocr_par' dir='ltr' id='par_1_37' title="bbox 2168 3344 3752 3416">
     <span class='ocr_line' id='line_1_37' title="bbox 2168 3344 3752 3416; baseline 0.001 -17"><span class='ocrx_word' id='word_1_200' title='bbox 2168 3345 2282 3399; x_wconf 85' lang='grc' dir='ltr'><strong>κῶν</strong></span> <span class='ocrx_word' id='word_1_201' title='bbox 2310 3344 2579 3416; x_wconf 70' lang='grc' dir='ltr'>ῥημάτων</span> <span class='ocrx_word' id='word_1_202' title='bbox 2612 3346 2706 3398; x_wconf 76' lang='grc' dir='ltr'><strong>καὶ</strong></span> <span class='ocrx_word' id='word_1_203' title='bbox 2746 3344 2910 3415; x_wconf 85' lang='grc' dir='ltr'>μόνον</span> <span class='ocrx_word' id='word_1_204' title='bbox 2937 3344 3260 3414; x_wconf 78' lang='grc' dir='ltr'>ἀγιάζεσθαι</span> <span class='ocrx_word' id='word_1_205' title='bbox 3291 3347 3385 3399; x_wconf 76' lang='grc' dir='ltr'><strong>καὶ</strong></span> <span class='ocrx_word' id='word_1_206' title='bbox 3410 3345 3752 3402; x_wconf 67' lang='grc' dir='ltr'><strong>τελειοῦσθαι</strong></span> 
     </span>
    </p>
   </div>
   <div class='ocr_carea' id='block_1_38' title="bbox 2166 3421 3752 3508">
    <p class='ocr_par' dir='ltr' id='par_1_38' title="bbox 2166 3421 3752 3508">
     <span class='ocr_line' id='line_1_38' title="bbox 2166 3421 3752 3508; baseline 0.001 -17"><span class='ocrx_word' id='word_1_207' title='bbox 2166 3436 2228 3491; x_wconf 76' lang='grc' dir='ltr'><strong>τὸ</strong></span> <span class='ocrx_word' id='word_1_208' title='bbox 2263 3437 2356 3506; x_wconf 83' lang='grc' dir='ltr'><strong>τῆς</strong></span> <span class='ocrx_word' id='word_1_209' title='bbox 2389 3436 2740 3508; x_wconf 74' lang='grc' dir='ltr'><strong>εὐχαριστίας</strong></span> <span class='ocrx_word' id='word_1_210' title='bbox 2771 3435 2966 3506; x_wconf 83' lang='grc' dir='ltr'>δῶρον,</span> <span class='ocrx_word' id='word_1_211' title='bbox 2995 3421 3102 3489; x_wconf 58' lang='grc' dir='ltr'><strong>καῖ</strong></span> <span class='ocrx_word' id='word_1_212' title='bbox 3126 3437 3260 3507; x_wconf 79' lang='grc' dir='ltr'>πρὸς</span> <span class='ocrx_word' id='word_1_213' title='bbox 3302 3438 3435 3491; x_wconf 75' lang='grc' dir='ltr'>αὐτὸ</span> <span class='ocrx_word' id='word_1_214' title='bbox 3460 3439 3520 3492; x_wconf 71' lang='grc' dir='ltr'><strong>τὸ</strong></span> <span class='ocrx_word' id='word_1_215' title='bbox 3549 3442 3752 3492; x_wconf 80' lang='grc' dir='ltr'>Δεσπο-</span> 
     </span>
    </p>
   </div>
   <div class='ocr_carea' id='block_1_39' title="bbox 2165 3523 3752 3601">
    <p class='ocr_par' dir='ltr' id='par_1_39' title="bbox 2165 3523 3752 3601">
     <span class='ocr_line' id='line_1_39' title="bbox 2165 3523 3752 3601; baseline 0 -18"><span class='ocrx_word' id='word_1_216' title='bbox 2165 3528 2317 3594; x_wconf 71' lang='grc' dir='ltr'>τικδν</span> <span class='ocrx_word' id='word_1_217' title='bbox 2345 3529 2505 3598; x_wconf 84' lang='grc' dir='ltr'>σῶμα</span> <span class='ocrx_word' id='word_1_218' title='bbox 2539 3528 2633 3582; x_wconf 80' lang='grc' dir='ltr'><strong>καὶ</strong></span> <span class='ocrx_word' id='word_1_219' title='bbox 2661 3523 2800 3598; x_wconf 76' lang='grc' dir='ltr'><strong>αἷμα</strong></span> <span class='ocrx_word' id='word_1_220' title='bbox 2845 3528 3262 3598; x_wconf 82' lang='grc' dir='ltr'>μεταποιεῖσθαι</span> <span class='ocrx_word' id='word_1_221' title='bbox 3287 3545 3301 3560; x_wconf 77' lang='grc' dir='ltr'><strong>ο</strong></span> <span class='ocrx_word' id='word_1_222' title='bbox 3325 3529 3462 3584; x_wconf 78' lang='grc' dir='ltr'>ἀλλὰ</span> <span class='ocrx_word' id='word_1_223' title='bbox 3491 3530 3752 3601; x_wconf 81' lang='grc' dir='ltr'>προλεγό-</span> 
     </span>
    </p>
   </div>
   <div class='ocr_carea' id='block_1_40' title="bbox 2171 3619 3751 3693">
    <p class='ocr_par' dir='ltr' id='par_1_40' title="bbox 2171 3619 3751 3693">
     <span class='ocr_line' id='line_1_40' title="bbox 2171 3619 3751 3693; baseline 0.002 -19"><span class='ocrx_word' id='word_1_224' title='bbox 2171 3639 2308 3692; x_wconf 88' lang='grc' dir='ltr'>μενα</span> <span class='ocrx_word' id='word_1_225' title='bbox 2343 3619 2444 3689; x_wconf 79' lang='grc' dir='ltr'>μὲν</span> <span class='ocrx_word' id='word_1_226' title='bbox 2474 3619 2892 3691; x_wconf 84' lang='grc' dir='ltr'><strong>διηγηματικῶς</strong></span> <span class='ocrx_word' id='word_1_227' title='bbox 2933 3620 3000 3673; x_wconf 76' lang='grc' dir='ltr'><strong>τὰ</strong></span> <span class='ocrx_word' id='word_1_228' title='bbox 3028 3621 3249 3691; x_wconf 66' lang='grc' dir='ltr'>ῥήματα</span> <span class='ocrx_word' id='word_1_229' title='bbox 3276 3622 3423 3693; x_wconf 87' lang='grc' dir='ltr'><strong>παρᾶ</strong></span> <span class='ocrx_word' id='word_1_230' title='bbox 3451 3624 3584 3676; x_wconf 80' lang='grc' dir='ltr'>πᾶσι</span> <span class='ocrx_word' id='word_1_231' title='bbox 3614 3640 3751 3693; x_wconf 84' lang='grc' dir='ltr'>συμ-</span> 
     </span>
    </p>
   </div>
   <div class='ocr_carea' id='block_1_41' title="bbox 2166 3711 3752 3786">
    <p class='ocr_par' dir='ltr' id='par_1_41' title="bbox 2166 3711 3752 3786">
     <span class='ocr_line' id='line_1_41' title="bbox 2166 3711 3752 3786; baseline 0.004 -22"><span class='ocrx_word' id='word_1_232' title='bbox 2166 3713 2358 3784; x_wconf 81' lang='grc' dir='ltr'><strong>φώνως</strong></span> <span class='ocrx_word' id='word_1_233' title='bbox 2389 3713 2538 3782; x_wconf 80' lang='grc' dir='ltr'>ἡμᾶς</span> <span class='ocrx_word' id='word_1_234' title='bbox 2592 3729 2650 3766; x_wconf 89' lang='grc' dir='ltr'><strong>τε</strong></span> <span class='ocrx_word' id='word_1_235' title='bbox 2705 3711 3083 3783; x_wconf 81' lang='grc' dir='ltr'><strong>ἀναφέροντας</strong></span> <span class='ocrx_word' id='word_1_236' title='bbox 3118 3715 3185 3768; x_wconf 79' lang='grc' dir='ltr'><strong>τὰ</strong></span> <span class='ocrx_word' id='word_1_237' title='bbox 3230 3714 3367 3785; x_wconf 73' lang='grc' dir='ltr'>πρὸς</span> <span class='ocrx_word' id='word_1_238' title='bbox 3399 3714 3497 3785; x_wconf 77' lang='grc' dir='ltr'>τὴν</span> <span class='ocrx_word' id='word_1_239' title='bbox 3529 3717 3752 3786; x_wconf 81' lang='grc' dir='ltr'><strong>μνήμην</strong></span> 
     </span>
    </p>
   </div>
   <div class='ocr_carea' id='block_1_42' title="bbox 2179 3801 3751 3874">
    <p class='ocr_par' dir='ltr' id='par_1_42' title="bbox 2179 3801 3751 3874">
     <span class='ocr_line' id='line_1_42' title="bbox 2179 3801 3751 3874; baseline 0.003 -18"><span class='ocrx_word' id='word_1_240' title='bbox 2179 3803 2276 3856; x_wconf 84' lang='grc' dir='ltr'>τοῦ</span> <span class='ocrx_word' id='word_1_241' title='bbox 2314 3802 2435 3856; x_wconf 77' lang='grc' dir='ltr'>τότε</span> <span class='ocrx_word' id='word_1_242' title='bbox 2499 3801 2838 3873; x_wconf 80' lang='grc' dir='ltr'><strong>πραχθέντος</strong></span> <span class='ocrx_word' id='word_1_243' title='bbox 2891 3803 2985 3857; x_wconf 80' lang='grc' dir='ltr'><strong>καὶ</strong></span> <span class='ocrx_word' id='word_1_244' title='bbox 3038 3802 3267 3872; x_wconf 80' lang='grc' dir='ltr'>δύναμιν</span> <span class='ocrx_word' id='word_1_245' title='bbox 3315 3802 3504 3874; x_wconf 81' lang='grc' dir='ltr'>ὥσπερ</span> <span class='ocrx_word' id='word_1_246' title='bbox 3536 3805 3751 3860; x_wconf 73' lang='grc' dir='ltr'><strong>ὲνιέντα</strong></span> 
     </span>
    </p>
   </div>
   <div class='ocr_carea' id='block_1_43' title="bbox 2171 3895 3750 3968">
    <p class='ocr_par' dir='ltr' id='par_1_43' title="bbox 2171 3895 3750 3968">
     <span class='ocr_line' id='line_1_43' title="bbox 2171 3895 3750 3968; baseline 0.001 -19"><span class='ocrx_word' id='word_1_247' title='bbox 2171 3898 2282 3960; x_wconf 86' lang='grc' dir='ltr'><strong>τοῖς</strong></span> <span class='ocrx_word' id='word_1_248' title='bbox 2317 3896 2706 3967; x_wconf 80' lang='grc' dir='ltr'><strong>προκειμένοις</strong></span> <span class='ocrx_word' id='word_1_249' title='bbox 2735 3898 2814 3957; x_wconf 77' lang='grc' dir='ltr'><strong>εἰς</strong></span> <span class='ocrx_word' id='word_1_250' title='bbox 2848 3895 2948 3965; x_wconf 82' lang='grc' dir='ltr'><strong>τὴν</strong></span> <span class='ocrx_word' id='word_1_251' title='bbox 2987 3896 3288 3968; x_wconf 79' lang='grc' dir='ltr'>μεταϐολήν</span> <span class='ocrx_word' id='word_1_252' title='bbox 3315 3914 3328 3928; x_wconf 93' lang='grc'><strong>·</strong></span> <span class='ocrx_word' id='word_1_253' title='bbox 3363 3897 3750 3967; x_wconf 82' lang='grc' dir='ltr'><strong>ὲπιγινομένην</strong></span> 
     </span>
    </p>
   </div>
   <div class='ocr_carea' id='block_1_44' title="bbox 2171 3986 3749 4058">
    <p class='ocr_par' dir='ltr' id='par_1_44' title="bbox 2171 3986 3749 4058">
     <span class='ocr_line' id='line_1_44' title="bbox 2171 3986 3749 4058; baseline -0.002 -17"><span class='ocrx_word' id='word_1_254' title='bbox 2171 3988 2228 4041; x_wconf 83' lang='grc' dir='ltr'>δὲ</span> <span class='ocrx_word' id='word_1_255' title='bbox 2264 3987 2405 4058; x_wconf 82' lang='grc' dir='ltr'>μετὰ</span> <span class='ocrx_word' id='word_1_256' title='bbox 2439 3986 2614 4040; x_wconf 81' lang='grc' dir='ltr'>ταῦτα</span> <span class='ocrx_word' id='word_1_257' title='bbox 2656 3987 2757 4058; x_wconf 80' lang='grc' dir='ltr'><strong>τὴν</strong></span> <span class='ocrx_word' id='word_1_258' title='bbox 2803 3986 2967 4056; x_wconf 80' lang='grc' dir='ltr'>εὐχήν</span> <span class='ocrx_word' id='word_1_259' title='bbox 3004 4004 3062 4038; x_wconf 85' lang='grc' dir='ltr'>τε</span> <span class='ocrx_word' id='word_1_260' title='bbox 3114 3986 3210 4040; x_wconf 89' lang='grc' dir='ltr'><strong>καὶ</strong></span> <span class='ocrx_word' id='word_1_261' title='bbox 3255 3988 3506 4056; x_wconf 82' lang='grc' dir='ltr'><strong>εὐλογίαν</strong></span> <span class='ocrx_word' id='word_1_262' title='bbox 3548 3988 3641 4039; x_wconf 83' lang='grc' dir='ltr'><strong>τοῦ</strong></span> <span class='ocrx_word' id='word_1_263' title='bbox 3671 3987 3749 4039; x_wconf 73' lang='grc' dir='ltr'>ιε-</span> 
     </span>
    </p>
   </div>
   <div class='ocr_carea' id='block_1_45' title="bbox 2173 4077 3748 4151">
    <p class='ocr_par' dir='ltr' id='par_1_45' title="bbox 2173 4077 3748 4151">
     <span class='ocr_line' id='line_1_45' title="bbox 2173 4077 3748 4151; baseline -0.001 -18"><span class='ocrx_word' id='word_1_264' title='bbox 2173 4081 2332 4151; x_wconf 85' lang='grc' dir='ltr'>ρέως,</span> <span class='ocrx_word' id='word_1_265' title='bbox 2354 4077 2602 4150; x_wconf 75' lang='grc' dir='ltr'>ἐνεργείᾳ</span> <span class='ocrx_word' id='word_1_266' title='bbox 2645 4080 2958 4148; x_wconf 84' lang='grc' dir='ltr'>μεταποιεῖν</span> <span class='ocrx_word' id='word_1_267' title='bbox 3000 4079 3100 4150; x_wconf 72' lang='grc' dir='ltr'><strong>ἤδη</strong></span> <span class='ocrx_word' id='word_1_268' title='bbox 3149 4077 3216 4132; x_wconf 81' lang='grc' dir='ltr'><strong>τὰ</strong></span> <span class='ocrx_word' id='word_1_269' title='bbox 3247 4079 3396 4147; x_wconf 85' lang='grc' dir='ltr'>δῶρα</span> <span class='ocrx_word' id='word_1_270' title='bbox 3445 4079 3585 4149; x_wconf 74' lang='grc' dir='ltr'>πρὸς</span> <span class='ocrx_word' id='word_1_271' title='bbox 3616 4078 3748 4132; x_wconf 74' lang='grc' dir='ltr'><strong>αὐτὸ</strong></span> 
     </span>
    </p>
   </div>
   <div class='ocr_carea' id='block_1_46' title="bbox 2171 4164 3747 4242">
    <p class='ocr_par' dir='ltr' id='par_1_46' title="bbox 2171 4164 3747 4242">
     <span class='ocr_line' id='line_1_46' title="bbox 2171 4164 3747 4242; baseline -0.001 -18"><span class='ocrx_word' id='word_1_272' title='bbox 2171 4171 2530 4242; x_wconf 82' lang='grc' dir='ltr'>πρωτότυπον</span> <span class='ocrx_word' id='word_1_273' title='bbox 2584 4171 2764 4223; x_wconf 77' lang='grc' dir='ltr'>ἐκεῖνο</span> <span class='ocrx_word' id='word_1_274' title='bbox 2819 4170 2978 4239; x_wconf 83' lang='grc' dir='ltr'>σῶμα</span> <span class='ocrx_word' id='word_1_275' title='bbox 3006 4171 3098 4223; x_wconf 72' lang='grc' dir='ltr'><strong>καὶ</strong></span> <span class='ocrx_word' id='word_1_276' title='bbox 3128 4164 3270 4242; x_wconf 74' lang='grc' dir='ltr'><strong>αἷμα</strong></span> <span class='ocrx_word' id='word_1_277' title='bbox 3300 4172 3361 4224; x_wconf 84' lang='grc' dir='ltr'><strong>τὸ</strong></span> <span class='ocrx_word' id='word_1_278' title='bbox 3392 4171 3747 4224; x_wconf 83' lang='grc' dir='ltr'>Δεσποτικόν.</span> 
     </span>
    </p>
   </div>
   <div class='ocr_carea' id='block_1_47' title="bbox 2173 4262 3748 4334">
    <p class='ocr_par' dir='ltr' id='par_1_47' title="bbox 2173 4262 3748 4334">
     <span class='ocr_line' id='line_1_47' title="bbox 2173 4262 3748 4334; baseline -0.001 -18"><span class='ocrx_word' id='word_1_279' title='bbox 2173 4262 2361 4316; x_wconf 81' lang='grc' dir='ltr'>Ταῦτα</span> <span class='ocrx_word' id='word_1_280' title='bbox 2402 4263 2459 4316; x_wconf 82' lang='grc' dir='ltr'>δὲ</span> <span class='ocrx_word' id='word_1_281' title='bbox 2491 4262 2587 4316; x_wconf 72' lang='grc' dir='ltr'><strong>καὶ</strong></span> <span class='ocrx_word' id='word_1_282' title='bbox 2633 4264 2689 4315; x_wconf 77' lang='grc' dir='ltr'>αἱ</span> <span class='ocrx_word' id='word_1_283' title='bbox 2725 4262 2970 4326; x_wconf 77' lang='grc' dir='ltr'><strong>ἐκθέσεις</strong></span> <span class='ocrx_word' id='word_1_284' title='bbox 3015 4262 3176 4316; x_wconf 79' lang='grc' dir='ltr'>αὐταὶ</span> <span class='ocrx_word' id='word_1_285' title='bbox 3213 4263 3574 4334; x_wconf 74' lang='grc' dir='ltr'>μαρτυροῦσι,</span> <span class='ocrx_word' id='word_1_286' title='bbox 3609 4262 3748 4332; x_wconf 85' lang='grc' dir='ltr'>σύμ-</span> 
     </span>
    </p>
   </div>
   <div class='ocr_carea' id='block_1_48' title="bbox 476 4347 2123 4426">
    <p class='ocr_par' dir='ltr' id='par_1_48' title="bbox 476 4347 2123 4421">
     <span class='ocr_line' id='line_1_48' title="bbox 476 4347 2123 4421; baseline -0.005 -8"><span class='ocrx_word' id='word_1_287' title='bbox 476 4358 653 4413; x_wconf 91' lang='lat' dir='ltr'><strong>oratio</strong></span> <span class='ocrx_word' id='word_1_288' title='bbox 679 4356 731 4412; x_wconf 82' lang='lat' dir='ltr'><strong>in</strong></span> <span class='ocrx_word' id='word_1_289' title='bbox 773 4355 840 4410; x_wconf 86' lang='lat' dir='ltr'><strong>iis</strong></span> <span class='ocrx_word' id='word_1_290' title='bbox 871 4353 1157 4410; x_wconf 88' lang='lat' dir='ltr'><strong>consistet.</strong></span> <span class='ocrx_word' id='word_1_291' title='bbox 1219 4351 1353 4405; x_wconf 86' lang='lat' dir='ltr'><strong>Nam</strong></span> <span class='ocrx_word' id='word_1_292' title='bbox 1411 4353 1463 4406; x_wconf 93' lang='lat' dir='ltr'><strong>in</strong></span> <span class='ocrx_word' id='word_1_293' title='bbox 1506 4353 1722 4421; x_wconf 83' lang='lat' dir='ltr'><strong>liturgia</strong></span> <span class='ocrx_word' id='word_1_294' title='bbox 1776 4365 2058 4406; x_wconf 82' lang='lat' dir='ltr'><strong>sacrorum</strong></span> <span class='ocrx_word' id='word_1_295' title='bbox 2093 4347 2123 4404; x_wconf 79' lang='grc' dir='ltr'><strong><em>Ε</em></strong></span> 
     </span>
    </p>
   </div>
   <div class='ocr_carea' id='block_1_49' title="bbox 2166 4347 3748 4426">
    <p class='ocr_par' dir='ltr' id='par_1_49' title="bbox 2166 4351 3748 4426">
     <span class='ocr_line' id='line_1_49' title="bbox 2166 4351 3748 4426; baseline -0.001 -18"><span class='ocrx_word' id='word_1_296' title='bbox 2166 4372 2332 4424; x_wconf 82' lang='grc' dir='ltr'>φωνοι</span> <span class='ocrx_word' id='word_1_297' title='bbox 2365 4353 2498 4421; x_wconf 88' lang='grc' dir='ltr'>παρ’</span> <span class='ocrx_word' id='word_1_298' title='bbox 2527 4356 2659 4426; x_wconf 77' lang='grc' dir='ltr'><strong>ἡμῖν</strong></span> <span class='ocrx_word' id='word_1_299' title='bbox 2685 4354 3100 4424; x_wconf 80' lang='grc' dir='ltr'>εὑρισκόμεναι,</span> <span class='ocrx_word' id='word_1_300' title='bbox 3130 4351 3224 4407; x_wconf 75' lang='grc' dir='ltr'><strong>καὶ</strong></span> <span class='ocrx_word' id='word_1_301' title='bbox 3255 4356 3281 4407; x_wconf 87' lang='grc' dir='ltr'>ὁ</span> <span class='ocrx_word' id='word_1_302' title='bbox 3311 4354 3465 4421; x_wconf 85' lang='grc' dir='ltr'><strong>λόγος</strong></span> <span class='ocrx_word' id='word_1_303' title='bbox 3493 4355 3584 4405; x_wconf 75' lang='grc' dir='ltr'><strong>ἐπὶ</strong></span> <span class='ocrx_word' id='word_1_304' title='bbox 3611 4353 3748 4406; x_wconf 76' lang='grc' dir='ltr'><strong>ταὺ-</strong></span> 
     </span>
    </p>
   </div>
   <div class='ocr_carea' id='block_1_50' title="bbox 475 4445 2062 4516">
    <p class='ocr_par' dir='ltr' id='par_1_50' title="bbox 475 4445 2062 4516">
     <span class='ocr_line' id='line_1_50' title="bbox 475 4445 2062 4516; baseline -0.004 -14"><span class='ocrx_word' id='word_1_305' title='bbox 475 4449 849 4516; x_wconf 61' lang='lat' dir='ltr'><strong>apostolorum</strong></span> <span class='ocrx_word' id='word_1_306' title='bbox 894 4460 923 4500; x_wconf 89' lang='lat' dir='ltr'><strong>a</strong></span> <span class='ocrx_word' id='word_1_307' title='bbox 967 4445 1244 4499; x_wconf 89' lang='lat' dir='ltr'><strong>Clemente</strong></span> <span class='ocrx_word' id='word_1_308' title='bbox 1291 4445 1622 4512; x_wconf 80' lang='lat' dir='ltr'><strong>conscripta,</strong></span> <span class='ocrx_word' id='word_1_309' title='bbox 1687 4453 1809 4511; x_wconf 87' lang='lat' dir='ltr'><strong>post</strong></span> <span class='ocrx_word' id='word_1_310' title='bbox 1836 4457 2062 4496; x_wconf 81' lang='lat' dir='ltr'><strong>enarra-</strong></span> 
     </span>
    </p>
   </div>
   <div class='ocr_carea' id='block_1_51' title="bbox 476 4536 2059 4601">
    <p class='ocr_par' dir='ltr' id='par_1_51' title="bbox 476 4536 2059 4601">
     <span class='ocr_line' id='line_1_51' title="bbox 476 4536 2059 4601; baseline -0.004 -7"><span class='ocrx_word' id='word_1_311' title='bbox 476 4543 680 4596; x_wconf 86' lang='lat' dir='ltr'><strong>tionem</strong></span> <span class='ocrx_word' id='word_1_312' title='bbox 759 4537 1170 4592; x_wconf 87' lang='lat' dir='ltr'><strong>Dominicorum</strong></span> <span class='ocrx_word' id='word_1_313' title='bbox 1236 4536 1622 4589; x_wconf 88' lang='lat' dir='ltr'><strong>miraculorum</strong></span> <span class='ocrx_word' id='word_1_314' title='bbox 1679 4547 1733 4590; x_wconf 88' lang='lat' dir='ltr'><strong>ct</strong></span> <span class='ocrx_word' id='word_1_315' title='bbox 1792 4545 2059 4601; x_wconf 82' lang='lat' dir='ltr'><strong>actorum,</strong></span> 
     </span>
    </p>
   </div>
   <div class='ocr_carea' id='block_1_52' title="bbox 478 4629 2062 4702">
    <p class='ocr_par' dir='ltr' id='par_1_52' title="bbox 478 4629 2062 4702">
     <span class='ocr_line' id='line_1_52' title="bbox 478 4629 2062 4702; baseline -0.003 -17"><span class='ocrx_word' id='word_1_316' title='bbox 478 4642 738 4702; x_wconf 70' lang='lat' dir='ltr'><strong>prmterca</strong></span> <span class='ocrx_word' id='word_1_317' title='bbox 775 4631 1071 4700; x_wconf 79' lang='lat' dir='ltr'><strong>passionis,</strong></span> <span class='ocrx_word' id='word_1_318' title='bbox 1129 4630 1568 4692; x_wconf 87' lang='lat' dir='ltr'><strong>resurrectionis,</strong></span> <span class='ocrx_word' id='word_1_319' title='bbox 1631 4629 1838 4683; x_wconf 68' lang='lat' dir='ltr'><strong>reditus</strong></span> <span class='ocrx_word' id='word_1_320' title='bbox 1867 4629 1919 4681; x_wconf 86' lang='lat' dir='ltr'><strong>in</strong></span> <span class='ocrx_word' id='word_1_321' title='bbox 1949 4642 2062 4682; x_wconf 72' lang='lat' dir='ltr'><strong>cm-</strong></span> 
     </span>
    </p>
   </div>
   <div class='ocr_carea' id='block_1_53' title="bbox 477 4717 2060 4790">
    <p class='ocr_par' dir='ltr' id='par_1_53' title="bbox 477 4717 2060 4790">
     <span class='ocr_line' id='line_1_53' title="bbox 477 4717 2060 4790; baseline -0.003 -13"><span class='ocrx_word' id='word_1_322' title='bbox 477 4728 585 4777; x_wconf 86' lang='lat' dir='ltr'><strong>lum</strong></span> <span class='ocrx_word' id='word_1_323' title='bbox 623 4763 636 4787; x_wconf 93' lang='lat'><strong><em>,</em></strong></span> <span class='ocrx_word' id='word_1_324' title='bbox 667 4717 737 4776; x_wconf 85' lang='lat' dir='ltr'><strong>ila</strong></span> <span class='ocrx_word' id='word_1_325' title='bbox 774 4721 839 4776; x_wconf 88' lang='lat' dir='ltr'><strong>ad</strong></span> <span class='ocrx_word' id='word_1_326' title='bbox 871 4723 1092 4777; x_wconf 78' lang='lat' dir='ltr'><strong>Verbum</strong></span> <span class='ocrx_word' id='word_1_327' title='bbox 1131 4723 1393 4790; x_wconf 84' lang='lat' dir='ltr'><strong>scriptum</strong></span> <span class='ocrx_word' id='word_1_328' title='bbox 1431 4730 1553 4776; x_wconf 88' lang='lat' dir='ltr'><strong>est:</strong></span> <span class='ocrx_word' id='word_1_329' title='bbox 1608 4738 1627 4771; x_wconf 73' lang='grc' dir='ltr'><strong>ι</strong></span> <span class='ocrx_word' id='word_1_330' title='bbox 1656 4722 1920 4776; x_wconf 72' lang='lat' dir='ltr'><strong>Mcmores</strong></span> <span class='ocrx_word' id='word_1_331' title='bbox 1965 4721 2060 4790; x_wconf 77' lang='lat' dir='ltr'><strong>igi-</strong></span> 
     </span>
    </p>
   </div>
   <div class='ocr_carea' id='block_1_54' title="bbox 475 4815 2060 4897">
    <p class='ocr_par' dir='ltr' id='par_1_54' title="bbox 475 4815 2060 4897">
     <span class='ocr_line' id='line_1_54' title="bbox 475 4815 2060 4897; baseline -0.001 -29"><span class='ocrx_word' id='word_1_332' title='bbox 475 4823 565 4869; x_wconf 87' lang='lat' dir='ltr'><strong>tur</strong></span> <span class='ocrx_word' id='word_1_333' title='bbox 590 4829 777 4897; x_wconf 75' lang='lat' dir='ltr'><strong>eorum</strong></span> <span class='ocrx_word' id='word_1_334' title='bbox 838 4823 961 4883; x_wconf 65' lang='lat' dir='ltr'><strong>quae</strong></span> <span class='ocrx_word' id='word_1_335' title='bbox 1009 4821 1232 4882; x_wconf 87' lang='lat' dir='ltr'><strong>propter</strong></span> <span class='ocrx_word' id='word_1_336' title='bbox 1281 4827 1382 4866; x_wconf 88' lang='lat' dir='ltr'><strong>nos</strong></span> <span class='ocrx_word' id='word_1_337' title='bbox 1439 4826 1632 4881; x_wconf 77' lang='lat' dir='ltr'><strong>passus</strong></span> <span class='ocrx_word' id='word_1_338' title='bbox 1691 4821 1797 4878; x_wconf 70' lang='lat' dir='ltr'><strong>est,</strong></span> <span class='ocrx_word' id='word_1_339' title='bbox 1859 4815 2060 4876; x_wconf 72' lang='lat' dir='ltr'><strong>gratias</strong></span> 
     </span>
    </p>
   </div>
   <div class='ocr_carea' id='block_1_55' title="bbox 363 4899 2109 4976">
    <p class='ocr_par' dir='ltr' id='par_1_55' title="bbox 363 4899 2109 4976">
     <span class='ocr_line' id='line_1_55' title="bbox 363 4899 2109 4976; baseline 0 -17"><span class='ocrx_word' id='word_1_340' title='bbox 363 4962 365 4965; x_wconf 70' lang='grc'><strong>,</strong></span> <span class='ocrx_word' id='word_1_341' title='bbox 478 4899 689 4976; x_wconf 82' lang='lat' dir='ltr'><strong>agimus</strong></span> <span class='ocrx_word' id='word_1_342' title='bbox 723 4905 841 4970; x_wconf 83' lang='lat' dir='ltr'><strong>tibi,</strong></span> <span class='ocrx_word' id='word_1_343' title='bbox 886 4902 1027 4959; x_wconf 89' lang='lat' dir='ltr'><strong>Deus</strong></span> <span class='ocrx_word' id='word_1_344' title='bbox 1057 4906 1426 4974; x_wconf 81' lang='lat' dir='ltr'><strong>omnipOtens,</strong></span> <span class='ocrx_word' id='word_1_345' title='bbox 1463 4919 1567 4958; x_wconf 85' lang='lat' dir='ltr'><strong>non</strong></span> <span class='ocrx_word' id='word_1_346' title='bbox 1599 4917 1864 4972; x_wconf 82' lang='lat' dir='ltr'><strong>quantum</strong></span> <span class='ocrx_word' id='word_1_347' title='bbox 1897 4906 2058 4959; x_wconf 86' lang='lat' dir='ltr'><strong>debe-</strong></span> <span class='ocrx_word' id='word_1_348' title='bbox 2103 4915 2109 4919; x_wconf 81' lang='grc'><em>“</em></span> 
     </span>
    </p>
   </div>
   <div class='ocr_carea' id='block_1_56' title="bbox 481 4997 2059 5068">
    <p class='ocr_par' dir='ltr' id='par_1_56' title="bbox 481 4997 2059 5068">
     <span class='ocr_line' id='line_1_56' title="bbox 481 4997 2059 5068; baseline -0.001 -16"><span class='ocrx_word' id='word_1_349' title='bbox 481 5015 622 5062; x_wconf 82' lang='lat' dir='ltr'><strong>mus,</strong></span> <span class='ocrx_word' id='word_1_350' title='bbox 681 4999 777 5054; x_wconf 82' lang='lat' dir='ltr'><strong>sed</strong></span> <span class='ocrx_word' id='word_1_351' title='bbox 834 5006 1098 5068; x_wconf 89' lang='lat' dir='ltr'><strong>quantum</strong></span> <span class='ocrx_word' id='word_1_352' title='bbox 1151 5012 1468 5067; x_wconf 90' lang='lat' dir='ltr'><strong>possumus,</strong></span> <span class='ocrx_word' id='word_1_353' title='bbox 1516 5004 1569 5050; x_wconf 82' lang='lat' dir='ltr'><strong>et</strong></span> <span class='ocrx_word' id='word_1_354' title='bbox 1624 4997 1744 5065; x_wconf 84' lang='lat' dir='ltr'><strong>ejus</strong></span> <span class='ocrx_word' id='word_1_355' title='bbox 1793 5005 2059 5051; x_wconf 86' lang='lat' dir='ltr'><strong>statutum</strong></span> 
     </span>
    </p>
   </div>
   <div class='ocr_carea' id='block_1_57' title="bbox 478 5088 2059 5160">
    <p class='ocr_par' dir='ltr' id='par_1_57' title="bbox 478 5088 2059 5160">
     <span class='ocr_line' id='line_1_57' title="bbox 478 5088 2059 5160; baseline 0 -16"><span class='ocrx_word' id='word_1_356' title='bbox 478 5091 864 5160; x_wconf 85' lang='lat' dir='ltr'><strong>adimplemus.</strong></span> <span class='ocrx_word' id='word_1_357' title='bbox 922 5089 980 5145; x_wconf 91' lang='lat' dir='ltr'><strong>ln</strong></span> <span class='ocrx_word' id='word_1_358' title='bbox 1038 5106 1144 5160; x_wconf 89' lang='lat' dir='ltr'><strong>qua</strong></span> <span class='ocrx_word' id='word_1_359' title='bbox 1208 5089 1351 5145; x_wconf 90' lang='lat' dir='ltr'><strong>enim</strong></span> <span class='ocrx_word' id='word_1_360' title='bbox 1379 5102 1536 5144; x_wconf 82' lang='lat' dir='ltr'><strong>nocte</strong></span> <span class='ocrx_word' id='word_1_361' title='bbox 1603 5088 1938 5156; x_wconf 83' lang='lat' dir='ltr'><strong>tradebatur,</strong></span> <span class='ocrx_word' id='word_1_362' title='bbox 1971 5105 2059 5144; x_wconf 83' lang='lat' dir='ltr'><strong>ac-</strong></span> 
     </span>
    </p>
   </div>
   <div class='ocr_carea' id='block_1_58' title="bbox 475 5183 2061 5254">
    <p class='ocr_par' dir='ltr' id='par_1_58' title="bbox 475 5183 2061 5254">
     <span class='ocr_line' id='line_1_58' title="bbox 475 5183 2061 5254; baseline 0.001 -18"><span class='ocrx_word' id='word_1_363' title='bbox 475 5184 684 5254; x_wconf 86' lang='lat' dir='ltr'><strong>cipiens</strong></span> <span class='ocrx_word' id='word_1_364' title='bbox 743 5197 937 5252; x_wconf 79' lang='lat' dir='ltr'><strong>panem</strong></span> <span class='ocrx_word' id='word_1_365' title='bbox 996 5183 1050 5237; x_wconf 91' lang='lat' dir='ltr'><strong>in</strong></span> <span class='ocrx_word' id='word_1_366' title='bbox 1106 5190 1326 5238; x_wconf 83' lang='lat' dir='ltr'><strong>sanctas</strong></span> <span class='ocrx_word' id='word_1_367' title='bbox 1381 5191 1432 5238; x_wconf 87' lang='lat' dir='ltr'><strong>et</strong></span> <span class='ocrx_word' id='word_1_368' title='bbox 1500 5185 1883 5238; x_wconf 84' lang='lat' dir='ltr'><strong>immaculatas</strong></span> <span class='ocrx_word' id='word_1_369' title='bbox 1931 5198 2061 5238; x_wconf 88' lang='lat' dir='ltr'><strong>suas</strong></span> 
     </span>
    </p>
   </div>
   <div class='ocr_carea' id='block_1_59' title="bbox 478 5265 2058 5339">
    <p class='ocr_par' dir='ltr' id='par_1_59' title="bbox 478 5265 2058 5339">
     <span class='ocr_line' id='line_1_59' title="bbox 478 5265 2058 5339; baseline 0 -11"><span class='ocrx_word' id='word_1_370' title='bbox 478 5289 699 5339; x_wconf 87' lang='lat' dir='ltr'><strong>manus,</strong></span> <span class='ocrx_word' id='word_1_371' title='bbox 725 5283 778 5328; x_wconf 81' lang='lat' dir='ltr'><strong>et</strong></span> <span class='ocrx_word' id='word_1_372' title='bbox 799 5273 1025 5328; x_wconf 70' lang='lat' dir='ltr'><strong>elevatis</strong></span> <span class='ocrx_word' id='word_1_373' title='bbox 1057 5276 1234 5330; x_wconf 90' lang='lat' dir='ltr'><strong>oculis</strong></span> <span class='ocrx_word' id='word_1_374' title='bbox 1267 5274 1332 5328; x_wconf 89' lang='lat' dir='ltr'><strong>ad</strong></span> <span class='ocrx_word' id='word_1_375' title='bbox 1387 5283 1439 5328; x_wconf 89' lang='lat' dir='ltr'><strong>te</strong></span> <span class='ocrx_word' id='word_1_376' title='bbox 1493 5274 1664 5330; x_wconf 87' lang='lat' dir='ltr'><strong>Deum</strong></span> <span class='ocrx_word' id='word_1_377' title='bbox 1723 5290 1788 5329; x_wconf 92' lang='lat' dir='ltr'><strong>ac</strong></span> <span class='ocrx_word' id='word_1_378' title='bbox 1843 5265 2058 5330; x_wconf 79' lang='lat' dir='ltr'><strong>Patrem</strong></span> 
     </span>
    </p>
   </div>
   <div class='ocr_carea' id='block_1_60' title="bbox 474 5365 2058 5434">
    <p class='ocr_par' dir='ltr' id='par_1_60' title="bbox 474 5365 2058 5434">
     <span class='ocr_line' id='line_1_60' title="bbox 474 5365 2058 5434; baseline -0.002 -13"><span class='ocrx_word' id='word_1_379' title='bbox 474 5382 660 5432; x_wconf 85' lang='lat' dir='ltr'><strong>suum,</strong></span> <span class='ocrx_word' id='word_1_380' title='bbox 703 5365 881 5434; x_wconf 75' lang='lat' dir='ltr'><strong>fregit,</strong></span> <span class='ocrx_word' id='word_1_381' title='bbox 915 5366 1172 5434; x_wconf 86' lang='lat' dir='ltr'><strong>deditque</strong></span> <span class='ocrx_word' id='word_1_382' title='bbox 1207 5365 1488 5434; x_wconf 87' lang='lat' dir='ltr'><strong>discipulis</strong></span> <span class='ocrx_word' id='word_1_383' title='bbox 1514 5367 1632 5420; x_wconf 90' lang='lat' dir='ltr'><strong>suis</strong></span> <span class='ocrx_word' id='word_1_384' title='bbox 1653 5366 1844 5421; x_wconf 88' lang='lat' dir='ltr'><strong>dicens</strong></span> <span class='ocrx_word' id='word_1_385' title='bbox 1876 5384 1890 5421; x_wconf 92' lang='lat'><strong>:</strong></span> <span class='ocrx_word' id='word_1_386' title='bbox 1952 5367 2058 5420; x_wconf 81' lang='lat' dir='ltr'><strong>Ac-</strong></span> 
     </span>
    </p>
   </div>
   <div class='ocr_carea' id='block_1_61' title="bbox 473 5455 2058 5526">
    <p class='ocr_par' dir='ltr' id='par_1_61' title="bbox 473 5455 2058 5526">
     <span class='ocr_line' id='line_1_61' title="bbox 473 5455 2058 5526; baseline -0.003 -14"><span class='ocrx_word' id='word_1_387' title='bbox 473 5459 632 5526; x_wconf 82' lang='lat' dir='ltr'><strong>cipite</strong></span> <span class='ocrx_word' id='word_1_388' title='bbox 661 5475 725 5512; x_wconf 73' lang='lat' dir='ltr'><strong>ea:</strong></span> <span class='ocrx_word' id='word_1_389' title='bbox 754 5473 836 5523; x_wconf 88' lang='lat' dir='ltr'><strong>eo,</strong></span> <span class='ocrx_word' id='word_1_390' title='bbox 872 5456 1124 5510; x_wconf 80' lang='lat' dir='ltr'><strong>comedile</strong></span> <span class='ocrx_word' id='word_1_391' title='bbox 1159 5471 1178 5511; x_wconf 92' lang='lat'><strong><em>:</em></strong></span> <span class='ocrx_word' id='word_1_392' title='bbox 1210 5455 1326 5509; x_wconf 83' lang='lat' dir='ltr'><strong>Hoc</strong></span> <span class='ocrx_word' id='word_1_393' title='bbox 1348 5467 1426 5510; x_wconf 75' lang='lat' dir='ltr'><strong>est</strong></span> <span class='ocrx_word' id='word_1_394' title='bbox 1461 5472 1649 5524; x_wconf 82' lang='lat' dir='ltr'><strong>corpus</strong></span> <span class='ocrx_word' id='word_1_395' title='bbox 1685 5473 1854 5510; x_wconf 81' lang='lat' dir='ltr'><strong>meum</strong></span> <span class='ocrx_word' id='word_1_396' title='bbox 1918 5455 2058 5526; x_wconf 86' lang='lat' dir='ltr'><strong>quod</strong></span> 
     </span>
    </p>
   </div>
   <div class='ocr_carea' id='block_1_62' title="bbox 473 5549 2058 5620">
    <p class='ocr_par' dir='ltr' id='par_1_62' title="bbox 473 5549 2058 5620">
     <span class='ocr_line' id='line_1_62' title="bbox 473 5549 2058 5620; baseline 0.003 -19"><span class='ocrx_word' id='word_1_397' title='bbox 473 5565 570 5620; x_wconf 83' lang='lat' dir='ltr'><strong>pro</strong></span> <span class='ocrx_word' id='word_1_398' title='bbox 604 5550 783 5603; x_wconf 73' lang='lat' dir='ltr'><strong>multis</strong></span> <span class='ocrx_word' id='word_1_399' title='bbox 819 5549 1198 5603; x_wconf 81' lang='lat' dir='ltr'><strong>comminuitur</strong></span> <span class='ocrx_word' id='word_1_400' title='bbox 1219 5550 1272 5602; x_wconf 81' lang='lat' dir='ltr'><strong>in</strong></span> <span class='ocrx_word' id='word_1_401' title='bbox 1305 5550 1665 5603; x_wconf 72' lang='lat' dir='ltr'><strong>remissionem</strong></span> <span class='ocrx_word' id='word_1_402' title='bbox 1700 5559 2058 5614; x_wconf 81' lang='lat' dir='ltr'><strong>peccatorum.</strong></span> 
     </span>
    </p>
   </div>
   <div class='ocr_carea' id='block_1_63' title="bbox 2164 4443 3748 4516">
    <p class='ocr_par' dir='ltr' id='par_1_63' title="bbox 2164 4443 3748 4516">
     <span class='ocr_line' id='line_1_63' title="bbox 2164 4443 3748 4516; baseline -0.001 -18"><span class='ocrx_word' id='word_1_403' title='bbox 2164 4463 2282 4508; x_wconf 87' lang='grc' dir='ltr'><strong>ταις</strong></span> <span class='ocrx_word' id='word_1_404' title='bbox 2311 4444 2705 4516; x_wconf 63' lang='grc' dir='ltr'>ἀποδοθήσεται</span> <span class='ocrx_word' id='word_1_405' title='bbox 2730 4459 2744 4474; x_wconf 76' lang='grc' dir='ltr'><strong>ο</strong></span> <span class='ocrx_word' id='word_1_406' title='bbox 2780 4445 2838 4498; x_wconf 79' lang='grc' dir='ltr'><strong>ἐν</strong></span> <span class='ocrx_word' id='word_1_407' title='bbox 2871 4443 2970 4514; x_wconf 83' lang='grc' dir='ltr'><strong>μὲν</strong></span> <span class='ocrx_word' id='word_1_408' title='bbox 3008 4443 3113 4514; x_wconf 81' lang='grc' dir='ltr'><strong>γὰρ</strong></span> <span class='ocrx_word' id='word_1_409' title='bbox 3143 4446 3208 4514; x_wconf 81' lang='grc' dir='ltr'><strong>τῇ</strong></span> <span class='ocrx_word' id='word_1_410' title='bbox 3239 4444 3625 4514; x_wconf 56' lang='grc' dir='ltr'><strong>συγγριφεὶσῃ</strong></span> <span class='ocrx_word' id='word_1_411' title='bbox 3657 4443 3748 4497; x_wconf 75' lang='grc' dir='ltr'>διὰ</span> 
     </span>
    </p>
   </div>
   <div class='ocr_carea' id='block_1_64' title="bbox 2165 4537 3747 4608">
    <p class='ocr_par' dir='ltr' id='par_1_64' title="bbox 2165 4537 3747 4608">
     <span class='ocr_line' id='line_1_64' title="bbox 2165 4537 3747 4608; baseline 0.001 -17"><span class='ocrx_word' id='word_1_412' title='bbox 2165 4539 2490 4607; x_wconf 76' lang='grc' dir='ltr'>Κλήμεντος</span> <span class='ocrx_word' id='word_1_413' title='bbox 2527 4538 2842 4608; x_wconf 73' lang='grc' dir='ltr'>λειτουργίᾳ</span> <span class='ocrx_word' id='word_1_414' title='bbox 2893 4539 3001 4591; x_wconf 87' lang='grc' dir='ltr'>τῶν</span> <span class='ocrx_word' id='word_1_415' title='bbox 3039 4538 3200 4607; x_wconf 77' lang='grc' dir='ltr'>ἱερῶν</span> <span class='ocrx_word' id='word_1_416' title='bbox 3231 4537 3566 4600; x_wconf 73' lang='grc' dir='ltr'>ἀποστόλων,</span> <span class='ocrx_word' id='word_1_417' title='bbox 3606 4538 3747 4608; x_wconf 84' lang='grc' dir='ltr'><strong>μετά</strong></span> 
     </span>
    </p>
   </div>
   <div class='ocr_carea' id='block_1_65' title="bbox 2163 4629 3747 4701">
    <p class='ocr_par' dir='ltr' id='par_1_65' title="bbox 2163 4629 3747 4701">
     <span class='ocr_line' id='line_1_65' title="bbox 2163 4629 3747 4701; baseline -0.001 -18"><span class='ocrx_word' id='word_1_418' title='bbox 2163 4631 2222 4683; x_wconf 72' lang='grc' dir='ltr'>τὸ</span> <span class='ocrx_word' id='word_1_419' title='bbox 2251 4633 2621 4701; x_wconf 84' lang='grc' dir='ltr'><strong>διηγήσασθαι</strong></span> <span class='ocrx_word' id='word_1_420' title='bbox 2652 4631 2720 4683; x_wconf 76' lang='grc' dir='ltr'><strong>τὰ</strong></span> <span class='ocrx_word' id='word_1_421' title='bbox 2743 4631 3051 4684; x_wconf 82' lang='grc' dir='ltr'>Δεσποτικὰ</span> <span class='ocrx_word' id='word_1_422' title='bbox 3075 4629 3326 4698; x_wconf 86' lang='grc' dir='ltr'>θαύματα</span> <span class='ocrx_word' id='word_1_423' title='bbox 3356 4630 3452 4682; x_wconf 77' lang='grc' dir='ltr'><strong>καὶ</strong></span> <span class='ocrx_word' id='word_1_424' title='bbox 3478 4631 3578 4692; x_wconf 84' lang='grc' dir='ltr'><strong>τὰς</strong></span> <span class='ocrx_word' id='word_1_425' title='bbox 3603 4630 3747 4698; x_wconf 77' lang='grc' dir='ltr'>πρά-</span> 
     </span>
    </p>
   </div>
   <div class='ocr_carea' id='block_1_66' title="bbox 2165 4721 3746 4793">
    <p class='ocr_par' dir='ltr' id='par_1_66' title="bbox 2165 4721 3746 4793">
     <span class='ocr_line' id='line_1_66' title="bbox 2165 4721 3746 4793; baseline -0.001 -18"><span class='ocrx_word' id='word_1_426' title='bbox 2165 4725 2295 4791; x_wconf 82' lang='grc' dir='ltr'>ξεις,</span> <span class='ocrx_word' id='word_1_427' title='bbox 2331 4723 2410 4776; x_wconf 76' lang='grc' dir='ltr'><strong>ἔτι</strong></span> <span class='ocrx_word' id='word_1_428' title='bbox 2443 4723 2500 4776; x_wconf 83' lang='grc' dir='ltr'>δὲ</span> <span class='ocrx_word' id='word_1_429' title='bbox 2529 4724 2596 4776; x_wconf 78' lang='grc' dir='ltr'><strong>τὰ</strong></span> <span class='ocrx_word' id='word_1_430' title='bbox 2625 4724 2751 4793; x_wconf 74' lang='grc' dir='ltr'>περὶ</span> <span class='ocrx_word' id='word_1_431' title='bbox 2776 4723 2838 4776; x_wconf 80' lang='grc' dir='ltr'>τὸ</span> <span class='ocrx_word' id='word_1_432' title='bbox 2862 4721 3034 4784; x_wconf 83' lang='grc' dir='ltr'><strong>πάθος</strong></span> <span class='ocrx_word' id='word_1_433' title='bbox 3066 4726 3160 4775; x_wconf 79' lang='grc' dir='ltr'><strong>καὶ</strong></span> <span class='ocrx_word' id='word_1_434' title='bbox 3190 4723 3291 4790; x_wconf 83' lang='grc' dir='ltr'><strong>τὴν</strong></span> <span class='ocrx_word' id='word_1_435' title='bbox 3323 4721 3621 4774; x_wconf 80' lang='grc' dir='ltr'>ἀνάστασιν</span> <span class='ocrx_word' id='word_1_436' title='bbox 3650 4721 3746 4774; x_wconf 72' lang='grc' dir='ltr'><strong>καὶ</strong></span> 
     </span>
    </p>
   </div>
   <div class='ocr_carea' id='block_1_67' title="bbox 2164 4814 3745 4886">
    <p class='ocr_par' dir='ltr' id='par_1_67' title="bbox 2164 4814 3745 4886">
     <span class='ocr_line' id='line_1_67' title="bbox 2164 4814 3745 4886; baseline -0.002 -17"><span class='ocrx_word' id='word_1_437' title='bbox 2164 4817 2263 4886; x_wconf 84' lang='grc' dir='ltr'><strong>τὴν</strong></span> <span class='ocrx_word' id='word_1_438' title='bbox 2287 4817 2361 4878; x_wconf 71' lang='grc' dir='ltr'><strong>εἰς</strong></span> <span class='ocrx_word' id='word_1_439' title='bbox 2385 4816 2650 4884; x_wconf 77' lang='grc' dir='ltr'>οὐρανοὺς</span> <span class='ocrx_word' id='word_1_440' title='bbox 2673 4815 2882 4880; x_wconf 82' lang='grc' dir='ltr'><strong>ἄνοδον,</strong></span> <span class='ocrx_word' id='word_1_441' title='bbox 2898 4814 3041 4867; x_wconf 81' lang='grc' dir='ltr'>οὕτω</span> <span class='ocrx_word' id='word_1_442' title='bbox 3063 4814 3236 4867; x_wconf 84' lang='grc' dir='ltr'>κεῖται</span> <span class='ocrx_word' id='word_1_443' title='bbox 3265 4814 3465 4883; x_wconf 80' lang='grc' dir='ltr'><strong>ῥητῶς·</strong></span> <span class='ocrx_word' id='word_1_444' title='bbox 3481 4831 3500 4865; x_wconf 87' lang='grc'>‹</span> <span class='ocrx_word' id='word_1_445' title='bbox 3519 4814 3745 4883; x_wconf 85' lang='grc' dir='ltr'>Μεμνη·</span> 
     </span>
    </p>
   </div>
   <div class='ocr_carea' id='block_1_68' title="bbox 2166 4900 3742 4976">
    <p class='ocr_par' dir='ltr' id='par_1_68' title="bbox 2166 4900 3742 4976">
     <span class='ocr_line' id='line_1_68' title="bbox 2166 4900 3742 4976; baseline -0.001 -16"><span class='ocrx_word' id='word_1_446' title='bbox 2166 4911 2318 4972; x_wconf 75' lang='grc' dir='ltr'>μένοι</span> <span class='ocrx_word' id='word_1_447' title='bbox 2345 4907 2439 4960; x_wconf 75' lang='grc' dir='ltr'>οὖν</span> <span class='ocrx_word' id='word_1_448' title='bbox 2464 4900 2539 4960; x_wconf 81' lang='grc' dir='ltr'><strong>ὧν</strong></span> <span class='ocrx_word' id='word_1_449' title='bbox 2562 4907 2627 4959; x_wconf 87' lang='grc' dir='ltr'><strong>δι’</strong></span> <span class='ocrx_word' id='word_1_450' title='bbox 2653 4909 2798 4976; x_wconf 82' lang='grc' dir='ltr'><strong>ἡμᾶς</strong></span> <span class='ocrx_word' id='word_1_451' title='bbox 2829 4907 3150 4976; x_wconf 77' lang='grc' dir='ltr'>ὑπέμεινεν,</span> <span class='ocrx_word' id='word_1_452' title='bbox 3179 4906 3612 4976; x_wconf 69' lang='grc' dir='ltr'>εὐχαριστοῦμεν</span> <span class='ocrx_word' id='word_1_453' title='bbox 3636 4922 3742 4971; x_wconf 86' lang='grc' dir='ltr'>σοι,</span> 
     </span>
    </p>
   </div>
   <div class='ocr_carea' id='block_1_69' title="bbox 2162 4997 3742 5069">
    <p class='ocr_par' dir='ltr' id='par_1_69' title="bbox 2162 4997 3742 5069">
     <span class='ocr_line' id='line_1_69' title="bbox 2162 4997 3742 5069; baseline 0 -19"><span class='ocrx_word' id='word_1_454' title='bbox 2162 4998 2262 5051; x_wconf 80' lang='grc' dir='ltr'>Θεὲ</span> <span class='ocrx_word' id='word_1_455' title='bbox 2301 5000 2703 5069; x_wconf 85' lang='grc' dir='ltr'>παντοκράτορ,</span> <span class='ocrx_word' id='word_1_456' title='bbox 2731 4999 2827 5068; x_wconf 79' lang='grc' dir='ltr'><strong>οὐχ</strong></span> <span class='ocrx_word' id='word_1_457' title='bbox 2859 4998 2983 5051; x_wconf 85' lang='grc' dir='ltr'>ὅσον</span> <span class='ocrx_word' id='word_1_458' title='bbox 3009 4999 3322 5068; x_wconf 74' lang='grc' dir='ltr'>ὀφείλομεν,</span> <span class='ocrx_word' id='word_1_459' title='bbox 3350 4997 3469 5051; x_wconf 82' lang='grc' dir='ltr'>ἀλλ’</span> <span class='ocrx_word' id='word_1_460' title='bbox 3500 5001 3622 5051; x_wconf 81' lang='grc' dir='ltr'>ὅσον</span> <span class='ocrx_word' id='word_1_461' title='bbox 3646 4999 3742 5053; x_wconf 83' lang='grc' dir='ltr'><strong>δυ-</strong></span> 
     </span>
    </p>
   </div>
   <div class='ocr_carea' id='block_1_70' title="bbox 2163 5081 3741 5162">
    <p class='ocr_par' dir='ltr' id='par_1_70' title="bbox 2163 5081 3741 5162">
     <span class='ocr_line' id='line_1_70' title="bbox 2163 5081 3741 5162; baseline 0 -21"><span class='ocrx_word' id='word_1_462' title='bbox 2163 5090 2394 5160; x_wconf 77' lang='grc' dir='ltr'>νάμεθα,</span> <span class='ocrx_word' id='word_1_463' title='bbox 2428 5092 2518 5143; x_wconf 79' lang='grc' dir='ltr'><strong>καὶ</strong></span> <span class='ocrx_word' id='word_1_464' title='bbox 2569 5089 2666 5160; x_wconf 75' lang='grc' dir='ltr'>τὴν</span> <span class='ocrx_word' id='word_1_465' title='bbox 2723 5089 2965 5153; x_wconf 72' lang='grc' dir='ltr'>διάταξιν</span> <span class='ocrx_word' id='word_1_466' title='bbox 3011 5089 3177 5142; x_wconf 73' lang='grc' dir='ltr'>αὑτοῦ</span> <span class='ocrx_word' id='word_1_467' title='bbox 3219 5088 3540 5158; x_wconf 84' lang='grc' dir='ltr'>πληροῦμεν</span> <span class='ocrx_word' id='word_1_468' title='bbox 3565 5105 3582 5120; x_wconf 80' lang='grc' dir='ltr'>ο</span> <span class='ocrx_word' id='word_1_469' title='bbox 3616 5089 3674 5142; x_wconf 78' lang='grc' dir='ltr'><strong>ἐν</strong></span> 
     </span>
    </p>
   </div>
   <div class='ocr_carea' id='block_1_71' title="bbox 2163 5179 3741 5252">
    <p class='ocr_par' dir='ltr' id='par_1_71' title="bbox 2163 5179 3741 5252">
     <span class='ocr_line' id='line_1_71' title="bbox 2163 5179 3741 5252; baseline 0.001 -20"><span class='ocrx_word' id='word_1_470' title='bbox 2163 5183 2271 5252; x_wconf 83' lang='grc' dir='ltr'><strong>γὰρ</strong></span> <span class='ocrx_word' id='word_1_471' title='bbox 2304 5182 2462 5236; x_wconf 75' lang='grc' dir='ltr'>νυκτὶ</span> <span class='ocrx_word' id='word_1_472' title='bbox 2512 5181 2850 5252; x_wconf 81' lang='grc' dir='ltr'>παρεδίδοτο,</span> <span class='ocrx_word' id='word_1_473' title='bbox 2875 5179 3056 5232; x_wconf 73' lang='grc' dir='ltr'><strong>λαϐὼν</strong></span> <span class='ocrx_word' id='word_1_474' title='bbox 3087 5180 3253 5251; x_wconf 83' lang='grc' dir='ltr'>ἄρτον</span> <span class='ocrx_word' id='word_1_475' title='bbox 3282 5182 3401 5243; x_wconf 82' lang='grc' dir='ltr'><strong>ταῖς</strong></span> <span class='ocrx_word' id='word_1_476' title='bbox 3433 5181 3614 5249; x_wconf 73' lang='grc' dir='ltr'><strong>ἁγίαις</strong></span> <span class='ocrx_word' id='word_1_477' title='bbox 3647 5180 3741 5234; x_wconf 84' lang='grc' dir='ltr'><strong>καὶ</strong></span> 
     </span>
    </p>
   </div>
   <div class='ocr_carea' id='block_1_72' title="bbox 2163 5271 3740 5345">
    <p class='ocr_par' dir='ltr' id='par_1_72' title="bbox 2163 5271 3740 5345">
     <span class='ocr_line' id='line_1_72' title="bbox 2163 5271 3740 5345; baseline -0.003 -18"><span class='ocrx_word' id='word_1_478' title='bbox 2163 5273 2411 5343; x_wconf 85' lang='grc' dir='ltr'>ἀμώμοις</span> <span class='ocrx_word' id='word_1_479' title='bbox 2443 5272 2608 5327; x_wconf 74' lang='grc' dir='ltr'>αὑτοῦ</span> <span class='ocrx_word' id='word_1_480' title='bbox 2654 5274 2831 5345; x_wconf 59' lang='grc' dir='ltr'>χερσὶ,</span> <span class='ocrx_word' id='word_1_481' title='bbox 2870 5273 2962 5327; x_wconf 77' lang='grc' dir='ltr'><strong>καὶ</strong></span> <span class='ocrx_word' id='word_1_482' title='bbox 3005 5271 3309 5342; x_wconf 77' lang='grc' dir='ltr'><strong>ἀναϐλέψας</strong></span> <span class='ocrx_word' id='word_1_483' title='bbox 3352 5273 3491 5342; x_wconf 76' lang='grc' dir='ltr'>πρὸς</span> <span class='ocrx_word' id='word_1_484' title='bbox 3546 5271 3605 5325; x_wconf 75' lang='grc' dir='ltr'>σὲ</span> <span class='ocrx_word' id='word_1_485' title='bbox 3648 5271 3740 5323; x_wconf 80' lang='grc' dir='ltr'><strong>τὸν</strong></span> 
     </span>
    </p>
   </div>
   <div class='ocr_carea' id='block_1_73' title="bbox 2161 5362 3738 5433">
    <p class='ocr_par' dir='ltr' id='par_1_73' title="bbox 2161 5362 3738 5433">
     <span class='ocr_line' id='line_1_73' title="bbox 2161 5362 3738 5433; baseline -0.002 -16"><span class='ocrx_word' id='word_1_486' title='bbox 2161 5365 2294 5417; x_wconf 77' lang='grc' dir='ltr'>Θεὸν</span> <span class='ocrx_word' id='word_1_487' title='bbox 2350 5362 2516 5416; x_wconf 75' lang='grc' dir='ltr'><strong>αὑτοῦ</strong></span> <span class='ocrx_word' id='word_1_488' title='bbox 2565 5366 2660 5417; x_wconf 80' lang='grc' dir='ltr'><strong>καὶ</strong></span> <span class='ocrx_word' id='word_1_489' title='bbox 2698 5366 2914 5433; x_wconf 77' lang='grc' dir='ltr'><strong>Πατέρα</strong></span> <span class='ocrx_word' id='word_1_490' title='bbox 2965 5364 3061 5416; x_wconf 78' lang='grc' dir='ltr'>καὶ</span> <span class='ocrx_word' id='word_1_491' title='bbox 3110 5363 3316 5424; x_wconf 77' lang='grc' dir='ltr'>κλάσας</span> <span class='ocrx_word' id='word_1_492' title='bbox 3360 5364 3562 5416; x_wconf 80' lang='grc' dir='ltr'>ἔδωκεν</span> <span class='ocrx_word' id='word_1_493' title='bbox 3607 5363 3738 5433; x_wconf 70' lang='grc' dir='ltr'><strong>ἡμῖν</strong></span> 
     </span>
    </p>
   </div>
   <div class='ocr_carea' id='block_1_74' title="bbox 2161 5451 3737 5524">
    <p class='ocr_par' dir='ltr' id='par_1_74' title="bbox 2161 5451 3737 5524">
     <span class='ocr_line' id='line_1_74' title="bbox 2161 5451 3737 5524; baseline -0.001 -17"><span class='ocrx_word' id='word_1_494' title='bbox 2161 5457 2272 5516; x_wconf 86' lang='grc' dir='ltr'><strong>τοῖς</strong></span> <span class='ocrx_word' id='word_1_495' title='bbox 2304 5454 2569 5524; x_wconf 76' lang='grc' dir='ltr'><strong>μαθηταῖς</strong></span> <span class='ocrx_word' id='word_1_496' title='bbox 2603 5451 2766 5508; x_wconf 80' lang='grc' dir='ltr'><strong>αὐτοῦ</strong></span> <span class='ocrx_word' id='word_1_497' title='bbox 2802 5453 2972 5507; x_wconf 82' lang='grc' dir='ltr'>εἰπών</span> <span class='ocrx_word' id='word_1_498' title='bbox 2994 5471 3006 5485; x_wconf 75' lang='grc' dir='ltr'>ο</span> <span class='ocrx_word' id='word_1_499' title='bbox 3039 5453 3261 5508; x_wconf 80' lang='grc' dir='ltr'><strong>Λάϐετε</strong></span> <span class='ocrx_word' id='word_1_500' title='bbox 3283 5454 3353 5520; x_wconf 81' lang='grc' dir='ltr'><strong>ἐξ</strong></span> <span class='ocrx_word' id='word_1_501' title='bbox 3387 5454 3593 5517; x_wconf 80' lang='grc' dir='ltr'>αὑτοῦ,</span> <span class='ocrx_word' id='word_1_502' title='bbox 3623 5453 3737 5522; x_wconf 68' lang='grc' dir='ltr'><strong>φάν</strong></span> 
     </span>
    </p>
   </div>
   <div class='ocr_carea' id='block_1_75' title="bbox 2162 5543 3737 5615">
    <p class='ocr_par' dir='ltr' id='par_1_75' title="bbox 2162 5543 3737 5615">
     <span class='ocr_line' id='line_1_75' title="bbox 2162 5543 3737 5615; baseline -0.001 -17"><span class='ocrx_word' id='word_1_503' title='bbox 2162 5563 2327 5612; x_wconf 78' lang='grc' dir='ltr'>τετε”</span> <span class='ocrx_word' id='word_1_504' title='bbox 2367 5546 2546 5599; x_wconf 79' lang='grc' dir='ltr'>τοῦτό</span> <span class='ocrx_word' id='word_1_505' title='bbox 2581 5547 2713 5600; x_wconf 81' lang='grc' dir='ltr'>ἐστι</span> <span class='ocrx_word' id='word_1_506' title='bbox 2761 5547 2825 5599; x_wconf 83' lang='grc' dir='ltr'><strong>τὸ</strong></span> <span class='ocrx_word' id='word_1_507' title='bbox 2853 5545 3026 5615; x_wconf 82' lang='grc' dir='ltr'>σῶμά</span> <span class='ocrx_word' id='word_1_508' title='bbox 3055 5563 3176 5614; x_wconf 82' lang='grc' dir='ltr'>μου</span> <span class='ocrx_word' id='word_1_509' title='bbox 3210 5547 3274 5598; x_wconf 80' lang='grc' dir='ltr'><strong>τὸ</strong></span> <span class='ocrx_word' id='word_1_510' title='bbox 3317 5547 3447 5614; x_wconf 76' lang='grc' dir='ltr'>περὶ</span> <span class='ocrx_word' id='word_1_511' title='bbox 3493 5543 3737 5598; x_wconf 72' lang='grc' dir='ltr'>πολλῶν</span> 
     </span>
    </p>
   </div>
   <div class='ocr_carea' id='block_1_76' title="bbox 475 5635 2123 5710">
    <p class='ocr_par' dir='ltr' id='par_1_76' title="bbox 475 5640 2054 5710">
     <span class='ocr_line' id='line_1_76' title="bbox 475 5640 2054 5710; baseline 0 -16"><span class='ocrx_word' id='word_1_512' title='bbox 475 5640 740 5695; x_wconf 85' lang='lat' dir='ltr'><strong>Similiter</strong></span> <span class='ocrx_word' id='word_1_513' title='bbox 784 5653 839 5697; x_wconf 87' lang='lat' dir='ltr'><strong>et</strong></span> <span class='ocrx_word' id='word_1_514' title='bbox 891 5641 1115 5696; x_wconf 85' lang='lat' dir='ltr'><strong>calicem</strong></span> <span class='ocrx_word' id='word_1_515' title='bbox 1147 5656 1213 5696; x_wconf 81' lang='lat' dir='ltr'><strong>ex</strong></span> <span class='ocrx_word' id='word_1_516' title='bbox 1245 5643 1372 5696; x_wconf 78' lang='lat' dir='ltr'><strong>vino</strong></span> <span class='ocrx_word' id='word_1_517' title='bbox 1398 5651 1452 5695; x_wconf 85' lang='lat' dir='ltr'><strong>et</strong></span> <span class='ocrx_word' id='word_1_518' title='bbox 1513 5657 1654 5710; x_wconf 81' lang='lat' dir='ltr'><strong>aqua</strong></span> <span class='ocrx_word' id='word_1_519' title='bbox 1695 5650 2054 5708; x_wconf 79' lang='lat' dir='ltr'><strong>temperatum</strong></span> 
     </span>
    </p>
   </div>
   <div class='ocr_carea' id='block_1_77' title="bbox 2166 5635 3735 5710">
    <p class='ocr_par' dir='ltr' id='par_1_77' title="bbox 2166 5635 3735 5707">
     <span class='ocr_line' id='line_1_77' title="bbox 2166 5635 3735 5707; baseline -0.003 -15"><span class='ocrx_word' id='word_1_520' title='bbox 2166 5638 2577 5706; x_wconf 67' lang='grc' dir='ltr'>θρυπτόμενον</span> <span class='ocrx_word' id='word_1_521' title='bbox 2607 5641 2695 5701; x_wconf 79' lang='grc' dir='ltr'><strong>εἰς</strong></span> <span class='ocrx_word' id='word_1_522' title='bbox 2745 5637 2957 5706; x_wconf 54' lang='lat' dir='ltr'><strong>isseme“</strong></span> <span class='ocrx_word' id='word_1_523' title='bbox 2978 5636 3300 5707; x_wconf 77' lang='grc' dir='ltr'><strong>ἁμαρτιῶν.</strong></span> <span class='ocrx_word' id='word_1_524' title='bbox 3342 5637 3616 5698; x_wconf 78' lang='grc' dir='ltr'><strong>Ὡσαύτως</strong></span> <span class='ocrx_word' id='word_1_525' title='bbox 3647 5635 3735 5687; x_wconf 68' lang='grc' dir='ltr'><strong>καὶ</strong></span> 
     </span>
    </p>
   </div>
   <div class='ocr_carea' id='block_1_78' title="bbox 473 5711 2123 5808">
    <p class='ocr_par' dir='ltr' id='par_1_78' title="bbox 473 5711 2123 5808">
     <span class='ocr_line' id='line_1_78' title="bbox 473 5711 2123 5808; baseline -0.002 -19"><span class='ocrx_word' id='word_1_526' title='bbox 473 5731 851 5801; x_wconf 73' lang='lat' dir='ltr'><strong>tuilctiﬁcavit,</strong></span> <span class='ocrx_word' id='word_1_527' title='bbox 874 5732 1282 5804; x_wconf 83' lang='lat' dir='ltr'><strong>deditqueipsis</strong></span> <span class='ocrx_word' id='word_1_528' title='bbox 1318 5733 1546 5808; x_wconf 86' lang='lat' dir='ltr'><strong>dicens:</strong></span> <span class='ocrx_word' id='word_1_529' title='bbox 1579 5732 1748 5787; x_wconf 72' lang='lat' dir='ltr'><strong>Bibite</strong></span> <span class='ocrx_word' id='word_1_530' title='bbox 1771 5748 1833 5785; x_wconf 73' lang='lat' dir='ltr'><strong>cx</strong></span> <span class='ocrx_word' id='word_1_531' title='bbox 1853 5749 1912 5787; x_wconf 78' lang='lat' dir='ltr'><strong>co</strong></span> <span class='ocrx_word' id='word_1_532' title='bbox 1941 5747 2054 5786; x_wconf 87' lang='lat' dir='ltr'><strong>om-</strong></span> <span class='ocrx_word' id='word_1_533' title='bbox 2083 5711 2123 5771; x_wconf 77' lang='lat' dir='ltr'><strong>C</strong></span> 
     </span>
    </p>
   </div>
   <div class='ocr_carea' id='block_1_79' title="bbox 2166 5711 3734 5808">
    <p class='ocr_par' dir='ltr' id='par_1_79' title="bbox 2166 5729 3734 5800">
     <span class='ocr_line' id='line_1_79' title="bbox 2166 5729 3734 5800; baseline -0.001 -17"><span class='ocrx_word' id='word_1_534' title='bbox 2166 5733 2220 5784; x_wconf 79' lang='grc' dir='ltr'>τὸ</span> <span class='ocrx_word' id='word_1_535' title='bbox 2249 5732 2504 5800; x_wconf 76' lang='grc' dir='ltr'>ποτήριον</span> <span class='ocrx_word' id='word_1_536' title='bbox 2551 5736 2788 5800; x_wconf 73' lang='grc' dir='ltr'>κεράσας</span> <span class='ocrx_word' id='word_1_537' title='bbox 2825 5730 2884 5796; x_wconf 76' lang='grc' dir='ltr'>ἐξ</span> <span class='ocrx_word' id='word_1_538' title='bbox 2911 5731 3057 5784; x_wconf 77' lang='grc' dir='ltr'>οἴνου</span> <span class='ocrx_word' id='word_1_539' title='bbox 3099 5731 3193 5785; x_wconf 77' lang='grc' dir='ltr'><strong>καὶ</strong></span> <span class='ocrx_word' id='word_1_540' title='bbox 3219 5729 3435 5795; x_wconf 76' lang='grc' dir='ltr'>ὕδατος,</span> <span class='ocrx_word' id='word_1_541' title='bbox 3467 5729 3560 5784; x_wconf 76' lang='grc' dir='ltr'><strong>καὶ</strong></span> <span class='ocrx_word' id='word_1_542' title='bbox 3580 5729 3734 5797; x_wconf 77' lang='grc' dir='ltr'><strong>ἁγιά-</strong></span> 
     </span>
    </p>
   </div>
  </div>
