4152 6280
308 340 311 343 ’
344 386 481 453 1081

1266 388 1367 449 DE
1397 388 1751 457 CORPORE
1787 392 1887 454 ET
1916 389 2315 453 SANGUINE
2357 392 2697 460 CHRISTI.

3479 389 3615 455 1082

342 523 462 569 σας,
493 503 693 558 ἔδωκεν
716 506 899 568 αὐτοῖς
929 504 1103 574 λέγων
1131 521 1145 535 ·
1183 507 1354 561 Hiera
1377 508 1446 572 ἐξ
1473 510 1657 563 αὑτοῦ
1680 508 1923 575 στάντε-ς’
1951 561 1953 569 ,

2056 525 2117 562 res
2147 524 2167 562 :
2209 510 2293 563 hic
2334 518 2413 563 est
2439 511 2658 581 sanguis
2680 525 2847 576 meus,
2887 505 2979 579 qui
3003 522 3098 577 pro
3125 500 3304 561 multis
3333 506 3617 577 eﬂ'unditur

339 597 522 652 τοῦτό
550 598 684 651 ἐστι
714 601 779 651 τὸ
812 593 956 667 αἶμὰ
994 616 1115 667 μου
1143 601 1211 653 τὸ
1232 602 1365 668 περὶ
1402 602 1648 655 πολλῶν
1675 602 1928 670 ἐκχυνό-

337 706 530 757 [mror
552 690 640 753 εἷς
665 687 888 757 ἄφεσιν
909 688 1209 757 ἁμαρτιῶν
1227 707 1241 721 ο
1269 692 1446 745 τοῦτο
1472 692 1694 745 ποιεῖτε
1714 695 1799 758 είς
1816 693 1930 758 τὴν

342 780 501 850 ἐμὴν
530 780 898 849 ἀνάμνησιν.
944 783 1300 853 Μεμνημένοι
1346 784 1530 836 τοίνυν
1588 785 1681 835 τοῦ
1723 784 1932 846 πάθους

346 872 512 926 αὐτοῦ
540 872 635 925 ,ταὶ
664 871 757 925 τοῦ
795 873 1052 938 θανάτου,
1078 876 1293 945 καὶτῆς
1322 875 1677 939 ἀναστάσεως
1702 877 1800 929 καὶ
1830 874 1931 945 τῆς

343 965 424 1027 είς
457 965 718 1032 οὐρανοὺς
773 966 1053 1032 ἐπανόδου,
1111 967 1205 1020 καὶ⁴
1258 969 1357 1036 τῆς
1414 967 1715 1038 μελλούσης
1761 968 1930 1022 αὐτοῦ

346 1056 607 1125 δευτέρας
629 1058 955 1128 παρουσίας,
980 1060 1037 1112 ὲν
1133 1059 1352 1129 ἔρχεται
1384 1062 1563 1128 κρῖναι
1598 1061 1809 1123 ζῶντας
1841 1060 1934 1115 καὶ

346 1148 576 1215 νεκροὺς
604 1149 699 1201 καὶ
730 1149 1024 1202 ἀποδοῦναι
1053 1150 1270 1220 ἑκάστῳ
1301 1152 1444 1205 κατὰ
1474 1152 1542 1204 τὰ
1571 1152 1711 1222 ἔργα
1740 1150 1929 1216 αὑτοῦ,

342 1238 731 1307 προσφέρομέν
774 1256 855 1291 σοι
888 1239 964 1308 τῷ
1007 1240 1220 1309 βασιλεῖ
1245 1242 1340 1295 καὶ
1371 1241 1489 1311 Θεῷ
1520 1242 1663 1296 κατά
1704 1243 1801 1311 τὴν
1835 1242 1934 1295 αύ-

341 1329 435 1381 τοῦ
462 1330 706 1396 διάταξιν
728 1330 821 1384 τὸν
850 1332 1013 1400 ἄρτον
1040 1333 1229 1386 τοῦτον
1263 1335 1355 1388 καὶ
1377 1336 1437 1387 τὸ
1465 1337 1725 1405 ποτήριον
1748 1335 1929 1399 τοῦτο,

342 1420 794 1490 εὐχαριστοῦντές
845 1440 926 1475 σοι
971 1423 1039 1476 δι’
1075 1423 1265 1488 αὐτοῦ,
1309 1424 1396 1492 ἐφ’
1447 1420 1528 1489 οἷς
1586 1426 1934 1495 κατηξίωσας

344 1514 494 1582 ἡμᾶς
523 1514 746 1566 ἑστάναι
796 1514 1027 1568 ἐνώπιόν
1071 1532 1164 1568 σου
1216 1516 1312 1569 καὶ
1343 1517 1649 1584 ἱερατεύειν
1682 1534 1765 1569 σοι
1792 1532 1807 1547 ⁸
1840 1517 1935 1570 καὶ

344 1605 611 1675 ἀξιοῦμέν
645 1624 703 1659 σε
738 1607 887 1669 ὅπως
934 1607 1179 1676 εὐμενῶς
1224 1608 1538 1678 ὲπιϐλέψοις
1571 1607 1665 1661 ἐπὶ
1694 1608 1762 1661 τά
1805 1626 1939 1677 προ-

346 1697 577 1766 κείμενα
624 1698 772 1767 δῶρα
823 1698 996 1751 ταῦτα
1047 1699 1280 1752 ἐνώπιόν
1330 1716 1447 1761 σου,
1505 1700 1569 1752 σὺ
1608 1700 1636 1751 ὁ
1681 1697 1937 1767 ἀνενδεὴς

344 1789 497 1850 Θεὸς.
530 1791 629 1842 καὶ
660 1790 969 1859 εὐδοκήσας
1003 1790 1089 1843 ἐπ’
1120 1791 1306 1854 αὐτοῖς
1345 1792 1423 1853 είς
1462 1791 1628 1859 τιμὴν
1672 1788 1766 1842 τοῦ
1806 1790 1940 1859 Χρι-

2041 601 2095 654 in
2119 600 2480 655 remissionem
2504 612 2875 668 peccatorum;
2896 602 2990 654 hoc
3018 600 3176 667 facite
3207 599 3261 652 in
3290 615 3458 651 meam
3481 613 3593 650 com

2038 695 2498 749 memorationem.
2555 693 2824 747 Memores
2902 691 3072 761 igitur
3127 690 3400 759 passionis
3474 689 3614 755 eius.

2035 786 2249 848 mortis,
2282 784 2726 847 resurrectionis,
2786 784 2996 839 reditus
3052 783 3103 835 in
3139 782 3331 842 cmlos,
3362 789 3418 834 et
3450 779 3616 833 futuri

2035 875 2155 943 ejus
2190 877 2417 931 secundi
2442 876 2733 937 adventus,
2767 876 2820 928 in
2878 889 2987 943 quo
3041 874 3217 927 veniet
3273 872 3618 941 iudicaturus

2035 968 2187 1022 vivos
2206 978 2258 1022 et
2286 976 2550 1030 mortuos,
2606 966 3036 1034 rcdditurusque
3077 964 3280 1032 cuique
3314 962 3613 1016 secundum

2037 1074 2201 1127 opera
2234 1075 2353 1121 sua,
2381 1057 2661 1113 alierimus
2694 1058 2789 1112 tibi
2832 1056 2965 1125 Regi
3027 1072 3091 1111 ac
3140 1056 3269 1119 Deo,
3320 1053 3617 1109 secundum

2036 1152 2155 1219 ejus
2207 1150 2627 1216 institutionem,
2660 1164 2852 1216 panem
2891 1148 3057 1212 hunc,
3091 1155 3143 1201 et
3186 1147 3332 1199 hunc
3362 1144 3618 1206 calicem,

2036 1240 2239 1307 gratias
2272 1240 2365 1293 tibi
2405 1254 2498 1308 per
2541 1254 2663 1293 eum
2723 1246 2966 1307 agentes,
3024 1236 3171 1304 quod
3205 1250 3304 1290 nos
3368 1234 3623 1302 dignatus

2040 1332 2208 1386 iuerts
2244 1342 2424 1387 astare
2464 1346 2647 1385 coram
2701 1340 2775 1392 te,
2835 1339 2889 1384 et
2952 1330 3047 1382 tibi
3105 1327 3439 1382 sacriﬁcare.
3473 1324 3539 1377 Et
3574 1332 3625 1378 te

2038 1438 2317 1493 rogamus,
2355 1431 2412 1475 ut
2436 1422 2668 1490 propitio
2699 1436 3002 1489 serenoque
3030 1420 3180 1473 vultu
3216 1418 3479 1487 respicias
3534 1432 3626 1471 su-

2042 1532 2137 1584 pra
2166 1516 2279 1568 luec
2308 1514 2589 1583 proposita
2629 1513 2768 1567 bona
2835 1527 3020 1567 coram
3059 1520 3131 1576 te,
3176 1518 3236 1565 tu
3278 1510 3370 1578 qui
3420 1510 3627 1563 nullius

2040 1606 2273 1674 indiges,
2316 1603 2461 1658 Deus
2493 1621 2505 1657 :
2540 1611 2592 1658 et
2617 1603 2711 1656 tibi
2734 1601 3113 1672 complacitum
3146 1602 3217 1656 sit
3246 1601 3300 1654 in
3330 1601 3408 1653 eis
3429 1599 3495 1653 ad
3526 1601 3629 1653 ho-

2042 1711 2230 1750 norem
2246 1695 2452 1750 Christi
2485 1696 2583 1758 tui,
2607 1703 2660 1748 et
2684 1695 2899 1749 mittere
2926 1693 3170 1762 digneris
3191 1701 3440 1747 sanctum
3476 1702 3628 1745 tuum

2043 1783 2306 1853 Spiritum
2337 1798 2504 1852 super
2557 1782 2660 1838 hoc
2722 1783 3074 1844 sacrificium,
3141 1790 3335 1837 testem
3413 1781 3631 1852 passio-

349 1882 477 1935 στοῦ
506 1901 598 1935 σου
630 1884 722 1935 καὶ
750 1884 960 1935 καταπέ
971 1882 1133 1951 μψοις
1165 1884 1226 1936 τὸ
1258 1883 1413 1951 ἅγιόν
1448 1902 1543 1937 σου
1577 1883 1803 1952 Πνεῦμα
1838 1882 1929 1935 ἐπὶ

2056 1891 2163 1930 tum
2222 1874 2432 1928 Domini
2457 1872 2610 1937 Jesu,
2672 1883 2732 1927 ut
2760 1872 2955 1928 eﬂiciat
2986 1888 3180 1943 panem
3234 1874 3378 1928 hunc
3419 1888 3620 1942 corpus

346 1973 446 2041 τὴν
489 1973 680 2025 θυσίαν
718 1973 943 2041 ταύτην,
975 1973 1064 2025 τὸν
1106 1973 1361 2043 μάρτυρα
1392 1974 1469 2042 τῷ
1500 1973 1789 2044 παθήματι
1829 1971 1924 2025 τοῦ

2036 1964 2237 2022 Christi
2260 1964 2335 2018 tui
2357 1983 2371 2019 :
2391 1974 2443 2019 et
2461 1965 2685 2019 calicem
2715 1965 2859 2019 hunc
2880 1965 3198 2033 sanguinem
3227 1964 3431 2019 Christi
3491 1964 3623 2019 lui.»

349 2067 555 2134 Κυρίου
588 2065 784 2136 Ἰησοῦ,
831 2066 979 2127 ὅπως
1030 2066 1296 2134 ἀποφήνοι
1331 2067 1421 2119 τὸν
1467 2066 1631 2137 ἄρτον
1675 2062 1866 2119 τοῦτον
1900 2063 2060 2131 σῶμα
2094 2057 2188 2111 τοῦ
2225 2056 2464 2127 Χριστοῦ
2503 2073 2617 2123 σου,
2659 2056 2750 2109 καὶ
2781 2055 2841 2108 τὸ
2875 2056 3137 2125 ποτήριον
3170 2054 3330 2109 τοῦτο
3361 2050 3504 2124 αἷμα
3534 2052 3631 2108 τοῦ

351 2154 589 2220 Χριστοῦ
634 2173 727 2207 σου
756 2195 769 2209 .
801 2173 818 2207 ι

424 2247 609 2302 Ταῦτα
629 2248 723 2316 μὲν
740 2248 788 2298 οἱ
810 2248 941 2300 θεῖοι
958 2247 1339 2301 ἀπίστολοιδιᾶι
1363 2249 1460 2317 τῆς
1492 2246 1818 2317 συγγραφῆς
1846 2262 1939 2299 του

358 2338 626 2409 μακαρίου
649 2338 958 2407 Κλήμεντος
980 2341 1045 2409 τῇ
1073 2339 1371 2409 Ἐκκλησία
1396 2339 1862 2407 παραδεδώκασιν.
1881 2336 1942 2391 Ὀ

355 2430 411 2482 δέ
430 2446 488 2494 γε
507 2430 644 2491 θεῖος
658 2428 913 2491 Ἰάκωϐος
929 2434 953 2481 ὁ
969 2431 1065 2498 τῆς
1079 2431 1343 2501 Ἰεροσολύ
1354 2448 1469 2499 μων
1496 2431 1707 2498 πρῶτος
1723 2430 1944 2481 ἐπίσκο-

356 2537 457 2581 πος
486 2518 696 2572 καὶτοῦ
729 2522 942 2588 πρώτου
975 2520 1068 2572 καί
1110 2520 1344 2589 μεγάλου
1390 2520 1690 2590 ἀρχιερέως
1720 2519 1946 2587 ἀδελφὸς

359 2609 494 2677 ὁμοῦ
517 2609 879 2679 καὶδιάὸοχος,
905 2610 999 2662 καὶ
1017 2610 1176 2675 αὐτὸς
1194 2611 1292 2678 τὴν
1313 2611 1578 2680 μυστικὴν
1602 2611 1947 2678 ἐκτιθέμενος

362 2699 723 2769 λειτουργίαν,
741 2703 800 2751 ὲν
820 2701 892 2768 τῷ
916 2701 1062 2770 αὐτῷ
1085 2702 1238 2771 μέρει
1268 2702 1404 2772 μετά
1420 2702 1479 2754 τὸ
1495 2701 1860 2771 διηγήσασθαι
1878 2700 1949 2752 τὰ

366 2792 675 2844 Δεσποτικά
698 2794 919 2860 ῥήματα
946 2794 1121 2847 τοιάδε
1156 2794 1356 2862 γράφει
1376 2811 1390 2827 ο
1417 2813 1435 2845 ι
1472 2793 1826 2863 Μεμνημένοι
1856 2786 1950 2845 οῦν

368 2884 464 2935 καὶ
492 2884 650 2951 ἡμεῖς
686 2885 735 2935 οί
763 2883 1083 2955 ἁμαρτωλοὶ
1126 2885 1233 2937 τῶν
1262 2884 1546 2948 ζωοποιῶν
1575 2885 1739 2937 αὑτοῦ
1776 2882 1953 2953 παθη-

372 2974 579 3043 μάτων,
618 2972 712 3029 τοῦ
740 2976 1010 3042 σωτηρίου
1043 2976 1302 3045 σταυροῦ,
1332 2978 1425 3028 καὶ
1450 2976 1545 3029 τοῦ
1571 2977 1828 3038 θανάτου,
1856 2973 1951 3027 καὶ

368 3067 468 3134 τῆς
497 3065 694 3134 ταφῆς,
727 3067 820 3118 καὶ
860 3066 958 3133 τῆς
992 3068 1293 3135 τριημέρου
1340 3068 1403 3119 ὲκ
1453 3067 1663 3138 νεκρῶν
1714 3067 1952 3120 ἀναστά-

2114 2237 2237 2295 llaec
2265 2240 2481 2309 quidem
2528 2238 2639 2293 divi
2686 2237 2923 2305 apostoli
2981 2254 3075 2305 per
3111 2236 3258 2292 beati
3322 2223 3623 2293 Clementis

2044 2333 2400 2400 scriptionem
2431 2329 2685 2384 Ecclesia:
2722 2329 3093 2387 tradiderunt.
3120 2328 3284 2384 Divus
3313 2345 3443 2383 vero
3474 2328 3636 2384 Jaco-

2044 2423 2675 2491 busliierosolymorum
2706 2422 2917 2491 primus
2973 2421 3282 2489 episcopus,
3341 2435 3407 2474 ac
3470 2422 3635 2490 primi

2045 2515 2335 2585 magnique
2368 2515 2638 2583 pontiﬁcis
2672 2514 2840 2568 frater
2871 2512 3033 2566 simul
3057 2521 3109 2566 et
3138 2525 3449 2578 successor,
3516 2510 3635 2581 ip'se

2045 2622 2265 2676 quoque
2323 2607 2610 2676 mysticam
2655 2620 2934 2675 exponens
2978 2604 3279 2675 Liturgiam
3343 2604 3396 2658 in
3446 2604 3635 2658 eadem

2048 2708 2223 2765 parte,
2254 2706 2374 2766 post
2404 2698 2784 2771 recitationem
2848 2696 3263 2751 Dominicorum
3321 2696 3635 2757 verborum,

2050 2790 2165 2844 haec
2200 2791 2389 2844 scribit
2422 2807 2438 2844 :
2482 2808 2500 2840 ι
2534 2789 2804 2844 Memores
2860 2790 3026 2856 igitur
3072 2796 3126 2841 et
3187 2802 3287 2840 nos
3317 2798 3637 2861 peccatores

2055 2883 2376 2952 passionum
2449 2882 2568 2951 ejus
2619 2880 2982 2944 viviﬁcarum,
3036 2879 3219 2934 crucis
3268 2878 3524 2933 salutaris
3578 2891 3641 2932 ac

2056 2978 2270 3042 mortis,
2327 2976 2560 3046 sepulcri
2599 2991 2663 3029 ac
2722 2973 3142 3030 resurrectionis
3172 2988 3200 3027 a
3232 2972 3462 3027 mortuis
3484 2972 3641 3026 tertio

2058 3069 2166 3130 die,
2194 3068 2531 3124 ascmsionis
2589 3068 2642 3120 in
2681 3067 2870 3129 melos,
2921 3074 2974 3119 ct
3013 3065 3344 3119 assessionis
3406 3063 3525 3132 ejus
3570 3063 3642 3117 ad

371 3175 532 3222 σεως,
561 3158 653 3210 καὶ
681 3157 778 3225 τῆς
803 3156 889 3218 ἐίς
911 3158 1174 3226 οὐρανοὺς
1196 3158 1407 3220 ἀνόδου,
1433 3160 1526 3211 καὶ
1550 3160 1649 3227 τῆς
1677 3163 1741 3211 ὲκ
1767 3158 1953 3223 δεξιῶν

2061 3160 2339 3214 dexteram
2368 3168 2511 3214 tuam
2553 3158 2643 3212 Dei
2675 3167 2730 3213 et
2760 3157 2959 3221 Patris,
3000 3167 3054 3211 et
3084 3158 3304 3211 secundi
3331 3155 3554 3227 gloriosi
3589 3163 3642 3209 et

373 3267 471 3304 σου
503 3247 596 3301 τοῦ
625 3248 761 3301 Θεοῦ
786 3246 880 3301 καὶ
904 3247 1116 3316 [ἰατρὸς
1149 3246 1439 3318 καθέδρας,
1456 3250 1547 3301 καί
1571 3248 1671 3317 τῆς
1694 3249 1951 3316 δευτέρας

373 3341 585 3406 ινδόξου
629 3340 721 3392 καὶ
777 3338 1016 3409 φοϐερᾶς
1059 3339 1224 3392 αὑτοῦ
1271 3339 1606 3409 παρουσίας,
1647 3341 1775 3393 ὅταν
1826 3339 1955 3412 ἔλθῃ

298 3454 301 3456 ·
379 3431 521 3503 μετά
563 3430 723 3498 δόξης
758 3432 940 3497 κρῖναι
977 3427 1185 3491 ζῶντας
1216 3428 1308 3479 καὶ
1338 3428 1589 3495 νεκροὺς,
1622 3426 1747 3478 ὅταν
1785 3424 1956 3495 μέλλῃ

378 3520 690 3576 ἀποδιδόναι
742 3519 958 3586 ἑκάστῳ
1010 3520 1153 3571 κατά
1183 3517 1252 3568 τα
1294 3517 1430 3585 ἔργα
1473 3515 1662 3576 αὐτοῦ,
1715 3514 1956 3584 προσφέ-

385 3616 550 3684 ρομέν
584 3630 687 3675 σοι,
724 3612 994 3674 Δέσποτα,
1026 3610 1126 3695 τὴν
1154 3609 1390 3679 φοϐερὰν
1424 3607 1630 3676 ταύτην
1661 3608 1754 3659 καὶ
1803 3606 1956 3660 ἀναί-

385 3716 590 3769 μακτον
633 3698 846 3751 θυσίαν.
876 3716 895 3749 ›
932 3699 1039 3750 Καὶ
1070 3696 1188 3766 μετ’
1218 3697 1374 3763 ὀλίγα
1399 3712 1414 3728 ο
1457 3715 1475 3747 ι
1506 3697 1758 3766 Ἐλέησον
1788 3697 1953 3765 ἡμᾶς,

382 3794 411 3846 ὁ
437 3791 589 3854 Θεὸς,
620 3790 844 3844 κατὰτὸ
881 3790 1024 3859 μέγα
1076 3790 1221 3853 ἔλεός
1271 3806 1387 3851 σου,
1437 3791 1532 3842 καὶ
1579 3789 1959 3853 ὲξαπόστειλον

383 3884 471 3953 ἐφ’
505 3884 655 3951 ἡμᾶς
708 3883 801 3935 καὶ
845 3884 938 3935 ἐπὶ
974 3883 1042 3934 τὰ
1078 3882 1413 3951 προκείμενα
1453 3880 1582 3948 ἆγια
1611 3880 1760 3951 δῶρα
1784 3881 1958 3933 ταῦτα

385 3976 445 4031 τὸ
503 3976 729 4042 Πνεῦμά
789 3992 885 4027 σου
934 3974 995 4026 τὺ
1047 3974 1328 4039 πανάγιον,
1368 3974 1426 4025 τὸ
1456 3972 1642 4039 κύριον
1691 3972 1788 4025 καὶ
1827 3971 1960 4035 ζωο-

387 4069 562 4134 ποιὺν,
596 4069 657 4119 τὸ
686 4064 977 4136 σύνθρονόν
1012 4082 1091 4116 σοι
1121 4064 1198 4132 τῷ
1228 4063 1345 4132 Θεῷ
1392 4065 1479 4117 καὶ
1529 4064 1705 4132 Πατρὶ
1746 4063 1840 4116 καὶ
1883 4061 1959 4133 τῷ

395 4160 673 4231 μονογενεϊ
698 4175 788 4211 σου
818 4156 953 4225 Υίῷ,
988 4156 1047 4207 τὸ
1076 4154 1489 4224 συμϐασιλεῦον,
1518 4154 1579 4206 τὸ
1600 4152 1885 4222 ὁμοούσιόν
1902 4169 1961 4204 τε

390 4251 484 4305 καὶ
513 4248 799 4313 συναϊδιον,
826 4248 887 4300 τὸ
934 4247 1175 4315 λαλῆσαν
1226 4249 1284 4297 ὲν
1323 4246 1471 4314 νόμῳ
1513 4245 1607 4297 καὶ
1635 4246 1959 4315 προφήταις,

390 4340 486 4393 καὶ
516 4339 769 4407 τῇκαινῇ
790 4353 883 4388 σου
916 4335 1181 4405 Διαθήκῃ,
1217 4336 1278 4386 τὸ
1305 4334 1547 4387 καταϐὰν
1577 4335 1634 4385 ὲν
1655 4333 1784 4385 εῖδει
1805 4348 1962 4402 περι-

394 4431 590 4498 στερᾶς
624 4428 717 4481 ἐπὶ
741 4428 829 4480 τὸν
863 4425 1064 4494 Κύριον
1100 4425 1256 4495 ἡμῶν
1291 4425 1500 4494 Ἰησοῦν
1540 4425 1776 4494 Χριστὸν
1807 4425 1865 4475 ὲν
1886 4423 1963 4493 τῷ
2000 4453 2004 4455 -

2066 3247 2333 3303 tremendi
2363 3247 2481 3315 ejus
2504 3249 2793 3310 adventus,
2860 3262 2985 3300 cum
3045 3248 3228 3301 veniet
3291 3262 3415 3301 cum
3470 3247 3649 3318 gloria.

2059 3338 2123 3391 ad
2156 3338 2515 3407 judicandum
2549 3337 2699 3392 vivos
2727 3345 2782 3390 et
2813 3345 3083 3404 mortuos,
3146 3353 3270 3391 cum
3301 3339 3488 3393 reddet
3522 3339 3642 3392 uni-

2050 3430 2257 3499 ‘cuique
2287 3428 2591 3483 secundum
2617 3443 2784 3498 opera
2813 3429 2956 3497 ejus,
2979 3428 3261 3484 oﬂ‘erimus
3308 3429 3426 3491 tibi,
3465 3429 3641 3483 Domi-

2059 3536 2152 3584 ne,
2179 3521 2279 3574 hoc
2309 3519 2641 3575 sacriﬁcium
2671 3521 2969 3574 verendum
3006 3520 3452 3575 etincruentnm.
3489 3539 3508 3570 ι
3577 3521 3642 3576 Ει

2060 3622 2182 3682 post
2217 3626 2387 3681 pauca
2450 3628 2464 3665 :
2537 3630 2555 3663 ι
2587 3611 2844 3666 Miserere
2912 3612 3107 3677 nostri,
3150 3613 3314 3674 Deus,
3346 3614 3643 3667 secundum

2060 3718 2310 3770 magnam
2339 3703 2772 3758 misericordiam
2796 3713 2967 3764 tuam,
2998 3713 3051 3757 et
3083 3704 3305 3757 demitte
3329 3720 3494 3772 super
3523 3719 3643 3770 nos,

2060 3802 2114 3847 et
2145 3809 2308 3862 super
2332 3795 2448 3850 lucc
2478 3805 2664 3850 sancta
2689 3797 2829 3849 dona
2865 3796 3148 3865 proposita
3182 3795 3445 3863 Spiritum
3489 3804 3643 3850 tuum

2061 3885 2465 3939 sanctissimum
2522 3886 2814 3939 Dominum
2865 3887 3155 3949 vivilicum,
3195 3902 3299 3940 una
3325 3894 3501 3942 tecum
3537 3886 3644 3941 Deo

2061 3975 2222 4030 Patre
2255 3987 2308 4030 et
2338 3979 2616 4046 unigenito
2647 3977 2788 4032 Filio
2824 3988 2916 4032 tuo
2950 3979 3305 4042 assidentem,
3356 3979 3523 4033 simul
3552 3995 3643 4034 re-

2064 4083 2340 4143 gnantem,
2422 4073 2959 4128 consubstantialem
3022 4083 3077 4127 et
3137 4083 3490 4137 comtcruum,
3550 4073 3643 4143 qui

2063 4164 2273 4218 locutus
2307 4165 2472 4218 estin
2508 4164 2621 4235 lege
2669 4172 2723 4219 et
2781 4164 3059 4233 prophetis
3112 4174 3216 4217 τοι
3270 4164 3319 4216 in
3365 4179 3506 4218 novo
3554 4173 3646 4218 tuo

2065 4249 2432 4319 Testamento,
2467 4254 2559 4321 qni
2580 4253 2864 4308 descendit
2891 4253 2943 4306 in
2978 4254 3160 4322 specie
3190 4253 3456 4307 columbae
3483 4268 3646 4320 super

2067 4342 2353 4396 Dominum
2406 4351 2651 4396 nostrum
2700 4342 2889 4397 Jesum
2961 4342 3239 4396 Christum
3309 4345 3359 4395 in
3411 4342 3647 4397 Jm'dane

2067 4433 2253 4498 ﬂuvio,
2288 4442 2340 4486 et
2366 4433 2561 4486 mansit
2582 4449 2747 4501 super
2790 4448 2911 4485 eum
2954 4437 3092 4501 :qni
3149 4432 3434 4486 descendit
3488 4450 3647 4501 super

405 4520 647 4592 Ἰορδάνῃ
676 4517 901 4587 ποταμῷ
936 4519 1029 4570 καὶ
1063 4519 1252 4584 μεῖναν
1287 4516 1372 4569 ἐπ’
1401 4516 1582 4580 αὑτὸν,
1626 4516 1686 4568 τὸ
1719 4516 1953 4567 καταϐὰν

2071 4534 2288 4580 sanctos
2324 4524 2600 4590 apostolos
2627 4532 2751 4579 tuos
2782 4526 2835 4576 in
2874 4525 3052 4593 specie
3106 4525 3386 4593 igncarum
3438 4526 3642 4595 lingua-

393 4613 485 4666 ιπὶ
519 4613 642 4673 τοὺς
685 4609 874 4677 ἁγίους
925 4626 1019 4660 σου
1067 4607 1398 4670 ἀποστόλους
1436 4608 1493 4659 ὲν
1537 4607 1667 4660 εἴδει
1726 4606 1966 4673 πυρίνων

393 4702 656 4772 γλωσσῶν
687 4701 747 4754 ὲν
776 4700 853 4769 τῷ
878 4700 1112 4769 ὑπερῴῳ
1142 4700 1237 4767 τῆς
1271 4699 1431 4765 ἁγίας
1458 4698 1553 4750 καὶ
1591 4697 1799 4761 ἐνδόξου
1832 4697 1970 4751 Σιὼν

396 4796 454 4847 ὲν
506 4796 571 4863 τῇ
622 4792 807 4863 ἡμέρᾳ
859 4791 957 4860 τῆς
1017 4790 1179 4859 ἁγίας
1229 4790 1651 4858 Πεντηκοστῆς·
1711 4790 1843 4843 αὐτὸ
1910 4791 1970 4841 τὸ

397 4885 623 4955 Πνεῦμα
648 4902 741 4936 σου
765 4883 824 4936 τὸ
856 4884 1121 4950 πανάγιον
1146 4880 1534 4950 κατάπεμψον,
1570 4882 1844 4943 Δέσποτα,
1885 4881 1971 4948 ἐφ’

396 4979 565 5046 ἡμᾶς,
596 4978 690 5030 καὶ
719 4976 809 5028 ἐπὶ
850 4975 919 5027 τὰ
953 4974 1290 5043 προκείμενα
1321 4973 1453 5038 ἅγια
1486 4972 1633 5041 δῶρα
1664 4972 1855 5036 ταῦτα,
1887 4972 1995 5024 ἴνα

398 5069 760 5136 ὲπιφοιτῆσαν
812 5070 876 5136 τῇ
923 5066 1056 5137 ἁγίᾳ
1099 5068 1194 5120 καὶ
1223 5064 1403 5135 ἀγαθῇ
1452 5065 1545 5117 καὶ
1580 5063 1773 5133 ἐνδόξῳ
1808 5062 1972 5115 αὑτοῦ

401 5158 694 5228 παρουσίᾳ,
728 5154 954 5225 ἁγιάσῃ.
990 5155 1082 5205 καὶ
1121 5154 1321 5223 ποιήσῃ
1370 5155 1461 5204 τὸν
1500 5152 1600 5221 μὲν
1655 5151 1820 5218 ἄρτον
1852 5151 1977 5203 τοῦθ

400 5267 493 5303 τον
541 5247 702 5316 σῶμα
733 5244 886 5313 ἅγιον
924 5242 1018 5298 τοῦ
1052 5243 1291 5309 Χριστοῦ
1325 5259 1440 5303 σου,
1472 5246 1562 5295 καὶ
1607 5244 1667 5294 τὸ
1715 5243 1976 5312 ποτήριον

402 5340 561 5393 τοῦτο
589 5333 726 5407 αἷμα
756 5335 935 5403 τίμιον
980 5333 1071 5386 τοῦ
1095 5334 1330 5401 Χριστοῦ
1370 5350 1482 5385 σου.
1524 5351 1542 5384 ι

475 5431 696 5491 Τούτοις
713 5425 1126 5486 ἀκολουθοῦντες
1150 5424 1242 5476 καὶ
1268 5422 1317 5474 oi
1343 5424 1481 5491 μετά
1506 5424 1673 5477 ταῦτα
1696 5426 1789 5493 τὴν
1808 5425 1978 5495 αὐτὴν

404 5518 742 5588 λειτουργίαν
784 5516 1155 5584 ὲπιτεμόντες,
1182 5516 1209 5567 ὃ
1243 5530 1299 5566 τε
1335 5514 1503 5580 μέγας
1551 5515 1847 5580 Βασίλειος,
1886 5517 1981 5569 καὶ

409 5611 526 5682 μετ’
554 5611 715 5664 αὐτὸν
733 5610 760 5662 ὁ
790 5609 1170 5678 Χρυσόστομος
1188 5607 1458 5675 Ἰωάννης,
1485 5608 1511 5657 ὁ
1548 5607 1644 5674 μὲν
1676 5611 1801 5676 περ).
1827 5609 1980 5660 τοῦτο

408 5702 466 5750 τὸ
489 5702 651 5769 μέρος
666 5700 974 5768 γενόμενος,
995 5699 1087 5750 καὶ
1102 5697 1262 5760 αὐτὸς
1279 5696 1628 5764 διηγούμενος
1648 5697 1744 5765 τὴν
1757 5697 1981 5767 πρώτην

410 5790 624 5858 ἐκείνην
649 5789 959 5859 ἱερουργίαν
983 5790 1085 5841 ύπό
1106 5788 1198 5848 τοῦ
1219 5787 1483 5840 Δεσπότου
1510 5786 1975 5858 παραδεδομένην,

2072 4631 2216 4678 rum,
2268 4615 2321 4668 in
2374 4614 2658 4669 caenaculo
2690 4623 2894 4668 sanctae
2921 4624 2975 4667 et
3011 4613 3265 4682 gloriosae
3296 4614 3448 4676 Sion,
3482 4616 3534 4667 in
3564 4616 3647 4670 die

2073 4717 2272 4762 sancta!
2303 4706 2654 4761 Pentecostes
2683 4722 2697 4760 :
2731 4706 2907 4775 ipsum
2943 4705 3208 4774 Spiritum
3240 4714 3389 4758 tuum
3419 4706 3647 4760 sanctis-

2074 4780 2271 4851 simum
2300 4796 2523 4851 demitte
2558 4811 2703 4849 nunc
2734 4811 2967 4864 quoque,
2995 4793 3241 4858 Domine,
3274 4795 3327 4848 in
3356 4810 3477 4859 nos,
3509 4804 3563 4848 et
3592 4795 3647 4848 in

2075 4890 2188 4943 haec
2220 4891 2358 4943 dona
2414 4897 2603 4942 sancta
2636 4889 2935 4956 proposita,
2973 4899 3029 4940 ut
3063 4888 3486 4954 superveniens,
3525 4901 3646 4940 san-

2076 4990 2160 5033 cta
2213 4988 2267 5033 et
2296 4979 2435 5033 bona
2471 4988 2526 5033 et
2575 4979 2810 5047 gloriosa
2869 4990 2958 5032 tua
3013 4976 3297 5046 praesentia
3351 4978 3647 5032 sam-liticet

2076 5079 2129 5125 et
2190 5070 2385 5123 clliciat
2435 5070 2580 5123 hunc
2640 5084 2831 5137 panem
2892 5083 3091 5137 corpus
3159 5077 3407 5121 sanctum
3446 5065 3649 5121 Christi

2079 5158 2179 5223 tui,
2214 5166 2268 5213 et
2311 5158 2533 5212 calicem
2566 5156 2710 5211 hunc
2774 5158 3068 5228 pretiosum
3119 5158 3442 5227 sanguinem
3495 5156 3649 5211 Chri-

2081 5249 2147 5303 sti
2185 5250 2284 5303 lui.
2314 5268 2331 5300 ι

2154 5428 2246 5483 His
2299 5436 2695 5496 consequentes
2744 5428 2908 5497 ctqui
2944 5436 3129 5497 postea
3157 5428 3652 5497 Liturgiamipsam

2082 5520 2439 5574 conetsiorem
2491 5518 2799 5585 ediderunt,
2857 5528 2970 5572 tum
3003 5536 3233 5589 magnus
3279 5522 3365 5573 ille
3394 5519 3651 5582 Basilius,

2085 5620 2194 5664 tum
2220 5622 2338 5680 post
2362 5626 2484 5665 eum
2516 5609 2756 5664 Joannes
2787 5610 3220 5681 Cbrysnstomus
3264 5629 3280 5667 :
3316 5612 3401 5664 ille
3427 5610 3650 5679 quidem

2084 5703 2148 5755 ad
2181 5704 2317 5755 hanc
2346 5707 2549 5770 partem
2574 5716 2696 5754 cum
2717 5701 2966 5765 accessit,
2996 5701 3109 5768 ipse
3134 5718 3373 5770 quoque,
3414 5699 3651 5755 recitans

2088 5793 2313 5860 primum
2347 5793 2488 5846 illam
2522 5793 2980 5848 consecrationem
3011 5808 3039 5848 a
3087 5793 3314 5847 Domino
3363 5791 3647 5855 traditam.
